4074 6408
424 412 566 469 una
1103 411 1371 467 EUSEDII
1410 374 1888 469 CESARIENSIS
1927 412 2000 470 or

2128 411 2325 466 PARS.
2370 408 2458 466 Ill.
2497 441 2569 451 -—-
2609 409 3013 467 EXEGETICA.
3511 414 3653 468 ΗΞο

423 531 504 586 vel
530 543 656 584 sero
691 527 1124 584 tandem'mittas
1164 529 1321 583 nobis
1367 544 1514 592 cum,
1541 530 1633 598 qui
1666 537 1720 585 et
1749 545 1780 584 a
1815 537 1989 586 morte

2100 527 2247 599 θῆναι
2270 528 2368 598 τὴν
2399 527 2568 598 ὀργήν
2608 542 2723 590 σου,
2759 526 3058 597 μνησθῆναι
3084 525 3138 578 δὲ
3170 525 3249 590 τίς
3288 544 3387 597 μου
3431 527 3577 581 ἐστὶν
3617 530 3652 599 ἡ

421 629 666 685 eruatur,
699 627 753 675 et
775 621 842 674 ab
875 619 1088 674 inferno
1118 627 1400 675 revocetur
1423 621 1532 691 (l);
1561 628 1693 674 etut
1722 621 1881 675 ﬁnem
1909 621 1986 674 fa-

2100 621 2406 684 ύπόστασις,
2429 619 2522 672 τοῦ
2555 618 2726 671 ταῦτα
2753 620 2890 690 ὑπὲρ
2908 619 3086 673 αὐτῶν
3118 618 3527 689 πρεσϐεύοντος,
3557 621 3654 673 καὶ

423 715 537 767 cias
560 724 611 767 te
633 728 662 765 a
685 713 842 767 nobis
869 711 1167 776 avertendi,
1199 712 1441 782 iramque
1470 721 1615 765 tuam
1641 713 1816 776 sedes,
1847 714 1987 783 ignis

2100 714 2175 776 τίς
2201 714 2234 782 ἡ
2265 711 2371 764 τῶν
2400 709 2698 781 ἀνθρώπων
2720 710 2988 773 ἀσθένεια,
3009 710 3117 764 τῶν
3145 709 3340 782 θνητὴν
3369 709 3528 781 φύσιν
3557 713 3654 766 καὶ¹

423 805 594 857 instar
624 804 822 872 pOpulo
854 811 947 856 tuo
980 803 1341 872 ingruentem,
1373 818 1436 856 ac
1461 818 1581 872 qua:
1615 803 1832 873 juratus
1861 819 1988 874 pro-

2100 802 2308 873 θανάτῳ
2339 801 2734 872 δεδουλωμένην
2777 801 3063 872 εἰληχότων
3083 819 3097 832 ·
3134 803 3435 874 μνησθῆναι
3459 803 3516 857 δὲ
3556 805 3654 858 καὶ

422 896 591 949 missa
619 895 805 949 Davidi
831 895 1051 958 dedisti,
1083 896 1336 964 operibus
1369 897 1634 965 perﬁcias.

2100 894 2294 946 σαυτοῦ
2325 895 2400 964 μὴ
2427 894 2518 946 ἐπὶ
2555 893 2766 964 ματαίῳ
2791 893 3072 955 κτίσαντος
3097 895 3220 957 τοὺς
3245 895 3393 958 υἱοὺς
3415 895 3525 948 τῶν
3556 897 3650 949 ἀν-

422 984 677 1056 Θρώπων,
724 985 837 1040 ἀλλ’
881 985 974 1040 ἐπὶ
1019 987 1279 1057 μεγάλαις
1319 987 1496 1041 ἐλπίσι
1541 991 1659 1052 ταῖς
1730 986 1881 1058 παρά
1931 986 2034 1040 σοί.
2092 987 2201 1040 Καὶ
2243 985 2445 1038 τούτων
2491 985 2570 1047 είς
2620 985 2837 1054 μνήμην
2890 982 3146 1036 ἐλθόντων
3198 983 3506 1056 ἱκετεύομεν
3549 987 3652 1056 ἤδη

424 1077 554 1131 ποτὲ
576 1077 668 1129 τὸν
711 1077 804 1129 καὶ
850 1079 914 1129 ἐκ
968 1076 1197 1130 θανάτου
1236 1076 1516 1148 ῥυόμενον,
1565 1079 1660 1132 καὶ
1707 1077 1768 1142 ἐξ
1808 1077 1934 1148 ᾅδου
1979 1077 2414 1145 ἀνακαλούμενον
2458 1073 2810 1144 καταπέμψαι
2851 1075 2981 1144 ἡμῖν
3004 1112 3019 1136 ,
3068 1073 3160 1127 καὶ
3198 1073 3508 1128 παύσασθαι
3553 1077 3651 1146 μὲν

423 1168 834 1240 ἀποστρέφοντα
874 1169 1064 1221 ἐαυτὸν
1107 1167 1167 1232 ἐξ
1193 1170 1372 1240 ἡμῶν,
1421 1171 1769 1226 καταπαῦσαι
1799 1170 1859 1222 δέ
1897 1168 1991 1221 καὶ
2017 1170 2113 1239 τὴν
2137 1168 2308 1239 πυρὸς
2348 1167 2499 1238 δίκην
2525 1166 2853 1220 ἐπελθοῦσαν
2905 1168 2998 1220 ἐπὶ
3054 1167 3142 1220 τὸν
3168 1166 3294 1220 λαόν
3317 1183 3410 1220 σου
3457 1166 3640 1239 ὀργὴν,

425 1264 606 1334 ἔργοις
629 1263 686 1314 δὲ
719 1262 1020 1314 ἐπιτελέσαι
1053 1261 1118 1326 ἃς
1158 1262 1377 1334 ὤμοσας
1410 1265 1545 1337 πρὸς
1571 1265 1731 1319 Δαυῖδ
1763 1263 2110 1334 ἐπαγγελίας.

500 1353 666 1408 Vens.
695 1353 785 1408 50.
822 1352 920 1407 Ubi
938 1363 1060 1406 sunt
1087 1355 1459 1410 misericordia:
1481 1367 1584 1410 tua:
1603 1360 1852 1427 antiquae,
1885 1356 1994 1410 Do-

429 1447 588 1509 mine,
623 1459 754 1514 quas
771 1444 972 1512 jurain
1006 1444 1176 1498 David
1207 1447 1260 1499 in
1290 1449 1504 1500 veritate
1526 1459 1617 1501 tua
1640 1451 1666 1504 γ
1699 1447 1838 1513 Quia
1883 1463 1992 1502 non

431 1537 487 1590 in
510 1550 731 1598 vanum,
765 1535 961 1604 inquit,
987 1535 1187 1590 creasti
1215 1550 1407 1590 omnes
1442 1537 1582 1591 ﬁlios
1615 1536 1915 1600 hominum,
1939 1543 1994 1590 et

431 1627 573 1698 apud
608 1637 660 1682 te
680 1625 758 1680 illi
786 1626 840 1679 in
867 1625 1075 1680 honore
1109 1627 1394 1695 habentur,
1417 1642 1592 1697 neque
1617 1643 1740 1683 sese
1765 1634 1995 1698 possunt

432 1734 462 1773 a
489 1725 663 1772 morte
699 1731 930 1778 eruere;
976 1716 1099 1770 ideo
1121 1732 1325 1786 precor
1351 1725 1406 1772 et
1436 1720 1685 1790 supplico
1728 1726 1786 1774 ut
1815 1726 1994 1774 matu-

430 1822 518 1862 res
549 1806 814 1861 bonarum
847 1805 1268 1876 promissionum
1314 1810 1709 1880 complementa
1736 1809 1993 1865 exhibere

431 1895 608 1959 nobis,
645 1911 765 1965 qua:
816 1909 846 1948 a
888 1893 1108 1951 Christo
1149 1903 1265 1961 tuo,
1303 1906 1427 1966 post
1469 1897 1742 1952 sublatum
1773 1896 1993 1952 Davidis

428 2002 676 2056 regnum,
729 1983 1060 2041 conferenda
1115 1994 1264 2042 sunt.
1311 1985 1592 2042 Festiuare
1640 1996 1820 2050 autem
1861 2003 1993 2058 rogo

430 2087 720 2148 antequam
751 2077 1055 2132 .homlnum
1097 2093 1271 2151 genus
1311 2078 1554 2134 funditus
1596 2088 1799 2150 pereat.
1860 2078 1993 2144 Quis

429 2168 887 2223 cnimiominum
921 2176 1102 2239 potest
1153 2185 1213 2225 se
1259 2171 1327 2225 de
1367 2185 1528 2225 manu
1577 2170 1738 2226 inferi
1766 2186 1990 2238 eruere;

434 2260 536 2314 nisi
561 2275 709 2314 unus
737 2261 828 2315 ille
854 2263 947 2330 qui
987 2262 1164 2335 primo
1196 2263 1458 2332 seipsum,
1488 2261 1684 2318 deinde
1719 2279 1908 2318 omnes
1937 2264 1991 2316 in

429 2366 491 2406 se
527 2359 836 2422 sperantes,
881 2366 912 2405 a
945 2354 1118 2423 portis
1149 2357 1340 2410 mortis
1377 2355 1663 2410 liberavit?
1689 2356 1740 2410 ls
1779 2355 1992 2410 etiamsi

430 2459 492 2497 ea
518 2458 783 2513 passurus
803 2443 873 2499 sit
898 2459 1020 2514 qua:
1055 2445 1109 2499 in
1150 2447 1433 2517 prophetia
1471 2447 1721 2502 feruntur
1761 2446 1846 2504 his
1873 2463 1993 2502 ver-

432 2536 515 2590 bis
559 2553 574 2591 :
620 2534 774 2590 Nunc
812 2546 990 2592 autem
1025 2539 1267 2608 repulisti
1308 2550 1357 2593 et
1407 2538 1722 2609 despexisti,
1757 2538 1995 2608 abjeeisti

431 2629 702 2683 Christum
732 2639 916 2694 tuum;
945 2637 1182 2686 attamen
1207 2639 1300 2686 tua
1326 2631 1392 2686 ad
1423 2630 1677 2686 Davidem
1707 2628 1848 2684 facta
1873 2645 1996 2700 pro-

437 2716 606 2771 missa
631 2726 1015 2789 consequetur.
1034 2717 1169 2778 Nam
1188 2720 1575 2776 misericordia:
1598 2729 1722 2788 tuae,
1747 2719 1992 2782 Domine.

432 2817 486 2863 et
521 2812 720 2868 veritas
745 2819 837 2866 tua
872 2811 925 2866 in
967 2814 1224 2867 sateulum
1261 2825 1498 2882 manent,
1530 2830 1591 2870 ac
1620 2830 1689 2868 ne
1718 2814 1797 2870 vel
1829 2829 1994 2868 unum

436 2900 860 2968 promissionum
884 2910 1100 2958 tuarum
1133 2906 1356 2958 verbum
1378 2905 1611 2960 excidet.
1640 2904 1789 2959 Licet
1814 2912 1992 2959 autem

433 3007 579 3045 nunc
603 2992 840 3048 tristium
868 2993 1092 3048 illorum
1104 3009 1223 3063 qua:
1247 3003 1502 3049 eventura
1531 3004 1658 3050 sunt
1681 2997 1994 3050 memoriam

2161 1350 2286 1406 Ποῦ
2305 1351 2435 1404 ἐστι
2463 1349 2535 1403 τὰ
2555 1349 2696 1418 ἐλέη
2723 1365 2838 1404 σου
2865 1348 2937 1403 τὰ
2960 1349 3192 1419 ἀρχαῖα,
3216 1350 3411 1417 Κύριε,
3435 1348 3474 1402 d
3504 1349 3652 1420 ὤμο-

2092 1458 2209 1508 σας
2237 1440 2316 1507 τῷ
2351 1440 2530 1494 Δαυῖδ
2560 1441 2630 1493 ἐν
2665 1439 2739 1508 τῇ
2783 1440 3031 1508 ἀληθείᾳ
3077 1455 3229 1504 σου;
3262 1441 3382 1494 Ὅτι
3423 1441 3498 1513 μὴ
3549 1459 3654 1512 μα-

2093 1535 2278 1596 ταίως,
2317 1532 2502 1604 φησὶν,
2548 1531 2768 1594 ἔκτισας
2813 1531 3016 1594 πάντας
3056 1531 3182 1594 τοὺς
3221 1531 3369 1594 υἱοὺς
3407 1530 3516 1586 τῶν
3559 1533 3653 1585 ἀν-

2093 1622 2349 1695 θρώπων,
2380 1621 2697 1692 τετίμηνται
2725 1620 2782 1672 δὲ
2816 1621 2964 1690 παρά
2993 1620 3094 1684 σοὶ,
3129 1620 3226 1690 οὺχ
3252 1619 3354 1672 οἷοί
3396 1637 3457 1673 τε
3493 1619 3550 1674 δέ
3575 1622 3654 1673 εί-

2096 1731 2179 1768 σιν
2234 1714 2457 1776 ἑαυτοὺς
2512 1710 2774 1783 ῥύσασθαι
2825 1712 2891 1764 ἐκ
2947 1710 3206 1763 θανάτουο
3253 1709 3442 1763 τούτου
3492 1711 3654 1782 χάριν

2091 1803 2280 1874 δέομαι
2328 1801 2421 1854 καὶ
2457 1799 2718 1858 ἀντιϐολῶ
2761 1798 2992 1852 σπεῦσαι
3029 1797 3122 1852 καὶ
3161 1797 3269 1851 τῶν
3313 1797 3656 1867 ἐπαγγελιῶν

2096 1911 2188 1946 σου
2210 1893 2317 1946 τῶν
2351 1892 2570 1962 ἀγαθῶν
2598 1893 2767 1956 δεῖξαι
2793 1896 2925 1964 ἡμῖν
2962 1892 3030 1946 τά
3058 1891 3492 1963 ἀποτελέσματα,
3525 1909 3648 1945 συν-

2093 1985 2373 2055 ενεχθέντα
2387 1985 2526 2038 κατά
2541 1984 2632 2038 τοῦ
2663 1983 2896 2056 Χριστοῦ
2921 1984 2996 2055 (2)
3021 2001 3114 2037 σου
3138 1984 3231 2036 καὶ
3262 1982 3398 2053 μετά
3425 1983 3526 2054 τὴν
3553 1983 3655 2053 τῆς

2095 2076 2369 2147 βασιλείας
2390 2077 2482 2130 τοῦ
2517 2076 2679 2130 Δαυῒδ
2711 2076 3045 2147 καθαίρεσιν.
3079 2075 3277 2145 Δέομαι
3313 2073 3369 2126 δὲ
3396 2074 3655 2144 ἐπιταχῦ-

2093 2185 2178 2222 ναι
2232 2169 2360 2238 πρὶν
2405 2169 2753 2222 κατάπτωσιν
2807 2167 3041 2237 παντελῆ
3086 2165 3147 2219 τὸ
3196 2164 3304 2218 τῶν
3349 2163 3655 2235 ἀνθρώπων

2093 2259 2391 2329 ὑποστῆναι
2431 2260 2604 2328 γένος.
2645 2260 2742 2322 Τίς
2781 2261 2888 2328 γάρ
2925 2260 3071 2311 ἐστιν
3105 2255 3403 2328 ἀνθρώπων
3441 2259 3469 2310 ὁ
3499 2256 3655 2309 δυνά-

2097 2367 2253 2422 μενος
2290 2351 2452 2414 αὐτὸς
2487 2351 2674 2406 ἑαυτὸν
2699 2354 2763 2404 ἐκ
2793 2351 2974 2421 χειρὸς
3000 2349 3124 2420 ᾂδου
3165 2346 3448 2420 ῥύσασθαι,
3495 2349 3546 2400 εἰ
3580 2349 3654 2418 μὴ

2093 2436 2172 2504 εἷς
2219 2443 2374 2511 μόνος
2401 2443 2428 2495 ὁ
2469 2440 2684 2513 πρῶτος
2718 2443 2814 2512 μὲν
2850 2442 3010 2504 αὐτὸς
3052 2440 3262 2506 ἑαυτὸν,
3311 2437 3428 2493 εἶτα
3460 2439 3518 2493 δὲ
3561 2442 3654 2494 καὶ

2094 2534 2301 2598 πάντας
2340 2535 2466 2598 τοὺς
2508 2537 2588 2598 είς
2629 2535 2790 2587 αὑτὸν
2832 2533 3254 2595 πεπιστευκότας
3301 2534 3365 2586 ἐκ
3408 2533 3515 2586 τῶν
3561 2532 3656 2586 τοῦ

2095 2627 2326 2681 θανάτου
2359 2627 2540 2681 πυλῶν
2570 2626 2900 2698 ρυσόιμενοςς
2932 2625 2993 2678 Εἰ
3024 2625 3118 2677 καὶ⁵
3146 2621 3369 2678 τοιαῦτα
3391 2610 3654 2686 πείσεται,

2094 2718 2182 2775 οἷα
2195 2722 2432 2792 διείληφε
2451 2724 2484 2791 ἡ
2502 2719 2804 2792 προφητεία
2823 2718 2892 2772 τά
2917 2718 3023 2772 ἀπὸ
3040 2715 3155 2781 τοῦ,
3179 2717 3328 2772 Νυνὶ
3354 2714 3422 2769 δὲ
3441 2713 3659 2770 ἀπώσω

2095 2813 2192 2868 καὶ
2212 2813 2643 2879 ἑξουδένωσας,
2672 2810 2967 2866 ἀνεϐάλου
2991 2809 3098 2864 τὸν
3120 2809 3374 2878 Χριστόν
3395 2824 3533 2873 σου,
3553 2809 3658 2879 φή·-

2100 2921 2238 2958 σασα
2261 2921 2276 2934 °
2333 2905 2483 2976 ὅμως
2516 2905 2608 2956 καὶ
2639 2903 2745 2955 τῶν
2775 2901 2882 2956 σῶν
2923 2901 3060 2972 πρὸς
3099 2900 3189 2954 τὸν
3223 2896 3384 2954 Δαυῖδ
3418 2899 3655 2966 ἐπαγγεθ

2097 2995 2223 3050 λιῶν
2262 2995 2528 3064 τεύξεται.
2563 2995 2645 3049 Τά
2683 2993 2791 3066 γάρ
2823 2994 2946 3064 ἐλέη
2979 3010 3094 3054 σου,
3125 2992 3314 3064 Κύριε,
3348 2991 3444 3044 καὶ
3469 2991 3502 3061 ὴ
3529 2989 3658 3060 axe--

434 3088 702 3148 repetens.
735 3079 912 3134 dicam
955 3097 969 3136 :
1014 3080 1113 3134 Ubi
1157 3093 1278 3135 sunt
1314 3083 1686 3136 misericordia:
1723 3093 1826 3137 tua:
1857 3087 1996 3138 anti-

2100 3089 2220 3142 θειά
2246 3105 2338 3141 σου
2375 3091 2454 3152 είς
2480 3089 2570 3142 τὸν
2597 3087 2765 3140 αἰῶνα
2805 3085 2954 3155 μένει
2989 3083 3082 3136 καὶ
3108 3083 3225 3136 οὐδὲ
3268 3078 3345 3146 εἷς
3367 3082 3522 3150 λόγος
3552 3078 3660 3134 τῶν

433 3183 570 3237 qua,
610 3169 852 3231 Domine.
902 3185 1032 3239 quas
1069 3170 1274 3240 jurasti
1321 3171 1490 3226 David
1530 3173 1583 3226 in
1621 3174 1836 3227 veritate
1861 3178 1996 3230 tua?

435 3268 488 3313 at
531 3275 640 3313 non
675 3261 864 3330 ignoro
887 3267 938 3313 te
970 3264 1023 3314 in
1049 3262 1274 3316 veritate
1311 3261 1527 3329 iurasse
1563 3278 1576 3314 :
1604 3279 1772 3333 quare
1801 3265 1852 3317 in
1880 3265 1996 3334 ipso

436 3349 706 3404 sermonis
753 3350 981 3405 exordio
1035 3352 1236 3406 bonum
1285 3353 1434 3408 illum
1469 3355 1627 3408 linem
1675 3354 1994 3424 respiciens,

436 3440 685 3493 dicebam
711 3459 725 3495 :
751 3438 1146 3495 Misericordiae
1168 3441 1378 3496 Domini
1393 3445 1447 3497 in
1470 3453 1719 3498 retentum
1739 3445 1960 3500 cantabo
1976 3463 1996 3501 :

438 3531 491 3584 in
522 3533 904 3601 generationem
950 3541 999 3588 et
1032 3535 1412 3605 generationem
1450 3535 1774 3591 annuntiabo
1805 3538 2000 3592 verita-

439 3631 542 3675 tem
570 3629 715 3673 tuum
757 3622 809 3675 in
853 3638 942 3677 ore
996 3639 1140 3688 "tea;
1174 3639 1238 3680 ac
1270 3639 1486 3679 rursum
1537 3624 1651 3679 haec
1691 3626 1995 3696 loquebar:

440 3712 506 3764 In
537 3722 786 3767 veternum
814 3715 1174 3769 misericordia
1199 3715 1575 3786 wdiﬁcabitur,
1604 3718 1659 3770 in
1699 3719 1824 3772 caelo
1862 3734 2001 3786 pra:-

439 3803 716 3871 parabitsr
748 3806 941 3859 veritas
990 3815 1101 3861 tua.
1143 3805 1234 3860 lla!
1285 3823 1414 3879 ergo
1447 3808 1831 3864 misericordiae
1874 3820 1997 3876 tuae,

440 3895 686 3961 Domine,
714 3896 933 3951 ubinam
983 3898 1116 3964 sint,
1166 3897 1407 3954 ediscere
1452 3898 1654 3970 ﬂagito,
1687 3908 1740 3955 et
1779 3901 1868 3955 ubi
1911 3917 2002 3958 oc~

439 3987 598 4042 culta:
625 3987 845 4053 lateant,
870 3989 1156 4058 etquando
1184 3997 1422 4044 venturae
1451 3990 1580 4046 sint.
1611 3992 1836 4046 Atenim
1868 4007 1999 4062 sup-

441 4078 582 4149 plico
611 4085 670 4134 ut
697 4079 811 4149 jam
864 4080 1119 4138 festinent
1147 4088 1202 4136 et
1252 4082 1474 4137 veniant
1523 4097 1586 4137 ac
1635 4083 2000 4138 inﬁrmitatem

441 4180 684 4228 nostram
723 4174 1043 4244 suscipiant.
1094 4173 1211 4230 Nisi
1254 4175 1400 4230 enim
1443 4174 1849 4231 misericordias
1879 4183 2002 4230 tuas

439 4265 696 4335 antiquas
716 4265 1039 4329 ostenderis,
1071 4281 1209 4336 quas
1237 4281 1346 4320 non
1369 4265 1529 4320 modo
1559 4266 1880 4336 promisisti,
1908 4265 2003 4322 sed

441 4355 604 4409 etiam
633 4355 831 4426 iurasti
861 4355 1028 4412 David
1070 4355 1125 4410 in
1159 4355 1385 4411 veritate
1426 4363 1539 4418 tua,
1575 4355 1722 4410 nulla
1769 4355 2003 4410 homini-

2099 3179 2206 3231 σῶν
2231 3178 2570 3248 ἐπαγγελιῶν
2600 3177 2952 3230 διαπεσεῖται.
2977 3175 3038 3226 Εἰ
3079 3173 3135 3226 δὲ
3163 3173 3256 3226 καί
3284 3189 3425 3242 φημι
3449 3171 3544 3226 νῦν
3580 3173 3659 3231 εἰς

2098 3270 2401 3340 ὑπόμνησιν
2444 3268 2614 3322 ἐλθὼν
2660 3265 2769 3318 τῶν
2821 3264 3246 3334 συμϐησομένων
3302 3262 3657 3333 σκυθρωπῶν,

2099 3360 2221 3413 Ποῦ
2251 3360 2383 3413 ἐστι
2413 3359 2486 3413 τὰ
2511 3357 2651 3423 ἐλέη
2686 3373 2801 3410 σου
2830 3355 2902 3408 τὰ
2944 3352 3180 3420 ἀρχαῖα,
3213 3353 3410 3418 Κύριε,
3441 3351 3479 3404 ἀ
3509 3351 3658 3420 ὤμο-

2098 3466 2216 3517 σας
2269 3449 2349 3516 τῷ
2402 3448 2581 3502 Δαυῒδ
2643 3448 2713 3500 ἐν
2776 3445 2850 3515 τῇ
2909 3444 3158 3512 ἀληθείᾳ
3205 3459 3356 3506 σονς
3393 3443 3508 3496 ἀλλ’
3561 3444 3662 3496 οὐκ

2100 3540 2298 3610 amo.
2333 3541 2414 3594 ὅτι
2465 3542 2522 3593 ἐν
2564 3541 2630 3610 τῇ
2671 3537 2897 3608 ἀληθείᾳ
2935 3534 3183 3605 ὤμοσας·
3227 3533 3412 3604 διόπερ
3464 3530 3560 3586 καὶ
3603 3534 3662 3585 ἐν

2099 3633 2239 3704 ἀρχῇ
2268 3632 2360 3684 τοῦ
2389 3631 2586 3695 παντὸς
2627 3629 2782 3697 λόγου
2816 3630 2895 3691 εἰς
2918 3626 2979 3679 τὸ
3003 3625 3235 3696 χρηστὸν
3262 3623 3411 3687 τέλος
3434 3622 3659 3676 ἀποϐλέ-

2099 3740 2216 3776 πων
2258 3721 2472 3790 ἕλεγονο
2517 3723 2590 3775 Τὰ
2627 3719 2769 3788 ἐλέη
2808 3720 2915 3774 τοῦ
2958 3720 3176 3787 Κυρίου
3219 3722 3304 3784 είς
3337 3720 3443 3772 τὸν
3481 3716 3663 3772 αἰῶνα

2100 3811 2350 3880 ᾄσομαι·
2376 3815 2463 3878 εὶς
2527 3812 2739 3880 γενεὰν
2782 3811 2882 3864 καὶ
2933 3811 3144 3880 γενεὰν
3192 3809 3506 3879 ἀπαγγελῶ
3550 3809 3664 3877 τὴν

2100 3901 2386 3969 ἀλήθειάν
2421 3918 2536 3956 σου
2564 3903 2635 3956 ἐν
2669 3902 2748 3968 τῷ
2781 3903 3029 3972 στόματί
3051 3919 3170 3970 μου
3191 3919 3204 3932 ·
3239 3902 3333 3954 καὶ
3361 3901 3521 3954 πάλιν
3551 3900 3661 3953 ἐλε-

2101 4011 2223 4064 γονθ
2270 3996 2370 4060 Εἰς
2416 3994 2523 4047 τὸν
2567 3995 2752 4047 αἰῶνα
2791 3995 2962 4060 ἕλεος
3008 3991 3555 4062 οἰκοδομηθήσεται,
3595 3993 3655 4045 ἐν

2100 4082 2180 4148 τῷ
2208 4082 2438 4151 οὐρανῷ
2467 4079 2957 4152 ἐτοιμασθήσεται
2986 4081 3026 4148 ἢ
3061 4077 3308 4148 ἀλήθειά
3339 4093 3474 4132 σου.
3515 4079 3663 4132 Αύτά

2101 4173 2145 4228 δ’
2173 4170 2265 4228 οὖν
2293 4177 2474 4228 ἐκεῖνα
2498 4174 2568 4228 τά
2607 4174 2730 4244 ἐλὲη
2778 4190 2891 4237 σου,
2937 4171 3128 4243 Κύριε,
3167 4169 3268 4222 ποῦ
3313 4171 3429 4222 ἐστι
3475 4170 3663 4240 μαθεῖν

2125 4265 2282 4329 ἀξιῶ,
2307 4267 2402 4319 καὶ
2431 4265 2530 4318 ποῦ
2567 4264 2816 4320 λανθάνει
2849 4263 3223 4335 κρυπτόμενα,
3249 4260 3343 4314 καὶ
3371 4261 3499 4314 πότε
3521 4260 3660 4331 ἥξει.

2117 4356 2277 4410 ’Λλλά
2321 4357 2430 4430 γὰρ
2469 4357 2716 4420 ἱκετεύω,
2754 4354 3039 4408 σπευσάτω
3073 4352 3168 4407 νῦν
3202 4352 3295 4406 καὶ
3333 4352 3533 4423 ἡκέτω,
3571 4352 3665 4406 καὶ

441 4445 543 4501 bus
567 4462 694 4520 spes
723 4447 917 4502 saiutis
946 4447 1289 4517 relinquitur.
1327 4444 1400 4502 Ut
1436 4455 1612 4501 autem
1655 4462 1834 4502 sermo
1873 4455 1998 4502 tuus

2102 4449 2453 4503 καταλαὸἐτω
2479 4450 2576 4520 τὴν
2601 4447 2869 4520 ἡμετέραν
2898 4445 3195 4500 ἀσθένειαν.
3223 4444 3285 4497 Εἰ
3311 4443 3419 4515 γὰρ
3445 4443 3519 4516 μὴ
3542 4445 3664 4496 ἐπι-

440 4537 508 4592 de
533 4537 784 4593 tristibus
813 4536 1010 4592 futuris
1036 4551 1198 4591 verax
1233 4535 1354 4602 fuit,
1386 4537 1675 4606 omniaque
1712 4537 1802 4591 illa
1831 4537 2004 4591 conti-

440 4636 637 4699 gerunt
666 4635 721 4683 et
755 4628 1019 4699 completa
1055 4634 1216 4694 sunt;
1257 4628 1330 4681 ita
1369 4635 1789 4684 consentaneum
1830 4635 1910 4682 est
1945 4636 2005 4682 ut

445 4719 727 4774 meliorum
761 4718 1178 4789 pollicitationes
1218 4732 1326 4772 non
1377 4716 1542 4770 irrita:
1594 4718 1703 4772 sint
1743 4736 1757 4773 :
1805 4719 2002 4788 quibus

443 4809 654 4865 scilicet
679 4811 837 4865 nobis
861 4809 1239 4865 annuutiatum
1259 4815 1362 4874 est,
1389 4816 1647 4862 aeternum
1677 4807 1792 4864 fore
1818 4825 2004 4865 semen

447 4900 687 4969 Davidis,
718 4913 770 4958 et
793 4903 1048 4958 thronum
1071 4901 1189 4972 ejus
1215 4901 1386 4956 instar
1416 4901 1609 4956 solaris
1635 4901 1856 4958 luminis
1878 4903 2003 4956 uni-

446 5008 667 5050 versum
695 4994 882 5049 orbem
917 4994 1314 5049 illustraturum
1343 5007 1484 5048 esse.
1513 4991 1636 5046 llaec
1671 4993 1851 5063 itaque
1895 4993 2002 5050 illis

445 5087 576 5142 olim
599 5085 837 5156 antiquis
857 5086 912 5140 in
942 5092 1066 5140 voto
1099 5085 1271 5150 fuere,
1305 5092 1358 5140 et
1401 5084 1468 5138 ab
1497 5083 1563 5140 iis
1591 5084 1684 5154 qui
1727 5083 2005 5154 propheti-

443 5195 635 5236 carum
663 5193 855 5234 vocum
882 5177 1219 5233 meditationi
1241 5176 1407 5231 dediti
1439 5183 1595 5230 erant
1622 5178 2009 5246 exspectaban-

446 5282 536 5329 tur
566 5292 580 5328 :
607 5288 638 5327 a
667 5272 826 5327 nobis
853 5285 981 5326 vero
1012 5270 1145 5341 ipsis
1165 5269 1421 5340 Oper-ibus
1439 5268 1705 5338 completa
1730 5266 2003 5335 videntur,

443 5383 536 5436 per
594 5361 1111 5419 consummationem
1146 5375 1327 5416 rerum
1373 5374 1492 5429 qua:
1548 5357 1602 5412 in
1649 5355 1927 5416 Salvatore
1955 5367 2007 5414 et

447 5457 678 5513 Domino
720 5463 908 5511 nostro
932 5450 1063 5510 Jesu
1091 5452 1308 5507 Christo
1337 5449 1587 5522 perfectas
1614 5459 1763 5505 sunt.

2098 4540 2331 4606 δείξειάς
2367 4558 2457 4592 σου
2499 4539 2566 4592 τά
2611 4540 2732 4610 ὲλὲη
2769 4539 2840 4591 τὰ
2887 4539 3104 4610 ἀρχαῖα,
3151 4535 3295 4608 ἅπερ
3335 4535 3434 4606 οὐχ
3479 4534 3665 4599 ἁπλῶς

2105 4623 2437 4703 ἐπηγγείλω,
2461 4632 2600 4686 ἀλλά
2623 4631 2716 4685 καὶ
2735 4629 2951 4702 ὤμοσας
2975 4630 3053 4701 τῷ
3082 4628 3241 4682 Δαυῖδ
3269 4629 3326 4680 ἐν
3352 4630 3418 4699 τῇ
3439 4627 3666 4700 ἀληθεία.

2108 4742 2223 4788 σου,
2248 4725 2469 4795 οὐδεμία
2490 4724 2730 4776 λείπεται
2753 4722 3058 4794 ἀνθρώποις
3079 4722 3233 4785 ἐλπὶς
3259 4718 3549 4790 σωτηρίας.
3579 4720 3668 4783 Ὠς

2105 4813 2198 4870 οὖν
2243 4815 2606 4888 ἐπηλήθευσεν
2650 4817 2679 4869 ὁ
2717 4815 2871 4884 λόγος
2903 4813 3136 4868 ἐπὶτῶν
3175 4810 3533 4883 σκυθρωπῶν,
3574 4811 3668 4864 καὶ

2105 4907 2294 4976 γέγονε
2318 4908 2410 4960 καὶ
2438 4908 2749 4979 ἀπήντησεν
2778 4907 3010 4973 ἅπαντα,
3038 4906 3210 4968 οὕτως
3241 4903 3530 4958 ἀκόλουθόν
3549 4906 3665 4958 ἐστι

2107 4998 2200 5052 καὶ
2224 4999 2292 5050 τά
2331 4998 2610 5070 κρείττονα
2645 4998 2753 5053 τῶν
2787 4999 3126 5069 ἐπαγγελιῶν
3157 4997 3229 5068 μὴ
3260 4995 3666 5066 διαψεύσασθαι.

2106 5090 2172 5144 δι’
2190 5084 2264 5144 ὧν
2281 5092 2308 5144 ὁ
2322 5091 2475 5158 λόγος
2496 5091 2625 5162 ἡμῖν
2651 5090 3037 5162 εὐηγγελίσατο
3047 5090 3258 5144 αἰώνιον
3277 5087 3493 5159 σπέρμα
3507 5087 3668 5142 Δαυῒδ

2113 5181 2208 5234 καὶ
2221 5181 2405 5252 θρόνον
2420 5180 2583 5234 αὐτοῦ
2611 5181 2763 5252 δίκην
2777 5181 2924 5252 ἡλίου
2941 5180 3115 5252 φωτὸς
3131 5179 3558 5249 καταλάμψαντα
3589 5179 3668 5252 (3)

2109 5271 2289 5325 πᾶσαν
2323 5273 2422 5344 τὴν
2465 5273 2573 5326 τῶν
2613 5273 2912 5345 ἀνθρώπων
2965 5273 3308 5344 οἰκουμένην.
3350 5271 3534 5324 Ταῦτα
3570 5272 3668 5343 μὲν

2105 5359 2201 5418 οὖν
2220 5367 2278 5418 ἐν
2294 5365 2475 5437 εὐχαῖς
2489 5365 2662 5420 ἔκειτο
2677 5369 2786 5431 τοῖς
2805 5365 3068 5430 παλαιοῖς,
3082 5366 3176 5420 καὶ
3189 5365 3550 5437 προσεδοκᾶτο
3560 5365 3670 5426 τοῖς

2107 5453 2205 5517 τὰς
2230 5457 2570 5528 προφητικάς
2595 5456 2777 5527 φωνὰς
2805 5474 2870 5529 με
2878 5457 3245 5528 μελετηκόσιν·
3269 5457 3402 5525 ἡμῖν
3417 5455 3473 5507 δὲ
3489 5454 3670 5514 αὐτοῖς

444 5547 623 5618 ἔργοις
670 5549 862 5618 ὁρᾶται
894 5545 1316 5617 πεπληρωμένα,
1364 5543 1451 5596 διά
1477 5543 1583 5596 τῶν
1623 5545 1701 5606 είς
1723 5542 1814 5597 τὸν
1854 5542 2081 5616 Σωτῆρα
2128 5547 2221 5600 καὶ
2273 5549 2475 5622 Κύριον
2518 5551 2674 5623 ἡμῶν
2712 5551 2915 5623 Ἰησοῦν
2937 5550 3167 5622 Χριστὸν
3198 5548 3668 5619 ἀποτελεσμάτων.

521 5688 598 5750 (Ι)
633 5687 844 5746 Graeca.
869 5684 1144 5756 ῥυόμενον,
1173 5679 1629 5756 ἀνακαλούμενον,
1651 5681 1828 5756 active
1845 5681 2010 5756 etiam

454 5749 603 5810 reddi
640 5749 890 5826 possunt,
923 5749 1161 5826 nam;
1189 5754 1277 5822 qui
1306 5749 1534 5808 eruat'et
1555 5762 1775 5810 revocet.
1798 5749 2010 5810 Judicct

461 5828 627 5882 lector
644 5822 847 5880 "utrum
873 5822 1094 5880 rectius.
1121 5822 1272 5879 EDIT.

2185 5685 2266 5830 (εἶ
2287 5685 2592 5758 Legendum
2623 5687 2832 5742 videtur
2861 5687 3012 5757 παρὰ
3042 5685 3134 5740 τοῦ
3153 5684 3411 5757 Χριστοῦ.
3441 5681 3599 5740 Eutr.

2187 5759 2244 5830 (ὅ
2298 5757 2459 5814 Forte
2481 5759 2764 5830 legendum
2787 5757 3222 5828 καταλάμψοντα.
3253 5755 3411 5812 Eon.

2187 5755 2266 5830 (3)
2298 5755 2395 5814 F0}
2409 5770 2459 5814 te
2481 5759 2764 5830 legendum
2787 5755 3222 5828 καταλάμψοντα.
3253 5755 3411 5812 Eol'l'.
