4074 6440
473 353 610 407 1121

1567 360 2071 418 COMMENTARIA
2107 364 2173 420 IN
2214 362 2535 421 PSALMOS

3586 364 3724 419 1122

539 471 870 542 Μνήσθήτι,
903 477 1100 544 Κύριε,
1143 478 1248 531 τοῦ
1287 479 1628 550 ὀνειδισμοῦ
1659 482 1777 536 τῶν
1805 484 2040 538 δούλων

2213 484 2379 541 Vens.
2437 485 2620 541 51-53.
2689 483 2892 538 Memor
2944 494 3075 547 esto,
3153 485 3393 548 Domine,
3458 494 3724 554 opprobrii

469 582 618 630 σοιν,
672 562 759 622 οὗ⁶
800 567 1075 636 ὑπέσχον
1131 569 1201 623 ἐν
1241 569 1319 636 τῷ
1368 574 1572 640 κόλπῳ
1619 592 1740 643 μου
1791 575 2040 629 πολλῶν

468 657 691 710 ἐθνῶν·
729 655 802 715 οὗ
855 659 1173 715 ὠνείδισαν
1218 665 1272 716 οὶ
1313 664 1512 733 ἐχθροί
1557 681 1693 726 σου.
1725 668 1925 736 Κύριε,
1966 663 2039 724 οὗ

469 748 788 804 ὠνείδισαν
811 752 878 803 τὸ
907 752 1299 823 ἀντάλλαγμα
1327 757 1432 808 τοῦ
1456 757 1709 824 Χριστοῦ
1744 774 1880 812 σου.
1928 761 2040 813 Εὑ-

470 843 726 911 λογητὸς
767 845 982 912 Κύριος
1007 847 1093 911 εις
1127 845 1235 899 τὸν
1270 848 1484 902 αὶῶνω
1512 849 1762 919 γένοιτο,
1790 851 2040 922 γένοιτο.

487 935 618 988 ’Ἀπὸ
642 935 736 990 τοῦ
775 938 1211 1009 προτεταγμένου
1245 941 1610 1012 διαψάλματος
1642 944 1786 997 δοκεῖ
1819 962 1907 1014 μοι
1949 963 2042 1015 με·

473 1026 669 1098 ταϐολὴ
730 1029 1011 1098 γεγονέναι
1083 1031 1186 1101 τῆς
1250 1032 1507 1097 διανοίας.
1578 1035 1651 1087 Τὸ
1707 1035 1840 1103 γοῦν
1903 1037 2044 1089 θεῖον

474 1119 717 1191 Πνεῦμα,
751 1120 1046 1192 εὐξάμενον
1077 1123 1219 1194 ὑπὲρ
1258 1124 1352 1178 τοῦ
1393 1125 1522 1179 λαοῦ
1567 1127 1653 1181 διὰ
1693 1128 1800 1180 τῶν
1840 1128 2046 1199 ἔμπρο-

473 1211 621 1277 σθεν,
651 1212 748 1276 τὰς
777 1214 1106 1282 ἐπαγγελίας
1132 1213 1224 1269 τοῦ
1251 1215 1385 1268 Θεοῦ
1412 1219 1761 1289 προκαλεῖται
1789 1219 1898 1272 ἀπὸ
1927 1218 2045 1282 τοῦ,

471 1303 596 1357 Ποῦ
619 1303 750 1357 ἐστι
788 1303 858 1357 τὰ
881 1304 1020 1374 ἐλέη
1049 1320 1164 1360 σου
1199 1309 1270 1360 τὰ
1303 1307 1540 1377 ἀρχαῖα,
1581 1310 1793 1377 Κύριε;
1825 1309 1965 1375 ἀξιοῖ
1990 1310 2046 1362 δὲ

471 1394 572 1465 ἤδη
601 1396 730 1448 ποτὲ
775 1397 1060 1468 ἐπιστῆναι
1100 1397 1208 1451 τῶν
1249 1401 1627 1471 χρηστοτέρων
1676 1401 1745 1454 τά
1789 1401 2046 1454 ἀποτελέ-

471 1500 674 1555 σματα,
709 1484 745 1538 ἃ
769 1483 981 1556 ὤμοσεν
1005 1488 1034 1539 6
1071 1487 1204 1551 Θεὸς
1238 1487 1316 1559 τῷ
1339 1489 1500 1542 Δαυῖδ
1531 1492 1587 1542 ἐν
1609 1494 1674 1561 τῇ
1699 1490 1922 1561 ἀληθείᾳ
1949 1492 2048 1543 αύ-

2145 591 2414 629 servorum
2454 585 2685 639 tuorum,
2734 575 2873 645 quod
2924 576 3157 628 continui
3205 577 3256 629 in
3291 577 3412 629 sinu
3443 593 3555 629 meo
3586 577 3724 630 mul-

2144 678 2319 721 tarum
2361 670 2589 738 gentium
2625 666 2803 738 :quod
2853 667 3295 734 exprobrauerunt
3363 668 3569 720 inimici
3622 668 3721 730 tui,

2143 759 2385 823 Domine,
2427 759 2564 829 quod
2606 760 3049 827 exprobrauerunt
3070 760 3534 814 commutationem
3568 759 3724 814 Cltri‘

2143 846 2210 899 sti
2241 846 2338 899 tui.
2372 844 2681 899 Benedictus
2719 845 2977 898 Dominus
3031 846 3084 898 in
3115 854 3410 910 a'ternum;
3443 846 3560 915 ﬁat,
3602 847 3719 914 ﬁat.

2144 933 2187 987 A
2234 934 2519 1003 praemisso
2566 934 2925 1004 diapsalmate
2978 933 3188 989 videtur
3253 936 3386 989 mihi
3439 935 3724 990 sententiae

2148 1025 2508 1078 mutationem
2558 1025 2832 1079 invectam
2867 1041 3010 1080 esse.
3053 1023 3187 1078 Nam
3237 1024 3476 1095 Spiritus
3504 1025 3724 1080 divinus

2148 1131 2248 1186 pro
2283 1117 2484 1186 pepulo
2515 1123 2770 1186 precatus
2809 1116 2862 1170 in
2887 1117 3288 1187 superioribus,
3332 1117 3601 1187 promissa
3628 1116 3721 1171 Dei

2148 1215 2210 1261 ut
2235 1207 2492 1263 eveniant
2527 1207 2631 1262 hoc
2656 1206 2803 1262 dicto
2835 1209 3094 1278 postulat,
3126 1207 3225 1261 Ubi
3265 1218 3386 1262 sunt
3426 1209 3726 1262 misericor-

2150 1298 2255 1352 diae
2288 1308 2394 1352 tua:
2441 1302 2695 1369 antiquw,
2748 1298 3017 1355 Domine?
3066 1308 3225 1369 rogat
3274 1307 3454 1356 autem
3517 1309 3574 1354 ut
3609 1300 3722 1369 jam

2148 1391 2405 1445 eveniant
2463 1392 2748 1446 meliorum
2799 1392 3014 1446 illorum
3050 1393 3467 1462 complementa,
3493 1409 3613 1463 qua:
3633 1393 3726 1462 ju-

2151 1484 2290 1536 tavit
2327 1481 2471 1538 Deus
2505 1482 2677 1537 David
2725 1483 2781 1537 in
2808 1484 3040 1538 veritate
3071 1499 3192 1540 sua.
3236 1483 3441 1541 Deinde
3470 1493 3726 1556 precatur

470 1575 584 1629 τοῦ.
631 1573 762 1630 Εἶτα
793 1579 1102 1649 παρακαλεῖ
1146 1581 1451 1652 μνησθῆναι
1485 1583 1578 1635 τοῦ
1612 1583 1916 1654 ὀνειδισμοῦ
1941 1583 2044 1636 τῶν

2153 1585 2211 1628 ut
2253 1590 2461 1630 memor
2506 1575 2580 1631 sit
2626 1576 2906 1646 opprobrii
2949 1591 3229 1631 servorum
3285 1592 3532 1632 suorum.
3589 1577 3723 1630 Nam

468 1665 669 1721 δούλων
694 1668 880 1722 αὑτοῦ.
898 1660 986 1734 Ὦς
1012 1670 1120 1743 γὰρ
1150 1671 1250 1742 ἤδη
1283 1671 1489 1736 λοιπὸν,
1520 1674 1660 1727 κατὰ
1684 1674 1744 1727 τὸ
1774 1691 2044 1746 σεσιωπη-

2153 1667 2310 1735 quasi
2333 1667 2470 1736 jam,
2497 1677 2555 1721 ut
2588 1668 2758 1722 tacite
2783 1667 3014 1737 judicat,
3039 1669 3215 1722 tristia
3255 1669 3344 1722 illa
3375 1671 3529 1740 prius
3561 1685 3727 1724 enun-

473 1759 656 1829 μένον,
693 1762 1060 1834 χωρησάντων
1104 1765 1184 1828 είς
1220 1764 1356 1835 ἔργα
1403 1765 1510 1818 τῶν
1563 1768 2044 1838 προηγορευμένων

2154 1759 2302 1822 tiata,
2331 1773 2494 1828 Opere
2536 1757 2774 1826 perfecta
2806 1759 2937 1823 sint,
2973 1775 3098 1814 eum
3131 1760 3340 1814 inimici
3365 1761 3521 1814 multi
3561 1770 3614 1816 et
3638 1777 3728 1832 po-

469 1852 828 1924 σκυθρωπῶν,
875 1856 1084 1911 πολλῶν
1111 1875 1169 1910 τε
1204 1859 1412 1930 ἐχθρῶν
1452 1861 1545 1914 καὶ
1576 1861 1742 1914 ἐθνῶν
1771 1838 2044 1932 ἐπικειμέ-

2155 1849 2266 1918 puli
2294 1849 2518 1914 instent,
2547 1855 2602 1904 et
2634 1864 2822 1904 servos
2861 1849 2956 1905 Dei
2999 1858 3222 1921 propter
3259 1867 3322 1906 ea
3364 1867 3486 1922 qua:
3514 1852 3726 1908 accide-

466 1960 574 1996 νων
612 1946 704 1997 καὶ
732 1945 1098 2010 ὀνειδιζόντων
1130 1950 1255 2012 τοὺς
1295 1917 1511 2014 δούλους
1551 1952 1643 2004 τοῦ
1685 1951 1820 2005 Θεοῦ
1864 1917 2047 2007 διὰ-τὰ
2083 1917 2123 1969 Β
2155 1950 2274 1995 mm
2302 1942 2616 2012 OPPmbriiS
2645 1951 2896 2007 οηεΐοηιν
2929 1959 3028 2013 Pro
3061 1944 3170 1999 “"5
3205 1943 3299 1999 Dei
3345 1944 3565 2001 Ῐδηιυιίδ
3601 1962 3722 2006 οτη-

468 2035 882 2106 συμὸεδηκότα,
929 2039 1026 2109 τὴν
1073 2041 1213 2113 ὑπὲρ
1254 2042 1459 2097 τούτων
1513 2044 1677 2114 εὐχὴν
1731 2045 2044 2114 ἀναπέμπει

2151 2037 2351 2090 tionem
2380 2036 2578 2090 emittit
2606 2035 2796 2090 dicens
2822 2054 2834 2089 :
2872 2036 3074 2090 Memor
3104 2046 3234 2100 esto,
3267 2036 3503 2101 Domine,
3536 2053 3725 2105 oppro-

464 2123 623 2192 λέγον
645 2142 658 2156 ·
685 2127 1020 2196 Μνήσθητι,
1045 2132 1242 2200 Κύριε,
1265 2133 1370 2185 τοῦ
1395 2133 1736 2202 ὀνειδισμοῦ
1766 2133 1884 2186 τῶν
1912 2133 2044 2187 δούὲ

2151 2128 2251 2180 brii
2273 2143 2544 2182 servorum
2575 2138 2809 2183 tuorum.
2842 2131 2952 2183 Pro
3000 2128 3095 2183 illo
3124 2137 3327 2195 autem,
3360 2128 3513 2194 Quod
3557 2131 3718 2182 conti-

462 2221 589 2272 λων
627 2233 763 2274 σου.
829 2223 973 2276 Ἀντὶ
1001 2222 1116 2288 τοῦ,
1171 2219 1254 2280 υῦ
1299 2224 1576 2294 ὑπέσχον
1611 2225 1680 2278 ἐν
1717 2225 1798 2291 τῷ
1843 2227 2044 2289 κόλπῳ

2150 2221 2242 2272 nui
2272 2221 2324 2273 in
2355 2221 2475 2274 sinu
2513 2237 2626 2274 meo
2679 2221 2971 2274 multarum
2997 2222 3253 2290 gentium,
3288 2221 3495 2278 clarius
3529 2220 3725 2290 Aquila

459 2327 580 2379 μου
611 2311 862 2366 πολλῶν
892 2313 1104 2377 ἐθνῶν,
1151 2316 1483 2388 σαφέστερον
1522 2319 1550 2371 6
1590 2317 1819 2381 Ἀκύλας
1857 2318 2044 2383 ἐξέδω-

2149 2310 2319 2365 edidit
2353 2310 2564 2375 dicens,
2597 2310 2684 2366 Me
2711 2313 2908 2380 ferente
2944 2315 2998 2367 in
3024 2315 3142 2367 sinu
3191 2330 3369 2368 omnes
3421 2315 3726 2384 iniquitates

465 2417 562 2453 κεν
607 2399 802 2464 εἰπὼν,
845 2401 1131 2469 Αἷροντός
1168 2420 1289 2470 μου
1315 2403 1385 2456 ἐν
1423 2405 1627 2470 κόλπῳ
1676 2403 1873 2470 πάσας
1923 2403 2044 2458 ἀδι-

2148 2402 2502 2470 populorum;
2540 2403 2902 2474 Symmachus
2949 2414 3152 2469 autem,
3204 2405 3327 2459 Tuti
3362 2407 3418 2459 in
3457 2406 3576 2460 sinu
3613 2423 3726 2460 meo

463 2494 601 2558 κίιις
659 2492 860 2547 λαῶν⁸
908 2495 937 2546 ὁ
987 2494 1046 2547 δὲ
1102 2493 1417 2565 Σύμμαχος,
1463 2495 1798 2549 Ἐόἀστασα
1849 2496 1919 2548 ἐν
1968 2494 2049 2560 τῷ

463 2587 672 2652 κόλπῳ
686 2604 806 2654 μου
831 2585 1075 2640 πάντων
1106 2587 1226 2640 τῶν
1252 2588 1462 2642 ἐθνῶν.
1509 2590 1573 2641 Οἱ
1616 2590 1711 2660 μὲν
1735 2585 1828 2642 οὖν
1865 2589 2050 2643 ὀνειδι-

463 2676 684 2747 ζόμενοι
717 2680 764 2730 οί
801 2678 977 2731 δοῦλοί
1010 2681 1116 2732 εἰσι
1154 2678 1246 2732 τοῦ
1283 2681 1450 2732 Θεοῦο
1486 2681 1566 2734 διὸ
1609 2681 1846 2750 ἔφασκε·
1882 2679 2046 2746 Μνή-

461 2773 660 2835 σθητι,
707 2771 906 2836 Κύριε,
943 2771 1050 2824 τοῦ
1093 2771 1439 2840 ὀνειδισμοῦ
1478 2771 1597 2826 τῶν
1629 2773 1866 2827 δούλων
1889 2788 2006 2827 σου
2029 2790 2041 2804 ·

461 2862 511 2913 οἱ
553 2860 610 2912 δέ
650 2859 1001 2924 ὀνειδίζοντες
1044 2862 1094 2913 οἱ
1138 2862 1321 2932 ἐχθροὶ
1362 2862 1458 2915 τοῦ
1483 2863 1652 2916 Θεοῦ·
1695 2863 1777 2916 διὸ
1804 2863 2047 2933 ἐπιλέγει

462 2952 609 3022 ἐξῆς,
641 2948 722 3008 Οὗ
753 2953 1074 3007 ὠνείδισαν
1101 2957 1153 3007 οἱ
1175 2955 1379 3023 ἐχθροί
1403 2970 1541 3020 σου,
1568 2957 1764 3024 Κύριε,
1792 2953 1863 3011 οὗ
1891 2957 2049 3011 ὠνεί-

460 3045 644 3098 δισαν
688 3043 753 3098 τὸ
793 3043 1185 3116 ἀντάλλαγμα
1230 3045 1337 3100 τοῦ
1388 3046 1646 3114 Χριστοῦ
1706 3061 1843 3101 σου.
1865 3048 1944 3101 -Ὀ
1989 3048 2046 3101 δὲ

461 3133 632 3186 ταῦτα
657 3135 794 3206 πρὸς
816 3135 908 3188 τὸν
933 3135 1066 3188 Θεὸν
1094 3137 1268 3205 λέγων
1297 3137 1380 3207 εῖη
1409 3137 1475 3190 ἂν
1500 3138 1529 3190 6
1557 3139 1821 3209 σωτήριος
1851 3139 2044 3207 Λόγος,

2149 2498 2383 2549 omnium
2414 2496 2671 2566 gentium.
2706 2496 2809 2562 Qui
2837 2499 3021 2566 itaque
3045 2497 3357 2567 opprobriis
3390 2496 3722 2562 allieiuntur,

2149 2588 2293 2642 servi
2326 2587 2420 2643 Dei
2453 2596 2582 2642 sunt
2609 2606 2622 2642 :
2652 2603 2824 2658 quare
2843 2589 3079 2652 dicebat,
3097 2588 3299 2643 Memor
3319 2599 3450 2652 esto,
3479 2588 3723 2651 Domine,

2149 2679 2415 2748 opprobrii
2447 2695 2717 2733 servorum
2769 2689 3015 2743 tuorum;
3053 2679 3145 2748 qui
3198 2687 3380 2734 autem
3429 2680 3723 2750 opprobria

2150 2771 2414 2834 inferunt,
2447 2779 2574 2825 sunt
2610 2771 2820 2824 inimici
2865 2769 2960 2825 Dei
2991 2790 3003 2824 :
3039 2771 3394 2841 quamobrem
3445 2771 3728 2842 subjungit

2149 2875 2355 2933 postea,
2391 2861 2544 2928 Quod
2582 2863 3032 2930 exprobrauerunt
3079 2862 3283 2914 inimici
3331 2863 3428 2925 tui,
3480 2861 3723 2925 Domine,

2147 2956 2286 3027 quod
2334 2956 2782 3022 exprobrauerunt
2841 2955 3309 3008 commutationem
3361 2953 3566 3008 Christi
3626 2956 3722 3007 tui.

2147 3049 2252 3116 Qui
2277 3057 2457 3104 autem
2493 3048 2607 3102 haec
2646 3047 2758 3102 Deo
2789 3047 2943 3110 dicit,
2973 3048 3208 3102 salutare
3260 3045 3500 3100 Verbum
3538 3045 3725 3110 fuerit,

2148 3142 2297 3211 quod
2345 3141 2402 3195 in
2453 3141 2577 3196 sinu
2650 3157 2753 3196 suo
2797 3141 3116 3210 iniquitates
3169 3140 3494 3209 populorum
3562 3139 3724 3194 tollit.

461 3226 491 3276 6
521 3227 690 3296 αἴρων
719 3228 780 3279 ἐν
811 3225 888 3298 τῷ
930 3228 1126 3288 ἐαυτοῦ
1156 3228 1343 3298 κόλπῳ
1371 3228 1471 3292 τὰς
1495 3229 1711 3293 ἀδικίας
1738 3230 1848 3285 τῶν
1876 3231 2037 3284 λαῶν.

2148 3230 2517 3286 Commutatio
2546 3241 2727 3285 autem
2763 3230 2968 3286 Christi
3019 3245 3128 3300 quo
3167 3244 3332 3284 sensu
3365 3229 3509 3284 dicta
3540 3229 3725 3293 fuerit,

477 3312 855 3384 Ἀντάλλαγμα
888 3314 946 3367 δὲ
984 3315 1080 3368 τοῦ
1108 3317 1346 3388 Χριστοῦ
1379 3320 1527 3383 ὃπως
1554 3321 1791 3392 εῐρηται,
1832 3324 2044 3394 νοήσεις

461 3403 572 3456 ἀπὺ
617 3405 717 3476 τῆς
759 3404 853 3459 τοῦ
900 3409 1200 3479 Συμμάχου
1246 3411 1564 3482 ἑρμηνείας,
1597 3413 1663 3466 δι’
1709 3409 1776 3486 ἧς
1807 3415 2040 3486 εἴρηται,

466 3492 550 3552 Oi";
583 3497 906 3551 ὠνείδισαν
936 3501 1009 3554 τὰ
1034 3501 1172 3569 τχνη
1204 3502 1310 3556 τοῦ
1331 3503 1590 3571 Χριστοῦ
1621 3521 1760 3561 σου.
1791 3506 1902 3578 Τὴν
1934 3509 2045 3579 γὰρ

464 3588 692 3659 πορείαν
723 3588 814 3642 τοῦ
846 3590 1083 3660 Χριστοῦ
1127 3591 1221 3645 τοῦ
1259 3593 1395 3648 Θεοῦ
1447 3595 1542 3648 καὶ
1580 3595 1680 3666 τὴν
1707 3597 1825 3649 ὁδὸν
1877 3597 2044 3651 αὐτοῦ

461 3683 560 3754 τὴν
593 3683 732 3737 κατὰ
759 3685 820 3737 τὸ
851 3685 1043 3749 πάθος,
1071 3686 1141 3748 τά
1169 3704 1229 3739 τε
1260 3688 1379 3757 ῐχνη
1413 3689 1514 3757 τῆς
1543 3690 1686 3742 κατά
1713 3691 1810 3744 τὸν
1838 3691 2048 3763 ἀνθρώ-

465 3792 616 3828 πινον
651 3775 765 3846 βίον
809 3777 1140 3848 οἰκονομίας,
1184 3776 1374 3831 τοῦτον
1419 3778 1638 3850 ᾐνίξατο
1681 3781 1773 3834 τὸν
1820 3782 2041 3851 τρόπον.

463 3867 648 3920 Ταῦτα
690 3867 798 3939 γὰρ
827 3867 1081 3921 εἰώθασιν
1129 3867 1407 3932 ὀνειδίζειν
1448 3871 1580 3939 ἡμῖν
1621 3871 1671 3922 oi
1717 3870 1902 3940 ἐχθροὶ
1949 3870 2044 3923 τοῦ

463 3961 620 4015 Θεοῦ.
681 3959 840 4014 Ἀλλὰ
893 3960 1002 4032 γὰρ
1053 3960 1130 4024 ὡς
1179 3960 1536 4025 ὲπακουσθεὶς
1593 3961 1690 4016 καὶ
1748 3961 2047 4023 πιστεύσας

462 4052 748 4117 τεύξεσθαι
772 4053 879 4106 τῶν
910 4052 1108 4123 εὐχῶν,
1137 4053 1364 4116 ἐλπίσας
1405 4070 1464 4105 τε
1504 4046 1538 4126 ᾖ
1565 4052 1728 4122 τάχος
1756 4053 2045 4122 ἐπιστήσε-

465 4145 590 4199 σθαι
624 4144 723 4208 τὰς
749 4145 884 4218 πρὸς
906 4145 998 4198 τὸν
1026 4145 1188 4198 Δαυῖδ
1216 4145 1544 4216 ἐπαγγελίας
1571 4146 1665 4199 τοῦ
1694 4146 1850 4210 Θεοῦ,
1873 4147 1935 4200 τὸ
1961 4147 2048 4200 τέ-

465 4236 554 4300 λος
578 4234 674 4289 τοῦ
701 4235 900 4298 παντὸς
931 4233 1089 4302 λόγου
1124 4233 1212 4286 διὰ
1239 4233 1340 4304 τῆς
1382 4233 1730 4304 εὐχαριστίας
1761 4233 1856 4286 καὶ
1897 4233 2048 4286 εὐλο-

465 4327 590 4396 γίας
619 4326 1072 4398 ἐπισφραγίζεται
1102 4325 1304 4394 λέγων·
1340 4324 1686 4394 Εὐλογητὸς
1722 4325 1935 4393 Κύριος
1961 4327 2046 4390 εις

466 4423 574 4472 τὸν
601 4417 788 4474 αἰῶνα
805 4436 820 4450 ·
846 4420 994 4489 ἡμᾶς
1018 4436 1078 4472 τε
1095 4418 1334 4472 διδάσκει
1362 4417 1802 4488 προσυπακούειν
1825 4418 1908 4481 τὸ,
1940 4417 2044 4470 Γέ-

465 4527 650 4574 νοιτο,
679 4508 930 4579 γένοιτο,
960 4511 1096 4582 ὅπερ
1120 4509 1541 4580 ἐστὶνἙὸραῖκὴ
1566 4509 1716 4579 φωνὴ
1732 4508 1831 4579 (1),
1850 4508 2045 4577 Ἀμὴν,

2147 3338 2214 3378 ex
2248 3322 2561 3394 Symmachi
2605 3323 3055 3393 interpretatione
3098 3322 3390 3393 intelliges,
3441 3337 3547 3391 qua
3593 3320 3728 3374 diei-

2148 3424 2258 3480 tur,
2289 3416 2445 3484 Quod
2475 3417 2919 3486 exprobrauerunt
2949 3415 3166 3484 vestigia
3194 3412 3393 3470 Christi
3422 3415 3522 3468 tui.
3553 3413 3730 3469 luces-

2149 3523 2270 3563 sum
2316 3508 2460 3564 enim
2515 3508 2722 3564 Christi
2758 3506 2851 3562 Dei
2897 3515 2952 3562 et
2993 3509 3138 3561 viam
3176 3507 3296 3577 ejus
3336 3507 3390 3560 in
3447 3505 3725 3577 passione,

2148 3599 2378 3672 vestigia
2420 3601 2549 3655 item
2583 3601 2638 3655 in
2663 3601 2914 3655 humana:
2941 3600 3065 3654 vita:
3120 3615 3233 3654 suae
3265 3599 3594 3663 mconomia,
3625 3597 3729 3653 hac

2149 3694 2362 3747 ratione
2397 3693 2785 3748 subindieavit.
2831 3691 2955 3747 Haec
3005 3692 3150 3747 enim
3193 3691 3527 3761 exprobrare
3569 3691 3730 3748 nobis

2149 3781 2326 3835 solent
2359 3780 2566 3834 inimici
2598 3779 2714 3835 Dei.
2739 3780 2941 3835 Verum
2975 3783 3064 3836 ille
3089 3781 3245 3851 quasi
3269 3781 3577 3844 exauditus,
3608 3795 3726 3836 cer-

2148 3881 2348 3942 tusque
2408 3887 2467 3927 88
2521 3880 2644 3925 vota
2693 3881 3142 3939 consecuturum,
3187 3887 3252 3927 ac
3285 3887 3514 3942 sperans
3563 3887 3727 3944 quam

2147 3961 2385 4030 primum
2413 3961 2717 4031 implendas
2742 3977 2865 4017 esse
2884 3961 2981 4016 Dei
3014 3964 3080 4017 ad
3104 3962 3360 4019 Davidem
3397 3961 3573 4018 factas
3599 3977 3728 4033 pro-

2148 4053 2463 4118 missiones,
2481 4053 2758 4109 sermonis
2789 4054 2959 4110 totius
2992 4055 3153 4108 tinem
3182 4055 3484 4124 gratiarum
3514 4053 3731 4109 actione

2146 4153 2203 4202 et
2229 4144 2612 4201 benedictione
2645 4146 2899 4217 obsignat
2929 4147 3144 4209 dicens,
3183 4145 3500 4200 Benedictus
3543 4145 3729 4200 Domi—

2149 4255 2247 4294 nus
2269 4240 2324 4293 in
2349 4248 2606 4292 aeternum
2623 4253 2641 4291 :
2659 4255 2872 4309 nosque
2888 4239 3081 4294 edocet
3111 4237 3550 4308 respondendum
3577 4253 3724 4301 esse,

2150 4330 2304 4396 Fiat,
2340 4331 2459 4401 ﬁat,
2490 4331 2636 4401 quod
2667 4329 2934 4386 Hebraica
2987 4324 3122 4385 voce
3158 4339 3274 4400 est,
3310 4329 3498 4395 Amen,
3552 4347 3724 4385 amen.

2151 4423 2228 4479 De
2258 4422 2615 4491 diapsalmate
2653 4439 2782 4477 vero
2803 4421 2946 4492 quod
2967 4423 3286 4492 plerumque
3309 4421 3592 4486 inseritur,
3613 4422 3728 4478 haec

2151 4513 2382 4569 dicenda
2413 4523 2562 4568 sunt.
2586 4512 2770 4567 Prima
2802 4512 2897 4568 Dei
2951 4504 3245 4582 promissio
3294 4511 3453 4568 initio
3492 4513 3726 4583 prolata,

466 4601 648 4671 ἀμήν.
696 4601 830 4671 Περὶ
859 4600 916 4653 δὲ
955 4601 1049 4654 τοῦ
1094 4601 1484 4672 διαψάλματος,
1533 4600 1793 4665 πολλάκις
1845 4599 2044 4672 μεταξὺ

2151 4613 2291 4667 erat,
2319 4602 2572 4672 Disposui
2593 4613 2980 4666 testamentum,
3003 4610 3077 4667 et,
3099 4601 3290 4656 Juravi
3319 4601 3514 4666 David,
3543 4609 3598 4656 et
3625 4617 3725 4656 ca:-

468 4710 608 4765 παρε
616 4693 820 4765 μ6ε6λη
829 4693 1012 4764 μένου,
1049 4694 1221 4748 ταῦτα
1246 4696 1484 4749 λεκτέον.
1503 4696 1568 4748 Ἡ
1595 4693 1786 4766 πρώτη
1808 4696 2048 4764 ἐπαγγε-

466 4785 556 4838 λία
589 4785 683 4839 τοῦ
711 4785 848 4838 Θεοῦ
886 4787 945 4839 ἐν
985 4787 1127 4856 ἀρχῇ
1163 4786 1415 4857 λεχθεῖσα
1457 4791 1722 4859 περιεῖχε,
1763 4787 2046 4857 Διεοέμην

467 4878 780 4947 διαθήκην,
801 4879 916 4944 καὶ,
940 4881 1170 4947 Ὤμοσα
1191 4879 1392 4943 Δαυῒὸ,
1421 4881 1516 4933 καὶ
1545 4880 1616 4933 τὰ
1644 4880 1790 4951 ἐξῆς·
1810 4878 1927 4932 εἶτα
1952 4879 2045 4932 τοῦ

465 4969 834 5041 διαψὰλματος
884 4971 1302 5042 παρατεθέντος,
1341 4971 1664 5041 μεταϐαλὼν
1710 4975 1739 5026 6
1787 4972 1943 5041 λόγος
1983 4969 2046 5023 τὺ

469 5062 774 5131 πρόσωπον,
804 5063 1079 5131 ἐπιλέγει·
1119 5063 1693 5134 Ἐξομολοτήσονται
1721 5067 1774 5118 οὶ
1799 5063 2043 5132 οὐρανοὶ

467 5154 541 5207 τὰ
575 5153 878 5224 θαυμάσια
913 5170 1062 5209 σου·
1099 5157 1194 5209 καὶ
1238 5157 1422 5221 πάλιν,
1470 5158 1804 5225 ἐπαγγελίας
1836 5156 2045 5226 λεχθεί-

470 5259 570 5312 σης
615 5243 681 5296 ἐκ
722 5243 1012 5316 προσώπου
1058 5245 1153 5297 τοῦ
1182 5245 1319 5298 Θεοῦ
1365 5247 1465 5316 τῆς
1505 5247 1613 5299 ἀπὸ
1642 5246 1760 5309 τοῦ,
1800 5246 2046 5316 Ἐθέμην

462 5336 755 5405 ,βοήθειαν
781 5338 879 5391 ἐπὶ
908 5337 1190 5403 δυνατὸν,
1220 5337 1380 5408 μέχρι
1414 5337 1530 5401 τοῦ,
1571 5341 1671 5393 καὶ
1708 5339 1942 5409 μάρτυς
1975 5340 2045 5394 ἐν

468 5430 704 5498 οὐρανῷ
735 5430 970 5497 πιστὸς.
1010 5431 1171 5484 πάλιν
1196 5432 1290 5484 τοῦ
1322 5431 1692 5502 διαψὰλματος
1726 5432 2043 5504 παρεμϐλη-

469 5519 672 5586 θέντος,
719 5520 1042 5591 μεταϐάλλει
1078 5523 1178 5594 τὴν
1205 5522 1442 5576 διάνοιαν
1471 5524 1500 5575 ὁ
1525 5521 1700 5590 λόγος,
1733 5523 1826 5576 καί
1869 5540 2004 5594 φησι
2023 5540 2038 5552 ·

471 5614 555 5668 Σὺ
600 5613 669 5667 δὲ
707 5613 927 5668 ἀπώσω
971 5616 1069 5668 καὶ
1111 5615 1549 5681 ἐξουδένωσας,
1600 5615 1897 5670 ἀνεϐάλου
1937 5614 2042 5668 τὸν

471 5707 726 5773 Χριστόν
768 5721 904 5760 σου.
959 5701 1113 5771 Εἶτα,
1160 5705 1440 5773 διεξελθὼν
1483 5707 1551 5760 τὰ
1594 5705 2038 5778 σκυθρωπότερα,

2152 4703 2286 4750 tera.
2319 4693 2544 4760 Deinde,
2568 4693 2817 4763 apposito
2842 4692 3220 4762 diapsalmate,
3251 4699 3458 4747 mutata
3495 4707 3727 4761 persona

2151 4785 2520 4857 subjuugitur,
2558 4784 2963 4854 Conﬁtebuntur
3003 4783 3118 4836 σιοίὲ
3154 4768 3425 4837 mirabilia
3469 4793 3563 4836 tua
3609 4798 3625 4838 :
3661 4798 3728 4836 ac

2157 4895 2401 4942 rursum,
2448 4881 2814 4950 promissione
2845 4894 2912 4933 ex
2947 4892 3180 4946 persona
3213 4875 3308 4931 Dei
3345 4876 3510 4942 facta,
3543 4877 3612 4931 ab
3640 4875 3726 4930 his

2148 4972 2352 5038 verbis,
2378 4970 2546 5025 Posui
2568 4972 2898 5040 adjutorium
2914 4971 2968 5024 in
2998 4979 3225 5039 potente,
3261 4985 3439 5040 usque
3468 4970 3536 5024 ad
3568 4968 3724 5034 illud,

2146 5075 2197 5119 et
2232 5067 2378 5118 testis
2405 5065 2460 5118 in
2482 5065 2610 5119 ccelo
2642 5063 2838 5131 ﬁdelis,
2877 5077 3098 5118 rursum
3139 5062 3466 5132 interposito
3490 5059 3727 5130 diapsal-

2147 5165 2310 5220 mate,
2347 5156 2618 5211 sententia
2664 5162 2908 5209 mutatur
2937 5168 3002 5207 ac
3033 5152 3256 5218 dicitur,
3298 5152 3378 5207 Tu
3419 5168 3537 5206 vero
3584 5165 3729 5219 repu-

2147 5248 2258 5301 tisti
2279 5257 2330 5301 et
2363 5246 2667 5316 despexisti,
2702 5245 2931 5316 rejecisti
2956 5243 3231 5298 Christum
3263 5251 3432 5297 tuum.
3469 5241 3584 5295 Sub
3613 5242 3728 5297 haec

2143 5340 2419 5396 enarratis
2469 5338 2829 5400 tristioribus,
2865 5351 3086 5391 rursum
3145 5334 3448 5405 diapsalma
3507 5332 3725 5396 inserit,

2146 5431 2566 5502 doctrinamque
2621 5436 2798 5483 mutat
2844 5429 3068 5492 dicens,
3131 5425 3427 5497 Usquequo,
3477 5423 3721 5488 Domine,

2149 5533 2349 5578 avertes
2399 5521 2456 5573 in
2492 5520 2695 5589 ﬁnem?
2725 5526 2780 5572 et
2811 5517 3013 5572 emissa
3049 5515 3324 5581 oratione,
3373 5514 3569 5568 iterum
3599 5514 3718 5568 dia-

2148 5617 2412 5686 psalmate
2431 5612 2756 5682 interposito
2789 5611 2980 5674 utitur,
3004 5623 3068 5662 ac
3099 5607 3304 5672 subdit,
3341 5605 3441 5661 Ubi
3470 5615 3593 5660 sunt
3625 5606 3721 5658 mi-

2148 5707 2444 5763 sericordia:
2468 5714 2572 5759 tua:
2602 5704 2854 5774 antiqua‘,
2883 5701 3146 5757 Domine?
3177 5708 3383 5755 mutata
3431 5696 3722 5762 sententia,

461 5845 467 5870 ,
545 5801 622 5871 (1)
653 5799 929 5871 lnterpres
961 5801 1112 5873 legit,
1154 5809 1214 5856 ut
1240 5802 1474 5859 videtur.
1543 5800 1804 5872 Ἐϐραῖκῇ
1837 5806 2009 5871 φωνῇ.
2049 5802 2206 5858 Ευιτ.
