4074 6386
479 295 622 354 “25

1118 294 1387 355 EUSEBII
1426 297 1912 357 CASSARIENSIS
1951 299 2101 357 OPP.
2143 300 2324 356 PARS
2359 298 2447 360 Ill.
2485 331 2558 345 —
2585 302 3005 361 'EXEGETICA.

3588 310 3730 367 1124

476 424 535 471 et
566 418 839 472 revocatis
868 431 1142 487 prioribus
1176 419 1334 475 initio
1379 422 1607 491 prolatis
1641 421 1741 476 Dei
1781 421 2038 492 pollicita-

2157 423 2316 476 πάλιν
2343 424 2584 495 ἐντίθησι
2611 425 2671 478 τὸ
2715 425 3011 496 διάψαλμα,
3043 426 3136 478 καὶ
3184 425 3496 481 ἑναλλάττει
3522 427 3622 498 τὴν
3651 429 3731 482 δι-

477 503 740 575 tionibus,
791 510 865 563 ita
904 519 963 564 ut
1014 510 1375 581 diapsalmata
1430 513 1693 567 rationem
1753 513 2044 583 quamdam

478 611 697 655 servent
726 615 790 655 ac
845 610 1108 656 mutatam
1159 605 1483 659 sententiam
1531 605 1615 659 vel
1652 620 1941 675 personam
1976 606 2054 659 si-

474 690 756 763 gniﬁcent.
788 692 901 747 lloc
930 709 1093 763 porro
1141 696 1292 750 dicas
1334 698 1401 751 de
1446 696 1702 750 onmibus
1747 696 1973 765 psalmis
1996 696 2050 749 in

474 771 676 858 quibus
725 787 1028 857 diapsalma
1082 786 1305 843 fertur:
1345 805 1471 844 nam
1517 796 1612 844 aut
1657 805 1906 861 persona:
1957 798 2053 843 aut

475 861 763 934 senteu't'a:
818 882 1175 935 mutationem
1227 880 1470 936 declarat
1513 900 1527 936 :
1578 882 1873 953 aliquando
1918 897 2050 937 vero

472 968 757 1027 Hebraicm
785 972 1032 1027 melodis:
1062 976 1475 1029 conversionem
1509 982 1681 1028 notat.
1710 975 1906 1045 Aquila
1940 990 2046 1029 au-

472 1070 581 1118 tem
634 1079 903 1134 nusquam
943 1064 1300 1134 diapsalmate
1343 1067 1548 1133 utitur;
1592 1065 1687 1121 sed
1715 1067 1970 1122 onmibus
1994 1067 2047 1120 in

473 1155 612 1211 locis
637 1157 756 1212 vice
786 1156 952 1221 illius,
981 1158 1327 1226 interpretari
1354 1158 1506 1223 solet,
1528 1157 1920 1227 θεωρεῖ.ρυοᾶ
1951 1173 2051 1213 no-

470 1248 558 1303 bis
588 1248 951 1318 ignorandum
982 1263 1092 1302 non
1123 1258 1261 1303 erat.
1294 1249 1350 1302 In
1388 1250 1481 1302 illo
1515 1257 1695 1304 autem
1731 1250 1901 1303 totius
1934 1264 2051 1303 ser-

470 1338 651 1391 monis
676 1353 775 1392 ceu
808 1338 1008 1408 sigillo,
1056 1337 1368 1392 Benedictus
1401 1338 1660 1392 Dominus
1690 1339 1745 1391 in
1772 1347 2045 1403 wternam,

471 1429 590 1499 ﬁat,
621 1430 754 1498 ﬁat;
803 1430 1103 1485 secundum
1155 1433 1429 1503 Aquilam,
1478 1447 1577 1502 pro
1609 1431 1703 1485 illo
1748 1429 1896 1493 Fiat,
1928 1432 2045 1499 ﬁat,

470 1522 673 1593 legitur
703 1520 981 1590 Fideliter,
1016 1523 1279 1593 ﬁdeliter;
1324 1524 1625 1579 secundum
1660 1521 2046 1593 Symmachum

467 1628 622 1681 vero,
649 1614 878 1685 perinde
910 1617 1154 1687 atquein
1206 1614 1473 1672 llebraico
1502 1614 1821 1685 exemplari,
1857 1614 2044 1678 Amen,

468 1721 641 1760 amen.

2150 514 2443 568 δασκαλίαν
2470 516 2692 585 φάσκων
2716 533 2729 545 ·
2758 517 2902 582 Ἕως
2921 519 3084 579 πότε,
3108 519 3302 584 Κύριε,
3325 518 3732 587 ἀποστρέψεις

2153 609 2241 671 είς
2272 604 2476 672 τέλος;
2505 607 2600 659 καὶ⁹
2627 606 2727 677 τὴν
2757 608 2918 679 εὐχὴν
2943 608 3289 681 ἀναπέμψας,
3324 610 3486 664 πάλιν
3517 611 3594 681 τῷ
3614 612 3719 665 δια-

2150 698 2394 766 ψάλματι
2430 697 2631 768 μεταξὺ
2657 699 2941 769 κέχρηται,
2982 700 3077 752 καὶ
3109 700 3351 769 ἐπιλέγει
3376 717 3390 730 ·
3423 701 3551 755 Ποῦ
3594 703 3728 756 ἐστι

2148 789 2223 843 τὰ
2270 790 2411 858 est»;
2456 807 2573 843 σου
2614 792 2685 844 τὰ
2727 790 2943 859 ἀρχαῖα
2966 832 2981 854 ,
3022 793 3225 859 Kt'vpte;
3265 791 3585 862 μεταϐαλὼν
3628 794 3729 866 τὴν

2150 880 2387 936 διάνοιαν
2432 884 2526 936 καὶ
2573 884 3005 955 ἀνακαλούμενος
3051 884 3150 948 τὰς
3190 884 3409 955 πρώτας
3451 886 3547 940 τοῦ
3590 888 3726 941 θεοῦ

2154 972 2503 1041 ἐπαγγελίας,
2554 973 2655 1036 τὰς
2705 976 2761 1025 ὲν
2816 974 2957 1045 ἀρχῇ
3008 973 3319 1045 λεχθείσας·
3375 974 3516 1030 ὥστε
3571 976 3728 1047 λόγον

2153 1062 2297 1134 ἔχειν
2326 1064 2448 1117 τινά
2489 1064 2583 1118 καὶ
2610 1063 2680 1117 τὰ
2712 1064 3060 1137 διαψάλματα
3095 1066 3398 1137 μεταδολῆς
3426 1069 3663 1134 διανοίας
3688 1074 3719 1143 ἢ

2152 1152 2442 1225 προσώπου
2471 1155 2771 1226 ὲναλλαγῆς
2798 1155 2865 1209 δι’
2893 1156 3069 1210 αὐτῶν
3102 1174 3166 1228 ση
3176 1159 3524 1230 μαινομένης.
3557 1161 3718 1214 Τοῦτο

2150 1246 2207 1299 δὲ
2237 1246 2330 1299 ἐπὶ
2364 1248 2579 1300 πάντων
2622 1248 2769 1319 ἐρεῖς
2800 1248 2905 1302 τῶν
2941 1248 3166 1319 ψαλμῶν
3199 1253 3257 1303 ἐν
3303 1246 3384 1314 οἷς
3413 1252 3632 1323 φέρεται
3655 1255 3716 1306 τὸ

2150 1335 2456 1407 διάψαλμα·
2488 1337 2521 1407 ἢ
2555 1336 2664 1408 γὰρ
2696 1337 2787 1391 τοῦ
2822 1338 3111 1411 προσώπου
3145 1341 3470 1411 παρίστησιν
3501 1344 3717 1397 ἐναλλα-

2149 1429 2255 1499 γὴν
2298 1429 2330 1500 ἢ
2364 1429 2463 1500 τῆς
2505 1429 2778 1493 διανοίας·
2814 1430 2929 1483 ἐστι
2972 1431 3018 1485 δ’
3061 1434 3149 1486 ὅτε
3194 1433 3287 1485 καὶ
3323 1434 3594 1504 μεταϐολὴ
3623 1435 3724 1506 τῆς

2148 1521 2290 1574 κατά
2331 1521 2393 1573 τὸ
2442 1521 2725 1593 Ἐδραῖκδν
2773 1521 3055 1593 μελῳδίας.
3105 1522 3173 1576 Ὃ
3218 1540 3278 1591 γε
3328 1524 3427 1595 μὴν
3507 1524 3726 1587 Ακύλας

2147 1610 2385 1681 οὐδαμοῦ
2430 1611 2694 1681 κέχρηται
2731 1610 2808 1681 τῷ
2854 1611 3218 1684 διαψάλματι·
3269 1614 3389 1666 ἀντὶ
3430 1613 3486 1667 δὲ
3532 1614 3725 1668 τούτου

2078 1702 2121 1756 Β
2149 1705 2207 1757 ὲν
2235 1705 2368 1756 πᾶσι
2394 1705 2506 1766 τοῖς
2528 1703 2714 1767 τόποις
2744 1704 2932 1758 εἴωθεν
2956 1705 3278 1777 ἑρμηνεύειν
3303 1705 3382 1770 τὸ,
3407 1706 3517 1760 ἀεί.
3545 1708 3726 1778 Ὅπερ

464 1795 632 1865 ἐχρῆν
661 1796 807 1867 ἡμᾶς
838 1796 911 1868 μὴ
946 1799 1176 1867 ἀγνοεῖν.
1209 1796 1282 1850 Τὸ
1314 1797 1371 1851 δὲ
1398 1797 1816 1869 ὲπισφράγισμα
1841 1760 2042 1858 παντὸς
2065 1793 2161 1846 τοῦ
2192 1792 2352 1862 λόγου
2384 1793 2465 1858 τὸ,
2486 1760 2835 1864 έὺλογιιτὸς
2857 1760 3183 1864 Κύριος-ἐίς
3225 1797 3331 1850 τὸν
3371 1760 3578 1861 αἰῶνα,
3628 1760 3726 1868 rs:-

462 1904 645 1952 νοιτο,
696 1889 948 1958 γένοιτο,
1003 1891 1145 1945 κατὰ
1193 1891 1291 1962 μὲν
1335 1889 1428 1943 τὸν
1479 1889 1708 1943 Ἀκύλαν
1760 1888 1880 1941 ἀντὶ
1925 1884 2042 1948 τοῦ,
2075 1885 2341 1949 Γένοιτο,
2390 1884 2640 1955 γένοιτο,
2696 1885 3182 1957 Πεπιστωμένως,
3237 1891 3718 1960 πεπιστωμένως,

464 1981 754 2051 περιέχει·
823 1983 964 2037 κατὰ
1024 1983 1081 2036 δὲ
1144 1984 1235 2036 τὸν
1296 1981 1589 2053 Σύμμαχον
1617 2021 1631 2045 ,
1700 1980 1901 2052 ὁμοίως
1959 1976 2037 2047 τῷ
2077 1975 2373 2048 Ἐϐραῖκῷ,
2408 1976 2585 2046 Ἀμὴν
2612 1978 2711 2031 καὶ
2745 1978 2927 2048 ἀμήν.

735 2100 787 2155 Ι.
841 2098 1127 2153 LXXXIX.
1155 2098 1416 2154 ORATIO
1454 2098 1731 2154 MOYSIS.

533 2191 779 2249 Vens.2.
818 2192 1061 2260 Domine,
1090 2194 1355 2265 refugium
1387 2194 1560 2264 fartus
1592 2211 1645 2248 es
1687 2193 1835 2248 nobis
1863 2194 1917 2247 in
1954 2209 2040 2264 ge-

464 2287 738 2341 neratione
770 2295 820 2340 et
854 2288 1209 2356 generatione.
1249 2285 1571 2357 Priusquam
1617 2295 1816 2339 montes
1848 2286 2037 2354 ﬁrma-

464 2389 668 2439 rentur,
703 2386 795 2431 aut
843 2378 1167 2447 [armaretur
1212 2388 1353 2432 terra
1382 2389 1431 2432 et
1465 2377 1627 2440 orbis,
1676 2387 1726 2431 et
1781 2393 1813 2429 a
1843 2376 2037 2430 saeculo

464 2486 626 2541 usque
652 2470 706 2523 in
748 2470 999 2524 sa’culum
1032 2478 1085 2522 tu
1114 2486 1189 2533 es,
1218 2468 1381 2523 Deus.
1422 2468 1517 2524 llis
1560 2469 1856 2524 edocemur
1897 2468 2038 2523 divi—

463 2580 597 2619 num
652 2563 873 2633 quidem
921 2562 1134 2617 Numen
1178 2570 1498 2633 perpetuum
1545 2569 1598 2617 et
1646 2561 2037 2630 sempiternum

461 2671 605 2711 esse.
640 2654 776 2709 Nam
806 2655 899 2725 qui
933 2654 1089 2722 dixit,
1112 2655 1253 2709 Deus
1279 2671 1370 2725 ego
1389 2671 1528 2718 sum,
1553 2653 1643 2724 qui
1671 2669 1872 2723 semper
1895 2670 2034 2717 sum,

459 2756 510 2802 et
540 2748 849 2812 idemsum,
885 2756 933 2801 et
966 2746 1021 2799 in
1071 2746 1283 2816 inﬁnita
1319 2744 1516 2801 swcula
1562 2760 1864 2812 permaneo,
1898 2760 2039 2798 nun-

459 2854 628 2908 quam
662 2848 911 2892 naturam
941 2844 1115 2891 mutat
1143 2852 1319 2892 suam.
1338 2835 1448 2892 Nos
1471 2847 1673 2901 autem,
1699 2836 1791 2907 qui
1820 2836 1874 2889 in
1907 2844 2039 2890 tem-

460 2945 595 3001 pore
636 2929 704 2984 ad
753 2930 919 2984 vitam
948 2930 1280 2993 accedimus,
1325 2928 1586 2983 torrentis
1638 2927 1813 2983 instar
1863 2925 2037 2981 elllui-

458 3036 624 3076 mus:
671 3020 931 3090 quoniam
977 3019 1277 3074 secundum
1329 3016 1699 3083 Salomonem,
1755 3016 2035 3072 Generatio

458 3111 716 3174 abscedit,
752 3120 801 3165 et
837 3111 1101 3183 generatio
1141 3112 1278 3164 venit
1300 3108 1365 3173 ⁸⁸,
1389 3117 1444 3165 et
1483 3124 1571 3164 res
1605 3108 1856 3162 humanae
1896 3123 2037 3161 nun-

459 3219 624 3273 quam
653 3205 842 3258 eodem
875 3203 930 3256 in
953 3209 1098 3257 statu
1128 3210 1350 3257 manent
1371 3218 1386 3267 ;
1405 3201 1499 3258 sed
1525 3199 1894 3255 diversimode
1914 3215 2036 3255 mu-

459 3282 673 3350 tantur.
702 3292 964 3348 Dominus
989 3304 1188 3359 autem,
1209 3293 1301 3364 qui
1330 3292 1386 3346 in
1418 3291 1649 3361 singulis
1670 3289 2035 3361 generationi-

2478 2096 2850 2149 ΠΡΟΣΕΥΧΗ
2884 2097 3217 2152 ΜΩΥΣΕΩΣ.
3244 2096 3370 2151 ΠΘ¹.

2216 2187 2414 2254 Κύριε,
2455 2186 2770 2257 καταφυγὴ
2808 2186 3097 2257 ἐγενήθης
3135 2188 3279 2257 ἡμῖν
3314 2189 3385 2241 ἐν
3415 2187 3593 2258 γενεᾷ
3622 2190 3723 2243 καί

2146 2277 2336 2348 γενεᾷ.
2390 2277 2510 2347 Πρὸ
2554 2278 2657 2331 τοῦ
2691 2278 2795 2346 ὅρη
2826 2278 3188 2347 ἑδρασθῆναι
3236 2279 3336 2333 καὶ
3379 2279 3725 2349 πλασθῆναι

2144 2368 2261 2436 τὴν
2289 2365 2404 2438 γῆν
2429 2367 2528 2420 καὶ
2552 2366 2667 2434 τὴν
2692 2367 3070 2437 οἰκουμένην,
3105 2369 3201 2421 καὶ
3234 2367 3352 2422 ἀπὸ
3379 2369 3486 2423 τοῦ
3508 2369 3725 2436 αἰῶνος·

2144 2458 2254 2526 ἕως
2275 2460 2381 2514 τοῦ
2406 2458 2618 2524 αίῶνος
2639 2459 2722 2511 σὺ
2752 2459 2823 2522 εἷ,
2851 2462 2884 2512 ό
2917 2460 3081 2525 Θεός.
3105 2459 3292 2529 Δόγμα
3314 2460 3556 2515 παιδεύει
3575 2462 3604 2514 ὁ
3629 2462 3716 2515 λό-

2143 2568 2262 2622 γος,
2290 2552 2555 2605 διδάσκων
2577 2550 2637 2603 τὸ
2671 2550 2771 2621 μὲν
2792 2550 2945 2605 Θεῖον
2975 2550 3194 2623 διαρκὲς
3222 2552 3488 2625 ὑπάρχειν
3511 2554 3603 2607 καὶ
3632 2555 3683 2607 di
3701 2581 3728 2592 -

2142 2642 2274 2696 διον.
2299 2640 2355 2695 '0
2382 2639 2491 2712 γὰρ
2519 2638 2708 2703 εἰπὼν,
2737 2639 2881 2705 Θεὸς
2904 2638 3018 2709 ἐγώ
3041 2642 3158 2710 εἰμι
3188 2644 3221 2695 ὀ
3243 2639 3345 2707 ὢν,
3372 2642 3461 2695 ἀεὶ
3494 2641 3598 2707 ὢν,
3621 2642 3721 2696 καὶ

2143 2735 2178 2786 d
2204 2731 2386 2797 αὐτὸς
2420 2730 2524 2796 ὢν,
2557 2730 2652 2784 καί
2691 2733 2780 2797 εις
2808 2730 2950 2797 τοὺς
2970 2731 3254 2800 ἀπείρους
3280 2731 3498 2800 αἰῶνας
3522 2734 3725 2804 διαμέ-

2141 2840 2283 2889 νων,
2333 2821 2530 2876 οὔποτε
2577 2822 2898 2894 μεταϐάλλει
2937 2823 3038 2895 τὴν
3082 2824 3247 2877 αὐτοῦ
3298 2824 3477 2895 φύσιν.
3532 2826 3721 2897 Ἡμεῖς

2141 2913 2217 2982 δὲ,
2253 2912 2396 2967 κατὰ
2429 2915 2654 2985 καιροὺς
2695 2914 2983 2985 παριόντες
3015 2915 3093 2977 είς
3125 2915 3216 2970 τὸν
3255 2915 3390 2987 βίον,
3419 2917 3720 2989 χειμάρρου

2142 3006 2341 3076 τρόπον
2381 3005 2726 3079 ἀπορρέομεν
2745 3022 2759 3035 ·
2802 3005 2925 3058 ἐπεὶ
2955 3004 3049 3058 καὶ
3100 3005 3241 3059 κατά
3283 3007 3374 3060 τὸν
3406 3007 3717 3078 Σολομῶνα,

2142 3099 2330 3155 Γενεὰ
2357 3101 2689 3169 πορεύεται,
2738 3100 2836 3152 καὶ
2879 3098 3057 3167 γενεὰ
3103 3097 3357 3168 ἔρχεται,
3387 3100 3481 3153 καὶ
3514 3100 3581 3154 τά
3622 3101 3720 3154 άν-

2141 3190 2388 3265 Θρώπινα
2415 3192 2719 3263 πράγματα
2750 3190 2807 3243 δὲ
2847 3190 2968 3243 οὐδὲ
3000 3190 3218 3243 πώποτε
3240 3191 3297 3243 ὲν
3323 3191 3505 3261 ταύτῷ
3542 3191 3713 3263 μένει.

2140 3283 2327 3339 ἄλλοτε
2379 3283 2423 3336 δ’
2475 3282 2649 3345 ἄλλως
2701 3279 3045 3351 μεταϐάλλει.
3096 3280 3155 3332 '0
3206 3279 3263 3333 δὲ
3312 3280 3541 3352 διαρκὴς
3592 3284 3715 3335 καθ’

458 3384 565 3441 bus
605 3393 809 3451 manet,
844 3386 899 3439 in
938 3400 996 3441 se
1036 3385 1374 3457 sperantium
1403 3382 1674 3453 refugium
1718 3381 1895 3436 factus
1927 3388 2033 3438 est.

2139 3376 2374 3445 ἑκάστην
2417 3374 2610 3445 γενεάν
2646 3374 2851 3443 Κύριος
2892 3372 2999 3427 τῶν
3045 3374 3125 3436 είς
3174 3372 3335 3426 αὑτὸν
3383 3374 3714 3438 ἐλπιζόντων

458 3476 592 3533 Nam
625 3487 752 3533 ante
778 3477 1039 3533 diluvium
1081 3476 1290 3539 Enocb,
1319 3474 1442 3529 etsi
1471 3473 1596 3545 quis
1626 3472 1767 3527 alius
1787 3470 2033 3541 ejusdem

456 3569 850 3642 generationis.
886 3569 941 3624 in
977 3567 1247 3639 refugium
1282 3566 1461 3636 ipsum
1508 3562 1699 3617 habuit
1725 3579 1738 3615 :
1767 3569 2034 3633 pereunte

456 3670 642 3715 autem
676 3659 732 3713 in
765 3658 970 3713 diluvio
1013 3657 1295 3711 hominum
1323 3667 1542 3724 genere,
1586 3667 1781 3707 rursus
1809 3649 1922 3706 Noe
1953 3651 2034 3720 ip-

457 3764 581 3804 sum
609 3756 664 3804 et
705 3764 812 3803 non
851 3749 1019 3802 alium
1066 3747 1122 3801 in
1154 3745 1427 3815 refugium
1457 3744 1716 3798 obtinuit.
1751 3741 1819 3795 Et
1840 3751 2032 3813 postea

455 3842 561 3897 Lot
591 3858 654 3897 ex
687 3839 1095 3896 Sodomitarum
1132 3837 1517 3909 generatione;
1556 3835 1852 3901 Abraham,
1881 3833 2033 3890 Isaac

455 3944 510 3989 et
540 3932 732 4000 Iacob,
769 3931 971 4003 singuli
1024 3931 1080 3985 in
1121 3944 1249 3994 sua;
1287 3928 1394 3983 imo
1424 3928 1587 3982 etiam
1618 3925 1819 3997 Josepb
1860 3927 1916 3980 in
1937 3940 2032 3995 ge-

453 4028 742 4083 neratione
780 4041 901 4090 sua,
933 4039 996 4079 ac
1029 4022 1241 4096 Moyses
1270 4037 1489 4077 rursum
1530 4020 1587 4076 in
1618 4019 1722 4074 alia
1747 4038 1763 4087 ;
1787 4020 1841 4073 in
1877 4034 2026 4075 sum-

452 4135 542 4174 ma
569 4135 666 4189 per
700 4118 948 4190 singulas
980 4117 1384 4187 generationes,
1418 4112 1733 4177 Dominum,
1763 4109 1858 4181 qui
1886 4125 2031 4166 sem-

454 4224 554 4280 per
579 4214 684 4271 est,
716 4207 772 4262 in
822 4207 1091 4278 refugium
1123 4206 1435 4261 habuerunt
1478 4202 1573 4272 qui
1604 4202 1659 4256 in
1692 4203 1811 4272 ipso
1843 4215 2031 4271 spera-

453 4308 602 4355 runt.
630 4297 727 4355 llis
759 4313 924 4369 porro
956 4313 1057 4353 nos
1104 4296 1390 4367 Scriptura
1426 4296 1700 4357 hortatur,
1752 4299 1813 4346 ut
1858 4306 1928 4347 ne
1971 4292 2029 4346 in

453 4390 624 4445 alium
689 4404 851 4459 quam
907 4388 961 4442 in
1020 4386 1190 4442 Deum
1250 4400 1576 4457 speremus;
1628 4382 1722 4439 sed
1774 4384 1830 4437 in
1880 4384 2028 4438 omni

451 4492 722 4554 tempore,
763 4480 819 4534 in
868 4479 1101 4551 singulis
1138 4478 1333 4534 diebus
1383 4485 1439 4532 et
1475 4475 1650 4539 boris,
1692 4476 1748 4530 in
1796 4476 2029 4544 singulis

450 4574 583 4629 item
614 4570 945 4633 actionibus,
967 4568 1311 4638 maximeque
1340 4567 1396 4623 in
1426 4575 1673 4637 tempore
1699 4566 2029 4622 calamitatis

454 4666 524 4721 ad
560 4665 736 4736 ipsum
787 4661 1193 4733 confugiamus.
1246 4658 1313 4714 Et
1361 4659 1621 4730 quoniam
1679 4659 1773 4730 qui
1826 4658 2029 4730 frigore

2136 3467 2426 3537 καταφυγὴ
2474 3466 2708 3535 γίνεται.
2756 3464 2871 3537 Πρὸ
2915 3465 3015 3535 μὲν
3051 3465 3160 3537 γάρ
3199 3465 3295 3519 τοῦ
3328 3467 3711 3539 κατακλυσμοῦ

2148 3558 2339 3629 Ἑνὼχ,
2368 3557 2463 3611 καὶ
2488 3558 2644 3621 εἴτις
2674 3554 2832 3619 ἄλλος
2867 3555 2967 3626 τῆς
2999 3555 3120 3608 τότε
3154 3558 3364 3625 γενεᾶς,
3390 3559 3714 3628 καταφυγὴν

2133 3649 2296 3703 αὐτὸν
2335 3649 2567 3721 ἔσχηκεν
2586 3664 2599 3678 ·
2628 3647 3001 3719 ἀπολλυμένου
3045 3647 3103 3701 δὲ
3140 3646 3234 3702 τού
3280 3650 3388 3704 τῶν
3413 3648 3714 3722 ἀνθρώπων

2131 3742 2324 3811 γένους
2354 3742 2412 3794 ὲν
2455 3739 2534 3811 τῷ
2579 3740 2971 3811 κατακλυσμῷ,
3017 3740 3179 3793 πάλιν
3222 3740 3346 3795 Νῶε
3392 3744 3749 3814 καταφυγὴ)Δ

2128 3834 2316 3901 αὑτὸν,
2339 3833 2454 3888 ἀλλ’
2480 3832 2540 3886 ού
2561 3850 2683 3887 τινα
2705 3833 2891 3904 ἕτερον
2919 3833 3205 3903 ἐκτήσατο.
3239 3832 3350 3887 Καὶ
3381 3833 3519 3904 μετά
3540 3833 3715 3888 ταῦτα

2132 3926 2294 3981 πάλιν
2330 3928 2360 3980 ὁ
2394 3925 2519 3995 Λὼτ
2558 3927 2623 3980 ὲκ
2656 3924 2758 3996 τῆς
2787 3925 3091 3996 Σοδομιτῶν
3131 3927 3343 3995 γενεᾶς,
3384 3925 3633 3998 Ἀϐραάμ
3651 3944 3715 3981 τε

2132 4020 2227 4073 καὶ
2268 4018 2455 4073 Ἰσαὰκ
2504 4017 2601 4072 καὶ¹
2643 4017 2861 4082 Ἰακὼδ,
2912 4019 3006 4071 ἐπὶ
3052 4017 3154 4088 τῆς
3196 4016 3405 4070 ἑαυτῶν
3445 4017 3711 4083 ἕκαστος·

2129 4110 2192 4163 ού
2223 4110 2330 4181 μὴν
2362 4109 2498 4164 ἀλλά
2539 4110 2635 4163 καὶ
2673 4092 2869 4181 Ἰωσὴφ
2890 4110 2985 4163 ἐπὶ
3012 4110 3112 4181 τῆς
3140 4110 3259 4162 κατ’
3300 4108 3462 4163 αὐτὸν
3493 4113 3713 4180 γενεᾶς,

2130 4201 2223 4254 καὶ
2253 4201 2495 4272 Μωῦσῆς
2520 4200 2681 4254 πάλιν
2713 4199 2809 4252 ἐπὶ
2835 4199 3035 4271 ἄλλης·
3083 4201 3178 4253 καὶ
3217 4199 3553 4267 ἁπαξαπλῶς
3585 4203 3714 4257 καθ’

2129 4291 2365 4362 ἑκαστην
2390 4290 2582 4361 γενεὰν
2608 4291 2698 4344 τὸν
2719 4292 2805 4344 ἀεὶ
2826 4291 2954 4344 ὄντα
2977 4291 3181 4363 Κύριον
3206 4293 3525 4366 καταφυγὴν
3548 4296 3717 4367 ἐσχή-

2128 4396 2287 4436 κασιν
2314 4383 2362 4435 οί
2392 4383 2473 4445 είς
2509 4380 2672 4435 αὑτὸν
2702 4381 3010 4452 ἠλπικότες.
3042 4384 3349 4458 Προτρέπει
3385 4386 3444 4440 δὲ
3470 4386 3558 4442 διά
3580 4388 3705 4442 τούς

2127 4491 2235 4527 των
2291 4475 2387 4528 καί⁵
2436 4476 2583 4546 ἡμᾶς
2630 4476 2659 4527 ὁ
2700 4473 2857 4542 λόγος
2912 4475 2987 4546 μὴ
3026 4476 3120 4528 ἐπί
3168 4494 3292 4532 τινα
3325 4479 3513 4551 ἕτερον
3555 4483 3714 4551 παρὰ

2125 4566 2219 4620 τὸν
2248 4565 2380 4619 Θεὸν
2405 4565 2668 4631 ἐλπίζειν,
2706 4566 2872 4620 παντὶ
2913 4565 2970 4619 δὲ
3015 4567 3192 4640 καιρῷ
3214 4569 3307 4623 καὶ
3346 4570 3528 4643 ἡμέρᾳ
3557 4571 3713 4644 πάσῃ

2128 4658 2223 4710 καὶ
2289 4656 2442 4730 ὥρᾳ,
2507 4657 2569 4711 ὲν
2635 4656 2842 4731 ἑκάστῃ
2911 4675 2966 4711 τε
3029 4659 3254 4731 πράξει,
3320 4662 3416 4716 καὶ
3473 4663 3713 4733 μάλιστα

452 4732 745 4820 vexantur,
786 4732 1143 4826 tegumento;
1192 4752 1284 4822 qui
1321 4751 1375 4805 in
1425 4751 1563 4805 mari
1610 4752 2026 4821 tempestatibus

2139 4750 2188 4801 ὲν
2224 4751 2337 4813 τοῖς
2382 4751 2789 4821 περιστατικοῖς
2840 4752 3070 4822 καιροῖς,
3124 4751 3211 4805 ἐπ’
3256 4753 3418 4808 αύτὶν
3460 4771 3713 4825 καταφυ-

447 4849 751 4921 jactantur,
801 4854 1003 4918 portu;
1057 4844 1152 4916 qui
1213 4844 1284 4899 ab
1344 4842 1584 4899 inimicis
1640 4849 1695 4898 et
1750 4844 2024 4907 hostibus,

2139 4844 2269 4909 γεῖν.
2321 4842 2431 4895 Καὶ
2474 4841 2773 4913 ἐπειδήπερ
2816 4843 2866 4894 οἱ
2909 4842 3008 4913 μὲν
3053 4843 3437 4915 χειμαζόμενοι
3483 4845 3711 4917 στέγης,

451 4950 545 4995 aut
573 4955 602 4993 a
626 4938 760 4995 feris
782 4939 1087 5010 agrestibus
1125 4937 1423 5008 pelluntur,
1461 4935 1633 4989 muris
1659 4933 1726 4989 ad
1753 4936 2022 5005 refugium

2139 4935 2178 4987 οἱ
2231 4933 2288 4987 δὲ
2345 4932 2489 4987 κατά
2549 4933 2647 5005 τὴν
2701 4932 2976 4988 θάλασσαν
3039 4936 3488 5008 κλυδωνιζόμενοι
3550 4938 3713 5009 λιμέ-

451 5049 590 5104 opus
617 5031 853 5098 habent;
885 5046 1007 5084 cum
1034 5029 1118 5085 bis
1149 5040 1330 5083 autem
1370 5026 1628 5083 omnibus
1664 5027 1827 5081 homo
1857 5026 1950 5080 Dei
1967 5027 2022 5080 in

2139 5043 2239 5092 vo;,
2285 5027 2336 5079 οί
2392 5026 2450 5079 δὲ
2497 5026 2603 5079 ὑπὸ
2628 5026 2837 5100 ἐχθρῶν
2895 5027 2989 5081 καὶ
3043 5027 3318 5097 πολεμίων
3371 5028 3406 5101 ἦ
3460 5029 3555 5082 καὶ
3609 5029 3714 5101 θη-

449 5124 707 5196 przesenti
737 5124 848 5179 vita
886 5128 1199 5178 concertat:
1236 5119 1551 5175 necessario
1585 5121 1813 5175 docetur
1840 5127 1902 5172 ut
1930 5134 2018 5173 re-

2139 5118 2241 5189 ρῶν
2271 5117 2476 5191 ἀγρίων
2496 5118 2841 5190 διωκόμενοι,
2867 5117 3081 5188 τείχους
3101 5119 3180 5181 εἰς
3212 5119 3533 5191 καταφυγὴν
3557 5120 3714 5173 δέον-

450 5220 681 5291 fugium,
706 5233 947 5279 murum,
966 5228 1289 5286 portumque
1309 5214 1549 5268 salutare
1577 5212 1682 5267 sibi
1714 5219 1865 5282 putet
1897 5225 2021 5266 esse

2139 5229 2245 5265 ται·
2272 5213 2406 5265 πᾶσι
2439 5211 2494 5265 δὲ
2519 5215 2725 5275 τούτοις
2755 5214 2784 5265 ό
2820 5209 2913 5263 τοῦ
2944 5207 3079 5264 Θεοῦ
3111 5209 3395 5282 ἄνθρωπος
3428 5210 3571 5265 κατὰ
3617 5211 3711 5267 τὸν

451 5310 777 5377 hominum;
812 5319 872 5364 ut
899 5310 1016 5363 sive
1048 5305 1445 5378 persecutionis
1470 5315 1713 5374 tempore
1744 5303 1814 5358 ab
1837 5302 2017 5357 inimi-

2139 5306 2368 5377 παρόντα
2402 5304 2515 5377 βίον
2555 5304 2800 5359 παλαίει·
2840 5301 3151 5371 ἀναγκαίως
3194 5302 3504 5358 διδάσκεται
3530 5321 3708 5358 κατα-

457 5404 531 5459 :is
559 5402 855 5473 pellamur,
889 5400 1004 5457 sive
1049 5400 1118 5454 ab
1165 5397 1531 5455 invisibilibus
1558 5395 1809 5451 hostibus
1846 5409 2019 5464 oppu-

2139 5398 2301 5469 ρυγὴν
2334 5397 2527 5451 ἑαυτοῦ
2560 5397 2655 5451 καὶ
2684 5399 2881 5467 τεῖχος,
2923 5395 3114 5466 λιμένα
3148 5413 3207 5449 τε
3241 5399 3506 5469 σωτήριον
3554 5401 3704 5470 ἡγεῖ.

449 5510 700 5564 gnemur,
734 5493 849 5549 sive
882 5492 1160 5547 hominum
1191 5492 1244 5546 in
1282 5507 1381 5546 nos
1417 5490 1852 5559 conspirantium
1886 5487 2021 5542 insi-

2139 5488 2249 5542 σθαι
2275 5490 2370 5543 τὸν
2402 5488 2593 5542 ἑαυτοῦ
2618 5487 2818 5559 Κύριον
2838 5503 2851 5517 ·
2885 5488 2973 5549 ἵν’,
3008 5488 3116 5540 εἴτε
3139 5488 3198 5541 ἐν
3221 5494 3430 5561 καιροῖς
3448 5490 3705 5561 διωγμῶν

450 5585 557 5639 diis
593 5593 888 5648 tentemur,
914 5585 1203 5655 vigilanter
1241 5585 1307 5637 ad
1344 5580 1633 5636 Dominum
1681 5590 1927 5635 nostrum
1962 5587 2017 5633 ot

2139 5580 2215 5633 in‘
2249 5579 2458 5652 ἐχθρῶν
2486 5577 2853 5650 ὲλαυνώμεθα,
2888 5578 2998 5632 εἴτε
3028 5578 3134 5632 ὑπὸ
3155 5579 3400 5651 ἀοράτων
3427 5581 3704 5651 πολεμίων

451 5672 620 5729 Deum
646 5676 1046 5745 confugiamus,
1088 5675 1180 5744 qui
1219 5675 1272 5728 in
1304 5673 1652 5745 generatione
1703 5680 1755 5727 et
1784 5686 2008 5742 genera-

2139 5670 2525 5742 κολεμούμεθα,
2554 5671 2663 5723 εἴτε
2698 5670 2802 5723 ὑπὸ
2826 5670 2931 5724 τῶν
2967 5670 3393 5735 συσκευάζεσθαι
3414 5674 3559 5745 ἡμᾶς
3581 5689 3701 5727 πει-

441 5779 449 5787 ·
524 5761 571 5795 ⁸⁸
606 5764 759 5823 Eccl.
793 5779 844 5828 t,
877 5763 930 5819 4.
