4074 6442
507 345 650 402 “25

1636 352 2138 410 COMMENTARIA
2179 353 2242 407 ΙΝ
2282 353 2619 409 PSALMOS.

3604 361 3743 416 “26

495 458 753 533 ρωμένων
784 459 1282 531 ὲπιϐουλευοίμεθα,
1320 463 1594 534 νηφόντως
1633 466 1725 518 ἐπὶ
1750 467 1837 520 τὸν
1864 466 2046 537 Κύριοε

2170 467 2315 521 tione
2339 465 2706 520 invocantium
2740 481 2798 522 se
2837 478 3208 539 propugnator
3235 478 3288 526 et
3333 486 3385 541 pl
3399 474 3610 526 oteaor
3639 483 3744 531 est.

491 553 648 623 ἡμῶν
690 555 783 606 καὶ
811 553 902 607 τὸν
942 553 1072 607 Θεὸν
1110 553 1539 625 καταφύγοιμεν,
1569 557 1658 610 τὸν
1702 559 1841 613 κατὰ
1874 559 2064 627 γενεὰν

490 647 585 699 καὶ
605 647 795 715 γενεὰν
822 647 1137 718 ύπέρμαχον
1172 647 1486 717 γιγνόμενον
1517 650 1609 701 καὶ
1652 650 2064 720 ὑπερασπιστὴν

487 736 596 791 τῶν
632 737 1074 807 ἐπικαλουμένων
1112 737 1292 791 αὐτόν.
1333 738 1474 790 Ἀντὶ
1511 738 1567 790 δὲ
1600 737 1715 802 τοῦ,
1761 741 1855 794 Ἐν
1890 740 2066 811 γενεᾷ

487 831 587 884 καί
618 827 813 899 γενεᾷ,
843 828 1170 900 σαφέστερον
1203 831 1231 882 6
1258 829 1550 899 Σύμμαχος
1580 831 1836 897 ἐξέδωκεν
1873 833 2061 901 εἰπὼν,

497 922 598 976 Ἐν
626 920 851 990 ἑκάστῃ
886 920 1058 989 γενεᾷ
1077 937 1090 949 ο
1120 921 1213 974 καὶ
1246 921 1406 976 πάλιν
1427 939 1439 952 ο
1473 921 1592 990 Πρὸ
1620 923 1724 976 τοῦ
1753 923 1857 991 ὄρη
1895 942 2066 993 γενη-

483 1013 662 1082 θῆναι
698 1011 798 1065 καὶ
843 1011 1189 1078 πλασθῆναι
1230 1011 1344 1080 τὴν
1383 1010 1498 1082 γῆν
1543 1015 1639 1066 καὶ
1683 1015 2060 1084 οἰκουμένην,

483 1101 788 1172 συμφώνως
822 1098 956 1171 ὁμοῦ
995 1099 1223 1164 Ἀκύλας
1255 1102 1348 1154 καὶ
1393 1101 1685 1172 Σύμμαχός
1713 1121 1844 1172 φασι
1868 1120 1881 1134 ο
1914 1105 2064 1173 Πρὶν

481 1191 588 1260 ὅρη
614 1190 897 1259 τεχθῆναι
933 1191 1030 1244 καί
1069 1191 1429 1260 ὼδινηθῆναι
1462 1193 1578 1262 γῆν
1607 1193 1704 1246 καὶ
1732 1194 1844 1262 τὴν
1877 1198 2063 1250 οἰκου-

477 1283 690 1352 μένην.
725 1284 834 1336 Καί
857 1301 946 1354 μοι
968 1284 1114 1336 δοκεῖ
1144 1285 1175 1354 ἡ
1218 1284 1480 1356 Ἐϐραῖκὴ
1508 1285 1651 1349 λέξις
1672 1288 1895 1356 φυσικὸν
1925 1289 2060 1342 ἀπο·

478 1376 770 1430 δεδωκέναι
820 1375 997 1444 λόγον,
1039 1377 1097 1427 ὲν
1138 1376 1320 1438 αὐτοῖς
1363 1375 1684 1431 διδάσκουσα
1713 1379 1786 1449 μὴ
1825 1379 2060 1450 ἀρχῆθεν

481 1466 818 1537 συνυπάρξαι
845 1469 911 1537 τῇ
958 1469 1027 1537 γῇ
1058 1466 1127 1520 τὰ
1160 1467 1216 1518 ἐν
1266 1466 1402 1536 αὐτῇ
1434 1466 1557 1537 ὅρη,
1600 1467 1712 1520 ἀλλ’
1755 1468 2060 1538 ἀναφυῆναι

477 1559 633 1628 δίκην
661 1557 768 1610 τῶν
792 1557 1123 1628 τικτομένων
1141 1575 1155 1589 ·
1183 1557 1261 1610 διὸ
1292 1556 1537 1627 εἴρηται·
1568 1557 1683 1626 Πρὸ
1709 1559 1813 1613 τοῦ
1839 1559 1942 1629 ὅρη
1972 1579 2061 1629 γε·

476 1645 752 1714 νηθῆναι,
789 1645 845 1717 ἢ,
889 1645 1036 1714 Πρὶν
1063 1646 1168 1714 ὄρη
1194 1644 1474 1714 τεχθῆναι
1495 1663 1509 1676 ·
1545 1647 1636 1698 καὶ
1670 1647 1814 1710 είκὸς
1842 1648 1957 1718 ἅμα
1983 1648 2060 1719 τῷ

475 1736 732 1806 τεχθῆναι
756 1737 824 1790 τὰ
847 1737 946 1811 όρη
977 1737 1071 1790 καὶ
1097 1735 1470 1807 προδληθῆναι
1492 1735 1598 1788 ἀπὸ
1621 1737 1717 1808 τῆς
1741 1737 1845 1806 γῆς
1868 1739 2060 1792 καταλ-

2167 555 2272 611 Pro
2303 556 2394 610 illo
2431 564 2634 620 autem,
2667 555 2735 610 In
2781 561 3112 628 generatione
3154 571 3202 615 et
3247 563 3600 631 generatione.
3634 565 3744 617 cla-

2165 650 2278 700 rius
2309 645 2668 716 Symmachus
2692 645 2862 701 edidit
2896 647 2981 702 his
3018 649 3220 712 verbis,
3251 648 3315 703 In
3335 649 3560 719 singulis
3589 666 3744 719 gene-

2165 738 2502 800 rationibus;
2535 753 2598 790 ac
2643 752 2864 792 rursum
2918 738 3054 802 hinc,
3091 739 3387 811 Antequam
3414 756 3615 798 montes
3649 745 3745 814 ﬁe—

2165 837 2299 892 rent,
2331 837 2379 882 et
2413 828 2738 892 [armaretur
2784 838 2926 882 terra
2973 841 3021 883 et
3056 832 3233 894 orbis;
3265 834 3460 904 Aquila
3497 844 3552 891 el.
3585 835 3744 907 Sym-

2164 920 2391 974 machus
2428 921 2679 974 similiter
2716 921 2795 975 sic
2826 920 2996 976 edunt
3032 941 3045 976 :
3083 922 3373 994 Antequam
3418 938 3615 982 montes
3640 945 3732 997 pa-

2163 1024 2424 1076 rerentur,
2453 1020 2501 1066 et
2555 1013 2914 1081 parturiretur
2939 1023 3081 1067 terra
3111 1023 3159 1068 et
3211 1015 3371 1070 orbis.
3404 1015 3741 1088 Videturquo

2163 1101 2295 1155 mihi
2322 1100 2588 1156 Hebraica
2613 1103 2774 1157 lectio
2803 1103 3086 1174 physicam
3112 1108 3380 1160 rationem
3417 1109 3740 1177 reddidisse,

2163 1191 2368 1248 docens
2419 1209 2530 1247 non
2562 1194 2629 1247 ah
2669 1193 2825 1247 initio
2853 1203 3066 1250 montes
3098 1212 3206 1250 una
3237 1213 3361 1251 cum
3405 1209 3547 1254 terra
3577 1205 3740 1255 exsti-

2164 1283 2318 1348 tisse,
2351 1283 2444 1338 sed
2473 1291 2727 1353 partuum
2755 1285 2929 1339 instar
2953 1294 3104 1342 ortos
3130 1303 3253 1343 esse
3287 1308 3300 1342 :
3335 1303 3504 1360 quare
3533 1291 3738 1345 dictum

2170 1383 2276 1440 est,
2340 1374 2658 1446 Priusquam
2715 1386 2912 1431 montes
2966 1380 3180 1447 ﬁerent;
3242 1388 3356 1446 aut,
3418 1380 3739 1454 Priusquam

2162 1477 2362 1524 montes
2413 1480 2768 1538 pararentur:
2805 1487 2868 1525 ac
2900 1472 3197 1529 verisimile
3224 1483 3330 1538 est,
3368 1485 3582 1532 montes
3612 1494 3735 1532 cum

2162 1570 2505 1631 parerentur,
2536 1578 2599 1617 ac
2637 1564 2786 1618 velut
2822 1564 3058 1620 infantes
3097 1582 3126 1620 e
3158 1575 3304 1621 terra
3335 1571 3734 1634 emitterentur,

2162 1667 2270 1705 non
2315 1668 2378 1708 ea
2411 1669 2516 1723 qua
2559 1670 2707 1709 nunc
2755 1663 2881 1709 sunt
2926 1639 3259 1714 celsitudine
3293 1660 3495 1728 fuisse;
3531 1661 3623 1716 sed
3652 1678 3738 1716 rc-

2160 1758 2292 1799 cens
2321 1753 2502 1808 natos,
2541 1753 2599 1800 ut
2629 1745 2866 1801 infantes
2902 1763 3077 1817 nuper
3115 1757 3288 1815 ortos,
3313 1751 3543 1822 exiguos
3574 1753 3735 1806 mini-

475 1825 652 1896 λήλως
691 1829 821 1889 τοῖς,
847 1825 1105 1897 βρέφεσι,
1148 1827 1222 1897 μὴ
1252 1829 1409 1879 ὁποῖα
1437 1825 1532 1879 νῦν
1563 1826 1624 1879 τὸ
1664 1826 1890 1896 μέγεθος
1923 1829 2046 1881 ὑπο-

2161 1851 2388 1906 mosque
2417 1837 2734 1905 exstitisse;
2769 1839 3138 1908 diuturnoque
3173 1855 3289 1895 aevo
3329 1843 3732 1897 incrementum

476 1917 690 1988 στῆναι,
708 1917 821 1971 ἀλλ’
844 1918 968 1990 ἄρτι
989 1919 1086 1989 μὲν
1113 1919 1438 1989 γεννηθέντα
1463 1919 1554 1972 καὶ
1568 1919 1846 1990 τεχθέντα,
1866 1920 2012 1973 ὥσπε
2022 1939 2052 1992 ρ

472 2014 734 2084 ἀρτιγενῆ
769 2013 877 2066 τῶν
911 2013 1144 2084 βρεφῶν,
1187 2014 1356 2085 μικρά
1388 2015 1481 2068 καὶ
1507 2015 1764 2085 ἐλάχιστα
1791 2015 2048 2088 ὑπάρξαι,

469 2103 545 2174 τῷ
569 2105 626 2157 δὲ
659 2105 854 2177 μακρῷ
873 2105 1028 2158 αίῶνι
1052 2105 1219 2176 αὔξην
1242 2108 1333 2159 καὶ
1359 2106 1586 2177 μέγεθος
1607 2105 1896 2160 ἐπιδοῦναι.
1915 2107 2052 2160 Φασὶ

468 2197 600 2264 γοῦν
627 2199 707 2261 είς
729 2197 806 2250 ἔτι
828 2197 987 2269 δεῦρό
1006 2215 1149 2262 τινες
1167 2197 1276 2250 τῶν
1293 2198 1622 2268 φυσιολόγων
1643 2198 1827 2265 αὔξειν
1842 2197 1909 2252 τά
1930 2198 2053 2269 ὅρη,

468 2289 564 2341 καὶ
603 2288 704 2352 τὰς
750 2289 954 2360 πέτρας
991 2288 1210 2359 μείζους
1238 2289 1446 2344 ἑαυτῶν
1478 2289 1720 2359 γίνεσθαι
1745 2292 1885 2344 κατά
1907 2309 2056 2354 τινας

472 2376 838 2442 λανθανούσας
859 2381 1007 2450 ἡμᾶς
1035 2379 1121 2432 διὰ
1153 2380 1376 2452 μακρῶν
1417 2381 1680 2450 περιόδων
1710 2380 2054 2452 βραχυτάτας

471 2470 808 2540 προσθήκας.
844 2471 996 2523 Ἐπεὶ
1021 2470 1076 2523 δὲ
1105 2471 1198 2523 καὶ
1226 2471 1549 2542 ὠδινηθῆναι
1580 2471 1677 2543 τὴν
1706 2474 1807 2544 γῆν
1837 2473 1932 2526 καὶ
1953 2472 2048 2544 τὴν

468 2561 794 2631 οἰκουμένην
827 2562 1108 2632 εἰρήκασιν
1139 2563 1188 2616 οἱ
1221 2562 1670 2632 έρμηνεύσαντες,
1700 2563 2050 2635 ἐξακολουθή-

471 2669 662 2714 σαντες
686 2653 764 2723 τῷ
804 2653 1096 2724 Ἐϐραῖκῷ,
1123 2654 1332 2724 μήποτε
1366 2655 1457 2706 καὶ
1486 2655 1577 2706 ἐπὶ
1605 2655 1703 2724 τῆς
1731 2656 1833 2725 γῆς
1853 2656 1912 2708 τὸ
1946 2673 2049 2708 πα-

471 2743 770 2814 ραπλήσιον
813 2748 926 2808 τοῖς
956 2744 1104 2816 ὄρεσι
1134 2745 1321 2816 νοῆσαι
1358 2746 1640 2816 προσήκει,
1672 2746 1747 2810 ὡς
1778 2747 1836 2813 ἐξ
1858 2749 2044 2820 ἐτέρου

2157 1933 2212 1978 et
2245 1927 2674 1996 magnitudinem
2719 1929 3014 1999 accepisse.
3043 1929 3177 1985 Nam
3216 1933 3437 2002 quidam
3481 1950 3546 1988 ex
3593 1936 3734 2007 phy-

2159 2017 2380 2088 siologis
2407 2019 2676 2089 hodieque
2701 2021 2871 2085 aiunt,
2903 2030 3113 2076 montes
3142 2038 3411 2088 crescere,
3430 2039 3495 2079 ac
3518 2034 3722 2095 petras,

2157 2110 2397 2180 acceptis
2453 2112 2614 2182 longo
2661 2121 2966 2184 temporum
3021 2115 3296 2170 curriculo
3329 2117 3580 2184 modicis,
3613 2131 3734 2188 qua:

2157 2201 2316 2256 nobis
2355 2202 2543 2267 latent,
2571 2203 2943 2268 incrementis,
2974 2207 3210 2276 majores
3240 2209 3444 2263 sensim
3480 2211 3730 2266 evadere.

2156 2289 2294 2357 Quia
2336 2307 2464 2346 vero
2513 2293 2864 2364 interpretes,
2892 2295 3217 2352 Hebraicum
3267 2309 3580 2370 sequentes,
3623 2309 3732 2355 ter—

2154 2397 2271 2435 ram
2321 2391 2374 2437 et
2416 2384 2604 2438 orbem
2655 2388 2956 2455 parturisse
2984 2387 3269 2455 dixerunt;
3307 2407 3435 2445 num
3471 2393 3633 2446 etiam
3664 2393 3733 2448 de

2154 2480 2302 2527 terra
2355 2476 2506 2544 paria
2543 2476 2607 2531 iis
2654 2493 2774 2546 quae
2806 2478 2872 2532 de
2907 2481 3184 2536 montibus
3217 2484 3459 2552 cogitare
3487 2499 3583 2553 par
3612 2486 3730 2537 fue-

2155 2565 2245 2628 rit,
2286 2567 2442 2636 quasi
2474 2566 2589 2635 ipsa
2624 2583 2844 2638 quoque
2883 2586 2948 2623 ex
2990 2572 3098 2625 alio
3129 2573 3398 2628 elemento
3441 2575 3723 2644 procedat,

2153 2659 2226 2712 ita
2263 2666 2322 2712 ut
2345 2659 2509 2712 etiam
2547 2661 2637 2713 illa
2670 2662 2844 2729 prius,
2878 2663 3036 2732 quasi
3071 2678 3102 2716 a
3133 2669 3544 2736 praegnantibus
3583 2674 3635 2721 et
3666 2668 3721 2721 in

2152 2758 2311 2819 partu
2333 2749 2550 2804 dulores
2579 2751 2934 2820 patientibus.
2969 2756 3371 2822 parturiretur?

471 2835 735 2905 στοιχείου
759 2837 1126 2906 προελθούσης
1157 2837 1348 2907 αὐτῆς,
1390 2837 1482 2890 ’καὶ
1512 2837 1774 2909 πρότερον
1833 2840 1929 2909 μὲν
1987 2840 2336 2912 ὼδινηθείσης
2362 2841 2533 2912 ίδίκην
2587 2841 2694 2894 τῶν
2737 2845 3138 2915 κυοφορουσῶν,
3170 2847 3261 2899 καὶ
3287 2850 3342 2900 ὲν
3382 2847 3462 2918 τῷ
3520 2848 3730 2902 -ιίκαιειι⁸

468 2929 852 3000 ύπομενουσῶν
874 2930 1069 2992 ὠδῖνας
1089 2946 1103 2995 ;

536 3047 601 3100 Ei
629 3047 673 3100 δ’
700 3041 793 3100 οὖν
845 3046 1169 3117 συνέστηκεν
1205 3046 1234 3097 6
1270 3046 1378 3100 τῶν
1421 3047 1664 3116 φυσικῶν
1702 3047 1858 3116 λόγος
1889 3051 1917 3102 6
1946 3049 2046 3118 φά-

2227 3047 2284 3102 Si
2309 3048 2496 3119 itaque
2520 3047 2872 3120 physicorum
2905 3063 3085 3104 sermo
3110 3055 3346 3112 constet,
3378 3049 3472 3118 qui
3505 3049 3582 3104 ait
3605 3053 3726 3121 pri-

467 3157 633 3204 σκων,
669 3139 885 3212 πρῶτον
935 3143 1196 3210 στοιχεῖον
1235 3141 1514 3209 γεγονέναι
1543 3141 1604 3192 τὸ
1645 3140 1808 3212 ὕδωρ,
1832 3136 1949 3193 εἶτα
1990 3141 2048 3207 ἐξ

466 3231 657 3295 ὓδατος
702 3233 795 3285 καὶ
845 3233 942 3302 τῆς
988 3234 1162 3303 ὑγρᾶς
1202 3232 1388 3295 οὐσίας
1439 3233 1738 3302 ὑποστῆναι
1777 3233 1844 3286 τά
1888 3233 2050 3286 λοιπά

465 3325 738 3392 στοιχεῖα·
770 3321 916 3374 εῐποι
969 3323 1033 3376 ἄν
1061 3341 1145 3386 τις
1186 3323 1343 3376 τοῦτο
1384 3325 1477 3377 καὶ
1507 3325 1598 3377 ἐπὶ
1636 3326 1734 3396 τῆς
1770 3325 2048 3397 παρούσης

463 3413 684 3484 Γραφῆς
722 3415 1082 3484 σημαίνεσθαι
1127 3415 1412 3487 δηλούσης,
1455 3417 1536 3470 ὅτι
1567 3414 1635 3488 ἦν
1670 3419 1757 3470 ὅτε
1789 3419 1846 3470 ὲν
1877 3419 2046 3490 ἑτέρῳ

461 3503 595 3560 οὖσα
621 3509 653 3577 ὴ
680 3507 752 3577 γῆ
779 3509 1025 3579 στοιχείῳ
1048 3509 1255 3580 ἀφανὴς
1284 3505 1371 3579 ἦν,
1403 3511 1674 3581 κυουμένη
1698 3511 1793 3562 καὶ⁴
1819 3511 2047 3583 συλλαμ-

463 3599 731 3669 ϐανομένη
763 3599 820 3651 ὲν
866 3603 929 3670 τῇ
964 3601 1123 3668 φύσει
1151 3602 1249 3672 τῆς
1294 3603 1466 3672 ὑγρᾶς
1505 3603 1708 3665 οὐσίας.
1740 3604 1830 3656 Διὸ
1864 3605 1957 3658 καὶ
1988 3607 2045 3658 ἐν

458 3693 525 3761 τῇ
571 3691 897 3762 κοσμοποιίᾳ
938 3693 1180 3764 εἴρηται·
1225 3693 1294 3744 ⁸11
1334 3694 1403 3746 δὲ
1441 3693 1517 3762 γῆ
1555 3691 1635 3764 ἦν
1665 3695 1914 3762 ἀόρατος
1948 3695 2045 3748 καί

460 3783 1026 3848 ἀκατασκεύαστος·
1072 3785 1169 3837 καί
1208 3785 1430 3850 σκότος
1473 3784 1673 3837 ἐπάνω
1714 3783 1825 3852 τῆς
1859 3785 2043 3838 ἀϐύσ-

460 3889 576 3927 σου
598 3891 610 3905 ⁸
647 3873 761 3927 ἀλλ’
809 3873 1035 3944 ὕστερον
1075 3873 1263 3946 ὥσπερ
1314 3873 1742 3944 ἀπογεννηθεῖσα
1774 3875 2042 3945 προῆλθεν

459 3965 524 4018 ἐκ
552 3965 651 4036 τῆς
675 3964 782 4016 τῶν
809 3965 1013 4018 ὑδάτων
1045 3965 1250 4028 οὐσίας,
1295 3966 1393 4018 οὐκ
1425 3965 1551 4018 ἄνευ
1579 3964 1730 4028 θείας
1763 3965 2042 4035 δυνάμεως

459 4058 554 4110 καὶ
582 4057 887 4129 κρείττονος
927 4057 1171 4128 ἀνάγκης
1212 4056 1556 4127 ἐπιτεθείσης
1593 4059 1763 4128 αὐτῇ·
1800 4056 1937 4127 αῦτη
1983 4057 2039 4109 δὲ

457 4145 526 4220 ῆν
551 4151 584 4222 ἡ
612 4149 708 4203 τοῦ
742 4150 1088 4222 Δημιουργοῦ
1125 4149 1394 4220 βούλησις.
1425 4149 1512 4212 Ὡς
1535 4147 1644 4221 γὰρ
1673 4150 1764 4202 ἐπὶ
1793 4148 1902 4201 τῶν
1923 4165 2045 4200 κυο-

460 4239 739 4311 φορουσῶν
781 4239 1076 4308 γυναικῶν,
1110 4239 1230 4310 βίας
1275 4240 1369 4292 καὶ
1417 4239 1663 4310 ἀνάγκης
1708 4238 2039 4309 ἐπελθούσης

458 4332 670 4395 αὑταῖς,
699 4332 760 4385 τὸ
789 4332 931 4386 κατὰ
967 4333 1204 4404 γαστρὸς
1250 4331 1570 4401 προάγεται,
1606 4331 1698 4385 τοῦ
1734 4330 2036 4405 ὡρισμένου

2155 3156 2303 3194 mum
2341 3141 2671 3196 elementum
2725 3139 2899 3195 fuisse
2952 3156 3190 3211 aquam,
3243 3141 3440 3196 deinde
3479 3157 3611 3198 vero
3653 3159 3724 3199 ex

2151 3247 2292 3302 aqua
2329 3239 2383 3286 et
2418 3232 2640 3286 humida
2673 3232 3001 3297 substantia,
3035 3232 3243 3302 reliqua
3277 3234 3546 3288 elementa
3592 3234 3726 3291 sub-

2151 3323 2360 3377 stitisse
2384 3340 2397 3389 ;
2421 3322 2621 3378 dixerit
2659 3323 2888 3379 fortasse
2911 3323 3204 3392 quispiam,
3241 3322 3343 3377 hoc
3375 3325 3430 3378 in
3470 3325 3724 3394 praesenti

2153 3413 2436 3485 Scriptura
2476 3414 2796 3485 significari,
2840 3430 2903 3470 ac
2960 3414 3248 3480 declarari,
3289 3413 3459 3471 fuisse
3511 3423 3726 3487 tempus

2151 3523 2274 3563 cum
2308 3515 2451 3564 terra
2485 3511 2540 3564 in
2581 3510 2688 3563 alio
2726 3511 2995 3565 elemento
3045 3511 3242 3580 posita,
3291 3511 3394 3566 sub
3439 3521 3722 3583 aspectum

2148 3617 2256 3656 non
2299 3602 2539 3665 caderet,
2573 3601 2731 3671 quasi
2785 3609 2943 3656 utero
2993 3609 3203 3671 gestata
3260 3611 3316 3656 et
3351 3612 3614 3673 concepta
3666 3605 3721 3659 in

2147 3690 2384 3744 humidae
2412 3691 2734 3745 substantiae
2775 3699 2990 3744 natura.
3032 3689 3212 3756 Quare
3254 3692 3308 3745 in
3345 3692 3532 3746 mundi
3565 3709 3719 3749 crea-

2145 3781 2293 3834 tione
2319 3779 2520 3833 dicitur
2537 3779 2580 3810 ⁶⁹
2607 3800 2619 3834 :
2647 3780 2811 3834 Terra
2825 3791 2998 3835 autem
3021 3793 3134 3836 erat
3161 3781 3441 3837 invisibilis
3468 3787 3702 3838 etincom

2142 3871 2336 3937 posita,
2373 3881 2421 3924 et
2463 3869 2685 3924 tenebrae
2734 3887 2888 3940 super
2946 3871 3233 3942 abyssum;
3287 3874 3383 3928 sed
3443 3884 3719 3946 postremo

2140 3962 2301 4031 quasi
2346 3963 2527 4031 genita
2567 3977 2634 4017 ex
2681 3977 2945 4032 aquarum
3001 3965 3312 4018 substantia
3352 3968 3575 4036 prodiit,
3606 3983 3714 4024 non

2144 4039 2262 4109 sine
2282 4054 2464 4108 divina
2496 4053 2718 4120 virtute,
2750 4053 2846 4109 sed
2885 4053 3080 4122 majori
3120 4064 3313 4109 coacta
3344 4058 3394 4111 vi
3431 4067 3486 4112 et
3525 4075 3714 4114 ncces-

2143 4144 2304 4200 sitate
2332 4164 2344 4199 :
2379 4145 2492 4198 haec
2522 4159 2650 4199 vero
2671 4152 2789 4200 erat
2821 4144 3101 4200 Creatoris
3127 4145 3400 4200 voluntas.
3439 4147 3714 4213 Quemad-

2139 4236 2359 4291 modum
2393 4236 2538 4291 enim
2568 4251 2598 4290 a
2628 4235 3036 4307 przegnantibus
3058 4236 3400 4302 mulieribus,
3427 4238 3716 4295 imminen-

2140 4335 2193 4382 te
2240 4328 2292 4382 vi
2339 4341 2407 4382 ac
2434 4329 2783 4391 necessitate,
2831 4327 3056 4382 deﬁnito
3108 4336 3298 4398 partus
3353 4337 3596 4400 tempore
3628 4331 3715 4385 in-

457 4427 649 4498 χρόνου
675 4425 774 4496 τῆς
811 4425 1117 4491 ἀποτέξεως
1143 4426 1483 4490 ἐπιστάντος,
1514 4424 1633 4478 καθ’
1666 4425 1724 4479 ὃν
1752 4425 2034 4480 ὠδίνουσαι

2149 4429 2338 4486 statue,
2387 4420 2532 4492 quod
2595 4421 2649 4474 in
2699 4431 2852 4477 utero
2894 4427 3011 4475 erat
3065 4419 3352 4486 emittitur,
3391 4430 3554 4493 atque
3605 4425 3709 4480 illa:

455 4518 696 4571 τίκτουσι
715 4531 728 4546 ο
751 4517 843 4570 τὸν
867 4517 1027 4570 αὐτὸν
1045 4517 1246 4589 τρόπον
1267 4517 1491 4587 δυνάμει
1513 4517 1608 4570 καὶ
1629 4518 1790 4588 σοφίᾳ
1808 4517 1901 4570 τοῦ
1922 4518 2030 4571 τῶν

455 4608 593 4663 ὅλων
621 4608 951 4680 δημιουργοῦ
991 4611 1094 4679 γῆν
1127 4609 1221 4662 καὶ
1247 4609 1344 4679 τὴν
1371 4607 1480 4662 τῶν
1515 4601 1814 4679 ἀνθρώπων
1855 4609 2032 4661 οίκου-

460 4701 626 4771 μένην
656 4701 723 4754 τὰ
766 4699 931 4754 ὕδατα
968 4701 1359 4772 προηνέγκατο.
1392 4701 1502 4754 Καὶ
1529 4699 1673 4752 τοῦτ’
1708 4700 2028 4771 ἐπληροῦτο,

455 4793 690 4862 ὁπηνίκα
725 4788 876 4845 εἶπεν
903 4793 932 4844 6
962 4791 1128 4854 Θεός·
1157 4789 1516 4858 Συναχθήτω
1550 4789 1623 4843 τὰ
1661 4789 1848 4844 ὕδατα
1884 4793 2031 4844 ὐπο-

456 4884 613 4938 κὰτω
665 4884 769 4939 τοῦ
823 4882 1084 4952 οὐρανοῦ
1135 4887 1221 4948 εις
1277 4882 1638 4953 συναγωγὴν
1695 4883 1873 4952 μίαν,
1931 4881 2030 4936 καί

457 4976 690 5045 ὀφθήτω
722 4980 760 5045 ἡ
786 4977 956 5046 ξηρά.
1001 4978 1110 5032 Καὶ
1163 4977 1400 5045 ἐγένετο
1436 4976 1606 5029 οὕτω.
1635 4977 1744 5030 Θέα
1788 4977 1896 5047 γάρ
1939 4993 2029 5046 μοι

454 5070 519 5138 τῇ
545 5067 748 5140 διανοίᾳ
780 5069 878 5140 τὴν
904 5069 1006 5140 γῆν
1041 5067 1185 5121 ἔνδον
1220 5070 1275 5120 ὲν
1312 5070 1422 5130 τοῖς
1455 5067 1608 5119 ὕδασι
1631 5066 1794 5120 πάλαι
1831 5067 2030 5137 πρότε-

456 5174 548 5230 ρον
592 5159 1064 5230 ὲγκεκρυμμένην,
1105 5159 1304 5229 τρόπον
1335 5175 1394 5210 τε
1434 5157 1574 5221 ἰλύος
1606 5157 2026 5230 άναλελυμένην,

455 5251 548 5303 καὶ
573 5250 651 5320 τῷ
676 5251 864 5322 πλήθει
889 5251 995 5304 τῶν
1017 5251 1222 5304 ὑδάτων
1251 5252 1720 5322 ἀνακεκραμένην,
1743 5251 1819 5314 ὼς
1847 5252 2026 5322 ἀφανῆ

454 5338 590 5395 εἶναι
616 5343 708 5395 καὶ
738 5343 966 5412 ἀόρατον
987 5360 1000 5372 '
1028 5343 1114 5395 διὸ
1133 5340 1389 5410 λέγεσθαι
1415 5357 1428 5370 ·
1472 5344 1542 5396 Ἦ
1565 5343 1632 5396 δὲ
1657 5342 1728 5413 γῆ
1753 5341 1828 5414 ἦν
1858 5345 2029 5412 ἀόρα-

451 5450 556 5499 τος
605 5434 701 5487 καί
746 5435 1274 5500 ἁκατασκεύαστος
1298 5449 1311 5462 ⁸
1356 5430 1453 5486 εἶθ’
1501 5435 1725 5508 ὕστερον
1779 5436 2025 5508 βουλήσει

451 5524 586 5578 Θεοῦ
643 5525 808 5596 αὐτὴν
859 5526 1230 5597 συναγομένην
1279 5525 1562 5581 πιλοῦσθαι
1616 5530 1877 5600 πρότερον
1929 5528 2024 5580 καὶ

455 5617 890 5689 συμπήγνυσθαι,
926 5619 1018 5672 καὶ
1045 5618 1184 5690 μετὰ
1225 5619 1397 5674 ταῦτα
1427 5621 1636 5692 ἀθρόως
1673 5621 2023 5676 ἀναδοθεῖσαν

523 5774 570 5808 ⁸⁸
607 5773 742 5832 Gen.
781 5793 833 5842 ι,
869 5777 923 5832 2.
1000 5777 1046 5810 ”
1085 5776 1217 5831 Gen.
1257 5791 1292 5842 l,
1325 5776 1378 5831 9.

2139 4529 2264 4568 cum
2293 4513 2480 4568 dolore
2519 4513 2773 4583 pariunt;
2809 4511 2998 4568 eodem
3036 4528 3266 4582 prorsus
3301 4514 3461 4569 modo
3486 4515 3704 4572 univer-

2137 4618 2325 4658 sorqu
2378 4602 2587 4675 opificis
2621 4602 2674 4655 vi
2724 4608 2779 4655 et
2833 4602 3120 4671 sapientia,
3158 4610 3357 4655 terram
3418 4612 3471 4656 et
3522 4603 3708 4659 orbem

2135 4710 2291 4766 aqua:
2322 4695 2690 4765 protulerunt.
2726 4691 2793 4746 Et
2821 4693 2926 4747 hoc
2958 4692 3288 4762 implebatur
3320 4693 3540 4762 quando
3571 4694 3710 4749 dixit

2135 4789 2280 4844 Deus
2307 4786 2354 4819 '°
2385 4805 2396 4840 :
2427 4783 2816 4856 Congregenlur
2833 4801 2981 4855 aqua:
3010 4783 3104 4838 sub
3123 4785 3248 4837 caelo
3271 4785 3324 4838 in
3355 4787 3708 4842 collectionem

2134 4897 2319 4948 unam,
2339 4889 2389 4934 et
2412 4889 2665 4949 appareat
2696 4879 2872 4933 arida.
2911 4877 2979 4929 Et
3013 4875 3213 4944 factum
3242 4886 3320 4930 est
3352 4878 3448 4933 ita.
3477 4879 3540 4932 Et
3571 4895 3706 4934 con-

2133 4974 2365 5035 sideres,
2391 4988 2596 5042 quaeso,
2624 4979 2823 5026 terram
2865 4971 2920 5024 in
2950 4970 3107 5039 aquis
3133 4971 3262 5023 olim
3304 4971 3704 5034 absconditam,

2133 5075 2298 5136 atque
2338 5066 2512 5120 instar
2544 5063 2642 5117 luti
2681 5063 2937 5124 solutam,
2979 5071 3032 5115 et
3057 5077 3324 5130 aquarum
3367 5063 3704 5116 multitudini

2133 5157 2486 5213 commixtam
2522 5155 2720 5219 fuisse;
2754 5153 2829 5206 ita
2852 5159 2911 5206 ut
2932 5153 3224 5208 invisibilis
3253 5162 3307 5208 et
3337 5153 3554 5206 occulta
3588 5168 3705 5206 ma-

2131 5256 2284 5304 neret
2320 5267 2334 5302 :
2367 5254 2699 5320 quapropter
2728 5245 2952 5305 dicitur,
2981 5242 3143 5296 Terra
3170 5253 3344 5296 autem
3375 5252 3489 5296 erat
3517 5243 3702 5296 invisi-

2130 5343 2249 5397 bilis
2283 5351 2330 5396 et
2372 5340 2756 5408 incomposita;
2786 5337 2980 5392 deinde
3012 5353 3139 5391 vero
3181 5353 3246 5390 ex
3295 5336 3387 5391 Dei
3423 5337 3704 5393 voluntate

2128 5443 2468 5506 compactam
2507 5443 2561 5488 et
2589 5432 2932 5502 coagulatam
2963 5429 3155 5494 fuisse,
3182 5437 3234 5484 et
3262 5437 3447 5498 postea
3480 5431 3702 5486 confer-

2126 5527 2226 5580 tim
2255 5527 2312 5580 in
2353 5526 2527 5580 lucem
2561 5525 2787 5585 editam,
2826 5523 2880 5576 in
2919 5537 3114 5591 purum
3148 5536 3327 5575 aerem
3368 5523 3700 5577 emersisse:

2124 5626 2178 5676 et
2196 5618 2588 5683 animadverte,
2613 5616 2746 5671 nihil
2766 5613 2879 5672 fere
2901 5624 3016 5670 tum
3041 5615 3419 5670 intercessisse
3436 5615 3703 5670 discrimi-
