4074 6386
466 312 601 368 1127

1162 313 1429 370 EUSEBII
1463 310 1937 367 C/ESARiENSIS
1969 312 2116 368 OPP.
2155 313 2333 368 PARS
2366 310 2455 372 ill.
2484 345 2555 357 --
2587 315 2988 370 EXEGETIGA.

3563 319 3701 376 “‘28

466 433 708 489 nisinter
737 433 882 487 illam
917 441 967 488 et
1010 449 1072 488 ea
1100 449 1223 503 qua:
1258 449 1325 488 ex
1349 441 1504 487 utero
1539 437 1855 504 gignuntur.
1882 434 2016 488 Cum

2126 436 2204 497 είς
2233 435 2349 504 φῶς
2393 435 2690 506 προελθεῖν,
2721 435 2815 488 καὶ
2845 437 3116 505 ἀνακύψαι
3151 438 3227 499 είς
3265 436 3504 508 καθαρὸν
3539 439 3696 508 ἀέρα.

466 522 628 592 igitur
653 536 719 576 ex
745 523 904 592 aquis
936 537 1150 577 emersa
1187 522 1450 593 prodiret,
1475 530 1607 577 tunc
1635 523 1779 593 gigni
1801 531 1854 578 et
1881 523 2028 578 nasci

464 613 748 667 videbatur
782 632 796 666 :
830 621 957 668 ante
985 621 1166 668 ortum
1199 629 1328 668 vero
1367 613 1516 669 intus
1555 615 1609 668 in
1653 615 1811 684 aquis
1855 614 1912 668 in
1949 615 2032 668 lu-

462 712 575 758 tum
626 712 930 774 compacta,
963 713 1017 759 et
1051 705 1223 759 instar
1250 705 1364 758 limi
1410 705 1464 758 in
1509 708 1726 775 propria
1771 706 2033 775 gravitate

463 792 774 849 subsistens
805 802 861 849 et
907 794 1226 859 considens,
1264 803 1396 849 tunc
1437 795 1884 864 concipiebatur;
1936 795 2032 849 de-

465 903 721 957 mumque
744 888 902 957 quasi
926 904 989 942 ex
1033 897 1188 942 utero
1226 895 1408 952 enata,
1440 897 1890 956 terrenorumque
1915 888 2033 940 ani-

464 978 689 1033 malium
729 979 1100 1034 habitaculum
1153 979 1343 1034 ell‘ecta
1370 988 1474 1034 est.
1505 977 1707 1033 Verum
1739 987 2029 1048 antequam

464 1069 576 1124 haec
607 1069 819 1135 ﬁerent,
843 1077 898 1124 et
927 1078 1052 1124 ante
1075 1069 1262 1123 mundi
1293 1068 1769 1133 constitutionem,
1799 1075 1856 1122 tu
1891 1069 2028 1138 ipse,

462 1167 660 1235 inquit,
715 1165 875 1230 Deus,
915 1182 994 1221 es.
1026 1164 1092 1218 Et
1122 1165 1348 1236 pulchre
1379 1165 1597 1234 quidem
1631 1180 1764 1229 non,
1795 1174 1852 1218 tu
1886 1183 2026 1230 eras,

462 1259 571 1324 ait;
598 1257 716 1320 sed,
744 1267 800 1310 tu
821 1272 1054 1311 es:nam
1087 1267 1141 1311 tu
1175 1258 1309 1327 ipse,
1342 1257 1541 1326 inquit,
1561 1272 1783 1320 eras,es
1814 1264 1867 1311 et
1884 1257 2028 1325 eris;

462 1347 572 1402 imo
606 1351 787 1418 potius
818 1347 959 1402 idem
996 1361 1210 1416 semper
1238 1363 1319 1409 cs,
1351 1356 1404 1403 et
1423 1348 1563 1401 idem
1612 1362 1672 1402 es
1727 1347 2028 1401 secundum

462 1437 604 1492 hanc
639 1437 961 1506 theologiam
1001 1454 1014 1488 :
1056 1435 1135 1488 Tu
1184 1447 1359 1489 autem
1402 1436 1539 1490 idem
1573 1438 1680 1504 ipse
1710 1453 1785 1499 es,
1815 1446 1863 1489 et
1903 1437 2030 1489 anni

461 1529 540 1581 tui
561 1545 662 1582 non
693 1527 933 1596 deﬁcient
957 1529 1024 1581 ⁵¹.
1058 1526 1177 1582 Non
1208 1528 1351 1582 enim
1391 1527 1471 1583 fas
1495 1536 1578 1583 est
1598 1529 1665 1583 de
1704 1529 1797 1582 illo
1825 1528 2026 1592 dicere,

461 1637 600 1685 eras,
629 1627 744 1685 aut,
778 1629 914 1683 erat,
965 1628 1079 1683 aut,
1126 1621 1227 1674 erit
1251 1635 1269 1672 :
1302 1635 1424 1673 nam
1471 1620 1624 1687 illud,
1659 1621 2026 1691 praeteritum;

461 1713 584 1776 hoe,
623 1711 863 1765 futurum
921 1720 1136 1780 tempus
1193 1711 1463 1781 signiﬁcat
1505 1731 1518 1766 :
1553 1727 1784 1781 quorum
1815 1711 2025 1765 nullum

461 1802 554 1857 Dei
587 1803 793 1856 nomini
832 1804 1121 1868 convenit;
1157 1780 1281 1856 nam
1317 1803 1419 1872 ipsi
1457 1780 1852 1873 soliicompetit
1881 1817 2026 1858 sem-
2058 1780 2098 1834 Β

461 1909 556 1962 per
572 1909 714 1948 esse.
733 1893 1101 1958 Quamobrem
1129 1893 1219 1947 hic
1246 1893 1658 1947 accuratissime
1679 1892 1885 1949 dictum
1907 1902 1990 1949 est
2009 1913 2023 1949 :

458 1985 496 2036 Α
531 1985 724 2038 δανειιίο
761 2001 923 2055 usque
964 1986 1019 2037 in
1049 1984 1300 2038 sa'culum
1331 1994 1387 2037 tu
1417 2001 1492 2048 es,
1521 1984 1692 2047 Deus;
1715 1984 1843 2038 alibi
1873 1999 2024 2049 vero,

461 2074 538 2128 Tu
567 2085 740 2129 autem
763 2075 899 2128 idem
923 2076 1033 2142 ipse
1069 2091 1123 2128 es
1145 2083 1194 2126 et
1240 2075 1364 2128 anni
1391 2075 1468 2127 tui
1499 2091 1600 2128 non
1622 2074 1882 2144 deﬁcient.
1919 2075 2026 2130 0b-

459 2166 786 2219 servandum
823 2174 1003 2219 autem
1037 2173 1123 2219 est
1181 2165 1284 2218 hoc
1331 2165 1386 2218 in
1429 2164 1572 2227 loco,
1615 2165 1857 2228 Domine,
1881 2166 2026 2235 refu-

455 2255 598 2324 gium
633 2255 806 2322 [actus
843 2272 897 2308 es
954 2254 1124 2317 nobis,
1159 2253 1315 2316 illud,
1370 2252 1608 2317 Domine,
1644 2271 1753 2309 non
1791 2265 2027 2325 quatuor

459 2344 762 2398 litterarum
791 2344 1054 2397 vocabulo
1115 2343 1256 2412 apud
1315 2342 1570 2399 Hebraeos
1625 2345 1894 2415 exprimi;
1931 2347 2025 2402 sed

457 2435 775 2503 vulgaribus
801 2442 855 2487 et
881 2434 1156 2489 consuetis
1186 2435 1489 2499 elementis,
1516 2435 1606 2506 qui
1641 2437 1806 2490 etiam
1841 2437 1895 2490 in
1919 2438 2025 2492 hu-

460 2539 620 2577 mana
670 2525 1034 2593 appellatione
1068 2533 1428 2595 usurpantur,
1460 2527 1506 2581 si
1567 2528 1788 2596 quando
1833 2529 2022 2584 herum

424 2648 426 2651 -
457 2615 767 2685 quempiam
820 2615 875 2670 in
907 2616 1224 2671 hominibus
1273 2617 1552 2672 dominum
1579 2634 1857 2674 vocemus.
1889 2619 2023 2675 Nam

457 2707 511 2764 in
543 2709 794 2776 prmsenti
829 2709 985 2773 illud,
1012 2708 1243 2767 Adonai,
1265 2709 1572 2778 explicatur
1606 2709 1878 2774 Dominus,
1899 2727 2023 2767 cum

455 2808 690 2871 quatuor
722 2801 1024 2857 litterarum
1055 2803 1436 2874 nomen,quod
1465 2819 1719 2859 arcanam
1755 2806 1844 2860 Dei
1871 2806 2026 2860 theo-

455 2894 650 2965 IOgiam
677 2896 975 2966 signiﬁcat,
1013 2897 1067 2950 in
1098 2899 1353 2966 praesenti
1383 2898 1616 2952 lectione
1651 2913 1759 2952 non
1797 2913 2022 2968 compa-

454 2994 605 3051 reat,
645 2989 742 3044 sed
784 2987 1048 3043 Dominus
1081 2997 1390 3060 opportune
1419 2991 1744 3061 appelletur,
1779 2999 1841 3045 ut
1873 2991 2021 3046 indi-

453 3088 609 3132 ectur
647 3093 837 3132 curam
885 3079 1423 3150 sollicitudinemque
1447 3097 1638 3151 gerere
1684 3081 2019 3137 domestico-

453 3187 574 3224 rum
624 3187 872 3234 suorum,
905 3187 1138 3241 quorum
1179 3171 1450 3244 refugium
1479 3183 1582 3229 est.
1629 3172 1695 3226 Et
1727 3173 2018 3244 perpende,

452 3276 584 3313 num
619 3260 760 3315 forte
789 3261 856 3314 ad
890 3260 1058 3315 Deum
1087 3259 1325 3317 Verbum
1376 3262 1493 3316 haec
1540 3263 1792 3316 doctrina
1817 3261 2021 3316 refera-

450 3359 718 3404 turznon
764 3352 910 3406 enim
967 3352 1199 3407 multum
1247 3353 1376 3408 huic
1426 3354 1708 3410 sententiae
1755 3362 2023 3423 repugnat

453 3442 570 3496 haec
606 3441 1139 3515 lectio:Priusquam
1168 3455 1368 3500 montes
1403 3446 1607 3516 ﬁerent,
1640 3454 1735 3499 aut
1760 3445 2022 3507 formare-

452 3541 539 3586 tur
570 3543 709 3587 terra
733 3543 781 3588 et
813 3534 976 3600 orbis,
1003 3545 1057 3588 tu
1087 3553 1165 3602 es,
1191 3535 1332 3590 Deus
1351 3550 1371 3590 :
1401 3551 1524 3590 cum
1558 3535 1662 3590 hoc
1712 3535 2018 3590 Salomouis

449 3625 656 3680 dictum
687 3642 753 3680 ex
781 3641 1017 3696 persona
1053 3627 1333 3696 sapientiae
1364 3625 1693 3696 proferatur,
1728 3627 2019 3696 Antequam

451 3726 650 3771 montes
681 3719 1042 3787 ﬁrmarentur,
1058 3727 1109 3772 et
1130 3728 1251 3772 ante
1273 3734 1450 3772 omnes
1476 3717 1634 3772 colles
1661 3719 1826 3789 gignit
1851 3735 1933 3773 me
1949 3719 2019 3784 ",

447 3809 607 3876 queis
639 3809 992 3864 subindieare
1027 3809 1246 3863 videtur
1273 3809 1624 3878 incorporeas
1655 3817 1711 3862 et
1746 3810 2020 3880 angelicas

447 3901 699 3966 virtutes,
741 3903 943 3973 quibus
999 3902 1095 3957 Dei
1141 3901 1377 3957 Verbum
1426 3911 1483 3958 et
1543 3901 1638 3958 Dei
1694 3904 2018 3974 sapientiam

449 3995 825 4062 praeexsistere
855 3997 1018 4050 docet
1044 3995 1158 4065 ipsa
1183 3995 1471 4064 sapientia.
1914 3987 1920 3990 ’

2133 526 2241 578 Kal.
2264 527 2356 590 ἰδὲ,
2385 526 2460 590 ὼς
2492 527 2641 581 οὐδὲν
2667 527 2775 579 τῶν
2806 528 3161 597 γεννωμένων
3189 528 3296 580 ἀπὸ
3320 529 3554 598 γαστρὸς
3582 529 3700 582 δια-

2132 617 2316 686 φέρειν
2339 616 2512 670 ἐδόκει
2533 617 2674 670 τότε.
2699 617 2828 669 Ὅτε
2855 618 2952 686 μὲν
2975 616 3067 670 οὖν
3088 618 3423 689 προϐέϐλητο
3443 618 3550 671 τῶν
3576 619 3702 673 ὑδά-

2129 723 2236 759 των
2277 707 2616 777 ἀνακύψασα,
2650 710 2936 780 τικτομένη
2989 710 3083 762 καὶ
3132 710 3446 780 γεννωμένη
3503 709 3697 764 ὲοίκει·

2131 799 2238 868 πρὸ
2258 797 2313 851 δὲ
2338 800 2437 868 τῆς
2459 800 2763 870 γεννήσεως
2788 800 2935 853 ἔνδον
2961 802 3018 852 ὲν
3050 803 3162 863 τοῖς
3199 799 3354 854 ὕδασι
3385 801 3697 871 συμπηλου-

2134 890 2268 960 μένη
2312 889 2632 960 πηγνυμένη
2662 907 2746 956 τε,
2779 891 2873 943 καὶ
2909 890 3091 960 δίκηντν
3105 889 3248 954 ἰλύος
3282 892 3375 945 ἐπὶ
3412 891 3472 944 τὸ
3502 893 3700 945 οἰκεῖον

2133 979 2293 1052 βάρος
2313 981 2652 1051 ὑφισταμένη
2676 982 2771 1034 καὶ
2793 981 3165 1044 συνιζάνουσα,
3183 982 3243 1034 τὸ
3261 982 3556 1053 τηνικαῦτα
3576 1000 3700 1037 συν-

2130 1073 2462 1143 ελαμϐάνετο
2482 1087 2498 1102 ·
2532 1073 2608 1136 ὡς
2629 1073 2851 1144 ὓστερον
2869 1073 2926 1126 δὲ
2953 1073 3047 1128 καὶ
3063 1073 3384 1143 ὼδινηθεῖσα
3403 1075 3696 1146 άπετέχθη,

2131 1164 2225 1217 καὶ
2267 1163 2487 1232 γέγονεν
2539 1165 2850 1236 οἰκητήριον
2881 1165 2989 1219 τῶν
3033 1165 3127 1219 ἐπὶ
3157 1168 3260 1237 γῆς
3305 1167 3487 1231 ζώων.
3539 1169 3692 1222 Ἀλλά

2131 1254 2239 1322 πρὸ
2275 1254 2368 1308 τοῦ
2411 1255 2562 1308 ταῦθ’
2591 1255 2733 1308 οὓτω
2760 1256 3036 1324 γενέσθαι,
3081 1258 3176 1310 καὶ
3221 1259 3328 1328 πρό
3363 1277 3426 1327 γε
3457 1260 3557 1331 τῆς
3603 1261 3690 1313 τοῦ

2131 1348 2334 1418 κόσμου
2362 1348 2689 1411 συστάσεως,
2714 1349 2800 1413 σὺ,
2835 1351 3018 1418 φησὶν,
3041 1350 3201 1413 αὐτὸς
3229 1345 3300 1415 εἴ,
3349 1353 3377 1405 6
3402 1352 3554 1408 Θεός.
3592 1354 3697 1406 Καὶ

2129 1437 2307 1502 καλῶς
2330 1455 2393 1506 γε
2440 1439 2500 1492 οὐ
2527 1439 2610 1492 σὺ
2655 1435 2834 1509 ἦσθα,
2876 1442 3059 1508 φησὶν,
3091 1442 3246 1506 ἀλλὰ,
3288 1442 3370 1496 σὺ
3403 1443 3484 1496 εἷ·
3515 1445 3544 1497 6
3591 1444 3699 1515 γὰρ

2129 1531 2290 1593 αὐτὸς
2312 1531 2404 1584 καὶ
2427 1527 2516 1603 ἧς,
2541 1534 2633 1584 καὶ
2664 1527 2734 1595 εἷ,
2761 1533 2856 1585 καὶ
2890 1532 3019 1606 ἔσῃ·
3051 1535 3248 1604 μᾶλλον
3279 1535 3335 1588 δὲ
3361 1537 3390 1588 ὀ
3420 1536 3583 1599 αὐτὸς
3614 1537 3700 1590 ἀεὶ

2128 1619 2202 1675 ὣν
2230 1622 2533 1692 τυγχάνεις,
2565 1623 2658 1676 καὶ
2681 1623 2839 1687 αὐτὸς
2871 1619 2942 1690 εἶ,
2968 1625 3105 1678 κατὰ
3129 1626 3228 1696 τὴν
3249 1626 3561 1695 φάσκουσαν
3585 1626 3700 1680 θεο-

2129 1713 2312 1782 λογίαν
2330 1732 2343 1743 ·
2373 1713 2457 1767 Σὺ
2475 1714 2543 1768 δὲ
2561 1719 2593 1769 ὀ
2618 1715 2800 1781 αὐτὸς
2815 1712 2889 1780 εἷ,
2914 1717 3012 1770 καὶ
3032 1717 3105 1771 τὰ
3126 1719 3228 1786 ἐτη
3245 1734 3362 1773 σου
3377 1720 3488 1774 οὐκ
3508 1720 3699 1774 ἐκλεί-

2127 1808 2374 1873 ψουσιν.
2415 1807 2549 1860 Οὐδὲ
2579 1806 2687 1877 γὰρ
2719 1807 2877 1878 θέμις
2919 1809 3006 1860 ἐπ’
3034 1809 3198 1862 αὑτοῦ
3227 1811 3391 1880 φάναι
3418 1809 3499 1876 τὸ,
3537 1807 3634 1880 ἧς,
3664 1812 3698 1881 ἢ

2126 1896 2205 1956 τὸ,
2231 1893 2330 1966 ἦν,
2363 1897 2395 1966 ἢ
2434 1898 2514 1961 τὸ,
2547 1901 2747 1952 ἔσται’
2776 1899 2846 1952 τὰ
2892 1899 2990 1970 μὲν
3023 1900 3131 1972 γὰρ
3160 1901 3254 1955 τοῦ
3288 1904 3695 1973 παρῳχηκότος,

2127 1988 2195 2041 τὰ
2222 1988 2278 2042 δὲ
2308 1989 2402 2042 τοῦ
2432 1989 2711 2058 μέλλοντος
2739 1991 2955 2044 ἔσεσθαι
2982 1993 3172 2064 χρόνου
3198 1993 3470 2064 δηλωτικὰ
3494 1995 3696 2064 τυγχά-

2126 2095 2240 2132 νει·
2275 2073 2351 2133 ὦν
2386 2081 2537 2135 οὐδὲν
2577 2082 2802 2154 ἁρμόζει
2850 2086 2916 2154 τῇ
2971 2084 3091 2156 θείᾳ
3133 2086 3506 2156 προσηγορίαν
3539 2086 3700 2156 μόνον

2126 2170 2235 2242 γὰρ
2259 2173 2395 2242 αὐτῇ
2430 2173 2490 2225 τὸ
2512 2173 2597 2225 ἀεὶ
2635 2169 2772 2226 εἶναι
2803 2175 3080 2244 ἁρμόττει.
3111 2175 3200 2228 Διὸ
3226 2176 3427 2248 σφόδρα
3457 2177 3697 2247 ἀκριϐῶς

2125 2263 2357 2317 ἐνταῦθά
2408 2281 2466 2316 τε
2521 2263 2761 2336 εἴρηται·
2847 2266 2974 2320 Απὸ
3023 2267 3129 2321 τοῦ
3180 2267 3391 2334 αἰῶνος
3429 2268 3541 2334 ἕως
3591 2270 3701 2322 τοῦ

2124 2353 2338 2421 αἰῶνος
2369 2354 2450 2409 σὺ
2494 2355 2569 2420 εἷ,
2611 2359 2645 2410 ό
2677 2357 2820 2423 Θεός
2843 2373 2856 2385 '
2891 2358 2984 2410 καὶ
3009 2361 3067 2412 ὲν
3100 2359 3301 2430 ἑτέροις
3339 2359 3423 2423 τὸ,
3451 2359 3534 2413 Σὺ
3560 2359 3628 2412 δὲ
3662 2362 3700 2411 ό

2124 2448 2305 2513 αὐτὸς
2332 2444 2404 2511 εἷ,
2440 2451 2534 2504 καὶ
2573 2448 2645 2502 τὰ
2682 2450 2786 2518 ἐτη
2834 2466 2950 2504 σου
2986 2452 3098 2504 οὐκ
3139 2452 3552 2519 ἐκλείψουσιν.
3584 2453 3694 2522 Τη-

2126 2539 2318 2610 ρητέον
2365 2541 2440 2603 δὲ,
2469 2541 2552 2594 ὅτι
2604 2542 2662 2594 ὲν
2701 2541 2798 2612 τῷ,
2829 2543 3024 2610 Κύριε,
3055 2541 3368 2611 καταφυγὴ
3407 2542 3689 2612 eremian

2122 2630 2285 2700 ἡμῖν,
2321 2633 2403 2696 τὺ,
2437 2634 2631 2702 Κύριε,
2671 2633 2730 2686 οὐ
2759 2633 2847 2686 διὰ
2888 2633 2983 2686 τοῦ
3017 2635 3440 2706 τετραγράμμου
3471 2633 3697 2704 φέρεται

2124 2729 2256 2798 παρ’
2297 2726 2587 2798 Ἑϐραίοις,
2621 2727 2757 2782 ἀλλὰ
2797 2726 2886 2783 διὰ
2931 2726 3040 2780 τῶν
3081 2727 3274 2780 κοινῶν
3312 2727 3408 2781 καὶ
3452 2727 3698 2798 συνήθων

2122 2819 2480 2891 γραφομένων
2511 2819 2804 2890 στοιχείων,
2835 2819 2942 2872 τῶν
2972 2819 3066 2874 καὶ¹
3090 2819 3182 2871 ἐπὶ
3210 2819 3308 2889 τῆς
3351 2816 3696 2889 ἀνθρωπίνης

2123 2912 2497 2983 προσηγορίας
2539 2911 2902 2984 ταττομένων,
2937 2911 3119 2964 εἴποτε
3157 2909 3248 2964 τὸν
3287 2911 3347 2965 έν
3389 2908 3696 2980 ἀνθρώποις

2121 3002 2408 3074 δεσπότην,
2444 3003 2631 3074 κύριον
2674 3002 2948 3073 καλοῖμεν.
2985 3002 3139 3058 Κατὰ
3186 3001 3256 3056 τὰ
3291 3001 3428 3058 αὐτὰ
3454 3002 3561 3074 γὰρ
3600 3003 3696 3056 καὶ

2121 3094 2215 3148 ἐπὶ
2270 3093 2363 3148 τοῦ
2409 3095 2674 3166 παρόντος
2726 3095 2788 3148 τὺ
2832 3093 3067 3148 Ἀδωναῒ
3105 3095 3442 3164 ἡρμήνευται
3480 3095 3560 3156 είς
3603 3094 3696 3150 τὸν

2120 3185 2360 3252 Κύριον,
2384 3184 2476 3238 τοῦ
2507 3185 2928 3255 τετραγράμμου
2954 3183 3236 3251 ὀνόματος,
3267 3183 3295 3235 ὃ
3321 3183 3422 3253 τὴν
3448 3185 3694 3256 ἀπόῤῥη·

2119 3290 2212 3326 τον
2241 3273 2336 3326 τοῦ
2365 3273 2500 3326 Θεοῦ
2539 3273 2815 3342 Θεολογίαν
2844 3271 3120 3342 σημαίνει,
3153 3272 3228 3341 μὴ
3261 3271 3514 3342 κειμένου
3554 3275 3694 3326 κατὰ

2119 3365 2218 3434 τὴν
2245 3363 2523 3434 παροῦσαν
2551 3361 2715 3428 λέξιν,
2748 3363 2884 3420 ἀλλά
2913 3362 3007 3416 τοῦ
3033 3362 3295 3416 δεσπότου
3341 3361 3574 3432 μάλιστα
3599 3363 3691 3415 εὐ-

2123 3455 2329 3524 καίρως
2368 3453 2779 3524 ὼνομασμένου,
2818 3455 2898 3517 είς
2925 3451 3269 3524 παράστασιν
3300 3449 3393 3504 τοῦ
3437 3449 3691 3520 κήδεσθαι

2120 3543 2282 3597 αὑτὸν
2315 3543 2407 3598 καὶ
2435 3543 2737 3615 φροντίζειν
2766 3544 2874 3598 τῶν
2903 3543 3067 3599 αὐτοῦ
3096 3543 3344 3609 οἰκετῶν,
3367 3537 3442 3598 ὧν
3474 3543 3568 3597 καὶ
3590 3560 3692 3598 κα-

2122 3634 2339 3706 ταφυγὴ
2363 3636 2638 3705 τυγχάνει.
2668 3637 2777 3691 Καὶ
2807 3636 2907 3708 ὅρα
2937 3636 3148 3708 μήποτε
3185 3635 3278 3688 ἐπὶ
3307 3634 3399 3688 τὸν
3434 3633 3565 3688 Θεὸν
3592 3633 3693 3686 Δός-

2129 3743 2225 3794 γον
2279 3726 2605 3798 ἀναφέρεται
2649 3730 2681 3797 ὴ
2732 3727 2981 3798 παροῦσα
3029 3724 3379 3780 διδασκαλίαο
3419 3724 3540 3778 οὐδὲ
3583 3722 3694 3796 γὰρ

2128 3817 2347 3890 μακράν
2385 3819 2578 3890 ἀπᾴδει
2607 3822 2641 3891 ἡ
2679 3819 2916 3876 ἐνταῦθα
2951 3821 3170 3891 φήσασα
3226 3817 3399 3885 λέξις·
3429 3816 3550 3885 Πρὸ
3583 3815 3696 3870 τοῦ

2123 3910 2230 3979 ὄρη
2270 3909 2591 3980 γενηθῆναι
2623 3910 2722 3964 καί
2768 3908 3113 3978 πλασθῆναι
3146 3908 3260 3978 τὴν
3294 3907 3406 3977 τῆν
3436 3906 3537 3962 καί
3577 3905 3694 3974 τὴν

2122 4001 2481 4070 οἰκουμένην
2517 4001 2598 4055 σὺ
2629 3999 2703 4067 εἷ,
2735 4005 2769 4057 ό
2811 4003 2974 4068 Θεόςο
3013 4002 3111 4072 τῆς
3139 4001 3290 4072 παρὰ
3322 3998 3591 4071 Σολομῶνι
3626 3999 3693 4052 ἔτι

445 4084 734 4154 προσώπου
756 4087 854 4156 τῆς
883 4085 1070 4154 σοφίας
1090 4084 1422 4156 φασκούσης,
1440 4085 1561 4155 Πρὸ
1582 4087 1690 4142 τοῦ
1711 4087 1822 4157 ὅρη
1848 4087 2232 4158 ἑδρασθῆναι,
2267 4092 2380 4158 πρὸ
2420 4091 2489 4144 δὲ
2534 4091 2775 4146 πάντων
2814 4092 3060 4156 ,Βουνῶν
3103 4090 3285 4161 γεννᾷ
3329 4106 3440 4160 με·
3501 4091 3569 4144 δι’
3615 4084 3692 4154 ὧν

444 4177 620 4230 ἔοικεν
649 4177 978 4232 αἰνίττεσθαι
1007 4177 1105 4240 τὰς
1133 4177 1458 4248 ἀσωμάτους
1486 4181 1581 4233 καὶ
1607 4180 1902 4249 ἀγγελικὰς
1929 4181 2207 4252 δυνάμεις,
2236 4176 2312 4236 ὧν
2339 4182 2713 4254 προϋπάρχειν
2743 4182 2836 4238 τὸν
2869 4183 2962 4237 τοῦ
3013 4182 3149 4235 Θεοῦ
3206 4181 3375 4249 Λόγον
3433 4182 3527 4236 καὶ
3591 4183 3692 4254 τὴν

445 4271 638 4340 σοφίαν
669 4269 762 4322 τοῦ
788 4269 942 4333 Θεοῦ,
977 4269 1116 4340 αὕτη
1143 4270 1178 4340 ἡ
1214 4271 1374 4339 σοφία
1401 4271 1658 4325 διδάσκει.
2278 4307 2288 4318 -
3487 4291 3491 4296 ‘

517 4384 682 4440 Vens.
712 4385 820 4439 5-7.
866 4383 948 4438 Ne
982 4394 1189 4439 avertas
1234 4386 1495 4440 hominem
1529 4388 1583 4439 in
1613 4387 1968 4441 humilitatem
1994 4401 2013 4440 :

2186 4385 2283 4454 Μὴ
2309 4385 2701 4455 ἀποστρέψῃς
2727 4385 3039 4454 ἄνθρωπον
3062 4387 3150 4452 είς
3175 4385 3555 4442 ταπείνωσιν
3585 4387 3687 4440 καὶ

441 4487 490 4532 et
533 4477 766 4530 dixisti:
811 4475 1212 4540 Convertimini,
1264 4478 1365 4547 ﬁlii
1419 4479 1712 4534 hominum.
1752 4478 2017 4545 Quoniam

2122 4475 2310 4545 εἶπας,
2329 4477 2776 4546 Ἐπιστρέψατε,
2804 4479 2859 4530 οἱ
2891 4477 3010 4532 υἱοὶ
3039 4477 3158 4531 τῶν
3185 4477 3530 4546 ἀνθρώπων.
3557 4479 3688 4532 Ὅτι

442 4571 587 4623 mille
616 4571 743 4623 anni
767 4573 822 4621 in
845 4568 1010 4622 oculis
1035 4569 1163 4632 tuis,
1196 4578 1450 4638 tanquam
1482 4569 1592 4624 dies
1617 4569 1880 4635 hesterna,
1899 4587 2015 4640 qua:

2122 4570 2283 4638 χίλια
2306 4569 2410 4637 ἐτη
2438 4571 2509 4623 ἐν
2532 4569 2858 4638 ὀφθαλμοῖς
2880 4585 3017 4634 σου,
3045 4571 3126 4636 ὡς
3150 4571 3190 4638 ἡ
3221 4569 3409 4640 ἡμέρα
3428 4571 3467 4640 ἡ
3490 4571 3683 4640 ἐχθὲς,

439 4662 718 4729 prwteriit,
737 4671 787 4713 et
816 4660 1055 4713 custodia
1085 4660 1140 4713 in
1167 4671 1336 4716 nocte.
1369 4661 1500 4727 Quae
1519 4678 1614 4730 pro
1639 4662 1799 4716 nihilo
1824 4663 2017 4720 haben-

443 4761 548 4812 tur,
589 4767 772 4804 eorum
802 4751 928 4804 anni
963 4760 1139 4806 erunt.
1180 4751 1342 4807 Mane
1385 4754 1519 4806 sicut
1564 4753 1725 4809 herba
1755 4763 2012 4821 transeat,

442 4855 596 4891 mane
625 4841 812 4907 ﬂoreat
841 4850 889 4892 et
923 4850 1194 4906 transeat;
1223 4859 1428 4912 vespere
1456 4843 1689 4906 decidat,
1721 4844 2014 4908 induret,et

442 4940 670 4983 arescat.
705 4930 843 4994 Quia
870 4932 1154 4999 defecimus
1180 4933 1233 4986 in
1277 4934 1361 4985 ira
1401 4943 1514 4997 tua,
1540 4943 1590 4987 et
1623 4936 1675 4988 in
1709 4934 1887 5002 furore
1923 4946 2012 4990 tuo

443 5021 642 5074 turbati
688 5038 889 5076 sumus.
923 5022 1061 5087 Quia
1115 5025 1212 5079 has
1267 5039 1426 5078 voces
1461 5024 1660 5095 Moysis
1697 5043 1820 5083 esse
1856 5025 2015 5084 docet

443 5114 656 5175 titulus,
694 5112 822 5166 dum
852 5129 946 5168 eas
977 5114 1176 5186 Moysis
1208 5131 1454 5185 personae
1483 5125 1671 5185 aptare
1696 5133 1885 5181 conor,
1908 5136 2016 5175 me-

440 5221 565 5260 cum
602 5214 793 5274 reputo
826 5221 955 5258 num
1008 5205 1094 5261 his
1131 5206 1386 5260 latentem
1438 5205 1641 5277 Moysis
1673 5211 2011 5279 prophetiam

442 5311 622 5351 sermo
646 5296 846 5350 tradat.
888 5295 1075 5365 Neque
1102 5297 1248 5350 enim
1281 5297 1524 5365 psalmus
1551 5314 1675 5353 esse
1707 5302 1837 5354 mihi
1868 5303 2012 5358 vidc—

441 5397 567 5452 tur;
600 5387 718 5450 sed,
750 5395 809 5440 ut
841 5387 999 5442 docet
1029 5389 1332 5459 inscriptio,
1359 5391 1534 5444 oratio
1560 5390 1781 5462 Moysis.
1813 5392 2010 5458 Qumro

443 5486 621 5531 autem
652 5493 758 5548 quo
791 5478 1280 5550 temporeMoyses
1324 5480 1426 5534 hac
1467 5497 1601 5536 usus
1627 5481 1873 5537 oratione
1895 5483 1964 5538 sit
1991 5501 2003 5544 ;

443 5575 496 5621 et
525 5583 651 5620 num
695 5567 818 5637 ipsi,
845 5568 928 5622 vel
957 5568 1136 5637 potius
1166 5571 1366 5640 populo
1393 5573 1716 5628 conveniat:
1750 5587 1878 5627 num
1914 5589 2003 5642 ge-

514 5721 556 5752 "
597 5719 741 5777 Psal.
777 5737 851 5785 Ct,
886 5721 978 5776 25.
1057 5724 1101 5755 ⁵³
1141 5721 1298 5778 Prov.
1341 5739 1457 5790 vm,
1487 5723 1584 5781 25.

2115 4659 2248 4727 ἥτις
2276 4658 2504 4728 διῆλθε,
2537 4660 2634 4712 καὶ
2669 4659 2913 4728 φυλακὴ
2943 4661 3013 4714 ἐν
3038 4660 3236 4714 νυκτί.
3270 4658 3347 4714 Τὰ
3360 4659 3685 4725 ἐξουδενώ-

2109 4767 2268 4821 ματα
2283 4750 2503 4812 αὐτῶν,
2524 4751 2628 4817 ἐτη
2655 4750 2918 4806 ἔσονται.
2945 4751 3014 4806 Τὸ
3034 4753 3183 4820 πρωϊ
3195 4752 3276 4817 ὡς
3298 4752 3337 4818 ἠ
3361 4753 3512 4820 χλόη
3536 4769 3684 4821 παρ-

2111 4842 2296 4906 έλθοι,
2355 4842 2420 4896 τὸ
2455 4843 2602 4910 πρωῒ
2630 4842 2887 4909 ἀνθῆσαι
2929 4843 3030 4897 καί
3067 4843 3369 4912 παρέλθοι,
3405 4844 3469 4897 τὸ
3502 4843 3686 4898 ἐσπέ-

2105 4939 2219 5002 ρὰς
2253 4933 2570 4999 ἀποπέσοι,
2618 4937 3026 5002 σκληρυνθείη
3067 4935 3166 4988 καὶ
3207 4935 3526 5002 ξηρανθείη
3545 4953 3560 4966 ’
3595 4935 3687 4989 ὅτι

2111 5025 2470 5094 ἐξελίπομεν
2491 5027 2561 5080 ἐν
2590 5025 2664 5096 τῇ
2696 5026 2837 5096 ὀργῇ
2872 5044 3007 5092 σου,
3037 5027 3136 5081 καὶ
3165 5028 3234 5079 ἐν
3266 5026 3344 5092 τῷ
3376 5027 3540 5097 θυμῷ
3567 5045 3686 5082 σου

2111 5116 2535 5186 ἐταράχθημεν.
2579 5119 2793 5189 Ἐπειδὴ
2828 5118 3069 5182 Μωσέως
3105 5119 3368 5188 ὑπάρχειν
3403 5120 3499 5183 τὰς
3543 5137 3687 5189 παρ-

2111 5210 2276 5273 ούσας
2307 5212 2491 5279 φωνὰς
2519 5213 2552 5282 ἡ
2583 5211 2872 5284 προγραφὴ
2902 5211 3161 5273 διδάσκει,
3221 5209 3561 5282 πειρώμενος
3585 5213 3684 5264 αὐ-

2110 5301 2210 5365 τὰς
2259 5303 2563 5372 ἐφαρμόσαι
2607 5302 2686 5372 τῷ
2729 5302 2968 5364 Μωσέως
3037 5301 3331 5374 προσώπῳ,
3382 5302 3681 5373 ὲφίστημι,

2119 5394 2327 5463 μήποτε
2356 5393 2717 5447 λανθάνουσαν
2749 5393 2838 5448 διὰ
2877 5393 3081 5445 τούτων
3106 5393 3135 5445 6
3165 5392 3318 5462 λόγος
3349 5395 3682 5466 παραδίδωσι

2115 5485 2449 5556 προφητείαν
2500 5486 2760 5548 Μωσέως.
2825 5486 2958 5539 Οὐδὲ
3002 5486 3108 5559 γὰρ
3147 5486 3358 5557 ψαλμὸς
3406 5483 3544 5540 εἶναί
3591 5505 3680 5558 μοι

2109 5575 2270 5640 δοκεῖ,
2312 5576 2426 5630 ἀλλ’
2455 5577 2530 5639 ὡς
2567 5580 2600 5648 ἠ
2639 5578 2927 5649 προγραφὴ
2966 5578 3224 5644 διδάσκει,
3272 5578 3544 5652 προσευχὴ
3587 5578 3679 5634 τοῦ
