4074 6384
491 305 627 355 HM

1192 301 1464 359 EUSEBII
1501 302 1991 363 CIESARIENSIS
2027 308 2184 366 OPP.
2230 310 2414 369 PARS
2451 313 2539 373 111.
2561 344 2633 356 -—
2673 312 3086 375 EXEGETICA.

3623 320 3768 380 “52

464 415 967 472 consummatione
995 416 1165 488 igitur
1193 420 1378 475 saeculi
1409 428 1536 491 post
1555 419 1867 478 Servatoris
1896 433 2055 480 nostr

2180 428 2580 502 παλαιούμενον
2604 432 2698 486 καὶ
2725 433 3006 505 γηράσκον
3037 434 3206 503 ἐγγὺς
3238 433 3572 508 ἀφανισμοῦ.
3607 440 3673 494 ’0
3699 436 3769 514 δὴ

475 507 808 571 adventum,
841 521 968 562 cum
990 523 1222 580 vespera
1250 510 1387 580 ipsis
1417 510 1753 578 advenisset,
1778 526 1842 567 ac
1864 511 1955 568 lux
1989 529 2078 569 ve-

473 599 674 654 ritatis
702 599 863 670 plane
896 600 1217 667 occidisset,
1254 602 1312 656 in
1362 602 1584 658 ruinam
1628 612 1683 658 et
1710 605 2076 675 abjectionem

466 690 707 759 .penitus
755 690 1119 758 devenerunt,
1155 700 1321 764 atque
1352 694 1456 751 hoc
1478 697 1762 752 oraculum
1792 697 2074 767 impletum

476 789 570 837 est
603 801 616 836 :
657 782 881 853 Vespere
909 783 1142 851 decidat,
1185 786 1396 841 induret
1421 797 1470 843 et
1504 798 1732 845 arescat.
1759 788 1902 856 Quia
1931 790 2075 861 defe-

480 875 654 930 cimus
683 876 741 929 in
763 876 851 930 ira
881 886 997 941 tua,
1023 880 1154 932 etin
1178 879 1359 946 furore
1384 890 1474 935 tuo
1502 881 1703 937 turbati
1729 899 1933 939 sumus.
1957 882 2076 940 His-

474 981 592 1037 que
644 966 863 1022 videtur
913 970 1051 1023 mihi
1105 969 1321 1042 Moyses
1354 973 1665 1028 orationem
1714 976 2069 1041 concinnare,

482 1060 672 1129 populi
700 1070 844 1130 post
892 1060 1193 1119 Salvatoris
1228 1066 1406 1120 nostri
1446 1064 1741 1122 adventum
1770 1069 2073 1124 conditioni

481 1163 934 1209 consentaneum.
991 1153 1125 1208 Nam
1156 1156 1420 1226 propheta
1456 1173 1583 1212 cum
1615 1169 1780 1225 esset,
1805 1168 1860 1216 et
1888 1160 2071 1216 divina

485 1244 830 1313 praescientia
867 1244 1231 1313 abjectionem
1278 1262 1470 1301 eorum
1522 1250 1769 1305 ultimam
1810 1262 1864 1305 et
1892 1261 2072 1308 extre-

479 1351 629 1390 mam
658 1337 883 1390 ruinam.
895 1338 1252 1407 prospiceret,
1283 1339 1522 1395 salutare
1549 1342 1683 1411 ipsis
1708 1343 2070 1412 pharmacum

482 1432 550 1484 ad
581 1430 849 1486 medelam
879 1434 1228 1503 suggerebat,
1263 1436 1406 1491 hanc
1449 1437 1701 1492 videlicet
1739 1439 2065 1504 orationem,

481 1537 649 1594 quam
678 1522 737 1577 in
768 1524 1011 1589 arcanis,
1042 1532 1103 1579 ut
1132 1527 1449 1593 ,verisimile
1495 1538 1602 1594 est,
1632 1539 1685 1584 et
1716 1539 1871 1585 extra
1907 1532 2069 1585 aliam

482 1615 817 1684 scripturam
855 1630 1036 1679 suam,
1069 1616 1138 1670 iis
1178 1618 1275 1688 qui
1313 1633 1517 1673 arcana
1548 1635 1716 1690 penes
1749 1636 1809 1675 se
1836 1622 2071 1677 retinere

482 1715 710 1777 possent
756 1708 1025 1769 tradidit;
1058 1711 1389 1783 videturque
1421 1713 1567 1784 apud
1596 1715 1718 1770 illos
1750 1715 1841 1768 diu
1872 1723 1928 1770 et
1962 1716 2072 1785 pri-

479 1798 651 1853 vatim
701 1813 823 1854 eam
872 1799 1221 1863 latuisse.~ac
1268 1802 1485 1860 demum
1538 1804 1676 1860 libro
1722 1804 2067 1862 Psaimorum

479 1892 794 1946 necessario
843 1892 1106 1948 insertam
1161 1894 1353 1961 fuisse,
1397 1911 1467 1951 ne
1516 1895 1776 1952 diuturno
1822 1906 2063 1970 tempore

477 1981 670 2039 multis
705 1984 881 2041 latens
912 1993 966 2040 et
989 1988 1237 2057 neglecta
1266 1989 1562 2046 excideret.
1591 1988 1667 2044 Ut
1689 1990 1855 2060 igitur
1884 2007 2063 2047 serva-

477 2085 653 2137 retur,
684 2076 1055 2148 omuibusqtre
1086 2090 1215 2135 nota
1243 2092 1512 2143 maneret.
1544 2082 1686 2138 libro
1712 2082 2060 2140 Psalmortm

474 2170 685 2225 inserta
719 2169 845 2238 fuit,
872 2174 974 2227 etsi
1003 2173 1247 2243 psalmus
1283 2191 1391 2229 non
1418 2175 1510 2231 sit.
1536 2174 1724 2246 Neque
1752 2177 1898 2231 enim
1922 2178 2062 2247 psal-

472 2261 550 2315 mi
582 2261 863 2333 quidpiam
897 2265 1282 2334 complectitur
1314 2286 1329 2322 :
1363 2268 1610 2338 psalmus
1637 2268 1839 2338 quippe
1866 2268 1934 2322 ad
1962 2269 2057 2324 lae-

473 2353 652 2409 titiam
677 2357 846 2411 animi
877 2365 1123 2428 spectat;
1157 2360 1271 2413 hac
1298 2367 1481 2414 autem
1513 2360 1692 2415 oratio
1726 2360 1866 2414 iram
1898 2369 1952 2415 et
1977 2360 2064 2415 fu-

474 2459 655 2501 rorem
682 2447 799 2514 Dei,
831 2450 1046 2521 aliaque
1075 2452 1257 2507 tristia
1307 2462 1701 2507 commemorat
1736 2473 1749 2508 :
1784 2454 2062 2509 divinum-

473 2552 580 2608 que
609 2555 810 2595 numen
842 2541 910 2597 iis
940 2543 1141 2613 placat,
1169 2542 1262 2613 qui
1298 2542 1434 2612 lapsi
1472 2550 1623 2597 sunt.
1656 2543 1871 2615 Moyses
1901 2546 2060 2615 quip—

2175 521 2422 594 καὶπερὶ
2457 524 2641 587 αὐτοῖς
2671 524 2895 593 γέγονεν
2922 525 3202 590 ἐπιδόντος
3231 527 3417 592 αὐτοῖς
3439 528 3535 582 τοῦ
3559 529 3662 601 τῆς
3686 531 3772 588 δι-

2176 615 2470 685 καιοσύνης
2484 614 2687 680 Ἠλίου,
2715 616 2855 670 κατά
2879 617 2979 689 τὴν
3002 619 3254 691 φήσασαν
3275 622 3636 692 προφητείανο
3653 621 3770 679 Καὶ

2176 705 2423 760 δύσεται
2448 710 2483 761 ό
2502 707 2677 776 ἣλιος
2700 709 2800 762 ἐπὶ
2820 710 2970 775 τοὺς
2990 711 3305 781 προφήτας
3325 712 3470 780 τοὺς
3488 714 3771 770 πλανῶν-

2174 814 2283 864 τας
2312 798 2421 851 τὸν
2450 801 2606 854 λαόν
2636 817 2779 870 μου.
2809 802 3018 874 Ὥσπερ
3058 803 3168 874 γάρ
3207 805 3340 877 περὶ
3380 806 3491 861 τῶν
3531 807 3767 865 δικαίων

2174 889 2367 961 ἐλέχθη
2384 890 2462 955 τὸ,
2481 892 2785 947 Ἀνατελεῖ
2799 894 2930 961 τοῖς
2949 895 3341 966 φοϐουμένοις
3354 897 3625 953 αὐτόνἽΙ
3629 902 3765 969 .110;-

2173 983 2589 1055 δικαιοσύνης,
2633 985 2774 1040 οὕτω
2823 988 3079 1060 καὶπερὶ
3126 988 3235 1042 τῶν
3283 989 3496 1045 ἀσεϐῶν
3545 992 3761 1064 εἴρηται

2171 1077 2254 1139 τὸ,
2283 1079 2536 1132 dumut
2564 1082 2598 1133 ό
2623 1078 2798 1147 ἣλιος
2815 1081 2912 1134 ἐπὶ
2935 1081 3160 1136 τοῖσδεο
3190 1083 3285 1137 καὶ
3312 1082 3475 1136 πάλιν
3501 1083 3756 1156 ἀλλαχοῦ⁶

2172 1170 2285 1224 Καὶ
2311 1171 2606 1226 causeam
2630 1171 2804 1240 ἣλιος
2825 1175 3216 1243 μεσημϐρίας,
3240 1175 3340 1230 καὶ
3363 1177 3402 1244 ἠ
3424 1175 3658 1245 σελήνη
3682 1179 3754 1233 οὐ

2171 1263 2348 1318 δώσει
2379 1266 2444 1319 τὸ
2487 1265 2707 1335 φέγγος
2734 1266 2943 1335 αὐτῆς.
2983 1268 3105 1321 Ἐπὶ
3154 1269 3432 1341 συντελείᾳ
3463 1269 3640 1324 τοίνυν
3661 1270 3752 1325 τοῦ

2172 1355 2368 1421 αἰῶνος
2391 1358 2528 1427 μετά
2545 1358 2644 1429 τὴν
2659 1357 2754 1411 τοῦ
2771 1359 3023 1430 Σωτῆρος
3034 1362 3067 1430 ἡ
3078 1360 3194 1432 μῶν
3210 1361 3532 1433 παρουσίαν,
3550 1362 3643 1416 ὅτε
3657 1363 3754 1417 αύ-

2170 1449 2283 1509 τοίς
2312 1450 2345 1519 ἡ
2376 1446 2583 1520 ἑσπέρα
2607 1449 2833 1520 ἐπῆλθε,
2866 1449 3051 1514 δύντος
3088 1452 3270 1516 αὐτοῖς
3309 1452 3385 1516 ὼς
3413 1452 3631 1525 ἀληθῶς
3661 1450 3758 1509 τοῦ

2169 1538 2269 1607 τῆς
2291 1537 2549 1608 ἀληθείας
2576 1538 2773 1608 φωτὸς,
2797 1540 2831 1610 ἡ
2849 1539 3123 1604 ἔκπτωσις
3148 1541 3328 1594 αὐτῶν
3350 1543 3446 1595 καὶ
3465 1544 3500 1614 ή
3515 1542 3760 1617 ἀποϐολὴ

2169 1629 2360 1693 τέλους
2384 1630 2562 1700 ἔτυχε,
2581 1630 2677 1682 καὶ⁵
2704 1630 2767 1683 τὸ
2793 1631 2968 1703 παρὸν
2997 1631 3289 1705 ἐπληρώθη
3325 1634 3507 1703 λόγιον
3541 1636 3760 1707 φῆσαν’

2176 1720 2246 1775 Τὸ
2283 1722 2547 1791 ἑσπέρας
2591 1723 2909 1789 ἀποπέσοι,
2944 1728 3355 1795 σκληρυνθείη
3403 1728 3502 1783 καὶ
3533 1729 3760 1799 ξηραν-

2169 1812 2318 1881 θείη.
2345 1814 2473 1867 Ὅτι
2507 1813 2865 1884 ἐξελιπομεν
2893 1816 2964 1870 ἐν
2990 1816 3066 1886 τῇ
3098 1817 3246 1889 ὁρτῇ
3272 1836 3410 1885 σου,
3441 1820 3544 1875 καί
3577 1822 3649 1876 ἐν
3673 1820 3761 1890 τῷ

2169 1904 2335 1974 θυμῷ
2355 1924 2471 1961 σου
2503 1908 2928 1979 ἐταράχθημεν.
2956 1910 3065 1964 Καί
3088 1928 3179 1982 μοι
3199 1912 3347 1967 δοκεῖ
3363 1913 3453 1969 διά
3489 1914 3696 1970 τούτων
3726 1916 3763 1970 ὁ

2167 1994 2409 2068 Μωῦσῆς
2444 2001 2754 2072 προσευχὴν
2800 1989 3058 2068 συντάξαι
3102 2004 3448 2076 ἁρμόζουσαν
3475 2010 3544 2079 τῇ
3580 2024 3759 2061 κατα-

2169 2089 2354 2144 στάσει
2379 2090 2473 2144 τοῦ
2498 2092 2649 2158 λαοῦ,
2675 2096 2745 2165 τῇ
2767 2093 2904 2165 μετά
2929 2094 3028 2166 τὴν
3050 2094 3353 2167 παρουσίαν
3374 2096 3470 2150 τοῦ
3499 2097 3761 2171 Σωτῆρος

2163 2180 2345 2252 ἡμῶν.
2386 2183 2680 2255 Προφήτης
2703 2181 2798 2238 οὖν
2823 2184 2920 2251 ὢν,
2946 2186 3253 2259 προγνώσει
3281 2205 3342 2242 τε
3372 2188 3497 2261 ’θείᾳ
3516 2189 3579 2243 τὸ
3602 2189 3760 2254 τέλος

2166 2274 2346 2329 αὐτῶν
2370 2277 2469 2348 τῆς
2493 2277 2763 2349 ἀποϐολῆς
2793 2278 2887 2333 καὶ
2912 2278 3012 2350 τὴν
3037 2281 3273 2352 ἐσχάτην
3292 2281 3608 2335 ἀπόπτωσιν
3626 2297 3760 2334 συν-

2164 2367 2325 2439 ορῶν,
2360 2369 2652 2441 φάρμακον
2699 2370 2882 2431 αὐτοῖς
2920 2371 3188 2442 σωτήριον
3216 2371 3312 2425 καὶ
3356 2355 3757 2442 θεραπευτικὸν

2164 2460 2471 2526 ὑπετίθετο,
2507 2460 2605 2533 τὴν
2642 2460 2923 2533 παροῦσαν
2966 2461 3276 2532 προσευχὴν
3306 2462 3364 2514 ἐν
3393 2460 3754 2532 ἀπορρήτοις,

2161 2551 2239 2615 ὡς
2267 2551 2433 2617 είκὸς,
2477 2552 2753 2623 παραδοὺς
2790 2552 2962 2625 αὐτὴν
2987 2551 3186 2618 ἔξωθεν
3224 2553 3327 2625 τῆς
3376 2552 3544 2625 ἄλλης
3581 2552 3756 2608 αὐτοῦ

472 2646 542 2701 pe
571 2633 715 2688 hunc
741 2635 1077 2706 propitiandi
1107 2636 1332 2690 modum
1364 2635 1533 2690 tradit
1567 2637 1790 2707 populo,
1813 2640 1906 2707 qui
1936 2646 2055 2710 post

2160 2642 2382 2715 γραφῆς
2424 2645 2537 2706 τοῖς
2582 2642 2900 2714 δυναμένοις
2943 2643 3011 2697 τά
3054 2644 3343 2716 ἀπόρρητα
3379 2645 3513 2714 παρ’
3537 2643 3758 2707 ἐαυτοτς

473 2719 778 2781 Salvatoris
808 2728 986 2782 nostri
1018 2726 1314 2781 adventum
1342 2728 1398 2783 in
1435 2738 1660 2800 peccata
1689 2730 1912 2788 decidit.

2159 2734 2412 2804 κατέχειν
2434 2751 2448 2764 ο
2474 2734 2604 2806 παρ’
2622 2728 2704 2798 οἷς
2733 2734 2828 2789 καὶ
2850 2735 3001 2799 εἰκὸς
3021 2735 3389 2806 φυλάττεσθαι
3413 2733 3585 2806 αὐτὴν
3615 2734 3758 2788 ἰδια-

470 2815 672 2883 ζόντως
702 2822 797 2874 καὶ
828 2820 1130 2892 λεληθότως
1168 2822 1329 2894 μέχρι
1352 2823 1550 2879 πολλοῦ
1570 2842 1585 2858 ·
1618 2825 1843 2899 ὕστερόν
1866 2844 1930 2897 γε
1954 2828 2060 2900 μὴν
2097 2830 2562 2901 ἐγκαταλεχθῆναι
2581 2831 2896 2901 ἀναγκαίως
2917 2833 2988 2905 τῇ
3021 2831 3190 2903 βίϐλῳ
3213 2831 3321 2886 τῶν
3346 2829 3615 2902 Ψαλμῶν,
3670 2827 3759 2896 ὡς

468 2908 537 2963 ἂν
572 2913 645 2983 μὴ
676 2914 755 2985 τῷ
797 2915 993 2987 μακρῷ
1014 2915 1190 2987 χρόνῳ
1221 2917 1465 2972 διαπέσοι
1499 2917 1740 2973 λαθοῦσα
1765 2920 1892 2984 τοὺς
1924 2922 2155 2987 πολλοὺς
2188 2920 2285 2978 καὶ
2334 2924 2689 2997 ἀμεληθεῖσα.
2726 2926 2822 2979 Ἴν⁹
2852 2919 2947 2980 οὖν
3017 2923 3264 2991 σώζοιτο,
3329 2924 3425 2979 καὶ
3490 2923 3755 2997 παραμέ-

469 3020 551 3058 νοι
581 3007 956 3079 γινωσκομένη
993 3008 1098 3061 ὑπὸ
1126 3009 1364 3075 πάντων,
1387 3012 1454 3081 τῇ
1489 3009 1656 3082 βίϐλῳ
1685 3010 1796 3065 τῶν
1829 3012 2078 3085 Ψαλμῶν
2117 3015 2518 3088 παρενεϐλήθη,
2562 3018 2638 3089 μὴ
2667 3013 2800 3072 οὖσα
2839 3018 3071 3090 ψαλμός,
3100 3018 3240 3073 Οὐδὲ
3277 3018 3386 3090 γὰρ
3424 3016 3640 3090 ψαλμοῦ
3695 3034 3755 3072 τι

470 3100 748 3171 περιέχει·
793 3098 1057 3170 θυμηδίας
1098 3100 1207 3170 γὰρ
1262 3102 1291 3153 ό
1334 3100 1578 3174 ψαλμὸς·
1613 3102 1646 3172 ἡ
1702 3101 1757 3155 δὲ
1803 3102 2052 3172 παροῦσα
2085 3107 2359 3177 προσευχὴ
2390 3108 2563 3178 ὀργῆς
2597 3107 2926 3179 μνημονεύει
2956 3108 3052 3163 καὶ⁵
3105 3107 3280 3179 θυμοῦ
3319 3108 3456 3162 Θεοῦ
3505 3109 3599 3164 καὶ
3637 3107 3754 3162 ἑτέ-

473 3213 582 3270 ρων
629 3195 988 3268 σκυθρωπῶν,
1037 3196 1314 3250 ίλάσκεταί
1355 3214 1416 3251 τε
1472 3198 1534 3250 τὸ
1565 3198 1718 3249 Θεῖον
1767 3195 1907 3268 ὑπὲρ
1948 3198 2057 3253 τῶν
2121 3202 2627 3256 ἀποπεπτωκότων·
2671 3204 2764 3256 τὸν
2813 3203 3037 3274 ἱλασμὸν
3080 3202 3270 3257 τοῦτον
3332 3204 3615 3267 Μωῦσέως
3660 3203 3753 3259 διὰ

466 3292 570 3362 τῆς
604 3293 909 3366 προσευχῆς
958 3291 1297 3354 διδάσκοντος
1339 3292 1517 3360 λέγειν
1563 3290 1655 3344 τὸν
1702 3293 2049 3347 ἀποπεσόντα
2082 3296 2178 3349 τοῦ
2218 3296 2356 3350 Θεοῦ
2389 3295 2516 3351 λαὸν
2560 3297 2700 3369 μετά
2727 3298 2827 3369 τὴν
2851 3295 2947 3350 τοῦ
2992 3296 3247 3367 Σωτῆρος
3312 3295 3473 3367 ἡμῶν
3541 3312 3775 3383 παρουοἸ

471 3387 614 3441 σίαν.

540 3506 878 3576 Yideturque
922 3503 1055 3558 mihi
1110 3503 1254 3559 banc
1292 3498 1497 3575 Moysis
1546 3502 1876 3571 orationem,
1926 3514 2052 3577 post

2224 3505 2334 3559 Καί
2376 3521 2466 3576 μοι
2511 3505 2658 3559 δοκεῖ
2684 3505 2783 3560 οὐκ
2823 3505 3080 3570 ἀσκόπως
3114 3515 3253 3576 μετα
3287 3503 3378 3559 τὸν
3406 3511 3497 3577 πη⁹
3528 3503 3747 3577 ψαλμὸν

467 3615 711 3659 Lxxxvm
741 3598 1031 3668 psalmum,
1064 3606 1117 3651 et
1148 3612 1211 3651 ea
1242 3611 1365 3667 quae
1397 3594 1469 3649 ibi
1503 3593 1569 3650 de
1605 3595 1813 3652 semine
1860 3594 2050 3661 David,

467 3696 645 3763 deque
689 3690 890 3744 throno
958 3688 1034 3744 illi
1088 3690 1363 3760 promisso
1406 3691 1885 3760 praenuntiantur,
1939 3707 2048 3746 non

468 3788 589 3843 sine
628 3783 860 3840 consilio
902 3783 1136 3855 positam
1193 3782 1493 3839 fuissezac
1557 3799 1863 3840 sermonem
1927 3801 2054 3856 pro-

466 3866 721 3929 fundiore
775 3874 1014 3945 quodam
1066 3874 1387 3945 speculandi
1436 3888 1608 3940 more,
1653 3872 1892 3929 futuram
1954 3874 2053 3929 Ju—

466 3967 607 4021 daici
667 3967 872 4037 populi,
921 3971 1044 4037 post
1081 3962 1376 4021 adventum
1415 3963 1536 4035 ejus
1594 3966 1686 4037 qui
1727 3976 1792 4021 ex
1843 3967 2052 4022 semine

465 4056 633 4113 David
686 4058 1006 4128 proditurus
1068 4064 1230 4124 erat,
1303 4056 1520 4111 ruinam
1580 4066 1635 4111 et
1687 4056 2048 4127 abjectioncm

465 4149 815 4205 subindicare
848 4146 1030 4220 :quod
1092 4165 1225 4205 sane
1276 4165 1457 4204 rerum
1517 4157 1745 4205 eventus
1772 4149 2045 4220 obsignat.

461 4241 535 4297 At
565 4241 711 4297 enim
734 4242 1038 4297 orationem
1065 4242 1200 4312 ipsis
1226 4240 1395 4295 tradit
1436 4239 1670 4314 Moyses,
1735 4242 2047 4312 prophetica

460 4338 664 4393 virtute
719 4336 985 4392 orationis
1032 4332 1198 4391 verba
1257 4352 1506 4407 persona:
1563 4336 1748 4409 populi
1798 4335 1936 4406 lapsi
1994 4342 2050 4390 et

460 4428 664 4499 abjecti
712 4423 1157 4481 accommodans.
1216 4422 1352 4482 Cum
1409 4428 1577 4499 igitur
1604 4426 1700 4489 ait,
1730 4420 1813 4481 Ne
1840 4435 2047 4481 avertas

462 4519 724 4574 hominem
752 4521 810 4572 in
846 4518 1242 4573 humilitatem:
1279 4514 1343 4572 Et
1376 4519 1603 4573 dixisti:
1642 4516 2044 4584 Convertimini,

460 4613 872 4683 ﬁliihominum,
927 4612 1071 4667 hanc
1123 4613 1254 4683 ipsis
1312 4613 1617 4667 doctrinam
1666 4610 1883 4666 tradere
1912 4611 2046 4665 mibi

457 4702 711 4769 videtur,
747 4712 805 4757 ut
834 4704 1042 4761 scilicet
1074 4703 1348 4774 precando
1370 4700 1554 4759 dicant
1597 4723 1610 4758 :
1642 4700 1687 4759 Ο
1719 4700 1967 4767 Domine,
1988 4710 2046 4756 tu

458 4796 630 4851 variis
680 4797 1017 4866 temporibus
1078 4795 1348 4868 refugium
1401 4795 1560 4851 nobis
1612 4794 1788 4850 factus
1844 4809 1904 4850 es
1949 4808 2046 4863 per

2154 3592 2249 3651 καὶ
2273 3596 2340 3649 τὰ
2373 3596 2438 3649 δι’
2477 3596 2638 3649 αὐτοῦ
2670 3596 2798 3668 περὶ
2833 3595 2927 3649 τοῦ
2969 3595 3283 3667 σπέρματος
3313 3594 3478 3649 Δαυῒδ
3520 3597 3617 3650 καὶ
3645 3594 3745 3650 τοῦ

2155 3687 2566 3761 ἐπηγγελμένου
2608 3687 2757 3759 αὐτῷ
2781 3688 2973 3760 θρόνου
3009 3687 3393 3753 θεσπισθέντος
3423 3690 3458 3760 ὴ
3491 3689 3747 3762 παροῦσα

2154 3779 2430 3852 προσευχὴ
2462 3780 2742 3844 Μωῦσέως
2765 3779 3066 3851 συνῆφθαι·
3102 3780 3242 3852 μετά
3268 3798 3411 3843 τινος
3431 3781 3488 3835 δέ
3515 3781 3744 3852 βαθυτέ-

2157 3884 2255 3946 ρας
2281 3873 2509 3945 θεωρίας
2543 3871 2914 3941 αἰνιττομένου
2948 3870 3041 3924 τοῦ
3074 3870 3233 3940 λόγου
3273 3872 3588 3927 ἀπόπτωσιν
3621 3874 3746 3928 ἔσε-

2153 3964 2278 4017 σθαι
2303 3963 2396 4017 καὶ
2416 3960 2686 4034 ἀποϐολὴν
2708 3961 2801 4015 τοῦ
2843 3961 3110 4015 Ἰουδαίων
3137 3960 3320 4026 ἔθνους
3347 3961 3487 4033 μετά
3512 3964 3613 4036 τὴν
3639 3982 3745 4020 πα-

2154 4053 2373 4129 ρουσίαν
2401 4051 2494 4108 τοῦ
2539 4054 2603 4108 ἐκ
2639 4055 2954 4127 σπέρματος
2980 4052 3143 4108 Δαυῖδ
3180 4054 3677 4127 προελευσομένουο
3708 4056 3744 4113 ϐ

2150 4146 2214 4220 δὴ
2248 4148 2342 4202 καὶ
2374 4145 2831 4220 ὲπισφραγίζεται
2875 4148 2911 4218 ἠ
2949 4147 3057 4199 τῶν
3099 4146 3443 4219 πραγμάτων
3485 4148 3737 4213 ἔκϐασις.

2163 4240 2324 4294 Ἀλλά
2352 4239 2460 4311 γὰρ
2483 4239 2790 4312 προσευχὴν
2816 4240 2998 4303 αὐτοῖς
3018 4238 3381 4310 παραδίδωσιν
3409 4242 3437 4294 ὁ
3469 4240 3737 4312 Μωῡοῆς,

2150 4335 2465 4405 προφητικῇ
2501 4331 2727 4403 δυνάμει
2758 4330 3076 4402 ἐφαρμόσας
3100 4331 3227 4395 τοὺς
3263 4332 3321 4384 έν
3356 4334 3422 4403 τῇ
3459 4335 3738 4406 προσευχῇ

2149 4419 2339 4491 λόγους
2361 4421 2439 4494 τῷ
2472 4421 2747 4494 προσώπῳ
2771 4421 2865 4475 τοῦ
2912 4420 3238 4487 ἐκπεσόντος
3264 4424 3357 4477 καὶ
3393 4425 3737 4497 ἀποϐληθέν-

2147 4531 2239 4578 τος
2266 4514 2418 4567 λαοῦ.
2459 4512 2626 4567 Ἐπάν
2651 4509 2742 4567 οὖν
2764 4511 2897 4584 λέγῃ
2919 4530 2932 4543 ·
2957 4514 3055 4582 Μὴ
3087 4514 3481 4585 ἀποστρέψῃς
3512 4515 3740 4586 ἅνθρω-

2148 4618 2268 4659 ποι»
2309 4607 2396 4672 εὶς
2429 4606 2820 4659 ταπείνωσιν·
2865 4603 2977 4660 Καὶ
3020 4601 3192 4673 εἶπας
3211 4623 3224 4637 ’
3273 4607 3737 4678 Ἐπιστρέψ-ατε,

2147 4696 2201 4749 οἱ
2218 4695 2337 4750 υἱοὶ
2381 4695 2500 4752 τῶν
2530 4694 2876 4763 ἀνθρώπων,
2921 4695 3108 4750 τοῦτόν
3151 4714 3241 4768 μοι
3279 4697 3428 4751 δοκεί
3458 4700 3740 4758 διδάσκειν

2147 4786 2346 4851 αὐτοὺς
2374 4786 2466 4840 τὸν
2491 4785 2636 4851 νοῦν,
2672 4787 3142 4858 προσευχομένους
3176 4787 3355 4856 λέγειν
3380 4806 3394 4822 ο
3433 4786 3504 4843 Ὦ
3532 4790 3732 4862 Κύριε,

460 4887 706 4958 singulas
735 4888 1115 4959 generationes
1147 4903 1162 4940 :
1202 4904 1328 4943 nam
1354 4888 1531 4957 primo
1557 4901 1680 4940 cum
1710 4886 1765 4941 in
1803 4881 2041 4958 Egypto

2158 4881 2212 4934 σὺ
2247 4879 2389 4933 κατά
2417 4878 2641 4951 χρόνους
2684 4880 2815 4951 ἡμῖν
2863 4879 3093 4949 γέγονας
3135 4882 3423 4953 καταφυγὴ
3466 4883 3561 4937 καὶ
3606 4884 3735 4938 καθ’

459 4993 829 5042 versaremur,
866 4987 1029 5049 atque
1054 4994 1084 5032 a
1117 4977 1404 5032 Pharaone
1449 4984 1504 5031 et
1544 4975 1816 5048 Egyptiis
1854 4979 2039 5048 oppri-

456 5085 755 5136 merentur,
788 5068 1058 5143 refugium
1098 5071 1254 5126 nobis
1283 5069 1432 5125 fuisti
1459 5087 1474 5136 ;
1528 5071 1835 5141 iterumque
1866 5070 1921 5124 in
1944 5069 2041 5125 dea

458 5174 607 5221 serto
660 5165 957 5236 oppugnati
1016 5179 1140 5218 cum
1190 5162 1259 5218 ab
1285 5161 1601 5217 Amalecitis
1625 5168 1743 5216 tum
1768 5176 1800 5216 a
1818 5158 2037 5216 Chana-

456 5254 612 5320 nzeis,
648 5257 778 5311 tein
808 5253 1114 5310 subsidium
1141 5269 1205 5309 ac
1231 5250 1501 5325 refugium
1557 5254 1880 5321 habuimus;
1931 5254 2040 5313 imo

456 5349 620 5403 etiam
677 5362 800 5401 eum
856 5347 1087 5418 ingressi
1127 5346 1182 5400 in
1233 5353 1437 5402 terram
1471 5345 1852 5416 promissionis
1897 5346 2029 5401 allo-

454 5440 635 5511 pltylis
681 5440 893 5496 subacti
948 5455 1216 5505 essemus,
1275 5454 1339 5494 ac
1367 5438 1687 5510 plerumque
1710 5446 1899 5508 postea
1928 5439 2032 5496 sub

456 5531 677 5600 regibus
711 5532 938 5595 nostris,
968 5531 1186 5587 demum
1214 5531 1270 5586 in
1294 5531 1627 5603 Babylonica
1689 5530 2027 5603 captivitate,

457 5622 671 5693 refugio
704 5624 863 5682 nobis
896 5622 1069 5679 fuisti.
1130 5622 1196 5676 Et
1249 5637 1398 5677 nunc
1438 5623 1621 5694 itaque
1656 5622 2031 5694 supplicamus

456 5712 613 5780 paria
652 5714 746 5769 abs
779 5721 831 5775 te
860 5714 1140 5783 consequi,
1172 5722 1333 5785 teque
1366 5715 1423 5770 in
1447 5714 1719 5787 refugium
1775 5723 2031 5772 nostrum

2138 4972 2377 5043 ἑκάστην
2420 4971 2612 5041 γενεάν
2637 4988 2651 5002 ο
2688 4971 2901 5044 πρῶτον
2937 4973 3036 5044 μὲν
3072 4972 3182 5045 γάρ
3208 4973 3268 5026 ἐν
3296 4974 3558 5047 Αἰγύπτῳ
3596 4992 3734 5046 τυγ-

2139 5067 2394 5137 χάνουσιν
2431 5066 2584 5137 ἡμῖν,
2620 5067 2714 5119 καὶ
2751 5065 2858 5119 ὑπὸ
2881 5066 2978 5120 τοῦ
3009 5066 3210 5139 Φαραῶ
3262 5067 3358 5122 καὶ
3403 5068 3511 5122 τῶν
3560 5070 3732 5140 Αἰγυ-

2138 5158 2308 5213 πτίων
2342 5159 2839 5231 καταπονουμένοις
2873 5161 3163 5233 καταφυγὴ
3190 5159 3420 5230 γέγονας
3438 5179 3452 5193 ’
3474 5161 3637 5217 πάλιν
3667 5162 3729 5217 δὲ

2139 5252 2232 5305 ἐπὶ
2263 5252 2361 5323 τῆς
2392 5252 2600 5325 ἐρήμου
2646 5250 3042 5323 πολεμούμενοι
3074 5253 3195 5306 τοτὲ
3223 5254 3324 5324 μὲν
3359 5256 3463 5308 ὑπὸ
3494 5255 3587 5310 τοῦ
3634 5256 3725 5311 ’Δ-

2143 5344 2342 5418 μαλὴκ,
2403 5345 2529 5398 τοτὲ
2561 5345 2618 5399 δὲ
2659 5344 2765 5398 ὑπὸ
2792 5343 2886 5398 τοῦ
2929 5346 3255 5410 Χαναναίου,
3292 5346 3352 5400 σέ
3398 5349 3725 5419 καταφυγὴν

2138 5437 2450 5509 ἐσχήκαμεν
2469 5455 2482 5468 ⁸
2512 5437 2570 5490 οὐ
2603 5436 2709 5507 μὴν
2742 5435 2878 5490 ἀλλά
2909 5435 3003 5491 καὶ
3040 5438 3372 5504 εἰσελθόντες
3395 5440 3476 5503 είς
3494 5440 3592 5512 τὴν
3616 5441 3724 5511 γῆν

2137 5528 2239 5600 τῆς
2281 5528 2636 5599 ἐπαγγελίας,
2671 5528 2776 5582 ὑπὸ
2814 5528 3135 5599 ἀλλοφύλοις
3162 5548 3221 5584 τε
3258 5531 3562 5603 γενόμενοι,
3591 5533 3723 5587 τολ-

2140 5619 2294 5684 λάκις
2336 5637 2395 5673 τε
2426 5621 2520 5674 καὶ
2555 5619 2692 5690 μετά
2741 5619 2915 5674 ταῦτα
2946 5622 3038 5674 ἐπὶ
3083 5622 3192 5675 τῶν
3240 5621 3503 5692 βασιλέων
3538 5621 3717 5693 ἡμῶν,

2140 5714 2232 5768 καὶ
2265 5713 2415 5776 τέλος
2472 5715 2564 5767 ἐπὶ
2613 5714 2710 5785 τῆς
2758 5715 2835 5776 εἰς
2874 5713 3169 5770 Βαϐυλῶνα
3218 5714 3614 5785 αίχμαλωσίας,
3656 5715 3716 5770 σέ
