4074 6378
441 344 580 399 “53

1537 335 2040 397 COMMENTARIA
2077 333 2144 388 IN
2186 334 2526 390 PSALMOS.

3566 338 3706 394 1154

439 461 762 534 καταφυγὴν
797 461 1046 533 ὲσλορεν.
1080 457 1190 514 Κάἰ
1227 461 1342 514 νυνὶ
1376 459 1665 530 τοιγαροῦν
1705 457 2019 527 ἱκετεύομεν

2121 453 2368 508 obtinere
2399 470 2413 506 :
2447 468 2618 523 quare
2673 464 2951 519 rogamus,
3004 447 3084 503 Ne
3128 459 3336 506 avertas
3357 451 3619 508 hominem
3647 457 3707 510 in

437 554 547 609 τῶν
577 555 777 626 ὁμοίων
811 553 962 624 παρά
988 551 1081 606 σοῦ
1113 555 1314 622 τυχεῖν,
1359 551 1451 605 καί
1486 567 1546 603 σε
1579 548 1882 622 κτήσασθαι
1915 565 2017 600 κα-

437 647 723 717 ταφυγήνο
753 645 835 698 διὸ
867 643 1119 715 δεόμεθα,
1154 647 1212 698 Μ
1218 643 1251 711 ἡ
1285 642 1680 710 ἀποστρέψῃς
1704 641 2019 709 ἄνθρωπον

437 736 526 800 εἰς
550 735 911 788 ταπείνωσιν
929 749 942 762 ·
966 733 1233 796 τουτέστι,
1268 732 1359 803 Μὴ
1389 731 1736 802 άποστρὲψῃς
1762 731 1910 800 ἡμᾶς
1937 729 2018 792 εἰς

437 826 648 880 τελείαν
669 826 984 880 ἀπόπτωσιν
1017 826 1108 878 καὶ
1131 825 1477 879 ταπείνωσιν.
1509 825 1582 876 Σὺ
1606 825 1715 894 γὰρ
1744 825 1810 893 τῇ
1842 824 1908 893 σῇ
1931 839 2020 891 φι-

438 915 758 988 λανθρωπίᾳ
802 915 981 982 εἶπας,
1017 917 1112 970 καὶ
1145 915 1476 987 κηρύγματα
1503 916 1668 969 πᾶσιν
1711 912 2018 985 ἀνθρώποις

438 1009 755 1081 ἐξενήνοχας
773 1010 963 1079 λέγων·
983 1009 1432 1078 Ἐπιστρέψιιτε,
1452 1014 1504 1065 οἱ
1526 1008 1643 1064 υίοί
1662 1008 1779 1062 τῶν
1798 1007 2020 1076 ἀνθρώ-

437 1113 587 1156 πων.
625 1103 686 1156 Εἰ
710 1102 774 1174 δὴ
795 1100 888 1157 οὖν
912 1103 1089 1157 πάντα
1118 1102 1189 1157 τά
1210 1103 1457 1186 ἐθνηοκαί
1488 1103 1700 1165 πάντας
1722 1103 1845 1164 τοὺς
1870 1101 2019 1163 υἱοὺς

437 1191 549 1244 τῶν
589 1191 892 1266 ἀνθρώπων
939 1187 1343 1266 προᾶκέκληταί
1395 1195 1556 1265 σουή
1615 1193 2015 1266 φιλανθρωπία,

437 1287 536 1338 καὶ
566 1288 691 1348 τοὺς
725 1287 888 1342 πάλαι
918 1287 1366 1361 ἀποστραφέντας
1394 1289 1502 1342 ἀπὸ
1532 1288 1647 1353 σοῦ,
1681 1289 1774 1342 καὶ
1801 1287 2018 1358 δαίμοσι

439 1378 534 1430 καί
571 1377 844 1449 πνεύμασι
871 1382 1126 1451 πονηροῖς
1149 1378 1652 1442 καταδουλωθέντας
1681 1376 2020 1450 ἐπιστραφῆ-

438 1486 527 1523 ναι
556 1470 646 1522 ὲπί
682 1470 741 1523 σὲ
775 1470 1072 1534 κελεύσεις,
1116 1470 1251 1542 μηδὲ
1284 1473 1430 1540 ἡμᾶς
1459 1471 1832 1541 ἀποστραφῇς,
1885 1467 2018 1540 μηδὲ

439 1563 516 1624 εἰς
558 1561 792 1633 παντελῆ
821 1563 1097 1634 ἐρήμωσιν
1127 1561 1460 1636 καταλείπῃς
1485 1561 1658 1614 ὲλθείν
1693 1563 1819 1624 τοὺς
1852 1559 2018 1614 πάλαι

441 1668 536 1704 σου
563 1652 886 1722 γενομένους
941 1652 1192 1716 οἰκείους,
1225 1653 1417 1716 οἵτινες
1460 1651 1595 1723 πρὸς
1637 1649 1817 1719 ὀλίγον
1854 1649 2018 1721 ἀνθή-

440 1760 632 1807 σαντες
663 1743 965 1815 χειμάρρου
999 1743 1153 1814 δίκην
1187 1743 1630 1816 παρεδράμομεν.
1667 1741 1750 1794 Τά
1780 1740 1910 1810 γοῦν
1933 1739 2018 1811 χί-

2120 544 2511 610 humilitatem;
2539 546 2641 599 hoc
2664 552 2771 609 est,
2826 542 2904 598 Ne
2932 553 3150 599 avertas
3178 560 3277 600 nos
3311 543 3377 599 ad
3405 551 3707 602 extremam

2119 637 2336 691 ruinam
2359 646 2414 694 et
2445 637 2831 692 humilitatem.
2855 635 2940 690 Tu
2973 652 3207 708 namque
3234 638 3284 692 vi
3311 638 3390 692 tui
3423 654 3552 709 erga
3607 639 3709 692 ho-

2118 727 2296 783 mines
2329 729 2535 782 amoris
2566 728 2680 782 haec
2714 726 2924 790 dixisti,
2962 735 3126 800 atque
3180 729 3436 786 onmibus
3471 728 3711 785 homini-

2117 821 2223 876 bus
2252 821 2392 874 hanc
2421 820 2862 891 praedicationem
2891 820 3120 874 attulisti
3169 820 3380 888 dicens,
3435 821 3711 877 Converti-

2118 913 2274 976 mini,
2310 913 2412 982 ﬁlii
2451 912 2744 967 hominum.
2776 909 2831 965 Si
2875 911 3062 982 itaque
3089 912 3377 968 clementia
3394 921 3489 968 tua
3512 930 3708 972 omnes

2119 1010 2329 1073 gentes,
2387 1017 2687 1072 omnesque
2755 1001 2896 1059 ﬁlios
2955 1004 3236 1058 hominum
3263 1007 3533 1073 evocavit,
3573 1016 3628 1062 et
3658 1007 3710 1062 si

2117 1111 2214 1151 eos
2241 1097 2332 1166 qui
2361 1096 2489 1150 olim
2519 1097 2616 1150 abs
2643 1105 2695 1151 te
2728 1096 2929 1158 aversi,
2988 1111 3054 1151 ac
3097 1097 3438 1152 dzemonibus
3502 1099 3712 1168 spiriti-

2118 1187 2328 1259 busque
2354 1188 2607 1256 malignis
2629 1188 2836 1243 subditi
2863 1197 3040 1253 erant,
3071 1189 3138 1243 ad
3171 1196 3226 1244 te
3248 1190 3705 1260 convertijubes;

2120 1295 2188 1334 ne
2222 1295 2322 1334 nos
2340 1279 2634 1343 averseris,
2664 1293 2840 1348 neque
2871 1279 2927 1334 in
2957 1287 3258 1336 extremam
3287 1297 3450 1338 ruere
3477 1285 3710 1340 vastita-

2119 1377 2226 1426 tem
2252 1370 2426 1434 sinas,
2485 1372 2577 1440 qui
2633 1371 2762 1425 olim
2815 1371 2895 1425 tui
2933 1356 3259 1435 fuimusfac
3279 1389 3404 1428 cum
3434 1377 3708 1430 tantillum

2121 1463 2380 1533 temporis
2412 1461 2810 1527 ﬂoruissemus,
2845 1463 3104 1518 torrentis
3123 1463 3299 1517 instar
3326 1465 3706 1520 transivimus.

2119 1554 2254 1609 Nam
2285 1555 2432 1611 mille
2455 1557 2582 1610 anni
2615 1558 2810 1620 nostri,
2870 1556 3028 1627 queis
3075 1557 3214 1612 bene
3254 1571 3368 1611 rem
3411 1558 3708 1628 gessimus,

2120 1648 2457 1704 transierunt
2485 1649 2629 1704 sicut
2655 1649 2775 1704 dies
2803 1648 3087 1712 hesterna,
3121 1664 3244 1718 quae
3263 1650 3543 1720 praeteriit.
3606 1649 3710 1704 Hic

2121 1757 2252 1796 vero
2272 1740 2606 1813 perpendere
2644 1741 2794 1805 libet,
2817 1757 2918 1796 cur
2939 1741 2994 1794 bi
3021 1741 3170 1795 mille
3210 1742 3341 1795 anni
3397 1757 3710 1798 memoren-

439 1835 531 1888 λια
579 1811 734 1906 ήμίῦν
903 1837 974 1888 ’ὲν
1013 1811 1120 1898 οἷς*
1145 1811 1492 1906 ῆκμάσανμεν,
1514 1811 1714 1887 ’ταῦτα
1743 1830 2018 1903 παρῆλθεν

2121 1842 2229 1890 tur.
2265 1811 2323 1889 Si
2351 1811 2494 1890 enim
2525 1834 2744 1889 dicatur
2770 1835 2884 1890 haec
2916 1833 2983 1888 ad
3009 1834 3238 1906 gloriam
3274 1833 3366 1888 Dei
3389 1832 3531 1900 esse,
3567 1843 3621 1890 et
3637 1836 3709 1890 ad

439 1926 515 1989 ὼς
540 1927 574 1996 ἡ
607 1925 780 1995 ἐχθὲς,
811 1928 931 1998 ἥτις
955 1925 1156 1998 διῆλθε.
1184 1925 1476 1996 Γενόμενος
1497 1923 1554 1978 δὲ
1593 1925 1650 1976 ὲν
1669 1921 1880 1985 τούτοις
1922 1923 2020 1990 ἐφ-

448 2019 641 2088 ίστημι
677 2018 796 2080 πῶς
820 2017 1032 2089 εἴρηται
1061 2017 1130 2070 τά
1158 2016 1302 2087 χίλια
1336 2017 1509 2070 ταῦτα
1533 2016 1650 2086 ἐτη.
1683 2017 1746 2068 Εἰ
1777 2015 1876 2086 μὲν
1906 2014 2019 2084 γὰρ

439 2111 625 2163 ἕνεκεν
654 2107 959 2176 δοξολογίας
993 2106 1087 2160 τοῦ
1117 2106 1254 2160 Θεοῦ
1288 2108 1382 2160 καὶ
1413 2109 1492 2170 εἰς
1537 2106 1880 2178 παράστασιν
1921 2105 2020 2176 τῆς

436 2202 608 2256 ἀϊδίου
641 2201 787 2271 ζωῆς
816 2199 910 2253 τοῦ
941 2198 1098 2262 Θεοῦ,
1129 2199 1279 2252 οὐδὲν
1305 2196 1457 2269 οἶμαι
1488 2198 1578 2251 τὸν
1605 2198 1760 2266 λόγον
1785 2197 2018 2269 μεγαλο-

442 2293 650 2364 πρεπὲς
699 2293 992 2362 περιέχειν.
1036 2290 1170 2344 Οὐδὲ
1215 2289 1324 2362 γὰρ
1363 2289 1457 2342 τὸν
1491 2288 1780 2359 σύμπαντα
1825 2288 2016 2352 αἰῶνα,

437 2385 562 2439 οὐδὲ
594 2385 684 2438 τὸν
714 2385 823 2439 ἀπὸ
853 2382 1076 2455 πρώτης
1107 2383 1337 2445 κτίσεως
1357 2383 1449 2435 τοῦ
1491 2383 1696 2453 κόσμου
1737 2382 1830 2436 καὶ
1857 2382 2020 2451 μέχρι

438 2475 540 2547 τῆς
565 2475 868 2539 συντελείας
893 2475 1286 2547 παρατείνοντα
1317 2474 1526 2546 χρόνον,
1548 2474 1608 2526 τὸ
1633 2475 1835 2546 ἀκαρὲς
1853 2473 2019 2545 ἡγοῦ-

440 2585 541 2638 μαι
567 2564 725 2631 εἶναι,
760 2567 858 2638 οὐχ
886 2567 968 2620 ὅτι
999 2567 1098 2638 τῆς
1130 2567 1365 2638 ἡμέρας,
1407 2566 1520 2621 ἀλλ’
1545 2565 1665 2618 οὐδὲ
1692 2566 1790 2636 τῆς
1817 2565 2020 2636 βραχυ-

441 2659 608 2728 τάτης
641 2657 791 2730 ὥρας
825 2658 1122 2730 παραθέσει
1163 2658 1260 2730 τῆς
1305 2659 1540 2730 ἀνάρχου
1583 2659 1678 2713 καὶ
1723 2659 2020 2729 ἀγεννήτου

441 2752 586 2822 ζωῆς
612 2751 706 2804 τοῦ
728 2750 884 2813 Θεοῦ,
926 2751 1033 2824 πρὸ
1064 2752 1279 2805 πάντων
1305 2751 1642 2824 ὑπάρχοντος
1671 2750 1901 2817 αἰώνων,
1927 2752 2021 2806 καὶ

444 2842 552 2912 πρὸ
589 2841 788 2905 παντὸς
817 2842 1202 2912 ὲπινοουμένου
1235 2843 1329 2896 καὶ
1361 2844 1441 2906 εἰς
1462 2844 1689 2914 ἄπειρον
1712 2843 2020 2914 ἐκτεινομέ-

441 2951 534 2987 νου
559 2933 842 3004 λογισμοῦ,
872 2933 1015 3006 ὑπὲρ
1053 2950 1115 2986 τε
1145 2934 1272 2998 τοὺς
1303 2933 1440 3005 μετά
1473 2935 1643 2988 ταῦτα
1684 2936 2020 3008 ἀπεράντους

442 3026 538 3080 καὶ
568 3025 958 3097 ἀτελευτήτους
990 3025 1194 3090 αἰῶνας
1213 3026 1582 3099 διαρκοῦντος.
1609 3027 1808 3098 Διόπερ
1832 3027 2019 3098 ἕτερόν

445 3135 533 3188 μοι
561 3117 708 3171 δοκεῖ
733 3118 858 3172 νοῦν
903 3118 1224 3172 ὑποσάλλειν
1259 3120 1291 3190 ἡ
1330 3119 1579 3191 παροῦσα
1613 3120 1911 3192 προσευχὴ,
1942 3120 2019 3173 δι-

441 3209 714 3264 δάσκουσα
732 3209 823 3262 τὸν
851 3209 978 3263 λαὸν
999 3209 1178 3278 λέγειν
1197 3226 1210 3240 ο
1239 3210 1359 3262 Ὅτι
1379 3211 1546 3278 χίλια
1564 3209 1668 3277 ἐτη
1697 3209 1767 3262 ἐν
1797 3211 2020 3278 ὀφθαλ-

443 3301 574 3371 μοῖς
604 3316 721 3356 σου
769 3301 849 3367 ὡς
880 3301 918 3369 ἠ
964 3301 1155 3372 ἡμέρα
1184 3302 1220 3370 ἡ
1259 3301 1451 3371 ἐχθὲς,
1482 3302 1614 3369 ἣτις
1653 3299 1881 3371 διῆλθε.
1918 3301 2017 3356 καί

444 3393 687 3464 φυλακὴ
720 3394 790 3447 ἐν
819 3394 1013 3447 νυκτί.
1047 3392 1128 3446 Τὰ
1146 3391 1275 3462 γοῦν
1310 3393 1483 3464 σεμνά
1509 3393 1610 3465 τῆς
1642 3393 2016 3467 Ἰερουσαλὴμ,

441 3485 501 3537 ὲν
531 3478 613 3548 οἷς
645 3484 706 3537 τὸ
737 3486 845 3538 πᾶν
872 3483 1020 3547 ἔθνος
1044 3482 1224 3536 αὐτῶν
1255 3484 1470 3556 ἠκμασέ
1499 3501 1558 3538 τε
1584 3487 1679 3538 καὶ
1699 3483 1930 3556 ἤνθησεν
1961 3487 2018 3538 ὲν

443 3575 696 3646 ἡμέραις,
721 3573 910 3646 ὥσπερ
943 3573 1036 3628 καὶ
1075 3575 1215 3644 φωτί
1243 3574 1455 3643 γέγονε,
1498 3575 1647 3629 ταῦτ’
1670 3572 1739 3648 ἦν
1774 3577 1840 3630 τά
1873 3577 2020 3647 χίλια

443 3667 558 3738 ἔτη.
597 3668 720 3720 Ἐπὶ
746 3668 924 3739 μόνοις
947 3667 1054 3739 γὰρ
1074 3667 1260 3738 χιλίοις
1278 3669 1419 3721 ἔτεσι
1442 3669 1735 3738 συνέστηκε
1764 3669 2020 3740 καίδιήρ-

445 3772 571 3810 κεσε
605 3756 674 3810 τὰ
705 3759 804 3828 τῆς
847 3758 904 3809 ἐν
932 3756 1082 3827 τόπῳ
1108 3756 1390 3828 λατρείας·
1421 3755 1456 3810 ἃ
1490 3756 1554 3828 δὴ
1582 3757 1674 3809 καὶ
1707 3756 2017 3828 ἀριθμεῖται

444 3848 630 3902 τοῦτον
658 3848 749 3902 τὸν
796 3847 1014 3920 τρόπον.
1056 3849 1188 3902 Ἀπὸ
1234 3848 1331 3920 μὲν
1353 3848 1454 3920 τῆς
1489 3849 1711 3920 πρώτης
1746 3849 1842 3902 τοῦ
1871 3849 2017 3922 ἰεροῦ

445 3940 788 4010 κατασκευῆς
837 3941 930 3994 καὶ
962 3939 1070 3992 τῶν
1117 3939 1429 4010 Σολομῶνος
1471 3940 1676 4011 χρόνων
1717 3940 1875 4012 μέχρι
1920 3941 2020 4012 τῆς

445 4032 551 4085 ὑπὸ
576 4031 928 4085 Βαϐυλωνίων
957 4031 1267 4103 πολιορκίας
1301 4029 1396 4101 ἐτη
1431 4029 1722 4099 συνάγεται
1755 4030 1888 4084 υλ6’⁶
1918 4048 2018 4102 με·

443 4125 512 4179 τὰ
534 4125 590 4178 δὲ
612 4124 784 4179 ταῦτα
805 4126 883 4188 εἰς
911 4124 1116 4195 ἔρημον
1150 4125 1501 4196 περιστάντος
1525 4118 1620 4178 τοῦ
1643 4124 1830 4189 τόπου,
1863 4119 2019 4186 αὖθις

459 4215 663 4288 Ἰησοῦς
695 4216 790 4269 καὶ
803 4215 1122 4288 Ζοροϐάϐελ,
1149 4215 1287 4268 ότοῦ
1321 4213 1606 4285 Σαλαθιὴλ,
1641 4213 1781 4268 κατὰ
1811 4213 1874 4268 τὸ
1895 4213 2018 4266 δεύ-

447 4323 601 4378 τερον
633 4306 749 4370 ἔτος
779 4306 1005 4378 Δαρείου
1045 4305 1136 4358 τοῦ
1166 4305 1375 4376 Πέρσου
1409 4303 1690 4358 ἁνανεοῦσι
1721 4304 1812 4357 τὸν
1837 4300 1982 4357 οἷκον
2001 4320 2017 4335 ο

445 4398 505 4464 ἐξ
530 4399 735 4451 ἐκείνου
764 4415 824 4450 τε
858 4398 952 4451 καὶ
983 4399 1076 4451 ἐπὶ
1107 4396 1170 4452 τὸ
1205 4397 1686 4451 πεντεκαιδέκατον
1719 4395 1838 4461 ἔτος
1863 4397 2020 4450 Τιϐε-

2122 1927 2510 1997 sempiternam
2535 1925 2629 1982 Dei
2660 1927 2828 1981 vitam
2867 1924 3276 1991 declarandam,
3330 1925 3467 1980 nihil
3523 1929 3707 1997 magni

2122 2019 2226 2073 hoc
2251 2026 2382 2088 puto
2405 2033 2656 2073 sermone
2680 2017 2935 2088 proferri.
2969 2015 3178 2071 Etenim
3214 2031 3314 2072 nec
3329 2031 3492 2072 omne
3530 2033 3709 2073 saecu-

2123 2107 2257 2172 lum,
2293 2123 2466 2177 neque
2495 2109 2656 2162 etiam
2685 2115 2858 2162 totum
2893 2108 3025 2162 illud
3049 2116 3265 2178 tempus
3313 2105 3458 2177 quod
3481 2123 3510 2161 a
3530 2109 3708 2177 prima

2121 2197 2310 2252 mundi
2343 2198 2620 2254 creatione
2644 2213 2817 2268 usque
2868 2198 2936 2253 ad
2982 2198 3102 2267 ejus
3155 2199 3705 2264 consummationem,

2121 2295 2204 2349 vel
2235 2310 2334 2364 pro
2365 2297 2600 2358 tantillo,
2634 2310 2743 2350 non
2773 2295 2952 2350 dicam
3005 2296 3168 2350 unius
3218 2294 3348 2361 diei,
3401 2295 3496 2351 sed
3543 2296 3707 2350 unius

2122 2385 2460 2440 brevissima:
2516 2385 2664 2440 horae
2713 2385 2912 2455 spatio,
2971 2383 3282 2438 habendum
3323 2399 3445 2439 esse
3473 2391 3626 2455 puto,
3657 2385 3708 2440 si

2121 2487 2471 2547 comparetur
2498 2493 2623 2532 cum
2656 2477 2748 2531 illa
2778 2477 2898 2533 sine
2938 2476 3210 2546 principio
3258 2483 3314 2530 et
3355 2475 3710 2546 generatione

2120 2571 2232 2624 vita
2267 2568 2383 2632 Dei,
2411 2569 2505 2640 qui
2555 2577 2683 2625 ante
2725 2569 2908 2624 omnia
2965 2569 3164 2625 saecula
3210 2567 3442 2631 exsistit,
3491 2583 3709 2623 necnon

2122 2669 2249 2717 ante
2279 2676 2496 2716 omnem
2521 2661 2909 2732 cogitationem
2966 2661 3052 2715 vel
3097 2660 3154 2714 in
3216 2659 3488 2714 inﬁnitum
3519 2669 3710 2716 cxten-

2122 2770 2269 2820 sam;
2300 2755 2503 2825 quique
2526 2755 2709 2809 omnia
2734 2753 2938 2818 futura,
2982 2753 3194 2808 inﬁnita
3250 2759 3306 2808 et
3357 2753 3709 2808 interminata

2121 2847 2320 2902 saecula
2341 2847 2631 2900 duratione
2685 2844 2917 2900 excedit.
2961 2843 3326 2911 Quamobrem
3379 2843 3540 2898 aliam
3571 2842 3707 2897 mihi

2120 2937 2444 2992 sententiam
2498 2936 2712 2990 videtur
2780 2936 2896 2990 haec
2961 2935 3140 2990 oratio
3198 2949 3522 3006 suggerere,
3579 2948 3708 2988 cum

2120 3031 2380 3102 populum
2414 3030 2482 3085 ad
2517 3031 2634 3085 haec
2661 3029 2890 3084 dicenda
2950 3029 3228 3083 instituit:
3263 3028 3527 3095 Quoniam
3557 3027 3710 3081 mille

2123 3123 2250 3176 anni
2272 3123 2327 3176 in
2356 3121 2521 3176 oculis
2553 3122 2680 3185 tuis,
2717 3128 2969 3190 tanquam
2999 3119 3110 3174 dies
3135 3119 3400 3184 hesterna,
3425 3133 3542 3188 qua!
3570 3133 3710 3186 prte-

2125 3215 2287 3280 teriit,
2319 3223 2366 3266 et
2401 3211 2645 3266 custodia
2680 3212 2736 3265 in
2767 3221 2938 3267 nocte.
2968 3209 3290 3266 Veneranda
3313 3226 3446 3280 ergo
3478 3191 3568 3264 illa
3584 3224 3708 3279 qua;

2121 3305 2176 3362 in
2211 3305 2518 3363 Jerusalem
2556 3312 2735 3368 erant,
2769 3303 2971 3374 quibus
3006 3311 3118 3358 tota
3159 3319 3292 3374 gens
3340 3301 3430 3356 illa
3483 3300 3710 3356 ﬂorebat

2119 3406 2174 3454 et
2195 3400 2367 3454 multo
2395 3399 2606 3453 dierum
2638 3396 2915 3452 curriculo
2943 3395 3081 3451 bene
3111 3411 3224 3450 rem
3253 3394 3497 3466 gerebat,
3548 3394 3707 3462 quasi

2121 3491 2175 3545 in
2200 3491 2322 3546 luce
2352 3490 2594 3562 degens;
2621 3489 2759 3552 haec,
2787 3490 3036 3560 inquam,
3097 3502 3198 3558 pro
3247 3487 3394 3541 mille
3421 3487 3579 3541 annis
3607 3486 3708 3539 ha-

2120 3582 2318 3638 benda.
2371 3581 2506 3635 Nam
2569 3581 2729 3636 annis
2773 3580 2920 3650 mille
2982 3579 3248 3633 duntaxat
3300 3579 3480 3634 cultus
3514 3577 3620 3632 hoc
3649 3579 3707 3632 in

2120 3673 2241 3727 loco
2289 3681 2529 3728 statutus
2565 3672 2786 3726 duravit
2834 3680 2888 3726 et
2937 3671 3186 3726 constitit
3222 3689 3235 3724 :
3270 3671 3364 3742 qui
3425 3668 3555 3724 anni
3601 3669 3708 3724 hoc

2121 3772 2280 3836 pacto
2311 3771 2684 3818 numerantur.
2746 3763 2790 3815 A
2842 3762 3016 3832 prima
3063 3762 3248 3832 templi
3298 3761 3618 3816 I'undatione
3650 3768 3708 3815 et

2123 3855 2460 3924 temporibus
2515 3853 2849 3917 Salomonis,
2918 3854 2986 3907 ad
3044 3869 3221 3922 usque
3283 3853 3705 3924 Babyloniorum

2120 3947 2484 4010 obsidionem,
2501 3947 2629 4000 anni
2649 3955 3041 4015 computantur
3063 3943 3450 4014 quadringenti
3477 3943 3706 4014 triginta

2121 4039 2249 4094 duo.
2284 4038 2414 4094 Post
2437 4039 2553 4092 haec
2581 4044 2760 4092 autem
2785 4051 2908 4091 cum
2941 4037 3094 4089 locus
3117 4035 3173 4088 in
3208 4033 3557 4088 solitudinem
3590 4049 3708 4088 vcr-

2122 4146 2217 4186 sus
2233 4135 2399 4195 esset,
2430 4143 2646 4183 rursum
2663 4125 2824 4182 Jesus
2839 4134 2893 4180 et
2913 4125 3235 4188 Zorobabel,
3257 4125 3398 4180 ﬁlius
3419 4124 3702 4190 Salathiel,

2123 4234 2272 4275 anno
2312 4218 2554 4276 secundo
2603 4217 2749 4271 Darii
2797 4215 2977 4273 Persa:
3009 4217 3232 4271 domum
3297 4223 3700 4273 restaurarunt.

2121 4312 2205 4368 Ab
2229 4313 2324 4367 illo
2351 4319 2529 4366 autem
2561 4318 2805 4380 tempore
2840 4324 3012 4379 usque
3045 4307 3112 4364 ad
3143 4308 3395 4378 quintum
3429 4309 3703 4364 decimum

2123 4419 2328 4458 annum
2357 4402 2562 4456 Tiberii
2587 4401 2843 4463 Caesaris,
2881 4400 3215 4469 colliguntur
3235 4398 3363 4452 anni
3419 4397 3703 4468 quingenti

448 4492 565 4562 ρίου
615 4490 891 4559 Καίσαρος
924 4489 1019 4560 ἔτη
1076 4491 1365 4558 συνάγεται
1397 4497 1558 4560 φμη’·
1607 4489 1747 4543 ὥστε
1784 4486 1919 4543 εἶναι
1951 4489 2019 4542 τὰ

2123 4493 2482 4564 quadraginta
2507 4501 2560 4546 et
2582 4499 2742 4555 octo;
2770 4490 2843 4544 ita
2873 4499 2931 4544 ut
2956 4504 3149 4544 omnes
3178 4488 3244 4543 ad
3275 4502 3542 4542 summam
3565 4503 3704 4541 nou-

447 4585 626 4638 πάντα
653 4585 774 4651 ἳπα
817 4583 1062 4652 Διέμεινέ
1091 4600 1150 4636 τε
1174 4581 1546 4654 χειμαζομὲνη
1583 4583 1677 4635 καὶ
1712 4579 2022 4636 ἀστατοῦσα

445 4677 480 4748 ή
515 4675 670 4739 πόλις
705 4675 842 4747 μετά
880 4675 978 4746 τὴν
1017 4675 1158 4728 κατά
1186 4675 1276 4728 τοῦ
1313 4676 1562 4747 Σωτῆρος
1598 4673 1756 4746 ὴμῶν
1797 4675 2019 4728 ἐπιϐου-

444 4767 544 4840 λὴν
576 4768 752 4823 αὐτῶν
803 4767 1010 4840 ἑτέροις
1036 4767 1178 4820 ἔτεσι
1215 4767 1286 4837 μ”
1321 4767 1438 4838 μεθ’
1469 4767 1505 4821 ἃ
1545 4769 1574 4820 ὁ
1611 4767 1877 4838 παντελὴς
1923 4767 2021 4820 αύ-

444 4863 572 4924 τοὺς
624 4859 888 4931 μετῆλθεν
933 4858 1172 4930 ὄλεθρος.
1213 4859 1307 4912 καὶ
1342 4861 1375 4929 ή
1403 4858 1607 4928 ὑστάτη
1652 4859 1954 4931 πολιορκία,
1987 4860 2020 4930 ὴ

447 4954 553 5007 ὑπὸ
585 4953 868 5025 Ῥωμαίων
891 4951 1154 5024 γενομένη
1182 4951 1323 5004 κατά
1343 4952 1501 5006 Τίτον
1546 4952 1640 5005 καὶ
1680 4953 2022 5006 Οὐεσπασιαο

446 5046 536 5100 νον
574 5047 995 5120 αὐτοκράτορας.

517 5139 680 5193 Ταῦτ’
711 5135 802 5193 οὗν
829 5135 897 5210 ἦν
922 5139 993 5192 τά
1022 5137 1166 5209 χίλια
1192 5136 1287 5208 ἐτη
1323 5137 1452 5209 περί
1477 5129 1552 5190 ὧν
1580 5137 1816 5208 εἴρηται,
1859 5136 1955 5201 Ὠς
1983 5136 2020 5204 ἦ

446 5231 638 5302 ἡμέρα
661 5233 699 5300 ἡ
739 5230 936 5301 ἐχθὲς,
968 5230 1106 5297 ’ἥτις
1137 5228 1364 5297 διῆλθε.
1401 5228 1686 5282 Διελθόντα
1715 5228 1824 5300 γάρ
1850 5227 2021 5282 ταῦτα

447 5324 542 5378 καὶ
578 5324 772 5394 μηκέτι
813 5323 944 5376 ὄντα
977 5321 1364 5375 ἀποκλαίονται
1394 5320 1555 5374 οἰδιά
1581 5321 1679 5391 τῆς
1714 5319 2020 5392 προσευχῆς

445 5414 538 5468 τὸν
567 5413 698 5467 Θεὸν
737 5415 1032 5484 ἱλεούμενοι
1056 5432 1070 5446 ο
1101 5413 1238 5468 ἀλλά
1260 5415 1353 5468 καὶ
1383 5413 1459 5476 ὼς
1489 5411 1734 5483 φυλακὴν
1772 5427 2022 5484 νυκτερι-
2050 5488 2058 5497 .

447 5507 545 5579 νὴν
576 5507 750 5561 ταῦτά
780 5523 910 5577 φασι
942 5507 1010 5562 τά
1031 5508 1177 5580 χίλια
1209 5507 1302 5579 ἐτη
1337 5507 1784 5579 παρεληλυθέναι.
1817 5507 2022 5576 Λύχνος

447 5604 556 5674 γάρ
585 5597 702 5673 ἦνό
745 5602 1020 5666 Μωῦσέως
1067 5603 1227 5674 νόμος
1270 5605 1327 5656 ἐν
1370 5602 1523 5656 νυκτί
1556 5602 1760 5672 φαίνων
1802 5602 2017 5665 αὐτοῖς’

449 5696 582 5748 ἀλλά
610 5695 703 5748 καὶ
727 5697 774 5748 οἰ
803 5695 1100 5766 προφῆται,
1135 5697 1182 5748 οἱ
1219 5693 1355 5766 μετά
1378 5693 1638 5759 Μωῦσέα,
1667 5693 1848 5763 λύχνοι
1880 5689 2021 5764 ἦσαν

449 5788 481 5851 ἢ
514 5786 608 5840 καὶ
632 5787 855 5851 ἀστέρες
889 5788 946 5840 ἐν
999 5788 1151 5842 νυκτὶ
1186 5786 1485 5849 φαίνοντες,
1517 5786 1668 5841 οῦπω
1718 5784 1809 5841 τοῦ
1845 5787 2020 5846 φωτὸς

2123 4592 2408 4656 gentorum
2443 4590 2496 4638 et
2521 4582 2798 4652 octoginta
2842 4588 3228 4651 supputentur.
3287 4578 3418 4635 Post
3473 4577 3703 4634 insidias

2122 4692 2252 4732 vero
2282 4677 2350 4730 ab
2379 4676 2448 4731 iis
2466 4682 2658 4730 contra
2686 4674 3022 4728 Salvatorem
3048 4680 3294 4726 nostrum
3326 4677 3584 4733 structas,
3609 4679 3702 4723 tu-

2125 4765 2386 4820 multibus
2419 4772 2472 4819 et
2503 4763 2865 4819 seditionibus
2895 4761 3094 4832 agitata
3117 4760 3328 4826 civitas,
3361 4759 3538 4814 adhuc
3566 4774 3704 4829 qua-

2123 4856 2372 4928 draginta
2397 4855 2556 4911 annis
2579 4855 2876 4926 permansit
2908 4869 2921 4905 :
2947 4852 3148 4922 quibus
3207 4851 3430 4921 elapsis.
3467 4853 3701 4905 accessit

2123 4958 2368 5005 extrema
2394 4963 2583 5004 eorum
2612 4945 2902 5018 pernicies,
2933 4951 2987 4997 et
3017 4943 3207 4996 ultima
3233 4942 3471 5006 obsidio,
3500 4939 3620 4996 Tito
3645 4949 3702 4995 et

2126 5041 2464 5112 Vespasiano
2493 5039 2938 5111 imperatoribus,
2969 5051 2999 5088 a
3023 5033 3292 5090 Romanis
3325 5034 3486 5088 facta.

2199 5134 2260 5190 Hi
2305 5136 2485 5204 itaque
2535 5133 2684 5189 mille
2737 5131 2864 5185 anni
2911 5135 3090 5192 erant,
3139 5127 3207 5181 de
3250 5125 3450 5194 quibus
3475 5123 3700 5189 dicitur,

2128 5229 2400 5300 Tanquam
2434 5226 2545 5280 dies
2567 5226 2810 5280 hesterna
2832 5237 2950 5293 quis
2973 5219 3250 5289 prazteriit.
3277 5215 3412 5270 Nam
3450 5216 3570 5270 illos
3595 5231 3698 5270 an-

2124 5336 2226 5376 nos
2251 5336 2348 5376 ceu
2380 5317 2681 5391 praeteritos
2709 5323 2763 5371 et
2788 5315 3002 5382 elapsos
3023 5310 3328 5381 deplorant,
3373 5308 3466 5378 qui
3498 5307 3550 5361 in
3572 5322 3699 5362 ora~

2125 5412 2451 5486 tioneIDeum
2465 5412 2680 5481 placare
2691 5413 2962 5462 conantur
2980 5423 2995 5471 ;
3013 5404 3120 5458 imo
3131 5402 3294 5457 etiam
3306 5399 3462 5470 quasi
3475 5406 3702 5454 noctun-

2124 5525 2250 5565 nam
2284 5505 2612 5570 custodiam,
2643 5503 2792 5558 mille
2820 5515 2994 5555 annos
3019 5499 3143 5553 illos
3183 5495 3458 5552 efﬂuxisse
3485 5494 3698 5549 dicunt.

2125 5599 2259 5653 Nam
2293 5596 2497 5667 Moysis
2529 5595 2614 5649 lex
2643 5593 2868 5646 lucerna
2890 5596 3010 5645 erat
3067 5589 3124 5642 in
3187 5593 3347 5641 nocte
3405 5581 3700 5655 splendens

2126 5692 2296 5762 ipsis;
2327 5685 2750 5760 prophetatitem
2779 5685 2870 5753 qui
2905 5690 3026 5754 post
3053 5678 3291 5752 Moysem
3326 5677 3566 5734 fuerunt.
3607 5675 3701 5726 .lu-

2125 5799 2302 5839 cernae
2329 5787 2507 5841 erant.
2540 5777 2654 5836 sive
2697 5776 2864 5832 stellas
2924 5774 2980 5832 in
3043 5779 3201 5828 nocte
3227 5770 3524 5834 fulgentes.
3575 5779 3702 5825 cum
