4074 6390
399 340 563 399 ³1135

1097 338 1370 399 EUSEBH
1409 340 1891 397 CESARIENSIS
1932 340 2084 397 OPP.
2137 341 2321 397 PARS
2360 340 2448 397 Ill.
2477 372 2549 385 --
2579 337 2990 399 EXEGETICA.

3531 343 3669 400 H36

391 462 663 519 montium
692 462 780 516 lus
817 464 1035 528 solaris,
1073 463 1125 517 id
1174 472 1259 519 est
1310 464 1568 520 salutaris
1620 463 1818 530 .Verbi,
1863 480 1985 534 pro-

2090 462 2186 523 τοῦ
2218 462 2463 535 ἡλιακοῦ,
2496 462 2739 516 τουτέστι
2785 462 2880 516 τοῦ
2911 462 3178 534 σωτηρίου
3221 462 3418 532 Λόγου,
3451 463 3552 534 τὴν
3593 464 3671 517 ot-

392 554 595 625 .priam
614 553 756 609 diem
782 568 847 607 ac
876 554 1161 610 meridiem
1193 548 1451 611 omnibus
1500 557 1755 627 gentibus
1810 557 1994 613 lucere

420 644 663 700 fecisset.
686 642 946 699 Custodi:
973 659 1113 699 avero
1142 653 1431 710 nocturna,
1486 645 1760 715 quoddam
1814 645 1996 699 noctis

417 746 633 808 tempus
661 746 908 792 vocatur.
939 735 1056 791 Hoc
1073 751 1237 806 porro
1279 737 1553 807 intelligas
1580 751 1647 792 ex
1679 735 1994 806 Evangelia,

389 830 474 883 .in
508 843 619 898 quo
640 827 848 882 dictum
896 836 1024 883 est:
1057 827 1267 894 Quarta
1316 837 1493 881 autem
1533 826 1778 883 custodia
1823 829 1995 881 noctis

417 924 555 977 venit
572 920 731 975 Iesus
754 919 1043 974 ambulans
1067 934 1230 990 supra
1267 936 1415 974 mare
1440 920 1483 952 ⁸⁷
1510 936 1529 984 ;
1559 935 1623 975 ac
1663 936 1903 988 rursum,
1935 921 1998 977 Si

415 1016 573 1069 sciret
587 1012 980 1083 paterfamilias
998 1028 1100 1083 qua
1124 1014 1364 1066 custodia
1382 1008 1754 1081 furveniret“.
1778 1012 1843 1068 Hi
1865 1029 1997 1093 ergo

388 1107 564 1163 “mille
597 1107 724 1161 anni
757 1120 865 1160 non
895 1103 1057 1160 modo
1082 1105 1215 1166 diei.
1244 1120 1365 1174 qua:
1405 1100 1669 1175 praeteriit
1709 1121 1810 1162 nec
1851 1108 1993 1161 ultra

394 1198 653 1263 exsistit,
686 1197 1049 1253 conferuntur
1068 1198 1191 1263 ;sed
1210 1197 1374 1251 etiam
1391 1197 1617 1254 modica:
1632 1200 1808 1254 noctis
1820 1199 1993 1267 parti;

392 1292 581 1345 itaut
604 1304 714 1343 non
746 1289 954 1359 integra
990 1294 1118 1348 nox.
1138 1288 1230 1345 sed
1260 1288 1381 1359 ejus
1418 1304 1546 1359 pars
1570 1290 1901 1355 declaretur,
1935 1291 1991 1344 in

390 1396 528 1452 lqua
581 1380 887 1453 custodiam
943 1381 1193 1450 corporei
1229 1380 1364 1450 legis
1386 1380 1568 1436 cultus
1601 1380 1988 1435 observabant.

396 1471 535 1526 .Sub
562 1471 679 1527 haec
701 1470 903 1525 dicitur
935 1486 948 1521 :
985 1471 1117 1537 Qua:
1141 1486 1236 1540 pro
1273 1470 1438 1524 nihilo
1474 1468 1733 1526 habentur
1782 1486 1985 1535 eorum,

394 1567 543 1619 .anni
595 1572 764 1621 erunt.
829 1563 1035 1619 Horum
1082 1564 1223 1618 mihi
1270 1564 1385 1619 lucc
1443 1560 1661 1619 videtur
1719 1559 1989 1619 sententia

394 1671 538 1713 esse
558 1672 583 1707 ,ι
635 1654 778 1709 Anni
806 1669 1008 1710 eorum
1065 1670 1167 1725 pro
1211 1655 1383 1709 nihilo
1434 1663 1617 1711 erunt.
1675 1654 1797 1709 Non
1840 1656 1986 1710 enim

392 1748 643 1803 .ulterius
670 1748 802 1801 anni
852 1747 933 1801 illi
990 1748 1069 1801 in.
1109 1746 1322 1803 honore
1372 1758 1553 1811 erunt,
1590 1762 1704 1804 non
1734 1747 1983 1810 curandi;

2097 557 2251 610 κείαν
2275 556 2491 627 ἡμέραν
2521 569 2582 609 τε
2616 556 2710 608 καὶ
2763 554 3108 627 μεσημϐρίαν
3147 557 3280 610 πᾶσι
3308 555 3421 619 τοῖς
3458 554 3669 609 ἔθνεσιν

2095 648 2522 719 ἐπιλάμψαντος.
2551 648 2769 719 Φυλακὴ
2802 648 2859 701 δὲ
2902 646 3191 718 νυκτερινὴ
3236 645 3427 718 καιρὸς
3458 646 3673 717 ὠνόμα-

2097 755 2219 792 σται
2245 739 2346 809 τῆς
2382 738 2606 801 νυκτός·
2631 738 2791 791 τοῦτο
2822 738 2879 791 δὲ
2911 740 3123 809 νοήσεις
3152 737 3259 791 ἀπὸ
3281 736 3377 791 τοῦ
3419 737 3669 805 Εὐαγγε-

2082 830 2228 892 λίου,
2253 831 2311 883 ἐν
2333 823 2378 898 ᾧ
2403 829 2617 901 εἴρηται
2633 845 2648 859 ·
2681 828 2932 898 Τετάρτῃ
2956 828 3026 881 δὲ
3056 827 3303 898 φυλακῇ
3322 827 3432 897 τῆς
3451 828 3672 895 νυκτὸς

2092 920 2280 994 ἦλθεν
2318 927 2350 977 d
2388 923 2609 991 Ἰησοῦς
2665 921 3001 991 περιπατῶν
3031 922 3128 975 ἐπὶ
3169 920 3279 990 τῆς
3316 921 3668 990 θαλάσσης’

2080 1017 2189 1071 -καὶ
2224 1017 2414 1070 πάλιν·
2449 1018 2518 1071 El
2550 1015 2681 1085 ᾔδει
2725 1019 2759 1069 ό
2787 1012 3218 1083 οἰκοδεσπότης
3254 1015 3395 1083 ποίᾳ
3423 1012 3673 1084 φυλακῇ

2092 1112 2128 1162 ό
2173 1107 2442 1176 κλέπτης
2487 1108 2740 1178 ἔρχεται.
2769 1106 3031 1179 Δηλοῦται
3076 1107 3256 1161 τοίνυν
3288 1105 3357 1159 τά
3386 1106 3533 1177 χίλια
3573 1106 3667 1178 ἐτη

2084 1198 2194 1268 ,οὐχ
2217 1198 2293 1262 ὡς
2313 1197 2550 1270 ήμέραή
2582 1196 2946 1268 παρελθοῦσα,
2976 1196 3072 1252 καὶ
3098 1197 3289 1268 μηκέτ’
3314 1193 3447 1251 οὖσα
3489 1198 3664 1268 μόνον,

2093 1288 2229 1341 ἀλλά
2266 1288 2359 1342 καὶ
2391 1289 2468 1352 ὡς
2508 1288 2682 1360 βραχύ
2711 1306 2766 1341 τι
2804 1285 2990 1360 μόριον
3029 1288 3243 1353 νυκτὸς,
3271 1288 3346 1353 ὡς
3374 1288 3509 1360 μηδὲ
3542 1289 3667 1359 ὅλην

2094 1379 2275 1433 νύκτα.
2297 1380 2506 1451 νοῆσαι,
2553 1379 2691 1434 ἀλλὰ
2726 1374 2896 1451 μέρος
2934 1394 2988 1433 τι
3019 1378 3243 1449 ταύτης,
3280 1382 3338 1433 ἐν
3364 1373 3411 1448 ᾧ
3438 1379 3536 1452 τὴν
3567 1394 3669 1451 φυ-

2089 1468 2262 1540 λακὴν
2287 1469 2383 1541 τῆς
2414 1471 2729 1542 σωματικῆς
2758 1471 2854 1524 τοῦ
2895 1470 3058 1541 νόμου
3085 1468 3341 1543 λατρείας
3367 1473 3667 1543 περιεῖπον.

2083 1562 2316 1627 ,Τούτοις
2362 1562 2491 1633 ἑξῆς
2538 1563 2755 1636 εἴρηται
2775 1581 2788 1594 ·
2845 1567 2923 1618 Τὰ
2977 1563 3428 1634 ὲξουδενώματα
3470 1564 3672 1620 αὐτῶν

2082 1654 2193 1722 ἐτη
2219 1653 2482 1707 ἔσονται.
2509 1656 2668 1720 Δοκεῖ
2690 1672 2783 1726 μοι
2805 1656 2900 1709 καὶ
2931 1656 2965 1726 ή
2993 1655 3194 1709 τούτων
3214 1657 3422 1711 διάνοια
3446 1656 3668 1730 τοιαύτη

2085 1756 2174 1809 τις
2202 1741 2343 1800 εἶναι
2366 1762 2379 1776 ·
2412 1745 2493 1799 Τά
2515 1746 2608 1818 ἔτη
2641 1746 2820 1800 αὐτῶν
2849 1745 3259 1819 ὲξουδενώματα
3290 1744 3523 1802 ἔσονται.
3556 1750 3669 1803 Οὐκ

396 1850 525 1892 ‘non
558 1834 854 1892 néceséarii
904 1837 1294 1905 habebuntur;
1351 1837 1443 1892 sed
1489 1837 1731 1907 despecti
1779 1852 1844 1893 ac
1893 1850 1985 1908 pro

2092 1834 2173 1887 ἔτι
2206 1836 2323 1908 γάρ·
2369 1836 2564 1909 ἔντιμα
2610 1838 2724 1910 ἐτη,
2758 1838 2879 1893 οὐδὲ
2924 1840 3182 1893 σπουδαῖα
3235 1840 3331 1895 καὶ
3373 1841 3667 1910 ἀναγκαῖα,

411 1928 583 1983 nihilo
640 1930 877 2000 reputati
927 1938 1108 1986 erunt.
1163 1928 1447 1996 Quomodo
1497 1937 1681 1986 autem
1728 1929 1857 1984 anni
1893 1945 1985 1985 eo—

2091 1925 2206 1980 ἀλλ’
2235 1920 2631 2000 ἐξουθενημένα
2667 1929 2763 1983 καὶ
2793 1932 2874 1992 είς
2903 1930 2964 1983 τὸ
2998 1929 3162 2002 μηδεν
3191 1929 3547 2001 λελογισμὲνα
3573 1948 3665 1999 γε-

410 2034 532 2073 rum
571 2034 670 2090 pro
716 2020 887 2074 nihilo
940 2021 1227 2091 reputandi
1279 2020 1414 2091 sint,
1458 2020 1723 2099 deinceps
1745 2019 1989 2074 declarat

412 2109 603 2166 dicens
628 2114 651 2163 ι’
680 2111 847 2167 Mane
914 2112 1053 2167 sicut
1128 2111 1290 2166 herba
1356 2120 1631 2180 transeat,
1680 2129 1835 2166 ntane
1888 2113 1984 2181 ﬂo-

410 2210 525 2255 reat
550 2210 600 2256 et
626 2210 883 2265 transeat,
907 2216 1112 2270 vespere
1144 2200 1373 2265 decidat,
1406 2202 1620 2256 induret
1652 2211 1705 2257 et
1739 2210 1985 2265 arescat,

408 2292 535 2362 quia
568 2292 851 2363 defecimus
882 2294 937 2348 in
968 2295 1051 2348 ira
1077 2302 1186 2349 tua.
1213 2293 1354 2351 Olim
1380 2295 1740 2366 quidem-ait,
1767 2294 1989 2367 quando

399 2399 500 2445 ures
534 2393 738 2440 nostra:
754 2385 1039 2441 exordium
1071 2384 1367 2451 ducebant,
1400 2395 1455 2446 et
1488 2387 1543 2442 in
1578 2388 1848 2443 matutino
1867 2402 1991 2442 era.-

395 2490 558 2539 -mus,
588 2476 745 2545 quasi
769 2475 936 2532 herba
969 2475 1171 2533 fuimus
1204 2495 1218 2532 :
1266 2475 1364 2532 sed
1403 2492 1530 2534 cum
1583 2478 1676 2532 illa
1711 2477 1989 2548 generatio

409 2568 782 2636 praeteriisset.
804 2568 972 2623 herba
1015 2569 1256 2625 transiit.
1291 2568 1406 2624 Sub
1435 2569 1552 2625 haec
1580 2577 1765 2626 autem
1796 2568 1987 2624 ﬂoruit

409 2666 553 2722 mus,
585 2666 639 2714 et
670 2659 903 2729 amplius
931 2660 1063 2729 quid
1088 2674 1153 2714 ac
1177 2660 1358 2729 majus
1386 2674 1552 2731 quam
1584 2659 1810 2717 herbam
1838 2659 1987 2715 nacti

410 2765 632 2815 sumus,
667 2752 744 2805 ita
795 2759 854 2807 ut
906 2752 1008 2810 llos
1056 2754 1114 2812 in
1166 2753 1336 2811 nobis
1373 2753 1744 2825 reperiretur:
1792 2760 1849 2808 at
1899 2752 1990 2808 hic

410 2858 628 2912 quoque
655 2842 758 2901 ﬂos
787 2846 1066 2915 praeteriit.
1102 2844 1375 2902 Extremis
1426 2860 1559 2901 vero
1608 2844 1946 2915 temporibus
1966 2881 1984 2910 ,

409 2933 945 3005 occidenteprorsus
979 2935 1139 2991 nobis
1175 2934 1417 2997 lumine,
1470 2948 1597 2989 cum
1629 2948 1731 2989 nos
1759 2946 1989 3002 vespera

406 3037 749 3099 occupasset,
766 3026 1072 3085 excidimus
1106 3041 1340 3099 prorsus
1371 3026 1634 3083 exsiccati
1658 3031 1712 3081 et
1736 3024 1982 3097 arefacti;

394 3118 570 3182 idque
594 3119 836 3190 perpessi
863 3130 1078 3183 sumus,
1115 3119 1256 3185 Quia
1276 3119 1562 3188 defecimus
1577 3119 1633 3174 in
1656 3118 1741 3172 ira
1767 3127 1860 3175 tua
1879 3156 1897 3183 ,
1935 3125 1986 3175 et

398 3211 460 3267 in
488 3212 666 3282 furore
698 3222 788 3267 tuo
822 3211 1024 3266 turbati
1070 3218 1275 3266 sumus.
1312 3211 1629 3266 Secundum
1660 3211 1822 3265 aliam
1848 3225 1975 3265 vero

401 3303 730 3358 sententiam
759 3311 939 3372 potest
961 3301 1096 3357 dicti
1123 3302 1290 3370 hujus
1323 3302 1548 3372 physica
1578 3300 1724 3355 ratio
1776 3299 1982 3364 aﬂ‘erri;

400 3391 549 3462 quod
598 3391 808 3448 scilicet
862 3391 1102 3448 humana
1139 3398 1333 3444 natura
1365 3391 1419 3444 in
1469 3390 1759 3458 juventute
1809 3387 1985 3445 instar

398 3482 824 3539 herbae-tenerae
880 3481 1147 3552 pullulet;
1185 3488 1376 3549 postea
1411 3494 1541 3535 vero
1594 3479 1648 3536 in
1673 3478 1851 3534 :elatis
1897 3479 1981 3532 vi-

400 3587 543 3642 gore-
557 3569 782 3638 iloreat;
832 3579 1111 3640 postremo
1141 3579 1325 3626 autem
1359 3570 1417 3624 in
1449 3570 1749 3625 senectutis
1793 3568 1983 3631 limine

398 3663 639 3728 decidat,
672 3679 772 3717 nec
804 3664 910 3735 alio
968 3663 1128 3719 modo
1152 3703 1167 3729 ,
1224 3678 1393 3734 quam
1425 3663 1555 3732 quia
1597 3662 1831 3732 primum
1871 3677 1984 3732 pra:

402 3762 687 3810 senectute
720 3753 972 3808 indurata
1001 3753 1210 3818 fuerat,
1244 3769 1308 3808 ac
1339 3762 1527 3824 postea
1560 3753 1779 3823 penitus
1804 3754 1983 3807 exsic~

403 3856 558 3911 cata;
615 3853 667 3899 et
717 3844 863 3915 quod
905 3860 1130 3915 vespera
1186 3830 1525 3916 signiﬁcetur
1561 3853 1806 3899 extrema
1857 3844 1983 3909 vitae

403 3939 674 3993 humanae.

402 4182 409 4189 .
471 4130 639 4187 Vsus.
674 4131 824 4190 840.
872 4131 1109 4188 Posuisti
1135 4134 1440 4205 iniquitates
1483 4144 1696 4192 nostras
1751 4138 1805 4192 in
1855 4154 1980 4193 coni

399 4233 578 4292 specta
614 4235 703 4278 tuo
726 4241 751 4279 ~:
783 4225 1035 4279 saxulum
1066 4232 1304 4280 nostrum
1344 4228 1398 4282 in
1428 4228 1824 4284 ittuminatioue
1859 4231 1978 4284 uul-

398 4322 486 4368 tus
512 4316 610 4370 tu'i.
646 4314 911 4381 Quoniam
936 4322 1113 4370 omnes
1135 4316 1245 4370 dies
1287 4319 1456 4371 nostri
1496 4316 1817 4387 defecerunt,
1842 4334 1893 4374 et
1923 4320 1979 4374 in
2025 4356 2030 4361 -

399 4408 486 4461 ira
514 4416 606 4460 tua
632 4407 936 4476 defecimus.
973 4407 1360 4480 Symmachus,
1387 4409 1696 4480 Apposuisti
1718 4412 1975 4482 iniquitth

401 4507 478 4554 tes
510 4510 719 4554 nostras
747 4501 803 4554 in
844 4511 1119 4570 conspectu
1157 4510 1266 4567 tua,
1302 4503 1645 4574 negtigentias
1675 4513 1886 4558 nostras
1917 4512 1976 4557 ut

2084 2020 2328 2090 νήσεται.
2360 2020 2484 2085 Πῶς
2513 2021 2569 2074 δέ
2598 2014 2683 2084 εἰς
2708 2021 2859 2074 οὐδὲν
2883 2021 3238 2093 λελογισμένα
3258 2024 3547 2094 γενήσεται
3567 2024 3668 2078 αύ-

2088 2109 2196 2162 τῶν
2241 2109 2309 2163 τὰ
2353 2109 2469 2181 ἐτη,
2497 2111 2754 2181 διασαφεῖ
2799 2112 2974 2180 λέγων
3020 2112 3177 2184 ἐξῆς’
3213 2113 3287 2168 Τὸ
3335 2114 3486 2183 πρωῒ
3508 2115 3590 2181 ὡς
3626 2114 3667 2183 ἢ

2087 2203 2241 2270 χλόη
2265 2200 2569 2271 παρέλθοι,
2592 2202 2659 2257 τὸ
2682 2205 2833 2271 πρωῒ
2853 2205 3113 2274 ἀνθήσαι
3136 2205 3235 2259 καὶ
3254 2206 3541 2274 παρέλθοι
3560 2223 3574 2239 ·
3601 2207 3670 2261 τὸ

2086 2291 2349 2360 ἑσπέρας
2383 2293 2699 2358 ἀποπέσοι,
2739 2296 3140 2363 σκληρυνθείη
3191 2296 3292 2351 καί
3324 2297 3665 2366 (inpar-08117,

2089 2383 2176 2438 ὅτι
2194 2384 2552 2455 ἐξελίπομεν
2572 2385 2642 2439 ἐν
2670 2385 2745 2454 τῇ
2767 2386 2914 2456 ὀργῆ
2932 2403 3080 2442 σου.
3110 2387 3286 2442 Πάλαι
3311 2390 3408 2459 μὲν
3426 2385 3541 2451 οὖν,
3566 2406 3666 2460 φηι

2084 2476 2195 2533 σὶν.
2225 2476 2315 2530 ὅτε
2344 2473 2659 2549 ἀρχάςεῐχε
2689 2478 2756 2532 τὰ
2783 2472 2904 2533 καθ’
2934 2481 3081 2551 ἡμᾶς
3105 2481 3197 2534 καὶ
3216 2483 3275 2534 ἐν
3295 2482 3478 2553 πρωῖᾳ
3503 2477 3667 2554 ἦμεν,

2087 2565 2391 2637 γεγόναμεν
2417 2568 2493 2631 ὡς
2514 2569 2545 2639 ἡ
2566 2567 2694 2639 χλόη
2715 2585 2729 2599 '
2761 2568 2895 2622 ἀλλά
2924 2569 3301 2643 παρελθούσης
3329 2572 3543 2645 ἐκείνης
3571 2572 3668 2644 τῆς

2088 2659 2304 2727 γενεᾶς,
2329 2658 2604 2730 παρῆλθεν
2637 2662 2670 2732 ή
2703 2660 2855 2731 χλόη.
2881 2662 3037 2717 Μετὰ
3059 2662 3234 2729 ταῦτα
3251 2663 3309 2717 δὲ
3329 2663 3665 2735 ήνθήσαμεν,

2084 2750 2277 2821 μεῖζόν
2299 2765 2361 2804 τε
2390 2752 2485 2805 καὶ
2522 2753 2682 2823 πλέον
2718 2752 2818 2823 τῆς
2845 2751 3009 2824 χλόης
3039 2755 3374 2825 ἐσχήκαμεν,
3410 2755 3551 2810 ὥστε
3573 2752 3669 2808 καὶ

2087 2840 2249 2905 ἄνθος
2291 2844 2349 2895 ἐν
2385 2844 2517 2913 ἡμῖν
2555 2842 2848 2916 εὑρεθῆναι
2868 2861 2883 2874 ο
2918 2846 3013 2898 καὶ
3047 2845 3206 2899 τοῦτο
3241 2846 3298 2899 δέ
3336 2845 3579 2917 παρῆλθε
3607 2846 3668 2897 τὸ

2086 2931 2266 2996 ἄνθος.
2304 2933 2421 2987 Ἐπ’
2464 2935 2708 3006 ἐσχάτων
2755 2934 2811 2988 δὲ
2865 2934 2974 2989 τῶν
3028 2936 3255 3009 καιρῶν,
3298 2936 3485 3005 δύντος
3536 2936 3670 3007 ἡμῖν

2087 3026 2365 3090 παντελῶς
2396 3026 2490 3082 τοῦ
2521 3028 2717 3097 φωτὸς,
2740 3028 2837 3099 καὶ
2878 3030 3116 3100 ἑσπέρας
3144 3031 3178 3101 ή
3188 3031 3295 3101 μᾶς
3333 3030 3668 3084 καταλαϐού-

2090 3132 2210 3186 σης,
2254 3106 2733 3188 ἀποπεπτώκαμεν
2780 3117 3207 3187 σκληρυνθέντες
3242 3117 3337 3173 καὶ
3379 3118 3667 3191 ξηρανθέν-

2082 3224 2172 3270 τες
2194 3223 2209 3237 ·
2233 3207 2329 3261 καὶ
2355 3207 2527 3262 ταῦτα
2556 3207 2928 3278 πεπόνθαμεν,
2954 3209 3084 3261 Ὅτι
3113 3208 3472 3278 ἐξελίπομεν
3491 3212 3561 3264 ἐν
3590 3209 3667 3279 τῇ

2086 3294 2233 3365 ὀργῇ
2262 3312 2399 3359 σου,
2424 3297 2520 3351 καὶ
2547 3298 2617 3351 ἐν
2649 3295 2729 3359 τῷ
2762 3295 2926 3364 θυμῷ
2951 3309 3069 3353 σου
3099 3296 3529 3365 ἐταράχθημεν.
3560 3298 3664 3351 Δύο

2085 3398 2241 3449 ναται
2268 3384 2325 3437 δέ
2347 3386 2440 3439 καὶ
2465 3384 2587 3438 καθ’
2617 3384 2811 3454 ἑτέραν
2836 3383 3073 3437 διάνοιαν
3096 3382 3324 3453 φυσικὸν
3345 3385 3503 3454 Λόγον
3531 3386 3666 3439 ἀπο-

2082 3473 2279 3528 διδόναι
2304 3474 2393 3528 διά
2432 3474 2637 3528 τούτων
2666 3476 2699 3544 ὴ
2730 3474 2898 3541 λέξις,
2943 3475 3019 3539 ῶς
3049 3475 3146 3545 τῆς
3189 3475 3538 3549 ἀνθρωπίνης
3560 3475 3664 3545 φύ-

2084 3583 2221 3630 σεως
2248 3568 2306 3620 ἐν
2341 3567 2440 3638 μὲν
2471 3570 2537 3638 τῇ
2569 3566 2780 3637 νεότητι
2799 3567 2954 3637 δίκην
2987 3567 3204 3637 ἁπαλῆς
3234 3567 3397 3640 χλόης
3426 3567 3666 3638 βλαστώ-

2085 3673 2205 3727 σης,
2244 3656 2383 3726 μετά
2413 3656 2469 3709 δὲ
2497 3655 2671 3710 ταῦτα
2705 3659 2763 3709 ἐν
2806 3658 2871 3728 τῇ
2906 3658 3059 3728 ἀκμῇ
3105 3656 3203 3729 τῆς
3226 3657 3447 3727 ήλικίας.
3468 3658 3663 3712 ἀνθού-

2084 3764 2204 3819 σηςο
2222 3744 2319 3800 εἷθ’
2349 3747 2572 3818 ὕστερον
2594 3748 2687 3801 ἐπὶ
2716 3748 2921 3819 γήραος
2938 3747 3076 3819 ούδῷ
3104 3748 3541 3820 ἀποπιπτούσης,
3564 3749 3665 3804 οὐκ

2080 3838 2297 3908 ἄλλωςῆ
2323 3837 2535 3908 πρῶτον
2566 3838 2700 3909 σκλη
2709 3841 3008 3911 ρυνομὲνης
3026 3840 3166 3895 κατά
3179 3840 3239 3894 τὸ
3259 3840 3665 3912 γῆρας,ἐπειτα

2081 3931 2357 3995 παντελῶς
2407 3929 2818 4003 ξηραινομένης.
2887 3930 3157 4005 Ἑσπέραν
3197 3934 3253 3988 δὲ
3302 3933 3663 4005 σημαίνεσθαι

2079 4021 2147 4075 τὰ
2176 4022 2458 4076 τελευταῖα
2484 4023 2582 4094 τῆς
2613 4020 2719 4076 τῶν
2746 4021 3046 4094 ἀνθρώπων
3073 4022 3238 4094 ζωῆς.

2090 4184 2095 4187 _
2152 4137 2328 4190 Ἔθου
2350 4134 2458 4201 τὰς
2488 4135 2739 4206 ἀνομίας
2768 4135 2938 4206 ἡμῶν
2966 4136 3245 4190 ἐναντίον
3271 4148 3388 4189 σου
3405 4154 3418 4167 ·
3454 4140 3489 4191 ὁ
3516 4135 3665 4191 αἰὼν

2078 4216 2247 4299 ἡμώῦ
2274 4232 2362 4295 εὶς
2389 4229 2697 4299 φωτισμὸν
2727 4229 2833 4283 τοῦ
2859 4228 3182 4296 προσώπου
3224 4244 3362 4285 σου.
3396 4230 3515 4283 Ὅτι
3547 4228 3661 4284 πᾶ-

2076 4332 2184 4374 σαι
2225 4321 2287 4372 αἱ
2341 4319 2555 4387 ἡμέραι
2595 4317 2765 4388 ἡμῶν
2801 4319 3105 4384 ἐξέλιπον,
3140 4319 3241 4372 καί
3277 4319 3347 4372 ἐν
3385 4316 3460 4388 τῇ
3519 4318 3662 4390 ὁρτῇ

2077 4421 2196 4461 σου
2244 4407 2622 4477 ἐξελίπομεν.
2658 4404 2716 4461 '0
2768 4409 3088 4478 Σύμμαχος·
3131 4406 3518 4477 Προσέθηκας
3554 4409 3662 4475 τὰς

2077 4498 2329 4567 ἀνομίας
2365 4496 2533 4566 ἡμῶν
2556 4498 2838 4565 ἄντικρύς
2864 4515 3002 4563 σου,
3042 4500 3151 4565 τὰς
3179 4495 3463 4568 ἀμελείας
3493 4499 3664 4570 ἡμῶν

402 4592 887 4661 appareant‘vultui
914 4602 1025 4649 tuo.
1060 4593 1253 4650 Omnes
1292 4596 1429 4648 enim
1459 4597 1571 4649 dies
1616 4598 1787 4651 nostri
1814 4597 1976 4667 aufua

2084 4590 2396 4660 φαίνεσθαι
2423 4589 2503 4655 τῷ
2539 4588 2836 4658 προσώπῳ
2872 4606 3009 4644 σου.
3039 4590 3236 4645 Πᾶσαι
3273 4590 3384 4662 map
3418 4595 3479 4647 αι
3514 4591 3663 4662 aut-

401 4697 606 4754 gerunt,
633 4685 688 4739 in
711 4687 795 4739 ira
825 4694 919 4739 tua
942 4684 1207 4755 absumpti
1232 4702 1437 4741 sumus.
1477 4686 1602 4743 Haec
1632 4689 1687 4743 in
1716 4690 1975 4759 praesenti

400 4775 715 4833 conditione
742 4779 925 4849 populi
945 4773 1013 4835 ex
1037 4779 1455 4835 circumcisione
1483 4782 1667 4837 dicere
1694 4782 1970 4837 convenit.

401 4859 561 4920 Nunc
582 4868 725 4920 enim
756 4877 946 4925 omnes
973 4882 1162 4928 eorum
1211 4869 1430 4939 pristini
1455 4870 1573 4927 dies
1608 4886 1737 4927 vere
1759 4870 1976 4927 defece-

401 4965 550 5022 runt,
573 4971 698 5012 cum
725 4973 950 5029 vespera
1005 4961 1129 5017 illos
1182 4962 1490 5032 occupavit,
1521 4970 1576 5019 et
1607 4976 1732 5019 cum
1761 4962 1975 5020 defece-

400 5059 530 5103 runt
553 5050 607 5103 in
649 5051 730 5103 ira
758 5048 874 5105 Dei.
919 5050 1186 5118 Quoniam
1227 5053 1357 5106 olim
1389 5052 1610 5124 quidem
1656 5052 1975 5122 iniquitates

398 5152 590 5198 earum
603 5143 1050 5212 praetermittebat
1064 5152 1119 5198 et
1144 5144 1685 5215 praetergrediebatur
1701 5160 1718 5210 ;
1743 5144 1837 5200 sed
1853 5152 1978 5216 post

398 5247 589 5289 eorum
626 5234 685 5287 in
717 5232 1058 5289 Salvatorem
1083 5233 1543 5305 conspirationem
1564 5232 1894 5303 implebatur
1913 5234 1979 5288 il-

399 5323 514 5386 Iud.
536 5322 658 5378 Non
673 5324 819 5377 ultra
841 5323 1010 5393 feram
1038 5333 1255 5392 peccata
1293 5332 1469 5379 castra
1502 5322 1583 5390 '.';
1614 5322 1736 5379 ideo
1753 5324 1851 5392 ait,
1876 5322 1979 5379 Po-

398 5417 553 5470 suisti
568 5417 870 5485 iniquitates
886 5425 1094 5470 nostras
1110 5416 1167 5470 in
1183 5426 1457 5487 conspectu
1475 5424 1584 5479 tuo.
1609 5425 1683 5483 et,
1713 5416 1978 5473 Secutum

2071 4700 2174 4751 ραι
2189 4681 2358 4752 ήμῶν
2374 4681 2716 4750 διέδρασαν.
2736 4681 2806 4735 ἐν
2819 4680 2900 4746 τῷ
2921 4684 3083 4750 χόλῳ
3104 4699 3220 4737 σου
3244 4682 3657 4751 ἀνηλώθημεν.

2078 4776 2188 4829 Καὶ
2218 4775 2392 4830 ταῦτα
2435 4774 2610 4843 λέγειν
2661 4773 2887 4845 ἁρμόζει
2926 4776 2994 4846 τῇ
3037 4774 3290 4847 παρούσῃ
3327 4774 3661 4830 καταστάσει

2077 4865 2171 4920 τοῦ
2199 4865 2328 4920 λαοῦ
2357 4865 2447 4918 τοῦ
2477 4867 2542 4919 ἐκ
2564 4864 2886 4937 περιτομῆς.
2926 4865 3041 4919 Νῦν
3071 4867 3179 4937 γὰρ
3208 4866 3284 4930 ὡς
3312 4865 3527 4937 ἀληθῶς
3551 4869 3659 4921 πᾶ-

2082 4975 2172 5013 σαι
2191 4958 2249 5012 αἱ
2279 4959 2539 5029 πρότεραι
2563 4958 2765 5029 ἡμέραι
2788 4958 2969 5012 αὐτῶν
2994 4958 3259 5025 ἐξέλιπον,
3278 4960 3367 5013 ὅτε
3395 4962 3429 5031 ή
3451 4959 3658 5030 ἑσπέρα

2078 5052 2277 5115 αὐτοὺς
2317 5050 2601 5115 κατέλαϐε,
2637 5053 2731 5106 καὶ
2765 5051 2854 5105 ὅτε
2893 5051 3138 5118 ἐξέλιπον
3168 5054 3226 5107 ἐν
3272 5055 3338 5124 τῇ
3380 5055 3516 5124 ὀργῇ
3559 5053 3658 5107 τοῦ

2075 5142 2235 5198 Θεοῦ.
2280 5143 2493 5216 Ἐπειδὴ
2542 5143 2710 5199 πάλαι
2765 5144 2866 5216 μὲν
2926 5144 3126 5217 παρῄει
3184 5143 3280 5199 καὶ
3334 5145 3656 5217 ὑπερέδαινε

2077 5235 2175 5300 τάς
2200 5234 2432 5307 ἀνομίας
2461 5235 2660 5299 αὐτῶν,
2699 5234 2836 5306 μετά
2877 5234 2933 5287 δὲ
2977 5235 3076 5308 τὴν
3105 5234 3247 5290 κατά
3273 5233 3370 5288 τοῦ
3404 5235 3658 5306 Σωτῆρος

2076 5326 2370 5399 ἐπιϐουλὴν
2396 5326 2697 5399 ἐπληροῦτο
2726 5328 2806 5390 είς
2837 5326 3032 5389 αὐτοὺς
3054 5326 3145 5379 τό⁶
3184 5329 3305 5381 Οὐκ
3332 5326 3420 5380 ἐτι
3444 5324 3657 5391 ἀνήσω

2077 5418 2186 5485 τὰς
2222 5419 2501 5489 ἁμαρτίας
2552 5416 2745 5487 ὑμῶν·
2796 5416 2877 5471 διό
2921 5434 3114 5488 φησιν’
3152 5418 3327 5472 Ἐθου
3370 5418 3477 5482 τὰς
3515 5417 3654 5470 ἀνο-

399 5520 637 5566 nostrum
654 5512 713 5565 in
740 5511 1130 5565 ittuminatione
1150 5513 1324 5567 vultus
1349 5511 1448 5566 tui.
1493 5508 1601 5565 Pro
1630 5525 1740 5581 quo
1765 5510 1973 5567 clarius

2084 5511 2216 5579 μίας
2245 5510 2415 5581 ἡμῶν
2446 5511 2721 5564 ἐναντίον
2762 5525 2901 5574 σου,
2939 5509 3055 5574 καὶ,
3093 5510 3147 5562 Ὁ
3188 5508 3333 5563 αἰὼν
3365 5507 3536 5577 ἡμῶν
3564 5509 3656 5575 είς

402 5590 762 5675 Symmachus
792 5601 988 5666 edidit,
1025 5600 1386 5674 Negligentias
1411 5610 1624 5659 nostras
1651 5612 1711 5657 ut
1754 5618 1972 5673 appare-

467 5756 515 5825 ξ’
554 5752 745 5810 Matth.
778 5770 889 5822 11v,
921 5755 1011 5811 ‘25.
1088 5758 1133 5790 "
1173 5756 1363 5814 Matth.
1399 5774 1559 5827 xxxv,
1595 5760 1685 5817 43.

2077 5603 2382 5673 φωτισμὸν
2406 5601 2515 5657 τοῦ
2554 5601 2877 5672 προσώπου
2914 5618 3051 5658 σου.
3121 5600 3261 5654 Ἀνθ’
3289 5594 3351 5654 οὗ
3385 5599 3651 5671 σαφέστε-

1762 5758 1807 5795 "
1841 5757 1947 5815 Jer.
1986 5775 2111 5827 xxv,
2153 5758 2347 5824 ‘12,“.
