4074 6384
416 444 557 501 H57

1584 442 2091 501 COMMENTARIA
2128 441 2198 499 IN
2234 443 2572 515 Ρδλμίοδ.

3519 448 3661 517 Ηῦδ

412 580 504 638 ρον
552 564 582 618 6
623 561 915 633 Σύμμαχος
969 558 1250 613 ἀπέδωκεν
1299 559 1498 615 εἰπών’
1542 561 1653 628 Τὰς
1705 564 1978 633 ἀμελείας

2091 573 2204 619 rent
2234 564 2405 623 vultui
2434 572 2543 623 tuo.
2573 563 2716 621 Auni
2747 564 2917 627 nostri
2946 564 3082 635 sicut
3103 582 3301 637 aranea
3334 565 3667 622 meditaban-

407 650 579 721 ἡμῶν
604 649 923 721 φαίνεσθαι
951 645 1031 715 τῷ
1070 647 1365 716 προσώπῳ
1392 664 1508 703 σου
1568 651 1643 704 Τὰ
1676 651 1780 719 ἐτη
1810 651 1988 719 ,ἡμῶν

405 740 550 795 ὡσεί
601 739 833 809 ἀράχνῃ
893 739 1206 809 ἐμελέτων.
1267 743 1337 795 Al
1391 741 1601 810 ἡμέραι
1661 742 1777 797 τῶν
1836 746 2003 811 ἐτῶν

406 829 576 899 ἡμῶν
626 831 698 883 ἐν
746 829 951 895 αὐτοῖς
994 836 1041 885 o’
1074 817 1212 897 ἐτηί
1244 829 1379 883 Ἐὰν
1410 830 1479 883 δὲ
1509 832 1579 884 ἐν
1605 833 1987 902 δυναστείαις

408 920 773 993 ὁγδοήκοντα
798 922 927 989 ἐτη,
961 921 1063 976 καὶ
1091 922 1157 976 τὸ
1190 924 1402 977 πλεῖον
1429 923 1629 979 αὐτῶν
1660 928 1847 994 κόπος
1888 928 1989 983 καὶ

407 1014 612 1080 πόνος.
684 1013 945 1089 Ἐνταῦθα
1018 1014 1160 1069 κατά
1223 1015 1412 1088 καιρὸν
1483 1018 1818 1090 παραθετέον
1888 1022 1987 1093 τὴν

416 1103 635 1158 Ἡσαΐου
678 1106 1048 1181 προφητείαν,
1095 1105 1164 1159 δι’
1207 1102 1275 1179 ἦς
1326 1124 1522 1178 φησιν’
1568 1109 1667 1164 Ὠὰ
1712 1111 1988 1168 ἀσπίδων

400 1197 665 1266 ἕρῤηξιιν
692 1199 791 1252 καὶ
824 1198 997 1252 ἱστόν
1024 1199 1295 1271 ἀράχνης
1322 1202 1667 1271 ὑφαίνουσι.
1715 1204 1901 1259 Ταῦτα
1929 1205 1986 1260 δὲ

401 1288 684 1353 ἐθέσπιζεν
707 1292 736 1344 6
762 1292 1077 1363 Προφήτης,
1109 1291 1449 1363 ἀναπέμπων
1471 1294 1563 1357 τὸν
1587 1294 1743 1364 λόγον
1763 1298 1854 1350 ἐπὶ
1885 1297 1985 1368 τὴν

400 1382 731 1437 κατάστασιν
748 1381 841 1436 τοῦ
865 1382 996 1440 λαοῦ
1015 1384 1113 1458 τὴν
1130 1385 1267 1456 μετά
1297 1387 1395 1458 τὴν
1422 1388 1726 1459 παρουσίαν
1754 1389 1849 1443 τοῦ
1881 1390 1986 1444 Σω-

397 1472 562 1544 τῆρος
586 1473 765 1545 ἡμῶν,
795 1474 917 1529 καθ’
948 1476 1016 1547 ἢν
1056 1480 1104 1530 οἱ
1144 1476 1402 1549 ἄρχοντες
1436 1479 1616 1533 αὐτῶν
1647 1480 1801 1553 δίκην
1842 1482 1986 1554 ὅρνι-

397 1563 489 1628 θος
511 1565 889 1638 τικτούσης,τά
918 1567 1124 1623 ἑαυτῶν
1150 1569 1573 1642 ἀπογεννώμενα
1596 1571 1835 1626 τοσαῦτα
1858 1591 1987 1644 προ-

397 1655 702 1723 ϐάλλονται,
731 1658 807 1722 ὡς
838 1659 1061 1723 ἀσπίδος
1091 1660 1407 1730 ὁμοιοῦσθαι
1432 1663 1729 1734 γεννήμασι
1767 1662 1855 1716 διὰ
1892 1664 1984 1717 τὸν

396 1747 672 1819 ἐνιέμενον
716 1750 807 1803 ὑπ’
836 1751 1011 1805 αὐτῶν
1058 1755 1155 1824 τῆς
1205 1754 1345 1809 κατά
1385 1754 1478 1808 τοῦ
1528 1755 1779 1827 Σωτῆρος
1824 1756 1982 1827 ἡμῶν

396 1839 745 1913 βλασφημίας
793 1844 870 1898 ἰὸν
912 1847 1005 1901 καὶ
1040 1846 1139 1916 τῆς
1167 1846 1335 1919 ἄλλης
1375 1848 1455 1911 είς
1495 1848 1657 1902 αὑτὸν
1703 1848 1978 1913 ἀπιστίας.

2090 666 2196 712 tur.
2230 656 2353 712 Dies
2404 674 2663 712 annorum
2696 666 2998 711 nostrorum
3058 654 3129 711 in,
3158 653 3282 725 ipsis
3329 660 3667 729 septuaginta

2090 749 2236 823 anni.
2268 747 2328 803 Si
2358 758 2530 804 autem
2587 751 2646 802 in
2700 746 3055 817 potentatibus
3094 749 3361 825 octoginta
3402 750 3665 825 anni,“

2090 840 2315 907 amplius
2344 857 2521 895 eorum
2540 840 2690 895 labor
2715 849 2766 896 et
2793 839 2965 893 dolor.
2992 826 3091 892 Hic
3112 824 3414 909 opportune
3439 824 3667 913 adjiciag

2090 939 2180 1007 tur
2204 931 2355 986 Isaia:
2371 932 2675 1002 prophetia,
2695 948 2802 1002 qua
2826 932 2923 1003 ait,
2946 930 3057 991 Ova
3087 931 3329 998 aspidum
3358 942 3661 998 eruperunt,

2088 1031 2138 1075 et
2162 1021 2318 1075 telam
2339 1038 2549 1093 aranea'
2572 1031 2749 1074 texunt
2773 1020 2841 1073 °°.
2871 1020 2995 1076 Haec
3032 1034 3196 1090 porro
3228 1021 3553 1076 vaticinatus
3578 1030 3667 1078 est

2089 1114 2380 1185 Propheta,
2405 1128 2708 1179 sermonem
2744 1112 2808 1166 ad
2844 1112 3027 1185 pepuli
3065 1118 3192 1182 post
3223 1111 3514 1189 adventum
3534 1112 3662 1189 “Sal-

2089 1206 2295 1262 vatoris
2320 1204 2494 1269 nostri
2524 1211 2726 1260 statum
2757 1202 3024 1268 reierens,
3041 1218 3150 1274 quo
3177 1205 3455 1277 principes
3475 1220 3664 1261 eorum

2088 1312 2190 1354 ceu
2221 1298 2419 1369 gallina
2449 1296 2689 1369 pariens,
2712 1311 2831 1359 eam
2857 1296 3180 1351 emittebant
3203 1297 3566 1369 prolem,qute
3593 1297 3664 1352 ob

2087 1391 2397 1446 immissum
2439 1390 2507 1444 ab
2555 1389 2663 1443 illis
2692 1389 2844 1445 virus
2883 1389 3232 1460 blasphemia:
3273 1390 3330 1447 in
3362 1388 3663 1453 Christum.

2087 1494 2141 1542 et
2167 1483 2237 1539 ob
2260 1483 2523 1556 reliquam
2558 1482 2705 1553 circa
2749 1482 2900 1551 illum
2950 1482 3421 1555 incredulitatem,
3481 1491 3670 1553 posset

2092 1573 2344 1646 aspidum
2392 1572 2528 1629 fetui
2572 1572 2901 1644 comparari.
2946 1571 3086 1627 Olim
3118 1573 3339 1645 quidein
3396 1571 3668 1628 sacerdoti

2087 1654 2342 1722 texebant
2381 1672 2582 1729 vestes,
2614 1672 2668 1719 et
2695 1664 2865 1720 stolas
2891 1674 3146 1731 sanctas;
3186 1680 3335 1719 nunc
3371 1675 3550 1719 autem
3581 1670 3669 1718 to-

2084 1765 2195 1811 tam
2235 1772 2424 1813 eorum
2469 1763 2741 1812 texturam
2767 1796 2798 1823 ,_.
2832 1763 2887 1823 et
2942 1763 3109 1813 totam
3154 1763 3469 1827 apparatum
3516 1755 3667 1810 illam

2087 1848 2597 1925 verbidoetrinam,
2637 1861 2802 1918 quam
2857 1860 2956 1917 per
2996 1836 3305 1900 divinarum
3355 1843 3668 1915 Scriptura-

396 1930 571 1985 Πάλαι
596 1934 694 2004 μὲν
722 1930 817 1989 οὖν
845 1933 1067 2006 ὕφαινον
1091 1936 1325 2007 χιτῶνας
1357 1937 1436 2009 τῷ
1463 1939 1710 2011 ἀρχιερεῖ
1738 1940 1831 1992 καὶ
1868 1956 1978 1993 στο-

2086 1957 2207 1997 rum
2238 1941 2709 2019 complicationem
2727 1946 2784 1994 et
2800 1948 3070 1997 texturam
3102 1938 3433 2007 producunt,
3452 1950 3668 1992 aranea:

395 2020 492 2086 λάς
527 2024 721 2093 ἁγίας·
755 2024 853 2080 νῦν
880 2027 939 2081 δὲ
978 2030 1155 2082 πᾶσαν
1197 2027 1293 2100 τὴν
1345 2030 1486 2101 ὑφὴν
1522 2028 1701 2083 αὐτῶν
1746 2031 1838 2083 καὶ
1887 2029 1986 2102 τὴν

394 2113 482 2169 διὰ
505 2115 598 2170 τοῦ
625 2116 781 2187 λόγου
817 2118 1365 2193 κατασκευαζομένην
1394 2121 1761 2184 διδασκαλίαν,
1794 2123 1861 2193 ἢν
1899 2122 1987 2177 διὰ

392 2206 490 2277 τῆς
526 2207 635 2262 τῶν
672 2208 831 2277 Θείων
863 2211 1096 2282 Γραφῶν
1128 2212 1445 2283 συμπλοκῆς
1479 2230 1538 2265 τε
1574 2214 1667 2267 καὶ
1701 2214 1985 2282 ὑφάνσεως

392 2296 810 2368 προϐάλλονται,
839 2302 1083 2375 ἀράχνης
1118 2305 1396 2375 ὑφάσματι
1429 2306 1761 2377 παρείκασεν
1788 2308 1817 2359 6
1846 2322 1983 2378 προ-

391 2390 618 2459 φητικὸς
668 2390 843 2460 λόγος.
892 2395 984 2459 Διό
1028 2412 1217 2468 φησιν’
1261 2396 1451 2451 ἰστὸν
1497 2396 1768 2467 ἀράχνης
1807 2399 1983 2467 ὑφαί-

390 2494 586 2536 ιιυυσι.
634 2483 746 2539 Καὶ
785 2487 814 2539 6
858 2486 1049 2559 παρὼν
1091 2487 1150 2555 δὲ
1181 2488 1415 2559 ψαλμδς,
1444 2489 1543 2561 τὴν
1586 2492 1651 2544 ἐκ
1688 2489 1982 2562 προσώπου

390 2572 567 2628 αὐτῶν
594 2576 867 2647 περιέχων
893 2578 1299 2652 ὲξομολόγησίν,
1326 2581 1459 2659 φησί
1479 2598 1492 2611 ⁸
1547 2585 1590 2637 Τ
1587 2581 1625 2636 ἀ
1663 2582 1769 2650 ἐτη
1813 2580 1983 2651 ἡμῶν

388 2663 469 2730 ὡς
490 2665 723 2735 ἀράχνῃ
772 2668 1087 2738 ἐμελέτων.
1122 2672 1415 2744 Ἀντικρυς
1459 2672 1567 2744 γὰρ
1615 2673 1714 2738 τὰς
1750 2673 1982 2745 μελέτας

390 2756 497 2809 τῶν
526 2757 760 2829 Γραφῶν
794 2762 853 2815 ὲν
885 2756 975 2825 αἷς
1006 2763 1444 2835 κατατρίϐονται,
1472 2766 1565 2819 καὶ
1587 2765 1684 2829 τὰς
1711 2765 1980 2834 δευτερώ-

391 2865 537 2915 σεις,
587 2850 655 2905 δι’
686 2845 778 2923 ,ὧν
818 2853 1121 2926 ὑφάσματά
1169 2872 1290 2911 τινα
1334 2857 1682 2921 διδασκαλίας
1729 2856 1980 2913 δοκοῦσιν

388 2940 817 3011 ἀπεργάζεσθαι,
847 2945 1092 3017 ἀράχνης
1121 2946 1420 3005 ἀπείκασεν
1453 2947 1656 3020 ἔργοις.
1695 2948 1853 3002 Ἀλλά
1885 2950 1981 3005 καὶ⁵

388 3030 485 3103 τὴν
518 3032 664 3106 ζωὴν
694 3036 875 3090 αὐτῶν
924 3037 1093 3109 μόνην
1137 3040 1300 3107 φασὶν
1341 3034 1606 3112 εἶναιτὴν
1644 3040 1979 3112 πρόσκαιρον

2085 2034 2208 2091 telis
2245 2031 2465 2091 confert.
2501 2031 2855 2104 propheticus
2903 2044 3105 2086 sermo.
3157 2029 3499 2100 Quapropter
3548 2030 3665 2096 ait,

2085 2126 2269 2191 Telam
2293 2138 2510 2185 aranea:
2540 2131 2746 2178 texunt.
2798 2121 3053 2185 Pmsens
3080 2136 3298 2193 quoque
3327 2120 3570 2190 psalmus
3599 2135 3668 2175 ex

2081 2230 2270 2271 eorum
2305 2228 2540 2286 persona
2581 2212 2978 2268 confessionem
3012 2211 3271 2266 emittens
3298 2250 3314 2274 ,
3377 2209 3471 2275 ait,
3524 2209 3666 2263 Anni

2081 2306 2249 2363 nostri
2276 2305 2413 2359 sicut
2458 2320 2657 2359 aranea
2698 2301 3118 2359 meditabantur.
3179 2300 3380 2371 Aperte
3429 2314 3666 2370 namque

2082 2397 2462 2452 meditationes
2506 2394 2918 2465 Scripturarutn
2966 2394 3023 2450 in
3055 2393 3257 2464 quibus
3286 2398 3502 2448 aetatem
3535 2405 3668 2446 cun-

2078 2488 2280 2553 ferunt,
2307 2497 2362 2545 et
2382 2486 2868 2565 deuteroses,_sive
2894 2485 3167 2542 secundas
3210 2483 3534 2539 traditiones
3567 2496 3665 2538 eo-

2077 2595 2223 2649 rum,
2246 2577 2448 2650 quibus
2477 2579 2615 2636 telas
2643 2576 2906 2653 quasdam
2930 2576 3197 2632 doctrinae
3227 2574 3485 2629 videntur
3500 2572 3669 2629 ador-

2077 2685 2232 2733 nare,
2271 2684 2487 2727 araneae
2516 2669 2734 2739 opiﬁcio
2773 2675 3076 2739 comparat.
3130 2667 3243 2722 lmo
3272 2666 3438 2721 etiam
3489 2664 3660 2720 vitam

2078 2779 2235 2827 suam
2272 2773 2681 2833 temporaneam
2707 2763 2886 2819 solum
2915 2776 3040 2818 esse
3079 2760 3291 2822 dicunt,
3320 2758 3667 2829 septuaginta

2081 2858 2167 2914 vel
2189 2856 2469 2929 octoginta
2497 2857 2657 2911 annis
2692 2854 3190 2927 circumscriptam.
3221 2850 3277 2905 ιιι
3312 2864 3479 2920 porro
3508 2850 3666 2904 aiunt

2080 2950 2149 3006 de
2179 2956 2383 3004 aeterna
2410 2953 2462 3003 et
2509 2945 2692 3001 futura
2741 2946 2876 3011 vita,
2906 2959 3030 3015 qua:
3076 2941 3349 3013 religiosis
3381 2939 3514 2996 viris
3535 2954 3665 3010 pro-

2081 3041 2313 3096 mittitur
2334 3080 2349 3105 ,
2382 3038 2758 3110 desperantes.

387 3126 445 3178 ὲν
489 3132 530 3178 o'
571 3128 664 3180 καὶ
714 3134 768 3181 π’
801 3127 945 3183 ἔτεσι
988 3132 1522 3205 συμπεραιουμένην.
1554 3132 1726 3188 Τοῦτο
1751 3134 1807 3190 δέ
1840 3151 1973 3206 φασι
2007 3133 2107 3207 τὴν
2137 3131 2352 3187 αἰώνιον
2391 3131 2490 3185 καὶ
2525 3130 2819 3204 μέλλουσαν
2857 3128 3001 3200 ζωὴν
3031 3128 3129 3196 τὴν
3192 3128 3303 3188 τοῖς
3338 3114 3663 3192 ’θεοφιλέσιν

390 3216 867 3290 ἐπαγγελλομένην
896 3220 1389 3289 ἀπογινώσκοντες.

459 3342 588 3398 *οτι
660 3342 892 3411 ἐπῆλθε
952 3345 1226 3413 πραΰτης
1276 3345 1376 3400 καὶ
1434 3346 1975 3419 παιδευθησόμεθα.

2149 3344 2319 3401 Vens.
2355 3344 2445 3409 Η,
2496 3342 2584 3397 19.
2661 3340 2928 3410 Quoniam
2981 3340 3275 3409 supervenit
3313 3338 3664 3394 mansuetudo

389 3434 488 3499 Τίς
517 3432 797 3515 γινώσκει
840 3435 908 3487 τὸ
942 3435 1175 3515 κράτος
1199 3435 1309 3504 τῆς
1338 3436 1523 3506 ὀργῆς
1543 3452 1680 3503 σου,
1724 3438 1825 3492 καὶ
1853 3440 1971 3494 ἀπὸ

385 3525 493 3580 τοῦ
524 3527 719 3595 φόϐου
754 3514 874 3580 σου
906 3514 1017 3581 τόν
1042 3529 1234 3597 θυμόν
1261 3544 1380 3583 σου
1426 3529 1971 3599 ἐξαριθμήσασθαι;

385 3615 500 3685 τὴν
522 3615 730 3680 δεξιάν
760 3632 878 3670 σου
914 3616 1069 3670 οὕτω
1115 3608 1431 3687 Μιριᾶον,
1463 3621 1561 3673 καὶ
1591 3623 1737 3687 τοὺς
1772 3635 1974 3675 πεπαι-

385 3705 713 3776 δευμένους
756 3705 833 3775 τῇ
867 3706 1082 3775 καρδίᾳ
1120 3707 1191 3760 ἐν
1242 3711 1451 3778 σοφίᾳ.
1493 3710 1641 3765 Ἀντὶ
1694 3711 1813 3775 τοῦ,
1850 3713 1973 3766 ’Ότι

384 3796 609 3865 ἐπῆλθε
641 3799 911 3867 πραΰτης
936 3798 1035 3851 καὶ
1058 3797 1598 3869 παιδευθησόμεθα,
1623 3803 1653 3854 6
1675 3801 1972 3873 Σύμμαχός

386 3906 548 3960 φησι*
587 3888 912 3959 Τμηθέντες
937 3888 1050 3959 γὰρ
1076 3889 1245 3958 ἄφνω
1271 3891 1777 3962 ἐκπεταννύμεθα.
1814 3895 1974 3965 Ἐχε-

385 3995 472 4035 ται
500 3981 557 4034 δὲ
585 3980 688 4051 τῆς
716 3979 1153 4052 προδηλωθείσης
1183 3980 1420 4044 διανοίας
1458 3983 1553 4035 καὶ
1590 3984 1619 4035 6
1651 3982 1842 4053 παρὼν
1879 3982 1970 4043 λά-

384 4088 504 4141 γος.
530 4071 612 4125 Τὰ
642 4071 751 4142 γὰρ
782 4070 879 4142 ἐτη
929 4070 1109 4143 ἡμῶν,
1159 4072 1317 4143 φησὶ,
1370 4072 1438 4126 τὰ
1482 4073 1582 4143 τῆς
1632 4074 1970 4145 προσκαίρου

387 4162 533 4234 ζωῆς
559 4165 639 4227 εἰς
667 4170 710 4217 o'
743 4165 839 4217 καὶ
867 4170 921 4217 π’
948 4164 1181 4236 ἀριθμὸν
1214 4164 1352 4218 ἑτῶν
1381 4164 1647 4219 συντείνει
1666 4182 1680 4196 ·
1710 4168 1804 4220 καὶ
1830 4165 1968 4237 αὕτη

386 4256 536 4310 εστὶν
572 4257 607 4327 ή
657 4254 812 4327 ἡμῶν
854 4255 1030 4321 ἐλπὶς,
1085 4255 1202 4327 μεθ’
1233 4256 1301 4327 ἢν
1349 4255 1576 4326 οὐδεμία
1633 4256 1766 4327 ἄλλη
1823 4259 1974 4328 ἡμᾶς

385 4346 684 4414 διαδέξεται
703 4364 717 4377 ·
746 4347 1047 4419 τμηθέντες
1078 4348 1181 4423 γὰρ
1216 4348 1369 4418 ἄφνω
1394 4348 1535 4403 κατά
1566 4349 1664 4421 τὴν
1694 4349 1970 4421 τελευτὴν,

385 4439 861 4510 ἐκπεταννύμεθα’
892 4440 1031 4511 μετά
1052 4440 1109 4494 δὲ
1140 4438 1313 4494 ταῦτα
1340 4440 1393 4493 τί
1415 4457 1546 4496 ποτε
1569 4443 1720 4513 ἡμᾶς
1738 4440 1975 4507 διαδέξε-

384 4544 497 4596 ται,
525 4530 609 4595 τίς
647 4527 790 4597 οἷδε;
838 4532 937 4596 Τίς
974 4531 1084 4603 γὰρ
1130 4531 1465 4605 ἑρμηνεῦσαι
1503 4533 1747 4599 δύναται,
1798 4532 1832 4603 ἢ
1878 4533 1976 4589 καὶ

385 4619 631 4693 ἀκριϐῶς
654 4621 855 4690 γνῶναι
887 4622 983 4675 καὶ
1013 4620 1270 4688 ἐξειπεῖν,
1295 4622 1454 4676 ὁποία
1488 4622 1570 4686 τίς
1599 4625 1746 4677 ἐστιν
1775 4625 1809 4694 ἡ
1836 4622 1974 4693 μετά

2079 3448 2129 3493 et
2148 3437 2470 3493 erudiemur.
2506 3436 2637 3503 Quis
2666 3436 2811 3490 novit
2839 3441 3152 3503 potestatem
3193 3432 3289 3486 ἕνα»
3326 3441 3451 3495 tute,
3473 3440 3521 3484 et
3550 3446 3664 3499 prae

2082 3533 2267 3585 timore
2294 3540 2383 3584 tuo
2402 3530 2636 3600 furorem
2658 3536 2808 3581 tuum
2834 3527 3167 3581 dinumerare
3180 3527 3206 3578 ?
3223 3522 3493 3577 dexteram
3515 3530 3663 3576 tuam

2079 3622 2157 3675 sic
2186 3629 2370 3674 notam
2405 3619 2512 3687 fac,
2543 3626 2594 3671 et
2624 3615 2858 3672 eruditos
2920 3612 3075 3670 corde
3123 3613 3181 3666 in
3209 3612 3491 3680 sapientia.
3554 3607 3662 3665 Pro

2081 3712 2203 3777 illo,
2228 3712 2496 3778 Quoniam
2523 3707 2823 3778 superuenit
2859 3705 3231 3770 mansuetudo,
3264 3714 3313 3757 et
3334 3704 3656 3769 erudiemur,

2082 3803 2443 3876 Symmachus
2460 3801 2559 3863 ait,
2584 3799 2792 3855 Succisi
2813 3799 2972 3861 enim,
2997 3806 3201 3865 repente
3229 3796 3522 3869 avolamus.
3559 3794 3661 3851 Su-

2077 3895 2269 3965 perius
2299 3898 2618 3949 memorata:
2644 3889 2931 3951 sententia;
2957 3888 3051 3943 hic
3073 3903 3257 3951 sermo
3277 3887 3501 3950 insistit.
3518 3887 3661 3942 Nam

2080 3988 2176 4048 ait,
2205 3985 2337 4040 anni
2368 3984 2543 4039 nostri
2576 3981 2744 4051 hujus
2768 3988 3133 4049 temporaneaa
3166 3979 3289 4037 vitae
3334 3978 3392 4033 in
3440 3985 3661 4047 septua-

2077 4078 2229 4148 ginta
2270 4077 2355 4133 vel
2386 4074 2664 4145 octoginta
2697 4085 2970 4129 annorum
3020 4084 3311 4126 numerum
3345 4067 3663 4141 producun-

2078 4177 2207 4224 tur:
2243 4175 2298 4222 et
2328 4167 2443 4223 haec
2476 4173 2664 4220 nostra
2713 4178 2839 4233 spes
2866 4169 2972 4228 est,
3000 4170 3127 4231 post
3170 4176 3334 4232 quam
3370 4161 3521 4215 nulla
3553 4162 3662 4215 alia

2077 4276 2180 4318 nos
2206 4260 2459 4329 excipiet.
2507 4257 2722 4313 Suecisi
2752 4257 2900 4313 enim
2932 4261 3157 4327 repente
3184 4254 3239 4307 in
3267 4261 3515 4325 tempore
3541 4252 3663 4307 obi-

2081 4363 2190 4417 tus,
2224 4352 2504 4411 avolamus
2532 4370 2546 4405 :
2576 4360 2765 4421 postea
2795 4362 2928 4405 vero
2974 4346 3107 4419 quid
3158 4362 3262 4401 nos
3303 4353 3662 4417 escepturum

2080 4442 2153 4498 sit
2183 4441 2309 4511 quis
2334 4439 2521 4495 novit?
2551 4439 2687 4505 Quis
2725 4436 2872 4494 enim
2896 4437 3173 4508 explicem
3202 4441 3399 4505 potest,
3422 4443 3516 4488 aut
3536 4436 3661 4503 quis

2079 4540 2334 4590 accurate
2371 4547 2536 4589 nosse
2575 4537 2757 4601 potest
2803 4544 2868 4587 ac
2909 4529 3115 4595 dicere,
3149 4543 3273 4599 quas
3302 4528 3376 4584 sit
3408 4527 3487 4581 ira
3529 4526 3655 4591 illa,

2080 4641 2201 4697 quae
2227 4631 2351 4695 post
2381 4624 2523 4677 hanc
2550 4625 2719 4678 vitam
2750 4630 3067 4690 peccatores
3097 4620 3359 4674 invasura
3378 4618 3504 4673 est?
3535 4615 3661 4673 Ideo

385 4712 559 4765 ταῦτα
611 4711 739 4775 τοὺς
783 4709 1141 4782 ἁμαρτωλοὺς
1197 4710 1614 4783 καταληψομένη
1663 4712 1831 4785 ὀργή;
1878 4713 1975 4771 Διό

2081 4718 2169 4781 sit,
2201 4718 2336 4784 Qui:
2363 4716 2506 4770 novit
2534 4722 2844 4783 potestatem
2880 4715 2977 4768 ire
3014 4724 3156 4777 tute,
3215 4720 3265 4766 et
3312 4726 3421 4772 pra:
3473 4711 3661 4768 tonare

386 4819 554 4873 φησι·
588 4804 685 4870 Τίς
723 4802 1001 4873 γινώσκει
1028 4801 1095 4856 τὸ
1118 4800 1339 4870 κράτος
1362 4802 1474 4871 τῆς
1499 4802 1681 4881 όργῆς
1702 4820 1843 4869 σου,
1869 4805 1968 4860 καὶ

385 4894 502 4950 ἀπὸ
535 4894 643 4949 τοῦ
675 4897 864 4964 φόϐου
886 4909 1004 4949 σου
1032 4894 1138 4950 τόν
1158 4898 1349 4967 θυμόν
1380 4914 1534 4962 σου;
1563 4898 1658 4961 Τίς
1683 4896 1740 4951 δὲ
1771 4891 1882 4962 οἷός
1909 4897 1970 4951 τέ

386 4985 536 5039 ἐστιν
567 4983 1036 5057 ἐξαριθμήσασθαι
1083 4985 1181 5059 τὴν
1213 4985 1391 5051 δεξιάν
1437 5003 1571 5053 σου;
1614 4985 1772 5040 Ἀλλά
1808 4986 1871 5040 σύ
1905 5003 1969 5056 γε

384 5078 515 5149 ἡμῖν
541 5077 571 5129 6
601 5076 736 5139 Θεὸς
766 5077 1014 5131 ἐντεῦθεν
1041 5078 1142 5150 ἤδη
1183 5076 1447 5150 γνώρισον
1497 5080 1595 5155 τὴν
1643 5080 1823 5146 δεξιάν.
1852 5097 1968 5145 σου,

386 5167 468 5230 εἰς
498 5165 558 5220 τὸ
602 5164 860 5245 δύνασθαι
893 5170 1040 5241 ἡμᾶς
1073 5171 1213 5225 νοεῖν
1253 5186 1313 5223 τε
1343 5171 1512 5240 αὐτὴν
1557 5171 1777 5236 καὶτὰς
1807 5171 1970 5228 δυνά-

388 5273 512 5330 μεις
547 5256 718 5327 αὐτῆς
738 5258 1188 5330 ἀπαριθμεῖσθαι.
1219 5260 1408 5326 Δεξιάν
1442 5262 1499 5315 δὲ
1549 5262 1685 5316 Θεοῦ
1717 5263 1805 5316 τὸν
1840 5265 1973 5335 Χρι-

387 5348 511 5403 στὸν
558 5347 724 5402 αὐτοῦ
760 5350 1018 5426 πολλάκις
1064 5353 1310 5427 ἐδίδαξαν
1358 5355 1407 5408 οἱ
1461 5353 1595 5427 ἱεροὶ
1620 5354 1787 5424 λόγοι.
1838 5355 1973 5408 Παι-

384 5439 633 5495 δεύονται
659 5440 837 5495 τοίνυν
866 5445 914 5495 οἰ
946 5442 1248 5515 δηλούμενα
1292 5446 1432 5515 μετὰ
1470 5446 1568 5517 τὴν
1595 5445 1976 5519 ἐξομολόγησιν

386 5529 638 5604 εὔχεσθαι
686 5530 1083 5607 καταξιωθῆναι
1132 5537 1347 5609 πρῶτον
1405 5539 1503 5609 μὲν
1549 5539 1649 5610 τῆς
1699 5538 1792 5594 τοῦ
1839 5538 1973 5595 Θεοῦ

390 5626 720 5697 πραΰτητος,
751 5624 827 5688 ὡς
858 5624 925 5679 ἂν
958 5627 1299 5684 παιδευθεῖεν
1327 5629 1391 5683 δι’
1415 5630 1584 5702 αὐτῆς
1610 5645 1625 5659 ⁶
1660 5629 1849 5685 ἔπειτα
1874 5630 1975 5702 τῆς

390 5715 565 5781 δεξιᾶς
582 5717 770 5785 αὑτοῦ,
786 5717 986 5792 δηλαδὴ
1012 5721 1113 5793 τῆς
1131 5722 1384 5793 γνώσεως
1400 5722 1496 5778 τοῦ
1524 5722 1758 5798 Χριστοῦ
1786 5723 1973 5791 αὐτοῦ,

465 5872 509 5904 ⁸⁸
547 5872 651 5937 lsa.
692 5891 815 5939 tu.
851 5875 904 5933 5.

2077 4820 2168 4865 tuo
2198 4809 2340 4862 iram
2365 4818 2513 4862 tuam
2534 4810 2559 4863 ?
2580 4806 2716 4874 Quis
2762 4807 3112 4861 dinumerare
3150 4809 3333 4872 potest
3377 4803 3671 4867 dexteram,

2078 4900 2263 4955 tuam?
2302 4897 2406 4954 Sed
2440 4905 2496 4952 tu
2532 4897 2676 4953 Deus
2728 4897 2822 4951 hic
2868 4896 3039 4951 nobis.
3076 4894 3358 4950 dexteram
3388 4903 3538 4949 tuam
3568 4909 3669 4949 tto-.
3698 4932 3704 4939 .

2077 4996 2189 5047 tam
2218 4988 2326 5051 fac,
2361 4996 2423 5041 ut
2450 4988 2726 5057 possimus
2756 4986 2905 5043 illaut
2956 4984 3293 5055 intelligere,
3345 4992 3400 5041 et
3430 4984 3661 5038 virtutes

2077 5084 2198 5152 ejus
2245 5070 2616 5137 dinumerare.
2653 5067 2942 5134 Dexte'ram
2988 5089 3154 5147 porro
3201 5074 3334 5139 Dei,
3378 5074 3658 5131 Christum
3764 5078 3769 5085 ‘

2077 5173 2197 5241 ejus
2230 5170 2715 5241 esse,plerumque
2741 5168 3048 5223 docuerunt
3092 5179 3266 5221 sacrm
3308 5164 3522 5219 litterze.
3575 5163 3658 5219 Illi

2079 5265 2264 5334 itaque
2300 5262 2415 5333 jam
2461 5260 2749 5317 memorati
2792 5258 3177 5321 instituuntur,
3207 5263 3267 5310 ut
3294 5264 3417 5328 post
3450 5255 3661 5311 confes-

2080 5361 2290 5414 sionem
2319 5352 2558 5411 conferri
2606 5352 2712 5406 sibi
2751 5357 3084 5421 precentur,
3126 5348 3309 5420 primo
3351 5345 3446 5401 Dei
3502 5363 3659 5401 man-

2079 5446 2443 5510 suetudinem,
2466 5452 2527 5498 ut
2556 5442 2733 5499 abilla
2756 5439 3109 5506 erudiuntur,
3139 5438 3336 5493 deinde
3374 5436 3670 5509 dexteram:

2078 5541 2219 5615 ejus,
2252 5538 2463 5596 scilicet
2490 5535 2855 5608 cognitionem
2885 5532 3092 5588 Christi
3125 5530 3320 5603 ipsius,
3345 5538 3401 5585 et
3434 5530 3658 5586 mirabi-

2076 5635 2211 5689 lium
2246 5631 2367 5703 ejus
2417 5630 2718 5692 virtutum,
2778 5635 2835 5681 ut
2893 5626 3087 5689 horum
3146 5623 3339 5677 notitia
3402 5623 3657 5680 meliores

2078 5724 2332 5791 evadant,
2363 5729 2416 5780 et
2445 5730 2502 5778 ut
2541 5730 2723 5777 mente
2764 5717 2999 5785 eruditi,
3064 5716 3155 5773 Dei
3191 5716 3474 5793 sapientiae
3522 5730 3656 5779 cott-
