4074 6386
426 448 567 505 M39

1059 453 1334 512 EUSEBII
1365 455 1850 514 CESARIENSIS
1893 457 2044 517 OPP.
2087 459 2271 516 PARS
2307 459 2395 516 Ill.
2448 491 2519 503 —
2561 460 2972 519 EXEGE’I’ICA.

3553 457 3700 513 11ιο

424 571 607 618 sortes
669 564 779 618 sint
811 582 825 618 :
859 563 1116 622 Christus
1174 576 1355 624 autem
1387 577 1472 626 est
1502 571 1594 626 Dei
1628 572 1807 628 virtus
1841 581 1895 628 et
1919 573 1993 629 De

2116 573 2225 627 τῶν
2262 592 2322 628 τε
2368 574 2687 645 παραδόξων
2713 575 2879 630 αὐτοῦ
2912 574 3213 646 δυνάμεων,
3247 573 3324 637 ὡς
3352 571 3418 627 ἂν
3459 572 3701 644 βελτίους

422 651 697 721 sapientia
729 653 794 705 “.

2112 665 2290 720 αὐτῶν
2336 667 2575 734 γένοιντο
2623 668 2731 720 ἀπὸ
2769 668 2869 738 τῆς
2906 667 3110 721 τούτων
3152 665 3437 736 γνώσεως,
3485 663 3582 719 καὶ
3625 665 3701 729 ὡς

420 742 506 813 ἂν,
542 748 922 815 παιδευθέντες
970 750 1070 822 τὴν
1109 750 1366 818 διάνοιαν,
1416 755 1735 828 μετάσχοιεν
1783 759 1882 832 τῆς
1917 759 2011 814 τοῦ
2085 761 2218 816 Θεοῦ
2302 763 2519 832 σοφίας·
2575 763 2808 834 Χριστὸς
2849 763 2904 815 δὲ
2951 761 3085 816 Θεοῦ
3124 761 3370 833 δύναμις,
3419 760 3514 815 καὶ
3561 756 3698 812 Θεοῦ

422 844 602 909 σοφία.

493 934 657 992 Vens.
697 937 874 992 15-17.
916 937 1248 1007 Convertere,
1306 940 1560 1009 Domine,
1607 962 1870 1017 usquequo
1897 989 1913 1014 ,
1951 957 2004 1002 et

415 1027 763 1096 deprecabilis
811 1039 923 1084 esto
952 1047 1109 1101 super
1153 1049 1328 1087 servos
1373 1044 1510 1090 tuos.
1559 1034 1762 1106 Repleti
1819 1055 2003 1092 sumus

416 1137 572 1174 mane
601 1123 971 1178 misericordia
1005 1133 1117 1188 tua,
1148 1134 1199 1179 et
1234 1127 1619 1183 exsultavimus
1665 1141 1716 1184 et
1760 1130 2005 1186 delectati

415 1229 599 1267 sumus
649 1216 890 1269 omnibus
941 1215 1126 1270 diebus
1175 1219 1395 1272 nostris.
1443 1218 1641 1276 Lcetati
1688 1239 1870 1277 sumus
1907 1239 2003 1292 pro

413 1304 597 1360 diebus
625 1307 814 1375 quibus
843 1324 937 1361 nos
977 1307 1298 1372 Immiliasti,
1331 1311 1485 1364 annis
1538 1311 1731 1382 quibus
1773 1312 1999 1368 uidimus

413 1396 581 1452 mala.
614 1394 684 1449 Et
715 1399 910 1465 respice
938 1398 994 1450 in
1013 1412 1187 1450 servos
1218 1406 1334 1453 tuos
1366 1409 1416 1453 et
1444 1401 1498 1452 in
1521 1416 1677 1469 opera
1701 1411 1812 1465 tua,
1839 1411 1888 1456 et
1915 1401 2003 1456 di-

411 1489 524 1558 rige
551 1488 690 1557 ﬁlios
718 1505 901 1542 eorum
927 1503 944 1541 :
975 1497 1026 1543 et
1061 1489 1132 1542 sit
1163 1489 1410 1557 splendor
1441 1490 1658 1545 Domini
1697 1491 1797 1548 Dei
1832 1494 2004 1547 nostri

409 1596 569 1648 super
590 1598 705 1644 nos,
735 1590 784 1634 et
813 1596 970 1648 opera
1004 1597 1257 1634 manuum
1314 1591 1619 1638 nostrarum
1647 1585 1814 1656 dirige
1844 1601 2002 1655 super

410 1689 526 1735 nos,
561 1682 761 1740 etopus
795 1689 1042 1726 manuum
1076 1684 1384 1728 nostrarum
1401 1675 1590 1747 dirige.
1617 1676 1750 1732 Post
1778 1678 1998 1735 confes-

413 1763 621 1817 sionem
679 1765 734 1817 in
789 1763 1228 1834 prazcedentibus
1291 1766 1582 1835 traditam,
1634 1775 2003 1838 congruenter

2193 943 2614 1010 Ἐπίστρεψον,
2647 941 2844 1009 Κύριε,
2881 939 2994 1006 ἕως
3037 940 3202 1004 πότε,
3241 939 3340 993 καὶ
3387 943 3697 1011 παρακλή-

2110 1039 2241 1104 θητι
2287 1034 2386 1088 ἐπὶ
2417 1033 2559 1099 τοὺς
2603 1032 2866 1098 δούλους
2911 1047 3047 1086 σου.
3089 1032 3580 1107 Ἐνεπλήσθημεν
3616 1037 3698 1104 τῷ

2109 1127 2258 1196 πρωῒ
2302 1126 2411 1180 τοῦ
2449 1124 2662 1192 ἐλέους
2710 1140 2847 1190 σου,
2891 1123 2993 1178 καὶ
3042 1124 3537 1196 ἡγαλλιασάμεθα
3595 1131 3692 1185 καί

2105 1218 2525 1290 εὐφράνθημεν
2561 1217 2631 1272 ἐν
2665 1215 2890 1283 πάσαις
2928 1216 3055 1283 ταῖς
3087 1216 3334 1286 ἡμέραις
3355 1219 3544 1287 ἡμῶν,
3577 1225 3688 1276 εὐ..

2105 1311 2452 1383 φράνθημεν
2491 1310 2620 1364 ἀνθ’
2657 1303 2746 1363 ὧν
2781 1306 3016 1377 ἡμερῶν
3054 1309 3462 1377 ἐταπείνωοας
3514 1311 3689 1382 ἡμᾶς,

2107 1404 2258 1460 ἐτῶν
2277 1401 2365 1460 ὦν
2384 1404 2623 1474 ειδομεν
2645 1402 2820 1458 κακά.
2852 1404 2964 1458 Kal
3019 1402 3109 1457 ἴδε
3139 1403 3238 1457 ἐπὶ
3260 1405 3402 1472 τοὺς
3433 1392 3693 1474 δούλους

2107 1515 2226 1552 σου
2269 1499 2367 1552 καὶ
2413 1497 2512 1551 ἐπὶ
2560 1495 2635 1551 τὰ
2683 1497 2828 1566 ἔργα
2876 1511 3013 1560 σου,
3055 1495 3153 1549 καὶ
3199 1494 3507 1566 όδήγησον
3553 1497 3695 1566 τοὺς

2107 1589 2277 1656 υἱοὺς
2305 1589 2533 1644 αὐτῶν·
2566 1579 2850 1642 κάλ’ἕστω
2877 1589 2915 1656 ὴ
2947 1589 3295 1658 λαμπρότης
3334 1591 3555 1657 Κυρίου
3587 1589 3693 1645 τοῦ

2112 1679 2260 1734 Θεοῦ
2310 1679 2481 1749 ἡμῶν
2521 1680 2614 1749 ἐφ’
2646 1677 2826 1749 ἡμᾶς,
2869 1679 2967 1732 καὶ
3014 1679 3087 1733 τὰ
3131 1679 3274 1750 ἔργα
3318 1678 3435 1733 τῶν
3482 1682 3695 1750 χειρῶν

2110 1773 2280 1841 ἡμῶν
2316 1773 2684 1827 κατεύθυνον
2729 1772 2821 1840 ἐφ’
2855 1769 3033 1841 ἡμᾶς,
3084 1770 3185 1824 καὶ
3228 1771 3297 1825 τὸ
3349 1772 3526 1842 ἔργον
3575 1771 3695 1826 τῶν

413 1854 630 1927 Moyses
677 1856 871 1910 orandi
921 1857 1142 1911 modum
1191 1858 1361 1911 tradit
1406 1858 1476 1912 iis
1519 1875 1588 1914 ex
1631 1860 1855 1924 lsraele,
1905 1861 1996 1931 qui

2111 1860 2324 1930 χειρῶν
2361 1858 2533 1930 ἡμῶν
2574 1861 2964 1913 κατεύθυνον.
3029 1857 3361 1921 Ἀκολούθως
3412 1857 3548 1928 μετὰ
3594 1858 3692 1930 τὴν

412 1957 534 2018 post
566 1946 871 2002 Salvatoris
905 1948 1084 2003 nostri
1116 1949 1409 2004 adventum
1444 1949 1582 2019 lapsi
1615 1958 1768 2016 sunt,
1790 1959 1849 2004 ut
1878 1960 2004 2022 post

411 2039 716 2110 praemissa,
752 2039 891 2105 haec,
939 2056 1062 2111 qua:
1102 2042 1216 2111 jam
1249 2041 1562 2105 traduntur,
1597 2042 1876 2113 precando
1919 2041 2004 2097 di-

408 2139 538 2185 cant
585 2149 602 2186 :
643 2146 880 2201 quorum
946 2132 1280 2188 sententiam
1332 2133 1538 2188 clarius
1605 2133 2004 2205 interpretatus

411 2221 775 2295 Symmachus
823 2233 908 2279 est
955 2225 1061 2279 hoc
1119 2233 1328 2296 pacto:
1364 2223 1696 2292 Convertere,
1747 2227 1999 2292 Domine,

409 2331 678 2385 usquequo
705 2331 723 2378 ;
749 2315 1093 2385 deprecabilis
1125 2325 1234 2370 esto
1268 2332 1424 2386 super
1451 2335 1625 2373 servos
1659 2328 1796 2374 tuos.
1845 2319 2005 2375 Satia

411 2424 507 2460 nos
544 2409 809 2462 matutina
843 2409 1214 2463 misericordia
1244 2417 1356 2474 tua,
1387 2418 1447 2462 ut
1476 2409 1805 2464 dormiamus
1836 2420 1885 2464 et
1911 2411 2004 2466 la:-

411 2499 840 2554 temuromnibus
869 2499 1051 2554 diebus
1083 2501 1298 2554 nostris.
1337 2498 1575 2570 Ltetiﬁca
1623 2519 1716 2556 nos
1758 2501 2003 2557 omnibus

408 2589 616 2656 diebus,
649 2590 837 2660 quibus
863 2609 957 2646 nos
983 2593 1242 2663 amisisti,
1277 2595 1433 2648 annis
1465 2594 1519 2648 in
1553 2593 1743 2664 quibus
1776 2593 2003 2649 vidimus

409 2681 575 2736 mala.
606 2681 914 2751 Appareant
942 2683 1082 2751 apud
1119 2700 1294 2738 servos
1328 2694 1443 2738 tuos
1481 2699 1640 2752 opera
1687 2692 1800 2746 tua,
1831 2693 1880 2738 et
1915 2683 2002 2738 di-

406 2773 585 2845 gnitas
629 2789 787 2842 super
833 2773 974 2844 ﬁlios
1016 2784 1224 2829 nostros
1251 2793 1270 2831 :
1296 2788 1347 2832 et
1391 2777 1459 2832 sit
1505 2775 1847 2846 pulchritudo
1893 2777 2004 2831 Do-

405 2863 540 2917 mini
573 2864 671 2918 Dei
699 2866 869 2919 nostri
897 2881 1054 2934 super
1081 2885 1200 2932 nos,
1231 2877 1282 2922 et
1314 2885 1472 2938 opera
1505 2883 1759 2922 manuum
1788 2879 2004 2922 nostra-

405 2969 528 3008 rum
561 2955 719 3024 ﬁrma
759 2956 847 3026 fac
892 2974 1050 3027 super
1080 2975 1197 3023 nos,
1232 2969 1281 3013 et
1310 2962 1572 3014 actionem
1617 2976 1871 3013 manuum
1905 2978 2002 3016 no-

405 3059 643 3102 strarum
693 3050 904 3122 perﬁce.
965 3047 1062 3106 His
1114 3067 1281 3122 porro
1337 3053 1517 3120 docet,
1568 3061 1627 3106 ut
1675 3039 2000 3110 matutinam

408 3138 847 3193 misericordiam
888 3143 1152 3211 consequi
1187 3143 1490 3212 postulent,
1542 3150 1603 3196 ut
1633 3150 1760 3198 ortu
1807 3143 2000 3198 Salva—

2107 1951 2494 2024 ὲξομολόγησιν
2527 1951 2625 2024 τὴν
2650 1950 2738 2004 διὰ
2767 1950 2876 2005 τῶν
2912 1951 3344 2023 προτεινομένων
3371 1951 3695 2022 παραδοθεῖ-

2109 2063 2226 2110 σαν,
2251 2045 2330 2098 ἔτι
2346 2045 2445 2117 τὴν
2471 2043 2780 2115 προσευχὴν
2805 2044 2834 2096 ὁ
2863 2042 3107 2113 Μωῦσῆς
3127 2042 3366 2096 διδάσκει
3401 2044 3528 2105 τοὺς
3556 2042 3693 2112 μετά

2103 2135 2202 2206 τὴν
2235 2135 2328 2188 τοῦ
2345 2135 2596 2205 Σωτῆρος
2609 2134 2767 2206 ἡμῶν
2788 2134 3092 2206 παρουσίαν
3114 2135 3576 2198 ἀποπεπτωκότας
3593 2133 3688 2187 τοῦ

2118 2221 2354 2294 Ἰσραὴλ,
2393 2223 2472 2284 είς
2499 2222 2560 2274 τὺ
2588 2221 2768 2290 λέγειν
2801 2222 2998 2285 αὐτοὺς
3031 2223 3519 2295 προσευχομένους,
3553 2223 3691 2295 μετά

2105 2311 2214 2364 τῶν
2241 2309 2611 2364 ἀποδοθέντων
2639 2312 2734 2365 καὶ⁹
2754 2312 2824 2367 τὰ
2846 2312 3182 2384 προκείμενα
3197 2329 3210 2342 ·
3237 2306 3314 2366 ὧν
3338 2313 3438 2384 τὴν
3456 2313 3692 2369 διάνοιαν

2106 2403 2436 2474 σαφέστερον
2462 2404 2797 2475 ἐρμήνευσεν
2839 2406 2868 2458 ὁ
2908 2405 3222 2476 Σύμμαχος,
3251 2404 3434 2459 τοῦτον
3461 2405 3693 2471 ἀποδοὺς

2102 2495 2194 2548 τὸν
2222 2496 2455 2567 τρόπον·
2511 2495 2954 2565 Ἐπιστράφηθι,
2989 2497 3188 2564 Κύριε,
3225 2497 3335 2563 ἕως
3363 2497 3540 2551 πότε*
3577 2511 3693 2550 πα-

2095 2585 2434 2655 ρακλήθητι
2460 2587 2612 2657 ὑπὲρ
2636 2586 2755 2640 τῶν
2780 2587 3015 2642 δούλων
3036 2602 3174 2643 σου.
3205 2591 3516 2658 Χόρτασον
3536 2588 3697 2659 ἡμᾶς

2103 2678 2378 2746 όρθρινοῦ
2407 2678 2620 2746 ἐλέους
2649 2695 2787 2743 σου,
2819 2681 2919 2732 ἵνα
2949 2679 3322 2750 ὐπνώσωμεν
3347 2680 3447 2736 καί
3473 2683 3695 2752 eugepa-

2100 2769 2335 2839 νώμεθα
2359 2769 2430 2823 ἐν
2451 2770 2677 2836 πάσαις
2701 2769 2831 2837 ταῖς
2867 2771 3115 2840 ἡμέραις
3146 2769 3332 2842 ἡμῶν.
3374 2773 3695 2841 Εὐφράνω-

2100 2857 2259 2928 ἡμᾶς
2301 2858 2504 2926 πάσας
2530 2860 2756 2930 ἡμέρας
2785 2860 2859 2927 ἀς
2896 2861 3210 2929 excitemur;
3257 2860 3438 2932 ἡμᾶς,
3480 2862 3584 2932 ἐτη
3621 2863 3696 2918 ἐν

2100 2945 2191 3016 οἷς
2213 2950 2453 3021 εἴδομεν
2482 2951 2655 3006 κακά.
2700 2952 2950 3021 Φανήτω
2975 2953 3136 3023 παρά
3160 2953 3284 3020 τοῖς
3307 2953 3550 3019 δούλοις
3575 2970 3695 3009 σου

2100 3042 2173 3096 τὰ
2219 3043 2364 3115 ἔργα
2406 3060 2546 3109 σου,
2583 3045 2682 3099 καὶ
2732 3045 2800 3099 τὸ
2852 3046 3215 3114 ἀξιοπρεπὲς
3253 3047 3353 3101 ἐπὶ
3397 3047 3470 3102 τὰ
3509 3047 3694 3102 τέκνα

2099 3135 2299 3206 ἡμῶν·
2327 3138 2426 3191 καὶ
2464 3137 2621 3192 ἔστω
2647 3140 2716 3192 τὸ
2743 3138 2970 3204 κάλλος
3003 3139 3110 3193 τοῦ
3148 3141 3369 3207 Κυρίου
3397 3139 3505 3194 τοῦ
3542 3139 3697 3196 Θεοῦ

409 3231 553 3286 toris
588 3229 907 3301 dignentur.
955 3231 1275 3288 Matutinam
1307 3235 1512 3305 quippe
1558 3236 1996 3292 misericordiam

2099 3229 2269 3300 ἡμῶν
2290 3231 2491 3284 ἐπάνω
2511 3231 2702 3300 ἡμῶν,
2739 3231 2839 3284 καὶ
2869 3231 2940 3284 τὰ
2971 3231 3116 3300 ἔργα
3144 3229 3263 3284 τῶν
3281 3231 3500 3301 χειρῶν
3521 3232 3697 3302 ἡμῶν

405 3322 612 3378 Christi
641 3338 761 3378 eam
787 3323 920 3378 dicit
947 3313 1094 3389 esse,
1125 3341 1246 3396 quae
1277 3325 1344 3380 ad
1372 3328 1855 3395 omnes'hominesf
1875 3330 1958 3384 ori
1976 3358 1992 3371 -

408 3420 521 3470 tur.
560 3411 696 3467 Nam
727 3420 787 3468 ut
815 3413 944 3467 olim
982 3415 1151 3484 priori
1183 3417 1386 3485 populo
1415 3419 1746 3472 matutinum
1777 3426 1993 3490 tempus

406 3504 534 3571 fuit,
586 3521 698 3578 quo
743 3506 799 3560 in
840 3506 1079 3579 Egypto
1122 3509 1328 3579 degens
1380 3510 1724 3580 inspectione
1753 3511 1991 3568 donatus

404 3609 526 3668 est;
564 3601 644 3656 sic
676 3600 733 3656 in
767 3602 1072 3656 novissimo
1106 3601 1318 3656 dierum
1359 3604 1629 3657 matutina
1679 3604 1993 3660 misericor-

402 3691 495 3747 dia
525 3691 784 3747 omnibus
814 3693 1067 3763 gentibus
1106 3692 1320 3750 effulsit!
1347 3709 1446 3764 per
1474 3695 1770 3751 salutarem
1807 3697 1993 3752 orien-

403 3794 539 3846 tem.
563 3801 728 3856 quam
756 3787 1045 3842 memorati
1076 3785 1156 3841 illi
1191 3787 1441 3844 homines
1475 3789 1755 3860 postulare
1786 3789 1992 3844 docen-

403 3884 500 3932 tur
535 3877 590 3931 in
617 3878 904 3946 oratione;
937 3879 1048 3933 imo
1079 3879 1244 3933 etiam
1274 3879 1418 3935 inter
1448 3881 1555 3934 alia
1587 3881 1790 3942 dicere,
1824 3878 1894 3932 Et
1918 3879 1990 3932 sit

401 3970 652 4040 splendor
683 3970 896 4025 Domini
926 3969 1024 4025 Dei
1055 3972 1226 4026 nostri
1257 3987 1414 4040 super
1452 3989 1571 4036 nos,
1617 3981 1668 4027 et
1697 3980 1987 4041 appareant

401 4063 544 4129 apud
579 4073 754 4116 servos
788 4070 914 4123 tuos.
954 4078 1115 4131 opera
1158 4071 1274 4124 tua.
1313 4073 1363 4116 et
1387 4062 1623 4134 dignitas
1648 4072 1760 4127 tua,
1796 4070 1846 4114 et
1877 4060 1992 4130 pul-

401 4150 644 4206 chritudo
689 4151 906 4206 Domini
935 4151 1034 4205 Dei
1065 4153 1266 4215 nostri;
1306 4159 1366 4206 ut
1398 4162 1453 4207 et
1499 4153 1603 4223 ipsi
1637 4151 1824 4206 divina
1868 4149 1990 4206 Salv

401 4245 612 4300 vatoris
663 4243 957 4315 praesentia
1001 4243 1320 4315 dignentur,
1369 4259 1589 4299 necnon
1634 4243 1818 4299 divina
1863 4243 1987 4313 ejus

401 4336 575 4406 gloria
611 4351 675 4390 ac
706 4333 1138 4410 pulchritudine,
1166 4334 1236 4389 de
1265 4349 1376 4406 quo
1404 4336 1614 4391 dictum
1635 4345 1742 4402 est,
1775 4332 1991 4403 Specio-

399 4444 492 4482 sus
521 4427 696 4497 {arma
725 4444 838 4498 prae
875 4427 1007 4497 ﬁliis
1027 4426 1301 4480 hominum
1324 4427 1392 4491 θ’,
1431 4441 1496 4481 ac
1523 4427 1748 4497 insuper
1775 4424 1990 4481 caeteris

400 4519 660 4576 omnibus
683 4519 844 4575 bonis
871 4533 994 4591 qua:
1045 4519 1103 4573 in
1159 4518 1384 4576 Christo
1416 4517 1512 4574 Dei
1572 4517 1802 4590 intelligi
1861 4531 1990 4590 pos-

405 4624 558 4668 sunt.

2097 3323 2301 3392 ὲδραῒα
2344 3323 2604 3390 ποίησον
2638 3323 2790 3390 ὑπὲρ
2823 3322 3013 3391 ἡμῶν,
3051 3321 3152 3376 καὶ
3186 3322 3303 3390 τὴν
3329 3323 3550 3392 πρᾶξιν
3575 3325 3694 3378 τῶν

2095 3412 2313 3484 χειρῶν
2348 3411 2517 3482 ἡμῶν
2543 3411 2917 3466 ἐπιτέλεσον.
2953 3413 3203 3467 Διδάσκει
3247 3414 3304 3468 δὲ
3353 3415 3444 3468 διὰ
3483 3417 3696 3469 τούτων

2095 3504 2363 3558 αἰτεῖσθαι
2407 3505 2590 3574 τυχεῖν
2623 3502 2717 3556 τοῦ
2770 3502 3022 3576 ὀρθρινοῦ
3061 3503 3264 3570 ἐλέους,
3304 3505 3380 3569 ὡς
3425 3506 3491 3560 ἂν
3521 3523 3692 3560 κατα-ι

2097 3598 2338 3664 ξιωθείεν
2367 3599 2466 3668 τῆς
2491 3598 2753 3670 ἀνατολῆς
2781 3598 2875 3652 τοῦ
2905 3599 3175 3672 Σωτῆρος.
3208 3601 3281 3654 Τὸ
3307 3601 3552 3674 ὀρθρινδν
3580 3601 3698 3672 γὰρ

2093 3689 2242 3754 ἕλεος
2277 3689 2516 3762 Χριστοῦ
2549 3691 2610 3744 τὸ
2643 3692 2738 3745 ἐπὶ
2775 3692 2986 3757 πάντας
3019 3691 3304 3747 ἀνατεῖλαν
3344 3692 3692 3765 ἀνθρώπους.

2105 3783 2194 3846 Ὠς
2217 3783 2327 3852 γὰρ
2353 3782 2518 3836 πάλαι
2550 3784 2744 3853 γέγονε
2793 3787 2976 3857 πρωῒα
3016 3785 3095 3857 τῷ
3122 3786 3372 3858 προτέρῳ
3404 3785 3519 3857 λαῷ
3547 3786 3694 3842 κατά

2091 3870 2190 3944 τὴν
2220 3873 2526 3944 ἐπισκοπὴν
2555 3867 2624 3944 ἦς
2653 3873 3070 3947 κατηξιώθησαν
3106 3877 3162 3928 ἐν
3185 3875 3448 3947 Αἰγύπτῳ
3482 3875 3690 3948 διατρί-

2092 3965 2301 4030 ϐοντες,
2339 3966 2513 4031 οὕτως
2561 3968 2648 4024 ἐπ’
2695 3969 2928 4041 ἐσχάτου
2952 3970 3060 4024 τῶν
3091 3968 3317 4041 ἡμερῶν
3349 3968 3411 4022 τὸ
3438 3968 3692 4040 ὀρθρινδν

2093 4056 2240 4122 ἔλεος
2264 4060 2379 4122 τοῖς
2411 4060 2574 4112 πᾶσιν
2605 4057 2875 4132 ἐξέλαμψε
2913 4063 3026 4124 τοῖς
3058 4060 3233 4114 ἔθνεσι
3257 4059 3348 4114 διά
3375 4059 3472 4131 τῆς
3507 4076 3686 4130 σωτη-

2097 4151 2213 4221 ρίου
2238 4150 2526 4221 ἀνατολῆς,
2555 4147 2624 4225 ἦς
2651 4151 3050 4223 καταξιωθῆναι
3077 4151 3415 4211 διδάσκονται
3444 4152 3492 4203 οἱ
3522 4151 3689 4222 δηλω-

2094 4241 2279 4306 θέντες
2328 4243 2419 4302 διὰ
2456 4244 2558 4314 τῆς
2595 4245 2905 4316 προσευχῆς
2949 4247 3148 4299 αἱτεῖνο
3193 4244 3332 4301 ἀλλά
3376 4245 3469 4298 καὶ
3507 4244 3691 4313 λέγειν

2096 4333 2236 4404 μετὰ
2265 4334 2373 4390 τῶν
2415 4335 2621 4390 ww
2660 4335 2773 4390 Kal.
2822 4337 2980 4390 ἔστω
3007 4336 3046 4404 ’ὴ
3073 4339 3422 4406 λαμπρότης
3462 4337 3692 4404 Κυρίου.

2093 4425 2202 4480 τοῦ
2244 4427 2392 4482 Θεοῦ
2429 4425 2600 4497 ἡμῶν
2621 4427 2716 4497 ἐφ’
2741 4425 2920 4497 ἡμᾶς,
2963 4428 3062 4482 καί
3097 4426 3340 4497 φανήτω
3373 4429 3533 4497 παρὰ
3561 4427 3688 4494 τοῖς

2093 4518 2334 4586 δούλοις
2363 4533 2480 4574 σου
2513 4520 2586 4576 τὰ
2623 4520 2768 4589 ἔργα
2807 4535 2926 4573 σου
2961 4520 3060 4576 καὶ
3102 4519 3169 4574 τὸ
3208 4519 3437 4588 κάλλος
3465 4521 3693 4588 Κυρίου

2019 4593 2067 4651 Ῐ)
2095 4609 2202 4664 τοῦ
2239 4609 2388 4665 Θεοῦ
2411 4607 2608 4679 ἡμῶν·
2636 4609 2711 4674 ὡς
2753 4609 2820 4664 ἂν
2849 4609 2945 4665 καὶ
2983 4611 3142 4664 αὐτοὶ
3171 4610 3555 4676 καταξιωθεῖεν
3587 4613 3690 4680 τῆς

404 4706 675 4780 σωτηρίου
711 4707 1066 4779 θεοφανείας,
1111 4709 1206 4764 καὶ
1246 4703 1348 4777 τῆς
1393 4707 1574 4762 ἐνθέου
1614 4707 1772 4781 δόξης
1826 4703 2017 4772 αὑτοῦ,
2047 4703 2142 4757 τοῦ
2187 4721 2249 4757 τε
2294 4702 2555 4768 κάλλους,
2603 4704 2733 4774 περὶ
2779 4699 2840 4759 οὗ
2884 4704 3127 4775 εἴρηται,
3204 4704 3428 4772 Ὠραῖος
3473 4703 3690 4759 κάλλει

396 4803 560 4873 παρὰ
589 4794 733 4872 τοὺς
769 4787 943 4874 υίοὺς
988 4804 1110 4872 τῶν
1141 4853 1148 4856 .
1180 4815 1492 4878 γοριιιπων,
1539 4807 1632 4859 καὶ
1668 4805 1777 4859 τῶν
1808 4802 2011 4859 λοιπῶν
2049 4801 2304 4858 ἁπάντων
2333 4799 2444 4855 τῶι
2474 4799 2616 4854 κατά
2657 4799 2751 4855 τὸν
2779 4800 3013 4873 Χριστὸν
3052 4799 3148 4855 τοῦ
3182 4800 3318 4855 Θεοῦ
3371 4799 3689 4870 ἐπινοουμέ-

397 4913 507 4951 νων
532 4899 772 4968 ἀγαθῶν.

1142 5015 1256 5070 XC.

473 5100 642 5158 Vens.
695 5103 748 5167 Ι,
781 5101 838 5156 2.
880 5103 986 5170 Qui
1034 5106 1241 5161 habitat
1277 5105 1332 5160 in
1373 5104 1646 5176 adjutorio
1703 5106 1985 5171 Altissimi,

406 5192 467 5247 in
498 5202 793 5265 tegumenta
832 5193 933 5250 Dei
965 5197 1083 5252 caeli
1142 5195 1581 5252 commorabitur.
1621 5195 1719 5250 Hic
1745 5197 1990 5267 psalmus

407 5284 772 5357 inscriptione
799 5296 968 5344 caret.
993 5289 1079 5344 An
1115 5288 1256 5346 forte
1287 5305 1466 5361 neque
1497 5289 1743 5360 psalmus
1766 5299 1871 5353 est.
1894 5289 1990 5346 sed

404 5379 692 5450 prophetia
735 5382 986 5450 quasdam
1022 5382 1416 5453 protundiores
1456 5381 1525 5438 de
1561 5381 1785 5437 Christo
1828 5396 1892 5436 ac
1921 5381 1992 5436 de

395 5468 488 5534 iis,
519 5487 642 5541 quae
669 5471 724 5526 in
754 5473 875 5544 ipso
913 5486 1296 5530 consummata
1333 5481 1486 5540 sunt,
1522 5489 1806 5529 sermones
1834 5487 1990 5528 com-

396 5560 686 5631 plectens?
733 5562 862 5621 Haec
895 5581 1062 5637 porro
1092 5583 1214 5639 quae
1239 5567 1355 5638 jam
1399 5574 1704 5623 tractamus
1753 5567 1984 5621 multam

398 5651 747 5708 habentcum
777 5656 1104 5728 praecedenti
1131 5661 1346 5732 psalmo
1371 5659 1818 5733 discrepantiam.
1851 5657 1988 5713 Nam

395 5736 490 5798 ille
519 5744 740 5815 quidem
789 5763 886 5815 per
931 5748 1138 5825 Moysis
1181 5753 1512 5818 orationem,
1558 5761 1862 5808 extremam
1895 5749 1992 5808 Ju-

469 5896 510 5928 “
554 5895 573 5949 1
607 5897 733 5954 Cor.
782 5917 836 5961 ι.
871 5899 960 5956 24.
1041 5905 1084 5938 ⁸⁸
1124 5904 1268 5960 Psal.
1309 5919 1452 5968 XLIV,
1487 5907 1541 5962 3.

2178 5103 2232 5157 Ὀ
2257 5101 2554 5157 κατοικιῖκν⁵
2569 5103 2909 5172 ἑνβοηθείᾳ
2930 5102 3040 5158 τοῦ
3067 5103 3375 5172 Ὑψίστου,
3392 5102 3463 5156 ἐν
3483 5104 3687 5173 σκέπῃ

2091 5195 2200 5251 τοῦ
2230 5194 2378 5249 Θεοῦ
2409 5194 2516 5250 τοῦ
2561 5195 2826 5266 οὐρανοῦ
2863 5194 3322 5263 αὑλισθήσεται.
3361 5194 3686 5270 Ἀνεπίγρα-

2095 5305 2194 5357 φος
2217 5289 2246 5341 ὁ
2267 5287 2501 5358 ψαλμός.
2522 5289 2750 5359 Μήποτε
2779 5286 2836 5340 δὲ
2858 5285 2981 5340 οὔτε
3001 5286 3216 5358 ψαλμδς
3239 5287 3519 5358 τυγχάνει,
3547 5288 3685 5343 ἀλλά

2093 5398 2179 5444 τις
2209 5378 2517 5452 προφητεία
2550 5378 2886 5450 βαθυτέρους
2938 5377 3268 5451 περιέχουσα
3313 5378 3507 5448 λόγους
3553 5380 3684 5452 περὶ⁵

2093 5473 2331 5546 Χριστοῦ
2358 5472 2588 5528 καὶτῶν
2622 5473 2681 5524 ἐν
2737 5469 2887 5543 αὐτῷ
2918 5469 3347 5542 τελειουμένων;
3385 5472 3592 5544 Πολλὴν
3624 5472 3685 5526 δὲ

2099 5567 2458 5639 ἀσυμφωνίαν
2503 5565 2616 5637 ἔχει
2642 5564 2712 5618 τά
2750 5564 3087 5636 προκείμενα
3122 5563 3261 5637 πρὸς
3299 5563 3390 5618 τὸν
3426 5565 3686 5635 ἀνωτέρω

2098 5659 2312 5730 ψαλμὸν
2351 5658 2452 5730 τὴν
2495 5655 2834 5712 ἀκολουθίαν.
2879 5656 2938 5710 ’0
2988 5657 3087 5728 μὲν
3131 5657 3240 5729 γὰρ
3291 5657 3393 5729 τὴν
3445 5657 3686 5730 ἐσχάτην

2105 5751 2376 5823 ἀποϐολὴν
2432 5749 2524 5804 τοῦ
2567 5749 2835 5805 Ἰουδαίων
2872 5748 3057 5814 ἔθνους
3113 5749 3201 5804 διὰ
3253 5751 3354 5820 τῆς
3401 5749 3684 5816 Μωῦσέως
