4074 6408
376 505 509 563 li“

1503 500 2009 565 COMMENTARIA
2042 497 2110 554 IN
2148 498 2494 558 PSALMOS.

3485 499 3628 554 “£2

376 623 689 695 προσευχῆς
716 624 1028 688 ἐιθέσπιζεν⁸
1064 626 1093 678 6
1134 624 1191 677 δὲ
1224 625 1414 698 παρὼν
1447 627 1574 691 τούς
1607 627 1823 696 ἀγῶνας
1857 628 1940 679 καλ

2055 622 2227 677 daicaa
2271 622 2450 693 gentis
2497 618 2860 690 abjectionem
2915 617 3346 683 vaticinabatur;
3377 616 3464 674 hic
3497 633 3629 688 vero

374 715 445 768 τὰ
476 717 803 788 πειρατήρια
830 715 923 768 τοῦ
953 715 1093 770 κατὰ
1124 716 1343 787 Κύριονι
1365 718 1736 788 τελειουμένου
1773 717 1956 786 περιέ-

375 823 487 876 χειο
527 807 663 861 ἀλλὰ
695 807 791 860 καὶ¹
823 808 987 861 αὐτοῦ
1021 806 1116 859 τοῦ
1149 809 1404 878 Σωτῆρος
1456 809 1612 880 ἡμῶν
1657 810 1748 862 τὸν
1787 810 1844 861 ὲν
1885 811 1952 880 τῇ

373 897 568 968 ἐρήμῳ
609 899 914 970 πειρασμὸν
943 899 1311 970 προφητεύει,
1341 902 1429 952 ὅτε
1460 901 1668 972 ἀνήχθη
1702 902 1810 954 ὐπὸ
1857 901 1964 955 τοῦ

373 987 689 1058 Πνεύματος
719 991 798 1053 είς
828 991 926 1062 τὴν
952 990 1155 1064 ἔρημον
1189 991 1550 1062 πειρασθῆναι
1577 994 1682 1046 ὑπὸ
1710 993 1803 1046 τοῦ
1835 993 1952 1047 δια-

371 1076 550 1143 ϐόλου,
579 1079 673 1134 καὶ
699 1080 797 1152 τὴν
827 1082 918 1134 ἐπὶ
949 1084 1082 1136 πᾶσι
1110 1083 1265 1154 νίκην
1293 1085 1476 1148 αὐτοῦ.
1505 1085 1568 1137 Τί
1587 1085 1650 1155 δὴ
1678 1082 1771 1140 οῦν
1790 1104 1952 1157 φησιν

368 1166 400 1220 6
435 1172 768 1242 προφητικὸς
799 1172 987 1242 λόγος;
1027 1176 1084 1226 Ὁ
1111 1174 1209 1244 μὲν
1243 1177 1506 1248 πρότερος
1535 1177 1662 1241 λαὸς
1686 1180 1714 1232 ό
1738 1177 1827 1231 διὰ
1855 1179 1953 1248 τῆς

371 1262 791 1333 προηγουμένης
824 1264 1101 1327 Μωύσέως
1135 1255 1448 1340 προσευχῆς
1470 1268 1954 1339 ἀποκλαυσὰμενος

368 1349 624 1418 ὁμολογεῖ
648 1353 895 1421 φάσκων,
917 1355 1036 1408 Ὅτι
1062 1347 1419 1426 ὲξελίπομεν
1443 1358 1514 1410 ἐν
1534 1357 1608 1426 τῇ
1634 1357 1780 1428 ὀργῇ
1811 1374 1948 1423 σου,

369 1441 462 1494 καὶ
493 1440 561 1494 τὰ
590 1441 773 1508 λοιπὰ,
808 1446 907 1498 ὅσα
934 1447 1187 1518 ἐδηλοῦτο
1219 1448 1306 1502 διὰ
1326 1437 1444 1501 ’τῶν
1468 1450 1856 1519 ἐμφερομένων
1877 1466 1888 1476 ·
1922 1451 1952 1503 6

367 1531 426 1584 δὲ
460 1531 669 1601 μέλλων
700 1536 1063 1607 συστήσεσθαι
1097 1539 1215 1608 μετ’
1244 1540 1450 1593 ἐκεῖνον
1481 1537 1557 1609 τῷ
1587 1539 1706 1610 Θεῴ
1734 1539 1823 1593 διὰ
1854 1539 1952 1593 τοῦ

367 1622 604 1692 Χριστοῦ
633 1622 780 1690 λαὸς,
816 1626 910 1679 ἐπὶ
951 1629 1017 1700 τῇ
1061 1627 1282 1700 βοηθείᾳ
1310 1629 1406 1682 τοῦ
1461 1628 1717 1698 Ὑψίστου
1763 1645 1950 1682 πεποι-

367 1710 496 1777 θὼς,
524 1714 620 1767 καὶ
648 1714 734 1768 ἀεὶ
777 1716 836 1770 ὲν
867 1716 1003 1789 αὐτῇ
1037 1718 1330 1783 κατοικῶν,
1363 1719 1640 1791 ἀτάραχος
1675 1721 1770 1774 καὶ
1809 1721 1946 1774 ἀσά-

365 1801 553 1868 λευτος
579 1805 856 1877 διαμένει·
903 1809 980 1874 ὡς
1014 1808 1110 1874 ἂν,
1146 1811 1252 1864 ὑπὸ
1277 1810 1375 1883 τὴν
1415 1811 1624 1884 σκέπην
1675 1812 1768 1865 τοῦ
1812 1813 1952 1867 Θεοῦ·

364 1893 736 1971 αὐλιζόμενος,
767 1898 956 1952 οὐδένα
986 1917 1046 1953 τε
1090 1900 1199 1954 τῶν
1241 1900 1564 1973 πειρασμῶν
1613 1903 1949 1974 ἐπιστραφή-

365 1998 538 2049 σεται,
569 1985 682 2039 ἀλλ’
704 1987 788 2058 ἐφ’
812 1989 1026 2062 ἑκάστῳ
1056 1993 1171 2063 ὲρεί
1189 1991 1268 2062 τῷ
1295 1992 1484 2063 Κυρίῳ
1501 2009 1514 2023 ·
1551 1993 1944 2062 Ἀντιλήπτωρ

355 2089 478 2141 μου
509 2073 574 2127 εἷ·
620 2076 718 2130 καί
750 2082 1079 2150 καταφυγή
1104 2098 1244 2151 μου,
1293 2084 1326 2135 ό
1377 2083 1521 2148 Θεός
1547 2100 1666 2152 μου
1686 2121 1701 2147 ,
1753 2083 1943 2137 ἐλπιῶ

359 2163 690 2222 ἐπτεαὺτόν.
734 2169 880 2224 ’Λντὶ
917 2171 974 2225 δὲ
1011 2171 1127 2236 τοῦ,
1163 2173 1216 2226 Ὁ
1271 2173 1560 2228 κατοικῶν
1593 2175 1665 2228 ἐν
1688 2175 1944 2242 βοηθείᾳ

360 2257 472 2312 τοῦ
513 2258 816 2329 Ὑψίστου,
839 2263 868 2315 6
914 2264 1014 2335 μὲν
1048 2265 1366 2336 Σύμμαχος,
1406 2267 1464 2320 '0
1499 2267 1790 2321 κατοικῶν
1821 2267 1941 2322 ὑπὸ

359 2349 601 2419 σκέπην
629 2351 738 2406 τοῦ
765 2353 1047 2422 Ὑψίστου
1068 2373 1082 2386 ·
1116 2357 1146 2408 6
1173 2356 1229 2410 δὲ
1259 2357 1510 2421 Ἀκύλας,
1535 2359 1629 2411 καὶ
1653 2361 1684 2428 ἠ
1719 2358 1940 2430 πέμπτη

359 2439 600 2507 ἔκδυσις,
641 2442 695 2496 Ὁ
738 2445 1076 2516 καθήμενος
1127 2447 1198 2502 ἐν
1248 2450 1575 2519 ἀποκρύφῳ
1635 2451 1939 2519 Ὑψίστου,

359 2535 724 2592 ἑκδεδὼκασιο
761 2541 1119 2612 σημαίνοντος
1166 2543 1260 2596 τοῦ
1307 2544 1466 2613 λόγου
1514 2543 1608 2597 τοῦ
1641 2544 1782 2599 κατὰ
1808 2546 1940 2599 Θεὸν

358 2629 419 2682 ὲν
439 2629 660 2701 Χριστῷ
683 2632 1086 2712 ἀγωνιζομένου
1111 2635 1172 2688 τὸ
1191 2636 1403 2708 ἑδραῖον
1428 2637 1521 2690 καὶ
1543 2639 1812 2708 ἀπτόητον
1840 2639 1953 2710 τῆς

356 2719 633 2787 διανοίας,
672 2723 767 2776 κα)⁹
800 2724 876 2788 ὡς
931 2726 989 2778 ὲν
1043 2726 1346 2798 ἀποκρύφῳ
1397 2729 1498 2798 τῆς
1545 2728 1708 2781 αὐτοῦ
1759 2727 1939 2799 ψυχῆς

357 2807 566 2874 ἔνοικος
624 2813 979 2879 ὲγκαθὲζεται
1009 2819 1103 2870 καὶ
1151 2816 1344 2889 βοηθὸς
1387 2819 1547 2882 αὐτὸς
1588 2821 1617 2872 ό
1651 2820 1931 2890 ⁸Υψιστος.

358 2902 528 2982 Πάλιν
554 2903 611 2958 δὲ
641 2905 762 2958 ἀντὶ
793 2906 911 2973 τοῦ,
955 2908 1058 2962 Ἐν
1084 2909 1285 2978 σκέπῃ
1316 2911 1422 2964 τοῦ
1455 2912 1603 2966 Θεοῦ
1635 2911 1741 2965 τοῦ
1763 2915 1937 2980 οὐρα-

356 2981 970 3064 νοῦ-ῗιύλισθήσεται,
1023 3001 1052 3053 6
1109 3001 1206 3071 μὲν
1249 3001 1503 3067 Ἀκύλας,
1580 3003 1679 3057 Ἐν
1739 3004 1936 3074 σκέπῃ

358 3086 569 3141 ἱκανοῦ
589 3088 1026 3157 αὐλισθήσεται
1045 3109 1058 3122 ο
1089 3093 1123 3145 6
1151 3093 1208 3145 δὲ
1238 3093 1554 3164 Σύμμαχος,
1593 3094 1729 3148 Ὑπὸ
1754 3096 1938 3150 σκιὰν

355 3176 464 3231 τοῦ
509 3179 724 3234 ἱκανοῦ
755 3184 1158 3250 νυκτερεύων,
1192 3187 1498 3261 εἰρήκασιν.
1560 3185 1719 3241 Ἀλλὰ
1764 3189 1938 3242 ταῦτα

359 3269 459 3352 μὲν
492 3271 570 3335 ὡς
592 3274 650 3326 ὲν
682 3276 990 3346 προοιμίοις
1020 3277 1081 3329 τὸ
1103 3277 1254 3345 ἆγιον
1278 3277 1502 3349 Πνεῦμα
1526 3278 1806 3352 διελάλησε
1823 3297 1838 3311 ·
1865 3281 1941 3334 τὰ

353 3351 398 3417 δ⁴
426 3363 552 3436 ἑξῆς
596 3341 745 3438 αὐτῷ
795 3341 1109 3440 προσφωνεῖ
1126 3341 1262 3438 ,καὶ
1291 3371 1382 3423 τὸν
1427 3341 1606 3426 πάντα
1649 3341 1806 3443 λόγον
1854 3376 1934 3439 είς
1961 3341 2018 3406 α-

351 3455 519 3510 αὐτοῦ
555 3457 848 3528 πρόσωπον
885 3461 1253 3528 ἀποτείνεται,
1289 3463 1410 3534 ἦτοι
1453 3464 1548 3518 τοῦ
1592 3464 1670 3537 τῷ
1714 3466 1935 3538 Χριστῷ

353 3548 758 3620 ἀγωνιζομένου
815 3553 909 3605 καὶ
964 3552 1324 3624 νικῶντος,ἢ
1377 3554 1471 3607 καὶ
1519 3553 1613 3608 τοῦ
1654 3555 1793 3609 κατὰ
1842 3554 1934 3608 τὸν

352 3628 580 3723 Σωτῆρα
607 3642 900 3713 νοουμένου
948 3644 1271 3716 ἀνθρώπου,
1303 3638 1347 3714 ᾧ
1380 3647 1536 3718 δίκην
1575 3649 1808 3722 ὀργάνου
1843 3647 1935 3700 κέ-

351 3750 522 3804 χρητο
552 3735 581 3787 6
616 3732 798 3806 προὼν
835 3734 931 3797 τοῦ
969 3735 1106 3788 Θεοῦ
1137 3737 1307 3806 Λόγος
1328 3754 1342 3768 ο
1387 3740 1482 3791 καὶ
1527 3740 1636 3810 γὰρ
1670 3756 1842 3802 ουτος,
1873 3739 1936 3791 ὲν

353 3823 576 3897 βοηθείᾳ
627 3825 898 3884 κατοικῶν
947 3825 1043 3880 τοῦ
1079 3827 1356 3898 Ὑψίστου,
1407 3829 1512 3883 ὐπὸ
1565 3831 1664 3901 τὴν
1722 3829 1936 3901 σκέπην

350 3901 600 3986 ηὐλίζετο
627 3916 720 3969 τοῦ
764 3917 1098 3982 ἐνοικοῦντος
1151 3917 1301 3989 αὐτῷ
1354 3918 1488 3973 Θεοῦ
1535 3906 1708 3988 Λόγου
1731 3960 1747 3986 ,
1807 3921 1930 3972 ἐπι-

352 4008 667 4074 σκιάζοντος
701 4009 849 4080 αὐτῷ
880 4012 948 4082 τῇ
981 4008 1145 4063 αὐτοῦ
1181 4009 1416 4081 θεότητι,
1476 4007 1589 4081 εἶχέ
1619 4029 1677 4064 τε
1714 4010 1932 4082 ἀντιλή-

351 4107 529 4171 πτορα
571 4099 666 4153 καὶ
715 4101 1038 4173 καταφυγὴν
1061 4101 1157 4155 καὶ
1205 4101 1425 4166 ἐλπίδας
1453 4103 1619 4158 αὐτοῦ
1667 4104 1766 4175 τὴν
1795 4104 1930 4175 πλη-

353 4186 552 4258 ροῦσαν
603 4190 764 4243 αὐτὸν
803 4191 896 4244 τοῦ
954 4185 1100 4245 Θεοῦ
1121 4191 1295 4262 Λόγου
1341 4192 1590 4265 δύναμιν.
1623 4195 1833 4266 Ὥσπερ
1871 4194 1936 4248 δὲ

351 4278 512 4350 σῶμα
553 4281 791 4353 Χριστοῦ
824 4282 885 4336 τὸ
918 4282 1258 4356 ἀνθρώπειον
1304 4284 1469 4340 αὐτοῦ
1499 4286 1730 4358 ὄργανον
1762 4289 1932 4359 ἐχρη-

351 4374 600 4444 μάτισεν,
619 4374 763 4428 οὕτω
783 4375 877 4428 καὶ
903 4377 932 4430 ὁ
960 4377 1090 4441 λαὸς
1108 4377 1273 4432 αὐτοῦ
1302 4379 1541 4451 Χριστοῦ
1576 4379 1731 4450 σῶμα
1763 4396 1931 4451 προσ-

351 4465 641 4537 ηγόρευται
675 4467 781 4519 ὐπὸ
799 4467 894 4521 τοῦ
932 4468 1076 4540 ιεροῦ
1094 4469 1415 4523 Ἀποστόλου
1438 4471 1712 4540 λέγοντος-ο
1747 4470 1936 4541 Ὑμεῖς

349 4552 417 4609 δέ
437 4556 578 4610 ἐστε
610 4556 781 4626 σῶμα
808 4557 1087 4625 Χριστοῦ,
1123 4561 1221 4614 καὶ
1249 4559 1406 4630 μέλη
1432 4560 1501 4614 ἐκ
1520 4559 1765 4630 μέρους.

2056 714 2358 768 certamina
2392 721 2445 768 et
2480 712 2813 767 tentationes
2838 711 2958 782 ejus
2989 712 3083 782 qui
3115 712 3415 768 secundum
3446 711 3628 765 Domi-

2056 821 2185 859 num
2221 813 2656 868 consummatur,
2687 802 3106 873 complectitur;
3149 803 3259 856 imo
3301 805 3463 856 etiam
3509 799 3628 853 Sal-

2053 896 2262 951 vatoris
2299 897 2475 951 nostri
2531 895 2587 949 in
2635 897 2854 950 deserto
2885 894 3242 949 tentationem
3278 891 3626 962 praenuntiat,

2055 989 2276 1060 quando
2319 995 2638 1056 assumptus
2694 992 2780 1040 est
2809 1000 2840 1038 a
2884 985 3092 1056 Spiritu
3142 985 3196 1038 in
3239 983 3534 1046 desertum,
3571 991 3629 1035 ut
3710 970 3717 975 ’

2054 1086 2361 1136 tentaretur
2392 1092 2421 1130 a
2457 1076 2696 1140 diabolo,
2736 1075 3092 1146 praedicitque
3124 1074 3243 1143 ejus
3275 1075 3327 1128 iu
3371 1073 3628 1128 omnibus

2054 1171 2367 1226 victoriam.
2433 1167 2574 1235 Quid
2638 1169 2824 1238 itaque
2878 1167 2956 1220 ait
3007 1165 3364 1237 propheticus
3412 1163 3628 1220 sermo?

2053 1262 2210 1318 Prior
2259 1261 2479 1332 quidem
2521 1259 2776 1330 populus,
2827 1257 2920 1328 qui
2957 1259 3010 1311 in
3059 1257 3387 1328 praecedenti
3422 1254 3630 1327 Moysis

2053 1355 2304 1410 oratione
2345 1351 2613 1423 plorabat,
2667 1351 2784 1406 hinc
2826 1348 3210 1413 conﬁtebatur,
3248 1348 3390 1414 Quia
3431 1346 3628 1416 defecis-

2053 1463 2170 1500 mus
2196 1446 2250 1499 in
2279 1447 2363 1498 ira
2393 1457 2507 1509 tua,
2535 1451 2596 1497 et
2618 1452 2836 1506 extera,
2872 1457 2993 1513 qua:
3018 1441 3220 1496 ibidem
3246 1441 3624 1504 declarantur;

2051 1538 2284 1610 papulus
2327 1553 2458 1591 vero
2503 1537 2597 1606 qui
2637 1535 2938 1606 pastillum
2980 1549 3009 1587 a
3048 1533 3159 1589 Deo
3207 1549 3304 1603 per
3346 1531 3630 1586 Christum

2050 1628 2667 1691 coustituendus'erat,
2717 1624 2995 1695 adjutorio
3038 1624 3304 1679 Altissimi
3359 1623 3629 1691 conﬁsus,

2054 1722 2110 1776 in
2141 1722 2372 1792 ipsoque
2398 1735 2621 1788 semper
2643 1719 2922 1782 habitans,
2956 1716 3372 1787 perturbatione
3399 1723 3453 1771 et
3475 1731 3630 1773 coms-

2053 1815 2294 1869 motione
2325 1828 2534 1867 vacuus
2577 1820 2792 1878 manet;
2833 1821 3018 1880 utpote
3041 1809 3134 1880 qui
3179 1809 3282 1865 sub
3314 1816 3628 1878 legumento

2050 1905 2143 1961 Dei
2174 1906 2332 1960 sedes
2366 1905 2582 1969 habeat,
2640 1903 3115 1970 teutationumque
3163 1901 3367 1952 nullam
3402 1912 3626 1953 aversa-

1975 1979 2232 2063 Bhitut,
2283 1997 2379 2053 sed
2429 1997 2488 2050 in
2550 1995 2778 2065 singulis
2827 1993 2972 2048 dicet
3030 1991 3259 2044 Domino
3291 2007 3306 2044 :
3343 1989 3628 2059 Susceptor

2047 2107 2192 2146 meus
2232 2107 2284 2144 es
2311 2099 2366 2143 tu
2397 2100 2445 2142 et
2481 2087 2740 2158 refugium
2795 2101 2988 2149 meum,
3020 2082 3160 2137 Deus
3199 2098 3367 2144 meus,
3403 2080 3624 2149 sperabo

2047 2182 2100 2235 in
2153 2197 2292 2235 eum.
2329 2179 2437 2233 Pro
2472 2178 2566 2233 illo
2606 2183 2808 2242 autem,
2857 2174 2961 2241 Qui
3011 2173 3215 2226 habitat
3253 2172 3308 2224 in
3351 2170 3624 2240 adjutorio

2044 2272 2331 2338 Aitissimi,
2371 2270 2756 2342 Symmachus,
2810 2267 2916 2334 Qui
2950 2266 3156 2320 habitat
3200 2264 3294 2319 sub
3328 2271 3621 2334 tegumenta

2043 2362 2347 2425 Altissimi;
2392 2361 2588 2432 Aquila
2637 2377 2766 2416 vero
2809 2367 2862 2414 et
2897 2361 3088 2429 quinta
3115 2356 3304 2419 editio,
3341 2356 3446 2422 Qui
3479 2356 3618 2409 sedet

2043 2455 2098 2508 in
2129 2452 2434 2507 abscondita
2471 2452 2759 2515 Altissimi,
2795 2451 3106 2508 ediderunt.
3129 2449 3250 2515 Quo
3285 2448 3622 2519 signiﬁcatur

2042 2545 2181 2614 ejus,
2235 2545 2326 2614 qui
2375 2544 2680 2599 secundum
2733 2543 2902 2597 Deum
2954 2543 3009 2596 in
3051 2542 3272 2596 Christo
3313 2548 3618 2605 concertat,

2041 2636 2272 2691 ﬁrmitas
2326 2643 2380 2690 et
2423 2635 2830 2706 imperterritus
2880 2633 3118 2697 animus,
3167 2640 3228 2687 et-
3253 2633 3528 2702 quomodo
3563 2631 3621 2686 in

2041 2741 2260 2782 recessu
2294 2727 2488 2781 anima:
2514 2726 2634 2796 ejus
2669 2725 2877 2780 habitet
2909 2724 3206 2792 sedeatque
3251 2723 3471 2790 adjutor
3496 2722 3618 2790 ejus

2039 2817 2381 2874 Altissimus.
2415 2817 2787 2888 Rursumque,
2817 2831 2916 2887 pro
2943 2815 3056 2878 illo,
3087 2813 3155 2866 In
3205 2823 3496 2884 tegumenta
3517 2813 3619 2868 Dei

2039 2909 2160 2964 caeli
2178 2909 2613 2976 commorabitur,
2637 2908 2856 2978 Aquila,
2883 2905 2951 2960 In
2981 2915 3271 2976 tegumenta
3295 2904 3450 2974 {artis
3474 2921 3620 2958 eam.

2039 3000 2373 3063 morabitur;
2426 2999 2790 3070 Symmachus
2843 3005 3046 3061 autem,
3099 2994 3207 3048 Sub
3241 2994 3427 3048 umbra
3457 2995 3616 3064 fortis

2035 3099 2371 3158 pernoctaus,
2398 3089 2743 3159 interpretati
2769 3097 2916 3142 sunt.
2945 3085 3053 3141 Sed
3077 3086 3192 3141 haec
3215 3086 3436 3156 quidem
3457 3087 3615 3156 quasi

2039 3186 2093 3240 in
2127 3185 2412 3255 prooemiis
2445 3183 2686 3254 Spiritus
2722 3191 2946 3238 sanctus
2980 3182 3196 3235 locutus
3222 3190 3304 3236 est
3335 3200 3347 3235 :
3379 3196 3500 3250 quae
3528 3197 3616 3235 se-

2040 3284 2286 3347 quuntur
2313 3285 2494 3331 autem
2537 3275 2604 3329 ad
2655 3290 2779 3330 eum
2822 3274 3030 3343 dirigit,
3073 3282 3360 3344 totumque
3405 3291 3617 3330 scruto-

2036 3384 2160 3424 nem
2184 3367 2262 3423 ad:
2281 3367 2402 3439 ejus
2440 3382 2732 3438 personam
2766 3366 2954 3431 refert,
2986 3366 3081 3442 qui
3109 3382 3208 3437 pro
3232 3366 3454 3422 Christo
3483 3382 3615 3421 con-

2035 3467 2212 3516 certat
2239 3475 2304 3515 ac
2341 3467 2603 3532 superat;
2657 3459 2772 3514 sive
2810 3459 2970 3514 etiam
3014 3459 3081 3512 ad
3115 3459 3390 3513 hominem
3422 3460 3516 3529 qui
3557 3459 3612 3514 in

2038 3551 2324 3607 Salvatore
2376 3567 2500 3607 esse
2546 3551 2893 3620 intelligitur,
2952 3565 3064 3619 quo
3106 3565 3206 3604 ceu
3250 3551 3613 3605 instrumento

2035 3659 2194 3700 usum
2235 3650 2320 3698 est
2345 3642 2436 3698 Dei
2468 3640 2707 3698 Verbum
2742 3644 2889 3712 quod
2936 3643 3366 3715 praeexsistebat.
3398 3641 3613 3697 Etenim

2034 3734 2126 3788 itle
2154 3732 2208 3787 in
2239 3732 2516 3802 adjutorio
2549 3732 2816 3789 Altissimi
2846 3733 3124 3798 habitans,
3169 3735 3272 3790 sub
3301 3743 3614 3804 legumento

2035 3823 2396 3885 inhabitantis
2447 3823 2502 3877 in
2551 3840 2610 3879 se
2652 3823 2745 3878 Dei
2787 3823 2952 3880 Verbi
3004 3827 3466 3892 commorabatur,
3519 3826 3614 3896 qui

2033 3916 2234 3971 deitate
2266 3929 2366 3968 sua
2406 3915 2584 3983 ipsum
2630 3916 3004 3984 inumbrabat;
3037 3927 3198 3987 atque
3227 3919 3274 3972 is
3305 3919 3360 3972 in
3408 3933 3601 3974 susce-

2033 4017 2266 4080 ptorem,
2288 4005 2568 4077 refugium
2600 4014 2654 4060 et
2678 4021 2827 4077 spem
2859 4009 3095 4064 habebat
3126 4012 3300 4080 ipsam
3330 4010 3422 4064 Dei
3444 4010 3612 4068 Verbi

2031 4101 2310 4164 uirtutem,
2367 4113 2477 4170 qua
2536 4099 2869 4169 replebatur.
2918 4100 3384 4170 Quemadmodum
3430 4113 3612 4159 autem

2031 4183 2472 4260 Christi'eorpus
2507 4191 2806 4244 humanum
2837 4191 2995 4248 illius.
3012 4192 3434 4246 instrumentum
3461 4201 3609 4261 erat;

2033 4282 2114 4338 sic
2137 4289 2192 4338 et
2219 4282 2455 4353 populus
2488 4281 2631 4350 ejus,
2659 4280 2867 4337 Christi
2913 4297 3118 4352 corpus
3166 4298 3197 4336 a
3241 4292 3433 4338 sancto
3461 4284 3609 4354 Apo-

2033 4375 2176 4429 stolo
2223 4381 2452 4428 vocatur
2499 4374 2586 4429 his
2619 4374 2842 4428 verbis:
2885 4373 3200 4429 Vasautem
3249 4377 3373 4429 estis
3422 4391 3609 4444 corpus

2033 4465 2256 4532 Christi,
2289 4475 2339 4520 et
2369 4464 2606 4519 membra
2636 4479 2701 4520 ea:
2725 4473 2876 4535 parte
2899 4465 2965 4520 ‘-’.

420 4671 662 4736 Εἰκότως
700 4673 988 4744 τοιγαροῦν
1015 4672 1086 4727 τὰ
1117 4675 1175 4736 ὲν
1210 4678 1324 4739 τοῖς
1363 4677 1742 4751 προκειμένοις
1770 4675 1928 4744 λεγό-

2105 4672 2299 4729 Merito
2330 4673 2500 4744 igitur
2530 4686 2653 4743 quae
2703 4671 2794 4727 hie
2822 4674 2996 4744 quasi
3031 4672 3100 4730 de
3132 4687 3363 4752 corpore
3401 4669 3608 4727 Christi

351 4779 492 4843 μενα
521 4763 596 4827 ὡς
630 4765 760 4836 περὶ
802 4764 896 4818 τοῦ
953 4763 1204 4836 σώματος
1234 4768 1471 4839 Χριστοῦ
1513 4769 1818 4841 ἁναφέροιτ⁹
1861 4769 1928 4822 ἂν

351 4853 445 4905 καὶ
477 4855 556 4917 είς
588 4854 649 4907 τὸ
697 4854 1032 4927 ἀνθρώπειον
1069 4857 1164 4910 τοῦ
1207 4859 1458 4932 Σωτῆρος
1501 4861 1678 4932 ἡμῶν,
1708 4861 1800 4915 καὶ
1849 4864 1930 4935 είς

349 4943 440 5008 τὸν
485 4946 543 4997 ὲν
598 4944 748 5016 αὐτῷ
788 4945 1184 5018 τελειούμενον.
1224 4944 1327 5003 Ὧν
1357 4950 1530 5016 οὕτως
1585 4953 1928 5026 εἰρημένων,

349 5033 476 5106 ἑξῆς
506 5037 534 5089 ὁ
561 5036 716 5105 λόγος
740 5037 1073 5111 διεξέρχεται
1099 5042 1198 5095 ὅσα
1232 5042 1384 5114 παρὰ
1413 5043 1506 5097 τοῦ
1536 5046 1670 5099 Θεοῦ
1697 5047 1930 5120 ὑπάρξει

349 5131 428 5204 τῷ
479 5133 822 5190 κατοικοῦντι
855 5138 911 5190 ἐν
957 5135 1177 5209 βοηθείᾳ
1218 5137 1313 5191 τοῦ
1354 5139 1607 5208 Ὑψίστου
1637 5143 1730 5194 καὶ
1780 5143 1931 5197 αὐλι-

350 5221 564 5296 ζομένῳ
597 5225 702 5279 ὑπὸ
749 5226 848 5298 τὴν
892 5228 1101 5300 σκέπην
1147 5229 1240 5283 τοῦ
1275 5229 1432 5294 Θεοῦ,
1487 5230 1697 5300 λέγοντί
1754 5252 1814 5287 τε
1852 5235 1930 5307 τῷ

349 5317 571 5390 Κυρίῳ’
617 5319 1007 5388 Ἀντιλήπτωρ
1050 5341 1169 5400 μου
1198 5319 1261 5377 εἷ
1298 5323 1396 5376 καί
1436 5326 1746 5396 καταφυγή
1784 5347 1925 5396 μου,

350 5412 386 5466 ὁ
417 5413 560 5477 Θεός
577 5428 720 5480 μου,
743 5413 842 5469 καὶ
873 5412 1057 5475 ἐλπιῶ
1085 5415 1179 5468 ἐπ’
1207 5417 1412 5475 αὐτόν.
1444 5417 1578 5471 Τίνα
1611 5418 1671 5471 δέ.
1704 5421 1819 5472 ἐστι
1858 5419 1927 5474 τὰ

351 5501 482 5574 περὶ
508 5501 670 5558 αὐτὸν
708 5503 1064 5574 γενησόμενα,
1097 5506 1383 5576 καταλέγει
1425 5506 1514 5561 διὰ
1563 5507 1672 5562 τῶν
1723 5511 1926 5582 ἑπομέ-

351 5610 457 5648 νων
476 5611 490 5625 ο
511 5595 639 5648 Ὅτι
663 5595 846 5663 αὐτὸς
863 5599 1118 5666 ῥύσεταί
1135 5619 1212 5672 με
1231 5602 1298 5656 ἐκ
1321 5602 1574 5673 παγίδος
1603 5605 1922 5673 θηρευτῶν,

353 5681 470 5736 ἀπὸ
522 5687 710 5755 λόγου
756 5687 1157 5758 ταραχώδους.
1217 5693 1313 5747 Ἑν
1361 5694 1482 5761 τοῖς
1533 5697 1925 5766 μεταφρένοις

352 5777 537 5834 αὑτοῦ
587 5777 927 5838 ἐπισκιάσει
966 5800 1097 5852 σοι,
1153 5786 1251 5848 καὶ
1302 5787 1418 5844 ὑπὸ
1474 5788 1578 5857 τὰς
1631 5788 1927 5862 πτέρυγας

428 5930 472 5962 ⁸³
511 5931 538 5991 ιΔ
567 5933 692 5993 Cor.
731 5952 806 5994 xu
831 5979 847 5998 .
883 5939 982 5998 27-;

2035 4768 2316 4832 dic-untur,
2347 4767 2508 4823 etiam
2552 4767 2620 4822 ad
2659 4766 3052 4821 humanitatem
3098 4763 3398 4820 Salvatoris
3433 4765 3619 4820 nostri

2034 4861 2362 4924 referantur,
2395 4868 2558 4931 atque
2591 4860 2659 4915 ad
2688 4875 2814 4915 eum
2839 4859 2935 4930 qui
2964 4859 3019 4913 in
3045 4858 3165 4929 ipso
3193 4865 3608 4915 consummatus

2033 4964 2137 5013 est.
2184 4956 2317 5022 Quae
2364 4969 2488 5010 cum
2539 4955 2642 5010 hac
2694 4954 2909 5009 ratione
2960 4951 3108 5007 dicta
3159 4952 3290 5016 sint;
3342 4953 3615 5023 deinceps,

2033 5055 2345 5117 enarratur,
2383 5053 2587 5117 quanta
2627 5061 2658 5100 a
2691 5045 2802 5102 Deo
2838 5043 3169 5100 conferenda
3203 5043 3327 5099 sint-
3353 5043 3406 5096 in
3456 5028 3603 5106 eum,

2031 5141 2124 5212 qui
2147 5141 2356 5196 habitat
2387 5141 2442 5194 in
2471 5139 2747 5209 adjutorio
2769 5137 3062 5200 Altissimi,
3085 5144 3140 5190 et
3166 5136 3270 5190 sub
3293 5138 3606 5203 legumento

2033 5232 2126 5288 Dei
2163 5241 2560 5298 commoratur,
2595 5244 2660 5284 ac
2702 5229 2835 5284 dicit
2869 5228 3118 5295 Domino,
3149 5226 3430 5294 Susceptar
3459 5239 3604 5278 meus

2029 5341 2108 5388 es,
2136 5333 2187 5378 et
2210 5324 2468 5395 refugium
2501 5338 2696 5386 meum,
2736 5319 2877 5374 Deus
2911 5336 3076 5384 meus,
3115 5316 3334 5384 sperabo
3370 5319 3427 5370 in
3461 5332 3600 5371 eum.

2031 5414 2290 5482 Quaenam
2326 5426 2504 5471 autem
2545 5416 2622 5470 illi
2655 5413 2988 5470 conferenda
3018 5413 3129 5468 sint
3159 5413 3211 5464 in
3247 5407 3604 5480 sequentibus

2031 5515 2221 5562 narrat
2247 5527 2262 5564 :
2288 5538 2357 5548 —
2379 5507 2546 5564 Vsus.
2582 5507 2699 5562 5-9.
2729 5506 2993 5574 Quoniam
3025 5505 3133 5572 ipse
3162 5500 3403 5556 liberabit
3436 5516 3516 5554 me
3539 5499 3605 5556 de

2034 5598 2217 5669 laqueo
2249 5600 2566 5664 venantium,
2599 5609 2648 5654 et
2698 5617 2731 5654 α
2769 5599 2919 5654 verba
2953 5595 3271 5650 turbulento.
3309 5591 3376 5648 In
3413 5609 3607 5662 scapu-

2036 5691 2100 5745 lis
2135 5693 2244 5746 suis
2285 5691 2615 5751 obumbrabit
2647 5691 2764 5755 tibi,
2789 5701 2837 5746 et
2859 5689 2951 5745 sub
2990 5687 3170 5756 pennis
3198 5686 3311 5756 ejus
3343 5685 3598 5753 sperabis.

2037 5791 2197 5848 Scuta
2229 5787 2575 5846 circumdabit
2609 5796 2656 5843 te
2686 5787 2876 5842 veritas
2909 5785 3044 5854 ejus,
3091 5799 3194 5838 non
3221 5780 3424 5837 timebis
3463 5797 3494 5832 a
3533 5780 3609 5835 εἰς
