4074 6386
465 459 607 517 1145

1161 456 1432 511 EUSEBII
1471 455 1950 513 CESARIENSlS
1989 457 2138 515 OPP.
2184 457 2364 517 PARS
2402 457 2565 513 111-
2589 455 2999 513 EXEGETICA.

3570 459 3594 507 1
3610 461 3710 512 1M

462 585 611 625 more
637 580 914 632 nocturno,
953 587 984 622 a
1033 569 1235 640 sagitta
1275 570 1482 624 volante
1522 571 1577 624 in
1616 569 1722 636 die,
1765 589 1798 626 a
1827 573 2030 643 negotio

2135 571 2324 627 αὐτοῦ
2369 569 2614 637 ἐλπιεῖς.
2664 571 2864 637 Ὅπλῳ
2908 567 3205 622 κυκλώσει
3251 568 3327 621 ’σε
3379 569 3417 635 ἠ
3458 567 3711 636 ἀλήθεια

461 659 861 729 perambulante
888 662 944 713 in
971 661 1218 726 tenebris,
1251 677 1282 714 a
1311 663 1468 715 ruina
1503 672 1553 718 et
1583 662 1844 718 dwmonio
1873 666 2030 724 meri-

2135 662 2345 725 αὺτοῦ,
2372 664 2443 717 οὐ
2464 662 2778 732 φοϐηθήσῃ
2814 661 2931 715 ἀπὸ
2975 661 3163 728 φόϐου
3195 657 3565 725 νυκτερινοῦ,
3589 657 3712 714 ἀπὸ

459 750 646 806 diana.
675 752 875 805 Cadent
921 769 952 806 a
983 752 1147 806 latere
1184 761 1274 809 tuo
1313 753 1479 819 mille,
1520 765 1568 810 et
1597 756 1772 814 decem
1794 758 1966 812 millia
2001 775 2030 812 a

2135 753 2363 819 βέλους
2409 751 2738 821 πετομένου
2788 749 3012 820 ἡμέρας
3035 791 3050 813 ,
3092 749 3209 804 ἀπὸ
3261 747 3602 819 πράγματος
3641 749 3714 803 ἐν

459 842 662 902 dextris
709 846 836 906 tuis,
869 843 938 899 ad
987 853 1036 898 te
1085 855 1255 900 autem
1296 863 1399 902 non
1429 848 1884 918 appropinquabit.
1932 848 2031 903 Ve-

458 942 760 989 rumtamen
792 934 960 988 oculis
1009 934 1112 990 tuis
1146 935 1525 1000 considerabis,
1557 947 1605 991 et
1641 939 2034 992 retributionem

458 1033 792 1094 peccatorum
825 1022 1042 1080 videbis.
1077 1026 1341 1098 Quoniam
1377 1037 1431 1080 tu
1483 1043 1594 1094 spes
1634 1047 1772 1095 mea,
1817 1030 2028 1084 Altissi-

459 1131 604 1171 mum
630 1116 858 1184 posuisti
886 1118 1147 1186 refugium
1188 1127 1357 1174 tuum.
1390 1119 1630 1177 lnsultus
1678 1122 1942 1192 plurimos
1978 1123 2035 1178 in

458 1217 585 1258 eum
622 1204 738 1260 fore
779 1208 1126 1275 praenuntiat,
1161 1209 1254 1278 qui
1294 1210 1349 1263 in
1399 1211 1654 1266 vaticinio
1694 1217 2030 1268 enuntiatur.

457 1292 560 1348 Hic
595 1309 721 1350 vero
753 1310 1009 1364 perrarus
1045 1307 1162 1352 erat
1189 1307 1243 1354 et
1286 1299 1570 1365 mirabilis,
1612 1302 1670 1356 in
1713 1303 2036 1359 abscondito

455 1385 722 1441 Altissimi
765 1387 984 1454 sedens,
1039 1389 1142 1444 sub
1175 1389 1366 1445 umbra
1397 1391 1551 1448 fortis
1596 1408 1945 1450 commorans
1980 1403 2036 1451 et

460 1477 694 1532 Domino
745 1480 952 1546 dicens,
998 1481 1284 1552 Susceptor
1313 1500 1456 1539 meus
1487 1502 1541 1540 es
1571 1495 1628 1540 tu
1674 1497 1724 1542 et
1774 1489 2037 1558 refugium

457 1586 650 1638 meum,
673 1571 815 1626 Deus
837 1589 1002 1638 meus,
1031 1582 1080 1627 et
1101 1575 1319 1642 sperabo
1347 1577 1401 1629 in
1426 1593 1568 1641 eum;
1591 1579 1706 1635 sive
1736 1581 2035 1636 secundum

456 1662 735 1732 Aquilam,
765 1663 909 1719 Deus
941 1681 1117 1728 meus,
1151 1665 1412 1735 conﬁdam
1452 1669 1508 1722 in
1540 1669 1678 1734 illo;
1711 1679 1806 1726 aut
1834 1687 2034 1728 secun-

455 1752 585 1806 dum
631 1751 1041 1824 Symmachum,
1077 1754 1219 1810 Deus
1247 1773 1414 1823 meus,
1464 1768 1514 1814 et
1561 1757 1751 1814 bonam
1783 1761 2038 1831 fiduciam

457 1844 654 1898 habebo
706 1846 759 1901 in
810 1846 924 1901 illo.
967 1845 1242 1903 Adversus
1283 1864 1408 1904 eum
1450 1850 1638 1920 igitur,
1683 1854 1776 1923 qui
1817 1867 1883 1907 eo
1929 1866 2039 1922 quo

455 1930 663 1986 dictum
691 1939 776 1988 est
806 1933 966 1988 modo
992 1933 1048 1988 in
1080 1931 1172 1989 Dei
1206 1936 1408 1990 auxilio
1436 1940 1710 2008 repositus
1736 1947 1874 2005 erat,
1901 1941 2038 1996 insi-

454 2022 559 2078 diae
586 2025 832 2094 quaedam
852 2033 907 2081 et
933 2027 1343 2097 conjurationes
1381 2038 1766 2085 sexcentorum
1795 2031 2034 2087 hostium

455 2116 912 2172 insurrexerunt:
941 2134 1061 2188 qua:
1101 2120 1312 2176 scilicet
1343 2122 1521 2193 laquei
1542 2125 1880 2188 venantium,
1919 2140 2039 2181 ser-

452 2220 645 2262 mones
676 2206 1006 2275 turbulenti,
1060 2210 1227 2265 timor
1257 2221 1583 2277 nocturnus,
1617 2216 1813 2286 sagitta
1846 2218 2036 2277 volans

453 2301 510 2350 in
566 2294 677 2360 die,
710 2299 989 2368 negotium
1045 2302 1434 2370 perambulans
1497 2303 1553 2358 in
1588 2306 1830 2363 tenebris
1872 2309 2034 2364 ruina

454 2385 709 2442 daemonii
738 2389 1025 2444 meridiani
1046 2399 1252 2446 vocatae
1268 2401 1396 2448 sunt
1424 2413 1437 2448 :
1461 2395 1527 2449 ad
1552 2395 1666 2452 haec
1695 2413 1846 2464 vero,
1864 2400 2033 2460 millia

453 2487 508 2528 et
558 2473 745 2530 decem
793 2477 999 2545 millia;
1053 2479 1126 2533 ita
1175 2490 1236 2535 ut
1277 2483 1445 2540 millia
1491 2484 1801 2553 sinistram;
1845 2488 2033 2545 decem

452 2578 585 2619 vero
633 2565 803 2620 millia
853 2566 1132 2624 dexteram
1166 2571 1286 2640 ejus
1335 2583 1689 2643 occuparent.
1725 2574 1870 2634 ,Nam
1917 2577 2034 2634 haec

452 2655 664 2712 dextris
711 2659 983 2728 partibus,
1016 2671 1202 2732 utpote
1235 2663 1566 2722 firmioribus
1605 2675 1659 2722 et
1689 2667 2030 2739 fortioribus,

451 2749 873 2807 insidiabantur.
922 2753 1012 2808 Ait
1050 2769 1176 2811 vero
1206 2756 1418 2814 nullum
1459 2759 1654 2814 horum
1697 2777 1820 2816 eum
1853 2763 1948 2833 qui
1974 2764 2032 2818 in

450 2839 712 2896 vaticinio
747 2841 922 2900 fertur
972 2845 1238 2917 attingere
1289 2864 1469 2919 posse.
1518 2849 1788 2908 Praeterea
1829 2855 2032 2910 dicitur

448 2944 575 2988 eum
607 2932 952 2988 incessurum
982 2951 1104 2993 esse
1135 2953 1244 2994 non
1285 2941 1447 2997 modo
1476 2957 1643 3013 supra
1675 2954 1955 3016 serpentes
1977 2957 2031 3003 et

452 3027 794 3096 scorpiones,
841 3043 969 3086 nam
999 3029 1116 3089 haec
1144 3033 1356 3088 modica
1385 3045 1542 3090 erant
1567 3054 1581 3103 ;
1611 3039 1703 3093 sed
1747 3056 1910 3112 super
1936 3058 2030 3099 as-

450 3116 630 3188 pidem
658 3127 712 3173 et
733 3119 1074 3187 basiliscum,
1115 3131 1169 3177 et
1197 3125 1641 3182 conculcaturum
1663 3145 1784 3185 esse
1815 3132 2028 3188 leonem

450 3211 508 3260 et
536 3206 828 3262 draconem
857 3224 871 3260 :
907 3225 1027 3281 qua:
1054 3228 1184 3270 sane
1213 3215 1355 3271 inter
1382 3217 1527 3273 feras
1545 3228 1598 3274 et
1631 3221 1842 3291 reptilia
1872 3222 2025 3294 prin-

449 3297 628 3366 cipem
671 3300 919 3356 obtinent
953 3303 1155 3360 locum.
1185 3306 1453 3365 Existimo
1491 3321 1672 3368 autem
1702 3313 1790 3369 his
1821 3315 2027 3384 princi-

449 3405 546 3462 pes
594 3393 758 3463 hujus
805 3398 990 3452 saeculi
1036 3398 1354 3471 significari,
1397 3417 1609 3458 necnon
1643 3404 1946 3460 invisibiles
1973 3413 2028 3460 et

451 3484 740 3554 primariae
763 3495 1081 3557 potestates.
1115 3489 1500 3549 Verumtamen
1530 3495 1622 3566 qui
1655 3495 1709 3550 in
1741 3495 2027 3566 praphetia

450 3574 624 3631 fertur
647 3592 838 3634 omnes
867 3580 1031 3636 simul
1050 3583 1470 3640 conculcaturus
1493 3601 1615 3644 esse
1643 3586 1858 3641 dicitur.
1891 3584 2026 3638 Nam

449 3684 605 3736 super
653 3670 911 3738 aspidem,
946 3673 1142 3742 inquit,
1173 3683 1223 3727 et
1264 3673 1572 3731 basiliscum
1633 3675 1950 3741 ambulabis,
1977 3683 2027 3733 et

450 3760 779 3816 conculcabis
806 3763 1005 3818 leonem
1029 3775 1078 3820 et
1109 3764 1411 3822 draconem.

2135 843 2339 896 σκότει
2396 839 2928 910 διαπορευομένου,
2982 839 3098 894 ἀπὸ
3138 838 3571 914 συμπτώματος
3613 840 3714 895 καὶ

2135 933 2444 1002 δαιμονίου
2466 930 2892 1002 μεσημϐρινοῦ.
2931 930 3204 985 Πεσεῖται
3225 930 3294 983 ἐκ
3325 929 3432 984 τοῦ
3465 930 3714 997 κλίτους

2138 1041 2254 1079 σου
2291 1024 2508 1092 χιλιὰς,
2542 1025 2641 1077 καὶ
2673 1023 2885 1092 μυριὰς
2915 1023 2984 1075 ἐκ
3016 1021 3230 1086 δεξιῶν
3257 1039 3403 1088 σου,
3443 1021 3593 1090 πρὸς
3636 1023 3714 1076 σὲ

2137 1115 2206 1169 δὲ
2241 1119 2353 1170 οὐκ
2399 1115 2598 1186 ὲγτιεῒ.
2633 1114 2808 1183 Πλὴν
2847 1113 2968 1180 τοῖς
3001 1115 3328 1185 ὀφθαλμοῖς
3367 1131 3484 1170 σου
3530 1131 3714 1169 κατα-

2137 1207 2401 1273 νοήσεις,
2428 1205 2528 1261 real
2553 1205 2962 1262 ἀνταπόδοσιν
2999 1205 3364 1276 ἁμαρτωλῶν
3393 1207 3547 1276 ὄψει.
3594 1209 3708 1262 ’Ότι

2139 1298 2220 1356 σὺ
2253 1299 2292 1366 ἠ
2324 1299 2501 1365 ἐλπίς
2536 1316 2678 1366 μου,
2705 1297 2811 1352 τὸν
2846 1299 3134 1367 Ὕψιστον
3174 1298 3314 1352 ἔθου
3358 1298 3707 1368 καταφυγήν

2137 1407 2276 1444 σου.
2313 1388 2519 1453 Πολλὰς
2547 1389 2945 1452 ἐπαναστάσεις
2972 1390 3000 1441 6
3034 1389 3119 1458 16)
3132 1407 3190 1454 ος
3228 1390 3591 1462 προαγορεύει
3623 1408 3713 1459 γετ

2137 1481 2396 1552 νήσεσθαι
2426 1479 2505 1552 τῷ
2545 1481 3027 1553 προφητευομένῳ.
3073 1479 3238 1546 Οὗτος
3281 1482 3338 1535 δέ
3375 1479 3443 1554 ἦν
3489 1483 3714 1550 σπάνιός

2138 1589 2222 1636 τις
2267 1573 2360 1626 καὶ
2403 1571 2734 1644 θαυμαστὸς,
2775 1575 2832 1626 ἐν
2863 1573 3166 1646 ἀποκρύφῳ
3191 1574 3286 1628 τοῦ
3323 1575 3579 1645 Ὑψίστου
3614 1593 3717 1631 κα-

2139 1663 2408 1736 θήμενος,
2446 1665 2552 1720 ὑπὸ
2597 1666 2696 1738 τὴν
2741 1667 2898 1720 σκιὰν
2952 1665 3046 1719 τοῦ
3098 1666 3282 1720 ἱκανοῦ
3329 1667 3714 1738 αὐλιζόμενος,

2140 1757 2234 1809 καὶ
2261 1755 2434 1826 λέγων
2464 1756 2542 1829 τῷ
2579 1757 2798 1830 Κυρίῳο
2839 1758 3234 1828 Ἀντιλήπτωρ
3250 1776 3370 1828 μου
3406 1759 3505 1814 καὶ
3534 1777 3715 1814 κατα-

2140 1848 2299 1918 φυγή
2338 1866 2479 1918 μου,
2530 1851 2563 1902 d
2601 1851 2745 1916 Θεός
2769 1868 2909 1920 μου,
2947 1849 3046 1904 καὶ
3077 1848 3265 1904 ἐλπιῶ
3311 1850 3403 1903 ἐπ’
3434 1838 3650 1906 αὐτόν’
3681 1851 3713 1923 ἢ

2139 1940 2280 1994 κατὰ
2316 1941 2407 1994 τὸν
2443 1942 2694 2009 Ἀκύλαν,
2712 1943 2774 1996 '0
2803 1944 2948 2010 Θεός
2970 1961 3112 2013 μου,
3137 1943 3484 2012 πεποιθήσω
3513 1943 3584 1996 ἐν
3605 1946 3715 1997 αὑ-

2139 2031 2248 2097 τῴο
2280 2033 2335 2102 ἢ,
2365 2036 2429 2086 '0
2461 2035 2604 2102 Θεός
2622 2053 2763 2104 μου,
2789 2036 2886 2089 καί
2905 2033 3263 2104 εὐθαρσήσω
3283 2037 3355 2090 ἐν
3379 2035 3557 2101 αὐτῷ,
3575 2035 3718 2090 κατὰ

2138 2122 2229 2175 τὸν
2283 2123 2598 2196 Σύμμαχον.
2656 2126 2842 2197 Τούτῳ
2883 2127 2948 2198 δὴ
3006 2123 3099 2180 οὖν
3134 2127 3211 2196 τῷ
3252 2127 3361 2180 τῶν
3409 2127 3734 2198 εἰρημένων,

2136 2214 2322 2284 τρόπῳ
2366 2215 2708 2288 ἀνακειμένῳ
2757 2221 2825 2290 τῇ
2872 2217 2965 2271 τοῦ
3000 2217 3135 2271 Θεοῦ
3171 2218 3392 2290 βοηθείᾳ
3433 2219 3717 2274 ἐπιϐουλαί

2135 2322 2280 2368 τινες
2301 2306 2395 2359 καὶ
2422 2309 2684 2360 συσκευαί
2712 2308 2921 2380 μυρίων
2943 2309 3062 2363 κατ’
3081 2308 3246 2362 αὑτοῦ
3270 2310 3716 2380 στρατευομένων

2135 2396 2510 2466 ἐπανέστησαν
2529 2415 2542 2428 ο
2575 2399 2802 2466 παγίδες
2825 2399 2953 2468 γοῦν
2979 2399 3257 2471 θηρευτῶν
3292 2398 3710 2469 ὠνομάσθησαν,

2135 2489 2230 2542 xui
2281 2487 2427 2556 λόγοι
2475 2489 2845 2561 ταραχώδεις,
2882 2491 2978 2545 καὶ
3019 2491 3182 2561 φόϐος
3229 2491 3575 2563 νυκτερινὸς,
3620 2491 3716 2546 καὶ

2137 2580 2288 2650 βέλος
2322 2582 2615 2653 πετόμενον
2639 2583 2872 2654 ἡμέρας,
2900 2585 2994 2638 καὶ
3030 2587 3262 2656 πρᾶγμα
3293 2586 3350 2638 ἐν
3376 2585 3557 2637 σκότει
3593 2584 3712 2637 δια-

2133 2673 2519 2744 πορευόμενον,
2551 2675 2646 2729 καὶ
2670 2673 2982 2747 σύμπτωμα
3004 2677 3280 2747 δαιμονίου
3307 2694 3444 2748 μεση
3455 2673 3680 2748 μϐρινοῦ
3696 2691 3710 2700 ·

2133 2765 2227 2820 καὶ
2261 2766 2400 2840 πρὸς
2437 2767 2648 2831 τούτοις
2673 2767 2846 2822 ἅπασι
2899 2768 3135 2840 χιλιάδες
3177 2771 3271 2823 καὶ
3323 2767 3616 2840 μυριάδες·
3654 2766 3714 2824 αἱ

2136 2856 2236 2928 μὲν
2263 2856 2498 2927 χιλιάδες
2523 2857 2593 2911 τά
2615 2859 2878 2931 ἀριστερὰ
2902 2859 3067 2914 αὐτοῦ
3113 2859 3611 2930 ἀπολαμϐάνουσαι,
3655 2857 3716 2913 αἱ

2132 2948 2189 3002 δὲ
2220 2949 2289 3004 τὰ
2317 2949 2465 3016 δεξιά
2502 2952 2780 3023 μυριάδες.
2825 2953 2995 3006 Αὐταὶ
3036 2951 3145 3024 γὰρ
3172 2954 3285 3016 τοῖς
3315 2951 3507 3018 δεξιοῖς
3539 2951 3613 3014 ὼς
3647 2949 3717 3004 ἂν

2133 3043 2544 3115 κραταιοτέροις
2566 3045 2660 3098 καὶ
2688 3045 3054 3117 ἰσχυροτέροις
3087 3045 3309 3114 μέρεσιν
3338 3043 3712 3114 ἐπεϐούλευον.

2131 3133 2347 3190 Τούτων
2379 3136 2436 3188 δὲ
2470 3136 2687 3189 πάντων
2711 3136 2862 3189 οὐδὲν
2890 3136 3226 3208 προσψαύειν
3250 3134 3327 3205 τῷ
3357 3136 3484 3208 περὶ
3500 3129 3560 3188 οὗ
3592 3139 3619 3188 ὁ
3636 3135 3720 3187 λό·

2132 3245 2228 3297 γος
2254 3227 2609 3300 προφητεύει.
2651 3229 2770 3280 Ἔτι
2809 3227 2865 3280 δὲ
2925 3228 3060 3298 πρὸς
3088 3226 3298 3290 τούτοις
3360 3226 3716 3297 ἐπιϐήσεσθαι

2128 3319 2364 3387 λέγεται,
2419 3320 2492 3390 (l)
2530 3321 2611 3372 ὅτι
2660 3319 2753 3372 καὶ
2807 3317 2993 3371 ἐπάνω
3035 3317 3210 3385 ὄφεων
3280 3318 3373 3370 καὶ
3405 3318 3711 3387 σκορπίωνο

2137 3408 2310 3479 μικρὰ
2336 3410 2445 3480 γὰρ
2470 3405 2539 3480 ἦν
2554 3407 2760 3461 ταῦτα’
2787 3407 2902 3462 ἀλλ’
2932 3407 3018 3460 ἐπ’
3031 3407 3234 3460 ἀσπίδα
3252 3407 3346 3460 καὶ
3381 3405 3712 3476 βασιλίσκον,

2129 3500 2534 3570 καταπατήσειν
2562 3515 2622 3551 τε
2647 3497 2837 3550 λέοντα
2879 3498 2973 3552 καὶ
3011 3496 3280 3569 δράκοντα
3300 3513 3314 3526 ·
3351 3495 3467 3566 ἆδὴ
3503 3494 3715 3565 βασιλι-

2129 3585 2351 3641 κώτατα
2388 3588 2482 3640 καὶ
2508 3585 2858 3658 ἀρχικώτατα
2885 3585 2991 3639 τῶν
3021 3587 3079 3639 ἐν
3107 3584 3316 3656 θηρίοις
3342 3586 3435 3638 καὶ
3466 3586 3716 3655 ἑρπετοῖς

2127 3676 2407 3746 τυγχάνει.
2437 3671 2602 3746 Οἶμαι
2637 3675 2767 3744 γοῦν
2805 3674 2895 3728 διὰ
2921 3674 3124 3728 τούτων
3159 3675 3285 3737 τοὺς
3325 3674 3592 3747 ἄρχοντας
3620 3672 3716 3727 τοῦ

2131 3768 2327 3832 αἰῶνος
2373 3768 2565 3822 τούτου
2607 3767 3004 3838 σημαίνεσθαι,
3040 3766 3263 3829 καὶτὰς
3314 3767 3577 3838 ἀοράτους
3622 3765 3718 3820 καὶ

450 3851 772 3922 ἁρχθντικάς
801 3855 1074 3927 δυνάμεις.
1102 3859 1248 3932 Πλὴν
1283 3861 1434 3931 ὅμως
1479 3863 1508 3914 ὁ
1554 3860 2027 3934 προφητεύομενος
2076 3862 2482 3931 καταπατήσειν
2521 3859 2731 3934 ἀθρόως
2765 3859 2982 3928 λέγεται
3026 3858 3126 3922 τὰς
3179 3858 3380 3920 πάσας.
3424 3855 3717 3925 Ἐπιϐήσῃ

449 3946 577 4018 γὰρ,
601 3949 786 4020 φησιν,
821 3950 920 4010 ἐπὶ
961 3952 1191 4008 ἀσπίδα
1239 3956 1337 4009 καὶ
1373 3955 1772 4021 βασιλίσκον,
1811 3954 1911 4016 καὶ
1959 3955 2402 4022 καταπατήσεις
2438 3953 2657 4008 λέοντα
2685 3953 2784 4008 καὶ
2813 3952 3133 4022 δράκοντα.

516 4059 650 4125 Quis
671 4062 836 4133 igitur
857 4064 948 4120 hic
970 4064 1156 4130 fuerit,
1173 4083 1261 4122 cui
1290 4071 1416 4126 talia
1445 4078 1755 4138 competere
1786 4070 2024 4140 possint;

448 4163 500 4206 et
529 4155 653 4223 quis
679 4157 913 4226 populus
946 4173 1107 4228 quem
1139 4160 1329 4215 decem
1369 4161 1537 4215 millia
1571 4161 1918 4217 inimicorum
1957 4162 2028 4217 ad

449 4242 726 4300 dexteram
753 4260 1092 4319 oppugnant,
1131 4251 1198 4306 ad
1239 4253 1470 4308 alterum
1509 4268 1638 4308 vero
1659 4254 1804 4310 latus
1831 4254 2026 4319 millia,

450 4351 625 4406 neque
667 4339 870 4396 audent
913 4342 980 4397 ad
1006 4359 1138 4400 eum
1173 4345 1452 4410 accedere,
1497 4347 1595 4402 sed
1631 4361 1818 4401 coram
1843 4361 1910 4401 eo
1935 4359 2031 4400 ca-

449 4425 622 4495 dunt;
653 4444 751 4500 age
791 4431 1182 4503 disquiramus.
1236 4435 1368 4492 Dico
1407 4447 1589 4492 autem
1640 4438 1823 4507 aliquo
1867 4437 2030 4491 modo

450 4533 611 4590 posse
643 4524 756 4576 haec
791 4523 983 4580 referri
1012 4527 1078 4581 ad
1109 4527 1382 4583 hominem
1433 4530 1488 4582 in
1521 4529 1742 4585 Christo
1772 4543 2028 4584 consum-

2202 4069 2296 4132 Τίς
2328 4066 2420 4122 οὖν
2460 4068 2655 4137 γένοιτ’
2688 4068 2754 4122 ἂν
2794 4066 3056 4130 τοιοῦτος,
3098 4066 3173 4129 ὡς
3205 4063 3536 4136 ἐφαρμόζειν
3565 4062 3715 4134 αὑτῷ

2133 4161 2391 4215 δύνασθαι
2424 4160 2494 4216 τά
2521 4160 2767 4224 τοιαῦτα,
2803 4159 2898 4214 καὶ
2921 4159 2979 4222 ὃς
3010 4161 3038 4212 6
3071 4157 3198 4220 λαὸς
3231 4157 3328 4227 μὲν
3367 4156 3577 4226 ἐχθρῶν
3613 4156 3714 4226 μὲν

2137 4253 2402 4325 μυριάδας
2449 4251 2904 4324 ἐπιστρατεύεται
2932 4249 3096 4305 αὐτοῦ
3122 4252 3233 4314 τοῖς
3265 4249 3480 4314 δεξιοῖς,
3518 4251 3630 4313 τοῖς
3655 4247 3715 4302 δὲ

2134 4345 2277 4401 κατά
2318 4345 2544 4416 θάτερον
2591 4346 2754 4416 μέρος
2781 4345 3043 4417 χιλιάδας,
3093 4343 3168 4414 μὴ
3204 4343 3406 4413 τολμᾷν
3449 4343 3506 4395 δὲ
3546 4340 3714 4395 αὐτοῦ

2135 4437 2492 4511 προσψαύειν,
2529 4438 2895 4490 καταπίπτειν
2925 4436 2981 4489 δὲ
3012 4435 3321 4506 ἔμπροσθεν
3353 4435 3539 4498 αὐτοῦ,
3581 4436 3716 4506 φέρε

2134 4530 2577 4600 κατανοήσωμεν.
2603 4529 2749 4596 Φημὶ
2781 4527 2837 4580 δὲ
2867 4526 2985 4580 καθ’
3012 4526 3109 4582 ἕνα
3131 4526 3330 4598 τρόπον
3351 4526 3718 4597 ἀναφέρεσθαι

449 4619 691 4678 malum;
725 4614 903 4683 qualis
931 4625 1050 4671 erat
1083 4615 1308 4682 Paulus,
1349 4619 1443 4690 qui
1491 4619 1726 4681 dicebat,
1781 4617 1903 4674 Scio
1935 4618 2030 4672 ho-

2135 4622 2306 4674 ταῦτα
2338 4621 2432 4674 ἐπὶ
2461 4621 2552 4674 τὸν
2581 4621 2638 4674 ἐν
2683 4619 2904 4689 Χριστῷ
2934 4619 3350 4689 τετελειωμένον
3395 4619 3678 4689 ἄνθρωπον
3699 4633 3714 4648 °

449 4705 639 4759 minem
671 4706 726 4759 in
756 4707 968 4769 Christo
991 4711 1036 4741 ⁸⁸
1060 4727 1079 4765 :
1109 4719 1162 4766 et
1187 4710 1255 4765 ad
1282 4725 1473 4766 omnes
1504 4712 1595 4780 qui
1622 4711 1846 4780 perinde
1870 4718 2030 4780 atque

2135 4707 2244 4776 οἷος
2269 4709 2336 4784 ἦν
2361 4713 2612 4784 ὀιῐῖαῦλος
2637 4713 2808 4782 λέγων
2833 4729 2846 4741 °
2875 4709 3017 4766 Οἶδα
3037 4713 3350 4780 ἄνθρωπον
3377 4710 3716 4779 ἑνΧριστῴ⁹

453 4795 544 4850 ille
572 4795 754 4852 dicere
804 4802 1035 4870 possint,
1091 4802 1221 4869 Quis
1255 4820 1349 4858 nos
1381 4802 1648 4871 separabit
1681 4820 1714 4856 a
1771 4801 2030 4858 charitate

2135 4805 2226 4858 ἐπὶ
2257 4806 2432 4859 πάντα
2463 4822 2521 4858 τε
2570 4805 2662 4857 τὸν
2699 4805 2898 4876 ὁμοίως
2939 4804 3130 4875 ἐκείνῳ
3166 4804 3345 4871 λέγειν
3377 4804 3674 4874 δυνάμενον
3699 4821 3716 4836 ·

452 4886 589 4944 Dei?
616 4889 913 4958 tribulatio,
939 4910 1007 4947 an
1039 4897 1306 4965 angustia,
1321 4913 1388 4950 an
1411 4896 1724 4963 persecutio,
1750 4913 1818 4950 an
1837 4896 2026 4966 fames,

450 4995 518 5031 an
550 4979 788 5047 auditas,
821 4999 888 5035 an
921 4985 1236 5051 periculum,
1295 5002 1363 5038 an
1393 4985 1604 5055 gladius
1658 4986 1703 5016 ⁸⁵
1729 4987 1754 5039 ?
1785 5000 1848 5039 ac
1904 5001 2027 5038 rur-

449 5086 592 5135 sum,
632 5069 820 5127 Certus
849 5091 966 5129 sum
995 5077 1135 5129 enim
1167 5077 1289 5147 quia
1319 5094 1479 5146 neque
1512 5094 1675 5142 mors,
1707 5093 1866 5147 neque
1895 5077 2023 5136 vita.

449 5179 609 5232 neque
638 5165 920 5234 instantia,
962 5185 1123 5239 neque
1152 5169 1359 5237 futura,
1392 5185 1552 5242 neque
1592 5169 1832 5231 virtutes,
1867 5185 2027 5238 neque

449 5257 698 5323 altitudo,
732 5276 893 5330 neque
923 5262 1266 5331 profundum,
1299 5279 1460 5331 neque
1480 5273 1726 5318 creatura
1753 5263 1861 5316 alia
1878 5272 2026 5329 pote-

450 5347 520 5403 rit
551 5365 644 5400 nos
669 5365 916 5418 separare
957 5368 990 5403 a
1019 5350 1278 5406 cltaritate
1313 5349 1432 5414 Dei,
1468 5366 1583 5420 qua:
1613 5359 1688 5404 est
1721 5354 1774 5402 in
1818 5348 2030 5403 Christo

450 5435 575 5491 Iesu
600 5441 644 5470 ⁶⁶
673 5455 693 5492 :
724 5439 793 5494 ad
827 5441 942 5495 haec
973 5457 1103 5496 vero
1128 5441 1381 5512 quisquis
1411 5441 1592 5496 dicere
1623 5449 1822 5514 potest,
1852 5439 1953 5495 Sed
1973 5440 2027 5492 in

451 5528 529 5582 liis
571 5530 810 5586 omnibus
843 5549 1150 5601 superamus
1180 5534 1247 5598 ⁸⁷,
1273 5533 1472 5604 dignus
1517 5548 1647 5589 sane
1681 5533 1845 5588 fuerit
1872 5544 1932 5591 ut
1961 5535 2029 5590 de

453 5615 571 5686 ipso
603 5619 685 5674 hae
715 5636 878 5676 voces
911 5623 1281 5692 proferantur.
1319 5621 1468 5680 Talis
1501 5630 1698 5694 quippe
1738 5625 1903 5678 homo
1933 5627 2030 5678 ha-

454 5707 631 5768 bitans
667 5712 723 5764 in
766 5711 1040 5781 adiutorio
1077 5714 1365 5782 Altissimi,
1397 5724 1450 5769 et
1490 5715 1545 5768 in
1592 5723 1902 5786 legumento
1937 5716 2029 5771 Dei

525 5817 570 5847 ⁶’⁸
611 5817 651 5870 ll
686 5820 814 5874 Cor.
854 5839 930 5875 xu
958 5864 970 5888 ,
1001 5825 1056 5878 ‘2.

517 5910 591 5982 (ί)
630 5912 751 5963 Ὅτι

1135 5827 1177 5857 ⁸⁸
1220 5824 1376 5880 Rom.
1417 5842 1513 5881 vm
1547 5828 1635 5882 '55.

804 5913 874 5980 μή
884 5951 894 5963 .

2140 4896 2234 4961 Τίς
2284 4895 2443 4966 ημᾶς
2475 4896 2719 4966 χωρίσει
2770 4897 2887 4950 ἀπὸ
2947 4896 3057 4965 τῆς
3093 4895 3329 4965 ἀγάπης
3372 4896 3479 4949 τοῦ
3530 4895 3721 4960 Θεοῦῖ

2133 4985 2359 5053 θλίψις,
2392 4984 2429 5052 ἢ
2477 4987 2843 5055 στενοχωρία
2868 5026 2883 5050 ,
2930 4985 2967 5053 ἢ
3009 4985 3261 5054 διωγμὸς
3285 5027 3300 5050 ,
3348 4983 3385 5053 ἢ
3417 4985 3591 5051 λιμὸς
3615 5025 3630 5051 ,
3679 4985 3718 5054 ἢ

2134 5078 2467 5148 γυμνότης,
2515 5077 2554 5146 ’ἢ
2591 5078 2910 5144 κίνδυνος,
2951 5078 2989 5146 ἢ
3023 5076 3286 5148 μάχαιρα
3300 5093 3324 5140 ;
3377 5077 3469 5132 καὶ
3519 5076 3714 5130 πάλιν·

2133 5170 2461 5240 Πὲπεισμαι
2480 5171 2606 5242 γὰρ,
2642 5171 2733 5225 ὅτι
2763 5173 2902 5226 οὔτε
2923 5171 3199 5237 θάνατος,
3231 5171 3373 5224 οὔτε
3413 5168 3546 5238 ζωὴ,
3577 5169 3718 5222 οὔτε

2133 5263 2454 5329 ἐνεστῶτα,
2496 5266 2634 5319 οὔτε
2674 5263 3017 5335 μέλλοντα,
3043 5263 3182 5315 οὔτε
3230 5259 3532 5330 δυνάμεις,
3576 5261 3718 5313 οὔτε

2136 5354 2374 5425 ὕψωμα,
2410 5357 2547 5410 οὔτε
2572 5357 2783 5422 βάθος,
2813 5357 2951 5409 οὔτε
2981 5373 3073 5422 τις
3103 5355 3300 5420 κτίσις
3327 5352 3497 5420 ἑτέρα
3524 5351 3704 5420 δυνή-

2134 5459 2306 5499 σεται
2348 5445 2505 5515 ἡμᾶς
2539 5447 2789 5516 χωρίσαι
2821 5445 2939 5500 ἀπὸ
2992 5443 3101 5512 τῆς
3131 5443 3367 5515 ἀγάπης
3419 5443 3525 5496 τοῦ
3566 5441 3715 5495 Θεοῦ

2135 5534 2242 5604 τῆς
2272 5538 2340 5591 ἐν
2371 5538 2604 5608 Χριστῷ
2649 5538 2875 5607 Ἰησοῦ·
2917 5541 2946 5591 ὁ
2991 5537 3047 5590 δὲ
3081 5537 3218 5608 πρὸς
3257 5535 3466 5598 τούτοις
3509 5529 3621 5596 οἶός
3652 5549 3713 5586 τε

2136 5626 2210 5680 ὢν
2237 5629 2414 5698 λέγειν
2434 5648 2445 5659 ’
2489 5631 2639 5684 Ἀλλ’
2690 5632 2758 5684 ἐν
2803 5631 3032 5696 τούτοις
3063 5627 3253 5684 πᾶσιν
3279 5626 3710 5696 ὑπερνικῶμεν,

2139 5719 2286 5786 ἄξιος
2319 5720 2384 5774 ἂν
2408 5722 2617 5790 γένοιτο
2639 5723 2734 5776 τοῦ
2762 5722 2854 5778 καὶ
2880 5724 2968 5777 ἐπ’
2998 5721 3147 5792 αὐτῷ
3173 5720 3426 5794 λεχθῆναι
3449 5719 3548 5790 τὰς
3577 5733 3712 5795 προς

1719 5828 1760 5858 ⁸⁶
1803 5829 1934 5884 ibid.
1973 5829 2062 5898 58,
2100 5833 2187 5885 59.
2265 5834 2307 5863 ⁸⁷
2351 5832 2481 5888 ibid.
2525 5833 2612 5889 37.
