4074 6408
377 507 520 564 4145

1549 497 2062 555 COMMENTARIA‘
2095 497 2164 556 IN
2202 495 2542 553 PSALMOS.

3503 503 3657 568 £146:

378 622 634 695 κειμένας
671 619 872 689 φωνάς.
911 619 969 672 Ὁ
1012 618 1121 690 γὰρ
1149 617 1406 681 τοιοῦτος,
1439 616 1708 670 κατοικῶν
1749 618 1807 669 ἐν
1833 616 1953 687 βοη-

2056 630 2425 684 commorans,
2468 615 2615 672 dicet
2665 614 2893 670 Domino
2928 630 2940 666 :
2975 614 3260 686 Susceplor
3300 635 3444 675 meus
3480 638 3534 676 es
3589 631 3641 678 et

379 715 500 786 θείᾳ
531 712 626 767 τοῦ
669 711 947 780 Ὑψίστου,
984 709 1078 763 καὶ
1110 710 1169 763 ἐν
1220 708 1398 780 σκέπῃ
1430 707 1524 761 τοῦ
1575 707 1710 760 Θεοῦ
1742 707 1960 772 αὐλιζό-

383 823 562 878 μενος,
595 805 712 876 ἐρεῖ
756 802 835 874 τῷ
883 803 1109 873 Κυρίῳο
1158 800 1556 868 Ἀντιλήπτωρ
1599 816 1718 869 μου
1759 793 1820 852 εἷ
1859 798 1961 852 καὶ

378 896 692 968 καταφυγή
738 915 857 966 μου
881 935 898 962 ,
940 900 972 950 ό
1013 897 1187 962 Θεὸς,
1232 895 1332 949 καί
1373 893 1560 948 sua“;
1607 895 1700 946 ἐπ’
1749 895 1958 953 αὐτόν.

379 991 563 1046 Ταῦτα
591 991 646 1044 δέ
674 989 842 1044 αὐτοῦ
873 989 1111 1042 διαθέσει
1158 987 1342 1058 τελείᾳ
1375 988 1678 1060 εἰρηκότος,
1712 984 1960 1050 θεσπίζει

376 1083 526 1155 αὐτῷ
551 1083 612 1137 τὸ
633 1083 775 1137 θεῖον
805 1080 1052 1152 Πνεῦμα,
1070 1081 1151 1134 ὅτι
1172 1079 1236 1151 δὴ
1265 1079 1483 1149 ἀσφαλῆ
1515 1078 1694 1132 εἵλατο
1719 1078 1957 1148 φύλακα,

376 1179 470 1232 καὶ
499 1178 672 1250 καλὴν
705 1177 975 1247 ἐκτήσατο
993 1173 1315 1245 καταφυγὴν
1342 1175 1434 1226 τὸν
1457 1173 1682 1242 Κύριον.
1706 1171 1960 1226 Τοιοῦτον

330 1321 333 1325 ,
374 1270 484 1341 γὰρ
518 1269 662 1341 ἔχων
689 1267 882 1338 βοηθὸν
912 1267 1008 1320 καὶ
1052 1266 1337 1337 πρόμαχον
1369 1265 1466 1318 καὶ
1509 1262 1956 1334 ὑπερασπιστὴν,

375 1339 563 1415 οὐδένα
600 1339 710 1412 τῶν
761 1357 976 1428 ἐχθρῶν
1035 1357 1436 1429 φοϐηθήσεται,
1493 1354 1588 1409 ἅτε
1646 1354 1811 1408 αὐτοῦ
1863 1355 1958 1408 τοῦ

373 1453 584 1525 Κυρίου
630 1452 896 1524 ῥυομένου
945 1451 1106 1504 αὐτὸν
1146 1449 1205 1516 ἐξ
1252 1449 1531 1504 ἁπάντων.
1578 1447 1689 1500 Καὶ
1742 1447 1849 1518 γὰρ
1894 1447 1961 1500 ἐκ

375 1545 604 1614 παγίδος
643 1543 923 1615 θηρευτῶν
975 1541 1235 1608 ἐξελεῖται
1274 1539 1436 1594 αὐτὸν
1459 1580 1474 1605 ,
1521 1538 1616 1592 καὶ
1659 1537 1768 1592 ἀπὸ
1799 1538 1959 1608 λόγου

372 1635 720 1708 ταραχώδους
751 1636 863 1699 τοῖς
911 1633 1267 1706 μεταφρένοις
1305 1629 1468 1685 αὐτοῦ
1503 1629 1811 1684 ἐπισκιάσει
1858 1630 1956 1683 αύ-

371 1727 450 1797 τῷ
470 1745 484 1759 ο
518 1729 612 1781 καὶ
645 1729 822 1782 πάντα
842 1726 899 1780 δὲ
920 1725 989 1779 τὰ
1021 1724 1147 1795 ἐξῆς
1171 1722 1630 1799 κατηριθμημένα
1663 1722 1754 1774 ἐπὶ
1779 1721 1958 1777 πάντα

273 1849 279 1855 -
370 1817 466 1871 τὸν
489 1819 547 1872 ἐν
581 1815 804 1888 Χριστῷ
836 1815 1041 1868 τέλειον
1071 1813 1356 1884 ἄνθρωπον
1386 1810 1802 1882 ἀνενεχθήσεται
1821 1850 1835 1874 ,
1863 1811 1959 1862 καὶ

372 1908 466 1961 ἐπὶ
486 1907 548 1960 τὸ
580 1906 738 1978 σῶμα
774 1906 831 1961 δὲ
862 1904 1118 1977 Χριστοῦ,
1153 1904 1271 1974 ἦτοι
1304 1902 1398 1956 τὸν
1426 1902 1491 1954 ἐκ
1524 1900 1742 1955 τελείων
1769 1899 1957 1971 ψυχῶν

2061 706 2322 778 refugium
2347 723 2541 772 meum,
2572 707 2736 773 Deus,
2768 721 2819 762 et
2846 707 3064 776 sperabo
3090 709 3142 762 in
3173 726 3310 765 eum.
3335 709 3459 767 Haec
3480 715 3643 785 quip-

2061 816 2129 871 pe
2155 817 2222 854 ει
2265 799 2508 870 perfecto
2541 807 2596 854 et
2627 801 2846 856 sincero
2893 799 3088 857 allectu
3124 801 3416 869 dicentem,
3449 804 3642 860 vatici-

2059 900 2226 946 natur
2253 893 2474 947 divinus
2517 890 2754 962 Spiritus
2785 899 2964 948 tutum
2995 892 3225 962 elegisse
3258 895 3563 960 custodem,
3586 904 3652 952 et.

2061 988 2352 1060 pulchrum
2388 988 2701 1043 obtinuisse
2749 989 3046 1060 refugium,
3083 991 3292 1046 scilicet
3328 990 3642 1048 Dominum.

2059 1083 2196 1138 Cum
2231 1084 2393 1137 talem
2440 1081 2641 1152 quippe
2699 1081 3026 1151 adjutorem,
3079 1092 3537 1154 propugnatorem
3589 1092 3645 1139 et

2058 1179 2427 1244 protectorem
2480 1179 2678 1226 nactus
2727 1170 2818 1237 sit,
2854 1172 3063 1226 nullum
3093 1173 3440 1228 inimicorum
3472 1175 3646 1244 perti-

2058 1272 2289 1330 mescet,
2318 1264 2449 1335 quia
2481 1264 2658 1334 ipsum
2683 1262 2950 1319 Dominus
2978 1280 3046 1319 ex
3073 1264 3331 1322 omnibus
3362 1266 3526 1322 eruit.
3551 1265 3646 1320 Et-

2059 1358 2202 1412 enim
2229 1371 2296 1412 ex
2316 1357 2512 1427 laqueo
2546 1357 2863 1412 venantium
2886 1356 3140 1411 liberabit
3165 1373 3313 1423 eum,
3345 1367 3401 1413 et
3420 1373 3451 1412 a
3476 1359 3647 1414 verbo

2058 1449 2399 1515 turbulento,
2431 1449 2673 1520 scapulis
2695 1449 2812 1506 suis
2832 1449 3183 1505 obumbrabit
3209 1451 3259 1506 ei
3289 1470 3302 1505 :
3333 1453 3646 1523 pariterque

2059 1540 2241 1597 omnia
2276 1556 2399 1612 quae
2449 1541 2552 1596 sub
2599 1542 2716 1596 haec
2751 1549 3130 1606 recensentur,
3178 1543 3248 1598 ad
3289 1544 3540 1613 quemvis
3587 1547 3654 1602 in;

2058 1629 2282 1686 Christo
2297 1629 2601 1701 perfectum
2635 1631 2910 1687 hominem
2950 1631 3284 1701 referentur;
3312 1635 3645 1705 itemquead

2058 1737 2260 1792 corpus
2293 1721 2520 1788 Christi,
2557 1721 2808 1778 videlicet
2840 1724 2910 1778 ad
2945 1732 3248 1795 martyrum
3301 1727 3528 1782 chorum
3575 1743 3646 1785 ex

2056 1813 2314 1883 perfectis
2343 1813 2632 1870 animabus
2665 1815 3063 1884 compositum;
3095 1814 3210 1872 sive
3246 1816 3312 1870 ad
3349 1817 3645 1886 perfectam

2061 1903 2362 1960 Ecclesiam
2397 1905 2592 1976 ipsius,
2616 1921 2779 1976 quam
2810 1907 2928 1977 ipse
2951 1907 3067 1976 sibi
3090 1915 3291 1963 astare
3321 1908 3470 1972 fecit,
3491 1911 3644 1966 nulla

372 1997 877 2068 κατεσκευασμένον
929 1994 1224 2067 μαρτύρων
1274 1993 1466 2064 χορόνο
1516 1993 1550 2064 ἢ
1600 1992 1700 2064 τὴν
1742 1992 1953 2046 τελείαν

2059 1999 2275 2052 macula
2307 2006 2404 2052 aut
2435 1998 2558 2054 labe
2588 2007 2682 2053 aut
2713 2001 2969 2068 quopiam
3010 1999 3177 2055 simili
3229 1999 3498 2056 allec-tam.
3540 2000 3648 2074 Qui“

386 2091 712 2162 Ἐκκλησίαν
741 2090 928 2154 αὐτοῦ,
957 2090 1024 2160 ἢν
1044 2088 1206 2152 αὐτὸς
1237 2087 1414 2159 ἐαυτῷ
1443 2089 1844 2159 παρεστήσατο,
1879 2087 1952 2158 μὴ

371 2183 600 2254 ἔχουσαν
635 2183 821 2236 σπῖλον
849 2182 882 2252 ἢ
913 2180 1120 2252 ῥυτίδα,
1146 2181 1181 2251 ἦ
1212 2197 1267 2234 τι
1293 2179 1403 2232 τῶν
1421 2177 1698 2232 τοιούτων.
1736 2178 1796 2232 '0
1823 2177 1955 2246 γοῦν

371 2275 464 2330 ἐπὶ
495 2274 594 2346 τὴν
625 2275 831 2346 πέτραν
855 2271 1230 2344 οἰκοδομήσειν
1264 2269 1672 2342 ἐπηγγελμένος
1689 2269 1790 2341 τὴν
1830 2270 1955 2322 Ἐκ-

371 2366 602 2437 κλησίαν
623 2364 810 2430 αὐτοῦ,
834 2363 909 2428 ὡς
937 2363 1010 2435 μὴ
1035 2363 1210 2426 πύλας
1238 2362 1366 2435 ᾂδου
1391 2360 1738 2432 κατισχύσειν
1763 2361 1952 2431 αὐτῆς,

371 2456 533 2519 αὐτὸς
581 2456 753 2526 αὐτῆς
795 2453 890 2508 καὶ
943 2453 1117 2524 φύλαξ
1167 2455 1261 2508 καὶ
1309 2453 1545 2526 φρουρὸς
1588 2451 1762 2516 ἔσται,
1796 2467 1954 2522 περι-

370 2547 625 2620 φράττων
647 2547 818 2618 αὐτὴν
843 2547 939 2600 καὶ
983 2545 1450 2616 ἀσφαλιζόμενος,
1479 2543 1617 2615 πρὸς
1643 2543 1706 2596 τὸ
1745 2543 1820 2614 μὴ
1854 2541 1955 2606 τὰς

369 2640 547 2703 πύλας
575 2626 672 2692 τοῦ
717 2637 846 2709 ᾅδου
901 2637 1218 2707 κατισχύειν
1247 2637 1438 2707 αὐτῆς.
1489 2636 1583 2690 Διὸ
1628 2638 1696 2707 τῇ
1729 2635 1954 2706 τοιαύτῃ

382 2729 714 2802 Ἐκκλησία,
748 2730 844 2783 καὶ
881 2728 960 2799 τῷ
991 2727 1218 2799 τοιούτῳ
1257 2729 1324 2798 δὴ
1357 2727 1599 2800 Χριστοῦ
1658 2726 1952 2799 μαρτύρων

369 2821 550 2894 χορῷ,
584 2821 663 2892 τῷ
691 2819 975 2875 κατοικίαν
1012 2821 1109 2890 μὲν
1151 2818 1415 2890 μηδαμῶς
1468 2817 1645 2888 ἔχοντι
1697 2819 1791 2872 ἐπὶ
1825 2820 1950 2890 γῆς,

368 2912 654 2984 δυναμένῳ
684 2913 741 2965 δὲ
773 2911 976 2980 λέγειν,
1022 2909 1209 2979 Ἡμῶν
1265 2909 1332 2962 δὲ
1389 2909 1455 2963 τὸ
1505 2911 1838 2979 πολίτευμα
1883 2910 1954 2963 ἐν

369 3000 648 3075 οὐρανοῖς
697 3002 989 3071 ὑπάρχει,
1033 3001 1384 3072 λεχθήσεται·
1437 3000 1494 3054 '0
1541 3001 1838 3056 κατοικῶν
1882 3001 1954 3055 ἐν

363 3093 617 3165 βοηθείᾳ
648 3094 754 3149 τοῦ
770 3094 1076 3162 Ὑψίστου,
1100 3093 1381 3162 ειν-σκέπῃ
1405 3092 1512 3146 τοῦ
1543 3093 1692 3148 Θεοῦ
1719 3092 1830 3148 τοῦ
1847 3094 1950 3148 σὺ-

361 3189 555 3259 ρανοῦ
573 3188 1029 3257 αὺλισθήσεται.
1047 3182 1290 3257 Εἶτ’ἐρεί
1306 3186 1404 3256 μὲν
1436 3185 1600 3249 αὐτὸς
1629 3184 1708 3256 τῷ
1736 3186 1950 3258 Κυρίῳ,

2059 2089 2222 2159 igitur
2244 2088 2546 2145 Ecclesiam
2575 2105 2732 2146 suam
2765 2107 2824 2147 se
2847 2105 3012 2160 supra
3040 2097 3250 2161 petram
3285 2090 3646 2149 fundaturum

2056 2197 2180 2237 esse
2210 2181 2493 2253 pollicitus
2529 2190 2650 2248 est;
2689 2181 2762 2237 ita
2806 2188 2865 2236 ut
2912 2189 3085 2250 porta:
3143 2180 3306 2240 inferi
3360 2197 3644 2250 nunquam

2056 2275 2385 2345 praevaleant
2429 2273 2695 2330 adversus
2735 2288 2877 2337 eam,
2913 2273 3063 2328 illius
3116 2273 3234 2342 ipse
3263 2280 3316 2328 et
3364 2281 3555 2329 custos
3592 2283 3648 2329 ct

2055 2367 2434 2437 prmsidiarius
2462 2367 2589 2431 erit,
2621 2366 2796 2436 ipsam
2822 2367 3290 2421 circummuniens
3321 2372 3376 2421 et
3408 2369 3646 2432 vallans,

2055 2476 2126 2514 ne
2157 2469 2327 2531 portae
2357 2459 2517 2515 inferi
2539 2458 2871 2530 praevaleant
2904 2459 3170 2516 adversus
3197 2475 3339 2517 eam.
3370 2459 3648 2526 Quamob-

2053 2567 2169 2606 rem
2239 2551 2557 2621 hujusmod-i
2611 2549 2900 2618 Ecclesiae,
2958 2561 3013 2616 et
3066 2553 3386 2622 hujusmodi
3437 2552 3648 2612 Christi

2055 2649 2359 2713 martyrum
2395 2642 2584 2707 choro,
2637 2644 2731 2714 qui
2781 2643 3157 2698 habitaculum
3191 2644 3415 2714 quidem
3466 2646 3648 2699 nulla-

2054 2744 2218 2792 tenus
2246 2738 2303 2792 in
2337 2745 2482 2791 terra
2517 2737 2723 2803 habet,
2756 2738 2849 2794 sed
2885 2738 3003 2793 haec
3057 2737 3164 2792 fari
3207 2745 3407 2808 potest,
3440 2737 3648 2793 Nostra

2056 2839 2233 2884 autem
2261 2831 2588 2884 conversatio
2615 2830 2669 2884 in
2691 2831 2834 2885 cretis
2856 2839 2932 2885 est
2957 2831 3022 2896 “,
3047 2830 3281 2895 dicetur,
3315 2831 3420 2896 Qui
3440 2830 3646 2888 habitat

2053 2920 2107 2974 in
2131 2920 2400 2990 adjutorio
2441 2919 2727 2984 Altissimi,
2751 2921 2806 2974 in
2841 2930 3134 2991 tegumenta
3159 2921 3255 2975 Dei
3283 2921 3398 2975 creti
3421 2938 3648 2976 commo-

2054 3010 2282 3065 rabitur.
2313 3009 2520 3065 Deinde
2555 3009 2704 3064 dicet
2737 3009 2958 3080 quidem
2987 3011 3105 3080 ipse
3132 3009 3387 3072 Domino,
3423 3009 3526 3068 sub
3548 3023 3646 3064 cu-

2048 3101 2142 3170 ius
2179 3109 2494 3172 legumento
2546 3100 2794 3156 habitare
2827 3101 3126 3171 cooptavit,
3169 3099 3454 3170 Susceptor
3498 3117 3644 3156 meus

2051 3209 2107 3247 es
2150 3203 2201 3247 et
2225 3192 2489 3263 refugium
2518 3209 2712 3258 meum,
2743 3191 2887 3247 Deus
2913 3209 3080 3259 meus,
3103 3201 3156 3246 et
3175 3192 3398 3262 sperabo
3427 3193 3481 3246 in
3502 3209 3642 3247 eum.

366 3278 428 3337 οὗ
458 3283 638 3336 εἵλατο
682 3282 962 3335 κατοικεῖν
1000 3277 1107 3331 ὑπὸ
1137 3278 1237 3349 τὴν
1270 3278 1479 3350 σκέπην
1499 3293 1516 3310 ο
1559 3278 1950 3348 Ἀντιλήπτωρ

2056 3284 2191 3339 Cum
2222 3291 2404 3340 autem
2463 3285 2627 3340 talem
2679 3283 2965 3340 custodem
3017 3289 3216 3341 nactus
3249 3284 3343 3348 sit,
3393 3290 3447 3339 et
3480 3284 3647 3353 talem

362 3393 482 3448 μου
512 3371 572 3429 εἴ
594 3374 694 3428 καὶ
718 3371 1034 3442 καταφυγή
1059 3389 1200 3440 μου,
1228 3372 1262 3424 d
1290 3371 1435 3436 Θεός
1457 3388 1600 3440 μου,
1635 3371 1736 3425 καὶ
1763 3371 1951 3426 ἑλπιῶ

2057 3375 2162 3430 sibi
2194 3383 2531 3430 servatorem
2575 3383 2631 3428 et
2672 3373 2976 3444 adjutorem
3005 3373 3348 3444 ascripserit,
3391 3373 3536 3429 dicet
3565 3373 3646 3428 illi

364 3467 459 3521 ἐπ’
487 3465 696 3521 αὐτόν.
721 3463 1070 3535 Κτησαμένῳ
1093 3463 1152 3516 δὲ
1181 3461 1330 3534 αύτῷ
1349 3461 1590 3517 τοιοῦτον
1616 3462 1834 3533 φύλακα
1855 3465 1951 3518 καὶ

2059 3466 2301 3539 Spiritus
2331 3467 2572 3532 divinus,
2604 3467 2869 3537 optimam
2923 3466 3104 3538 ipsum
3139 3466 3445 3537 portionem
3513 3465 3644 3522 ade-

365 3557 606 3613 τοιοῦτον
656 3558 879 3628 σωτῆρα
924 3557 1020 3609 καὶ
1057 3555 1250 3627 βοηθὸν
1283 3555 1718 3628 ἐπιγραψαμένῳ
1753 3557 1951 3629 λεχθή-

2057 3571 2212 3634 ptum
2247 3577 2392 3627 esse,
2421 3577 2642 3616 murum
2664 3560 3058 3627 ﬁrmissimum,
3079 3560 3496 3630 inexpugnabile
3518 3575 3647 3614 scu-

368 3669 518 3706 σεται
549 3651 654 3704 ὑπὸ
679 3649 774 3702 τοῦ
812 3649 960 3702 θείου
1006 3649 1348 3720 Πνεύματος,
1383 3649 1460 3712 ὡς
1497 3649 1606 3718 ἄρα
1638 3649 1724 3720 εἴη
1779 3649 1950 3720 καλὴν

2057 3661 2198 3718 tum,
2226 3651 2438 3707 scilicet
2468 3651 2758 3706 Dominum
2799 3665 2982 3706 suum.
3017 3649 3176 3704 Hunc
3195 3650 3397 3721 quippe
3422 3658 3640 3715 nactus,

367 3741 669 3813 εὑράμενος
707 3737 888 3808 ἑαυτῷ
923 3735 1118 3808 μερίδα
1151 3737 1246 3790 καὶ
1299 3739 1478 3806 τεῖχος
1526 3737 1752 3807 ὀχυρὸν,
1786 3738 1951 3794 ὅπλον

2056 3745 2111 3799 in
2142 3751 2262 3798 tuto
2289 3752 2344 3797 et
2369 3746 2488 3798 sine
2525 3742 2898 3798 sollicitudine
2929 3740 3109 3812 deget,
3143 3748 3332 3811 utpote
3360 3741 3451 3812 qui
3482 3741 3642 3804 habia-

365 3851 428 3888 τε
456 3834 670 3904 ἄμαχον
695 3831 787 3885 τὸν
826 3829 1022 3884 ἑαυτοῦ
1071 3830 1298 3902 Κύριον.
1331 3828 1534 3883 Τοῦτον
1566 3830 1674 3901 γὰρ
1712 3828 1852 3898 ἔχων
1889 3829 1948 3882 ἐν

2056 3841 2130 3890 tet
2176 3835 2234 3889 in
2274 3833 2550 3902 adjutorio
2598 3832 2890 3899 Altissimi,
2919 3841 2975 3890 et
3014 3834 3071 3888 in
3113 3841 3432 3906 tegumento
3487 3832 3643 3891 fortis

366 3923 602 3993 ἀσφαλεῖ
647 3922 742 3977 καὶ
788 3922 1109 3994 ἀμερίμνως
1156 3921 1388 3992 οἰκήσει,
1431 3920 1526 3974 ἂτε
1571 3920 1841 3974 κατοικῶν
1891 3922 1949 3974 ἐν

2051 3936 2173 3976 com
2181 3929 2442 3976 moretur.

369 4017 590 4091 βοηθείᾳ
612 4015 706 4070 τοῦ
765 4015 1037 4086 Ὑψίστου,
1096 4016 1192 4068 καὶ
1224 4015 1284 4069 ἐν
1323 4013 1500 4087 σκέπῃ
1544 4013 1635 4066 τοῦ
1695 4013 1882 4068 ἱκανοῦ
1924 4013 2294 4086 αὐλιζόμενος.

439 4115 502 4168 El
537 4112 668 4184 γοῦν
697 4129 847 4177 ποτε,
888 4112 1071 4184 φησιν,
1113 4111 1162 4165 οἱ
1201 4108 1312 4174 τῶν
1357 4109 1711 4182 ἀνθρωπείων
1761 4108 1949 4180 ψυχῶν

368 4206 666 4279 θηρευταὶ,
701 4206 928 4275 ἀφανεῖς
976 4204 1069 4273 καὶ
1121 4202 1342 4276 ἀόρατοι
1389 4201 1646 4272 δυνάμεις
1695 4201 1836 4258 κατά
1888 4202 1952 4256 τὸ

371 4296 600 4368 σύνηθες
649 4297 835 4359 αὐτοῖς
890 4295 1126 4364 παγίδας
1185 4292 1458 4365 λαθραίως
1508 4291 1947 4362 ἐγκρύπτοντες,

367 4387 766 4461 προϐάλλεσθαι
797 4387 939 4442 κατὰ
975 4386 1068 4441 σοῦ
1094 4385 1382 4458 πειρῷντο,
1410 4385 1560 4438 οὐδὲν
1594 4387 1775 4450 αὐτοῖς
1797 4385 1951 4452 ἔσται

368 4480 558 4534 πλέον·
589 4481 673 4533 ὅτι
720 4479 883 4543 αὐτὸς
915 4480 1120 4551 Κύριος
1149 4478 1372 4550 ῥύσεταί
1407 4495 1467 4530 σε
1502 4477 1567 4529 ἐκ
1595 4477 1822 4547 παγίδος
1855 4477 1952 4550 θη-

371 4573 596 4646 ρευτῶν,
633 4573 696 4627 Ἠ
728 4571 909 4641 παγίς
939 4571 1280 4640 συνετρίϐη,
1325 4570 1428 4624 καὶ
1455 4571 1627 4640 ἡμεῖς
1653 4571 1948 4640 ἐρῤύσθη-

365 4683 497 4735 μεν.
530 4665 594 4718 Εἰ
621 4663 680 4718 δὲ
729 4662 826 4716 καὶ
862 4660 1040 4730 λόγοις
1083 4659 1332 4731 θορυϐεῖν
1376 4661 1702 4730 ἐπιχειροῖεν
1778 4659 1949 4723 ἱέντες

369 4758 578 4814 ἑαυτῶν
598 4757 690 4810 τὸν
711 4757 811 4826 τῆς
832 4752 1083 4816 ἀσεϐείας
1113 4752 1189 4806 ἰὸν
1210 4751 1298 4805 διὰ
1319 4753 1419 4824 τῆς
1443 4751 1651 4806 ἑαυτῶν
1676 4750 1949 4822 γλώσσης,

366 4851 503 4907 ἀλλὰ
538 4850 632 4904 καὶ
664 4847 870 4902 τούτων
916 4844 1096 4901 αὐτῶν
1139 4844 1351 4913 πάλινρ
1387 4843 1592 4916 Κύριος
1621 4843 1832 4914 ἀϐλαϐῆ
1860 4843 1951 4897 τὸν

368 4943 563 4998 ἑαυτοῦ
581 4941 864 5015 ἄνθρωπον
886 4936 1261 5008 φυλάξει.”Ινα
1289 4935 1364 5012 μὴ
1394 4937 1423 4989 ὁ
1456 4936 1697 5008 φλογμὸς
1724 4935 1820 4989 τοῦ
1843 4934 1952 4990 τῶν

369 5033 670 5106 ἀνθρώπων
691 5032 807 5103 βίου
841 5030 938 5083 καὶ
968 5030 997 5082 ό
1020 5027 1335 5098 τῆςκακίας
1375 5027 1618 5092 καύσων,
1646 5028 1740 5080 ἐπὶ
1768 5026 1951 5080 πλεῖον

367 5125 692 5192 ἐκκαυθεὶς,
734 5124 910 5196 ἐξάψῃ
937 5121 1005 5176 τὰ
1049 5121 1197 5178 κακὰ
1237 5119 1378 5174 κατὰ
1411 5119 1508 5172 τοῦ
1551 5119 1648 5190 τῆς
1673 5117 1954 5181 εὐσεϐείας

367 5220 622 5292 ἀθλητοῦ,
638 5217 883 5282 θεσπίζει
899 5216 1121 5287 φάσκων
1149 5216 1174 5269 ὁ
1199 5213 1357 5283 λόγος
1391 5211 1569 5283 αὐτῷ·
1588 5213 1684 5264 Ἐν
1706 5211 1830 5278 τοῖς
1843 5228 1952 5280 με·

367 5313 682 5382 ταφρένοις
738 5309 925 5364 αὐτοῦ
971 5307 1316 5362 ἐπισκιάσει
1366 5321 1500 5368 σοι,
1544 5304 1647 5369 καὶ
1681 5304 1799 5360 ὑπὸ
1841 5303 1950 5371 τὰς

368 5406 668 5477 πτέρυγας
693 5402 881 5458 αὐτοῦ
913 5399 1240 5466 ἐλπιεῖς.Εί
1266 5398 1322 5452 δὲ
1352 5397 1448 5452 καὶ
1482 5395 1757 5467 πολεμίων
1785 5394 1946 5465 στίφη

369 5497 740 5570 πεπυρωμένα
782 5496 876 5550 καὶ
903 5491 1257 5564 θανατηφόρα
1279 5490 1406 5561 βέλη
1431 5489 1605 5558 λόγων
1625 5487 1834 5558 ψευδῶν
1855 5487 1951 5542 καὶ

369 5595 468 5665 τῆς
487 5591 744 5663 ἀληθείας
762 5588 1021 5644 ἐναντίων
1038 5584 1310 5649 ἁκοντίζοι
1327 5582 1467 5637 κατά
1485 5581 1580 5635 τοῦ
1599 5581 1757 5652 δηλου
1766 5580 1951 5652 μένου,

369 5686 536 5749 αὐτὸς.
560 5685 658 5757 μὲν
699 5681 962 5754 ἡσυχάσει
996 5680 1147 5751 νόμῳ
1186 5677 1320 5748 θείιμ
1369 5675 1678 5747 πειθαρχῶν
1718 5677 1948 5744 λέγοντι⁹

375 5775 586 5843 Κύριος
622 5771 955 5842 πολεμήσει
990 5769 1144 5839 ὑπὲρ
1180 5767 1382 5838 ὑμῶν,
1424 5767 1524 5822 καὶ
1566 5765 1735 5835 ὑμεῖς
1775 5767 1948 5837 σιγή-

446 5929 493 5964 σδ
530 5927 726 6004 Philip.
769 5943 860 5992 ιη,
894 5927 982 5982 20.
1063 5927 1106 5958 τ’
1150 5923 1298 5992 Psal.
1336 5937 1539 5998 cum,
1578 5923 1628 5986 7,

2132 4109 2191 4169 Si
2218 4111 2403 4180 itaque
2424 4109 2524 4174 illi,
2557 4115 2653 4172 ait,
2676 4109 3044 4164 humanarum
3072 4108 3375 4164 animarum
3420 4119 3643 4164 venato—

2058 4221 2172 4270 res,
2196 4203 2498 4259 invisibiles
2515 4201 2726 4258 scilicet
2751 4209 2805 4256 et
2834 4200 3064 4255 occultae
3087 4189 3344 4267 virtutes,
3371 4216 3471 4272 pro
3493 4190 3645 4257 more

2057 4298 2223 4354 solito
2250 4296 2476 4367 laqueos
2507 4295 2648 4349 clam
2691 4293 3058 4358 occultantes,
3091 4299 3145 4348 te
3185 4308 3424 4363 unquam
3454 4307 3644 4363 aggre-

2057 4389 2301 4453 diantur,
2346 4386 2484 4442 nihil
2535 4385 2778 4456 proderit
2828 4384 2938 4439 illis
2979 4403 2993 4439 :
3041 4385 3167 4454 quia
3215 4384 3333 4456 ipse
3380 4383 3643 4438 Dominus

2055 4487 2213 4538 eruet
2243 4488 2298 4535 te
2312 4479 2377 4535 de
2407 4479 2603 4552 laqueo
2632 4478 2972 4542 venantium,
3000 4475 3240 4548 Laqueus
3267 4476 3525 4532 contritus
3540 4485 3642 4542 est,

2055 4583 2106 4636 et
2136 4589 2230 4627 nos
2263 4570 2474 4627 liberati
2502 4586 2685 4624 sumus
2719 4570 2786 4624 ‘9.
2831 4568 2989 4636 Quod
3034 4571 3078 4626 si
3125 4584 3249 4626 eum
3297 4567 3644 4624 sermonibus

2057 4680 2278 4737 quoque
2322 4663 2547 4718 turbare
2576 4663 2942 4728 tentaverint,
2988 4662 3285 4732 impietatis
3347 4676 3460 4717 suae
3493 4661 3643 4716 virus

2054 4757 2242 4827 lingua
2299 4755 2644 4818 emittentes,
2710 4754 2796 4810 his
2854 4755 3018 4808 etiam
3073 4753 3304 4808 illaesum
3365 4751 3640 4806 hominem

2055 4862 2215 4904 suum
2246 4845 2512 4903 Dominus
2544 4846 2804 4902 servabit.
2833 4842 2914 4899 Ac
2949 4859 3016 4900 ne
3044 4844 3298 4900 humanae
3333 4843 3455 4899 vitae
3475 4851 3643 4898 aestus

2054 4948 2108 4995 et
2140 4939 2304 4994 ardor
2336 4937 2558 4993 malitia:
2588 4937 2760 5008 magis
2809 4935 3094 5006 magisque
3121 4936 3413 5000 incensus,
3448 4943 3642 4990 contra

2051 5028 2272 5098 pietatis
2305 5027 2563 5081 athletam
2578 5026 2722 5080 mala
2740 5025 3061 5091 succendat,
3089 5025 3205 5080 haec
3229 5041 3410 5080 sermo
3428 5023 3531 5091 ipsi
3550 5038 3642 5077 va-

2053 5119 2337 5174 ticinatur:
2357 5115 2426 5171 In
2454 5115 2685 5183 scapulis
2704 5117 2816 5170 suis
2836 5113 3172 5171 obumbrabit
3195 5115 3312 5180 tibi,
3328 5123 3376 5168 et
3393 5114 3488 5168 sub
3518 5128 3641 5168 ven-

2053 5211 2138 5265 nis
2161 5210 2275 5280 ejus
2297 5206 2556 5278 sperabis.
2576 5205 2733 5272 Quod
2752 5206 2798 5262 si
2834 5205 3182 5261 inimicorum
3209 5205 3448 5276 agmina,
3470 5205 3640 5276 ignita

2056 5310 2110 5360 et
2156 5301 2408 5359 lethil‘era
2458 5299 2806 5355 mendacium
2839 5305 3050 5353 etcum
3095 5312 3227 5354 vero
3273 5297 3637 5370 pugnantium

2057 5409 2372 5452 sermonum
2394 5393 2498 5449 tela
2522 5393 2839 5464 jaculentur
2859 5390 3124 5447 adversus
3145 5383 3505 5446 memoratum
3540 5389 3637 5444 ho-

2056 5489 2281 5554 minem,
2311 5487 2404 5543 ille
2430 5486 2652 5558 quidem
2678 5485 2946 5555 quiescet,
2980 5481 3180 5540 divinae
3204 5483 3328 5553 ‘legi
3358 5483 3637 5554 obtempe-

2050 5596 2190 5637 rans
2221 5595 2342 5652 quaa
2370 5579 2447 5634 ait
2498 5597 2512 5633 :
2561 5577 2822 5633 Dominus
2851 5593 2946 5645 pro
2975 5575 3118 5630 vobis
3163 5573 3437 5645 pugnabit,
3469 5582 3520 5628 et
3550 5591 3638 5629 vos

2055 5670 2298 5726 tacebitis
2356 5684 2376 5722 :
2430 5675 2742 5740 opportune
2799 5677 2981 5724 autem
3045 5667 3151 5738 ipsi
3183 5666 3385 5721 dicitur
3423 5684 3436 5720 :
3474 5664 3637 5721 Scuto

2056 5763 2402 5820 circumdabit
2453 5772 2499 5818 te
2529 5762 2724 5818 veritas
2782 5761 2916 5832 ejus.
2980 5760 3100 5832 ipsa
3153 5775 3391 5840 namque
3432 5757 3634 5815 Christi
