4074 6388
437 468 575 525 ΗΠ

1115 469 1388 529 EUSEBII
1424 468 1905 529 CJESARIENSIS
1942 468 2097 527 OPP.
2141 468 2326 528 PARS
2363 469 2452 526 111.
2492 452 2570 514 -’
2600 468 3015 528 EXEGETICA.

3558 466 3699 523 ms

436 582 702 639 doctrina:
733 584 959 649 veritas,
984 583 1245 640 virtutem
1284 600 1537 657 magnam
1574 584 1848 648 obtinens,
1887 598 2013 639 eum

2128 587 2300 639 γεσθε
2322 601 2337 615 ⁸
2370 584 2693 657 λεχθήσεται
2727 585 2785 638 δὲ
2806 584 2954 653 ἀύτῷ
2973 582 3114 637 κατὰ
3141 581 3333 655 καιρὸν
3356 579 3446 646 τὸ,
3492 580 3706 648 ὐπλφ

436 678 881 741 circummuniet,
918 680 975 731 in
1025 678 1263 732 circuitu
1293 678 1473 748 posita
1513 691 1578 732 ac
1620 684 1779 732 scuto
1827 684 2019 746 tegens

436 780 561 831 suo,
593 775 654 820 ut
682 783 768 831 ne,
797 768 1090 822 accedente
1107 776 1288 832 nocte,
1325 775 1381 822 et
1416 766 1657 821 tenebris
1685 765 1898 828 offusis,
1927 780 2022 820 «re-

440 857 695 913 formidet
736 859 847 923 ille,
883 866 977 913 aut
1011 874 1123 929 prae
1154 867 1299 915 metu
1329 860 1611 925 turbetur;
1660 873 1838 927 neque
1874 857 2021 927 pari—

439 958 525 1007 ter
544 952 602 1006 in
644 950 733 1007 die
764 952 1011 1007 immissa
1044 952 1151 1006 tela
1188 960 1415 1007 metuat.
1448 950 1551 1007 Per
1582 960 1799 1007 noctem
1837 958 2021 1004 autem

436 1051 491 1099 et
520 1044 778 1099 tenebras
833 1043 1165 1099 calamitatis
1201 1051 1447 1113 tempora
1477 1042 1772 1114 signiﬁcat,
1813 1042 1868 1095 ln
1899 1041 2022 1112 qui-

438 1133 545 1191 bus
575 1135 713 1188 nihil
750 1133 1235 1189 reformidaturum
1266 1134 1342 1187 ait
1367 1149 1493 1188 eum
1522 1173 1538 1201 ,
1562 1134 1656 1204 qui
1692 1140 1849 1188 scuto
1877 1131 2023 1186 veri-

438 1228 571 1283 tatis
602 1228 1094 1284 circummunietur
1127 1246 1140 1282 :
1174 1242 1273 1297 per
1320 1226 1464 1281 diem
1525 1241 1676 1291 vero,
1727 1225 2020 1295 tranquilla

437 1321 495 1370 et
524 1320 718 1385 pacata
746 1320 993 1384 tempora
1023 1312 1244 1377 indicat,
1278 1312 1335 1367 in
1357 1312 1559 1383 quibus
1598 1312 1806 1367 inimici
1844 1310 2021 1366 nostri

439 1406 670 1478 sagittas
702 1408 919 1463 eminus
949 1406 1219 1471 volantes,
1248 1405 1573 1477 blaspheme
1616 1420 1813 1475 nempe
1839 1413 1896 1459 et
1928 1404 2023 1458 im-

439 1502 531 1572 pia
566 1501 736 1564 dicta,
765 1500 822 1555 in
856 1516 959 1556 nos
991 1498 1245 1556 emittere
1285 1500 1485 1555 solent.
1514 1498 1650 1554 Nam
1680 1498 2023 1570 persecutio.

438 1609 575 1650 num
605 1602 854 1665 tempore
883 1608 994 1648 non
1028 1593 1244 1648 eminus
1286 1592 1394 1647 tela
1431 1591 1678 1657 mittunt,
1716 1591 1813 1647 sed
1852 1590 2024 1647 comi-

440 1704 546 1745 nus
573 1689 838 1759 impetum
869 1688 1157 1751 facientes,
1184 1703 1287 1744 nos
1314 1687 1605 1744 universos
1624 1686 1910 1752 devorare,
1934 1693 2024 1741 ut-

439 1789 567 1854 pote
615 1787 849 1836 mortem
900 1787 1217 1849 expetentes
1265 1787 1512 1835 nostram
1539 1820 1555 1845 ,
1602 1787 1906 1844 conantur;
1961 1786 2023 1832 ut

2121 676 2423 731 κυκλώσει
2453 692 2529 730 σε
2558 679 2599 746 ἡ
2625 676 2875 745 ἀλήθεια
2905 674 3110 730 αὑτοῦ.
3185 674 3325 745 Αὕτη
3358 672 3467 744 γὰρ
3497 673 3532 744 ἡ
3563 671 3701 744 άλήο

2122 768 2243 822 θεια
2272 768 2379 822 τῶν
2404 768 2639 840 Χριστοῦ
2668 768 2975 839 δογμάτων,
2995 767 3236 838 μεγάλην
3267 764 3578 836 κεκτημένη
3608 763 3703 816 δύ-

2122 879 2324 933 ναμιν,
2382 862 2476 914 τὸν
2529 861 2719 931 έχοντα
2774 860 2943 931 αὐτὴν
2994 858 3359 930 περιφράξει,
3430 855 3705 912 κυκλοῦσα

2121 955 2318 1020 αὑτὸν,
2353 955 2449 1008 καὶ
2489 954 2891 1025 περιϐάλλουσα
2922 952 3001 1023 τῷ
3039 951 3236 1021 ἑαυτῆς
3266 950 3414 1020 ὅπλῳ
3437 991 3451 1015 ,
3487 948 3624 1020 πρὸς
3642 948 3706 1001 τὸ

2125 1048 2262 1119 μήτε
2289 1047 2481 1110 νυκτὸς
2508 1046 2858 1119 ἐπελθούσης,
2888 1048 3024 1118 μήτε
3047 1045 3264 1108 σκοτίας
3288 1042 3705 1112 καταλαϐούσης

2121 1138 2374 1204 δεδιέναι,
2408 1140 2532 1211 μηδ’
2562 1138 2667 1193 ὑπὸ
2695 1138 2874 1209 φόϐων
2902 1136 3297 1209 ταράττεσθαι,
3335 1138 3473 1207 μήτε
3505 1134 3614 1188 τῶν
3643 1136 3703 1187 ἐν

2122 1230 2307 1303 ἡμέρᾳ
2351 1231 2719 1302 πεμπομένων
2762 1228 2931 1299 βελῶν
2960 1228 3282 1301 φροντίζειν.
3346 1227 3505 1299 Δηλοῖ
3530 1225 3589 1279 δὲ
3615 1225 3701 1279 διὰ

2126 1323 2226 1394 μὲν
2256 1323 2359 1393 τῆς
2389 1323 2582 1386 νυκτὸς
2606 1322 2703 1376 καὶ¹
2733 1323 2833 1393 τῆς
2868 1323 3090 1385 σκοτίας
3118 1322 3245 1383 τοὺς
3283 1317 3699 1391 περιστατικοὶις

2122 1414 2381 1486 καιροὺς,
2422 1416 2543 1469 καθ’
2575 1415 2668 1480 οὓς
2693 1432 2827 1487 φησι
2854 1416 3019 1487 μηδὲν
3053 1414 3454 1487 φοϐηθήσεσθαι
3479 1414 3569 1467 τὸν
3598 1413 3706 1466 ὑπὸ

2120 1506 2217 1561 τοῦ
2242 1508 2340 1578 τῆς
2368 1508 2624 1580 ἀληθείας
2650 1507 2814 1563 ὅπλου
2840 1506 3355 1579 περιπεφραγμένον
3373 1523 3389 1539 ο
3417 1504 3505 1559 διὰ
3528 1505 3585 1558 δὲ
3604 1505 3707 1577 τῆς

2121 1598 2337 1670 ἡμέρας
2362 1601 2488 1663 τοὺς
2518 1601 2576 1653 ἐν
2596 1598 2806 1670 γαλήνῃ
2837 1601 2933 1653 καὶ
2964 1599 3114 1671 εὐδία
3139 1598 3231 1652 καὶ
3258 1600 3509 1670 εἰρηνικῇ
3538 1615 3710 1652 κατα-

2125 1690 2332 1756 στάσει,
2368 1690 2491 1744 καθ’
2509 1691 2603 1755 οὓς
2633 1691 2917 1763 πόρρωθεν
2948 1690 3075 1763 βέλη
3103 1690 3376 1761 πετόμενα
3405 1688 3526 1744 καθ’
3549 1688 3709 1760 ἡμῶν

2124 1782 2364 1854 πέμπειν
2415 1782 2669 1839 εἰώθασιν
2715 1786 2763 1838 oi
2799 1784 2983 1856 ἐχθροὶ
3004 1824 3019 1850 ,
3055 1784 3179 1847 τοὺς
3227 1782 3578 1855 βλασφήμους
3612 1783 3710 1835 καὶ

438 1872 737 1944 aliquando
781 1872 871 1927 ille
904 1887 1031 1927 eum
1063 1872 1242 1942 potuit
1272 1870 1575 1928 devoravit.
1614 1871 1685 1925 At
1731 1886 1833 1926 nos
1862 1877 2023 1926 scuto

2128 1874 2341 1939 ἀσεϐεῖς
2373 1876 2582 1930 ἑαυτῶν
2608 1874 2815 1945 λόγους.
2845 1874 3004 1930 Κατὰ
3030 1872 3138 1945 γὰρ
3162 1875 3291 1937 τοὺς
3317 1872 3424 1927 τῶν
3449 1870 3709 1942 διωγμῶν

438 1942 550 2036 iam
572 1972 876 2020 memorato
904 1965 1160 2035 protecti,
1190 1963 1438 2020 dicemus
1467 1981 1482 2020 :
1512 1961 1638 2018 Nisi
1666 1964 1793 2035 quia
1835 1961 2023 2017 Domi-

2128 1968 2370 2039 καιροὺς,
2399 1970 2461 2022 ού
2486 1942 2767 2041 πόρρωθεν
2799 1942 3049 2030 ἑστῶτες
3064 1942 3194 2036 βέλη
3221 1964 3530 2035 πέμπουσιν
3550 2001 3565 2025 ,
3590 1962 3707 2016 ἀλλ’

437 2074 537 2112 nus
577 2068 687 2113 erat
720 2058 776 2112 in
810 2058 979 2121 nobis,
1015 2073 1134 2111 cum
1177 2065 1518 2128 exsurgerent
1552 2056 1787 2112 homines
1819 2057 1875 2111 in
1900 2073 2019 2124 nos,

437 2149 576 2219 forte
605 2151 744 2205 uiuos
783 2149 1126 2221 deglutissent
1165 2166 1259 2203 nos
1286 2150 1355 2205 ⁷⁸.
1407 2148 1595 2219 Neque
1640 2155 1803 2205 nocte
1856 2148 2025 2219 igitur

438 2250 620 2312 neque
674 2241 914 2295 interdiu
960 2239 1095 2312 quid
1138 2248 1331 2296 contra
1370 2256 1472 2296 nos
1510 2246 1770 2311 poterunt
1813 2239 2023 2295 inimici

439 2333 613 2388 nostri
644 2341 868 2405 propter
914 2331 1205 2387 Dominum
1236 2340 1700 2404 propugnatorem
1748 2339 2021 2389 nostrum.

439 2423 624 2492 Quare
656 2423 865 2479 dictum
904 2431 990 2479 est
1017 2442 1031 2477 :
1064 2421 1188 2477 Non
1222 2423 1425 2477 timebis
1461 2440 1495 2476 a
1526 2423 1713 2476 timore
1740 2430 2021 2487 nocturno,

439 2535 477 2573 ο
525 2519 722 2588 sagitta
764 2517 973 2571 volante
999 2517 1055 2571 in
1082 2516 1188 2581 die,
1232 2533 1266 2570 a
1307 2516 1510 2586 negotio
1543 2516 1941 2584 perambulante
1969 2517 2026 2569 in

441 2609 697 2673 tenebris;
734 2609 845 2664 imo
870 2624 1049 2679 neque
1078 2625 1112 2661 a
1141 2608 1300 2661 ruina
1337 2615 1388 2661 et
1423 2606 1685 2662 dwmonio
1732 2607 2025 2662 meridiano

439 2704 776 2759 timebimus.
812 2702 969 2769 Quod
996 2702 1044 2756 si
1072 2701 1243 2755 millia
1270 2708 1326 2756 et
1353 2700 1541 2756 decem
1571 2700 1765 2765 millia,
1793 2700 1909 2756 sive
1940 2700 2027 2755 in-

439 2794 739 2852 visibilium
785 2809 884 2849 seu
910 2792 1213 2848 visibilium
1266 2791 1619 2847 inimicorum
1663 2798 1718 2847 et
1765 2791 2024 2856 hostium,

440 2893 635 2943 contra
675 2884 881 2941 Christi
918 2883 1180 2954 populum
1221 2891 1277 2940 et
1324 2890 1515 2938 contra
1563 2881 1865 2938 Ecclesium
1905 2883 2026 2953 ejus

439 2977 877 3039 insurrexerint;
905 2990 1097 3031 omnes
1128 2990 1260 3031 sane
1284 2990 1394 3030 una
1420 2975 1596 3030 virtus
1625 2975 1746 3043 ejus
1774 2990 1884 3029 uno
1910 2990 2028 3030 mo-

2125 2060 2357 2131 ἐγγύθεν
2390 2061 2704 2135 ὁρμῶντες,
2739 2062 3030 2117 καταπιεῖν
3058 2060 3205 2131 ἡμᾶς
3236 2058 3390 2121 ὅλους
3425 2051 3516 2111 οἷα
3543 2055 3710 2110 θανά-

2123 2169 2219 2206 του
2253 2152 2394 2221 φίλοι
2426 2152 2722 2224 πειρῶνται
2746 2170 2759 2183 ο
2794 2152 2851 2215 ὃς
2876 2150 3103 2205 κατέπιε
3135 2150 3257 2203 τότε
3284 2149 3529 2220 ἰσχύσας.
3566 2147 3709 2199 Ἀλλ’

2125 2246 2285 2317 ἡμεῖς
2315 2263 2379 2315 γε
2403 2285 2418 2310 ,
2452 2246 2531 2317 τῷ
2561 2245 2852 2317 δηλωθέντι
2888 2235 3037 2315 ὅπλῳ
3074 2242 3517 2313 πεφυλαγμένοι,
3548 2239 3708 2314 ἐροῦ-

2129 2354 2229 2409 μεν
2248 2354 2263 2367 ο
2315 2339 2383 2392 El
2408 2337 2494 2407 μὴ
2528 2337 2617 2391 ὅτι
2649 2338 2865 2405 Κύριος
2889 2332 2969 2407 ἦν
2993 2336 3063 2389 ἐν
3087 2333 3254 2405 ἡμῖν,
3281 2332 3453 2399 ἐν.τῷ
3482 2332 3709 2387 ἐπανα-

2126 2426 2346 2496 στῆναι
2370 2427 2722 2496 ἀνθρώπους
2744 2426 2836 2495 ἐφ’
2867 2423 3027 2495 ἡμᾶς
3046 2464 3061 2489 ,
3096 2424 3212 2493 ἄρα
3235 2422 3455 2490 ζῶντας
3488 2422 3565 2477 ἂν
3601 2438 3709 2475 κα·-

2126 2520 2335 2576 τέπιον
2362 2519 2541 2591 ἡμᾶς.
2572 2520 2695 2575 οῦτ’
2725 2516 2817 2575 οῦν
2849 2520 3063 2591 ἡμέρας
3088 2517 3212 2572 οῦτε
3241 2516 3433 2579 νυκτὸς
3459 2516 3709 2587 δυνήσον-

2125 2612 2216 2668 ταί
2232 2631 2284 2667 τι
2308 2613 2432 2668 καθ’
2454 2614 2487 2684 ἡ
2496 2612 2611 2685 μῶν
2628 2614 2679 2665 oi
2695 2612 2880 2684 ἐχθροὶ
2900 2611 2986 2666 διὰ
3006 2612 3097 2665 τὸν
3114 2608 3533 2684 ὑπερμαχοῦντα
3552 2607 3711 2680 ήμῶν

2126 2703 2351 2777 Κύριον.
2421 2704 2513 2757 Διὸ
2561 2694 2839 2758 λέλεκται·
2891 2704 2975 2757 Οὐ
3022 2703 3339 2772 φοϐηθήσῃ
3369 2700 3488 2758 ἀπὸ
3521 2700 3711 2770 φόϐου

2126 2797 2498 2865 νυκτερινοῦ,
2522 2796 2639 2852 ἀπὸ
2668 2796 2900 2861 βέλους
2928 2794 3259 2865 πετομένου
3290 2792 3518 2863 ἡμέρας
3535 2832 3549 2856 ,
3590 2791 3712 2845 ἀπὸ

2127 2886 2470 2958 πράγματος
2498 2888 2569 2942 ἐν
2596 2890 2801 2943 σκότει
2841 2886 3346 2957 διαπορευομένου
3366 2902 3389 2923 ⁸-
3432 2883 3546 2939 ἀλλ’
3591 2883 3713 2938 οὐδὲ

2126 2978 2246 3034 ἀπὸ
2303 2980 2742 3050 συμπτώματος
2789 2979 2887 3034 καί
2938 2978 3249 3050 δαιμονίου
3302 2973 3713 3049 μεσημϐρινοῦ

440 3077 629 3126 mento
666 3068 933 3135 destruet,
965 3076 1028 3121 ut
1066 3081 1169 3122 nos
1198 3066 1337 3138 ipsis
1372 3066 1551 3121 oculis
1578 3065 1877 3122 vindictam
1910 3082 2029 3138 per-

439 3162 767 3236 spiciamus.
811 3158 938 3215 Ideo
985 3158 1189 3215 dicitur
1226 3176 1240 3214 :
1294 3157 1667 3213 Verumtamen
1700 3158 1869 3212 oculis
1922 3159 2027 3213 tuis

2129 3067 2573 3141 φοϐηθησόμεθα.
2630 3071 2694 3124 Et
2726 3070 2783 3124 δὲ
2816 3068 2911 3123 καὶ
2939 3070 3176 3141 χιλιάδες
3206 3069 3300 3123 καὶ
3334 3068 3592 3140 μυριάδες
3616 3070 3709 3120 άο-

2131 3160 2309 3231 ράτων
2336 3160 2370 3232 ἢ
2396 3161 2493 3214 καὶ
2528 3161 2738 3233 ὁρατῶν
2768 3161 2979 3233 ἐχθρῶν
3006 3163 3101 3216 καὶ
3136 3161 3410 3230 πολεμίων
3444 3160 3587 3213 κατὰ
3616 3158 3713 3213 τοῦ

440 3251 827 3317 considerabis,
867 3258 918 3306 et
936 3250 995 3304 in
1024 3248 1420 3304 retributionem
1445 3258 1779 3318 peccatorum
1806 3248 2023 3307 videbis.

2128 3248 2261 3305 λαοῦ
2306 3249 2401 3305 τοῦ
2454 3252 2693 3323 Χριστοῦ
2731 3254 2827 3307 καὶ
2857 3253 3000 3308 κατὰ
3039 3254 3139 3325 τῆς
3177 3251 3504 3322 Ἐκκλησίας
3548 3251 3715 3305 αὐτοῦ

439 3344 555 3402 Nos
599 3351 781 3399 autem
833 3342 1107 3399 sermonis
1148 3341 1433 3397 veritatem
1483 3342 1603 3413 ipsa
1649 3342 2025 3413 exemplorum

2132 3343 2519 3407 ἐπανασταῖεν,
2548 3343 2686 3397 ἀλλὰ
2713 3345 2811 3398 καὶ
2848 3343 3057 3408 πάντας
3080 3342 3291 3414 ἀθρόως
3313 3339 3451 3411 ὁμοῦ
3484 3341 3579 3393 καὶ
3606 3341 3712 3392 πάι

440 3433 896 3505 interpretatione
916 3430 1285 3503 percepimus,
1307 3439 1604 3502 conspecto
1630 3431 1799 3487 variis
1820 3440 2025 3503 tempo-

2135 3449 2235 3496 σας
2261 3434 2294 3503 ἡ
2322 3431 2487 3487 αὐτοῦ
2510 3431 2738 3503 δύναμις
2766 3433 2825 3487 ἐν
2855 3435 2954 3505 μιᾷ
2980 3435 3121 3504 ῥοπῇ
3155 3430 3408 3497 καθελεῖ,
3437 3428 3512 3493 ὡς
3532 3429 3713 3490 αὐτοῖς

440 3526 595 3581 ribus
616 3521 915 3583 Ecclesiam
941 3522 1148 3579 Christi
1175 3523 1612 3595 impugnantium
1628 3522 1756 3588 line,
1779 3523 1872 3594 qui
1890 3539 2025 3579 con-

2128 3522 2426 3594 ὀφθαλμοῖς
2460 3523 2794 3596 παραλαϐεῖν
2823 3525 2971 3597 ἡμᾶς
2999 3531 3096 3595 τήν
3125 3522 3426 3593 ἐκδίκησιν.
3512 3518 3602 3574 Διὸ
3627 3517 3713 3571 λέ-

440 3618 648 3681 festim,
665 3631 766 3673 nec
792 3617 955 3688 longo
978 3625 1100 3688 post
1126 3624 1369 3687 tempore
1398 3631 1431 3671 a
1453 3614 1565 3671 Deo
1586 3615 1844 3671 debellati
1872 3622 2020 3671 sunt.

2129 3614 2337 3669 λεκται·
2396 3616 2573 3686 Πλὴν
2598 3616 2723 3685 τοῖς
2760 3617 3092 3688 ὀφθαλμοῖς
3135 3632 3253 3672 σου
3293 3613 3719 3681 κατανοήσεις,

442 3714 544 3767 καὶ
592 3714 1008 3769 ἀνταπόδοσιν
1054 3711 1419 3782 ἁμαρτωλῶν
1468 3711 1623 3781 ὄψει.
1679 3712 1871 3784 Ἡμεῖς
1895 3712 1953 3766 δὲ
1993 3711 2087 3766 τοῦ
2125 3712 2284 3782 λόγου
2321 3713 2423 3784 τήν
2462 3713 2723 3786 ἀλήθειαν
2768 3712 2830 3779 ἐξ
2865 3713 3036 3785 αὐτῆς
3067 3712 3170 3785 τῆς
3198 3710 3493 3784 ἑρμηνείας
3521 3725 3715 3778 παρει-

441 3808 696 3881 λήφαμεν
717 3849 733 3873 ,
766 3808 909 3862 κατὰ
936 3808 1163 3880 καιροὺς
1210 3808 1281 3862 τὰ
1323 3808 1453 3879 τέλη
1518 3808 1853 3880 συνορῶντες
1884 3807 2115 3880 τῶνιτην
2165 3809 2491 3882 Ἐκκλησίαν
2518 3809 2615 3865 τοῦ
2642 3809 2778 3864 Θεοῦ
2808 3809 3257 3882 πολεμησάντων,
3290 3804 3629 3877 παραχρῆμά
3656 3821 3714 3856 τε

442 3900 539 3955 καὶ¹
564 3901 665 3954 ούκ
701 3902 781 3965 είς
809 3902 1019 3973 μακρὸν
1050 3900 1154 3954 ὑπὸ
1175 3900 1270 3954 τοῦ
1299 3899 1436 3955 Θεοῦ
1468 3900 1908 3973 πολεμηθέντων.

514 4009 642 4066 Haec
672 4025 835 4081 porro
864 4011 1070 4075 omnia,
1106 4018 1163 4067 et
1203 4018 1399 4067 caetera
1419 4010 1523 4067 sub
1551 4010 1669 4067 haec
1698 4018 2021 4080 memorata,

2201 4014 2389 4069 Πάντα
2407 4015 2465 4068 δὲ
2479 4012 2647 4067 ταῦτα
2662 4014 2837 4068 καὶτα
2861 4011 3073 4076 τούτοις
3095 4010 3221 4083 ἑξῆς
3241 4010 3601 4079 ἐπιλεγόμενα
3624 4010 3718 4066 ἐπὶ

441 4105 513 4163 ad
547 4106 825 4162 hominem
862 4106 1026 4162 etiam
1061 4105 1156 4178 qui
1202 4105 1259 4160 in
1309 4105 1531 4162 Christo
1564 4117 1651 4163 est
1694 4105 2025 4174 referentur,

2132 4106 2224 4161 τὸν
2244 4108 2301 4160 ἐν
2316 4105 2537 4177 Χριστῷ
2556 4104 2841 4177 ἄνθρωπον
2861 4104 3296 4176 ἀνενεχθήσεται,
3319 4102 3413 4155 καὶ
3431 4102 3522 4155 ἐπὶ
3540 4101 3716 4156 πάντα

442 4215 661 4256 necnon
699 4199 769 4255 ad
815 4214 1006 4255 omnes
1036 4200 1137 4271 qui
1165 4198 1348 4254 dicere
1378 4198 1596 4253 valeant
1630 4217 1644 4253 :
1676 4198 1870 4254 Omnia
1899 4214 2025 4268 pos-

2132 4199 2225 4253 τὸν
2270 4193 2382 4252 οἷόν
2428 4215 2489 4251 τε
2526 4197 2703 4267 λέγειν
2724 4214 2739 4229 ·
2784 4196 2990 4251 Πάντα
3034 4196 3222 4264 ἰσχύω
3257 4195 3327 4248 ἐν
3358 4192 3440 4259 τῷ
3466 4194 3716 4249 ἐνδυναο

445 4309 562 4348 sum
584 4294 639 4347 in
660 4310 719 4347 eo
740 4293 831 4362 qui
864 4309 946 4346 me
968 4291 1234 4360 confortat
1263 4289 1475 4346 Christo
1502 4290 1702 4345 Jesu."
1733 4289 1834 4346 Hic
1863 4306 2025 4362 porro

2129 4288 2348 4359 μοῦντί
2369 4304 2447 4357 με
2476 4287 2706 4357 Χριστῷ
2746 4286 2962 4355 Ἰησοῦ.
3034 4278 3203 4349 Οὗτος
3233 4284 3277 4339 δ’
3314 4284 3379 4339 ἂν
3412 4284 3496 4357 εἴη
3526 4286 3555 4339 6
3584 4286 3718 4357 Χρι-

449 4384 612 4440 fuerit
639 4382 847 4439 Christi
868 4382 1093 4447 chorus,
1124 4379 1218 4452 qui
1242 4397 1307 4436 ex
1331 4382 1536 4437 sanctis
1561 4388 1615 4437 et
1646 4381 1902 4453 perfectis
1936 4380 2025 4436 Dei

2138 4379 2265 4435 στοῦ
2308 4380 2500 4452 χορὸς,
2537 4382 2565 4433 ὀ
2594 4379 2652 4447 ἐξ
2694 4378 2863 4448 ἁγίων
2895 4379 2989 4432 καὶ
3013 4376 3235 4431 τελείων
3258 4375 3393 4430 Θεοῦ
3426 4375 3719 4448 μαρτύρων

446 4474 784 4547 martyribus
836 4480 1076 4539 constat,
1107 4474 1311 4543 quique
1374 4471 1442 4527 ad
1489 4472 1809 4543 sanguinem
1859 4487 2025 4543 usque

2137 4471 2427 4537 συνεστὼς,
2463 4474 2490 4526 ὀ
2513 4472 2706 4544 μέχρις
2736 4471 2967 4542 αἵματος
2996 4467 3395 4541 ἀγωνιζόμενος
3418 4469 3559 4540 ὑπὲρ
3578 4468 3715 4540 άληο

447 4582 550 4639 pro
584 4566 811 4621 veritate
836 4565 1161 4629 decertavit,
1194 4573 1248 4621 et
1277 4565 1465 4619 bravia
1495 4564 1737 4619 victoria:
1769 4579 1892 4618 cum
1923 4563 2025 4620 Deo

2136 4566 2319 4633 θείας,
2360 4564 2456 4618 καὶ
2486 4563 2556 4618 τά
2602 4562 2829 4635 βραϐεῖα
2856 4563 2957 4634 τῆς
3003 4564 3061 4616 ἐν
3089 4561 3209 4632 Θεῷ
3246 4562 3404 4632 νίκης
3439 4561 3580 4615 κατὰ
3608 4560 3719 4615 τῶν

446 4664 620 4726 partae
642 4656 908 4712 adversus
938 4656 1193 4711 inimicos
1219 4657 1425 4711 retulit.
1461 4654 1587 4711 Haec
1620 4656 1773 4721 item,
1806 4672 1928 4727 quae
1948 4657 2025 4712 di-

2134 4657 2445 4711 ἀντιπάλων
2494 4656 2802 4729 αἰρόμενος.
2848 4656 2960 4710 Καὶ
2986 4656 3080 4709 ἐπὶ
3106 4654 3197 4709 τὸν
3227 4654 3515 4725 ἄνθρωπον
3540 4654 3597 4707 δὲ
3623 4652 3721 4712 τοῦ

445 4755 534 4804 cta
563 4756 711 4816 sunt,
736 4747 942 4806 Christi
995 4748 1206 4803 homini
1243 4748 1646 4819 coaptabuntur
1685 4766 1699 4802 :
1746 4747 1851 4803 hoc
1883 4748 2029 4804 enim

449 4842 691 4896 declarat
726 4842 999 4898 dictorum
1038 4841 1228 4898 series.
1264 4838 1402 4894 Nam
1449 4855 1574 4895 cum
1616 4840 1683 4896 ad
1718 4840 2029 4911 quempiam

448 4935 682 4990 dixisset
715 4953 730 4991 :
763 4934 1027 5002 Quoniam
1059 4937 1167 5006 ipse
1200 4935 1448 4991 liberabit
1498 4935 1561 4990 de
1612 4936 1798 5006 laqueo
1841 4952 2031 4990 venan-

449 5029 604 5093 tium,
629 5037 678 5083 et
698 5046 730 5081 a
756 5028 908 5083 verbo
943 5028 1266 5092 turbulento,
1294 5037 1348 5084 et
1379 5046 1393 5083 :
1427 5026 1493 5082 In
1526 5029 1760 5098 scapulis
1787 5029 1897 5083 suis
1935 5028 2031 5083 ob-‘

447 5120 714 5176 ttmbrabit
763 5120 879 5185 tibi,
922 5130 971 5177 et
1004 5121 1099 5175 sub
1131 5122 1313 5191 pennis
1346 5121 1459 5190 ejus
1492 5119 1771 5189 sperabis;
1816 5130 1866 5176 et
1902 5137 2027 5175 cum

448 5214 698 5269 eumdem
730 5213 1013 5283 alloquens
1045 5212 1379 5267 subdidisset
1429 5231 1441 5265 :
1485 5209 1647 5265 Scuto
1680 5210 2029 5265 circumdabit

451 5317 501 5361 te
530 5308 724 5361 veritas
754 5306 909 5376 ejus;
942 5314 996 5362 et
1023 5304 1156 5360 illud
1192 5324 1206 5361 :
1246 5303 1371 5359 Non
1406 5304 1609 5359 timebis
1651 5322 1685 5357 a
1727 5305 1911 5359 timore
1940 5322 2032 5359 no-

449 5408 668 5462 cturno;
708 5398 946 5468 itemque
981 5416 996 5453 :
1031 5397 1235 5453 Cadent
1269 5414 1301 5451 a
1341 5398 1505 5451 latere
1544 5406 1633 5452 tuo
1672 5397 1836 5463 mille,
1851 5405 1899 5451 et
1940 5396 2033 5451 de-

452 5504 563 5542 cem
596 5488 771 5543 millia
807 5506 840 5543 a
868 5488 1069 5543 dextris
1119 5488 1246 5553 tuis,
1291 5486 1361 5541 ad
1392 5496 1440 5542 te
1488 5495 1663 5540 autem
1696 5502 1800 5540 non
1837 5501 2030 5555 appro—

450 5579 760 5651 pinquabit;
802 5588 859 5635 et
897 5580 1190 5651 adiecisset
1231 5597 1245 5635 :
1299 5577 1666 5634 Verumtamen
1704 5578 1871 5633 oculis
1921 5577 2027 5631 tuis

452 5669 835 5736 considerabis,
880 5680 932 5726 et
973 5670 1371 5726 retributionem
1404 5679 1741 5739 peccatorum
1792 5664 2026 5731 videbis;

454 5777 580 5818 cum
626 5762 807 5817 omnia
832 5764 1181 5835 singulariter
1208 5765 1364 5837 quasi
1392 5766 1458 5821 de
1481 5782 1592 5823 uno
1621 5767 1836 5824 locutus
1861 5770 2027 5834 esset,

457 5924 483 5979 '.
528 5915 577 5950 "
616 5913 759 5971 Psal.
794 5931 981 5971 cum.
1020 5917 1137 5972 t-5.
1212 5919 1251 5951 τί
1294 5917 1492 5973 Philiu.
1536 5936 1607 5975 iv.
1646 5919 1731 5977 15.

2134 4750 2373 4822 Χριστοῦ
2402 4749 2803 4822 ἁρμοσθήσεται
2831 4749 2900 4803 τὰ
2931 4747 3199 4821 λεγόμενα
3218 4764 3233 4778 ·
3254 4745 3413 4801 τοῦτο
3429 4744 3559 4817 γοῦν
3578 4764 3721 4819 παρ·

2141 4843 2351 4915 ίστησιν
2382 4841 2521 4914 αῦτη
2574 4842 2608 4913 ή
2648 4840 2753 4895 τῶν
2781 4840 3171 4914 ἐμφερομένων
3192 4836 3499 4892 ἀκολουθία.
3536 4835 3723 4893 Εἰπὼν

2135 4935 2245 5007 γὰρ
2273 4938 2302 4989 6
2324 4935 2483 5004 λόγος
2512 4934 2649 5005 πρὸς
2675 4933 2771 4987 ἕνα
2799 4932 2924 4987 τινὰ
2942 4974 2958 4999 ,
3002 4933 3132 4987 ’Ότι
3167 4930 3351 4998 αὐτὸς
3373 4931 3628 5000 ῥύσεται
3654 4930 3722 4984 ἐκ

2139 5028 2389 5097 παγίδος
2406 5026 2705 5096 θηρευτῶν
2725 5026 2823 5081 καὶ
2843 5026 2963 5081 ἀπὸ
2981 5027 3167 5097 λόγου
3184 5022 3583 5094 ταραχώδους,
3602 5025 3721 5088 καὶ,

2148 5121 2253 5174 Ἐν
2274 5118 2395 5185 τοῖς
2426 5117 2817 5189 μεταφρένοις
2845 5117 3033 5171 αὐτοῦ
3068 5114 3410 5169 ἐπισκιάσει
3446 5129 3545 5168 σοι
3565 5153 3579 5178 ,
3620 5115 3721 5168 καὶ

2141 5210 2261 5266 ὑπὸ
2308 5209 2415 5277 τὰς
2454 5210 2744 5280 πτέρυγας
2793 5208 2979 5263 αὐτοῦ
3012 5207 3270 5273 ἐλπιεῖς·
3328 5208 3420 5261 καὶ
3453 5206 3590 5279 πρὸς
3630 5205 3721 5261 τὸν

2142 5306 2305 5360 αύτὺν
2333 5305 2554 5375 ἐπάγων
2582 5304 2642 5358 τὸ
2661 5347 2677 5372 ,
2720 5304 2925 5371 Ὀπλῳ
2970 5299 3270 5357 κυκλώσει
3297 5317 3372 5356 σε
3402 5301 3441 5370 ἠ
3472 5300 3720 5369 ἀλήθεια

2138 5396 2324 5451 αὑτοῦ
2345 5412 2358 5425 ·
2389 5396 2485 5448 καὶ
2520 5393 2583 5447 τδ
2602 5434 2616 5458 ,
2646 5394 2729 5447 Οὐ
2755 5391 3072 5462 φοϐηθήσῃ
3099 5390 3216 5446 ἀπὸ
3240 5391 3720 5460 φόϐουσνυκτερι-

2132 5486 2244 5542 νοῦ
2266 5503 2279 5517 ·
2306 5486 2400 5540 καὶ
2426 5485 2507 5549 τὸ,
2542 5483 2819 5538 Πεσεῖται
2845 5484 2914 5537 ὲκ
2936 5482 3042 5538 τοῦ
3077 5482 3322 5547 κλίτους
3351 5496 3467 5535 σου
3498 5480 3721 5564 χιλιὰς,

2133 5576 2232 5631 καί
2256 5576 2473 5645 μυριὰς
2495 5576 2563 5629 ἐκ
2586 5573 2801 5639 δεξιῶν
2818 5587 2963 5638 σου,
2998 5572 3149 5642 πρὸς
3171 5571 3246 5626 σὲ
3268 5570 3337 5624 δὲ
3357 5572 3469 5625 οὐκ
3504 5567 3721 5638 ἐγτιεῖ·

2134 5668 2228 5723 καὶ
2247 5667 2454 5731 τούτοις
2476 5665 2786 5737 προστιθεὶς
2810 5665 2891 5731 τὸ,
2917 5663 3092 5733 Πλὴν
3110 5662 3233 5729 τοῖς
3253 5661 3582 5732 ὀφθαλμοῖς
3604 5676 3721 5717 σου

2136 5758 2553 5829 κατανοήσεις,
2589 5758 2687 5813 καὶ
2720 5756 3127 5813 ἀνταπόδοσιν
3151 5753 3512 5825 ἁμαρτωλῶν
3545 5752 3719 5823 ὄψει’
