4074 6404
251 481 260 492 .
325 455 461 502 1149

1449 454 1958 511 CUMMENTARJA
1995 457 2061 510 ΞΝ
2101 456 2443 513 ΡδΑωιοδ.

3447 466 3588 516 11ὃυ

324 560 502 614 πάντα
538 559 596 615 δὲ
619 559 690 615 τὰ
718 559 915 624 ἑνικῶς
939 557 1108 614 εἰπὼν
1128 557 1206 624 ὡς
1232 558 1370 632 πρὸς
1397 563 1492 616 ἕνα
1515 566 1656 632 τινὰ,
1687 566 1911 621 ἐπισυν-

2015 570 2096 625 sic
2129 569 2293 626 infert
2325 570 2625 637 :Quoniam
2657 577 2713 623 tu
2739 586 2814 634 es,
2850 570 3090 640 Domine,
3116 588 3228 642 spes
3251 589 3387 636 mea,
3421 572 3590 628 Altis-

324 653 485 707 ἀπτει
525 653 718 723 λέγων,
761 653 883 706 Ὅτι
907 652 1010 717 σὺ,
1048 655 1244 723 Κύριε,
1261 657 1438 724 ἐλπίς
1446 675 1586 726 μου,
1608 659 1714 713 τόν
1737 661 1907 730 ’Υψι-

326 760 476 799 στον
500 744 640 800 ἔθου
673 744 1027 815 καταφυγήν
1046 761 1162 800 σου
1179 765 1193 778 ο
1220 747 1530 817 σαφέστατα
1556 749 1904 821 παρίσταται,

325 834 407 886 ὃτι
447 832 652 904 Κύριος
687 828 756 904 ἦν
789 832 924 902 πρὸς
950 832 1009 886 ὃν
1033 833 1206 887 ταῦτα
1236 835 1412 888 πάντα
1438 836 1673 906 ἐλέγετο.
1723 840 1906 912 Μηδε-

328 925 458 994 pta;
486 923 596 996 γὰρ
634 923 892 994 διαμέσου
921 924 1222 996 ὲναλλαγῆς
1255 925 1546 998 προσώπου
1588 931 1906 1002 γενομένης,

327 1015 562 1086 συνῆψεν
585 1017 615 1070 6
660 1016 818 1085 λόγος
848 1017 953 1071 ὑπὸ
1003 1018 1131 1088 μίαν
1162 1017 1398 1072 διάνοιαν
1431 1019 1507 1082 ὡς
1536 1019 1673 1090 πρὸς
1713 1021 1808 1074 ἕνα
1839 1023 1910 1076 τὰ

325 1106 534 1160 πάντα·
570 1107 884 1179 παρέστησέ
913 1125 970 1162 τε
1005 1107 1090 1171 τίς
1139 1125 1268 1162 ποτε
1316 1104 1384 1180 ἦν
1410 1103 1585 1174 οὗτος,
1633 1109 1910 1180 διασαφῶν

324 1198 453 1269 ἑξῆς
484 1199 579 1253 κα)⁸
608 1199 783 1269 λέγων
802 1216 816 1230 ·
853 1200 974 1253 Ὅτι
1013 1199 1094 1254 σὺ
1113 1240 1130 1266 ,
1165 1200 1374 1270 Κύριε,
1407 1201 1586 1268 ἐλπίς
1617 1220 1736 1272 μου
1755 1244 1770 1267 ,
1804 1203 1911 1257 τὸν

325 1291 632 1360 ’Υψιστον
660 1293 802 1348 ἔθου
849 1289 1205 1362 καταφυγήν
1246 1306 1384 1348 σου.
1433 1293 1648 1366 Ἐπειδὴ
1679 1294 1786 1368 γὰρ
1819 1295 1908 1359 σὺ,

324 1382 525 1452 φησὶν,
553 1375 600 1436 ὧ
632 1381 837 1454 Κύριε,
871 1383 957 1452 ἐφ’
985 1382 1044 1436 δν
1073 1381 1184 1451 ἐγὼ
1215 1382 1419 1454 ήλπισα
1441 1421 1456 1446 ,
1489 1384 1583 1437 τὸν
1628 1384 1908 1454 Ὕψιστον,

323 1471 523 1544 δηλαδὴ
541 1472 632 1526 τὸν
659 1472 919 1526 ἀνωτάτω
938 1471 1099 1538 Θεὸν,
1129 1472 1223 1526 καὶ
1249 1473 1449 1526 σαυτοῦ
1472 1474 1711 1547 Πατέρα,
1741 1493 1910 1529 κατα-

325 1563 503 1637 φυγὴν
540 1563 662 1616 ἔθου
694 1564 922 1617 σεαυτοῦ
942 1604 958 1631 ,
987 1562 1077 1616 διά
1101 1561 1261 1618 τοῦτο
1290 1565 1350 1618 ού
1379 1565 1803 1636 προσελεύσεταί
1829 1585 1911 1620 σοι

321 1652 445 1707 οὔτε
466 1651 663 1724 χιλιάς,
689 1650 815 1705 οὔτε
843 1651 1062 1726 μυριὰς,
1097 1651 1219 1706 οὔτε
1245 1652 1474 1722 παγίδες
1496 1654 1795 1726 θηρευτῶν,
1823 1655 1913 1709 οὖ-

321 1763 382 1800 τε
401 1763 454 1799 τι
484 1744 671 1817 ἕτερον
691 1744 801 1799 τῶν
822 1744 1323 1817 κατηριθμημένων
1342 1763 1356 1777 ⁶
1385 1746 1482 1800 καὶ
1506 1747 1802 1819 ἐπειδήπερ
1823 1749 1909 1814 σὺ,

321 1829 368 1890 ὦ
392 1836 586 1908 Κύριε,
620 1831 674 1889 εἴ
697 1853 797 1908 μου
819 1835 913 1889 τοῦ
942 1834 1115 1890 ταῦτα
1135 1836 1382 1906 λέγοντος
1409 1837 1587 1902 ἐλπὶς,
1619 1839 1730 1892 Τὸν
1747 1841 1914 1908 ’Ὑψι-

320 1943 474 1982 στον
505 1927 644 1982 ἔθου
677 1927 1032 1997 καταφυγήν
1055 1942 1173 1984 σου
1195 1945 1210 1960 ο
1246 1928 1336 1983 διά
1364 1927 1524 1982 τοῦτο
1553 1931 1647 1983 καὶ
1667 1931 1906 2002 ἀρχόμε-
1939 1917 1984 1978 Β

320 2036 411 2083 νος
453 2018 638 2088 ελεγον
685 2021 814 2091 περὶ
869 2020 986 2085 σοῦ,
1023 2022 1079 2074 '0
1105 2020 1398 2076 κατοικῶν
1421 2022 1492 2075 ἐν
1514 2021 1778 2091 βοηθείᾳ
1800 2024 1908 2078 τοῦ

331 2106 644 2178 Ὑψίστου,
660 2111 717 2183 ἢ,
734 2111 797 2163 '0
811 2111 1146 2182 καθήμενος
1159 2113 1229 2166 ἐν
1245 2113 1572 2182 ἀποκρύφῳ
1584 2113 1600 2134 ⁸
1611 2115 1726 2183 Υψί
1727 2129 1877 2169 στου
1891 2131 1908 2147 ο

319 2201 620 2274 ἐπειδήπερ
662 2203 721 2256 ὲν
758 2204 1090 2276 ἀπορρήτοις
1134 2204 1228 2258 καὶ
1270 2206 1612 2276 ἀποκρύφοις
1659 2205 1911 2277 σύνεδρον

321 2310 383 2346 σε
414 2293 510 2346 καὶ
549 2293 837 2366 σύνθρονον
868 2298 897 2349 6
930 2295 1190 2365 Ὕψιστος
1220 2296 1533 2368 ἐποιήσατο,
1563 2297 1743 2368 φήσας
1770 2296 1911 2369 πρὸς

321 2383 416 2438 σέο
471 2383 668 2440 Κάθου
700 2386 770 2440 ἐκ
798 2385 920 2440 τῶν
949 2386 1166 2452 δεξιῶν
1187 2405 1342 2456 μου,
1378 2388 1490 2454 ἕως
1533 2387 1611 2442 ἂν
1648 2387 1729 2442 θῶ
1768 2390 1912 2456 τοὺς

318 2476 572 2546 ἐχθρούς
599 2493 718 2534 σου
742 2479 1080 2534 ὑποπόδιον
1110 2480 1231 2534 τῶν
1262 2480 1467 2535 ποδῶν
1493 2499 1633 2536 σου.

401 2567 656 2638 Ὑψίστου
671 2569 869 2646 δὲδνοου
877 2571 1036 2642 μένου
1053 2573 1112 2625 ἐν
1130 2573 1342 2636 τούτοις
1359 2571 1453 2626 τοῦ
1470 2573 1748 2627 ἀνωτάτου
1773 2572 1910 2628 Θεοῦ

317 2656 428 2712 τῶν
460 2658 629 2713 ὄλων-
657 2661 864 2730 Κυρίου
892 2661 949 2714 δὲ
975 2661 1108 2715 Υἱοῦ
1136 2662 1232 2715 τοῦ
1259 2662 1415 2729 Θεοῦ,
1445 2663 1504 2722 ὃς
1533 2662 1625 2717 τὸν
1644 2663 1910 2734 ’Ὕψιστον

319 2747 471 2802 εθετο
501 2751 819 2819 καταφυγὴν
845 2750 1031 2817 αὑτοῦ,
1062 2752 1290 2816 εἰκότως
1327 2755 1422 2806 καὶ
1440 2754 1680 2824 Μωῦσῆς
1703 2755 1782 2825 τῷ
1815 2756 1913 2810 αύ-

317 2835 398 2906 τῷ
418 2835 546 2907 θείῳ
566 2837 843 2908 Πνεῦματι
860 2839 1121 2911 θεοφορού
1130 2857 1291 2911 μενος
1313 2842 1593 2898 ἐδίδασκεν
1613 2845 1671 2896 ἐν
1696 2845 1910 2918 μεγάλῃ

317 2924 428 2998 ᾠδῇ
457 2926 656 2995 λέγων·
717 2929 855 2982 Ὅτε
886 2928 1204 2998 διεμέριζεν
1235 2935 1269 2985 ό
1299 2932 1595 3001 ’Υψιστος
1623 2935 1766 3003 ἔθνη
1787 2974 1803 2999 ,
1831 2937 1912 3001 ὠς

318 3014 659 3086 διέσπειρεν
688 3017 858 3084 υἱοὺς
890 3018 1084 3088 Ἀδὰμ,
1113 3020 1380 3090 ἔστησεν
1400 3021 1530 3090 ὅρια
1547 3023 1738 3078 ἐθνῶν
1762 3025 1912 3080 κατὰ

317 3108 569 3180 ἀριθμὸν
587 3109 858 3179 ἀγγέλων
881 3109 1050 3165 Θεοῦ.
1075 3111 1188 3167 Καὶ
1209 3111 1464 3181 ἐγενήθη
1484 3113 1668 3183 μέρος
1685 3119 1910 3184 Κυρίου

2007 657 2200 708 simum
2243 658 2466 725 posuisti
2510 658 2772 728 refugium
2806 668 2988 722 tuum;
3036 663 3588 731 apertissimedecla-

2007 759 2137 799 rans
2159 743 2448 800 Dominum
2476 760 2598 801 esse
2623 746 2690 800 ad
2705 762 2865 817 quem
2891 747 3005 802 haec
3035 749 3216 804 omnia
3238 749 3583 806 dicebantur.

2008 831 2145 887 Cum
2181 834 2330 887 nulla
2374 834 2520 889 enim
2555 836 2613 888 in
2651 835 2833 889 medio
2877 850 3124 905 personae
3171 840 3406 893 mutatio
3440 839 3589 894 facta

2010 925 2102 992 sit,
2141 926 2326 980 omnia
2357 941 2468 980 una
2496 928 2785 991 sententia,
2821 929 2976 997 quasi
3025 929 3118 982 uni
3159 929 3328 992 dicta,
3361 931 3590 986 concin-

2010 1025 2138 1072 nata
2167 1026 2314 1081 sunt,
2345 1032 2411 1071 ac
2450 1017 2536 1073 his
2575 1017 2757 1073 verbis
2788 1019 2935 1074 clare
2964 1019 3306 1090 signiﬁcatur
3334 1021 3552 1078 declara
3571 1051 3586 1064 ο

2009 1117 2206 1179 torque
2238 1111 2362 1179 quis
2399 1109 2490 1163 ille
2521 1109 2592 1164 sit
2627 1109 2931 1176 :Quoniam
2964 1119 3022 1163 tu
3065 1127 3141 1177 es,
3185 1110 3430 1179 Domine,
3471 1128 3588 1181 spes

2010 1218 2148 1266 mea,
2173 1200 2506 1255 Altissimum
2537 1202 2763 1269 posuisti
2783 1202 3044 1272 refugium
3067 1213 3234 1258 tuum.
3255 1203 3396 1270 Quia
3416 1205 3585 1270 enim,

2011 1290 2208 1362 inquit,
2256 1299 2338 1356 tu,
2387 1290 2633 1355 Domine,
2668 1292 2725 1346 in
2765 1307 2928 1363 quem
2975 1308 3074 1365 ego
3111 1295 3346 1364 speravi,
3372 1294 3590 1350 Altissi-

2010 1396 2180 1446 mum,
2231 1382 2285 1436 id
2335 1390 2419 1437 est
2455 1396 2771 1452 supremum
2829 1381 3001 1436 Deum
3045 1393 3099 1439 et
3153 1383 3371 1441 Patrem
3409 1392 3586 1453 tuum,

2009 1473 2278 1544 refugium
2313 1483 2464 1528 tuum
2512 1475 2771 1545 posuisti,
2811 1473 2935 1530 ideo
2966 1489 3077 1530 non
3107 1475 3369 1532 accedent
3405 1477 3471 1531 ad
3508 1487 3585 1542 te,

2011 1581 2188 1635 neque
2219 1566 2410 1630 millia,
2447 1581 2628 1637 neque
2655 1567 2842 1622 decem
2892 1567 3083 1632 millia,
3132 1583 3234 1623 nec
3283 1569 3463 1639 laquei
3493 1585 3590 1624 ve-

2011 1659 2281 1724 nantium,
2314 1673 2490 1728 neque
2528 1658 2680 1713 aliud
2719 1658 2996 1730 quidpiam
3045 1675 3111 1716 ex
3147 1661 3500 1716 memoratis:
3535 1670 3593 1716 et

2013 1752 2139 1822 quia
2166 1759 2245 1815 tu,
2275 1750 2535 1819 Domine,
2567 1767 2693 1822 spes
2733 1753 2838 1807 mei
2870 1769 2930 1809 es
2961 1753 3078 1808 haec
3105 1752 3337 1809 dicentis
3372 1772 3384 1807 :
3421 1754 3591 1808 Altis-

2012 1843 2207 1896 sitnum
2233 1843 2459 1911 posuisti
2490 1842 2753 1913 refugium
2785 1852 2974 1907 tuum;
3014 1843 3142 1899 ideo
3179 1843 3336 1898 initio
3380 1857 3591 1899 sermo-

2011 1931 2098 1988 nis
2130 1932 2196 1987 de
2226 1941 2278 1987 te
2323 1933 2572 1988 dicebam
2609 1951 2624 1986 :
2659 1933 2765 1999 Qui
2788 1933 2994 1988 habitat
3036 1934 3094 1988 in
3127 1933 3394 2004 adjutorio
3423 1935 3591 1990 Altis-

2011 2023 2153 2087 simi,
2190 2031 2284 2078 aut
2312 2039 2327 2077 :
2362 2023 2469 2091 Qui
2489 2024 2696 2078 habitat
2718 2027 2773 2079 in
2803 2025 3112 2080 abscondito
3141 2026 3426 2089 Altissimi,
3458 2028 3590 2098 quia

2010 2113 2068 2168 in
2097 2114 2315 2170 arcanis
2347 2123 2400 2170 et
2429 2115 2664 2172 occultis
2701 2123 2755 2171 te
2793 2117 3110 2174 Altissimus
3138 2117 3284 2174 sedis
3321 2125 3376 2174 et
3404 2118 3588 2174 throni

2011 2213 2322 2263 consortem
2347 2205 2547 2273 eﬂ'ecit,
2577 2215 2634 2264 te
2671 2210 2752 2264 sic
2793 2209 3080 2279 alloquens
3117 2229 3130 2264 :
3163 2208 3296 2265 Sede
3323 2228 3355 2264 a
3385 2210 3589 2266 dextris

2012 2297 2164 2361 meis,
2204 2295 2368 2351 donec
2406 2313 2600 2367 ponam
2643 2300 2886 2355 inimicos
2919 2312 3036 2356 tuos
3083 2301 3370 2357 scabellum
3401 2302 3592 2374 pedum

2013 2398 2225 2444 tuorum
2245 2391 2316 2445 τ’.

2081 2547 2218 2602 Cum
2264 2557 2444 2605 autem
2475 2550 2790 2608 Altissimus
2813 2551 2905 2608 hic
2935 2568 3035 2623 pro
3064 2569 3323 2625 supremo
3346 2555 3592 2611 omnium

2012 2637 2124 2694 Deo
2151 2640 2518 2712 intelligatur;
2572 2642 2837 2699 Dominus
2891 2649 3074 2698 autem
3137 2661 3236 2714 pro
3294 2643 3434 2699 Filio
3475 2645 3592 2711 Dei,

2011 2731 2106 2800 qui
2146 2731 2489 2788 Altissimum
2521 2737 2703 2804 posuit
2738 2735 3008 2807 refugium
3050 2751 3250 2804 suum;
3273 2738 3401 2808 jure
3446 2737 3597 2810 Moy-

2013 2836 2102 2876 ses
2123 2820 2370 2890 ejusdem
2403 2821 2644 2892 Spiritus
2659 2825 2884 2880 numine
2903 2824 3118 2881 atllatus
3145 2825 3199 2879 in
3222 2841 3422 2897 magno
3463 2841 3598 2882 can-

2011 2916 2119 2971 tico
2154 2916 2268 2971 haec
2307 2917 2493 2971 docuit
2527 2936 2540 2973 :
2573 2917 2798 2984 Quando
2839 2917 3104 2973 dividebat
3135 2919 3442 2974 Altissimus
3471 2935 3598 2990 gen-

2011 3016 2108 3072 tes,
2140 3018 2198 3062 ut
2220 3008 2604 3064 disseminabat
2635 3010 2779 3079 filios
2811 3009 3008 3075 Adam,
3040 3011 3312 3064 constituit
3346 3011 3595 3065 terminos

2012 3103 2348 3172 populorum,
2380 3101 2668 3157 secundum
2711 3119 2988 3158 numerum
3029 3104 3335 3174 angelorum
3378 3102 3490 3157 Dei.
3527 3101 3597 3155 Et

317 3201 467 3268 λαὸς
483 3201 668 3256 αὑτοῦ
703 3202 919 3266 Ἰακὼϐ,
942 3202 1276 3273 σχοίνισμα
1296 3207 1702 3275 κληρονομίας
1724 3207 1911 3262 αὐτοῦ

2014 3194 2162 3263 facta
2198 3202 2277 3248 est
2316 3195 2488 3262 portio
2522 3193 2739 3248 Domini
2765 3194 2990 3263 populus
3015 3195 3129 3264 ejus
3157 3193 3349 3258 Iacob,
3385 3193 3598 3261 funicu-

331 3288 590 3359 Ὶσραήλ.
617 3289 716 3344 Διά
739 3290 943 3344 τούτων
981 3291 1114 3360 γοῦν
1163 3293 1257 3346 καὶ
1288 3295 1317 3346 6
1350 3273 1597 3364 Μωῡσῆς
1648 3296 1910 3366 ’Ύψιστον

2013 3286 2097 3340 lus
2144 3285 2472 3339 hareditatis
2528 3285 2643 3354 ejus
2710 3284 2884 3339 Israel
2925 3286 2996 3343 ".
3054 3284 3150 3340 His
3190 3284 3333 3340 enim
3385 3283 3599 3356 Moyses

320 3382 509 3452 σαφῶς
527 3384 790 3454 προσεῖπε
830 3383 924 3436 τὸν
954 3383 1255 3454 ἀγέννητον
1277 3384 1420 3438 ’Θεὸν
1442 3425 1457 3450 ,
1492 3386 1814 3459 διανέμοντα
1842 3389 1910 3442 τὰ

317 3472 413 3525 επὶ
425 3473 528 3544 γῆς
551 3472 678 3546 ἔθνη
695 3477 808 3538 τοῖς
829 3474 1025 3528 ἑαυτοῦ
1050 3475 1303 3544 ἀγγέλοις
1319 3493 1334 3506 ·
1363 3477 1570 3549 Κύριον
1589 3479 1647 3533 δὲ
1670 3479 1762 3533 τὸν
1782 3479 1909 3533 Υἱδν

316 3564 420 3618 τοῦ
437 3563 700 3629 Θεοῦ,τὺν
724 3565 877 3636 παρά
897 3563 994 3618 τοῦ
1041 3567 1258 3638 Πατρὸς
1287 3567 1379 3621 τὸν
1415 3569 1628 3642 Ἰσραὴλ
1658 3571 1910 3626 ὑποδεδε-

322 3654 548 3726 γμένον.
578 3655 752 3719 Αὐτὸς
772 3655 817 3708 δ’
840 3652 934 3708 οὖν
953 3647 1110 3718 οὗτος
1140 3658 1169 3708 6
1193 3657 1398 3730 Κύριος
1427 3659 1519 3712 καὶ
1545 3659 1634 3712 διὰ
1646 3661 1756 3714 τῶν
1779 3678 1912 3733 προ-

320 3745 587 3816 κειμένων
617 3746 676 3799 ὲν
705 3744 927 3816 βοηθείᾳ
947 3743 1043 3797 τοῦ
1075 3744 1336 3813 Ὑψίστου
1365 3752 1643 3804 κατοικεῖν
1669 3751 1906 3820 ἐλέγετο,

319 3837 648 3908 καταφυγήν
673 3853 734 3890 τε
767 3836 961 3891 ἑαυτοῦ
985 3836 1076 3891 τὸν
1099 3837 1366 3907 ’Ὕψιστον
1387 3838 1682 3905 τεθεῖσθαι,
1709 3841 1909 3917 δηλαδὴ

318 3923 412 3977 τὸν
439 3923 632 3978 ἑαυτοῦ
672 3924 934 3997 Πατέρα.
970 3925 1063 3979 Διὸ
1094 3925 1344 3980 λέλεκται
1377 3927 1514 3998 πρὸς
1544 3931 1735 3984 αὐτόν’
1789 3933 1911 3986 Ὅτι

321 4015 403 4070 σὺ
427 4057 442 4083 ,
467 4017 645 4084 Κύριε
664 4057 678 4080 ,
713 4018 889 4082 ἐλπίς
915 4035 1067 4087 μου,
1097 4017 1205 4073 τὸν
1237 4020 1528 4087 Ὕψιστον
1553 4023 1694 4076 ἔθου
1725 4040 1908 4079 κατα-

321 4103 527 4174 φυγήν
553 4118 690 4160 σου.
750 4107 902 4159 Ἐπεὶ
925 4107 984 4161 δὲ
1026 4106 1458 4179 Ἰουδαῖκὼτερον
1482 4111 1513 4162 6
1554 4111 1785 4178 Ἀκύλας
1817 4116 1911 4169 καὶ

323 4195 351 4248 6
377 4195 670 4269 Σύμμαχος
695 4198 797 4269 τὴν
828 4198 1121 4270 ἑρμηνείαν
1152 4200 1494 4255 ὲκτεθείκασι
1514 4243 1529 4267 ,
1566 4204 1909 4278 ὑφορώμενοι

324 4288 385 4342 τὸ
419 4291 550 4361 περὶ
591 4290 682 4344 τοῦ
730 4291 982 4361 Ὑψίστου
1016 4292 1112 4346 καὶ
1144 4295 1274 4365 περὶ
1296 4293 1390 4347 τοῦ
1418 4295 1625 4365 Κυρίου
1654 4298 1910 4353 ἀποδεδο-

328 4381 488 4452 μένον
519 4383 650 4454 ἡμῖν
691 4383 900 4454 δόγμα⁹
937 4386 1032 4438 καὶ
1061 4385 1092 4437 6
1138 4386 1238 4457 μὲν
1292 4386 1522 4452 Ἀκύλας
1565 4391 1912 4461 ήρμήνευσεν

324 4471 524 4528 εἰπών’
560 4473 689 4527 "Ott
716 4473 819 4537 σὺ,
842 4475 1040 4543 Κύριε,
1071 4475 1248 4544 ἐλπίς
1269 4495 1422 4547 μου,
1475 4478 1742 4548 ὕψιστον
1782 4481 1913 4552 ἐθη-

323 4579 405 4618 κα
455 4562 913 4633 κατοικητήριόν
944 4579 1094 4620 σου·
1137 4568 1166 4620 6
1208 4567 1266 4620 δὲ
1307 4567 1631 4640 Σύμμαχοςο
1667 4572 1752 4625 Σὺ
1779 4571 1909 4643 γὰρ,

327 4655 455 4722 Θεέ,
486 4654 705 4725 ἀφοϐία
743 4673 889 4725 μου,
923 4657 1198 4726 ὑψίστην
1229 4658 1371 4714 ἔθου
1408 4658 1524 4727 τὴν
1555 4662 1914 4729 κατοίκησιν

324 4762 471 4804 σου·
506 4747 772 4820 τηρητέον
810 4746 1027 4819 πρῶτον
1059 4748 1158 4819 μὲν
1183 4788 1199 4812 ,
1241 4749 1318 4814 ὡς
1359 4751 1392 4822 ὴ
1432 4750 1655 4823 πέμπτη
1701 4751 1914 4818 ἕκδοσις

327 4841 542 4912 συνᾴδει
572 4842 687 4903 τοῖς
717 4839 1152 4911 Ἐὁδομήκοντα,
1195 4840 1417 4912 φήσασα
1445 4839 1542 4893 καὶ
1564 4840 1734 4912 αὐτή·
1783 4841 1911 4895 Ὅτι

323 4931 432 4995 σὺ,
455 4931 654 4999 Κύριε,
676 4931 850 4996 ἐλπίς
874 4948 1016 4999 μου,
1040 4929 1148 4984 τὸν
1173 4931 1463 4998 Ὕψιστον
1485 4930 1628 4988 ἔθου
1655 4948 1913 5002 καταφυ-

323 5019 444 5091 γήν
470 5035 588 5076 σου
609 5037 622 5052 ·
657 5021 943 5092 δεύτερον,
975 5021 1053 5085 ὡς
1084 5023 1118 5092 ή
1159 5021 1426 5094 Ἑϐραῖκὴ
1462 5022 1614 5094 φωνὴ
1633 5063 1648 5088 ,
1697 5023 1911 5078 Ἑλίων

325 5111 654 5185 περιέχουσα
687 5111 780 5166 τὸν
809 5111 1069 5181 Ὕψιστον
1091 5111 1260 5182 δηλοῖ.
1291 5110 1540 5183 Εὖρομεν
1568 5112 1703 5182 γοῦν
1725 5114 1784 5166 ὲν
1809 5119 1906 5178 νς¹

323 5203 525 5277 ψαλμῷ
552 5204 801 5276 κείμενον
825 5204 887 5258 τὸ
905 5245 920 5269 ,
939 5203 1309 5274 Κεκράξομαι
1333 5204 1483 5272 πρὸς
1503 5203 1610 5259 τὸν
1630 5205 1779 5259 Θεὸν
1801 5204 1908 5259 τὸν

324 5297 620 5367 ὕψιστονο
657 5295 786 5350 ἔνθα
819 5296 938 5349 ἀντὶ
967 5294 1061 5348 τοῦ
1085 5335 1100 5360 ,
1125 5293 1232 5348 τὸν
1263 5294 1529 5364 ὕψιστον
1546 5333 1562 5359 ,
1592 5296 1657 5351 τὸ
1688 5295 1906 5367 Ἑϐραῖ-

324 5389 423 5444 κδν
486 5386 701 5442 Ἐλίων
753 5387 1019 5458 περιέχει,
1068 5387 1144 5451 ὼς
1189 5388 1283 5441 καὶ
1343 5387 1438 5440 ἐπὶ
1485 5387 1580 5440 τοῦ
1618 5388 1904 5460 παρόντος.

327 5481 443 5534 οὐκ
469 5479 577 5550 ἄρα
603 5478 708 5550 χρὴ
740 5476 1093 5549 βιαζομένους
1129 5479 1231 5551 τὴν
1257 5476 1517 5548 ἀλήθειαν
1541 5476 1905 5549 διαστρέφειν.

328 5569 439 5626 Καὶ
487 5567 660 5630 ἄλλως
689 5566 746 5620 δὲ
764 5605 779 5630 ,
808 5568 965 5638 ειπερ
1003 5565 1144 5620 κατά
1176 5565 1268 5620 τὸν
1315 5564 1546 5620 ’Δκύλαν
1581 5566 1720 5639 πρὸς
1747 5565 1911 5628 αὐτὸν

330 5659 422 5713 τὸν
472 5658 673 5731 Κύριον
725 5656 996 5724 λέλεκται,
1103 5658 1230 5712 Ὅτι
1284 5656 1366 5712 σὺ
1388 5695 1404 5722 ,
1469 5658 1682 5726 Κύριε,
1734 5657 1910 5724 ἐλπίς

328 5768 468 5822 μου,
539 5750 802 5818 ὕψιστον
853 5749 1040 5821 ἔθηκα
1085 5749 1429 5820 οἰκητήριον
1475 5763 1591 5808 σου
1608 5767 1623 5789 ἠ
1679 5748 1712 5820 ἢ
1769 5749 1908 5804 κατὰ

2010 3376 2180 3432 Deum
2212 3378 2515 3447 ingenitum
2541 3376 2752 3448 liquido
2779 3377 3122 3433 Altissimum
3160 3377 3472 3447 appellavit,
3503 3377 3598 3447 qui

2008 3478 2198 3540 gentes
2259 3477 2414 3525 terra:
2471 3470 2680 3540 angelis
2737 3470 2855 3526 suis
2915 3469 3232 3534 distribuit;
3307 3468 3598 3524 Dominum

2006 3576 2139 3616 vero
2188 3558 2388 3615 Filium
2436 3559 2554 3624 Dei,
2589 3561 2685 3632 qui
2735 3560 2989 3617 lsraelem
3030 3575 3060 3614 a
3113 3559 3276 3615 Patre
3334 3561 3596 3630 suscepit.

2008 3650 2109 3708 Hic
2158 3669 2288 3724 ergo
2341 3655 2459 3724 ipse
2533 3651 2798 3708 Dominus
2870 3653 2925 3706 in
2990 3651 3265 3721 adiutorio
3330 3650 3598 3706 Altissimi

2008 3743 2256 3800 habitare
2327 3744 2717 3809 afﬁrmabatur,
2791 3751 2847 3799 et
2915 3743 3259 3800 Altissimum
3344 3745 3600 3814 posuisse

2007 3835 2275 3906 refugium
2324 3851 2505 3902 suum,
2546 3836 2801 3892 videlicet
2847 3834 3064 3891 Patrem
3108 3851 3290 3892 suum.
3323 3836 3600 3903 Quamob-

2007 3943 2122 3983 rem
2161 3926 2367 3982 dictum
2428 3935 2513 3983 est
2569 3928 2648 3983 illi
2705 3947 2719 3983 :
2775 3927 3044 3994 Quoniam
3094 3938 3153 3983 tu
3213 3946 3290 3991 es,
3353 3927 3596 3994 Domine,

2007 4031 2122 4084 spes
2155 4033 2292 4080 mea,
2322 4017 2659 4071 Altissimum
2689 4016 2919 4086 posuisti
2955 4015 3220 4086 refugium
3256 4027 3425 4071 tuum.
3458 4017 3598 4084 Quia

2007 4123 2138 4164 vero
2201 4108 2399 4179 Aquila
2447 4116 2502 4163 et
2548 4107 2911 4180 Symmachus
2966 4107 3131 4162 modo
3185 4107 3252 4162 ad
3309 4107 3598 4163 Judaicam

2009 4200 2338 4256 sententiam
2399 4199 2629 4270 propius
2685 4199 2985 4256 accedente
3042 4198 3385 4269 interpretati
3444 4209 3594 4267 sunt,

2011 4285 2323 4341 doctrinam
2358 4301 2389 4342 a
2420 4288 2580 4343 nobis
2610 4288 2678 4343 de
2707 4288 2992 4345 Altissimo
3026 4297 3081 4344 et
3110 4288 3178 4344 de
3213 4287 3444 4342 Domino
3486 4298 3600 4344 tra-

2009 4377 2178 4432 ditam
2228 4387 2540 4448 suspectam
2585 4379 2893 4447 habentes;
2929 4378 3127 4450 Aquila
3182 4381 3326 4436 enim
3391 4379 3596 4443 edidit.

2012 4468 2276 4535 Quoniam
2300 4479 2378 4534 tu,
2427 4469 2671 4535 Domine,
2707 4487 2824 4540 spes
2883 4489 3022 4536 mea,
3073 4472 3396 4526 altissimum
3443 4472 3597 4540 posui

2015 4560 2381 4615 habitaculum
2440 4569 2628 4626 tuum;
2677 4561 3042 4634 Symmachus
3091 4577 3253 4626 vero,
3314 4561 3392 4614 Tu
3434 4561 3596 4627 enim,

2016 4651 2179 4713 Deus.
2200 4653 2401 4722 ﬁducia
2428 4671 2567 4719 mea,
2593 4653 2918 4710 altissimam
2961 4656 3188 4726 posuisti
3216 4653 3597 4709 habitationem

2014 4755 2193 4808 tuam;
2222 4746 2624 4802 observandum
2657 4747 2835 4817 primo
2853 4754 2958 4810 est,
2986 4747 3238 4816 quintam
3303 4745 3597 4802 editionem

2015 4832 2367 4906 Septuaginta
2395 4835 2792 4906 lnterpretibus
2820 4836 3094 4904 accinere,
3125 4851 3252 4890 nam
3281 4847 3336 4891 et
3367 4837 3486 4907 ipsa
3513 4836 3596 4893 sic

2011 4925 2196 4992 habet,
2229 4925 2492 4993 Quoniam
2527 4936 2606 4992 tu,
2655 4926 2898 4992 Domine,
2931 4943 3045 4997 spes
3094 4944 3232 4993 mea,
3270 4928 3595 4985 altissimum

2010 5017 2239 5086 posuisti
2285 5018 2550 5094 rpfugium
2607 5029 2756 5074 tuum
2798 5035 2819 5084 ;
2855 5019 3120 5087 secundo,
3153 5019 3471 5076 Hebraicam
3498 5035 3596 5076 vo-

2013 5125 2155 5175 cem,
2181 5125 2304 5180 quaa
2340 5109 2502 5164 Elian
2527 5109 2692 5166 habet
2707 5109 3042 5165 Altissimum
3063 5111 3388 5182 significare.
3424 5110 3481 5166 In
3507 5126 3596 5167 LVI

2011 5201 2156 5256 enim
2172 5201 2382 5273 psalmo
2397 5202 2478 5258 sic
2490 5216 2811 5273 expressum
2827 5201 3134 5258 invenimus
3151 5204 3195 5234 "
3215 5221 3228 5256 :
3255 5202 3510 5258 Clamabo
3525 5202 3596 5257 ad

2011 5290 2182 5348 Deum
2210 5292 2531 5347 altissimum
2561 5308 2581 5347 :
2619 5293 2711 5349 ubi
2736 5308 2837 5363 pro
2861 5292 2977 5358 illo,
3004 5293 3344 5357 altissimum,
3369 5291 3596 5348 Hebrai-

2012 5397 2138 5437 cum
2163 5383 2459 5452 exemplar,
2485 5381 2664 5446 Elian,
2697 5381 3033 5448 circumfert,
3057 5391 3118 5437 ut
3142 5390 3197 5437 et
3231 5382 3286 5436 in
3317 5383 3591 5450 praesenti.

2008 5473 2128 5529 Non
2163 5483 2379 5544 oportet
2406 5489 2538 5544 ergo
2569 5473 2827 5529 violentia
2856 5482 3076 5530 utentes
3125 5474 3410 5530 veritatem
3439 5490 3595 5530 ever-

2011 5573 2148 5620 tere.
2179 5563 2248 5620 Et
2274 5564 2516 5634 alioquin
2537 5564 2584 5619 si
2608 5563 2911 5620 secundum
2937 5563 3192 5634 Aquilam
3225 5563 3330 5634 ipsi
3359 5549 3595 5622 Domino

2010 5656 2218 5713 dictum
2252 5657 2344 5726 sit,
2376 5657 2641 5724 Quoniam
2675 5665 2730 5711 tu
2755 5673 2834 5724 es,
2857 5655 3100 5724 Domine,
3133 5671 3247 5726 spes
3278 5672 3416 5721 mea,
3437 5655 3592 5712 altis‘

2011 5750 2207 5805 simum
2254 5750 2408 5820 posui
2461 5748 2823 5805 habitaculum
2889 5758 3073 5815 tuum;
3133 5755 3227 5804 aut
3291 5747 3592 5804 secundum

284 5956 287 5958 .
403 5903 449 5937 "
486 5900 631 5960 Psal.
665 5917 788 5970 eis,
822 5904 875 5961 ί.
948 5903 996 5939 ’³
1036 5902 1190 5962 Deut.
1225 5919 1412 5965 sunt.
1451 5905 1504 5963 8.
1542 5904 1594 5961 9.
1673 5906 1718 5940 ⁷⁸
1773 5904 1918 5963 Psal.
1951 5921 2038 5963 ινι
2108 5905 2164 5962 3.
