4074 6408
328 352 466 408 “55

1452 334 1960 405 couMENrAt‘ttA
1998 347 2064 403 ω
2104 334 2446 405 PSALMOS.

3448 358 3590 413 1154

320 467 442 527 ταῖς
473 463 708 535 ἡμέραις
744 463 963 528 νύκτας.
986 461 1212 518 Μέλλων
1234 464 1343 534 γὰρ
1364 465 1457 547 επὶ
1476 466 1538 519 τὸ
1563 464 1894 535 Εὐαγγέλιον

2000 463 2237 520 candum
2272 464 2589 535 proditurus
2622 462 2788 532 esset,
2826 470 3115 539 antequam
3145 467 3591 540 praedicationem

320 556 419 628 τῆς
445 556 538 611 τοῦ
564 555 700 611 Θεοῦ
730 555 1006 627 βασιλείας
1039 556 1296 628 παριέναι
1312 597 1327 621 ,
1358 558 1487 630 πρὶν
1513 558 1776 631 ἄρξασθαι
1802 559 1896 612 τοῦ

321 647 674 720 κηρύγματος
690 691 706 712 ,
734 650 829 702 καὶ
851 648 957 718 πρὸ
981 650 1081 719 τῆς
1100 632 1193 712 ἐίς
1216 647 1534 719 ἀνθρώπους
1555 650 1896 720 εὐεργεσίας,

320 742 411 794 ἐπὶ
426 741 524 804 τὰς
543 740 741 812 ἐχθρὰς
755 741 850 794 καὶ
870 740 1134 813 πολεμίας
1153 741 1248 795 τοῦ
1263 740 1372 794 τῶν
1386 741 1485 795 ἀνθ
1494 740 1691 813 ρώπων
1707 743 1902 811 γένους

318 830 575 903 δυνάμεις
601 833 860 903 ἀνήγετο⁸
894 833 1072 898 ὅπως,
1103 832 1317 896 ὲκείνας
1345 831 1567 904 πρώτας
1592 850 1901 903 καταγωνι-

322 926 553 995 σάμενος
580 926 675 978 καὶ
704 921 967 989 καθελὼν,
989 924 1161 989 οὕτως
1181 924 1276 979 ἐπὶ
1295 924 1394 996 τὴν
1413 924 1524 979 τῶν
1545 927 1713 981 πάλαι
1732 944 1901 981 κατα-

321 1018 666 1088 πονουμένων
708 1015 976 1091 λύτρωσίν
1013 1035 1073 1072 τε
1114 1019 1207 1072 καὶ
1242 1016 1565 1089 -ὲλευθερίαν
1615 1019 1895 1092 παρέλθοι.

332 1110 531 1182 Ἐχρῆν
562 1110 669 1182 γὰρ
706 1111 902 1173 αὐτοὺς
934 1110 998 1183 δὴ
1032 1111 1266 1182 μάλιστα
1297 1109 1550 1185 πρώτους
1581 1114 1707 1177 τοὺς
1746 1113 1898 1184 παρὰ

319 1205 455 1257 πᾶσι
483 1196 596 1267 τοῖς
624 1202 800 1257 ἔθνεσι
829 1203 984 1266 θεοὺς
1008 1197 1147 1257 εἶναι
1178 1202 1526 1275 νομίσαντας,
1557 1205 1772 1269 καὶτὰς
1790 1205 1907 1258 τῶν

320 1293 625 1369 ἀνθρώπων
645 1293 822 1364 ψυχὰς
840 1292 1243 1365 αίχμαλώτους,
1268 1293 1376 1347 ἀπὸ
1394 1292 1498 1365 τῆς
1521 1292 1616 1348 τοῦ
1631 1293 1741 1349 τῶν
1761 1293 1906 1349 ὅλων

318 1386 455 1440 Θεοῦ
477 1386 732 1456 γνώσεώς
758 1404 817 1441 τε
841 1388 934 1442 καὶ
953 1385 1233 1450 εὐσεϐείας
1254 1386 1706 1458 ἀφαρπάσαντας,
1734 1386 1901 1442 καθυ-

319 1478 550 1544 ποτάξαι
568 1481 662 1532 καὶ
684 1478 785 1548 τῆς
806 1479 1116 1550 τυραννίδος
1135 1480 1411 1536 καθελετνο
1438 1477 1550 1535 εἷθ’
1570 1480 1742 1544 οὕτως
1764 1480 1899 1534 ἀπα-

319 1586 405 1625 σιν
438 1570 747 1642 ἀνθρώποις
767 1571 828 1625 τὸ
855 1572 1188 1642 Εὖαγγέλιον
1215 1572 1317 1644 τῆς
1337 1572 1433 1628 τοῦ
1460 1572 1596 1628 Θεοῦ
1623 1560 1898 1644 βασιλείας

317 1664 673 1737 παραδοῦναι.
729 1664 821 1719 Διὸ
853 1664 917 1736 δὴ
958 1663 1064 1737 πρὸ
1105 1666 1284 1739 πάσης
1314 1658 1701 1738 ἱστορουμένης
1730 1665 1896 1721 αὑτοῦ

316 1755 569 1826 πράξεως
612 1756 844 1827 ἀνήγετο
887 1758 969 1820 είς
998 1755 1097 1829 τὴν
1146 1755 1351 1829 ἔρημον
1396 1755 1759 1827 πειρασθῆναι
1793 1750 1898 1809 ὑπὸ

313 1846 408 1900 τοῦ
439 1826 719 1901 διαϐόλουέ
764 1848 859 1903 καὶ
888 1843 957 1919 ἦν
999 1826 1135 1920 μετὰ
1163 1826 1272 1901 τών
1300 1826 1539 1920 θηρίων,
1570 1845 1647 1911 ὥς
1680 1863 1842 1917 φησιν
1869 1848 1897 1900 ὁ
1929 1826 1970 1882 Β

314 1935 736 2008 εὐαγγελιστὴς,
770 1936 934 2008 θηρία
978 1936 1289 2009 προσειπὼν
1320 1940 1419 2001 τὰς
1463 1937 1896 2010 ἁπηγριωμένας

314 2024 410 2077 καὶ
435 2023 721 2096 θηριώδεις
748 2029 990 2097 πονηρὰς
1015 2027 1292 2099 δυνάμεις.
1343 2026 1494 2081 Λύτά
1515 2027 1578 2100 δὴ
1604 2024 1707 2105 οὖν.
1723 2026 1899 2081 ταῦτα

313 2107 462 2170 καὶ’ό
506 2116 694 2188 παρὼν
726 2117 939 2188 ψαλμὸς
969 2120 1355 2190 προαναφωνεῖ
1379 2118 1702 2191 προφητικῷ
1728 2117 1898 2173 Ilvati-

313 2223 441 2277 ματι
460 2206 788 2275 ἀναγκαίως.
814 2207 926 2279 Χρὴ
944 2207 1071 2280 γὰρ,
1084 2208 1171 2261 διὰ
1182 2208 1292 2261 τῶν
1308 2207 1611 2280 ἔμπροσθεν
1625 2209 1902 2282 διδαχθέν-

310 2314 408 2361 τας
429 2298 495 2353 τά
518 2300 645 2370 περὶ
668 2299 767 2369 τῆς
786 2302 867 2364 είς
890 2300 1213 2373 ἀνθρώπους
1234 2302 1538 2372 παρουσίας
1562 2303 1659 2357 τοῦ
1684 2320 1829 2375 προφ
1840 2320 1900 2373 q-

310 2387 624 2459 τευομένου,
643 2390 737 2443 καὶ⁴
751 2390 818 2444 τά
839 2408 907 2443 πε
916 2392 967 2462 pl.
988 2391 1087 2463 τῆς
1101 2393 1366 2465 ένσάρκου
1383 2396 1689 2466 γεννήσεως
1706 2395 1895 2462 αὑτοῦ,

309 2478 379 2532 τά
398 2495 459 2530 τε
486 2480 733 2551 περὶτοῦ
770 2481 1023 2546 θανάτου,
1048 2483 1197 2547 ὅπως
1217 2500 1277 2537 τε
1299 2485 1365 2537 ὲκ
1399 2482 1712 2557 σπέρματος
1740 2486 1903 2541 Δαυῒδ

309 2569 538 2642 προελεύ
546 2570 670 2625 σεσθ
677 2588 732 2626 αι
748 2574 990 2645 προκεκή
999 2574 1496 2647 ρυκτο,ἀκολούθως
1509 2577 1601 2630 καὶ
1610 2577 1701 2629 τὸν
1712 2576 1901 2646 ἀγῶνα

311 2661 502 2733 μαθεῖν
528 2664 677 2733 ἡμᾶς
707 2664 766 2717 ὃν
797 2665 969 2736 ἤρατο
999 2667 1142 2721 κατά
1176 2667 1286 2721 τῶν
1315 2668 1709 2738 ἀντικειμένων
1739 2668 1902 2722 δυνάὲ-

2001 557 2184 622 iniret,
2216 568 2269 613 et
2298 566 2591 628 antequam
2623 558 2883 613 beneﬁcia
2919 559 3592 635 hominibus-impertiret,

2000 648 2069 703 ad
2100 649 2354 705 inimicas
2378 659 2434 705 et
2460 650 2806 707 adversarias
2839 652 3028 723 generi
3076 654 3319 709 humano
3357 656 3598 714 virtutes

1999 740 2275 796 adductus
2324 749 2437 809 est;
2489 749 2549 795 ut
2581 757 2707 796 cum
2767 742 2890 799 illas
2946 744 3160 813 priores
3181 745 3511 803 debellasset
3537 754 3596 805 et

1999 833 2380 899 destruxisset,
2417 833 2498 888 sic
2553 833 2620 887 ad
2668 828 2871 887 eorum
2901 834 2997 905 qui
3044 834 3175 889 olim
3217 835 3596 908 amigehantur

1998 924 2429 995 redemptionem
2475 933 2531 981 et
2580 925 2889 981 libertatem
2921 924 3221 981 curandam
3244 929 3588 998 procederet.

1999 1016 2298 1088 Oportebat
2340 1018 2488 1072 enim
2524 1017 2706 1089 primo
2740 1019 2865 1074 illos
2887 1019 2981 1089 qui
3013 1019 3158 1089 apud
3182 1034 3373 1077 omnes
3401 1028 3596 1093 gentes

2001 1124 2101 1180 pro
2120 1109 2227 1166 diis
2245 1110 2669 1181 reputabantttr,
2696 1110 3092 1182 hominumque
3112 1111 3326 1169 animus
3347 1113 3597 1184 captivas

2001 1218 2032 1258 a
2050 1203 2377 1273 cognitione
2408 1201 2504 1258 Dei
2537 1203 2919 1258 universorum
2948 1210 3004 1258 et
3033 1216 3064 1258 a
3093 1203 3300 1274 pietate
3338 1204 3598 1273 abripue-

1999 1300 2142 1356 rant,
2175 1291 2451 1362 subigere,
2493 1306 2686 1347 eorum
2726 1292 3291 1362 tyrannidemdelere
3321 1311 3336 1347 :
3365 1292 3595 1350 deinde-

1998 1400 2107 1456 que
2136 1385 2394 1440 omnibus
2426 1384 2748 1441 hominibus
2782 1383 3137 1455 Evangelium
3172 1385 3327 1456 regni
3362 1383 3456 1441 Dei
3481 1393 3595 1440 tra-
3656 1374 3668 1393 ⁸

1998 1480 2147 1535 dere.
2202 1478 2552 1550 Quapropter
2598 1486 2727 1533 ante
2773 1492 2966 1533 omnes
2997 1477 3136 1533 alias
3168 1476 3290 1547 ejus
3321 1477 3591 1543 actiones,

1997 1586 2122 1643 quae
2144 1571 2199 1626 in
2234 1571 2464 1627 historia
2490 1569 2764 1635 feruntur,
2793 1568 2996 1625 ductus
3019 1569 3177 1624 estin
3198 1568 3502 1635 desertum,
3528 1576 3591 1624 ut

1998 1664 2304 1719 tentaretur
2324 1678 2355 1718 a
2379 1662 2621 1729 diabolo,
2642 1668 3013 1732 eratque-cum
3038 1661 3191 1726 feris,
3225 1668 3286 1716 ut
3309 1661 3387 1714 ait
3421 1675 3593 1716 evan-

1998 1752 2223 1828 gelista,
2264 1742 2429 1811 feras
2457 1758 2783 1825 nuneupans
2832 1763 3079 1826 agrestes
3131 1755 3256 1811 illas
3301 1764 3356 1810 et
3382 1753 3591 1810 ferinas

2000 1844 2268 1915 malignas
2299 1846 2552 1902 virtutes.
2585 1844 2713 1901 Haec
2737 1846 2908 1916 igitur
2928 1846 3045 1917 ipsa
3075 1860 3318 1916 praesens
3340 1846 3591 1917 psalmus

2000 1934 2319 2006 prophetico
2337 1934 2546 2005 Spiritu
2564 1936 2878 1990 necessario
2892 1937 3242 2004 praenuntiat.
3262 1933 3368 1989 Par
3387 1934 3591 2006 quippe

1999 2033 2118 2081 erat
2147 2039 2248 2081 nos
2280 2032 2407 2080 ante
2442 2025 2669 2082 edoctos
2708 2041 2772 2080 ea
2806 2040 2947 2098 qua:
2989 2026 3111 2095 ejus
3142 2027 3237 2097 qui
3268 2026 3323 2080 in
3351 2026 3588 2097 prophe-

2000 2118 2076 2174 tia
2133 2117 2473 2175 enuntiatur.
2515 2114 2809 2175 adventum
2850 2106 2938 2175 'ad
2970 2119 3260 2174 “homines
3314 2116 3587 2190 spectant,

2000 2225 2214 2268 necnon
2250 2219 2372 2282 qua:
2414 2210 2483 2265 ad
2512 2212 2634 2282 ejus
2658 2211 2938 2267 carnalem
2972 2199 3379 2282 generationem
3413 2210 3587 2282 perti-

2001 2307 2153 2368 nent,
2187 2302 2253 2356 ad
2308 2308 2540 2358 mortem
2592 2301 2722 2357 item
2750 2302 2891 2372 ejus,
2922 2309 2976 2356 et
3019 2301 3086 2357 ad
3134 2301 3356 2356 modum
3382 2315 3493 2371 quo
3517 2315 3586 2357 ex

2001 2393 2213 2448 semine
2238 2391 2408 2448 David
2433 2392 2753 2463 proditurus
2782 2392 3275 2463 praenuntiabatur,
3304 2390 3587 2457 ediscere;

2000 2497 2066 2538 ac
2096 2491 2498 2554 consequenter
2517 2485 2683 2539 etiam
2708 2484 2776 2539 de
2805 2476 3107 2541 certamine
3128 2485 3277 2554 ejus,
3294 2484 3440 2555 quod
3461 2480 3591 2539 c'on-

2000 2584 2087 2632 tra
2105 2575 2448 2632 adversarias
2472 2583 2773 2646 potestates
2801 2578 3065 2647 suscepit,
3083 2576 3313 2632 erudiri.
3338 2574 3589 2647 11ωοὶςί-

1998 2677 2094 2725 tur
2120 2683 2362 2741 praesens
2390 2670 2677 2741 prophetia
2707 2670 2971 2735 declarat,
2988 2669 3364 2741 praenuntiatus
3381 2677 3588 2740 quanta

311 2769 476 2825 μεων.
496 2753 683 2809 Ταῦτα
704 2750 795 2809 οὖν
811 2757 843 2827 ἡ
862 2758 1115 2830 παροῦσα
1136 2758 1433 2831 παρίστησι
1454 2760 1758 2830 προφητεία
1780 2775 1894 2831 προ

2002 2762 2061 2816 in
2094 2760 2314 2817 deserto
2359 2760 2643 2830 sustinuit,
2680 2761 2875 2817 diebus
2921 2756 3287 2831 quadraginta
3326 2758 3588 2816 totidem-

308 2844 670 2913 λέγουσα,ιὸσα
689 2847 829 2902 κατὰ
851 2850 950 2920 τὴν
969 2848 1171 2921 ἔρημον
1188 2849 1477 2922 ὑπέμεινεν
1498 2852 1582 2920 ἐφ’
1601 2851 1750 2915 ὅλαις
1768 2854 1800 2923 ἡ
1810 2853 1894 2923 μέὲ

2000 2867 2110 2926 ‘que
2137 2853 2388 2909 noctibus
2443 2860 2681 2910 tentatus
2711 2868 2741 2907 a
2788 2852 3028 2909 diabolo.
3054 2850 3359 2909 Venat'ores
3386 2851 3589 2923 quippe

308 2954 432 3009 ραις
450 2945 499 3009 μ’
519 2938 611 2993 καὶ
627 2938 742 3006 νυξὶ
761 2943 882 3004 ταῖς
907 2941 1047 3005 ἴσαις
1066 2941 1459 3014 πειραζόμενος
1483 2941 1587 2997 ὑπὸ
1605 2942 1699 2998 τοῦ
1727 2943 1894 2997 διαϐό·

2005 2947 2160 3002 illum
2202 2944 2642 3012 circumdabant,
2677 2944 2993 3001 invisibiles
3021 2958 3218 3016 nempe
3257 2940 3582 3016 potestates,

308 3030 419 3084 λου.
439 3031 711 3103 θηρευταὶ
733 3031 843 3105 γὰρ
870 3028 1012 3103 ἦσαν
1039 3036 1168 3106 περὶ
1191 3035 1353 3089 αὑτὸν
1376 3035 1597 3108 ἀόρατοι
1619 3034 1894 3106 δυνάμεις¹

1998 3037 2229 3109 laqueos
2292 3037 2399 3109 ipsi
2450 3032 2729 3108 parantes.
2804 3034 2875 3090 Et
2943 3036 3064 3092 alia!
3125 3036 3344 3106 quidem
3400 3036 3588 3092 verbis

308 3121 539 3192 παγίδας
591 3121 740 3193 αὑτῷ
771 3123 1297 3189 κατασκευάζουσαι.
1332 3125 1443 3179 Καὶ
1477 3126 1534 3179 αἱ
1585 3125 1685 3196 μὲν
1715 3125 1894 3194 λόγοις

2004 3129 2337 3186 turbulentis
2381 3127 2712 3184 conturbare
2768 3126 2950 3198 ipsum
2996 3128 3315 3195 tentabant;
3356 3127 3478 3181 alite
3526 3127 3586 3182 in

305 3214 676 3285 ταραχώδεσιν
709 3216 870 3269 αὐτὸν
902 3217 1150 3287 θορυϐεῖν
1170 3215 1527 3288 πειρώμεναι,
1560 3218 1688 3273 αἰδὲ
1717 3218 1894 3288 φοϐεῖν

2003 3229 2165 3278 nocte
2195 3218 2640 3293 perterrefac‘ere.
2670 3220 2809 3275 Aliae
2852 3220 2985 3275 item
3033 3219 3090 3274 iu
3133 3217 3232 3274 ‘die
3260 3218 3580 3289 spiritantia

305 3310 447 3365 κατὰ
485 3309 585 3373 τὰς
633 3309 865 3374 νύκτας,
902 3309 998 3363 καὶ
1042 3309 1205 3363 πάλιν
1249 3309 1385 3366 ἄλλα
1416 3309 1485 3362 δι’
1518 3310 1734 3382 ἡμέρας
1765 3310 1893 3381 βέλη

304 3404 471 3477 νοητά
511 3400 826 3475 πέμπουσαι
868 3404 990 3457 κατ’
1019 3401 1217 3458 αὐτοῦ·
1265 3404 1360 3458 καὶ
1393 3399 1549 3468 αὖθις
1580 3402 1765 3475 ἕτεραι
1794 3403 1897 3457 οὐκ

303 3491 618 3565 ὠνομάσθαι
647 3494 778 3564 ἡμῖν
806 3531 821 3556 ,
871 3491 992 3546 οὐδὲ
1040 3486 1295 3565 λεχθῆναι
1326 3492 1623 3566 δυνάμεναι
1673 3493 1896 3566 θνηταῖς

296 3586 522 3650 ἀκοαῖς,
549 3582 642 3638 τὸν
670 3584 791 3638 κατ’
812 3583 978 3639 αὐτοῦ
1009 3585 1314 3659 πειρασμὸν
1340 3586 1889 3659 πραγματευόμεναιο

302 3673 333 3728 ὃ
362 3675 428 3747 δὴ
463 3672 718 3747 σημαίνει
752 3673 978 3744 φάσκων
1004 3677 1032 3728 ὁ
1064 3673 1252 3743 λόγος,⁴
1288 3674 1432 3730 Ἀπὸ
1456 3675 1800 3747 πράγματος
1822 3676 1894 3729 ἐν

303 3767 508 3821 σκότει
532 3763 1067 3834 διαπορευομένου*
1087 3764 1228 3817 Ἀνθ’
1261 3757 1321 3819 οὗ
1345 3767 1374 3817 ὁ
1409 3765 1506 3835 μὲν
1542 3763 1772 3827 ’Δκύλας
1792 3766 1892 3835 ηρ-

306 3859 596 3930 μήνευσεν,
613 3855 757 3912 Ἀπὸ
770 3855 1037 3928 ῥήματος
1051 3856 1119 3909 ἐν
1133 3855 1480 3926 σκοτομήνῃ
1497 3855 1892 3926 περιπατοῦν-

302 3968 406 4019 τος
425 3969 438 3982 ’
473 3951 502 4004 ὁ
530 3951 587 4005 δὲ
616 3949 937 4022 Σύμμαχος,
970 3944 1123 4004 Οὐδὲ
1158 3951 1374 4020 λοιμὸν
1402 3948 1555 4019 ζόφῳ
1580 3947 1888 4005 όόεύοντα.

376 4102 517 4175 Ἤδη
545 4103 712 4157 δὲκαὶ
736 4102 806 4156 τὰ
822 4101 1176 4157 ἀναιδέστατα
1203 4100 1298 4155 καὶ
1324 4099 1621 4172 ἀρχοντικά
1644 4099 1752 4154 τῶν
1768 4099 1889 4152 δαι-

289 4195 526 4266 μονίων,
558 4193 627 4248 τὰ
646 4195 705 4248 ὲν
724 4194 864 4266 αὐτῇ
883 4197 949 4266 τῇ
982 4192 1299 4265 μεσημϐρίᾳ
1328 4193 1423 4247 καὶ
1450 4194 1518 4265 τῇ
1546 4191 1638 4247 τοῦ
1658 4189 1888 4264 ἡλιακοῦ

302 4286 483 4359 φωτὸς
525 4287 681 4358 ἀκμῇ
731 4286 1016 4359 τολμῶντα
1047 4284 1527 4357 παραφαίνεσθαι,
1572 4283 1888 4355 προσῄεσαν

290 4378 474 4451 αὐτῷ.
508 4377 630 4432 Τῶν
662 4376 774 4450 γὰρ
823 4378 999 4433 ἄλλων
1040 4376 1101 4430 τὸ
1153 4378 1352 4431 οἰκεῖον
1385 4376 1576 4439 σκότος
1622 4375 1890 4446 μεταδιω-

302 4471 528 4536 κόντων,
560 4476 659 4524 καί⁹
692 4471 751 4524 ὲν
783 4468 918 4544 μόνῃ
952 4469 1109 4524 νυκτὶ⁸
1136 4466 1465 4539 φαντασιοῦν
1492 4466 1784 4534 εἰωθότων,
1816 4466 1887 4521 τὰ

1995 3315 2103 3371 tela
2150 3312 2519 3369 immittebant
2552 3313 2610 3367 in
2644 3313 2821 3380 'eum;
2855 3316 3073 3369 rursum
3125 3311 3267 3376 aliae,
3307 3324 3429 3383 qua;
3479 3320 3585 3367 nee

1994 3407 2270 3463 nominari
2302 3405 2493 3475 nobis,"
2514 3419 2618 3461 nec
2683 3403 2792 3460 dici
2844 3400 3172 3459 mortalibus
3199 3398 3428 3459 auribus
3451 3418 3585 3475 pos-

1994 3507 2142 3563 sunt,
2182 3498 2543 3554 tcntationem
2578 3497 2635 3551 in
2698 3511 2824 3551 eum
2881 3495 3274 3551 adornabant:
3307 3495 3455 3566 quod
3497 3495 3585 3552 his

1992 3589 2358 3661 signiﬁcatur,
2377 3588 2421 3642 Α
2455 3588 2663 3659 negotio
2688 3583 3090 3655 perambulante
3109 3585 3165 3639 in
3195 3580 3448 3640 tenebris.
3468 3583 3579 3640 Pro

1991 3695 2103 3751 quo
2134 3680 2331 3750 Aquila
2381 3679 2601 3749 quidem
2646 3678 3041 3746 interpretatus
3082 3687 3187 3738 est,
3240 3675 3286 3729 Α
3318 3675 3470 3731 verba
3522 3677 3578 3731 in

1992 3780 2142 3824 nocte
2174 3770 2325 3823 illum
2348 3767 2796 3838 perambulante;
2823 3765 3194 3839 Symmachus
3217 3781 3369 3836 vero,
3395 3765 3578 3838 Neque

1986 3869 2183 3929 pestem
2206 3861 2260 3913 in
2291 3859 2518 3928 caligine
2556 3856 2917 3912 ambulantem

2063 4103 2144 4158 Ad
2172 4104 2289 4159 haec.
2315 4118 2447 4159 vero
2475 4102 2639 4159 etiam
2682 4101 3148 4173 impudentissimi
3173 4102 3575 4159 daemoniorum

1989 4195 2289 4269 principes,
2325 4194 2419 4265 qui
2452 4193 2506 4247 in
2538 4192 2793 4257 meridie,
2826 4192 3042 4262 vigente
3078 4193 3212 4248 solis
3234 4192 3377 4258 luce,
3407 4208 3579 4271 appa-

1986 4302 2109 4344 rere
2135 4285 2258 4341 ausi
2289 4291 2437 4346 sunt,
2462 4291 2822 4338 accesserunt
2856 4283 2922 4338 ad
2966 4298 3114 4340 eum.
3148 4281 3285 4338 Nam
3312 4299 3439 4339 cum
3483 4272 3579 4339 alii

1988 4379 2241 4453 proprias
2268 4376 2374 4434 sibi
2431 4376 2688 4433 tenebras
2723 4383 3024 4461 sectentur,
3060 4383 3115 4432 et
3156 4375 3211 4431 in
3242 4376 3361 4432 sola
3416 4383 3579 4431 nocte

1988 4469 2310 4543 phantasias
2374 4481 2596 4548 movere
2654 4456 2927 4539 soleantf
2970 4466 3067 4538 qui
3113 4464 3577 4548 impudentissimi

300 4562 662 4619 ἀναιδέστατα
693 4540 795 4617 καί
818 4540 1125 4634 δι”ήμέρας
1152 4561 1328 4632 τολμᾷ
1356 4558 1663 4630 φαίνεσθαι,
1699 4560 1794 4613 καὶ
1826 4559 1885 4611 ἐν

1994 4540 2142 4627 sunt,
2169 4559 2335 4616 etiam
2386 4559 2445 4613 in
2474 4544 2577 4614 die“
2595 4572 2863 4629 apparere
2894 4557 3121 4625 audent,
3163 4565 3219 4615 et
3270 4558 3327 4613 in
3380 4540 3576 4616 mediis

304 4655 500 4729 μέσαις
524 4656 722 4725 αὐγαῖς
748 4653 920 4726 ἡλίου.
936 4652 1174 4708 Τοιαῦτα
1192 4653 1249 4706 δὲ
1271 4649 1341 4725 ἦν
1359 4651 1431 4706 τὰ
1456 4651 1650 4722 καὶτῷ
1669 4650 1886 4723 Σωτῆρι

302 4749 555 4804 ἐπιόντα*
595 4746 712 4819 μεθ’
745 4744 962 4818 ἡμέραν
1021 4746 1121 4816 μὲν
1149 4739 1259 4799 -οὗν
1305 4742 1537 4798 τοιαῦτα
1574 4760 1696 4796 τινα
1736 4742 1887 4814 αὐτῷ

303 4841 554 4913 προσῄει,
583 4837 725 4894 κατὰ
746 4839 804 4892 δὲ
821 4839 923 4903 τὰς
942 4836 1143 4900 νύκτας
1160 4835 1345 4908 ἕτερα.
1363 4834 1454 4888 Διὸ
1481 4834 1696 4907 εἴρηται
1719 4832 1847 4904 est};
1867 4849 1883 4864 ο

306 4930 392 4984 Οὐ
423 4927 743 4999 φοϐηθήσῃ
779 4926 900 4983 ἀπὸ
942 4928 1133 4997 φόϐου
1181 4925 1560 4993 νυκτερινοῦ,
1611 4926 1709 4979 καὶ
1759 4925 1880 4980 ἀπὸ

301 5018 644 5089 πράγματος
663 5019 735 5074 ἐν
760 5019 966 5073 σκότει
991 5015 1517 5087 διαπορευομένου.
1556 5016 1796 5088 ὀρῶντα
1823 5015 1881 5069 δὲ

301 5110 465 5169 αὐτοῦ
490 5112 588 5182 τὴν
612 5112 824 5184 ἄμαχον
851 5112 948 5167 καὶ
978 5111 1244 5184 ἀήττητον
1268 5109 1521 5181 δύναμιν,
1548 5108 1685 5181 ὁμοῦ
1721 5108 1883 5177 πάλιν

301 5206 664 5279 ἀθροιζόμενα
718 5206 862 5261 κατὰ
921 5206 1086 5276 στίφη
1147 5203 1445 5276 προσίεσαν
1496 5202 1646 5274 αὺτῷ
1701 5200 1880 5273 πλήθη

299 5298 584 5369 δυνάμεων
622 5297 1032 5369 ἀντικειμένων.
1064 5295 1176 5350 Καί
1221 5312 1312 5367 μοι
1337 5292 1588 5348 δοκοῦσιν
1628 5295 1678 5347 ei
1712 5292 1881 5348 πάλαι

302 5384 433 5459 παρ’
463 5388 767 5463 ἀνθρώποις
788 5388 1132 5461 νομιζόμενοι
1151 5387 1286 5451 θεοὶ.
1318 5387 1413 5441 καὶ
1442 5386 1510 5441 τὰ
1528 5386 1882 5456 ἀντικείμενα

212 5468 220 5476 ’
303 5482 626 5554 πνεύματα,
657 5481 817 5552 ξένην
863 5481 987 5536 τινὰ
1037 5480 1200 5551 φύσιν
1238 5479 1333 5534 καὶ
1381 5478 1611 5550 δύναμιν
1665 5477 1887 5543 πάντων

303 5574 484 5629 αὐτῶν
516 5573 906 5646 καθαιρετικὴν
949 5571 1199 5644 θεώμενα
1243 5575 1304 5626 ὲν
1342 5570 1423 5642 τῷ
1462 5568 1739 5643 ἀνθρώπῳ
1788 5568 1885 5635 τοῦ

305 5665 555 5738 Σωτῆρος
583 5665 771 5738 ἡμῶν,
802 5662 938 5736 ὁμοῦ
973 5663 1233 5736 συνῆχθαι
1275 5661 1669 5734 ἁπανταχόθεν,
1713 5658 1886 5733 ἀθρόα

305 5773 363 5809 τε
398 5758 678 5811 προσιέναι
712 5757 805 5812 καὶ
838 5757 1204 5811 ποοσοήσσειν
1236 5755 1442 5810 ἐθέλειν
1469 5744 1883 5813 αὐτῶ.’Καὶ’τὰ

1991 4651 2270 4710 solaribus
2292 4650 2485 4707 radiis.
2518 4649 2682 4706 Tales
2711 4658 2871 4705 erant
2898 4651 2993 4722 qui
3032 4649 3372 4706 Salvatorem
3397 4650 3578 4729 adorti

1989 4744 2232 4811 sunt;in
2267 4740 2357 4799 die
2399 4757 2639 4814 namque
2690 4739 3010 4812 huiusmodi
3064 4737 3297 4815 spiritus
3343 4741 3576 4797 accede-

1986 4834 2121 4891 bant
2155 4835 2223 4889 ad
2248 4849 2405 4900 eum,
2439 4834 2497 4889 in
2523 4832 2780 4890 noctibus
2812 4819 2993 4888 autem
3015 4831 3130 4885 alii.
3155 4830 3339 4897 Quare
3358 4822 3577 4889 dicitur

1984 4935 2197 4998 postea,
2226 4925 2353 4981 Non
2383 4926 2588 4980 timebis
2680 4926 2866 4980 timore
2902 4931 3264 5005 nocturno,_et
3306 4941 3340 4979 a
3367 4927 3574 4997 negotio

1982 5018 2388 5091 perambulante
2438 5020 2496 5073 in
2546 5002 2790 5097 tenebris.
2825 5017 2962 5072 Cum
3008 5002 3197 5072 autem
3234 5008 3491 5097 invictam
3521 5006 3585 5097 et

1989 5113 2417 5184 inseparabilem
2451 5111 2573 5180 ejus
2606 5093 2861 5166 virtutem
2892 5117 3181 5165 cernerent
3204 5150 3218 5173 ,
3251 5091 3468 5182 agmine
3494 5094 3574 5166 si-

1989 5204 2105 5258 mul
2146 5203 2443 5269 instructo,
2498 5200 2792 5255 multitudo
2843 5186 3574 5271 adversariarum‘potesta-

1990 5302 2108 5350 tum
2164 5295 2346 5365 ipsum
2404 5307 2663 5364 aggressa
2702 5301 2806 5347 est.
2869 5278 3208 5361 Videturque
3258 5286 3413 5367 mihi,
3444 5290 3570 5347 illos

1989 5390 2144 5452 olim,
2186 5388 2280 5458 qui
2324 5387 2469 5458 apud
2498 5387 2749 5440 homines
2778 5368 3376 5450 dii'existimabantur,
3410 5382 3572 5438 item-

1990 5495 2101 5552 que
2122 5477 2473 5535 adversarios
2504 5460 2764 5549 spiritus,
2779 5474 3115 5552 stupendam
3134 5538 3140 5545 ο
3159 5473 3452 5545 quamdam
3473 5490 3573 5530 na-

1989 5551 2170 5627 turam
2205 5576 2260 5626 et
2286 5567 2548 5623 virtutem
2574 5567 2679 5623 sibi
2702 5551 3276 5649 omnibus'exitiosam
3304 5562 3359 5620 in
3389 5564 3572 5621 homi-

1986 5677 2059 5718 ne
2085 5659 2388 5716 Salvatoris
2415 5659 2592 5714 nostri
2630 5646 2895 5726 videntes,
2920 5646 3037 5715 una
3068 5646 3430 5730 congregatos
3467 5672 3572 5713 un-

1985 5751 2153 5814 dique
2178 5750 2468 5809 confertim
2492 5750 2815 5815 aceessisse,
2852 5758 2910 5804 ut
2945 5748 3393 5817 irrumperent'in
3419 5763 3568 5806 eum.
