4074 6386
550 303 688 360 H55

1254 295 1522 355 EUSEBII
1561 295 2044 355 CESARIENSIS
2085 296 2129 353 0

2229 341 2236 353 .
2271 295 2454 354 mas
2485 297 2577 356 ιιι.
2616 327 2689 342 --
2725 291 3137 360 ΕΧΕοΕΤιοΑζ

3674 309 3816 368 1166

547 419 616 477 Et
640 420 817 492 primo
844 417 1064 490 quidem
1110 417 1389 474 diabolum
1421 421 1656 476 aliorum
1707 421 2125 492 particularium

2235 421 2334 493 μὲν
2365 422 2558 495 πρῶτα
2573 424 2643 477 δι’
2673 424 2878 496 ἐτέρων
2906 427 3151 499 μερικῶν
3179 427 3505 499 πνευμάτων
3534 429 3812 502 πειράζειν

547 514 839 584 spirituum
872 528 1036 582 opera
1070 512 1248 583 ipsum
1277 519 1521 567 tentasse
1548 531 1562 567 :
1594 528 1765 583 quare
1787 511 1989 568 dictum
2019 520 2124 580 est,

547 601 618 656 Et
647 611 764 656 erat
797 618 916 655 cum
948 601 1075 670 feris
1109 601 1174 654 ⁸¹.
1217 599 1560 667 Quibusnam
1603 602 1764 657 feris?
1791 603 1845 658 id
1867 605 2042 674 aperit
2071 605 2127 659 in

544 697 905 767 sequentibus
935 711 1118 751 sermo
1157 711 1403 768 praesens
1426 695 1514 752 his
1546 697 1752 761 verbis,
1787 695 1956 768 Super
1981 699 2127 768 aspi-

541 787 661 842 dem
686 797 737 843 et
760 787 1070 842 basiliscunt
1103 787 1434 850 ambulabis,
1465 795 1516 840 et
1556 787 1888 842 conculcabis
1927 789 2128 843 leonem

539 889 594 936 et
620 882 928 935 draconem.
986 880 1223 941 Etenim.
1262 885 1324 933 ut
1353 879 1651 934 verisimile
1677 887 1784 943 est,
1814 881 1908 934 tali
1945 882 2128 951 specie

544 971 756 1041 talique
781 969 958 1025 forma
986 980 1242 1040 suscepta
1262 1010 1278 1034 ,
1306 969 1559 1040 malignae
1599 970 1848 1040 quaedam
1875 972 2126 1040 virtutes,

547 1060 892 1130 principatus
921 1069 976 1114 et
1007 1069 1308 1128 potestates
1329 1097 1345 1122 ,
1369 1065 1618 1114 rectores
1653 1059 1842 1114 mundi
1875 1061 2128 1115 tenebra-

545 1165 668 1204 rum
699 1150 917 1217 harum,
941 1165 1005 1204 ac
1041 1150 1348 1220 spiritualia
1388 1151 1666 1222 nequitiae,
1696 1167 1794 1222 per
1815 1167 1998 1207 aerem
2031 1167 2128 1206 vo-

543 1242 758 1310 lantes;
787 1241 904 1298 sive
932 1243 1227 1313 allegorico
1255 1257 1430 1308 more,
1456 1243 1696 1313 aspides,
1717 1244 1982 1310 basilisci,
2014 1245 2132 1301 leo-

542 1349 644 1390 nes
673 1342 728 1390 et
777 1335 1047 1390 dracones
1077 1342 1320 1402 vocatae;
1348 1336 1464 1390 sive
1512 1335 1585 1390 ob
1617 1335 1839 1390 malitia:
1871 1335 2131 1391 similitu-

538 1425 723 1481 dinem
760 1426 847 1481 his
880 1436 1228 1496 comparatae,
1261 1441 1424 1482 omne
1463 1427 1830 1482 tentationum
1860 1443 2033 1499 genus
2069 1429 2127 1483 in

542 1518 722 1588 ipsum
757 1526 1064 1573 moverunt.
1095 1518 1153 1572 In
1187 1517 1294 1574 ﬁne
1325 1526 1509 1574 autem
1535 1519 1805 1581 omnium,
1840 1520 2130 1590 conspica-

541 1617 632 1664 tus
661 1608 911 1666 diabolus
955 1624 1079 1664 eum
1110 1625 1275 1681 super
1299 1610 1543 1680 aspidem
1583 1619 1635 1668 et
1671 1611 1990 1668 basiliscum
2016 1627 2132 1666 am-

541 1699 750 1763 bulare,
779 1715 1078 1772 omnesque
1111 1701 1215 1771 ipsi
1251 1702 1500 1758 subditas
1530 1703 1876 1773 operationes
1904 1702 2129 1758 concul-

541 1793 838 1864 care:ipse
864 1794 1082 1850 demum
1112 1794 1346 1849 accessit
1379 1794 1606 1851 humilis
1633 1805 1688 1850 et
1713 1793 2124 1857 formidolosus,
2158 1815 2200 1871 Β

541 1881 756 1953 ipsique
812 1883 1272 1952 interrogationes
1323 1883 1380 1938 in
1453 1882 1766 1954 Evangeliis
1822 1883 2128 1952 descriptas

541 1975 848 2046 proposuit,
879 1983 1099 2031 tentans
1126 1991 1250 2030 eum
1281 1990 1346 2030 ac
1365 1974 1556 2031 dicens
1585 1994 1599 2030 :
1637 1974 1694 2030 Si
1722 1974 1894 2030 Filius
1920 1975 2014 2031 Dei
2043 1991 2124 2042 es,

544 2065 662 2119 haec
687 2065 879 2131 dicito,
913 2049 1006 2119 ilia
1038 2063 1224 2118 facito.
1267 2063 1530 2134 Impetum
1555 2066 1741 2135 itaque
1766 2065 2055 2121 confertim
2095 2081 2128 2121 a

543 2154 798 2224 malignis
848 2154 1134 2224 spiritibus
1177 2153 1406 2217 factum,
1447 2167 1750 2224 eorumque
1793 2155 2003 2211 cladem
2039 2154 2131 2210 de-

543 2245 736 2302 scribit
767 2246 880 2300 haec
909 2245 1193 2316 prophetia
1223 2259 1384 2314 :qute
1405 2244 1530 2300 illos
1554 2244 1667 2299 'una
1709 2245 1930 2325 quidem
1998 2261 2129 2302 coa-

542 2347 664 2392 ctos
687 2351 812 2392 esse
837 2335 1016 2401 docet,
1033 2351 1210 2406 neque
1226 2343 1408 2391 tamen
1435 2335 1640 2406 aliquid
1661 2351 1820 2406 agere
1846 2337 2125 2406 potuisse;

543 2429 642 2484 sed
672 2444 798 2484 cum
830 2430 1338 2501 appropinquarent
1366 2429 1490 2498 ipsi,
1512 2429 1663 2483 humi
1687 2429 1978 2486 decidisse.
2003 2429 2128 2486 Ideo

542 2520 751 2574 dictum
784 2534 890 2584 εει,
933 2519 1136 2575 Cadent
1167 2537 1200 2572 a
1225 2512 1392 2574 latere
1416 2530 1504 2574 tua
1538 2520 1704 2584 mille,
1735 2529 1784 2573 et
1809 2520 1984 2574 decem
2008 2521 2128 2575 mil-

544 2611 621 2664 lia
644 2630 677 2664 α
693 2610 896 2665 dextris
924 2613 1050 2666 tuis.
1075 2610 1293 2675 Proillo
1323 2621 1526 2676 autem,
1545 2613 1587 2666 A
1608 2612 1771 2666 latere
1797 2621 1909 2678 tuo,
1933 2613 2129 2683 Aquila

542 2713 595 2758 et
645 2700 1031 2773 Symmachus,
1070 2720 1136 2758 ea:
1175 2711 1478 2758 transverso
1527 2711 1639 2768 tuo,
1686 2703 2012 2772 ediderunt;
2046 2706 2128 2761 sic

544 2793 824 2847 sinistram
873 2792 1176 2852 Salvatoris
1222 2802 1576 2866 nttncupante
1603 2794 1788 2850 divina
1820 2794 2125 2867 Scriptura,

545 2886 672 2954 quia
709 2883 939 2941 fortasse
968 2901 1135 2955 penes
1165 2902 1291 2942 eum
1319 2886 1456 2940 nihil
1492 2886 1688 2944 laevum
1717 2895 1811 2941 aut
1842 2889 2127 2944 sinistrum

541 2984 649 3033 est.
676 2977 944 3034 Caeterum
967 2979 1034 3034 de
1057 2980 1316 3035 omnibus
1347 2979 1512 3034 simul
1541 2978 1874 3035 adversariis
1894 2989 2131 3050 potesta—

543 3069 695 3124 tibus
715 3069 920 3125 dirtum
955 3078 1039 3126 est
1082 3072 1238 3135 illud,
1279 3070 1356 3126 Ad
1399 3082 1448 3126 te
1475 3081 1651 3126 autem
1696 3089 1800 3126 non
1845 3075 2130 3144 appropin-

2230 513 2391 566 αὐτὸν
2424 517 2720 586 ἐπιχειρεῖν
2744 517 2834 570 τὸν
2867 517 3107 573 διάϐολον
3128 536 3141 549 '
3171 519 3251 572 διὸ
3279 519 3530 572 λέλεκται
3552 537 3564 550 ·
3596 522 3704 575 Καὶ
3734 517 3814 591 ἦν

2225 607 2376 677 μετὰ
2406 606 2527 662 τῶν
2554 609 2794 678 θηρίων.
2823 611 2999 664 Ποίων
3033 611 3091 664 δὲ
3120 610 3357 684 θηρίων;
3389 613 3417 665 ό
3455 611 3596 682 μετά
3625 617 3810 684 χεῖρας

2231 699 2528 771 παρίστησι
2558 699 2717 769 λόγος
2751 701 2956 773 προῖὼν
2993 703 3122 774 ἑξῆς
3144 705 3238 758 καὶ
3257 705 3450 774 λέγων·
3480 707 3608 760 Ἐπ’
3633 709 3815 762 ἀσπί-

2230 790 2306 844 δα
2338 791 2438 845 καὶ
2482 793 2863 856 ,ϐασιλίσκον
2893 796 3186 865 ἐπιϐήσῃ,
3227 798 3328 851 καί
3368 800 3814 869 καταπατήσας

2229 881 2448 938 λέοντα
2492 883 2592 937 καὶ
2640 881 2960 952 δράκοντα.
3009 887 3286 951 Τοιούτοις
3337 887 3447 958 γάρ
3501 905 3682 952 τισιν,
3739 889 3812 953 ὼς

2230 973 2399 1038 εἰκὸς,
2434 973 2600 1026 εῖδεσί
2631 991 2690 1026 τε
2740 976 2833 1028 καὶ
2894 981 3131 1047 μορφαῖς
3184 978 3676 1051 σχηματιζόμεναι,
3721 981 3811 1038 τὸν

2229 1063 2413 1133 ἀέριον
2442 1063 2606 1118 τόπον
2647 1065 3000 1137 διιπτάμεναί
3052 1085 3196 1132 τινες
3251 1070 3510 1142 δυνάμεις
3539 1073 3808 1144 πονηραὶ,

2229 1155 2396 1226 ἀρχαί
2421 1172 2484 1208 τε
2515 1157 2609 1209 καὶ
2639 1155 2900 1222 ἐξουσίαι,
2935 1159 3030 1213 καὶ
3070 1162 3515 1234 κοσμοκράτορες
3557 1162 3650 1216 τοῦ
3691 1166 3808 1218 σκό·

2229 1263 2355 1309 τους
2400 1246 2624 1314 τούτου,
2683 1251 2776 1303 καὶ
2834 1253 3182 1321 πνευματικὰ
3238 1255 3543 1325 πονηρίας,
3591 1255 3803 1326 τρόποις

2229 1337 2558 1410 ἀλληγορίας
2601 1341 2828 1404 ἀσπίδες
2873 1343 2965 1395 καὶ
3011 1342 3315 1413 βασιλίσκοι
3367 1346 3463 1400 καὶ
3521 1346 3802 1418 δράκοντες

2229 1424 2324 1476 καὶ
2351 1423 2559 1488 λέοντες
2596 1426 3011 1498 ὀνομαζόμεναι,
3043 1430 3076 1501 ἢ
3105 1432 3198 1484 καὶ
3228 1432 3315 1485 διὰ
3347 1433 3408 1486 τὺ
3441 1435 3681 1506 ἐμφερὲς
3712 1437 3806 1508 τῆς

2231 1513 2430 1578 κακίας
2457 1516 2669 1580 τούτοις
2715 1518 3238 1590 παραϐαλλόμεναι,
3275 1522 3452 1576 πάντα
3507 1523 3810 1596 πειρασμὸν

2229 1603 2440 1659 ἐκίνουν
2475 1607 2594 1658 κατ’
2624 1607 2808 1661 αὐτοῦ.
2829 1609 2952 1662 Ἐπὶ
2979 1609 3123 1663 τέλει
3158 1611 3215 1664 δὲ
3245 1613 3481 1677 πάντων,
3511 1615 3587 1678 ὡς
3621 1611 3762 1669 εῐδεν
3781 1613 3810 1669 6

2228 1693 2472 1760 διάϐολος
2494 1697 2581 1750 ἐπ’
2605 1698 2814 1754 ἀσπίδα
2828 1701 2921 1752 καὶ
2938 1700 3248 1770 βασιλίσκον
3271 1703 3638 1776 ἐπιϐεϐηκότα
3653 1704 3814 1762 αὐτὸν

2229 1788 2324 1841 καὶ
2355 1792 2857 1861 καταπεπατηκότα
2879 1793 3059 1858 πάσας
3079 1793 3180 1856 τὰς
3205 1795 3295 1848 ὑπ’
3319 1795 3480 1850 αὑτὸν
3509 1797 3813 1868 ἐνεργείας,

2230 1879 2396 1942 αὐτὸς
2423 1880 2526 1951 ἤδη
2559 1881 2743 1936 λοιπὸν
2777 1883 2844 1936 δι’
2891 1881 3086 1940 ἑαυτοῦ
3133 1883 3364 1959 προσῄει
3419 1890 3673 1954 ταπεινὸς
3721 1887 3817 1944 καὶ

2230 1969 2608 2035 ὑποδεδοικὼς,
2639 1973 2944 2045 προσέφερέ
2983 1992 3042 2028 τε
3074 1975 3220 2048 αὐτῷ
3255 1978 3354 2041 τάς
3379 1979 3678 2051 ἐρωτήσεις
3715 1981 3817 2045 τὰς

2228 2061 2286 2114 ὲν
2315 2064 2427 2125 τοῖς
2459 2063 2811 2132 Εὑαγγελίοις
2852 2066 3372 2140 ἀναγεγραμμένας,
3408 2068 3688 2142 πειράζων
3719 2071 3820 2124 a6-

2226 2153 2319 2208 τὸν
2354 2155 2448 2208 καὶ
2489 2155 2683 2224 λέγων,
2715 2157 2778 2210 Ei
2805 2157 2930 2222 Υἱὸς
2960 2150 3011 2211 εί
3031 2157 3126 2211 τοῦ
3163 2159 3320 2224 Θεοῦ,
3361 2160 3481 2213 εἰπὲ
3521 2161 3670 2227 τάδε,
3724 2161 3820 2216 καὶ.

2229 2243 2456 2314 ποίησον
2486 2245 2632 2298 τάδε.
2670 2246 2782 2317 Τὴν
2810 2242 2904 2301 οὖν
2951 2246 3154 2320 ἀθρόαν
3201 2248 3378 2321 ὁρμὴν
3405 2249 3515 2304 τῶν
3559 2253 3818 2324 πονηρῶν

2229 2337 2554 2408 πνευμάτων
2601 2339 2694 2392 καὶ
2726 2340 2824 2411 τὴν
2859 2334 3028 2412 ἧτταν
3061 2339 3238 2396 αὐτῶν
3301 2343 3334 2412 ἡ
3390 2342 3639 2414 παροῦσα
3674 2362 3821 2416 παρα

2231 2423 2409 2497 ίστησι
2455 2428 2798 2499 προφητεία·
2848 2428 2983 2499 ὁμοῦ
3017 2429 3116 2500 μὲν
3159 2430 3422 2502 συνῆχθαι
3468 2433 3819 2504 διδάσκουσα,

2231 2516 2307 2588 μὴ
2344 2517 2451 2587 μὴν
2502 2517 2821 2589 δεδυνῆσθαι
2864 2537 2918 2572 τι
2964 2519 3087 2590 μηδ’
3129 2520 3445 2590 ίσχυκέναι·
3482 2523 3596 2576 ἀλλ’
3641 2525 3699 2577 ἐν
3738 2522 3820 2598 τῷ

2217 2608 2550 2682 ,πλησιάζειν
2586 2609 2734 2681 αὐτῷ
2776 2612 3141 2666 καταπίπτειν
3172 2613 3362 2685 χαμαί.
3395 2614 3487 2668 Διὸ
3532 2615 3818 2673 λέλεκται⁶

2227 2701 2504 2762 Πεσεῖται
2529 2702 2599 2756 ἐκ
2629 2703 2735 2758 τοῦ
2775 2705 3022 2771 κλίτους
3047 2721 3164 2759 σου
3202 2707 3424 2775 χιλιὰς,
3473 2709 3569 2762 καὶ
3603 2711 3823 2778 μυριὰς

2226 2792 2298 2846 ἐκ
2341 2791 2558 2858 δεξιῶν
2612 2810 2748 2848 σου.
2787 2795 2933 2849 Ἀντὶ
2976 2794 3033 2849 δὲ
3077 2795 3201 2850 ’.ποῦ’
3256 2801 3358 2852 Ἐκ
3412 2799 3520 2852 τοῦ
3569 2801 3822 2868 κλίτους

2228 2897 2366 2946 σου,
2403 2883 2633 2948 Ἀκύλας
2658 2884 2752 2938 καὶ
2781 2885 3098 2958 Σύμμαχος,
3134 2889 3235 2942 Ἐκ
3262 2888 3368 2942 τοῦ
3390 2889 3653 2958 πλαγίου
3675 2905 3819 2953 σου.

2229 2972 2593 3028 ὲκδεὸὡκασιν
2611 2995 2626 3008 ο
2654 2975 2798 3030 οὕτω
2838 2978 2938 3048 τῆς
2968 2977 3155 3050 θεῖκῆς
3177 2979 3400 3052 Γραφῆς
3431 2979 3502 3034 τά
3553 2982 3822 3053 ἀριστερά

2230 3066 2323 3120 τοῦ
2363 3067 2614 3140 Σωτῆρος
2643 3068 3018 3142 ὀνομαξούσης
3040 3111 3054 3133 ,
3100 3071 3244 3142 τάχα
3275 3069 3336 3124 τὸ
3366 3073 3531 3144 μηδὲν
3578 3071 3717 3128 εἶναι
3760 3077 3822 3128 ἐν

545 3159 819 3230 quabunt;
873 3160 1114 3232 itemque
1154 3161 1312 3226 illud,
1371 3159 1744 3215 Verumtamen
1799 3165 1969 3218 oculis
2021 3165 2125 3218 tuis

2229 3156 2378 3228 αὐτῷ
2410 3159 2596 3212 σκαιὸν
2631 3159 2764 3230 μηδὲ
2795 3160 3101 3233 ἀριστερόν.
3135 3161 3280 3232 Πλὴν
3303 3162 3438 3216 ἀλλὰ
3463 3164 3592 3236 περ)⁵
3623 3164 3821 3218 πασῶν

545 3251 929 3318 considerabis,
962 3265 1010 3308 et
1038 3254 1434 3309 retributionem
1455 3263 1790 3324 peccatorum
1814 3252 2032 3310 videbis.
2061 3254 2126 3308 Et

546 3344 683 3411 haec,
717 3345 915 3416 inquit,
949 3347 1134 3400 omnia
1168 3345 1266 3400 tibi
1302 3344 1582 3411 accident;
1611 3343 1877 3414 quoniam
1919 3351 1999 3408 tu,
2029 3344 2128 3399 Do-

548 3437 724 3503 mine,
790 3451 918 3509 spes
976 3451 1134 3502 mea,
1193 3435 1528 3490 ditissimum
1583 3435 1808 3504 posuisti
1865 3435 2126 3506 refugium

547 3539 719 3586 tuum.

620 3823 857 3880 A‘Istimo
887 3831 1067 3881 autem
1103 3825 1204 3883 has
1238 3823 1542 3882 invisibiles
1573 3832 1631 3882 et
1656 3824 2000 3882 adversarias
2030 3840 2129 3896 po-

547 3924 801 3982 testates,
841 3933 964 3988 quae
1016 3920 1123 3973 sub
1155 3920 1416 3974 universo
1468 3918 1610 3974 caelo
1653 3925 1830 3981 erant,
1865 3917 2128 3973 adversus

547 4022 673 4064 eum
721 4005 1008 4062 confertim
1044 4014 1404 4078 congregatas
1442 4005 1634 4069 fuisse,
1667 4005 1813 4076 quod
1846 4006 2129 4076 perturba-

546 4107 740 4156 rentur
772 4115 840 4154 οι
870 4099 1033 4153 allata
1063 4100 1166 4168 ipsi
1197 4113 1350 4164 voce,
1384 4096 1605 4167 quando
1631 4100 1684 4151 in
1707 4097 1974 4153 columbae
2003 4113 2130 4168 spc-

547 4196 632 4251 cie
666 4194 905 4266 Spiritus
941 4204 1168 4250 sanctus
1211 4192 1495 4249 descendit
1525 4193 1579 4248 in
1622 4193 1797 4257 illum,
1832 4201 1886 4246 et
1942 4193 2129 4247 audita

548 4302 652 4341 vox
686 4294 772 4342 est
804 4284 1043 4355 desuper
1080 4285 1270 4339 dicens
1307 4301 1322 4338 :
1358 4283 1462 4338 Hic
1493 4291 1571 4337 est
1617 4281 1794 4336 Filius
1826 4298 1969 4337 meus
1995 4282 2130 4336 dile-

549 4391 686 4443 ctus,
724 4378 779 4431 in
829 4393 930 4447 quo
985 4376 1114 4430 mihi
1160 4375 1458 4444 complacui
1485 4375 1552 4428 δ’.
1601 4371 1717 4428 Hac
1748 4374 1912 4444 igitur
1942 4373 2126 4429 audita

2229 3249 2440 3320 ἁθρόως
2469 3249 2578 3302 τῶν
2599 3250 2987 3320 ἀντικειμένων
3020 3251 3294 3320 δυνάμεων
3314 3253 3528 3322 εἴρηται
3553 3255 3631 3317 τὸ,
3657 3252 3821 3323 Πρός

2229 3341 2306 3393 σὲ
2334 3339 2403 3394 δὲ
2429 3343 2542 3394 οὐκ
2569 3341 2859 3410 ἐγγιοῦσι,
2891 3343 2987 3396 καὶ
3020 3341 3098 3408 τὸ,
3131 3341 3302 3402 Πλὴν
3337 3345 3460 3410 τοῖς
3488 3346 3822 3416 ὀφθαλμοῖς

2227 3447 2345 3486 σου
2403 3431 2837 3499 κατανοήσεις,
2862 3434 2963 3487 καὶ
3015 3433 3426 3488 ἀνταπόδοσιν
3450 3438 3823 3505 ἁμαρτωλῶν

2229 3523 2385 3592 ὄψει.
2422 3524 2535 3578 Καὶ
2573 3523 2766 3590 ταῦτα,
2790 3526 2944 3596 φησι,
2999 3526 3178 3581 πάντα
3208 3526 3360 3581 ἔσται
3390 3530 3517 3599 περὶ
3550 3530 3629 3596 σὲ,
3665 3532 3823 3585 ἐπει-

2228 3615 2402 3688 δήπερ
2431 3617 2517 3678 σὺ,
2557 3610 2602 3670 ὦ
2651 3614 2823 3688 Κύριε
2851 3657 2866 3682 ,
2907 3619 2940 3689 ἡ
2992 3616 3100 3689 ὲμιίἰ
3147 3617 3336 3683 ἐλπὶς,
3386 3620 3495 3674 τὸν
3525 3622 3826 3690 Ὕψιστον

2228 3708 2369 3762 ἕθου
2397 3707 2753 3779 καταφυγήν
2781 3725 2918 3764 σου.

2312 3822 2585 3895 Ἦγοῦμαι
2625 3823 2682 3877 δὲ
2719 3824 2817 3888 τὰς
2843 3824 3108 3898 άοράτους
3132 3827 3335 3890 ταύτας
3366 3827 3460 3880 καὶ
3503 3827 3820 3898 ἀντικειμέ-

2229 3932 2326 3978 νας
2355 3916 2651 3986 δυνάμεις,
2683 3917 2783 3980 τὰς
2826 3917 2932 3971 ὑπὸ
2978 3918 3141 3972 παντὶ
3185 3919 3262 3990 τῷ
3298 3919 3511 3990 οὐρανῷ
3554 3919 3818 3989 συνῆχθαι

2230 4007 2409 4069 πάσας
2459 4008 2673 4080 ἀθρόως
2720 4010 2841 4062 κατ’
2887 4009 3051 4062 αὐτοῦ
3101 4008 3497 4081 θορυϐηθείσας
3555 4009 3663 4062 ἀπὸ
3714 4005 3819 4080 τῆς

2230 4099 2543 4170 ἐνεχθείσης
2591 4101 2728 4171 πρὸς
2756 4100 2919 4154 αὐτὸν
2946 4100 3150 4169 φωνῆς,
3183 4101 3272 4153 ὅτε
3299 4101 3356 4152 ὲν
3401 4099 3530 4154 εῖδει
3561 4115 3819 4172 περιστει-

2232 4192 2332 4262 ρᾶς
2357 4191 2420 4244 τὸ
2447 4190 2674 4262 Πνεῦμα
2701 4192 2762 4244 τὸ
2795 4191 2950 4260 ἅγιον
2989 4192 3311 4246 κατέϐαινεν
3340 4193 3427 4244 ἐπ’
3466 4192 3652 4256 αὑτὸν,
3684 4193 3722 4262 ἥ
3756 4210 3816 4246 τε

2229 4281 2436 4336 ἄνωθεν
2485 4283 2638 4354 φωνὴ
2693 4283 2936 4353 ἠκούσθη
2990 4283 3258 4351 λέγουσα·
3324 4278 3506 4349 Οὗτός
3557 4283 3730 4337 ἐστιν
3784 4287 3817 4338 ό

2240 4374 2373 4440 Υἱός
2391 4392 2511 4444 μου
2537 4378 2569 4428 ὀ
2601 4375 2928 4444 ἀγαπητὸς,
2952 4375 3022 4428 ἐν
3052 4367 3100 4441 ᾧ
3128 4375 3455 4443 εὐδόκησα.
3487 4374 3818 4430 Ἀκούσασαι

548 4485 706 4537 voce,
735 4467 1068 4538 conSpicatae
1093 4467 1224 4522 item
1261 4483 1290 4520 a
1325 4466 1533 4538 Spiritu
1569 4475 1760 4523 sancto
1792 4480 1890 4535 per
1913 4466 2126 4519 colum-

2232 4465 2362 4534 γοῦν
2392 4465 2495 4536 τῆς
2529 4467 2712 4536 φωνῆς
2737 4465 2962 4536 ταύτης,
2991 4469 3087 4520 καὶ
3117 4467 3448 4539 θεασάμεναι
3471 4466 3563 4521 τὸν
3593 4467 3698 4521 ὑπὸ
3719 4465 3817 4520 τοῦ

546 4563 672 4618 bam
704 4568 1197 4615 commonstratum
1253 4559 1424 4615 fuisse
1463 4559 1737 4614 hominem
1789 4555 1986 4611 Filium
2033 4556 2127 4612 Dei

548 4653 908 4725 appellatum,
942 4665 1120 4721 neque
1150 4650 1269 4705 voci
1289 4665 1398 4704 non
1432 4649 1680 4712 credere,
1706 4663 1907 4717 neque,
1945 4647 2126 4700 homi-

549 4761 676 4801 nem
717 4760 883 4800 carne
917 4743 1168 4798 indutum
1206 4741 1682 4806 cernentes,hunc
1715 4739 1974 4795 dilectum
2005 4754 2129 4794 esse

552 4835 646 4891 Dei
685 4849 1009 4906 persuasum
1039 4835 1241 4889 habere
1279 4841 1552 4903 poterant.
1585 4830 1766 4898 Quare
1797 4830 2127 4900 stupendum

550 4927 850 4998 quidpiam,
883 4936 936 4982 et
980 4941 1175 4982 novam
1221 4925 1459 4981 hominis
1503 4932 1755 4979 naturam
1814 4929 2126 4986 cernentes,

552 5035 711 5076 suam
754 5019 1016 5087 operandi
1063 5015 1578 5088 vim.pra:stantiori
1615 5017 1818 5071 virtute
1842 5015 2127 5071 delendam

550 5127 677 5168 esse
725 5111 1138 5181 exspectabant.
1181 5108 1390 5165 Idcirco
1432 5109 1584 5164 illum
1617 5109 1822 5164 adorta:
1853 5115 2003 5170 sunt,
2033 5109 2127 5178 qui

552 5218 673 5259 sese
717 5203 886 5258 alacri
947 5202 1132 5257 animo
1171 5202 1424 5257 omnibus
1471 5201 1866 5256 tentationibus
1905 5200 2126 5263 obtulit,

551 5307 690 5362 quas
729 5307 830 5363 pro
854 5291 1029 5347 salute
1059 5291 1343 5345 hominum
1376 5297 1712 5361 susceperat.
1740 5289 1877 5345 Nam
1907 5298 2131 5357 cum,ut

551 5383 689 5447 dixi,
730 5383 1128 5455 pradicaturus
1181 5390 1328 5439 esset
1375 5384 1594 5450 captivis
1637 5384 2021 5448 dimissionem,
2078 5391 2128 5436 et

553 5476 705 5529 ca'cis
727 5476 866 5529 uisus
889 5475 1269 5530 restitutionem
1289 5513 1305 5539 ,
1351 5473 1653 5529 secundum
1700 5475 2039 5546 prophetiam
2062 5473 2131 5530 de

553 5563 672 5634 ipso
689 5567 955 5635 prolatam
971 5567 1047 5634 υς
1074 5574 1238 5637 atque
1256 5566 1498 5621 futurum
1517 5573 1687 5630 esset,
1707 5574 1767 5620 ut
1789 5567 2000 5621 animas
2030 5567 2131 5620 ho-

2231 4558 2388 4626 ἁγίου
2435 4558 2753 4629 Πνεύματος
2797 4557 2887 4612 διὰ
2923 4559 3023 4631 τῆς
3061 4562 3390 4632 περιστερᾶς
3433 4559 3816 4631 ἀναδειχθέντα

2229 4647 2514 4720 ἄνθρωπον
2548 4647 2676 4700 Υἰὸν
2729 4647 2865 4701 Θεοῦ
2919 4649 3333 4722 ὠνομασμένον,
3382 4650 3506 4704 οὔτε
3554 4654 3620 4723 τῇ
3662 4651 3813 4722 φωνῇ

2229 4739 2479 4792 ἀπιστεῖν
2526 4733 2692 4809 εἶχον,
2745 4738 2872 4793 οὔτε
2926 4741 3020 4795 τὸν
3055 4741 3340 4815 ἄνθρωπον
3387 4742 3594 4813 δρῶσαι
3638 4743 3813 4815 σάρκα

2229 4830 2606 4900 ἠμφιεσμένον
2631 4829 2906 4884 πιστεύειν
2930 4832 3120 4886 τοῦτον
3141 4829 3281 4887 εἶναι
3300 4833 3392 4886 τὸν
3411 4833 3692 4904 ἀγαπητὸν
3722 4831 3811 4885 τοῦ

2229 4921 2492 4976 Θεοῦ.Διὸ
2516 4922 2664 4988 ξένον
2696 4940 2749 4977 τι
2779 4925 2970 4995 χρῆμα
3006 4925 3099 4980 καὶ
3119 4925 3312 4998 καινὴν
3335 4924 3622 4997 ἀνθρώπου
3653 4926 3810 4994 φύσιν

2232 5013 2502 5085 θεώμεναι
2525 5055 2539 5079 ,
2569 5013 2669 5080 τὰς
2710 5016 2916 5080 οἰκείας
2946 5018 3230 5089 ἐνεργείας
3267 5017 3496 5088 δυνάμει
3548 5016 3812 5088 κρείττονι

2233 5106 2732 5179 καθαιρεθήσεσθαι
2755 5107 3184 5180 προσεδόκησαν.
3203 5109 3294 5162 Διὸ
3311 5108 3375 5180 δὴ
3399 5108 3638 5180 ἐπῄεσαν
3669 5104 3814 5174 αὐτῷ

2234 5196 2464 5250 ἐπιδόντι
2498 5192 2557 5251 εῦ
2601 5196 2748 5269 μάλα
2781 5197 3078 5270 προθύμως
3103 5199 3297 5252 ἑαυτὸν
3330 5200 3412 5262 είς
3451 5198 3661 5262 πάντας
3689 5196 3815 5259 τοὺς

2234 5290 2594 5361 πειρασμοὺς,
2626 5288 2718 5353 οὓς
2741 5289 2882 5362 ὑπὲρ
2907 5290 3008 5360 τῆς
3043 5288 3348 5362 ἀνθρώπων
3380 5289 3653 5361 σωτηρίας
3685 5288 3814 5342 ἀνα-

2233 5381 2468 5436 δέδεκτο.
2485 5381 2710 5437 Μέλλων
2731 5380 3093 5454 γοῦν,⁹ὦσπερ
3111 5382 3270 5452 ἔφην,
3283 5381 3574 5453 κηρύττειν
3607 5381 3817 5447 αἰχμα-

2232 5473 2446 5540 λώτοις
2468 5473 2710 5543 ἄφεσιν,
2748 5472 2848 5526 καί
2877 5472 3130 5543 τυφλοῖς
3158 5472 3515 5542 ἀνάϐλεψιν,
3548 5470 3690 5525 κατὰ
3716 5469 3815 5540 τὴν

2233 5566 2364 5640 περὶ
2395 5565 2560 5621 αὐτοῦ
2595 5566 2954 5638 προφητείαν,
2985 5566 3242 5634 ἀφέλκειν
3268 5582 3328 5618 τε
3350 5565 3452 5631 τάς
3475 5561 3584 5618 τῶν
3602 5558 3816 5633 ἀνθρώ-

629 5717 674 5751 ⁸¹
714 5717 881 5773 Marc.
921 5737 966 5786 ι,
1003 5723 1088 5776 l3.
1165 5721 1211 5754 "
1253 5723 1442 5778 Matth.
1477 5741 1576 5790 ιιι,
1616 5724 1699 5781 l7.
1769 5725 1814 5757 ⁸³
1855 5722 1987 5778 Luc.
2020 5738 2093 5788 tv,
2127 5741 2129 5748 ι

2265 5721 2372 5777 lsa.
2406 5738 2494 5779 ut
2515 5764 2529 5786 ,
2568 5726 2620 5781 i.
