4074 6374
334 315 468 372 “57

1505 304 2009 364 COMMENTARIA
2047 303 2113 362 IN
2149 303 2490 365 PSALMOS.

3465 311 3607 368 H58

333 450 450 488 πων
476 429 652 502 ψυχὰς
691 426 799 482 άπὸ
835 423 944 482 τῶν
986 426 1155 482 πάλαι
1212 425 1672 498 ᾐχμαλωτικότων
1706 426 1876 492 αὐτὰς
1900 467 1916 492 ,

2030 427 2230 482 minum
2272 427 2341 482 ab
2372 428 2460 492 iis,
2491 424 2585 498 qui
2626 426 2774 496 ipsas
2807 426 2936 482 olim
2975 426 3031 483 in
3064 427 3434 500 captivitatem
3479 428 3610 483 ahe-

331 521 650 596 ἐλευθεροῦν
682 540 742 574 τε
769 521 939 584 αὐτὰς
972 520 1080 573 ἀπὸ
1119 519 1218 589 τῆς
1257 519 1648 592 εἰδωλολάτρου
1688 520 1917 590 πλάνης,

332 615 644 685 ἀναγκαίως
670 613 881 685 πρῶτον
912 611 1167 665 ἁπάντων
1202 613 1323 664 κατ’
1353 611 1533 664 αὐτῶν
1558 609 1920 682 ἐστρατεύετο

332 705 440 760 τῶν
491 705 579 758 τὸν
637 701 846 773 μακρὸν
885 699 1059 752 αἰῶνα
1087 700 1591 770 τετυραννηκότων.
1657 701 1811 754 Ἐπεὶ
1862 701 1920 755 δὲ

333 797 542 860 τούτοις
579 789 990 865 κατηγωνίσατο
1047 791 1113 844 δι’
1148 793 1428 864 ὑπομονῆς
1469 792 1672 857 παντὸς
1731 809 1924 866 πειρα⁴

336 888 494 961 σμοῦ,
522 887 601 940 διό
627 903 789 956 φησιν
816 887 844 939 ὁ
873 886 1088 947 Λουκᾶς
1116 901 1129 914 °
1159 884 1271 938 Καὶ
1313 886 1694 952 συντελέσας
1725 886 1923 941 πάντα

334 980 666 1050 πειρασμὸν
699 983 731 1033 ό
768 976 1050 1044 διάϐολος
1088 976 1328 1046 ἀπέστη
1379 977 1479 1032 ἀπ’
1521 978 1726 1032 αὐτοῦ.
1765 979 1921 1033 Μετὰ

335 1073 505 1128 ταῦτα
553 1073 645 1125 ἐπὶ
694 1070 790 1142 τὴν
833 1070 939 1124 τῶν
993 1069 1298 1140 ἀνθρώπων
1353 1068 1653 1141 θεραπείαν
1686 1069 1918 1143 ἐχώρει·

336 1165 485 1218 ἔνθεν
533 1165 628 1218 καὶ
683 1163 932 1236 ἔφριττον
983 1161 1147 1215 αὑτὸν
1176 1163 1224 1214 οἱ
1273 1160 1526 1232 δαίμονες
1550 1201 1564 1226 ,
1605 1162 1922 1233 ὡμολόγουν

333 1272 393 1308 τε
420 1254 583 1308 αὐτὸν
633 1253 830 1306 εἰδέναι
882 1252 1030 1315 ὅστις
1056 1250 1173 1322 εἴη,
1213 1248 1445 1321 βοῶντες
1493 1252 1586 1304 καὶ
1641 1251 1919 1320 λέγοντες·

338 1346 463 1408 Ἔα,
491 1345 550 1398 τί
573 1344 719 1414 ἡμῖν
750 1344 853 1398 καί
894 1359 1016 1406 σοι,
1071 1341 1167 1396 Υἱὲ
1195 1342 1303 1396 τοῦ
1342 1343 1528 1406 Θεοῦ;
1576 1341 1823 1412 οἴδαμέν
1851 1358 1925 1397 σε

334 1438 426 1502 τίς
453 1433 528 1500 εἴ,
557 1441 589 1490 ό
619 1436 784 1505 ἅγιος
815 1435 923 1489 τοῦ
949 1435 1118 1489 Θεοῦ.
1165 1431 1299 1486 Ἀπὸ
1335 1433 1445 1505 γὰρ
1479 1434 1577 1505 τῆς
1599 1435 1735 1507 πρὸς
1763 1435 1924 1488 αὑτὸν

337 1528 646 1598 ἐνεχθείσης
676 1527 860 1598 φωνῆς
894 1526 1310 1597 μεμαθήκεισαν
1336 1526 1485 1589 ὅστις
1516 1520 1584 1597 ἦν
1604 1542 1618 1556 ⁸
1660 1524 1797 1578 ἀλλὰ
1828 1525 1924 1578 καὶ

337 1617 431 1687 ἀφ’
476 1611 551 1672 ὧν
597 1617 893 1689 εἰργάσατο
934 1615 1076 1671 κατὰ
1114 1616 1207 1669 τὸν
1252 1613 1348 1669 τοῦ
1386 1615 1694 1688 πειρασμοῦ
1735 1617 1924 1688 καιρὸν

335 1709 534 1781 ⁴ᾔδεσαν
572 1709 736 1764 αὐτοῦ
761 1708 860 1780 τὴν
887 1705 1141 1779 δύναμιν.

412 1819 494 1871 Οὐ
522 1816 994 1886 προσελεύσεται
1027 1817 1177 1887 πρὸς
1221 1815 1296 1872 σὲ
1339 1817 1516 1880 κακὰ,
1550 1816 1651 1870 καί
1695 1814 1922 1886 μάστιξ

2024 526 2236 590 gerant,
2271 517 2588 583 abduceret,
2621 518 2990 590 liberaretque
3035 521 3104 574 ah
3145 519 3418 575 idolorum
3450 534 3609 574 erro-

2022 627 2116 679 re;
2153 612 2464 667 necessario
2500 611 2702 666 bellum
2764 612 2942 682 primo
2997 613 3218 683 gerebat
3275 613 3330 667 in
3388 627 3484 668 eos
3513 613 3608 683 qui

2023 701 2288 756 diuturno
2326 709 2572 772 tempore
2602 702 2950 773 tyrannidem
2992 702 3336 759 obtinebant.
3378 703 3444 759 Et
3479 704 3609 774 quia

2023 792 2175 864 ipsos
2211 807 2309 863 per
2347 795 2713 848 tentationum
2764 794 3011 848 omnium
3050 793 3396 849 tolerantiam
3437 811 3612 867 oppu-

2023 883 2252 955 gnabat,
2278 883 2400 939 ideo
2424 882 2604 940 Lucas
2640 884 2717 939 ait
2746 903 2760 939 :
2799 883 2868 938 Et
2901 900 3019 937 cum
3041 897 3463 940 consummasset
3497 903 3612 940 om-

2024 991 2140 1030 nem
2163 977 2523 1032 tentationcm
2555 976 2823 1043 diabolus,
2854 978 3098 1032 discessit
3135 978 3200 1031 ab
3228 994 3288 1032 eo
3318 979 3385 1032 “.
3407 977 3612 1034 Deinde

2023 1083 2154 1122 vero
2186 1066 2255 1122 ad
2287 1068 2574 1124 hominum
2607 1069 2947 1126 curationem
2980 1076 3036 1125 et
3072 1069 3339 1124 medelam
3388 1070 3615 1124 accede-

2022 1160 2118 1215 bat
2169 1179 2182 1215 :
2225 1175 2395 1230 quare
2448 1159 2756 1215 fremebant
2787 1161 2842 1215 in
2894 1176 3018 1216 eum
3057 1161 3358 1226 daemones,
3387 1161 3616 1216 conﬁte-

2024 1251 2334 1320 banturque
2368 1266 2427 1306 se
2461 1265 2626 1306 nosse
2647 1251 2774 1322 quis
2814 1258 2983 1314 esset,
3012 1251 3315 1306 clamantes
3346 1257 3400 1305 et
3422 1251 3615 1306 dicen-
3683 1303 3694 1324 ε

2025 1353 2149 1400 tes:
2188 1342 2333 1410 Sine,
2365 1344 2491 1415 quid
2525 1345 2676 1399 nobis
2719 1353 2768 1399 et
2819 1343 2932 1409 tibi,
2971 1341 3078 1397 Fili
3101 1343 3240 1398 Dei?
3279 1341 3538 1397 Nouimus
3569 1351 3618 1397 te

2024 1440 2140 1508 quis
2171 1438 2271 1503 sis,
2308 1445 2522 1493 sanctus
2546 1437 2643 1491 Dei
2675 1435 3008 1494 “.Abillata
3027 1437 3176 1493 enim
3204 1436 3282 1490 illi
3324 1451 3456 1491 voce
3484 1437 3618 1490 didi-

2025 1537 2216 1584 cerant
2246 1528 2501 1598 quisnam
2533 1536 2712 1595 esset;
2748 1527 2860 1581 imo
2891 1528 3055 1581 etiam
3085 1541 3154 1582 ex
3185 1527 3254 1580 iis
3286 1541 3408 1595 qua:
3438 1531 3617 1580 tenta-

2025 1620 2192 1677 tionis
2224 1630 2468 1692 tempore
2507 1628 2774 1692 gesserat,
2801 1618 2924 1688 ejus
2953 1619 3214 1673 virtutem
3253 1627 3544 1673 noverant.

2096 1826 2466 1882 VensJO-IQ.
2493 1823 2617 1880 Non
2642 1818 2888 1879 accedent
2909 1822 2980 1878 ad
3013 1833 3062 1877 te
3082 1822 3248 1888 mala,
3272 1831 3321 1877 et
3344 1821 3616 1893 ﬂagellum

336 1910 449 1962 οὐκ
480 1909 664 1978 ἐγγιεῒ
682 1907 761 1974 τῷ
795 1908 1143 1978 σκηνώματί
1174 1923 1314 1963 σου.
1339 1909 1458 1960 Ὅτι
1487 1906 1614 1973 τοῖς
1645 1905 1922 1977 ἀγγέλοις

2030 1937 2126 1974 non
2153 1919 2597 1990 appropinquabit
2621 1916 2962 1972 tabernacqu
2989 1925 3098 1970 tuo.
3119 1914 3385 1981 Quoniam
3415 1913 3617 1984 angelis

337 2000 524 2058 αὑτοῦ
579 1999 902 2054 ἐντελεῖται
946 2001 1082 2070 περὶ
1130 1998 1248 2055 σοῦ
1300 2000 1409 2054 τοῦ
1440 1994 1804 2068 διαφυλάξαι
1849 2014 1923 2052 σε

337 2093 408 2146 ἐν
451 2092 675 2158 πάσαις
714 2091 844 2158 ταῖς
882 2091 1042 2158 όδοῖς
1089 2106 1226 2145 σου.
1278 2091 1404 2144 Ἐπὶ
1448 2087 1661 2160 χειρῶν
1705 2088 1925 2158 ἀροῦσί

339 2196 434 2248 σε,
455 2185 688 2254 μήποτε
713 2186 1072 2253 προσκόψῃς
1098 2183 1246 2252 πρὸς
1269 2183 1445 2237 λίθον
1472 2184 1577 2236 τὸν
1601 2181 1758 2236 πόδα
1782 2197 1920 2236 σου.

338 2275 456 2336 Kal,
473 2273 645 2328 ταῦτα
678 2273 755 2346 τῷ
784 2273 927 2326 κατά
950 2271 1186 2345 Χριστὸν
1213 2272 1622 2343 τετελειωμένῳ
1645 2271 1803 2342 ἀνδρὶ
1830 2271 1925 2324 καὶ

338 2364 416 2436 τῷ
447 2366 592 2436 χορῷ
632 2365 741 2418 τῶν
774 2365 866 2418 τοῦ
917 2363 1155 2435 Χριστοῦ
1195 2363 1528 2436 μαρτύρων,
1576 2363 1642 2435 τῇ
1689 2380 1748 2416 τε
1793 2363 1926 2434 ἁγίᾳ

340 2454 507 2509 αὑτοῦ
547 2455 862 2527 Ἐκκλησία,
892 2457 984 2509 καὶ
1005 2456 1072 2527 δὴ
1097 2456 1192 2509 καὶ
1237 2454 1386 2527 αὐτῷ
1420 2454 1497 2526 τῷ
1536 2454 1772 2527 Χριστοῦ
1818 2454 1926 2508 σώ-

343 2562 475 2616 ματι
507 2546 794 2618 άρμόσειεν
824 2544 889 2599 ἂν
939 2545 1227 2613 λέγεσθαι·
1268 2545 1332 2598 Εἰ
1376 2544 1486 2616 γὰρ
1522 2543 1927 2623 παρεμϐάλλει

339 2635 596 2706 ἅγγελος
627 2637 843 2704 Κυρίου
875 2637 1078 2700 κύκλῳ
1122 2636 1243 2690 τῶν
1295 2635 1682 2706 φοϐουμένων
1718 2635 1926 2700 αὐτὸν,

341 2729 441 2781 καὶ
457 2729 708 2795 ῥύσεται
742 2727 988 2793 αὐτοὺς,
1017 2725 1125 2779 τῶν
1156 2727 1613 2798 ὑπερϐεϐηκότων
1642 2726 1732 2781 τὸν
1765 2726 1929 2796 φόϐον

344 2820 440 2872 καὶ
469 2821 526 2871 ἐν
573 2819 682 2884 ἕξει
730 2819 910 2889 τελεία
942 2817 1044 2888 τῆς
1092 2818 1233 2872 κατὰ
1264 2818 1442 2889 ψυχὴν
1480 2817 1679 2890 ἀρετῆς
1724 2835 1930 2888 τυγχα-

343 2913 562 2977 νόντων,
591 2913 773 2976 ὁποῖός
800 2915 945 2964 ἐστιν
974 2914 1008 2965 ό
1046 2910 1392 2979 καθήμενος
1421 2910 1491 2963 ἐν
1516 2910 1770 2978 βοηθείᾳ
1823 2909 1930 2965 τοῦ

354 3003 670 3073 ’Υψίστου,
699 3001 798 3056 καὶ
825 3001 942 3057 ὑπὸ
969 3001 1084 3070 τὴν
1110 3004 1296 3055 σκιὰν
1311 3001 1417 3054 τοῦ
1442 3001 1652 3055 ἱκανοῦ
1698 2999 1932 3062 αὐλιζό-

337 3113 554 3166 μενοςη
612 3095 720 3148 τῶν
778 3089 865 3148 οὖν
927 3093 1181 3146 τοιούτων
1229 3095 1327 3163 οὐχ
1379 3089 1458 3157 εἷς
1511 3092 1759 3162 ἄγγελος,
1795 3092 1932 3147 ἀλλὰ

344 3187 689 3259 παρεμϐολαὶ
730 3186 948 3248 πλείους
988 3184 1341 3238 καθίστανται
1381 3183 1641 3253 φύλακες,
1676 3184 1797 3237 ὅσαι
1841 3185 1934 3237 καὶ

345 3279 564 3342 πλείους
611 3279 660 3330 οἱ
710 3276 789 3348 τῷ
847 3276 989 3329 κατὰ
1044 3275 1176 3330 Θεὸν
1217 3275 1406 3345 τελείῳ
1467 3274 1929 3338 ἐπιϐουλεύοντες.

344 3372 499 3426 Οὕτω
542 3369 674 3439 γοῦν
698 3370 792 3422 καὶ
834 3368 927 3421 τὸν
971 3368 1256 3439 προφήτην
1324 3365 1622 3419 Ἐλισσαῖον
1672 3365 1934 3420 ἐκύκλουν

345 3460 549 3530 πλῆθος
573 3458 886 3529 δορυφόρων
909 3457 1177 3526 ἀγγέλων.
1204 3455 1294 3508 Διὸ
1324 3455 1473 3508 οὐδὲν
1493 3455 1600 3510 τῶν
1625 3455 1934 3527 βλαπτικῶν

343 3549 743 3606 ἐπελεύσεσθαι
771 3549 989 3616 λέγεται
1021 3547 1099 3619 τῷ
1127 3548 1215 3602 διὰ
1235 3545 1327 3600 τοῦ
1350 3545 1567 3618 ψαλμοῦ
1597 3565 1938 3620 προφητευο-

347 3647 493 3715 μένῳ
513 3659 526 3672 ·
563 3641 675 3694 ἀλλ’
717 3639 836 3692 οὐδὲ
867 3639 1064 3708 μάστιξ
1090 3638 1183 3692 ἐπὶ
1203 3639 1263 3691 τὸ
1294 3638 1452 3709 σῶμα
1479 3638 1790 3708 ἐφάψασθαι
1840 3639 1932 3693 τοῦ

329 3735 704 3806 ,σκηνώματος
736 3731 902 3784 αὑτοῦ
923 3747 937 3761 ·
981 3731 1219 3800 μάστιγα
1246 3729 1510 3783 νοούντων
1548 3729 1705 3799 ⁴ἡμῶν
1743 3730 1803 3783 οὐ
1835 3731 1934 3801 τὴν

346 3827 649 3897 κοινότερον
674 3823 998 3895 λεγομένην·
1035 3821 1208 3895 ταύτῃ
1244 3821 1354 3893 γὰρ
1384 3822 1790 3894 ἐμαστίχθησαν
1829 3840 1934 3893 μυ-

348 3919 451 3992 ρίοι
467 3917 574 3971 τῶν
591 3917 758 3986 ἁγίων
776 3915 868 3969 τοῦ
885 3913 1016 3968 Θεοῦ
1036 3913 1325 3986 μαρτύρων
1344 3913 1437 3966 καὶ
1457 3913 1622 3966 αὐτοῦ
1641 3913 1698 3966 δὲ
1709 3914 1801 3966 τοῦ
1822 3914 1936 3966 Σω-

347 4013 414 4082 τῆ
423 4029 511 4083 ρος
527 4010 682 4082 ἡμῶν
702 4007 762 4062 τὸ
775 4007 1081 4078 σωματικὸν
1099 4006 1362 4077 σκήνωμα
1379 4005 1518 4077 καὶὴ
1533 4004 1668 4076 σὰρξ
1686 4004 1934 4076 μάστιξιν

348 4101 548 4174 ᾐκίσθη
606 4101 746 4154 κατὰ
798 4100 890 4154 τὸν
937 4098 1126 4172 καιρὸν
1175 4096 1270 4150 τοῦ
1330 4098 1570 4164 πάθους,
1625 4096 1934 4160 ἀκολούθως

347 4195 414 4265 τῇ
477 4191 758 4264 φασκούσῃ
811 4193 938 4264 περὶ
981 4190 1144 4246 αὑτοῦ
1204 4192 1540 4263 προφητεία,
1587 4191 1700 4246 Τὸν
1740 4191 1935 4246 νῶτόν

343 4301 464 4354 μου
505 4282 695 4336 ἔδωκα
726 4285 813 4348 εἷς
841 4282 1177 4352 μάστιγας,
1225 4283 1332 4349 τὰς
1375 4282 1444 4336 δὲ
1484 4283 1773 4352 σιαγόνας
1811 4301 1932 4353 μου

350 4379 436 4442 είς
455 4377 837 4445 ραπίσματιιο
868 4375 948 4427 διὸ
979 4375 1219 4446 μάστιγα
1247 4373 1342 4428 νῦν
1375 4373 1664 4446 δηλοῦσθαι
1700 4376 1797 4444 τὴν
1824 4375 1934 4429 ἀπὸ
1959 4379 1964 4385 ’

349 4453 666 4540 δαιμονικῆς
711 4467 988 4538 ἐνεργείας
1036 4467 1248 4537 πληγὴν
1283 4467 1588 4537 νομιστέον,
1622 4468 1813 4531 ὁποίας
1860 4467 1935 4520 εῐ-

355 4569 514 4634 ρηται
550 4559 712 4622 αὐτὸς
755 4559 783 4610 ὁ
837 4559 1027 4630 Σωτὴρ
1078 4559 1331 4613 ἰάσασθαι
1380 4560 1476 4611 καὶ
1520 4558 1844 4629 θεραπεύειν
1873 4561 1932 4611 ἐν

353 4652 659 4725 ἀνθρώποις
692 4650 956 4721 δαιμόνων
982 4649 1307 4721 ἀκαθάρτων
1344 4651 1631 4722 μάστιγας.
1665 4649 1932 4721 Τοιαύτην

353 4743 444 4800 οὖν
486 4744 723 4818 μάστιγά
771 4759 936 4814 φησιν
975 4743 1003 4795 ὁ
1052 4741 1242 4814 παρὼν
1275 4741 1431 4812 λόγος
1463 4743 1538 4814 μὴ
1573 4742 1813 4811 ἐγγίσειν
1855 4740 1931 4814 τῷ

357 4837 675 4909 σκηνώματι
701 4833 794 4888 τοῦ
834 4833 1336 4906 προφητευομένου,
1362 4834 1451 4888 διὰ
1476 4835 1536 4887 τὸ
1567 4833 1931 4904 φυλάττεσθαι

355 4931 460 4984 ὑπὸ
491 4930 598 4983 τῶν
624 4927 1046 4998 καθεσταμένων
1074 4928 1166 4980 ἐπὶ
1192 4925 1254 4980 τὸ
1293 4931 1552 4999 φρουρεῖν
1582 4928 1742 4981 αὑτὸν
1767 4927 1933 4997 ἀγγέ-

355 5021 484 5085 λων,
514 5021 562 5074 οἶ
602 5021 665 5091 δὴ
704 5021 796 5074 καὶ
822 5019 937 5090 ,ἐπὶ
985 5015 1185 5089 χειρῶν
1236 5017 1399 5070 αὑτὸν
1425 5017 1699 5088 μετέωρον
1737 5017 1935 5089 ἀναλή-

355 5113 550 5185 ψεσθαι
577 5112 843 5181 λέγονται,
875 5109 1013 5182 πρὸς
1038 5110 1097 5162 τὸ
1121 5109 1195 5180 μὴ
1220 5108 1587 5180 προσκόπτειν
1611 5109 1775 5163 αὐτοῦ
1803 5108 1934 5180 λίθῳ

355 5207 446 5261 τὸν
477 5206 632 5260 πόδα.
672 5207 942 5276 Σκήνωμα
982 5204 1038 5256 δὲ
1082 5202 1244 5256 αὐτοῦ
1279 5201 1402 5256 καθ’
1435 5202 1532 5255 ἕνα
1583 5202 1682 5273 μὲν
1734 5203 1935 5274 τρόπον

357 5302 502 5372 ἐρεῖς
545 5294 684 5352 εἶναι
732 5298 829 5369 τὴν
865 5295 1188 5366 Ἐκκλησίαν
1227 5291 1414 5356 αὑτοῦ,
1464 5293 1606 5347 κατὰ
1650 5293 1711 5348 τὸ
1734 5335 1749 5359 ,
1789 5295 1936 5360 Ἕως

357 5391 436 5444 ἄν
483 5388 634 5457 εὕρω
694 5390 882 5441 τόπον
935 5386 1017 5452 τῷ
1059 5387 1286 5454 Κυρίῳ,
1349 5383 1637 5455 σκήνωμα
1681 5383 1762 5450 τῷ
1813 5382 1936 5450 Θεῷ

369 5481 568 5538 Ἰακώό
582 5498 594 5510 ·
632 5480 772 5534 οῦτω
817 5479 910 5532 καὶ
944 5477 1166 5532 πλείονα
1197 5477 1529 5548 σκηνώματα
1557 5475 1654 5542 τὰς
1691 5477 1936 5530 ἁπαντα-

466 5638 512 5670 ⁸⁶
549 5636 680 5693 Luc.
723 5653 796 5702 IV,
839 5636 926 5690 15.

360 5705 404 5740 ⁸⁸
443 5707 583 5763 Psal.
618 5723 844 5767 unm.
880 5707 934 5762 2.

1023 5636 1072 5670 ³³
1109 5634 1278 5694 ﬂare.
1315 5651 1355 5702 ι,
1387 5633 1486 5702 εις
1524 5631 1658 5690 Luc.
1691 5632 1885 5708 Iv,_54.
1962 5631 2011 5667 ⁸⁸
2048 5633 2194 5693 Psal.
2229 5649 2434 5709 nam,
2469 5636 2523 5694 8.

2023 2011 2135 2066 suis
2168 2009 2442 2064 mandabit
2472 2010 2535 2063 de
2561 2017 2628 2070 te,
2660 2016 2719 2061 ut
2748 2007 3049 2061 custodiant
3086 2015 3133 2059 te
3164 2006 3218 2058 in
3248 2004 3491 2059 omnibus
3513 2004 3615 2058 viis

2026 2105 2152 2159 tuis.
2177 2101 2244 2157 In
2277 2100 2524 2156 manibus
2545 2100 2831 2170 portabunt
2861 2108 2929 2163 te,
2949 2116 3011 2154 ne
3027 2115 3259 2170 unquam
3290 2094 3527 2167 offendas
3545 2096 3616 2149 ad

2026 2193 2254 2263 lapidem
2282 2192 2466 2264 pedem
2498 2202 2666 2249 tuum.
2693 2192 2820 2247 Haec
2853 2193 2921 2247 de
2951 2191 3070 2246 viro
3109 2190 3408 2246 secundum
3456 2188 3618 2243 Chri-

2026 2293 2172 2342 stum
2204 2292 2607 2346 consummato,
2630 2283 2698 2339 de
2728 2283 2900 2338 choro
2936 2290 3240 2352 martyrum
3271 2278 3500 2347 Christi,
3530 2278 3616 2334 vel

2027 2379 2096 2434 de
2129 2387 2321 2433 sancta
2356 2375 2477 2447 ejus
2527 2376 2809 2444 Ecclesia;
2844 2376 2955 2430 imo
2979 2391 3111 2431 vero
3143 2375 3211 2430 de
3254 2375 3376 2445 ipso
3404 2372 3614 2428 Christi

2025 2480 2259 2536 corpore
2294 2474 2600 2535 opportune
2631 2465 2740 2520 dici
2776 2471 3024 2534 possunt.
3055 2465 3194 2518 Nam
3235 2464 3284 2518 si
3315 2473 3619 2517 castrame-

2030 2565 2176 2611 tatur
2203 2555 2419 2625 angelus
2451 2555 2666 2609 Domini
2697 2555 2752 2608 in
2785 2556 3011 2608 circuitu
3044 2552 3341 2607 timentium
3386 2569 3525 2616 eum,
3560 2559 3615 2604 et

2027 2647 2211 2715 eripiet
2241 2662 2328 2700 eos
2352 2647 2419 2708 ⁸⁸,
2446 2646 2538 2715 qui
2563 2643 2911 2699 formidinem
2936 2650 3354 2714 superarunt,et
3384 2643 3440 2696 in
3467 2642 3620 2697 bono

2028 2737 2268 2800 virtutis,
2301 2751 2424 2806 quae
2461 2734 2762 2791 secundum
2797 2735 3049 2790 animam'
3086 2744 3211 2799 est,
3264 2733 3462 2790 aﬂ'ectu
3495 2749 3620 2788 ver-

2030 2838 2243 2894 santur,
2273 2828 2452 2897 qualis
2494 2836 2578 2882 est
2609 2825 2699 2897 qui
2748 2826 2888 2880 sedet
2922 2826 2975 2880 in
3005 2825 3273 2896 adjutorio
3327 2824 3619 2891 Altissimi,

2031 2931 2080 2975 et
2110 2920 2205 2975 sub
2232 2919 2423 2974 umbra
2481 2920 2638 2989 fortis
2682 2928 3077 2983 commoratur;
3124 2919 3193 2975 iis
3233 2933 3367 2974 sane
3397 2917 3490 2988 qui
3539 2917 3622 2974 sic

2034 3011 2210 3066 aﬂ‘ecti
2246 3019 2394 3077 sunt,
2430 3026 2542 3064 non
2571 3011 2800 3080 angelus
2823 3025 2989 3072 unus,
3027 3008 3122 3063 sed
3153 3016 3338 3064 castra
3380 3007 3620 3078 plurima

2035 3103 2091 3158 in
2115 3101 2421 3157 custodiam
2451 3100 2653 3155 tradita
2674 3109 2822 3164 sunt,
2846 3107 2900 3154 et
2939 3107 3094 3154 tanto
3123 3099 3384 3169 plurima,
3408 3103 3620 3167 quanto

2035 3193 2128 3264 qui
2162 3193 2278 3246 viro
2308 3189 2609 3246 secundum
2642 3187 2812 3264 Deum
2853 3187 3103 3260 profecto
3133 3187 3490 3244 insidiantur.
3530 3184 3625 3242 Sic

2037 3284 2223 3352 itaque
2264 3281 2522 3336 Elisaaum
2576 3280 2898 3352 prophetam
2956 3278 3278 3334 muniebant
3329 3277 3625 3334 satellitum

2037 3376 2352 3446 angelorum
2411 3381 2607 3429 turmae
2680 3372 3047 3440 Quamobrem
3116 3370 3430 3426 nocumenti
3481 3369 3625 3424 nihil

2035 3482 2306 3539 passurus
2332 3482 2455 3522 esse
2479 3467 2683 3522 dicitur
2709 3465 2805 3536 qui
2837 3465 2894 3519 in
2931 3464 3145 3535 psalmo
3174 3462 3582 3534 praenuntiatur
3606 3480 3622 3529 ;

2035 3567 2213 3623 neque
2246 3551 2518 3624 ﬂagellum
2548 3551 2766 3622 corpori
2797 3549 3135 3604 tabernaculi
3181 3549 3302 3619 ejus
3350 3548 3626 3603 incutien-

2035 3643 2164 3698 dum
2218 3643 2554 3714 praadicitur.
2603 3641 2707 3697 Per
2735 3641 3004 3713 ﬂagellum
3054 3655 3187 3694 vero
3238 3656 3347 3696 non
3402 3639 3625 3710 vulgare

2035 3734 2168 3789 illud
2200 3735 2588 3805 intelligimus;
2625 3747 2751 3786 nam
2782 3746 2848 3786 eo
2876 3730 3004 3786 caesi
3032 3739 3163 3787 sunt
3191 3731 3623 3786 innumerabiles

2036 3827 2211 3882 sancti
2247 3825 2340 3880 Dei
2377 3832 2666 3895 martyres,
2699 3831 2863 3894 atque
2904 3825 3084 3894 ipsum
3131 3839 3458 3895 corporeum
3490 3823 3623 3880 Ser-

2033 3920 2238 3972 vatoris
2288 3915 2464 3970 nostri
2499 3910 2912 3968 tabernaculum
2960 3920 3015 3967 et
3055 3927 3186 3967 caro
3219 3913 3340 3983 ejus
3373 3920 3626 3984 tempore

2033 4007 2308 4078 passionis
2337 4005 2565 4076 ﬂagellis
2591 4005 2866 4059 lancinata
2913 4011 3017 4068 est,
3050 4003 3352 4059 secundum
3385 4005 3624 4075 pmpho-

2035 4100 2164 4154 tiam
2189 4114 2311 4170 quae
2345 4097 2412 4151 de
2435 4099 2552 4168 ipso
2576 4096 2737 4159 fatur,
2768 4094 3002 4149 Dorsum
3051 4111 3222 4149 meum
3244 4094 3366 4150 dedi
3395 4095 3465 4149 ad
3513 4098 3622 4167 ﬂa-

2034 4191 2220 4263 gellas,
2240 4200 2288 4244 et
2319 4207 2478 4260 genas
2506 4206 2649 4244 meas
2676 4187 2744 4242 ad
2777 4187 2966 4257 alapas
2987 4187 3033 4218 ⁸⁷
3063 4205 3075 4240 :
3110 4185 3205 4241 sed
3231 4185 3501 4258 ﬂagellum
3533 4189 3624 4245 hic

2035 4284 2245 4353 plagam
2267 4281 2569 4336 daemonica
2599 4280 2651 4333 vi
2689 4279 2945 4334 inﬂictam
2967 4276 3280 4350 signiﬁcare
3310 4279 3619 4348 putandum

2035 4381 2154 4434 est,
2209 4371 2388 4441 qualia
2432 4371 2549 4440 ipse
2603 4368 2860 4424 Servator
2919 4371 3260 4440 impurorum
3310 4367 3621 4424 daemonum

2036 4465 2351 4518 hominibus
2383 4464 2604 4518 incussa
2629 4461 2836 4533 ﬂagella
2861 4477 3086 4518 curasse
3108 4469 3389 4517 narratur.
3411 4460 3621 4530 Hujus-

1968 4538 2012 4596 θ
2041 4555 2186 4609 modi
2217 4553 2491 4626 ﬂagellum
2525 4554 2729 4609 dicitur
2754 4570 2864 4609 non
2897 4554 3459 4625 appropinquaturum
3500 4569 3624 4609 esse

2039 4649 2398 4703 tabernaculo
2445 4646 2589 4717 ejus,
2621 4647 2715 4718 qui
2748 4648 2801 4701 in
2833 4648 3093 4703 vaticinio
3135 4647 3342 4714 fertur;
3396 4647 3523 4718 quia
3554 4649 3624 4704 ab

2040 4739 2248 4809 angelis
2277 4737 2345 4792 ad
2379 4737 2685 4793 custodiam
2715 4737 2835 4807 ejus
2866 4737 3139 4808 deputatis
3176 4737 3502 4802 servabitur,
3527 4739 3622 4808 qui

2039 4831 2202 4886 etiam
2229 4845 2354 4885 eum
2393 4831 2448 4884 in
2484 4830 2738 4884 manibus
2784 4829 3071 4884 sublimem
3123 4830 3461 4900 assumpturi
3499 4845 3622 4886 esse

2043 4920 2322 4987 dicuntur,
2356 4929 2415 4975 ut
2453 4936 2522 4976 ne
2575 4936 2670 4992 pes
2701 4920 2820 4990 ejus
2848 4921 2915 4974 ad
2947 4918 3180 4990 lapidem
3211 4919 3469 4975 oﬂ‘endat.
3510 4919 3621 4975 Ta-

2042 5014 2401 5070 bernaculum
2431 5030 2596 5085 porro
2644 5013 2763 5084 ejus
2801 5013 2981 5084 aliqua
3028 5014 3242 5069 ratione
3291 5013 3444 5070 dicas
3500 5029 3623 5070 esse

2011 5104 2014 5105 ⁷
2043 5103 2343 5160 Ecclesiam
2375 5107 2571 5176 ipsius,
2603 5104 2902 5161 secundum
2935 5104 3089 5168 illud,
3132 5103 3311 5158 Donec
3358 5105 3621 5160 inveniam

2046 5197 2218 5252 locum
2246 5197 2475 5252 Domino
2497 5237 2512 5262 ,
2552 5195 2952 5250 tabernaculum
2985 5195 3094 5250 Deo
3133 5194 3302 5249 Jacob
3331 5195 3408 5264 ⁸⁸;
3455 5195 3536 5251 sic
3567 5203 3620 5254 et

2045 5291 2169 5345 illas
2201 5306 2297 5360 per
2325 5290 2513 5346 orbem
2566 5290 2831 5345 ecclesias
2871 5289 3101 5358 plurima
3124 5288 3474 5343 tabernacula
3496 5303 3621 5345 esse

2044 5385 2197 5439 novit
2229 5383 2320 5454 qui
2348 5381 2506 5447 dixit,
2536 5381 2708 5448 Quam
2735 5381 2930 5435 dilecta
2959 5380 3302 5436 tabernacula
3342 5389 3465 5446 tua,
3509 5380 3620 5436 Do-

2043 5476 2183 5530 mine
2207 5475 2463 5529 virtutum
2495 5472 2574 5526 "i
2622 5471 2746 5528 Alio
2772 5479 2954 5528 autem
2988 5472 3172 5540 modo,
3207 5486 3532 5542 corporeum
3559 5473 3624 5528 il-

2629 5631 2673 5666 ⁸⁷
2713 5630 2817 5688 lsa.
2851 5647 2903 5701 ι,
2927 5632 2982 5688 6.
3077 5630 3122 5664 ⁸⁸
3160 5629 3306 5688 Psal.
3343 5645 3530 5698 cxm,
3565 5629 3619 5684 5.
