2037 3192
244 137 313 166 “59

578 128 973 171 EUSEBILC/ESARIENSIS
992 134 1029 163 OF

1089 134 1179 162 PARS
1195 133 1240 163 Ill.
1257 151 1291 156 ——
1311 132 1516 165 EXEGETICA.

1805 142 1876 166 “tiu

242 199 288 226 lud
305 199 528 228 instrumentum,
545 196 572 224 in
588 205 643 232 quo
671 196 805 224 habitavit
833 196 881 224 Dei
893 196 1012 225 Verbum
1023 217 1029 229 ,

1085 197 1134 233 χοῦ
1154 197 1207 232 γῆς
1223 197 1372 233 εἰρημένας
1391 198 1539 233 ἐκκλησίας
1550 195 1619 224 οἶδεν
1635 199 1649 224 ὁ
1667 198 1755 234 φήσας
1777 198 1854 233 λόγος
1866 209 1875 215 -

241 243 344 271 dixeris
356 242 561 269 tabernaculum
578 241 638 276 ejus
652 250 723 269 esse.

1093 243 1141 275 Ὡς
1153 243 1290 277 ἀγαπητὰ
1301 242 1337 269 τὰ
1354 241 1535 278 σκηνόψίιτά
1550 251 1618 274 σου,
1635 244 1725 277 Κύριε
1742 243 1801 270 τῶν
1821 245 1875 272 δυ-

241 287 453 323 νάμεωνΙΚαθ’
469 287 562 322 ἕτερον
574 287 602 313 δὲ
618 287 719 322 τρόπον
733 288 764 314 τὸ
784 288 940 323 σωματικὸν
955 287 1079 322 ὄργανον,
1107 290 1137 316 ὲν
1160 286 1183 324 ᾧ
1211 290 1418 326 κατεσκήνωσεν
1443 290 1457 316 ὁ
1481 290 1527 316 τοῦ
1546 289 1613 317 Θεοῦ
1644 291 1739 324 Λόγος,
1766 290 1875 326 λεχθείη

242 335 275 361 ἂν
290 334 372 361 αὑτοῦ
391 335 533 370 σκήνωμα.

276 382 309 408 Et
323 381 433 417 quidem
457 382 595 416 praecipua
620 386 646 409 ct
663 381 766 417 majora
787 386 862 417 gesta
878 381 969 415 illius,
986 382 1033 417 qui

241 425 267 452 in
283 425 425 461 prophetia
437 425 605 456 enuntiatur,
622 432 705 460 opera
725 425 923 461 prznstantioris
938 425 1034 461 cujus-

239 472 312 506 piam
328 472 495 504 edebantur;
512 479 574 498 nam
590 471 613 498 is
629 471 675 505 qui
696 471 847 498 secundum
873 478 984 498 carnem
998 478 1033 498 ex

240 518 345 547 semine
360 517 470 544 Davidis
484 524 546 544 esse
559 524 574 543 a
595 517 675 544 nobis
691 516 862 551 intelligitur,
874 523 937 543 cum
954 516 1031 544 sede-v

239 568 281 590 ret
298 563 325 590 in
338 563 474 598 adjutorio
487 562 631 593 Altissimi,
647 566 675 589 et
705 569 769 589 cum
784 562 955 590 Altissimum
983 570 1033 598 po-

240 609 341 636 suisset
354 608 489 644 refugium
508 614 600 639 suum,
614 606 677 642 jure
695 607 730 634 ab
747 607 886 634 Altissimo
901 608 1032 635 servaba-

240 658 294 681 tur.
305 653 487 687 Quamobrem
495 653 603 680 dicebat
618 653 668 685 illi,
677 653 820 687 Susceptor
833 661 906 680 meus
920 658 948 680 es
964 658 992 680 tu
1005 658 1031 680 et

239 699 371 735 refugium
385 707 481 731 meum,
497 698 566 725 Deus
582 690 665 730 meus,
679 703 705 725 et
717 698 827 733 sperabo
844 699 870 725 in
884 707 954 726 eum.
971 698 1031 734 Ipse

239 754 358 781 namque
372 745 486 773 eruebat
501 752 564 772 eum
581 744 613 771 de
630 745 727 779 laqueo
744 744 902 771 venantium
914 764 922 776 ,
949 748 976 771 et
1002 745 1031 772 in

239 792 359 827 scapulis
377 792 436 828 suis
446 791 625 819 obumbrabat
656 791 712 823 illi;
729 791 795 825 quin
811 791 892 818 etiam
910 792 1030 819 circum-

239 836 321 863 dabat
338 836 414 863 illum
428 835 551 863 veritatis
579 838 658 862 scuto
683 835 824 869 obtegens.
856 835 889 862 Et
918 835 975 862 haec
992 834 1030 862 illi

239 882 330 911 omnia
345 882 504 909 Altissimus
515 881 670 916 prmstabat,
685 884 716 908 ut
733 887 767 908 ne
789 881 946 908 turbaretur
964 888 979 907 a
996 880 1031 907 ti-

240 936 316 956 more
331 931 476 958 nocturno,
493 927 536 953 vel
553 934 567 953 a
590 926 689 961 sagitta
703 926 811 953 volante
834 926 861 952 in
878 926 932 957 die,
954 930 1001 952 aut
1014 933 1028 952 a

239 974 347 1009 negotio
367 972 573 1008 perambulante
589 971 616 998 in
633 970 752 998 tenebris
769 990 777 1002 ,
804 974 850 997 aut
876 977 891 997 a
907 970 986 996 ruina
1004 973 1031 996 et

239 1019 374 1046 daemonio
391 1017 551 1045 meridiano.
570 1016 609 1043 Ad
630 1016 687 1043 haec
703 1023 768 1043 vero
791 1015 950 1042 Altissimus
977 1022 1029 1041 au-

240 1064 349 1090 xiliatus
363 1062 387 1090 ei
401 1063 434 1089 de
447 1069 501 1097 quo
521 1061 611 1096 agitur
624 1068 720 1087 omnes
744 1059 918 1086 inimicorum
937 1063 964 1086 et
984 1058 1032 1085 ho-

239 1109 323 1136 stium
341 1107 401 1141 ejus
421 1107 536 1134 virtutes
559 1105 592 1132 de
618 1104 709 1132 medio
735 1103 846 1130 tollebat
872 1106 899 1130 et
915 1103 1030 1137 pedibus

238 1154 299 1189 ejus
311 1152 485 1188 subjiciebat.
504 1151 593 1185 Quare
612 1150 714 1177 dictum
730 1153 783 1179 est,
798 1148 899 1176 Cadent
912 1158 928 1175 a
948 1148 1031 1175 latere

239 1205 284 1226 tuo
303 1200 385 1231 mille,
397 1204 420 1225 et
441 1198 527 1225 decem
543 1196 629 1223 millia
648 1204 664 1222 a
688 1195 790 1222 dextris
803 1195 866 1228 tuis,
884 1195 918 1222 ad
939 1200 963 1222 te
981 1204 1030 1222 au-

240 1251 289 1273 ιριη
308 1254 357 1272 non
372 1243 603 1279 nppropinquabit.
620 1241 717 1276 Magna
734 1241 837 1276 itaque,
853 1245 882 1269 ut
904 1241 961 1268 dixi
975 1261 982 1273 ,
1002 1245 1030 1269 et

240 1291 357 1326 perfecta
373 1299 455 1326 opera
469 1289 627 1316 Altissimus
645 1287 713 1322 ipse,
729 1291 878 1315 memorato
890 1288 949 1315 viro
967 1286 1028 1322 opi-

238 1339 328 1364 tulans
340 1358 347 1370 ,
368 1337 483 1368 edebat;
504 1335 609 1362 minora
627 1338 727 1366 autem,
744 1338 773 1360 ut
789 1334 851 1369 quis
863 1334 982 1367 dixerit,
1002 1337 1029 1362 et

239 1383 340 1410 leviora
356 1387 552 1417 corporeaque,
573 1379 677 1414 angelis
693 1379 865 1414 procuranda
881 1379 1028 1407 demanda-

237 1431 292 1457 bat.
306 1429 369 1456 llrec
381 1435 461 1464 porro
472 1431 550 1454 erant
564 1434 624 1461 quae
634 1425 668 1452 ad
684 1426 902 1460 tabernaculum,
918 1426 976 1454 sire
991 1425 1028 1453 ad

237 1483 399 1511 corporeum
416 1475 629 1501 instrumentum
653 1476 735 1508 atque
751 1472 784 1499 ad
808 1472 895 1507 ipsam
917 1480 1027 1500 carnem

237 1520 424 1556 pertinebant;
440 1522 467 1545 et
487 1518 554 1549 base.
571 1521 665 1553 utpote
680 1525 741 1552 qua:
755 1517 873 1549 modica,
885 1520 967 1551 atque
981 1524 1026 1544 su-

1112 383 1160 410 -Τὰ
1175 381 1224 418 μὲν
1241 381 1492 418 κεφαλαιωδέστερα
1510 382 1559 408 καὶ
1578 382 1688 417 μείζονα
1707 382 1761 410 τῶν
1774 392 1874 418 κατορ-

1084 425 1218 462 θωμάτων
1227 426 1274 453 τοῦ
1285 425 1329 452 διὰ
1340 426 1391 460 τῆς
1401 426 1567 462 προφητείας
1580 427 1744 462 δηλουμένου
1755 428 1799 454 διὰ
1810 436 1875 455 συν-

1085 473 1194 508 εργειας
1208 473 1256 500 τοῦ
1272 473 1393 508 μείζονος
1406 472 1589 508 κατωρθοῦτο.
1605 474 1766 509 Καθήμενος
1779 474 1833 510 γὰρ
1844 476 1875 502 ὲν

1086 519 1198 555 βοηθείᾳ⁸
1213 519 1261 546 τοῦ
1279 519 1407 554 Ὑψίστου
1423 520 1438 546 ὁ
1455 519 1525 546 κατὰ
1541 519 1630 554 σάρκα
1646 519 1789 556 νοούμενος
1808 522 1875 556 ήμῖν

1084 566 1098 592 ὀ
1124 565 1157 592 ὲκ
1184 565 1342 602 σπέρματος
1370 565 1450 592 Δαυῒδ
1478 565 1615 599 γεγονὼς,
1632 566 1646 592 ὁ
1672 566 1753 598 αὐτὸς
1775 567 1803 593 δὲ
1829 568 1875 594 τὸν

1085 612 1218 647 Ὕψιστον
1235 612 1347 647 θέμενος
1377 611 1459 638 αὑτοῦ
1486 612 1667 647 καταφυγήν,
1688 612 1801 644 εἰκότως
1821 613 1874 639 ὑπὸ

1083 657 1130 684 τοῦ
1160 657 1288 692 Ὑψίστου
1313 656 1492 691 ἐφυλάττετο·
1521 656 1560 682 διὸ
1584 657 1632 683 καὶ
1655 656 1730 691 αὐτῷ
1760 656 1870 690 ἔλεγεν·

1091 701 1286 735 Ἀντιλήπτωρ
1309 709 1369 735 μου
1388 697 1417 727 εἷ
1435 700 1484 727 καὶ
1499 698 1654 734 καταφυγή
1669 708 1740 734 μου,
1763 700 1779 725 ὀ
1800 700 1873 731 Θεός

1081 756 1161 783 μου,
1189 747 1239 774 καὶ
1267 746 1360 773 ἐλπιῶ
1386 746 1432 772 ἐπ’
1462 746 1564 772 αὐτόν.
1595 744 1681 776 Αὐτὸς
1707 745 1760 781 γὰρ
1792 744 1874 770 αὑτὸν

1084 794 1196 830 sapae-.0
1210 794 1243 820 ὲκ
1270 792 1382 826 παγίδος
1414 791 1568 827 θηρευτῶν,
1583 790 1631 818 καὶ
1658 791 1686 817 ὲν
1710 791 1765 821 τοῖς
1790 798 1875 824 μετα-

1084 841 1193 876 φρένοις
1207 839 1289 866 αὑτοῦ
1304 839 1466 871 ἐπεσκίαζεν
1485 838 1582 866 αὐτόν’
1604 837 1673 865 ἀλλὰ
1692 838 1739 864 καὶ
1755 835 1874 864 ἐκύκλου

1046 887 1067 914 Β
1082 887 1162 913 αὐτὸν
1177 885 1348 921 περιϐάλλων
1364 884 1493 921 ἀληθείας
1508 885 1592 920 ὅπλῳ.
1607 884 1663 911 Καὶ
1678 883 1765 910 ταῦτα
1782 883 1874 910 πάντα

1083 933 1213 968 παρεῖχεν
1228 930 1303 967 αὺτῷ
1315 930 1461 965 ’Ύψιστος,
1478 931 1552 961 ὅπως
1574 930 1612 965 μὴ
1629 929 1796 965 ταράττηται
1816 929 1874 955 ἀπὸ

1081 978 1163 1013 φόϐου
1180 984 1348 1013 νυκτερινου,
1366 977 1435 1011 μήτε
1453 975 1506 1002 ἀπὸ
1524 974 1617 1010 βέλους
1635 973 1784 1008 πετομένου
1798 973 1873 1008 ἡμέ-

1082 1030 1142 1057 ρας,
1162 1020 1228 1056 μηδὲ
1239 1019 1294 1047 ἀπὸ
1306 1020 1470 1055 πράγματος
1482 1019 1512 1046 ἐν
1529 1019 1620 1045 σκότει
1630 1017 1872 1053 διαπορευομένου,

1083 1065 1150 1101 μηδὲ
1161 1064 1215 1091 ἀπὸ
1231 1064 1435 1101 συμπτώματος
1454 1065 1500 1092 καὶ
1518 1063 1654 1100 δαιμονίου
1670 1062 1872 1099 μεσημϐρινοῦ.

1082 1110 1143 1137 Ἔτι
1158 1110 1187 1137 δὲ
1200 1110 1267 1146 πρὸς
1283 1110 1388 1142 τούτοις
1405 1111 1485 1142 αὐτὸς
1501 1111 1515 1137 ὁ
1531 1110 1662 1144 Ὕψιστος
1678 1108 1817 1144 συνεργῶν
1831 1107 1874 1143 τῷ

1080 1157 1145 1192 περὶ
1160 1153 1190 1183 οὗ
1203 1157 1217 1183 ὁ
1233 1156 1322 1190 λόγος,
1343 1156 1433 1188 πάσας
1447 1156 1496 1187 τὰς
1515 1155 1569 1182 τῶν
1591 1154 1696 1190 ἐχθρῶν
1722 1153 1804 1181 αὑτοῦ
1818 1153 1875 1180 καὶ

1080 1202 1218 1238 πολεμίων
1242 1202 1373 1238 δυνάμεις
1395 1201 1509 1238 καθῄρει
1531 1202 1579 1228 καὶ
1606 1201 1658 1227 ὑπὸ
1679 1200 1763 1232 πόδας
1787 1200 1873 1227 αὑτοῦ

1080 1248 1239 1275 κατέϐαλλε.
1254 1248 1300 1274 Διὸ
1316 1248 1438 1282 ἐλέγετο·
1464 1248 1602 1274 Πεσεῑται
1621 1247 1655 1273 ἐκ
1672 1246 1725 1273 τοῦ
1746 1246 1873 1278 κλίτους

1079 1302 1138 1321 σου
1159 1294 1257 1328 χιλιὰς
1273 1294 1322 1321 καὶ
1347 1293 1458 1329 μυριὰς
1473 1293 1508 1319 ἐκ
1522 1292 1629 1324 δεξιῶν
1647 1300 1720 1324 σου,
1738 1291 1812 1325 πρὸς
1831 1291 1874 1318 σὲ

1079 1334 1114 1367 δὲ
1126 1341 1181 1367 οὐκ
1194 1340 1294 1375 ὲγγ-ιεῖ.
1317 1339 1357 1367 Τὰ
1385 1340 1433 1375 μὲν
1446 1336 1507 1371 οὖν,
1523 1339 1561 1370 ὡς
1584 1338 1669 1373 ἔφην,
1696 1337 1802 1373 μεγάλα
1823 1337 1874 1363 καὶ

1080 1386 1173 1421 ἐντελῆ
1190 1386 1388 1423 κατορθώματα
1398 1387 1413 1412 ὁ
1427 1385 1558 1421 Ὕψιστος
1577 1384 1658 1416 αὐτὸς
1677 1383 1815 1419 συνεργῶν
1829 1382 1873 1417 τῷ

1078 1433 1234 1469 δηλουμένῳ
1261 1432 1392 1466 ὲξετέλει·
1406 1432 1441 1460 τὰ
1456 1432 1494 1465 δὲ,
1513 1432 1550 1464 ὡς
1575 1432 1607 1459 ἂν
1624 1431 1695 1457 εἴποι
1708 1439 1760 1463 τις,
1784 1429 1873 1456 λεπτὲ

1079 1480 1126 1506 καὶ
1161 1478 1378 1515 σωματικώτερα
1404 1478 1530 1513 ἀγγέλοις
1567 1477 1748 1504 διακονεῖσθαι
1784 1484 1872 1511 προσ-

1079 1524 1183 1551 έταττε.
1206 1523 1297 1550 Ταῦτα
1312 1523 1340 1550 δὲ
1363 1521 1397 1559 ἦν
1416 1523 1450 1550 τὰ
1474 1523 1539 1558 περὶ¹
1561 1523 1591 1549 τὸ
1618 1524 1749 1557 σκήνωμα
1773 1520 1870 1552 αὐτοῦ,

236 1570 329 1606 perius
344 1567 502 1595 memoratis
524 1567 641 1597 collata.
669 1566 731 1593 vilia
754 1571 863 1596 essent,
892 1565 1027 1592 ministris

1080 1569 1179 1604 δηλαδὴ
1195 1569 1226 1595 τὺ
1243 1569 1396 1604 σωματικὸν
1415 1568 1544 1604 ὄργανον,
1561 1568 1609 1594 καὶ
1634 1568 1669 1594 τὰ
1695 1567 1760 1603 περὶ
1783 1566 1873 1602 αὐτὴν

236 1616 340 1652 angelis
356 1615 388 1641 ad
406 1614 560 1641 custodiam
572 1613 818 1646 concredebantur,
836 1619 870 1639 tte
891 1611 956 1646 quid
980 1619 1029 1638 no-

235 1664 357 1695 cumenti
388 1662 497 1697 corpori
521 1662 581 1697 ejus
605 1661 775 1698 inferretur,
803 1669 871 1688 neve
892 1660 1028 1696 flagellum

236 1709 393 1745 quodpiam,
406 1716 459 1734 non
473 1708 535 1743 ipsi,
546 1706 594 1734 sed
609 1706 784 1734 tabernaculo
808 1705 868 1740 ejus
879 1705 1030 1732 .incutere-

236 1761 282 1783 tur
299 1764 306 1782 ι
322 1763 384 1781 nam
402 1754 454 1790 ipsi
482 1761 572 1788 neque
600 1752 684 1780 millia
698 1772 705 1785 ,
722 1759 811 1787 neque
833 1751 926 1779 decem
943 1751 1027 1777 millia

236 1804 418 1839 malignum
452 1803 583 1830 virtutum
622 1801 843 1837 appropinquare
880 1799 1026 1827 audebant.

235 1851 319 1879 Carni
336 1858 400 1878 vero
412 1854 437 1877 et
452 1848 560 1884 corpori
570 1847 640 1882 ejus,
658 1847 705 1882 qui
728 1847 755 1873 in
772 1845 915 1882 prophetia
929 1845 1027 1877 fertur,

236 1896 325 1932 angeli
342 1895 536 1923 ministrabant
554 1893 594 1921 vel
611 1893 639 1924 in
662 1892 783 1920 minimis
807 1896 835 1919 et
860 1891 1003 1919 vilissimis
1019 1901 1025 1919 :

235 1942 309 1977 quod
321 1949 386 1969 sane
397 1941 440 1968 his
455 1940 611 1967 declaratur
623 1959 631 1972 ,
658 1937 699 1965 Ne
720 1937 839 1973 offendas
855 1936 895 1971 ad.
913 1937 1028 1972 lapidem

235 1989 326 2024 pedem
343 1992 428 2015 tuum.
446 1987 494 2014 llis
509 1986 609 2021 quippe
630 1985 746 2012 indicari
763 1984 882 2013 arbitror
899 2003 906 2016 ,
932 1984 973 2011 vel
1000 1984 1029 2011 in

236 2035 357 2062 minimis
379 2038 407 2061 et
422 2033 498 2068 parvi
511 2031 639 2059 momenti
656 2031 738 2058 rebus
752 2038 813 2065 quae
830 2029 939 2063 corpori
955 2030 1027 2056 acci-

235 2081 300 2108 dere
317 2079 451 2112 solebant,
469 2078 580 2113 angelos
611 2076 664 2111 ipsi
684 2075 866 2103 ministrasse.
889 2073 918 2101 ln
937 2073 1029 2101 Evan-

235 2128 314 2164 geliis
329 2134 411 2161 porro
438 2125 490 2152 hoc
508 2124 542 2150 de
557 2122 698 2149 Salvatore
716 2120 903 2163 testimonium
929 2119 1028 2155 depre-

236 2174 359 2205 hendas;
376 2172 484 2200 Marcus
500 2170 572 2197 enim
594 2169 706 2203 scripsit
722 2171 844 2202 tempore
867 2166 1027 2194 tentationis

237 2218 406 2246 Salvatorem
434 2223 495 2243 cum
526 2214 590 2242 leris
620 2214 716 2245 fuisse,
734 2217 761 2240 ct
777 2213 888 2247 angelos
905 2212 929 2239 ei
947 2211 1029 2238 mini-
1043 2227 1066 2255 Β

237 2270 342 2293 strasse
356 2263 395 2296 9°;
413 2261 556 2289 Matthaeus
574 2267 639 2287 vero
655 2259 773 2294 idipsum
791 2263 899 2293 tempus
923 2257 1027 2292 signiﬁ—

236 2318 303 2338 cans
317 2309 355 2336 ait
369 2318 376 2335 :
394 2308 467 2335 Tunc
477 2305 587 2332 dimittit
605 2313 664 2332 eum
679 2303 818 2336 diabolus,
832 2308 856 2330 et
869 2311 926 2330 ecce
941 2302 1027 2337 angeli

237 2358 403 2383 accesserunt
417 2357 441 2380 et
456 2351 644 2379 ministrabant
659 2350 683 2377 ei
696 2350 730 2375 9'.
747 2348 818 2376 Sane
841 2347 914 2384 quod
940 2347 1028 2382 angeli

239 2400 291 2436 ipsi
309 2399 543 2430 ministraverint,
569 2397 743 2432 evangelista:
769 2395 926 2426 declarant;
956 2391 1027 2428 quod

238 2450 328 2474 autem
347 2445 491 2473 ministerii
501 2452 586 2480 genus
613 2443 664 2478 ipsi
691 2440 876 2477 praestiterint,
894 2447 948 2467 non
975 2446 1029 2466 me-

238 2495 380 2520 morarunt
396 2492 454 2518 illi:
472 2490 518 2518 sed
542 2490 568 2517 id
597 2496 719 2524 praesens
746 2486 888 2522 prophetia
917 2484 1025 2516 docuit,

238 2540 364 2568 videlicet
379 2538 453 2566 circa
466 2544 598 2572 corporea
614 2541 642 2564 et
657 2535 769 2562 minima
788 2541 884 2561 eorum
903 2532 1028 2559 ministe-

237 2588 308 2615 rium
324 2586 419 2613 fuisse.
441 2584 509 2612 Nam
527 2584 587 2618 ejus
604 2582 810 2610 tabernaculum
824 2579 1028 2611 custodiebant,

238 2641 272 2660 ne
285 2632 420 2668 ﬂagellum
445 2630 498 2665 ipsi
521 2629 770 2664 appropinquaret;
791 2625 851 2660 ejus
874 2628 963 2652 autem
978 2620 1027 2659 pe-

238 2678 285 2712 des
299 2678 468 2710 tutabantur,
481 2681 558 2703 utne
571 2675 612 2703 vel
625 2674 653 2701 in
668 2673 781 2700 minimo
794 2679 825 2699 ac
833 2671 973 2699 levissimo
986 2670 1028 2697 of.

240 2725 391 2752 fenderent.

1079 1615 1130 1649 τὴν
1158 1614 1264 1649 σάρκα,
1283 1614 1301 1641 ἃ.
1329 1614 1361 1649 δὴ
1384 1614 1422 1645 ὡς
1446 1614 1551 1648 σμικρὰ
1576 1613 1623 1639 καὶ
1639 1611 1788 1647 παραθέσει
1813 1611 1872 1638 τῶν

1079 1659 1233 1695 ἔμπροσθεν
1267 1658 1521 1693 κατωνομασμένων
1559 1657 1655 1692 εὐτελῆ
1670 1677 1677 1688 ,
1718 1656 1871 1692 ὑπηρέταις

1080 1705 1205 1739 ἀγγέλοις
1219 1704 1376 1740 παρεδίδοτο
1395 1704 1435 1735 εἰς
1461 1703 1490 1729 τὸ
1507 1702 1661 1737 φυλάττειν,
1679 1702 1716 1738 μή
1739 1710 1765 1728 τι
1786 1710 1872 1728 κακο-

1080 1750 1156 1777 ποιὸν
1176 1749 1285 1776 ἐπέλθοι
1310 1749 1349 1785 τῷ
1368 1748 1473 1784 σώματι
1498 1748 1597 1782 αὐτοῦ,
1621 1748 1687 1784 μηδέ
1710 1756 1752 1779 τις
1769 1747 1872 1783 μάστιξ

1079 1795 1269 1832 ὲγχρίμψειεν,
1287 1795 1338 1822 οὐκ
1351 1794 1434 1830 αὐτῷ,
1452 1794 1520 1821 ἀλλὰ
1543 1793 1581 1829 τῷ
1599 1793 1757 1829 σκηνώματι
1770 1792 1868 1820 αὑτοῦ·

1079 1841 1153 1877 αὐτῷ
1171 1842 1225 1878 γὰρ
1240 1841 1301 1868 οὔτε
1328 1841 1463 1877 χιλιάδες,
1487 1840 1548 1867 οὔτε
1568 1839 1697 1877 μυριάδες
1727 1840 1872 1874 δυνάμεων

1079 1887 1206 1923 πονηρῶν
1223 1887 1382 1923 πλησιάζειν
1389 1887 1520 1922 ἐτόλμων.
1528 1885 1707 1921 Διηκονοῦντο
1717 1884 1746 1911 δὲ
1760 1884 1872 1918 ἄγγελοι

1078 1935 1112 1969 τῇ
1130 1935 1211 1968 σαρκὶ
1224 1933 1270 1960 τοῦ
1294 1933 1533 1969 προφητευομένου
1553 1932 1601 1958 καὶ¹
1622 1931 1661 1966 τῷ
1682 1931 1804 1965 σώματι,
1823 1930 1873 1956 καὶ

1081 1979 1162 2015 μέχρι
1183 1978 1229 2005 τοῦ
1252 1978 1433 2013 σμικροτάτου
1455 1978 1501 2004 καὶ
1516 1976 1707 2003 εὐτελεστάτου
1718 1983 1724 1990 ·
1741 1974 1755 2000 ὃ
1774 1974 1806 2009 δὴ
1822 1974 1872 2000 καὶ

1079 2025 1243 2061 παρίστησιν
1258 2025 1272 2051 ὁ
1288 2024 1365 2059 λόγος
1381 2024 1492 2058 φάσκων
1502 2032 1508 2038 ·
1523 2023 1617 2055 Ὅπως
1628 2021 1671 2057 μὴ
1688 2022 1872 2055 προσκόψῃς

1079 2070 1154 2105 πρὸς
1182 2071 1269 2098 λίθον
1283 2069 1336 2097 τὸν
1357 2069 1435 2096 πόδα
1454 2078 1521 2096 σου.
1551 2068 1699 2103 Σημαίνειν
1722 2067 1777 2103 γὰρ
1794 2065 1871 2102 οἶμαι

1078 2116 1122 2143 διὰ
1135 2116 1231 2143 τούτου
1244 2116 1273 2142 τὸ
1285 2115 1332 2142 καὶ
1348 2115 1428 2151 μέχρι
1442 2114 1489 2141 τοῦ
1503 2114 1627 2149 τυχόντος
1640 2113 1686 2139 καὶ
1699 2112 1871 2149 βραχυτάτου

1079 2162 1241 2198 συμϐαίνειν
1258 2161 1353 2192 εἰωθὸς
1369 2160 1432 2196 περὶ
1452 2159 1499 2186 τοῦ
1515 2159 1640 2194 σώματος
1659 2159 1791 2193 ἀγγέλους
1811 2158 1871 2185 δια-

1080 2208 1218 2235 κονεῖσθαι
1240 2207 1332 2246 αὐτῷζ
1346 2207 1438 2241 Ἔχεις
1461 2205 1490 2232 δὲ
1513 2205 1560 2232 καὶ
1582 2206 1610 2232 ἐν
1626 2204 1800 2239 Εὐαγγελίοις
1824 2204 1871 2231 ἐπὶ

1079 2255 1125 2282 τοῦ
1142 2255 1268 2290 Σωτῆρος
1289 2253 1371 2280 αὑτοῦ
1392 2252 1492 2288 ταύτην
1511 2251 1560 2288 τὴν
1586 2252 1747 2288 μαρτυρίαν.
1769 2252 1797 2278 '0
1820 2251 1873 2286 μὲν

1080 2301 1134 2338 γὰρ
1151 2302 1264 2337 Μάρκος
1287 2298 1424 2335 ἀνέγραψε
1449 2298 1519 2325 κατὰ
1534 2298 1580 2325 τὸν
1600 2298 1694 2333 καιρὸν
1710 2297 1757 2324 τοῦ
1774 2305 1872 2332 πειρα-

1081 2347 1150 2382 σμοῦ
1168 2347 1215 2373 τοῦ
1232 2347 1367 2381 Σωτῆρος,
1382 2344 1420 2378 ὡς
1431 2346 1484 2382 ἄρα
1494 2343 1528 2380 ἦν
1543 2344 1611 2380 μετὰ
1621 2344 1674 2371 τῶν
1687 2344 1800 2379 θηρίων,
1822 2344 1871 2370 καὶ

1080 2393 1104 2419 οἱ
1125 2392 1237 2426 ἄγγελοι
1262 2391 1402 2427 διηκόνουν
1427 2390 1516 2426 αὐτῷ·
1537 2391 1550 2417 ὁ
1564 2389 1701 2420 Ματθαῖος
1728 2388 1808 2415 πάλιν
1825 2388 1872 2415 τὸν

1081 2438 1162 2465 αὐτὸν
1175 2437 1269 2474 καιρὸν
1295 2436 1535 2473 ὲπισημηνάμενὸς
1548 2443 1630 2471 φησι·
1660 2435 1727 2462 Τότε
1743 2434 1872 2468 ἀφίησιν

1081 2484 1174 2511 αὐτὸν
1193 2485 1209 2511 ό
1224 2484 1378 2518 διάϐολος,
1405 2483 1454 2510 καὶ
1472 2482 1537 2510 ἰδοὺ
1560 2481 1680 2517 ἄγγελοι
1695 2480 1872 2514 προσῆλθον

1081 2532 1130 2559 καὶ
1147 2531 1309 2565 διηκόνουν
1325 2531 1414 2563 αὐτῷ.
1424 2530 1503 2557 Ἀλλᾶ
1524 2530 1564 2557 ’ὁτι
1588 2529 1637 2565 μὲν
1650 2528 1675 2555 ol
1689 2526 1798 2562 ἄγγελοι
1811 2525 1871 2561 διη-

1081 2577 1175 2604 κόνουν
1186 2577 1271 2613 αὐτῷ,
1285 2577 1388 2610 ἔδειξαν
1401 2577 1426 2603 οἱ
1444 2574 1635 2610 εὐαγγελισταί
1645 2581 1652 2589 ⁸
1669 2572 1748 2603 ποίας
1763 2572 1791 2598 δὲ
1809 2570 1870 2597 δια-

1082 2623 1173 2655 κονίας
1188 2623 1261 2659 αὐτῷ
1278 2625 1418 2660 παρεῖχον,
1437 2619 1510 2649 οὗτοι
1528 2621 1576 2656 μὲν
1589 2617 1868 2654 οὺκὲμνημόνευσαν·

1083 2671 1100 2705 ἡ
1115 2669 1142 2696 δὲ
1160 2670 1328 2706 προκειμένη
1353 2669 1507 2705 προφητεία
1525 2666 1657 2698 ἐδίδαξεν,
1674 2665 1715 2691 ὅτι
1738 2663 1787 2699 τὴν
1806 2661 1870 2697 περὶ

1082 2716 1116 2743 τὰ
1130 2716 1272 2752 σωματικὰ
1289 2717 1336 2743 κοιλ¹
1352 2715 1455 2751 σμικρὰ
1468 2713 1616 2742 διακονίαν.
1638 2710 1802 2746 Ἐφύλαττον
1815 2707 1871 2743 γὰρ

242 2770 323 2797 αὐτοῦ
334 2770 365 2797 τὺ
377 2770 521 2805 σκήνωμα,
531 2768 604 2799 ὅπως
621 2766 658 2802 μὴ
677 2764 776 2801 μάστιξ
786 2763 859 2799 αὐτῷ
872 2761 1023 2798 πλησιάσῃ·
1045 2761 1195 2796 ἐφρούρουν
1211 2762 1238 2788 δὲ
1254 2761 1337 2788 αὑτοῦ
1350 2761 1398 2788 καὶ
1412 2761 1473 2793 τοὺς
1490 2760 1583 2792 πόδας,
1600 2758 1638 2791 ὡς
1652 2758 1684 2784 ἂν
1717 2756 1754 2791 μὴ
1787 2759 1874 2789 προσ-

243 2818 353 2852 κίψειαν
369 2817 449 2852 μέχρι
464 2816 511 2842 τοῦ
527 2815 708 2851 σμικροτάτου
721 2813 772 2840 ’καὶ
787 2812 989 2839 εὺτελεστάτον.

278 2876 300 2893 ’⁸
322 2877 404 2902 Marc.
424 2883 449 2906 ι.
467 2876 509 2902 15.
548 2876 569 2891 νι
593 2874 689 2902 Matth.
709 2881 734 2900 tv
749 2892 757 2904 .
779 2873 820 2899 ll.
