4074 6392
375 359 502 408 libi

1489 353 1814 407 (.UMlhEN'l
1827 353 1991 406 ARIA
2031 353 2093 405 ΙΝ
2138 352 2480 406 I’SALMOS.

3435 355 3602 437 ⁸1162

439 467 546 520 Καὶ
597 467 765 520 ταῦτα
799 467 894 537 μὲν
948 467 1067 519 κατ’
1101 463 1269 534 αὐτὴν
1322 463 1418 532 τὴν
1471 464 1646 529 λέξιν)
1701 464 1836 534 πρὸς
1881 463 1935 514 δὲ

2110 462 2173 516 Ει
2202 463 2314 516 lucc
2340 463 2556 533 quidem
2595 465 2890 517 secundum
2937 466 3134 519 nudam
3177 464 3460 520 lectionem
3496 485 3509 520 :
3551 479 3603 519 at

370 560 603 612 διάνοιαν
635 560 988 628 ὲπισκήνωμα
1021 555 1115 608 τοῦ
1134 555 1382 625 Σωτῆρος
1411 555 1616 624 ἡμῶνή
1648 554 1938 624 Ἐκκλησία

371 647 534 702 αὑτοῦ
581 647 997 700 ἀποδέδεικται·
1055 645 1191 699 ἀλλά
1231 646 1325 696 καὶ
1356 644 1514 714 σῶμα
1557 642 1722 695 αὐτοῦ
1755 645 1783 694 6
1814 642 1938 706 λαὸς

371 739 532 792 αὑτοῦ
558 737 695 790 κατά
720 737 809 790 τὸν
845 739 1089 807 φήσαντα
1114 735 1430 788 Ἀπόστολον
1446 752 1459 764 ⁸
1495 734 1678 802 Ὑμεῖς
1697 733 1771 787 ιδέ
1800 734 1938 787 ἐστε

371 831 542 900 σῶμα
563 829 847 897 Χριστοῦ,
882 829 980 882 καὶ
1009 827 1164 897 μέλη
1193 827 1260 879 ἐκ
1300 825 1538 894 μέρους.
1588 820 1711 877 Εἶεν
1741 823 1806 876 ἂν
1833 823 1938 877 τῶν

374 917 550 986 μελῶν
581 919 628 968 οἱ
670 916 769 986 μὲν
799 915 1083 986 ὀφθαλμοῖς
1102 914 1196 967 τοῦ
1230 912 1467 984 Χριστοῦ
1501 912 1770 984 σώματος,
1802 915 1848 966 oi
1881 914 1936 966 δὲ

368 1009 460 1060 καὶ
477 1001 612 1069 ὦτα,
643 1009 693 1058 οἱ
715 1007 770 1059 δὲ
801 1008 895 1059 καὶ
918 1009 1098 1077 χεῖρες
1121 1021 1136 1038 ο
1165 1007 1304 1058 κατά
1327 1006 1497 1059 ταῦτα
1520 1007 1697 1061 τοίνυν
1726 1006 1938 1060 ἔσονται

366 1097 528 1150 αὐτοῦ
557 1097 650 1150 καὶ
678 1098 834 1160 πόδες
855 1098 1053 1168 ἕτεροι,
1084 1097 1215 1169 περὶ
1243 1091 1319 1151 ὧν
1344 1097 1559 1170 εἴρηται
1579 1116 1592 1129 ·
1632 1099 1724 1164 Ὡς
1738 1099 1938 1166 ὡραῖοι

366 1192 418 1242 οἱ
451 1190 632 1254 πόδες
672 1187 792 1241 τῶν
819 1186 1358 1259 εὐαγγελιζομένων
1385 1189 1575 1258 ἀγαθά
1591 1190 1611 1241 .'
1636 1191 1850 1243 Τούτων
1873 1190 1936 1261 δὴ

364 1269 456 1327 οὖν
481 1273 588 1326 τῶν
612 1274 809 1340 ποδῶν,
836 1276 984 1337 ὅπως
1015 1276 1087 1347 μή
1112 1293 1194 1339 τις
1215 1277 1496 1348 προσκάψῃ
1524 1277 1658 1348 πρὸς
1681 1277 1825 1331 λίθον
1847 1279 1936 1331 τὸν

366 1366 523 1429 πόδα,
559 1366 692 1437 μηδὲ
725 1365 1140 1436 ακανδαλίζηται
1175 1369 1231 1420 ὲν
1258 1366 1337 1438 τῷ
1385 1367 1590 1439 δρόμῳ,
1631 1367 1847 1440 ὁμαλῶς
1876 1386 1935 1421 τε

365 1457 460 1510 καὶ
478 1454 772 1518 ἀκωλύτως
800 1457 1056 1529 διατρέχῃ
1084 1457 1182 1528 τὴν
1214 1457 1308 1511 τοῦ
1331 1459 1661 1527 Εὑαγγελίου
1691 1459 1934 1529 πορείαν,

363 1546 584 1616 ἄγγελοι
648 1546 1004 1602 καθέστανται
1057 1549 1418 1621 φρουροῦντες
1463 1549 1555 1603 τοῦ
1609 1551 1938 1621 δηλωθέντος

367 1638 718 1710 σκηνώματος
744 1637 1000 1707 φύλακες.
1022 1639 1190 1692 Πάλιν
1211 1640 1387 1712 ἕτεροι
1411 1639 1631 1708 ἄγγελοι
1659 1644 1707 1694 οί
1726 1643 1825 1705 τὰς
1846 1643 1933 1694 ὲκ-

365 1730 593 1800 κλησίας
624 1730 716 1784 τοῦ
756 1730 992 1802 Χριστοῦ
1027 1730 1126 1794 τὰς
1153 1732 1465 1802 ἁπανταχοῦ
1499 1733 1601 1803 γῆς
1635 1733 1936 1803 ίδρυθείσας

363 1794 1018 1891 πάιστευμένοιίΤαῦτα
1044 1820 1101 1873 δὲ
1128 1823 1201 1892 μὴ
1232 1794 1430 1886 συνιείς
1453 1825 1480 1876 6
1510 1794 1784 1887 διάϐολος·
1819 1794 1936 1888 πῶς
1968 1794 2009 1852 Β

363 1910 472 1980 γὰρ
500 1911 532 1981 ἢ
563 1909 723 1964 πόθεν
752 1910 899 1982 αὐτῷ
922 1911 1016 1966 τοῦ
1047 1912 1188 1966 θείου
1213 1913 1528 1984 Πνεύματος
1559 1915 1794 1970 συνιέναι
1822 1935 1935 1986 φω-

363 2004 496 2066 νὰς;
525 2004 583 2054 ὲν
613 2000 691 2072 τῷ
722 2003 1001 2074 πειράζειν
1028 2003 1120 2056 τὸν
1163 2005 1410 2076 Σωτῆρα,
1435 2007 1518 2068 εἰς
1558 2007 1619 2059 τὸ
1646 2007 1937 2079 πτερύγιον

363 2090 525 2144 αὐτὸν
552 2090 642 2143 τοῦ
667 2091 811 2162 ίεροῦ
836 2091 1147 2160 ἀναγαγὼν,
1171 2087 1293 2144 εἷπε
1319 2093 1454 2164 πρὸς
1479 2094 1638 2148 αὐτόν
1656 2113 1668 2125 ·
1701 2099 1772 2150 El
1809 2099 1939 2162 Υἱὸς

361 2176 420 2234 εἷ
445 2181 551 2234 τοῦ
580 2183 748 2247 Θεοῦ,
776 2182 934 2246 ,ϐάλε
963 2183 1225 2238 σεαυτὸν
1245 2183 1422 2239 κάτω.
1453 2187 1783 2256 Γέγραπται
1805 2190 1934 2259 γὰρ,

362 2269 451 2324 ὅτι
473 2271 595 2337 τοῖς
633 2274 909 2344 ἀγγέλοις
937 2275 1126 2330 αὐτοῦ
1156 2275 1481 2330 ἐντελεῖται
1510 2279 1643 2346 περὶ
1669 2281 1806 2344 σοῦ,
1840 2281 1938 2336 καὶ

363 2361 463 2415 ἐπὶ
497 2362 710 2432 χειρῶν
741 2365 960 2432 ἀροῦσί
994 2380 1088 2431 σε,
1121 2365 1356 2434 μήποτε
1395 2371 1754 2439 προσκόψῃς
1790 2373 1938 2440 πρὸς

363 2451 539 2505 λίθον
572 2451 678 2506 τὸν
717 2453 874 2507 πόδα
913 2468 1048 2508 σου.
1100 2458 1331 2512 Συνιδὼν
1373 2459 1483 2531 γὰρ
1528 2458 1709 2531 ἔργοις
1759 2462 1938 2525 αὐτοῖς

361 2546 442 2607 είς
474 2543 563 2597 τὸν
598 2545 822 2616 Σωτῆρα
854 2548 1294 2621 πεπληρωμένην
1324 2552 1424 2622 τὴν
1465 2554 1522 2606 ἐν
1564 2556 1676 2616 τοῖς
1720 2571 1940 2624 προκει-

366 2636 549 2705 μένοις
593 2636 949 2706 προφητείαν,
980 2639 1121 2709 ὁρῶν
1149 2657 1209 2693 τε
1241 2641 1390 2707 ξένον
1419 2643 1599 2714 θέαμα
1643 2647 1701 2697 ὲν
1735 2645 1938 2716 ἀνθρὼ-

363 2741 468 2778 που
502 2725 680 2796 φύσει,
714 2727 1002 2791 ὼςφπᾶσαν
1039 2731 1204 2784 αὐτοῦ
1234 2733 1334 2804 τὴν
1379 2735 1665 2804 στρατείαν
1697 2735 1936 2809 καθῃρῆ⁹

365 2815 509 2880 σθαι,
535 2817 626 2870 καὶ
654 2817 835 2881 πάσας
863 2819 1028 2874 αὐτοῦ
1063 2823 1374 2893 νενικῆσθαι
1395 2824 1494 2887 τὰς
1525 2826 1801 2896 δυνάμεις,
1833 2828 1938 2879 ὑπὸ

360 2907 458 2959 τοῦ
504 2908 851 2978 φαινομένου,
892 2911 1135 2981 χιλιάδας
1178 2931 1238 2967 τε
1277 2914 1499 2987 ἁθρόας,
1545 2918 1640 2970 καὶ
1675 2919 1936 2989 μυριάδας

360 2998 750 3072 ὰπέμπροσθεν
775 3001 941 3056 αὐτοῦ
967 3002 1289 3067 πιπτούσας,
1317 3006 1476 3059 αὐτόν
1500 3023 1560 3059 τε
1592 3007 1819 3078 ἀτρεμεὶ
1843 3010 1937 3060 καὶ

361 3089 815 3189 ἀπαραποδίπως
856 3094 942 3146 ἐπ’
979 3093 1180 3147 ἀσπίδα
1221 3095 1316 3150 καὶ
1370 3095 1678 3166 βασιλίσκον
1726 3099 1937 3151 ὲπιϐαί-
1963 3134 2005 3189 C

361 3196 542 3242 νοντα,
571 3179 760 3236 λέοντά
784 3198 844 3234 τε
889 3183 982 3236 καὶ
1022 3184 1310 3253 δράκοντα,
1344 3186 1445 3250 τὰς
1476 3188 1800 3259 αρχοντικάς
1843 3189 1938 3243 αὑ-

359 3269 456 3324 τοῦ
484 3270 756 3342 δυνάμεις,
783 3275 1215 3342 καταπατοῦντα,
1239 3279 1332 3331 καὶ
1354 3277 1496 3330 τοῦτ’
1525 3279 1778 3350 ὲπείραζε
1801 3280 1940 3348 γνῶ-
1987 3303 1991 3306 ·

363 3377 476 3427 ναι,
502 3363 573 3426 εί,
606 3363 797 3418 ἑαυτὸν
833 3365 943 3418 ἀπὸ
971 3364 1062 3417 τοῦ
1094 3365 1385 3436 πτερυγίου
1419 3365 1692 3437 ῥίψαντος,
1719 3365 1939 3435 ἄγγελοι

362 3452 752 3526 προσελθόντες
781 3455 942 3510 αὐτὸν
977 3454 1324 3525 βαστάσουσι.
1355 3457 1497 3529 Πρὸς
1536 3457 1739 3528 ταύτην
1772 3459 1938 3514 αὑτοῦ

361 3543 459 3615 τὴν
501 3543 754 3598 ὑπόνοιαν
783 3544 1172 3618 διεψευσμένην
1211 3545 1375 3602 οὖσαν
1405 3550 1435 3601 ὁ
1475 3548 1666 3620 Σωτὴρ
1708 3550 1940 3620 ἀπεκρί-

363 3651 520 3688 νατο·
554 3634 910 3704 Γέγραπται,
942 3636 1137 3704 λέγων,
1167 3640 1288 3691 Οὐκ
1320 3639 1698 3706 ἐκπειράσεις
1720 3641 1941 3707 Κύριον

363 3725 469 3779 τὸν
495 3726 643 3779 Θεόν
674 3741 810 3780 σου.
839 3727 912 3780 Τὸ
942 3726 1051 3798 γὰρ
1088 3727 1280 3781 ἑαυτὸν
1304 3729 1622 3800 κρημνίςειν
1652 3731 1747 3782 καὶ
1774 3747 1940 3784 κατα-

364 3816 580 3871 ϐάλλειν
610 3818 718 3871 ἀπὸ
761 3817 870 3874 τῶν
915 3819 1285 3889 ὑψηλοτάτων,
1320 3823 1414 3874 καὶ
1447 3821 1604 3875 τοῦτο
1651 3826 1824 3877 ποιεῖν
1853 3823 1939 3876 ἵνα

363 3905 494 3976 γνῴ.
521 3906 747 3978 πότερόν
791 3923 921 3961 ποτε
965 3907 1219 3978 βοηθείας
1255 3907 1506 3973 τεύξεται
1548 3910 1648 3979 τῆς
1698 3909 1787 3964 διὰ
1829 3911 1940 3964 τῶν

363 3997 630 4065 ἀγγέλων,
660 3997 693 4068 ἢ
730 3998 826 4068 μὴ,
874 3999 1221 4070 πειράζοντος
1247 3995 1316 4072 ἦν
1343 3999 1435 4053 τὸν
1468 4000 1632 4053 Θεόν·
1666 4000 1694 4054 ὃ
1726 4001 1790 4072 δὴ
1817 4019 1939 4055 πει-

366 4087 552 4159 ράζειν
600 4088 849 4144 ἐϐούλετο
884 4091 914 4143 6
943 4089 1240 4163 πειράζων.
1287 4093 1498 4145 Οίκεῖον
1535 4092 1643 4162 γὰρ
1695 4093 1842 4164 αὐτῷ
1872 4089 1939 4165 ἦν

365 4184 680 4254 πειράζοντι
699 4184 790 4237 τὸν
827 4183 1074 4254 Σωτῆρα,
1107 4182 1314 4237 καὶτὸν
1342 4183 1474 4237 Θεὸν
1503 4184 1780 4255 πειράζειν
1816 4185 1940 4238 τολ-

368 4277 494 4346 μᾷν.
541 4275 680 4328 Ἀλλ’
709 4276 807 4346 οὐχ
846 4277 875 4328 ὁ
903 4277 1094 4348 Σωτήρ
1131 4293 1197 4343 γε
1240 4275 1560 4346 ἐπείραζεν·
1592 4272 1651 4328 εὖ
1685 4277 1794 4348 γὰρ
1827 4278 1941 4348 ᾔδει

366 4367 464 4420 καὶ
505 4367 768 4420 πέπειστο
818 4367 946 4437 περὶ
984 4367 1081 4438 τῆς
1119 4367 1214 4420 τοῦ
1258 4360 1470 4438 Πατρδς
1517 4366 1795 4438 δυνάμεως
1841 4369 1940 4440 τῆς

2041 552 2374 623 intelligendi
2417 568 2566 607 more
2617 552 3027 608 tabernaculum
3085 553 3390 610 Servatoris
3429 557 3603 611 nostri

2040 640 2338 696 Ecclesiam
2386 643 2505 711 ejus
2551 657 2674 697 esse
2721 653 3203 699 commonstratum
3242 657 3360 713 est;
3405 662 3605 717 corpus

2038 748 2165 788 vero
2197 735 2336 803 ejus,
2372 735 2606 804 pepulus
2637 735 2758 806 ejus
2798 745 2902 799 est,
2937 736 3232 790 secundum
3258 738 3604 807 Apostolum,

2037 823 2130 894 qui
2163 824 2237 876 ait
2270 842 2282 876 :
2311 823 2415 877 Vos
2451 834 2624 877 autem
2647 827 2771 879 estis
2801 841 2985 894 corpus
3027 826 3245 892 Christi,
3294 839 3343 880 et
3373 827 3608 882 membra

2037 930 2100 967 ea:
2125 924 2273 979 parte
2303 915 2369 968 θ’.
2403 914 2479 968 Ex
2503 916 2765 971 membris
2791 925 2969 970 autem
3003 917 3094 970 alii
3123 915 3324 971 fuerint
3360 919 3608 990 corporis

2037 1006 2239 1060 Christi
2263 1008 2428 1071 oculi,
2466 1008 2555 1060 alii
2585 1023 2766 1074 aures,
2807 1009 2896 1062 alii
2933 1025 3162 1074 manus;
3193 1009 3294 1065 hac
3318 1027 3480 1080 porro
3521 1029 3608 1068 ra-

2037 1099 2185 1153 tione
2218 1099 2310 1152 alii
2347 1100 2510 1169 pedes
2555 1099 2678 1168 ejus
2707 1108 2887 1164 erunt,
2917 1101 2982 1154 de
3016 1102 3214 1171 quibus
3247 1103 3454 1157 dictum
3480 1114 3563 1161 est
3587 1124 3605 1159 ι

2039 1189 2210 1256 Quam
2256 1192 2473 1259 speciosi
2518 1191 2670 1259 pedes
2727 1194 3199 1263 evangelizantium
3235 1195 3370 1248 bona
3398 1195 3480 1250 "l
3530 1196 3612 1252 Ne

2037 1280 2160 1350 quis
2189 1295 2316 1335 vero
2352 1281 2614 1335 horumce
2649 1283 2844 1351 pedum
2886 1283 2953 1336 ad
3009 1284 3245 1352 lapidem
3276 1284 3609 1354 offenderet,

2037 1385 2213 1440 neque
2244 1371 2299 1424 in
2327 1387 2492 1426 cursu
2521 1371 2877 1441 impingeret,
2934 1373 3026 1427 sed
3080 1374 3238 1444 plana
3269 1375 3355 1429 via
3389 1385 3440 1431 et
3491 1377 3611 1432 sine

2035 1459 2190 1514 obice
2219 1458 2321 1514 iter
2365 1459 2734 1529 evangelicum
2783 1469 3118 1530 permearet,
3175 1463 3351 1532 angeli
3402 1473 3610 1519 tutores

2037 1563 2101 1602 ac
2161 1547 2416 1603 custodes
2476 1547 2684 1619 praefati
2736 1551 3071 1604 tabernaculi
3122 1552 3403 1606 constituti
3456 1561 3606 1606 sunt.

2037 1638 2272 1695 Rursum
2343 1654 2473 1694 vero
2527 1647 2745 1703 exstant
2807 1640 2897 1694 alii
2955 1642 3177 1710 angeli,
3240 1643 3439 1711 quibus
3505 1641 3610 1696 Ec.-

2037 1732 2214 1787 clesiae
2243 1730 2444 1785 Christi
2499 1731 2700 1800 ubique
2731 1737 3001 1784 terrarum
3040 1730 3297 1794 fundatae,
3326 1731 3611 1788 concredi-

2037 1825 2105 1872 tte
2133 1825 2278 1872 sunt.
2313 1815 2467 1881 Quod
2501 1831 2624 1870 cum
2657 1830 2766 1870 non
2797 1816 3122 1886 intelligeret
3151 1814 3400 1870 diabolus
3426 1836 3439 1871 :
3470 1833 3609 1886 quo-

2039 1905 2198 1961 modo
2218 1906 2360 1960 enim
2390 1915 2482 1958 aut
2507 1905 2650 1959 unde
2677 1905 2846 1960 divini
2869 1904 3104 1975 Spiritus
3119 1921 3282 1960 voces
3309 1907 3610 1977 intelligere

2037 1999 2245 2068 possit?
2270 2013 2394 2054 cum
2418 1996 2754 2052 Salvatorem
2785 2005 3037 2061 tentaret,
3057 1999 3233 2068 ipsum
3252 1996 3319 2052 ad
3341 1999 3609 2067 pinnacu-

2039 2091 2150 2143 lum
2185 2089 2367 2158 templi
2399 2088 2622 2142 ductum
2653 2087 2734 2142 sic
2759 2087 3134 2158 alloquebatur
3169 2107 3183 2142 :
3215 2087 3275 2142 Si
3306 2086 3482 2141 Filius
3509 2085 3608 2140 Dei

2038 2197 2116 2244 es,
2151 2181 2301 2233 mitte
2331 2190 2379 2232 te
2402 2178 2668 2236 dmrsum.
2701 2177 2967 2246 Scriptum
2997 2187 3072 2232 est
3105 2180 3266 2241 enim,
3293 2180 3419 2247 quia
3449 2194 3609 2247 ange-

2041 2272 2107 2325 lis
2136 2273 2246 2325 suis
2279 2270 2553 2324 mandabit
2583 2269 2647 2323 de
2677 2279 2742 2334 te,
2765 2279 2815 2323 et
2849 2271 2904 2323 in
2943 2271 3187 2324 manibus
3227 2271 3406 2324 tollent
3437 2280 3503 2332 te,
3546 2288 3610 2324 ne

2037 2376 2269 2430 unquam
2315 2360 2552 2429 o/Tendas
2596 2359 2665 2413 ad
2711 2358 2938 2428 lapidem
2994 2360 3174 2428 pedem
3217 2361 3444 2415 tuum“.
3470 2362 3608 2414 Nam

2038 2467 2162 2507 cum
2203 2466 2270 2506 ex
2301 2452 2434 2521 ipsis
2461 2452 2718 2520 operibus
2763 2451 3115 2521 perspiceret,
3151 2443 3490 2522 prophetiam
3523 2451 3608 2506 his

2038 2542 2218 2597 verbis
2252 2541 2506 2596 traditam
2563 2540 2620 2594 in
2671 2539 2954 2596 Salvatore
3007 2542 3240 2611 impleri,
3285 2558 3349 2596 ac
3382 2554 3610 2612 stupen-

2037 2633 2166 2688 dum
2215 2632 2271 2686 in
2318 2632 2555 2688 hominis
2587 2644 2782 2688 natura
2813 2633 3186 2703 spectaculum
3217 2645 3495 2702 cerneret;
3533 2636 3610 2689 ita

2037 2734 2099 2779 ut
2126 2724 2304 2778 omnis
2325 2725 2598 2781 exercitus
2630 2740 2764 2779 suus
2786 2725 2851 2780 de
2873 2724 3052 2780 medio
3091 2725 3360 2792 sublatus,
3389 2742 3608 2782 omnes-

2037 2830 2143 2886 que
2182 2816 2408 2870 virtutes
2447 2832 2559 2871 suaa
2603 2815 2672 2869 ab
2712 2831 2778 2870 eo
2816 2816 2910 2885 qui
2938 2824 3266 2886 apparuerat
3315 2825 3604 2888 superata,

2038 2908 2204 2961 millia
2230 2922 2357 2962 vero
2378 2916 2431 2962 et
2452 2908 2638 2961 decem
2671 2907 2838 2960 millia
2869 2908 2924 2961 in
2955 2915 3251 2978 conspectu
3280 2909 3426 2964 illius
3454 2909 3608 2978 lapsa

2036 3008 2240 3062 essent,
2278 3000 2364 3054 ille
2397 3007 2578 3052 autem
2609 2999 2728 3053 sine
2757 2999 3045 3053 formidine
3066 3007 3119 3054 et
3141 2999 3295 3054 obice
3325 3015 3490 3069 super
3518 3015 3608 3055 as-

2036 3090 2216 3159 pidem
2257 3097 2310 3144 et
2354 3089 2668 3145 basiliseum
2703 3089 3023 3153 ambularet,
3057 3089 3266 3144 leonem
3302 3099 3355 3145 et
3403 3091 3606 3144 draco-

2040 3199 2180 3249 nem,
2215 3184 2490 3253 principes
2521 3183 2642 3252 ejus
2662 3184 2914 3248 virtutes,
2937 3181 3319 3248 conculcaret;
3349 3182 3454 3236 hoc
3478 3183 3606 3238 item

2039 3276 2270 3344 experiri
2307 3275 2539 3336 volebat,
2571 3288 2700 3327 num
2731 3273 2910 3342 ipsum
2935 3288 3001 3327 ex
3032 3273 3328 3342 pinnaculo
3358 3288 3416 3328 se
3439 3274 3611 3343 proji-

2040 3367 2295 3429 cientem,
2327 3367 2648 3421 accedentes
2674 3366 2849 3436 angeli
2886 3364 3150 3435 gestaturi
3175 3376 3377 3420 essent.
3409 3363 3610 3435 Hujus-

2039 3458 2186 3512 modi
2213 3459 2395 3528 itaque
2418 3457 2569 3513 falsae
2591 3458 2890 3527 suspicioni
2914 3459 2986 3510 ita
3012 3457 3294 3525 respondit
3316 3455 3606 3511 Senator:

2040 3551 2306 3622 Scriptum
2330 3560 2430 3615 est,
2462 3547 2587 3604 Non
2617 3549 2838 3604 tentabis
2875 3548 3154 3602 Dominum
3184 3548 3346 3602 Deum
3378 3557 3521 3601 tuum
3539 3550 3606 3601 ".

2040 3643 2174 3698 Nam
2206 3659 2237 3698 e
2267 3643 2485 3698 sublimi
2519 3657 2640 3697 sese
2667 3641 3006 3710 praecipitare
3051 3655 3117 3694 ae
3154 3639 3410 3708 dejicere,
3447 3639 3611 3708 idque

2041 3734 2224 3788 animo
2270 3731 2593 3800 experiundi
2645 3745 2713 3784 an
2742 3730 3060 3800 angelorum
3093 3730 3355 3784 auxilium
3393 3727 3611 3784 adfutu-

2040 3840 2161 3879 rum
2198 3833 2362 3887 esset,
2407 3836 2598 3887 necne,
2629 3822 2732 3876 hoc
2759 3837 2892 3876 sane
2921 3829 3131 3876 tentare
3173 3820 3342 3878 Deum
3374 3821 3567 3878 fuisset
3593 3842 3606 3877 :

2039 3915 2185 3985 quod
2222 3914 2456 3983 experiri
2509 3920 2748 3967 tentator
2775 3912 3018 3982 Optabat.
3049 3911 3184 3965 Nam
3225 3912 3327 3981 ipsi
3356 3911 3611 3967 Salvato-

2039 4020 2154 4061 rem
2180 4009 2429 4066 tentanti,
2448 4003 2726 4073 proprium
2754 4010 2872 4060 erat
2895 4003 2977 4058 vel
2997 4003 3177 4072 ipsum
3207 4001 3374 4056 Deum
3400 4010 3613 4058 tentare

2041 4098 2259 4152 audere.
2296 4097 2365 4151 At
2395 4096 2651 4150 Servator
2675 4102 2884 4151 tentare
2920 4095 3096 4149 noluit
3131 4114 3142 4147 :
3177 4110 3381 4164 gnarus
3409 4095 3613 4164 quippe

2040 4197 2159 4246 erat
2180 4203 2244 4243 ae
2267 4201 2589 4258 persuasum
2619 4186 2852 4241 habebat
2882 4184 3060 4241 Patris
3083 4185 3340 4240 virtutem
3364 4185 3466 4240 sibi
3489 4190 3613 4254 opi-

2042 4279 2221 4335 tulari.
2249 4280 2426 4346 Quare
2466 4277 2786 4348 imperantis
2837 4292 2988 4332 more
3015 4277 3232 4331 diabolo
3263 4277 3441 4332 dixit:
3483 4277 3611 4333 Non

2043 4368 2266 4422 tentabis
2315 4367 2600 4421 Dominum
2647 4365 2817 4420 Deum
2868 4377 3034 4430 tuum,
3071 4367 3269 4421 divina:
3316 4365 3614 4438 Scriptura:

368 4455 734 4528 συνεργούσης
769 4455 937 4524 αὐτῷ.
981 4455 1072 4507 Διὸ
1105 4455 1199 4509 καὶ
1229 4453 1307 4525 τῷ
1342 4455 1574 4526 διαϐόλῳ
1614 4474 1941 4528 προστακτι-

2044 4458 2247 4511 dictum
2281 4473 2344 4512 ex
2379 4459 2495 4527 lege
2529 4463 2805 4525 sumptum
2845 4455 3009 4523 hujus
3041 4453 3336 4525 Scriptura
3364 4458 3480 4510 voci
3513 4473 3612 4528 op-

367 4546 480 4609 κζῶς
527 4544 924 4617 παρεκελεύετο
973 4545 1144 4614 λέγων
1169 4564 1183 4577 ο
1235 4549 1356 4601 Οὐκ
1404 4547 1780 4616 ἐκπειράσεις
1826 4550 1942 4603 Κύ-

360 4652 496 4707 ριον
541 4636 648 4690 τὸν
690 4637 836 4690 Θεόν
872 4652 1009 4700 σου,
1047 4635 1197 4700 θείας
1233 4636 1456 4708 Γραφῆς
1500 4637 1642 4704 λέξιν
1686 4637 1786 4708 τὴν
1834 4637 1943 4690 ἀπὸ

366 4724 462 4778 τοῦ
503 4725 667 4797 νόμου
713 4727 1153 4798 ἀντιπαρατιθεὶς
1196 4730 1263 4798 τῇ
1312 4730 1463 4799 φωνῇ
1513 4729 1612 4800 τῆς
1659 4727 1940 4798 παρούσης

369 4817 613 4888 Γραφῆς,
642 4820 706 4888 ἢν
743 4818 817 4890 μὴ
849 4820 1044 4890 νοήσας
1070 4819 1098 4870 ὁ
1129 4818 1373 4882 διάϐολος
1416 4821 1731 4890 προήγαγεν
1768 4820 1937 4889 αὐτῷ,

370 4911 448 4982 μὴ
466 4911 685 4974 συνιεὶς,
710 4912 790 4965 ὅτι
813 4912 911 4964 οὐκ
932 4911 1098 4964 ἐδεῖτο
1125 4910 1375 4981 βοηθείας
1403 4912 1649 4979 ἀγγέλων
1675 4913 1704 4965 6
1730 4911 1937 4984 Σωτὴρ,

367 5005 416 5056 εἰ
441 5003 534 5056 καὶ
561 5003 680 5056 καθ’
705 5003 960 5057 ὑπόθεσιν
993 5004 1168 5075 οἰκείᾳ
1198 5003 1514 5075 προαιρέσει
1539 5003 1783 5058 καθεῖναι
1817 5006 1941 5057 ἐαυ-

366 5095 456 5147 τδν
497 5093 762 5164 ἐϐουλήθη
781 5112 792 5122 ·
829 5095 951 5147 ἐπεὶ
988 5095 1081 5148 καὶ
1111 5093 1253 5148 κατά
1283 5093 1380 5164 τὴν
1413 5096 1493 5156 είς
1524 5093 1786 5163 οὐρανοὺς
1815 5095 1943 5148 ἀνά·

365 5185 529 5254 ληψιν
576 5185 730 5256 (ὅπερ
767 5181 834 5255 ἦν
881 5185 1088 5256 μεῖζονι
1117 5186 1218 5254 τῆς
1257 5185 1363 5238 ἀπὸ
1393 5185 1486 5238 τοῦ
1531 5185 1821 5256 πτερυγίου
1846 5186 1939 5238 τοῦ

371 5274 517 5346 ἱεροῦ
557 5275 649 5328 ἐπὶ
675 5276 772 5348 τὴν
805 5277 907 5346 γῆν
935 5276 998 5329 δι’
1029 5277 1188 5348 ἀέρος
1216 5276 1488 5348 καθόδου),
1518 5278 1618 5330 οὐκ
1645 5277 1939 5347 ἀγγελικῆς

369 5365 565 5436 ἐδεήθη
590 5367 792 5436 χειρός.
825 5368 966 5438 Ὅρα
1002 5367 1076 5434 δὲ,
1118 5367 1255 5433 πῶς,
1293 5366 1673 5440 μνημονεύσας
1704 5370 1733 5420 6
1759 5368 1941 5422 διάϐο-

367 5457 457 5518 λος
484 5454 600 5522 τοῦ,
647 5457 770 5509 Ἐπὶ
795 5456 1007 5525 χειρῶν
1038 5459 1254 5527 ἀροῦσί
1292 5477 1384 5527 σε,
1409 5459 1641 5530 μήποτε
1681 5459 1942 5527 προσκό-

370 5550 494 5616 ψῃς
525 5547 672 5616 πρὸς
701 5549 874 5602 λίθον
900 5548 1007 5602 τὸν
1038 5550 1194 5604 πόδα
1222 5567 1360 5616 σου,
1390 5550 1451 5604 τὸ
1490 5550 1618 5622 ea;
1659 5550 1942 5622 συνημμέ-

2048 4564 2274 4618 ponens,
2297 4563 2458 4618 quam
2492 4561 2602 4600 non
2630 4546 2936 4614 intelligens
2963 4544 3214 4602 diabolus
3237 4547 3339 4615 ipsi
3369 4547 3612 4615 profere-

2048 4639 2161 4703 bat,
2192 4639 2448 4709 ignorans
2469 4636 2808 4691 Servatorem
2842 4636 3153 4705 angelorum
3177 4651 3278 4705 ope
3303 4653 3410 4692 non
3430 4654 3610 4708 egere,

2047 4731 2260 4786 etiamsi
2291 4730 2510 4800 proprio
2534 4738 2666 4784 nutu
2699 4727 2956 4782 voluisset
2999 4743 3121 4782 sese
3147 4728 3401 4783 deorsqu
3441 4732 3616 4801 proji-

2046 4837 2188 4876 cere.
2219 4819 2669 4890 Quandoquidem
2721 4819 2774 4872 in
2819 4833 2916 4872 sua
2956 4817 3026 4870 ad
3067 4819 3236 4873 cmlos
3289 4822 3614 4876 ascensione

2047 4912 2210 4983 (quod
2244 4927 2375 4966 sane
2404 4911 2580 4980 majus
2613 4920 2752 4974 erat,
2781 4925 2942 4980 quam
2994 4909 3085 4964 ille
3108 4925 3138 4963 a
3165 4911 3455 4980 piunaculo
3484 4923 3616 4968 tem-

2047 5007 2120 5076 pli
2160 5005 2224 5058 ad
2257 5015 2454 5060 terram
2500 5019 2596 5074 per
2632 5018 2810 5058 aerem
2851 5003 3161 5068 transitus),
3215 5018 3324 5058 non
3371 5006 3612 5072 angelica

2048 5111 2209 5150 manu
2245 5110 2382 5166 opus
2429 5095 2638 5148 habuit.
2672 5093 3056 5148 Animadverte
3086 5109 3270 5164 porro,
3305 5110 3415 5164 quo
3455 5103 3614 5164 pacto

2049 5187 2299 5240 diabolus
2335 5186 2420 5242 bis
2453 5185 2913 5244 commemoratis,
2956 5181 3021 5236 In
3057 5183 3298 5236 manibus
3331 5184 3510 5237 tollent
3542 5194 3611 5248 te,

2050 5295 2112 5331 ne
2155 5293 2385 5346 unquam
2425 5275 2659 5345 o/fendas
2694 5274 2762 5327 ad
2793 5273 3018 5344 lapidem
3050 5274 3226 5342 pedem
3256 5284 3436 5338 tuum;
3466 5275 3615 5343 quod

2049 5369 2378 5439 sequebatur
2403 5383 2511 5422 non
2541 5366 2832 5430 addiderit,
2865 5365 3115 5420 videlicet
3151 5365 3305 5428 illud,
3338 5383 3494 5434 super
3524 5383 3614 5419 as-

2046 5458 2217 5526 pidem
2243 5468 2293 5512 et
2319 5456 2624 5511 basiliscum
2657 5454 2970 5520 ambulabis,
2988 5463 3036 5507 et
3059 5455 3388 5509 conculcabis
3417 5456 3614 5509 leonem

2049 5559 2098 5602 et
2130 5548 2434 5612 draconem,
2464 5545 2611 5617 quod
2643 5544 2941 5602 Salvatoris
2965 5544 3032 5600 de
3053 5545 3270 5600 diabolo
3313 5554 3366 5600 et
3409 5545 3614 5616 angeli!

445 5736 490 5766 ⁹¹
528 5733 550 5787 ι
586 5735 712 5793 Cor.
753 5750 861 5797 xu,
893 5734 985 5790 27.
1061 5736 1106 5766 9’
1143 5734 1306 5788 Rom.
1341 5751 1412 5798 τ,
1451 5735 1538 5790 l5.
1620 5734 1664 5766 “
1704 5733 1897 5789 Matth.
1939 5749 2012 5799 iv,
2052 5732 2105 5788 6.
2150 5733 2229 5808 ιη
2270 5729 2403 5784 ibid.
2442 5729 2492 5784 7.

693 5831 964 5890 Paruot.
1013 5829 1129 5891 Gn.
1167 5825 1400 5888 XXIII.

3224 5822 3306 5880 3‘1
