4074 6382
478 370 620 426 “63

1159 364 1424 422 EUSEBII
1463 362 1943 419 CAESARIENSIS
1978 361 2128 417 OPP.
2171 358 2351 414 PARS
2382 357 2474 412 Ill.
2511 387 2577 398 -—-
2611 349 3028 408 EXEGETICA.

3593 349 3730 406 ιιιι

477 484 600 555 ejus
660 489 991 554 reportatam
1035 481 1332 536 victoriam
1377 481 1669 536 manifeste
1718 479 2050 534 declarabat.

2174 493 2244 530 ιον
2277 475 2338 529 οὐ
2389 473 2728 545 προσέθηκεο
2768 470 2928 525 τοῦτο
2971 469 3037 542 δὴ
3070 468 3150 534 τὸ,
3193 467 3311 521 Ἐπ’
3356 461 3587 521 ἀσπίδα
3632 462 3731 518 καὶ

480 579 709 633 Nolebat
749 578 891 631 enim
925 577 1009 632 sui
1046 575 1480 629 confutationem
1511 573 1778 642 adjicere;
1812 570 2054 640 alioquin

2174 567 2525 622 Βασιλῐσκον
2567 563 2848 633 ἐπιϐήσῃ,
2891 563 2988 617 καὶ
3031 559 3471 628 καταπατήσεις
3514 555 3734 611 λέοντα

481 670 769 726 ratiocinio
798 667 1159 738 coHigendum
1179 675 1232 721 et
1266 665 1733 736 comprobandum
1775 662 1878 732 ipsi
1917 671 2055 727 erat,

479 763 736 818 eumdem
774 763 952 832 ipsum
987 761 1080 830 qui
1121 775 1287 830 super
1343 761 1480 814 tales
1528 758 1802 829 principes
1834 758 2058 811 virtutes

479 855 806 916 ambularet,
855 853 1109 923 ipsasque
1159 851 1530 915 conculcaret,
1592 865 1701 902 non
1742 861 1903 918 posse
1946 861 2058 900 non

479 944 753 998 offendere
787 943 854 996 ad
882 943 1112 1013 lapidem
1148 941 1281 1012 pede
1312 956 1446 1005 suo;
1478 939 1554 992 ita
1584 947 1642 992 ut
1668 937 1735 990 ad
1760 938 1861 992 hoc
1893 952 2058 1007 ange-

480 1034 656 1086 lorum
684 1032 849 1084 tutela
873 1039 925 1085 et
959 1029 1161 1083 auxilio
1194 1035 1394 1099 egeret.
1427 1025 1627 1081 Verum
1670 1027 1784 1080 haec
1818 1042 1926 1080 non
1957 1040 2054 1079 ca-

481 1125 637 1194 piens
703 1123 792 1176 ille
858 1121 1024 1192 hujus
1063 1121 1367 1190 prophetiae
1409 1134 1540 1174 voce
1587 1128 1670 1173 est
1711 1134 1868 1180 usus,
1909 1116 2056 1188 quod

480 1225 674 1269 caetera
716 1214 770 1266 in
809 1213 900 1266 illo
929 1213 1148 1283 impleta
1199 1226 1321 1266 esse
1365 1218 1634 1266 cerneret.
1677 1209 1934 1264 Servator
1957 1225 2057 1262 au-

483 1316 589 1361 tem
621 1321 728 1360 non
762 1313 920 1375 negat
951 1305 1016 1358 de
1031 1319 1099 1358 se
1116 1304 1386 1374 prolatum
1415 1303 1697 1357 oraculum
1738 1301 1928 1365 fuisse,
1960 1301 2056 1356 sed

482 1397 754 1451 diabolum
788 1397 880 1465 qui
917 1396 1036 1462 ejus
1066 1410 1289 1449 sensum
1326 1410 1435 1448 non
1464 1401 1703 1465 caperet,
1733 1392 2054 1464 congruenti

484 1506 616 1546 usus
647 1490 1024 1560 responsione.
1048 1485 1246 1558 rejicit.
1278 1487 1562 1555 Quomodo
1588 1496 1770 1543 autem
1801 1504 1902 1543 nos
1930 1503 2056 1559 gra-

467 1581 558 1634 tia
591 1580 887 1636 Salvatoris
924 1581 1097 1637 nostri
1146 1581 1359 1651 singula
1385 1581 1622 1652 propriis
1657 1581 1710 1633 in
1748 1579 1882 1636 locis
1907 1595 2056 1635 com-

483 1671 710 1725 mentati
752 1672 945 1735 simus,
976 1671 1281 1742 legentibus
1311 1673 1595 1742 explorare
1634 1687 1800 1742 supra
1848 1672 2052 1727 licebit.

2155 662 2252 715 xal
2282 659 2600 729 δράκοντα,
2640 657 2826 727 σαφῶς
2863 655 2962 726 τὴν
2997 656 3116 708 κατ’
3146 651 3309 707 αὑτοῦ
3349 649 3446 704 τοῦ
3490 645 3732 702 διαϐόλου

2155 755 2250 806 καὶ
2293 751 2401 805 τῶν
2444 750 2692 820 ἀγγέλων
2726 747 2891 802 αὑτοῦ
2935 747 3092 818 νίκην
3137 744 3232 798 τοῦ
3277 742 3530 812 Σωτῆρος
3577 756 3736 810 παρι-

2159 845 2385 898 στῶντα.
2433 843 2508 896 Οὐ
2551 843 2658 914 γὰρ
2697 840 2948 894 ἐδούλετο
2993 837 3084 892 τὸν
3127 837 3248 892 καθ’
3292 832 3482 888 ἑαυτοῦ
3520 831 3738 900 ἔλεγχον

2156 937 2572 1010 παρατίθεσθαι.
2594 936 2660 988 El
2693 934 2751 988 δὲ
2774 933 2850 1005 μὴ
2870 932 2964 1004 τὴν
2985 931 3106 1004 (sic)
3129 928 3304 1000 ἐαυτῷ
3322 927 3586 988 συνέσεως
3601 923 3740 994 χρῆν

2162 1028 2608 1096 ἐπιλογίσασθαι,
2642 1026 2717 1091 ὡς
2761 1025 2860 1079 οὐκ
2899 1021 2966 1096 ῆν
3016 1022 3111 1076 τοῦ
3165 1019 3330 1074 αὑτοῦ
3371 1020 3432 1072 τὸ
3479 1014 3742 1071 δῦνασθαι

2162 1118 2463 1172 ἐπιόαίνειν
2510 1118 2606 1172 xui.
2636 1118 2970 1170 καταπατεῖν
2997 1115 3096 1178 τὰς
3133 1112 3387 1173 τοιαύτας
3415 1105 3744 1180 ἀρχοντικὰς

2163 1209 2442 1280 δυνάμεις,
2485 1210 2578 1263 καὶ
2613 1207 2688 1280 μὴ
2718 1207 3082 1279 προσκόπτειν
3116 1204 3255 1276 πρὸς
3284 1201 3428 1254 λίθον
3463 1199 3555 1252 τὸν
3585 1195 3746 1258 πόδα,

2163 1301 2238 1366 ὡς
2279 1301 2483 1356 δεῖσθαι
2530 1301 2779 1371 φυλακῆς
2821 1299 3068 1368 ἀγγέλων
3123 1298 3218 1351 καὶ
3273 1292 3548 1366 βοηθείας.
3604 1286 3748 1340 Ἀλλ’

2164 1395 2370 1458 ἐκεῖνος
2399 1396 2500 1466 μὲν
2525 1396 2584 1448 οὑ
2621 1394 2821 1457 συνιεὶς
2848 1393 3113 1464 κέχρηται
3142 1391 3209 1460 τῇ
3239 1388 3349 1443 ἀπὸ
3381 1380 3750 1457 προκειμένης

2163 1489 2499 1560 προφητείας
2555 1491 2729 1560 φωνῇ,
2773 1486 2863 1541 διὰ
2910 1487 2971 1539 τὸ
3017 1483 3089 1538 τὰ
3137 1481 3299 1536 λοιπὰ
3340 1475 3752 1548 συνεωρακέναι

2163 1581 2568 1653 πεπληρωμένα
2596 1582 2677 1644 είς
2701 1578 2888 1634 αὐτόν·
2915 1579 2944 1630 ὁ
2984 1576 3041 1630 δὲ
3071 1575 3262 1646 Σωτὴρ
3287 1573 3388 1626 οὐκ
3418 1568 3752 1641 ἀπαρνεῖται

2168 1677 2264 1746 μὲν
2297 1674 2358 1728 τὸ
2400 1676 2528 1748 περὶ
2554 1673 2718 1728 αὐτοῦ
2762 1671 3012 1746 εἰρῆσθαι
3039 1671 3102 1724 τὸ
3132 1669 3310 1738 λόγιον
3330 1683 3343 1697 ο
3387 1665 3462 1738 μὴ
3494 1661 3751 1716 συνιέντα

482 1762 540 1814 δὲ
572 1760 707 1813 αὐτὸ
731 1761 819 1813 τὸν
849 1760 1110 1825 διάϐολον,
1136 1760 1324 1832 ἀφίησι
1357 1761 1675 1834 καταλλήλῳ
1708 1765 2053 1836 χρησάμενος
2089 1768 2154 1837 τῇ
2186 1767 2320 1838 πρὸς
2352 1767 2514 1822 αὐτὸν
2543 1765 2854 1838 ἀποκρίσει.
2896 1764 3088 1834 Ἡμεῖς
3134 1761 3214 1824 δὲ,
3245 1762 3312 1831 τῇ
3365 1756 3530 1812 αὑτοῦ
3564 1755 3755 1826 χάριτι

483 1851 576 1904 τοῦ
620 1849 868 1922 Σωτῆρος
906 1852 1084 1923 ἡμῶν,
1140 1853 1287 1915 ὅπως
1341 1851 1408 1906 τὰ
1481 1851 1622 1906 κατὰ
1678 1855 1802 1917 τοὺς
1852 1855 2046 1918 τόπους
2099 1857 2552 1930 τεθεωρηκαμεν,
2597 1857 2882 1929 πρόκειται
2920 1857 3034 1918 τοῖς
3079 1852 3496 1923 ἐντυγχάνουσιν
3541 1850 3607 1902 ἐκ
3643 1845 3758 1904 τῶν

485 1943 788 2016 εἰρημένων
820 1943 1213 2013 διαγινώσκειν.

547 2059 722 2115 Νεες.
748 2059 836 2123 l5,
871 2060 956 2114 14.
987 2059 1156 2131 Super
1191 2063 1426 2131 aspidem
1455 2075 1503 2119 et
1533 2064 1842 2120 basiliscum
1877 2067 2062 2122 ambu-

2251 2064 2370 2118 Ἐπ’
2393 2063 2631 2120 ἀσπίδα
2652 2063 2750 2118 καὶ
2776 2063 3154 2128 βασιλίσκων
3195 2059 3477 2129 ἐπιϐήσῃ,
3519 2059 3617 2126 καί
3653 2077 3760 2116 κα·

484 2153 643 2216 labis,
675 2160 726 2205 et
769 2152 1102 2208 conculcabis
1138 2155 1337 2210 leonem
1379 2167 1429 2210 et
1471 2157 1777 2213 draconem.
1803 2160 2069 2226 Quoniam

484 2247 542 2300 in
573 2262 652 2300 me
675 2245 922 2313 speravit,
955 2255 1005 2300 et
1032 2245 1263 2302 liberabo
1287 2264 1436 2312 eum;
1462 2258 1730 2319 protegam
1774 2268 1912 2318 eum,
1942 2269 2072 2322 quo-

485 2339 632 2391 niam
649 2337 888 2406 cognovit
906 2353 1306 2394 nomenmeum.
1323 2338 1590 2395 Clamabit
1610 2341 1679 2394 ad
1706 2359 1806 2409 me,
1829 2354 1879 2398 et
1902 2361 2071 2399 exau-

487 2431 633 2484 diam
673 2446 813 2493 eum,
847 2447 966 2483 cum
998 2431 1112 2501 ipso
1155 2448 1273 2486 sum
1323 2433 1378 2486 in
1429 2433 1768 2490 tribulatione
1798 2451 1816 2489 :
1847 2439 2071 2506 eripiam

485 2540 604 2581 eum
641 2532 692 2578 et
735 2523 1044 2595 gloriﬁcabo
1079 2541 1218 2579 eum.
1247 2523 1602 2597 Longitudine
1633 2529 1837 2584 dierum
1864 2529 2069 2599 replebo

485 2634 626 2685 eum,
655 2627 704 2672 et
733 2617 1009 2673 ostendam
1036 2618 1123 2672 illi
1147 2618 1384 2674 salutare
1415 2637 1609 2678 meum.
1640 2622 1771 2690 Quae
1796 2625 1863 2678 ad
1890 2625 2073 2679 taber-

487 2704 746 2764 naculum
793 2711 1114 2781 spectabant
1174 2712 1382 2784 angelis
1434 2715 1831 2779 committebat.
1871 2726 1931 2771 ut
1977 2734 2070 2773 su-

488 2817 587 2872 pra
623 2803 883 2867 diximus,
912 2803 1248 2873 explicantes
1287 2818 1398 2875 quo
1420 2815 1581 2876 pacto
1607 2809 1786 2879 angeli
1811 2817 2071 2864 tueantur

488 2899 547 2946 et
568 2892 878 2948 custodiant
899 2892 1074 2946 virum
1098 2892 1154 2947 in
1185 2892 1406 2949 Christo
1426 2895 1752 2966 perlectum,
1779 2914 1878 2952 seu
1903 2899 2068 2953 etiam

488 2983 791 3039 Ecclesiam
839 2983 993 3053 ejus;
1024 2991 1118 3038 aut
1170 3000 1393 3040 carnem
1437 3002 1544 3058 qua
1581 2990 1932 3044 instrumenti
1983 2992 2072 3045 in-

489 3081 604 3128 star
630 3089 731 3144 pro
769 3074 1050 3129 hominum
1082 3076 1260 3132 salute
1287 3093 1423 3133 usus
1451 3089 1555 3134 est.
1581 3078 1706 3134 Haec.
1735 3081 1956 3151 quippe,
1985 3089 2071 3136 ut-

489 3171 616 3233 pote
661 3165 874 3219 minora
920 3165 1246 3237 vilioraque,
1295 3168 1502 3239 angelis
1551 3171 1846 3226 commissa
1907 3180 2068 3240 sunt;

490 3256 988 3322 eadem,.arbitror,
1023 3258 1260 3322 ratione,
1287 3272 1395 3328 qua
1428 3259 1698 3330 quispiam
1724 3261 1942 3317 famulis
1965 3263 2072 3317 cal-

460 3376 465 3387 =
491 3361 716 3402 ceorum
747 3358 841 3402 aut
867 3349 1054 3404 vilium
1091 3349 1319 3420 perinde
1367 3365 1552 3406 rerum
1598 3368 1786 3407 curam
1817 3365 1870 3408 et
1908 3355 2072 3409 mini-

2169 2157 2538 2224 ταπατήσεις
2579 2156 2802 2211 λέοντα
2847 2155 2948 2210 καὶ
2982 2154 3300 2224 δράκοντα.
3346 2154 3467 2207 Ὅτι
3510 2154 3605 2206 ἐπ’
3652 2154 3761 2224 ἐμὲ

2171 2251 2416 2320 ἤλπισε,
2451 2250 2551 2304 καί
2566 2251 2830 2319 ῥύσομαι
2860 2249 3076 2302 αὐτόν·
3112 2245 3400 2301 σκεπάσω
3427 2245 3635 2312 αὑτὸν,
3668 2245 3761 2301 ὅτι

2169 2343 2322 2413 ἔγνω
2367 2341 2435 2395 τὸ
2488 2341 2674 2410 ὄνομα
2723 2357 2863 2410 μου.
2916 2337 3276 2406 Κεκρὰξεται
3320 2337 3470 2406 πρὸς
3513 2337 3614 2407 μὲ,
3657 2337 3758 2394 καί

2169 2435 2579 2502 ἐπακούσομαι
2618 2432 2828 2496 αὐτοῦ,
2863 2431 2992 2502 μετ’
3036 2429 3225 2484 αὐτοῦ
3263 2432 3381 2499 ειμι
3416 2430 3486 2483 ἐν
3515 2431 3756 2499 (illd-er

2168 2527 2490 2596 ἐξελοῦμαι
2519 2524 2726 2592 αὑτὸν,
2759 2525 2860 2579 καὶ
2891 2523 3133 2589 δοξάσω
3161 2523 3369 2578 αὐτόν.
3403 2523 3762 2592 Μακρότητα

2170 2613 2408 2686 ἡμερῶν
2437 2614 2730 2685 ἐμπλήσω
2756 2613 2964 2681 αὐτὸν,
2996 2613 3094 2667 καί
3135 2613 3312 2678 δείξω
3343 2612 3505 2679 αὑτῷ
3525 2613 3608 2668 ’τὸ
3639 2628 3762 2668 σω-

2171 2707 2378 2777 τήριόν
2405 2726 2545 2778 μου.
2582 2706 2663 2760 Τὰ
2706 2708 2803 2778 μὲν
2837 2707 2967 2780 περὶ
2993 2706 3088 2760 τοῦ
3121 2705 3480 2779 αηνιῦματος
3507 2706 3763 2775 ἀγγέλοις

2171 2801 2497 2864 ἐνετέλλετο,
2515 2801 2659 2856 κατὰ
2673 2801 2743 2854 τὰ
2765 2799 3229 2872 προαποδοθέντα,
3251 2802 3401 2864 ὅπως
3417 2800 3639 2870 ἄγγελοι
3659 2818 3762 2872 τη-

2176 2893 2492 2965 μελῶσικαὶ
2517 2893 2828 2964 φυλάττωσι
2863 2893 2957 2947 τοῦ
2997 2895 3054 2948 ἐν
3078 2892 3299 2966 Χριστῷ
3335 2891 3764 2964 τετελειωμένοι)

2171 2987 2384 3059 ἀνδρὸς,
2403 2985 2436 3058 ἢ
2453 2987 2546 3040 καὶ
2557 2987 2655 3058 τῆς
2685 2986 3014 3057 Ἐκκλησίας
3034 2985 3222 3053 αὑτοῦ,
3242 2985 3277 3056 ἢ
3295 2985 3391 3040 καὶ
3412 2985 3515 3057 τῆς
3535 2984 3764 3056 σαρκὸς,

2171 3072 2206 3152 ᾖ
2220 3079 2452 3150 κέχρητο
2462 3079 2616 3151 δίκην
2629 3079 2858 3150 ὀργάνου
2877 3079 3017 3147 ὑπὲρ
3031 3079 3132 3148 τῆς
3145 3077 3243 3131 ἀνθ
3250 3076 3764 3148 ρώπωνίσωτηρίας.

2172 3170 2355 3224 Ταῦτα
2389 3169 2498 3242 γὰρ
2523 3170 2605 3234 ’ὡς
2637 3169 2948 3240 βραχύτερα
2977 3169 3075 3222 καὶ
3120 3166 3478 3238 εὐτελέστερα
3505 3168 3769 3238 ἀγγέλοις

2171 3263 2563 3333 ἐπετέτραπτο·
2585 3259 2844 3332 καὶοῖμαι
2859 3262 2962 3324 ὅτι,
2979 3261 3055 3324 ὡς
3071 3260 3135 3314 ἄν
3163 3276 3247 3321 τις
3271 3260 3510 3323 οἰκέταις
3539 3262 3769 3333 ἐπιτρέ-

2169 3353 2321 3424 ψειεν
2361 3353 2724 3424 ὑποδημάτων
2747 3351 3049 3413 διακονίαν,
3077 3350 3110 3420 ἧ
3145 3350 3318 3403 ἄλλων
3352 3349 3515 3403 τινῶν
3547 3351 3769 3404 εὐτελε-

492 3439 720 3494 sterium
751 3438 949 3507 tradit;
981 3441 1063 3496 sic
1098 3457 1440 3512 quacunque
1471 3442 1687 3498 modica
1716 3452 1772 3499 et
1805 3460 2070 3515 corporea

2176 3445 2380 3513 στέρων
2429 3443 2752 3515 ὑπηρεσίαν,
2778 3443 2951 3506 οὕτως
2977 3443 3079 3495 ὅσα
3124 3441 3295 3512 μικρὰ
3345 3442 3439 3494 καί
3473 3441 3767 3512 σωματικὰ

463 3569 472 3588 .,
492 3548 589 3602 per
612 3531 910 3611 Salvatoer
942 3534 1114 3588 nostri
1137 3548 1358 3589 carnem
1383 3534 1775 3602 eﬂiciebantur,
1812 3552 1874 3592 ea
1909 3552 2074 3608 ange-

492 3623 671 3678 lorum
693 3639 840 3707 cucaa
861 3625 1367 3694 committebantur,
1396 3627 1491 3697 qui
1519 3627 1910 3684 ministrabant
1933 3631 2070 3700 ipsi:

460 3714 562 3768 -de
586 3713 788 3785 quibus
805 3715 1026 3786 angelis
1054 3716 1170 3770 haec
1222 3717 1548 3773 testiﬁcatur
1597 3717 2074 3789 EvangeliiScri-

464 3854 473 3863 .
494 3813 654 3876 ptura
668 3805 857 3862 dicens
875 3826 887 3861 :
903 3808 1248 3864 Accesserant
1273 3810 1467 3880 angeli,
1485 3821 1534 3865 et
1549 3812 1925 3865 ministrabant
1940 3812 1990 3866 ei
2003 3811 2070 3866 ’°.

469 3894 898 3952 Praestabiliora
930 3907 1131 3964 autem,
1182 3899 1390 3970 majora
1421 3908 1475 3956 et
1507 3900 1723 3966 altiora,
1753 3916 1864 3957 non
1911 3917 2076 3972 ange-

494 3989 584 4055 lis,
616 3989 712 4044 sed
741 3991 842 4059 ipsi
887 3989 1155 4047 Salvatori
1207 3993 1452 4049 ascribit.
1484 3992 1744 4059 Quaenam
1801 3993 1893 4049 illa
1939 3996 2071 4060 sint,

495 4082 750 4152 superius
807 4092 1297 4139 commonstratum
1351 4095 1463 4153 est;
1519 4086 1662 4142 inter
1717 4086 1834 4142 ba‘c
1889 4097 2074 4144 autem

494 4167 630 4228 illud
651 4183 790 4241 erat,
823 4173 1028 4229 Cadent
1059 4193 1093 4229 a
1123 4177 1287 4232 latere
1316 4189 1407 4234 tuo
1437 4180 1601 4244 mille,
1637 4191 1688 4236 et
1726 4181 1903 4235 decem
1950 4181 2077 4235 mil-

495 4265 572 4318 lia
619 4282 650 4319 a
698 4265 898 4320 dextris
931 4269 1058 4322 tuis.
1094 4267 1151 4322 ln
1181 4270 1298 4325 ﬁne
1334 4287 1461 4326 vero
1500 4273 2074 4330 omnium'Salvatoris

495 4359 671 4412 nostri
698 4360 928 4414 victor-ia
957 4361 1025 4415 de
1065 4363 1324 4418 omnibus
1361 4375 1635 4434 reportata
1679 4375 1957 4436 postrema
1989 4381 2076 4420 re-

496 4456 752 4504 eensetur
800 4449 886 4504 his
936 4451 1139 4516 verbis,
1183 4452 1350 4523 Super
1385 4457 1618 4524 aspidem
1662 4467 1712 4512 et
1768 4457 2076 4512 basiliscum

498 4536 814 4604 ambulabis,
847 4550 896 4594 et
927 4542 1258 4597 conculcabis
1310 4544 1506 4600 leonem
1552 4547 1943 4604 et'draconem.
1977 4547 2076 4605 His

495 4645 661 4698 porro
704 4630 1001 4702 signiﬁcari
1048 4635 1262 4691 aestimo
1318 4639 1684 4708 principatus,
1750 4648 2072 4709 potestates,

496 4719 687 4773 mundi
727 4731 970 4778 rectores
1005 4732 1059 4778 et
1100 4726 1402 4794 spiritualia
1433 4729 1706 4798 nequitiaz.
1739 4729 1914 4800 Super
1961 4729 2075 4784 haec

2179 3536 2266 3589 διὰ
2304 3537 2406 3606 τῆς
2435 3536 2530 3589 τοῦ
2579 3534 2832 3605 Σωτῆρος
2869 3534 3028 3605 ἡμῶν
3061 3534 3346 3604 ἐνηργεῖτο
3391 3533 3612 3604 σαρκὸς,
3637 3533 3769 3585 τού-

2179 3645 2288 3682 των
2341 3628 2608 3700 ὑπηρέται
2660 3627 2988 3681 καθίσταντο
3039 3627 3280 3696 ἄγγελοι,
3333 3628 3428 3680 καὶ
3483 3627 3770 3697 διηκόνουν

2180 3719 2330 3790 αὑτῷ
2351 3737 2366 3750 ο
2405 3719 2535 3790 περὶ
2565 3712 2640 3774 ὧν
2669 3720 2761 3772 καὶ
2786 3720 2818 3789 ἡ
2845 3719 2938 3772 τοῦ
2967 3717 3304 3788 Εὑαγγελίου
3337 3717 3522 3789 γραφὴ
3555 3734 3770 3788 μαρτυ-

2182 3815 2268 3884 ρεῖ
2306 3813 2562 3880 λέγουσα,
2601 3812 2682 3864 ὅτι
2713 3809 3072 3880 Προσῆλθον
3119 3811 3379 3881 ἄγγελοι,
3415 3809 3514 3863 καὶ
3559 3809 3768 3878 διηκό-

2180 3922 2331 3959 νουν
2363 3903 2541 3970 αὐτῷ.
2577 3903 2657 3958 Τὰ
2687 3904 2745 3957 δὲ
2787 3902 3218 3974 προύργιαίτερα
3266 3903 3360 3956 καὶ
3406 3900 3627 3972 μείζονα
3669 3903 3768 3956 καὶ

2182 3997 2490 4068 ὑψηλότερα
2533 3996 2718 4050 οὐκέτι
2755 3994 3028 4063 ἀγγέλοις,
3077 3995 3193 4048 ἀλλ’
3237 3993 3386 4064 αὑτῷ
3426 3993 3504 4063 τῷ
3553 3993 3768 4066 Σωτῆρι

2181 4090 2487 4162 ἀνατίθησι.
2515 4089 2651 4143 Τίνα
2689 4089 2744 4142 δὲ
2776 4083 2844 4159 ἦν
2871 4087 3065 4153 ταῦτα,
3097 4086 3389 4157 δεδήλωται
3417 4085 3506 4140 διὰ
3532 4085 3641 4140 τῶν
3667 4086 3770 4156 ξμ-

2182 4183 2418 4255 προσθεν
2440 4199 2456 4213 ο
2490 4184 2546 4236 ἐν
2597 4175 2679 4246 οἷς
2709 4177 2778 4253 ἦν
2814 4181 2908 4234 καὶ
2940 4181 3021 4244 τὸ,
3057 4179 3331 4234 Πεσεῖται
3371 4178 3441 4232 ἐκ
3479 4178 3587 4233 τοῦ
3630 4179 3768 4233 κλί-

2182 4294 2323 4343 τους
2359 4293 2476 4332 σου
2515 4275 2714 4344 χιλιὰς
2752 4275 2851 4329 καί
2881 4274 3099 4344 μυριὰς
3135 4275 3204 4326 ἐκ
3231 4272 3350 4326 τῶν
3379 4271 3595 4337 δεξιῶν
3624 4288 3766 4326 σου.

2181 4369 2348 4434 Τέλος
2382 4369 2439 4423 δὲ
2480 4369 2698 4423 πάντων
2733 4369 2830 4422 καὶ
2874 4366 3077 4438 ὑστάτη
3105 4366 3246 4420 κατὰ
3277 4365 3497 4419 πάντων
3523 4363 3618 4418 τοῦ
3654 4365 3768 4418 Σω-

2180 4463 2346 4534 τῆρος
2369 4460 2527 4532 ἡμῶν
2577 4459 2702 4530 νίκη
2745 4459 3078 4529 παρίσταται
3118 4458 3205 4512 διὰ
3231 4457 3347 4524 τοῦ,
3388 4458 3508 4510 Ἐπ’
3533 4456 3767 4512 ἀσπίδα

2182 4555 2281 4608 καὶ
2308 4555 2682 4619 βασιλίσκων
2715 4550 2973 4622 ἐπιϐήσῃ
3004 4552 3100 4606 καὶ
3144 4549 3590 4616 καταπατήσας
3626 4547 3765 4617 δρά-

2183 4661 2366 4699 κοντα
2395 4646 2493 4699 καὶ
2519 4643 2757 4699 λέοντα.
2803 4643 3103 4714 Δηλοῦσθαι
3144 4643 3201 4695 δὲ
3247 4641 3334 4695 διὰ
3366 4640 3571 4694 τούτων
3600 4639 3765 4711 ἡγοῦ-

2186 4754 2284 4808 μαι
2320 4735 2494 4808 ἀρχὰς
2523 4736 2622 4790 καὶ
2653 4735 2900 4802 ἐξουσίας
2941 4736 3036 4790 καὶ
3077 4734 3546 4805 κοσμοκράτορας,
3571 4735 3669 4785 καὶ
3698 4729 3764 4802 τὰ

497 4816 682 4863 autem
739 4812 1038 4880 ambulare,
1066 4823 1121 4870 et
1153 4824 1234 4871 tot
1284 4818 1428 4874 feras
1465 4819 1666 4875 divinis
1701 4821 1922 4876 virtutis
1967 4836 2070 4876 sua

2186 4827 2534 4898 πνευματικὰ
2577 4827 2675 4898 τῆς
2713 4827 2999 4899 πονηρίας.
3030 4826 3268 4888 Ταύταις
3311 4825 3410 4895 μὲν
3436 4820 3529 4878 οὖν
3557 4823 3766 4878 ἐπιϐαί-

494 4901 781 4972 gressibus
821 4908 1148 4965 conculcare
1180 4911 1378 4966 dicitur
1417 4913 1534 4982 ipse
1587 4911 1863 4968 Servator.
1920 4912 2079 4980 Quod

495 5009 628 5048 vero
660 4995 714 5048 in
744 4995 896 5051 nullo
919 4999 1176 5066 otl’endat,
1216 5019 1314 5058 nec
1343 5005 1620 5074 quidpiam
1644 5006 1924 5076 corporeis
1957 5007 2079 5075 ejus

495 5089 910 5158 operationibus
957 5094 1345 5164 impedimento
1399 5097 1494 5161 sit,
1526 5099 1580 5152 id
1625 5102 1942 5169 angelorum
1974 5101 2081 5153 mi-

501 5183 740 5238 nisterio
788 5189 1162 5242 concreditum
1203 5201 1301 5244 est.
1343 5189 1448 5245 Sed
1500 5193 1960 5261 quemadmodum
2012 5192 2080 5248 de

500 5289 764 5345 corporeo
829 5279 950 5346 ejus
998 5281 1351 5336 tabernaculo
1408 5283 1712 5351 dicebatur,
1777 5283 2079 5355 Flagellum

499 5377 601 5414 non
657 5365 1093 5435 appropinquabit
1155 5369 1491 5425 tabernaculo
1564 5381 1672 5436 tuo,
1721 5381 1776 5428 et
1831 5374 1950 5443 ejus
1999 5374 2077 5429 rei

501 5465 666 5507 causa
696 5455 808 5509 hac
845 5456 1224 5526 adjiciebatur.
1258 5462 1522 5527 Quoniam
1555 5467 1755 5534 angelis
1787 5467 1896 5520 suis
1927 5483 2080 5520 man-

504 5540 647 5597 dabit
676 5544 740 5599 de
771 5557 852 5611 te;
878 5549 952 5602 ita
982 5558 1037 5606 et
1066 5567 1210 5605 nunc
1245 5563 1366 5622 post
1389 5557 1546 5621 illud,
1573 5556 1741 5625 Super
1769 5559 2004 5628 aspidem
2031 5570 2080 5613 et
2113 5581 2120 5590 ·

505 5632 804 5688 basiliscum
827 5639 1144 5708 ambulabis,
1168 5653 1216 5697 et
1241 5646 1568 5702 ronculcabis
1593 5646 1790 5704 (canent
1817 5660 1864 5704 et
1893 5651 2086 5704 draco-

573 5788 620 5819 "
661 5787 826 5843 Matth
882 5809 950 5852 tv,
989 5795 1072 5849 Η.

2187 4935 2319 4984 νειν,
2347 4919 2442 4972 καὶ
2469 4917 2537 4971 τὰ
2567 4916 2805 4971 τοσαῦτα
2839 4917 3002 4989 θηρία
3043 4920 3376 4970 καταπατεῖν
3405 4918 3518 4979 τοῖς
3558 4915 3760 4968 θειοτέ-

2185 5029 2299 5082 ροις
2330 5009 2428 5082 τῆς
2453 5009 2636 5063 ἐνθέου
2663 5009 2944 5081 δυνάμεως
2973 5008 3138 5064 αὑτοῦ
3175 5009 3500 5080 βαδίσμασιν
3533 5007 3698 5072 αὐτὸς
3734 5006 3760 5059 ό

2183 5102 2374 5175 Σωτὴρ
2405 5103 2652 5171 λέγεταν
2685 5103 2748 5156 τὸ
2787 5102 2844 5155 δέ
2891 5103 2948 5155 ἐν
2986 5101 3173 5172 μηδενὶ
3216 5101 3603 5174 προσκόπτειν,
3642 5098 3761 5172 μηδ’

2182 5193 2432 5264 ἐμποδὼν
2475 5193 2722 5263 γίνεσθαί
2764 5211 2885 5247 τινα
2936 5196 3056 5256 ταῖς
3089 5192 3571 5263 σωματικωτέραις
3609 5193 3762 5262 ἐνερα

2182 5285 2357 5354 γείαις
2386 5285 2570 5350 αὑτοῦ,
2602 5285 2821 5356 ἄγγελοι
2848 5286 2947 5356 τὴν
2979 5284 3254 5338 διακονίαν
3279 5283 3594 5355 εἰλήφεσαν.
3625 5277 3760 5337 Ἀλλ’

2187 5377 2375 5450 ὥσπερ
2407 5379 2499 5430 ἐπὶ
2543 5377 2638 5430 τοῦ
2684 5375 2995 5449 σωματικοῦ
3044 5375 3400 5448 σκηνώματος
3444 5374 3611 5428 αὐτοῦ
3653 5371 3737 5426 ὲλέ

2189 5485 2334 5536 γετο,
2377 5466 2613 5533 Μάστιξ
2640 5470 2750 5521 οὐκ
2795 5466 2975 5538 erm-:2
3006 5467 3076 5520 ἐν
3116 5465 3194 5531 τῷ
3239 5463 3583 5536 σκηνώματι
3625 5479 3760 5541 σου,

2189 5561 2283 5611 καὶ
2314 5560 2374 5612 τὸ
2402 5559 2574 5614 αἴτιον
2615 5561 2853 5630 ἐπήγετο
2881 5559 2970 5613 διὰ
3014 5557 3130 5622 τοῦ,
3165 5560 3286 5612 Ὅτι
3323 5558 3449 5624 τοῖς
3490 5557 3766 5628 ἀγγέλοις

2191 5650 2377 5706 αὐτοῦ
2408 5650 2728 5706 ἐντελεῖται
2758 5650 2893 5721 περὶ
2925 5649 3068 5706 σοῦ’
3101 5648 3242 5706 οὕτω
3271 5650 3366 5706 καὶ
3399 5650 3493 5706 νῦν
3519 5648 3656 5723 μετὰ
3679 5646 3764 5712 τὸ,
