4074 6380
366 435 501 491 1165

1512 428 2014 485 ΟΟΜΜΕΝΤΑΒΙᾹ
2053 428 2118 482 ΙΝ
2156 427 2492 485 PSALMOS.

3455 420 3596 477 1166

374 549 493 605 Ἐπ’
521 549 749 606 ἀσπίδα
778 527 873 601 παὶ
897 548 1268 613 ,ϐασιλίσκον
1297 538 1578 616 ἓπιϐήσῃ,
1611 548 1709 601 καὶ
1740 564 1919 603 κατα-

2030 564 2161 611 nem,
2227 563 2391 602 causa
2464 562 2685 603 rursum
2750 544 2987 609 additur,
3047 557 3164 613 quae
3215 556 3328 599 rem
3375 556 3484 597 non
3529 543 3598 595 ad

360 643 651 712 πατήσεις
676 639 972 709 δράκοντα
994 639 1093 693 καὶ
1113 638 1353 703 λέοντα,
1383 636 1544 692 πάλιν
1572 640 1605 709 ή
1633 638 1781 692 αἰτία
1805 640 1928 691 ἐπι-

360 733 602 803 λέγεται,
634 733 732 785 οὐκ
764 732 850 786 ἐπ’
876 732 1143 801 ,ἀγγέλους
1177 729 1542 801 ἀναφέρουσα,
1572 729 1685 783 ἀλλ’
1712 731 1799 783 ἐπ’
1833 730 1931 782 αὐ-

360 824 452 878 τὸν
473 825 564 878 τὸν
594 823 873 893 Ὕψιστον,
896 816 956 877 οὗ
985 826 1051 877 ὲκ
1081 821 1370 895 προσώπου
1395 820 1664 886 λέλεκται,
1695 822 1815 875 Ὅτι
1835 822 1928 874 ἐπ’

360 915 467 985 ἐμὲ
498 914 740 983 ἤλπισε,
765 913 865 968 καὶ
889 915 1153 983 ῥύσομαι
1183 912 1390 966 αὐτόν.
1414 911 1538 975 Πῶς
1569 912 1627 965 δὲ
1657 912 1742 964 ἐπ’
1769 911 1930 965 αὐτὸν

360 1007 575 1077 ἤλπισε,
605 1005 890 1077 προλαϐὼν
922 1003 1155 1071 ἐδίδαξεν
1182 1006 1211 1057 ό
1242 1003 1398 1072 λόγος
1425 1002 1591 1057 εἰπών
1615 1018 1629 1033 ⁸
1666 1003 1719 1055 Ὀ
1745 1019 1932 1058 κατοι-

358 1096 483 1151 κῶν
507 1097 577 1149 ἐν
599 1097 853 1166 βοηθείᾳ
889 1096 996 1151 τοῦ
1035 1097 1319 1165 Ὑψίστου
1338 1112 1351 1126 ’
1382 1094 1498 1159 καὶ,
1536 1093 1688 1163 Ἐρεῒ
1707 1092 1787 1160 τῷ
1812 1096 1931 1148 Κυ-

355 1187 492 1255 ρίῳ·
534 1186 926 1256 Ἀντιλήπτωρ
966 1204 1087 1255 μου
1134 1182 1208 1252 εἷ,
1242 1185 1342 1240 καὶ
1386 1183 1695 1253 καταφυγή
1722 1201 1863 1253 μου,
1898 1186 1931 1237 ό

361 1279 506 1344 Θεός
534 1294 678 1346 μου,
718 1277 816 1331 καὶ
855 1277 1042 1331 ἑλπιῶ
1067 1276 1159 1331 ἐπ’
1201 1277 1408 1331 αὐτόν.
1442 1275 1510 1329 Ἦ
1553 1275 1731 1328 τοίνυν
1756 1273 1928 1327 ὲπινί-

244 1424 251 1429 _
366 1385 485 1432 κιος
514 1368 608 1422 καὶ
635 1368 917 1423 τελευταία
940 1368 1137 1441 πρᾶξις
1162 1367 1300 1439 μετὰ
1327 1366 1508 1431 πάσας
1538 1367 1633 1430 τὰς
1664 1383 1933 1438 προκατα-

358 1456 641 1529 λεχθείσας
670 1457 764 1512 τοῦ
809 1459 1057 1531 Σωτῆρος
1108 1460 1284 1530 ἡμῶν,
1326 1458 1360 1528 ἢ
1406 1460 1502 1512 καὶ
1543 1457 1635 1510 τοῦ
1681 1459 1739 1511 ὲν
1784 1456 1932 1528 αὐτῷ

358 1550 731 1622 τελειουμένου
762 1549 977 1622 ἀνδρὸς,
1011 1552 1044 1623 ἢ
1075 1553 1170 1604 καὶ
1196 1550 1291 1604 τοῦ
1322 1550 1486 1605 αὐτοῦ
1522 1550 1725 1603 τελείου
1750 1549 1933 1618 σώμα-

357 1656 451 1703 τος
489 1640 589 1710 τῆς
622 1639 944 1712 Ἐκκλησίας
974 1640 1161 1705 αὑτοῦ,
1202 1639 1504 1712 δηλωθεῖσα
1535 1641 1624 1696 διὰ
1650 1640 1766 1707 τοῦ,
1814 1640 1932 1693 Ἐπ’

358 1730 590 1786 ἀσπίδα
616 1730 718 1784 καὶ
737 1731 1114 1796 ,βασιλίσκον
1140 1731 1425 1802 ἑπιϐήσῃ,
1468 1733 1568 1786 καὶ
1598 1731 1934 1801 καταπατή-

357 1834 491 1888 σεις
534 1819 831 1890 δράκοντα
870 1822 970 1876 καὶ
1011 1820 1250 1888 λέοντα,
1290 1823 1390 1894 τὴν
1433 1824 1613 1876 πᾶσαν
1657 1821 1933 1894 ἀναφορὰν

358 1910 576 1981 καὶτῆς
607 1909 763 1981 νίκης
787 1910 886 1981 τὴν
916 1910 1094 1965 αἰτίαν
1117 1911 1210 1964 ἐπὶ
1239 1910 1318 1981 τῷ
1347 1891 1589 1983 Ὗψίστῳ
1622 1891 1923 1982 ἀνατίθησι.
1964 1891 2004 1946 Β

357 1997 449 2050 Διὸ
480 1996 758 2052 λέλεκται”
804 1999 924 2053 ’Ότι
964 2000 1059 2053 ἐπ’
1090 1999 1197 2069 ἐμὲ
1242 2000 1488 2069 ἤλπισε,
1528 2000 1627 2055 καὶ
1665 2002 1927 2071 ῥύσομαι

356 2087 562 2156 αὐτόν,
596 2088 685 2144 ὅτι
708 2091 858 2160 ἔγνω
878 2091 942 2145 τὸ
973 2090 1161 2162 ὄνομά
1178 2110 1319 2162 μου.
1346 2093 1487 2147 Μετ’
1515 2092 1700 2147 αὐτοῦ
1724 2095 1840 2162 ειμι
1859 2093 1930 2147 ἐν

357 2180 580 2248 θλίψει,
613 2180 932 2251 ἐξελοῦμαι
969 2183 1067 2236 καὶ
1093 2181 1332 2247 δοξάσω
1356 2183 1561 2237 αὐτόν.
1592 2182 1702 2237 Καί
1737 2200 1826 2254 μοι
1846 2183 1930 2237 δο-

356 2272 446 2323 κεῖ
498 2270 619 2325 καθ’
667 2271 860 2343 ἑτέραν
912 2272 1151 2327 διάνοιαν
1201 2275 1236 2345 ἡ
1274 2274 1599 2346 ’προφητεία
1653 2273 1929 2339 θεσπίζειν

356 2360 534 2415 πάντα
580 2361 670 2415 τὸν
706 2363 907 2434 τρόπον
937 2363 1032 2417 τοῦ
1066 2363 1209 2418 κατὰ
1246 2364 1530 2436 ἄνθρωπον
1555 2364 1671 2435 βίου
1695 2364 1790 2418 τοῦ
1815 2366 1927 2418 Σω-

354 2451 524 2525 τῆρος
546 2451 704 2523 ἡμῶν
722 2469 737 2484 ·
762 2451 906 2522 λέγω
928 2453 986 2508 δὲ
1007 2453 1097 2507 τὸν
1120 2453 1336 2527 πρῶτον
1367 2455 1691 2528 πειρασμὸν,
1721 2455 1929 2510 καὶτὸν

358 2542 499 2596 κατὰ
528 2542 588 2596 τὸ
631 2543 822 2610 πάθος,
858 2546 957 2615 τήν
980 2562 1040 2598 τε
1073 2544 1211 2617 μετὰ
1249 2545 1348 2618 τὴν
1371 2545 1522 2600 λύσιν
1551 2548 1645 2601 τοῦ
1681 2548 1930 2619 σώματος

356 2633 450 2686 ἐπὶ
472 2634 573 2697 τὰς
614 2634 997 2707 ἀντικειμένας
1037 2637 1295 2708 δυνάμεις
1334 2638 1541 2708 ἔφοδον.
1573 2639 1684 2693 Καὶ
1723 2639 1790 2693 τὰ
1830 2639 1929 2710 μὲν

356 2722 552 2795 πρῶτα
586 2723 680 2779 τοῦ
721 2725 970 2797 ψαλμοῦ⁶
1014 2728 1315 2799 κοινότερον
1344 2729 1403 2783 δὲ
1431 2729 1576 2783 οὕτω
1615 2728 1856 2799 λεγέσθω
1893 2733 1927 2801 ἠ

360 2811 610 2884 παροῦσα
653 2816 954 2887 προφητεία
992 2816 1083 2871 τὸν
1128 2819 1433 2890 πειρασμὸν
1477 2813 1806 2874 αἰνίττεσθαι
1837 2820 1928 2874 τὸν

359 2904 453 2958 ἰπὶ
494 2904 594 2975 τῆς
644 2906 873 2979 ἐρήμου,
921 2907 980 2961 ὃν
1028 2907 1087 2961 ὲν
1134 2912 1246 2974 τοῖς
1284 2911 1635 2980 Εὑαγγελίοις
1677 2912 1927 2982 είσῆκται

359 2994 642 3066 πειραθεὶς
680 2996 784 3050 ὑπὸ
823 2996 916 3052 τοῦ
946 2998 1225 3054 διαϐόλου*
1271 3001 1340 3055 τὰ
1378 3002 1434 3055 δὲ
1470 3001 1717 3073 δεύτερα,
1751 3004 1808 3056 ὲν
1847 2997 1928 3066 οἷς

361 3084 624 3154 ἀγγέλους
649 3086 1007 3144 διακονεῖσθαι
1040 3089 1119 3162 τῷ
1144 3091 1309 3145 αὐτοῦ
1345 3091 1556 3162 σώματι
1589 3093 1928 3164 παρέστησεν

358 3177 389 3229 ὁ
412 3177 589 3250 λόγος,
616 3180 712 3251 τὴν
740 3179 881 3234 κατὰ
904 3181 993 3235 τὸν
1024 3182 1361 3254 ἀνθρώπινον
1393 3184 1506 3256 βίον
1532 3185 1807 3259 διατριϐὴν
1835 3187 1931 3240 αὑ·-

358 3267 485 3321 τοῦ·
515 3268 583 3322 τὰ
612 3269 670 3323 δὲ
694 3269 873 3340 τρίτα,
905 3271 972 3325 δι’
1006 3267 1081 3326 ὧν
1113 3272 1327 3342 λέγεται
1357 3276 1443 3328 ἐπ’
1473 3277 1671 3331 ἀσπίδα
1696 3279 1788 3331 καὶ
1825 3278 1924 3348 βα-

361 3357 598 3412 σιλίσκον
642 3359 1048 3433 ἐπιϐεϐηκέναι,
1095 3364 1188 3418 καὶ
1232 3366 1746 3439 καταπεπατηκέναι
1795 3369 1926 3441 δρά-

359 3464 523 3500 κοντα
556 3450 651 3503 καὶ
693 3448 904 3519 λέοντα,
950 3454 1047 3524 τὴν
1082 3456 1221 3525 μετὰ
1258 3456 1349 3511 τὸν
1393 3457 1621 3513 θάνατον
1653 3458 1792 3512 κατὰ
1819 3459 1928 3515 τῶν

358 3536 695 3610 ἀρχοντικῶν
737 3544 1060 3614 πνευμάτων
1101 3547 1285 3618 νίκην·
1322 3548 1443 3619 μεθ’
1468 3549 1504 3603 ἃ
1539 3550 1715 3605 πάντα
1748 3550 1929 3604 ἐπιλέ-

357 3646 545 3699 γεται·
610 3631 953 3704 Ἐξελοῦμαι
1006 3638 1195 3691 αὐτὸν
1252 3640 1351 3693 καὶ
1395 3638 1637 3705 δοξάσω
1696 3643 1882 3695 αὐτόν
1907 3656 1923 3670 '

358 3724 713 3791 Μακρότητα
744 3724 978 3795 ἡμερῶν
1025 3727 1316 3797 ἐμπλήσω
1362 3730 1569 3796 αὑτὸν,
1614 3730 1713 3785 καὶ
1752 3730 1927 3795 δείξω

357 3814 518 3881 αὐτῷ
548 3814 614 3870 τό
653 3817 953 3887 σωτήριόν
986 3837 1129 3890 μου,
1159 3821 1257 3893 τῆς
1291 3822 1428 3892 μετὰ
1467 3823 1559 3877 τὸν
1602 3822 1830 3877 θάνατον
1864 3824 1929 3875 ὲκ

358 3908 565 3980 νεκρῶν
609 3910 903 3982 σωτηρίας,
950 3911 1044 3965 καὶ
1080 3911 1178 3983 τῆς
1218 3911 1563 3984 μακραίωνος
1590 3914 1683 3968 καὶ
1723 3911 1927 3967 ἀθανά-

2031 635 2253 701 angelos
2280 635 2500 701 referat,
2526 635 2621 693 sed
2649 634 2715 689 ad
2742 635 2917 706 ipsum
2948 635 3309 697 Altissimum,
3332 648 3400 688 ex
3438 632 3600 700 cujus

2030 740 2261 795 persona
2289 724 2511 790 dicitur,
2533 725 2794 791 Quoniam
2823 726 2877 778 in
2908 740 2984 778 me
3007 724 3252 793 speravit,
3292 732 3341 777 et
3366 722 3599 777 liberabo

2029 832 2165 869 eum.
2182 815 2463 881 Quomodo
2481 816 2536 871 in
2554 817 2672 887 ipso
2688 816 3002 886 speraverit,
3021 814 3136 884 jam
3163 813 3450 885 Scriptura
3470 813 3603 868 edo-

2031 923 2155 962 cere
2176 909 2462 978 occupavit
2490 909 2578 964 his
2624 908 2806 963 verbis
2833 926 2846 962 :
2879 907 2984 974 Qui
3008 906 3212 960 habitat
3246 906 3302 959 in
3331 905 3599 975 adjutorio

2030 1000 2317 1065 Altissimi,
2352 1009 2406 1057 et
2439 1021 2453 1056 :
2489 1001 2640 1055 Dicet
2672 1000 2897 1055 Domino
2934 998 3260 1069 :Susceptor
3281 1015 3424 1053 meus
3459 1015 3513 1054 es
3545 1008 3601 1052 tu

2030 1100 2080 1145 et
2110 1091 2368 1163 refugium
2404 1108 2598 1159 meum,
2640 1090 2782 1146 Deus
2821 1106 2989 1155 meus,
3018 1098 3070 1143 et
3106 1088 3324 1157 sperabo
3352 1090 3408 1141 in
3457 1103 3597 1142 eum.

2031 1180 2403 1251 Triumphalis
2434 1182 2616 1252 itaque
2667 1191 2722 1236 et
2772 1187 3049 1250 postrema
3102 1180 3271 1244 actio,
3303 1192 3427 1249 quae
3473 1187 3601 1248 post

2032 1271 2137 1325 alia
2163 1280 2462 1327 memorata
2487 1271 2808 1336 Salvatoris,
2844 1278 2937 1326 aut
2988 1270 3092 1325 viri
3131 1270 3189 1324 in
3236 1285 3301 1324 eo
3340 1284 3602 1324 consum-

2032 1359 2186 1422 mati,
2213 1367 2305 1413 aut
2352 1360 2471 1430 ejus
2530 1358 2756 1429 perfecti
2824 1359 3096 1429 corporis,
3149 1356 3265 1413 sive
3312 1352 3599 1422 Ecclesiae,

2032 1461 2183 1520 gesta
2220 1451 2525 1522 signiﬁcata
2556 1452 2609 1504 in
2636 1449 2730 1504 illo
2768 1469 2781 1504 :
2825 1449 2996 1521 Super
3034 1451 3270 1520 aspidem
3312 1460 3362 1504 et
3417 1450 3603 1505 basili-

2033 1557 2183 1594 scum
2208 1542 2525 1605 ambulabis,
2548 1550 2597 1595 et
2620 1541 2950 1597 conrulcabis
2986 1541 3183 1596 leonem
3213 1553 3261 1596 et
3289 1540 3600 1606 draconem;

2033 1638 2168 1699 tota,
2225 1648 2349 1686 cum
2397 1632 2640 1687 victoria:
2711 1647 2899 1697 causa,
2946 1631 3230 1687 Altissimo
3281 1632 3600 1687 ascribitur.

2033 1718 2394 1785 Quamobrem
2426 1720 2628 1775 dicitur
2658 1735 2672 1771 :
2705 1720 2969 1788 Quoniam
3024 1722 3080 1774 in
3131 1737 3214 1775 me
3264 1722 3514 1790 speravit,
3548 1730 3604 1776 et

2036 1810 2264 1866 liberabo
2292 1827 2432 1878 eum,
2459 1812 2706 1882 quoniam
2758 1811 2990 1882 cognovit
3018 1826 3207 1865 nomen
3237 1826 3428 1864 meum.
3464 1808 3603 1865 Cum

2032 1903 2148 1972 ipso
2183 1919 2298 1957 sum
2334 1904 2388 1956 in
2420 1903 2779 1967 tribulatione,
2802 1903 3023 1970 eripiam
3053 1916 3172 1955 eum
3204 1910 3253 1955 et
3286 1900 3601 1972 gloriﬁcabo

2033 2011 2172 2050 eum.
2214 1995 2337 2049 Alio
2363 1996 2493 2049 item
2531 2010 2694 2051 sensu
2723 1994 3008 2065 prophetia
3038 1994 3254 2049 videtur
3290 1994 3423 2048 mihi
3454 1994 3598 2054 vati-

2033 2085 2207 2140 cinari
2243 2100 2460 2140 omnem
2493 2085 2747 2140 humana:
2783 2085 3083 2141 Salvatoris
3114 2086 3291 2141 nostri
3329 2085 3452 2141 vitae
3475 2101 3597 2142 mo-

2032 2177 2193 2245 dum;
2224 2177 2348 2232 dico
2372 2186 2553 2233 autem
2586 2180 2817 2248 primam
2845 2179 3231 2246 tentationem;
3269 2178 3416 2233 illam
3444 2179 3597 2246 item,

2032 2284 2198 2340 quam
2230 2268 2287 2322 in
2330 2269 2587 2339 passione
2628 2268 2919 2336 sustinuit;
2953 2284 3017 2324 ac
3072 2271 3237 2325 etiam
3266 2285 3408 2339 eam,
3433 2286 3597 2342 quam

2033 2367 2158 2430 post
2187 2359 2515 2415 solutionem
2569 2360 2818 2431 corporis
2872 2360 3002 2417 fecit
3031 2370 3224 2416 contra
3256 2361 3599 2418 adversarias

2031 2458 2332 2522 potestates
2388 2452 2772 2522 irruptionem.
2805 2450 2872 2506 Et
2929 2453 3044 2508 hmo
3075 2453 3295 2524 quidem
3348 2454 3522 2524 prima
3545 2461 3601 2510 et

2033 2545 2304 2616 praecipua
2334 2546 2390 2598 in
2423 2545 2635 2615 psalmo
2680 2552 2808 2601 sunt
2846 2563 2859 2600 :
2892 2545 3188 2615 vulgariori
3220 2552 3401 2600 autem
3446 2554 3615 2601 more

2032 2635 2247 2690 dicatur
2276 2634 2391 2689 haec
2422 2634 2706 2705 prophetia
2755 2636 3116 2691 tentationem
3168 2634 3226 2689 in
3279 2635 3498 2692 deserto
3522 2638 3601 2692 si-

2032 2727 2312 2799 gniﬁcare,
2347 2742 2454 2797 qua
2496 2734 2743 2783 tentatus
2772 2743 2896 2784 esse
2926 2742 2957 2780 a
2991 2727 3213 2783 diabolo
3260 2735 3521 2782 narratur
3539 2729 3600 2783 in

2032 2818 2356 2891 Evangelio;
2389 2816 2629 2874 secunda
2658 2833 2807 2883 vero,
2835 2818 3033 2890 quibus
3067 2819 3291 2890 angelos
3315 2817 3435 2888 ejus
3466 2833 3595 2875 cor-

2032 2909 2151 2981 pori
2195 2909 2541 2964 ministrasse
2594 2908 2943 2977 declaratur,
2965 2908 3085 2978 ejus
3121 2908 3176 2962 in
3223 2908 3460 2964 humana
3483 2909 3597 2963 vita

2032 3001 2500 3056 conversationem
2538 3000 2818 3068 indicant;
2852 2999 3010 3056 tertia
3041 3007 3247 3065 autem,
3289 3001 3488 3070 quibus
3510 3002 3598 3056 di-

2032 3093 2196 3155 citur,
2217 3106 2340 3146 eum
2370 3106 2537 3161 super
2559 3090 2803 3161 aspidem
2833 3098 2887 3145 et
2917 3090 3232 3146 basiliscum
3259 3091 3592 3156 ambulasse,

2032 3191 2088 3237 et
2109 3181 2463 3237 conculcasse
2516 3182 2725 3237 leonem
2772 3189 2828 3237 et
2878 3181 3194 3246 draconem,
3230 3180 3406 3252 ipsum
3467 3194 3595 3254 post

2031 3282 2259 3330 mortem
2294 3273 2362 3329 de
2390 3273 2732 3344 principibus
2761 3272 3049 3344 spiritibus
3070 3272 3358 3329 victoriam
3402 3288 3596 3345 repor-

2031 3376 2180 3422 tasse
2212 3373 2474 3431 narrant;
2508 3373 2632 3436 post
2653 3379 2775 3436 quae
2805 3365 2988 3420 omnia
3007 3364 3267 3437 adjicitur
3298 3380 3312 3417 :
3355 3363 3598 3435 Eripiam

2031 3476 2150 3514 eum
2176 3468 2225 3513 et
2253 3456 2565 3528 gloriﬁcabo
2589 3473 2726 3512 eum.
2757 3454 3107 3526 Longitudine
3137 3457 3343 3511 dierum
3388 3456 3599 3525 replebo

2033 3565 2172 3614 eum,
2198 3556 2248 3603 et
2270 3546 2543 3602 ostendam
2565 3546 2649 3599 illi
2677 3545 2913 3599 salutare
2951 3561 3157 3610 meum;
3186 3545 3389 3617 quibus
3410 3545 3596 3601 decla-

2031 3647 2116 3692 rat
2147 3636 2267 3705 ejus
2297 3644 2419 3704 post
2439 3635 2649 3689 obitum
2680 3635 3140 3692 resurrectionem
3164 3651 3232 3691 ex
3274 3637 3508 3691 mortuis
3540 3648 3598 3693 et

2032 3730 2284 3791 salutem,
2320 3727 2616 3797 longaevam
2644 3733 2700 3780 et
2727 3725 3092 3783 immortalem
3127 3728 3318 3796 vitam,
3353 3729 3596 3786 divinam

2031 3818 2284 3890 gloriam,
2331 3825 2387 3872 et
2442 3817 2708 3871 honorem
2764 3831 3103 3890 regnumque
3162 3820 3309 3891 apud
3374 3820 3594 3878 Patrem

2034 3916 2370 3980 susceptum.

355 4013 451 4053 του
506 3998 672 4072 ζωῆς,
712 4001 809 4074 τῆς
850 4018 912 4056 τε
956 4002 1140 4057 ὲνθέου
1183 4002 1341 4075 δόξης
1389 4004 1484 4058 καὶ
1528 4006 1628 4077 τῆς
1676 4005 1825 4077 παρὰ
1855 4003 1934 4076 τῷ
1968 4002 2144 4074 Πατρὶ
2188 4000 2352 4071 τιμῆς
2388 4016 2450 4052 τε
2490 3998 2587 4053 καὶ
2632 3997 2907 4069 βασιλείας
2943 3998 3034 4053 διὰ
3073 4000 3278 4056 τούτων
3329 4019 3597 4075 παριστα-

360 4091 548 4163 μένηςο

356 4161 648 4257 ίΡΑΛΜοΣ
683 4204 896 4276 cans,
936 4205 1044 4259 ΕΙΣ
1079 4207 1225 4262 THN
1263 4208 1553 4263 HMEPAN
1591 4210 1728 4264 Tor
1766 4161 1949 4263 ΣΑΒ-⁸

934 4275 1180 4331 ΒΑΤΟΥ.
1219 4277 1335 4345 ΗΜ.

440 4367 679 4438 Ἀγαθὸν
708 4369 771 4422 τὸ
790 4368 1272 4441 ἐξομολογεῖσθαι
1291 4371 1371 4438 τῷ
1395 4374 1608 4442 Κυρίῳ,
1635 4375 1731 4429 καί
1761 4373 1920 4445 ⁴’,ί-ἀλ-

357 4457 490 4509 λειν
526 4455 608 4521 τῷ
638 4458 884 4527 ὀνόματί
924 4475 1062 4524 σου,
1095 4460 1362 4529 Ὕψιστε,
1392 4463 1499 4517 τοῦ
1530 4464 1924 4535 άνατγέλλειν

356 4546 425 4600 τὸ
446 4546 595 4615 πρωῒ
622 4547 686 4602 τὸ
708 4548 881 4615 ἔλεός
911 4564 1028 4605 σου
1052 4551 1149 4605 καὶ
1176 4551 1292 4621 τὴν
1320 4554 1610 4624 ἀλήθειάν
1633 4571 1751 4612 σου
1777 4557 1925 4611 κατὰ

354 4640 565 4705 νύκτα,
594 4640 664 4694 ἐν
690 4639 1026 4709 δεκαχόρδῳ
1056 4644 1368 4713 ψαλτηρίῳ
1392 4647 1519 4717 μετ’
1551 4647 1709 4717 ᾠδῆς
1739 4648 1809 4702 ἐν
1839 4666 1923 4702 κι-

356 4728 527 4799 θάρᾳ.
559 4728 671 4793 Τὰς
706 4730 814 4785 τῶν
846 4731 1136 4787 Σαϐϐάτων
1166 4734 1376 4806 ἡμέρας
1419 4737 1469 4789 οἱ
1501 4736 1608 4808 πρὸ
1649 4736 1922 4801 Μωῦσέως

356 4820 552 4875 δίκαιοι
595 4822 690 4876 καὶ
728 4821 992 4892 θεοφιλεῖς
1026 4824 1219 4897 ἄνδρες
1255 4826 1366 4881 οὔτ’
1393 4828 1612 4900 ᾔδεσαν,
1642 4826 1752 4881 οὒτ’
1791 4827 1923 4898 ἐφύ-

356 4910 565 4966 λαττον.
594 4910 720 4967 Οῠτ’
765 4910 859 4968 οὖν
889 4914 1048 4980 αὐτὸς
1088 4915 1354 4989 Ἀϐραὰμ,
1386 4918 1510 4973 οὔτε
1552 4920 1754 4985 Ἰσαὰκ,
1797 4917 1921 4973 οὔτε

367 5003 583 5069 Ἰακὼϐ,
604 5005 727 5058 οὗτε
761 5007 811 5059 οἱ
844 5005 1034 5061 τούτου
1077 5007 1281 5074 παῖδες,
1311 5008 1425 5063 ἀλλ’
1456 5010 1577 5064 οὐδὲ
1608 5012 1657 5064 oi
1691 5011 1772 5064 ἔτι
1796 5011 1921 5064 τού-

353 5113 462 5149 των
504 5095 582 5167 τῷ
635 5096 811 5168 χρόνῳ
855 5098 1199 5170 παλαιότεροι
1247 5100 1526 5170 φαίνονται
1567 5100 1921 5171 γινώσκοντες

354 5189 568 5262 ἡμέραν
593 5188 888 5243 Σαϐϐάτου.
928 5190 1081 5242 Ἐπεὶ
1105 5190 1282 5244 τοίνυν
1308 5191 1357 5244 οἱ
1395 5193 1459 5245 ὲκ
1492 5193 1812 5264 περιτομῆς,
1844 5193 1920 5256 ὼς

355 5279 499 5350 μέγα
524 5297 574 5333 τι
606 5279 1013 5351 κατορθοῦντες,
1038 5279 1110 5334 τὰ
1134 5280 1383 5336 Σάϐϐατα
1407 5282 1691 5351 φυλάττειν
1726 5284 1947 5354 ἡγοῦν-ἲ

353 5388 466 5437 ται,
494 5370 530 5425 ἃ
558 5370 679 5424 οὐδὲ
719 5369 1041 5440 φυλάττουσι
1074 5371 1217 5426 κατὰ
1242 5372 1302 5426 τὸ
1329 5372 1573 5445 βούλημα
1602 5373 1696 5427 τοῦ
1729 5375 1913 5445 νόμου,

355 5458 688 5532 παραθετέον
719 5460 901 5524 αὐτοῖς
941 5460 1016 5513 τὰ
1051 5462 1331 5533 εἰρημένα.
1377 5463 1487 5516 Καὶ
1525 5463 1712 5535 ἐπειδὴ
1752 5464 1919 5518 κατά-

2063 4196 2386 4256 PSALMUS
2434 4196 2731 4265 CANTICI,
2766 4197 2835 4254 IN
2893 4199 3005 4254 DIE
3065 4199 3374 4260 SABBATI.
3412 4203 3555 4265 XCI.

2097 4361 2265 4417 Vens.
2301 4360 2357 4424 2,
2390 4360 2444 4414 5.
2487 4358 2693 4412 Bonum
2719 4365 2797 4410 est
2825 4356 3066 4426 conﬁteri
3095 4356 3340 4425 Domino,
3373 4370 3425 4416 et
3446 4365 3594 4433 psal-

2029 4455 2135 4510 lere
2156 4452 2356 4508 nomini
2384 4460 2497 4516 tuo,
2537 4448 2829 4511 Altissime,
2862 4447 2932 4501 ad
2977 4450 3400 4505 annuntiandum
3437 4471 3595 4512 mane

2027 4542 2446 4600 misericordiam
2470 4552 2638 4606 luant,
2668 4548 2718 4593 et
2760 4541 3031 4595 veritatem
3056 4550 3203 4595 tuam
3237 4558 3327 4612 per
3357 4556 3586 4615 noctem,

2029 4638 2084 4691 in
2110 4633 2436 4690 decachardo
2471 4631 2721 4701 psalterio
2758 4647 2879 4684 cum
2908 4632 3113 4686 cantico
3133 4633 3188 4686 in
3228 4634 3454 4693 cithara.
3487 4637 3593 4704 Qui

2026 4735 2152 4782 ante
2204 4724 2444 4797 Moysem
2488 4730 2647 4777 erant
2689 4722 2825 4792 justi
2883 4737 2948 4777 ac
3004 4724 3242 4794 religiosi
3295 4726 3419 4792 viri,
3472 4729 3592 4786 dies

2028 4818 2393 4874 Sabbatorum
2444 4831 2554 4871 non
2604 4821 2803 4870 norant
2860 4830 2962 4870 nec
3025 4815 3431 4875 custodiebant.
3481 4820 3594 4879 Nec

2025 4910 2170 4966 enim
2205 4909 2500 4973 Abraham,
2535 4922 2715 4977 neque
2756 4906 2926 4972 Isaac,
2971 4922 3150 4978 neque
3186 4908 3378 4977 Jacob,
3414 4928 3593 4984 neque

2025 5003 2145 5073 ejus
2203 5002 2320 5065 ﬁlii,
2345 5014 2523 5070 neque
2572 4999 2734 5055 etiam
2783 4998 2875 5069 qui
2927 4999 2997 5055 iis
3043 5000 3378 5077 antiquiores
3407 5016 3586 5070 erant,

2025 5093 2168 5150 diem
2199 5091 2420 5148 Sabbati
2446 5091 2666 5145 novisse
2695 5089 2967 5144 videntur.
3010 5089 3147 5156 Quia
3182 5093 3350 5164 igitur
3395 5097 3490 5166 qui
3521 5112 3590 5150 ex

2024 5183 2450 5239 circumcisione
2497 5191 2649 5249 sunt,
2680 5180 2837 5250 quasi
2889 5180 3071 5251 magni
3123 5182 3399 5254 quidpiam
3444 5201 3588 5255 prte-

2025 5281 2190 5340 stent,
2223 5289 2287 5330 se
2315 5272 2553 5326 Sabbata
2597 5284 2817 5325 servare
2860 5274 3075 5339 putant,
3107 5286 3230 5341 qua
3264 5278 3447 5328 tamen
3499 5289 3588 5329 se-

2024 5364 2265 5419 cundum
2327 5361 2462 5432 legis
2524 5369 2761 5418 mentem
2826 5369 2935 5413 non
2986 5361 3327 5428 custodiunt,
3387 5364 3586 5433 psalmi

2019 5455 2166 5510 dicta
2196 5453 2331 5524 ipsis
2356 5457 2485 5507 sunt
2518 5449 2861 5521 exponenda.
2892 5449 2959 5504 Et
2992 5451 3120 5520 quia
3159 5450 3453 5506 Sabbatum
3492 5469 3586 5509 re-

355 5568 553 5607 παυσιν
580 5550 832 5623 σημαίνει
859 5551 920 5605 τὸ
947 5551 1240 5619 Σάϐϐατον,
1267 5553 1574 5627 γέγραπται
1609 5555 1738 5624 γοῦν
1761 5572 1775 5587 ο
1806 5555 1916 5610 Kal

2030 5548 2203 5619 quiem
2258 5542 2565 5613 signiﬁcat;
2601 5555 2727 5595 nam
2777 5541 3043 5612 scriptum
3068 5550 3152 5598 est
3183 5561 3195 5597 :
3234 5541 3306 5597 Et
3340 5544 3586 5614 requievit

355 5642 733 5697 κατέπαυσεν
770 5644 803 5695 ὁ
836 5642 979 5709 Θεὸς
1018 5643 1089 5698 ἐν
1114 5642 1190 5714 τῇ
1219 5645 1407 5716 ἡμέρᾳ
1443 5644 1517 5716 τῇ
1552 5643 1594 5706 ζ’
1614 5646 1733 5701 ἀπὸ
1769 5647 1917 5699 πάν-

2030 5639 2161 5695 Deus
2184 5637 2270 5692 die
2317 5634 2539 5704 septimo
2570 5632 2634 5686 ab
2675 5633 2914 5688 omnibus
2938 5635 3181 5703 operibus
3225 5636 3336 5690 suis
3362 5652 3480 5706 quia
3509 5644 3588 5706 te-

357 5748 473 5785 των
503 5732 621 5786 τῶν
648 5732 835 5802 ἔργων
868 5734 1074 5805 αὑτοῦ,
1107 5729 1195 5794 ὧν
1219 5736 1484 5807 ἐποίησε,
1527 5735 1623 5792 καί
1647 5737 1915 5812 ,ἡγίασεν

2030 5735 2183 5798 terat,
2219 5741 2269 5788 et
2302 5727 2653 5798 sancti/iacvit
2686 5727 2934 5802 illum)";
2967 5729 3119 5785 dicas
3160 5745 3293 5787 sane
3344 5728 3439 5786 Dei
3502 5747 3591 5788 re-

398 5839 469 5881 ’⁹⁷
508 5846 640 5905 Gen.
676 5865 752 5920 ιι,
782 5849 851 5918 2,
885 5850 940 5909 5.
