4074 6386
458 378 598 434 1107
1231 372 1503 428 EUSEBll
1542 366 2023 426 CxESARIENSlS
2059 364 2210 420 OPP.
2250 362 2428 417 PARS
2466 360 2555 418 ΙΙΙ.
2702 357 3113 414 EXEGETICA.
3564 350 3700 408 “68

462 498 645 567 quiem
708 492 1184 555 considerandam,
1238 504 1538 559 verumque
1590 487 1889 540 Sabbatnm
1934 498 2063 555 pro.

2165 476 2356 545 ιὺτήν·
2391 479 2557 549 ἐρεῖς,
2591 477 2673 529 ὅτι
2714 475 2978 547 προσήκει
3017 476 3206 544 νοῆσαι
3249 469 3385 523 Θεοῦ
3416 471 3702 521 κατάπαυε

463 558 727 659 dignitate
759 585 851 640 Dei
893 581 1274 653 accipiendum
1314 558 1463 634 esse.
1503 579 1572 630 At
1617 577 1762 631 enim
1795 575 2036 629 declarat

2165 590 2241 631 ἰν,
2282 572 2376 625 καὶ
2410 570 2470 622 τὸ
2507 568 2758 638 ἀληθινὸν
2798 566 3070 622 Σάϐϐατον
3122 560 3435 628 ἐκδέξασθαι
3468 558 3709 624 ἐπαξίως

463 682 577 745 ille,
608 678 806 749 impios
840 677 1091 732 homines
1119 689 1231 728 non
1293 673 1644 742 ingressuros
1690 683 1814 723 esse
1864 666 1918 719 in
1949 681 2037 719 re-

2168 664 2229 718 οῦ
2280 662 2434 716 Θεοῦ.
2488 662 2625 723 Τοὺς
2672 659 2779 731 γὰρ
2829 657 3048 720 ἀσεϐεῖς
3091 654 3408 727 ἀνθρώπους
3453 650 3588 723 φησὶ
3632 649 3707 722 μὴ

463 743 645 841 quiem
681 743 877 839 ipsius,
901 767 958 821 in
988 765 1215 837 psalmis
1246 763 1377 816 talia
1397 761 1538 816 fatus
1570 777 1584 811 :
1616 759 1829 826 Semper
1857 764 2039 810 errant

2170 753 2535 809 ίσελεύσεσθαι
2581 753 2663 817 είς
2698 751 2798 823 τὴν
2835 750 3175 804 κατάπαυσιν
3218 743 3380 801 αὐτοῦ
3426 744 3600 812 λέγων
3650 745 3709 798 ὲν

465 864 646 918 corde.
682 860 799 929 Ipsi
844 875 963 913 vero
1015 873 1119 911 non
1163 860 1511 925 cognoverunt
1542 852 1654 907 vias
1705 865 1870 911 meas,
1903 848 2040 901 sicut

2165 846 2389 916 ιαλμοίς,
2433 844 2539 899 Ἀεὶ
2566 841 2912 897 πλανῶνται
2936 839 3011 909 τῇ
3040 838 3269 907 καρδίᾳ.
3296 834 3476 890 Αὐτοὶ
3500 834 3569 887 δὲ
3598 834 3712 889 οὐκ

465 954 643 1022 iuravi
673 955 727 1006 in
758 953 841 1005 ira
871 967 1010 1013 mea,
1048 949 1094 1003 si
1121 945 1411 1001 introibant
1442 945 1496 997 in
1526 941 1754 1013 requiem
1784 956 1953 995 meam
1971 939 2035 993 ³⁸.

2165 939 2415 1008 ιγνωσαν
2454 936 2562 1002 τὰς
2595 935 2775 1000 ὁδούς
2816 950 2956 1004 μου,
2999 932 3079 997 ὡς
3110 929 3315 1000 ὤμοσα
3353 929 3423 981 ἐν
3452 924 3527 994 τῇ
3564 922 3713 994 ὀργῇ

464 1019 704 1102 Necesse
730 1045 895 1115 igitur
919 1050 1003 1098 est
1021 1039 1272 1095 ’Sabbata
1330 1036 1427 1093 Dei
1473 1034 1773 1091 secundum
1804 1040 2040 1089 mentem

2165 1048 2277 1096 ιου,
2302 1032 2357 1084 εὶ
2397 1029 2847 1084 εἰσελεύσονται
2877 1028 2965 1091 είς
3011 1023 3127 1092 τὴν
3165 1019 3549 1076 κατάπαυσίν
3570 1034 3708 1087 μου.

467 1136 740 1206 accipere,
788 1145 843 1189 et
871 1131 983 1187 Deo
1040 1137 1430 1200 congruentem
1487 1125 1732 1195 requiem
1777 1123 2041 1195 cogitare,

2165 1121 2351 1177 )ὑκοῦν
2391 1122 2686 1191 ἀναγκαῖον
2724 1117 2865 1172 κατὰ
2903 1116 3138 1172 διάνοιαν
3185 1111 3432 1168 ὲκλαϐεῖν
3461 1107 3718 1162 Σάϐϐατα

467 1243 576 1300 qua
630 1226 786 1297 impii
808 1240 919 1279 non
974 1224 1271 1288 donantur,
1323 1218 1419 1276 sed
1479 1218 1581 1273 soli
1643 1215 1779 1285 justi
1825 1230 1889 1268 ac
1950 1212 2045 1268 Dei

2165 1214 2301 1280 3606,
2345 1214 2439 1268 atat
2482 1211 2790 1267 ἀνάπαυσιν
2836 1206 2955 1278 Θεῷ
3003 1206 3339 1277 πρέπουσαν,
3380 1195 3449 1273 ἦς
3498 1198 3720 1261 ἀσεϐεῖς

468 1318 653 1374 amici.
688 1318 787 1372 lta-
808 1316 952 1370 enim
989 1312 1290 1367 dixerimus
1323 1308 1620 1370 Abraham,
1657 1304 1830 1368 Isaac,
1874 1301 2046 1358 Jacob

469 1418 523 1466 et
547 1423 737 1464 omnes
760 1412 1029 1476 quotquot
1063 1408 1191 1456 ante
1223 1407 1277 1455 et
1327 1403 1454 1468 post
1510 1396 1633 1451 illos
1679 1393 1774 1449 Dei
1805 1384 2045 1447 cultores

473 1501 648 1565 linere,
688 1496 1031 1569 intelligendi
1055 1510 1209 1550 more
1248 1494 1425 1549 solum
1477 1490 1702 1546 novisse
1757 1502 1820 1542 ac
1861 1495 2045 1542 custo-

470 1592 621 1647 disse
658 1588 907 1645 ‘Sabbata
966 1585 1083 1653 Dei,
1119 1592 1173 1640 et
1215 1583 1493 1655 ingressos
1523 1595 1647 1637 esse
1694 1578 1751 1633 in
1799 1575 2044 1644 requiem

457 1684 615 1754 ejus.
643 1680 786 1748 Quid
809 1680 976 1751 igitur
1019 1676 1291 1748 signiﬁcet
1348 1673 1670 1737 Sabbatum,
1712 1669 2047 1741 perpendere

475 1775 852 1832 necessarium
911 1780 1019 1828 est.
1082 1770 1382 1825 Sabbatum
1450 1781 1572 1823 esse
1642 1764 1888 1835 requiem
1950 1759 2047 1815 Dei

2148 1304 2246 1376 μὲν
2288 1302 2389 1356 οὐκ
2420 1300 2719 1368 ἀξιοῦνται,
2753 1298 2903 1369 μόνοι
2938 1296 2997 1349 δὲ
3025 1296 3075 1348 οἱ
3108 1293 3301 1347 δίκαιοι
3330 1292 3423 1345 καὶ
3445 1288 3540 1343 τοῦ
3580 1286 3720 1342 Θεοῦ

2146 1394 2307 1465 φίλοι.
2335 1393 2489 1447 Οὕτω
2520 1389 2650 1461 γοῦν
2687 1391 2932 1461 εῖποιμεν
2959 1386 3026 1442 ἂν
3053 1387 3148 1440 καὶ
3187 1384 3279 1439 τὸν
3313 1381 3582 1454 Ἀϐραάμ,
3618 1379 3718 1433 καὶ

2144 1488 2236 1541 τὸν
2275 1485 2476 1551 Ἰσαὰκ,
2504 1485 2599 1539 καὶ
2634 1484 2724 1537 τὸν
2757 1480 2975 1546 Ἰακὼϐ,
3011 1479 3136 1543 τούς
3166 1495 3226 1532 τε
3259 1477 3366 1550 πρὸ
3400 1474 3578 1529 αὐτῶν
3615 1472 3715 1527 καὶ

2150 1580 2267 1652 μετ’
2297 1579 2493 1642 αὐτοὺς
2520 1575 2787 1645 θεοφιλεῖς
2820 1574 3029 1637 πάντας
3060 1570 3200 1626 κατά
3230 1569 3466 1623 διάνοιαν
3491 1563 3722 1634 ἐγνωκέ-

2144 1691 2233 1728 ναι
2260 1672 2355 1725 καὶ
2381 1669 2749 1739 πεφυλαχέναι
2774 1667 2842 1721 τά
2882 1665 3134 1721 Σάϐϐατα
3160 1663 3255 1717 τοῦ
3280 1660 3436 1725 Θεοῦ,
3479 1659 3575 1712 καὶ
3600 1660 3719 1711 είσ-

2149 1763 2464 1837 εληλυθέναι
2500 1762 2578 1823 είς
2604 1758 2701 1832 τὴν
2732 1758 3073 1813 κατάπαυσιν
3096 1754 3282 1810 αὐτοῦ.
3316 1753 3381 1806 Τί
3406 1751 3470 1823 δὴ
3499 1746 3591 1805 οῦν
3626 1766 3727 1820 ση-

478 1869 763 1938 Scriptura
791 1864 1059 1925 declarat,
1111 1874 1276 1932 quam
1302 1864 1427 1929 post
1485 1852 1832 1912 sensibilium
1892 1862 2048 1903 crea-

2165 1855 2331 1923 aalvst
2370 1852 2433 1906 τὸ
2472 1849 2767 1916 Σάϐϐατον,
2803 1850 3098 1917 ἀναγκαῖον
3130 1843 3436 1916 ἐπιστῆσαι.
3478 1842 3536 1895 Ὀ
3565 1842 3726 1909 λόγος

474 1962 682 2017 tionem
716 1956 946 2012 inducit.
1002 1953 1100 2008 Dei
1130 1967 1259 2009 vero
1319 1948 1541 2019 requies
1569 1960 1689 2016 quae
1722 1944 1829 1997 alia
1861 1939 2047 2006 fuerit,

464 2053 585 2108 nisi
612 2047 956 2107 conversatio
1001 2046 1059 2100 in
1115 2040 1550 2115 intelligibilibus
1602 2044 1658 2092 et
1711 2031 2046 2090 cwlestibus.

475 2144 613 2200 Nam
665 2156 790 2198 cum
842 2135 1200 2196 sensibilibus
1249 2130 1545 2204 prospicit,
1576 2135 1634 2184 et
1688 2126 1838 2181 circa
1884 2137 2051 2194 opera

476 2232 836 2307 providentia:
858 2227 1051 2284 mundi
1097 2232 1371 2287 versatur,
1398 2227 1533 2273 tunc
1566 2216 1770 2273 dicitur
1798 2211 2051 2285 operari;

464 2306 738 2398 atquesic
755 2319 1165 2393 intelligendum
1180 2318 1284 2371 hoc
1301 2310 1598 2368 Salvatoris
1610 2308 1785 2364 nostri
1808 2306 2015 2362 dictum
2035 2324 2050 2361 :

479 2419 646 2475 Pater
671 2433 818 2472 meus
858 2428 1025 2484 usque
1057 2411 1212 2466 modo
1246 2416 1496 2478 operatur
1532 2412 1581 2459 et
1621 2419 1714 2473 ego
1752 2415 1937 2470 operor
1955 2398 2001 2430 ”
2036 2417 2050 2454 :

464 2526 604 2567 ~cum
633 2518 813 2564 autem
843 2508 990 2563 circa
1033 2516 1197 2573 opera
1228 2501 1570 2566 incorporea,
1600 2502 1655 2550 et
1680 2492 1945 2556 coelestia,
1977 2497 2052 2556 et,

2149 1945 2452 2000 ἀνάπαυσιν
2489 1941 2638 2013 δηλοῖ
2676 1939 2843 1993 Θεοῦ’
2887 1939 3093 2006 εἰσάγει
3123 1953 3183 1989 τε
3216 1934 3420 2006 ταύτην
3464 1931 3600 2004 μετά
3623 1931 3729 2002 τὴν

2148 2036 2257 2090 τῶν
2292 2033 2563 2106 αἰσθητῶν
2615 2030 2990 2103 κοσμοποιίαν.
3030 2025 3166 2081 Θεοῦ
3213 2026 3271 2080 δὲ
3313 2025 3617 2086 ἀνάπαυσις
3641 2023 3731 2085 τίς

2151 2128 2224 2182 ἂν
2240 2128 2446 2197 γένοιτο
2474 2126 2635 2196 ἑτέρα
2662 2124 2761 2195 τῆς
2794 2121 2929 2193 πρὸς
2962 2122 3073 2184 τοῖς
3116 2119 3326 2191 νοητοῖς
3347 2117 3441 2172 καὶ
3492 2117 3731 2187 ὑπερκο-
3824 2110 3841 2133 ⁸

2155 2219 2335 2291 σμίοις
2386 2216 2697 2287 διαγωγῆς;
2757 2214 2884 2267 Ὅτε
2928 2211 3026 2284 μὲν
3067 2210 3176 2285 γάρ
3223 2210 3352 2282 περὶ
3400 2207 3469 2263 τά
3495 2206 3732 2279 αἰσθητά

2153 2308 2594 2383 περισκοπεῖκαὶ
2631 2306 2760 2378 περὶ
2800 2303 2870 2358 τά
2900 2304 3036 2375 ἔργα
3076 2303 3176 2374 τῆς
3212 2300 3307 2355 τοῦ
3348 2299 3552 2371 κόσμου
3595 2315 3736 2368 προ-

2152 2402 2301 2464 νοίας
2341 2398 2709 2468 καταγίνεται,
2752 2393 3077 2468 ἐργάζεσθαι
3117 2391 3376 2461 λέγεται·
3420 2389 3514 2444 καῖ
3554 2387 3733 2451 οὕτως

2153 2492 2443 2549 ἀκουστέον
2486 2491 2731 2560 λέγοντος
2772 2487 2867 2541 τοῦ
2911 2485 3162 2557 Σωτῆρος
3202 2483 3402 2556 ήμῶν..
3430 2482 3484 2535 Ὁ
3526 2479 3733 2549 Πατήρ

470 2614 541 2658 ut
572 2602 697 2673 quis
735 2598 956 2663 dixerit,
988 2572 1134 2651 circa
1160 2605 1281 2647 eam
1311 2602 1433 2659 qua:
1486 2584 1561 2643 ibi
1609 2584 1820 2658 geritur
1873 2596 2055 2637 rerum

2165 2604 2268 2654 μου
2292 2586 2403 2652 ἕως
2440 2583 2569 2653 ἄρτι
2593 2580 2927 2652 ἐργάζεται,
2976 2576 3139 2649 κάγὼ
3177 2574 3517 2647 ἐργάζομαν
3551 2574 3639 2627 ὅτε
3670 2572 3735 2626 δὲ

482 2691 987 2751 considerationem
1028 2690 1307 2749 versatur,
1348 2687 1484 2736 tunc
1531 2678 1776 2749 requiem
1825 2674 2051 2738 habere,

482 2801 537 2845 et
573 2786 872 2842 Sabbatum
916 2793 1076 2836 suum
1127 2790 1288 2849 agere
1344 2772 1685 2844 intelligitur.
1736 2767 1938 2823 Eadem
1966 2781 2058 2820 ra-

484 2884 631 2938 tione
658 2877 829 2950 igitur
842 2872 953 2929 viri
984 2885 1204 2942 quoque
1235 2866 1357 2936 Dei,
1381 2865 1603 2937 quando
1652 2862 1912 2935 operibus
1936 2858 2057 2915 ani-

474 2983 630 3026 amam
658 2962 1087 3034 defatigantibus
1126 2960 1278 3032 (talia
1307 2973 1439 3014 vero
1465 2963 1596 3013 sunt
1643 2953 1828 3009 omnia
1857 2966 2056 3017 corpo—

476 3073 601 3125 rea,
631 3061 689 3114 et
714 3061 946 3110 terrena:
971 3050 1154 3106 carnis
1184 3046 1383 3119 amica)
1408 3045 1648 3112 liberati,
1699 3042 1809 3100 Deo
1830 3057 2058 3114 prorsus

478 3155 705 3210 vacant,
737 3159 802 3199 ac
831 3142 1143 3199 divinorum
1189 3137 1670 3211 spiritualiumque
1724 3132 2061 3203 contempla-

474 3238 625 3295 tioni
658 3234 831 3292 dediti
886 3239 1035 3296 sunt,
1077 3238 1207 3285 tunc
1270 3236 1493 3298 accepta
1543 3224 1656 3282 Deo
1704 3222 1969 3288 Sabbata,
2006 3228 2060 3276 et

484 3329 733 3401 requiem
767 3326 1000 3382 Domino
1016 3322 1126 3378 Deo
1155 3328 1344 3392 agunt.
1374 3318 1452 3373 De
1503 3318 1592 3373 bis
1639 3330 1770 3373 vero
1806 3312 2060 3370 Sabbatis

486 3422 595 3477 hoc
627 3420 703 3474 ait
739 3437 753 3473 :
776 3414 934 3470 Nunc
955 3413 1273 3484 relinquitur
1298 3409 1652 3464 sabbatismus
1673 3405 1863 3477 populo
1894 3403 1998 3457 Dei
2015 3403 2062 3457 ‘?

489 3518 546 3567 et
570 3524 794 3565 rursum
822 3526 835 3563 :
861 3505 1192 3561 Festinemus
1238 3502 1403 3572 igitur
1451 3496 1656 3569 ingredi
1702 3497 1754 3550 in
1785 3497 1938 3551 illam
1976 3511 2061 3549 re-

488 3603 715 3676 quient'.
749 3599 887 3654 Nam
937 3597 1237 3669 perfectum
1267 3593 1565 3649 Sabbatum
1591 3597 1646 3645 et
1673 3587 1912 3661 perfecta
1936 3587 2061 3643 bea-

490 3693 816 3763 tissimaque
857 3689 1079 3760 requies
1112 3689 1171 3742 in
1219 3699 1391 3756 regno
1434 3682 1552 3748 Dei,
1600 3697 1769 3753 supra
1820 3697 1916 3736 sex
1944 3679 2062 3734 die-

492 3800 620 3841 rum
652 3784 957 3854 opiﬁcium,
985 3780 1226 3845 exsistit,
1256 3785 1310 3835 ct
1358 3787 1515 3833 extra
1545 3778 1733 3831 omnia
1781 3773 2064 3831 sensibilis

493 3878 551 3933 in
611 3874 953 3945 incorporeis
1006 3882 1060 3927 et
1110 3869 1429 3927 cmlestibus
1470 3876 1743 3934 versatur,
1772 3866 1918 3922 unde
1968 3881 2067 3921 au-

492 3965 634 4037 fugit
689 3963 866 4030 dolor,
922 3962 1145 4017 tristitia
1188 3967 1243 4017 et
1301 3959 1571 4031 gemitus;
1624 3957 1715 4012 ubi
1764 3971 1797 4010 a
1846 3955 2068 4011 mortali

486 4066 551 4115 et
601 4055 937 4127 corruptioni
990 4054 1226 4110 obnoxia
1267 4053 1381 4108 vita
1434 4050 1629 4122 erepti,
1672 4059 1839 4120 atque
1893 4049 2067 4104 otium

493 4147 609 4205 Deo
654 4156 869 4221 gratum
905 4162 969 4202 ac
1010 4146 1227 4201 beatum
1259 4153 1503 4215 agentes,
1524 4150 1580 4198 et
1608 4158 1642 4197 a
1691 4141 1941 4212 corporis
1972 4155 2068 4195 ac-

493 4239 743 4295 tionibus
798 4245 963 4308 atque
1007 4250 1038 4289 a
1093 4234 1358 4291 servitute
1424 4232 1609 4287 carnis
1664 4230 1908 4295 liberati,
1943 4243 2070 4284 cum

499 4335 623 4404 ipso
656 4329 766 4387 Deo
800 4336 855 4387 et.
886 4327 1029 4400 apud
1082 4327 1262 4398 ipsum
1311 4333 1616 4390 versantes,
1675 4321 1976 4377 Sabbatum
2017 4327 2073 4374 et

496 4424 746 4495 requiem
769 4435 1012 4492 agemus.
1062 4418 1425 4486 Quamobrem
1471 4417 1547 4471 ait
1592 4415 1888 4485 Apostolus
1925 4409 2074 4468 :Fe-

2156 2678 2294 2751 πρὸς
2317 2680 2428 2741 τοῖς
2463 2675 2774 2747 ἀσωμάτοις
2804 2674 2899 2728 καὶ
2926 2670 3319 2742 ὑπερκοσμίοις
3345 2668 3483 2735 ἐστὶ,
3507 2667 3620 2731 καὶ,
3651 2665 3735 2730 ὡς

2155 2769 2221 2825 ἂν
2248 2768 2391 2822 εῐποι
2428 2785 2534 2834 τις,
2576 2767 2636 2820 ὲν
2659 2767 2725 2838 τῇ
2754 2765 2950 2819 αὐτόσε
2980 2762 3148 2817 αὐτοῦ
3178 2762 3459 2835 περιωπῇ,
3483 2757 3545 2811 τὸ
3582 2774 3739 2831 τηνθ

2156 2859 2333 2915 καῦτα
2364 2859 2667 2914 ἀνάπαυσιν
2707 2856 2881 2929 ἀγειν,
2906 2855 3001 2912 καὶ
3029 2854 3088 2911 τὸ
3111 2852 3273 2911 αὐτοῦ
3308 2852 3582 2908 Σάϐϐατον
3614 2852 3741 2903 ὲπι-

2157 2953 2329 3012 τελεῖν
2354 2955 2573 3009 νοεῖται.
2614 2950 2772 3007 Κατὰ
2800 2952 2871 3006 τά
2914 2950 3052 3004 αὐτὰ
3087 2946 3376 3021 τοιγαροῦν
3413 2947 3509 3000 καὶ
3549 2944 3599 2999 oi
3637 2944 3737 2998 τοῦ

2159 3046 2295 3102 Θεοῦ
2323 3045 2535 3118 ἄνδρες,
2573 3042 2813 3108 ἐπειδὰν,
2854 3039 2964 3096 τῶν
3002 3038 3311 3095 κοπούντων
3346 3036 3467 3109 (sic)
3497 3034 3596 3104 τὴν
3634 3034 3741 3104 ψυ-

2163 3141 2262 3213 χὴν
2286 3139 2461 3212 ἔργων
2515 3136 2757 3211 (τοιαῦτα
2781 3134 2839 3187 δὲ
2867 3134 3045 3188 πάντα
3072 3130 3141 3185 τά
3169 3128 3454 3201 σωματικά
3486 3126 3581 3180 καὶ
3606 3125 3740 3196 φίλα

2161 3234 2260 3304 τῆς
2295 3231 2527 3302 γεώδους
2571 3227 2815 3300 σαρκὸς),
2858 3223 3282 3292 ἀπαλλαγέντες,
3320 3222 3431 3276 ὅλοι
3471 3221 3741 3289 γένωνται

2161 3324 2297 3396 πρὸς
2344 3320 2423 3394 τῷ
2471 3320 2590 3391 Θεῷ
2627 3318 2723 3373 καὶ
2773 3316 2910 3389 πρὸς
2959 3318 3025 3386 τῇ
3056 3312 3165 3368 τῶν
3191 3311 3353 3365 θείων
3393 3311 3489 3365 καὶ
3527 3310 3740 3381 νοητῶν

2163 3414 2323 3485 σχολῇ
2362 3430 2421 3465 τε
2452 3412 2547 3465 καὶ
2591 3407 2814 3481 θεωρίᾳ,
2838 3407 2959 3460 τότε
2983 3405 3051 3460 τὰ
3084 3404 3216 3475 φίλα
3239 3403 3317 3475 τῷ
3341 3400 3739 3474 ΘεῷηΣάϐϐατα

2162 3506 2255 3559 καὶ
2279 3504 2582 3561 ἀνάπαυσιν
2614 3500 2805 3573 Κυρίῳ
2830 3498 2908 3570 τῷ
2936 3497 3055 3570 Θεῷ
3083 3496 3297 3567 ἄγουσι.
3330 3495 3439 3549 Καὶ
3467 3493 3594 3564 περὶ
3628 3492 3742 3549 τῶν

2162 3595 2417 3651 τοιούτων
2445 3594 2737 3649 Σαϐϐάτων
2765 3592 3005 3647 διδάσκει
3026 3590 3227 3659 λέγων·
3253 3585 3399 3659 Ἆρα
3423 3587 3746 3643 ἀπολείπε-

2163 3704 2259 3741 ται
2295 3686 2701 3757 σαϐϐατισμὸς
2740 3682 2821 3750 τῷ
2869 3681 2998 3749 λαῷ
3045 3682 3152 3736 τοῦ
3195 3681 3380 3745 Θεοῦ;
3415 3679 3508 3734 καὶ
3540 3679 3701 3733 πάλιν
3722 3694 3741 3709 ⁸

2167 3777 2609 3848 Σπουδάσωμεν
2633 3771 2747 3833 οὖν
2772 3774 3068 3831 είσελθεῖν
3093 3775 3181 3839 είς
3219 3773 3466 3841 ἐκείνην
3494 3769 3609 3840 τὴν
3634 3784 3747 3823 κα-

2165 3869 2488 3925 τάπαυσιν.
2522 3867 2595 3921 Τὸ
2619 3867 2728 3939 γάρ
2769 3866 2971 3920 τέλειον
3019 3864 3315 3929 Σάϐϐατον,
3356 3862 3450 3916 καί
3484 3862 3517 3932 ἡ
3561 3858 3749 3914 τελεία

2168 3962 2262 4016 καὶ
2294 3958 2725 4032 ἠτρισμακαρία
2765 3957 3108 4021 κατάπαυσις
3143 3957 3201 4010 ὲν
3238 3956 3305 4026 τῇ
3343 3952 3436 4008 τοῦ
3469 3951 3603 4006 Θεοῦ
3647 3952 3749 4023 βα-

2170 4050 2342 4123 σιλείᾳ
2382 4051 2659 4122 τυγχάνει,
2702 4050 2842 4121 ὑπὲρ
2885 4049 2986 4120 τὴν
3036 4047 3338 4118 ὲξαήμερον
3385 4044 3749 4116 δημιουργίαν

2170 4145 2265 4198 καὶ
2291 4142 2398 4196 τῶν
2430 4141 2702 4213 αἰσθητῶν
2739 4140 2991 4195 ἀπάντων
3016 4136 3173 4201 ἐκτὸς
3215 4137 3274 4190 ὲν
3302 4135 3614 4206 ἀσωμάτοις
3649 4137 3750 4189 καὶ

2170 4233 2595 4305 ῦπερκοσμίοις,
2641 4231 2772 4285 ἔνθα
2820 4227 3032 4300 ἀπέδρα
3079 4226 3238 4296 ὀδύνη
3286 4225 3381 4279 καὶ
3421 4224 3598 4297 λύπη,
3648 4225 3750 4278 καὶ

2174 4325 2504 4396 στεναγμός·
2564 4322 2694 4377 ἔνθα
2742 4320 2842 4391 τῆς
2893 4316 3095 4390 θνητῆς
3146 4317 3240 4371 καὶ
3297 4316 3545 4388 φθαρτῆς
3598 4315 3752 4387 ζωῆς

2173 4416 2600 4486 ἀπαλλαγέντες,
2646 4415 2739 4467 καὶ
2771 4411 2966 4483 ἀργίαν
3006 4410 3349 4481 ἀργήσαντες
3391 4408 3489 4481 τὴν
3523 4408 3749 4479 θεοφιλῆ

499 4518 755 4572 stinemus
781 4514 944 4584 igitur
970 4510 1170 4582 ingredi
1198 4512 1253 4564 in
1281 4509 1435 4564 illam
1474 4507 1724 4580 requiem.
1771 4503 2063 4574 Imaginem

2172 4509 2266 4565 καὶ
2297 4509 2594 4581 μακαρίαν,
2624 4506 2733 4562 τῶν
2758 4524 2834 4560 ⁴τε
2878 4503 3204 4575 σωματικῶν
3237 4501 3488 4575 πράξεων
3525 4502 3622 4556 καὶ
3646 4501 3753 4573 τῆς

500 4621 669 4679 porro
699 4605 848 4661 illius
878 4602 1103 4658 Sabbati
1147 4618 1211 4658 ac
1252 4601 1507 4673 perfectae
1534 4598 1970 4667 beatissimzeque
1993 4611 2077 4653 re-

502 4699 652 4772 quiei
684 4699 742 4753 in
761 4706 907 4754 terra
933 4704 1210 4769 gestantes
1236 4696 1342 4751 viri
1374 4694 1495 4760 Dei,
1541 4692 1709 4748 ferias
1756 4690 1990 4762 agebant
2021 4697 2076 4746 et

502 4790 870 4847 cessationem
917 4789 987 4844 ab
1016 4787 1107 4853 iis,
1140 4802 1260 4859 quae
1304 4801 1339 4841 a
1378 4785 1490 4842 Deo
1536 4784 1726 4855 procul
1787 4788 2074 4848 amovent;

501 4880 608 4940 toti
663 4888 846 4934 autem
905 4878 1217 4934 divinorum
1269 4872 1719 4944 contemplationi
1769 4871 1961 4937 dediti,
1989 4871 2078 4926 die

499 4981 776 5045 nocteque
802 4973 856 5026 in
882 4986 1169 5027 sacrorum
1199 4982 1515 5025 sermonum
1570 4964 1926 5021 meditatione
1955 4977 2080 5035 per—

504 5076 847 5131 severantes,
875 5074 1066 5121 sancta
1113 5062 1354 5118 Sabbata
1392 5068 1447 5115 et
1505 5058 1614 5113 Deo
1668 5064 1946 5126 acceptam
1993 5070 2082 5111 re-

504 5159 686 5230 quiem
738 5158 1004 5231 agebant;
1028 5171 1091 5211 ac
1120 5164 1254 5209 tunc
1297 5167 1426 5207 vere
1484 5150 1783 5205 Sabbatum
1836 5146 2081 5203 celebra-

506 5249 663 5305 bant.
698 5248 881 5315 Quare
913 5254 1220 5317 opportune
1266 5243 1470 5315 Moysis
1504 5243 1610 5308 lex,
1637 5240 1750 5309 jam
1807 5239 2080 5295 dictorum

508 5340 735 5395 umbras
760 5347 814 5415 et
836 5338 1080 5410 symbola
1102 5336 1345 5399 tradens,
1372 5331 1703 5388 multitudini
1728 5330 1869 5385 diem
1891 5342 2083 5399 quam-

415 5442 431 5457 ‘
510 5429 637 5483 dam
667 5428 988 5498 assignavit,
1012 5436 1073 5481 ut
1105 5427 1299 5481 saltem
1327 5426 1383 5479 in
1414 5439 1478 5479 ea
1508 5438 1539 5475 a
1586 5421 1869 5477 consuetis
1899 5417 2085 5490 operi-

510 5519 615 5575 bus
663 5521 1022 5582 abstinerent,
1060 5519 1488 5577 divinmautem
1549 5513 1685 5583 legis
1738 5509 2082 5567 meditationi

512 5621 790 5669 vacarent.
822 5612 1073 5669 Pnnsens
1107 5622 1253 5669 certe
1285 5613 1530 5681 psalmus
1565 5610 1770 5681 diserte
1822 5608 1981 5663 docet
2021 5622 2085 5663 ea

585 5796 631 5826 ⁸⁸
667 5793 814 5850 Psal.
852 5811 992 5860 χειν,
1028 5796 1125 5860 l0,
1166 5796 1252 5850 li.
1316 5796 1372 5869 _”
1410 5793 1569 5850 Joau.
1604 5811 1657 5852 ν.
1695 5794 1782 5850 17.
1864 5794 1881 5825 ί
1921 5789 2086 5847 Hebr.
2128 5804 2200 5843 tv.
2243 5789 2297 5842 9.

2179 4601 2421 4665 δουλείας
2460 4601 2559 4672 τῆς
2607 4598 2804 4671 σαρκὸς
2844 4595 3312 4667 ἐλευθερωθέντες,
3356 4596 3452 4649 σὺν
3488 4593 3636 4666 αὐτῷ
3668 4594 3754 4667 τῷ

2181 4691 2297 4763 Θεῷ
2337 4693 2431 4745 καὶ
2453 4692 2581 4762 παρ’
2614 4688 2763 4760 αὑτῴ
2798 4687 3099 4758 γενόμενοι,
3127 4685 3521 4756 σαϐϐατίσομέν
3550 4703 3609 4739 τε
3653 4686 3754 4741 καὶ

2182 4780 2623 4852 ἀναπαυσόμεθα.
2649 4778 2738 4832 Διό
2765 4795 2929 4851 φησιν
2960 4778 2988 4831 ό
3019 4775 3335 4839 ’Δπόστολος
3353 4792 3368 4808 ·
3393 4774 3756 4831 Σπουδάσω-

2178 4890 2292 4944 μεν
2325 4868 2440 4929 οὖν
2469 4871 2768 4927 εἰσελθεῖν
2809 4873 2895 4937 είς
2936 4869 3176 4938 ἐκείνην
3204 4869 3318 4938 τὴν
3348 4866 3751 4923 κατάπαυσιν.

2184 4965 2380 5021 Είκόνα
2406 4963 2450 5017 δ’
2476 4962 2683 5017 ἐκείνου
2712 4962 2804 5016 τοῦ
2834 4959 3108 5016 Σαϐϐάτου
3138 4961 3230 5014 καί¹
3256 4960 3355 5032 τῆς
3378 4957 3587 5022 τελείας
3612 4959 3755 5013 ὲκεί-

2183 5072 2281 5127 νης
2313 5055 2405 5108 καὶ
2437 5055 2838 5127 τρισμακαρίας
2860 5053 3220 5115 ἀναπαύσεως
3249 5052 3506 5123 φέροντες
3538 5053 3630 5105 ἐπὶ
3652 5053 3754 5122 γῆς

2184 5148 2276 5201 τοῦ
2313 5147 2448 5202 Θεοῦ
2496 5147 2707 5220 ἄνδρες,
2740 5146 2932 5219 σχολὴν
2978 5147 3076 5217 μὲν
3119 5145 3397 5199 ἐποιοῦντο
3433 5145 3528 5198 καὶ
3557 5144 3757 5215 ἀργίαν

2186 5241 2293 5294 τῶν
2340 5240 2555 5313 μακρὰν
2585 5239 2924 5311 ἀφιστάντων
2957 5238 3051 5292 τοῦ
3079 5237 3235 5302 Θεοῦ,
3263 5237 3371 5291 ὅλοι
3404 5237 3461 5289 δὲ
3500 5236 3638 5308 πρὸς
3685 5237 3752 5304 τῇ

2186 5331 2297 5384 τῶν
2331 5330 2492 5384 θείων
2529 5329 2728 5402 θεωρίᾳ
2752 5327 3081 5399 γιγνόμενοι,
3107 5327 3173 5380 δι’
3203 5327 3415 5398 ἡμέρας
3444 5342 3505 5377 τε
3544 5324 3636 5377 καὶ
3665 5340 3755 5376 νυ-

2189 5425 2313 5488 κτὸς
2347 5428 2413 5495 τῇ
2442 5424 2550 5477 τῶν
2585 5422 2748 5493 ἱερῶν
2775 5422 2946 5490 λόγων
2975 5421 3169 5492 μελέτῃ
3197 5416 3755 5493 προσκαρτεροῦντες,

2190 5519 2320 5586 ἆγια
2358 5517 2609 5571 Σάϐϐατα
2650 5515 2741 5569 καὶ
2781 5515 3084 5568 ἀνάπαυσιν
3117 5513 3276 5584 φίλην
3315 5509 3536 5583 τῷΘεῷ
3585 5506 3762 5562 διανέ-

2194 5626 2363 5661 παυον
2402 5609 2521 5660 τότε
2558 5609 2652 5660 καὶ
2689 5606 3060 5669 ὲσαϐϐἀτιζον.
3110 5603 3299 5659 Ἔνθεν
3346 5604 3570 5667 εἰκότως
3603 5603 3695 5658 καὶ
3730 5601 3763 5656 ὁ

2376 5790 2395 5818 ³
2451 5786 2575 5835 ἶΙὶῑιί.
2620 5787 2674 5831 Η
