4074 6374
385 364 521 417 1169

1509 359 2009 418 COMMENTARIA
2041 361 2107 416 ΙΝ
2141 360 2477 416 ΡΞᾹΕΜΟΘ.

3491 351 3634 406 1171·

382 474 656 536 Μωῦσέως
701 474 882 542 νόμος,
917 471 1073 534 σκιάς
1117 471 1224 523 τῶν
1253 473 1556 542 εἰρημένων
1594 476 1685 526 καὶ
1715 474 1958 545 σύμϐολα

2066 475 2128 529 de
2181 489 2347 528 causa
2387 473 2606 526 Sabbati
2662 472 2833 525 otium
2877 473 2959 543 agi
3010 473 3228 537 debere,
3273 481 3326 525 et
3373 469 3622 523 lnuti-lcm

385 564 730 636 παραδιιοὺς,
781 564 994 634 ἡμέραν
1046 563 1168 616 τινὰ
1224 566 1334 624 τοῖς
1384 563 1640 634 πλήθεσιν
1690 564 1953 635 ἀφώρισε,

385 658 532 719 ὅπως
555 654 654 709 κάν
683 654 853 725 ταύτῃ
881 655 1188 724 ἀπέχωνται
1220 655 1318 726 μὲν
1353 655 1460 708 τῶν
1493 656 1731 726 συνήθων
1761 656 1954 728 ἔργων,

391 749 698 818 σχολάζοιεν
735 748 792 800 δὲ
819 751 884 816 τῇ
914 745 1008 799 τοῦ
1039 747 1181 800 θείου
1210 748 1371 817 νόμου
1409 747 1626 817 μελέτῃ.
1662 749 1730 801 "0
1763 765 1826 817 γε
1853 748 1959 818 μὴν

388 839 576 911 παρὼν
600 838 814 908 ψαλμὸς
845 838 1139 908 διαρρήδην
1162 837 1400 890 διδάσκει
1429 837 1520 890 ἐπὶ
1546 835 1701 890 τοῦτο
1732 838 1841 890 δεῖν
1863 837 1960 907 τὴν

386 929 480 983 τοῦ
519 928 800 984 Σαϐϐάτου
828 928 1022 998 σχολὴν
1053 927 1321 981 ποιεῖσθαι
1358 929 1451 980 καὶ¹
1489 929 1588 1000 τὴν
1611 928 1718 981 τῶν
1751 930 1962 996 ἀνωφε-

388 1018 494 1071 λῶν
538 1018 744 1088 ἀργιῶν
779 1021 870 1071 ἐπὶ
903 1019 965 1070 τὸ
1009 1017 1146 1070 κατά
1188 1018 1383 1072 ταύτὸν
1428 1018 1850 1090 συνερχομένους
1881 1020 1965 1090 ἐρ-

387 1106 648 1176 γάζεσθαι
671 1108 739 1160 τὰ
761 1108 845 1160 διὰ
869 1107 962 1161 τοῦ
996 1107 1209 1178 ψαλμοῦ
1231 1109 1555 1180 δηλούμενα.
1587 1105 1696 1162 Ἦν
1733 1109 1788 1162 δὲ
1817 1109 1964 1180 πρῶ-

385 1215 476 1252 τον
511 1197 946 1269 ἐξομολογεῖσθαι
970 1198 1047 1269 τῷ
1081 1200 1272 1270 Κυρίῳ
1293 1215 1308 1231 ο
1335 1199 1586 1271 δεύτερον
1623 1200 1842 1270 ψάλλειν
1876 1200 1963 1254 διὰ

386 1289 496 1343 τῶν
539 1291 813 1360 μουσικῶν
857 1291 1102 1361 ὀργάνων
1147 1289 1226 1360 τῷ
1263 1290 1483 1362 ὀνόματι
1531 1291 1726 1346 αὐτοῦ’
1780 1292 1962 1364 τρίτον

387 1382 736 1452 ἀναγγέλλειν
765 1383 906 1437 κατά
935 1383 1034 1446 τὰς
1063 1381 1290 1445 ἑωθινὰς
1321 1383 1470 1453 ὥρας
1497 1384 1557 1437 τὸ
1583 1385 1728 1448 ἔλεος
1754 1383 1919 1436 αὐτοῦ
1945 1401 1958 1414 ο

2061 566 2422 621 cessationem
2457 565 2828 634 depellendam
2854 581 2996 630 esse,
3028 573 3084 619 ut
3106 567 3161 620 in
3195 579 3362 618 unum
3389 575 3623 630 congre-

2064 657 2172 727 gati
2215 672 2277 712 ea
2311 672 2432 726 qua:
2480 657 2722 726 psalmus
2779 657 2984 710 indicat
3025 663 3374 726 peragantur.
3420 651 3626 706 Eorum

2065 756 2247 800 autem
2289 747 2521 816 primum
2557 755 2662 812 est,
2693 746 2942 802 conﬁteri
2985 745 3248 811 Domino;
3300 742 3626 807 secundum,

2067 857 2190 895 cum
2228 842 2455 897 musicis
2513 842 2896 898 instrumentis
2939 842 3170 912 psallere
3221 840 3426 896 nomini
3471 838 3625 908 ejus;

2066 933 2311 996 tertium,
2352 933 2637 988 matutinis
2715 933 2867 989 horis
2937 933 3268 988 annuntiare
3313 931 3631 986 misericor-

2066 1023 2214 1077 diam
2246 1023 2403 1092 ejus;
2429 1034 2702 1094 quartum,
2758 1023 3046 1078 nocturnis
3084 1021 3420 1092 temporibus
3466 1034 3626 1074 enar—

2068 1127 2192 1167 rare
2229 1114 2510 1168 veritatem
2541 1114 2704 1184 ejus:
2744 1121 2797 1169 et
2847 1113 2962 1168 haac
3012 1128 3122 1168 non
3164 1112 3325 1167 modo
3369 1110 3530 1165 labiis
3581 1115 3632 1162 et

2065 1219 2220 1267 voce,
2257 1203 2352 1259 sed
2397 1205 2560 1259 etiam
2609 1220 2704 1274 per
2748 1205 3084 1259 musicorum
3143 1204 3632 1258 instrumentorum

2067 1293 2427 1364 pulsationem
2457 1308 2618 1364 agere
2653 1309 2668 1346 :
2705 1308 2832 1347 nam
2859 1294 2936 1347 ait
2979 1310 2992 1345 :
3026 1291 3093 1346 In
3124 1291 3450 1347 decacltordo
3489 1289 3637 1361 psal-

2071 1383 2220 1446 terio,
2254 1399 2372 1436 cum
2395 1384 2601 1437 cantico
2629 1383 2685 1436 in
2717 1383 2945 1438 cithara.

385 1481 643 1552 τέταρτον
677 1479 978 1550 διηγεῖσθαι
1022 1479 1120 1550 τὴν
1150 1481 1404 1551 ἀλήθειαν
1447 1478 1612 1532 αὑτοῦ
1653 1479 1794 1532 κατά
1837 1480 1961 1542 τοὺς
1996 1479 2341 1550 νυκτερινοὺς
2370 1476 2627 1548 καιρούς’
2670 1479 2764 1530 καὶ
2805 1477 2976 1530 ταῦτα
3008 1476 3266 1549 πράττειν
3335 1477 3410 1548 μὴ
3477 1475 3636 1546 μόνον

385 1575 588 1646 χείλεσι
633 1575 726 1628 καὶ
759 1577 931 1645 φωνῇ,
1009 1575 1146 1628 ἀλλὰ
1186 1575 1280 1628 καὶ
1312 1575 1399 1628 διὰ
1431 1575 1530 1644 τῆς
1569 1573 1676 1626 τῶν
1721 1575 1992 1644 μουσικῶν
2056 1573 2301 1644 ὀργάνων
2338 1571 2752 1644 ἀνακρούσεως·
2801 1573 2896 1625 Ἐν
2935 1571 3277 1641 δεκαχόρδῳ
3307 1571 3437 1642 γὰρ,
3478 1571 3633 1642 φησὶ,

385 1671 697 1737 ψαλτηρίφ
725 1668 825 1722 καὶ
840 1669 966 1738 μετ’
989 1668 1149 1738 ᾠδῆς
1173 1670 1243 1722 ἐν
1266 1668 1498 1737 κιθάρᾳ.

470 1762 629 1834 Ὁρᾷς
666 1758 758 1814 οῦν
791 1763 891 1816 ὅσα
927 1761 1185 1832 πράττειν
1231 1765 1258 1815 ὁ
1298 1763 1484 1831 παρὼν
1524 1762 1679 1830 λόγος
1709 1764 1961 1832 παραινεῖ

2131 1757 2298 1813 Vides
2330 1756 2494 1828 igitur
2521 1755 2587 1809 ad
2617 1771 2738 1827 quae
2769 1757 2823 1811 in
2855 1756 2943 1811 die
2974 1755 3394 1811 resurrectionis
3427 1755 3644 1825 agendae

373 1854 529 1907 ’κατά
573 1853 670 1924 τὴν
716 1854 812 1924 τῆς
862 1854 1208 1917 ἀναστάσεως
1245 1855 1490 1925 ἡμέρανς
1537 1853 1963 1924 Ἐπιγέγραπται

386 1943 517 2012 γοῦν
548 1945 576 1997 ὁ
644 1944 875 2014 ψαλμδς,
923 1945 1010 2010 είς
1063 1943 1177 2012 τὴν
1216 1943 1445 2014 ἡμέραν
1487 1943 1592 1997 τοῦ
1639 1941 1962 1997 Σαϐϐάτου.

399 2036 560 2090 Ἀλλά
603 2037 698 2090 καὶ
745 2037 793 2090 οῖ
839 2037 1004 2107 ἱερεῖς
1056 2037 1114 2090 ἐν
1151 2036 1230 2106 τῷ
1263 2036 1390 2108 ἱερῷ
1435 2035 1573 2089 κατά
1604 2035 1663 2088 τὸ
1693 2035 1966 2088 Σάϐϐατον

385 2126 550 2198 ἕτερα
593 2127 817 2180 πλεῖστα
869 2126 1134 2198 ἔπραττον
1185 2127 1328 2180 κατά
1363 2126 1454 2178 τὸν
1491 2127 1672 2196 νόμον.
1715 2127 1827 2180 Οὐκ
1858 2126 1966 2196 ἄρα

385 2218 686 2289 ὁλοσχερῶς
705 2219 894 2289 ἀργεῖν
921 2219 1264 2290 προστάττει.
1283 2217 1422 2270 Ἀλλ’
1448 2218 1566 2270 οὐδὲ
1593 2220 1704 2280 τοῖς
1733 2216 1966 2290 ἱερεῦσιν

386 2311 420 2378 ἡ
451 2309 546 2361 τοῦ
581 2310 858 2364 Σαϐϐάτου
890 2310 1073 2381 ήμέρα
1106 2310 1490 2381 νενομοθέτητο
1509 2327 1522 2340 ·
1559 2309 1740 2380 μόνοις
1771 2309 1827 2362 δὲ
1855 2311 1968 2371 τοῖς

391 2400 468 2472 μὴ
493 2401 626 2464 οῖοις
655 2418 716 2454 τε
749 2396 866 2454 οὖσι
898 2402 989 2454 τὸν
1027 2402 1202 2456 πάντα
1233 2401 1421 2472 χρόνον
1453 2401 1553 2470 τῆς
1587 2401 1764 2454 αὐτῶν
1797 2399 1964 2469 ζωῆς,

387 2492 485 2546 καὶ¹
517 2493 696 2557 πάσας
732 2492 910 2546 αὐτῶν
954 2493 1051 2556 τὰς
1077 2492 1290 2563 ἡμέρας
1334 2495 1401 2564 τῇ
1448 2491 1544 2545 τοῦ
1581 2491 1715 2544 Θεοῦ
1743 2490 1967 2562 λατρεία

385 2583 484 2637 καὶ
526 2585 639 2646 τοῖς
687 2582 763 2653 τῷ
811 2582 929 2654 Θεῷ
959 2583 1133 2652 φίλοις
1179 2583 1360 2654 ἔργοις
1407 2583 1718 2654 σχολάζειν·
1758 2583 1968 2645 τούτοις

388 2672 499 2742 γὰρ
543 2673 608 2725 ἐκ
653 2673 1034 2744 διαστημάτων
1090 2674 1264 2727 ταῦτα
1320 2675 1578 2746 πράττειν
1640 2673 1962 2744 ἐνομοθέτει.

389 2764 516 2826 Τοῖς
540 2779 603 2832 γε
635 2763 745 2834 μὴν
778 2765 1056 2836 πλησμονῇ
1091 2766 1327 2837 γαστρὸς
1359 2767 1452 2819 καὶ
1495 2765 1651 2838 μέθῃ,
1694 2765 1787 2818 καὶ
1819 2763 1965 2835 πάσῃ

385 2851 630 2925 ἀκοσμίᾳ
681 2854 821 2907 κατά
869 2856 968 2926 τὴν
1011 2857 1224 2927 ἡμέραν
1269 2856 1364 2909 τοῦ
1413 2855 1692 2910 Σαϐϐάτου
1740 2856 1967 2918 ἑαυτοὺς

389 2945 740 3016 παρέχουσιν,
771 2947 800 3000 ό
825 2945 955 3010 Θεὸς
981 2947 1068 3002 διὰ
1107 2947 1200 3000 τοῦ
1238 2950 1514 3020 προφήτου
1560 2947 1966 3000 ἐπανατείνεται

389 3035 589 3105 λέγων·
626 3041 690 3092 οι
743 3039 1138 3108 ἐφαπτόμενοι
1198 3039 1442 3108 ψευδῶν
1480 3040 1824 3094 Σαϐϐάτωνο
1872 3039 1966 3094 καῖ

389 3103 582 3183 πάλιν·
627 3131 738 3196 Τὰς
766 3103 1084 3200 νεομηνίας
1110 3103 1278 3200 ὑμῶν
1311 3132 1410 3186 καὶ
1442 3132 1514 3186 τὰ
1557 3131 1825 3186 Σάϐϐατα
1866 3131 1964 3185 καὶ
1992 3103 2035 3161 C

387 3221 615 3289 ἡμέραν
635 3221 909 3291 μεγάλην
936 3223 1047 3276 οὐκ
1076 3222 1378 3292 ἀνέχομαι.
1420 3225 1510 3277 Διὸ
1541 3224 1605 3295 δὴ
1637 3221 1962 3295 παρῃτημέ-

387 3329 493 3367 νων
541 3312 784 3376 ἐκείνων,
812 3311 899 3365 διά
931 3313 1028 3383 τῆς
1062 3314 1266 3382 Καινῆς
1297 3313 1572 3383 Διαθήκης
1601 3314 1774 3382 Λόγος
1803 3314 1968 3385 μετή-

386 3419 524 3474 γαγε
551 3403 646 3456 καὶ
681 3401 1028 3473 μετατέθεικε
1073 3403 1171 3473 τὴν
1207 3401 1302 3455 τοῦ
1337 3402 1611 3456 Σαϐϐάτου
1641 3402 1834 3473 ἑορτὴν
1874 3404 1967 3457 ἐπὶ

386 3497 486 3569 τὴν
514 3495 607 3550 τοῦ
637 3497 812 3565 φωτὸς
858 3496 1140 3567 ἀνατολὴν,
1178 3497 1274 3550 καὶ
1313 3496 1626 3568 παρέδωκεν
1659 3497 1790 3566 ἡμῖν
1836 3497 1970 3568 ἀλη-

388 3588 541 3658 θινῆς
576 3586 933 3650 ἀναπαύσεως
973 3588 1178 3652 εἰκόνα,
1206 3587 1305 3657 τὴν
1340 3589 1612 3660 σωτηρίαν
1641 3589 1736 3641 καὶ
1757 3589 1966 3658 Κυρια-

387 3677 490 3750 κὴν
518 3679 610 3731 καὶ
636 3677 857 3748 πρώτην
886 3677 980 3730 τοῦ
1009 3678 1186 3746 φωτὸς
1211 3679 1446 3748 ἡμέραν,
1477 3678 1596 3732 καθ’
1627 3681 1694 3748 ἢν
1724 3680 1753 3730 ὁ
1777 3679 1967 3750 Σωτὴρ

386 3771 482 3825 τοῦ
523 3770 728 3842 κόσμου
769 3767 912 3842 μετά
961 3769 1139 3832 πάσας
1195 3768 1360 3822 αὑτοῦ
1412 3769 1512 3832 τὰς
1553 3769 1612 3821 ἐν
1659 3769 1966 3841 ἀνθρώποις

388 3861 636 3935 πράξεις,
667 3863 764 3934 τὴν
791 3860 930 3916 κατὰ
972 3860 1064 3916 τοῦ
1097 3859 1321 3916 θανάτοι
1358 3861 1514 3934 νίκην
1545 3861 1840 3934 ἀράμενος,
1867 3862 1965 3926 τὰς

387 3953 667 4024 οὐρανίους
726 3951 898 4014 πύλας
942 3951 1297 4023 ὑπερέϐαινεν
1338 3953 1481 4023 ὑπὲρ
1520 3952 1620 4023 τὴν
1664 3951 1964 4024 ἐξαήμερον

388 4044 742 4116 κοσμοποιίαν
785 4044 1120 4114 γιγνόμενος,
1152 4045 1214 4097 τό
1251 4062 1311 4098 τε
1353 4044 1649 4115 θεοπρεπὲς
1689 4045 1966 4100 Σάϐϐατον

388 4137 483 4190 καὶ
513 4137 612 4207 τὴν
638 4137 1043 4208 τρισμακαρίαν
1086 4138 1388 4192 ἀνάπαυσιν
1422 4137 1838 4207 ὑπολαμϐάνων,
1868 4135 1962 4191 τοῦ

389 4227 602 4297 Πατρὸς
655 4227 935 4297 εἰρηκότος
981 4226 1160 4298 αὐτῷ·
1217 4225 1414 4281 Κάθου
1453 4227 1524 4280 ἐκ
1562 4225 1775 4292 δεξιῶν
1820 4245 1963 4296 μου,

387 4317 498 4384 ἕως
526 4317 602 4372 ἂν
627 4317 709 4373 θῶ
745 4319 885 4385 τοὺς
917 4320 1164 4388 ἐχθρούς
1195 4336 1311 4373 σου
1346 4318 1679 4373 ὑποπόδιον
1707 4319 1825 4374 τῶν
1854 4336 1963 4374 πο-

2065 1849 2316 1903 hortetur
2376 1847 2465 1900 hic
2517 1847 2782 1916 psalmus.
2834 1843 3135 1916 Inscriptus
3189 1845 3336 1898 enim
3391 1843 3643 1913 psalmus

2064 1949 2171 2004 est,
2204 1940 2259 1992 in
2302 1939 2440 1992 diem
2486 1937 2727 1992 Sabbati.
2771 1935 2874 1991 Sed
2907 1944 2962 1991 et
3000 1936 3312 1991 sacerdotes
3348 1936 3403 1990 in
3437 1935 3639 2005 templo

2065 2033 2154 2087 die
2187 2031 2412 2085 Sabbati
2445 2030 2550 2084 alia
2577 2030 2812 2099 plurima
2849 2027 3149 2084 secundum
3174 2028 3344 2098 legem
3384 2027 3638 2096 agebant.

2067 2124 2187 2178 Non
2225 2138 2355 2193 ergo
2383 2121 2630 2191 praecipit
2657 2127 2718 2174 ut
2745 2119 2972 2175 omnino
3000 2125 3244 2173 vacetur.
3278 2116 3466 2189 Neque
3507 2133 3640 2172 vero

2066 2213 2446 2270 sacerdotibus
2473 2211 2590 2267 dies
2626 2211 2850 2266 Sabbati
2882 2210 3372 2282 praescribebatur;
3415 2210 3509 2266 sed
3548 2226 3639 2266 so-

2067 2307 2179 2361 lum
2208 2305 2278 2360 iis
2311 2305 2406 2375 qui
2435 2320 2539 2360 nec
2583 2312 2700 2358 toto
2731 2304 2858 2358 vita:
2909 2317 3022 2358 suae
3059 2309 3325 2372 tempore,
3377 2319 3478 2358 nec
3523 2304 3641 2358 sin.

2065 2397 2207 2466 gulis
2239 2396 2430 2452 diebus
2477 2397 2592 2452 suis
2623 2404 2846 2466 possent
2886 2393 2982 2450 Dei
3014 2395 3182 2448 cultui
3230 2404 3283 2449 et
3326 2393 3435 2450 Deo
3483 2409 3638 2448 acce-

2065 2489 2176 2559 ptis
2214 2488 2472 2558 Operibus
2517 2502 2711 2543 vacare
2740 2507 2753 2542 :
2780 2503 2906 2542 nam
2940 2487 3030 2551 iis,
3066 2494 3125 2541 ut
3167 2488 3479 2542 intermisso
3520 2486 3638 2541 die-

2066 2596 2189 2634 rum
2232 2580 2410 2649 spatio
2458 2578 2514 2633 id
2559 2587 2801 2651 agerent,
2855 2580 2972 2650 lege
3026 2586 3290 2634 statutum
3338 2587 3474 2634 erat.
3529 2578 3636 2632 Eos

2069 2686 2232 2744 porro
2260 2670 2356 2742 qui
2389 2671 2647 2742 crapulae,
2671 2670 2946 2735 ebrietati,
2991 2669 3222 2739 aliisque
3251 2671 3523 2726 'omnibus
3554 2673 3642 2726 in-

2067 2765 2283 2821 decoris
2333 2766 2502 2838 gestis
2558 2765 2646 2820 die
2682 2762 2905 2819 Sabbati
2954 2779 3013 2819 se
3067 2764 3294 2827 dedunt,
3357 2763 3502 2819 Deus
3541 2781 3654 2835 per

2069 2857 2389 2929 prophetam
2436 2857 2518 2910 sic
2561 2871 2756 2927 aspere
2811 2856 3152 2926 alloquitur:
3187 2855 3292 2920 Qui
3331 2856 3654 2926 contingunt.

2067 2949 2210 3018 falsa
2235 2947 2468 3003 Sabbata
2491 2948 2547 3016 ⁸;
2583 2961 2647 3003 ac
2677 2961 2920 3011 rursum,
2957 2945 3277 3001 Neomenias
3325 2958 3546 3011 vestras,
3588 2956 3638 3002 et

2068 3041 2292 3096 sabbata
2315 3049 2364 3095 et
2387 3034 2524 3095 diem
2548 3055 2795 3110 magnam
2825 3055 2928 3093 non
2951 3039 3062 3108 {ero
3085 3039 3128 3090 ⁵.
3161 3036 3342 3106 Quare
3373 3037 3634 3104 Verbum,

2069 3132 2202 3203 ipsis
2231 3132 2683 3204 repugnantibus,
2707 3147 2803 3203 per
2824 3129 3036 3187 Novum
3067 3131 3476 3185 Testamentum
3495 3128 3638 3186 Sab-

2067 3224 2182 3278 bati
2211 3224 2405 3280 festum
2432 3225 2487 3279 in
2517 3223 2657 3280 lucis
2697 3231 2876 3279 ortum
2908 3225 3208 3289 transtulit,
3243 3224 3513 3296 nobisque
3544 3241 3640 3282 ve-

2067 3332 2141 3371 rte
2192 3318 2401 3388 requiei
2454 3318 2745 3388 imaginem
2787 3317 3049 3383 tradidit,
3105 3317 3400 3374 salutarem
3440 3332 3661 3388 nempe-

2068 3407 2429 3474 Dominicam,
2477 3419 2533 3465 et
2572 3409 2801 3480 primam
2854 3410 2993 3465 lucis
3030 3409 3197 3474 diem,
3235 3425 3345 3480 qua
3389 3408 3640 3464 Salvator

2066 3502 2256 3556 mundi
2294 3510 2418 3572 post
2461 3502 2643 3555 omnia
2676 3516 2774 3556 sua
2820 3501 2878 3555 in
2919 3501 3235 3556 hominibus
3265 3501 3409 3556 edita
3441 3516 3654 3570 opera,.

2067 3591 2300 3646 victoria
2329 3589 2396 3646 de
2427 3599 2604 3646 morte
2635 3597 2932 3660 reportata,
2963 3591 3217 3645 cmlestes
3236 3600 3421 3660 portas
3455 3598 3638 3645 trans,

2066 3697 2315 3752 gressus,
2348 3697 2445 3737 sex
2495 3681 2706 3736 dierum
2751 3681 3028 3750 opiﬁcium
3071 3682 3448 3744 transcendit,
3485 3690 3638 3735 tunc-

2063 3780 2171 3834 que
2205 3763 2314 3820 Deo
2351 3764 2659 3819 condecens
2703 3762 2999 3818 Sabbatum
3035 3773 3090 3819 et
3123 3765 3494 3821 beatissimam
3544 3779 3650 3819 re-

2063 3854 2244 3925 quiem
2275 3854 2504 3924 accepit,
2545 3853 2760 3909 dicente
2790 3852 2972 3919 Patre,
3008 3853 3141 3910 Sede
3175 3872 3209 3908 a
3239 3855 3441 3910 dextris
3479 3857 3629 3919 meis,

2064 3945 2226 4000 donec
2273 3960 2466 4014 ponam
2506 3945 2748 3999 inimicos
2791 3954 2908 4000 tuo:
2950 3945 3236 4000 scabellum
3279 3946 3468 4014 pedum
3514 3957 3634 4001 tuo-

2065 4053 2184 4091 rum
2206 4037 2249 4092 ⁵.
2295 4037 2372 4091 Ea
2411 4037 2520 4100 die,
2571 4052 2693 4106 qua:
2726 4053 2867 4092 verte
2911 4037 3050 4093 lucis
3088 4045 3144 4093 et
3188 4039 3302 4093 veri
3349 4039 3482 4094 solis
3515 4039 3635 4095 dies

2064 4138 2166 4196 est,
2209 4144 2311 4185 nos
2349 4128 2454 4199 ipsi
2501 4129 2837 4199 congregati,
2883 4145 2979 4184 sex
3025 4129 3219 4185 diebus
3271 4130 3634 4200 interpositis.

2065 4227 2254 4276 sancta
2281 4226 2335 4274 et
2365 4219 2668 4289 spiritualia
2703 4219 2936 4275 Sabbata
2968 4220 3328 4276 celebrantes.
3369 4229 3632 4290 quotquot

2065 4326 2132 4366 ex
2161 4313 2413 4383 gentibus
2445 4313 2499 4366 in
2539 4312 2670 4366 orbe
2715 4319 2830 4366 toto
2869 4327 2965 4380 per
3010 4327 3133 4367 eum
3173 4312 3386 4366 liberati
3419 4328 3632 4375 sumus,

388 4407 510 4461 δῶν
543 4423 680 4462 σου.
724 4410 810 4462 Ἐν
847 4403 903 4483 ᾖ,
957 4411 1132 4479 φωτὸς
1181 4408 1316 4481 οὔσῃ
1367 4412 1462 4463 καὶ
1498 4409 1687 4482 πρώτῃ
1734 4412 1827 4465 καὶ
1867 4410 1962 4465 τοῦ

2066 4420 2186 4474 qua:
2216 4403 2528 4460 sacerdotes
2560 4403 2616 4457 in
2651 4402 2739 4458 die
2783 4401 3005 4457 Sabbati
3035 4418 3196 4472 agere
3233 4403 3289 4456 in
3322 4402 3434 4473 lege
3461 4410 3626 4458 statu-

388 4498 622 4567 ἀληθοῦς
647 4498 798 4567 ἡλίου
839 4499 1040 4570 ἡμέρᾳ,
1079 4501 1174 4552 καὶ
1205 4503 1364 4571 ἡμεῖς
1392 4501 1542 4554 αὐτοὶ
1582 4502 1963 4572 συνερχόμενοι

389 4587 478 4642 διὰ
509 4587 674 4658 μέσου
705 4586 764 4650 ἐξ
786 4586 1030 4657 ἡμερῶν,
1062 4589 1192 4656 ἅγιά
1217 4606 1275 4642 τε
1304 4590 1554 4644 Σάϐϐατα
1586 4591 1681 4643 καὶ
1719 4607 1964 4662 πνευμα-

391 4679 518 4733 τικά
543 4679 887 4749 ἑορτάζοντες
915 4681 962 4731 οἱ
997 4679 1054 4745 ἐξ
1081 4679 1248 4733 ἐθνῶν
1273 4681 1340 4734 δι’
1370 4681 1533 4735 αὐτοῦ
1571 4681 1964 4754 λελυτρωμένοι

391 4769 510 4822 καθ’
543 4769 669 4839 ὅλης
692 4768 790 4838 τῆς
814 4769 1156 4840 οἰκουμένης,
1191 4770 1259 4824 τά
1297 4771 1376 4842 τῷ
1406 4772 1668 4845 Σαϐϐάτῳ
1706 4774 1965 4844 πράττειν

398 4866 499 4926 τοῖς
540 4863 740 4934 ἱερεῦσι
770 4863 1234 4936 νενομοθετημένα
1276 4867 1417 4920 κατά
1456 4869 1549 4922 τὸν
1597 4869 1962 4940 πνευματικὸν

394 4952 552 5023 νόμον
603 4954 973 5025 ἐπιτελοῦμεν.
1025 4956 1226 5018 Θυσίας
1270 4973 1330 5008 τε
1379 4956 1488 5028 γάρ
1541 4961 1636 5013 καὶ
1686 4961 1961 5031 ἀναφορὰς

397 5043 690 5114 ποιούμεθα
723 5046 1116 5116 πνευματικὰς,
1150 5047 1246 5109 τὰς
1284 5047 1624 5117 καλουμένας
1661 5051 1850 5115 θυσίας
1879 5054 1957 5105 αῖ-

400 5135 610 5200 θέσεως,
657 5137 750 5189 καὶ
793 5135 982 5200 θυσίας
1023 5138 1368 5208 ἀλαλαγμοῦ’
1417 5139 1479 5192 τό
1518 5156 1577 5191 τε
1614 5140 1860 5212 θυμίαμα
1895 5142 1956 5194 τὸ

398 5226 584 5289 ,ὑῶδες
626 5227 1042 5297 ἀναπέμπομεν,
1078 5229 1206 5299 περὶ
1250 5225 1312 5282 οὒ
1357 5230 1598 5300 εἴρηται·
1644 5232 1960 5300 Γενηθήτω

398 5319 428 5380 ἡ
459 5317 766 5386 προσευχή
790 5336 909 5388 μου
937 5321 1016 5385 ὠς
1049 5321 1307 5390 θυμίαμα
1346 5321 1598 5376 ἐνώπιόν
1625 5340 1761 5376 σου.
1804 5323 1961 5376 Ἀλλά

397 5409 483 5464 καὶ
528 5410 651 5471 τοὺς
695 5409 889 5480 ἄρτους
933 5410 1034 5480 τῆς
1078 5411 1388 5483 προθέσεως
1434 5414 1832 5483 προσφέρομεν,
1863 5412 1959 5484 τὴν

401 5498 656 5567 ιωτὴριον
703 5499 918 5568 μνήμην
959 5499 1460 5571 ἀναζωπυροῦντες,
1491 5502 1553 5555 τό
1604 5521 1664 5555 τε
1699 5502 1790 5555 τοῦ
1836 5504 1960 5573 ῥαν-

402 5587 582 5659 τισμοῦ
621 5583 778 5658 αἷμα,
812 5589 908 5642 τοῦ
949 5589 1144 5660 Ἀμνοῦ
1183 5589 1277 5643 τοῦ
1315 5591 1468 5655 Θεοῦ,
1501 5591 1592 5644 τοῦ
1626 5592 1964 5664 περιελόντος

2069 4503 2186 4550 ιιιω
2216 4504 2356 4560 erat,
2388 4510 2450 4550 ea
2475 4511 2577 4551 nos
2600 4495 2904 4550 secundum
2936 4495 3106 4565 legem
3140 4495 3481 4566 spiritualem
3510 4509 3626 4564 per-

2075 4587 2310 4643 ﬁcimus.
2360 4586 2494 4641 Nam
2542 4587 2814 4643 sacriﬁcia
2851 4595 2906 4642 et
2954 4585 3259 4641 oblationes
3295 4585 3631 4656 spirituales.

2070 4695 2192 4751 quae
2221 4681 2411 4735 hostia:
2444 4680 2620 4735 laudis
2662 4687 2717 4734 et
2759 4679 2950 4734 hostia:
2971 4677 3315 4748 jubilationis
3343 4684 3630 4741 vocantur,

2067 4771 2427 4842 persolvimus
2456 4791 2468 4825 :
2507 4771 2790 4826 incensum
2817 4770 2944 4824 boni
2972 4769 3156 4824 odoris
3211 4769 3538 4833 emittimus,
3564 4769 3631 4824 de

2067 4878 2176 4932 quo
2208 4862 2411 4917 dictum
2435 4869 2520 4916 est
2553 4881 2565 4916 :
2597 4860 2724 4914 Fiat
2763 4861 2931 4914 oratio
2952 4877 3067 4914 mea
3107 4860 3241 4913 sicut
3279 4861 3546 4915 incensum
3577 4863 3630 4914 in

2065 4962 2342 5020 conspectu
2379 4962 2469 5006 tuo
2492 4952 2533 5006 ⁸.
2563 4951 2675 5006 lino
2700 4953 2862 5007 etiam
2895 4966 3064 5020 panes
3112 4952 3507 5021 propositionis
3543 4952 3628 5007 of—

2067 5044 2316 5108 ferimus,
2361 5044 2654 5100 salutarem
2694 5044 3008 5098 memoriam
3044 5042 3403 5110 refricantes;
3442 5061 3629 5114 asper-

2065 5137 2276 5193 sionem
2309 5137 2437 5190 item
2477 5135 2758 5206 sanguinis
2788 5135 2927 5206 Agni
2968 5135 3084 5200 Dei,
3127 5137 3221 5205 qui
3266 5137 3409 5190 tollit
3439 5151 3626 5204 pecca-

2065 5236 2180 5282 tum
2211 5227 2420 5292 mundi,
2467 5227 2738 5296 piaculum
2776 5226 3080 5280 animarum
3119 5236 3455 5290 nostrarum,
3493 5225 3622 5278 faci-

2067 5333 2191 5372 mus
2219 5336 2232 5372 :
2259 5317 2463 5371 lumina
2491 5333 2710 5386 quoque
2737 5317 3067 5386 cognitionis
3095 5317 3280 5372 vultus
3311 5316 3405 5370 Dei
3432 5331 3615 5370 accen-

2065 5409 2266 5465 dimus.
2301 5408 2500 5464 Verum
2541 5410 2702 5462 etiam
2745 5425 2827 5475 ea,
2877 5425 2998 5478 qua:
3042 5409 3097 5462 in
3130 5409 3340 5477 psalmo
3371 5407 3626 5477 praesenti

2068 5508 2448 5565 recensentur,
2488 5501 2577 5555 illa
2607 5501 2694 5555 die
2729 5501 2988 5568 perﬁcere
3027 5501 3347 5570 satagimus,
3375 5509 3429 5553 et
3461 5513 3627 5568 opere

2070 5599 2124 5645 ct
2151 5591 2329 5645 verbis
2353 5591 2675 5645 conﬁtcntes
2704 5589 2952 5655 Domino,
2985 5596 3036 5643 ct
3079 5589 3374 5658 psallentes
3419 5585 3626 5641 nomini

464 5741 482 5771 ³
523 5742 684 5797 Amos
718 5758 799 5802 vt.
837 5745 888 5799 5.
964 5745 984 5776 ⁸
1023 5743 1126 5800 lsa.
1165 5763 1208 5801 1.
1249 5747 1333 5800 13.
1414 5748 1431 5777 ⁵
1474 5745 1612 5801 Psal.
1650 5763 1770 5801 cn.
1819 5748 1865 5800 Ι.
1945 5749 1962 5778 ⁸

2066 5748 2139 5800 al.
2180 5762 2278 5799 cxr.
2347 5744 2442 5802 2.,
