4074 6386
523 345 654 400 ΗἩ

1263 343 1532 402 EUSEBII
1571 303 2046 401 CESARIENSiS
2073 344 2224 401 OPP.
2268 339 2449 398 PARS
2480 341 2564 398 lli.
2603 373 2671 383 -—
2704 339 3112 397 EXEGETICA.

3621 342 3761 398 “72

520 465 793 521 Altissimi
818 487 832 522 :
860 481 1022 524 mane
1050 483 1266 539 quoque
1307 470 1373 524 ad
1417 469 1684 525 orientem
1713 471 1853 526 lucis
1883 479 2074 525 nostra:

2181 468 2279 540 τὴν
2303 467 2574 540 ἁμαρτίαν
2601 465 2696 520 τοῦ
2741 466 2968 537 κόσμου,
3005 457 3301 536 καθάρσιον
3332 460 3440 517 τῶν
3483 459 3768 536 ἡμετέρων

518 558 959 614 misericordiam
991 575 1022 613 a
1043 559 1155 616 Deo
1173 561 1334 616 uobis
1360 562 1654 632 prazstitam
1676 562 2084 625 annuntiamus,

521 653 576 700 et
612 647 897 704 veritatem
943 650 1065 720 ejus
1118 653 1174 706 in
1208 653 1462 708 noctibus
1504 669 1602 724 per
1631 654 1870 708 sobriam
1909 661 1962 708 et
1995 667 2090 708 ca-

515 743 657 791 stam
688 743 1168 798 conversationem
1195 745 1550 810 exhibemus;
1595 746 1653 800 in
1685 759 1896 801 summa
1925 753 2087 815 quot-

514 834 648 895 quot
677 829 783 883 alia
813 830 868 884 in
894 828 1133 886 Sabbato
1155 847 1412 903 peragere
1439 833 1707 888 sancitum
1729 841 1866 900 erat,
1896 849 1958 888 ea
1985 850 2088 890 nos

514 919 571 972 in
608 919 945 977 Dominicam
977 925 1380 988 transtulimus,
1411 933 1596 994 utpote
1625 941 1746 996 quae
1773 927 1948 998 magis
1971 927 2088 982 ido-

513 1024 618 1065 nea
639 1020 694 1065 et
729 1014 974 1083 propria,
1001 1029 1065 1069 ac
1097 1016 1273 1085 prima
1317 1017 1442 1071 item
1474 1018 1547 1072 sit
1589 1027 1642 1072 et
1676 1033 1866 1089 agmen
1899 1019 2084 1084 ducat,

506 1106 574 1156 et
621 1099 854 1158 Judaico
911 1102 1146 1159 Sabbato
1192 1107 1506 1176 pretiosior.
1561 1107 1696 1162 Nam
1746 1109 1836 1164 illa
1887 1110 1975 1165 die
2030 1111 2088 1166 in

514 1194 704 1248 mundi
729 1195 947 1264 Opiﬁcio
977 1212 1100 1251 cum
1131 1197 1360 1253 dixisset
1397 1198 1562 1263 Deus,
1594 1199 1719 1254 Fiat
1745 1201 1838 1255 tua:
1863 1240 1880 1265 ,
1943 1201 2086 1256 faeta

515 1294 598 1339 est
633 1286 758 1340 lux’
782 1305 794 1340 :
816 1287 870 1341 in
900 1288 992 1342 illa
1022 1305 1241 1360 quoque
1270 1291 1555 1346 animabus
1586 1294 1790 1348 nostris
1815 1303 1970 1350 ortus
2001 1303 2086 1352 est

518 1375 613 1430 Sol
639 1377 888 1447 justitiae.
926 1380 1107 1447 Quare
1154 1392 1214 1436 ut
1253 1398 1316 1438 ea
1354 1383 1443 1438 die
1491 1384 1885 1440 conveniamus
1917 1385 2086 1440 tradi-

514 1474 631 1523 tum
664 1471 822 1527 nobis
859 1481 964 1537 est,
997 1481 1051 1529 et
1078 1489 1140 1528 ea
1164 1491 1286 1544 qua:
1315 1475 1371 1528 in
1395 1476 1608 1545 psalmo
1635 1476 1897 1546 jubentur
1925 1477 2086 1533 nobis

514 1563 738 1632 exsequi
763 1574 1093 1636 praeceptum
1124 1575 1246 1633 est;
1275 1583 1510 1639 quorum
1547 1569 1782 1638 primum
1815 1577 1920 1632 est,
1951 1583 2084 1624 con-

514 1652 655 1708 ﬁteri
687 1672 699 1708 :
729 1671 855 1710 nam
897 1657 1227 1728 principium
1285 1640 1554 1715 bonorum
1596 1668 1680 1714 est
1724 1660 2082 1730 pristinorum

513 1745 781 1800 malorum
807 1747 1079 1818 depositio
1121 1764 1219 1818 per
1247 1766 1432 1805 veram
1465 1751 1839 1821 pmnitentiam
1871 1760 1926 1807 et
1949 1765 2084 1806 con-

2185 558 2405 630 ψυχῶν·
2448 557 2748 628 ποιούμεθά
2777 575 2836 612 τε
2869 557 2939 611 τά
2974 557 3129 627 φῶτα
3172 555 3272 625 τῆς
3307 554 3556 624 γνώσεως
3598 572 3768 628 προσ-

2185 650 2334 704 ώπου
2383 649 2475 703 τοῦ
2524 649 2658 703 Θεοῦ
2712 648 3072 720 ἐξαπτόμενα.
3119 646 3280 701 Ἀλλὰ
3320 647 3415 700 καὶ
3462 646 3533 699 τά
3578 647 3636 699 ὲν
3683 649 3769 714 τῷ

2189 741 2324 810 μετά
2351 744 2534 812 χεῖρας
2564 739 2762 811 ψαλμῷ
2791 739 3089 809 φιλοτίμως
3114 739 3351 792 ἐκτελεῖν
3381 737 3524 792 κατὰ
3547 736 3643 808 τὴν
3668 736 3765 790 αὖ·

2183 832 2282 902 τὴν
2314 833 2528 904 ἡμέραν
2561 831 2951 902 σπουδάζομεν,
2990 830 3172 898 ἔργοις
3215 830 3423 893 τούτοις
3457 829 3551 882 καὶ
3586 827 3768 897 λόγοις

2185 920 2662 994 ἐξομολογούμενοι
2707 923 2918 992 Κυρίῳ,
2953 921 3047 974 καὶ¹
3086 920 3379 989 ψάλλοντες
3414 918 3494 990 τῷ
3537 919 3765 988 ὀνόματι

2184 1013 2280 1066 τοῦ
2325 1013 2611 1082 ’Υψίστουο
2654 1011 2850 1084 ὄρθρου
2875 1029 2932 1065 τε
2966 1013 3103 1084 πρὸς
3133 1013 3322 1075 αὑταῖς
3356 1010 3638 1073 ἀνατολαῖς
3669 1010 3762 1062 τοῦ

2185 1104 2446 1176 ἡμετέρου
2493 1103 2666 1172 φωτὸς
2711 1103 2772 1156 τὸ
2813 1103 3101 1174 γενόμενον
3151 1102 3296 1167 ἕλεος
3346 1105 3431 1172 ἐφ’
3474 1103 3621 1172 ἡμᾶς
3668 1098 3761 1154 τοῦ

2185 1196 2319 1251 Θεοῦ
2363 1196 2795 1264 διαγγέλλοντες,
2835 1199 2928 1250 καὶ
2974 1196 3074 1268 τὴν
3117 1195 3374 1266 ἀλήθειαν
3414 1191 3578 1246 αὑτοῦ
3622 1191 3763 1245 κατὰ

2184 1286 2282 1351 τὰς
2311 1287 2512 1351 νύκτας
2543 1287 2629 1341 διὰ
2663 1287 2936 1359 σώφρονος
2965 1287 3060 1342 καὶ
3103 1287 3276 1356 ἁγνῆς
3307 1283 3651 1356 ἀναστροφῆς
3681 1284 3740 1336 ἐν

2183 1377 2534 1448 δεικνύμενοι,
2567 1380 2662 1432 καὶ
2699 1378 2874 1432 πάντα
2913 1378 2977 1449 δὴ
3027 1379 3128 1432 ὅσα
3169 1377 3306 1431 ἄλλα
3333 1377 3497 1447 ἐχρῆν
3531 1376 3589 1427 ἐν
3625 1373 3751 1428 Σαϐ-

2183 1468 2332 1540 ϐάτῳ
2360 1471 2554 1534 τελεῖν,
2583 1468 2754 1523 ταῦτα
2775 1472 2937 1541 ἡμεῖς
2967 1472 3025 1523 ἐν
3065 1472 3137 1540 τῇ
3166 1470 3417 1540 Κυριακῇ
3452 1466 3741 1538 μετατεθεί

2183 1577 2382 1631 καμεν,
2409 1561 2483 1624 ὼς
2517 1560 2583 1613 ἂν
2610 1561 2949 1632 κυριωτέρας
2973 1558 3139 1629 οὔσης
3181 1559 3368 1629 αὐτῆς,
3392 1558 3486 1611 καὶ
3524 1555 3764 1628 ἡγουμέ-

2182 1668 2302 1722 νης,
2318 1653 2411 1706 καὶ
2445 1650 2686 1724 πρώτης,
2709 1651 2916 1705 καὶτοῦ
2951 1651 3240 1705 Ἰουδαϊκοῦ
3257 1650 3534 1704 Σαόδάτου
3563 1665 3762 1719 τιμιω-

2180 1735 2364 1814 τέρας.
2391 1742 2549 1796 Κατὰ
2573 1742 2776 1812 ταύτην
2807 1742 2914 1814 γάρ
2947 1742 3004 1798 ἐν
3033 1746 3100 1814 τῇ
3125 1741 3450 1812 κοσμοποιίᾳ
3481 1739 3765 1810 εἰρηκότος

512 1833 831 1901 fessionem,
863 1851 982 1906 quae
1012 1837 1080 1891 ad
1111 1837 1315 1892 bonum
1348 1838 1530 1905 ﬁnem,
1558 1837 1767 1894 scilicet
1799 1836 1864 1892 ad
1906 1835 2074 1892 Deum

2176 1837 2271 1891 τοῦ
2321 1836 2476 1900 Θεοῦ,
2524 1834 2841 1904 Γενηθήτω
2877 1834 3023 1903 φῶς,
3069 1835 3164 1888 καί
3199 1833 3413 1902 ἐγένετο
3469 1831 3611 1899 φῶς·
3671 1829 3764 1882 καὶ

510 1927 692 1997 ipsum
723 1927 963 1983 deducit.
1008 1927 1223 1984 Etenim
1269 1929 1315 1985 si
1367 1945 1527 1984 nemo
1562 1930 1739 1986 bonus
1776 1929 1883 1984 nisi
1914 1928 2076 1992 Deus,

510 2019 729 2089 optimae
758 2019 860 2074 via;
887 2019 957 2074 ad
984 2019 1152 2076 Deum
1179 2021 1429 2076 ducentis
1463 2021 1814 2090 principium,
1861 2020 2079 2076 confes-

509 2110 596 2165 sio
623 2109 812 2166 fuerit.
840 2110 966 2166 Ideo
987 2111 1197 2166 dictum
1227 2120 1329 2174 est,
1355 2111 1561 2166 Bonum
1595 2121 1672 2166 est
1694 2111 1932 2180 conﬁteri
1970 2110 2072 2166 Do-

508 2201 678 2253 mino.
698 2199 804 2254 Par
831 2202 1034 2272 quippe
1072 2212 1156 2258 est
1185 2217 1294 2256 non
1334 2202 1648 2258 hominibus
1678 2201 2079 2257 confessionem

508 2289 699 2355 edere,
731 2291 826 2345 sed
859 2291 962 2360 ipsi
990 2290 1224 2347 Domino
1263 2292 1430 2346 corda
1463 2292 1752 2348 scrutanti.
1783 2291 1919 2357 Quia
1950 2306 2078 2346 vero

509 2379 789 2435 confessio
822 2396 920 2450 pro
949 2382 1248 2450 gratiarum
1285 2383 1499 2436 actione
1536 2383 1662 2436 item
1699 2381 1983 2452 accipitur,
2020 2389 2078 2436 ut

503 2469 619 2541 jam
655 2472 852 2542 szepius
875 2472 1136 2538 diximus,
1173 2472 1297 2542 jure
1345 2471 1624 2526 Dominica
1663 2471 1750 2526 die
1779 2471 2078 2542 gratiarum

508 2563 755 2617 actiones
785 2562 1012 2618 Domino
1043 2563 1346 2626 reddimus,
1378 2562 1583 2632 ubique
1616 2571 1883 2618 terrarum
1913 2562 1968 2616 in
1990 2576 2079 2617 ec-

507 2650 697 2706 clesiis
727 2651 846 2720 ejus
890 2654 1224 2723 congregati.
1255 2653 1393 2707 Cum
1426 2659 1608 2708 autem
1644 2667 1742 2723 per
1772 2651 2078 2707 confessio-

507 2759 630 2797 nem
663 2759 1013 2813 progressum
1063 2752 1116 2798 et
1143 2752 1493 2814 augmentum
1536 2742 1928 2814 acceperimus,
1960 2749 2075 2796 tum

499 2834 760 2904 jubemur
788 2837 1019 2906 psallere
1058 2834 1124 2889 ad
1156 2837 1434 2891 meliorem
1469 2835 1663 2890 animae
1711 2841 1913 2890 statum
1948 2849 2077 2904 pro-

503 2927 647 2980 vecti
682 2945 695 2981 :
723 2929 869 2983 aucti
899 2944 1031 2983 vero
1071 2943 1134 2982 ac
1164 2928 1420 2983 meliores
1449 2926 1646 2992 eﬂ‘ecti,
1673 2928 1788 2982 haec
1819 2929 1940 2983 aliis
1978 2943 2076 2982 an-

502 3017 787 3084 nuntiare,
817 3033 881 3073 ac
909 3034 1006 3074 eos
1033 3019 1127 3089 qui
1163 3019 1230 3072 ad
1273 3033 1375 3073 nos
1397 3020 1642 3088 proxime
1671 3019 1936 3075 accedunt
1968 3021 2074 3074 mi-

503 3108 836 3165 sericordias
900 3109 994 3165 Dei
1049 3110 1280 3165 edocere
1342 3110 1744 3182 praecipimur:
1793 3119 1956 3183 atque
2019 3112 2071 3167 id

502 3213 666 3268 agere
695 3199 979 3253 matutinis
1027 3199 1199 3262 horis,
1248 3201 1404 3270 quasi
1443 3202 1710 3271 primitias
1747 3201 2068 3257 diurnarum

504 3290 781 3344 actionum
811 3291 1074 3347 doctrinae
1101 3292 1168 3347 de
1196 3291 1290 3348 Dei
1327 3293 1700 3349 misericordia
1727 3293 1994 3350 dicantes.

2181 1928 2298 1982 κατ’
2324 1927 2491 1999 αὐτὴν
2517 1930 2635 1990 ταῖς
2672 1926 2963 1998 ἡμετέραις
2990 1926 3187 1996 ψυχαῖς
3226 1926 3255 1977 ὁ
3285 1924 3386 1993 τῆς
3419 1920 3764 1990 δικαιοσύνης

2179 2021 2537 2075 ἀνατέταλκεν
2565 2021 2778 2084 Ἤλιος·
2803 2020 2880 2072 διὸ
2907 2019 2970 2090 δὴ
2987 2021 3078 2072 καὶ
3104 2021 3233 2090 ἡμῖν
3256 2015 3604 2089 συνέρχεσθαι
3620 2013 3764 2067 κατά

2179 2109 2380 2180 ταύτην
2414 2111 2790 2182 παραδέδοται,
2818 2109 2911 2163 καὶ
2951 2108 3020 2162 τά
3055 2109 3144 2162 διὰ
3178 2107 3272 2161 τοῦ
3301 2105 3514 2176 ψαλμοῦ
3545 2120 3764 2175 παρηγ-

2179 2201 2414 2272 γελμένα
2453 2203 2546 2255 καὶ
2576 2203 2706 2272 ἡμῖν
2745 2203 3010 2256 ἐπιτελεῖν
3045 2201 3470 2273 προστέτακταιο
3497 2190 3570 2251 ὧν
3608 2195 3764 2268 πρῶ-

2177 2293 2268 2345 τόν
2297 2293 2412 2346 ἐστι
2438 2293 2500 2346 τὸ
2529 2293 2962 2363 ἐξομολογεῖσθαι
2983 2311 2996 2324 ο
3028 2292 3170 2364 ἀρχὴ
3202 2292 3310 2363 γάρ
3343 2289 3560 2359 ἀγαθῶν
3591 2289 3623 2358 ἡ
3651 2286 3762 2340 τῶν

2179 2383 2459 2455 προτέρων
2487 2383 2670 2437 κακῶν
2703 2383 2962 2448 ἀπόλυσις
2988 2383 3074 2438 διά
3105 2384 3330 2456 γνησίας
3356 2379 3641 2454 μετανοίας
3666 2377 3763 2432 καὶ

2179 2475 2613 2546 ἐξομολογήσεως
2654 2477 3016 2548 ἐγγιγνομένη
3042 2516 3056 2540 ,
3111 2476 3319 2545 ἄγουσά
3372 2492 3429 2527 τε
3473 2473 3566 2526 ἐπὶ
3608 2471 3764 2535 τέλος

2178 2567 2378 2636 ἀγαθὸν
2406 2568 2568 2622 αὐτὸν
2597 2568 2688 2621 τὸν
2715 2567 2865 2624 Θεόν.
2907 2568 2971 2620 Εἰ
3013 2567 3121 2640 γάρ
3149 2567 3320 2630 οὐδεὶς
3365 2564 3570 2634 ἀγαθὸς
3600 2566 3649 2616 εἰ
3685 2563 3761 2634 μὴ

2177 2661 2206 2713 ὁ
2232 2658 2384 2725 Θεὸς,
2417 2659 2622 2730 ἀγαθῆς
2661 2660 2884 2732 πορείας
2915 2658 3014 2729 τῆς
3058 2659 3150 2712 ἐπὶ
3193 2658 3284 2711 τὸν
3321 2657 3450 2710 Θεὸν
3494 2655 3758 2725 ἀγούσης,

2177 2751 2354 2823 ἀγαθὴ
2380 2751 2575 2820 γένοιτ’
2605 2751 2669 2804 ἂν
2696 2750 2837 2824 ἀρχὴ
2861 2752 2894 2822 ἡ
2925 2749 3325 2822 ἐξομολόγησις.
3361 2749 3452 2801 Διὸ
3475 2747 3756 2800 λέλεκταιο

2189 2844 2428 2915 Ἀγαθὸν
2462 2845 2526 2899 τὸ
2563 2842 3050 2913 ἐξομολογεῖσθαι
3099 2840 3178 2906 τῷ
3232 2840 3442 2908 Κυρίῳ.
3498 2838 3607 2891 Καὶ
3648 2837 3759 2908 γὰρ

2177 2939 2442 3010 προσήκει
2479 2937 2552 3010 μὴ
2583 2935 2890 3008 ἀνθρώποις
2930 2932 3333 2987 ἐπιδείκνυσθαι
3370 2931 3468 3002 τὴν
3503 2929 3757 3000 ἐξομολό-

2176 3046 2355 3100 γησιν,
2378 3028 2490 3082 ἀλλ’
2524 3027 2671 3099 αὐτῷ
2700 3027 2776 3098 τῷ
2805 3026 2905 3090 τὰς
2948 3024 3174 3097 καρδίας
3219 3023 3507 3095 ἐρευνῶντι
3543 3019 3757 3091 Κυρίῳ.

2190 3120 2339 3174 Ἐπεὶ
2357 3121 2413 3174 δὲ
2443 3119 2772 3191 λαμϐάνεται
2808 3119 2841 3189 ἡ
2871 3117 3255 3188 ἐξομολόγησις
3289 3114 3382 3169 καὶ
3413 3111 3504 3168 ἐπὶ
3539 3112 3635 3183 τῆς
3666 3110 3760 3163 εῦ-

2173 3207 2478 3279 χαριστίας,
2506 3207 2581 3270 ὡς
2613 3207 2873 3268 πολλάκις
2911 3208 3044 3277 ἡμῖν
3079 3207 3316 3276 εἴρηται,
3351 3204 3576 3265 εἰκότως
3615 3200 3760 3255 κατά

2173 3298 2267 3368 τὴν
2285 3298 2566 3369 Κυριακὴν
2593 3297 2803 3368 ἡμέραν
2827 3295 2922 3350 καὶ
2945 3295 3044 3360 τὰς
3071 3295 3417 3365 εὐχαριστίας
3441 3293 3596 3363 ἡμῶν
3627 3294 3759 3350 ἀπο,

501 3382 715 3453 δίδομεν
747 3381 824 3453 τῷ
854 3385 1062 3455 Κυρίῳ,
1096 3385 1367 3455 πανταχοῦ
1397 3385 1495 3456 τῆς
1519 3384 1842 3456 οἰκουμένης
1871 3387 1926 3438 ἐν
1956 3387 2074 3448 ταῖς
2101 3387 2412 3457 ἐκκλησίαις
2448 3387 2611 3440 αὐτοῦ
2661 3385 3062 3456 συνερχόμενοι.
3102 3383 3482 3456 Προκόψαντες
3547 3385 3604 3436 δέ
3665 3384 3758 3437 διὰ

501 3477 600 3548 τῆς
629 3476 1082 3549 ἐξομολογήσεως,
1114 3480 1217 3550 ήδη
1245 3481 1337 3533 καὶ
1367 3479 1589 3549 ψάλλειν
1622 3477 1954 3548 κελευόμεθα
1986 3479 2079 3531 ἐπὶ
2109 3479 2388 3550 κρείττονα
2424 3481 2602 3552 ψυχῆς
2655 3481 2988 3534 κατάστασιν
3051 3479 3409 3552 προελθόντες
3429 3496 3441 3510 ο
3480 3478 3756 3542 ἐπιδόντες

499 3570 559 3624 δὲ
591 3570 670 3623 ἐτι
716 3573 809 3624 καὶ
854 3571 1092 3641 βελτίους
1135 3574 1416 3644 γενόμενοι
1447 3571 1689 3635 ἑαυτῶν,
1737 3571 1836 3642 ἡδη
1881 3571 1975 3625 καὶ
2013 3574 2091 3636 εἰς
2118 3571 2336 3637 ἐτέρους
2365 3572 2747 3640 ἀπαγγέλλειν,
2775 3571 3044 3626 διδάσκειν
3073 3588 3134 3624 τε
3158 3570 3282 3633 τοὺς
3333 3572 3464 3640 ἡμῖν
3524 3567 3758 3638 πλησιά-

502 3660 696 3726 ζοντας
741 3664 810 3718 τά
858 3663 951 3718 τοῦ
1001 3667 1207 3738 Κυρίου
1259 3666 1382 3736 ἐλέη
1439 3662 1917 3736 προσταττόμεθαο
1975 3665 2070 3718 καὶ
2100 3664 2258 3719 τοῦτο
2280 3667 2536 3739 πράττειν
2567 3665 2706 3720 κατά
2739 3665 2840 3728 τὰς
2866 3664 3108 3737 πρωῖνάς
3155 3663 3302 3736 ῶρας
3341 3661 3528 3734 ῶσπερ
3575 3663 3757 3734 ἀπιιρ⁴

501 3752 602 3823 χάς
627 3754 736 3807 τῶν
762 3755 830 3808 δι’
853 3755 1063 3828 ἡμέρας
1092 3758 1340 3828 πράξεων
1365 3755 1704 3818 ἀνατιθέντες
1733 3757 1800 3826 τῇ
1827 3755 1952 3827 περὶ
1981 3757 2074 3809 τοῦ
2103 3756 2282 3821 ἐλέους
2311 3757 2406 3812 τοῦ
2428 3756 2564 3811 Θεοῦ
2591 3755 2927 3828 διδασκαλίᾳ.

575 3862 702 3918 llaec
760 3879 925 3935 porro
989 3865 1145 3934 jubet
1203 3863 1490 3935 Scriptura
1549 3880 1810 3937 peragere
1891 3867 2072 3939 primo

501 3955 782 4022 diluculo,
850 3964 1138 4026 postquam
1199 3956 1412 4012 animas
1473 3964 1528 4012 et
1581 3972 1813 4028 corpora
1879 3966 2071 4016 nostra

500 4057 773 4105 nocturno
816 4058 1062 4120 tempore
1112 4055 1301 4105 sancta
1374 4058 1428 4105 et
1474 4065 1506 4106 a
1545 4050 1802 4107 sordibus
1850 4054 2072 4124 quibus-

502 4157 609 4211 que
663 4157 797 4211 pura
854 4139 1292 4205 servaverimus,
1350 4143 1680 4214 pietatisque
1742 4144 2067 4207 veritatem,

499 4232 729 4300 repetita
809 4231 1096 4285 nocturnis
1165 4230 1316 4285 horis
1392 4232 1574 4287 cultus
1647 4230 1740 4286 Dei
1804 4232 2068 4286 memoria

499 4322 926 4392 susceperimus.
977 4320 1118 4377 Olim
1170 4322 1391 4391 quidem
1441 4338 1567 4377 cum
1622 4322 1806 4393 populi
1853 4337 1921 4378 ex
1966 4321 2068 4376 cir-

497 4416 837 4472 cumcisione
878 4428 974 4483 per
1036 4413 1281 4484 symbola
1340 4421 1394 4467 et
1444 4414 1647 4485 ﬁguras
1689 4412 1859 4468 Deum
1915 4412 2065 4467 cole-

2238 3869 2423 3924 Ταῦτα
2473 3869 2528 3922 δὲ
2567 3869 2829 3942 πράττειν
2871 3871 2902 3924 ό
2955 3869 3115 3940 λόγος
3167 3867 3595 3942 παρακελεύεται
3633 3868 3754 3939 ἅμα

2168 3961 2234 4030 τῇ
2266 3959 2342 4030 ἕῳ
2363 4000 2378 4022 ,
2426 3959 2875 4032 προφυλάξαντας
2918 3961 3118 4032 δηλαδὴ
3169 3959 3376 4014 ἑαυτῶν
3425 3959 3522 4024 τάς
3574 3959 3752 4030 ψυχὰς

2167 4049 2262 4102 καὶ
2298 4049 2369 4102 τά
2403 4050 2630 4121 σώματα
2661 4049 2803 4104 κατὰ
2842 4050 2967 4114 τοὺς
3000 4051 3098 4121 τῆς
3130 4049 3322 4112 νυκτὸς
3358 4050 3582 4120 καιροὺς
3618 4049 3751 4117 am

2166 4142 2262 4195 καὶ
2295 4142 2494 4207 παντὸς
2526 4143 2803 4214 μολυσμοῦ
2845 4143 3239 4214 καθαρεύοντα,
3265 4141 3520 4212 ἀλήθειάν
3559 4157 3617 4193 τε
3655 4141 3750 4194 εύ-

2168 4233 2383 4299 σεόείας
2405 4234 2868 4306 ἐπιδεδεγμένους,
2898 4233 2986 4287 διὰ
3018 4233 3111 4287 τοῦ
3144 4233 3236 4286 καὶ¹
3265 4234 3383 4294 ταῖς
3407 4234 3751 4303 νυκτεριναῖς

2173 4325 2345 4398 ὥραις
2393 4327 2492 4398 τῆς
2519 4327 2613 4381 τοῦ
2662 4325 2796 4382 Θεοῦ
2851 4325 3143 4396 θεραπείας
3200 4324 3526 4396 μεμνῆσθαι.
3573 4325 3750 4378 Πάλαι

2175 4417 2273 4488 μὲν
2330 4412 2444 4484 οὖν,
2488 4417 2724 4488 ὁπηνίκα
2775 4417 2864 4470 διά
2909 4416 3192 4487 συμϐόλων
3242 4416 3336 4470 καὶ
3386 4415 3571 4469 τύπων
3625 4415 3750 4469 ἐλά-

496 4514 640 4572 rent,
671 4521 780 4560 non
812 4505 1170 4573 incongruum
1199 4507 1432 4574 erat'per
1456 4505 1715 4574 psalteria
1746 4513 1800 4560 et
1825 4504 2067 4559 citharas

2176 4525 2362 4580 τρευον
2392 4509 2443 4562 οἰ
2473 4510 2537 4562 ὲκ
2575 4508 2892 4580 περιτομῆς,
2925 4508 3026 4561 οὐκ
3068 4506 3292 4570 ἀπεικὸς
3324 4502 3390 4579 ἦν
3421 4505 3509 4560 διά
3541 4505 3746 4576 ψαλτη-

498 4600 731 4670 hymnos
761 4597 870 4652 Deo
897 4597 1164 4659 emittere,
1197 4595 1357 4666 idque
1385 4597 1474 4651 die
1518 4595 1740 4651 Sabbati
1788 4606 2066 4667 praestare,

496 4692 669 4748 otium
715 4704 910 4768 nempe
950 4688 1243 4752 solventes,
1282 4696 1336 4742 et
1371 4687 1424 4742 in
1474 4687 1576 4742 hoc
1628 4688 1797 4758 legem
1843 4688 2066 4744 Sabbati

493 4786 982 4857 transgredientes.
1023 4783 1134 4840 Nos
1181 4799 1311 4838 vero
1349 4781 1594 4838 Judaeum
1647 4783 1702 4836 in
1741 4783 2065 4838 abscondito

495 4884 779 4932 servantes
834 4876 1134 4932 secundum
1189 4874 1320 4930 illud
1378 4874 1621 4944 Apostoli
1670 4874 1872 4929 dictum
1903 4873 2064 4930 :Non

493 4968 634 5025 enim
663 4968 753 5035 qui
803 4968 856 5021 in
904 4967 1206 5036 manifesto,
1239 4966 1461 5022 Judwus
1516 4977 1614 5034 est,
1645 4984 1803 5038 neque
1851 4985 1968 5039 qua:
2009 4970 2064 5022 in

493 5057 798 5126 manifesto,
831 5059 888 5111 in
917 5075 1092 5123 carne,
1112 5068 1189 5113 est
1218 5059 1582 5122 circumcisio;
1613 5058 1703 5112 sed
1729 5061 1820 5127 qui
1855 5061 1910 5112 in
1934 5060 2062 5114 abs-

492 5148 702 5201 condito
739 5147 961 5202 Judceus
998 5158 1097 5212 est,
1132 5159 1183 5203 ct
1225 5149 1553 5203 circumcisio
1569 5150 1742 5204 cordis
1766 5152 1820 5204 in
1850 5152 2060 5220 spiritu,

492 5253 596 5290 non
625 5238 878 5304 littera“;
911 5239 1112 5294 viventi
1154 5239 1412 5309 psalterio
1439 5247 1494 5294 et
1535 5241 1741 5294 cithara
1799 5243 2060 5306 animata,

493 5328 987 5398 Spiritualibusque
1060 5329 1289 5382 canticis
1371 5328 1631 5399 hymnum
1705 5328 2054 5385 eﬂ‘undimus.

491 5418 653 5473 Omni
686 5421 887 5490 quippe
912 5421 1278 5475 instrumento
1303 5422 1513 5476 musico
1553 5423 1830 5492 acceptior
1853 5430 1908 5478 et
1930 5438 2060 5478 sua-

491 5509 612 5564 vior
640 5510 749 5565 Deo
778 5511 942 5567 fuerit
981 5511 1184 5566 Christi
1224 5513 1548 5582 papulorum
1597 5523 1919 5579 concentus,
1950 5527 2062 5584 quo

490 5601 546 5656 in
591 5603 847 5658 omnibus
888 5602 981 5658 Dei
1011 5604 1259 5659 ecclesiis
1309 5619 1416 5658 una
1462 5614 1660 5672 mente,
1697 5621 1805 5661 uno
1842 5605 2058 5671 aliectu,

619 5751 754 5808 Gen.
791 5771 840 5819 ι,
876 5756 911 5809 5
1005 5757 1024 5786 ⁸
1064 5756 1221 5814 Rom.
1258 5773 1332 5824 ιι,
1365 5757 1469 5824 28,
1504 5759 1592 5814 29.

2178 4603 2304 4673 ρίων
2347 4603 2439 4656 καὶ
2478 4603 2705 4674 κιθάρας
2755 4602 3096 4673 ἀναπέμπειν
3139 4602 3287 4665 τινάς
3325 4601 3401 4671 τῷ
3457 4600 3576 4671 Θεῷ
3623 4601 3748 4663 τοὺς

2174 4694 2396 4764 ὕμνους,
2429 4695 2524 4749 καὶ
2562 4693 2720 4747 τοῦτο
2764 4696 2935 4748 ποιεῖν
2971 4697 3092 4758 ταῖς
3135 4693 3368 4765 ἡμέραις
3403 4692 3496 4746 τοῦ
3536 4691 3744 4745 Σαϐϐά-

2169 4802 2284 4850 του,
2320 4785 2696 4856 παραλύοντας
2732 4785 2930 4856 δηλαδὴ
2964 4785 3062 4857 τὴν
3095 4785 3314 4857 ἀργίαν,
3349 4784 3440 4837 καὶ
3479 4783 3744 4854 παραδαίο

2169 4895 2358 4942 νοντας
2395 4879 2484 4932 τὸν
2513 4877 2674 4948 νόμον
2702 4877 2794 4931 τὸν
2832 4877 2962 4948 περὶ
2998 4875 3091 4930 τοῦ
3131 4875 3437 4929 Σαϐϐάτου·
3475 4876 3634 4945 ἡμεῖς
3666 4875 3741 4936 δὲ,

2169 4969 2260 5024 τὸν
2312 4971 2370 5024 ὲν
2432 4969 2661 5042 κρυπτῷ
2719 4970 2969 5024 Ἰουδαῖον
3023 4969 3398 5032 ἀποσώζοντες
3460 4966 3599 5020 κατά
3650 4967 3741 5019 τὸν

2170 5060 2446 5128 φάσκοντα
2482 5061 2798 5115 Ἀπόστολον
2817 5076 2830 5089 ·
2870 5063 2950 5114 Οὐ
2983 5060 3092 5131 γὰρ
3121 5059 3189 5112 ἐν
3215 5057 3296 5124 τῷ
3341 5057 3576 5126 φανερῷ
3612 5058 3739 5110 Ἰου-

2168 5150 2334 5216 δαῖός
2361 5151 2550 5216 ἐστιν,
2576 5150 2717 5205 οὐδὲ
2743 5152 2784 5220 ἠ
2811 5152 2882 5205 ἐν
2913 5149 2993 5216 τῷ
3030 5148 3264 5218 φανερῷ
3317 5149 3387 5211 ὲν
3427 5149 3605 5216 σαρκὶ
3639 5163 3737 5200 πε-

2160 5241 2396 5310 ριτομὴ,
2421 5243 2556 5296 ἀλλ’
2577 5245 2610 5296 ό
2641 5243 2712 5296 ἐν
2737 5241 2817 5307 τῷ
2840 5239 3080 5310 κρυπτῷ
3119 5238 3412 5303 Ἰουδαῖος,
3449 5238 3547 5290 καὶ
3574 5239 3612 5304 ἡ
3633 5252 3734 5290 πε-

2160 5332 2374 5401 ριτομὴ
2407 5333 2653 5401 καρδίας
2681 5334 2752 5386 ἐν
2774 5333 3083 5400 πνεύματι,
3125 5332 3198 5384 οὐ
3233 5329 3540 5400 γράμματι,
3579 5328 3766 5395 ξῶντιι

2165 5423 2444 5496 ψαλτηρίῳ
2467 5426 2562 5478 καὶ
2586 5425 2788 5495 κιθάρᾳ
2815 5423 3063 5495 ἐμψύχῳ,
3087 5422 3480 5492 πνευματικαῖς
3498 5437 3556 5473 τε
3577 5419 3732 5490 ᾠδαῖς

2165 5513 2254 5565 τὸν
2295 5513 2461 5584 ὕμνον
2502 5514 2838 5584 ἀποδίδομεν.
2885 5514 3091 5577 Παντὸς
3118 5513 3164 5565 δ’
3201 5507 3292 5565 οῦν
3331 5511 3564 5582 ὀργάνου
3607 5524 3730 5580 μου.-

2168 5607 2318 5660 σικοῦ
2346 5609 2538 5676 γένοιτ’
2557 5606 2622 5662 ἂν
2647 5606 2723 5677 τῷ
2743 5606 2862 5677 Θεῷ
2883 5603 3287 5680 προσηνεστέρα
3313 5603 3474 5674 ἡτῶν
3500 5596 3729 5675 Χριστοῦ
