4074 6378
395 343 537 399 ΜἸὄ

1487 340 1993 397 COMMENTARIA
2034 341 2101 396 IN
2136 329 2504 394 PSALMOS-.'

3498 337 3638 392 “'14

387 464 533 519 λαῶν
571 462 858 534 συμφωνία
877 503 902 528 ,.
939 463 1062 516 καθ’
1092 463 1158 534 ἢν
1197 465 1256 518 ἐν
1298 465 1498 528 πάσαις
1543 467 1662 529 ταῖς
1705 466 1798 518 τοῦ
1836 465 1962 518 Θεοί

2073 467 2190 537 pari
2223 479 2499 521 consensu
2527 467 2580 516 et
2607 474 2713 518 una
2741 462 3005 518 sententia
3027 461 3147 518 fidei
3175 468 3228 519 et
3256 451 3495 533 pietatis,
3528 480 3636 518 una

389 556 728 627 ἐκκλησίαις,
761 554 1101 625 ὁμογνώμονι
1138 553 1281 626 ψυχῇ
1311 557 1404 609 καὶ
1440 558 1538 626 μιᾷ
1568 554 1822 618 διαθέσει,
1850 555 1972 625 ὁμο-

388 649 632 722 φροσύνῃ
681 665 740 701 τε
791 647 885 701 καὶ
928 646 1178 718 όμοδοξίᾳ
1229 647 1462 710 πίστεως
1509 646 1605 699 καὶ
1653 646 1967 711 εὐσεϐείας,

387 739 666 810 ὁμόφωνον
696 735 854 806 μέλος
885 736 942 787 ἐν
973 737 1091 797 ταῖς
1133 734 1522 805 ψαλμολογίαις
1554 735 1967 806 ἀναπέμπομεν-

349 831 675 892 ,Τοιαύταις
721 823 813 881 οὖν
848 827 1187 899 ψαλμῳδίαις
1239 828 1334 880 καὶ
1379 826 1631 897 κιθάραις
1679 843 1971 898 πνευματι-

387 925 510 984 καῖς
547 920 779 992 χρῆσθαι
811 919 1104 991 εἰώθαμεν,
1152 919 1274 973 ἐπεὶ
1317 919 1413 972 καὶ
1456 917 1614 972 τοῦτο
1660 917 1898 971 διδάσκει
1942 918 1970 970 6

400 1012 716 1075 Ἀπόστολος
742 1011 947 1078 λέγων’
985 1011 1252 1080 Ψαλμοῖς
1286 1010 1383 1064 καὶ
1415 1010 1592 1078 ᾠδαῖς
1618 1011 1718 1064 καὶ
1761 1009 1970 1079 ὕμνοις

386 1103 826 1173 πνευματικοῖς.
867 1104 964 1174 Είη
999 1103 1044 1156 δ’
1085 1102 1151 1156 ἂν
1191 1103 1364 1166 ἄλλως
1406 1102 1606 1174 κιθάρα
1655 1103 1752 1173 μὲν
1779 1101 1968 1162 signa»)

385 1194 566 1266 σῶμα,
592 1190 652 1249 οῦ
685 1195 772 1248 διὰ
801 1194 910 1248 τῶν
941 1196 1208 1266 κινήσεων
1233 1195 1330 1248 καὶ
1351 1192 1736 1264 τῶννπράξεων
1765 1194 1798 1262 ἡ
1824 1192 1969 1262 ψυχὴ

382 1287 475 1341 τὸν
510 1287 789 1358 πρέποντα
826 1287 904 1358 τῷ
941 1287 1058 1358 Θεῷ
1091 1286 1258 1358 ύμνον
1308 1285 1628 1339 ἀποδίδωσι·
1672 1284 1969 1354 ψαλτήριον

383 1378 440 1433 δὲ
467 1379 786 1450 δεκάχορδον
813 1382 848 1450 ἡ
876 1379 970 1432 τοῦ
999 1379 1154 1448 ἁγίου
1187 1379 1500 1449 Πνεύματος
1528 1375 1614 1430 διὰ
1647 1375 1754 1429 τῶν
1781 1375 1970 1446 αἰσθη-

383 1471 588 1542 τηρίων
630 1471 790 1525 πέντε
834 1472 932 1542 μὲν
972 1471 1065 1524 τοῦ
1111 1469 1379 1540 σώματος,
1423 1467 1722 1539 ἰσαρίθμων
1768 1466 1825 1520 δὲ
1870 1465 1970 1536 τῆς

382 1561 562 1634 ψυχῆς
589 1564 888 1634 δυνάμεων,
913 1562 1304 1633 ἐπιτελουμένη
1339 1560 1564 1632 λατρεία
1587 1577 1600 1590 ·
1627 1559 1663 1612 ἀ
1707 1557 1771 1629 δὴ
1802 1574 1967 1628 παρι-

383 1655 516 1719 στάς
556 1658 584 1709 6
629 1655 789 1720 αὐτὸς
819 1655 1141 1720 Ἀπόστολός
1185 1653 1317 1724 φησί
1371 1670 1505 1707 που·
1556 1649 1970 1719 Προσεύξομαι

382 1747 463 1813 τῷ
495 1749 803 1817 πνεύματι,
830 1747 1235 1818 προσεύξομαι
1277 1745 1345 1800 δὲ
1378 1745 1476 1798 καὶ
1511 1741 1591 1808 τῷ
1637 1743 1761 1797 νοΐ’
1791 1738 1969 1810 ψαλῶ

2073 573 2225 623 voce,
2263 558 2434 613 melos
2468 556 2522 611 in
2574 555 2892 625 psalmodiis
2945 555 3266 611 emittimus.
3309 553 3636 624 Huiusmodi

2069 651 2237 722 igitur
2267 649 2584 722 psalmodiis
2613 656 2666 704 et
2704 648 2929 704 citharis
2969 648 3344 718 Spiritualibus
3391 649 3469 702 uti
3503 664 3638 703 con-

2056 743 2394 814 lsuevimus:
2447 739 2577 810 quia
2624 739 2683 793 id
2739 739 2898 793 docet
2945 736 3253 808 Apostolus
3288 738 3375 794 bis
3431 739 3638 805 verbis,

2057 832 2310 896 Psalmis
2355 840 2403 885 et
2433 829 2655 884 canticis
2689 837 2739 882 et
2782 828 2990 899 hymnis
3037 828 3462 898 spiritualibus’.
3517 829 3638 882 Alia

2069 924 2198 978 item
2258 923 2474 977 ratione
2524 921 2738 975 cithara
2787 919 2952 974 fuerit
2992 926 3165 973 totum
3214 934 3433 990 corpus,
3483 919 3641 988 cujus

2069 1014 2314 1069 motibus
2341 1022 2394 1069 et
2422 1013 2679 1083 Operibus
2731 1012 2914 1065 anima
2951 1010 3337 1065 condecentem
3377 1011 3641 1081 hymnum

2070 1103 2180 1159 Deo
2205 1104 2424 1159 emittit.
2467 1101 2792 1158 Psalterium
2835 1109 3016 1155 autem
3055 1099 3241 1154 decem
3288 1099 3640 1158 chordarum,

2071 1195 2310 1265 Spiritus
2355 1195 2529 1250 sancti
2588 1195 2770 1249 cultus
2818 1201 2924 1258 est,
2971 1207 3068 1262 per
3097 1194 3340 1263 quinque
3397 1191 3642 1261 corporis

2070 1302 2286 1349 sensus,
2320 1293 2373 1341 et
2408 1302 2503 1356 per
2549 1285 2774 1340 totidem
2817 1285 3010 1339 animae
3048 1285 3280 1340 virtutes
3317 1283 3590 1339 exhibitus
3627 1297 3638 1333 :

2069 1397 2190 1451 quae
2231 1380 2316 1434 his
2367 1379 2609 1435 declarat
2654 1379 2796 1434 idem
2847 1377 3163 1448 Apostolus,
3213 1376 3391 1432 Orabo
3431 1376 3641 1445 spiritu,

2071 1468 2232 1523 orabo
2271 1477 2443 1521 autent
2474 1476 2524 1520 et
2559 1477 2768 1530 mente;
2803 1467 3034 1536 psallam
3069 1467 3296 1537 spiritu,
3327 1465 3554 1535 psallam
3594 1474 3642 1517 et

2071 1557 2318 1611 mente”.
2352 1555 2519 1621 Quasi
2555 1556 2764 1611 scilicet
2787 1572 2942 1613 mens
2973 1559 3136 1613 etiam
3168 1565 3349 1610 motus
3391 1571 3522 1611 suos
3547 1554 3646 1608 ha—

2069 1649 2217 1716 beat,
2257 1647 2456 1718 quibus
2486 1648 2668 1717 pulsat
2706 1663 2935 1718 corpus;
2969 1655 3046 1709 et.
3073 1649 3298 1717 spiritus
3347 1647 3476 1702 item
3510 1661 3644 1717 pro-

2071 1737 2218 1808 prios
2253 1737 2497 1792 obtineat
2526 1747 2728 1804 motus,
2767 1739 2966 1809 quibus
3001 1740 3236 1793 animam
3264 1746 3466 1794 movet.

381 1835 464 1902 τῷ
495 1839 803 1908 πνεύματι,
843 1835 1018 1906 ψαλῶ
1064 1836 1132 1890 δὲ
1181 1835 1278 1890 καί
1326 1834 1405 1901 τῷ
1459 1835 1586 1888 νοΐ·
1636 1831 1711 1896 ώς
1750 1831 1843 1884 καὶ
1889 1828 1983 1883 τοῦ
2019 1827 2138 1892 νοὸς
2187 1827 2320 1890 ἰδίας
2360 1827 2573 1899 ἔχοντος
2623 1831 2884 1901 κινήσεις,
2930 1830 2997 1885 δι’
3043 1823 3119 1885 ὧν
3152 1830 3510 1903 ἀνακρούεται
3583 1832 3646 1885 τὸ

384 1933 564 2004 σῶμα,
601 1934 694 1987 καὶ
726 1933 820 1987 τοῦ
867 1933 1174 2004 πνεύματος
1208 1931 1369 1986 πάλιν
1400 1930 1626 1994 οἰκείας,
1662 1929 1728 1982 δι’
1755 1920 1829 1981 ὧν
1867 1926 1963 1998 τὴν
1989 1923 2165 1996 ψυχὴν
2197 1925 2425 1994 ἐνεργεῖ.

455 2051 574 2102 Ὅτι
597 2048 898 2118 εὖφρανάς
924 2065 1022 2118 με,
1051 2049 1246 2116 Κύριε,
1281 2047 1350 2100 ἐν
1389 2044 1470 2110 τῷ
1505 2043 1788 2114 ποιήματι
1827 2058 1962 2106 σου,

2128 2036 2294 2092 Vens.
2332 2039 2384 2093 5.
2422 2036 2561 2104 Quia
2591 2038 2865 2094 delectasti
2907 2057 3009 2106 me,
3062 2039 3308 2106 Domine,
3341 2043 3407 2096 in-
3429 2042 3644 2111 factus.

373 2123 479 2196 ’καί
502 2141 571 2195 ἐν
592 2135 715 2208 τοῖς
741 2143 936 2210 ἔργοις
957 2139 1076 2194 τῶν
1100 2139 1312 2209 χειρῶν
1339 2153 1454 2192 σου
1496 2135 1960 2208 ἀγαλλιάσομαι.

392 2231 451 2286 '0
482 2233 679 2301 νοήσας
720 2231 818 2302 τὴν
861 2231 966 2283 ὑπὸ
1001 2229 1095 2284 τοῦ
1139 2229 1275 2282 Θεοῦ
1320 2229 1694 2300 πεποιημένην
1728 2227 1962 2298 ἡμέραν,

379 2325 508 2396 περί
543 2319 611 2396 ἧς
642 2323 878 2397 εἴρηται,
921 2323 1082 2390 Αὕτη
1132 2323 1171 2391 ὴ
1215 2321 1426 2392 ἡμέρα,
1470 2320 1551 2390 ἣν
1597 2321 1887 2389 ἐποίησεν
1932 2323 1964 2372 ὀ

378 2419 614 2487 Κύριος,
645 2418 1141 2489 ἀγαλλιασώμεθα
1184 2418 1282 2472 καὶ
1313 2415 1733 2487 εὐφρανθῶμεν
1757 2415 1826 2468 ἐν
1855 2416 1964 2468 αὐ-

378 2509 475 2580 τῇ,
521 2505 674 2574 οὗτος
722 2512 859 2582 ἐρεῖ,
898 2512 1018 2564 Ὅτι
1060 2509 1365 2578 εὖφρανάς
1399 2527 1497 2579 με,
1533 2509 1736 2576 Κύριε,
1773 2508 1844 2561 ἐν
1884 2505 1966 2572 τῷ

377 2603 663 2674 ποιήματί
707 2618 843 2657 σου.
885 2603 1023 2656 Ἀλλ’
1056 2604 1242 2674 ἐπειδὴ
1295 2604 1422 2674 περὶ
1464 2601 1571 2671 τῆς
1609 2601 1821 2674 ἡμέρας
1870 2599 1963 2652 τοῦ

378 2695 659 2749 Σαδδάτου
702 2697 731 2747 6
765 2695 956 2765 παρὼν
1001 2695 1210 2764 ψαλμὸς
1245 2694 1680 2766 προγέγραπται,
1710 2692 1966 2763 ζητήσεις

380 2786 499 2848 πῶς
547 2787 604 2839 ἐν
634 2785 816 2858 ἡμέρᾳ
860 2785 1139 2839 Σαϐϐάτου
1181 2785 1490 2856 ηύφράνθαι
1532 2783 1699 2852 λέγει,
1731 2783 1830 2836 οὐκ
1871 2783 1964 2836 ἐπὶ

378 2881 445 2950 τῇ
488 2878 828 2932 καταπαύσει
863 2877 958 2930 τοῦ
1002 2876 1160 2941 Θεοῦ,
1192 2878 1298 2930 οὐδ’
1334 2877 1426 2930 ἐπὶ
1464 2879 1529 2948 τῇ
1569 2876 1737 2948 ἀργίᾳ
1775 2874 1961 2941 αὐτοῦ,

377 2969 478 3032 ὡς.
503 2969 570 3023 ἂν
615 2968 935 3022 ὑπολάϐοιεν
984 2968 1246 3030 Ἰουδαῖοι,
1274 2967 1364 3021 διά
1399 2968 1460 3020 τὸ
1510 2969 1567 3020 ἐν
1611 2967 1748 3037 αὐτῇ
1794 2983 1962 3019 κατα-

379 3059 583 3115 παῦσαι
624 3061 732 3114 ἀπὸ
769 3062 986 3114 πάντων
1019 3059 1125 3113 τῶν
1164 3059 1338 3131 ἔργων
1377 3058 1564 3120 αὐτοῦ,
1601 3051 1676 3112 ὧν
1719 3044 1960 3128 ἐποίησε.

377 3152 490 3204 Καὶ
516 3151 620 3223 μὴν
645 3152 835 3222 ἐχρῆν,
867 3151 1024 3222 εἴπερ
1045 3151 1152 3221 ἄρα
1178 3151 1257 3213 εἰς
1279 3149 1340 3203 τὸ
1375 3149 1664 3204 Ἰουδαϊκὸν
1690 3149 1964 3204 Σάϐϐατον

378 3241 672 3311 ἀνεφέρετο
716 3242 786 3294 τὰ
827 3241 916 3294 διὰ
961 3239 1058 3294 τοῦ
1102 3238 1314 3310 ψαλμοῦ
1368 3239 1709 3311 δηλούμενα,
1762 3239 1855 3294 ἐπὶ
1895 3241 1962 3312 τῇ

380 3330 546 3401 σχολῇ
588 3328 689 3383 τοῦ
733 3329 891 3394 Θεοῦ,
931 3329 1026 3383 καὶ
1058 3332 1144 3401 τῇ,
1179 3329 1255 3392 ὼς
1297 3329 1363 3383 ἂν
1401 3331 1625 3397 εἴποιεν,
1661 3329 1964 3384 ἀναπαύσει

2068 2141 2181 2196 tua,
2219 2139 2269 2184 et
2300 2131 2357 2184 in
2389 2131 2628 2198 operibus
2673 2148 2923 2185 manuum
2957 2141 3175 2185 tuarum.
3210 2134 3507 2191 exsultabo.
3539 2133 3645 2202 Qui

2067 2223 2210 2278 diem
2242 2239 2272 2276 a
2318 2221 2553 2278 Domino
2593 2222 2794 2278 factam
2847 2224 3135 2291 intellexit,
3173 2225 3242 2280 de
3281 2242 3387 2296 qua
3433 2226 3640 2280 dictum

2066 2323 2170 2379 est,
2204 2313 2334 2367 Ηωο
2367 2313 2499 2378 dies,
2543 2330 2702 2384 quam
2733 2314 2856 2383 fecit
2904 2313 3185 2380 Dominus,
3236 2316 3554 2372 exsultemus
3591 2327 3642 2373 et

2067 2409 2306 2465 lcetemur
2335 2410 2389 2463 in
2421 2411 2564 2475 ea“,
2597 2408 2686 2464 hic
2709 2409 2873 2472 dicet,
2907 2409 3048 2475 Quia
3079 2408 3356 2464 delectasti
3401 2428 3500 2473 me,
3534 2411 3648 2464 Do-

2066 2504 2224 2566 mine,
2257 2503 2312 2556 in
2346 2503 2562 2572 factura
2593 2511 2707 2555 tua.
2745 2501 2852 2556 Sed
2884 2501 3143 2570 quoniam
3183 2501 3251 2558 de
3288 2503 3374 2557 die
3417 2502 3644 2558 Sabbati

2067 2595 2155 2648 hic
2179 2595 2423 2665 psalmus
2465 2595 2762 2665 inscriptus
2793 2601 2898 2659 est,
2927 2597 3142 2663 q‘uaeras
3164 2609 3266 2647 cur
3290 2593 3346 2648 in
3385 2594 3472 2648 die
3502 2593 3645 2651 Sabr

2065 2685 2181 2740 bati
2215 2694 2275 2741 se
2323 2686 2654 2741 delectatum
2701 2700 2826 2741 esse
2873 2684 3041 2752 dicat,
3072 2699 3182 2739 non
3215 2684 3282 2740 de
3312 2683 3407 2740 Dei
3430 2687 3641 2758 requie,

2066 2791 2246 2847 neque
2274 2776 2342 2833 de
2371 2780 2490 2846 ejus
2523 2776 2851 2841 cessatione,
2880 2783 2940 2829 ut
2969 2773 3139 2830 Judaei
3172 2777 3496 2846 opinentur,
3513 2777 3644 2847 quia

2066 2870 2121 2924 in
2174 2869 2295 2939 ipso
2332 2869 2570 2925 cessavit
2602 2869 2672 2925 ab
2719 2871 2976 2928 omnibus
3025 2875 3282 2946 Operibus
3335 2876 3472 2938 Suis,
3520 2890 3644 2945 quae

2069 2959 2217 3015 fecit.
2255 2959 2323 3013 Et
2347 2975 2479 3015 vero
2507 2961 2557 3016 si
2582 2976 2645 3016 ea
2675 2977 2797 3032 qua:
2824 2965 2881 3018 in
2928 2965 3140 3035 psalmo
3166 2965 3414 3022 feruntur
3455 2966 3645 3023 Iudai—

2067 3065 2192 3105 cum
2223 3048 2522 3105 Sahbatum
2547 3053 2903 3124 respicerent,
2925 3063 3204 3125 oporteret
3236 3058 3439 3113 dixisse
3463 3058 3640 3123 illum,

2067 3155 2127 3196 se
2147 3141 2215 3197 de
2263 3141 2375 3196 otio
2408 3139 2526 3204 Dei,
2563 3153 2748 3213 atque,
2784 3151 2844 3198 ut
2878 3143 2952 3199 ita
2990 3145 3196 3212 dicant,
3229 3147 3296 3204 de
3337 3148 3648 3204 cessatione

2067 3232 2136 3287 ab
2182 3232 2441 3303 operibus
2480 3233 2804 3290 delectatum
2833 3251 2999 3292 esse:
3039 3246 3095 3292 at
3123 3255 3233 3294 non
3271 3240 3346 3293 ita
3378 3239 3644 3310 loquitur,

2068 3323 2164 3380 sed
2189 3323 2286 3387 ait,
2322 3323 2613 3380 Delectasti
2662 3344 2764 3394 me,
2806 3325 3050 3392 Domine,
3085 3330 3139 3382 in
3191 3331 3403 3399 factura
3443 3340 3556 3398 tua,
3593 3339 3647 3388 et

377 3397 472 3474 καὶ
520 3397 688 3492 ἀργίᾳ
729 3420 894 3474 αὐτοῦ
931 3397 1240 3495 ηὐφράνθαι
1289 3421 1572 3491 λέγεσθαιο
1623 3423 1718 3477 νῦν
1763 3423 1819 3477 δὲ
1866 3424 1962 3495 οὐχ

2068 3417 2124 3471 in
2161 3417 2404 3483 operibus
2437 3435 2691 3474 manuum
2727 3429 2943 3475 tuarum
2983 3422 3282 3489 exsultabo,
3321 3433 3505 3492 aperte
3551 3423 3647 3478 de.

375 3509 522 3564 οὕτω
552 3512 735 3582 φησὶν,
771 3511 885 3564 ἀλλ’
917 3512 1236 3581 Εὔφρανάς
1257 3531 1355 3582 με,
1379 3515 1572 3583 Κύριε,
1594 3514 1664 3568 ἐν
1686 3514 1767 3582 τῷ
1794 3515 1962 3582 ποιήι-

371 3602 517 3672 ματί
559 3617 697 3666 σου,
749 3602 850 3656 καί
905 3602 976 3656 ἐν
1017 3604 1142 3670 τοῖς
1187 3603 1384 3674 ἔργοις
1432 3605 1550 3658 τῶν
1591 3606 1804 3675 χειρῶν
1846 3623 1962 3660 σου

375 3693 840 3764 ἀγηλλιάσομαι,
877 3693 1132 3766 ἄντικρυς
1170 3694 1442 3766 παριστάς
1490 3695 1632 3759 ἰδίως
1679 3697 1778 3766 μὲν
1821 3699 1960 3749 νοεῖ-

379 3786 504 3840 σθαι
534 3785 596 3838 τὸ
627 3785 856 3857 ποίημα,
887 3787 981 3840 καὶ
1006 3787 1166 3841 πάλιν
1199 3787 1346 3850 ἰδίως
1375 3786 1443 3840 τὰ
1463 3787 1601 3859 ἔργα
1622 3788 1731 3840 τῶν
1762 3787 1961 3858 χειρῶν

376 3875 470 3928 τοῦ
496 3874 654 3939 Θεοῦ,
683 3876 768 3945 ἐφ’
807 3871 889 3940 οἷς
927 3876 1234 3948 ηὑφράνθαι
1283 3876 1552 3948 ὁμολογεῖ,
1579 3876 1695 3930 ἀλλ’
1727 3878 1828 3931 οὐκ
1867 3877 1960 3929 ἐπὶ

376 3965 443 4036 τῇ
491 3964 678 4037 ἀργίᾳ.
718 3964 818 4036 Εἴη
862 3965 908 4018 δ’
959 3965 1025 4019 ἂν
1078 3966 1288 4038 ποίημα
1330 3966 1427 4037 μὲν
1471 3966 1594 4019 καθ’
1629 3965 1728 4020 ἐνα
1760 3967 1960 4038 τρόπον

375 4053 515 4128 αὕτη
546 4057 580 4128 ἡ
619 4056 820 4129 ἡμέρα,
855 4059 984 4129 περὶ
1013 4052 1081 4130 ἧς
1118 4056 1360 4129 εἴρηται·
1391 4057 1552 4126 Αὕτη
1585 4057 1625 4125 ἡ
1659 4057 1849 4128 ἡμέρα
1881 4056 1960 4126 ἢν

375 4146 666 4215 ἐποίησεν·
703 4151 736 4202 ό
765 4149 999 4217 Κύριος,
1029 4149 1528 4219 ἀταλλιασὼμεθα
1569 4150 1666 4203 καὶ
1706 4152 1959 4220 suppar-

377 4237 572 4308 θῶμεν
597 4239 666 4294 ὲν
687 4239 843 4309 αὐτῇ
861 4257 874 4270 ⁸
917 4240 1066 4312 δηλοῖ
1096 4240 1152 4294 δὲ
1182 4240 1278 4313 τὴν
1311 4241 1678 4313 ἀναστάσιμον
1727 4243 1819 4296 καί
1844 4244 1958 4295 Κυ-

378 4329 575 4401 ριακὴν
617 4331 848 4402 ἡμέραν,
891 4331 966 4394 ὡς
1015 4334 1072 4385 ἐν
1108 4332 1314 4404 ἑτέροις
1360 4332 1753 4398 ἀποδεικτικῶς
1789 4351 1948 4405 παρε-

378 4423 688 4494 στήσαμεν,
741 4423 809 4477 τά
859 4424 966 4476 ἀπὸ
1012 4423 1111 4494 τῆς
1157 4424 1511 4496 κοσμοποιίας
1568 4425 1957 4497 παραθέμενοι,

377 4512 498 4566 καθ’
537 4513 603 4584 ἢν
646 4516 675 4567 6
718 4514 978 4584 Μωῦσῆς·
1019 4515 1114 4566 Ἐν
1151 4515 1331 4586 ἀρχῇ,
1373 4518 1557 4589 φησὶν,
1603 4518 1894 4588 ἐποίησεν
1926 4521 1960 4572 ὁ

379 4607 524 4672 Θεὸς
549 4605 657 4659 τὸν
685 4605 945 4674 οὐρανὸν
967 4606 1065 4660 καὶ
1094 4607 1209 4676 τὴν
1238 4608 1384 4677 γῆνο
1416 4608 1512 4663 καὶ
1552 4608 1812 4679 ἐπιλέγει,
1850 4613 1959 4664 Γε-

374 4694 617 4765 νηθήτω
653 4694 798 4765 φῶς,
846 4695 947 4748 καὶ
988 4695 1228 4765 ἐγένετο
1269 4697 1428 4766 φῶςο
1477 4698 1578 4752 καὶ
1604 4699 1900 4752 ἐκάλεσεν
1925 4701 1960 4752 ό

379 4786 523 4853 Θεὸς
565 4787 629 4840 τὸ
672 4785 796 4855 φῶς
836 4785 1085 4856 ἡμέραν.
1113 4786 1276 4858 Ὁρᾷς
1323 4787 1434 4858 γὰρ
1469 4789 1545 4853 ὡς
1586 4789 1737 4842 οὐδὲν
1773 4790 1960 4861 ἓτερον

375 4879 435 4932 ἐν
479 4878 650 4952 ταύτῃ
677 4879 886 4947 γίνεται
931 4878 1342 4951 δημιούργημα,
1385 4881 1499 4934 ἀλλ’
1545 4882 1682 4955 αὕτη
1742 4883 1878 4955 μόνη
1927 4885 1960 4955 ἡ

373 4967 581 5040 ἡμέρα,
612 4970 686 5034 ὡς
717 4969 1046 5042 ἐφαρμόζειν
1072 4971 1208 5043 αὐτῇ
1238 4972 1300 5024 τὸ
1327 4973 1535 5043 φάσκον
1566 4973 1764 5044 λόγιον,
1803 4976 1959 5044 Αὕτη

374 5056 414 5123 ἠ
442 5056 634 5126 ήμέρα
659 5056 738 5126 ἣν
761 5057 1051 5126 ἐποίησεν
1078 5061 1111 5112 ὁ
1139 5060 1370 5128 Κύριος.
1419 5062 1552 5115 Οὐδὲ
1599 5064 1707 5135 γὰρ
1750 5065 1876 5118 ἄλλο
1908 5082 1959 5118 τι

373 5147 488 5201 ἀλλ’
519 5148 690 5220 αύτὴν
731 5148 829 5220 τὴν
867 5150 1080 5221 ἡμέραν
1123 5150 1395 5222 ἐποίησεν,
1437 5154 1559 5224 ἣτις
1593 5151 1662 5226 ἦν
1702 5159 1736 5227 ἡ
1767 5155 1956 5227 πρώτη

374 5239 652 5312 Κυριακὴ,
679 5240 807 5314 περὶ
829 5235 896 5312 ἧς
927 5243 1022 5297 καὶ
1043 5241 1138 5297 νῦν
1173 5241 1426 5313 λέγεσθαι
1459 5245 1540 5309 τὸ,
1573 5247 1692 5300 Ὅτι
1730 5249 1958 5316 ηὔφρα-

373 5329 488 5398 sedc
519 5347 615 5400 με,
637 5333 836 5400 Κύριε,
862 5333 931 5388 ἐν
957 5333 1038 5400 τῷ
1072 5335 1354 5405 ποιήματί
1392 5351 1539 5392 σου⁶
1577 5337 1710 5410 ἔργα
1755 5339 1813 5392 δὲ
1845 5358 1958 5410 χει-

379 5422 488 5494 ρῶν
513 5423 677 5476 αύτοῦ
705 5424 774 5479 τὰ
795 5427 853 5479 ἐν
874 5427 995 5490 ταῖς
1021 5425 1160 5497 μετά
1179 5427 1351 5480 ταῦτα
1373 5428 1608 5500 ἡμέραις
1632 5431 1957 5502 γεγενῆσθαι

371 5512 858 5586 ἀναγεγραμμένα.
895 5517 1052 5571 Κατά
1088 5517 1146 5571 δὲ
1187 5517 1372 5590 ἕτερον
1404 5519 1605 5591 τρόπον
1637 5521 1853 5593 λεχθείη
1891 5523 1957 5578 ἂν

377 5605 588 5676 ποίημα
615 5606 715 5678 μὲν
751 5605 822 5660 τὰ
862 5609 1026 5680 νοητὰ
1069 5611 1163 5664 καὶ
1205 5607 1396 5679 λογικά
1438 5612 1531 5665 καὶ
1566 5612 1834 5684 ἀσώματα
1862 5614 1955 5667 τοῦ

2069 3509 2286 3565 clarans
2337 3513 2568 3567 seorsim
2616 3512 2909 3577 facturam,
2955 3527 3019 3566 ac
3055 3513 3285 3568 seorsim
3317 3528 3484 3583 Opera
3525 3529 3644 3568 ma-

2064 3617 2234 3656 nuum
2264 3601 2360 3657 Dei
2402 3603 2658 3668 indicari,
2695 3603 2751 3658 in
2784 3604 2985 3674 quibus
3031 3618 3092 3659 se
3139 3603 3467 3660 delectatum
3520 3622 3647 3664 esm

2063 3693 2376 3760 conﬁtetur,
2411 3694 2508 3750 sed
2537 3709 2646 3748 non
2709 3696 2766 3749 in
2813 3695 3142 3752 cessatione.
3192 3695 3428 3752 Faetura
3460 3708 3643 3754 autem

2063 3783 2246 3853 aliquo
2299 3785 2462 3839 modo
2511 3783 2674 3839 fuerit
2703 3785 2821 3856 ipsa
2858 3786 2998 3854 dies,
3025 3787 3093 3843 de
3122 3803 3230 3858 qua
3263 3789 3470 3844 dictum
3514 3799 3641 3846 est:

2065 3872 2197 3927 Haec
2218 3874 2348 3939 dies,
2381 3893 2542 3946 quam
2590 3876 2712 3946 fecit
2743 3877 3024 3945 Dominus,
3064 3881 3385 3935 exsultemus
3415 3891 3465 3934 et
3497 3883 3644 3936 la’te.

2063 3984 2183 4021 mur
2212 3969 2268 4021 in
2301 3985 2383 4023 ea.
2414 3967 2698 4040 Signiﬁcat
2731 3987 2861 4027 vero
2895 3973 3325 4030 resurrectionis
3359 3975 3500 4030 diem
3530 3974 3640 4028 Dov

2060 4059 2343 4124 minicam,
2369 4067 2430 4115 ut
2475 4061 2600 4117 aliis
2641 4063 2697 4116 in
2735 4063 2874 4119 locis
2913 4073 3100 4134 aperte
3139 4065 3639 4134 comprobavimus,

2062 4151 2192 4206 dum
2219 4168 2338 4223 qua:
2364 4153 2434 4207 ad
2463 4153 2653 4208 mundi
2682 4156 3014 4211 creationem
3061 4164 3311 4226 spectant
3340 4157 3641 4228 explicare?

2062 4258 2219 4299 mus:
2247 4243 2313 4298 de
2336 4259 2444 4316 qua
2478 4244 2616 4299 dixit
2654 4245 2869 4318 Moyses
2896 4264 2911 4301 :
2935 4247 3001 4301 lu
3045 4249 3302 4317 principio
3335 4249 3456 4318 fecit
3501 4247 3640 4304 Deus

2061 4334 2247 4387 caelum
2269 4344 2318 4388 et
2355 4343 2551 4388 terram
2569 4335 2648 4401 ¹²;
2706 4351 2769 4390 ac
2811 4337 3053 4407 subjicit,
3076 4357 3078 4360 ν
3101 4337 3227 4392 Fiat
3260 4339 3374 4402 lux,
3417 4349 3466 4393 et
3494 4339 3641 4407 facta

2059 4433 2136 4477 est
2165 4423 2358 4478 [umet
2387 4425 2667 4495 appellavit
2690 4427 2829 4481 Deus
2851 4427 3038 4496 lucem,
3067 4429 3202 4484 diem
3223 4430 3285 4482 ³⁸.
3305 4428 3470 4485 Vides
3493 4430 3637 4484 enim

2061 4515 2276 4569 nullum
2310 4516 2456 4570 aliud
2472 4517 2748 4587 opilicium
2774 4534 2839 4572 ea
2856 4518 2944 4574 die
2965 4519 3104 4575 eﬂici
3135 4519 3242 4574 nisi
3273 4520 3443 4575 solam
3468 4519 3634 4582 diem,

2062 4606 2138 4660 ita
2173 4614 2232 4662 ut
2280 4608 2359 4662 illi
2411 4607 2515 4662 hoc
2548 4609 2755 4664 dictum
2802 4611 2972 4680 probe
3001 4613 3310 4675 conveniat,
3348 4611 3473 4666 "we
3499 4611 3634 4676 dies,

2062 4717 2221 4771 quam
2249 4700 2373 4769 fecit
2405 4701 2684 4756 Dominus.
2711 4700 2858 4756 Nihil
2889 4704 3090 4773 quippe
3139 4703 3286 4757 aliud
3323 4711 3518 4772 prater
3553 4704 3637 4772 ip-e

2065 4807 2180 4847 sam
2213 4793 2354 4848 diem
2395 4793 2658 4858 condidit,
2693 4809 2814 4862 quae
2859 4801 2988 4847 erat.
3016 4794 3193 4864 prima
3237 4793 3542 4858 Dominica,
3571 4796 3639 4850 de

2063 4900 2169 4954 qua
2212 4900 2360 4939 nunc
2391 4885 2614 4946 dicitur,
2665 4883 2803 4949 Quia
2843 4883 3118 4938 delectasti
3160 4902 3262 4950 me,
3302 4885 3547 4952 Domine,
3581 4889 3637 4943 in

2061 4977 2274 5046 factura
2295 4987 2385 5030 tua
2409 4993 2427 5030 :
2467 4991 2633 5047 opera
2667 4985 2846 5030 autem
2903 4992 3162 5032 manuum
3196 4977 3317 5047 ejus
3357 4993 3420 5032 ea
3478 4987 3631 5044 sunt,

2060 5084 2182 5138 quae
2214 5069 2786 5139 sequentibusdiebus
2815 5067 2957 5122 facta
2982 5069 3320 5124 scribuntur.
3354 5070 3476 5124 Alio
3504 5071 3635 5124 item

2062 5160 2226 5216 modo
2268 5160 2481 5216 factura
2514 5160 2773 5215 dicantur
2813 5159 3091 5216 intellectu
3120 5160 3367 5230 praedita,
3395 5162 3636 5215 rationa-

2059 5251 2189 5306 bilia
2219 5259 2273 5306 et
2296 5251 2624 5320 incorporea
2668 5249 2766 5306 Dei
2791 5250 3030 5320 Opiﬁcia,
3064 5267 3169 5320 qua
3214 5253 3423 5307 ratione
3449 5253 3633 5306 anima

2060 5341 2128 5397 ad
2157 5341 2448 5413 imaginem
2483 5340 2579 5396 Dei
2609 5341 2750 5395 facta
2778 5357 2901 5396 esse
2931 5342 3138 5412 scripto
3167 5343 3438 5407 traditur;
3465 5357 3634 5412 opera

2059 5449 2472 5489 veromanuum
2506 5433 2648 5504 ejus,
2668 5433 2954 5490 sensibilia
2981 5442 3036 5488 et
3065 5449 3327 5504 corporea
3351 5436 3472 5506 eius
3500 5449 3633 5505 ope-

2059 5539 2142 5592 ra,
2183 5525 2251 5580 de
2291 5525 2490 5596 quibus
2530 5526 2737 5581 dictum
2775 5534 2879 5591 est,
2922 5526 3187 5592 Quoniam
3226 5527 3404 5581 videbo
3451 5527 3631 5592 calas,

2062 5630 2221 5685 opera
2265 5620 2550 5687 digitorum
2588 5626 2818 5682 tuorum,
2863 5619 3048 5672 lunam
3085 5628 3136 5672 et
3176 5622 3382 5686 stellas,
3415 5635 3555 5694 quasi
3578 5631 3639 5673 tu

411 5846 414 5849 _
447 5761 468 5794 ⁹
507 5759 704 5834 Ephes.
747 5781 800 5832 v,
840 5765 926 5823 i9.
1006 5766 1046 5800 ¹⁰
1091 5765 1111 5819 ι
1145 5767 1271 5824 Cor.
1306 5783 1420 5838 xw,
1460 5768 1559 5826 15..
1626 5771 1664 5803 ¹¹
1707 5769 1854 5828 Psal.
1891 5785 1957 5826 cx

2064 5770 2202 5835 .24.
2285 5773 2326 5803 "
2365 5770 2498 5829 Gen.
2541 5787 2594 5840 ι,
2635 5773 2685 5828 1.
2767 5773 2808 5806 ’³
2848 5771 2976 5828 ibid.
3016 5773 3084 5841 5,
3117 5773 3152 5828 5
