4074 6378
505 356 647 412 H75

1208 354 1479 415 unseen
1516 354 1996 417 CASSARIENSIS
2029 359 2179 419 orr.
2215 360 2397 418 PARS
2432 358 2521 416 Ill.
2559 344 2629 401 ὲ-
2669 353 3085 414 exeamus.

3609 362 3753 422 H76

498 473 736 533 fundasti
751 472 813 526 “'.
845 471 1010 529 Docet
1048 473 1220 543 igitur
1263 473 1379 529 haec
1414 472 1719 546 Scriptura,
1754 477 1811 532 in
1843 478 1959 533 otio
1985 478 2061 534 di-

2171 477 2308 532 Θεοῦ
2339 477 2635 549 κτίσματα,
2662 476 2783 531 καθ’
2820 475 2850 528 δ
2893 475 2989 529 καὶ
3024 476 3058 546 ἠ
3107 474 3442 530 κατ’λείκόνα
3483 474 3577 529 τοῦ
3615 475 3751 531 Θεοῦ

498 566 745 623 vinarum
796 565 1272 633 exercitationum,
1308 566 1476 638 inque
1512 570 1820 626 cessatione
1854 586 1886 625 a
1938 586 2065 627 cor-

496 659 675 729 poreis
704 666 758 714 et
792 657 1119 712 mortalibus
1165 658 1443 728 operibus,
1479 674 1641 729 quam
1687 658 1984 715 Sabbatum
2014 667 2070 717 et

494 749 737 819 requiem
801 748 1084 818 Scriptura
1138 759 1318 815 vocat,
1353 765 1451 806 eos
1481 751 1574 821 qui
1621 752 2067 822 contemplationi

493 840 864 912 spiritualium
905 841 1069 897 simul
1097 849 1151 895 et
1192 842 1531 898 sensibilium
1562 841 1656 899 Dei
1694 858 1920 914 operum
1969 860 2063 899 va-

493 941 637 998 cant,
662 934 866 997 dicere,
887 933 1027 1000 Quia
1053 932 1328 988 delectasti
1355 950 1456 997 me,
1496 934 1739 999 Domine,
1768 936 1822 989 in
1851 934 2064 1006 factura

493 1034 605 1089 tua,
635 1034 685 1079 et
702 1025 759 1078 in
785 1025 1024 1092 operibus
1061 1041 1312 1079 manuum
1339 1035 1551 1080 tuarum
1577 1027 1855 1082 exsultabo
1891 1042 1909 1081 :
1938 1044 2062 1083 nam

493 1122 555 1169 ex
592 1115 954 1186 magnitudine
997 1124 1047 1171 et
1090 1116 1484 1186 pulchritudine
1532 1129 1902 1173 creaturarum
1940 1135 2065 1188 pro-

493 1207 730 1274 portione
750 1206 979 1278 quadam
998 1208 1174 1278 opifex
1196 1225 1378 1263 earum
1409 1210 1732 1279 conspicitur
1753 1211 1835 1263 "z
1864 1226 1928 1267 ac
1952 1212 2064 1283 spi-

491 1297 731 1361 ritualia,
787 1298 1105 1369 incorporea
1155 1307 1210 1355 et
1242 1300 1511 1365 caelestia,
1556 1317 1770 1358 necnon
1818 1303 2057 1360 visibilia

491 1384 631 1458 ejus,
665 1401 697 1440 a
734 1388 1010 1444 creatione
1039 1389 1227 1444 mundi
1250 1390 1508 1460 operibus
1540 1391 1812 1446 intellecta
1839 1393 2058 1463 conspi-

490 1477 731 1542 ciuntur,
766 1479 1068 1534 secundum
1097 1487 1349 1535 sanctum
1375 1480 1777 1550 Apostolum".

473 1001 483 1050 l

2171 570 2512 641 γεγενημένη
2554 567 2698 640 ψυχὴ
2744 567 3071 638 πεποιῆσθαι
3116 565 3560 637 ἀναγέγραπται·
3615 567 3752 640 ἔργα

2169 659 2247 714 δὲ·
2269 658 2469 732 χειρῶν
2523 658 2686 713 αὑτοῦ
2731 658 2801 713 τὰ
2848 656 3080 729 αἰσθητὰ
3119 659 3213 712 καὶ
3258 659 3543 730 σωματικά
3589 658 3753 713 αὐτοῦ

2129 795 2135 804 .
2171 746 2647 820 δημιουργήματα,
2671 749 2799 819 περὶ
2828 741 2905 802 ὧν
2932 746 3173 819 είρηται’
3210 744 3332 800 Ὅτι
3363 748 3581 817 ὄψομαι
3612 751 3756 816 τοὺς

2170 838 2489 907 οὐρανοὺς,
2513 838 2658 910 ἔργα
2693 838 2813 893 τῶν
2844 837 3162 894 δακτύλων
3180 851 3318 903 σου,
3357 836 3632 907 σελήνην
3656 841 3756 895 καί

2170 929 2462 999 ἀστέρας,
2505 929 2545 985 d
2599 930 2681 984 σὺ
2725 929 3141 1000 ἐθεμελίωσας.
3195 929 3446 984 Διδάσκει
3497 930 3756 1004 τοίνυνηή

2174 1020 2313 1090 μετὰ
2344 1022 2531 1093 χεῖρας
2572 1018 2785 1093 Γραφὴ,
2818 1021 2877 1074 ὲν
2917 1022 2983 1091 τῇ
3029 1019 3191 1091 σχολῇ
3236 1018 3344 1073 τῶν
3380 1019 3539 1073 θείων
3585 1021 3758 1088 ἀσκή-

2172 1128 2329 1179 σεων,
2354 1113 2449 1166 καὶ
2469 1113 2536 1185 τῇ
2559 1111 2669 1166 τῶν
2690 1112 3017 1184 σωματικῶν
3050 1112 3142 1166 καὶ
3168 1111 3374 1183 θνητῶν
3398 1111 3578 1184 ἔργων
3595 1113 3749 1182 ἀσχο-

2168 1202 2259 1276 λία
2290 1221 2349 1257 τε
2394 1204 2489 1258 καί
2519 1205 2707 1278 ἀργίᾳ,
2741 1204 2811 1275 ἥν
2853 1221 2974 1259 τινα
3011 1204 3287 1259 Σάδὸατον
3314 1204 3409 1259 καὶ
3453 1205 3759 1259 ἀνάπαυσιν

2163 1299 2191 1350 ὁ
2219 1297 2376 1366 λόγος
2399 1296 2680 1362 ἀποκαλεῖ,
2720 1298 2777 1351 ὲν
2803 1300 2869 1370 τῇ
2894 1296 3096 1370 θεωρίᾳ
3133 1297 3242 1351 τῶν
3283 1314 3343 1350 τε
3377 1296 3584 1369 νοητῶν
3620 1295 3762 1368 ὁμοῦ

2164 1389 2384 1444 καὶτῶν
2406 1388 2689 1460 αίσθητων
2704 1389 2881 1461 ἔργῶν
2897 1388 2992 1443 τοῦ
3010 1388 3144 1443 Θεοῦ
3164 1387 3522 1460 σχολάζοντας
3553 1387 3756 1457 λέγειν·

2164 1484 2285 1536 Ὀτι
2323 1480 2641 1552 ωὕφρανὰς
2685 1499 2784 1552 με,
2824 1482 3023 1550 Κύριε,
3054 1480 3124 1534 ἐν
3166 1479 3248 1546 τῷ
3284 1478 3570 1549 ποιήματι
3613 1493 3758 1543 σου,

491 1582 587 1625 και
611 1571 684 1625 ἐν
709 1571 833 1638 τοῖς
860 1573 1057 1643 ἔργοις
1092 1573 1212 1628 τῶν
1241 1574 1455 1645 χειρῶν
1473 1592 1590 1631 σου
1610 1576 2071 1649 ἀταλλιάσομαι,
2097 1579 2167 1633 ἐκ
2189 1578 2479 1649 μεγέθους
2500 1577 2610 1649 τὰρ
2634 1577 2736 1632 καὶ
2755 1575 3064 1646 καλλονῆς
3088 1574 3427 1644 κτισμάτων
3450 1576 3760 1646 ἀναλόγως

491 1676 522 1729 δ
548 1667 963 1736 γενεσιουρτὸς
996 1667 1196 1724 αὐτῶν
1239 1673 1561 1741 θεωρεῖται·
1589 1674 1684 1728 κσίι
1713 1673 1782 1727 τὰ
1808 1673 1975 1746 νοητά
1995 1675 2051 1729 δὲ
2096 1677 2190 1730 καὶ
2215 1676 2480 1747 ἀσώματα
2502 1676 2597 1730 καὶ¹
2637 1672 3001 1747 ὑπερκόσμια,
3030 1674 3100 1728 τά
3134 1690 3193 1727 τε
3230 1673 3401 1745 ὁρατά
3450 1671 3616 1727 αὐτοῦ
3653 1673 3761 1727 ἀπὸ

489 1759 714 1823 κτίσεως
757 1760 961 1830 κόσμου
1000 1764 1111 1825 τοῖς
1154 1764 1422 1836 ποιήμασι
1472 1764 1735 1839 νοούμενα
1785 1768 2103 1840 καθορᾶται,
2155 1768 2297 1823 κατά
2352 1768 2444 1823 τὸν
2501 1768 2645 1841 ἱερὸν
2692 1768 3034 1823 ’Δπόστολον.

559 1874 731 1931 Vens.
764 1874 818 1941 6,
846 1875 897 1931 7.
941 1877 1116 1944 Quam
1169 1881 1512 1952 magniﬁcam
1559 1893 1684 1939 sunt
1739 1902 1898 1956 opera
1947 1896 2061 1952 tua,

2247 1888 2344 1955 Ὧς
2369 1887 2746 1959 ἐμεγαλύνθη
2786 1887 2858 1943 τὰ
2905 1886 3052 1957 ἔργα
3099 1900 3237 1951 σου,
3278 1886 3477 1955 Κύριε,
3524 1884 3761 1955 σφόδρα

489 1965 705 2021 Domine
723 1966 747 2021 .'
769 1968 927 2025 nimis
948 1971 1229 2041 profunda:
1252 1973 1409 2043 factm
1423 1984 1543 2029 sunt
1563 1977 1909 2047 cogitationes
1934 1989 2064 2037 tuae.

2172 1980 2595 2047 ἐϐαθύνθησαν
2634 1982 2689 2034 ol
2737 1977 3116 2048 διαλογισμοί
3154 1993 3292 2033 σου.
3333 1976 3505 2046 Ἀνὴρ
3555 1976 3761 2046 ἄφρων

494 2054 591 2110 Vir
612 2057 866 2128 insipiens
894 2077 999 2114 non
1023 2072 1321 2131 cognoscet,
1360 2074 1410 2118 et
1444 2066 1641 2121 stultus
1672 2084 1776 2122 non
1820 2069 2061 2140 intelliget

2171 2073 2246 2125 οὐ
2283 2069 2595 2141 γνώσεται,
2636 2068 2735 2123 καί
2781 2069 3077 2136 ἀσύνετος
3127 2071 3199 2123 οὐ
3245 2065 3507 2134 συνήσει
3547 2066 3759 2122 ταῦτα.

485 2146 615 2202 haec.
648 2147 754 2212 Me,
782 2149 981 2221 inquit,
1013 2151 1312 2220 delectasti,
1346 2153 1592 2221 Domine,
1624 2158 1679 2210 in
1709 2157 1922 2228 factura
1955 2170 2067 2228 tua,

483 2250 531 2294 ct
562 2240 618 2294 in
647 2240 893 2311 operibus
927 2258 1179 2297 manuum
1204 2254 1456 2311 tuarum;
1492 2248 1585 2303 sed
1628 2264 1739 2304 non
1768 2251 1947 2321 quivis
1968 2252 2070 2307 ho-

483 2345 575 2385 mo
602 2331 722 2400 pari
763 2338 929 2401 atque
956 2348 1058 2403 ego
1087 2335 1253 2390 modo
1293 2336 1521 2395 affectus
1573 2346 1678 2396 est.
1723 2341 1877 2398 Multi
1908 2360 2061 2400 nam-

484 2437 594 2493 que
618 2422 942 2493 insipientes
957 2433 1011 2479 et
1035 2425 1413 2497 imprudentes
1430 2439 1579 2495 sunt,
1610 2432 1704 2502 qui
1734 2448 1836 2489 nec
1861 2444 2066 2492 norunt

483 2527 587 2567 nec
620 2512 932 2584 intelligunt
964 2531 1050 2584 ea,
1084 2517 1139 2571 in
1166 2518 1367 2587 quibus
1399 2534 1485 2575 me
1512 2519 1773 2577 delectari
1802 2530 1858 2578 et
1884 2526 2066 2580 exsul-

484 2610 605 2657 tare
651 2602 935 2659 conﬂteor.
977 2590 1346 2672 Quamobrem
1398 2610 1490 2680 qui
1536 2625 1664 2667 vere
1712 2611 1982 2684 insipiens
2009 2624 2064 2671 et

483 2696 688 2752 stultus
738 2704 843 2761 est,
890 2696 987 2752 Dei
1036 2700 1378 2769 providentia
1421 2711 1476 2757 et
1526 2703 1695 2760 verbo
1743 2708 2061 2763 universum

482 2789 801 2849 constitisse
847 2798 1047 2861 negat;
1079 2792 1174 2848 sed
1225 2792 1338 2849 fato
1371 2804 1426 2850 et
1464 2796 1802 2862 necessitati,
1833 2799 2059 2856 insano-

481 2895 589 2951 que
628 2879 845 2936 cuidam
886 2882 1074 2938 cursui
1119 2898 1184 2938 ac
1232 2882 1469 2940 fortuna:
1516 2894 1667 2942 tanta
1706 2886 1802 2943 Dei
1841 2888 2059 2960 opiﬁcis

483 2974 728 3033 ascribit.
764 2973 964 3031 Verum
999 2976 1184 3043 etiam,
1232 2984 1289 3031 ut
1321 2977 1570 3045 insanus,
1596 2979 1655 3034 in
1686 2980 1928 3038 universi
1957 2982 2054 3039 ad—

483 3066 892 3123 ministratione
927 3067 1040 3122 ruit
1087 3074 1141 3123 et
1183 3066 1385 3124 labitur
1433 3070 1711 3141 opinione,
1754 3072 1902 3143 quod
1948 3074 2055 3145 ipsi

483 3157 733 3212 videatur
784 3158 1018 3213 multum
1063 3159 1247 3214 inesse
1278 3158 1333 3212 in
1375 3160 1591 3215 mortali
1628 3161 1740 3216 vita
1771 3163 2054 3234 inaequali-

2184 2160 2342 2232 Ἐμὲ,
2385 2161 2570 2232 φησιν,
2593 2160 2924 2229 ηὔφρανας,
2954 2154 3000 2214 ὦ
3020 2160 3221 2229 Κύριε,
3261 2158 3331 2226 ἐν
3370 2157 3452 2225 τῷ
3474 2156 3762 2227 ποιήματι

2169 2272 2306 2319 σου,
2330 2254 2430 2308 καὶ
2449 2254 2520 2307 ἐν
2539 2254 2664 2319 τοῖς
2685 2252 2882 2323 ἔργοις
2901 2249 3019 2306 τῶν
3037 2250 3253 2321 χειρῶν⁸
3265 2266 3382 2305 σου
3399 2267 3413 2281 ⁶
3432 2249 3546 2304 ἀλλ’
3571 2249 3633 2303 οὐ
3662 2250 3761 2305 καὶ

2169 2348 2277 2411 πᾶς
2300 2345 2439 2417 ἀνὴρ
2463 2344 2564 2418 τὴν
2591 2344 2760 2415 αὐτὴν
2800 2343 2922 2414 ἐμοὶ
2949 2343 3103 2415 φέρει
3137 2342 3396 2397 διάθεσιν.
3431 2341 3626 2396 Πολλοὶ
3646 2341 3760 2413 γάρ

2166 2440 2303 2492 εἰσιν
2332 2438 2564 2510 ἄφρονες
2585 2436 2679 2490 καὶ
2697 2434 2966 2501 άσύνετοι,
2993 2435 3053 2487 οὐ
3078 2432 3457 2503 γινώσκοντες,
3480 2433 3602 2487 οὐδὲ
3626 2451 3757 2487 συν-

2168 2530 2341 2594 ιέντες
2385 2528 2524 2583 αὐτά
2552 2528 2618 2600 δὴ
2655 2527 2828 2581 ταῦτα
2853 2566 2868 2591 ,
2911 2527 2996 2597 ἐφ’
3044 2521 3127 2590 οἷς
3168 2526 3328 2591 αὐτὸς
3373 2524 3759 2598 εὐφραίνεσθαι

2163 2622 2256 2677 καὶ
2294 2621 2556 2693 ἀγαλλιᾷν
2598 2618 2866 2691 ὁμολογῶ.
2902 2619 3101 2691 Διόπερ
3129 2621 3158 2672 ὁ
3202 2619 3278 2683 ὡς
3309 2617 3527 2690 ἀληθῶς
3564 2616 3762 2689 ἄφρων

2161 2717 2256 2769 καὶ
2285 2715 2543 2778 ἀσύνετος
2574 2714 2789 2785 ἀναιρεῖ
2823 2712 2922 2783 μὲν
2950 2711 3011 2765 τὸ
3038 2710 3267 2783 προνοίᾳ
3307 2711 3403 2764 καὶ¹
3446 2709 3590 2781 λόγῳ
3616 2709 3757 2764 Θεοῦ

2162 2805 2483 2861 συνεστάναι
2509 2805 2570 2859 τὸ
2597 2804 2728 2871 πᾶν,
2759 2802 3067 2876 εἱμαρμένῃ
3094 2802 3151 2856 δὲ
3187 2801 3285 2855 καὶ
3316 2800 3552 2874 ἀνάγκῃ,
3574 2799 3759 2871 ἀλόγῳ

2157 2912 2218 2951 τε
2249 2898 2392 2970 φορᾷ
2422 2895 2518 2950 καὶ
2542 2895 2682 2966 τύχῃ
2706 2892 3050 2966 προσγράφει
3078 2892 3147 2946 τὰ
3169 2891 3470 2964 τηλικαῦτα
3496 2890 3590 2944 τοῦ
3611 2889 3757 2944 Θεοῦ

2156 2989 2633 3062 δημιουργήματα.
2671 2985 2833 3041 Ἀλλὰ
2872 2986 2967 3041 καὶ
3009 2985 3085 3050 ὡς
3128 2984 3385 3049 ἀσύνετος
3415 2983 3753 3055 προσκόπτει

2155 3084 2221 3153 τῇ
2246 3081 2509 3152 διοικήσει
2546 3076 2642 3133 τοῦ
2673 3078 2895 3145 παντὸς,
2921 3077 3008 3132 διὰ
3049 3077 3110 3132 τὸ
3154 3078 3330 3132 δοκεῖν
3366 3075 3569 3142 πολλὰς
3607 3075 3752 3130 ἀνω-

2160 3172 2358 3245 μαλίας
2389 3174 2445 3225 ὲν
2482 3170 2560 3242 τῷ
2584 3169 2766 3243 θνητῷ
2799 3169 2901 3241 βίῳ
2928 3168 3175 3239 θεωρεῖν.
3208 3168 3269 3223 '0
3310 3167 3410 3239 μὲν
3439 3163 3532 3222 οῦν
3560 3167 3755 3237 ἄφρων

484 3250 637 3305 tatis.
668 3248 941 3320 lnsipiens
989 3249 1157 3321 igitur
1182 3250 1273 3306 ille
1303 3258 1358 3306 et
1390 3251 1620 3310 insanus
1647 3270 1762 3310 rem
1806 3271 1949 3327 aegre
1976 3254 2053 3309 Γε-

2161 3266 2249 3320 καὶ
2281 3264 2540 3326 ἀσύνετος
2569 3261 2934 3334 δυσχεραίνων
2961 3260 3124 3324 εὐθὺς
3154 3259 3249 3313 ἐπὶ
3288 3260 3609 3331 βλάσφημον
3649 3259 3751 3313 καὶ

482 3356 633 3404 rens,
663 3342 845 3398 statim
873 3341 941 3396 ad
966 3341 1344 3412 blasphemum
1373 3351 1427 3400 et
1452 3344 1679 3415 impium
1699 3347 2049 3401 ratiocinium

390 3428 395 3429 7
483 3431 736 3496 vertitur,
758 3431 953 3486 borum
987 3443 1205 3488 causam
1229 3432 1489 3490 dictitans
1515 3451 1659 3502 esse,
1693 3435 1837 3507 quod
1870 3435 2054 3493 nullus

486 3524 560 3579 sit
592 3523 755 3589 Deus,
788 3524 939 3578 nulla
987 3523 1362 3596 providentia;
1407 3524 1504 3581 sed
1531 3527 1731 3581 'omnia
1771 3535 1975 3582 temere
2002 3536 2057 3582 et

486 3631 621 3672 casu
658 3614 922 3672 ferantur.
958 3614 1070 3689 Ego
1102 3631 1231 3672 vero
1255 3617 1421 3671 etiam
1449 3617 1503 3672 in
1534 3617 1643 3673 illis
1671 3618 1925 3673 obscuris
1957 3633 2056 3673 oc-

486 3706 769 3775 cultisque.
795 3707 983 3771 rebus,
1014 3707 1102 3778 pia
1136 3706 1378 3762 imbutus
1405 3708 1699 3774 sententia,
1730 3723 2057 3779 persuasum

485 3800 665 3855 habeo
704 3799 896 3867 iudicii
953 3807 1009 3857 et
1052 3801 1548 3858 administrationis
1604 3810 1711 3857 tute
1763 3803 2055 3870 rationem,

486 3892 807 3961 parvitatem
833 3907 1008 3948 meam
1032 3894 1193 3966 longe
1222 3909 1503 3965 superare.
1522 3893 1890 3962 Quamobrem
1911 3894 2054 3962 dico,

488 3983 665 4051 Quam
705 3986 1046 4056 magniﬁcam
1076 3995 1198 4041 sunt
1226 4002 1386 4056 opera
1423 3996 1538 4050 tua,
1581 3985 1842 4041 Domine!
1873 3987 2058 4042 admo-

486 4074 614 4128 dum
665 4075 884 4130 excelsis
928 4076 1085 4145 facta:
1137 4086 1261 4131 sunt
1308 4076 1651 4147 cogitationes
1696 4086 1821 4133 tum.
1860 4079 1924 4133 Et
1965 4080 2058 4149 qui

486 4168 700 4235 possint
731 4169 985 4223 mortalia
1031 4168 1342 4236 ratiocinia,
1395 4170 1669 4239 profunda
1720 4168 1817 4226 Dei
1869 4171 2059 4240 explo-

485 4274 630 4324 rare,
660 4267 716 4314 et
742 4260 1104 4331 cogitationes
1132 4261 1253 4331 ejus
1268 4262 1422 4332 queis
1442 4262 1683 4316 humana
1709 4262 2058 4316 administrat

487 4350 856 4421 cognoscere?
881 4351 1349 4417 Quemadmodum
1391 4355 1537 4407 enim
1569 4354 1753 4409 nullus
1784 4353 2055 4406 hominum

487 4441 629 4494 novit
655 4456 770 4510 qua:
795 4451 915 4494 sunt
938 4440 1185 4506 hominis,
1218 4444 1322 4498 nisi
1360 4445 1581 4513 spiritus
1611 4444 1702 4514 qui
1730 4446 1784 4498 in
1809 4445 1922 4513 ipso
1950 4452 2052 4507 est;

485 4530 563 4584 sic
590 4546 707 4601 qua:
740 4529 833 4584 Dei
861 4539 985 4585 sunt
1009 4532 1184 4587 nullus
1239 4536 1404 4602 novit,
1446 4536 1552 4590 nisi
1596 4533 1829 4605 Spiritus
1870 4534 1970 4589 Dei
1985 4535 2050 4601 ",

2158 3354 2330 3426 ἀσεϐῆ
2355 3351 2610 3423 λογισμὸν
2642 3349 2925 3422 τρέπεται,
2963 3348 3232 3419 άθεότητά
3270 3366 3330 3402 τε
3359 3350 3453 3402 καὶ
3483 3349 3754 3420 ἀπρονοη-

2158 3446 2280 3498 σίαν
2295 3484 2311 3510 ,
2342 3443 2519 3498 καὶτὸ
2542 3440 2689 3511 εἰκῆ,
2713 3440 2806 3493 καὶ
2834 3439 2910 3504 ὡς
2932 3438 3111 3509 ἔτυχε,
3137 3438 3340 3493 τούτων
3366 3433 3502 3492 εἶναι
3523 3437 3755 3505 φάσκων

2157 3535 2336 3590 αίτια·
2371 3533 2483 3605 ἐγὼ
2531 3533 2609 3599 δὲ,
2656 3532 2750 3585 καὶ
2790 3532 2884 3585 ἐπὶ
2930 3530 3038 3583 τῶν
3086 3529 3501 3601 προειρημένων
3534 3527 3753 3599 ἀδήλων

2158 3626 2398 3681 εὐσεϐεῖν
2454 3623 2866 3694 δεδιδαγμένος,
2918 3621 3261 3693 πέπεισμαι,
3323 3621 3405 3675 δτι
3454 3619 3593 3692 ὑπὲρ
3647 3617 3754 3691 τὴν

2158 3719 2299 3791 ἐμὴν
2345 3718 2687 3790 σμικρότητα
2730 3713 3087 3786 τυγχάνουσιν
3131 3715 3181 3767 οἱ
3218 3713 3320 3783 τῆς
3376 3712 3475 3784 σῆς
3512 3710 3753 3784 κρίσεως

2159 3812 2253 3865 καὶ⁹
2273 3809 2588 3882 διοικήσεως
2614 3807 2782 3876 λόγοι.
2815 3806 2906 3861 Διό
2932 3825 3072 3879 φημι
3092 3824 3106 3836 '
3144 3806 3243 3872 Ὠς
3270 3804 3642 3874 ὲμεταλύνθη
3678 3801 3752 3856 τὰ

2157 3902 2302 3972 ἔργα
2333 3915 2472 3966 σου,
2497 3898 2710 3968 Κύριεί
2744 3897 2983 3968 σφόδρα
3025 3894 3512 3965 ὑπερυψώθησαν
3534 3896 3588 3947 οἱ
3620 3893 3750 3948 δια-

2156 3993 2437 4064 λογισμοί
2484 4005 2621 4046 σου.
2666 3992 2779 4046 Καὶ
2826 3989 2990 4043 πόθεν
3033 3990 3142 4061 γὰρ
3201 3987 3413 4058 θνητοῖς
3471 3984 3750 4055 λογισμοῖς

2158 4086 2386 4157 ὲρευνᾷν
2426 4083 2496 4139 τὰ
2523 4083 2662 4155 βάθη
2688 4081 2781 4137 τοῦ
2816 4082 2981 4150 Θεοῦ,
3012 4081 3108 4135 καὶ
3141 4076 3429 4149 γινώσκειν
3471 4077 3598 4141 τοὺς
3628 4077 3748 4130 δια-

2157 4178 2449 4248 λογισμοὺς
2477 4176 2643 4230 αὐτοῦ
2678 4174 2896 4237 καθόὒς
2931 4175 3124 4228 διοικεῖ
3160 4170 3230 4224 τὰ
3268 4168 3612 4242 ἀνθρώπινα;
3659 4169 3749 4233 Ὠς

2157 4270 2267 4343 γὰρ
2287 4269 2462 4333 οὐδεὶς
2493 4269 2633 4339 έγνω
2652 4267 2771 4322 τῶν
2798 4265 3125 4335 ἀνθρώπων
3139 4263 3212 4317 τὰ
3229 4261 3334 4316 τοῦ
3355 4259 3671 4329 ἀνθρώπου
3695 4260 3749 4313 ει

2155 4361 2237 4432 μὴ
2261 4361 2327 4415 τὸ
2348 4361 2583 4430 πνεῦμα
2600 4359 2667 4414 τὸ
2686 4359 2755 4412 ἐν
2773 4356 2953 4423 αὐτῷ,
2972 4356 3126 4409 οὕτω
3148 4353 3246 4408 καὶ
3268 4351 3341 4407 τὰ
3361 4353 3467 4407 τοῦ
3485 4352 3634 4406 Θεοῦ
3654 4351 3729 4405 οὐ

2156 4452 2280 4520 δεὶς
2314 4454 2467 4524 ἔγνω
2502 4454 2557 4506 εί
2587 4451 2674 4521 μὴ
2706 4449 2774 4503 τὸ
2803 4447 3046 4517 Πνεῦμα
3063 4445 3169 4501 τοῦ
3199 4443 3369 4511 Θεοῦ,
3399 4444 3494 4497 καὶ
3514 4443 3611 4513 οὐχ
3637 4436 3747 4504 οἶός

2161 4564 2221 4600 τε
2248 4546 2449 4615 λέγειν.
2480 4544 2672 4614 Ἡμεῖς
2693 4539 2761 4595 δὲ
2781 4542 2854 4595 οὐ
2880 4539 2946 4594 τό
2968 4537 3203 4609 πνεῦμα
3223 4536 3330 4592 τοῦ
3358 4538 3592 4605 κόσμου
3615 4530 3743 4587 ἐλά-

486 4636 664 4691 neque
689 4622 870 4678 dicere
897 4629 1078 4694 potest
1100 4642 1116 4678 :
1136 4623 1251 4680 Nos
1280 4636 1454 4680 autem
1470 4643 1573 4681 non
1598 4627 1844 4697 spiritum
1873 4626 2055 4680 mundi

2163 4613 2361 4708 60W,
2396 4613 2549 4690 ἀλλά
2569 4635 2630 4688 τὸ
2671 4632 2898 4704 Πνεῦμα
2926 4630 3020 4685 τοῦ
3046 4629 3181 4685 Θεοῦ
3201 4648 3215 4661 ο
3256 4629 3383 4702 περὶ
3412 4622 3472 4681 οὗ
3506 4628 3743 4699 εῐρηται’

486 4714 780 4781 accepimus
796 4714 860 4778 ¹³,
893 4714 988 4769 sed
1021 4713 1284 4785 Spiritum
1317 4716 1435 4782 Dei,
1466 4718 1534 4773 de
1563 4733 1673 4788 quo
1696 4718 1902 4775 dictum
1926 4731 2010 4775 est
2038 4735 2051 4771 :

490 4801 635 4858 Nam
689 4804 919 4874 Spiritus
979 4808 1156 4862 omnia
1215 4817 1515 4877 scrutatur,
1569 4811 1729 4864 etiam
1790 4811 2055 4882 profunda

487 4893 687 4963 Dei”;
712 4911 835 4967 quae
877 4912 1001 4952 cum
1041 4899 1211 4969 probe
1250 4900 1451 4967 norim,
1491 4900 1803 4958 nullatenus
1843 4903 1912 4959 de
1959 4903 2059 4958 ho-

487 4986 700 5043 minum
748 4988 1114 5058 inaequalitate
1162 4990 1489 5060 perturbor;
1528 4992 1639 5048 imo
1678 5009 1811 5049 vero
1846 4995 2057 5066 gaudeo

485 5087 542 5134 et
571 5080 748 5146 laetor,
800 5080 1158 5149 providentiae
1205 5081 1474 5138 rationem
1526 5099 1639 5139 non
1684 5086 1753 5141 ab
1800 5086 2058 5143 humanis

486 5173 732 5235 casibus,
758 5173 854 5228 sed
880 5173 950 5228 ab
994 5175 1253 5244 operibus
1296 5189 1560 5229 manuum
1589 5175 1683 5232 Dei
1727 5185 1782 5233 et
1803 5178 1871 5233 ab
1901 5181 2059 5249 opill-

488 5263 590 5320 ciis
615 5262 734 5333 ejus
762 5273 944 5322 mente
975 5266 1315 5337 concipiens.
1354 5265 1576 5323 Gaudeo
1618 5268 1745 5324 item
1777 5278 1831 5325 et
1865 5272 2059 5327 admo-

488 5354 619 5408 dum
643 5355 817 5421 laetor,
840 5357 910 5412 iis
929 5356 1166 5411 donatus
1197 5357 1375 5421 bonis,
1410 5359 1611 5428 quibus
1638 5359 1901 5430 insipiens
1932 5360 2057 5430 qui-

487 5442 622 5498 libet
651 5453 706 5499 et
735 5445 938 5501 stultus
973 5447 1244 5516 privatur,
1272 5462 1377 5502 nec
1404 5448 1551 5503 valet
1588 5452 1658 5504 ab
1688 5450 1944 5519 operibus
1960 5448 2058 5506 Dei

490 5533 636 5591 illius
665 5537 1020 5607 providentiae
1043 5540 1101 5593 in
1125 5539 1305 5595 omnia
1340 5540 1581 5598 rationes
1613 5541 1874 5597 ediscere.

598 5750 640 5782 "
677 5749 820 5807 Psal.
853 5769 981 5817 vm,
1019 5757 1071 5812 4.
1152 5757 1194 5789 ’⁵
1237 5756 1366 5829 Sap.
1395 5775 1525 5827 xm,
1558 5762 1609 5817 5.
1711 5764 1753 5796 ’⁵
1791 5761 1946 5817 Rom.
1986 5779 2024 5830 ι,
2063 5765 2150 5821 90.

2167 4730 2237 4783 Τὸ
2270 4728 2380 4798 γὰρ
2411 4727 2653 4796 Πνεῦμα
2701 4723 2897 4780 πάντα
2936 4719 3172 4793 ἐρευνᾷ,
3204 4721 3304 4776 καὶ
3335 4720 3407 4774 τὰ
3443 4719 3606 4787 βάθη
3639 4717 3747 4773 τοῦ

2165 4820 2345 4876 Θεοῦ·
2376 4820 2518 4892 ἄπερ
2542 4815 2717 4882 εἰδὼς,
2750 4816 3002 4888 οὐδαμῶς
3047 4815 3141 4868 ἐπὶ
3181 4815 3246 4885 τῇ
3293 4812 3401 4867 τῶν
3442 4808 3744 4882 ἀνθρώπων

2162 4912 2447 4985 ἀνωμαλίᾳ
2492 4910 2862 4982 ταράττομαι·
2912 4909 3086 4980 χαίρω
3136 4906 3196 4960 δὲ
3243 4906 3338 4959 καὶ
3384 4902 3745 4974 εὐφραίνομαι

2156 5008 2282 5070 τοὺς
2314 5007 2413 5076 τῆς
2441 5001 2694 5075 προνοίας
2724 5001 2914 5070 λόγους
2957 5000 3057 5052 οὐκ
3099 4998 3209 5052 ἀπὸ
3236 4996 3344 5051 τῶν
3365 4994 3506 5050 κατὰ
3534 4993 3741 5065 ἄνθρω-

2158 5112 2259 5148 πον
2293 5091 2746 5163 συμπτωμάτων,
2784 5089 2891 5143 ἀπὸ
2929 5088 2986 5142 δὲ
3024 5086 3132 5141 τῶν
3169 5086 3346 5158 ἔργων
3388 5083 3496 5139 τῶν
3541 5082 3742 5154 χειρῶν

2158 5186 2249 5240 τοῦ
2277 5184 2414 5238 Θεοῦ
2449 5183 2545 5238 uel.
2575 5183 2681 5237 ἀπὸ
2704 5181 2812 5237 τῶν
2843 5181 3163 5252 ποιημάτων
3195 5177 3359 5232 αὐτοῦ
3389 5175 3739 5247 καταλαμΰά-

2158 5294 2283 5330 νων.
2323 5276 2433 5329 Καὶ
2472 5274 2648 5347 χαίρω
2689 5291 2753 5343 γε
2797 5272 2891 5326 καὶ⁴
2928 5270 3437 5342 ὑπερευφραίνομαι
3487 5263 3740 5320 τοιούτων

2161 5360 2535 5426 καταξιωθεὶς,
2569 5355 2644 5414 ὧν
2671 5359 2957 5431 ἐστέρηται
2987 5361 3094 5422 πάς
3125 5357 3314 5429 ἄφρων
3338 5358 3430 5411 καὶ
3460 5355 3737 5418 ἀσύνετος,

2160 5452 2221 5504 οὐ
2253 5450 2547 5521 δυνάμενος
2572 5450 2680 5503 ἀπὸ
2709 5449 2816 5503 τῶν
2842 5448 3016 5521 ἔργων
3042 5448 3136 5501 τοῦ
3166 5446 3324 5512 Θεοῦ,
3347 5450 3460 5513 τοῖς
3492 5447 3619 5518 περὶ
3643 5446 3739 5517 τῆς

2164 5544 2391 5597 καθόλου
2424 5544 2679 5615 προνοίας
2704 5543 2881 5612 λόγοις
2912 5542 3330 5614 μαθητεύεσθαι.

2236 5766 2279 5797 η
2318 5766 2340 5820 ι
2373 5765 2499 5821 Cor.
2540 5779 2609 5831 ιι,
2648 5764 2732 5818 ιι.
2815 5765 2856 5798 η
2897 5764 3025 5820 ibid.
3068 5763 3151 5819 ιε,
3231 5762 3273 5796 ι·
3317 5762 3445 5819 ibid.
3486 5763 3573 5818 to.
