4074 6382
408 391 540 448 H77

1529 381 2030 442 COMMENTARIA
2068 384 2136 438 IN
2176 384 2514 443 PSALMOS.

3493 375 3627 432 H78

488 508 581 560 Ἐν
598 504 677 573 τῷ
703 504 1007 561 ἀνατεῖλαι
1030 502 1414 573 ἁμαρτωλοὺς
1430 503 1573 558 ὡσεὶ
1596 504 1833 574 χόρτον,
1869 501 1963 557 καί

2145 500 2304 559 Vsus.
2336 504 2389 559 8.
2432 501 2564 560 Cum
2605 506 2775 559 exorti
2813 504 3004 575 fuerint
3041 510 3334 574 peccatores
3375 498 3512 552 sicut
3559 493 3608 560 fe

399 599 698 669 διέκυψαν
746 597 969 664 πάντες
1018 600 1073 652 oi
1126 596 1496 667 ἐργαζόμενοι
1537 596 1653 666 τὴν
1687 596 1965 666 ἀνομίαν,

400 690 560 758 ὅπως
598 690 676 745 ἂν
714 688 1223 758 ἐξολοθρευθῶσιν
1239 691 1326 755 είς
1349 688 1456 743 τὸν
1480 687 1664 742 αἰῶνα
1690 687 1798 742 τοῦ
1838 686 1971 741 αίῶ-

399 793 525 842 νος.
560 776 618 830 '0
650 775 747 847 μὲν
792 776 982 848 ἄφρων
1032 779 1125 831 καὶ
1157 776 1432 840 ἀσύνετος,
1471 776 1613 847 ὁρῶν
1639 777 1853 841 ἀσεϐεῖς
1879 777 1972 830 εὐ-

401 865 795 937 θυμουμένους,
828 866 1069 932 δικαίους
1114 867 1172 920 δέ
1211 867 1304 921 καὶ
1338 867 1578 932 εὐσεϐεῖς
1602 867 1971 939 κακουμένους

398 956 457 1009 οὐ
496 956 705 1028 συνίησι
758 958 884 1022 τοὺς
913 958 1015 1029 τῆς
1055 958 1317 1031 Προνοίας
1376 958 1587 1027 λόγους,
1647 958 1760 1012 ἀλλ’
1809 958 1967 1022 εὐθὺς

398 1048 487 1101 ἐπ’
515 1048 734 1112 ἀσεϐεῖς
773 1049 1030 1121 τρέπεται
1054 1050 1369 1121 λογισμοὺς,
1402 1050 1682 1104 ἐκπίπτων
1709 1052 1788 1114 εἰς
1814 1049 1969 1104 ἀθεό-

396 1155 576 1211 τητα·
637 1140 749 1210 ἐγὼ
801 1142 879 1206 δέ,
927 1142 1004 1215 τῷ
1053 1143 1319 1215 ποιήματι
1360 1160 1452 1197 σου
1485 1143 1706 1214 ἐνορῶν,
1737 1143 1968 1207 καὶτοῖς

393 1231 582 1303 ἔργοις
626 1233 734 1288 τῶν
780 1234 982 1307 χειρῶν
1027 1252 1144 1302 σου,
1195 1235 1333 1307 μετά
1360 1234 1467 1290 τῶν
1500 1235 1672 1290 ἄλλων
1709 1233 1966 1297 συνεῖδον,

399 1325 482 1379 ὅτι
510 1323 573 1378 τὸ
603 1323 754 1389 τέλος
783 1325 891 1380 τῶν
916 1325 1055 1380 κατά
1081 1328 1170 1381 τὸν
1204 1326 1318 1399 βίον
1350 1326 1722 1398 εὐθυμούντων
1754 1323 1967 1379 ἀσεϐῶν

397 1414 618 1490 ὄλεθρον
651 1417 890 1488 περιέχει
917 1419 1012 1473 καὶ
1036 1419 1339 1473 ἀπώλειαν·
1369 1418 1449 1473 διὸ
1476 1418 1609 1473 πολὺ
1649 1417 1809 1471 πλέον
1840 1417 1966 1480 τοὺς

396 1506 497 1577 τῆς
521 1506 668 1573 θείας
696 1509 927 1580 κρίσεως
952 1509 1144 1578 λόγους
1184 1509 1719 1582 ύπερεκπλήττομαι.
1751 1508 1966 1578 "nemp

396 1596 531 1665 γοῦν
565 1597 755 1669 χόρτος
783 1599 876 1653 καὶ
897 1598 964 1652 τά
990 1599 1096 1652 ἀπὸ
1120 1600 1225 1671 γῆς
1253 1600 1386 1672 ἄνθη
1423 1599 1559 1671 πρὸς
1582 1599 1759 1668 ὀλίγον
1791 1598 1967 1670 ὡραῖα

397 1686 667 1755 φαίνεται,
703 1690 795 1742 καὶ
847 1688 1027 1758 θέλγει
1064 1689 1163 1761 τὴν
1197 1692 1407 1761 ὅρασιν,
1455 1690 1549 1743 καὶ
1584 1689 1683 1761 τὴν
1715 1687 1965 1760 αἴσθησιν

396 1778 636 1844 ἃπασαν,
665 1781 787 1834 ὅσον
817 1779 874 1834 δέ
929 1781 1139 1835 οὐδέπω
1179 1781 1499 1852 μεταϐάλλει
1542 1781 1636 1836 καὶ
1678 1780 1960 1853 τρέπεται,

399 1870 578 1939 φθίνει
606 1891 666 1928 τε
697 1875 870 1945 ῥᾷστα
900 1877 991 1929 καὶ
1013 1874 1327 1929 ἀπόλλυται’
1346 1874 1436 1929 τὸν
1465 1873 1626 1930 αὐτὸν
1646 1873 1845 1945 τρόπον
1871 1875 1967 1928 καὶ

395 1964 445 2016 οἱ
476 1964 627 2037 παρά
667 1969 781 2030 τοῖς
811 1966 1023 2032 πολλοῖς
1065 1967 1464 2040 θαυμαζόμενοι
1506 1966 1819 2040 ἁμαρτωλοὶ
1850 1966 1967 2037 ἅμα

394 2069 455 2107 τε
496 2054 794 2121 ἀνέτειλαν,
830 2056 924 2110 καὶ
984 2058 1122 2131 πρὸς
1164 2058 1342 2127 ὀλίγον
1391 2058 1743 2130 ἀνθήσαντες,
1788 2057 1967 2112 διέκυ-

394 2145 523 2216 ψαν,
548 2147 823 2220 ἐφάνησαν
848 2165 909 2201 τε
938 2148 1081 2214 τίνες
1110 2149 1239 2202 ποτέ
1266 2151 1392 2215 εἱσι,
1424 2150 1517 2202 καὶ
1552 2150 1742 2214 ὁποίας
1776 2166 1967 2220 προαι-

398 2237 630 2308 ρέσεωςο
669 2236 767 2292 εἶτ’
798 2241 898 2294 οὑκ
928 2242 1009 2306 είς
1038 2242 1248 2314 μακρὸν
1272 2241 1468 2305 αὐτοὺς
1497 2241 1758 2312 μετῆλθεν
1782 2241 1966 2296 οὐκέτι

394 2328 602 2403 βραχὺς
626 2334 722 2387 καὶ
746 2333 1075 2407 πρόσκαιρος
1101 2334 1340 2407 δλεθρος,
1374 2334 1511 2389 ἀλλά
1531 2334 1783 2407 διηνεκὴς
1818 2334 1967 2390 amb-

392 2420 532 2478 λεια.
582 2424 953 2498 Ἑπειδήπερή
980 2426 1047 2498 σὴ
1069 2426 1433 2495 δικαιοκρισία
1461 2429 1573 2492 τοῖς
1610 2427 1966 2499 ἀνθρωπίνοις

395 2512 662 2586 ἐφέστηκε
706 2516 1014 2588 πράγμασι,
1053 2517 1135 2571 διὸ
1164 2517 1228 2589 δὴ
1254 2517 1486 2589 μάλιστα
1518 2518 1966 2591 συγκεχωρῆσθαι

392 2606 507 2667 τοῖς
525 2606 867 2677 ἁμαρτωλοῖς
899 2608 992 2662 καὶ
1024 2611 1138 2673 τοῖς
1179 2608 1565 2682 ἐργαζομένοις
1591 2611 1692 2682 τὴν
1738 2611 1966 2682 ἀνομίαν

393 2697 455 2750 τὸ
491 2698 765 2753 ἀνατεῖλαι
793 2700 887 2753 καὶ
911 2699 1168 2770 διακῦψαι
1190 2699 1427 2772 ἠγοῦμαι
1444 2720 1459 2735 ·
1488 2701 1563 2765 ὼς
1589 2701 1655 2755 ἂν
1682 2702 1964 2773 ἐλεγχθείη

392 2790 571 2844 αὐτῶν
593 2792 1003 2879 ττι-προαίρεσις,
1049 2793 1111 2847 οὐ
1141 2793 1322 2856 καλῶς
1371 2796 1483 2858 τοῖς
1509 2794 1602 2847 τοῦ
1625 2794 1759 2848 Θεοῦ
1791 2794 1967 2866 δωρή-

396 2898 528 2951 μασι
580 2884 925 2956 κεχρημένηο
977 2884 1164 2956 διόπερ
1220 2884 1432 2948 ἔκδικος
1498 2885 1694 2950 αὐτοὺς
1748 2885 1966 2957 ὄλεθρος

395 2974 611 3040 αἰώνιος
631 2976 949 3045 διαδέξεται.

466 3066 550 3119 Σὺ
581 3065 650 3120 δὲ
673 3067 958 3137 Ὗψιστος
970 3069 1058 3135 εἰς
1088 3069 1198 3124 τόν
1228 3070 1437 3135 αίῶνα,
1464 3073 1659 3140 Κύριε.
1685 3071 1805 3124 Ὅτι
1838 3067 1965 3124 ἰδοὺ

393 3162 448 3213 οἱ
469 3160 672 3258 ἐχθροί
683 3176 819 3225 σου,
843 3161 1042 3229 Κύριε,
1075 3159 1164 3213 ὅτι
1193 3160 1322 3214 ἰδοὺ
1351 3164 1405 3215 οὶ
1441 3161 1639 3230 ἐχθροί
1675 3174 1791 3215 σου
1818 3160 1964 3214 ἀπο-
1992 3201 2033 3258 C

393 3252 663 3318 λοῦνται,
719 3252 820 3307 καὶ
859 3252 1509 3322 διασκορπισθήσονται
1538 3251 1759 3317 πάντες
1786 3252 1841 3305 οἱ
1879 3249 1966 3317 ἐρ-

395 3342 699 3415 γαζόμενοι
728 3343 843 3413 τὴν
871 3345 1142 3416 ἀνομίαν.
1169 3343 1279 3398 Καὶ
1319 3342 1703 3412 ὑψωθήσεται
1733 3343 1815 3408 ὡς
1852 3357 1964 3410 μο-

389 3437 717 3507 νοκέρωτος
765 3437 830 3491 τὸ
882 3438 1060 3506 κέρας
1080 3454 1220 3507 μου,
1274 3437 1372 3490 καὶ
1415 3435 1483 3489 τὸ
1526 3433 1716 3506 γῆράς
1742 3451 1860 3503 μου
1897 3432 1967 3485 ἐν

392 3530 576 3596 ἐλαίῳ
601 3531 786 3586 πίονι.
818 3530 929 3586 Καὶ
959 3530 1193 3585 ἐπεῖδεν
1210 3534 1243 3585 ό
1274 3530 1581 3601 ὀφθαλμός
1599 3545 1719 3598 μου
1745 3526 1816 3581 ἐν
1842 3523 1966 3591 τοῖς

393 3619 629 3690 ἐχθροῖς
655 3638 796 3691 μου,
825 3620 924 3674 καὶ
968 3620 1038 3672 ἐν
1063 3619 1186 3685 τοῖς
1214 3616 1715 3687 ὲπανισταμένοις
1743 3615 1836 3669 ἐπ’
1861 3614 1967 3684 ἐμὲ

391 3710 893 3780 πονηρευομένοις
930 3711 1328 3764 ἐπακούσεται
1362 3710 1430 3763 τὸ
1455 3706 1562 3774 οὖς
1580 3725 1713 3777 μου.
1748 3707 1819 3760 Σὺ
1845 3706 1964 3776 μὲν,

395 3798 579 3867 φησὶν,
609 3792 655 3853 ὦ
678 3798 870 3869 Κύριε,
899 3798 984 3852 ἀεὶ
1017 3796 1241 3852 κατὰτὰ
1262 3796 1399 3850 αύτά
1435 3796 1528 3851 καὶ
1555 3794 1813 3859 ὡσαύτως
1827 3794 1967 3866 ἔχων

404 3888 652 3961 ’Υψιστος
668 3890 725 3942 ἐν
743 3890 964 3961 ὑψηλοῖς
989 3889 1258 3961 διαμενεῖς
1287 3889 1377 3942 τὸν
1401 3888 1687 3959 σύμπαντα
1709 3887 1880 3940 αἰῶνα
1904 3885 1966 3939 οὐ

397 3982 749 4054 τρεπόμενος,
782 3983 844 4035 οὐ
876 3981 1322 4053 ταπεινούμενος,
1355 3980 1453 4034 οὐκ
1481 3977 1878 4049 ἀλλοιούμενος,
1903 3977 1965 4031 οὐ

396 4069 659 4142 κρείττων
717 4069 914 4123 σαυτοῦ
962 4070 1264 4141 γινόμενος,
1302 4069 1362 4121 οὐ
1400 4073 1513 4134 τοῖς
1553 4070 1831 4131 ταπεινοῖς
1859 4067 1967 4121 τῶν

393 4162 489 4215 ἐπὶ
542 4161 646 4233 γῆς
681 4160 1052 4232 ὁμοιούμενος,
1096 4160 1216 4213 οὐδὲ
1269 4159 1463 4232 μικρόν
1498 4177 1551 4213 τι
1597 4158 1691 4214 καὶ⁵
1717 4158 1967 4212 ταπεινὸν

394 4252 607 4324 φρονῶν
637 4252 731 4305 καὶ
759 4251 1033 4324 πράττων,
1062 4250 1177 4305 ἀλλ’
1211 4252 1291 4315 είς
1312 4252 1536 4323 ἄπειρον
1571 4249 1755 4321 σαυτῷ
1779 4248 1968 4320 διαμέ-

393 4361 500 4399 νων
531 4347 714 4416 ὄμοιος
734 4361 748 4377 ·
780 4346 940 4417 ἡμεῖς
961 4344 1018 4399 δέ
1043 4345 1093 4397 οἱ
1123 4343 1367 4398 ταπεινοὶ
1389 4343 1481 4396 καὶ
1508 4342 1724 4414 μακρὰν
1746 4343 1845 4413 τῆς
1867 4344 1965 4412 σῆς

393 4437 692 4507 ἀπέχοντες
745 4435 1027 4505 δυνάμεως
1071 4434 1258 4490 ἄλλοτε
1299 4433 1472 4498 ἄλλως
1524 4432 1820 4505 φερόμεθα,
1871 4433 1965 4486 καὶ¹

397 4523 863 4598 μεταδαλλόμεθα.
886 4526 950 4579 Οἱ
987 4526 1085 4597 μὲν
1117 4521 1211 4579 οὖν
1240 4524 1422 4596 ἐχθροί
1456 4541 1572 4588 σου,
1596 4522 1641 4576 ὦ
1671 4523 1863 4594 Κύριε,
1889 4522 1965 4586 ὡς

395 4616 462 4670 ἂν
487 4616 712 4681 ἑαυτοὺς
742 4614 1052 4687 ἀλλοτρίους
1095 4617 1531 4688 καταστήσαντες
1563 4616 1662 4686 τῆς
1690 4613 1841 4686 παρὰ
1886 4614 1969 4666 σοὶ

394 4707 563 4778 ζωῆς,
600 4706 798 4780 ἔχθραν
829 4724 887 4760 τε
932 4707 1053 4762 ἀντὶ
1082 4707 1262 4776 φιλίας
1295 4707 1432 4781 πρὸς
1451 4706 1511 4760 σέ
1537 4706 1629 4759 τὸν
1654 4706 1813 4777 μόνον
1835 4706 1971 4774 ἀγα-

395 4801 486 4856 θὸν
536 4801 803 4872 ἑλόμενοι,
862 4799 1206 4864 ἀπολοῦνται,
1246 4801 1456 4865 ἐαυτοῖς
1495 4798 1657 4853 αῐτιοι
1690 4797 1970 4869 γενόμενοι

393 4893 690 4957 ἀπωλείας,
739 4891 829 4946 διὰ
881 4892 941 4945 τὸ
967 4891 1044 4963 μὴ
1088 4890 1337 4962 ἐθελῆσαί
1379 4890 1461 4945 σοι
1503 4889 1840 4963 παραμένειν
1876 4888 1971 4942 καί

397 5001 478 5038 σοι
505 4984 838 5055 φιλωθῆναν
882 4983 1083 5056 ἔχθραν
1123 4983 1180 5036 δέ
1220 4981 1449 5056 ἄρασθαι
1471 4980 1570 5052 τὴν
1613 4981 1750 5052 πρὸς
1788 4981 1849 5033 σὲ
1881 4978 1971 5033 τὸν

396 5077 604 5131 ἑαυτῶν
635 5077 861 5147 ποιητήν
890 5093 949 5128 τε
978 5074 1071 5128 καὶ
1102 5073 1339 5143 σωτῆρα.
1363 5071 1455 5125 Διὸ
1477 5070 1580 5124 κᾶν
1613 5070 1781 5141 μυρία
1811 5086 1972 5123 συνα-

394 5172 638 5241 γάγωσιν
671 5170 729 5222 ἐν
754 5166 831 5238 τῷ
862 5166 960 5238 βίῳ
979 5165 1153 5237 τούτῳ
1171 5164 1451 5236 χρήματα,
1479 5163 1573 5216 καὶ
1594 5160 1845 5226 πλοῦτον,
1876 5161 1971 5215 καὶ

395 5261 723 5332 θησαυροὺς,
780 5258 914 5313 ἀλλά
956 5257 1025 5312 τά
1080 5256 1257 5310 πάντα
1290 5256 1387 5309 σὺν
1419 5257 1539 5318 ταῖς
1561 5253 1742 5308 αὐτῶν
1772 5254 1970 5324 ψυχαῖς

396 5353 493 5406 καὶ
537 5352 720 5415 αὐτοῖς
777 5352 990 5420 σώμασι
1034 5345 1634 5419 διασκορπισθήσονται.
1690 5343 1831 5413 Ἐγὼ
1861 5345 1917 5398 δὲ
1942 5346 1971 5396 ὁ

394 5447 494 5518 τὴν
524 5443 662 5516 πρὸς
696 5442 755 5496 σέ
780 5441 980 5511 γνῶσιν
998 5441 1094 5495 καὶ
1114 5439 1294 5510 φιλίαν
1310 5437 1718 5509 ἀσπασάμενος,
1745 5437 1839 5490 καὶ
1863 5435 1970 5491 τῶν

396 5535 604 5608 ἐχθρῶν
625 5551 718 5587 σου
745 5533 1021 5605 ἀλλότριος
1047 5530 1307 5601 γεγονὼς,
1324 5530 1645 5601 πέπεισμαι,
1664 5529 1745 5582 ὅτι
1761 5528 1858 5599 τῆς
1876 5528 1970 5582 ἐπὶ

396 5629 458 5682 τὸ
485 5631 733 5701 κρεῖττον
785 5625 1088 5699 μεταϐολῆς
1114 5625 1372 5695 τεύξομαι
1393 5625 1461 5694 τῇ
1501 5625 1567 5693 σῇ
1603 5620 1970 5692 δικαιοκρισίᾳ.

400 5721 686 5775 πιστεύων·
714 5719 856 5773 ὥστε
882 5720 931 5772 εί
964 5718 1059 5772 καὶ
1089 5716 1228 5772 κατά
1256 5716 1348 5769 τὸν
1370 5713 1613 5785 παρόντα
1643 5712 1756 5783 βίον
1786 5710 1970 5776 ἄδοξός

398 5832 491 5881 τις
524 5811 663 5870 εἶναι
715 5813 928 5885 δοκοίην
976 5813 1069 5867 καὶ
1121 5809 1373 5873 ταπεινὸς
1414 5807 1563 5879 παρά
1595 5809 1705 5871 τοῖς
1736 5805 1967 5872 πολλοῖς,

2070 612 2216 660 num,
2249 606 2298 650 ct
2341 596 2679 666 apparuerint
2722 612 2898 650 omnes
2943 595 3033 666 qui
3069 592 3346 662 operantur
3391 584 3618 657 iniquita

2072 698 2171 740 tem
2196 704 2214 752 ;
2246 697 2302 740 ut
2334 688 2594 741 intereant
2624 691 2680 740 in
2710 686 2958 741 sa’culum
2983 683 3182 739 swculi.
3211 681 3479 752 lnsipiens
3509 674 3613 747 qui

2070 777 2191 832 dem
2227 793 2291 833 ac
2322 779 2521 833 stultus
2555 778 2662 842 ille,
2687 793 2810 831 cum
2840 775 2984 831 videt
3013 775 3207 843 impios
3234 772 3483 826 homines
3515 781 3623 838 pro.

2070 885 2227 940 spere
2275 885 2454 939 agere,
2485 869 2665 939 justos
2713 876 2893 923 autem
2943 874 2999 922 et
3038 866 3157 936 pios
3197 863 3441 917 homines
3476 859 3631 912 malis

2068 960 2324 1031 opprimi,
2356 958 2717 1015 Providentia:
2744 960 3009 1013 rationem
3050 971 3160 1011 non
3200 952 3491 1021 intelligit;
3539 947 3631 1002 sed

2070 1050 2251 1106 statim
2287 1050 2353 1103 ad
2399 1051 2562 1119 impia
2610 1049 2895 1103 ratiocinia
2932 1048 3186 1107 vertitur,
3237 1044 3308 1097 ita
3358 1042 3545 1110 lapsus
3576 1046 3631 1092 ut

2069 1142 2276 1195 nullum
2306 1157 2428 1196 esse
2459 1140 2627 1196 Deum
2660 1147 2831 1211 putet.
2860 1139 2971 1211 Ego
2998 1154 3129 1192 vero
3155 1134 3426 1205 opiﬁcium
3457 1139 3634 1194 tuum,

2068 1242 2121 1289 et
2153 1249 2314 1304 opera
2350 1249 2606 1289 manuum
2643 1241 2859 1287 tuarum
2910 1230 3287 1289 considerans,
3320 1226 3372 1279 in
3415 1223 3501 1277 his
3540 1220 3620 1275 de

2067 1323 2327 1394 prehendi
2361 1324 2520 1378 ﬁnem
2553 1322 2862 1393 impiorum,
2888 1322 2977 1390 qui
3013 1320 3067 1373 in
3096 1318 3199 1371 hac
3231 1316 3340 1369 vita
3378 1325 3635 1383 prospere

2070 1423 2256 1485 agunt,
2298 1429 2422 1470 esse
2458 1413 2733 1468 interitum
2773 1428 2837 1467 ac
2875 1410 3164 1482 perniciem
3201 1427 3214 1463 :
3256 1420 3425 1476 quare
3466 1402 3637 1456 multo

2067 1503 2241 1574 magis
2272 1502 2440 1557 divini
2486 1501 2674 1571 judicii
2719 1501 2983 1555 rationem
3022 1498 3280 1552 admiror.
3315 1492 3449 1548 Nam
3491 1491 3636 1545 sicut

2070 1592 2250 1648 fenum
2292 1602 2346 1648 et
2371 1591 2531 1647 ﬂores
2560 1599 2719 1646 terra:
2751 1589 2817 1643 ad
2849 1590 3011 1644 breve
3033 1596 3245 1656 tempus
3275 1583 3523 1653 speciosa
3554 1579 3636 1633 vi-

2067 1684 2264 1740 dentur
2296 1685 2593 1753 oculosque
2633 1698 2699 1736 ac
2746 1696 2966 1737 sensum
2999 1679 3345 1740 demulcent,
3385 1672 3480 1728 sed
3508 1684 3634 1724 mox

2068 1782 2349 1829 mutantur
2378 1790 2443 1828 ac
2472 1780 2778 1837 vertuntur,
2817 1771 3180 1838 facillimoque
3206 1771 3552 1819 marcescunt
3578 1766 3635 1814 et

1996 1864 2037 1918 Β
2067 1871 2330 1934 pereunt;
2369 1864 2558 1918 eodem
2604 1861 2763 1917 modo
2792 1866 3129 1932 peccatores,
3161 1855 3253 1928 qui
3297 1868 3463 1923 penes
3492 1849 3634 1904 mul-

2067 1962 2153 2010 tos
2193 1954 2248 2007 in
2278 1954 2635 2009 admiratione
2685 1952 2975 2015 habentur,
3010 1965 3134 2004 cum
3179 1947 3412 2018 primum
3459 1939 3633 1995 exorti

2070 2046 2308 2112 fuerunt,
2342 2046 2490 2101 brevi
2520 2044 2839 2109 ﬂoruerunt,
2871 2058 2934 2097 ac
2979 2038 3257 2111 conspecti
3309 2043 3470 2099 sunt;
3522 2040 3634 2087 sta-

2066 2138 2272 2208 timque
2297 2135 2549 2205 apparuit
2573 2133 2761 2203 quales
2787 2131 3010 2194 fuerint,
3037 2135 3089 2184 et
3131 2125 3275 2198 quod
3317 2124 3629 2178 institutum

2067 2231 2191 2285 vita:
2225 2229 2518 2284 tenuerint.
2554 2225 2665 2281 Nec
2694 2225 2786 2280 diu
2834 2229 3021 2295 postea
3061 2220 3208 2291 ipsos
3243 2214 3509 2289 pernicies
3546 2212 3635 2265 in-

2065 2322 2229 2387 vasit,
2264 2336 2374 2375 non
2408 2319 2521 2390 jam
2568 2317 2749 2372 brevis
2787 2324 2840 2369 et
2886 2324 3255 2384 temporanea,
3293 2304 3389 2363 sed
3436 2318 3631 2376 perpe—

2066 2422 2218 2467 tuum
2267 2411 2512 2475 exitium,
2560 2410 2689 2478 quia
2728 2407 2871 2463 enim
2910 2405 3118 2474 justum
3157 2399 3427 2471 judicium
3479 2403 3632 2449 tuum

2066 2506 2231 2561 rebus
2258 2503 2506 2558 imminet
2538 2500 2815 2564 humanis,
2856 2497 3064 2552 idcirco
3090 2493 3300 2548 aestimo
3334 2487 3635 2561 peccatori-

2064 2598 2167 2653 bus
2192 2605 2246 2652 et
2272 2594 2625 2666 operantibus
2662 2591 3000 2663 iniquitatem
3026 2584 3271 2648 concedi,
3294 2591 3354 2637 ut
3379 2580 3635 2636 exoriau-

2065 2699 2155 2746 tur
2184 2696 2239 2745 et
2269 2702 2526 2759 prospere
2554 2692 2751 2756 agant;
2793 2690 2853 2738 ut
2903 2694 3091 2737 eorum
3131 2675 3417 2731 consilium
3452 2679 3507 2726 et
3532 2684 3632 2725 vo-

2064 2785 2269 2847 luntas,
2304 2779 2398 2836 Dei
2421 2777 2739 2835 muneribus
2772 2789 2883 2830 non
2924 2773 3063 2828 bene
3107 2784 3228 2832 usa,
3258 2771 3584 2835 coarguatur
3614 2778 3630 2817 :

2065 2873 2419 2945 quamobrem
2463 2869 2631 2925 ultrix
2684 2883 2778 2924 eos
2831 2872 2887 2922 et
2929 2873 3131 2921 aeterna
3185 2859 3455 2932 pernicies
3485 2855 3636 2912 exci-

2064 2966 2195 3037 piet.

2134 3059 2302 3114 Vens.
2336 3058 2371 3115 9
2393 3089 2420 3100 -
2449 3057 2536 3112 l2.
2573 3055 2651 3110 Τιι
2696 3063 2871 3108 autem
2916 3050 3224 3105 Altissimus
3268 3046 3322 3100 in
3355 3054 3629 3103 a’ternum,

2066 3152 2307 3207 Domine.
2366 3149 2631 3217 Quoniam
2680 3161 2793 3200 ecce
2844 3142 3043 3197 inimici
3089 3140 3188 3203 tui,
3241 3135 3482 3197 Domine,
3513 3144 3638 3201 quo-

2069 3244 2213 3297 niam
2240 3258 2354 3296 ecce
2388 3240 2590 3295 inimici
2635 3238 2714 3291 tui
2756 3234 3017 3304 peribunt,
3051 3240 3101 3286 et
3138 3229 3496 3297 dispergentur
3522 3238 3636 3277 om-

2068 3352 2156 3390 nes
2192 3333 2280 3405 qui
2307 3341 2589 3403 operantur
2635 3327 2987 3397 iniquitatem.
3030 3319 3099 3375 Et
3140 3316 3464 3375 exaltabitur
3501 3313 3636 3368 sicut

2066 3426 2334 3481 unicornis
2358 3440 2521 3478 cornu
2540 3437 2734 3484 meum,
2759 3428 2808 3474 et
2832 3424 3065 3473 senectus
3090 3428 3205 3467 mea
3227 3412 3280 3464 in
3303 3408 3413 3463 oleo
3434 3404 3633 3476 pingui.

2069 3518 2139 3573 Et
2174 3518 2400 3586 respexit
2429 3515 2612 3570 oculus
2650 3528 2795 3568 meus
2830 3508 3067 3563 inimicos
3088 3520 3251 3566 meos,
3281 3509 3331 3555 et
3366 3500 3421 3553 in
3455 3498 3637 3550 insur-

2066 3609 2307 3680 gentibus
2337 3610 2393 3662 in
2422 3624 2502 3661 me
2541 3603 2952 3676 malignantibus
2983 3599 3161 3655 audiet
3201 3595 3346 3650 auris
3379 3608 3515 3646 mea.
3551 3587 3633 3642 Tu

2067 3703 2310 3774 quidem,
2358 3698 2454 3761 ait,
2503 3695 2750 3761 Domine,
2789 3693 2883 3764 qui
2922 3705 3134 3760 semper
3161 3701 3290 3756 ,uno
3334 3682 3635 3750 eodemque

2066 3794 2229 3849 modo
2265 3789 2579 3845 Altissimus
2625 3801 2705 3850 es,
2755 3786 2810 3839 in
2844 3782 3077 3838 excelsis
3115 3792 3304 3834 manes
3350 3788 3447 3846 per
3474 3783 3635 3826 omne

2068 3885 2350 3947 smculum,
2385 3895 2492 3935 non
2516 3875 2768 3941 mutaris,
2788 3889 2897 3928 non
2929 3870 3205 3940 dejiceris,
3242 3882 3352 3922 non
3379 3860 3634 3925 verteris,

2068 3992 2179 4031 non
2218 3975 2391 4042 teipso
2413 3969 2607 4024 melior
2635 3965 2844 4028 evadis,
2876 3978 2975 4018 nec
3002 3961 3071 4016 iis
3099 3959 3192 4030 qui
3230 3958 3283 4010 in
3315 3963 3460 4011 terra
3506 3957 3635 4006 sunt

2068 4041 2366 4123 humilibus
2392 4059 2589 4116 similis
2611 4072 2690 4123 es,
2715 4070 2824 4110 non
2852 4053 3104 4124 exiguum
3133 4055 3226 4103 aut
3250 4044 3452 4100 humile
3475 4041 3636 4111 quid-

2066 4158 2214 4229 piam
2247 4155 2417 4210 sentis
2463 4162 2559 4203 aut
2587 4149 2726 4217 agis,
2779 4143 2874 4200 sed
2911 4142 2967 4196 in
3016 4146 3279 4194 aeternum
3308 4131 3407 4187 tibi
3438 4129 3636 4185 similis

2066 4222 2393 4323 permanes;
2432 4257 2536 4298 nos
2561 4247 2739 4294 autem
2778 4235 3034 4299 humiles,
3060 4229 3153 4301 qui
3176 4224 3412 4299 procula
3430 4222 3636 4276 virtute

2067 4318 2158 4396 tua
2189 4339 2474 4399 absumus,
2518 4332 2625 4387 alio
2660 4330 2873 4398 alioque
2903 4324 3064 4379 modo
3109 4319 3337 4376 ferimur
3371 4321 3425 4371 et
3454 4318 3636 4368 muta-

2066 4446 2211 4486 mur.
2239 4426 2444 4482 Inimici
2471 4425 2654 4493 itaque
2686 4420 2784 4484 tui,
2820 4416 3064 4480 Domine,
3097 4412 3189 4483 qui
3219 4424 3339 4465 sese
3362 4406 3493 4470 vita,
3515 4416 3637 4473 qua:

1999 4540 2041 4595 ι)
2068 4520 2212 4592 apud
2245 4526 2299 4574 te
2324 4526 2428 4579 est,
2462 4515 2670 4569 alienos
2702 4508 3138 4570 constituerunt;
3173 4517 3238 4555 ac
3270 4499 3638 4570 praeoptarunt

2069 4613 2390 4671 inimicitias
2412 4618 2614 4673 tecum,
2645 4605 2739 4678 qui
2766 4603 2917 4661 solus
2945 4601 3123 4654 bonus
3143 4610 3225 4663 es,
3243 4606 3449 4664 gerere,
3471 4600 3639 4678 quam

2069 4703 2313 4760 amicitia
2343 4701 2450 4756 frui
2487 4711 2600 4765 tua,
2645 4675 2920 4767 peribunt,
2964 4688 3178 4757 .i‘aique
3228 4681 3333 4752 ipsi
3377 4675 3641 4750 perniciei

2069 4806 2323 4853 auctores
2356 4800 2517 4849 erunt
2571 4810 2585 4845 :
2627 4788 2755 4860 quia
2811 4785 3103 4839 noluerunt
3139 4776 3278 4847 apud
3326 4782 3380 4829 te
3418 4783 3640 4827 manere

2067 4889 2337 4957 amicique
2380 4884 2458 4939 tui
2497 4896 2655 4945 esse;
2713 4876 2806 4933 sed
2862 4871 3177 4929 inimicitias
3223 4867 3512 4922 adversum
3559 4868 3636 4925 te,

2068 4955 2317 5051 opiﬁcem
2347 4986 2400 5032 et
2432 4979 2769 5031 servatorem
2802 4982 2984 5031 suum,
3026 4976 3336 5032 suscepere.
3370 4955 3642 5025 Quamob-

2068 5047 2184 5128 rem
2212 5069 2429 5126 etiamsi
2469 5066 2710 5120 inﬁnitas
2754 5063 2809 5116 in
2837 5060 2938 5113 hac
2965 5057 3078 5110 vita
3106 5052 3387 5125 pecunias,
3418 5047 3640 5105 divitias

2068 5174 2123 5222 et
2151 5165 2440 5220 thesauros
2462 5157 2755 5227 colligant;
2787 5151 2882 5208 sed
2915 5149 3097 5206 omnia
3122 5162 3244 5203 cum
3271 5140 3557 5198 animabus
3584 5144 3641 5193 et

2069 5255 2393 5327 corporibus
2416 5253 2656 5321 ipsorum
2686 5246 3081 5315 diSpergentur.
3102 5238 3214 5309 Ego
3239 5249 3364 5291 vero
3411 5231 3642 5327 qui-co-

2069 5318 2367 5420 gnitionem
2401 5318 2454 5398 et
2482 5338 2773 5394 amicitiam
2810 5344 2955 5388 tuam
2991 5330 3348 5400 amplexatus,
3378 5328 3433 5378 et
3460 5318 3643 5375 inimi-

2069 5412 2150 5492 cis
2189 5436 2298 5491 tuis
2324 5434 2535 5488 alienus
2569 5427 2795 5485 eﬁ'ectus
2819 5437 2962 5487 sum,
2996 5431 3317 5493 persuasum
3356 5412 3531 5468 habeo
3552 5423 3644 5464 me

2069 5526 2431 5586 mutationem
2454 5525 2512 5578 i'l
2541 5521 2736 5577 melius
2763 5525 3053 5573 nacturum
3086 5525 3229 5575 esse,
3254 5507 3406 5578 justo
3434 5500 3644 5573 judicio

2068 5631 2166 5676 tuo
2210 5618 2370 5674 ﬁdem
2422 5615 2651 5671 habens.
2691 5609 2877 5681 Itaque
2916 5604 3131 5664 etiamsi
3161 5605 3215 5658 in
3244 5595 3497 5671 praesenti
3528 5594 3643 5645 vita

2071 5712 2339 5783 inglorius
2368 5715 2422 5764 et
2450 5708 2575 5762 vilis
2612 5720 2735 5760 esse
2764 5715 2929 5773 penes
2961 5698 3162 5753 multos
3189 5694 3409 5757 videar;
3446 5686 3543 5744 sed
3587 5685 3644 5738 in

2073 5807 2176 5863 ﬁne
2203 5818 2384 5861 rerum
2407 5801 2718 5867 exaltabor;
2744 5801 2850 5853 imo
2874 5794 3054 5865 potius
3083 5804 3255 5846 cornu
3288 5798 3466 5841 meum
3489 5777 3643 5836 exal—
