4074 6394
482 326 621 384 M79

1189 324 1456 380 susse"
1494 327 1965 383 CIESARIENSIS
2002 327 2151 385 opp.
2196 327 2372 383 rans
2401 328 2485 382 ιιι.
2526 359 2599 372 --
2631 327 3039 384 exeamus.
3081 301 3083 303 ’

3575 330 3710 385 “80

479 439 704 503 tabitur,
737 438 790 493 id
828 443 933 501 est,
971 451 1095 508 spes
1143 438 1294 509 regni
1328 438 1474 495 illius
1503 440 1648 509 quod
1693 441 1835 510 apud
1868 451 1919 497 te
1957 457 2042 496 me

2158 441 2257 494 Ξιλλ⁹
2281 445 2337 496 ἐν
2366 443 2444 513 τῷ
2475 413 2615 496 τέλει
2645 443 2752 496 τῶν
2785 443 3124 513 πραγμάτων
3164 439 3540 512 ὑψωθήσομαι,
3573 443 3714 513 μᾶλ-

481 535 903 586 consecuturum
955 535 1244 598 exspecto;
1286 545 1407 600 qua:
1469 531 1678 586 scilicet
1720 533 1839 603 pari
1887 531 2044 587 modo

481 623 808 680 exaltabitur
837 630 999 692 atque
1041 622 1342 680 unicornis.
1391 624 1524 678 Nam
1574 627 1620 680 si
1649 629 1772 697 quis
1802 635 1886 682 est
1925 627 2047 682 uni-

480 715 666 770 cornis
687 715 748 768 in
763 713 1158 783 spiritualibus,
1181 715 1342 784 quite
1371 715 1584 772 Patrem
1612 733 1769 776 suum
1798 725 1856 772 ut
1877 733 2045 773 unum

481 823 654 861 cornu
690 806 793 862 sibi
835 805 1088 872 ascribit;
1137 806 1275 862 bene
1318 808 1442 861 novi
1477 823 1582 873 me,
1619 810 1840 878 perinde
1883 818 2046 880 atque

482 897 655 958 illum,
694 894 1042 950 exaltandum
1080 909 1219 950 esse.
1267 895 1404 962 Quia
1447 898 1590 952 enim
1636 898 1880 954 haeredes
1928 898 2043 964 Dei,

479 987 789 1043 cobaéredes
809 998 986 1043 autem
1009 989 1207 1042 Christi
1227 1004 1514 1054 vocamur;
1549 1005 1706 1060 spero
1727 1007 1810 1046 me
1833 993 2044 1057 eodem,

479 1097 589 1150 quo
619 1081 892 1144 Christus,
921 1097 1088 1152 regno
1119 1081 1411 1136 fruiturum
1455 1098 1598 1148 esse,
1635 1098 1758 1136 cum
1793 1093 2046 1141 senectus

480 1187 621 1234 mea,
649 1171 702 1226 id
735 1179 818 1225 est
845 1179 1087 1226 extrema
1114 1172 1237 1226 vita:
1265 1187 1418 1235 mete,
1471 1173 1798 1228 exaltabitur
1830 1173 1886 1229 in
1927 1175 2048 1230 oleo

481 1261 690 1332 pingui.
745 1260 971 1316 Etiamsi
1016 1264 1158 1318 enim
1197 1263 1498 1332 juventutis
1528 1270 1581 1318 ct
1615 1265 1817 1335 vigoris
1854 1267 2049 1322 anima:

483 1367 616 1406 mea:
641 1358 860 1422 tempus
897 1353 952 1406 in
981 1353 1082 1407 hac
1114 1354 1249 1418 vita,
1289 1369 1388 1408 ceu
1434 1353 1488 1408 in
1519 1356 1836 1423 certamine,
1868 1357 2050 1412 humi-

482 1442 671 1496 liatum
714 1452 1066 1511 exerceatur;
1125 1452 1180 1498 at
1217 1452 1482 1508 extrema.
1518 1447 1802 1517 ipsiusque
1857 1449 2049 1505 animae

483 1541 759 1598 senectus,
797 1533 848 1589 id
879 1543 962 1590 est
991 1538 1391 1604 consummatio
1419 1537 1560 1606 ejus,
1595 1539 1949 1594 mutationem
1993 1541 2048 1595 in

484 1625 677 1680 melius
724 1626 1026 1693 obtinebit;
1082 1641 1145 1681 ac
1189 1627 1310 1682 oleo
1359 1628 1762 1697 superemuenti
1803 1631 1954 1685 diviti
1996 1641 2050 1687 et

483 1717 692 1788 pingui,
718 1718 862 1787 apud
884 1726 936 1773 te
965 1719 1276 1774 misericors
1303 1717 1467 1784 Deus,
1489 1721 1870 1778 viviﬁcabitur.
1893 1723 2048 1777 Tunc

2145 531 2233 583 λον
2259 531 2314 584 δὲ
2349 531 2409 584 τὸ
2442 531 2605 602 κέρας
2646 550 2744 603 μου
2786 532 3148 604 ὑψωθήσεται,
3200 530 3473 583 τουτέστιν
3499 533 3532 601 ή
3556 532 3712 596 ἐλπὶς

2143 621 2242 690 τῆς
2294 621 2748 692 προσδοκωμένης
2801 640 2901 693 μου
2931 623 3081 692 παρὰ
3137 621 3220 674 σοὶ
3264 619 3558 690 βασιλείας,
3589 624 3712 693 ἦτις

2145 710 2487 782 ὑψωθήσεται
2531 712 2802 778 τοσοῦτον,
2837 715 2958 766 ὅσον
2987 714 3080 767 καὶ
3113 714 3146 784 ἡ
3193 713 3286 766 τοῦ
3319 713 3710 784 μονοκέρωτος.

2144 804 2207 856 Εἰ
2237 804 2345 874 γάρ
2365 804 2480 857 ἐστί
2509 822 2591 868 τις
2623 806 2679 858 ἐν
2728 807 2936 873 νοητοῖς
2989 805 3296 876 μονόκερως
3322 804 3378 857 ἓν
3403 805 3570 876 κέρας
3596 806 3716 857 ἐπι-

2143 896 2488 967 γραφόμενός
2517 915 2576 949 σε
2597 897 2685 950 τὸν
2716 897 2881 951 αὑτοῦ
2922 898 3161 968 Πατέρα,
3197 893 3254 950 εὖ
3277 893 3394 950 οἴδα
3424 897 3520 950 καὶ
3555 897 3718 960 αὐτὸς

2144 986 2342 1057 ὁμοίως
2379 988 2569 1059 ἐκείνῳ
2612 987 3046 1059 ὑψωθησόμενος.
3090 989 3242 1040 Ἐπεὶ
3265 987 3370 1060 γὰρ
3403 987 3718 1058 κεκλήμεθα

2146 1077 2472 1150 κληρονόμοι
2506 1075 2644 1133 εἶναι
2674 1079 2830 1145 Θεοῦ,
2879 1079 3310 1150 συγκληρονόμοι
3357 1079 3414 1132 δὲ
3452 1076 3718 1150 Χριστοῦ,

2146 1171 2465 1242 πέπεισμαι,
2524 1172 2677 1244 φησὶ,
2726 1173 2824 1242 τῆς
2863 1173 3035 1244 αὑτῆς
3073 1171 3152 1244 τῷ
3189 1171 3405 1244 Χριστῷ
3437 1188 3529 1225 σου
3567 1171 3724 1242 βασι-

2146 1262 2296 1326 λείας
2332 1261 2678 1328 ἀπολαύσειν,
2717 1262 2954 1333 ὁπηνίκα
2995 1261 3056 1315 τὸ
3089 1261 3266 1334 γῆράς
3307 1279 3430 1331 μου,
3473 1261 3723 1314 τουτέστι

2147 1355 2215 1408 τὰ
2236 1353 2438 1424 ἔσχατα
2461 1355 2558 1426 τῆς
2583 1356 2721 1426 ἐμῆς
2743 1353 2888 1424 ζωῆς
2908 1352 3250 1425 ὑψωθήσεται
3276 1355 3332 1406 ἐν
3361 1352 3525 1423 ἐλαίῳ
3550 1353 3721 1408 πίονι.

2148 1451 2212 1503 Εἰ
2249 1450 2356 1522 γὰρ
2396 1449 2490 1502 καὶ
2539 1447 2608 1500 τὰ
2641 1446 2874 1516 μάλιστα
2915 1442 2982 1496 τὰ
3009 1442 3110 1513 τῆς
3139 1443 3388 1514 νεότητος
3415 1443 3510 1495 καὶ
3533 1441 3601 1495 τὰ
3621 1441 3727 1512 τῆς

2149 1540 2332 1610 ἀκμῆς
2355 1539 2452 1610 τῆς
2485 1536 2626 1606 ἐμῆς
2649 1534 2824 1605 ψυχῆς
2854 1532 2928 1596 ὡς
2968 1532 3027 1586 ὲν
3061 1532 3231 1602 ἀγῶνι
3264 1532 3342 1602 τῷ
3367 1532 3592 1604 παρόντι

2148 1630 2499 1686 ταπεινοῦται
2523 1645 2591 1696 γυ
2601 1624 2930 1698 μναζόμενα,
2953 1624 3088 1679 ἀλλὰ
3104 1625 3173 1679 τά
3195 1642 3258 1694 γε
3275 1625 3479 1694 ἔσχατα
3508 1625 3603 1678 καὶ
3621 1623 3728 1694 τῆς

2148 1721 2325 1793 ψυχῆς
2356 1719 2523 1788 αὐτῆς
2569 1717 2628 1770 τὸ
2666 1717 2863 1788 γῆρας,
2898 1714 3172 1770 τουτέστιν
3211 1717 3245 1786 ὴ
3283 1715 3561 1779 τελείωσις
3595 1715 3725 1770 τεύ-

483 1821 617 1861 sane
641 1806 832 1862 oculus
862 1823 1016 1862 meus
1045 1809 1134 1878 qui
1168 1825 1331 1879 super
1353 1817 1665 1880 peccatores
1690 1813 2046 1877 contabescit,

2158 1812 2298 1879 Ξεται
2327 1810 2424 1882 τῆς
2453 1809 2545 1862 ἐπὶ
2563 1807 2622 1861 τὺ
2656 1809 2900 1879 κρεῖττον
2924 1805 3244 1878 μεταϐολῆς,
3271 1807 3327 1859 ἐν
3356 1805 3519 1877 ἐλαίῳ
3537 1823 3728 1878 περιτ-

481 1903 537 1952 et
567 1897 846 1952 mortalem
875 1899 1039 1952 vitam
1071 1899 1337 1971 deplorat,
1372 1901 1442 1956 ab
1483 1902 1720 1958 inimicis
1753 1905 1888 1959 meis
1918 1920 2049 1959 con-

483 1987 766 2056 spicietur,
798 2003 1003 2058 eosque
1030 1989 1238 2046 debitas
1265 2006 1456 2061 pmnas
1490 1994 1640 2050 luere
1681 1995 1914 2062 videbit;
1954 1997 2048 2066 qui

478 2078 593 2147 jam
643 2077 786 2147 apud
833 2080 1036 2135 multos
1085 2081 1258 2151 gloria
1291 2083 1657 2150 celebrantur,
1705 2101 2050 2156 quorumque

482 2171 608 2227 ﬁnis
645 2172 971 2242 dispersioni
1005 2175 1269 2229 tradetur.
1321 2173 1474 2230 Tunc
1510 2192 1618 2230 non
1652 2178 1816 2231 modo
1857 2179 2049 2233 oculus

482 2278 659 2328 meus,
691 2263 786 2318 sed
825 2264 988 2318 etiam
1027 2265 1176 2320 auris
1223 2265 1417 2320 animae
1463 2281 1615 2331 mem,
1652 2267 1811 2322 ﬁnem
1868 2269 2050 2324 audiet

481 2367 694 2416 eorum.
723 2355 816 2423 qui
841 2353 956 2424 jam
987 2355 1276 2428 insurgunt
1301 2355 1590 2412 adversum
1615 2373 1701 2412 me
1730 2366 1784 2413 et
1817 2361 2052 2432 maligne

483 2455 670 2516 agunt.
701 2445 904 2501 Horum
926 2463 1054 2518 ergo
1080 2451 1322 2503 omnium
1350 2465 1515 2504 causa
1545 2451 1905 2508 admiratione
1928 2469 2052 2523 per-

483 2537 672 2592 culsus
727 2538 795 2594 de
852 2541 1209 2610 providentiae
1262 2553 1365 2595 tuae
1406 2543 1636 2607 ratione,
1671 2551 1724 2598 et
1777 2544 1845 2599 de
1901 2545 2052 2613 justo

481 2624 686 2694 judicio
713 2627 810 2683 abs
845 2635 898 2684 te
924 2618 1179 2684 omnibus
1206 2629 1502 2694 reddendo,
1524 2645 1623 2702 ego
1652 2632 1870 2702 quidem
1902 2633 2054 2688 laetor

482 2725 538 2771 et
563 2719 778 2773 exsulto
805 2719 862 2773 in
895 2719 1151 2790 operibus
1177 2737 1435 2775 manuum
1471 2730 1722 2790 tuarum;
1751 2726 1929 2781 omnis
1957 2742 2053 2780 au-

483 2813 594 2861 tem
624 2807 706 2862 vir
735 2807 998 2880 insipiens
1024 2819 1077 2864 et
1102 2811 1303 2866 stultus
1338 2829 1445 2868 non
1475 2812 1725 2885 intelligit
1749 2815 1883 2870 haec.
1909 2815 2054 2882 Qua—

485 2906 710 2968 propter
755 2898 878 2954 dico
918 2917 933 2956 :
981 2900 1152 2965 Quam
1201 2905 1543 2974 magniﬁcam
1579 2917 1700 2960 sunt
1734 2925 1892 2976 opera
1937 2919 2050 2976 tua,

484 2989 744 3044 Domine!
773 3005 874 3045 nec
901 2992 1061 3047 modo
1090 2993 1369 3062 profundas
1400 2994 1556 3051 factae
1593 3007 1741 3063 sunt,
1773 3003 1867 3056 sed
1898 3003 2055 3057 valde

482 3079 763 3151 profundm
785 3079 943 3150 facta:
969 3093 1088 3138 sunt
1121 3087 1460 3157 cogitationes
1492 3098 1594 3143 tua,
1613 3104 1633 3155 ;
1665 3091 1867 3160 quibus
1912 3095 2055 3165 cogi-

484 3169 787 3226 tationibus
808 3187 1007 3228 arcano
1037 3183 1092 3229 et
1121 3156 1392 3246 profundo
1420 3180 1582 3234 modo
1616 3156 1927 3239 universum
1959 3156 2054 3240 ιιῖί-
2081 3156 2122 3212 C

487 3260 769 3317 ministras
804 3281 818 3317 :
849 3278 913 3317 ac
943 3264 1080 3320 sinis
1122 3267 1340 3336 quidem
1372 3279 1426 3324 et
1469 3271 1746 3336 concedis,
1800 3280 1860 3327 ut
1905 3274 2056 3345 impii

488 3353 592 3409 hoc
611 3361 850 3423 tempore
881 3357 1188 3412 exaltentur
1224 3367 1277 3415 et
1320 3362 1684 3429 extollantur;
1711 3364 1782 3433 pii
1811 3379 1938 3419 vero
1956 3366 2058 3419 hu-

489 3447 786 3513 milientur,
824 3465 1054 3520 quorum
1099 3459 1274 3506 tamen
1323 3453 1447 3508 ﬁnis
1481 3454 1714 3510 mirabili
1755 3463 1808 3510 et
1842 3457 2058 3527 sapien-

487 3540 713 3594 tissimae
744 3540 1139 3612 dispensationi
1165 3555 1268 3598 tuae
1296 3545 1665 3599 testimonium
1690 3547 1913 3616 praabet,
1937 3563 2060 3616 qua}

489 3632 839 3702 conspicatus
869 3632 1090 3688 divinus
1125 3633 1418 3704 Apostolus
1449 3637 1528 3689 sic
1560 3637 1894 3692 vociferatus
1924 3647 2009 3695 est
2041 3657 2054 3693 :

491 3721 539 3778 0
571 3723 796 3779 altitudo
818 3726 1122 3779 divitiarum
1144 3727 1419 3796 sapientia:
1437 3737 1485 3781 et
1510 3729 1742 3783 scientia:
1759 3729 1874 3794 Dei,
1901 3747 2060 3800 quam

490 3815 1036 3885 incomprehensibilia
1063 3829 1186 3873 sunt
1205 3817 1411 3888 judicia
1436 3821 1548 3889 ejus
1589 3830 1639 3875 et
1670 3821 2060 3893 investigabiles

493 3906 591 3961 via:
616 3909 728 3974 ejus
753 3909 796 3938 ²⁰
821 3910 835 3962 l

2148 1905 2356 1959 τεύοντι
2403 1901 2496 1956 καὶ
2555 1899 2794 1970 πλουσίῳ
2845 1899 2940 1953 καὶ
2977 1898 3140 1964 πίονι,
3167 1897 3246 1969 τῷ
3299 1898 3451 1969 παρά
3497 1898 3599 1963 σοὶ,
3645 1898 3728 1969 τῷ

2149 1998 2397 2069 ἐλεήμονι
2420 1993 2539 2065 Θεῷ
2565 1992 2891 2064 ζησομένης.
2929 1991 3061 2044 Τότε
3087 1990 3152 2062 δὴ
3179 1990 3298 2044 τότε
3327 1991 3420 2044 καὶ
3452 1989 3480 2042 ὁ
3511 1990 3605 2044 νῦν
3631 1991 3729 2042 ἐπὶ

2147 2091 2260 2151 τοῖς
2312 2085 2653 2158 ἁμαρτωλοῖς
2703 2083 3065 2155 ἐκτηκόμενός
3117 2100 3216 2154 μου
3275 2081 3550 2152 ὀφθαλμὸς
3572 2121 3588 2146 ,
3631 2082 3731 2134 καὶ

2148 2178 2239 2232 τὸν
2271 2177 2460 2247 θνητὸν
2495 2175 2607 2245 βίον
2639 2173 3067 2243 ἀπακλαόμενος,
3092 2171 3352 2240 ἐπόψεται
3369 2173 3482 2234 τοῖς
3513 2169 3730 2242 ἐχθροῖς

2153 2285 2276 2338 μου,
2309 2264 2451 2336 ὁρῶν
2501 2263 2656 2334 δίκην
2699 2263 2800 2334 τὴν
2843 2263 3163 2334 πρέπουσαν
3195 2261 3433 2325 διδόντας
3480 2261 3606 2324 τοὺς
3631 2259 3730 2313 νῦν

2152 2357 2304 2430 παρὰ
2348 2359 2461 2420 τοῖς
2495 2354 2711 2418 πολλοῖς
2757 2353 3168 2424 δοξαζομένους,
3201 2343 3275 2404 ὧν
3320 2351 3381 2404 τὸ
3432 2351 3586 2415 τέλος
3613 2352 3730 2405 δια-

2153 2446 2479 2520 σκορπισμῷ
2506 2444 2959 2517 παραδοθήσεται.
2978 2443 3110 2496 Τότε
3127 2443 3184 2496 δὲ
3207 2443 3268 2496 οὑ
3302 2443 3458 2514 μόνον
3478 2446 3506 2496 ὁ
3531 2443 3729 2511 ὀφθαλο

2155 2539 2253 2609 μός
2277 2557 2402 2610 μου,
2438 2535 2573 2590 ἀλλὰ
2616 2537 2710 2589 καὶ
2755 2533 2888 2588 αὑτὸ
2934 2534 2994 2587 τὸ
3023 2527 3116 2598 οῦς
3141 2535 3241 2605 τῆς
3275 2533 3416 2604 ἐμῆς
3450 2533 3630 2604 ψυχῆς
3667 2535 3732 2586 τὸ

2150 2633 2304 2696 τέλος
2360 2629 2651 2684 ἀκούσεται
2711 2627 2818 2681 τῶν
2870 2627 3108 2698 σήμερον
3161 2627 3606 2697 ἐπανισταμένων
3642 2626 3730 2679 ἐπ’

2154 2723 2254 2794 ἐμὲ
2283 2721 2377 2775 καὶ¹
2409 2717 2880 2790 πονηρευομένων.
2907 2716 3125 2770 Τούτων
3150 2717 3194 2770 δ’
3214 2711 3306 2770 οὖν
3325 2716 3486 2770 ἕνεκα
3515 2717 3735 2770 πάντων

2153 2811 2591 2886 ὑπερθαυμάζων
2605 2811 2731 2874 τοὺς
2751 2813 2851 2882 τῆς
2880 2809 2978 2880 σῆς
3002 2809 3491 2882 προνοίαςλόγους,
3526 2809 3618 2862 καὶ
3635 2807 3736 2879 τήν

2154 2906 2520 2978 ἀποκειμένην
2560 2905 2674 2967 τοῖς
2707 2904 2839 2956 πᾶσι
2867 2901 3018 2974 παρά
3054 2901 3147 2954 σοῦ
3177 2899 3593 2971 δικαιοκρισίαν,
3624 2897 3736 2967 ἐγὼ

2159 3003 2255 3074 μὲν
2307 3002 2811 3075 ὑπερευφραίνομαι
2868 3001 2961 3056 καὶ
3009 2999 3250 3070 ἀγαλλιῶ
3280 2999 3372 3052 ἐπὶ
3411 3001 3523 3062 τοῖς
3552 2997 3737 3068 ἔργοις

2155 3097 2262 3150 τῶν
2295 3097 2492 3169 χειρῶν
2551 3114 2676 3150 σου·
2715 3099 2823 3160 πᾶς
2862 3095 2919 3150 δέ
2948 3094 3138 3166 ἄφρων
3177 3093 3316 3164 ἀνὴρ
3356 3093 3450 3146 καὶ
3481 3091 3740 3151 ἀσύνετος

2156 3189 2216 3242 οὑ
2267 3190 2482 3261 συνίησι
2529 3189 2723 3244 ταῦτα.
2759 3189 2850 3241 Atb
2883 3189 2947 3257 δή
2993 3203 3168 3257 φημι·
3215 3184 3312 3250 Ὧς
3358 3182 3737 3252 ἐιιεγτιλύνθη

2154 3280 2229 3334 τὰ
2245 3281 2390 3352 ἔργα
2423 3295 2560 3344 σου,
2604 3281 2782 3348 Κύριε
2803 3279 2823 3331 !
2857 3279 2952 3331 καὶ
2985 3277 3083 3346 οὑχ
3119 3275 3305 3338 ἁπλῶς
3342 3273 3740 3341 ἐϐαθύνθησαν,

2157 3371 2293 3426 ἀλλὰ
2316 3371 2550 3441 σφόδρα
2597 3363 3014 3435 ἐϐὶιθύνθησαν·
3063 3369 3118 3419 οἱ
3165 3362 3545 3433 διαλογισμοί
3584 3377 3738 3414 σου·

2159 3461 2281 3517 καθ’
2316 3462 2409 3525 οὓς
2427 3463 2809 3531 διαλογισμοὺς
2831 3460 3158 3531 ἀπορῤήτως
3175 3457 3270 3510 καὶ
3293 3454 3499 3526 βαθέως
3519 3455 3741 3516 διοικεῖς

2161 3553 2220 3606 τὸ
2249 3553 2377 3616 πᾶν,
2409 3552 2719 3622 ἐπιτρέπων
2755 3552 2848 3604 καὶ
2879 3550 3172 3621 συγχωρῶν
3206 3547 3428 3601 ἀσεϐέσι
3475 3546 3573 3616 μὲν
3597 3543 3747 3598 κατὰ

2163 3643 2255 3695 τὸν
2281 3642 2520 3714 παρόντα
2571 3641 2761 3713 καιρὸν
2807 3641 3130 3712 ἐπαίρεσθαι
3169 3631 3262 3693 κάἱ
3293 3636 3577 3707 ύψοῦσθαι,
3615 3635 3745 3699 τοὺς

2163 3735 2220 3787 δέ
2250 3734 2491 3798 εὐσεϐεῖς
2531 3731 2940 3797 ταπεινοῦσθαι,
2973 3725 3048 3786 ὧν
3085 3731 3154 3785 τὰ
3184 3729 3312 3802 τέλη
3351 3729 3617 3800 μαρτυρεῖ
3648 3743 3745 3779 σου

2161 3829 2230 3896 τῇ
2272 3826 2558 3896 θαυμαστῇ
2605 3825 2699 3878 καὶ
2726 3823 2985 3892 πανσόφῳ
3007 3822 3297 3892 διοικήσει·
3341 3819 3377 3872 ἃ
3407 3818 3471 3889 δὴ
3518 3814 3744 3869 συνιδὼν

2165 3916 2261 3969 καὶ
2288 3917 2314 3969 ὁ
2333 3917 2474 3979 θεῖος
2489 3915 2812 3978 Ἀπόστολος
2829 3912 3138 3984 ἐξεφώνησε
3156 3912 3238 3976 τὸ,
3259 3912 3320 3963 Ὢ
3347 3909 3538 3974 βάθος
3560 3907 3748 3960 πλού-

490 4020 598 4057 του
644 4003 742 4057 καὶ
781 4004 1000 4074 σοφίας
1029 4003 1129 4061 καὶ
1150 4004 1416 4078 γνώσεως
1457 4009 1624 4075 Θεοῦ,
1683 4009 1764 4075 ὡς
1813 4010 2253 4081 ἀνεξερεύνητα
2292 4013 2365 4068 τὰ
2399 4011 2653 4085 χρίματὰ
2707 4026 2858 4084 σου,
2907 4011 3005 4065 καὶ
3050 4007 3493 4077 ἀνεξιχνίαστοι
3525 4007 3585 4059 αἱ
3617 4003 3746 4059 ὁδοὶ

489 4094 698 4150 αὑτοῦ.

562 4210 730 4269 Vens.
767 4214 854 4278 15,
884 4214 970 4270 14.
1004 4213 1194 4272 Justus
1224 4226 1281 4272 ut
1310 4221 1488 4287 palma
1521 4219 1761 4288 ﬂorebit,
1791 4221 1926 4275 sicut
1977 4237 2060 4276 ce-

491 4303 642 4368 drus,
668 4322 786 4375 qua:
813 4308 868 4359 in
901 4305 1101 4362 Libano
1131 4320 1230 4375 est,
1254 4312 1712 4380 multiplicabitur.
1738 4312 2061 4369 Peccatores

2235 4220 2473 4285 Δίκαιος
2519 4218 2600 4284 ὡς
2638 4215 2841 4286 φοίνιξ
2883 4213 3157 4282 ἀνθήσει,
3184 4212 3276 4278 »ὡς
3307 4212 3343 4280 ἠ
3369 4209 3648 4279 κέδροςή
3676 4211 3751 4265 ἐν

2167 4310 2246 4377 τῷ
2267 4309 2499 4376 Λιϐάνῳ
2524 4305 3036 4376 πληθυνθήσεται.
3060 4304 3124 4357 Οἱ
3154 4303 3250 4374 μὲν
3273 4300 3586 4373 ἁμαρτωλοὶ
3615 4301 3751 4355 ὡσεὶ

494 4393 712 4464 quidem
751 4395 894 4448 sicut
942 4395 1127 4451 fenum
1155 4400 1378 4482 exoriri,
1413 4409 1467 4456 et
1502 4403 1567 4456 ad
1605 4403 1914 4472 exemplum
1952 4404 2058 4458 feni

2169 4403 2360 4473 χόρτος
2419 4401 2666 4468 ἐλέγοντο
2718 4396 3032 4452 ἀνατέλλειν
3052 4435 3067 4460 ,
3114 4395 3210 4448 καὶ
3268 4393 3616 4464 καταλλήλως
3639 4483 3652 4493 Ι
3671 4393 3752 4463 τῷ

494 4502 607 4540 non
633 4487 727 4541 diu
758 4496 942 4554 postea
987 4490 1164 4558 perire
1209 4491 1338 4546 dicti
1367 4505 1514 4548 sunt.
1545 4494 1678 4548 Nam
1709 4505 1956 4550 exortum
1989 4494 2067 4550 fe-

495 4591 628 4631 num
657 4577 839 4631 statim
871 4579 1220 4636 exsiccatum.
1237 4589 1341 4648 est,
1372 4593 1424 4637 et
1445 4583 1544 4639 llos
1573 4584 1795 4653 decidit,
1817 4602 1881 4641 eo
1906 4602 2066 4656 pror-

497 4683 593 4724 sus
625 4669 787 4723 modo
820 4684 929 4738 quo
976 4680 1317 4740 peccatorum
1366 4673 1477 4727 vita
1524 4682 1578 4729 et
1625 4675 1817 4746 gloria.
1874 4676 2067 4735 Justus

498 4765 680 4812 autem
708 4774 815 4813 non
848 4760 991 4814 sicut
1032 4759 1214 4815 fenum
1239 4800 1254 4825 ,
1293 4763 1388 4817 sed
1422 4765 1615 4834 palma:
1643 4768 1817 4823 instar
1855 4770 2071 4827 ﬁorebit

501 4861 721 4902 sursum
762 4846 974 4903 radices
1002 4855 1056 4902 et
1084 4864 1268 4904 comas
1293 4849 1558 4919 eﬂ'erens;
1590 4870 1766 4924 neque
1799 4855 1949 4910 humi
1971 4872 2072 4927 po-

501 4938 658 5001 sitas,
691 4937 787 4993 sed
815 4939 882 4993 ad
922 4941 1117 4995 coelum
1147 4950 1415 4999 extensus.
1443 4944 1559 5009 Qua
1593 4945 1660 5000 de
1686 4962 1850 5002 causa
1882 4949 2074 5018 palmae

501 5029 719 5100 quidem
742 5029 925 5098 justus
967 5040 1353 5102 comparatur;
1389 5050 1499 5090 non
1534 5045 1712 5092 autem
1744 5039 1907 5094 unico
1957 5039 2076 5108 pal-

502 5136 607 5175 ma:
629 5130 863 5176 trunco:
898 5137 1025 5175 nam
1056 5125 1113 5176 in
1141 5125 1306 5179 ramis
1352 5127 1746 5196 multiplicatur
1770 5167 1786 5192 ,
1829 5130 1922 5200 qui
1957 5145 2068 5185 una

503 5225 630 5265 cum
659 5212 752 5267 illa
790 5221 844 5267 et
895 5229 989 5284 per
1020 5214 1164 5267 illam
1196 5215 1426 5270 salutem
1468 5228 1898 5289 consequuntur.
1953 5219 2072 5286 Qua

505 5302 574 5359 de
591 5319 759 5359 causa
790 5305 1189 5375 comparandus
1223 5306 1348 5360 item
1372 5308 1556 5373 cedro,
1582 5325 1692 5365 non
1715 5313 1956 5376 cuilibet,
1977 5314 2074 5370 sed

505 5398 558 5453 el
591 5413 714 5467 qua:
747 5397 801 5451 in
830 5395 1039 5452 Libano
1073 5407 1177 5454 est.
1223 5398 1501 5470 Multiplex
1534 5411 1712 5457 autem
1745 5403 1836 5456 illa
1865 5415 1966 5468 est,
1995 5413 2076 5460 at-

509 5503 619 5558 que
645 5489 936 5544 admodum
973 5506 1202 5546 numero
1232 5492 1650 5564 crescit,utpote
1675 5511 1794 5566 quae
1816 5497 1869 5550 in
1894 5505 2078 5554 monte

513 5580 901 5651 pinguissimo,
952 5582 1046 5652 qui
1079 5583 1411 5640 celsissimas
1445 5585 1668 5644 arbores
1721 5587 1973 5658 producit
2022 5597 2077 5646 ct

620 5736 665 5768 ²⁰
703 5735 864 5791 Rom.
903 5752 994 5799 x1.
1030 5738 1118 5793 55.

2171 4491 2576 4563 παραδείγματι
2600 4488 2693 4543 τοῦ
2729 4488 2943 4560 χόρτου,
2969 4488 3163 4550 οὑκείς
3202 4485 3410 4558 μακρὸν
3439 4483 3752 4554 διαφθείρε-

2168 4584 2312 4637 σθαι·
2350 4583 2466 4653 ἆμα
2492 4599 2553 4634 τε
2581 4581 2690 4652 γὰρ
2725 4579 2996 4632 ἀνέτειλεν
3026 4579 3054 4630 ὁ
3082 4576 3276 4648 χόρτος
3321 4575 3414 4629 καὶ
3452 4575 3751 4646 ἐξηράνθη,

2170 4674 2264 4727 καὶ
2289 4671 2348 4725 τὸ
2367 4670 2524 4734 ἄνθος
2539 4669 2815 4734 ἐξέπεσεν,
2847 4667 3035 4740 ὥσπερ
3054 4663 3147 4720 οῦν
3176 4665 3270 4720 καὶ
3293 4667 3326 4737 ἡ
3355 4665 3465 4717 τῶν
3488 4665 3756 4736 ἁμαρτω-

2172 4767 2279 4820 λῶν
2307 4766 2418 4837 ζωή
2448 4783 2508 4818 τε
2535 4766 2629 4818 καὶ
2657 4763 2814 4829 δόξα·
2844 4766 2872 4816 ὁ
2917 4763 2974 4816 δὲ
3005 4762 3210 4825 δίκαιος
3242 4762 3302 4813 οὐ
3336 4761 3476 4813 κατὰ
3502 4759 3592 4812 τὸν
3625 4759 3756 4830 χόρ-

2173 4877 2284 4925 τον,
2309 4859 2445 4914 ἀλλὰ
2469 4857 2706 4927 φοίνικος
2726 4857 2879 4925 δίκην
2897 4854 3144 4926 ἀνθήσει,
3172 4853 3285 4907 ἄνω
3318 4869 3420 4906 που
3447 4851 3629 4923 φέρων
3653 4850 3756 4915 τὰς

2178 4952 2352 5024 ῥίζας,
2395 4950 2488 5002 καὶ
2530 4949 2628 5012 τὰς
2668 4947 2864 5019 κομάς,
2897 4948 2958 5001 ού
2998 4948 3174 5016 χαμαὶ
3211 4945 3489 5014 κειμένας,
3524 4943 3637 4995 ἀλλ’
3674 4945 3756 5006 εἰς

2176 5039 2402 5112 οὐρανὸν
2431 5037 2828 5109 ὲκτεινομένας.
2867 5036 3082 5089 Τούτων
3119 5034 3217 5105 μὲν
3253 5030 3344 5086 οῦν
3366 5034 3527 5085 ἕνεκα
3552 5031 3778 5101 φοίνικιι

2177 5130 2554 5202 παραϐληθείη
2581 5130 2646 5183 ἂν
2668 5133 2696 5183 ὁ
2723 5130 2950 5192 δίκαιος,
2985 5129 3085 5180 οὑκ
3131 5127 3211 5178 ἔτι
3260 5125 3317 5179 δὲ
3363 5123 3554 5194 καὶτῷ
3598 5139 3760 5193 μονο-

2183 5225 2306 5294 φυεί
2337 5222 2576 5292 στελέχει
2618 5221 2712 5275 τοῦ
2761 5221 3002 5291 φοίνικος
3023 5237 3034 5250 ·
3067 5217 3399 5289 πολυπληθεῖ
3420 5215 3528 5288 γὰρ
3553 5218 3609 5268 ἐν
3642 5217 3757 5277 τοῖς

2181 5315 2396 5378 κλάδοις
2421 5316 2532 5377 τοῖς
2563 5312 2678 5384 ἅμα
2699 5310 2846 5380 αὑτῷ
2871 5311 2966 5364 καὶ
2989 5311 3055 5362 δι’
3078 5307 3242 5361 αὑτοῦ
3269 5305 3617 5376 σωζομένοις.
3651 5296 3755 5355 Ὧν

2180 5406 2345 5459 ἕνεκα
2375 5403 2745 5475 παραϐλητέον
2776 5402 2911 5472 αὐτῇ
2937 5403 3002 5471 τῇ
3025 5399 3230 5470 κέδρῳ,
3253 5397 3351 5466 οὑχ
3376 5393 3585 5458 ἁπλῶς,
3617 5390 3757 5446 ἀλλὰ

2181 5499 2248 5567 τῇ
2280 5498 2337 5550 ἐν
2373 5495 2451 5566 τῷ
2509 5495 2750 5564 Λιϐάνῳ·
2788 5491 2963 5562 πολλὴ
2989 5491 3046 5543 δέ
3083 5489 3221 5559 αὕτη
3258 5488 3353 5541 καὶ
3396 5483 3757 5557 μεγαλοφυῶς

2185 5587 2494 5659 πληθύουσα
2515 5604 2526 5618 ·
2565 5585 2659 5640 ἅτε
2687 5588 2742 5639 ἐν
2766 5585 2880 5656 ὄρει
2903 5583 3109 5652 φύουσα
3129 5579 3511 5650 λιπαρωτάτῳ,
3529 5577 3780 5678 φέροντι.
