4074 6374
396 327 526 382 “8|

1512 322 2014 380 COMMENTARIA
2053 325 2121 379 IN
2160 325 2496 384 PSALMOS.

3493 331 3628 386 “89

392 443 487 494 καὶ
540 441 792 514 τρέφοντι
827 437 1192 511 ὀὐρανομήκη
1237 437 1396 506 φυτά.
1451 437 1605 493 Οῦτω
1651 440 1695 492 δ’
1741 432 1831 491 οῦν
1871 438 1964 492 καὶ

2071 440 2180 504 alit,
2216 451 2493 498 nascatur.
2548 441 2638 497 Sic
2687 443 2868 513 itaque
2913 443 3118 512 justus,
3150 444 3390 500 infinitos
3443 461 3627 500 secum

390 536 418 586 ὁ
468 535 694 597 δίκαιος,
755 530 978 602 μυρίους
1037 529 1171 600 έχων
1217 531 1342 594 τοὺς
1389 530 1457 584 δι’
1505 529 1668 583 αὐτοῦ
1720 530 1813 584 κα)⁸
1867 532 1963 583 σὺν

392 622 539 695 αὐτῷ
589 622 944 693 σωζομένους,
992 621 1131 674 κατὰ
1165 621 1322 674 τοῦτο
1373 621 1467 691 μὲν
1510 621 1576 675 ἂν
1615 622 1859 693 ἐμφερὴς
1897 624 1965 692 τῇ

393 717 598 786 κέδρῳ,
652 713 730 785 τῷ
784 714 840 766 δὲ
887 713 1084 782 φοίνικι
1117 713 1255 765 κατά
1297 712 1364 765 τά
1395 711 1566 777 ἄλλως
1601 713 1961 784 δεδηλωμένα.

405 807 544 860 Ἀλλ’
571 806 631 859 οὐ
658 803 886 858 τοιοῦτοι
907 801 1043 875 ἦσαν
1061 804 1109 855 οί
1140 802 1372 865 ἀσεϐεῖς,
1392 803 1440 855 οἱ
1460 802 1590 855 ὡσεὶ
1620 803 1810 874 χόρτος
1833 803 1965 856 ἀνα-

393 897 670 960 τέλλοντες
722 897 814 949 καὶ
846 896 1181 966 παραχρῆμα
1227 895 1628 965 ἀφανιζόμενοι.
1663 899 1964 964 Πεφυτευ-

389 986 560 1057 μένοι
595 987 666 1040 ἐν
716 986 794 1052 τῷ
846 986 988 1052 οἴκῳ
1015 985 1121 1038 τοῦ
1159 985 1329 1048 Θεοῦ,
1369 985 1439 1038 ἐν
1471 985 1599 1050 ταῖς
1621 985 1834 1049 αὐλαῖς
1860 983 1966 1037 τοῦ

398 1076 546 1130 Θεοῦ
605 1075 773 1144 ἡμῶν
827 1073 1255 1139 ἐξανθήσουσι.
1313 1074 1544 1139 Σπάνιος
1588 1076 1684 1146 μὲν
1725 1077 1752 1128 ὁ
1784 1075 1967 1145 ἄκρως

395 1168 617 1230 τέλειος,
641 1171 668 1220 ὸ
694 1167 785 1220 καὶ
799 1168 1004 1230 δίκαιος
1028 1166 1430 1236 ὠνομασμένος,
1464 1167 1661 1236 φοίνικι
1683 1167 1774 1218 καὶ
1795 1166 1967 1237 κέδρῳ

398 1258 884 1330 παραϐεϐλημένος
901 1275 914 1288 ·
941 1259 1063 1310 ἐπεὶ
1091 1257 1146 1310 δὲ
1175 1257 1250 1328 μὴ
1280 1257 1477 1321 πάντες
1500 1245 1750 1321 τοὶοῦτοι,
1774 1256 1964 1322 ίστέον,

397 1349 480 1402 ὃτι
517 1349 609 1401 καὶ
634 1348 740 1401 τῶν
769 1347 1154 1418 ἀτελεστέρων,
1190 1347 1327 1417 πλὴν
1359 1347 1493 1400 ἀλλὰ
1516 1347 1616 1417 τῆς
1652 1348 1709 1400 ὲν
1733 1346 1809 1417 τῷ
1835 1347 1968 1415 οἴκῳ

397 1439 492 1492 τοῦ
514 1438 646 1491 Θεοῦ
676 1439 898 1508 φυτείας
929 1437 1270 1508 ἠξιωμένων,
1299 1437 1412 1489 ἔστι
1444 1455 1494 1490 τι
1529 1437 1734 1506 ἀγαθὸν
1777 1435 1930 1501 τέλος
1949 1453 1962 1468 ·

399 1531 458 1583 ὲν
489 1530 616 1599 γοῦν
658 1533 778 1592 ταῖς
833 1529 1024 1592 αὐλαῖς
1064 1528 1157 1582 τοῦ
1208 1527 1340 1581 Θεοῦ
1385 1529 1544 1599 ἡμῶν
1595 1527 1964 1598 ὲξανθήσουσι.

398 1623 632 1694 Νοήσεις
658 1622 714 1674 δὲ
747 1621 1014 1674 καὶτοῦτο
1034 1616 1180 1674 οἷκον
1215 1619 1387 1690 μέγαν
1410 1620 1610 1690 Κυρίου
1637 1619 1846 1673 ἁκούων
1872 1620 1970 1690 τὴν

2066 533 2271 588 habens
2299 537 2391 604 qui
2428 534 2598 604 ipsius
2642 549 2806 603 opera
2837 536 3064 590 salutem
3122 545 3525 608 assequuntur,
3565 553 3627 592 ea

2064 625 2281 694 quidem
2339 627 2549 680 ratione
2594 628 2759 681 cedro
2805 629 3238 698 comparandus,
3294 632 3398 685 alia
3448 639 3628 684 autem

2065 718 2214 787 prius
2248 719 2550 782 enuntiata,
2579 719 2791 788 palma.
2850 718 2917 772 At
2949 735 3055 774 non
3113 721 3422 790 hujusmodi
3472 728 3632 776 erant

2064 808 2235 878 impii,
2270 810 2384 878 qui,
2409 817 2663 879 tanquam
2698 810 2878 864 fenum
2909 811 3105 874 exorti,
3135 827 3256 867 mox
3283 813 3443 868 deleti
3478 821 3630 868 sunt.

2067 900 2306 954 Plantati
2342 902 2393 954 in
2425 901 2576 954 domo
2600 901 2718 966 Dei,
2760 903 2812 954 in
2847 904 2998 955 atriis
3028 902 3126 956 Dei
3149 906 3317 957 nostri
3346 905 3629 972 ﬂorebunt.

2065 994 2327 1047 Perrarus
2357 992 2572 1062 quidem
2607 1000 2722 1056 est,
2754 995 2845 1062 qui
2879 993 2946 1048 ad
2980 1010 3250 1049 summum
3286 996 3636 1065 perfectionis

2066 1084 2359 1145 devenerit.
2391 1084 2481 1153 qui
2512 1090 2566 1138 et
2590 1086 2771 1153 justus
2805 1092 3033 1139 vocatur
3053 1125 3068 1148 ,
3114 1086 3414 1155 palmaque
3457 1101 3520 1140 ac
3546 1102 3637 1142 ce-

2066 1177 2165 1230 dro
2215 1174 2513 1230 confertur.
2587 1175 2692 1229 Sed
2745 1175 2872 1244 quia
2927 1191 3037 1230 non
3082 1191 3273 1232 omnes
3321 1175 3637 1245 hujusmodi

2068 1273 2215 1331 sunt,
2241 1265 2518 1320 sciendum
2552 1271 2654 1326 est,
2684 1265 2846 1318 etiam
2893 1263 3402 1334 imperfectioribus.
3427 1267 3518 1334 qui
3557 1274 3637 1319 ta-

2065 1371 2190 1410 men
2219 1356 2309 1409 illa
2349 1356 2401 1409 in
2435 1355 2597 1410 domo
2629 1355 2724 1410 Dei
2766 1355 3100 1424 plantatione
3130 1354 3336 1426 dignati
3394 1354 3637 1419 fuerint,

2066 1448 2268 1502 bonum
2310 1447 2598 1518 quemdam
2651 1447 2810 1500 finem
2854 1447 3153 1516 repositum
3197 1463 3319 1502 esse
3355 1464 3368 1499 :
3423 1463 3547 1502 nam
3583 1448 3640 1502 in

2069 1536 2221 1592 atriis
2252 1535 2446 1590 domus
2496 1535 2590 1589 Dei
2638 1535 2812 1590 nostri
2857 1533 3143 1589 ﬂorebunt.
3180 1534 3236 1589 l'd
3272 1551 3400 1590 vero
3436 1535 3641 1590 intelli-

2069 1641 2185 1695 gas,
2217 1625 2261 1680 si
2290 1640 2387 1694 pro
2414 1638 2606 1695 magna
2629 1624 2790 1678 domo
2813 1622 3047 1688 Domini,
3079 1625 3378 1680 Ecclesiam
3419 1626 3539 1694 ejus
3581 1626 3640 1681 in

411 1713 736 1786 Ἐκκλησίαν
782 1711 968 1774 αὐτοῦ,
1019 1712 1118 1783 τὴν
1146 1711 1236 1764 ἐπὶ
1274 1711 1394 1781 γῆς,
1432 1711 1571 1764 κατὰ
1595 1710 1685 1763 τὸν
1724 1711 1970 1782 φήσαντα

2071 1723 2214 1770 terra
2245 1717 2404 1771 sitam
2429 1713 2666 1784 accipias
2694 1714 2994 1769 secundum
3022 1715 3368 1784 Apostolum,
3412 1716 3506 1785 qui
3538 1716 3636 1780 ait,

412 1806 760 1861 Ἀπόστολον·
800 1807 923 1860 Ἵνα
947 1804 1083 1870 ἴδῃς
1107 1801 1234 1867 πῶς
1262 1802 1356 1855 δεῖ
1381 1802 1449 1855 ἑν
1470 1803 1612 1866 οἴκῳ
1652 1802 1796 1856 Θεοῦ
1825 1803 1970 1856 ἁνα-

2079 1807 2147 1862 Ut
2185 1807 2359 1862 videas
2389 1806 2646 1877 quomodo
2673 1786 2906 1876 oporteat
2928 1807 2981 1860 in
3013 1806 3166 1861 domo
3189 1807 3290 1861 Dei
3316 1809 3636 1872 conversari,

402 1897 783 1966 στρέφεσθαι,
806 1895 937 1962 ἣτις
969 1894 1140 1946 ἐστὶν
1179 1893 1502 1954 Ἐκκλησία
1539 1892 1685 1946 Θεοῦ
1719 1891 1930 1959 ζῶντος
1952 1909 1967 1925 ·

402 1986 841 2057 πεφυτευμένους
895 1985 949 2038 δὲ
981 1987 1038 2037 ὲν
1091 1985 1263 2056 ταύτῃ
1302 1984 1427 2046 τοὺς
1454 1983 1550 2046 τὰς
1581 1982 1753 2054 ἀρχάς
1784 1986 1881 2054 τῆς
1915 1986 1971 2038 ὲν

403 2077 684 2148 θεοσεϐείᾳ
738 2076 1016 2147 προκοπῆς
1062 2074 1310 2127 ἐντεῦθεν
1347 2074 1653 2146 εἰληφότας,
1681 2070 1780 2127 οἷοι
1808 2070 1968 2144 ἦσαν,

399 2165 495 2228 οὓς
549 2165 841 2234 ἐφύτευσεν
885 2166 914 2217 ὸ
963 2162 1190 2226 Παῦλος,
1223 2162 1286 2215 δι’
1310 2161 1402 2226 οὒς
1438 2163 1531 2215 καὶ
1583 2161 1787 2230 ἔλεγεν,
1834 2163 1973 2231 Ἐγὼ

399 2256 724 2324 ἐφύτευσα,
769 2254 1064 2320 Ἀπολλὼς
1099 2255 1401 2316 ἐπότισεν,
1432 2253 1570 2306 ἀλλ’
1609 2256 1642 2305 ὀ
1683 2253 1827 2319 Θεὸς
1867 2253 1974 2320 ηὖ-

403 2347 606 2411 ξανεν.
627 2341 786 2400 Οὗτοι
800 2343 892 2399 οῦν
911 2345 960 2397 οἱ
974 2345 1032 2396 ὲν
1049 2347 1114 2413 τῇ
1133 2360 1200 2396 πε
1209 2342 1393 2414 ριγείῳ
1419 2343 1712 2414 Ἐκκλησία
1735 2341 1826 2396 τοῦ
1839 2343 1972 2396 Θεοῦ

403 2437 800 2506 πεφυτευμένοι
824 2436 981 2499 ἄνθος
1017 2433 1384 2489 ἀποδώσουσιν
1410 2433 1606 2497 εὐῶδες
1639 2435 1734 2487 καὶ
1754 2434 1972 2504 γόνιμον

403 2529 498 2582 καὶ
525 2529 632 2583 τῶν
664 2527 883 2580 τελείων
909 2527 1133 2597 καρπῶν
1149 2526 1406 2589 οίστικδν,
1430 2526 1488 2578 ὲν
1511 2528 1630 2590 ταῖς
1661 2525 1850 2588 αὐλαῖς
1879 2523 1972 2577 τοῦ

401 2620 538 2676 Θεοῦ
572 2621 727 2692 ἡμῶν
760 2617 1270 2690 μεταφυτευθέντες,
1299 2617 1574 2670 τουτέστιν
1590 2617 1646 2669 ὲν
1663 2618 1782 2680 ταῖς
1808 2618 1971 2668 ἐπου-

405 2715 606 2784 ρανίοις
650 2714 874 2782 μοναῖςο
925 2710 1052 2777 εἴγε
1087 2708 1275 2762 πολλαὶ
1320 2707 1472 2780 παρὰ
1513 2707 1590 2778 τῷ
1621 2707 1818 2778 Πατρὶ,
1845 2705 1972 2759 ἔνθα

403 2805 523 2855 κατ’
576 2803 732 2868 ἀξίαν
781 2799 1224 2872 διαμερισθέντες
1267 2798 1316 2849 οἱ
1358 2796 1453 2850 νῦν
1492 2799 1550 2850 ὲν
1587 2797 1665 2868 τῷ
1711 2795 1844 2866 οῖκῳ
1874 2793 1968 2848 τοῦ

405 2892 540 2944 Θεοῦ
601 2891 1018 2962 πεφυτευμένοι,
1059 2887 1198 2942 κατά
1244 2887 1434 2958 καιρὸν
1488 2888 1578 2941 τὸν
1627 2889 1972 2958 προσήκοντα.

405 2983 810 3054 ὲξανθήσουσιν.

479 3097 600 3149 Ἔτι
652 3093 1182 3164 πληθυνθήσονται
1238 3095 1308 3148 ἐν
1347 3093 1503 3164 γήρᾳ
1537 3095 1720 3159 πίονι,
1756 3096 1854 3150 καὶ
1881 3096 1971 3151 εὐ·
1997 3134 2039 3194 C

406 3188 738 3254 παθοῦντες
781 3191 1043 3250 ἔσονται,
1089 3186 1195 3241 τοῦ
1243 3187 1607 3258 ἀναγγεῖλαι,
1663 3189 1751 3242 ὅτι
1791 3189 1974 3258 suam

404 3279 620 3345 Κύριος
652 3281 685 3332 ὸ
719 3279 862 3344 Θεὸς
907 3279 1094 3348 ήμῶν,
1149 3277 1246 3331 καὶ
1294 3279 1404 3332 οὐκ
1458 3277 1629 3333 ἐστιν
1678 3279 1877 3335 ἀδικία
1907 3282 1976 3334 ἐν

405 3374 586 3440 αὐτῷ.
639 3372 718 3428 Οὐ
771 3375 928 3444 μόνον
974 3374 1159 3446 φησὶν,
1193 3374 1274 3428 ὅτι
1324 3373 1708 3445 έξανθήσουσιν
1759 3377 1818 3429 ὲν
1855 3379 1975 3440 ταῖς

404 3466 593 3529 αὐλαῖς
613 3465 706 3518 τοῦ
733 3466 867 3520 Θεοῦ
896 3467 943 3520 οἱ
973 3467 1209 3537 σήμερον
1241 3467 1298 3519 ὲν
1331 3466 1409 3537 τῷ
1441 3467 1574 3537 οίκῳ
1611 3468 1772 3522 αὐτοῦ
1805 3487 1977 3538 πεφυ-

403 3557 675 3628 τευμένοι,
727 3556 862 3609 ἀλλά
908 3557 1002 3610 καὶ
1045 3557 1198 3610 αὐτοὶ
1246 3557 1734 3629 πληθυνθήσονται,
1789 3558 1976 3633 ὥσπερ

407 3647 706 3718 ἀνωτέρωὴ
725 3647 958 3718 κέδροςὴ
985 3649 1043 3699 ἐν
1058 3647 1134 3717 τῷ
1151 3647 1366 3715 Λιϐάνῳ
1383 3648 1728 3720 ἐπληθύνετο.
1761 3651 1895 3703 Πότε
1915 3650 1972 3703 δὲ

407 3739 565 3792 τοῦτο
592 3738 774 3802 αὐτοῖς
808 3737 979 3801 ἔσται,
999 3737 1159 3808 ἀλλ’ἢ
1177 3740 1234 3792 ἑν
1247 3739 1324 3808 τῷ
1343 3740 1489 3809 γήρᾳ
1503 3739 1580 3810 τῷ
1599 3739 1738 3791 πίονι
1760 3757 1773 3804 ;
1794 3740 1975 3810 Γῆρας

405 3829 464 3883 δὲ
497 3828 730 3882 ἐνταῦθα
755 3828 852 3899 τὴν
897 3827 1172 3882 τελείωσιν
1197 3829 1424 3882 πέπεισο
1466 3829 1714 3898 λέγεσθαι
1749 3830 1849 3899 τῆς
1877 3831 1977 3899 ψυ-

408 3922 531 3993 χῆς,
565 3924 622 3975 ὲν
715 3921 990 3992 γενόμενοι
1045 3919 1406 3984 εὐπαθοῦντες
1466 3920 1681 3975 ἔσονται
1723 3922 1772 3973 οί
1796 3921 1890 3975 νῦν
1917 3923 1975 3975 ὲν

405 4012 484 4084 τῷ
521 4013 652 4082 οίκῳ
696 4013 901 4084 Κυρίου
940 4011 1352 4082 πεφυτευμένοι.
1392 4010 1454 4064 El
1487 4011 1597 4082 γὰρ
1633 4011 1727 4067 καὶ
1773 4012 1842 4065 τὰ
1869 4013 1975 4083 μά-

405 4103 562 4157 λιστα
615 4104 756 4157 κατὰ
806 4103 896 4156 τὸν
956 4103 1196 4174 παρόντα
1220 4101 1430 4175 καιρὸν,
1483 4105 1540 4155 ὲν
1572 4097 1616 4170 ᾧ
1662 4101 1975 4171 φυτεύονται

408 4197 467 4250 ὲν
498 4196 574 4266 τῷ
597 4199 729 4267 οῐκῳ
766 4194 970 4266 Κυρίου
1021 4193 1454 4257 κακοπαθοῦντες
1496 4193 1815 4260 διατελοῦσι,
1852 4195 1976 4253 τοὺς

407 4288 654 4360 πρώτους
709 4288 807 4358 τῆς
858 4286 1128 4358 γεωργίας
1179 4286 1369 4350 πόνους
1424 4285 1782 4356 ὑπομένοντες
1803 4302 1816 4315 ·
1861 4285 1974 4339 ἀλλ’

407 4377 546 4432 ὲπάν
575 4376 670 4430 τοῦ
697 4379 878 4448 γήρως
915 4375 1009 4430 τοῦ
1037 4376 1216 4440 πίονος
1263 4375 1585 4442 ἀξιωθῶσιν,
1621 4376 1977 4440 εὐπαθοῦντες

2075 1916 2190 1970 qua:
2213 1909 2289 1953 est
2317 1897 2552 1952 Ecclesia
2575 1897 2671 1952 Dei
2697 1899 2906 1951 viventis
2938 1897 3018 1963 ¹¹;
3057 1908 3110 1953 et
3141 1899 3186 1953 si
3208 1913 3308 1968 pro
3332 1897 3440 1952 illis
3468 1898 3559 1967 qui
3582 1898 3639 1952 in

2076 2006 2138 2046 ea
2165 1991 2392 2060 plantati
2422 1997 2569 2054 sunt,
2598 2003 2693 2043 eos
2722 1991 2813 2059 qui
2839 1988 3117 2058 profectus
3149 1988 3202 2041 in
3227 1988 3488 2058 religione
3523 1987 3640 2057 pri-

2077 2079 2287 2134 mordia
2333 2079 2385 2132 in
2426 2079 2515 2132 illa
2565 2087 2927 2148 acceperunt:
2976 2078 3165 2147 quales
3211 2079 3247 2130 ii
3293 2085 3451 2131 erant
3499 2091 3640 2147 quos

2078 2170 2339 2240 plantavit
2365 2169 2587 2235 Paulus,
2617 2158 2956 2242 quorumque
2983 2187 3147 2228 causa
3176 2174 3332 2240 dixit,
3360 2172 3466 2244 Ego
3487 2172 3644 2242 plan-

2079 2261 2205 2324 tavi,
2231 2261 2418 2329 Apollo
2446 2262 2672 2332 rigavit;
2713 2263 2801 2317 sed
2828 2265 2968 2318 Deus
3003 2265 3374 2318 incrementum
3413 2263 3551 2317 dedit
3573 2265 3638 2318 ’².

2077 2351 2144 2405 Hi
2171 2352 2352 2421 itaque
2375 2353 2467 2422 qui
2499 2355 2554 2407 in
2581 2362 2798 2408 terrena
2831 2354 2923 2409 Dei
2954 2353 3197 2410 Ecclesia
3235 2355 3460 2425 plantati
3490 2361 3640 2418 sunt,

2077 2443 2261 2498 ﬂorem
2281 2445 2527 2500 emittent
2576 2447 2760 2502 suavis
2793 2447 2978 2502 odoris
3013 2462 3076 2501 ac
3113 2462 3433 2518 generosum
3459 2446 3644 2521 perfe-

2077 2541 2396 2605 ctorumque
2425 2536 2702 2592 fructuum
2731 2537 2999 2603 feracem;
3038 2540 3093 2592 in
3128 2540 3280 2594 atriis
3303 2539 3396 2594 Dei
3428 2540 3638 2604 nostri,

2078 2625 2132 2679 id
2162 2627 2351 2694 est_in
2402 2627 2716 2683 calestibus
2773 2629 3150 2684 mansionibus
3203 2631 3636 2699 transplantati:

2077 2719 2343 2788 siquidem
2383 2721 2566 2773 multa
2611 2728 2740 2773 sunt
2767 2722 3084 2778 mansiones
3114 2721 3256 2792 apud
3282 2721 3518 2789 Patrem,
3546 2725 3641 2779 ubi

2076 2827 2178 2881 pro
2210 2812 2404 2866 merito
2437 2811 2718 2868 distributi
2746 2812 2838 2881 qui
2874 2812 2981 2882 jam
3012 2813 3067 2865 in
3098 2812 3263 2868 domo
3285 2811 3378 2867 Dei
3410 2813 3641 2883 plantati

2075 2909 2224 2969 sunt,
2247 2905 2566 2974 congruenti
2591 2913 2832 2975 tempore
2859 2904 3147 2960 ﬂorebunt.
3647 2905 3649 2909 ’

2144 3096 2308 3154 Vnus.
2343 3099 2430 3164 15,
2465 3097 2551 3152 16.
2581 3097 2764 3152 Adhuc
2798 3097 3286 3167 multiplicabuntur
3307 3100 3359 3154 in
3386 3109 3644 3156 senectute

2071 3188 2273 3258 pingui.
2321 3197 2371 3242 et
2414 3183 2549 3242 bona
2593 3189 2845 3258 accipient
2858 3191 2889 3253 ;'
2922 3198 2982 3242 ut
3020 3192 3357 3255 annuntient,
3396 3191 3644 3261 quoniam

2073 3290 2243 3334 rectus
2268 3278 2520 3334 Dominus
2549 3279 2688 3334 Deus
2717 3290 2912 3346 noster,
2940 3289 2990 3335 et
3032 3299 3136 3335 non
3163 3291 3241 3337 est
3284 3283 3537 3353 iniquitas
3586 3285 3642 3337 in

2073 3386 2151 3425 eo.
2195 3370 2312 3425 Non
2341 3372 2516 3428 solum
2551 3372 2604 3427 id
2635 3372 2744 3439 ait,
2796 3373 2852 3428 in
2910 3374 3062 3428 atriis
3095 3373 3189 3430 Dei
3231 3374 3502 3430 ﬂorebunt
3549 3377 3643 3446 qui

2073 3461 2236 3518 bodie
2265 3462 2322 3516 in
2347 3463 2509 3518 domo
2537 3463 2656 3532 ejus
2688 3463 2914 3532 plantati
2944 3471 3107 3529 sunt;
3142 3463 3237 3518 sed
3280 3471 3333 3520 et
3373 3465 3475 3534 ipsi
3507 3466 3646 3519 mul-

2073 3553 2486 3623 tiplicabuntur,
2517 3555 2659 3608 sicut
2687 3553 2903 3616 cedrus,
2936 3569 3055 3624 qua
3084 3555 3138 3607 in
3171 3553 3378 3609 Libano
3411 3564 3514 3617 est,
3549 3569 3641 3610 su-

2073 3660 2170 3716 pra
2221 3645 2572 3715 multiplicari
2625 3643 2927 3700 dicebatur.
2981 3643 3339 3710 Quandonam
3395 3646 3450 3700 id
3508 3646 3643 3716 ipsis

2075 3737 2305 3803 eveniet,
2329 3737 2434 3790 nisi
2467 3736 2521 3789 in
2553 3744 2830 3792 senectute
2857 3737 3084 3806 pingui?
3105 3735 3204 3791 Hic
3235 3752 3364 3791 vero
3388 3745 3643 3792 senectu-

2075 3835 2182 3883 tem
2214 3844 2312 3896 pro
2340 3827 2816 3883 consummatione
2839 3827 3034 3881 anima
3061 3826 3168 3882 dici
3197 3843 3520 3896 persuasum
3544 3829 3644 3882 ba-

2074 3920 2223 3984 beas,
2239 3921 2290 3974 in
2309 3936 2414 3990 qua
2437 3920 2715 3974 constituti
2738 3921 3175 3980 bonisfruentur,
3191 3922 3280 3988 qui
3300 3937 3442 3974 nunc
3478 3922 3531 3975 in
3546 3921 3645 3976 do-

2074 4027 2165 4066 mo
2182 4010 2392 4066 Domini
2413 4011 2636 4082 plantati
2657 4020 2803 4066 sunt.
2823 4010 2954 4064 Nam
2979 4011 3023 4066 si
3041 4011 3154 4080 jam
3175 4012 3228 4064 in
3255 4011 3416 4065 domo
3429 4010 3642 4067 Domini

2075 4102 2320 4172 plantati,
2349 4102 2489 4155 mala
2545 4101 2810 4171 patientes
2862 4109 3232 4171 perseverant,
3266 4100 3457 4170 primis
3492 4101 3640 4172 agri-

2074 4193 2302 4247 cultura
2331 4193 2608 4249 laboribus
2635 4193 2906 4260 aﬂlictati;
2935 4194 3028 4249 sed
3059 4209 3182 4249 cum
3215 4202 3492 4248 senectute
3521 4193 3641 4262 pin-

2075 4285 2162 4356 gui
2204 4284 2387 4339 donati
2425 4283 2645 4348 fuerint,
2675 4284 2833 4340 bonis
2870 4284 3138 4351 fruentur,
3163 4299 3226 4339 ac
3257 4283 3497 4354 requiem
3539 4297 3643 4337 na-

2075 4376 2169 4440 cti,
2198 4375 2441 4429 laborum
2483 4375 2950 4445 certaminumque
2990 4375 3214 4446 pramia
3242 4373 3522 4440 referent,
3577 4387 3644 4429 ac

405 4471 719 4542 γενήσονται
740 4471 1139 4541 ἀναπαυόμενοι
1164 4471 1270 4523 τῶν
1297 4471 1556 4541 καμάτων
1585 4469 1799 4523 καὶτῶν
1829 4469 1972 4539 ἀγώ-

2076 4466 2495 4532 confitebuntur,
2523 4467 2785 4533 Quoniam
2807 4477 2976 4521 rectus
3007 4466 3261 4520 Dominus
3284 4464 3421 4522 Deus
3442 4473 3638 4528 noster,

404 4579 513 4617 νων
568 4560 636 4614 τὰ
680 4559 887 4614 ἔπαθλα
937 4560 1371 4631 ἀποληψόμενοι·
1429 4561 1853 4632 Ὀμολογήσουσί
1894 4579 1974 4628 τε,

407 4652 539 4706 Ὀτι
569 4651 751 4719 seem
776 4652 991 4719 Κύριος
1023 4655 1056 4704 ό
1087 4651 1231 4718 Θεὸς
1273 4652 1464 4722 ἡμῶν,
1509 4654 1607 4706 καὶ
1645 4655 1756 4707 οὐκ
1807 4652 1977 4708 ἔστιν

405 4745 604 4800 ἀδικία
631 4745 700 4797 ἐν
721 4744 899 4809 αὐτῷ.
925 4745 986 4798 El
1010 4744 1118 4817 γὰρ
1145 4745 1220 4816 μὴ
1236 4744 1303 4798 τά
1328 4745 1782 4817 κατηριθμημένα
1797 4745 1977 4814 ἀγαθά

405 4833 596 4904 ἔμελλε
637 4833 970 4904 διαδέχεσθαι
1012 4835 1138 4896 τοὺς
1186 4833 1262 4904 τῷ
1293 4834 1411 4905 Θεῷ
1448 4836 1853 4906 ἀνακειμένους,
1884 4837 1976 4889 καὶ

405 4927 456 4980 εί
493 4925 567 5008 μὴ
594 4925 654 4978 τὸ
677 4925 918 4996 ὀλέθριον
949 4925 1100 4988 τέλος
1147 4925 1435 4997 περιέμενε
1485 4929 1610 4990 τοὺς
1641 4927 1853 4991 ἀσεϐεῖς
1881 4928 1975 4981 καὶ

404 5019 530 5082 τοὺς
569 5016 966 5088 ἐργαζομένους
1017 5017 1114 5088 τὴν
1147 5017 1394 5088 ἀνομίαν,
1423 5014 1489 5088 ἦν
1508 5019 1574 5071 ἀν
1596 5020 1738 5090 τάχα
1762 5020 1974 5072 ἀδικίαν

404 5108 726 5162 ἐπικαλέσαι
784 5110 850 5179 τῇ
901 5106 996 5160 τοῦ
1043 5106 1176 5160 Θεοῦ
1221 5108 1466 5179 προνοίᾳ.
1510 5109 1637 5162 Ὅτε
1663 5109 1721 5161 δὲ
1750 5109 1975 5164 τοιαῦτα

403 5201 531 5270 τέλη
589 5199 683 5253 καὶ
725 5201 835 5263 τοῖς
885 5199 1112 5262 δικαίοις
1157 5199 1498 5270 ἡτοίμασται,
1527 5200 1655 5253 οἴων
1699 5201 1791 5254 καὶ
1816 5203 1975 5271 ἡμεῖς

404 5291 675 5362 εὐχόμεθα
712 5293 894 5361 τυχεῖν
921 5333 937 5356 ,
988 5291 1082 5343 καὶ
1114 5293 1227 5354 τοῖς
1261 5291 1480 5344 ἀσεϐέσι
1534 5293 1776 5347 τοιαῦται
1817 5296 1973 5363 ἠπεί-

401 5380 591 5451 ληνται
616 5378 892 5450 τιμωρίαι,
923 5378 1016 5447 ἀφ’
1043 5371 1117 5431 ὧν
1138 5378 1345 5446 γένοιτο
1365 5381 1510 5450 ἡμᾶς
1533 5379 1795 5451 ρυσθῆναι
1814 5397 1828 5410 ο
1853 5381 1970 5444 πῶς

401 5473 500 5525 οὐκ
530 5469 817 5524 ἀκόλουθον
844 5469 910 5523 ἂν
936 5469 1020 5539 εἴη
1064 5469 1361 5539 ὁμολογεῖν,
1395 5469 1512 5523 ’Ότι
1545 5470 1729 5538 εὐθὴς
1756 5472 1969 5539 Κύριος

347 5552 354 5616 ξ
403 5569 436 5620 δ
468 5563 611 5629 Θεὸς
647 5560 838 5632 ἡμῶν,
885 5560 983 5614 καὶ
1034 5561 1145 5614 οὐκ
1191 5559 1364 5614 ἐστιν
1415 5560 1613 5618 ἀδικία
1655 5561 1724 5616 ἐν
1773 5561 1968 5628 αὐτῷ;

367 5751 373 5763 -
473 5721 528 5795 ξε.
557 5718 578 5773 ι
611 5717 751 5776 Tim.
790 5732 887 5787 ιιι,
923 5718 1010 5774 l5.
1087 5719 1130 5750 ”
1170 5715 1189 5770 Ι
1221 5717 1344 5774 Cor.
1383 5732 1476 5782 ιιι,
1508 5717 1560 5771 6.

2072 4568 2121 4611 et
2152 4575 2256 4612 non
2288 4567 2364 4612 est
2393 4559 2642 4627 iniquitas
2667 4559 2721 4612 in
2754 4574 2833 4612 eo.
2863 4557 2980 4612 Nisi
3014 4559 3156 4613 enim
3181 4557 3291 4627 jam
3324 4562 3642 4611 enumerata

2073 4649 2214 4704 bona
2258 4665 2353 4705 eos
2394 4651 2484 4720 qui
2516 4648 2626 4704 Deo
2660 4647 2862 4704 addicti
2896 4655 3023 4704 sunt
3073 4655 3369 4716 exceptura
3413 4653 3638 4711 essent,

2072 4750 2126 4797 et
2153 4743 2258 4798 nisi
2284 4743 2484 4812 impios
2511 4750 2566 4798 et
2586 4750 2882 4812 operantes
2914 4741 3254 4810 iniquitatem
3276 4737 3545 4794 exitiosus
3573 4738 3639 4793 ﬂ-

2071 4835 2158 4889 nis
2205 4842 2479 4900 maneret;
2535 4834 2732 4888 divina
2769 4831 3125 4887 Providentia
3165 4830 3450 4901 culpanda
3500 4829 3642 4884 forte

2071 4939 2237 4980 causa
2263 4925 2530 4980 subesset.
2589 4923 2656 4977 At
2683 4922 2901 4994 quando
2955 4922 3080 4977 finis
3123 4920 3434 4991 hujusmodi
3476 4921 3640 4989 justis

2068 5022 2292 5087 paratus
2325 5023 2430 5079 est,
2461 5015 2675 5085 qualem
2707 5028 2808 5068 nos
2848 5013 3109 5083 consequi
3162 5019 3540 5082 peroptamus;
3573 5024 3639 5064 ac

2070 5107 2250 5177 impiis
2275 5107 2401 5161 talia
2429 5107 2818 5162 denuntiantur
2861 5105 3124 5174 supplicia
3150 5147 3164 5171 ,
3207 5119 3237 5159 a
3280 5105 3479 5175 quibus
3537 5117 3639 5158 nos

2068 5197 2562 5266 eripicontingat:
2621 5211 2790 5265 quare
2843 5203 3265 5249 consentaneum
3323 5208 3432 5247 non
3478 5191 3641 5245 fuerit

2068 5288 2335 5352 confiteri,
2369 5288 2631 5355 Quoniam
2675 5296 2846 5340 rectus
2887 5285 3146 5339 Dominus
3176 5283 3317 5338 Deus
3347 5292 3549 5344 noster,
3587 5290 3638 5335 et

2075 5395 2178 5432 non
2203 5389 2281 5434 est
2304 5380 2553 5449 iniquitas
2591 5380 2643 5432 in
2667 5381 2772 5434 eo?
2807 5380 2874 5432 At
2927 5377 3188 5446 insipiens
3225 5376 3341 5430 hac
3384 5389 3492 5429 non
3543 5388 3638 5427 cn-

2073 5480 2332 5542 gnoscet,
2365 5485 2464 5524 nec
2495 5471 2689 5525 stultus
2721 5469 3001 5538 intelliget,
3034 5465 3178 5537 quod
3222 5481 3254 5519 a
3283 5465 3509 5520 stultitia
3539 5479 3639 5519 sua

2075 5563 2314 5619 tenebris
2373 5561 2699 5617 oﬂ'nndatur.
2758 5560 2866 5632 Ego
2922 5575 3048 5615 vero
3093 5559 3188 5628 qui
3240 5557 3424 5614 istbac
3472 5555 3641 5627 probe
