4074 6380
525 359 664 416 H85

1228 355 1497 412 EUSEBII
1537 351 2019 412 CAESARIENSIS
2055 354 2203 411 OPP.
2242 352 2423 409 PARS
2450 351 2540 407 Ill.
2565 382 2633 392 —
2655 347 3044 405 EXEGETICA

3644 347 3770 405 1184

521 487 850 546 cognoscam
876 480 929 528 et
954 471 1272 544 intelligam,
1307 473 1436 544 quia
1469 489 1499 526 a
1529 471 1734 544 Spiritu
1763 480 1954 528 sancto
1978 473 2101 525 illu-

2215 470 2350 524 Ἀλλ’
2376 471 2403 523 6
2429 469 2526 540 μὲν
2553 468 2742 540 ἄφρων
2770 465 2944 519 ταῦτα
2974 464 3034 517 ού
3056 461 3342 534 γνώσεται,
3376 461 3496 515 οὐδὲ
3523 462 3773 528 ἀσύνετος

523 574 730 620 stratus
779 579 922 629 sum,
946 563 1176 634 etquod
1227 563 1566 618 considerem
1601 578 1763 633 quam
1823 561 2104 632 profunda:

524 656 682 710 facta:
723 657 833 710 sint
861 655 1222 724 cogitationes
1270 653 1394 720 Dei;
1447 655 1572 722 jure
1620 655 1772 709 laator
1801 661 1856 708 et
1890 653 2104 708 exsulto

525 747 591 801 de
611 746 792 800 divina
825 745 1236 815 dispensatione
1263 763 1277 798 :
1322 744 1610 815 praesentia
1631 759 1761 798 vero
1805 744 1946 797 mala
1969 784 1984 806 ,
2033 744 2104 799 ob

525 853 675 907 spem
707 837 1015 891 futurorum
1051 843 1271 891 strenue
1296 837 1487 890 tolero.
1507 836 1624 901 Qua
1655 835 1720 889 de
1739 849 1905 888 causa
1931 843 2102 890 totum

523 931 696 984 otium
730 945 909 984 meum
954 938 1008 984 et
1052 929 1414 984 cessationem
1467 943 1497 981 a
1538 929 1696 984 malis
1754 926 1862 982 Deo
1910 944 2105 984 conse-

523 1035 707 1083 crans,
739 1019 1080 1074 delectabilia
1114 1021 1201 1074 illa
1231 1027 1284 1073 et
1312 1026 1499 1073 sancta
1550 1017 1784 1074 Sabbata
1819 1019 2106 1074 observare

525 1117 735 1180 satago,
768 1111 1103 1174 conﬁtendo,
1143 1113 1424 1182 psallendo
1452 1121 1509 1167 et
1540 1111 1915 1166 annuntiando
1945 1126 2105 1166 mane

525 1201 958 1256 misericordiam
988 1201 1108 1265 Dei,
1137 1211 1192 1257 et
1221 1203 1504 1258 veritatem
1551 1203 1671 1271 ejus
1719 1217 1815 1272 per
1864 1208 2102 1256 noctem.

524 1291 683 1348 Tunc
711 1294 858 1348 enim
893 1295 1126 1349 maxime
1152 1309 1182 1347 a
1212 1295 1466 1366 religiosa
1501 1296 1684 1348 anima
1714 1295 1914 1350 veritas
1951 1294 2106 1349 exhi-

523 1383 703 1448 betur,
730 1401 853 1439 cum
881 1385 935 1438 in
961 1385 1202 1440 tenebris
1224 1395 1277 1441 et
1303 1387 1640 1441 obscuritate
1668 1386 1869 1457 degens
1895 1425 1908 1450 ,
1945 1385 2105 1456 quasi

525 1475 581 1529 in
611 1475 1053 1545 splendidissima
1087 1478 1206 1532 luce
1243 1485 1296 1531 et
1326 1477 1634 1532 clarissima
1676 1477 1786 1540 die,
1819 1478 2106 1533 conscien-

524 1569 614 1622 tia:
643 1568 930 1624 sinceritas
965 1571 1254 1639 etpuritas
1283 1571 1612 1625 ostenditur.
1655 1569 1802 1626 Talis
1842 1579 1926 1626 est
1957 1571 2104 1641 psal-

524 1676 648 1713 mus
668 1675 791 1713 cum
821 1660 1035 1716 cantico
1067 1663 1156 1716 die
1187 1659 1411 1717 Sabbati
1442 1662 1644 1727 dictus,
1677 1663 1729 1717 id
1762 1669 1846 1718 est
1883 1663 1937 1716 in
1967 1669 2106 1717 tem-

526 1767 658 1822 pore
688 1752 855 1816 illius,
889 1753 1034 1822 quod
1074 1754 1375 1808 secundum
1410 1753 1579 1810 Deum
1622 1762 1739 1817 est,
1791 1755 1891 1808 otii
1919 1743 1984 1808 ac
2014 1769 2103 1808 re-

2207 564 2425 634 συνήσει
2453 560 2645 626 ταῦτα,
2675 559 2765 614 διὰ
2795 559 2856 612 τὸ
2911 556 3245 622 σκοτίζεσθαι
3294 556 3399 608 ὑπὸ
3435 557 3532 626 τῆς
3577 555 3773 621 οἰκείας

2205 652 2518 727 ἀφροσύνης
2538 670 2550 682 ·
2580 650 2691 719 ἐγὼ
2717 651 2772 704 δέ
2808 652 2837 704 6
2863 651 3024 719 γνοὺς
3053 648 3190 702 αὐτά
3221 653 3313 701 καὶ⁵
3354 649 3554 710 συνιεὶς
3592 647 3680 700 διὰ
3717 647 3776 702 τὸ

2207 747 2312 802 ὑπὸ
2335 746 2478 800 θείου
2510 744 2825 816 Πνεύματος
2847 743 3202 814 πεφωτίσθαι,
3235 743 3327 795 καὶ
3354 741 3442 794 διὰ
3467 741 3530 793 τὸ
3555 739 3776 812 θεωρεῖν

2204 839 2353 903 ὅπως
2399 837 2770 908 ἐϐαθύνθησαν
2819 836 3020 909 σφόδρα
3050 837 3100 889 οἱ
3129 835 3465 905 διαλογισμοὶ
3491 833 3585 886 τοῦ
3612 832 3772 887 Θεοῦ’

2205 931 2426 993 εἰκότως
2452 929 2812 1001 εύφραίνομαι
2850 928 2942 980 καὶ
2969 926 3212 995 ἀγαλλιῶ
3254 925 3345 978 ἐπὶ
3388 928 3454 996 τῇ
3494 925 3613 996 θείᾳ
3651 924 3773 977 διοι-

2205 1023 2384 1092 κήσει,
2440 1019 2591 1092 φέρω
2627 1036 2686 1072 τε
2738 1018 2808 1072 τά
2862 1018 3104 1090 παρόντα
3131 1017 3392 1086 γενναίως
3425 1016 3513 1070 διά
3540 1017 3637 1088 τὴν
3674 1016 3772 1069 τῶν

2208 1111 2509 1182 μελλόντων
2557 1110 2768 1164 ἐλπίδα.
2807 1102 2907 1162 ’Ὧν
2940 1110 3100 1162 ἕνεκα
3151 1109 3249 1180 τὴν
3307 1110 3485 1162 πᾶσαν
3545 1107 3774 1178 ἐμαυτοῦ

2208 1201 2420 1273 σχολὴν,
2459 1203 2554 1257 καὶ
2586 1201 2683 1273 τὴν
2712 1202 2820 1255 ἀπὸ
2844 1200 2951 1254 τῶν
2969 1201 3154 1254 κακῶν
3178 1200 3374 1272 ἀργίαν
3407 1199 3682 1264 ἀνατιθεὶς
3708 1198 3775 1270 τῷ

2205 1295 2342 1366 Θεῷ,
2371 1295 2440 1349 τά
2463 1294 2707 1367 τρυφερά
2747 1295 2841 1349 καὶ
2889 1293 3018 1363 ἆγια
3056 1293 3309 1348 Σάϐϐατα
3348 1292 3611 1346 ἐπιτελεῖν
3670 1309 3776 1346 πει⁸

2210 1387 2407 1457 ρῶμαι,
2439 1386 2526 1439 διὰ
2551 1385 2645 1439 τοῦ
2679 1383 3112 1456 ἐξομολογεῖσθαι
3136 1384 3228 1437 καὶ
3256 1383 3473 1454 ψάλλειν
3496 1383 3588 1436 καὶ⁵
3618 1383 3782 1451 ἀναγ-

2205 1477 2416 1547 γέλλειν
2443 1477 2502 1530 τὸ
2536 1475 2680 1550 πρωῒ
2710 1477 2770 1530 τὸ
2795 1477 2941 1541 ἕλεος
2958 1477 3051 1530 τοῦ
3085 1477 3243 1540 Θεοῦ,
3282 1476 3376 1530 καὶ
3408 1475 3506 1546 τὴν
3527 1474 3783 1545 ἀλήθειαν

2205 1569 2371 1623 αὑτοῦ
2405 1567 2546 1622 κατά
2572 1570 2762 1625 νύκτα.
2798 1569 2930 1621 Τότε
2955 1568 3064 1640 γὰρ
3097 1568 3327 1639 μάλιστα
3363 1570 3396 1638 ἡ
3435 1566 3664 1636 ἀλήθεια
3691 1567 3786 1639 τῆς

2207 1661 2489 1724 θεοσεϐοῦς
2513 1660 2783 1714 δείκνυται
2814 1659 3012 1731 ψυχῆς,
3035 1660 3238 1730 ὅτεξέν
3271 1658 3458 1729 σκοτία
3476 1657 3570 1710 καὶ
3605 1657 3785 1712 σκότει

2207 1753 2566 1823 τυγχάνουσα,
2600 1751 2676 1814 ὡς
2713 1753 2770 1805 ἐν
2807 1751 3173 1823 λαμπροτάτῳ
3217 1751 3356 1821 ιρωτλ⁴
3384 1751 3476 1804 καὶ
3509 1751 3565 1803 ἐν
3604 1749 3788 1822 ἡμέρᾳ

524 1844 672 1914 quiei
699 1864 712 1899 :
747 1860 854 1914 quo
885 1862 984 1900 nos
1012 1847 1175 1900 etiam
1204 1847 1514 1900 divinarum
1539 1846 1958 1917 disciplinarum
1989 1861 2105 1899 me-

2209 1844 2566 1914 διαυγεστάτῃ
2598 1844 2659 1896 τὸ
2689 1844 2909 1916 γνήσιον
2950 1844 3046 1897 καὶ
3079 1844 3365 1916 εἱλικρινὲς
3408 1843 3505 1913 τῆς
3540 1842 3788 1914 συνειδή-

525 1933 777 1989 ditationi
801 1943 1090 2001 vacantes,
1132 1936 1429 2006 gratiarum
1467 1937 1696 1991 actionis
1729 1936 1893 1991 verba
1921 1936 2105 1991 hocin

526 2024 744 2079 cantico
773 2027 1056 2080 enuntiata
1086 2025 1197 2080 Deo
1226 2028 1474 2082 emittere
1505 2042 1604 2097 par
1639 2034 1746 2081 est.

2214 1954 2348 2001 σεως
2372 1937 2753 1990 ἐπιδείκνυται.
2785 1936 3035 2000 Τοιοῦτος
3073 1937 3168 1992 καὶ
3196 1937 3224 1990 ὁ
3254 1937 3368 2002 μετ’
3393 1934 3535 2006 ᾠδῆς
3565 1935 3788 2007 εἰρημέ-

2211 2046 2301 2093 νος
2337 2029 2550 2100 ψαλμὺς
2598 2029 2678 2093 είς
2705 2027 2802 2100 τὴν
2829 2029 3040 2101 ἡμέραν
3085 2028 3178 2082 τοῦ
3206 2028 3506 2092 Σαϐϐάτου,
3541 2027 3786 2079 τουτέστι

524 2115 614 2169 τὸν
641 2117 737 2186 τῆς
761 2117 903 2171 κατά
927 2118 1057 2172 Θεὸν
1079 2120 1275 2191 σχολῆς
1307 2139 1367 2174 τε
1390 2123 1484 2175 καὶ
1502 2121 1864 2184 ἀναπαύσεως
1887 2121 2098 2193 καιρὸν,
2129 2122 2186 2175 ἐν
2209 2116 2254 2192 ᾧ
2281 2126 2376 2177 καὶ
2399 2126 2548 2195 ἡμᾶς
2599 2126 2666 2196 τῇ
2711 2122 2906 2196 μελέτῃ
2950 2123 3056 2177 τῶν
3078 2123 3236 2180 θείων
3287 2123 3622 2196 μαθημάτων
3668 2138 3786 2192 σχο-

523 2206 805 2274 λάζοντας,
853 2211 980 2274 τοὺς
1026 2212 1475 2285 εὐχαριστηρίους
1525 2215 1716 2284 λόγους
1760 2217 1860 2288 τῆς
1901 2219 2267 2292 προκειμένης
2289 2220 2430 2292 ᾠδῆς
2461 2220 2805 2292 ἀναπέμπειν
2833 2223 3101 2294 προσήκει
3131 2220 3210 2293 τῷ
3239 2219 3378 2292 Θεῷ.

701 2325 886 2380 LAUS
927 2327 1202 2386 CANTlCI
1246 2329 1375 2385 lPSl.
1410 2330 1618 2385 DAVID
1651 2332 1751 2405 (ι).
1829 2336 1986 2393 xcn.

599 2416 769 2475 Vens.
809 2419 861 2473 1.
898 2420 1157 2476 Dominus
1199 2424 1469 2493 regnavit,
1493 2424 1732 2480 decorem
1763 2427 1977 2500 indutus
2003 2440 2104 2485 est.

526 2509 692 2577 Quia,
749 2512 1055 2567 secundum
1105 2513 1472 2584 Apostolum,
1528 2519 1777 2588 regnavit
1835 2536 1986 2578 mors
2037 2523 2107 2578 ab

527 2602 699 2657 Adam
727 2619 901 2674 usque
921 2606 990 2660 ad
1019 2604 1263 2678 Moysem
1288 2608 1356 2673 ”,
1388 2607 1442 2663 id
1463 2617 1548 2666 est
1571 2625 1604 2664 a
1633 2611 1807 2681 prima
1823 2612 2106 2668 hominum

527 2696 806 2754 creatione
857 2714 1032 2768 usque
1063 2699 1131 2754 ad
1161 2715 1487 2771 corporeum
1523 2703 1824 2759 secundum
1865 2705 2106 2777 Moysem

528 2789 766 2855 cultum,
793 2791 888 2861 qui
913 2791 968 2846 in
1010 2797 1232 2848 terrena
1263 2793 1566 2850 Jerusalem
1600 2797 1904 2872 antiquitus
1937 2814 2109 2868 usque

531 2881 599 2935 ad
632 2881 936 2940 Salvatoris
959 2887 1139 2940 nostri
1165 2884 1293 2942 Jesu
1327 2885 1532 2944 Christi
1560 2889 1851 2945 adventum
1870 2891 2111 2961 perﬁcie-

530 2973 723 3042 batur;
746 2990 879 3030 sane
908 2992 1033 3032 cum
1066 2993 1215 3034 mors
1249 2987 1524 3049 regnaret,
1551 2989 1606 3035 et
1630 2982 1677 3036 is
1699 2982 1794 3050 qui
1824 2983 2107 3052 imperium

528 3067 723 3121 mortis
751 3067 936 3133 habet,
967 3069 1228 3124 nimirum
1251 3071 1523 3138 diabolus,
1548 3070 1942 3137 dominaretur,
1960 3082 2108 3143 tunc,

2523 2339 2736 2406 ,ΣιΝοΣ
2765 2337 2938 2392 om:
2964 2337 3051 2392 To
3085 2337 3310 2391 ΔΑΥιΔ.
3347 2336 3460 2403 una

2289 2430 2352 2486 '0
2411 2430 2630 2498 Κύριος
2677 2431 3112 2494 ἐϐασίλευσεν,
3173 2429 3536 2496 εὐπρέπειαν
3581 2429 3787 2484 ἐνεδύ-

2209 2541 2380 2579 σατο.
2425 2524 2578 2577 Ἐπεὶ
2607 2522 2750 2576 κατά
2775 2523 2868 2576 τὸν
2915 2521 3236 2575 Ἀπόστολον
3265 2520 3612 2575 ἐϐασίλευσεν
3637 2523 3668 2575 6
3697 2521 3790 2578 θά-

2210 2633 2367 2680 νατος
2389 2616 2496 2669 ἀπὸ
2537 2617 2706 2688 ’Δδάμ
2738 2615 2897 2688 μέχρι
2916 2614 3215 2680 Μωῦσέως,
3245 2613 3523 2668 τουτέστιν
3554 2614 3664 2667 ἀπὺ
3689 2613 3791 2685 τῆς

2213 2705 2434 2777 πρώτης
2460 2705 2759 2778 ἀνθρώπιον
2781 2707 3046 2775 γενέσεως
3077 2705 3236 2776 μέχρι
3257 2705 3358 2776 τῆς
3379 2703 3522 2758 κατά
3549 2705 3790 2760 Μωῡσέα

2217 2800 2535 2869 σωματικῆς
2569 2795 2844 2868 λατρείας,
2880 2797 3002 2867 ἥτις
3023 2796 3264 2864 ἐπιγείου
3307 2795 3661 2866 Ἰερουσαλὴμ
3688 2795 3790 2848 πά-

2214 2886 2306 2939 λαι
2345 2887 2610 2958 πρότερον
2650 2887 2809 2958 μέχρι
2856 2889 2957 2957 τῆς
2983 2885 3077 2940 τοῦ
3120 2885 3372 2956 Σωτῆρος
3402 2884 3559 2956 ἡμῶν
3611 2882 3788 2955 Ἰησοῦ

2214 2978 2450 3052 Χριστοῦ
2483 2978 2785 3050 παρουσίας
2816 2978 3148 3031 συνετελεῖτο
3170 2995 3184 3007 ο
3221 2977 3446 3040 εἰκότως
3469 2978 3557 3030 ὅτε
3585 2977 3613 3028 6
3635 2975 3791 3029 θάνα-

2213 3091 2303 3136 τος
2331 3071 2634 3137 ἐϐασίλευε,
2680 3071 2773 3125 καὶ
2811 3072 2840 3124 6
2885 3071 2948 3123 τὸ
2991 3070 3190 3142 κράτος
3224 3069 3360 3141 ἔχων
3403 3067 3499 3122 τοῦ
3534 3068 3788 3132 θανάτου,

530 3166 593 3215 ut
628 3173 976 3231 consequens
1004 3169 1124 3217 erat
1145 3202 1159 3227 ,
1184 3161 1451 3219 Dominus
1483 3179 1594 3218 non
1619 3165 1882 3234 regnabat
1915 3167 1968 3221 in
2011 3168 2105 3221 ho-

2209 3168 2483 3221 τουτέστιν
2511 3169 2540 3219 6
2568 3163 2811 3226 διάϐολος
2839 3162 3187 3232 κατεκράτει,
3215 3161 3314 3213 ούκ
3343 3155 3411 3230 ἦν
3442 3160 3562 3214 τότε
3589 3159 3793 3231 ἀνθρώ-

532 3250 797 3316 minibus,
831 3253 928 3307 sed
953 3252 1175 3321 quidam
1203 3255 1504 3308 multorum
1535 3255 1761 3310 deorum
1795 3265 1849 3311 et
1879 3258 2110 3313 diaboli-

533 3354 635 3395 cus
659 3356 834 3398 error.
873 3343 996 3414 Ipse
1023 3352 1204 3399 autem
1249 3346 1546 3416 Apostolus
1575 3347 1688 3403 haec
1736 3348 1803 3404 de
1829 3348 2111 3406 Salvatore

534 3441 726 3487 nostro
748 3432 906 3488 docet
932 3453 944 3489 :
967 3434 1107 3501 Quia
1127 3452 1247 3505 ergo
1259 3439 1406 3505 pueri
1428 3441 1937 3495 communicaverunt
1963 3429 2112 3496 carni

530 3536 583 3579 et
611 3528 880 3596 sanguini,
915 3537 963 3585 et
996 3531 1106 3598 ipse
1127 3531 1374 3586 similiter
1399 3533 1739 3602 participavit
1761 3535 1955 3590 eisdem
1987 3553 2112 3606 pas-

532 3615 773 3669 sionibus
797 3631 817 3679 ;
841 3626 897 3670 ut
920 3633 1011 3686 per
1034 3628 1254 3673 mortem
1291 3620 1587 3676 destrueret
1612 3625 1857 3694 eum,qui
1888 3624 2112 3679 habebat

536 3706 723 3759 mortis
754 3707 1054 3774 imperium,
1075 3709 1129 3761 id
1154 3720 1230 3764 est
1257 3709 1530 3764 diabolum
1561 3711 1626 3768 “.
1649 3712 1779 3770 Jure
1813 3715 1994 3784 itaque
2016 3713 2110 3768 Dei

536 3793 798 3863 Verbum,
829 3799 973 3868 quod
994 3801 1145 3870 prius
1169 3802 1494 3869 exsistebat,
1523 3817 1648 3858 cum
1678 3805 1789 3859 vita
1809 3806 1923 3875 ipsa
1943 3816 2108 3870 esset,

534 3887 605 3942 ad
645 3891 839 3945 mortis
889 3891 1338 3958 destructionem,
1371 3896 1603 3952 mortale
1659 3897 2106 3962 instrumentum,

533 3993 737 4049 corpus
801 3982 1012 4038 scilicet
1061 3984 1362 4038 humanum
1436 4001 1756 4052 assumens,
1821 3987 2112 4056 ipsumque

532 4070 696 4123 morti
735 4071 976 4137 tradens,
1014 4073 1083 4127 ad
1139 4083 1349 4129 naturae
1403 4089 1518 4131 sua:
1556 4075 2108 4144 demonstrationem;

531 4159 784 4232 idemque
806 4171 997 4234 postea
1027 4180 1056 4218 a
1077 4175 1253 4222 morte
1282 4183 1568 4223 resumens
1592 4167 1660 4222 ad
1690 4168 1930 4223 divinam
1955 4183 2111 4224 suam

529 4252 793 4309 virtutem
831 4255 1236 4324 declarandam,
1269 4260 1398 4314 dum
1455 4261 1650 4315 mortis
1684 4259 1905 4330 quidem
1942 4260 2112 4331 impe-

529 4345 674 4398 rium
719 4346 904 4410 solvit,
927 4348 1128 4402 diaboli
1173 4350 1360 4406 itidem
1387 4351 1443 4406 in
1474 4351 1724 4408 homines
1765 4353 2108 4421 tyrannidem

529 4434 799 4504 destruit;
831 4437 940 4490 imo
971 4437 1135 4491 etiam
1168 4438 1473 4495 daemonum
1517 4442 1881 4511 malignorum
1913 4458 1978 4499 ac
1998 4444 2110 4514 spi-

2211 3276 2328 3313 πων
2357 3257 2655 3328 βασιλεύων
2687 3257 2716 3308 6
2747 3253 2973 3323 Κύριος,
3007 3252 3142 3305 ἀλλά
3165 3269 3248 3314 τις
3279 3251 3535 3314 πολύθεος
3564 3253 3657 3306 καὶ
3678 3251 3794 3306 δαι-

2213 3351 2405 3422 μονικὴ
2438 3349 2633 3422 πλάνη.
2664 3346 2912 3399 Διδάσκει
2950 3344 3003 3397 δὲ
3031 3346 3059 3399 ὁ
3101 3342 3261 3407 αὐτὸς
3311 3342 3628 3407 Ἀπόστολος
3660 3345 3794 3415 περὶ

2209 3440 2303 3497 τοῦ
2348 3440 2598 3513 Σωτῆρος
2635 3439 2792 3510 ὴμῶν
2837 3437 3011 3506 λέγων
3037 3455 3050 3468 ο
3113 3436 3268 3490 Ἐπεὶ
3312 3432 3425 3490 οὖν
3472 3434 3543 3488 τὰ
3581 3434 3793 3488 παιδία

2210 3533 2642 3600 κεκοινώνηκεν
2687 3531 2938 3600 αἵματος
2992 3529 3093 3585 καὶ
3145 3528 3393 3596 σαρκὸς,
3455 3528 3554 3581 καὶ
3605 3527 3793 3593 αὐτὸς

2209 3625 2646 3696 παραπλησίως
2693 3622 2954 3693 μετέσχε
3001 3622 3120 3676 τῶν
3157 3619 3354 3674 αὐτῶν
3403 3618 3788 3689 παθημάτων,

2209 3721 2308 3773 ἵνα
2342 3717 2439 3772 διὰ
2477 3717 2582 3770 τοῦ
2614 3715 2873 3771 θανάτου
2918 3712 3269 3784 καταργήσῃ
3311 3712 3417 3766 τὸν
3461 3711 3524 3766 τὸ
3574 3709 3791 3778 κράτος

2208 3809 2430 3879 ἔχοντα
2460 3809 2566 3863 τοῦ
2601 3807 2881 3875 θανάτου,
2922 3807 3200 3863 τουτέστι
3232 3804 3336 3860 τὸν
3365 3803 3668 3858 διάϐολον.
3704 3803 3791 3854 Et-

2209 3901 2382 3964 κότως
2413 3897 2505 3954 οὖν
2527 3903 2556 3954 6
2594 3900 2774 3974 προὼν
2801 3899 2895 3953 τοῦ
2919 3898 3056 3954 Θεοῦ
3080 3899 3271 3967 Λόγος,
3309 3895 3470 3960 αὐτὸς
3495 3894 3623 3965 ὣνή
3652 3893 3785 3964 ζωὴ,

2209 3994 2301 4046 ἐπὶ
2335 3993 2654 4063 καθαιρέσει
2681 3993 2775 4046 τοῦ
2807 3991 3040 4046 θανάτου
3071 3989 3260 4060 θνητὸν
3290 3987 3521 4060 ὄργανον
3544 3986 3604 4038 τὸ
3626 3984 3788 4055 σῶμα

2208 4085 2268 4138 τὸ
2295 4084 2632 4156 ἀνθρώπειον
2668 4083 2974 4148 ἀναλαϐὼν,
3017 4081 3114 4136 καὶ
3146 4078 3304 4133 τοῦτο
3338 4078 3415 4149 τῷ
3445 4077 3656 4148 θανάτῳ
3682 4092 3788 4130 παυ

2213 4177 2402 4249 ραδοὺς
2453 4178 2533 4240 εἰς
2575 4174 2797 4240 ἔνδειξιν
2854 4174 2955 4244 τῆς
3003 4173 3208 4235 οἰκείας
3264 4169 3499 4240 φύσεως,
3552 4169 3787 4223 κᾶπειτα

2209 4268 2338 4321 αὐτὸ
2365 4267 2460 4321 τοῦ
2487 4267 2714 4321 θανάτου
2761 4264 2958 4330 ἐξελὼν
2991 4265 3071 4326 είς
3100 4261 3446 4334 παράστασιν
3480 4260 3579 4330 τῆς
3603 4257 3784 4312 ἐνθέου

2207 4359 2510 4430 δυνάμεως,
2557 4357 2674 4409 λύει
2713 4356 2810 4427 μὲν
2841 4353 2934 4408 τοῦ
2964 4354 3194 4407 θανάτου
3227 4352 3289 4405 τὸ
3326 4352 3546 4423 κράτος,
3575 4349 3691 4402 λύει
3731 4349 3786 4402 δὲ

2210 4451 2306 4505 καὶ
2352 4449 2448 4503 τοῦ
2485 4449 2730 4502 διαϐόλου
2775 4447 2874 4518 τὴν
2916 4446 3056 4500 κατὰ
3092 4445 3200 4499 τῶν
3243 4443 3544 4516 ἀνθρώπιον
3586 4459 3787 4514 τυρανη

527 4527 732 4580 rituum
784 4527 1148 4597 impurorum,
1189 4531 1280 4599 qui
1313 4531 1441 4583 olim
1483 4531 1539 4584 in
1601 4531 1895 4586 humanum
1934 4546 2104 4602 genus

2208 4542 2340 4595 νίδα·
2367 4541 2502 4596 ἀλλά
2530 4540 2750 4595 καὶτῶν
2774 4539 2942 4593 πάλαι
2965 4537 3456 4609 κατακρατούντων
3474 4534 3567 4588 τοῦ
3585 4535 3683 4587 ἀνθ
3693 4552 3787 4605 ρω-

529 4617 816 4686 imperium
876 4617 1230 4684 obtinebant,
1274 4622 1536 4691 operandi
1594 4623 1706 4678 vim
1766 4622 2098 4693 exstinguit,

528 4708 745 4762 sublata
790 4724 886 4779 per
914 4711 1280 4778 evangelicam
1322 4714 1763 4782 praedicationem
1805 4714 1954 4768 omni
2009 4712 2104 4765 ad-

528 4799 772 4852 versaria
795 4809 848 4853 et
871 4801 1091 4854 inimica
1123 4801 1232 4857 Deo
1255 4812 1547 4872 potestate,
1585 4811 1873 4875 paternum
1898 4805 2008 4858 Deo
2047 4803 2101 4857 in

527 4905 720 4946 omnes
750 4900 939 4961 gentes
977 4909 1204 4964 regnum
1246 4903 1523 4965 procurat.
1551 4896 1893 4966 Quapropter
1921 4898 2101 4951 soluta

527 4982 724 5039 mortis
759 4991 1049 5054 potestate,
1103 5001 1168 5041 ac
1215 4987 1494 5043 destructo
1539 5003 1626 5050 eo,
1655 4989 1749 5060 qui
1810 4989 2098 5058 imperium

527 5075 721 5130 mortis
757 5075 1014 5140 habebat,
1049 5077 1103 5131 id
1155 5087 1262 5143 est,
1296 5079 1548 5148 diabolo;
1576 5080 1688 5150 jam
1736 5091 1996 5151 regnante
2042 5084 2096 5138 in

526 5166 781 5221 omnibus
813 5167 1068 5237 gentibus
1100 5168 1361 5233 Domino,
1399 5179 1662 5239 regnante
1696 5172 1822 5226 item
1848 5187 1972 5227 cum
2006 5175 2099 5229 illo

527 5273 580 5309 in
616 5257 929 5314 hominibus
974 5262 1080 5314 vita
1121 5262 1233 5328 illa,
1264 5277 1385 5332 quae
1431 5264 1731 5317 secundum
1774 5263 1941 5319 Deum
1978 5275 2100 5334 est;

527 5351 719 5407 merito
757 5351 993 5421 Spiritus
1015 5363 1243 5409 sanctus
1272 5371 1370 5426 pro
1401 5363 1551 5410 tanto
1589 5355 1835 5413 facinore
1871 5360 2100 5416 choreas

528 5454 713 5511 agens,
733 5459 947 5514 nosque
995 5461 1188 5500 omnes
1237 5447 1305 5500 ad
1347 5447 1577 5503 choreas
1627 5462 1958 5514 convocans,
1988 5453 2102 5506 haec

531 5532 901 5590 vociferatur:
949 5536 1210 5592 Dominus
1272 5542 1542 5610 regnavit,
1605 5545 1844 5597 decorent
1901 5543 2096 5598 induit.

599 5685 645 5717 ³³
684 5686 844 5741 Rom.
880 5707 935 5758 ν,
987 5692 1074 5748 Η.
1151 5693 1197 5725 ’⁸
1237 5691 1401 5750 Hebr.
1442 5711 1516 5758 ll,
1556 5697 1642 5752 Η.

2210 4634 2363 4686 πείου
2415 4634 2604 4702 γένους
2670 4632 2938 4702 δαιμόνων
3003 4629 3254 4703 πονηρῶν
3309 4628 3404 4682 καὶ
3461 4626 3784 4696 πνευμάτων

2211 4724 2538 4796 ἀκαθάρτων
2567 4723 2662 4794 τὴν
2692 4723 2968 4793 ἐνέργειαν
3006 4722 3273 4785 σϐέννυσι,
3314 4719 3494 4773 πᾶσάν
3527 4735 3588 4771 τε
3627 4717 3782 4772 καθε-

2209 4815 2314 4870 λὼν
2341 4817 2442 4889 τὴν
2477 4815 2858 4886 ἀντικειμένην
2899 4816 2992 4868 καὶ
3029 4813 3229 4886 ἐχθρὰν
3262 4812 3340 4883 τῷ
3378 4809 3498 4881 Θεῷ
3537 4809 3778 4880 δύναμιν,

2207 4907 2304 4979 τὴν
2330 4909 2599 4978 πατρικὴν
2626 4905 2701 4976 τῷ
2726 4905 2844 4976 Θεῷ
2884 4906 3165 4977 βασιλείαν
3188 4903 3276 4957 διὰ
3306 4902 3399 4956 τοῦ
3430 4897 3779 4969 εύαγγελικοῦ

2207 4999 2562 5072 κηρύγματος
2594 5001 2729 5052 πᾶσι
2771 5001 2883 5062 τοῖς
2922 4999 3100 5052 ἔθνεσι
3135 4995 3406 5070 προξενεῖ.
3450 4992 3541 5046 Διὸ
3586 4993 3650 5063 δὴ
3691 5008 3779 5045 κα-

2205 5091 2530 5160 ταλυθείσης
2552 5091 2651 5161 τῆς
2679 5091 2773 5145 τοῦ
2809 5091 3038 5145 θανάτου
3083 5089 3420 5152 δυναστείας,
3457 5088 3551 5140 καὶ
3581 5102 3778 5157 καταρ-

2206 5183 2464 5255 γηθέντος
2507 5183 2603 5236 τοῦ
2633 5185 2692 5237 τὸ
2743 5185 2946 5255 κράτος
2975 5183 3189 5254 ἔχοντος
3218 5181 3313 5234 τοῦ
3359 5179 3612 5241 θανάτου,
3665 5193 3779 5230 του-

2202 5276 2353 5329 τέστι
2385 5275 2479 5328 τοῦ
2509 5275 2778 5341 διαϐόλου,
2813 5275 3188 5346 βασιλεύοντος
3212 5274 3269 5326 δέ
3306 5273 3410 5344 ἤδη
3463 5270 3648 5324 λοιπὸν
3675 5268 3777 5321 τῶν

2201 5366 2296 5417 ἐπὶ
2333 5367 2436 5436 γῆς
2462 5367 2716 5419 ἁπάντων
2749 5366 2919 5419 ἐθνῶν
2951 5364 3045 5417 τοῦ
3064 5363 3294 5435 Κυρίου,
3325 5363 3421 5416 σὺν
3452 5360 3600 5432 αὑτῷ
3633 5359 3776 5429 βασι*

2202 5453 2465 5527 λευούσης
2499 5456 2800 5530 ἀνθρώπων
2847 5459 2945 5526 τῆς
2993 5455 3132 5509 κατά
3163 5455 3294 5508 Θεὸν
3347 5451 3524 5522 ζωῆς,
3559 5453 3776 5509 εἰκότως

2201 5546 2263 5600 τὸ
2296 5547 2437 5601 θεῖον
2471 5549 2714 5619 Πνεῦμα,
2750 5548 2975 5620 χορεῦον
3021 5549 3113 5600 ἐπὶ
3144 5546 3222 5617 τῷ
3267 5544 3649 5618 κατορθώματι
3689 5537 3776 5594 καὶ

605 5802 679 5872 (Ι)
721 5801 942 5875 Vulgata
985 5806 1171 5876 adjicit
1201 5807 1266 5860 In
1305 5807 1386 5862 d'ie
1418 5819 1536 5863 ante
1560 5809 1869 5879 Sabbatum,
1904 5809 2105 5880 quando

2208 5809 2366 5863 ςκίηῑα
2393 5819 2468 5864 cst
2500 5817 2656 5863 terra.
