4074 6380
341 390 480 449 1185

1467 377 1968 435 COMMENTMHA
2012 378 2077 433 IN
2118 378 2454 436 PSALMOS.

3448 389 3583 444 1186

354 499 554 561 πάντας
581 498 731 567 ἡμᾶς
753 495 844 549 ἐπὶ
876 496 975 565 τὴν
1003 494 1221 567 χορείαν
1256 495 1506 564 συνάγον,
1528 496 1801 565 ἀναφωνεῖ
1825 496 1916 550 καὶ

2024 495 2230 569 Regnat
2262 512 2425 567 porro
2465 496 2747 561 Dominus,
2773 497 2866 567 qui
2905 496 3024 567 ipsa
3045 498 3153 554 vita
3186 508 3288 563 est,
3319 507 3376 554 et
3404 499 3580 570 ipsum

352 590 524 656 λέγει·
563 587 626 641 '0
653 589 858 656 Κύριος
886 586 1307 651 ἐϐασίλευσεν,
1334 587 1693 655 εὐπρέπειαν
1718 587 1915 640 ἐνεδύ-

351 695 515 733 σατο.
545 678 829 733 Βασιλεύει
860 679 917 732 δὲ
950 681 979 732 6
1014 678 1239 750 Κύριος,
1280 678 1442 742 αὐτὸς
1470 678 1546 733 ὢν
1580 682 1614 750 ἡ
1645 678 1778 751 ζωὴ,
1818 679 1913 734 καὶ

350 769 507 833 αὐτὸς
547 767 624 822 ὢν
669 772 698 823 6
742 768 836 822 τοῦ
876 769 1010 824 θεοῦ
1042 771 1234 838 Λόγος,
1278 770 1460 841 πάσης
1486 770 1695 841 ψυχῆς,
1741 766 1810 843 ἦς
1839 771 1913 843 μὴ

350 860 678 914 καθάπτεται
723 858 913 927 ἀλογία
953 859 1046 914 καὶ
1080 860 1379 932 ἀφροσύνη,
1424 860 1518 915 καὶ
1553 857 1621 932 ἦς
1657 860 1731 933 μὴ
1763 860 1914 931 βασι-

350 948 489 1001 λεύει
525 949 791 1022 ἁμαρτία,
824 951 917 1002 καὶ
941 944 1008 1021 ἧς
1035 950 1110 1021 μὴ
1145 953 1336 1020 κρατεῖ
1361 949 1390 1001 6
1423 950 1686 1014 διάϐολος,
1719 949 1812 1003 καὶ
1845 944 1914 1022 ἦς

349 1040 424 1111 μὴ
456 1039 908 1094 καταδυναστεύει
958 1038 1213 1104 θάνατος,
1246 1040 1564 1113 τιτρώσκων
1606 1040 1774 1113 αὐτὴν
1818 1040 1913 1094 καὶ⁵

347 1129 585 1203 ἀναιρῶν
616 1131 704 1185 διὰ
741 1131 848 1184 τῶν
898 1130 1040 1184 ἰδίων
1079 1131 1340 1203 κέντρων.
1375 1132 1448 1185 Τὸ
1476 1133 1534 1186 δὲ
1568 1132 1789 1203 κέντρον
1817 1129 1911 1184 τοῦ

347 1221 576 1276 θανάτου
610 1223 708 1293 τὴν
750 1221 1023 1293 ἁμαρτίαν
1056 1216 1194 1275 εῖναι
1227 1221 1465 1276 διδάσκει
1506 1223 1535 1275 6
1571 1220 1911 1285 Ἀπόστολος,

346 1311 412 1365 δι’
439 1309 508 1386 ἦς
536 1313 837 1384 ἀναιρεῖται
868 1312 1014 1384 ψυχὴ
1048 1313 1190 1367 κατά
1228 1314 1327 1384 τὴν
1358 1313 1673 1382 φάσκουσαν
1702 1330 1915 1385 προφη-

347 1404 530 1458 τείαν·
570 1403 743 1474 Ψυχὴ
770 1405 808 1472 ἠ
837 1404 1286 1474 ἁμαρτάνουσα,
1325 1404 1477 1473 αὐτὴ
1508 1404 1910 1460 ἀποθανεῖται.

347 1495 439 1549 Διδ
468 1494 731 1564 ἀσκητέον
763 1495 822 1548 τὸ
845 1497 983 1567 μήτε
1013 1495 1259 1564 ἀλογίαν,
1293 1497 1431 1568 μήτε
1453 1496 1743 1568 άμαρτίαν,
1775 1497 1913 1568 μήτε

346 1586 436 1642 τὸν
454 1586 717 1650 διάϐολον,
753 1588 888 1658 μήτε
918 1586 1009 1639 τὸν
1032 1585 1261 1640 θάνατον
1294 1588 1450 1659 ἡμῶν
1486 1588 1572 1641 διὰ
1611 1586 1712 1658 τῆς
1739 1589 1915 1659 ἀμαρ-

346 1678 468 1742 τίας
500 1681 753 1750 κρατεῖν·
803 1678 961 1749 μόνον
994 1678 1051 1732 δὲ
1092 1677 1366 1749 κυριεύειν
1418 1677 1575 1749 ἡμῶν
1621 1678 1712 1732 τὸν
1743 1679 1914 1747 Λόγον

2018 587 2114 643 Dei
2152 587 2409 655 Verbum,
2463 589 2520 642 in
2564 603 2777 643 omnem
2833 589 3093 653 animam.
3126 591 3213 645 cui
3274 606 3387 646 non
3446 592 3576 647 ines‘

2019 681 2253 735 amentia
2282 687 2335 735 et
2358 680 2614 744 stultitia,
2637 680 2699 734 in‘
2723 696 2886 751 quam
2910 696 3021 735 non
3052 689 3244 752 regnat
3274 692 3580 753 peccatum,

2019 772 2110 826 cui
2138 786 2249 826 non
2285 772 2514 842 imperat
2538 771 2812 837 diabolus,
2842 772 2929 827 cui
2961 788 3070 827 non
3088 773 3396 829 dominatur
3414 790 3584 838 mors,
3641 792 3646 800 '

2020 862 2257 932 prapriis
2287 863 2435 916 illam
2468 862 2708 918 stimulis
2737 862 3062 919 confodieris
3090 872 3144 919 et
3173 866 3449 922 occidens.
3478 864 3583 919 Sti—
3627 857 3645 934 ,Γ

2019 954 2224 1006 mulum
2258 967 2425 1024 porro
2476 954 2673 1010 mortis
2702 962 2991 1027 peccatum
3023 970 3146 1011 esse
3168 956 3327 1012 docet
3355 957 3588 1027 Aposto-

2017 1043 2105 1098 lus
2135 1044 2180 1075 "‘
2218 1065 2230 1099 :
2275 1060 2386 1114 quo
2435 1045 2658 1100 stimulo
2708 1046 2977 1100 occiditur
3032 1047 3237 1110 anima,
3291 1048 3589 1103 secundum

2019 1135 2359 1207 prOphetiam
2389 1149 2511 1207 quae
2539 1138 2616 1191 ait
2655 1156 2671 1194 :
2719 1138 2915 1193 Anima
2973 1155 3091 1209 qua:
3137 1140 3448 1208 peccaverit,
3478 1139 3592 1206 ipsa

2019 1230 2275 1283 morietur
2299 1228 2367 1283 ³⁸.
2398 1227 2579 1295 Quare
2608 1228 2959 1285 adnitendum
2989 1239 3094 1296 est,
3129 1238 3187 1284 ut
3210 1228 3388 1301 neque
3414 1244 3595 1285 amen-

2020 1321 2116 1385 tia,
2138 1335 2316 1391 neque
2365 1330 2669 1391 peccatum,
2699 1337 2877 1393 neque
2921 1322 3192 1386 diabolus,
3241 1335 3419 1392 neque
3447 1335 3595 1376 mors

2019 1427 2117 1482 per
2169 1413 2348 1482 ipsum
2395 1421 2681 1483 peccatum
2713 1413 2770 1468 in
2810 1413 2970 1468 nobis
3001 1413 3348 1482 dominetur;
3380 1414 3477 1472 sed
3503 1431 3594 1470 so-

2022 1504 2298 1561 lummodo
2327 1503 2562 1562 Verbum
2595 1505 2800 1568 etvita,
2832 1504 2887 1560 id
2916 1514 3023 1574 est,
3051 1504 3337 1571 Dominus,
3372 1509 3465 1577 qui
3498 1521 3596 1577 per

2019 1612 2181 1652 omne
2205 1597 2467 1652 virtutum
2495 1612 2667 1669 genus
2690 1606 2882 1669 regnat
2904 1598 2959 1653 in
2988 1613 3107 1663 eos,
3137 1598 3232 1669 qui
3262 1598 3384 1669 ejus
3416 1598 3595 1669 impe-

2019 1681 2102 1735 rio
2121 1682 2271 1752 digni
2297 1683 2585 1739 habentur.

342 1771 441 1825 καὶ
468 1773 564 1842 τὴν
599 1771 763 1843 ζωὴν,
796 1772 1041 1825 τουτέστι
1082 1772 1175 1825 τὸν
1216 1772 1440 1843 Κύριον,
1487 1771 1574 1826 διά
1609 1771 1791 1841 πάσης
1841 1772 2045 1843 ἀρετῆς
2108 1774 2466 1844 βασιλεύοντα
2517 1775 2629 1830 τῶν
2667 1775 3097 1849 κατηξιωμένων
3139 1778 3239 1849 τῆς
3273 1777 3365 1831 ὑπ’
3421 1775 3593 1831 αὑτοῦ

344 1861 644 1933 βασιλείας.

432 1974 586 2028 Ἐπεὶ
627 1974 684 2028 δὲ
733 1974 940 2047 μέλλων
975 1974 1279 2046 βασιλεύειν
1303 2015 1319 2041 ,
1363 1976 1424 2029 ού
1480 1975 1639 2046 μόνον
1682 1974 1918 2041 ζώντων,

2095 1972 2233 2040 Quia
2261 1989 2394 2029 vero
2434 1973 2529 2057 Dei
2558 1974 2823 2042 Verbum,
2854 1976 2973 2047 ipse
3022 1976 3289 2034 Dominus
3332 1988 3593 2050 regnatu-

348 2065 483 2121 ἀλλά
514 2066 608 2120 καὶ
639 2068 846 2138 νεκρῶν
878 2069 906 2121 6
934 2068 1025 2121 τοῦ
1061 2067 1194 2121 Θεοῦ
1226 2068 1398 2137 Λόγος
1431 2067 1594 2131 αὐτὸς
1619 2065 1695 2120 ὣν
1732 2068 1760 2119 6
1803 2065 1919 2119 Κύ-

350 2174 484 2230 ριος,
533 2160 626 2213 καὶ
669 2160 730 2213 οὐ
771 2159 929 2229 μόνον
975 2160 1082 2213 τῶν
1115 2162 1172 2213 ἐν
1206 2162 1453 2233 οὐρανοῖς
1499 2159 1634 2214 ἀλλά
1687 2160 1781 2213 καὶ
1813 2159 1921 2213 τῶν

350 2249 444 2304 ἐπὶ
473 2249 597 2321 γῆς,
638 2251 822 2316 καθὼς
870 2252 1033 2316 αὐτὸς
1062 2252 1303 2305 διδάσκει
1331 2252 1525 2321 λέγων,
1577 2251 1786 2319 Ἐδόθη
1822 2269 1923 2321 μοι

340 2330 520 2394 πᾶσα
554 2342 805 2406 ἐξουσία
837 2343 908 2396 ἐν
943 2342 1176 2410 ούραγῷ
1208 2343 1307 2397 καὶ
1346 2343 1443 2397 ἐπὶ
1473 2342 1585 2413 τῆς
1622 2342 1766 2414 γῆς’
1803 2342 1925 2396 ἐκέ-

350 2443 521 2480 νωσεν
573 2429 785 2493 ἐαυτὸν,
838 2431 1051 2502 μορφὴν
1094 2430 1279 2484 δούλου
1327 2430 1525 2498 λαϐὼν,
1577 2432 1824 2486 τουτέστι
1865 2431 1925 2485 τὺ

339 2516 546 2590 θνητὸν
596 2518 755 2591 σῶμα
810 2520 904 2574 καὶ
954 2520 1015 2573 τὸ
1075 2520 1412 2591 ἀνθρώπειον
1450 2521 1714 2595 ὄργανον
1766 2521 1925 2576 τοῦτο

348 2610 460 2684 γὰρ
508 2606 576 2681 ἦν
610 2612 643 2681 ὴ
680 2610 861 2683 μορφὴ
910 2611 1005 2664 τοῦ
1059 2611 1278 2665 δούλουο
1311 2613 1430 2666 τότε
1477 2600 1596 2684 μὲν,
1639 2614 1728 2667 ὅτε
1772 2612 1924 2667 ταῦτ’

344 2682 642 2770 ἔπραττεν,
676 2701 982 2772 ἀπρέπειαν
1004 2703 1404 2774 περιεϐάλλετο,
1433 2682 1574 2758 ὥστε
1603 2705 1732 2776 περλ⁵
1761 2703 1924 2757 αὐτοῦ

349 2789 548 2859 λέγειν,
573 2791 826 2862 Είδομεν
853 2792 1058 2855 αὐτὸν,
1086 2794 1185 2848 καὶ
1223 2796 1335 2849 οὐκ
1360 2796 1524 2865 εἶχεν
1554 2793 1742 2861 εἶδος,
1785 2792 1927 2849 οὐδὲ

351 2880 579 2948 κάλλος
598 2899 611 2912 ·
652 2884 789 2938 ἀλλ’
818 2880 897 2954 ἦν
916 2883 982 2937 τὸ
1007 2880 1167 2951 εἶδος
1190 2885 1376 2939 αὐτοῦ
1395 2885 1606 2955 ἄτιμον
1624 2887 1721 2940 καὶ
1744 2885 1929 2940 ἐκλεῖ-

351 2986 470 3026 πον
498 2973 655 3042 παρὰ
681 2974 826 3041 τοὺς
859 2976 1030 3043 υἱοὺς
1059 2975 1177 3031 τῶν
1206 2975 1531 3045 ἀνθρώπων
1548 2992 1561 3004 ·
1595 2978 1683 3031 ὅτε
1707 2977 1764 3030 δὲ
1793 2979 1929 3032 άπο-

351 3061 531 3115 λαϐὼν
570 3062 668 3135 τὴν
709 3063 887 3129 δόξαν,
942 3066 1008 3136 ἢν
1058 3065 1154 3118 καὶ
1200 3065 1462 3137 πρότερον
1505 3062 1618 3138 εἶχε
1661 3066 1814 3137 παρά
1850 3067 1928 3139 τῷ

2021 2081 2117 2122 rus
2147 2074 2388 2121 eratnon
2419 2067 2594 2121 solum
2628 2068 2960 2134 viventibus,
2990 2068 3084 2123 sed
3117 2069 3283 2123 etiam
3320 2073 3589 2141 mortuis;

2021 2173 2143 2229 nec,
2159 2160 2333 2213 solum
2380 2159 2718 2226 caelestibus,
2745 2159 2841 2214 sed
2873 2160 3036 2214 etiam
3087 2163 3342 2227 terrenis,
3376 2171 3436 2218 ut
3476 2166 3594 2236 ipse
3687 2200 3709 2219 .

2023 2250 2267 2307 declarat
2300 2251 2386 2308 bis
2416 2252 2595 2307 verbis
2620 2251 2785 2306 :Data
2814 2260 2893 2306 est
2924 2252 3052 2305 mihi
3083 2254 3252 2308 omnis
3276 2264 3508 2323 potestas
3538 2258 3593 2312 in

2023 2343 2150 2400 caelo
2182 2353 2230 2399 et
2256 2345 2311 2398 in
2334 2346 2571 2412 terra";
2601 2345 2722 2400 ideo
2758 2344 2995 2415 seipsum
3024 2346 3328 2402 exinanivit
3361 2348 3594 2405 formam

2026 2437 2188 2512 servi.
2208 2437 2503 2506 accipiens,
2527 2437 2581 2491 id
2605 2444 2709 2501 est,
2731 2438 2962 2493 mortale
2991 2452 3191 2509 corpus
3216 2450 3269 2495 et
3297 2439 3597 2496 humanum

2025 2528 2488 2595 instrumentum;
2539 2543 2667 2583 nam
2735 2528 2971 2599 idipsum
3026 2538 3145 2584 erat
3206 2529 3384 2585 forma
3426 2533 3594 2588 servi.

2024 2622 2160 2675 Cum
2194 2628 2375 2675 autem
2400 2619 2515 2675 haec
2547 2628 2750 2691 ageret,
2774 2628 2908 2676 tunc
2935 2619 3183 2677 dedecus
3222 2621 3449 2679 indutus
3474 2631 3599 2692 est;

2025 2710 2099 2764 ita
2136 2718 2197 2763 ut
2236 2709 2303 2765 de
2336 2711 2455 2780 ipso
2484 2709 2736 2765 dicatur:
2772 2709 3009 2764 Vidimus
3054 2727 3193 2776 eum,
3228 2721 3279 2766 et
3308 2729 3411 2767 non
3441 2713 3601 2768 habe-

2027 2797 2115 2852 bat
2138 2799 2378 2868 speciem,
2411 2815 2573 2869 neque
2608 2798 3095 2869 pulchritudinem;
3120 2800 3211 2854 sed
3239 2810 3355 2855 erat
3399 2804 3600 2872 species

2024 2889 2138 2958 ejus
2187 2889 2525 2955 inhonorata,
2561 2899 2609 2944 et
2638 2890 2885 2960 deﬁciens
2914 2905 3026 2959 prce
3069 2891 3199 2961 ﬁliis
3229 2893 3500 2948 hominum
3525 2895 3592 2948 “.

2026 2978 2164 3034 Cum
2190 2990 2391 3044 autem,
2414 2989 2631 3052 recepta
2646 2996 2732 3047 ea,
2758 2996 2919 3051 quam
2950 2984 3186 3054 primum
3209 2984 3351 3055 apud
3380 2983 3597 3041 Patrem

2027 3070 2312 3136 habuerat,
2342 3071 2534 3143 gloria,
2571 3071 2799 3127 formam
2831 3075 2975 3129 servi
3000 3075 3052 3128 in
3083 3076 3279 3131 melius
3295 3076 3596 3140 transtulit,

352 3152 547 3224 Hatpl,
606 3152 703 3225 τὴν
768 3155 863 3208 τοῦ
907 3154 1094 3208 δούλου
1154 3156 1367 3228 μορφὴν
1422 3156 1514 3209 ἐπὶ
1574 3157 1634 3211 τὸ
1685 3161 1918 3228 κρεῖττοι

2028 3161 2327 3218 secundum
2358 3163 2613 3234 lApostoli
2661 3164 3038 3219 testimonium
3080 3166 3162 3222 sic
3200 3167 3408 3223 habens
3441 3187 3456 3222 :
3492 3167 3600 3234 Qui

356 3241 815 3313 μετεσχημάτισε,
860 3244 1002 3298 κατὰ
1046 3244 1143 3316 τὴν
1189 3246 1553 3318 ἀποστολικὴν
1602 3247 1918 3319 μαρτυρίαν,

2033 3247 2436 3317 transformabit
2488 3264 2674 3318 corpus
2702 3250 3021 3308 humilitatis
3075 3265 3293 3323 nostrae,
3332 3256 3605 3326 conformo

350 3333 386 3406 ἦ
421 3351 606 3405 φησιν,
656 3337 753 3401 Ὃς
793 3337 1306 3405 μετασχηματίσει
1345 3337 1414 3391 τό
1455 3337 1627 3408 σῶμα
1664 3338 1776 3408 τῆς
1822 3357 1918 3394 τα-

2027 3340 2237 3408 corpori
2288 3340 2473 3410 gloriae
2522 3338 2725 3396 Christi
2754 3343 2823 3407 ",
2886 3350 3016 3398 tunc
3064 3343 3318 3401 decorem
3373 3346 3598 3400 induit:

350 3425 689 3493 πεινώσεως
716 3425 907 3497 ἡμῶν,
944 3428 1303 3499 σύμμορφον
1332 3427 1413 3495 τῷ
1441 3428 1666 3500 σώματι
1690 3430 1801 3501 τῆς
1828 3430 1918 3485 δό-

2024 3430 2244 3502 quando
2270 3431 2487 3502 penitus
2516 3433 2731 3489 sublato
2753 3435 3048 3490 multorum
3074 3437 3364 3491 numinum
3389 3453 3605 3502 errore.

355 3513 467 3584 ξης
503 3516 610 3571 τοῦ
641 3518 934 3585 Χριστοῦ,
985 3517 1045 3571 τὸ
1091 3518 1393 3590 τηνικαῦτα
1431 3521 1768 3592 εὐπρέπειαν
1810 3523 1918 3576 ἐνε-

2023 3530 2079 3579 et
2132 3521 2314 3579 Patris
2358 3538 2610 3595 regnum,
2662 3532 2718 3580 et
2770 3540 2878 3580 non
2923 3526 3087 3581 modo
3131 3527 3460 3596 caelestium,
3503 3530 3606 3585 sed

352 3607 550 3662 δύσατο
570 3624 586 3637 ⁸
627 3608 714 3660 ὅτε
745 3608 837 3661 καὶ
868 3609 967 3679 τὴν
1009 3608 1103 3662 τοῦ
1152 3611 1365 3682 Πατρός
1396 3609 1693 3679 βασιλείαν,
1736 3614 1830 3667 καὶ
1857 3613 1918 3667 τά

2024 3615 2188 3669 etiam
2234 3616 2478 3670 omnium
2534 3631 2631 3684 per
2662 3616 2849 3671 orbem
2904 3618 3145 3686 gentium
3198 3633 3287 3673 res
3342 3621 3605 3677 ﬁrmavit.

355 3700 593 3764 πάντων,
643 3700 704 3752 οὐ
756 3699 915 3769 μόνον
957 3699 1063 3755 τῶν
1095 3703 1153 3754 ἐν
1194 3701 1462 3772 οὐρανοῖς,
1503 3702 1639 3757 ἀλλὰ
1676 3705 1770 3757 καὶ
1816 3704 1918 3758 τῶν

2025 3704 2205 3770 Quare
2234 3706 2436 3759 dicitur
2469 3723 2484 3760 :
2516 3705 2775 3761 Dominus
2816 3709 3071 3777 regnauit,
3106 3707 3345 3764 decorem
3383 3711 3605 3766 indutus

348 3792 477 3845 καθ’
509 3791 637 3862 ὅλης
681 3791 778 3861 τῆς
819 3790 1143 3863 οἰκουμένης
1189 3791 1357 3846 ἐθνῶν
1406 3794 1703 3864 ἐκράτυνε,
1746 3793 1918 3846 πᾶσαν

2024 3803 2103 3849 est
2123 3812 2143 3848 :
2172 3795 2305 3850 illud
2335 3798 2500 3863 enim,
2533 3796 2751 3851 indutus
2794 3807 2895 3864 est,
2922 3802 3079 3870 quasi
3130 3803 3315 3873 aliquo
3359 3812 3608 3874 tempore

354 3882 452 3954 τὴν
493 3880 751 3935 πολύθεον
800 3879 1042 3935 καθελὼν
1079 3881 1307 3954 πλάνην.
1361 3884 1451 3936 Διὸ
1498 3882 1772 3938 λέλεκται·
1808 3885 1918 3939 Κύ-

2024 3878 2276 3942 decorem
2321 3888 2555 3955 exuerit,
2588 3889 2887 3959 prolertur.
2923 3889 3201 3961 Siquidem
3228 3895 3449 3964 quando
3475 3911 3603 3965 pas-

346 3992 480 4043 ριος
534 3973 938 4027 ἐϐασίλευσεν
962 4011 977 4036 ,
1031 3973 1389 4041 εὐπρέπειαν
1448 3973 1775 4027 ἐνεδύσατο
1794 3991 1808 4005 °
1866 3974 1918 4028 τὲ

2025 3979 2195 4034 sionis
2245 3987 2517 4033 tormenta
2572 3979 2857 4043 sustinuit,
2917 3983 3206 4052 crucifixus
3257 3992 3356 4048 est,
3418 3985 3602 4056 inquit

357 4063 487 4133 γοῦν
521 4063 869 4128 ἐνεδύσατο,
897 4061 972 4126 ώς
1001 4062 1143 4116 κατά
1165 4079 1287 4116 τινα
1308 4063 1496 4134 καιρὸν
1518 4060 1918 4133 ἀποδυσαμένου

2026 4068 2339 4139 Apostolus,
2386 4085 2451 4124 ea;
2505 4071 2819 4139 inﬁrmitate
2841 4071 2920 4138 ³⁰;
2973 4086 3098 4125 cum
3152 4082 3336 4129 autem
3384 4073 3603 4130 devicta

356 4157 455 4229 τὴν
488 4156 841 4229 εὐπρέπειαν,
894 4152 1172 4208 λέλεκται⁸
1208 4155 1300 4208 καὶ
1330 4155 1417 4208 ὅτε
1465 4155 1563 4226 μὲν
1595 4153 1831 4223 ὑπέμενε
1858 4153 1918 4207 τὰ

2026 4169 2222 4227 morte,
2252 4178 2479 4233 regnum
2509 4163 2565 4216 in
2589 4177 2779 4218 omnes
2800 4164 3032 4233 accepit,
3046 4178 3245 4220 rursus
3275 4166 3378 4220 hoc
3407 4166 3600 4235 imple-

359 4242 501 4299 κατά
542 4246 603 4299 τὸ
647 4245 838 4311 πάθος,
886 4242 1227 4312 ἐσταυρώοη
1251 4282 1267 4308 ,
1308 4242 1471 4314 φησὶν
1515 4245 1543 4297 6
1588 4241 1918 4308 ’Λπόστολος,

2026 4264 2140 4311 tum
2173 4261 2257 4309 est
2295 4270 2310 4307 :
2347 4252 2532 4309 Induit
2562 4255 2818 4309 Dominus
2841 4254 3205 4323 fortitudinem
3247 4259 3603 4325 etprwcinazit

358 4336 428 4401 ἐξ
463 4335 811 4402 ἀσθενείας*
847 4335 936 4388 ὅτε
973 4334 1030 4388 δέ
1075 4333 1374 4406 νενικηκὼς
1397 4334 1490 4387 τὸν
1534 4333 1797 4399 θάνατον,
1828 4334 1918 4405 τὴν

2026 4362 2101 4401 se.
2131 4344 2267 4400 Nam
2297 4345 2551 4401 Christus
2572 4346 2666 4401 Dei
2692 4347 2867 4401 virtus
2888 4352 3007 4401 erat
3033 4353 3088 4400 et
3117 4345 3210 4401 Dei
3248 4348 3512 4417 sapientia
3526 4348 3598 4403 ἰ.

360 4427 503 4482 κατά
535 4427 751 4481 πάντων
778 4424 1128 4497 ἀπελάμϐανε
1163 4424 1461 4496 βασιλείαν,
1498 4424 1660 4479 πάλιν
1688 4424 1918 4497 ἐπλήρου

2027 4436 2257 4503 Deinde,
2297 4445 2483 4506 utpote
2512 4438 2733 4507 prapria
2763 4437 2988 4492 indutus
3015 4437 3217 4491 virtute
3258 4454 3429 4508 eaque
3458 4454 3596 4508 prae-

358 4519 439 4584 τὺ,
487 4518 840 4573 Ἑνεδύσατο
869 4519 1087 4588 Κύριος
1115 4518 1368 4590 δύναμιν
1392 4519 1489 4573 καὶ
1519 4514 1918 4587 περιεζώσατο.

2028 4529 2263 4592 cinctus,
2284 4544 2538 4599 magnum
2566 4529 2778 4585 facinus
2799 4528 3134 4600 aggreditur.
3152 4528 3436 4595 Quodnam
3451 4537 3601 4584 esset

358 4611 592 4681 Χριστὸς
620 4610 727 4681 γὰρ
772 4609 907 4663 Θεοῦ
942 4610 1168 4682 δύναμις
1193 4606 1261 4682 ἦν
1303 4611 1395 4664 καί
1418 4608 1554 4663 Θεοῦ
1583 4609 1764 4679 σοφία.
1812 4605 1918 4663 Εἶθ’

2030 4618 2188 4683 illud,
2225 4619 2468 4674 declarat
2524 4627 2715 4689 postea
2756 4615 3043 4688 Scriptura
3092 4618 3334 4674 dicens:
3385 4617 3598 4672 Etenim

360 4661 461 4756 Ei;
477 4661 605 4775 ’ὦ
631 4661 864 4756 Blitea;
888 4661 1120 4774 ὸινᾉεᾎέν
1146 4661 1520 4772 “causa
1545 4741 1559 4766 ,
1596 4661 1721 4754 ..ἀι
1751 4661 1918 4774 ταύτῃ

2031 4661 2188 4683 .......,
2225 4661 2468 4674 “om.-.
2525 4661 2715 4689 γυνη...
2756 4661 3043 4688 ..νην-η..
3093 4661 3286 4674 νην..-
3319 4661 3334 4672 .
3385 4661 3598 4672 ...-......

2029 4710 2263 4779 ﬁrmavit
2292 4710 2469 4764 orbem
2498 4720 2674 4776 terra,
2701 4710 2793 4780 qui
2820 4726 2923 4763 non
2969 4710 3394 4764 commovebitur.
3445 4708 3603 4764 Illam

361 4791 823 4866 περιζωσάμενος,
866 4792 1085 4866 μεγάλῳ
1116 4793 1498 4865 κατορθώματι
1531 4793 1719 4848 ἐαυτὸν
1750 4792 1918 4846 ἐπιδί-

2029 4801 2251 4871 quippe,
2280 4815 2408 4855 cum
2428 4807 2640 4854 tantum
2671 4816 2781 4854 non
2812 4802 2870 4854 in
2908 4799 3165 4854 barathra
3213 4800 3431 4869 penitus
3462 4801 3593 4857 ruis-

359 4885 509 4942 δωσι.
544 4888 609 4940 Τί
640 4888 697 4941 δὲ
715 4883 783 4960 ἦν
808 4887 986 4952 τοῦτο,
1015 4886 1143 4957 ἐξῆς
1165 4887 1194 4940 6
1221 4886 1375 4955 λόγος
1398 4886 1636 4940 διδάσκει
1666 4884 1889 4955 φάσκων
1912 4899 1918 4914 ·

2029 4898 2133 4953 εει,
2179 4890 2395 4960 quando
2441 4888 2748 4945 daemonum
2796 4892 2882 4946 vis
2935 4897 2991 4945 et
3051 4890 3288 4945 emcacia
3342 4892 3604 4949 omnibus

359 4976 468 5030 Kal
502 4976 610 5046 γὰρ
641 4976 967 5044 ἐστερέωσε
1002 4975 1116 5045 τὴν
1140 4974 1525 5044 οἰκουμένην,
1561 4975 1693 5043 ἥτις
1715 4977 1786 5029 οὺ
1825 4991 1918 5029 σαρ

2028 4979 2372 5049 praevalebat,
2397 4980 2572 5034 erexit
2610 4994 2676 5034 ac
2707 4980 2967 5043 restituit,
3000 4994 3124 5034 cum
3158 4995 3375 5036 onmem
3424 4981 3582 5035 iuimi

360 5068 735 5135 λευοήσεται.
774 5065 986 5140 Μικροῦ
1036 5066 1144 5139 γὰρ
1198 5068 1307 5121 δεῖν
1362 5066 1491 5137 ὃλην
1531 5067 1700 5138 αὐτὴν
1749 5066 1918 5121 διόλου

2028 5085 2148 5125 cam
2173 5079 2227 5127 et
2257 5071 2647 5128 daemoniacam
2677 5073 2956 5137 virtutem,
2979 5080 3035 5127 et
3075 5073 3368 5127 multorum
3415 5073 3599 5128 numi~

360 5161 503 5217 κατὰ
534 5161 823 5246 βαράθρων
853 5160 1179 5233 ἐνεχθεῖσαν,
1227 5161 1464 5232 ὁπηνίκα
1501 5160 1571 5218 τὰ
1606 5162 1707 5233 τῆς
1738 5163 1918 5233 δαιμοι

2030 5176 2160 5215 num
2188 5176 2432 5217 errorem
2474 5164 2780 5217 evertisset.
2831 5159 2912 5214 lla
2942 5161 3087 5215 enim
3142 5160 3381 5214 ﬁrmavit
3409 5161 3602 5214 orbem

359 5249 516 5320 νικῆς
544 5249 819 5321 ἐνεργείας
850 5249 993 5303 κατά
1032 5250 1248 5304 πάντων
1287 5251 1488 5321 ἴσχυεν,
1534 5252 1791 5325 ἀνήγειρε
1830 5255 1918 5306 καὶ

2030 5260 2209 5317 terrm,
2242 5261 2303 5307 ut
2326 5268 2502 5323 neque
2539 5268 2570 5307 a
2597 5254 2796 5323 pietate
2822 5267 2950 5325 erga
2973 5251 3141 5307 Deum
3176 5251 3546 5306 dimoveretur
3581 5270 3596 5304 :

358 5334 727 5408 διωρθώσατο,
750 5339 929 5392 πᾶσαν
958 5338 1058 5410 τὴν
1091 5338 1290 5410 ἐχθρὰν
1316 5339 1412 5393 καὶ
1433 5338 1748 5412 δαιμονικὴν
1776 5340 1918 5396 δύνα-

2031 5340 2327 5399 Ecclesiam
2362 5358 2494 5400 vero
2521 5344 2715 5414 ipsius,
2743 5359 2865 5414 quae
2889 5359 3055 5415 supra
3104 5355 3311 5413 petram
3339 5341 3599 5396 fundatur

363 5445 476 5500 μιν,
513 5431 612 5498 τήν
638 5446 699 5481 τε
734 5429 991 5483 πολύθεΟν
1021 5428 1226 5501 πλάνην
1255 5431 1581 5503 ἀνατρέψας.
1614 5431 1770 5486 Οὕτω
1796 5432 1918 5503 γοῦν

2026 5442 2086 5489 et
2122 5434 2390 5492 adversus
2418 5452 2579 5506 quam
2619 5446 2790 5506 porta:
2837 5436 2997 5490 inferi
3049 5451 3159 5489 non
3208 5432 3603 5504 prevaiebuut,

361 5521 656 5594 ἐστερέωσε
703 5520 802 5593 τὴν
852 5521 1172 5594 οἰκουμένην
1191 5562 1207 5589 ,
1254 5524 1332 5588 ώς
1385 5525 1573 5597 μηκέτ’
1621 5525 1791 5597 αὐτὴν
1830 5543 1918 5581 σα-

2030 5527 2121 5582 hic
2164 5543 2261 5598 per
2314 5528 2500 5583 urbem
2528 5537 2693 5583 terrae
2718 5529 3036 5595 indicatam,
3066 5528 3143 5581 ita
3175 5526 3442 5580 ﬁrmatam
3479 5537 3597 5580 esse

432 5698 687 5774 ’_'_I_C01'.
721 5713 813 5764 IV.
849 5696 936 5774 56.
970 5697 1067 5774 __”_
1095 5697 1292 5774 Ezech.
1326 5715 1488 5774 xytu,
1522 5699 1612 5758 20.
1688 5701 1734 5733 ³⁷
1774 5697 1964 5759 Matth.
2034 5718 2237 5770 xxvln,
2302 5703 2384 5758 18.
2483 5703 2526 5735 ’⁸
2568 5703 2671 5759 lsa.
2709 5719 2836 5769 Llll,
2867 5703 2923 5758 2.
3014 5704 3058 5737 ιθ
3097 5701 3330 5774 Philipp.
3369 5715 3464 5768 ιιι,
3507 5697 3595 5754 21.

365 5766 409 5798 ³⁸
449 5765 492 5821 ll
523 5769 651 5824 Cor.
676 5784 804 5835 χιιι,
841 5769 893 5824 4.
969 5769 1010 5803 ⁸⁸
1050 5766 1072 5822 ι
1105 5770 1230 5826 Cor.
1269 5785 1322 5836 1,
1354 5770 1446 5824 24.
1478 5765 1481 5766 ⁷
1544 5846 1562 5863 ἢ
1743 5796 1751 5803 ~
