4074 6392
430 463 570 520 “87

431 581 588 645 dicit,
611 583 671 632 ut
701 590 811 630 non
833 573 973 627 ultra
995 565 1202 623 moveri
1222 559 1416 633 possit.
1439 556 1576 611 Nam
1598 551 1744 624 quod
1768 551 1782 603 i

430 672 714 734 fundetur,
746 673 917 738 porta:
963 659 1124 716 inferi
1177 671 1290 710 non
1326 648 1698 722 praevalebunt
1751 658 1781 695 a

433 778 577 819 eam.

435 805 648 922 ὸλόνος
683 850 952 923 σημήνας,
995 843 1088 898 καὶ
1122 839 1328 908 ταύτην
1371 831 1587 904 ἀληθῶς
1636 818 1999 923 ἐστερεῶσθαί
2051 831 2237 886 φησιν,
2270 811 2393 882 ἥτις
2425 805 2486 859 οὑ
2518 821 2548 857 σ

435 947 497 1000 οὐ
523 941 942 1016 κατισχύσουσι,
976 933 1066 988 διὰ
1104 932 1166 984 τὸ
1197 921 1624 998 τεθεμελιῶσθαι
1663 916 1756 969 ἐπὶ
1788 913 1888 984 τὴν
1915 909 2144 978 πέτραν.

508 1056 681 1111 Vens.
701 1054 756 1117 Ξ,
779 1053 833 1106 5.
856 1050 1089 1102 Paratus
1118 1043 1334 1096 thronus
1368 1048 1486 1090 tuus
1505 1049 1570 1088 ea:
1594 1041 1739 1092 tunc,
1759 1045 1792 1081 a
1821 1022 2016 1080 saeculo

440 1162 499 1206 tu
526 1167 601 1204 es.
635 1146 980 1200 Elevaverunt
1009 1137 1253 1208 ﬂumina,
1291 1131 1532 1192 Domine,
1557 1126 1881 1179 elevaverunt
1910 1117 2015 1185 ﬂu-

440 1244 587 1298 mina
614 1253 786 1295 vocem
814 1250 988 1289 suam.
1027 1229 1284 1283 Thronu's
1335 1233 1485 1285 tuus,
1531 1215 1732 1286 inquit,
1762 1209 2010 1269 Domine,

440 1351 554 1391 non
582 1347 729 1387 nunc
749 1329 1007 1398 primum,
1041 1336 1168 1376 cum
1203 1327 1328 1389 post
1374 1309 1810 1368 incarnationem
1841 1302 1895 1356 in
1917 1313 2024 1354 caa-

442 1375 554 1391 ..υ..
582 1375 729 1387 ..μην
1056 1375 1066 1376 ,
1205 1375 1222 1389 _

441 1429 555 1483 lum
592 1419 916 1482 ascendisti,
949 1423 1284 1486 praeparatus
1315 1405 1563 1471 esttibi;
1605 1403 1715 1457 imo
1743 1402 1870 1452 vero
1909 1393 2022 1462 jam

2151 1379 2408 1451 ιρὼπησιν
2440 1375 2520 1436 είς

2294 1467 2371 1486 ,μ
2394 1466 2415 1486 ,ν

443 1521 574 1576 olim
600 1525 656 1573 et
683 1523 810 1570 ante
831 1511 1012 1567 omnia
1041 1505 1241 1563 sascula
1268 1510 1397 1556 tuus
1423 1503 1563 1560 erat,
1591 1509 1656 1548 ac
1685 1504 1900 1562 semper
1930 1484 2027 1542 tibi

444 1618 672 1684 paratus
723 1606 844 1667 fuit,
893 1600 1150 1672 quoniam
1203 1597 1321 1665 ipse
1376 1607 1406 1645 a
1466 1586 1686 1648 saccum,
1736 1584 1847 1638 imo
1901 1585 2029 1633 ante

449 1881 721 1939 sua.Ante
753 1874 1005 1931 saxulum
1029 1867 1269 1939 fundavit
1302 1880 1403 1926 me,
1435 1869 1484 1915 et
1508 1867 1791 1926 antequam
1827 1858 2026 1905 montes

453 1976 817 2043 ﬁrmarentur,
849 1974 900 2020 et
929 1972 1048 2018 ante
1070 1975 1246 2014 omnes
1294 1954 1456 2010 colles
1485 1950 1651 2022 gignit
1685 1946 1844 2001 me”.
1880 1942 2033 1997 Tuus

449 2067 636 2134 itaque
667 2062 900 2114 thronus
931 2061 1050 2111 erat
1083 2051 1246 2107 etiam
1272 2053 1397 2102 ante
1425 2042 1608 2098 omnia
1640 2038 1840 2095 saecula
1875 2055 1890 2090 :
1924 2035 2034 2088 imo

449 2164 506 2210 et
531 2149 750 2224 quando
765 2143 1114 2202 exinanivisti
1141 2137 1512 2206 temetipsum,
1537 2147 1602 2186 ac
1627 2128 1775 2186 servi
1802 2126 2034 2181 formam

453 2212 734 2312 accepisti,
769 2237 868 2290 tibi
905 2235 1104 2289 iterum
1132 2237 1356 2300 paratus
1387 2222 1743 2284 servabatur,
1772 2216 1900 2288 quia
1937 2212 2037 2268 tibi

453 2334 556 2391 soli
589 2304 670 2386 ac
716 2327 921 2383 nemini
968 2324 1061 2378 alii
1091 2339 1120 2376 a
1150 2320 1315 2374 Patre
1347 2317 1555 2371 dictum
1595 2311 1793 2369 fuerat,
1834 2304 1968 2362 Sede
2003 2321 2038 2358 a

453 2424 655 2481 dextris
708 2420 855 2482 meis,
890 2417 1056 2471 donec
1092 2427 1286 2484 ponam
1322 2406 1563 2462 inimicos
1600 2411 1716 2455 tuos
1751 2397 2040 2454 scabellum

448 2519 642 2589 pedum
668 2510 954 2568 tuorum“.
971 2506 1063 2562 Sic
1085 2505 1250 2577 igitur
1277 2506 1502 2572 paratus
1526 2495 1622 2550 tibi
1646 2493 1876 2548 thronus
1899 2495 2038 2549 erat,

454 2582 511 2666 in
542 2623 650 2680 quo
678 2612 740 2660 ut
767 2617 952 2659 secum
1001 2599 1243 2660 sederes,
1275 2593 1368 2664 qui
1399 2598 1455 2645 te
1484 2585 1690 2659 genuit,
1716 2582 1878 2638 Pater
1903 2595 2042 2652 prae-

447 2702 620 2773 accpit.
645 2699 984 2765 Paratusque
1006 2698 1124 2747 erat
1156 2706 1222 2744 ex
1250 2696 1403 2752 tunc,
1436 2701 1466 2740 a
1501 2680 1703 2740 saeculo
1736 2696 1750 2732 :
1783 2674 2044 2747 quoniam

456 2802 515 2847 tu
549 2793 666 2862 ipse
698 2804 728 2842 a
752 2785 951 2843 saaculo
980 2798 1060 2837 es.
1082 2779 1204 2834 Non
1235 2777 1312 2832 ait
1341 2818 1356 2843 ,
1382 2789 1537 2838 eras;
1568 2770 1687 2836 sed,
1711 2785 1788 2824 es.
1811 2765 1948 2821 Nam
1977 2765 2045 2820 de

457 2896 512 2942 te
540 2885 657 2941 solo
687 2881 798 2936 dici
833 2875 1114 2940 convenit,
1143 2890 1220 2928 es.
1256 2871 1437 2936 Quare
1467 2865 1599 2919 alibi
1629 2876 1850 2934 quoque
1903 2856 2047 2912 dici-

457 2987 569 3039 tur,
617 2975 698 3029 Tu
750 2981 926 3026 autem
974 2969 1084 3037 ipse
1106 2983 1178 3028 es,
1204 2973 1253 3019 et
1285 2962 1413 3016 anni
1455 2959 1533 3012 tui
1581 2973 1688 3012 non
1718 2950 2044 3023 deﬁcient“.

455 3067 618 3124 Hunc
644 3081 810 3139 porro
845 3064 1104 3117 thronum
1136 3058 1193 3112 in
1233 3056 1341 3109 alio
1369 3067 1588 3124 quoque
1621 3049 1837 3119 psalmo
1874 3043 2051 3114 Spiri-

453 3168 552 3214 tus
591 3164 816 3212 sanctus
840 3152 1050 3207 indicat
1077 3149 1264 3203 dicens
1297 3163 1310 3199 :
1349 3144 1590 3197 Thronus
1625 3150 1772 3203 tuus,
1801 3135 1970 3197 Deus,
1994 3134 2050 3187 in

458 3251 716 3306 saeculum
749 3245 933 3301 seaculi
961 3261 978 3298 :
1010 3245 1158 3311 virga
1204 3235 1539 3293 rectitudinis
1585 3233 1732 3302 virga
1762 3230 1908 3300 regni
1949 3227 2045 3280 tui.

1138 440 1406 500 EESEBll
1441 427 1916 494 CAESARIENSlS
1953 418 2104 478 OPP.
2143 411 2326 469 PARS
2363 407 2450 464 ιιι.
2489 437 2560 448 -—
2596 395 3010 458 EXEGETICA.

1789 567 1823 603 ιι
1855 554 2006 618 petra
2035 550 2084 604 Α
2108 530 2357 588 λεύεσθαι
2390 527 2489 598 τῆς
2515 523 2654 578 κατὰ
2684 519 2814 574 Θεὸν
2848 511 3158 576 εὐσεϐείας·
3199 507 3294 563 καὶ
3325 505 3423 577 τὴν
3464 496 3693 567 Ἐκκλη-

2582 617 2587 618 ⁷
2676 615 2687 618 ’
2743 613 2754 618 ³
2845 609 2855 618 “
3003 606 3015 618 ⁸
3262 601 3287 618 Α
3350 592 3668 618 ν-Ἵμ---ηΙη-ι..

2035 592 2084 604 η
2114 629 2235 681 σίαν
2261 625 2318 678 δέ
2350 592 2514 676 αὐτοῦ
2543 617 2641 687 τὴν
2673 613 2768 667 ἐπὶ¹
2807 609 2907 680 τὴν
2950 606 3157 678 πέτραν
3197 592 3689 671 τεθεμελιωμένην,

2112 717 2181 793 ῆς
2204 717 2369 772 πύλαι
2407 713 2532 786 ᾅδου
2564 683 2625 762 oi)
2666 700 3077 772 κατισχύσουσι,
3117 695 3206 749 διὰ
3234 693 3334 763 τῆς
3369 683 3694 756 οἰκουμένης

3590 381 3686 437 488

2550 799 2927 869 αλευθήσεται.
2962 789 3136 844 Πύλαι
3179 785 3290 858 γὰρ
3351 783 3481 856 ᾆδου
3525 776 3694 848 αὐτῆς

2199 1014 2474 1079 Ἔτοιμος
2502 1007 2535 1059 ὁ
2572 999 2782 1070 θρόνος
2815 1011 2930 1051 σου
2960 991 3077 1048 ἀπὸ
3107 991 3260 1053 τότε,
3286 985 3405 1043 ἀπὸ
3434 984 3541 1040 τοῦ
3569 984 3703 1039 alti:-
3738 949 3744 959 ἐ

2121 1123 2230 1172 νος
2260 1103 2340 1158 σὺ
2361 1077 2460 1154 θεῖ.
2502 1091 2762 1160 Ἐπῆραν
2807 1091 2860 1142 οἱ
2899 1083 3185 1154 ποταμοὶ,
3229 1081 3424 1149 Κύριε,
3467 1077 3704 1148 ἐπῆραν

2121 1203 2176 1254 οἱ
2218 1191 2472 1262 ποταμοὶ
2528 1189 2642 1257 τὴν
2699 1183 2908 1256 φωνὴν
2951 1176 3166 1232 αὐτῶν.
3239 1175 3296 1228 Ὀ
3349 1173 3535 1246 θρόνος
3585 1189 3704 1236 σου,

2124 1291 2309 1361 φησιν,
2336 1280 2381 1340 ὦ
2416 1283 2608 1354 Κύριε,
2639 1279 2700 1332 οὐ
2734 1277 2827 1331 νῦν
2861 1273 3098 1346 πρῶτον,
3141 1270 3229 1322 ὅτε
3263 1265 3400 1338 μετὰ
3429 1265 3526 1337 τὴν
3550 1267 3709 1318 ἐναν-

2562 1366 2825 1441 οὑρανοὺς
2879 1359 3235 1432 ἀνελήλυθας,
3282 1353 3708 1427 παρεσκευάσθη

2130 1447 2209 1525 σοι
2229 1487 2242 1500 ’
2282 1447 2420 1523 ἀλλὰ
2453 1463 2548 1518 καὶ
2577 1461 2742 1515 πάλαι
2774 1456 2870 1512 καὶ
2896 1452 3194 1527 πρόπαλαι,
3223 1449 3320 1504 καὶ
3353 1447 3460 1520 πρὸ
3490 1448 3712 1501 πάντων

2129 1563 2341 1617 αἰώνων
2381 1562 2471 1622 σὸς
2512 1552 2602 1627 ἦν,
2639 1553 2726 1608 ἀεί
2776 1568 2837 1603 τε
2880 1548 2974 1602 καὶ
3030 1545 3120 1599 διὰ
3176 1542 3378 1606 παντὸς
3409 1539 3714 1613 ἡτοίμαστο

2135 1674 2238 1719 σοι,
2295 1649 2482 1721 ἐπειδὴ
2534 1646 2628 1700 καὶ
2675 1642 2837 1706 αὐτὸς
2901 1638 3008 1694 ἀπὸ
3070 1635 3164 1690 τοῦ
3235 1635 3450 1698 αἰῶνος,
3506 1633 3716 1704 μᾶλλον

2133 1747 2192 1801 δὲ
2221 1744 2328 1816 πρὸ
2363 1741 2579 1796 πάντων
2626 1734 2840 1790 αἰώνων
2899 1731 3185 1802 ὑπάρχεις,
3225 1726 3302 1790 ὡς
3339 1724 3498 1788 αὐτὸς
3539 1723 3718 1778 ἐδίδα-

2137 1838 2234 1905 ξας
2268 1813 2466 1888 εἰπών·
2502 1831 2720 1898 Κύριος
2741 1823 2945 1878 ἕκτισέ
2980 1838 3059 1892 με
3103 1819 3302 1889 ἀρχὴν
3338 1816 3494 1871 ὁδῶν
3525 1813 3717 1869 αὐτοῦ

2065 1952 2107 2006 Β
2132 1932 2220 1994 εὶς
2249 1927 2394 1996 ἔργα
2425 1921 2632 1978 αὐτοῦ.
2672 1917 2795 1987 Πρὸ
2831 1915 2940 1970 τοῦ
2977 1911 3193 1979 αἰῶνος
3226 1907 3588 1979 ἐθεμελίωσέ
3614 1924 3717 1977 με,

2134 2020 2231 2075 καὶ
2259 2017 2373 2086 πρὸ
2393 2015 2501 2070 τοῦ
2531 2014 2636 2082 ὄρη
2658 2006 3025 2080 ἑδρασθῆναι
3041 2022 3056 2035 ·
3094 2001 3209 2072 πρὸ
3225 2000 3292 2054 δὲ
3308 2001 3550 2054 πάντων
3572 1999 3724 2063 ,βου-

2133 2111 2257 2167 νῶν
2288 2106 2472 2180 γεννᾷ
2509 2121 2606 2175 με.
2636 2099 2747 2156 Ἤν
2781 2100 2879 2171 μὲν
2917 2091 3010 2150 οὖν
3050 2095 3140 2157 σὸς
3178 2095 3208 2146 ὸ
3241 2092 3431 2164 θρόνος
3473 2091 3565 2144 καὶ
3612 2087 3723 2161 πρὸ

2137 2206 2352 2260 πάντων
2381 2198 2611 2254 αἰώνωνο
2640 2197 2698 2249 οὐ
2719 2193 2827 2266 μὴν
2855 2191 2990 2246 ἀλλὰ
3025 2190 3120 2244 καὶ
3146 2188 3234 2242 ὅτε
3260 2187 3534 2249 ἐκένωσας
3563 2199 3726 2236 σεαυ-

2137 2299 2250 2360 τὸν,
2284 2295 2381 2349 καὶ
2427 2293 2528 2363 τὴν
2560 2289 2747 2344 δούλου
2800 2283 3014 2358 μορφὴν
3064 2280 3378 2351 ἀνείληφας,
3432 2277 3516 2330 σοὶ
3560 2276 3724 2330 πάλιν

2137 2391 2352 2460 ἕτοιμος
2375 2383 2702 2454 ἐφυλάττετο
2721 2397 2736 2411 ·
2792 2377 2980 2448 ἐπειδή
3006 2392 3088 2428 σοι
3120 2372 3287 2444 μόνῳ,
3329 2371 3425 2424 καὶ
3454 2367 3726 2439 οὐδετέρῳ

2142 2485 2279 2557 πρὸς
2309 2479 2403 2534 τοῦ
2437 2477 2531 2532 σοῦ
2558 2473 2772 2546 Πατρὸς
2799 2473 3006 2542 εἷρητο’
3033 2465 3231 2521 Κάθου
3246 2465 3315 2516 ἐκ
3344 2461 3557 2526 δεξιῶν
3579 2478 3725 2530 μου,

2141 2549 2252 2640 ἕως
2275 2571 2350 2627 ἂν
2373 2570 2455 2624 θῶ
2481 2567 2625 2634 τοὺς
2656 2563 2910 2634 ἐχθρούς
2949 2574 3066 2613 σου
3092 2553 3430 2610 ὑποπόδιον
3466 2549 3584 2605 τῶν
3615 2563 3728 2603 πο-

2143 2665 2266 2719 δῶν
2295 2680 2438 2718 σου.
2474 2659 2630 2714 Οὕτω
2667 2655 2798 2725 γοῦν
2839 2649 2907 2725 ἦν
2951 2651 3167 2722 ἕτοιμος
3204 2650 3232 2702 ὁ
3266 2647 3454 2719 θρόνος
3492 2661 3609 2706 σου,
3640 2643 3728 2712 ἐφ’

2149 2759 2209 2812 ὃν
2255 2757 2353 2810 σὺν
2388 2751 2540 2823 αὐτῷ
2572 2744 2901 2812 καθέζεσθαι
2930 2746 2959 2798 ὁ
2985 2743 3254 2812 γεννήσας
3298 2755 3357 2791 σε
3389 2734 3581 2806 Πατὴρ
3620 2751 3730 2787 πα-

2149 2845 2484 2922 ρεκελεύετο.
2539 2841 2651 2896 Καὶ
2704 2839 2923 2908 ἕτοιμος
2973 2831 3043 2905 ἦν
3097 2832 3206 2886 ἀπὸ
3255 2829 3412 2894 τότε,
3468 2826 3578 2880 ἀπὸ
3632 2823 3730 2878 τοῦ

2149 2914 2366 3003 αἰῶνος,
2401 2935 2525 2988 ἐπεὶ⁹
2562 2933 2659 2988 καὶ
2686 2929 2850 2992 αὐτὸς
2883 2928 2990 2982 ἀπὸ
3030 2923 3124 2980 τοῦ
3155 2923 3350 2985 αἰῶνος
3382 2921 3445 2974 σὺ
3473 2914 3544 2972 εἳ.
3587 2916 3731 2971 Ἀλλ’

2149 3033 2270 3097 οὐκ,
2303 3031 2399 3101 ἧς,
2431 3027 2618 3101 φησιν,
2649 3023 2785 3089 ἀλλ’,
2816 3017 2892 3076 εἴ.
2924 3019 3100 3074 Μόνον
3125 3017 3235 3088 γὰρ
3257 3013 3404 3085 αὐτῷ
3431 3013 3514 3078 τὸ,
3549 3011 3631 3066 σὺ
3655 3005 3732 3074 εἷ,

2150 3123 2406 3194 λέγεσθαι
2440 3120 2722 3192 ἁρμόττει.
2759 3115 2850 3168 Διὸ
2883 3113 2976 3167 καὶ
3012 3113 3070 3164 ἐν
3101 3109 3310 3180 ἐτέροις
3349 3105 3597 3177 εἴρηταιο
3644 3102 3731 3157 Σὺ

2151 3216 2220 3270 δὲ
2263 3219 2296 3270 ὁ
2334 3215 2519 3279 αὐτὸς
2553 3207 2627 3276 εἴ,
2659 3209 2758 3263 καὶ
2797 3208 2870 3260 τὰ
2901 3206 3007 3272 ἐτη
3055 3216 3172 3255 σου
3202 3203 3313 3254 οὐκ
3347 3199 3728 3265 ἐκλείψουσι.

463 3287 716 3306 ..μιυηυυη
749 3287 933 3301 ww...
961 3287 975 3298 .
1014 3287 1156 3311 -..Γ
1665 3287 1689 3302 ν
1818 3287 1842 3300 ν

463 3342 714 3398 Dilexisti
745 3340 1018 3410 justitiam
1059 3343 1110 3388 et
1166 3331 1326 3388 odisti
1373 3328 1701 3398 iniquitatem
1733 3330 2049 3392 :propterea

2153 3308 2354 3360 Τοῦτον
2373 3306 2430 3359 δὲ
2463 3304 2554 3356 τὸν
2593 3301 2781 3372 θρόνον
2813 3297 2909 3350 καὶ⁹
2943 3299 3002 3348 ἐν
3033 3295 3205 3364 ἑτέρῳ
3247 3291 3308 3345 τὸ
3337 3290 3477 3343 θεῖον
3506 3287 3738 3358 Πνεῦμα

2313 3398 2324 3410 .
2446 3395 2502 3410 ς,
2630 3409 2636 3410 ,
2684 3391 2739 3410 ιιι
2778 3390 2981 3410 η,]----
3017 3401 3128 3410 ..λυ
3195 3385 3224 3410 Δ
3275 3379 3418 3410 an)...
3499 3379 3583 3410 οι-
3626 3377 3738 3410 ολ..

463 3435 619 3489 unxit
653 3443 700 3486 te
724 3431 885 3492 Deus,
910 3428 1045 3482 Deus
1075 3435 1215 3487 tuus,
1251 3423 1363 3476 oleo
1390 3417 1761 3475 exsultationis
1789 3429 1900 3483 pra:
1921 3427 2046 3467 cou-

463 3527 698 3582 sortibus
733 3524 835 3578 tuis
859 3522 926 3576 ³⁸.
953 3521 1184 3575 Paratus
1213 3516 1398 3585 itaque
1421 3520 1540 3568 erat
1570 3511 1803 3563 thronus
1829 3515 1956 3559 tuus
1982 3519 2050 3558 ex

463 3801 716 3873 ﬂumina,
763 3797 1004 3851 Domine.
1052 3793 1193 3860 Quid
1241 3788 1596 3851 elevaverint,
1647 3784 1880 3854 repetito
1938 3795 2056 3836 ser-

469 3872 635 3949 mone
678 3898 867 3962 postea
911 3888 1155 3943 declarat
1185 3885 1270 3940 bis
1319 3880 1504 3936 verbis
1534 3899 1547 3934 :
1579 3877 1928 3932 Etevaverunt
1959 3872 2060 3941 ﬂu-

471 3987 617 4042 mina
646 3998 819 4038 vocem
841 3995 1014 4037 suam.
1049 3977 1176 4032 Haec
1197 3975 1342 4032 enim
1367 3989 1499 4029 cum
1527 3967 1832 4040 antiquitus
1863 3963 2058 4020 latuis-

473 4084 619 4138 sent,
669 4089 816 4130 nunc
863 4072 1047 4128 audita
1106 4068 1328 4124 fuerunt
1397 4061 1677 4126 omnibus,
1730 4059 1826 4130 qui
1873 4057 2060 4112 divino

469 4169 683 4241 Spiritu
713 4169 921 4237 dignati
952 4172 1103 4228 sunt,
1139 4159 1441 4232 prophetis,
1469 4155 1732 4226 apostolis
1756 4161 1812 4209 et
1829 4164 2063 4221 evange-

476 4264 642 4330 listis,
673 4261 1012 4329 inﬁnitisque
1061 4253 1301 4327 populis,
1326 4250 1419 4322 qui
1448 4264 1545 4320 per
1575 4253 1751 4302 totum
1782 4243 1973 4299 orbem
2007 4243 2062 4294 'rn

479 4353 731 4413 ecclesiis
761 4353 1000 4408 salutare
1021 4361 1249 4419 regnum
1281 4341 1634 4403 annuntiant,
1662 4337 1756 4409 qui
1796 4337 1926 4390 item
1957 4332 2069 4388 ele-

477 4450 748 4500 vaverunt
767 4455 956 4495 vocem
987 4453 1166 4500 suam,
1188 4433 1414 4490 effusam
1435 4433 1490 4486 in
1509 4444 1701 4484 omnes
1725 4425 1817 4479 Dei
1834 4422 2066 4495 gratiam

479 4548 679 4605 magna
706 4545 841 4586 voce
871 4527 1248 4600 pradicantes.
1285 4522 1393 4578 Sed
1426 4521 1590 4575 etiam
1614 4516 1827 4574 aestimo
1851 4512 2068 4568 divinas

479 4604 713 4680 virtutes
767 4630 823 4678 et
874 4617 1280 4676 multitudinem
1324 4607 1779 4684 angelorum,qui
1827 4606 1884 4659 in
1928 4604 2070 4658 coelo

2153 3398 2411 3471 σημαίνει
2446 3395 2640 3462 λέγον·
2684 3391 2739 3442 '0
2772 3390 2985 3458 θρόνος
3012 3401 3150 3448 σου,
3190 3385 3224 3436 ὁ
3275 3379 3446 3445 Θεὸς,
3495 3379 3583 3443 εὶς
3626 3377 3740 3431 τὸν

2149 3466 2332 3545 anima
2355 3487 2462 3541 τοῦ
2484 3483 2716 3548 αιῶνοςο
2736 3478 2956 3549 ῥάϐδος
2975 3474 3300 3542 εὐθύτητος
3324 3471 3362 3539 ἠ
3386 3468 3609 3540 ῥάϐδος
3628 3466 3742 3536 τῆς

2145 3577 2468 3647 βασιλείας
2503 3589 2641 3628 σου.
2668 3570 3011 3641 Ἠγάπησας
3033 3564 3448 3630 δικαιοσύνην,
3488 3560 3584 3614 καὶ
3625 3560 3748 3630 ἐμί-

2153 3687 2356 3741 σησας
2393 3667 2652 3738 ἀνομίαν
2674 3682 2688 3696 ο
2735 3662 2833 3717 διὰ
2871 3660 3048 3714 τοῦτο
3078 3655 3288 3728 ἔχρισέ
3330 3671 3405 3710 σε
3433 3657 3466 3708 ὀ
3494 3652 3664 3718 Θεὸς,
3711 3655 3746 3705 d

2158 3766 2302 3832 Θεός
2323 3778 2460 3818 σου.
2474 3760 2657 3824 ἐλαίῳ
2681 3748 3274 3826 ἀγαλλιάσεως-’παρὰ
3289 3747 3430 3812 τοὺς
3445 3746 3749 3816 μετόχους

2156 3873 2295 3913 σου.
2327 3849 2439 3910 Ἦν
2475 3852 2574 3924 μὲν
2596 3847 2689 3914 οὖν
2711 3848 2928 3917 ἕτοιμος
2959 3845 2987 3897 ὁ
3007 3842 3195 3914 θρόνος
3226 3858 3320 3894 σου
3342 3837 3449 3893 ἀπὸ
3479 3838 3623 3902 τότε,
3649 3836 3746 3910 ἀφ’

2159 3944 2221 4004 οὗ
2249 3945 2452 4018 δηλαδὴ
2479 3941 2633 4016 παρὰ
2675 3939 2755 4012 τῷ
2793 3938 2974 4009 Πατρὶ
3007 3932 3096 4007 ἧς,
3146 3935 3269 3988 ἐπεὶ
3307 3933 3402 3987 καὶ
3440 3930 3605 3994 αὐτὸς
3637 3929 3749 3982 ἀπὸ

2159 4039 2252 4094 τοῦ
2281 4037 2476 4099 αἰῶνος
2500 4036 2564 4089 σὺ
2594 4029 2664 4086 εἴ.
2699 4031 2848 4103 Πλὴν
2882 4027 3018 4082 ἀλλά
3041 4027 3137 4080 καὶ
3162 4025 3256 4078 νῦν
3281 4022 3515 4092 ἐπῆραν
3545 4023 3600 4075 οὶ
3633 4033 3745 4075 πο-

2162 4127 2357 4197 ταμοὶ,
2408 4127 2604 4195 Κύριε.
2644 4123 2709 4176 Τί
2737 4121 2793 4175 δέ
2825 4119 3062 4190 ἐπῆραν,
3093 4114 3457 4186 ἐπιδευτερῶν
3499 4113 3626 4184 ἑξῆς
3653 4110 3749 4165 τὸν

2163 4221 2321 4288 λόγον
2356 4218 2687 4289 παρίστησιν
2711 4211 2882 4269 εἰπών
2901 4227 2916 4241 ⁸
2959 4206 3227 4277 Ἐπῆραν
3259 4211 3312 4262 οὶ
3341 4204 3593 4275 ποταμοὶ
3626 4219 3750 4273 5am-

2167 4311 2288 4379 γὴν
2307 4309 2510 4364 αὐτῶν
2527 4327 2540 4339 υ
2572 4305 2748 4361 ταῦτα
2769 4305 2880 4379 γὰρ
2907 4305 3237 4360 λανθάνοντα
3257 4299 3426 4354 πάλαι
3461 4297 3752 4368 πρότερον,

2168 4405 2263 4460 νῦν
2293 4407 2372 4468 εἱς
2400 4403 2724 4468 ἐξάκουστον
2772 4401 3028 4454 ἁπάντων
3058 4396 3249 4465 γέγονε
3301 4391 3410 4445 τῶν
3457 4389 3552 4443 τοῦ
3603 4387 3752 4441 θείου

2171 4499 2488 4569 Πνεύματος
2520 4493 2838 4565 ἠξιωμένων
2867 4490 3182 4563 προφητῶν,
3223 4483 3535 4540 ἀποστόλων
3568 4498 3628 4533 τε
3657 4479 3757 4534 καὶ

2173 4589 2597 4660 εὐαγγελιστῶν,
2655 4585 3000 4656 μυριάνδρων
3047 4601 3108 4636 τε
3149 4579 3294 4634 λαῶν
3324 4577 3432 4632 τῶν
3469 4575 3590 4629 καθ’
3625 4573 3756 4644 ὅλης

489 4663 713 4680 ...πηνα
768 4663 823 4678 ν.
874 4663 1280 4676 ...............---_-
1324 4663 1597 4684 ηοω-η
1651 4663 1663 4674 ,
1703 4663 1718 4678 _

481 4727 636 4781 sunt,
679 4730 829 4770 nunc
887 4711 1113 4767 ﬂumina
1161 4707 1368 4763 vocari.
1399 4703 1504 4771 Qui
1553 4705 1682 4758 item
1721 4701 2047 4755 elevaverun

2172 4683 2272 4753 τῆς
2310 4677 2636 4749 οἰκουμένης
2661 4677 2720 4726 ἐν
2763 4676 2882 4737 ταῖς
2923 4671 3242 4744 ἐκκλησίαις
3275 4663 3758 4735 καταγγελλόντων

2213 4773 2223 4781 .
2431 4771 2442 4781 .
2609 4766 2634 4781 Λ
2734 4766 2752 4781 ς
2803 4766 2814 4781 ο
2981 4764 3001 4781 οι
3115 4763 3128 4780 \
3195 4761 3290 4781 1_-:
3312 4775 3404 4781 -..η
3440 4757 3539 4781 -3.-.
3574 4773 3628 4781 μ.
3646 4753 3758 4781 ...λυ

482 4821 672 4862 vocem
709 4817 888 4865 suam,
920 4799 1140 4872 quando
1161 4814 1230 4854 ex
1253 4797 1535 4852 hominum
1566 4791 1847 4848 consortio
1871 4789 1926 4843 in
1959 4800 2073 4841 cce—

483 4900 570 4954 los
619 4895 1002 4952 ascendentem
1041 4892 1411 4952 Servatorem,
1455 4886 1654 4940 decore
1698 4880 1920 4937 deitatis
1960 4890 2074 4933 suae

485 4987 764 5049 indutum,
783 4992 1011 5055 paterna
1029 4981 1231 5036 virtute
1253 4977 1629 5050 praecinctum,
1647 4970 2074 5043 propriumques

487 5079 565 5134 ibi
625 5074 780 5147 regni
829 5072 1088 5126 thronum
1137 5075 1504 5138 repetentem,
1542 5060 2074 5130 contemplabantur.

490 5170 618 5224 llaec
657 5180 824 5237 porro
860 5164 1114 5219 dicebant
1148 5161 1257 5213 alta
1302 5172 1432 5212 voce
1461 5155 1762 5210 clamantes
1792 5171 1807 5206 :
1835 5149 2076 5204 Attoltite

490 5270 694 5332 portas,
708 5257 992 5328 principes,
1021 5262 1242 5316 vestras,
1263 5261 1313 5305 et
1339 5247 1638 5310 elevamini,
1660 5254 1827 5315 parta:
1844 5252 2075 5304 wternae,

491 5364 544 5408 et
571 5350 812 5407 introibit
842 5363 936 5402 rea:
951 5346 1158 5417 gloria’.
1182 5343 1318 5410 Quis
1334 5355 1413 5396 est
1435 5340 1544 5408 ipse
1558 5354 1651 5393 rex
1665 5337 1879 5408 giariaz?
1893 5331 2079 5387 Domi-

497 5462 594 5499 nus
614 5443 766 5513 fortis
785 5449 1049 5509 etpotens,
1071 5436 1325 5491 Dominus
1337 5442 1518 5504 potens
1533 5431 1586 5484 in
1603 5425 1860 5497 prwlio“;
1880 5439 1944 5478 ac
1963 5436 2079 5476 rur-

499 5554 642 5602 sum,
663 5536 923 5590 Dominus
939 5533 1214 5594 virtutum,
1233 5529 1342 5597 ipse
1354 5535 1432 5580 est
1450 5539 1542 5577 rem
1559 5520 1743 5591 gloriae
1759 5517 1800 5548 ³⁷
1812 5558 1826 5570 .
1841 5513 2084 5569 Multitu-

2174 4773 2274 4845 τὴν
2307 4771 2573 4842 σωτήριον
2608 4766 2884 4837 βασιλείαν
2905 4805 2920 4830 ,
2953 4764 3001 4817 οἳ
3045 4763 3139 4817 καί
3192 4761 3404 4830 ἐπῆραν
3439 4757 3540 4826 τὴν
3573 4753 3762 4825 φωνὴν

2176 4865 2378 4930 αὐτῶν,
2417 4862 2515 4933 τὴν
2549 4859 2874 4930 ἐκχυθεῖσαν
2924 4859 3005 4920 είς
3055 4857 3258 4918 πάντας
3289 4851 3383 4906 τοῦ
3421 4849 3556 4904 Θεοῦ
3597 4849 3760 4920 χάριν

2185 4957 2396 5032 μεγάλῃ
2445 4956 2512 5026 τῇ
2555 4954 2706 5023 φωνῇ
2762 4948 3257 5019 εὐαγγελιζόμενοι.
3300 4941 3459 4997 Ἀλλά
3517 4939 3611 4993 καὶ
3657 4937 3759 5002 τὰς

2182 5031 2334 5114 θείας
2381 5045 2639 5117 δυνάμεις
2693 5044 2788 5098 καὶ
2838 5043 2899 5096 τὸ
2953 5039 3158 5110 πλῆθος
3214 5037 3324 5090 τῶν
3371 5036 3489 5089 κατ’
3524 5031 3755 5104 οὐρανὸν

2183 5141 2430 5212 ἀγγέλων
2458 5135 2610 5210 οἶμαι
2639 5135 2735 5190 νῦν
2768 5133 3048 5204 ποταμοὺς
3073 5127 3453 5201 ὀνομάζεσθαι.
3482 5125 3544 5179 Οἳ
3569 5124 3633 5195 δὴ
3661 5121 3757 5175 καὶ

2185 5234 2342 5290 αὐτοὶ
2365 5231 2577 5302 ἐπῆραν
2607 5229 2706 5301 τὴν
2741 5227 2925 5298 φωνὴν
2958 5222 3160 5286 αὐτῶν,
3189 5219 3427 5290 ὁπηνίκα
3455 5217 3520 5270 ἐκ
3541 5216 3641 5286 τῆς
3665 5214 3764 5266 σὺν

2183 5323 2488 5398 ἀνθρώποις
2505 5318 2785 5391 διατριϐῆς
2806 5317 3021 5370 ἀνιόντα
3041 5315 3121 5376 εἰς
3143 5311 3403 5383 οὐρανοὺς
3423 5308 3512 5362 τὸν
3536 5305 3762 5374 Σωτῆρα

2184 5421 2280 5474 καὶ
2307 5419 2406 5490 τὴν
2427 5417 2526 5488 τῆς
2550 5412 2714 5468 αὑτοῦ
2746 5410 2998 5479 θεότητος
3041 5403 3373 5474 εὐπρέπειαν
3411 5398 3726 5469 ἐνδυόμενον
3744 5434 3760 5460 ,

2192 5487 2418 5581 δυνάμει
2463 5487 2703 5577 πατρικῇ
2748 5498 3218 5573 περιζωννύμενον
3245 5536 3258 5562 ,
3299 5493 3393 5546 καὶ
3429 5491 3520 5544 τὸν
3567 5487 3763 5542 οίκεϊον

499 5575 642 5602 sum,
663 5575 922 5590 υνηκωη,
943 5575 1006 5586 υ..
1023 5575 1214 5594 .........,
1236 5575 1427 5597 Tn---
1452 5575 1459 5576 ,
1559 5575 1583 5591 υ

499 5629 656 5684 dines
671 5631 794 5684 item
805 5626 1157 5682 ecclesiarum
1171 5619 1478 5676 Servatoris
1494 5611 1824 5684 nostri-apud
1840 5607 2051 5664 homine

2199 5575 2653 5672 ἀπολαμϐάνοντα
2687 5575 2787 5656 τῆς
2829 5590 3103 5656 βασιλείας
3145 5586 3333 5658 θρόνον
3373 5580 3624 5637 ἐθεῶντο.
3654 5575 3764 5631 Καὶ

578 5782 620 5812 ³¹
659 5780 823 5834 Prov.
892 5793 1022 5842 Vill,
1077 5775 1267 5830 22-25.
1344 5775 1388 5806 ³³
1428 5770 1745 5842 Ρεθικϐιι,
1782 5767 1834 5822 l-

490 5851 551 5925 βτ
592 5832 723 5904 ibid.
765 5849 853 5902 io.
1009 5832 1021 5842 '
1590 5832 1610 5842 ‘

1939 5765 1982 5797 ³⁸
2021 5760 2169 5816 Psal.
2204 5772 2291 5825 c1,
2328 5755 2420 5811 88.
2499 5754 2542 5788 ³⁵
2579 5751 2706 5810 Psal
2762 5765 2907 5817 xuv,
2945 5748 2996 5813 7,
3038 5746 3089 5800 8.

3195 5744 3240 5778 ”
3278 5740 3568 5797 Psal.xxm
3589 5775 3604 5805 ,
3643 5731 3761 5789 7.9.
