4074 6380
361 408 498 464 1189

1559 396 2058 455 COMMENIAMIA
2099 399 2163 447 IN
2205 399 2542 455 PSALMOS.

3461 404 3644 461 “)0‘

355 523 456 594 τῆς
494 540 557 592 γε
600 522 782 594 φωνῆς
811 518 988 576 αὐτῶν
1016 519 1199 572 ἐκεῖνα
1227 512 1317 590 ἦν,
1346 517 1412 574 δι’
1436 511 1510 574 ὧν
1549 520 1717 574 ἐϐόων
1741 519 1924 588 λέγον-

2028 518 2354 586 constitutae,
2386 521 2786 578 conﬂuentibus
2825 522 2896 578 ibi
2931 522 3172 582 ﬂuminis
3209 525 3385 582 instar
3417 527 3601 596 genti-

356 633 478 679 τεςο
515 618 725 686 Ἀρατε
763 615 979 677 πύλας,
1009 613 1061 664 οἱ
1084 609 1370 680 ἄρχοντες
1400 610 1589 680 ὑμῶν,
1619 612 1716 664 καὶ
1747 611 1924 679 ἐπάρ-

359 712 500 775 θητε
527 709 711 761 πύλαι
739 703 981 766 αίώνιοι,
1009 702 1104 754 καὶ
1135 702 1540 755 εἰσελεύσεται
1569 705 1603 756 ό
1625 702 1926 766 βασιλεὺς

360 797 470 866 τῆς
496 798 698 864 δόξης.
741 798 837 861 Τίς
868 795 1037 848 ἐστιν
1071 789 1247 859 οὗτος
1274 796 1307 847 ό
1339 793 1639 859 ,ϐασιλεὺς
1666 791 1775 861 τῆς
1821 793 1922 847 δό-

361 890 508 957 fac;
536 890 750 956 Κύριος
773 886 1050 955 κραταιὸς
1072 886 1166 938 καὶ
1198 883 1476 950 δυνατὸς,
1512 884 1726 952 Κύριος
1746 882 1926 936 δυνα-

359 984 462 1049 τὸς
485 985 554 1036 ἐν
581 983 817 1053 πολέμῳ
834 1000 847 1012 ·
883 983 976 1036 καὶ
1011 981 1199 1036 πάλιν·
1236 981 1448 1046 Κύριος
1470 977 1591 1032 τῶν
1619 977 1926 1046 δυνάμεων

359 1075 540 1140 αὑτός
573 1075 744 1127 ἐστιν
774 1077 806 1127 ὀ
832 1071 1134 1137 ,βασιλεὺς
1159 1069 1268 1139 τῆς
1291 1069 1496 1138 δόξης.
1514 1070 1623 1124 Καὶ
1648 1069 1718 1122 τὰ
1745 1068 1922 1138 πλήθη

357 1163 412 1216 δὲ
444 1165 552 1218 τῶν
590 1168 646 1219 ἐν
675 1164 976 1236 ἀνθρώποις
1008 1162 1100 1216 τοῦ
1138 1163 1388 1234 Σωτῆρος
1420 1160 1578 1232 ήμῶν
1621 1159 1924 1230 ἐκκλησιῶν

357 1257 667 1327 ποταμηδὸν
693 1259 754 1310 ἐν
795 1257 984 1318 αὑταῖς
1023 1254 1130 1308 τῶν
1171 1254 1229 1320 ἐξ
1275 1252 1444 1306 ἐθνῶν
1485 1250 1924 1306 πεπιστευκότων

2028 611 2131 666 bus
2162 627 2282 682 qua:
2310 614 2679 676 crediderunt,
2704 615 3148 686 elevantibusque
3168 633 3353 673 vocem
3384 619 3441 672 in
3471 633 3598 672 ora-

2028 702 2267 758 tionibus
2298 704 2365 758 ad
2396 703 2564 759 Deum
2587 706 2823 770 emissis,
2847 706 3008 777 inque
3036 710 3286 766 laudibus
3311 725 3408 780 per
3439 711 3602 781 hym-

2028 807 2128 847 nos
2177 803 2230 848 et
2276 795 2515 863 psalmos
2553 794 2718 849 editis
2748 835 2762 860 ,
2819 805 3052 866 possunt
3099 797 3321 851 ﬂumina
3360 799 3594 852 vocari:

2029 883 2244 952 quando
2300 885 2416 954 ipse
2460 883 2724 940 Dominus
2772 893 2958 941 noster
3011 902 3125 951 eos,
3153 904 3290 958 quos
3322 903 3386 943 ex
3415 904 3514 944 sua
3541 897 3597 944 et

2028 971 2210 1026 divina
2230 971 2481 1027 doctrina
2500 973 2740 1039 haurire,
2773 983 2826 1029 et
2847 992 2912 1029 ex
2949 974 3157 1046 Spiritu
3192 988 3382 1031 sancto
3412 978 3598 1033 bibere

2029 1062 2272 1116 futurum
2321 1074 2467 1130 erat,
2526 1064 2842 1121 ﬂuminibus
2889 1077 3170 1136 comparat
3219 1067 3454 1122 dicens:
3491 1067 3599 1134 Qui

2030 1156 2214 1211 biberit
2245 1173 2309 1211 ea:
2341 1175 2498 1228 aqua,
2519 1176 2673 1230 quant
2695 1176 2784 1230 ego
2814 1159 2950 1213 dabo
2979 1162 3054 1226 ei,
3079 1162 3304 1229 [Iuntina
3340 1161 3403 1215 de
3425 1172 3600 1216 ventre

2028 1249 2140 1313 ejus
2170 1248 2332 1318 ﬂuent
2360 1267 2510 1320 aqua:
2544 1253 2690 1318 view,
2722 1253 2962 1307 salientis
2984 1254 3038 1306 in
3070 1255 3230 1306 vitam
3257 1253 3598 1307 wternam".

359 1343 692 1410 συρὁεόντων
735 1351 839 1412 ἀεὶ,
872 1349 1207 1420 ἐπαιρόντων
1233 1364 1293 1400 τε
1329 1345 1509 1417 φωνήν
1549 1347 1607 1399 ἐν
1637 1348 1759 1407 ταῖς
1826 1344 1960 1412 πρὸς
1997 1343 2088 1395 τὸν
2121 1343 2251 1396 Θεὸν
2298 1344 2503 1414 εὐχαῖς,
2535 1343 2592 1398 ἐν
2625 1361 2684 1396 τε
2709 1347 2827 1408 ταῖς
2874 1343 2940 1397 δι’
3000 1343 3183 1416 ὓμνων
3233 1346 3330 1398 καὶ
3371 1343 3602 1415 ψαλμῶν

356 1439 700 1508 δοξολογίαις,
745 1441 996 1494 δύνανται
1045 1439 1298 1508 λέγεσθαι
1349 1438 1580 1508 ποταμοί
1604 1454 1617 1467 '
1673 1438 1793 1490 ἐπεὶ
1837 1437 1930 1489 καὶ
1966 1437 2128 1500 αὐτὸς
2159 1440 2186 1490 6
2217 1435 2420 1507 Κύριος
2485 1435 2640 1506 ήμῶν
2672 1436 2797 1498 τοὺς
2835 1436 3126 1506 μέλλοντας
3187 1439 3252 1490 ἐκ
3289 1437 3390 1508 τῆς
3431 1437 3600 1489 αὐτοῦ

356 1534 450 1585 καὶ
476 1533 624 1596 θείας
647 1533 992 1596 διδασκαλίας
1020 1532 1303 1603 ἀρύεσθαι,
1340 1531 1552 1584 καὶτοῦ
1604 1531 1759 1600 ἁγίου
1798 1530 2114 1602 Πνεύματος
2170 1529 2367 1592 πίνειν,
2411 1533 2674 1600 ποταμοῖς
2723 1529 3062 1600 παραϐάλλει
3127 1529 3320 1598 λέγων·
3363 1532 3462 1596 ⁸ος
3525 1529 3603 1583 ἂν

355 1624 461 1692 πίῃ
497 1626 565 1677 ἐκ
603 1625 706 1678 τοῦ
743 1626 959 1692 ὓδατος
990 1621 1060 1681 οὗ
1094 1624 1205 1692 ἐγὼ
1243 1624 1413 1679 δώσω
1453 1623 1631 1689 αὐτῷ,
1668 1624 1914 1694 ποταμοὶ
1941 1625 2008 1678 ἐκ
2042 1623 2152 1694 τῆς
2184 1623 2414 1690 κοιλίας
2449 1623 2634 1677 αὐτοῦ
2677 1624 3012 1691 ῥεύσουσιν
3075 1623 3292 1690 ὕδατος
3363 1622 3600 1694 ζῶντος,

353 1713 701 1784 ἁλλομένου
731 1719 816 1781 εἷς
846 1714 996 1785 ζωὴν
1011 1715 1270 1770 αἰώνιον.

439 1837 668 1904 Ἀροῦσι
686 1837 951 1906 ποταμοὶ
976 1837 1307 1904 ἐπιτρίψεις
1328 1835 1524 1889 αὐτῶν
1557 1836 1672 1891 ἀπὸ
1709 1835 1921 1904 φωνῶν

2093 1831 2256 1887 Vsus.
2281 1832 2336 1896 4,
2370 1832 2423 1886 5.
2461 1831 2503 1887 Τ
2507 1831 2665 1885 οίίεηι
2699 1830 2924 1900 ﬂumina
2969 1831 3162 1900 ﬂuctus
3210 1847 3334 1885 suos
3377 1848 3410 1886 a
3458 1834 3601 1887 voci-

353 1923 586 1980 ὑδάτων
625 1924 888 1980 πολλῶν.
925 1926 1260 1996 Θαυμαστώ
1305 1930 1358 1980 ot
1387 1928 1771 1997 μετεωρισμοὶ
1815 1927 1923 1996 τῆς

351 2015 691 2086 θαλάσσης,
727 2018 1066 2087 θαυμαστὸς
1100 2019 1170 2071 ἐν
1206 2020 1488 2087 ὑψίστοις
1525 2023 1558 2074 ὁ
1595 2021 1822 2088 Κύριος.
1848 2013 1924 2074 Ἐί

352 2107 632 2178 νενόηνται
661 2109 709 2160 οἱ
739 2110 974 2179 ποταμοὶ
1004 2110 1054 2162 oi
1082 2109 1175 2162 ἐπὶ
1207 2112 1273 2180 τῇ
1306 2108 1430 2180 δόξῃ
1453 2110 1547 2180 τῆς
1584 2110 1678 2164 τοῦ
1719 2110 1923 2181 Κυρίου

355 2197 628 2268 βασιλείας
656 2200 754 2270 τὴν
785 2199 964 2254 αὐτῶν
989 2199 1171 2270 φωνὴν
1201 2200 1537 2272 ἐπαίροντες,
1560 2202 1623 2253 ἐκ
1646 2199 1740 2253 τοῦ
1769 2204 1924 2254 ἐναν-

352 2289 472 2341 τίου
511 2289 862 2361 νοηθήτωσαν
900 2290 1077 2361 ἐτεροι
1118 2291 1352 2360 ποταμοὶ
1391 2289 1791 2362 ἐπιτριϐόμενοι
1833 2293 1926 2343 καὶ

352 2381 810 2452 κατεπαιρόμενοι
833 2383 934 2452 τῆς
957 2380 1209 2450 γνώσεως
1232 2381 1324 2434 τοῦ
1349 2381 1506 2447 Θεοῦ,
1523 2381 1776 2445 ἐναντίως
1796 2381 1852 2434 δέ
1867 2399 1924 2434 τε

351 2468 688 2540 διακείμενοι
744 2473 856 2535 τοῖς
908 2472 1196 2542 ἐπαίρουσι
1248 2470 1345 2541 τὴν
1398 2471 1582 2542 φωνὴν
1638 2472 1813 2524 αὐτῶν
1849 2471 1926 2542 τῷ

350 2559 491 2632 Θεῷ.
529 2554 686 2614 Οὗτοι
722 2561 786 2633 δὴ
805 2557 896 2616 οὖν
930 2564 978 2616 oi
1011 2561 1241 2616 ἐναντίοι
1265 2561 1499 2633 ποταμοὶ
1518 2563 1746 2634 αἴρουσι,
1772 2563 1922 2633 φησὶ,

351 2649 452 2713 τὰς
498 2651 802 2721 ἐπιτρίψεις
847 2653 1048 2719 αὐτῶν,
1093 2651 1368 2705 τουτέστιν
1411 2652 1773 2723 άποθήσονται
1819 2653 1926 2704 πᾶν

351 2741 579 2814 ἔπαρμα
603 2744 697 2796 καὶ
724 2743 902 2798 πάντα
931 2744 1122 2813 τῦφον,
1157 2747 1250 2798 καὶ
1277 2746 1454 2798 πᾶσαν
1484 2742 1798 2813 ἐπιτριϐήν·
1833 2742 1927 2795 καὶ

341 2833 517 2887 ’τοῦτο
547 2837 865 2906 ποιήσουσιν
889 2834 998 2889 ἀπὸ
1027 2837 1123 2906 τῆς
1151 2836 1332 2906 φωνῆς
1356 2833 1466 2886 τῶν
1497 2832 1663 2900 ἁγίων
1695 2831 1921 2884 ὑδάτων.

353 2927 585 2996 Νοήσεις
617 2927 674 2980 δὲ
715 2927 773 2981 τὸ
814 2927 1098 2998 εἰρημένον
1139 2928 1456 2998 ἐπιστήσας,
1493 2925 1569 2988 ὡς
1614 2922 1775 2976 πάλαι
1826 2923 1925 2994 μέν

353 3019 413 3070 ἐν
453 3015 759 3089 ἀνθρώποις
816 3018 1073 3082 πολλάκις
1120 3013 1188 3088 ἦν
1232 3015 1529 3087 ἐπαγγελία
1593 3015 1781 3084 σοφίας
1830 3013 1924 3066 τοῦ

353 3108 550 3172 αίῶνος
576 3108 790 3174 τούτου,
819 3109 912 3162 καὶ
937 3108 1253 3179 φιλοσοφίας
1272 3107 1617 3180 ἀνθρωπίνης
1646 3105 1921 3176 ἐπιτριϐήο

2026 1923 2120 1977 bus
2157 1940 2413 1994 aquarum
2445 1923 2754 1977 multarum.
2799 1921 3076 1975 Mirabiles
3105 1923 3358 1977 elationes
3408 1926 3599 1990 maris,

2025 2017 2284 2071 mirabilis
2311 2018 2365 2070 in
2396 2014 2671 2070 altissimis
2726 2015 3003 2070 Dominus.
3064 2013 3121 2070 Si
3170 2015 3389 2071 ﬂumina
3445 2017 3603 2073 intel-

2025 2108 2273 2171 leximus,
2338 2123 2460 2178 qua:
2512 2123 2678 2178 super
2725 2107 2896 2178 gloria
2942 2109 3093 2179 regni
3148 2108 3360 2164 Domini
3408 2124 3599 2163 vocem

2026 2213 2182 2253 suam
2245 2197 2626 2264 elevaverunt;
2697 2197 3002 2251 econtrario
3052 2197 3427 2268 intelligantur
3489 2199 3599 2252 alia

2025 2287 2246 2341 ﬂumina
2280 2302 2399 2356 quae
2436 2285 2633 2342 ﬂuctus
2655 2287 2893 2341 excitant
2915 2294 2968 2342 et
3002 2287 3256 2342 attollunt
3285 2299 3475 2342 contra
3498 2301 3596 2344 co-

2026 2379 2321 2449 gnitionem
2355 2377 2470 2442 Dei,
2500 2388 2664 2448 atque
2704 2379 2771 2436 iis
2793 2380 3044 2452 opposita
3074 2396 3193 2450 qua:
3227 2394 3414 2436 vocem
3441 2395 3599 2436 suam

2027 2469 2138 2524 Deo
2165 2470 2397 2525 elevant.
2435 2469 2560 2524 Haec
2583 2471 2765 2541 itaque
2794 2458 3068 2527 contraria
3099 2471 3344 2537 ﬂumina,
3373 2470 3604 2528 ﬂuctus:

2027 2559 2224 2628 inquit,
2272 2573 2402 2614 suos
2454 2559 2689 2627 tollunt;
2722 2561 2775 2616 id
2806 2570 2890 2617 est
2919 2576 3134 2616 omnem
3166 2561 3479 2626 elationem,
3515 2571 3604 2616 tu-

2025 2665 2233 2704 morem
2281 2657 2335 2704 et
2390 2649 2694 2706 allisioncm
2748 2651 3066 2722 deponent:
3100 2651 3262 2722 idque
3315 2652 3519 2708 facient
3572 2668 3604 2707 a

2025 2755 2159 2795 voce
2191 2747 2504 2795 sanctarum
2540 2757 2825 2812 aquarum.
2859 2742 2972 2798 Hoc
3006 2760 3168 2815 porro
3207 2745 3412 2800 dictum
3439 2747 3604 2802 intel-

2026 2833 2186 2902 ligas,
2212 2833 2256 2887 si
2283 2833 2610 2904 perpendas,
2642 2835 2771 2889 olim
2810 2835 2953 2906 apud
2997 2836 3245 2893 homines
3285 2839 3606 2908 plerumque

2027 2925 2307 2981 exstitisse
2344 2929 2618 2996 specimen
2653 2928 2932 2998 sapientia:
2982 2929 3147 2998 hujus
3177 2931 3382 2992 saeculi,
3420 2941 3475 2985 et
3505 2931 3605 2984 hu-

2029 3031 2203 3070 manas
2230 3017 2587 3088 pllilOSOphia:
2620 3019 3013 3090 arrogantiam,
3037 3035 3143 3091 qua
3183 3019 3353 3075 inﬂati
3381 3021 3606 3080 extolle-

2026 3105 2248 3172 bantur,
2281 3117 2335 3163 et
2378 3122 2409 3162 a
2463 3117 2644 3164 mente
2670 3111 2854 3165 carnis
2887 3126 3000 3166 suae
3042 3111 3412 3182 erigebantur,
3445 3112 3604 3180 quasi

353 3200 440 3269 ἐφ’
459 3194 492 3274 ᾖ
509 3202 603 3253 καὶ
625 3201 890 3271 ἐπήροντο
905 3201 1096 3268 φυσιού
1104 3217 1253 3271 μενοι
1273 3201 1366 3254 καὶ
1395 3199 1798 3270 ὲπιτριϐόμενοι
1818 3199 1922 3252 ὑπὸ

2028 3212 2253 3268 magnas
2305 3208 2359 3254 et
2411 3199 2685 3270 sapientes
2734 3200 3054 3271 disciplinas
3085 3202 3296 3256 adirent
3333 3202 3604 3274 sapientes

350 3290 446 3344 τοῦ
470 3291 586 3354 νοὸς
601 3291 698 3362 τῆς
717 3291 914 3362 σαρκὸς
929 3291 1125 3344 αὐτῶνθ
1148 3291 1221 3354 ὠς
1243 3291 1306 3362 δὴ
1325 3292 1535 3362 μεγάλα
1550 3291 1668 3345 τινὰ
1684 3293 1775 3346 καὶ
1792 3291 1932 3360 σοφὰ

348 3381 654 3453 ,μαθήματα
687 3381 1072 3453 μετερχόμενοι
1102 3382 1151 3434 οἱ
1184 3383 1335 3451 σοφοὶ
1362 3382 1454 3434 τοῦ
1483 3382 1676 3446 αἰῶνος
1717 3381 1926 3436 τούτου.

355 3471 485 3525 Ὅτε
512 3489 576 3540 γε
610 3472 716 3542 μὴν
750 3471 828 3535 εἰς
861 3473 1040 3524 πᾶσαν
1081 3473 1180 3543 τὴν
1214 3473 1317 3543 γῆν
1346 3473 1472 3542 παρ’
1497 3471 1720 3542 Ἕλλησί
1747 3488 1806 3524 τε
1837 3471 1932 3525 καὶ

353 3562 506 3634 παρὰ
528 3561 823 3633 βαρϐάροις
847 3562 1276 3632 ἐκκλησίαιΘεοῦ
1310 3563 1660 3634 συνέστησαν,
1687 3562 1784 3632 τήν
1800 3562 1930 3634 άλη-

351 3653 422 3726 θῆ
452 3654 640 3724 σοφίαν
672 3652 970 3724 μετιοῦσαι,
987 3653 1196 3718 καὶτὰς
1225 3654 1535 3725 πρεπούσας
1559 3654 1636 3724 τῷ
1649 3653 1765 3723 Θεῷ
1791 3651 1932 3719 δοξο-

347 3746 538 3816 λογίας
553 3764 611 3799 τε
626 3749 719 3800 καὶ
736 3745 1056 3816 ὑμνολογίας
1073 3747 1380 3816 ποταμηδὸν
1393 3747 1485 3798 καὶ
1506 3746 1642 3816 μετὰ
1685 3745 1930 3816 μείζονος

353 3841 448 3894 καὶ
468 3857 533 3894 πε
542 3842 652 3911 παῤ
659 3843 724 3910 ρη
733 3838 1028 3910 σιασμένης
1045 3838 1171 3909 βοῆς
1185 3838 1622 3908 ἁναπέμπουσαι,
1639 3837 1930 3908 καιῶσπερ

352 3928 563 3983 ὑδάτων
593 3927 800 3981 πολλῶν
849 3927 1032 3999 φωνὴν
1073 3926 1163 3980 διὰ
1187 3926 1248 3979 τὸ
1286 3925 1490 3996 πλῆθος
1535 3925 1928 3979 θεοσεϐούντων

353 4019 616 4090 ἀφιεῖσαι,
647 4019 707 4072 τὸ
727 4016 1025 4089 τηνικαῦτα
1050 4016 1328 4089 καθῃρέθη
1361 4017 1390 4069 6
1419 4015 1585 4084 τῦφος
1626 4015 1735 4068 τῶν
1761 4015 1927 4068 πάλαι

357 4113 722 4185 νομιζομένων
749 4110 947 4181 σοφῶν,
975 4111 1069 4165 καὶ
1098 4111 1248 4164 πᾶσα
1276 4106 1453 4162 αὐτῶν
1488 4106 1742 4178 ἐπιτριϐὴ
1772 4123 1928 4159 τετα-

357 4205 638 4268 πείνωται,
684 4203 785 4273 τῆς
828 4203 1019 4272 σοφίας
1049 4199 1228 4254 αὐτῶν
1268 4200 1349 4263 είς
1378 4199 1530 4252 οὐδὲν
1563 4197 1923 4270 λογισθείσης.

353 4297 420 4349 El.
445 4295 502 4349 δέ
530 4312 615 4359 τις
649 4295 870 4348 πώποτε
897 4293 1176 4364 ἐθαύμασε
1215 4289 1310 4345 καὶ
1349 4290 1450 4361 τῆς
1501 4289 1774 4360 θαλάσσης
1801 4290 1928 4354 τοὺς

359 4386 786 4459 μετεωρισμοὺς,
809 4387 904 4439 τοῦ
936 4385 1051 4456 βίου
1082 4381 1279 4456 δηλαδὴ
1319 4381 1412 4436 τοῦ
1447 4381 1642 4453 θνητοῦ
1680 4381 1778 4445 τὰς
1808 4399 1926 4451 τρι-

359 4478 560 4549 ⁴ιιυμίας
587 4477 681 4529 καὶ
711 4475 836 4538 τοὺς
865 4473 1140 4537 κλύδωνας
1179 4473 1306 4536 τοὺς
1349 4471 1746 4542 ἐπαιρομένους
1788 4469 1930 4524 κατὰ

2033 3287 2196 3357 hujus
2229 3291 2436 3345 szeculi.
2467 3291 2537 3344 At
2568 3291 2786 3360 quando
2814 3307 2910 3362 per
2933 3292 3119 3348 orbem
3145 3293 3286 3364 apud
3319 3291 3536 3349 Graecos
3553 3303 3608 3350 et

2031 3379 2294 3436 barbaros
2323 3382 2570 3437 ecclesiae
2603 3381 2696 3437 Dei
2728 3384 3040 3438 constituta:
3084 3391 3231 3447 sunt,
3263 3399 3384 3454 quae
3423 3400 3604 3445 veram

2031 3471 2355 3541 sapientiam
2383 3473 2614 3538 adirent,
2641 3488 2706 3529 ac
2738 3473 2848 3529 Deo
2873 3475 3124 3530 decentes
3154 3474 3342 3530 laudes
3373 3483 3426 3530 et
3449 3476 3608 3546 hym-

2031 3576 2133 3616 nos
2183 3561 2333 3616 ﬂuxu
2376 3563 2610 3633 quodam
2643 3578 2707 3618 ac
2757 3578 2880 3618 cum
2936 3564 3141 3636 majore
3181 3573 3234 3619 et
3263 3564 3460 3619 ﬁducia
3491 3566 3605 3635 ple-

2029 3652 2187 3706 niore
2218 3667 2352 3707 voce
2375 3653 2707 3719 emitterent,
2735 3661 2809 3720 et,
2840 3653 2910 3707 ob
2938 3654 3338 3709 multitudinem
3378 3655 3606 3725 religio-

2030 3759 2217 3798 sorum
2262 3743 2565 3809 hominum,
2600 3745 2758 3813 quasi
2798 3758 3063 3814 aquarum
3094 3746 3388 3799 multarum
3417 3761 3608 3800 vocem

2029 3835 2284 3901 ederent;
2320 3843 2453 3891 tunc
2482 3836 2734 3892 sublatus
2763 3844 3061 3892 esteorum
3099 3839 3194 3908 qui
3233 3838 3360 3892 olim
3390 3839 3610 3909 sapien-

2027 3933 2112 3980 tes
2154 3926 2570 3981 aestimabantur
2625 3935 2830 3992 tumor,
2875 3930 3165 3999 omnisque
3201 3929 3418 3984 illorum
3447 3943 3608 3984 arro-

2028 4017 2213 4087 gantia
2241 4017 2502 4087 depressa
2527 4027 2630 4084 est,
2663 4018 2810 4089 quod
2839 4019 3105 4090 sapientia
3154 4035 3342 4075 eorum
3378 4035 3478 4089 pro
3520 4019 3609 4073 ni-

2025 4109 2140 4163 hilo
2192 4109 2502 4165 haberetur.
2549 4108 2708 4176 Quod
2759 4111 2804 4167 si
2863 4111 2987 4181 quis
3041 4125 3282 4181 unquam
3332 4112 3602 4170 elationes

2027 4200 2197 4256 maris
2249 4199 2552 4256 admiratus
2609 4201 2702 4266 sit,
2739 4201 2993 4257 videlicet
3038 4202 3286 4258 mortalis
3321 4203 3449 4258 vita
3475 4219 3608 4274 pro-

2027 4292 2195 4347 cellas
2245 4300 2300 4347 et
2341 4291 2558 4359 ﬂuctus,
2598 4293 2692 4362 qui
2714 4301 2905 4348 contra
2927 4292 3019 4348 Dei
3041 4294 3407 4364 cognitionem
3430 4295 3607 4364 erige-

2027 4381 2262 4449 bantur;
2302 4382 2440 4439 sciat
2470 4382 2561 4437 ille
2595 4399 2707 4453 pra:
2749 4383 3006 4438 omnibus
3036 4383 3340 4438 mirabilem
3368 4384 3422 4438 in
3451 4385 3606 4440 altis-

2029 4465 2184 4530 simis
2213 4489 2335 4529 esse
2383 4472 2707 4543 Dominum;
2742 4477 2816 4530 ita
2843 4486 2903 4529 ut
2929 4475 2964 4530 ii
2998 4476 3093 4546 qui
3124 4476 3180 4529 in
3211 4475 3442 4531 Domino
3471 4492 3604 4532 con-

354 4569 458 4638 τῆς
489 4565 742 4636 γνώσεως
773 4565 867 4619 τοῦ
898 4564 1053 4618 Θεοῦ’
1089 4564 1203 4618 ἀλλ’
1236 4563 1394 4628 ῐστω,
1436 4563 1516 4616 ὅτι
1550 4562 1689 4634 ὑπὲρ
1720 4561 1926 4624 πάντας

2035 4565 2227 4629 ﬁdunt,
2259 4579 2368 4619 non
2397 4565 2541 4618 ultra
2578 4565 2843 4621 elationes
2873 4567 3040 4621 maris
3064 4567 3189 4635 jure
3219 4567 3606 4636 pertimescere

359 4659 671 4732 θαυμαστός
698 4659 846 4711 ἐστιν
883 4657 941 4710 ἐν
972 4656 1195 4727 ὑψηλοῖς
1222 4657 1250 4709 6
1280 4654 1595 4726 Κύριος·ὡς
1624 4653 1814 4726 μηκέτ’
1841 4653 1930 4705 εὑ-

359 4756 529 4824 Αόγως
569 4754 695 4815 τοὺς
745 4750 1154 4824 μετεωρισμοὺς
1194 4747 1295 4818 τῆς
1330 4747 1603 4818 θαλάσσης
1651 4745 1928 4814 φοϐεῖσθαι

357 4847 466 4900 δεῖν
492 4847 618 4908 τοὺς
644 4844 736 4897 ἐπὶ
767 4842 844 4914 τῷ
867 4841 1058 4913 Κυρίῳ
1088 4839 1433 4903 πεποιθότας.
1460 4839 1620 4902 Εἰκὸς
1649 4838 1705 4891 δέ
1733 4836 1931 4890 θαλάσ-

358 4954 458 5008 σης
486 4935 624 4990 εἶναι
657 4934 1060 5007 μετεωρισμοὺς
1079 4932 1205 4995 τοὺς
1228 4931 1692 5002 ἐπανισταμένους
1724 4933 1790 4999 τῇ
1819 4929 1933 4980 Ἐκ-

358 5029 560 5100 κλησίᾳ
616 5027 710 5080 τοῦ
758 5025 892 5078 Θεοῦ
943 5023 1255 5095 διωγμούς’
1307 5021 1400 5085 οὓς
1446 5025 1474 5076 6
1515 5022 1613 5094 τήν
1659 5021 1930 5075 θάλασσαν

359 5118 629 5174 κατοικῶν
659 5117 873 5189 δράκων
901 5118 1141 5187 ἐνεργεῖν
1172 5113 1378 5177 εἴωθεν,
1411 5117 1439 5166 6
1468 5112 1809 5184 μετεωρίζων
1835 5114 1931 5167 κύ-

361 5228 508 5283 ματα
529 5211 716 5280 αὐτῆς,
747 5206 963 5279 βομϐῶν
992 5224 1052 5260 τε
1075 5205 1168 5260 καὶ⁹
1194 5204 1340 5275 ἠχῶν
1368 5204 1464 5257 καὶ
1500 5205 1804 5275 ταράττων,
1837 5204 1931 5257 καὶ

359 5302 644 5375 μονονουχὶ
667 5299 904 5354 ἀπειλῶν
935 5301 1114 5353 πᾶσαν
1142 5297 1310 5370 ἄρδην
1344 5296 1701 5350 κατακλύσειν
1735 5315 1794 5350 τε
1835 5297 1931 5352 καὶ

358 5393 640 5463 ἀφανίσειν
660 5391 758 5463 τὴν
790 5390 1113 5461 Ἐκκλησίαν
1139 5390 1233 5443 τοῦ
1263 5389 1419 5442 Θεοῦ.
1453 5391 1638 5453 Εῐποις
1666 5389 1708 5442 δ’
1739 5389 1804 5442 ἂν
1837 5390 1931 5442 καὶ

364 5486 532 5549 ίλλως
545 5484 684 5556 πρὸς
696 5482 839 5548 λέξιν
853 5483 1026 5536 ταῦτα
1039 5481 1226 5554 διηγού
1236 5499 1414 5552 μενος,
1429 5481 1676 5553 ἐπαίρειν
1693 5481 1819 5544 τοὺς
1835 5500 1930 5535 πο-

365 5579 531 5648 εαμοὺ
540 5594 588 5642 ς,
609 5576 806 5639 αὐτοὺς
823 5575 886 5647 δὴ
901 5575 1121 5638 τούτους
1137 5575 1263 5637 τοὺς
1279 5574 1588 5644 αἰσθητοὺς,
1620 5573 1717 5644 τὴν
1747 5572 1929 5643 φωνὴν

365 5666 536 5720 ιύτῶν
566 5665 641 5736 τῷ
667 5666 804 5737 Θεῷ,
845 5667 938 5720 τοῦ
967 5663 1414 5738 δημιουργοῦτοῦ
1431 5664 1494 5736 δὴ
1522 5665 1615 5718 καὶ
1648 5665 1928 5728 κτίσαντος

432 5824 476 5856 ³⁸
515 5794 672 5880 Joan.
708 5841 804 5888 vn,
853 5827 942 5881 58.

2030 4655 2283 4710 debeant.
2324 4653 2634 4710 Verisimile
2678 4664 2858 4711 autem
2888 4665 2972 4711 est
3000 4656 3265 4710 elationes
3293 4656 3462 4710 maris
3483 4670 3608 4711 esse

2030 4743 2440 4814 persecutiones
2493 4746 2548 4798 in
2582 4743 2884 4799 Ecclesiam
2930 4743 3026 4798 Dei
3070 4723 3438 4815 insurgentes,
3465 4759 3607 4813 quas

2029 4834 2269 4888 excitare
2301 4835 2438 4890 solet
2468 4835 2634 4889 draco
2665 4835 2754 4888 ille
2806 4836 2860 4887 in
2895 4833 3034 4888 mari
3074 4835 3350 4898 habitans,
3382 4835 3474 4904 qui
3503 4832 3607 4889 ﬂu-

2029 4933 2153 4980 ctus
2185 4926 2305 4996 ejus
2356 4927 2410 4980 in
2440 4927 2672 4982 sublime
2704 4928 2865 4991 tollit,
2916 4927 3065 4991 boat,
3111 4934 3269 4981 sonat
3294 4936 3350 4982 et
3384 4933 3607 4981 contur-

2031 5017 2144 5084 bat,
2193 5028 2402 5074 tantum
2457 5036 2566 5074 non
2619 5020 2982 5074 interminans
3032 5034 3091 5074 se
3147 5018 3450 5073 Eeclesiam
3506 5017 3604 5072 Dei

2031 5108 2423 5163 inundaturum
2480 5124 2546 5164 ac
2610 5108 2857 5164 funditus
2911 5097 3219 5163 deleturum
3277 5122 3420 5162 esse.
3480 5106 3604 5161 Alio

2029 5201 2158 5255 item
2210 5199 2371 5254 modo
2405 5199 2518 5254 hazc
2549 5201 2615 5254 ad
2649 5199 2886 5254 litteram
2942 5212 3210 5253 enarrans
3266 5197 3471 5251 dixeris
3509 5196 3604 5249 ﬂu-

2030 5294 2178 5347 mina
2209 5293 2323 5347 hazc
2357 5292 2636 5348 sensibilia
2665 5293 2879 5347 elevare
2911 5305 3096 5345 vocem
3137 5303 3290 5345 suam
3322 5285 3452 5349 Deo,
3480 5287 3602 5354 opi-

2032 5385 2116 5440 ﬁci
2147 5401 2358 5454 nempe,
2385 5385 2476 5454 qui
2507 5398 2565 5439 se
2586 5383 2789 5438 creavit
2815 5392 2870 5437 et
2901 5382 3166 5438 exsistere
3203 5379 3350 5443 fecit,
3372 5375 3603 5446 gloriam

2029 5475 2337 5531 eﬂerentes.
2364 5473 2834 5540 Quemadmodum
2865 5472 3009 5527 enim
3034 5486 3102 5524 ex
3133 5465 3507 5538 magnitudine
3546 5471 3604 5518 et

2029 5568 2434 5638 pulchritudine
2485 5575 2859 5622 creaturarum
2898 5563 3079 5635 opifex
3122 5559 3492 5631 conspicitur;
3521 5555 3604 5611 sic

2029 5677 2095 5717 ex
2145 5661 2392 5732 partibus
2420 5661 2627 5729 mundi,
2663 5660 2987 5717 miraculum
3033 5655 3216 5729 magni
3264 5653 3360 5711 Dei
3400 5647 3604 5722 opiﬁcii
