2037 3190
232 178 299 206 “9|

570 175 702 203 EUSEBII
718 174 959 204 CESARIENSIS
975 174 1050 202 OPP.
1071 174 1162 202 PARS
1179 174 1223 201 Ill.
1240 188 1275 193 ——
1294 172 1499 201 EXEGETICA.

1787 170 1858 198 “19?.

234 237 279 269 iis,
298 236 345 271 qui
360 235 470 263 videndi
492 234 622 262 facultate
644 234 749 270 praediti
764 238 838 266 sunt,
856 234 1020 261 declaratur.

1081 234 1172 266 ιὺτοῦς
1190 234 1238 261 καὶ
1260 232 1483 268 ὑποστησαμένου
1497 231 1547 267 τὴν
1567 229 1646 263 δόξαν
1662 228 1855 265 ἐμφαίνοντας.

232 282 263 310 Si
278 282 340 317 quis
356 283 429 309 enim
445 289 538 309 secum
564 285 681 316 reputet.
701 281 773 308 unde
793 281 855 309 talis
878 280 1020 307 ﬂuminum

234 329 323 356 ﬂuxus
349 327 462 358 feratur,
479 327 551 355 unde
579 330 655 354 tanta
672 326 790 354 humida:
808 326 967 354 substantia:
981 325 1022 353 vis

233 379 261 402 et
272 374 361 409 copia,
371 374 443 401 unde
466 373 555 401 fontes
569 373 607 400 illi
618 373 665 408 qui
676 381 690 400 a
702 373 804 400 amento
823 379 962 407 nunquam
979 371 1023 399 de-

233 420 371 452 fecerunt,
391 419 437 454 qui
459 419 589 454 perennia
606 424 633 446 et
649 418 818 453 amplissima
835 416 949 444 ﬁumina
965 423 1023 444 sca-

233 467 352 499 turiunt,
367 474 400 494 ex
418 465 520 501 quibus
543 465 652 501 abyssis
673 464 808 495 oriantur,
837 471 870 491 ex
887 470 940 498 qua
957 462 1024 490 sub-

235 512 343 539 stantia:
360 512 439 547 copia
455 520 502 546 per
533 519 613 538 omne
635 511 765 537 smculnm
790 510 890 542 ﬂuant;
911 509 932 537 si
949 509 1022 543 quis,

237 560 359 594 inquam,
379 559 436 585 lucc
456 557 621 588 consideret,
639 557 662 583 is
680 564 746 583 Sane
768 555 870 583 videbit
887 555 945 582 haec
963 559 1024 581 tan-

237 610 294 632 tum
320 613 375 632 non
391 611 487 631 vocem
509 603 643 634 emittere,
665 610 736 636 quae,
760 609 807 636 per
823 601 880 636 ipsa
899 600 1022 632 ﬁumina,

237 652 370 679 ereatoris
394 655 421 678 ct
441 651 549 685 opiﬁcis
576 649 767 676 universorum
793 647 1023 682 magniﬁcentiam

236 699 366 731 declaret,
390 701 417 725 et
442 697 501 732 ejus
523 696 652 723 deitatem
680 695 853 722 testiﬁcetur.
877 692 922 720 Sic
943 699 1024 728 porro

237 746 370 772 elationes
390 744 475 771 maris
501 741 680 769 considerans
703 739 849 775 quispiam,
867 746 921 774 quo
945 743 1025 773 pacto

238 792 343 819 scilicet
367 790 465 817 ﬂuctus
489 789 548 823 ejus
574 788 671 815 tumidi
689 787 717 814 in
739 785 856 814 sublime
876 785 1024 820 erigantur,

239 844 326 871 usque
342 843 452 862 rursum
468 834 625 864 decidentes
642 833 671 859 in
687 831 785 866 seipsis
802 829 974 865 frangantur,
998 831 1025 854 et

238 882 376 918 quomodo
394 889 443 908 nec
458 881 565 915 possint
580 887 630 906 nec
649 878 768 905 audeant
780 876 927 903 terminum
943 878 970 902 et
987 874 1026 901 le-

1078 280 1123 312 Ὠς
1141 280 1196 315 γὰρ
1210 280 1242 306 ὲκ
1256 278 1387 315 μεγέθους
1400 278 1447 305 καὶ
1464 276 1594 312 καλλονῆς
1616 275 1771 311 κτισμάτων
1785 276 1799 301 ό
1809 283 1857 309 γε-

1072 324 1228 360 νεσιουργδς
1236 323 1387 359 θεωρεῖται,
1395 322 1440 349 τὸν
1454 322 1535 349 αὑτὸν
1547 322 1647 356 τρόπον
1658 321 1689 347 ὲκ
1701 320 1755 347 τῶν
1767 319 1858 356 μερῶν

1074 370 1123 397 τοῦ
1141 370 1243 405 κόσμου
1266 370 1297 396 τὸ
1316 369 1408 405 θαῦμα
1428 368 1477 404 τῆς
1499 367 1546 394 τοῦ
1572 366 1639 394 Θεοῦ
1658 366 1859 402 μεγαλουργίας

1072 417 1129 449 τοῖς
1146 417 1212 452 ὁρᾷν
1232 415 1392 451 δυναμένοις
1415 414 1588 450 παρίσταται.
1603 413 1635 440 Εἰ
1649 412 1714 448 γοῦν
1729 420 1771 443 τις
1791 413 1858 448 παρ’

1073 462 1162 498 ἐαυτῷ
1171 462 1317 497 λογίσαιτο,
1328 461 1409 488 πόθεν
1420 461 1474 496 ἄρα
1483 460 1594 495 φέρεται
1601 460 1618 495 ἡ
1626 458 1743 493 τοσαύτη
1749 458 1802 484 τῶν
1811 466 1860 485 που

1073 510 1168 545 ταμῶν
1181 508 1261 545 φορὰ,
1273 508 1353 534 πόθεν
1367 507 1402 534 τὰ
1414 507 1531 533 τοσαῦτα
1545 505 1646 541 μεγέθη
1660 505 1706 531 καὶ
1722 504 1756 531 τὰ
1768 504 1859 541 πλήθη

1073 556 1123 590 τῆς
1134 556 1219 591 ὑγρᾶς
1228 554 1331 585 οὐσίας,
1343 554 1424 580 πόθεν
1436 554 1464 579 αἱ
1473 552 1540 588 μηδὲ
1551 552 1655 578 πώποτε
1666 550 1695 584 ἐξ
1703 550 1798 583 αἰῶνος
1805 551 1863 578 διαι-

1074 601 1199 635 λείψασαι
1218 601 1316 635 πηγαὶ,
1333 600 1360 626 αἱ
1375 599 1438 630 τοὺς
1457 598 1585 629 ἀεννάους
1601 598 1648 624 καὶ
1670 596 1862 632 παμμεγέθεις

1076 646 1204 682 βρύουσαι
1227 646 1380 682 ποταμούς·
1400 645 1454 671 ἀπὸ
1476 644 1559 671 ποίων
1574 642 1628 679 ἆρα
1649 643 1735 678 βυθῶν
1751 642 1860 679 ὁρμῶν-

1075 703 1129 726 ται,
1148 694 1194 720 καὶ
1207 695 1238 720 ὲκ
1251 694 1330 724 ποίας
1344 692 1517 722 ὑποστάσεως
1530 690 1575 717 τὸν
1593 690 1737 725 σύμπαντα
1753 689 1864 726 ῥέουσιν

1076 741 1176 769 αίῶνα·
1199 742 1225 767 εἰ
1246 749 1287 772 τις
1310 739 1395 766 ταῦτα
1419 738 1581 773 ἐννοήσειεν,
1607 737 1701 771 ὄψεται
1717 736 1754 768 ὡς
1781 744 1863 771 μονο-

1075 790 1149 825 νουχὶ
1166 789 1257 823 φωνὴν
1273 787 1379 822 ἀφίησι,
1401 786 1448 812 καὶ
1494 785 1537 811 διὰ
1550 783 1604 810 τῶν
1620 782 1748 818 ποταμῶν
1771 781 1863 808 αὐτῶν

1075 835 1107 870 δὴ
1121 834 1222 860 τούτων
1244 830 1432 868 παρισταμένη
1449 829 1496 856 τοῦ
1513 829 1620 856 κτίστου
1637 827 1683 853 καὶ
1696 825 1862 861 δημιουργοῦ

1076 878 1128 906 τῶν
1153 879 1220 905 ὅλων
1244 876 1438 912 μεγαλουργία,
1456 873 1631 910 μαρτυροῦσα
1649 874 1682 908 τῇ
1705 871 1788 898 αὑτοῦ
1804 870 1864 897 θεό-

239 917 299 963 έειι]
315 927 367 954 sibi
383 926 522 954 deﬁnitam
535 923 724 960 prmtergredi;
741 922 805 949 hinc
821 928 887 950 sane
901 920 948 947 Dei
965 927 1023 946 ma-

1081 934 1143 961 τητι.
1159 924 1236 951 Οὕτω
1257 924 1285 949 δὲ
1300 923 1346 949 καὶ
1362 922 1424 954 τοὺς
1441 919 1645 957 μετεωρισμους
1660 919 1710 952 τῆς
1726 918 1865 952 θαλάσσης

243 975 407 1011 gniﬁcentia:
423 973 477 1000 vim
494 971 687 1007 deprehendet.
706 969 771 996 Nam
793 968 832 995 illi
855 967 948 999 edixit,
971 966 1026 993 llu-

239 1027 343 1054 cusque
358 1018 463 1050 venies,
488 1021 515 1043 ct
537 1017 564 1043 in
579 1020 606 1042 te
629 1018 807 1043 conterentur
830 1012 929 1039 ﬂuctus
945 1012 1025 1044 tui",

239 1065 442 1098 terminumque
458 1063 510 1098 ipsi
531 1062 634 1097 posuit,
653 1068 733 1096 quem
752 1066 806 1086 non
821 1057 1027 1093 praetergredie-

239 1116 295 1142 tur,
322 1118 410 1144 neque
432 1112 609 1135 convertetur
630 1106 662 1133 ad
684 1104 860 1140 operiendam
884 1102 983 1130 terram
992 1103 1025 1130 δ’.

240 1157 341 1184 Practer
361 1164 393 1183 ea
407 1163 472 1182 vero
497 1158 556 1189 quin
583 1160 665 1188 supra
687 1150 909 1182 memoravimus,
929 1148 1028 1176 dixerit

239 1203 387 1239 quispiam,
416 1207 480 1228 tunc
508 1199 648 1226 mirabiles
674 1197 760 1225 fuisse
787 1195 919 1223 elationes
944 1194 1028 1221 maris

240 1257 303 1277 cum
318 1248 478 1275 accedentes
489 1245 616 1281 discipuli
631 1244 759 1271 dixerunt
769 1242 806 1272 ei.
816 1241 938 1273 Domine,
954 1241 1029 1267 salva

240 1304 300 1327 nos,
312 1295 426 1328 perimus
439 1292 460 1308 “
475 1300 482 1318 :
498 1290 608 1327 quando
625 1288 769 1324 imperavit
783 1287 845 1323 ipsi,
864 1291 891 1314 et
902 1286 973 1313 facta
987 1290 1029 1313 est

241 1341 427 1376 tranquillitas
447 1345 555 1373 magna.
582 1335 615 1362 Et
631 1335 698 1362 alias
721 1335 820 1361 iterum
843 1340 905 1359 cum
922 1331 1029 1359 Domini

234 1387 318 1422 jussu
340 1386 457 1413 divisum
482 1384 511 1411 in
542 1389 625 1416 seque
649 1382 708 1416 ipso
725 1379 856 1407 secedens
878 1385 909 1404 ac
930 1377 1031 1405 distra-

243 1440 328 1466 ctum,
352 1432 497 1460 transitum
522 1429 638 1465 pl'zebuit
661 1428 724 1455 ﬁliis
739 1426 838 1458 Israel,
851 1429 881 1452 ut
900 1432 949 1461 per
963 1423 1031 1451 illud

241 1483 320 1517 quasi
344 1489 393 1516 per
409 1480 516 1507 aridam
539 1482 641 1505 terram
658 1476 830 1512 praeterirent
846 1484 853 1501 :
869 1478 936 1501 tunc
957 1472 1030 1500 enim

241 1529 383 1556 mirabiles
397 1527 509 1554 fuerunt
522 1524 655 1552 elationes
671 1523 741 1558 ejus.
759 1522 816 1549 Imo
826 1521 906 1548 etiam
919 1519 1032 1546 ﬂumina

241 1575 296 1600 alio
308 1572 389 1600 modo
406 1577 502 1598 vocem
518 1570 703 1599 elevarerunt,
718 1566 829 1603 quando
841 1573 905 1592 arca
918 1572 966 1600 per
974 1563 1033 1590 Jor-

1076 970 1146 1006 όρῶν
1159 978 1211 1001 τις,
1233 969 1271 1000 ὡς
1291 968 1433 1002 ἐπαίρεται
1455 965 1625 1001 κυρτούμενα
1641 965 1725 999 αὐτῆς
1740 964 1779 994 είς
1796 963 1865 998 ὕψος

1076 1017 1109 1042 τὰ
1126 1015 1245 1051 κύματα,
1259 1015 1305 1040 καὶ
1318 1014 1356 1046 ὼς
1370 1013 1450 1040 πάλιν
1462 1013 1548 1039 ταῦτα
1564 1011 1752 1047 συμπίπτοντα
1770 1010 1800 1036 ὲν
1813 1009 1865 1035 αὐ-

1077 1063 1131 1093 τοῖς
1149 1060 1295 1096 θραύεται,
1321 1059 1368 1086 καὶ
1396 1059 1434 1090 ὡς
1450 1059 1481 1085 οὐ
1505 1058 1614 1085 δύναται
1633 1057 1692 1083 οὐδὲ
1709 1056 1797 1091 τολμᾷ
1818 1054 1866 1082 τὸν

1076 1108 1138 1144 ὅρον
1157 1107 1204 1133 καὶ
1225 1107 1271 1132 τὸν
1297 1106 1378 1141 νόμον
1400 1104 1548 1140 ὑπερϐῆναι
1569 1104 1614 1130 τὸν
1631 1103 1721 1133 αὐτοῖς
1742 1102 1867 1128 διατεταρ-

1078 1153 1188 1188 γμένον,
1202 1152 1295 1186 ὄψεται
1313 1151 1361 1177 καὶ
1373 1151 1417 1177 διὰ
1429 1150 1587 1185 τούτωνζτῆς
1606 1149 1652 1176 τοῦ
1663 1148 1730 1175 Θεοῦ
1748 1147 1865 1183 μεγαλο-

1079 1199 1211 1235 πρεπείας
1220 1198 1268 1233 τὴν
1283 1197 1405 1232 δύναμιν.
1421 1195 1488 1223 Eine
1499 1195 1564 1230 γοῦν
1577 1195 1656 1231 αὐτῇ,
1671 1195 1759 1230 Μέχρι
1770 1194 1866 1221 τούτου

1079 1244 1186 1279 ὲλεύσῃ,
1211 1244 1258 1270 καὶ
1275 1244 1303 1269 έν
1321 1243 1362 1268 σοὶ
1380 1241 1605 1277 συντριϐήσονταί
1626 1249 1672 1267 σου
1694 1240 1729 1267 τὰ
1745 1240 1865 1275 κύματα,

1079 1291 1126 1317 καὶ
1149 1291 1221 1325 ὃριον
1245 1289 1313 1324 αὐτῇ
1339 1288 1425 1319 ἔθετο,
1452 1288 1498 1314 καὶ
1516 1287 1565 1322 οὐχ
1591 1286 1785 1321 ὑπερϐήσεται,
1806 1285 1867 1312 οὐδὲ

1081 1336 1238 1372 ἐπιστρέψει
1257 1335 1431 1370 καλῦψαιτὴν
1452 1334 1514 1369 γῆν.
1536 1333 1590 1360 Καὶ
1601 1332 1737 1368 ὲτέρωςδὲ
1751 1331 1868 1368 παρὰτὰ

1080 1383 1213 1419 εἰρημένα
1230 1381 1301 1408 εἴποι
1315 1381 1347 1408 ἄν
1357 1390 1399 1413 τις
1413 1380 1587 1415 θαυμαστοὺς
1603 1377 1745 1410 εἶναιτοὺς
1766 1386 1869 1414 μετεω-

1081 1430 1196 1466 ρισμοὺς
1202 1429 1251 1465 τῆς
1262 1428 1408 1463 θαλάσσης,
1421 1426 1539 1462 ὁπηνίκα
1549 1425 1773 1461 προσελθόντεςοί
1783 1424 1871 1459 μαθη-

1081 1476 1126 1502 ταὶ
1136 1473 1215 1501 εἶπαν
1229 1474 1312 1510 αὐτῷ,
1323 1474 1423 1507 Κύριε,
1439 1472 1544 1499 σῶσον
1558 1470 1647 1505 ἡμᾶς,
1657 1471 1851 1505 ἀπολλύμεθα
1860 1477 1868 1484 ·

1081 1521 1126 1547 ὅτε
1137 1520 1184 1547 καὶ
1192 1519 1356 1555 ἐπετίμησεν
1366 1519 1446 1553 αὐτῇ,
1457 1517 1505 1544 καὶ
1528 1516 1624 1550 γέγονε
1634 1516 1737 1551 γαλήνη
1755 1513 1869 1550 μεγάλη.

1083 1566 1139 1592 Καὶ
1163 1565 1255 1592 ἄλλοτε
1276 1564 1366 1595 πάλιν,
1392 1564 1436 1590 ὅτε
1458 1563 1497 1598 τῷ
1517 1561 1565 1589 τοῦ
1585 1561 1688 1597 Κυρίου
1705 1559 1872 1595 κελεύσματι

238 1620 342 1647 danem
360 1621 532 1648 transeunte,
550 1614 715 1643 secedebant
727 1596 807 1648 aquae
820 1615 847 1639 et
865 1611 985 1642 stabant,
1001 1617 1030 1637 re

1082 1611 1257 1647 διαιρεθεῖσα,
1280 1611 1326 1638 καὶ
1340 1611 1380 1641 είς
1396 1596 1494 1644 ἑαυτὴν
1510 1608 1641 1635 διαστᾶσα
1660 1607 1708 1633 καὶ
1726 1605 1872 1640 ἀναχωρήο

238 1665 302 1700 ipsa
317 1662 430 1698 gloriam
449 1661 496 1689 Dei
518 1661 677 1691 clamantes,
708 1663 735 1686 et
759 1657 869 1693 quando
890 1656 950 1691 ipso
967 1656 1031 1683 Ser-

241 1714 338 1737 vatorc
355 1709 383 1735 in
408 1707 503 1735 eodem
525 1705 637 1733 ﬁumiue
659 1703 810 1738 baptizato,
836 1701 957 1729 caelestis
978 1709 1031 1728 vox

243 1758 333 1792 ipsum
353 1753 452 1782 Filium
468 1760 530 1780 esse
539 1751 667 1778 dilectum
685 1749 719 1776 ad
732 1749 947 1796 omniumaures
960 1754 1031 1781 prae-

243 1803 358 1830 dit-aret.

1086 1665 1171 1688 σασα,
1192 1655 1312 1691 παρέσχε
1328 1654 1412 1681 δίοδον
1427 1655 1482 1685 τοῖς
1499 1654 1566 1684 υίοῖς
1582 1651 1690 1687 Ἰσραὴλ
1710 1650 1824 1677 διελθεῖν
1838 1650 1873 1676 δι’

1085 1702 1170 1737 αὐτῆς
1185 1702 1223 1733 ὡς
1247 1702 1290 1728 διὰ
1307 1701 1391 1736 ξηρᾶς
1413 1700 1474 1734 γῆς.
1493 1699 1546 1725 Καὶ
1568 1698 1628 1724 τότε
1643 1696 1696 1731 γὰρ
1723 1694 1876 1730 θαυμαστοὶ

1086 1747 1230 1782 γεγόνασιν
1246 1747 1329 1782 αὐτῆς
1346 1746 1371 1772 οἱ
1390 1743 1581 1781 μετεωρισμοί.
1604 1743 1641 1769 Οὐ
1670 1742 1721 1777 μὴν
1738 1740 1806 1767 ἀλλά
1826 1745 1876 1767 και

1084 1794 1109 1820 οἱ
1134 1793 1251 1828 ποταμοὶ
1274 1792 1381 1827 ἐπῆραν
1403 1791 1494 1826 φωνὴν
1515 1790 1630 1825 ἑτέρως,
1652 1789 1696 1815 ὅτε
1717 1789 1734 1822 ἡ
1759 1785 1876 1816 κιϐωτὸς

243 1847 313 1883 διῄει
339 1847 384 1873 τὸν
418 1845 564 1880 Ἰορδάνην,
600 1842 769 1877 ὐπανεχὼρει
795 1849 824 1867 τε
845 1841 890 1866 καὶ
915 1840 1006 1866 ἵστατο
1028 1839 1061 1865 τὰ
1081 1839 1164 1865 ὕδατα
1188 1839 1279 1874 ἔργοις
1305 1838 1354 1873 τὴν
1382 1837 1459 1869 δόξαν
1486 1836 1623 1863 ὲκϐοῶντα
1646 1834 1692 1861 τοῦ
1720 1832 1802 1859 Θεοῦ”
1827 1830 1875 1858 καὶ

240 1895 299 1926 ὅτε,
320 1892 403 1920 αὑτοῦ
423 1892 471 1918 τοῦ
487 1891 612 1926 Σωτῆρος
630 1888 822 1924 βαπτισθέντος
846 1888 875 1914 ὲν
897 1887 935 1922 τῷ
960 1885 1034 1921 αὐτῷ
1053 1886 1176 1922 ποταμῷ,
1194 1887 1210 1921 ἡ
1244 1886 1367 1922 οὐράνιος
1382 1884 1456 1920 φωνὴ
1474 1884 1538 1910 Υίὸν
1556 1883 1635 1909 αὑτὸν
1663 1879 1802 1916 ἀγαπητὸν
1833 1878 1875 1909 εἰς

245 1941 295 1971 τὰς
311 1939 418 1965 πάντων
432 1936 516 1968 ἀκοὰς
527 1937 704 1972 ἁνεκήρυττε.

282 1985 367 2012 Vsus.
384 1985 410 2012 3.
432 1983 594 2011 Testimonia
612 1981 748 2008 credibilia
766 1980 838 2015 facta
856 1985 918 2007 sunt
935 1981 1009 2008 valde
1025 1988 1034 2007 :

241 2034 354 2060 domum
367 2035 440 2057 tuam
451 2029 522 2057 decet
537 2028 699 2059 sanctitudo,
714 2027 836 2059 Domine,
852 2027 879 2053 in
892 2026 1036 2062 longitudi—

243 2086 306 2105 nent
319 2077 433 2104 dierum.
448 2075 601 2110 Prophetiae
618 2074 785 2106 futurorum,
802 2073 830 2100 in
844 2073 945 2107 quibus
961 2073 1038 2099 testi-

247 2124 341 2151 monia
365 2123 399 2150 de
419 2129 504 2157 regno
529 2120 635 2148 Domini
663 2119 833 2149 ferebantur.
859 2122 921 2145 ante
945 2125 1037 2145 rerum

246 2173 388 2201 arentum,
409 2175 564 2196 sermonum
578 2166 789 2193 credibilitatem
803 2163 925 2192 nondqu
944 2163 1038 2190 videre

244 2217 386 2246 sinebant.
415 2213 483 2241 Nam
511 2217 574 2248 post
603 2215 742 2243 eventum,
776 2216 802 2239 et
831 2214 893 2245 post
919 2209 1038 2245 perfecta

248 2269 344 2298 opera,
367 2265 433 2287 tunc
461 2266 527 2286 sane
549 2257 706 2285 testimonia
724 2255 771 2283 Dei
796 2254 937 2283 credibilia
965 2253 1037 2280 facta

248 2312 326 2337 sunt.
343 2305 482 2342 Siquidem
497 2304 552 2340 jam
568 2303 634 2331 olim
648 2302 720 2330 dicta
736 2306 763 2330 et
780 2300 962 2337 praenuntiata
979 2298 1037 2325 fne-

250 2359 324 2386 rant,
338 2359 366 2382 et
377 2352 482 2388 jamdiu
499 2349 729 2385 exspectabantur
751 2356 795 2380 ea,
811 2355 871 2383 quae
888 2346 922 2373 ad
943 2344 989 2372 Dei
1008 2345 1036 2371 in

245 2407 348 2428 omnes
375 2403 470 2433 gentes
495 2403 611 2431 regnum
635 2394 807 2430 spectabant.
837 2390 1036 2419 Testimonium

252 2452 318 2472 vero
341 2443 408 2470 illud
427 2449 504 2469 nunc
526 2440 659 2469 credibile
686 2439 790 2467 factum
816 2441 868 2469 est,
883 2443 947 2465 cum
968 2435 1036 2471 ipsis

249 2489 382 2527 operibus
393 2489 534 2523 impletum
548 2487 688 2515 oraculum
700 2485 835 2513 cernitur.
852 2483 886 2510 Et
900 2483 964 2510 olim
977 2481 1039 2516 qui-

248 2537 314 2564 dem
337 2535 370 2562 de
386 2534 501 2561 Domino
520 2532 672 2563 dicebatur.
689 2530 762 2566 quod
785 2529 911 2557 decorem
933 2527 1038 2554 induis-

251 2585 311 2614 set;
329 2587 402 2608 nunc
421 2583 512 2606 autem
531 2577 693 2605 conﬁrmato
704 2583 738 2604 ex
757 2574 886 2610 operibus
901 2580 1040 2605 sermone,

253 2627 357 2655 veritas
371 2624 558 2661 prmdictionis
572 2622 709 2658 apparuit,
727 2628 789 2649 cum
813 2623 896 2647 exuta
917 2618 976 2650 Dei,
997 2618 1040 2645 in-

249 2673 321 2700 duta
337 2672 409 2700 servi
425 2671 525 2704 forma,
543 2677 576 2697 ac
589 2675 677 2703 usque
698 2667 732 2694 ad
743 2671 856 2701 turpem
877 2671 1040 2699 progressus

253 2722 382 2748 mortem,
404 2720 497 2751 postea
513 2714 633 2742 dedecus
654 2711 722 2740 illud
745 2710 873 2746 deposuit
897 2708 1041 2743 induitque

251 2765 375 2795 paternae
391 2759 489 2795 gloriae
512 2758 650 2789 decorem,
672 2763 757 2791 regno
774 2754 879 2782 scilicet
897 2754 925 2780 in
950 2753 1042 2780 omma

253 2812 319 2831 eius
340 2805 463 2832 emlestia
476 2807 536 2830 tum
556 2807 667 2830 terrena
679 2805 842 2829 coronatus.
864 2798 1043 2836 Rursumque

1123 1976 1161 2004 Τὰ
1171 1975 1317 2010 μαρτύρια
1342 1972 1552 2006 ἐπιστώθησαν
1578 1970 1710 2005 σφόδρα·
1737 1967 1777 2001 τῷ
1804 1968 1876 2001 οἴκῳ

1087 2030 1144 2049 σου
1161 2020 1265 2054 πρέπει
1279 2019 1421 2053 ἀγίασμα,
1435 2017 1536 2050 Κύριε,
1555 2017 1598 2048 εὶς
1614 2014 1786 2049 μακρότητα
1801 2013 1873 2047 ἠμε-

1084 2066 1155 2100 ρῶν.
1183 2065 1215 2091 Αἰ
1240 2064 1304 2100 περὶ
1325 2063 1378 2090 τῶν
1397 2061 1547 2097 μελλόντων
1572 2060 1746 2094 προφητεῖαι,
1767 2058 1827 2084 καθ’
1842 2057 1877 2090 ἃς

1086 2111 1214 2146 ἐφέροντο
1226 2109 1272 2136 καὶ
1285 2109 1313 2135 αἱ
1329 2108 1392 2143 περὶ
1405 2107 1454 2142 τῆς
1467 2105 1512 2132 τοῦ
1532 2104 1634 2139 Κυρίου
1651 2102 1788 2137 βασιλείας
1807 2110 1878 2137 μαρ-

1086 2157 1189 2193 τυρίαι,
1213 2155 1267 2192 πρὸ
1288 2154 1338 2189 τῆς
1357 2153 1410 2179 τῶν
1428 2151 1598 2187 πραγμάτων
1621 2149 1774 2180 ἐκϐάσεως,
1801 2147 1878 2174 οὔπω

1088 2191 1218 2235 παρεῖχον
1234 2191 1299 2234 όρᾷν
1321 2197 1352 2223 τὸ
1371 2196 1465 2222 πιστὸν
1488 2195 1541 2221 τῶν
1566 2193 1662 2227 λόγων.
1683 2193 1758 2220 Μετὰ
1778 2192 1806 2218 δὲ
1827 2191 1878 2227 τὴν

1054 2245 1074 2271 D
1089 2246 1210 2277 ἑκϐασιν,
1219 2245 1266 2271 καὶ
1273 2243 1307 2269 τὰ
1315 2242 1358 2269 διὰ
1369 2241 1422 2268 τῶν
1433 2240 1520 2276 ἔργων
1532 2238 1732 2273 ὲπιτελέσματα
1741 2236 1879 2272 ὲπιστώθη

1091 2292 1124 2318 τὰ
1140 2290 1276 2327 μαρτύρια
1300 2287 1347 2314 τοῦ
1368 2286 1446 2313 Θεοῦ.
1472 2286 1557 2312 Πάλαι
1585 2285 1633 2320 μὲν
1649 2284 1704 2319 γὰρ
1720 2284 1812 2319 εἴρητο
1831 2282 1880 2309 καὶ

1092 2337 1310 2374 προπεφήτευτο,
1325 2334 1357 2360 ἐκ
1377 2332 1482 2369 μακροῦ
1497 2341 1527 2358 τε
1550 2331 1734 2367 προσεδοκᾶτο
1757 2329 1792 2356 τὰ
1814 2330 1881 2365 περὶ

1089 2385 1138 2419 τῆς
1163 2383 1203 2414 είς
1219 2382 1327 2408 ᾶπαντα
1343 2380 1377 2407 τὰ
1399 2379 1462 2414 ἔθνη
1488 2378 1534 2405 τοῦ
1555 2377 1620 2404 Θεοῦ
1644 2376 1800 2412 βασιλείας·
1819 2376 1881 2402 ὲπι-

1092 2429 1180 2464 πώθη
1195 2428 1223 2454 δὲ
1238 2427 1268 2453 τὸ
1285 2427 1376 2461 φῆσαν
1393 2424 1471 2451 τοῦτο
1485 2423 1632 2459 μαρτύριον
1652 2422 1711 2454 νῦν,
1725 2422 1769 2448 ὅτε
1786 2421 1879 2456 ἔργοις

1091 2476 1186 2511 ὁρᾶται
1207 2472 1421 2508 πεπληρωμένον
1430 2470 1461 2497 τὸ
1476 2470 1575 2504 λόγιον.
1590 2469 1645 2496 Καὶ
1661 2469 1745 2496 πάλαι
1760 2467 1809 2503 μὲν
1822 2466 1880 2493 ἑλέ-

1091 2529 1155 2556 γετο
1181 2518 1306 2555 περὶτοῦ
1332 2517 1447 2553 Κυρίου,
1469 2515 1507 2547 ὡς
1528 2515 1581 2550 ἄρα
1608 2514 1775 2550 εὐπρέπειαν
1792 2511 1882 2539 ἐνεδύ-

1093 2574 1174 2594 σατο’
1191 2565 1238 2591 νῦν
1259 2565 1297 2596 δὲ,
1310 2562 1489 2598 πιστουμένου
1510 2560 1556 2587 τοῦ
1573 2560 1653 2595 λόγου
1675 2559 1708 2586 δι’
1722 2558 1811 2586 αὐτῶν
1827 2557 1882 2584 τῶν

1094 2613 1181 2648 ἔργων
1192 2632 1198 2643 ,
1211 2611 1329 2645 πέφηνεν
1344 2607 1483 2644 ήὰλήθεια
1493 2608 1543 2643 τῆς
1557 2606 1736 2642 προρρήσεως
1746 2625 1752 2637 ,
1761 2605 1806 2631 ὅτε
1813 2604 1883 2631 ἁπο-

1093 2658 1241 2692 δυσάμενος
1253 2655 1302 2692 τὴν
1319 2654 1365 2681 τοῦ
1383 2652 1450 2680 Θεοῦ
1469 2652 1585 2688 μορφὴν,
1603 2653 1648 2678 καὶ
1663 2651 1712 2686 τὴν
1726 2650 1773 2677 τοῦ
1787 2650 1881 2676 δούλου

1094 2702 1281 2742 περιθέμενος,
1290 2701 1336 2728 καὶ
1350 2699 1468 2735 μέχριγε
1476 2697 1522 2725 τοῦ
1534 2697 1674 2734 ἀπρεποῦς
1685 2697 1800 2724 θανάτου
1812 2695 1882 2730 φθά-

1096 2757 1155 2781 σας,
1175 2747 1243 2783 μετὰ
1262 2746 1348 2773 ταῦτα
1369 2745 1419 2780 τὴν
1435 2744 1484 2780 μὲν
1500 2744 1654 2780 ἀπρέπειαν
1671 2743 1772 2778 ταύτην
1785 2741 1886 2769 ἀποσέ-

1096 2794 1192 2826 θειται,
1208 2792 1351 2820 ἐνεδύσατο
1363 2791 1392 2819 δὲ
1410 2792 1459 2827 τῆς
1480 2791 1616 2825 πατρικῆς
1633 2789 1712 2825 δόξης
1723 2790 1773 2825 τὴν
1790 2787 1888 2824 εὖπρέ»

302 2881 332 2923 ,ξ’
345 2879 396 2907 Job
414 2887 528 2912 xxxvm,
547 2879 591 2906 11.
629 2878 652 2894 ⁸ο
681 2877 755 2906 Psal.
772 2884 830 2909 CIII,
845 2876 872 2903 9.
911 2876 932 2891 ’δι
971 2873 1066 2901 Matth.
1086 2871 1200 2906 vni,‘25.
