4074 6374
389 397 525 454 1193

1479 378 1978 440 (ΣΘἏΜΕΝΤΑΒΙΑ
2019 380 2085 436 ΙΝ
2124 379 2457 436 ρελινος..

3493 384 3631 439 1194

383 523 566 568 πειαν,
592 503 690 576 τὴν
719 500 860 557 κατᾶ
901 501 1116 555 πάντων
1153 498 1444 570 βασιλείαν,
1473 499 1581 550 τῶν
1620 515 1677 550 τε
1706 498 1764 549 ἐν
1790 498 1957 565 ούρα-

2065 493 2377 563 prophetica
2421 492 2734 546 testimonia
2765 493 3146 555 enuntiabant,
3190 492 3476 547 Dominum
3516 495 3631 549 vir-

387 598 498 658 νοῖς
525 592 754 646 καὶτῶν
797 591 888 644 ἐπὶ
931 592 1035 658 γῆς
1062 588 1490 658 ἀναδησάμενος.
1539 587 1647 638 Καὶ
1693 585 1853 638 πάλιν
1893 583 1962 636 τὰ

391 687 490 758 μὲν
519 685 828 756 προφητικὰ
866 681 1140 753 μαρτύρια
1176 681 1471 751 περιεῖχεν,
1497 677 1572 741 ὡς
1605 676 1962 746 ἐνδυσάμενος

387 778 616 846 δύναμιν
658 777 686 818 ὁ
731 774 950 844 Κύριος,
983 771 1283 842 ἐστερέωσε
1324 770 1424 841 τὴν
1465 767 1812 837 οἰκουμένην,
1840 767 1962 836 ήτις

386 871 448 922 οὐ
477 866 888 938 σαλευθήσεται.
936 861 1241 931 Ἐπιστιὶμθη
1275 860 1328 912 δὲ
1359 858 1670 919 καὶταῦτα,
1705 858 1792 909 ὅτε
1825 856 1962 927 μετὰ

385 961 446 1014 τὸ
470 957 658 1022 πάθος,
685 957 783 1027 τὴν
809 954 1013 1008 οἰκείαν
1045 951 1328 1006 ἀπολαϐὼν
1355 950 1600 1020 δύναμιν,
1630 952 1687 1002 ἐν
1719 950 1865 1020 πάσῃ
1893 952 1960 1020 τῇ

385 1052 494 1105 τῶν
554 1048 854 1121 ἀνθρώπων
914 1046 1207 1116 οἰκουμένῃ
1269 1045 1364 1116 τὴν
1425 1043 1752 1114 Ἐκκλησίαν
1797 1041 1962 1096 αὑτοῦ

389 1143 742 1214 ἐστερέωσεν,
776 1143 854 1202 εἰς
884 1139 946 1192 τὸ
993 1137 1190 1209 μηκέτι
1237 1135 1557 1190 σαλεύεσθαι
1608 1130 1710 1190 ὧδε
1737 1137 1963 1189 κάκεῖσε

383 1234 484 1298 τὰς
522 1234 630 1286 τῶν
663 1231 964 1305 ἀνθρώπων
1003 1228 1180 1299 ψυχὰς
1213 1227 1343 1298 περὶ
1375 1227 1471 1298 τὴν
1518 1227 1675 1280 ἄθεον
1718 1225 1965 1280 δεισιδαι-

390 1326 578 1396 μονίαν
607 1324 981 1394 πλανωμένας.
1008 1323 1118 1374 Καὶ
1149 1320 1308 1374 πάλιν
1336 1319 1404 1373 τὰ
1442 1321 1538 1391 μὲν
1570 1319 1658 1373 διὰ
1693 1319 1802 1372 τῶν
1833 1335 1965 1390 προ-

387 1416 572 1488 φητῶν
614 1415 888 1487 μαρτύρια
935 1413 1326 1485 προεφήτευον,
1358 1412 1434 1474 ὡς
1479 1411 1586 1482 ἄρα
1635 1413 1683 1463 οἰ
1732 1410 1964 1480 ποταμοὶ

385 1507 649 1580 ἐπαροῦσι
684 1507 866 1577 φωνὴν
909 1503 1108 1570 αὐτῶν,
1157 1505 1251 1556 καὶ
1296 1503 1443 1556 ἄλλοι
1490 1502 1726 1573 ποταμοὶ
1772 1501 1963 1571 ἀροῦσι

384 1600 482 1662 τὰς
532 1597 833 1666 ἐπιτρίψεις
865 1594 1074 1648 αὐτῶν·
1129 1594 1222 1646 καί⁵
1261 1593 1431 1647 ταῦτα
1471 1593 1527 1645 δέ
1576 1592 1644 1646 τὰ
1691 1592 1963 1663 μαρτύρια

382 1687 679 1758 ἐπιστώθη,
721 1687 808 1739 ὅτε
828 1685 968 1741 κατὰ
993 1685 1172 1747 πάσας
1203 1684 1309 1768 τὰς
1348 1683 1673 1753 Ἐκκλησίας
1704 1682 1798 1734 τοῦ
1827 1682 1962 1735 Θεοῦ

383 1784 476 1834 καὶ
516 1781 635 1834 καθ’
662 1781 790 1849 ὅλης
829 1780 927 1848 τῆς
972 1777 1292 1848 οἰκουμένης
1332 1776 1398 1829 τὰ
1447 1775 1622 1846 πλήθη
1657 1774 1765 1828 τῶν
1806 1776 1962 1828 εὐσε-

2064 593 2179 638 tute
2209 584 2458 638 indutum
2491 587 2739 638 ﬁrmasse
2779 585 2966 640 urbem
2999 593 3180 649 terrae,
3207 586 3299 656 qui
3343 601 3453 639 non
3487 585 3631 640 ult-ra

2062 677 2489 732 Commovendus
2545 687 2710 730 esset.
2769 675 2974 730 Horum
3023 692 3186 746 porro
3237 678 3438 732 veritas
3477 693 3632 732 eom-

2062 767 2288 836 probata
2314 776 2419 830 est,
2460 783 2583 819 cum
2623 776 2745 836 post
2786 767 3120 838 passionem,
3161 769 3378 838 prepria
3413 778 3632 840 recepta

2061 865 2283 922 virtute,
2319 875 2414 928 per
2444 867 2617 915 totum
2644 861 2830 913 orbem
2864 859 3162 914 Eeelesiam
3199 861 3429 914 ﬁrmavit
3452 877 3630 923 suam,

2062 961 2123 1005 ut
2156 967 2263 1006 non
2292 953 2432 1004 ultra
2461 959 2939 1006 commoverentur
2959 952 3208 1006 humanae
3231 953 3443 1015 animaa,
3469 955 3633 1024 impia

2063 1043 2454 1112 superstitione
2487 1041 2596 1095 huc
2634 1041 2762 1095 illuc
2795 1042 3140 1096 ert'ahuntlze.
3175 1041 3482 1112 lterumque
3508 1059 3633 1112 proo
3668 1051 3670 1054 '

2066 1133 2352 1202 phetarunt
2401 1133 2718 1186 testimonia
2767 1134 3227 1202 praenuntiabant,
3273 1131 3500 1186 ﬁumina
3542 1147 3636 1186 vo-

2063 1239 2181 1278 cem
2213 1225 2512 1285 elevatura,
2557 1223 2774 1294 aliaque
2819 1222 3041 1276 llutnina
3080 1223 3278 1278 ﬂuctus
3313 1238 3443 1277 suos
3483 1220 3636 1277 exal-

2063 1321 2244 1368 tatura
2277 1330 2415 1370 esse.
2471 1313 2595 1368 Haec
2648 1322 2831 1368 autem
2888 1314 3201 1366 testimonia
3251 1327 3380 1368 vera
3418 1319 3635 1382 reperta

2063 1415 2214 1468 sunt,
2245 1422 2368 1460 cum
2405 1407 2460 1460 in
2490 1406 2742 1459 omnibus
2785 1404 2880 1459 Dei
2927 1404 3186 1459 Eeclesiis
3231 1419 3295 1459 ac
3328 1419 3424 1476 per
3459 1412 3635 1458 totum

2062 1498 2272 1562 orbem,
2313 1498 2614 1553 secundum
2651 1495 3029 1568 Evangelium,
3072 1505 3248 1550 enatus
3284 1499 3498 1566 piorum
3539 1509 3638 1552 νο-

2063 1604 2156 1643 ces
2180 1590 2478 1658 gratiarum
2509 1590 2763 1652 actionis,
2798 1604 2894 1657 per
2928 1589 3207 1642 orationes
3235 1597 3288 1642 ct
3311 1589 3544 1660 hymnos
3569 1589 3636 1642 ad

2063 1677 2232 1732 Deum
2262 1679 2555 1733 emittunt:
2582 1679 2738 1748 queis
2772 1679 2847 1731 illi
2878 1680 3008 1732 olim
3039 1687 3381 1749 arrogantes,
3419 1679 3638 1750 sapien-

2066 1779 2148 1824 tes
2187 1771 2352 1838 hujus
2386 1771 2592 1834 swculi,
2633 1770 2857 1836 sublati,
2894 1780 2950 1824 et
2985 1778 3168 1822 tumor
3196 1785 3386 1824 eorum
3417 1770 3640 1825 destru-

385 1871 621 1924 ϐούντων
669 1870 807 1923 κατὰ
855 1870 915 1922 τὸ
941 1867 1268 1937 Εὑαγγέλιον
1313 1867 1528 1938 ἐπαίρει
1574 1865 1756 1934 φωνὰς
1802 1867 1961 1936 εὐχα-

2064 1870 2186 1916 ctus
2215 1869 2338 1928 est;
2366 1863 2438 1915 ita
2471 1870 2528 1915 ut
2557 1877 2746 1917 eorum
2783 1863 3127 1934 philosophia
3159 1877 3388 1932 prorsus
3427 1865 3640 1918 exstin-

391 1961 720 2034 ριστηρίους,
754 1962 852 2025 τὰς
879 1961 943 2014 δι’
983 1961 1156 2032 εὐχῶν
1185 1961 1278 2014 καὶ
1319 1959 1655 2030 ὑμνολογιῶν
1694 1957 1800 2010 τῶν
1828 1958 1964 2030 πρὸς

382 2048 476 2103 τὸν
507 2047 638 2102 Θεὸν
670 2047 1151 2120 ἀναπεμπομένας,
1182 2049 1269 2117 ὑφ’
1290 2041 1363 2100 ῶν
1393 2049 1444 2099 οἰ
1477 2047 1642 2100 πάλαι
1691 2047 1965 2117 ἐπιτριϐό-

389 2157 540 2212 μενοι
571 2142 724 2210 σοφοὶ
754 2139 847 2193 τοῦ
887 2141 1082 2203 αἰῶνος
1111 2140 1302 2193 τούτου
1344 2140 1702 2210 κατῄρηνται,
1745 2140 1839 2192 καὶ
1865 2139 1964 2204 τὰς

381 2233 689 2303 ἐπιτρίψεις
748 2232 926 2286 αὐτῶν
971 2233 1261 2304 περιεῖλον,
1297 2233 1372 2296 ὡς
1407 2233 1585 2284 πᾶσαν
1627 2230 1807 2284 αὐτῶν
1837 2230 1963 2282 σϐε-

381 2324 577 2394 σθῆναι
616 2323 714 2394 τὴν
766 2324 1099 2392 φιλοσοφίαν.
1132 2326 1285 2378 Κατὰ
1315 2324 1384 2377 τὰ
1437 2322 1576 2376 αὐτὰ
1617 2321 1673 2374 δὲ
1726 2322 1822 2374 καὶ
1865 2321 1964 2385 τὰς

382 2413 574 2477 λοιπὰς
624 2414 734 2466 τῶν
794 2413 1140 2485 προφητειῶν
1204 2415 1534 2486 προρρήσεις
1587 2411 1817 2477 διεξιὼν,
1879 2410 1962 2480 ἐφ’

383 2506 600 2576 ἑκάστῳ
625 2506 886 2577 ἁρμόσεις
930 2506 1008 2570 τὸ,
1048 2507 1121 2560 Τὰ
1151 2504 1444 2576 μαρτύριά
1475 2521 1591 2559 σου
1633 2503 1962 2569 ἐπιστώθη-

383 2613 506 2652 σαν
545 2598 797 2666 σφόδρα.
834 2601 898 2650 Αἰ
949 2598 1048 2669 μὲν
1094 2593 1186 2651 οῦν
1230 2596 1338 2651 ἀπὸ
1381 2595 1489 2648 τῶν
1530 2595 1689 2648 θείων
1731 2594 1964 2666 Γραφῶν

386 2686 703 2758 μαρτυρίαι,
755 2686 958 2755 σφόδρα
1009 2685 1068 2737 τὸ
1122 2685 1313 2736 πιστὸν
1367 2684 1618 2754 εἰλήφασι
1650 2681 1735 2734 διὰ
1781 2682 1879 2752 τῆς
1905 2683 1962 2734 ἐν

381 2781 504 2840 ταῖς
527 2776 813 2829 ἐκϐάσεσιν
843 2776 1126 2846 ὁρωμένης
1157 2774 1413 2844 ἀληθείας
1433 2790 1446 2804 ο
1483 2773 1560 2843 τῷ
1583 2773 1639 2825 δὲ
1678 2772 1811 2842 οἴκῳ
1844 2789 1960 2834 σου,

380 2869 632 2922 τουτέστι
671 2871 736 2938 τῇ
795 2867 1090 2937 Ἐκκλησία
1119 2882 1234 2928 σου,
1282 2864 1432 2917 οὐδὲν
1473 2863 1616 2916 οὕτω
1646 2863 1845 2934 πρέπει
1883 2864 1964 2926 εἰς

383 2958 446 3010 τὸ
491 2956 854 3026 φυλάττεσθαι
899 2957 1066 3027 αὐτὴν
1117 2958 1198 3020 εἰς
1251 2958 1567 3027 μακρότητα
1607 2954 1846 3026 ήμερῶν,
1888 2955 1963 3018 ὡς

384 3048 683 3119 ἁγιωσύνῃ.
727 3049 813 3112 Ὠς
838 3047 946 3119 γὰρ
976 3051 1087 3112 τοῖς
1128 3048 1447 3118 μαρτυρίοις
1474 3063 1568 3099 σου
1599 3045 1776 3099 οἰκεία
1815 3045 1962 3097 ἐστὶν

385 3143 419 3213 ή
454 3140 682 3212 ἀλήθεια
713 3141 808 3193 καὶ
835 3143 868 3210 ή
905 3139 1106 3202 πίστις,
1138 3138 1280 3191 οὕτω
1311 3138 1404 3191 καὶ
1431 3137 1508 3208 τῷ
1537 3138 1673 3208 οἴκῳ
1704 3154 1798 3188 σου
1829 3135 1962 3207 πρέ-

2065 1957 2153 2002 cta
2186 1950 2370 2004 fuerit.
2416 1950 2471 2002 Si
2507 1958 2686 2004 autem
2728 1951 2845 2020 pari
2881 1951 3042 2005 modo
3075 1951 3285 2020 reliqua
3328 1952 3640 2022 prophetia-

2065 2056 2186 2096 rum
2212 2043 2467 2096 vaticinia
2502 2057 2811 2111 percurras,
2847 2043 3078 2112 singulis
3099 2043 3312 2113 aptabis
3346 2043 3505 2108 illud,
3538 2043 3639 2097 Te-

2066 2135 2316 2187 stimonia
2356 2144 2448 2187 tua
2504 2135 2774 2188 credibilia
2823 2138 2968 2204 [acta
3023 2146 3145 2189 sunt
3211 2136 3380 2190 valde.
3447 2135 3639 2206 Itaque

2067 2226 2372 2280 divinarum
2433 2225 2842 2297 Scripturarum
2894 2228 3248 2294 testimonia,
3315 2244 3346 2283 a
3408 2229 3639 2283 veritate

2067 2326 2382 2384 eventuum,
2421 2314 2712 2372 admodum
2748 2318 3026 2374 credibilia
3055 2327 3368 2375 evaserunt.
3408 2319 3638 2374 Domum

2068 2426 2200 2465 vero
2241 2419 2412 2472 tuam,
2451 2409 2504 2463 id
2543 2418 2650 2473 est,
2681 2409 2981 2465 Ecclesiam
3021 2419 3192 2476 tuam,
3229 2411 3363 2466 nihil
3401 2419 3512 2466 tam
3545 2410 3640 2465 dc-

2065 2508 2172 2564 cet,
2227 2510 2284 2552 ut
2335 2504 2391 2554 in
2446 2501 2842 2570 longitudinem
2895 2503 3106 2556 dierum
3151 2513 3419 2569 servetur,
3473 2519 3638 2574 quam

2067 2592 2396 2648 sanctitudo.
2425 2591 2581 2645 Sicut
2614 2594 2758 2647 enim
2792 2594 3122 2650 testimoniis
3149 2597 3258 2651 tuis
3293 2597 3510 2667 propria
3547 2612 3640 2652 ve—

2064 2686 2199 2739 ritas
2223 2691 2308 2739 est
2326 2694 2380 2738 et
2406 2684 2573 2751 ﬁdes;
2601 2685 2673 2738 ita
2702 2685 2921 2740 domum
2945 2696 3089 2740 tuam
3113 2687 3266 2742 decet
3286 2689 3636 2744 sanctitudo:

2065 2777 2168 2832 sub
2200 2776 2361 2844 cujus
2389 2778 2559 2830 tutela
2587 2785 2771 2831 manet
2803 2784 3205 2847 et'perseverat
3252 2781 3304 2833 in
3340 2780 3638 2851 longitudi-

2064 2883 2189 2922 nem
2221 2867 2454 2922 dierum.
2492 2867 2625 2921 Nam
2659 2867 2704 2922 si
2741 2869 2958 2939 quando
2997 2870 3279 2940 contingat
3309 2870 3549 2925 dedecus
3582 2871 3640 2926 in

2065 2958 2230 3012 domo
2272 2966 2363 3011 tua
2403 2958 2654 3029 reperiri,
2689 2974 2754 3012 ae
2799 2961 2920 3014 loco
2953 2961 3284 3025 sanctitatis,
3316 2961 3635 3031 profanum,

2065 3050 2338 3120 impurum
2405 3065 2468 3102 ac
2542 3050 2939 3105 exsecrandum
2993 3051 3208 3108 facinus
3273 3053 3636 3123 deprehendi;

2065 3141 2181 3197 ﬁeri
2216 3153 2394 3196 tamen
2428 3143 2616 3213 nequit
2648 3151 2706 3196 ut
2734 3144 2866 3199 illud
2893 3145 2948 3198 in
2991 3144 3385 3215 longitudinem
3425 3145 3640 3201 dierum

385 3247 476 3287 πει
517 3231 827 3302 ἁγιωσύνη·
860 3233 948 3300 ὑφ’
978 3226 1046 3301 ἦς
1080 3229 1480 3300 φυλαττόμενος
1532 3229 1684 3299 μένει
1730 3228 1824 3281 καὶ
1864 3244 1961 3281 πα-

2070 3242 2404 3303 perseveret.
2441 3233 2654 3287 Etenim
2685 3234 2755 3296 si,
2785 3234 2932 3304 quod
2969 3236 3150 3290 absit!
3186 3235 3444 3292 indecens
3487 3238 3642 3307 quid-

385 3328 615 3398 ραμενεῖ
653 3325 733 3387 εἰς
768 3322 1082 3394 μακρότητα
1112 3321 1353 3393 ἡμερῶν.
1400 3323 1462 3374 Εἰ
1512 3321 1620 3392 γάρ
1653 3337 1784 3373 ποτε
1823 3337 1961 3390 συμ-

2071 3325 2216 3395 piam
2243 3334 2298 3380 et
2329 3326 2568 3380 alienum
2594 3325 2650 3380 in
2692 3325 2854 3381 detno
2886 3325 2981 3382 Dei
3015 3327 3476 3399 deprehendatur,
3507 3344 3642 3386 sane

381 3417 512 3489 ϐαίη
572 3417 876 3488 ἀπρέπειαν
920 3415 978 3467 ἐν
1031 3413 1108 3485 τῷ
1167 3415 1306 3485 οἴκῳ
1363 3431 1454 3467 σου
1507 3413 1816 3487 εὑρεθῆναι,
1869 3415 1961 3466 καὶ

2071 3415 2215 3472 Deus
2240 3417 2294 3471 in
2321 3416 2438 3488 ipsa
2465 3416 2743 3483 habitans,
2774 3419 2868 3489 qui
2897 3428 3124 3475 sanctus
3155 3429 3238 3476 est
3271 3431 3322 3478 et
3351 3423 3403 3476 in
3434 3424 3642 3482 sanctis

381 3511 504 3563 ἀντὶ
535 3509 874 3578 ἁγιάσματος
909 3507 1154 3579 βέϐηλον,
1184 3508 1277 3559 καὶ
1307 3505 1636 3578 ἀκάθαρτον.
1661 3505 1756 3558 καὶ
1789 3521 1961 3575 μυσα-

2069 3509 2389 3578 requiescit,
2425 3508 2592 3573 dicet,
2638 3508 2772 3564 Ecce
2811 3511 3136 3582 relinquetur
3157 3512 3298 3566 vobis
3331 3513 3516 3568 domus
3555 3530 3642 3570 ve-

386 3602 485 3675 ρὰν
518 3598 734 3671 πρᾶξιν,
764 3598 942 3652 οὐκέθ’
963 3596 1072 3651 οἷόν
1099 3615 1158 3651 τε
1198 3597 1329 3652 αὐτὸ
1361 3599 1440 3660 εἰς
1483 3599 1800 3670 μακρότητα
1825 3600 1856 3668 ἡ
1867 3613 1961 3667 με-

2067 3608 2184 3653 stra
2221 3599 2430 3654 deserta
2448 3601 2514 3656 δ’.
2549 3603 2915 3667 Quamobrem
2947 3619 3047 3658 nos
3071 3603 3137 3673 .in
3171 3605 3391 3660 domum
3424 3605 3517 3661 Dei
3556 3607 3641 3662 in-

387 3690 496 3764 ρῶν
525 3689 815 3760 διαμένειν.
861 3689 1008 3759 Ἐρεϊ
1051 3687 1159 3757 γὰρ
1197 3690 1226 3740 ό
1252 3689 1310 3739 ἐν
1342 3687 1490 3758 αὐτῷ
1523 3687 1795 3740 κατοικῶν
1826 3687 1959 3750 Θεὸς

2064 3705 2305 3758 gressos,
2334 3707 2445 3760 prae
2473 3693 2726 3748 omnibus
2767 3701 2820 3747 et
2857 3709 3025 3764 super
3063 3696 3245 3750 omnia
3277 3699 3556 3755 sanctitati
3584 3708 3640 3756 et

385 3783 540 3850 ἆγιος
567 3780 642 3834 ὢν
662 3781 753 3833 καὶ
775 3783 831 3833 ἐν
849 3779 1022 3848 ἁγίοις
1041 3777 1471 3848 ἀναπαυόμενος,
1501 3777 1555 3848 ἢ,
1586 3777 1614 3830 ὃ
1633 3777 1707 3848 μὴ
1722 3777 1951 3844 γένοιτο,

2064 3787 2436 3850 temperantiae
2463 3783 2686 3838 studere
2718 3792 2954 3856 oportet.

382 3874 630 3948 ἀπρεπές
661 3891 715 3927 τι
743 3877 838 3929 καὶ
867 3874 1146 3945 ἀλλότριον
1173 3872 1510 3943 ἁγιάσματος
1539 3874 1665 3944 περὶ
1697 3872 1788 3926 τὸν
1810 3869 1958 3926 οἷκον
1994 3875 2159 3928 αὑτοῦ
2193 3877 2450 3949 εὑρηθείη
2494 3880 2644 3943 ποτὲ,
2689 3879 2768 3944 τὸ,
2807 3881 2965 3935 Ἰδοὺ
3005 3885 3238 3953 ἀφίεται
3287 3887 3430 3956 ὑμῖν
3486 3891 3520 3942 ὀ
3555 3884 3642 3942 οἷ-

381 3989 488 4038 κος
522 3970 689 4040 ὑμῶν
725 3970 958 4040 ἕρημος.
992 3969 1080 4022 Διὸ
1107 3968 1288 4040 δεήσει
1310 3970 1456 4040 ἡμᾶς
1485 3968 1592 4041 πρὸ
1617 3967 1834 4022 πάντων
1861 3969 1955 4023 καὶ
1982 3970 2121 4042 ὑπὲρ
2155 3973 2369 4026 πάντων
2417 3972 2745 4046 φροντίζειν,
2795 3977 3059 4042 εἰσιόντας
3093 3979 3170 4040 εἰς
3234 3977 3325 4032 τὸν
3365 3975 3512 4034 οἷκον
3549 3979 3638 4035 τοῦ

379 4066 542 4132 Θεοῦ,
575 4066 844 4138 ἁγιασμοῦ
871 4069 963 4119 καὶ
991 4066 1358 4138 σωφροσύνης.

434 4185 728 4242 ΨΔΛΜΟΣ
780 4187 867 4258 Τῼ
919 4185 1136 4324 ΔΑΥΙίὶ
1151 4185 1473 4310 r'l‘ETPAAI
1535 4185 1911 4239 ΣΑΒΒΑΤΩΝ.

456 4374 603 4441 Θεὸς
652 4371 1023 4441 ἐκδικήσεων
1077 4373 1330 4442 Κύριος,
1389 4371 1526 4438 Θεὸς
1588 4370 1962 4442 ἐκδικήσεων

2069 4184 2390 4242 l’SALMUS
2463 4185 2727 4255 DAVIDI,
2769 4189 3080 4316 ΧίὲῐριιῗιὶΤΑ
3149 4191 3636 4255 SABBATORUM.

2139 4367 2302 4425 ‘l't-zns.
2339 4369 2390 4424 1.
2433 4369 2572 4424 Deus
2603 4372 2866 4426 ulliottum
2898 4373 3178 4442 Dominus,
3209 4375 3347 4432 Deus
3374 4378 3638 4436 ullionum

379 4464 891 4535 ὲπαρῤησιάσατο.
983 4465 1374 4536 Ἀνεπίγραφος
1450 4463 1547 4534 μέν
1622 4465 1737 4517 ἐστι
1827 4465 1958 4534 παρ’

2065 4459 2225 4514 libere
2255 4461 2379 4530 egit.
2399 4460 2500 4516 Hic
2538 4463 2785 4532 psalmus
2816 4466 2959 4534 apud
2988 4465 3244 4524 Hebraeos
3284 4470 3638 4542 inscriptione

393 4557 664 4629 Ἑϐραίοις
713 4558 741 4610 ό
792 4555 1025 4627 ψαλμὸς,
1081 4558 1320 4628 περιέχει
1370 4557 1427 4610 δὲ
1475 4557 1816 4628 παράκλησιν
1863 4556 1958 4610 καὶ

385 4649 738 4720 παραμυθίαν
772 4647 880 4701 τῶν
917 4648 1058 4702 κατὰ
1090 4647 1179 4702 τὸν
1223 4649 1334 4718 βίον
1362 4648 1450 4701 τὸν
1479 4648 1749 4701 ἐνεστῶτα
1770 4647 1961 4700 διωκο-

390 4739 563 4808 μένων
597 4739 691 4792 atati.
720 4737 1204 4808 καταπονουμένων
1236 4738 1518 4802 εὐσεϐείας
1547 4738 1727 4801 ἕνεκα,
1765 4730 1841 4790 ὧν
1869 4738 1962 4790 καὶ

387 4829 486 4901 τὴν
536 4830 700 4901 εὐχὴν
751 4829 1098 4894 ὑποκαταϐὰς
1161 4828 1362 4900 τίθησι.
1414 4829 1708 4901 Προτάττει
1756 4828 1814 4881 δὲ
1863 4828 1962 4899 τῆς

389 4919 556 4989 εὐχῆς
589 4920 686 4991 τὴν
713 4918 1055 4990 παράκλησιν
1088 4917 1180 4971 καὶ
1206 4915 1302 4988 τὴν
1333 4917 1685 4989 παραμυθίαν
1715 4917 1959 4989 προλαμ-

390 5011 566 5065 ϐἁνων
587 5011 683 5084 τὴν
702 5011 882 5081 δέησιν
907 5011 1013 5064 τῶν
1041 5010 1381 5081 διωκομένων
1410 5012 1502 5064 καὶ
1533 5011 1957 5082 προθεραπεύων

384 5102 565 5158 αὐτῶν
602 5103 728 5167 τοὺς
756 5103 968 5166 πόνους,
996 5102 1177 5174 ἔργοις
1206 5118 1264 5153 τε
1290 5101 1555 5174 παριστὰς
1583 5103 1957 5174 πληρούμενον

385 5197 472 5249 ἐπ’
511 5195 691 5259 αὐτοῖς
738 5195 822 5258 τὸ,
875 5197 1003 5249 Ἔτι
1049 5195 1387 5260 λαλοῦντός
1432 5211 1548 5248 σου
1587 5193 1737 5264 ἐρῶσ
1803 5195 1955 5249 Ἰδοὺ

385 5288 642 5357 πάρειμι.
674 5287 934 5360 Θαρσεῖτε
971 5286 1276 5358 τοιγαροῦν,
1312 5281 1356 5340 ὦ
1401 5282 1564 5349 οὗτοι,
1607 5289 1770 5358 φησίν
1792 5305 1805 5318 °
1841 5288 1957 5342 ἐστι

383 5381 494 5450 γὰρ
525 5382 554 5434 ὸ
585 5380 808 5452 Κύριος,
843 5381 926 5448 ἐφ’
949 5380 1008 5432 ὃν
1033 5380 1319 5449 ⁴ἰχλαιιίσιιτε,
1349 5379 1538 5450 ὥσπερ
1569 5378 1699 5444 Θεὸς
1729 5380 1956 5451 ποιητὴς

384 5472 481 5527 καὶ
533 5472 668 5536 Θεὸς
717 5471 1069 5544 δημιουργὸς,
1119 5475 1212 5526 καὶ
1261 5473 1393 5536 Θεὸς
1445 5472 1648 5544 σωτὴρ,
1700 5473 1792 5527 καὶ
1823 5472 1955 5536 Θεὸς

354 5563 697 5635 εὐεργέτης,
743 5563 836 5617 καὶ
881 5563 1011 5627 Θεὸς
1060 5564 1272 5636 κριτὴς,
1327 5563 1422 5618 καί
1460 5563 1593 5628 Θεὸς
1635 5563 1816 5636 πατὴρ
1847 5563 1956 5618 τῶν

387 5656 701 5728 οἰκτιρμῶν,
733 5655 826 5710 καὶ
855 5654 986 5720 Θεὸς
1017 5655 1192 5720 πάσης
1228 5655 1642 5726 παρακλήσεως,
1680 5656 1954 5728 μακρόθυ-

375 5821 380 5829 “
459 5814 504 5846 δ’
543 5812 674 5870 Luc.
711 5833 808 5871 xm
835 5857 851 5881 ,
887 5817 979 5875 35.
1054 5818 1098 5850 "
1140 5817 1241 5872 Isa.
1279 5833 1446 5903 tvm,
1485 5819 1539 5877 9.

671 5911 938 5972 Ρλταοι.
971 5914 1098 5978 Gtt.
1137 5915 1369 5980 XXIII.

2063 4561 2236 4616 caret,
2268 4553 2697 4610 consolationem
2745 4564 2928 4612 autem
2963 4565 3018 4612 et
3047 4559 3290 4616 levamen
3321 4563 3640 4634 complecti-

2064 4653 2156 4699 tur
2185 4661 2284 4716 pro
2304 4647 2372 4702 iis
2400 4648 2492 4718 qui
2517 4648 2571 4701 in
2587 4650 2839 4718 pra-senti
2868 4655 2977 4705 vita
3000 4651 3218 4722 pietatis
3239 4669 3404 4709 causa
3429 4671 3638 4710 vexan-

2066 4747 2156 4790 tur
2187 4747 2242 4791 et
2273 4737 2606 4809 aﬂliguntur,
2637 4756 2871 4810 quorum
2914 4741 3040 4796 item
3069 4744 3372 4800 orationem
3404 4745 3636 4804 inferius

2065 4831 2376 4902 consignat.
2410 4831 2658 4888 Orationi
2689 4849 2818 4889 vero
2844 4835 3276 4890 consolationem
3305 4849 3360 4893 et
3390 4840 3637 4896 levamen

2067 4923 2369 4992 praemittit,
2428 4940 2458 4978 a
2491 4926 2894 4995 supplicatione
2935 4941 3125 4980 eorum
3149 4928 3242 4998 qui
3295 4933 3636 4999 persecutio-

2065 5030 2188 5070 nem
2207 5014 2491 5084 patiuntur
2507 5030 2690 5080 orsus,
2713 5032 3012 5086 eorumque
3041 5019 3199 5075 malis
3221 5022 3519 5076 retnedium
3539 5024 3637 5078 ad-

2070 5121 2291 5160 movere
2315 5121 2614 5177 oecupans,
2641 5107 3033 5180 declaransque
3056 5125 3220 5180 opere
3257 5113 3536 5182 impletum
3569 5117 3634 5169 il-

2064 5195 2156 5250 lud
2173 5212 2314 5262 esse,
2336 5197 2522 5250 Adhuc
2544 5208 2590 5253 te
2607 5200 2845 5268 loquente
2858 5201 3031 5255 dicam
3050 5217 3070 5255 :
3085 5201 3220 5257 Ecce
3245 5203 3434 5257 adsum
3449 5204 3516 5260 ".
3541 5205 3630 5259 Ait

2064 5288 2269 5359 itaque,
2306 5287 2450 5344 Heus
2463 5305 2583 5352 vos,
2615 5291 2905 5346 conﬁdite:
2935 5292 3091 5349 adest
3117 5295 3319 5364 quippe
3341 5294 3630 5360 Dominus,

2060 5381 2119 5434 in
2155 5395 2316 5451 quem
2363 5383 2647 5451 sperastis,
2680 5392 2867 5453 utpote
2900 5383 3042 5442 Deus
3071 5387 3275 5456 opifex.
3308 5385 3452 5444 Deus
3475 5403 3632 5443 crea-

2062 5480 2170 5537 tor,
2217 5471 2362 5529 Deus
2401 5485 2666 5539 servator,
2718 5474 2862 5532 Deus
2912 5476 3212 5544 beneﬁcus,
3259 5477 3404 5536 Deus
3439 5481 3630 5552 judex,

2065 5563 2207 5620 Deus
2237 5576 2390 5636 pater
2424 5567 2952 5637 misericordiarum,
2979 5569 3124 5626 Deus
3157 5570 3327 5628 totius
3375 5575 3630 5630 consola-

2063 5657 2249 5725 tionis,
2301 5657 2539 5714 tolerans
2585 5667 2640 5718 et
2687 5663 2917 5717 multum
2964 5657 3311 5729 misericors:
3344 5665 3633 5735 placabilis

3235 5918 3313 5979 38
