  <div class='ocr_page' id='page_1' title='image "/cluster/home/n/w/nwhite01/storage/ocr_20150623/23:no.5/coo.31924054873033/613.png"; bbox 0 0 4074 6380; ppageno 0'>
   <div class='ocr_carea' id='block_1_1' title="bbox 480 360 619 416">
    <p class='ocr_par' dir='ltr' id='par_1_1' title="bbox 480 360 619 416">
     <span class='ocr_line' id='line_1_1' title="bbox 480 360 619 416; baseline 0 -2"><span class='ocrx_word' id='word_1_1' title='bbox 480 360 619 416; x_wconf 75' lang='lat'><strong>“95</strong></span> 
     </span>
    </p>
   </div>
   <div class='ocr_carea' id='block_1_2' title="bbox 1164 345 3045 413">
    <p class='ocr_par' dir='ltr' id='par_1_2' title="bbox 1164 345 3045 413">
     <span class='ocr_line' id='line_1_2' title="bbox 1164 345 3045 413; baseline -0.007 -2"><span class='ocrx_word' id='word_1_2' title='bbox 1164 354 1434 413; x_wconf 80' lang='lat' dir='ltr'><strong>E-USEBII</strong></span> <span class='ocrx_word' id='word_1_3' title='bbox 1469 350 1948 410; x_wconf 59' lang='lat' dir='ltr'><strong>CESABIENSIS</strong></span> <span class='ocrx_word' id='word_1_4' title='bbox 1985 347 2135 405; x_wconf 80' lang='lat' dir='ltr'><strong>OPP.</strong></span> <span class='ocrx_word' id='word_1_5' title='bbox 2180 346 2358 403; x_wconf 75' lang='lat' dir='ltr'><strong>PARS</strong></span> <span class='ocrx_word' id='word_1_6' title='bbox 2389 347 2486 404; x_wconf 81' lang='lat' dir='ltr'><strong>ill.</strong></span> <span class='ocrx_word' id='word_1_7' title='bbox 2526 377 2595 388; x_wconf 97' lang='lat'><strong>—</strong></span> <span class='ocrx_word' id='word_1_8' title='bbox 2633 345 3045 404; x_wconf 75' lang='lat' dir='ltr'><strong>EXEGETICA.</strong></span> 
     </span>
    </p>
   </div>
   <div class='ocr_carea' id='block_1_3' title="bbox 3603 329 3742 404">
    <p class='ocr_par' dir='ltr' id='par_1_3' title="bbox 3603 329 3742 404">
     <span class='ocr_line' id='line_1_3' title="bbox 3603 329 3742 404; baseline 0 0"><span class='ocrx_word' id='word_1_9' title='bbox 3603 329 3742 404; x_wconf 72' lang='lat' dir='ltr'><strong>tiae</strong></span> 
     </span>
    </p>
   </div>
   <div class='ocr_carea' id='block_1_4' title="bbox 479 467 2071 550">
    <p class='ocr_par' dir='ltr' id='par_1_4' title="bbox 479 475 2055 550">
     <span class='ocr_line' id='line_1_4' title="bbox 479 475 2055 550; baseline -0.006 -15"><span class='ocrx_word' id='word_1_10' title='bbox 479 495 646 550; x_wconf 82' lang='lat' dir='ltr'><strong>super</strong></span> <span class='ocrx_word' id='word_1_11' title='bbox 699 489 940 550; x_wconf 81' lang='lat' dir='ltr'><strong>peccata.</strong></span> <span class='ocrx_word' id='word_1_12' title='bbox 987 480 1076 534; x_wconf 87' lang='lat' dir='ltr'><strong>cui</strong></span> <span class='ocrx_word' id='word_1_13' title='bbox 1111 485 1383 534; x_wconf 72' lang='lat' dir='ltr'><strong>sexcentze</strong></span> <span class='ocrx_word' id='word_1_14' title='bbox 1425 478 1546 533; x_wconf 72' lang='lat' dir='ltr'><strong>alia:</strong></span> <span class='ocrx_word' id='word_1_15' title='bbox 1573 475 1772 532; x_wconf 70' lang='lat' dir='ltr'><strong>divina:</strong></span> <span class='ocrx_word' id='word_1_16' title='bbox 1809 475 2055 530; x_wconf 89' lang='lat' dir='ltr'><strong>rationes</strong></span> 
     </span>
    </p>
   </div>
   <div class='ocr_carea' id='block_1_5' title="bbox 2174 467 3743 550">
    <p class='ocr_par' dir='ltr' id='par_1_5' title="bbox 2174 467 3743 542">
     <span class='ocr_line' id='line_1_5' title="bbox 2174 467 3743 542; baseline 0 -20"><span class='ocrx_word' id='word_1_17' title='bbox 2174 471 2260 535; x_wconf 71' lang='grc' dir='ltr'><strong>ιός</strong></span> <span class='ocrx_word' id='word_1_18' title='bbox 2288 489 2346 524; x_wconf 89' lang='grc' dir='ltr'><strong>τε</strong></span> <span class='ocrx_word' id='word_1_19' title='bbox 2380 471 2475 524; x_wconf 77' lang='grc' dir='ltr'>καὶ</span> <span class='ocrx_word' id='word_1_20' title='bbox 2517 469 2804 534; x_wconf 84' lang='grc' dir='ltr'>πολυέλεος</span> <span class='ocrx_word' id='word_1_21' title='bbox 2836 467 2933 523; x_wconf 71' lang='grc' dir='ltr'>καὶ</span> <span class='ocrx_word' id='word_1_22' title='bbox 2964 467 3242 540; x_wconf 84' lang='grc' dir='ltr'>μετανοῶν</span> <span class='ocrx_word' id='word_1_23' title='bbox 3268 468 3361 521; x_wconf 74' lang='grc' dir='ltr'><strong>ἐπὶ</strong></span> <span class='ocrx_word' id='word_1_24' title='bbox 3391 469 3516 531; x_wconf 79' lang='grc' dir='ltr'>ταῖς</span> <span class='ocrx_word' id='word_1_25' title='bbox 3560 468 3743 542; x_wconf 84' lang='grc' dir='ltr'>ἀμαρ-</span> 
     </span>
    </p>
   </div>
   <div class='ocr_carea' id='block_1_6' title="bbox 480 567 2056 639">
    <p class='ocr_par' dir='ltr' id='par_1_6' title="bbox 480 567 2056 639">
     <span class='ocr_line' id='line_1_6' title="bbox 480 567 2056 639; baseline -0.002 -15"><span class='ocrx_word' id='word_1_26' title='bbox 480 576 828 639; x_wconf 85' lang='lat' dir='ltr'><strong>competunt;</strong></span> <span class='ocrx_word' id='word_1_27' title='bbox 861 576 1026 639; x_wconf 90' lang='lat' dir='ltr'><strong>atque</strong></span> <span class='ocrx_word' id='word_1_28' title='bbox 1059 571 1131 621; x_wconf 92' lang='lat' dir='ltr'><strong>ita</strong></span> <span class='ocrx_word' id='word_1_29' title='bbox 1174 568 1288 637; x_wconf 87' lang='lat' dir='ltr'><strong>jam</strong></span> <span class='ocrx_word' id='word_1_30' title='bbox 1337 567 1482 622; x_wconf 83' lang='lat' dir='ltr'><strong>Deus</strong></span> <span class='ocrx_word' id='word_1_31' title='bbox 1523 567 1797 622; x_wconf 90' lang='lat' dir='ltr'><strong>ultionum</strong></span> <span class='ocrx_word' id='word_1_32' title='bbox 1830 567 2056 621; x_wconf 92' lang='lat' dir='ltr'><strong>dicitur.</strong></span> 
     </span>
    </p>
   </div>
   <div class='ocr_carea' id='block_1_7' title="bbox 480 655 2060 727">
    <p class='ocr_par' dir='ltr' id='par_1_7' title="bbox 480 655 2060 727">
     <span class='ocr_line' id='line_1_7' title="bbox 480 655 2060 727; baseline -0.004 -11"><span class='ocrx_word' id='word_1_33' title='bbox 480 662 681 718; x_wconf 76' lang='lat' dir='ltr'><strong>Curam</strong></span> <span class='ocrx_word' id='word_1_34' title='bbox 712 660 858 714; x_wconf 92' lang='lat' dir='ltr'><strong>enim</strong></span> <span class='ocrx_word' id='word_1_35' title='bbox 887 659 1051 712; x_wconf 87' lang='lat' dir='ltr'><strong>habet</strong></span> <span class='ocrx_word' id='word_1_36' title='bbox 1085 672 1436 727; x_wconf 76' lang='lat' dir='ltr'><strong>eorum,qu;e</strong></span> <span class='ocrx_word' id='word_1_37' title='bbox 1465 658 1519 711; x_wconf 92' lang='lat' dir='ltr'><strong>in</strong></span> <span class='ocrx_word' id='word_1_38' title='bbox 1549 657 1705 713; x_wconf 75' lang='lat' dir='ltr'><strong>cmlis</strong></span> <span class='ocrx_word' id='word_1_39' title='bbox 1738 655 1970 726; x_wconf 67' lang='lat' dir='ltr'><strong>[melius,</strong></span> <span class='ocrx_word' id='word_1_40' title='bbox 2003 656 2060 709; x_wconf 91' lang='lat' dir='ltr'><strong>in</strong></span> 
     </span>
    </p>
   </div>
   <div class='ocr_carea' id='block_1_8' title="bbox 479 747 2062 822">
    <p class='ocr_par' dir='ltr' id='par_1_8' title="bbox 479 747 2062 822">
     <span class='ocr_line' id='line_1_8' title="bbox 479 747 2062 822; baseline -0.003 -17"><span class='ocrx_word' id='word_1_41' title='bbox 479 747 677 822; x_wconf 70' lang='lat' dir='ltr'><strong>terra,1</strong></span> <span class='ocrx_word' id='word_1_42' title='bbox 709 757 999 819; x_wconf 89' lang='lat' dir='ltr'><strong>geruntur,</strong></span> <span class='ocrx_word' id='word_1_43' title='bbox 1030 750 1103 803; x_wconf 84' lang='lat' dir='ltr'><strong>ita</strong></span> <span class='ocrx_word' id='word_1_44' title='bbox 1132 757 1192 803; x_wconf 90' lang='lat' dir='ltr'><strong>ut</strong></span> <span class='ocrx_word' id='word_1_45' title='bbox 1217 747 1438 818; x_wconf 81' lang='lat' dir='ltr'><strong>dignam</strong></span> <span class='ocrx_word' id='word_1_46' title='bbox 1479 749 1743 802; x_wconf 91' lang='lat' dir='ltr'><strong>ultionem</strong></span> <span class='ocrx_word' id='word_1_47' title='bbox 1779 747 1848 802; x_wconf 92' lang='lat' dir='ltr'><strong>de</strong></span> <span class='ocrx_word' id='word_1_48' title='bbox 1878 747 2062 816; x_wconf 84' lang='lat' dir='ltr'><strong>inique</strong></span> 
     </span>
    </p>
   </div>
   <div class='ocr_carea' id='block_1_9' title="bbox 481 835 2064 909">
    <p class='ocr_par' dir='ltr' id='par_1_9' title="bbox 481 835 2064 909">
     <span class='ocr_line' id='line_1_9' title="bbox 481 835 2064 909; baseline 0 -18"><span class='ocrx_word' id='word_1_49' title='bbox 481 837 765 909; x_wconf 76' lang='lat' dir='ltr'><strong>agentibus</strong></span> <span class='ocrx_word' id='word_1_50' title='bbox 822 846 1024 902; x_wconf 83' lang='lat' dir='ltr'><strong>sumat,</strong></span> <span class='ocrx_word' id='word_1_51' title='bbox 1064 837 1215 906; x_wconf 90' lang='lat' dir='ltr'><strong>juste</strong></span> <span class='ocrx_word' id='word_1_52' title='bbox 1260 835 1513 908; x_wconf 88' lang='lat' dir='ltr'><strong>judicet,</strong></span> <span class='ocrx_word' id='word_1_53' title='bbox 1560 851 1683 892; x_wconf 87' lang='lat' dir='ltr'><strong>reos</strong></span> <span class='ocrx_word' id='word_1_54' title='bbox 1731 835 1951 906; x_wconf 84' lang='lat' dir='ltr'><strong>plectat,</strong></span> <span class='ocrx_word' id='word_1_55' title='bbox 1997 851 2064 891; x_wconf 89' lang='lat' dir='ltr'><strong>ac</strong></span> 
     </span>
    </p>
   </div>
   <div class='ocr_carea' id='block_1_10' title="bbox 481 926 2066 998">
    <p class='ocr_par' dir='ltr' id='par_1_10' title="bbox 481 926 2066 998">
     <span class='ocr_line' id='line_1_10' title="bbox 481 926 2066 998; baseline -0.001 -16"><span class='ocrx_word' id='word_1_56' title='bbox 481 930 682 998; x_wconf 88' lang='lat' dir='ltr'><strong>cuique</strong></span> <span class='ocrx_word' id='word_1_57' title='bbox 731 927 940 982; x_wconf 78' lang='lat' dir='ltr'><strong>tribuat</strong></span> <span class='ocrx_word' id='word_1_58' title='bbox 972 928 1276 984; x_wconf 66' lang='lat' dir='ltr'><strong>secundum</strong></span> <span class='ocrx_word' id='word_1_59' title='bbox 1309 941 1473 996; x_wconf 85' lang='lat' dir='ltr'><strong>opera</strong></span> <span class='ocrx_word' id='word_1_60' title='bbox 1504 942 1625 982; x_wconf 87' lang='lat' dir='ltr'><strong>sua.</strong></span> <span class='ocrx_word' id='word_1_61' title='bbox 1653 926 1922 982; x_wconf 80' lang='lat' dir='ltr'><strong>Confidite</strong></span> <span class='ocrx_word' id='word_1_62' title='bbox 1961 927 2066 997; x_wconf 81' lang='lat' dir='ltr'><strong>igi-</strong></span> 
     </span>
    </p>
   </div>
   <div class='ocr_carea' id='block_1_11' title="bbox 482 1018 2065 1084">
    <p class='ocr_par' dir='ltr' id='par_1_11' title="bbox 482 1018 2065 1084">
     <span class='ocr_line' id='line_1_11' title="bbox 482 1018 2065 1084; baseline -0.001 -11"><span class='ocrx_word' id='word_1_63' title='bbox 482 1030 592 1084; x_wconf 86' lang='lat' dir='ltr'><strong>tur,</strong></span> <span class='ocrx_word' id='word_1_64' title='bbox 643 1019 823 1074; x_wconf 90' lang='lat' dir='ltr'><strong>edocti</strong></span> <span class='ocrx_word' id='word_1_65' title='bbox 878 1035 976 1074; x_wconf 87' lang='lat' dir='ltr'><strong>vos</strong></span> <span class='ocrx_word' id='word_1_66' title='bbox 1037 1018 1208 1074; x_wconf 90' lang='lat' dir='ltr'><strong>Deum</strong></span> <span class='ocrx_word' id='word_1_67' title='bbox 1259 1020 1529 1074; x_wconf 91' lang='lat' dir='ltr'><strong>ultionum</strong></span> <span class='ocrx_word' id='word_1_68' title='bbox 1576 1019 1830 1074; x_wconf 83' lang='lat' dir='ltr'><strong>habere:</strong></span> <span class='ocrx_word' id='word_1_69' title='bbox 1881 1027 2065 1074; x_wconf 78' lang='lat' dir='ltr'><strong>vester</strong></span> 
     </span>
    </p>
   </div>
   <div class='ocr_carea' id='block_1_12' title="bbox 481 1107 2062 1179">
    <p class='ocr_par' dir='ltr' id='par_1_12' title="bbox 481 1107 2062 1179">
     <span class='ocr_line' id='line_1_12' title="bbox 481 1107 2062 1179; baseline -0.002 -16"><span class='ocrx_word' id='word_1_70' title='bbox 481 1110 685 1179; x_wconf 88' lang='lat' dir='ltr'><strong>quippe</strong></span> <span class='ocrx_word' id='word_1_71' title='bbox 726 1107 893 1172; x_wconf 88' lang='lat' dir='ltr'><strong>Deus,</strong></span> <span class='ocrx_word' id='word_1_72' title='bbox 939 1109 1208 1163; x_wconf 87' lang='lat' dir='ltr'><strong>ultionum</strong></span> <span class='ocrx_word' id='word_1_73' title='bbox 1254 1107 1398 1164; x_wconf 86' lang='lat' dir='ltr'><strong>Deus</strong></span> <span class='ocrx_word' id='word_1_74' title='bbox 1447 1123 1570 1163; x_wconf 88' lang='lat' dir='ltr'><strong>esse</strong></span> <span class='ocrx_word' id='word_1_75' title='bbox 1600 1109 1760 1163; x_wconf 82' lang='lat' dir='ltr'><strong>solet.</strong></span> <span class='ocrx_word' id='word_1_76' title='bbox 1790 1107 1855 1160; x_wconf 88' lang='lat' dir='ltr'><strong>Et</strong></span> <span class='ocrx_word' id='word_1_77' title='bbox 1891 1108 2062 1178; x_wconf 88' lang='lat' dir='ltr'><strong>quod,</strong></span> 
     </span>
    </p>
   </div>
   <div class='ocr_carea' id='block_1_13' title="bbox 482 1199 2066 1272">
    <p class='ocr_par' dir='ltr' id='par_1_13' title="bbox 482 1199 2066 1272">
     <span class='ocr_line' id='line_1_13' title="bbox 482 1199 2066 1272; baseline -0.001 -16"><span class='ocrx_word' id='word_1_78' title='bbox 482 1209 670 1272; x_wconf 88' lang='lat' dir='ltr'><strong>utpote</strong></span> <span class='ocrx_word' id='word_1_79' title='bbox 702 1200 845 1256; x_wconf 88' lang='lat' dir='ltr'><strong>Deus</strong></span> <span class='ocrx_word' id='word_1_80' title='bbox 881 1200 1074 1255; x_wconf 77' lang='lat' dir='ltr'><strong>vindex</strong></span> <span class='ocrx_word' id='word_1_81' title='bbox 1097 1215 1286 1255; x_wconf 87' lang='lat' dir='ltr'><strong>eorum</strong></span> <span class='ocrx_word' id='word_1_82' title='bbox 1315 1202 1406 1270; x_wconf 93' lang='lat' dir='ltr'><strong>qui</strong></span> <span class='ocrx_word' id='word_1_83' title='bbox 1445 1200 1738 1267; x_wconf 65' lang='lat' dir='ltr'><strong>latduntur,</strong></span> <span class='ocrx_word' id='word_1_84' title='bbox 1768 1215 1892 1255; x_wconf 85' lang='lat' dir='ltr'><strong>cuin</strong></span> <span class='ocrx_word' id='word_1_85' title='bbox 1927 1199 2066 1254; x_wconf 84' lang='lat' dir='ltr'><strong>ﬁdu-</strong></span> 
     </span>
    </p>
   </div>
   <div class='ocr_carea' id='block_1_14' title="bbox 484 1291 2065 1363">
    <p class='ocr_par' dir='ltr' id='par_1_14' title="bbox 484 1291 2065 1363">
     <span class='ocr_line' id='line_1_14' title="bbox 484 1291 2065 1363; baseline -0.001 -16"><span class='ocrx_word' id='word_1_86' title='bbox 484 1294 570 1348; x_wconf 93' lang='lat' dir='ltr'><strong>cia</strong></span> <span class='ocrx_word' id='word_1_87' title='bbox 605 1301 759 1362; x_wconf 89' lang='lat' dir='ltr'><strong>agat;</strong></span> <span class='ocrx_word' id='word_1_88' title='bbox 791 1291 1026 1360; x_wconf 83' lang='lat' dir='ltr'><strong>idipsuin</strong></span> <span class='ocrx_word' id='word_1_89' title='bbox 1059 1293 1205 1346; x_wconf 87' lang='lat' dir='ltr'><strong>clare</strong></span> <span class='ocrx_word' id='word_1_90' title='bbox 1230 1301 1436 1346; x_wconf 90' lang='lat' dir='ltr'><strong>etcum</strong></span> <span class='ocrx_word' id='word_1_91' title='bbox 1465 1291 1664 1346; x_wconf 83' lang='lat' dir='ltr'><strong>ﬁducia</strong></span> <span class='ocrx_word' id='word_1_92' title='bbox 1703 1307 1798 1362; x_wconf 91' lang='lat' dir='ltr'><strong>per</strong></span> <span class='ocrx_word' id='word_1_93' title='bbox 1830 1291 2065 1363; x_wconf 77' lang='lat' dir='ltr'><strong>prophe-</strong></span> 
     </span>
    </p>
   </div>
   <div class='ocr_carea' id='block_1_15' title="bbox 483 1382 2066 1453">
    <p class='ocr_par' dir='ltr' id='par_1_15' title="bbox 483 1382 2066 1453">
     <span class='ocr_line' id='line_1_15' title="bbox 483 1382 2066 1453; baseline 0 -15"><span class='ocrx_word' id='word_1_94' title='bbox 483 1394 572 1438; x_wconf 86' lang='lat' dir='ltr'><strong>tas</strong></span> <span class='ocrx_word' id='word_1_95' title='bbox 604 1400 736 1440; x_wconf 90' lang='lat' dir='ltr'><strong>suos</strong></span> <span class='ocrx_word' id='word_1_96' title='bbox 780 1384 1155 1453; x_wconf 69' lang='lat' dir='ltr'><strong>deprmdicat:</strong></span> <span class='ocrx_word' id='word_1_97' title='bbox 1205 1391 1369 1452; x_wconf 85' lang='lat' dir='ltr'><strong>atque</strong></span> <span class='ocrx_word' id='word_1_98' title='bbox 1422 1382 1504 1437; x_wconf 90' lang='lat' dir='ltr'><strong>sic</strong></span> <span class='ocrx_word' id='word_1_99' title='bbox 1547 1382 1669 1452; x_wconf 86' lang='lat' dir='ltr'><strong>ejus</strong></span> <span class='ocrx_word' id='word_1_100' title='bbox 1711 1383 2066 1453; x_wconf 65' lang='lat' dir='ltr'><strong>providentiae</strong></span> 
     </span>
    </p>
   </div>
   <div class='ocr_carea' id='block_1_16' title="bbox 486 1473 2066 1545">
    <p class='ocr_par' dir='ltr' id='par_1_16' title="bbox 486 1473 2066 1545">
     <span class='ocr_line' id='line_1_16' title="bbox 486 1473 2066 1545; baseline -0.003 -14"><span class='ocrx_word' id='word_1_101' title='bbox 486 1478 625 1531; x_wconf 82' lang='lat' dir='ltr'><strong>ratio</strong></span> <span class='ocrx_word' id='word_1_102' title='bbox 651 1477 922 1542; x_wconf 81' lang='lat' dir='ltr'><strong>consistit,</strong></span> <span class='ocrx_word' id='word_1_103' title='bbox 955 1491 1060 1545; x_wconf 90' lang='lat' dir='ltr'><strong>qua</strong></span> <span class='ocrx_word' id='word_1_104' title='bbox 1089 1476 1237 1544; x_wconf 89' lang='lat' dir='ltr'><strong>juste</strong></span> <span class='ocrx_word' id='word_1_105' title='bbox 1269 1480 1324 1528; x_wconf 88' lang='lat' dir='ltr'><strong>et</strong></span> <span class='ocrx_word' id='word_1_106' title='bbox 1359 1477 1636 1543; x_wconf 82' lang='lat' dir='ltr'><strong>sapienter</strong></span> <span class='ocrx_word' id='word_1_107' title='bbox 1665 1474 1849 1528; x_wconf 88' lang='lat' dir='ltr'><strong>omnia</strong></span> <span class='ocrx_word' id='word_1_108' title='bbox 1889 1473 2066 1528; x_wconf 87' lang='lat' dir='ltr'><strong>admi-</strong></span> 
     </span>
    </p>
   </div>
   <div class='ocr_carea' id='block_1_17' title="bbox 485 1565 2066 1638">
    <p class='ocr_par' dir='ltr' id='par_1_17' title="bbox 485 1565 2066 1638">
     <span class='ocr_line' id='line_1_17' title="bbox 485 1565 2066 1638; baseline -0.001 -16"><span class='ocrx_word' id='word_1_109' title='bbox 485 1569 704 1623; x_wconf 86' lang='lat' dir='ltr'><strong>nistrat.</strong></span> <span class='ocrx_word' id='word_1_110' title='bbox 736 1565 794 1622; x_wconf 90' lang='lat' dir='ltr'><strong>ln</strong></span> <span class='ocrx_word' id='word_1_111' title='bbox 837 1568 941 1622; x_wconf 87' lang='lat' dir='ltr'><strong>hac</strong></span> <span class='ocrx_word' id='word_1_112' title='bbox 966 1567 1183 1638; x_wconf 90' lang='lat' dir='ltr'><strong>quidem</strong></span> <span class='ocrx_word' id='word_1_113' title='bbox 1214 1568 1324 1622; x_wconf 86' lang='lat' dir='ltr'><strong>vita</strong></span> <span class='ocrx_word' id='word_1_114' title='bbox 1371 1569 1543 1624; x_wconf 85' lang='lat' dir='ltr'><strong>solem</strong></span> <span class='ocrx_word' id='word_1_115' title='bbox 1572 1583 1732 1623; x_wconf 88' lang='lat' dir='ltr'><strong>suum</strong></span> <span class='ocrx_word' id='word_1_116' title='bbox 1771 1567 1904 1621; x_wconf 90' lang='lat' dir='ltr'><strong>oriri</strong></span> <span class='ocrx_word' id='word_1_117' title='bbox 1934 1565 2066 1620; x_wconf 80' lang='lat' dir='ltr'><strong>facit</strong></span> 
     </span>
    </p>
   </div>
   <div class='ocr_carea' id='block_1_18' title="bbox 487 1660 2065 1733">
    <p class='ocr_par' dir='ltr' id='par_1_18' title="bbox 487 1660 2065 1733">
     <span class='ocr_line' id='line_1_18' title="bbox 487 1660 2065 1733; baseline -0.001 -16"><span class='ocrx_word' id='word_1_118' title='bbox 487 1677 653 1733; x_wconf 83' lang='lat' dir='ltr'><strong>super</strong></span> <span class='ocrx_word' id='word_1_119' title='bbox 682 1660 864 1731; x_wconf 88' lang='lat' dir='ltr'><strong>justos</strong></span> <span class='ocrx_word' id='word_1_120' title='bbox 907 1668 962 1716; x_wconf 89' lang='lat' dir='ltr'><strong>et</strong></span> <span class='ocrx_word' id='word_1_121' title='bbox 1013 1661 1268 1731; x_wconf 86' lang='lat' dir='ltr'><strong>injustos,</strong></span> <span class='ocrx_word' id='word_1_122' title='bbox 1301 1675 1365 1715; x_wconf 90' lang='lat' dir='ltr'><strong>ac</strong></span> <span class='ocrx_word' id='word_1_123' title='bbox 1397 1661 1537 1731; x_wconf 91' lang='lat' dir='ltr'><strong>pluit</strong></span> <span class='ocrx_word' id='word_1_124' title='bbox 1583 1675 1747 1731; x_wconf 90' lang='lat' dir='ltr'><strong>super</strong></span> <span class='ocrx_word' id='word_1_125' title='bbox 1785 1660 2065 1730; x_wconf 87' lang='lat' dir='ltr'><strong>improbos</strong></span> 
     </span>
    </p>
   </div>
   <div class='ocr_carea' id='block_1_19' title="bbox 486 1751 2064 1823">
    <p class='ocr_par' dir='ltr' id='par_1_19' title="bbox 486 1751 2064 1823">
     <span class='ocr_line' id='line_1_19' title="bbox 486 1751 2064 1823; baseline -0.003 -14"><span class='ocrx_word' id='word_1_126' title='bbox 486 1764 541 1809; x_wconf 90' lang='lat' dir='ltr'><strong>et</strong></span> <span class='ocrx_word' id='word_1_127' title='bbox 576 1755 771 1816; x_wconf 92' lang='lat' dir='ltr'><strong>bonos,</strong></span> <span class='ocrx_word' id='word_1_128' title='bbox 804 1761 967 1823; x_wconf 88' lang='lat' dir='ltr'><strong>atque</strong></span> <span class='ocrx_word' id='word_1_129' title='bbox 999 1751 1144 1807; x_wconf 90' lang='lat' dir='ltr'><strong>bona</strong></span> <span class='ocrx_word' id='word_1_130' title='bbox 1196 1767 1298 1809; x_wconf 89' lang='lat' dir='ltr'><strong>sua</strong></span> <span class='ocrx_word' id='word_1_131' title='bbox 1343 1752 1628 1822; x_wconf 70' lang='lat' dir='ltr'><strong>aequaliter</strong></span> <span class='ocrx_word' id='word_1_132' title='bbox 1674 1751 1928 1806; x_wconf 89' lang='lat' dir='ltr'><strong>omnibus</strong></span> <span class='ocrx_word' id='word_1_133' title='bbox 1959 1753 2064 1805; x_wconf 84' lang='lat' dir='ltr'><strong>im-</strong></span> 
     </span>
    </p>
   </div>
   <div class='ocr_carea' id='block_1_20' title="bbox 485 1842 2067 1916">
    <p class='ocr_par' dir='ltr' id='par_1_20' title="bbox 485 1842 2067 1916">
     <span class='ocr_line' id='line_1_20' title="bbox 485 1842 2067 1916; baseline -0.003 -15"><span class='ocrx_word' id='word_1_134' title='bbox 485 1848 650 1916; x_wconf 88' lang='lat' dir='ltr'><strong>pertit</strong></span> <span class='ocrx_word' id='word_1_135' title='bbox 669 1863 684 1909; x_wconf 87' lang='lat'><strong>;</strong></span> <span class='ocrx_word' id='word_1_136' title='bbox 720 1845 815 1900; x_wconf 88' lang='lat' dir='ltr'><strong>sed</strong></span> <span class='ocrx_word' id='word_1_137' title='bbox 851 1844 1174 1915; x_wconf 83' lang='lat' dir='ltr'><strong>congruenti</strong></span> <span class='ocrx_word' id='word_1_138' title='bbox 1203 1851 1450 1915; x_wconf 88' lang='lat' dir='ltr'><strong>tempore</strong></span> <span class='ocrx_word' id='word_1_139' title='bbox 1486 1842 1631 1900; x_wconf 91' lang='lat' dir='ltr'><strong>Deus</strong></span> <span class='ocrx_word' id='word_1_140' title='bbox 1663 1842 1929 1898; x_wconf 90' lang='lat' dir='ltr'><strong>ultionum</strong></span> <span class='ocrx_word' id='word_1_141' title='bbox 1955 1842 2067 1898; x_wconf 88' lang='lat' dir='ltr'><strong>eili-</strong></span> 
     </span>
    </p>
   </div>
   <div class='ocr_carea' id='block_1_21' title="bbox 487 1935 2066 2008">
    <p class='ocr_par' dir='ltr' id='par_1_21' title="bbox 487 1935 2066 2008">
     <span class='ocr_line' id='line_1_21' title="bbox 487 1935 2066 2008; baseline -0.001 -16"><span class='ocrx_word' id='word_1_142' title='bbox 487 1939 684 2001; x_wconf 90' lang='lat' dir='ltr'><strong>cietur,</strong></span> <span class='ocrx_word' id='word_1_143' title='bbox 721 1937 940 2008; x_wconf 86' lang='lat' dir='ltr'><strong>quando</strong></span> <span class='ocrx_word' id='word_1_144' title='bbox 975 1937 1303 2008; x_wconf 71' lang='lat' dir='ltr'><strong>promet-itas</strong></span> <span class='ocrx_word' id='word_1_145' title='bbox 1351 1951 1542 2008; x_wconf 85' lang='lat' dir='ltr'><strong>poenas</strong></span> <span class='ocrx_word' id='word_1_146' title='bbox 1575 1936 1645 1992; x_wconf 90' lang='lat' dir='ltr'><strong>ab</strong></span> <span class='ocrx_word' id='word_1_147' title='bbox 1677 1936 1745 1992; x_wconf 93' lang='lat' dir='ltr'><strong>iis</strong></span> <span class='ocrx_word' id='word_1_148' title='bbox 1778 1935 1871 2008; x_wconf 90' lang='lat' dir='ltr'><strong>qui</strong></span> <span class='ocrx_word' id='word_1_149' title='bbox 1899 1935 2066 1991; x_wconf 86' lang='lat' dir='ltr'><strong>bene-</strong></span> 
     </span>
    </p>
   </div>
   <div class='ocr_carea' id='block_1_22' title="bbox 487 2029 1641 2101">
    <p class='ocr_par' dir='ltr' id='par_1_22' title="bbox 487 2029 1641 2101">
     <span class='ocr_line' id='line_1_22' title="bbox 487 2029 1641 2101; baseline -0.004 -13"><span class='ocrx_word' id='word_1_150' title='bbox 487 2031 628 2088; x_wconf 77' lang='lat' dir='ltr'><strong>ﬂciis</strong></span> <span class='ocrx_word' id='word_1_151' title='bbox 659 2029 779 2101; x_wconf 86' lang='lat' dir='ltr'><strong>ejus</strong></span> <span class='ocrx_word' id='word_1_152' title='bbox 808 2046 916 2084; x_wconf 92' lang='lat' dir='ltr'><strong>non</strong></span> <span class='ocrx_word' id='word_1_153' title='bbox 951 2037 1101 2086; x_wconf 88' lang='lat' dir='ltr'><strong>recte</strong></span> <span class='ocrx_word' id='word_1_154' title='bbox 1129 2037 1258 2086; x_wconf 83' lang='lat' dir='ltr'><strong>sunt</strong></span> <span class='ocrx_word' id='word_1_155' title='bbox 1285 2030 1371 2085; x_wconf 92' lang='lat' dir='ltr'><strong>usi</strong></span> <span class='ocrx_word' id='word_1_156' title='bbox 1401 2036 1641 2100; x_wconf 80' lang='lat' dir='ltr'><strong>expetet.</strong></span> 
     </span>
    </p>
   </div>
   <div class='ocr_carea' id='block_1_23' title="bbox 559 2291 2070 2364">
    <p class='ocr_par' dir='ltr' id='par_1_23' title="bbox 559 2291 2070 2364">
     <span class='ocr_line' id='line_1_23' title="bbox 559 2291 2070 2364; baseline 0.003 -18"><span class='ocrx_word' id='word_1_157' title='bbox 559 2291 730 2349; x_wconf 71' lang='lat' dir='ltr'><strong>Vnus.</strong></span> <span class='ocrx_word' id='word_1_158' title='bbox 761 2292 880 2348; x_wconf 71' lang='grc'><strong>2-4.</strong></span> <span class='ocrx_word' id='word_1_159' title='bbox 936 2292 1212 2362; x_wconf 76' lang='lat' dir='ltr'><strong>Exaltare,</strong></span> <span class='ocrx_word' id='word_1_160' title='bbox 1257 2295 1347 2364; x_wconf 85' lang='lat' dir='ltr'><strong>qui</strong></span> <span class='ocrx_word' id='word_1_161' title='bbox 1386 2293 1604 2364; x_wconf 77' lang='lat' dir='ltr'><strong>judicas</strong></span> <span class='ocrx_word' id='word_1_162' title='bbox 1646 2303 1864 2356; x_wconf 86' lang='lat' dir='ltr'><strong>terram.</strong></span> <span class='ocrx_word' id='word_1_163' title='bbox 1912 2294 2070 2350; x_wconf 85' lang='lat' dir='ltr'><strong>redde</strong></span> 
     </span>
    </p>
   </div>
   <div class='ocr_carea' id='block_1_24' title="bbox 497 2376 2071 2450">
    <p class='ocr_par' dir='ltr' id='par_1_24' title="bbox 497 2376 2071 2450">
     <span class='ocr_line' id='line_1_24' title="bbox 497 2376 2071 2450; baseline 0.001 -18"><span class='ocrx_word' id='word_1_164' title='bbox 497 2378 892 2432; x_wconf 80' lang='lat' dir='ltr'><strong>retributionem</strong></span> <span class='ocrx_word' id='word_1_165' title='bbox 933 2377 1191 2446; x_wconf 76' lang='lat' dir='ltr'><strong>superbis.</strong></span> <span class='ocrx_word' id='word_1_166' title='bbox 1254 2376 1532 2450; x_wconf 74' lang='lat' dir='ltr'><strong>anuequo</strong></span> <span class='ocrx_word' id='word_1_167' title='bbox 1585 2389 1904 2448; x_wconf 80' lang='lat' dir='ltr'><strong>peccatores,</strong></span> <span class='ocrx_word' id='word_1_168' title='bbox 1959 2379 2071 2434; x_wconf 86' lang='lat' dir='ltr'><strong>Do-</strong></span> 
     </span>
    </p>
   </div>
   <div class='ocr_carea' id='block_1_25' title="bbox 493 2471 2073 2544">
    <p class='ocr_par' dir='ltr' id='par_1_25' title="bbox 493 2471 2073 2544">
     <span class='ocr_line' id='line_1_25' title="bbox 493 2471 2073 2544; baseline 0.001 -19"><span class='ocrx_word' id='word_1_169' title='bbox 493 2472 654 2533; x_wconf 82' lang='lat' dir='ltr'><strong>mine,</strong></span> <span class='ocrx_word' id='word_1_170' title='bbox 687 2487 950 2542; x_wconf 78' lang='lat' dir='ltr'><strong>usquequo</strong></span> <span class='ocrx_word' id='word_1_171' title='bbox 979 2480 1279 2539; x_wconf 75' lang='lat' dir='ltr'><strong>peccatores</strong></span> <span class='ocrx_word' id='word_1_172' title='bbox 1309 2471 1717 2544; x_wconf 81' lang='lat' dir='ltr'><strong>gloriabuntur?</strong></span> <span class='ocrx_word' id='word_1_173' title='bbox 1747 2471 2073 2541; x_wconf 73' lang='lat' dir='ltr'><strong>E/fabuntur</strong></span> 
     </span>
    </p>
   </div>
   <div class='ocr_carea' id='block_1_26' title="bbox 490 2561 2072 2634">
    <p class='ocr_par' dir='ltr' id='par_1_26' title="bbox 490 2561 2072 2634">
     <span class='ocr_line' id='line_1_26' title="bbox 490 2561 2072 2634; baseline 0.002 -20"><span class='ocrx_word' id='word_1_174' title='bbox 490 2572 539 2614; x_wconf 89' lang='lat' dir='ltr'><strong>et</strong></span> <span class='ocrx_word' id='word_1_175' title='bbox 565 2561 840 2631; x_wconf 82' lang='lat' dir='ltr'><strong>loquentur</strong></span> <span class='ocrx_word' id='word_1_176' title='bbox 863 2562 1208 2630; x_wconf 73' lang='lat' dir='ltr'><strong>iniquitatem,</strong></span> <span class='ocrx_word' id='word_1_177' title='bbox 1237 2563 1511 2633; x_wconf 77' lang='lat' dir='ltr'><strong>loquentur</strong></span> <span class='ocrx_word' id='word_1_178' title='bbox 1531 2579 1708 2618; x_wconf 77' lang='lat' dir='ltr'><strong>omnes</strong></span> <span class='ocrx_word' id='word_1_179' title='bbox 1735 2565 1823 2634; x_wconf 87' lang='lat' dir='ltr'><strong>qui</strong></span> <span class='ocrx_word' id='word_1_180' title='bbox 1845 2579 2072 2631; x_wconf 86' lang='lat' dir='ltr'><strong>operan-</strong></span> 
     </span>
    </p>
   </div>
   <div class='ocr_carea' id='block_1_27' title="bbox 494 2651 2073 2724">
    <p class='ocr_par' dir='ltr' id='par_1_27' title="bbox 494 2651 2073 2724">
     <span class='ocr_line' id='line_1_27' title="bbox 494 2651 2073 2724; baseline 0.004 -20"><span class='ocrx_word' id='word_1_181' title='bbox 494 2663 582 2704; x_wconf 77' lang='lat' dir='ltr'><strong>tur</strong></span> <span class='ocrx_word' id='word_1_182' title='bbox 615 2652 975 2720; x_wconf 77' lang='lat' dir='ltr'><strong>injustitiam?</strong></span> <span class='ocrx_word' id='word_1_183' title='bbox 1010 2651 1249 2723; x_wconf 81' lang='lat' dir='ltr'><strong>Spiritus</strong></span> <span class='ocrx_word' id='word_1_184' title='bbox 1288 2653 1506 2724; x_wconf 89' lang='lat' dir='ltr'><strong>quidem</strong></span> <span class='ocrx_word' id='word_1_185' title='bbox 1545 2661 1772 2710; x_wconf 84' lang='lat' dir='ltr'><strong>sanctus</strong></span> <span class='ocrx_word' id='word_1_186' title='bbox 1819 2655 1904 2709; x_wconf 91' lang='lat' dir='ltr'><strong>vel</strong></span> <span class='ocrx_word' id='word_1_187' title='bbox 1947 2663 2073 2710; x_wconf 87' lang='lat' dir='ltr'><strong>ante</strong></span> 
     </span>
    </p>
   </div>
   <div class='ocr_carea' id='block_1_28' title="bbox 493 2745 2074 2818">
    <p class='ocr_par' dir='ltr' id='par_1_28' title="bbox 493 2745 2074 2818">
     <span class='ocr_line' id='line_1_28' title="bbox 493 2745 2074 2818; baseline 0.004 -22"><span class='ocrx_word' id='word_1_188' title='bbox 493 2748 798 2799; x_wconf 87' lang='lat' dir='ltr'><strong>orationem</strong></span> <span class='ocrx_word' id='word_1_189' title='bbox 835 2745 1149 2815; x_wconf 78' lang='lat' dir='ltr'><strong>prophetiae</strong></span> <span class='ocrx_word' id='word_1_190' title='bbox 1178 2746 1592 2816; x_wconf 87' lang='lat' dir='ltr'><strong>responsionem</strong></span> <span class='ocrx_word' id='word_1_191' title='bbox 1623 2746 1756 2810; x_wconf 89' lang='lat' dir='ltr'><strong>edit,</strong></span> <span class='ocrx_word' id='word_1_192' title='bbox 1784 2745 1916 2802; x_wconf 89' lang='lat' dir='ltr'><strong>illud</strong></span> <span class='ocrx_word' id='word_1_193' title='bbox 1947 2763 2074 2818; x_wconf 70' lang='lat' dir='ltr'><strong>pro~</strong></span> 
     </span>
    </p>
   </div>
   <div class='ocr_carea' id='block_1_29' title="bbox 493 2837 2070 2908">
    <p class='ocr_par' dir='ltr' id='par_1_29' title="bbox 493 2837 2070 2908">
     <span class='ocr_line' id='line_1_29' title="bbox 493 2837 2070 2908; baseline 0.002 -18"><span class='ocrx_word' id='word_1_194' title='bbox 493 2837 638 2891; x_wconf 77' lang='lat' dir='ltr'><strong>terre</strong></span> <span class='ocrx_word' id='word_1_195' title='bbox 667 2852 945 2908; x_wconf 83' lang='lat' dir='ltr'><strong>occupans</strong></span> <span class='ocrx_word' id='word_1_196' title='bbox 966 2838 1111 2908; x_wconf 91' lang='lat' dir='ltr'><strong>quod</strong></span> <span class='ocrx_word' id='word_1_197' title='bbox 1127 2849 1259 2908; x_wconf 86' lang='lat' dir='ltr'><strong>post</strong></span> <span class='ocrx_word' id='word_1_198' title='bbox 1276 2839 1580 2894; x_wconf 91' lang='lat' dir='ltr'><strong>orationem</strong></span> <span class='ocrx_word' id='word_1_199' title='bbox 1607 2838 1901 2894; x_wconf 87' lang='lat' dir='ltr'><strong>dicendum</strong></span> <span class='ocrx_word' id='word_1_200' title='bbox 1919 2846 2070 2908; x_wconf 90' lang='lat' dir='ltr'><strong>erat;</strong></span> 
     </span>
    </p>
   </div>
   <div class='ocr_carea' id='block_1_30' title="bbox 495 2927 2072 3000">
    <p class='ocr_par' dir='ltr' id='par_1_30' title="bbox 495 2927 2072 3000">
     <span class='ocr_line' id='line_1_30' title="bbox 495 2927 2072 3000; baseline 0.003 -20"><span class='ocrx_word' id='word_1_201' title='bbox 495 2927 660 2997; x_wconf 89' lang='lat' dir='ltr'><strong>idque</strong></span> <span class='ocrx_word' id='word_1_202' title='bbox 689 2943 756 2983; x_wconf 82' lang='lat' dir='ltr'><strong>ex</strong></span> <span class='ocrx_word' id='word_1_203' title='bbox 791 2928 1131 2998; x_wconf 61' lang='lat' dir='ltr'><strong>praescientia</strong></span> <span class='ocrx_word' id='word_1_204' title='bbox 1154 2945 1344 2984; x_wconf 91' lang='lat' dir='ltr'><strong>eorum</strong></span> <span class='ocrx_word' id='word_1_205' title='bbox 1375 2945 1496 3000; x_wconf 76' lang='lat' dir='ltr'><strong>qua:</strong></span> <span class='ocrx_word' id='word_1_206' title='bbox 1518 2930 1572 2984; x_wconf 93' lang='lat' dir='ltr'><strong>in</strong></span> <span class='ocrx_word' id='word_1_207' title='bbox 1603 2930 1851 2986; x_wconf 88' lang='lat' dir='ltr'><strong>oratione</strong></span> <span class='ocrx_word' id='word_1_208' title='bbox 1885 2929 2072 2985; x_wconf 89' lang='lat' dir='ltr'><strong>dicen-</strong></span> 
     </span>
    </p>
   </div>
   <div class='ocr_carea' id='block_1_31' title="bbox 493 3018 2073 3093">
    <p class='ocr_par' dir='ltr' id='par_1_31' title="bbox 493 3018 2073 3093">
     <span class='ocr_line' id='line_1_31' title="bbox 493 3018 2073 3093; baseline 0.002 -20"><span class='ocrx_word' id='word_1_209' title='bbox 493 3018 564 3073; x_wconf 83' lang='lat' dir='ltr'><strong>da</strong></span> <span class='ocrx_word' id='word_1_210' title='bbox 603 3028 778 3075; x_wconf 85' lang='lat' dir='ltr'><strong>erant.</strong></span> <span class='ocrx_word' id='word_1_211' title='bbox 808 3019 1178 3086; x_wconf 85' lang='lat' dir='ltr'><strong>Quamobrem</strong></span> <span class='ocrx_word' id='word_1_212' title='bbox 1208 3019 1318 3074; x_wconf 91' lang='lat' dir='ltr'><strong>duo</strong></span> <span class='ocrx_word' id='word_1_213' title='bbox 1349 3021 1606 3077; x_wconf 87' lang='lat' dir='ltr'><strong>versiculi</strong></span> <span class='ocrx_word' id='word_1_214' title='bbox 1657 3022 2073 3093; x_wconf 86' lang='lat' dir='ltr'><strong>responsionem</strong></span> 
     </span>
    </p>
   </div>
   <div class='ocr_carea' id='block_1_32' title="bbox 2160 559 3748 634">
    <p class='ocr_par' dir='ltr' id='par_1_32' title="bbox 2160 559 3748 634">
     <span class='ocr_line' id='line_1_32' title="bbox 2160 559 3748 634; baseline -0.003 -16"><span class='ocrx_word' id='word_1_215' title='bbox 2160 565 2323 629; x_wconf 90' lang='grc' dir='ltr'>τίαις,</span> <span class='ocrx_word' id='word_1_216' title='bbox 2348 565 2444 618; x_wconf 58' lang='grc' dir='ltr'><strong>καί⁵</strong></span> <span class='ocrx_word' id='word_1_217' title='bbox 2476 563 2640 626; x_wconf 76' lang='grc' dir='ltr'>ἄλλας</span> <span class='ocrx_word' id='word_1_218' title='bbox 2657 563 2865 634; x_wconf 77' lang='grc' dir='ltr'>μορίας</span> <span class='ocrx_word' id='word_1_219' title='bbox 2891 561 3029 632; x_wconf 74' lang='grc' dir='ltr'>ἔχων</span> <span class='ocrx_word' id='word_1_220' title='bbox 3065 560 3253 624; x_wconf 83' lang='grc' dir='ltr'>θεῖκάς</span> <span class='ocrx_word' id='word_1_221' title='bbox 3285 559 3535 623; x_wconf 76' lang='grc' dir='ltr'><strong>ἐπινοίας</strong></span> <span class='ocrx_word' id='word_1_222' title='bbox 3556 576 3570 590; x_wconf 79' lang='grc'><strong>⁸</strong></span> <span class='ocrx_word' id='word_1_223' title='bbox 3606 559 3748 614; x_wconf 72' lang='grc' dir='ltr'>οὕτω</span> 
     </span>
    </p>
   </div>
   <div class='ocr_carea' id='block_1_33' title="bbox 2162 651 3749 726">
    <p class='ocr_par' dir='ltr' id='par_1_33' title="bbox 2162 651 3749 726">
     <span class='ocr_line' id='line_1_33' title="bbox 2162 651 3749 726; baseline -0.004 -15"><span class='ocrx_word' id='word_1_224' title='bbox 2162 658 2256 712; x_wconf 74' lang='grc' dir='ltr'>καὶ</span> <span class='ocrx_word' id='word_1_225' title='bbox 2289 656 2422 719; x_wconf 94' lang='grc' dir='ltr'>Θεὸς</span> <span class='ocrx_word' id='word_1_226' title='bbox 2455 655 2808 724; x_wconf 81' lang='grc' dir='ltr'>ὲκδικήσεων.</span> <span class='ocrx_word' id='word_1_227' title='bbox 2857 654 3026 708; x_wconf 84' lang='grc' dir='ltr'>Μέλει</span> <span class='ocrx_word' id='word_1_228' title='bbox 3063 654 3172 726; x_wconf 80' lang='grc' dir='ltr'><strong>γάρ</strong></span> <span class='ocrx_word' id='word_1_229' title='bbox 3215 651 3362 723; x_wconf 80' lang='grc' dir='ltr'>αὐτῷ</span> <span class='ocrx_word' id='word_1_230' title='bbox 3407 651 3523 705; x_wconf 86' lang='grc' dir='ltr'><strong>τῶν</strong></span> <span class='ocrx_word' id='word_1_231' title='bbox 3557 653 3616 704; x_wconf 85' lang='grc' dir='ltr'>ὲν</span> <span class='ocrx_word' id='word_1_232' title='bbox 3658 653 3749 705; x_wconf 83' lang='grc' dir='ltr'><strong>οὑ-</strong></span> 
     </span>
    </p>
   </div>
   <div class='ocr_carea' id='block_1_34' title="bbox 2165 743 3751 822">
    <p class='ocr_par' dir='ltr' id='par_1_34' title="bbox 2165 743 3751 822">
     <span class='ocr_line' id='line_1_34' title="bbox 2165 743 3751 822; baseline -0.002 -21"><span class='ocrx_word' id='word_1_233' title='bbox 2165 750 2347 822; x_wconf 86' lang='grc' dir='ltr'>ρανοίς</span> <span class='ocrx_word' id='word_1_234' title='bbox 2399 746 2809 818; x_wconf 81' lang='grc' dir='ltr'><strong>πραττομένων,</strong></span> <span class='ocrx_word' id='word_1_235' title='bbox 2835 746 2911 810; x_wconf 83' lang='grc' dir='ltr'>ὡς</span> <span class='ocrx_word' id='word_1_236' title='bbox 2953 748 3047 800; x_wconf 79' lang='grc' dir='ltr'>καὶ</span> <span class='ocrx_word' id='word_1_237' title='bbox 3074 747 3230 815; x_wconf 86' lang='grc' dir='ltr'>δίκην</span> <span class='ocrx_word' id='word_1_238' title='bbox 3259 745 3357 816; x_wconf 83' lang='grc' dir='ltr'>τὴν</span> <span class='ocrx_word' id='word_1_239' title='bbox 3387 743 3550 808; x_wconf 76' lang='grc' dir='ltr'>ἀξίαν</span> <span class='ocrx_word' id='word_1_240' title='bbox 3598 743 3751 817; x_wconf 85' lang='grc' dir='ltr'>παρὰ</span> 
     </span>
    </p>
   </div>
   <div class='ocr_carea' id='block_1_35' title="bbox 2162 835 3753 911">
    <p class='ocr_par' dir='ltr' id='par_1_35' title="bbox 2162 835 3753 911">
     <span class='ocr_line' id='line_1_35' title="bbox 2162 835 3753 911; baseline -0.004 -17"><span class='ocrx_word' id='word_1_241' title='bbox 2162 841 2271 894; x_wconf 90' lang='grc' dir='ltr'><strong>τῶν</strong></span> <span class='ocrx_word' id='word_1_242' title='bbox 2315 838 2640 894; x_wconf 82' lang='grc' dir='ltr'>ἀδικούντων</span> <span class='ocrx_word' id='word_1_243' title='bbox 2686 837 3127 911; x_wconf 80' lang='grc' dir='ltr'><strong>εἰσπράττεσθαι,</strong></span> <span class='ocrx_word' id='word_1_244' title='bbox 3163 839 3372 908; x_wconf 82' lang='grc' dir='ltr'>κρίνειν</span> <span class='ocrx_word' id='word_1_245' title='bbox 3414 854 3477 890; x_wconf 93' lang='grc' dir='ltr'><strong>τε</strong></span> <span class='ocrx_word' id='word_1_246' title='bbox 3529 835 3753 900; x_wconf 77' lang='grc' dir='ltr'><strong>δικαίως</strong></span> 
     </span>
    </p>
   </div>
   <div class='ocr_carea' id='block_1_36' title="bbox 2164 929 3754 1000">
    <p class='ocr_par' dir='ltr' id='par_1_36' title="bbox 2164 929 3754 1000">
     <span class='ocr_line' id='line_1_36' title="bbox 2164 929 3754 1000; baseline -0.003 -13"><span class='ocrx_word' id='word_1_247' title='bbox 2164 933 2258 987; x_wconf 75' lang='grc' dir='ltr'>καὶ</span> <span class='ocrx_word' id='word_1_248' title='bbox 2287 931 2537 997; x_wconf 77' lang='grc' dir='ltr'><strong>κολάζειν</strong></span> <span class='ocrx_word' id='word_1_249' title='bbox 2563 931 2656 996; x_wconf 79' lang='grc' dir='ltr'>οὓς</span> <span class='ocrx_word' id='word_1_250' title='bbox 2690 931 2790 995; x_wconf 81' lang='grc' dir='ltr'>δεῖ,</span> <span class='ocrx_word' id='word_1_251' title='bbox 2826 931 3141 985; x_wconf 83' lang='grc' dir='ltr'>ἀποδιδόναι</span> <span class='ocrx_word' id='word_1_252' title='bbox 3167 948 3227 983; x_wconf 92' lang='grc' dir='ltr'><strong>τε</strong></span> <span class='ocrx_word' id='word_1_253' title='bbox 3259 930 3476 1000; x_wconf 79' lang='grc' dir='ltr'><strong>ἑκάστῳ</strong></span> <span class='ocrx_word' id='word_1_254' title='bbox 3510 929 3657 984; x_wconf 88' lang='grc' dir='ltr'><strong>κατά</strong></span> <span class='ocrx_word' id='word_1_255' title='bbox 3684 929 3754 982; x_wconf 84' lang='grc' dir='ltr'>τὰ</span> 
     </span>
    </p>
   </div>
   <div class='ocr_carea' id='block_1_37' title="bbox 2164 1019 3754 1095">
    <p class='ocr_par' dir='ltr' id='par_1_37' title="bbox 2164 1019 3754 1095">
     <span class='ocr_line' id='line_1_37' title="bbox 2164 1019 3754 1095; baseline -0.003 -19"><span class='ocrx_word' id='word_1_256' title='bbox 2164 1024 2304 1095; x_wconf 77' lang='grc' dir='ltr'>ἔργα</span> <span class='ocrx_word' id='word_1_257' title='bbox 2344 1023 2528 1078; x_wconf 74' lang='grc' dir='ltr'>αὐτοῦ.</span> <span class='ocrx_word' id='word_1_258' title='bbox 2561 1023 2824 1094; x_wconf 74' lang='grc' dir='ltr'><strong>Θαρσεῖτε</strong></span> <span class='ocrx_word' id='word_1_259' title='bbox 2864 1021 3152 1092; x_wconf 73' lang='grc' dir='ltr'>τοιγαροῦν</span> <span class='ocrx_word' id='word_1_260' title='bbox 3185 1020 3470 1091; x_wconf 75' lang='grc' dir='ltr'>μαθόντες,</span> <span class='ocrx_word' id='word_1_261' title='bbox 3507 1020 3593 1073; x_wconf 83' lang='grc' dir='ltr'>ὅτι</span> <span class='ocrx_word' id='word_1_262' title='bbox 3621 1019 3754 1072; x_wconf 87' lang='grc' dir='ltr'>Θεὸν</span> 
     </span>
    </p>
   </div>
   <div class='ocr_carea' id='block_1_38' title="bbox 2165 1109 3761 1186">
    <p class='ocr_par' dir='ltr' id='par_1_38' title="bbox 2165 1109 3761 1186">
     <span class='ocr_line' id='line_1_38' title="bbox 2165 1109 3761 1186; baseline -0.003 -18"><span class='ocrx_word' id='word_1_263' title='bbox 2165 1115 2316 1186; x_wconf 74' lang='grc' dir='ltr'>ἔχετε</span> <span class='ocrx_word' id='word_1_264' title='bbox 2349 1116 2716 1185; x_wconf 81' lang='grc' dir='ltr'>ὲκδικήσεων·</span> <span class='ocrx_word' id='word_1_265' title='bbox 2766 1115 2976 1183; x_wconf 72' lang='grc' dir='ltr'>πέφυκε</span> <span class='ocrx_word' id='word_1_266' title='bbox 3019 1113 3128 1186; x_wconf 81' lang='grc' dir='ltr'><strong>γάρ</strong></span> <span class='ocrx_word' id='word_1_267' title='bbox 3177 1109 3314 1166; x_wconf 81' lang='grc' dir='ltr'>εἶναι</span> <span class='ocrx_word' id='word_1_268' title='bbox 3351 1112 3486 1176; x_wconf 89' lang='grc' dir='ltr'>Θεὸς</span> <span class='ocrx_word' id='word_1_269' title='bbox 3545 1110 3761 1182; x_wconf 75' lang='grc' dir='ltr'>ἐκδική-</span> 
     </span>
    </p>
   </div>
   <div class='ocr_carea' id='block_1_39' title="bbox 2167 1200 3758 1278">
    <p class='ocr_par' dir='ltr' id='par_1_39' title="bbox 2167 1200 3758 1278">
     <span class='ocr_line' id='line_1_39' title="bbox 2167 1200 3758 1278; baseline -0.004 -18"><span class='ocrx_word' id='word_1_270' title='bbox 2167 1223 2304 1260; x_wconf 88' lang='grc' dir='ltr'>σεων</span> <span class='ocrx_word' id='word_1_271' title='bbox 2341 1211 2370 1262; x_wconf 84' lang='grc' dir='ltr'><strong>ό</strong></span> <span class='ocrx_word' id='word_1_272' title='bbox 2418 1207 2682 1278; x_wconf 79' lang='grc' dir='ltr'>ὑμέτερος</span> <span class='ocrx_word' id='word_1_273' title='bbox 2715 1206 2865 1270; x_wconf 85' lang='grc' dir='ltr'>Θεὸς,</span> <span class='ocrx_word' id='word_1_274' title='bbox 2899 1207 2993 1259; x_wconf 72' lang='grc' dir='ltr'>καὶ</span> <span class='ocrx_word' id='word_1_275' title='bbox 3025 1205 3104 1276; x_wconf 79' lang='grc' dir='ltr'>τῷ</span> <span class='ocrx_word' id='word_1_276' title='bbox 3141 1204 3452 1275; x_wconf 73' lang='grc' dir='ltr'>παρρησίαν</span> <span class='ocrx_word' id='word_1_277' title='bbox 3485 1203 3645 1271; x_wconf 81' lang='grc' dir='ltr'>ἄγειν</span> <span class='ocrx_word' id='word_1_278' title='bbox 3683 1200 3758 1266; x_wconf 84' lang='grc' dir='ltr'><strong>ὡς</strong></span> 
     </span>
    </p>
   </div>
   <div class='ocr_carea' id='block_1_40' title="bbox 2165 1293 3760 1368">
    <p class='ocr_par' dir='ltr' id='par_1_40' title="bbox 2165 1293 3760 1368">
     <span class='ocr_line' id='line_1_40' title="bbox 2165 1293 3760 1368; baseline -0.003 -18"><span class='ocrx_word' id='word_1_279' title='bbox 2165 1299 2296 1362; x_wconf 86' lang='grc' dir='ltr'>Θεὸς</span> <span class='ocrx_word' id='word_1_280' title='bbox 2337 1298 2546 1362; x_wconf 77' lang='grc' dir='ltr'>ἔκδικος</span> <span class='ocrx_word' id='word_1_281' title='bbox 2603 1299 2708 1350; x_wconf 90' lang='grc' dir='ltr'><strong>τῶν</strong></span> <span class='ocrx_word' id='word_1_282' title='bbox 2757 1296 3146 1368; x_wconf 82' lang='grc' dir='ltr'>ἀδικουμένων,</span> <span class='ocrx_word' id='word_1_283' title='bbox 3200 1295 3501 1368; x_wconf 72' lang='grc' dir='ltr'>διαρρήδην</span> <span class='ocrx_word' id='word_1_284' title='bbox 3560 1311 3618 1346; x_wconf 89' lang='grc' dir='ltr'><strong>τε</strong></span> <span class='ocrx_word' id='word_1_285' title='bbox 3667 1293 3760 1346; x_wconf 72' lang='grc' dir='ltr'>καὶ</span> 
     </span>
    </p>
   </div>
   <div class='ocr_carea' id='block_1_41' title="bbox 2170 1384 3761 1464">
    <p class='ocr_par' dir='ltr' id='par_1_41' title="bbox 2170 1384 3761 1464">
     <span class='ocr_line' id='line_1_41' title="bbox 2170 1384 3761 1464; baseline -0.006 -18"><span class='ocrx_word' id='word_1_286' title='bbox 2170 1391 2308 1462; x_wconf 89' lang='grc' dir='ltr'><strong>μετά</strong></span> <span class='ocrx_word' id='word_1_287' title='bbox 2348 1390 2654 1464; x_wconf 79' lang='grc' dir='ltr'>παρρησίας</span> <span class='ocrx_word' id='word_1_288' title='bbox 2707 1390 2865 1444; x_wconf 80' lang='grc' dir='ltr'>τοῦτο</span> <span class='ocrx_word' id='word_1_289' title='bbox 2920 1389 3008 1442; x_wconf 77' lang='grc' dir='ltr'><strong>διὰ</strong></span> <span class='ocrx_word' id='word_1_290' title='bbox 3055 1388 3166 1442; x_wconf 91' lang='grc' dir='ltr'><strong>τῶν</strong></span> <span class='ocrx_word' id='word_1_291' title='bbox 3231 1387 3395 1442; x_wconf 78' lang='grc' dir='ltr'>αὐτοῦ</span> <span class='ocrx_word' id='word_1_292' title='bbox 3458 1384 3761 1457; x_wconf 77' lang='grc' dir='ltr'>προφητῶν</span> 
     </span>
    </p>
   </div>
   <div class='ocr_carea' id='block_1_42' title="bbox 2166 1480 3762 1555">
    <p class='ocr_par' dir='ltr' id='par_1_42' title="bbox 2166 1480 3762 1555">
     <span class='ocr_line' id='line_1_42' title="bbox 2166 1480 3762 1555; baseline -0.005 -18"><span class='ocrx_word' id='word_1_293' title='bbox 2166 1482 2444 1555; x_wconf 75' lang='grc' dir='ltr'>κηρύττειο</span> <span class='ocrx_word' id='word_1_294' title='bbox 2479 1481 2625 1535; x_wconf 76' lang='grc' dir='ltr'>οὕτω</span> <span class='ocrx_word' id='word_1_295' title='bbox 2646 1481 2776 1550; x_wconf 76' lang='grc' dir='ltr'>γοῦν</span> <span class='ocrx_word' id='word_1_296' title='bbox 2803 1481 2969 1536; x_wconf 80' lang='grc' dir='ltr'>αὐτοῦ</span> <span class='ocrx_word' id='word_1_297' title='bbox 2992 1482 3082 1534; x_wconf 73' lang='grc' dir='ltr'>καὶ</span> <span class='ocrx_word' id='word_1_298' title='bbox 3115 1481 3142 1532; x_wconf 83' lang='grc' dir='ltr'>ὁ</span> <span class='ocrx_word' id='word_1_299' title='bbox 3177 1482 3306 1552; x_wconf 75' lang='grc' dir='ltr'>περὶ</span> <span class='ocrx_word' id='word_1_300' title='bbox 3341 1480 3606 1550; x_wconf 84' lang='grc' dir='ltr'>προνοίας</span> <span class='ocrx_word' id='word_1_301' title='bbox 3637 1494 3762 1530; x_wconf 83' lang='grc' dir='ltr'>συν-</span> 
     </span>
    </p>
   </div>
   <div class='ocr_carea' id='block_1_43' title="bbox 2169 1568 3761 1646">
    <p class='ocr_par' dir='ltr' id='par_1_43' title="bbox 2169 1568 3761 1646">
     <span class='ocr_line' id='line_1_43' title="bbox 2169 1568 3761 1646; baseline -0.004 -17"><span class='ocrx_word' id='word_1_302' title='bbox 2169 1576 2380 1629; x_wconf 88' lang='grc' dir='ltr'>ίσταται</span> <span class='ocrx_word' id='word_1_303' title='bbox 2415 1574 2591 1643; x_wconf 83' lang='grc' dir='ltr'>λόγος,</span> <span class='ocrx_word' id='word_1_304' title='bbox 2641 1575 2762 1629; x_wconf 83' lang='grc' dir='ltr'>καθ’</span> <span class='ocrx_word' id='word_1_305' title='bbox 2801 1574 2868 1646; x_wconf 79' lang='grc' dir='ltr'><strong>ἢν</strong></span> <span class='ocrx_word' id='word_1_306' title='bbox 2912 1574 3136 1638; x_wconf 85' lang='grc' dir='ltr'>δικαίως</span> <span class='ocrx_word' id='word_1_307' title='bbox 3167 1575 3261 1626; x_wconf 78' lang='grc' dir='ltr'>καὶ</span> <span class='ocrx_word' id='word_1_308' title='bbox 3293 1573 3474 1642; x_wconf 75' lang='grc' dir='ltr'>σοφῶς</span> <span class='ocrx_word' id='word_1_309' title='bbox 3501 1572 3573 1625; x_wconf 82' lang='grc' dir='ltr'><strong>τά</strong></span> <span class='ocrx_word' id='word_1_310' title='bbox 3624 1568 3761 1638; x_wconf 82' lang='grc' dir='ltr'>σύμ-</span> 
     </span>
    </p>
   </div>
   <div class='ocr_carea' id='block_1_44' title="bbox 2167 1660 3758 1738">
    <p class='ocr_par' dir='ltr' id='par_1_44' title="bbox 2167 1660 3758 1738">
     <span class='ocr_line' id='line_1_44' title="bbox 2167 1660 3758 1738; baseline -0.004 -18"><span class='ocrx_word' id='word_1_311' title='bbox 2167 1682 2348 1720; x_wconf 86' lang='grc' dir='ltr'>παντα</span> <span class='ocrx_word' id='word_1_312' title='bbox 2389 1666 2598 1720; x_wconf 81' lang='grc' dir='ltr'>διοικεῖ.</span> <span class='ocrx_word' id='word_1_313' title='bbox 2653 1667 2806 1730; x_wconf 86' lang='grc' dir='ltr'>Τέως</span> <span class='ocrx_word' id='word_1_314' title='bbox 2862 1665 2964 1738; x_wconf 83' lang='grc' dir='ltr'>μὲν</span> <span class='ocrx_word' id='word_1_315' title='bbox 2994 1665 3137 1719; x_wconf 88' lang='grc' dir='ltr'><strong>κατά</strong></span> <span class='ocrx_word' id='word_1_316' title='bbox 3173 1664 3264 1719; x_wconf 84' lang='grc' dir='ltr'><strong>τὸν</strong></span> <span class='ocrx_word' id='word_1_317' title='bbox 3307 1663 3585 1718; x_wconf 80' lang='grc' dir='ltr'>ἐνεστῶτα</span> <span class='ocrx_word' id='word_1_318' title='bbox 3625 1660 3758 1731; x_wconf 82' lang='grc' dir='ltr'>βίον,</span> 
     </span>
    </p>
   </div>
   <div class='ocr_carea' id='block_1_45' title="bbox 2167 1741 3758 1828">
    <p class='ocr_par' dir='ltr' id='par_1_45' title="bbox 2167 1741 3758 1828">
     <span class='ocr_line' id='line_1_45' title="bbox 2167 1741 3758 1828; baseline -0.006 -16"><span class='ocrx_word' id='word_1_319' title='bbox 2167 1758 2472 1814; x_wconf 81' lang='grc' dir='ltr'>ἀνατέλλων</span> <span class='ocrx_word' id='word_1_320' title='bbox 2496 1759 2587 1812; x_wconf 90' lang='grc' dir='ltr'><strong>τὸν</strong></span> <span class='ocrx_word' id='word_1_321' title='bbox 2619 1757 2770 1828; x_wconf 72' lang='grc' dir='ltr'>ἥλιον</span> <span class='ocrx_word' id='word_1_322' title='bbox 2799 1741 2964 1812; x_wconf 67' lang='grc' dir='ltr'>ἀὺτοῦ</span> <span class='ocrx_word' id='word_1_323' title='bbox 2989 1758 3083 1810; x_wconf 72' lang='grc' dir='ltr'><strong>ἐπὶ</strong></span> <span class='ocrx_word' id='word_1_324' title='bbox 3115 1757 3356 1820; x_wconf 79' lang='grc' dir='ltr'>δικαίους</span> <span class='ocrx_word' id='word_1_325' title='bbox 3392 1757 3486 1810; x_wconf 69' lang='grc' dir='ltr'>καὶ</span> <span class='ocrx_word' id='word_1_326' title='bbox 3519 1754 3758 1815; x_wconf 79' lang='grc' dir='ltr'>ἀδίκους,</span> 
     </span>
    </p>
   </div>
   <div class='ocr_carea' id='block_1_46' title="bbox 2168 1844 3760 1920">
    <p class='ocr_par' dir='ltr' id='par_1_46' title="bbox 2168 1844 3760 1920">
     <span class='ocr_line' id='line_1_46' title="bbox 2168 1844 3760 1920; baseline -0.005 -18"><span class='ocrx_word' id='word_1_327' title='bbox 2168 1849 2263 1902; x_wconf 76' lang='grc' dir='ltr'>καὶ</span> <span class='ocrx_word' id='word_1_328' title='bbox 2312 1847 2522 1920; x_wconf 82' lang='grc' dir='ltr'>βρέχων</span> <span class='ocrx_word' id='word_1_329' title='bbox 2573 1849 2666 1900; x_wconf 77' lang='grc' dir='ltr'><strong>ἐπὶ</strong></span> <span class='ocrx_word' id='word_1_330' title='bbox 2698 1848 2968 1919; x_wconf 79' lang='grc' dir='ltr'>πονηροὺς</span> <span class='ocrx_word' id='word_1_331' title='bbox 2997 1849 3092 1902; x_wconf 74' lang='grc' dir='ltr'>καὶ</span> <span class='ocrx_word' id='word_1_332' title='bbox 3135 1846 3392 1916; x_wconf 76' lang='grc' dir='ltr'>ἀγαθοὺς,</span> <span class='ocrx_word' id='word_1_333' title='bbox 3440 1845 3504 1910; x_wconf 72' lang='grc' dir='ltr'>ἐξ</span> <span class='ocrx_word' id='word_1_334' title='bbox 3554 1844 3672 1896; x_wconf 77' lang='grc' dir='ltr'>ἴσου</span> <span class='ocrx_word' id='word_1_335' title='bbox 3699 1857 3760 1894; x_wconf 78' lang='grc' dir='ltr'><strong>τε</strong></span> 
     </span>
    </p>
   </div>
   <div class='ocr_carea' id='block_1_47' title="bbox 2167 1930 3761 2010">
    <p class='ocr_par' dir='ltr' id='par_1_47' title="bbox 2167 1930 3761 2010">
     <span class='ocr_line' id='line_1_47' title="bbox 2167 1930 3761 2010; baseline -0.005 -18"><span class='ocrx_word' id='word_1_336' title='bbox 2167 1941 2280 2003; x_wconf 85' lang='grc' dir='ltr'>τοῖς</span> <span class='ocrx_word' id='word_1_337' title='bbox 2309 1941 2444 1993; x_wconf 78' lang='grc' dir='ltr'>πᾶσι</span> <span class='ocrx_word' id='word_1_338' title='bbox 2503 1938 2570 1992; x_wconf 89' lang='grc' dir='ltr'><strong>τά</strong></span> <span class='ocrx_word' id='word_1_339' title='bbox 2618 1937 2784 1991; x_wconf 80' lang='grc' dir='ltr'>αὐτοῦ</span> <span class='ocrx_word' id='word_1_340' title='bbox 2835 1937 3087 2010; x_wconf 86' lang='grc' dir='ltr'>παρέχων</span> <span class='ocrx_word' id='word_1_341' title='bbox 3120 1937 3328 2006; x_wconf 81' lang='grc' dir='ltr'>ἀγαθά’</span> <span class='ocrx_word' id='word_1_342' title='bbox 3375 1936 3520 1990; x_wconf 88' lang='grc' dir='ltr'><strong>κατά</strong></span> <span class='ocrx_word' id='word_1_343' title='bbox 3569 1930 3761 2005; x_wconf 87' lang='grc' dir='ltr'>καιρὸν</span> 
     </span>
    </p>
   </div>
   <div class='ocr_carea' id='block_1_48' title="bbox 2167 2024 3758 2100">
    <p class='ocr_par' dir='ltr' id='par_1_48' title="bbox 2167 2024 3758 2100">
     <span class='ocr_line' id='line_1_48' title="bbox 2167 2024 3758 2100; baseline -0.004 -20"><span class='ocrx_word' id='word_1_344' title='bbox 2167 2027 2225 2080; x_wconf 86' lang='grc' dir='ltr'>δὲ</span> <span class='ocrx_word' id='word_1_345' title='bbox 2263 2029 2352 2084; x_wconf 89' lang='grc' dir='ltr'><strong>τὸν</strong></span> <span class='ocrx_word' id='word_1_346' title='bbox 2397 2029 2744 2100; x_wconf 86' lang='grc' dir='ltr'>προσήκοντα</span> <span class='ocrx_word' id='word_1_347' title='bbox 2791 2029 2926 2093; x_wconf 84' lang='grc' dir='ltr'>Θεὸς</span> <span class='ocrx_word' id='word_1_348' title='bbox 2968 2027 3298 2098; x_wconf 82' lang='grc' dir='ltr'>ὲκδικήσεων</span> <span class='ocrx_word' id='word_1_349' title='bbox 3333 2028 3638 2098; x_wconf 80' lang='grc' dir='ltr'>γινόμενος,</span> <span class='ocrx_word' id='word_1_350' title='bbox 3671 2024 3758 2076; x_wconf 85' lang='grc' dir='ltr'>ὅτε</span> 
     </span>
    </p>
   </div>
   <div class='ocr_carea' id='block_1_49' title="bbox 2169 2114 3758 2191">
    <p class='ocr_par' dir='ltr' id='par_1_49' title="bbox 2169 2114 3758 2191">
     <span class='ocr_line' id='line_1_49' title="bbox 2169 2114 3758 2191; baseline -0.003 -19"><span class='ocrx_word' id='word_1_351' title='bbox 2169 2119 2264 2172; x_wconf 75' lang='grc' dir='ltr'>καὶ</span> <span class='ocrx_word' id='word_1_352' title='bbox 2290 2119 2391 2190; x_wconf 82' lang='grc' dir='ltr'>τὴν</span> <span class='ocrx_word' id='word_1_353' title='bbox 2435 2119 2754 2190; x_wconf 90' lang='grc' dir='ltr'>πρέπουσαν</span> <span class='ocrx_word' id='word_1_354' title='bbox 2794 2118 2949 2190; x_wconf 90' lang='grc' dir='ltr'>δίκην</span> <span class='ocrx_word' id='word_1_355' title='bbox 2989 2118 3140 2191; x_wconf 87' lang='grc' dir='ltr'><strong>παρά</strong></span> <span class='ocrx_word' id='word_1_356' title='bbox 3168 2118 3275 2170; x_wconf 92' lang='grc' dir='ltr'><strong>τῶν</strong></span> <span class='ocrx_word' id='word_1_357' title='bbox 3304 2118 3380 2188; x_wconf 76' lang='grc' dir='ltr'>μὴ</span> <span class='ocrx_word' id='word_1_358' title='bbox 3423 2117 3608 2179; x_wconf 83' lang='grc' dir='ltr'>καλῶς</span> <span class='ocrx_word' id='word_1_359' title='bbox 3641 2114 3758 2174; x_wconf 78' lang='grc' dir='ltr'>ταῖς</span> 
     </span>
    </p>
   </div>
   <div class='ocr_carea' id='block_1_50' title="bbox 2169 2209 3496 2283">
    <p class='ocr_par' dir='ltr' id='par_1_50' title="bbox 2169 2209 3496 2283">
     <span class='ocr_line' id='line_1_50' title="bbox 2169 2209 3496 2283; baseline 0.002 -19"><span class='ocrx_word' id='word_1_360' title='bbox 2169 2211 2511 2282; x_wconf 81' lang='grc' dir='ltr'>εὐεργεσίαις</span> <span class='ocrx_word' id='word_1_361' title='bbox 2542 2211 2707 2266; x_wconf 80' lang='grc' dir='ltr'>αὐτοῦ</span> <span class='ocrx_word' id='word_1_362' title='bbox 2736 2211 3089 2283; x_wconf 79' lang='grc' dir='ltr'>κεχρημένων</span> <span class='ocrx_word' id='word_1_363' title='bbox 3121 2209 3496 2281; x_wconf 77' lang='grc' dir='ltr'>εἰσπράξεται.</span> 
     </span>
    </p>
   </div>
   <div class='ocr_carea' id='block_1_51' title="bbox 2253 2293 3757 2371">
    <p class='ocr_par' dir='ltr' id='par_1_51' title="bbox 2253 2293 3757 2371">
     <span class='ocr_line' id='line_1_51' title="bbox 2253 2293 3757 2371; baseline -0.009 -13"><span class='ocrx_word' id='word_1_364' title='bbox 2253 2301 2537 2371; x_wconf 70' lang='grc' dir='ltr'>Ὑψώθητι</span> <span class='ocrx_word' id='word_1_365' title='bbox 2582 2304 2616 2356; x_wconf 87' lang='grc' dir='ltr'><strong>ό</strong></span> <span class='ocrx_word' id='word_1_366' title='bbox 2649 2302 2871 2370; x_wconf 80' lang='grc' dir='ltr'>κρίνων</span> <span class='ocrx_word' id='word_1_367' title='bbox 2902 2300 3018 2369; x_wconf 81' lang='grc' dir='ltr'>τὴν</span> <span class='ocrx_word' id='word_1_368' title='bbox 3047 2299 3186 2371; x_wconf 75' lang='grc' dir='ltr'>γῆν,</span> <span class='ocrx_word' id='word_1_369' title='bbox 3221 2300 3449 2367; x_wconf 79' lang='grc' dir='ltr'>ἀπόδος</span> <span class='ocrx_word' id='word_1_370' title='bbox 3489 2293 3757 2354; x_wconf 78' lang='grc' dir='ltr'>ἀνταπό-</span> 
     </span>
    </p>
   </div>
   <div class='ocr_carea' id='block_1_52' title="bbox 2169 2385 3755 2462">
    <p class='ocr_par' dir='ltr' id='par_1_52' title="bbox 2169 2385 3755 2462">
     <span class='ocr_line' id='line_1_52' title="bbox 2169 2385 3755 2462; baseline -0.001 -14"><span class='ocrx_word' id='word_1_371' title='bbox 2169 2393 2347 2448; x_wconf 82' lang='grc' dir='ltr'>δοσιν</span> <span class='ocrx_word' id='word_1_372' title='bbox 2395 2390 2516 2458; x_wconf 84' lang='grc' dir='ltr'>τοῖς</span> <span class='ocrx_word' id='word_1_373' title='bbox 2557 2390 2985 2460; x_wconf 67' lang='grc' dir='ltr'>ὑπερηφάνοις.</span> <span class='ocrx_word' id='word_1_374' title='bbox 3020 2394 3173 2459; x_wconf 84' lang='grc' dir='ltr'>’Έως</span> <span class='ocrx_word' id='word_1_375' title='bbox 3218 2393 3363 2446; x_wconf 83' lang='grc' dir='ltr'>πότε</span> <span class='ocrx_word' id='word_1_376' title='bbox 3397 2385 3755 2462; x_wconf 69' lang='grc' dir='ltr'>ἁμαρτωλοὶ,</span> 
     </span>
    </p>
   </div>
   <div class='ocr_carea' id='block_1_53' title="bbox 2170 2475 3760 2552">
    <p class='ocr_par' dir='ltr' id='par_1_53' title="bbox 2170 2475 3760 2552">
     <span class='ocr_line' id='line_1_53' title="bbox 2170 2475 3760 2552; baseline -0.004 -16"><span class='ocrx_word' id='word_1_377' title='bbox 2170 2480 2508 2551; x_wconf 81' lang='grc' dir='ltr'>Κύριε,-ἓως</span> <span class='ocrx_word' id='word_1_378' title='bbox 2537 2481 2681 2534; x_wconf 84' lang='grc' dir='ltr'>πότε</span> <span class='ocrx_word' id='word_1_379' title='bbox 2719 2481 3056 2551; x_wconf 75' lang='grc' dir='ltr'>ἁμαρτωλοί</span> <span class='ocrx_word' id='word_1_380' title='bbox 3097 2481 3540 2552; x_wconf 61' lang='grc' dir='ltr'>καυῃῆσονταω</span> <span class='ocrx_word' id='word_1_381' title='bbox 3581 2475 3760 2544; x_wconf 72' lang='grc' dir='ltr'>Φθέγ-</span> 
     </span>
    </p>
   </div>
   <div class='ocr_carea' id='block_1_54' title="bbox 2173 2569 3762 2642">
    <p class='ocr_par' dir='ltr' id='par_1_54' title="bbox 2173 2569 3762 2642">
     <span class='ocr_line' id='line_1_54' title="bbox 2173 2569 3762 2642; baseline -0.004 -15"><span class='ocrx_word' id='word_1_382' title='bbox 2173 2573 2384 2639; x_wconf 64' lang='lat' dir='ltr'><strong>ferme</strong></span> <span class='ocrx_word' id='word_1_383' title='bbox 2415 2573 2514 2627; x_wconf 77' lang='grc' dir='ltr'>καὶ</span> <span class='ocrx_word' id='word_1_384' title='bbox 2544 2573 2932 2639; x_wconf 71' lang='grc' dir='ltr'>λαλήσουσιν</span> <span class='ocrx_word' id='word_1_385' title='bbox 2955 2573 3211 2640; x_wconf 81' lang='grc' dir='ltr'>ἀδικίαν,</span> <span class='ocrx_word' id='word_1_386' title='bbox 3235 2573 3587 2642; x_wconf 75' lang='grc' dir='ltr'>λαλήσουσι</span> <span class='ocrx_word' id='word_1_387' title='bbox 3613 2569 3762 2624; x_wconf 75' lang='grc' dir='ltr'>πάν-</span> 
     </span>
    </p>
   </div>
   <div class='ocr_carea' id='block_1_55' title="bbox 2172 2662 3761 2740">
    <p class='ocr_par' dir='ltr' id='par_1_55' title="bbox 2172 2662 3761 2740">
     <span class='ocr_line' id='line_1_55' title="bbox 2172 2662 3761 2740; baseline -0.003 -21"><span class='ocrx_word' id='word_1_388' title='bbox 2172 2683 2272 2732; x_wconf 82' lang='grc' dir='ltr'><strong>τες</strong></span> <span class='ocrx_word' id='word_1_389' title='bbox 2301 2669 2356 2720; x_wconf 78' lang='grc' dir='ltr'>οἱ</span> <span class='ocrx_word' id='word_1_390' title='bbox 2396 2663 2768 2736; x_wconf 69' lang='grc' dir='ltr'>ἐργαζόμενοι</span> <span class='ocrx_word' id='word_1_391' title='bbox 2799 2666 3038 2721; x_wconf 81' lang='grc' dir='ltr'>ἀδικίαν</span> <span class='ocrx_word' id='word_1_392' title='bbox 3057 2683 3076 2732; x_wconf 87' lang='grc'><em>;</em></span> <span class='ocrx_word' id='word_1_393' title='bbox 3109 2667 3184 2721; x_wconf 88' lang='grc' dir='ltr'>Τὸ</span> <span class='ocrx_word' id='word_1_394' title='bbox 3226 2669 3323 2740; x_wconf 85' lang='grc' dir='ltr'><strong>μὲν</strong></span> <span class='ocrx_word' id='word_1_395' title='bbox 3364 2667 3504 2722; x_wconf 82' lang='grc' dir='ltr'>θεῖον</span> <span class='ocrx_word' id='word_1_396' title='bbox 3535 2662 3761 2732; x_wconf 76' lang='grc' dir='ltr'>Πνεῦμα</span> 
     </span>
    </p>
   </div>
   <div class='ocr_carea' id='block_1_56' title="bbox 2175 2754 3763 2832">
    <p class='ocr_par' dir='ltr' id='par_1_56' title="bbox 2175 2754 3763 2832">
     <span class='ocr_line' id='line_1_56' title="bbox 2175 2754 3763 2832; baseline -0.003 -22"><span class='ocrx_word' id='word_1_397' title='bbox 2175 2757 2528 2830; x_wconf 80' lang='grc' dir='ltr'>προφητικῶς</span> <span class='ocrx_word' id='word_1_398' title='bbox 2548 2758 2640 2812; x_wconf 59' lang='grc' dir='ltr'><strong>καὶ⁸</strong></span> <span class='ocrx_word' id='word_1_399' title='bbox 2667 2759 2792 2829; x_wconf 76' lang='grc' dir='ltr'>περὶ</span> <span class='ocrx_word' id='word_1_400' title='bbox 2820 2760 2917 2830; x_wconf 85' lang='grc' dir='ltr'><strong>τῆς</strong></span> <span class='ocrx_word' id='word_1_401' title='bbox 2939 2759 3105 2830; x_wconf 79' lang='grc' dir='ltr'>εὐχῆς</span> <span class='ocrx_word' id='word_1_402' title='bbox 3127 2760 3224 2832; x_wconf 82' lang='grc' dir='ltr'>τὴν</span> <span class='ocrx_word' id='word_1_403' title='bbox 3252 2759 3543 2832; x_wconf 85' lang='grc' dir='ltr'>ἀπόκρισιν</span> <span class='ocrx_word' id='word_1_404' title='bbox 3575 2754 3763 2823; x_wconf 78' lang='grc' dir='ltr'>ἐποιή-</span> 
     </span>
    </p>
   </div>
   <div class='ocr_carea' id='block_1_57' title="bbox 2176 2845 3762 2924">
    <p class='ocr_par' dir='ltr' id='par_1_57' title="bbox 2176 2845 3762 2924">
     <span class='ocr_line' id='line_1_57' title="bbox 2176 2845 3762 2924; baseline -0.004 -18"><span class='ocrx_word' id='word_1_405' title='bbox 2176 2869 2306 2906; x_wconf 89' lang='grc' dir='ltr'>σατο</span> <span class='ocrx_word' id='word_1_406' title='bbox 2342 2851 2611 2924; x_wconf 77' lang='grc' dir='ltr'>προλαϐὸν</span> <span class='ocrx_word' id='word_1_407' title='bbox 2637 2852 2698 2906; x_wconf 89' lang='grc' dir='ltr'><strong>τὸ</strong></span> <span class='ocrx_word' id='word_1_408' title='bbox 2721 2851 2910 2923; x_wconf 79' lang='grc' dir='ltr'>μέλλον</span> <span class='ocrx_word' id='word_1_409' title='bbox 2937 2851 3270 2923; x_wconf 77' lang='grc' dir='ltr'>ῥηθήσεσθαι</span> <span class='ocrx_word' id='word_1_410' title='bbox 3305 2852 3444 2923; x_wconf 85' lang='grc' dir='ltr'><strong>μετά</strong></span> <span class='ocrx_word' id='word_1_411' title='bbox 3466 2851 3567 2924; x_wconf 76' lang='grc' dir='ltr'>τὴν</span> <span class='ocrx_word' id='word_1_412' title='bbox 3597 2845 3762 2917; x_wconf 75' lang='grc' dir='ltr'>εὐχὴν</span> 
     </span>
    </p>
   </div>
   <div class='ocr_carea' id='block_1_58' title="bbox 2173 2943 3763 3018">
    <p class='ocr_par' dir='ltr' id='par_1_58' title="bbox 2173 2943 3763 3018">
     <span class='ocr_line' id='line_1_58' title="bbox 2173 2943 3763 3018; baseline -0.005 -18"><span class='ocrx_word' id='word_1_413' title='bbox 2173 2947 2261 3001; x_wconf 76' lang='grc' dir='ltr'><strong>διὰ</strong></span> <span class='ocrx_word' id='word_1_414' title='bbox 2303 2946 2403 3018; x_wconf 82' lang='grc' dir='ltr'>τὴν</span> <span class='ocrx_word' id='word_1_415' title='bbox 2453 2947 2760 3018; x_wconf 86' lang='grc' dir='ltr'>πρόγνωσιν</span> <span class='ocrx_word' id='word_1_416' title='bbox 2808 2945 2916 2999; x_wconf 90' lang='grc' dir='ltr'><strong>τῶν</strong></span> <span class='ocrx_word' id='word_1_417' title='bbox 2951 2947 3009 2999; x_wconf 85' lang='grc' dir='ltr'><strong>ὲν</strong></span> <span class='ocrx_word' id='word_1_418' title='bbox 3053 2949 3119 3017; x_wconf 80' lang='grc' dir='ltr'>τῇ</span> <span class='ocrx_word' id='word_1_419' title='bbox 3155 2947 3288 3018; x_wconf 80' lang='grc' dir='ltr'>εὐχῇ</span> <span class='ocrx_word' id='word_1_420' title='bbox 3328 2943 3763 3018; x_wconf 84' lang='grc' dir='ltr'>περιεχομένων.</span> 
     </span>
    </p>
   </div>
   <div class='ocr_carea' id='block_1_59' title="bbox 2175 3037 3766 3111">
    <p class='ocr_par' dir='ltr' id='par_1_59' title="bbox 2175 3037 3766 3111">
     <span class='ocr_line' id='line_1_59' title="bbox 2175 3037 3766 3111; baseline -0.006 -19"><span class='ocrx_word' id='word_1_421' title='bbox 2175 3039 2376 3111; x_wconf 79' lang='grc' dir='ltr'>Διόπερ</span> <span class='ocrx_word' id='word_1_422' title='bbox 2406 3041 2458 3092; x_wconf 90' lang='grc' dir='ltr'>οἱ</span> <span class='ocrx_word' id='word_1_423' title='bbox 2509 3039 2604 3092; x_wconf 76' lang='grc' dir='ltr'>δύο</span> <span class='ocrx_word' id='word_1_424' title='bbox 2659 3039 3046 3109; x_wconf 87' lang='grc' dir='ltr'>προετάγησαν</span> <span class='ocrx_word' id='word_1_425' title='bbox 3098 3040 3270 3110; x_wconf 88' lang='grc' dir='ltr'>στίχοι</span> <span class='ocrx_word' id='word_1_426' title='bbox 3317 3039 3418 3110; x_wconf 79' lang='grc' dir='ltr'>τὴν</span> <span class='ocrx_word' id='word_1_427' title='bbox 3465 3037 3766 3106; x_wconf 87' lang='grc' dir='ltr'>ἀπόκρισιν</span> 
     </span>
    </p>
   </div>
   <div class='ocr_carea' id='block_1_60' title="bbox 494 3107 2071 3212">
    <p class='ocr_par' dir='ltr' id='par_1_60' title="bbox 494 3107 2071 3183">
     <span class='ocr_line' id='line_1_60' title="bbox 494 3107 2071 3183; baseline 0.001 -17"><span class='ocrx_word' id='word_1_428' title='bbox 494 3111 670 3166; x_wconf 77' lang='lat' dir='ltr'><strong>sancti</strong></span> <span class='ocrx_word' id='word_1_429' title='bbox 702 3107 938 3180; x_wconf 89' lang='lat' dir='ltr'><strong>Spiritus</strong></span> <span class='ocrx_word' id='word_1_430' title='bbox 966 3111 1203 3165; x_wconf 89' lang='lat' dir='ltr'><strong>orationi</strong></span> <span class='ocrx_word' id='word_1_431' title='bbox 1234 3121 1621 3181; x_wconf 77' lang='lat' dir='ltr'><strong>congruentem</strong></span> <span class='ocrx_word' id='word_1_432' title='bbox 1650 3113 2071 3183; x_wconf 87' lang='lat' dir='ltr'><strong>compiectentes</strong></span> 
     </span>
    </p>
   </div>
   <div class='ocr_carea' id='block_1_61' title="bbox 2174 3107 3769 3212">
    <p class='ocr_par' dir='ltr' id='par_1_61' title="bbox 2177 3107 3769 3203">
     <span class='ocr_line' id='line_1_61' title="bbox 2177 3107 3769 3203; baseline -0.005 -19"><span class='ocrx_word' id='word_1_433' title='bbox 2177 3107 2524 3203; x_wconf 83' lang='grc' dir='ltr'>περιέχοντες</span> <span class='ocrx_word' id='word_1_434' title='bbox 2554 3130 2649 3184; x_wconf 80' lang='grc' dir='ltr'><strong>τοῦ</strong></span> <span class='ocrx_word' id='word_1_435' title='bbox 2706 3107 2889 3199; x_wconf 12' lang='grc' dir='ltr'>ἀγίουί</span> <span class='ocrx_word' id='word_1_436' title='bbox 2914 3107 3249 3201; x_wconf 75' lang='grc' dir='ltr'>Πνεύματος,</span> <span class='ocrx_word' id='word_1_437' title='bbox 3415 3129 3769 3202; x_wconf 80' lang='grc' dir='ltr'>ἁρμόζουσαν</span> 
     </span>
    </p>
   </div>
   <div class='ocr_carea' id='block_1_62' title="bbox 491 3199 2071 3274">
    <p class='ocr_par' dir='ltr' id='par_1_62' title="bbox 491 3199 2071 3274">
     <span class='ocr_line' id='line_1_62' title="bbox 491 3199 2071 3274; baseline 0.001 -17"><span class='ocrx_word' id='word_1_438' title='bbox 491 3201 764 3274; x_wconf 69' lang='lat' dir='ltr'><strong>praemissi</strong></span> <span class='ocrx_word' id='word_1_439' title='bbox 824 3208 973 3257; x_wconf 86' lang='lat' dir='ltr'><strong>sunt.</strong></span> <span class='ocrx_word' id='word_1_440' title='bbox 1005 3199 1142 3255; x_wconf 79' lang='lat' dir='ltr'><strong>Nam</strong></span> <span class='ocrx_word' id='word_1_441' title='bbox 1182 3216 1304 3272; x_wconf 71' lang='lat' dir='ltr'><strong>qua:</strong></span> <span class='ocrx_word' id='word_1_442' title='bbox 1347 3201 1416 3255; x_wconf 88' lang='lat' dir='ltr'><strong>ad</strong></span> <span class='ocrx_word' id='word_1_443' title='bbox 1461 3203 1913 3274; x_wconf 84' lang='lat' dir='ltr'><strong>supplicationem</strong></span> <span class='ocrx_word' id='word_1_444' title='bbox 1961 3203 2071 3259; x_wconf 92' lang='lat' dir='ltr'><strong>Deo</strong></span> 
     </span>
    </p>
   </div>
   <div class='ocr_carea' id='block_1_63' title="bbox 495 3291 2072 3366">
    <p class='ocr_par' dir='ltr' id='par_1_63' title="bbox 495 3291 2072 3366">
     <span class='ocr_line' id='line_1_63' title="bbox 495 3291 2072 3366; baseline -0.001 -15"><span class='ocrx_word' id='word_1_445' title='bbox 495 3295 754 3351; x_wconf 76' lang='lat' dir='ltr'><strong>emissam</strong></span> <span class='ocrx_word' id='word_1_446' title='bbox 779 3293 1034 3357; x_wconf 86' lang='lat' dir='ltr'><strong>attinent,</strong></span> <span class='ocrx_word' id='word_1_447' title='bbox 1068 3293 1135 3346; x_wconf 89' lang='lat' dir='ltr'><strong>ab</strong></span> <span class='ocrx_word' id='word_1_448' title='bbox 1164 3292 1270 3346; x_wconf 88' lang='lat' dir='ltr'><strong>hoc</strong></span> <span class='ocrx_word' id='word_1_449' title='bbox 1299 3291 1468 3358; x_wconf 90' lang='lat' dir='ltr'><strong>dicto,</strong></span> <span class='ocrx_word' id='word_1_450' title='bbox 1503 3293 1783 3359; x_wconf 74' lang='lat' dir='ltr'><strong>Exaltare,</strong></span> <span class='ocrx_word' id='word_1_451' title='bbox 1815 3295 2072 3366; x_wconf 78' lang='lat' dir='ltr'><strong>quijudi-</strong></span> 
     </span>
    </p>
   </div>
   <div class='ocr_carea' id='block_1_64' title="bbox 497 3382 2066 3456">
    <p class='ocr_par' dir='ltr' id='par_1_64' title="bbox 497 3382 2066 3456">
     <span class='ocr_line' id='line_1_64' title="bbox 497 3382 2066 3456; baseline -0.001 -15"><span class='ocrx_word' id='word_1_452' title='bbox 497 3404 588 3441; x_wconf 78' lang='lat' dir='ltr'><strong>cae</strong></span> <span class='ocrx_word' id='word_1_453' title='bbox 621 3395 840 3448; x_wconf 88' lang='lat' dir='ltr'><strong>terram,</strong></span> <span class='ocrx_word' id='word_1_454' title='bbox 875 3382 1158 3438; x_wconf 79' lang='lat' dir='ltr'><strong>exordium</strong></span> <span class='ocrx_word' id='word_1_455' title='bbox 1191 3383 1411 3438; x_wconf 88' lang='lat' dir='ltr'><strong>habent.</strong></span> <span class='ocrx_word' id='word_1_456' title='bbox 1447 3385 1537 3438; x_wconf 82' lang='lat' dir='ltr'><strong>Ait</strong></span> <span class='ocrx_word' id='word_1_457' title='bbox 1575 3400 1705 3455; x_wconf 90' lang='lat' dir='ltr'><strong>ergo</strong></span> <span class='ocrx_word' id='word_1_458' title='bbox 1740 3384 2024 3456; x_wconf 83' lang='lat' dir='ltr'><strong>Scriptura</strong></span> <span class='ocrx_word' id='word_1_459' title='bbox 2052 3407 2066 3440; x_wconf 84' lang='lat'><em>:</em></span> 
     </span>
    </p>
   </div>
   <div class='ocr_carea' id='block_1_65' title="bbox 499 3477 2074 3550">
    <p class='ocr_par' dir='ltr' id='par_1_65' title="bbox 499 3477 2074 3550">
     <span class='ocr_line' id='line_1_65' title="bbox 499 3477 2074 3550; baseline 0 -18"><span class='ocrx_word' id='word_1_460' title='bbox 499 3479 575 3532; x_wconf 72' lang='lat' dir='ltr'><strong>Ex</strong></span> <span class='ocrx_word' id='word_1_461' title='bbox 603 3494 708 3548; x_wconf 71' lang='lat' dir='ltr'><strong>quo</strong></span> <span class='ocrx_word' id='word_1_462' title='bbox 743 3478 1023 3532; x_wconf 85' lang='lat' dir='ltr'><strong>hominum</strong></span> <span class='ocrx_word' id='word_1_463' title='bbox 1057 3491 1230 3547; x_wconf 88' lang='lat' dir='ltr'><strong>genus</strong></span> <span class='ocrx_word' id='word_1_464' title='bbox 1281 3492 1404 3531; x_wconf 86' lang='lat' dir='ltr'><strong>esse</strong></span> <span class='ocrx_word' id='word_1_465' title='bbox 1431 3477 1615 3546; x_wconf 71' lang='lat' dir='ltr'><strong>cwpit,</strong></span> <span class='ocrx_word' id='word_1_466' title='bbox 1644 3485 1960 3546; x_wconf 87' lang='lat' dir='ltr'><strong>peccatores</strong></span> <span class='ocrx_word' id='word_1_467' title='bbox 1983 3479 2074 3550; x_wconf 83' lang='lat' dir='ltr'><strong>ju-</strong></span> 
     </span>
    </p>
   </div>
   <div class='ocr_carea' id='block_1_66' title="bbox 498 3567 2072 3641">
    <p class='ocr_par' dir='ltr' id='par_1_66' title="bbox 498 3567 2072 3641">
     <span class='ocr_line' id='line_1_66' title="bbox 498 3567 2072 3641; baseline 0 -16"><span class='ocrx_word' id='word_1_468' title='bbox 498 3572 600 3625; x_wconf 79' lang='lat' dir='ltr'><strong>stis</strong></span> <span class='ocrx_word' id='word_1_469' title='bbox 633 3569 926 3640; x_wconf 73' lang='lat' dir='ltr'><strong>praevalere</strong></span> <span class='ocrx_word' id='word_1_470' title='bbox 953 3575 1260 3638; x_wconf 70' lang='lat' dir='ltr'><strong>coeperunt,</strong></span> <span class='ocrx_word' id='word_1_471' title='bbox 1293 3576 1354 3621; x_wconf 89' lang='lat' dir='ltr'><strong>ut</strong></span> <span class='ocrx_word' id='word_1_472' title='bbox 1369 3567 1502 3622; x_wconf 85' lang='lat' dir='ltr'><strong>Cain</strong></span> <span class='ocrx_word' id='word_1_473' title='bbox 1532 3568 1707 3633; x_wconf 77' lang='lat' dir='ltr'><strong>Abeli,</strong></span> <span class='ocrx_word' id='word_1_474' title='bbox 1742 3576 1797 3624; x_wconf 87' lang='lat' dir='ltr'><strong>et</strong></span> <span class='ocrx_word' id='word_1_475' title='bbox 1827 3576 2072 3641; x_wconf 86' lang='lat' dir='ltr'><strong>tempore</strong></span> 
     </span>
    </p>
   </div>
   <div class='ocr_carea' id='block_1_67' title="bbox 496 3660 2072 3732">
    <p class='ocr_par' dir='ltr' id='par_1_67' title="bbox 496 3660 2072 3732">
     <span class='ocr_line' id='line_1_67' title="bbox 496 3660 2072 3732; baseline -0.001 -16"><span class='ocrx_word' id='word_1_476' title='bbox 496 3662 690 3717; x_wconf 75' lang='lat' dir='ltr'><strong>diluvii</strong></span> <span class='ocrx_word' id='word_1_477' title='bbox 723 3661 968 3732; x_wconf 73' lang='lat' dir='ltr'><strong>gigantes</strong></span> <span class='ocrx_word' id='word_1_478' title='bbox 994 3660 1118 3716; x_wconf 89' lang='lat' dir='ltr'><strong>aliis</strong></span> <span class='ocrx_word' id='word_1_479' title='bbox 1149 3675 1335 3714; x_wconf 81' lang='lat' dir='ltr'><strong>secum</strong></span> <span class='ocrx_word' id='word_1_480' title='bbox 1363 3661 1750 3724; x_wconf 86' lang='lat' dir='ltr'><strong>versantibus;</strong></span> <span class='ocrx_word' id='word_1_481' title='bbox 1778 3661 1885 3716; x_wconf 92' lang='lat' dir='ltr'><strong>imo</strong></span> <span class='ocrx_word' id='word_1_482' title='bbox 1907 3661 2072 3716; x_wconf 87' lang='lat' dir='ltr'><strong>etiam</strong></span> 
     </span>
    </p>
   </div>
   <div class='ocr_carea' id='block_1_68' title="bbox 497 3750 2076 3822">
    <p class='ocr_par' dir='ltr' id='par_1_68' title="bbox 497 3750 2076 3822">
     <span class='ocr_line' id='line_1_68' title="bbox 497 3750 2076 3822; baseline -0.001 -13"><span class='ocrx_word' id='word_1_483' title='bbox 497 3753 644 3809; x_wconf 80' lang='lat' dir='ltr'><strong>Esau</strong></span> <span class='ocrx_word' id='word_1_484' title='bbox 676 3751 902 3816; x_wconf 79' lang='lat' dir='ltr'><strong>Jat&#39;obo,</strong></span> <span class='ocrx_word' id='word_1_485' title='bbox 933 3750 1170 3822; x_wconf 88' lang='lat' dir='ltr'><strong>Josepho</strong></span> <span class='ocrx_word' id='word_1_486' title='bbox 1204 3751 1400 3808; x_wconf 80' lang='lat' dir='ltr'><strong>fratres</strong></span> <span class='ocrx_word' id='word_1_487' title='bbox 1428 3752 1569 3821; x_wconf 86' lang='lat' dir='ltr'><strong>ejus.</strong></span> <span class='ocrx_word' id='word_1_488' title='bbox 1597 3753 1675 3806; x_wconf 82' lang='lat' dir='ltr'><strong>Ac</strong></span> <span class='ocrx_word' id='word_1_489' title='bbox 1709 3753 1754 3809; x_wconf 93' lang='lat' dir='ltr'><strong>si</strong></span> <span class='ocrx_word' id='word_1_490' title='bbox 1788 3753 1860 3807; x_wconf 90' lang='lat' dir='ltr'><strong>ita</strong></span> <span class='ocrx_word' id='word_1_491' title='bbox 1887 3752 2076 3808; x_wconf 80' lang='lat' dir='ltr'><strong>subse-</strong></span> 
     </span>
    </p>
   </div>
   <div class='ocr_carea' id='block_1_69' title="bbox 498 3841 2072 3912">
    <p class='ocr_par' dir='ltr' id='par_1_69' title="bbox 498 3841 2072 3912">
     <span class='ocr_line' id='line_1_69' title="bbox 498 3841 2072 3912; baseline 0 -18"><span class='ocrx_word' id='word_1_492' title='bbox 498 3841 723 3912; x_wconf 78' lang='lat' dir='ltr'><strong>quentia</strong></span> <span class='ocrx_word' id='word_1_493' title='bbox 763 3849 1006 3911; x_wconf 86' lang='lat' dir='ltr'><strong>tempora</strong></span> <span class='ocrx_word' id='word_1_494' title='bbox 1037 3856 1349 3912; x_wconf 86' lang='lat' dir='ltr'><strong>percurras,</strong></span> <span class='ocrx_word' id='word_1_495' title='bbox 1395 3842 1452 3896; x_wconf 91' lang='lat' dir='ltr'><strong>in</strong></span> <span class='ocrx_word' id='word_1_496' title='bbox 1487 3841 1719 3912; x_wconf 85' lang='lat' dir='ltr'><strong>singulis</strong></span> <span class='ocrx_word' id='word_1_497' title='bbox 1761 3841 2072 3912; x_wconf 85' lang='lat' dir='ltr'><strong>generatio-</strong></span> 
     </span>
    </p>
   </div>
   <div class='ocr_carea' id='block_1_70' title="bbox 498 3931 2076 4006">
    <p class='ocr_par' dir='ltr' id='par_1_70' title="bbox 498 3931 2076 4006">
     <span class='ocr_line' id='line_1_70' title="bbox 498 3931 2076 4006; baseline -0.004 -15"><span class='ocrx_word' id='word_1_498' title='bbox 498 3937 663 3991; x_wconf 85' lang='lat' dir='ltr'><strong>nibus</strong></span> <span class='ocrx_word' id='word_1_499' title='bbox 697 3942 1012 4006; x_wconf 83' lang='lat' dir='ltr'><strong>peccatores</strong></span> <span class='ocrx_word' id='word_1_500' title='bbox 1038 3940 1229 3988; x_wconf 89' lang='lat' dir='ltr'><strong>contra</strong></span> <span class='ocrx_word' id='word_1_501' title='bbox 1251 3933 1436 4004; x_wconf 87' lang='lat' dir='ltr'><strong>justos</strong></span> <span class='ocrx_word' id='word_1_502' title='bbox 1473 3933 1754 4003; x_wconf 90' lang='lat' dir='ltr'><strong>insurgere</strong></span> <span class='ocrx_word' id='word_1_503' title='bbox 1777 3931 2076 4002; x_wconf 83' lang='lat' dir='ltr'><strong>deprehen-</strong></span> 
     </span>
    </p>
   </div>
   <div class='ocr_carea' id='block_1_71' title="bbox 497 4023 2073 4098">
    <p class='ocr_par' dir='ltr' id='par_1_71' title="bbox 497 4023 2073 4098">
     <span class='ocr_line' id='line_1_71' title="bbox 497 4023 2073 4098; baseline -0.004 -15"><span class='ocrx_word' id='word_1_504' title='bbox 497 4029 618 4085; x_wconf 87' lang='lat' dir='ltr'><strong>des.</strong></span> <span class='ocrx_word' id='word_1_505' title='bbox 665 4026 984 4098; x_wconf 85' lang='lat' dir='ltr'><strong>Usquequo,</strong></span> <span class='ocrx_word' id='word_1_506' title='bbox 1017 4025 1264 4090; x_wconf 90' lang='lat' dir='ltr'><strong>Domine,</strong></span> <span class='ocrx_word' id='word_1_507' title='bbox 1300 4025 1414 4080; x_wconf 72' lang='lat' dir='ltr'><strong>hazc</strong></span> <span class='ocrx_word' id='word_1_508' title='bbox 1457 4023 1984 4095; x_wconf 86' lang='lat' dir='ltr'><strong>erunt?Usqucquo</strong></span> <span class='ocrx_word' id='word_1_509' title='bbox 2017 4025 2073 4078; x_wconf 88' lang='lat' dir='ltr'><strong>in</strong></span> 
     </span>
    </p>
   </div>
   <div class='ocr_carea' id='block_1_72' title="bbox 497 4117 2076 4191">
    <p class='ocr_par' dir='ltr' id='par_1_72' title="bbox 497 4117 2076 4191">
     <span class='ocr_line' id='line_1_72' title="bbox 497 4117 2076 4191; baseline -0.003 -15"><span class='ocrx_word' id='word_1_510' title='bbox 497 4130 705 4176; x_wconf 86' lang='lat' dir='ltr'><strong>tantam</strong></span> <span class='ocrx_word' id='word_1_511' title='bbox 751 4121 1064 4191; x_wconf 88' lang='lat' dir='ltr'><strong>superbiam</strong></span> <span class='ocrx_word' id='word_1_512' title='bbox 1119 4119 1432 4190; x_wconf 80' lang='lat' dir='ltr'><strong>pecc‘atores</strong></span> <span class='ocrx_word' id='word_1_513' title='bbox 1477 4119 1774 4188; x_wconf 89' lang='lat' dir='ltr'><strong>erigentur,</strong></span> <span class='ocrx_word' id='word_1_514' title='bbox 1801 4127 1859 4172; x_wconf 93' lang='lat' dir='ltr'><strong>ut</strong></span> <span class='ocrx_word' id='word_1_515' title='bbox 1889 4119 1944 4172; x_wconf 92' lang='lat' dir='ltr'><strong>in</strong></span> <span class='ocrx_word' id='word_1_516' title='bbox 1975 4117 2076 4171; x_wconf 91' lang='lat' dir='ltr'><strong>im-</strong></span> 
     </span>
    </p>
   </div>
   <div class='ocr_carea' id='block_1_73' title="bbox 498 4213 2072 4287">
    <p class='ocr_par' dir='ltr' id='par_1_73' title="bbox 498 4213 2072 4287">
     <span class='ocr_line' id='line_1_73' title="bbox 498 4213 2072 4287; baseline -0.006 -15"><span class='ocrx_word' id='word_1_517' title='bbox 498 4215 800 4287; x_wconf 81' lang='lat' dir='ltr'><strong>pietatibus</strong></span> <span class='ocrx_word' id='word_1_518' title='bbox 827 4215 944 4269; x_wconf 87' lang='lat' dir='ltr'><strong>suis</strong></span> <span class='ocrx_word' id='word_1_519' title='bbox 969 4213 1307 4285; x_wconf 89' lang='lat' dir='ltr'><strong>glorientur;</strong></span> <span class='ocrx_word' id='word_1_520' title='bbox 1332 4227 1508 4282; x_wconf 88' lang='lat' dir='ltr'><strong>neque</strong></span> <span class='ocrx_word' id='word_1_521' title='bbox 1539 4219 1691 4282; x_wconf 77' lang='lat' dir='ltr'><strong>gesta</strong></span> <span class='ocrx_word' id='word_1_522' title='bbox 1709 4225 1807 4266; x_wconf 87' lang='lat' dir='ltr'><strong>sua</strong></span> <span class='ocrx_word' id='word_1_523' title='bbox 1831 4217 2072 4273; x_wconf 89' lang='lat' dir='ltr'><strong>taceant,</strong></span> 
     </span>
    </p>
   </div>
   <div class='ocr_carea' id='block_1_74' title="bbox 499 4306 2074 4382">
    <p class='ocr_par' dir='ltr' id='par_1_74' title="bbox 499 4306 2074 4382">
     <span class='ocr_line' id='line_1_74' title="bbox 499 4306 2074 4382; baseline -0.005 -16"><span class='ocrx_word' id='word_1_524' title='bbox 499 4326 680 4382; x_wconf 85' lang='lat' dir='ltr'><strong>neque</strong></span> <span class='ocrx_word' id='word_1_525' title='bbox 727 4311 988 4365; x_wconf 88' lang='lat' dir='ltr'><strong>malitiam</strong></span> <span class='ocrx_word' id='word_1_526' title='bbox 1023 4309 1301 4363; x_wconf 86' lang='lat' dir='ltr'><strong>occultent</strong></span> <span class='ocrx_word' id='word_1_527' title='bbox 1339 4323 1531 4374; x_wconf 89' lang='lat' dir='ltr'><strong>suam;</strong></span> <span class='ocrx_word' id='word_1_528' title='bbox 1563 4307 1656 4363; x_wconf 89' lang='lat' dir='ltr'><strong>sed</strong></span> <span class='ocrx_word' id='word_1_529' title='bbox 1692 4308 1987 4376; x_wconf 87' lang='lat' dir='ltr'><strong>loquantur</strong></span> <span class='ocrx_word' id='word_1_530' title='bbox 2019 4306 2074 4359; x_wconf 88' lang='lat' dir='ltr'><strong>in</strong></span> 
     </span>
    </p>
   </div>
   <div class='ocr_carea' id='block_1_75' title="bbox 500 4396 2076 4472">
    <p class='ocr_par' dir='ltr' id='par_1_75' title="bbox 500 4396 2076 4472">
     <span class='ocr_line' id='line_1_75' title="bbox 500 4396 2076 4472; baseline -0.003 -15"><span class='ocrx_word' id='word_1_531' title='bbox 500 4403 858 4472; x_wconf 90' lang='lat' dir='ltr'><strong>omniumque</strong></span> <span class='ocrx_word' id='word_1_532' title='bbox 904 4401 1131 4456; x_wconf 88' lang='lat' dir='ltr'><strong>auribus</strong></span> <span class='ocrx_word' id='word_1_533' title='bbox 1169 4400 1470 4470; x_wconf 90' lang='lat' dir='ltr'><strong>injustitias</strong></span> <span class='ocrx_word' id='word_1_534' title='bbox 1492 4400 1720 4455; x_wconf 80' lang='lat' dir='ltr'><strong>etlerant</strong></span> <span class='ocrx_word' id='word_1_535' title='bbox 1753 4413 1886 4454; x_wconf 88' lang='lat' dir='ltr'><strong>suas</strong></span> <span class='ocrx_word' id='word_1_536' title='bbox 1915 4399 1938 4451; x_wconf 90' lang='lat'><strong>?</strong></span> <span class='ocrx_word' id='word_1_537' title='bbox 1964 4396 2076 4452; x_wconf 87' lang='lat' dir='ltr'><strong>Us-</strong></span> 
     </span>
    </p>
   </div>
   <div class='ocr_carea' id='block_1_76' title="bbox 2176 3216 3771 3294">
    <p class='ocr_par' dir='ltr' id='par_1_76' title="bbox 2176 3216 3771 3294">
     <span class='ocr_line' id='line_1_76' title="bbox 2176 3216 3771 3294; baseline -0.004 -19"><span class='ocrx_word' id='word_1_538' title='bbox 2176 3226 2242 3294; x_wconf 80' lang='grc' dir='ltr'>τῇ</span> <span class='ocrx_word' id='word_1_539' title='bbox 2280 3223 2673 3294; x_wconf 78' lang='grc' dir='ltr'>προσευχῇ.Τά</span> <span class='ocrx_word' id='word_1_540' title='bbox 2689 3239 2748 3274; x_wconf 91' lang='grc' dir='ltr'><strong>τε</strong></span> <span class='ocrx_word' id='word_1_541' title='bbox 2787 3222 2892 3292; x_wconf 85' lang='grc' dir='ltr'>μὴν</span> <span class='ocrx_word' id='word_1_542' title='bbox 2917 3223 3019 3292; x_wconf 81' lang='grc' dir='ltr'>τῆς</span> <span class='ocrx_word' id='word_1_543' title='bbox 3055 3223 3332 3293; x_wconf 80' lang='grc' dir='ltr'>ἱκετηρίας</span> <span class='ocrx_word' id='word_1_544' title='bbox 3362 3223 3460 3294; x_wconf 83' lang='grc' dir='ltr'>τῆς</span> <span class='ocrx_word' id='word_1_545' title='bbox 3500 3221 3644 3291; x_wconf 79' lang='grc' dir='ltr'>πρὸς</span> <span class='ocrx_word' id='word_1_546' title='bbox 3676 3216 3771 3270; x_wconf 82' lang='grc' dir='ltr'><strong>τὸν</strong></span> 
     </span>
    </p>
   </div>
   <div class='ocr_carea' id='block_1_77' title="bbox 2177 3311 3773 3382">
    <p class='ocr_par' dir='ltr' id='par_1_77' title="bbox 2177 3311 3773 3382">
     <span class='ocr_line' id='line_1_77' title="bbox 2177 3311 3773 3382; baseline -0.003 -17"><span class='ocrx_word' id='word_1_547' title='bbox 2177 3313 2308 3367; x_wconf 89' lang='grc' dir='ltr'>Θεὸν</span> <span class='ocrx_word' id='word_1_548' title='bbox 2341 3313 2448 3366; x_wconf 88' lang='grc' dir='ltr'><strong>ἀπὸ</strong></span> <span class='ocrx_word' id='word_1_549' title='bbox 2475 3312 2592 3376; x_wconf 79' lang='grc' dir='ltr'>τοῦ,</span> <span class='ocrx_word' id='word_1_550' title='bbox 2638 3313 2922 3382; x_wconf 73' lang='grc' dir='ltr'>Ὺψώθητι</span> <span class='ocrx_word' id='word_1_551' title='bbox 2954 3316 2988 3366; x_wconf 84' lang='grc' dir='ltr'><strong>ό</strong></span> <span class='ocrx_word' id='word_1_552' title='bbox 3027 3313 3248 3380; x_wconf 78' lang='grc' dir='ltr'>κρίνων</span> <span class='ocrx_word' id='word_1_553' title='bbox 3285 3312 3402 3380; x_wconf 78' lang='grc' dir='ltr'>τὴν</span> <span class='ocrx_word' id='word_1_554' title='bbox 3428 3313 3571 3381; x_wconf 75' lang='grc' dir='ltr'>γῆν,</span> <span class='ocrx_word' id='word_1_555' title='bbox 3603 3311 3773 3380; x_wconf 78' lang='grc' dir='ltr'>ἀρχεσ-</span> 
     </span>
    </p>
   </div>
   <div class='ocr_carea' id='block_1_78' title="bbox 2176 3397 3770 3475">
    <p class='ocr_par' dir='ltr' id='par_1_78' title="bbox 2176 3397 3770 3475">
     <span class='ocr_line' id='line_1_78' title="bbox 2176 3397 3770 3475; baseline -0.004 -20"><span class='ocrx_word' id='word_1_556' title='bbox 2176 3421 2286 3457; x_wconf 90' lang='grc' dir='ltr'>ται.</span> <span class='ocrx_word' id='word_1_557' title='bbox 2316 3404 2453 3472; x_wconf 74' lang='grc' dir='ltr'>Φησὶ</span> <span class='ocrx_word' id='word_1_558' title='bbox 2477 3404 2656 3456; x_wconf 90' lang='grc' dir='ltr'>τοίνυν</span> <span class='ocrx_word' id='word_1_559' title='bbox 2687 3406 2716 3456; x_wconf 80' lang='grc' dir='ltr'>ὁ</span> <span class='ocrx_word' id='word_1_560' title='bbox 2747 3403 2920 3471; x_wconf 87' lang='grc' dir='ltr'>Λόγος</span> <span class='ocrx_word' id='word_1_561' title='bbox 2943 3418 2956 3432; x_wconf 91' lang='grc'><strong>·</strong></span> <span class='ocrx_word' id='word_1_562' title='bbox 3007 3404 3123 3472; x_wconf 83' lang='grc' dir='ltr'><strong>Ἀφ’</strong></span> <span class='ocrx_word' id='word_1_563' title='bbox 3151 3399 3320 3475; x_wconf 71' lang='grc' dir='ltr'>οὗπερ</span> <span class='ocrx_word' id='word_1_564' title='bbox 3365 3406 3390 3457; x_wconf 83' lang='grc'>6</span> <span class='ocrx_word' id='word_1_565' title='bbox 3416 3403 3527 3457; x_wconf 91' lang='grc' dir='ltr'><strong>τῶν</strong></span> <span class='ocrx_word' id='word_1_566' title='bbox 3556 3397 3770 3470; x_wconf 85' lang='grc' dir='ltr'>ἀνθρὼ-</span> 
     </span>
    </p>
   </div>
   <div class='ocr_carea' id='block_1_79' title="bbox 2179 3488 3768 3564">
    <p class='ocr_par' dir='ltr' id='par_1_79' title="bbox 2179 3488 3768 3564">
     <span class='ocr_line' id='line_1_79' title="bbox 2179 3488 3768 3564; baseline 0.001 -22"><span class='ocrx_word' id='word_1_567' title='bbox 2179 3506 2297 3544; x_wconf 89' lang='grc' dir='ltr'><strong>πων</strong></span> <span class='ocrx_word' id='word_1_568' title='bbox 2327 3491 2530 3562; x_wconf 75' lang='grc' dir='ltr'>ήρξατο</span> <span class='ocrx_word' id='word_1_569' title='bbox 2577 3491 2896 3555; x_wconf 80' lang='grc' dir='ltr'>συνεστάναι</span> <span class='ocrx_word' id='word_1_570' title='bbox 2944 3490 3077 3561; x_wconf 86' lang='grc' dir='ltr'>βίος,</span> <span class='ocrx_word' id='word_1_571' title='bbox 3122 3493 3231 3546; x_wconf 86' lang='grc' dir='ltr'><strong>ἀπὸ</strong></span> <span class='ocrx_word' id='word_1_572' title='bbox 3273 3493 3395 3546; x_wconf 90' lang='grc' dir='ltr'>τότε</span> <span class='ocrx_word' id='word_1_573' title='bbox 3439 3488 3768 3564; x_wconf 79' lang='grc' dir='ltr'>ἁμαρτωλοὶ</span> 
     </span>
    </p>
   </div>
   <div class='ocr_carea' id='block_1_80' title="bbox 2178 3579 3762 3654">
    <p class='ocr_par' dir='ltr' id='par_1_80' title="bbox 2178 3579 3762 3654">
     <span class='ocr_line' id='line_1_80' title="bbox 2178 3579 3762 3654; baseline -0.003 -18"><span class='ocrx_word' id='word_1_574' title='bbox 2178 3581 2489 3652; x_wconf 80' lang='grc' dir='ltr'>κατισχύειν</span> <span class='ocrx_word' id='word_1_575' title='bbox 2515 3581 2625 3635; x_wconf 89' lang='grc' dir='ltr'><strong>τῶν</strong></span> <span class='ocrx_word' id='word_1_576' title='bbox 2649 3581 2868 3635; x_wconf 86' lang='grc' dir='ltr'>δικαίων</span> <span class='ocrx_word' id='word_1_577' title='bbox 2893 3583 3124 3654; x_wconf 69' lang='grc' dir='ltr'>ἤρξαντο</span> <span class='ocrx_word' id='word_1_578' title='bbox 3142 3600 3154 3614; x_wconf 75' lang='grc' dir='ltr'><strong>ο</strong></span> <span class='ocrx_word' id='word_1_579' title='bbox 3181 3585 3256 3648; x_wconf 87' lang='grc' dir='ltr'>ὡς</span> <span class='ocrx_word' id='word_1_580' title='bbox 3277 3586 3415 3639; x_wconf 83' lang='grc' dir='ltr'>Κάῖν</span> <span class='ocrx_word' id='word_1_581' title='bbox 3443 3585 3540 3639; x_wconf 80' lang='grc' dir='ltr'>τοῦ</span> <span class='ocrx_word' id='word_1_582' title='bbox 3573 3579 3762 3646; x_wconf 75' lang='grc' dir='ltr'>Ἅϐελ,</span> 
     </span>
    </p>
   </div>
   <div class='ocr_carea' id='block_1_81' title="bbox 2178 3673 3758 3746">
    <p class='ocr_par' dir='ltr' id='par_1_81' title="bbox 2178 3673 3758 3746">
     <span class='ocr_line' id='line_1_81' title="bbox 2178 3673 3758 3746; baseline -0.001 -18"><span class='ocrx_word' id='word_1_583' title='bbox 2178 3675 2274 3728; x_wconf 76' lang='grc' dir='ltr'>καὶ</span> <span class='ocrx_word' id='word_1_584' title='bbox 2301 3678 2348 3729; x_wconf 82' lang='lat' dir='ltr'><strong>oi</strong></span> <span class='ocrx_word' id='word_1_585' title='bbox 2372 3675 2464 3728; x_wconf 74' lang='grc' dir='ltr'><strong>ἐπὶ</strong></span> <span class='ocrx_word' id='word_1_586' title='bbox 2481 3674 2575 3728; x_wconf 82' lang='grc' dir='ltr'><strong>τοῦ</strong></span> <span class='ocrx_word' id='word_1_587' title='bbox 2610 3673 2995 3746; x_wconf 82' lang='grc' dir='ltr'>κατακλυσμοῦ</span> <span class='ocrx_word' id='word_1_588' title='bbox 3029 3675 3283 3745; x_wconf 84' lang='grc' dir='ltr'>γίγαντες</span> <span class='ocrx_word' id='word_1_589' title='bbox 3314 3676 3423 3731; x_wconf 91' lang='grc' dir='ltr'><strong>τῶν</strong></span> <span class='ocrx_word' id='word_1_590' title='bbox 3445 3679 3504 3731; x_wconf 80' lang='grc' dir='ltr'>ὲν</span> <span class='ocrx_word' id='word_1_591' title='bbox 3536 3676 3722 3737; x_wconf 79' lang='grc' dir='ltr'>αὐτοῖς</span> <span class='ocrx_word' id='word_1_592' title='bbox 3743 3689 3758 3703; x_wconf 87' lang='grc'><strong>·</strong></span> 
     </span>
    </p>
   </div>
   <div class='ocr_carea' id='block_1_82' title="bbox 2179 3767 3761 3843">
    <p class='ocr_par' dir='ltr' id='par_1_82' title="bbox 2179 3767 3761 3843">
     <span class='ocr_line' id='line_1_82' title="bbox 2179 3767 3761 3843; baseline -0.003 -20"><span class='ocrx_word' id='word_1_593' title='bbox 2179 3768 2316 3823; x_wconf 87' lang='grc' dir='ltr'><strong>ἀλλά</strong></span> <span class='ocrx_word' id='word_1_594' title='bbox 2342 3770 2436 3823; x_wconf 69' lang='grc' dir='ltr'>καὶ</span> <span class='ocrx_word' id='word_1_595' title='bbox 2477 3768 2647 3822; x_wconf 80' lang='grc' dir='ltr'><strong>Ἦσαῦ</strong></span> <span class='ocrx_word' id='word_1_596' title='bbox 2679 3768 2774 3822; x_wconf 81' lang='grc' dir='ltr'>τοῦ</span> <span class='ocrx_word' id='word_1_597' title='bbox 2820 3767 3034 3833; x_wconf 85' lang='grc' dir='ltr'>Ἰακὼϐ,</span> <span class='ocrx_word' id='word_1_598' title='bbox 3070 3770 3161 3823; x_wconf 71' lang='grc' dir='ltr'><strong>καὶ</strong></span> <span class='ocrx_word' id='word_1_599' title='bbox 3176 3769 3272 3823; x_wconf 84' lang='grc' dir='ltr'><strong>τοῦ</strong></span> <span class='ocrx_word' id='word_1_600' title='bbox 3306 3771 3505 3843; x_wconf 82' lang='grc' dir='ltr'>Ἰωσὴφ</span> <span class='ocrx_word' id='word_1_601' title='bbox 3529 3772 3579 3824; x_wconf 88' lang='grc' dir='ltr'>οἱ</span> <span class='ocrx_word' id='word_1_602' title='bbox 3615 3767 3761 3824; x_wconf 82' lang='grc' dir='ltr'>ἀδελ-</span> 
     </span>
    </p>
   </div>
   <div class='ocr_carea' id='block_1_83' title="bbox 2180 3857 3758 3935">
    <p class='ocr_par' dir='ltr' id='par_1_83' title="bbox 2180 3857 3758 3935">
     <span class='ocr_line' id='line_1_83' title="bbox 2180 3857 3758 3935; baseline -0.003 -19"><span class='ocrx_word' id='word_1_603' title='bbox 2180 3865 2271 3932; x_wconf 82' lang='grc' dir='ltr'>φοί</span> <span class='ocrx_word' id='word_1_604' title='bbox 2292 3881 2306 3894; x_wconf 79' lang='grc' dir='ltr'><strong>ο</strong></span> <span class='ocrx_word' id='word_1_605' title='bbox 2343 3864 2436 3916; x_wconf 79' lang='grc' dir='ltr'>καὶ</span> <span class='ocrx_word' id='word_1_606' title='bbox 2475 3861 2619 3916; x_wconf 74' lang='grc' dir='ltr'>οὕτω</span> <span class='ocrx_word' id='word_1_607' title='bbox 2664 3861 2872 3934; x_wconf 87' lang='grc' dir='ltr'>προῖὼν</span> <span class='ocrx_word' id='word_1_608' title='bbox 2896 3859 3009 3925; x_wconf 79' lang='grc' dir='ltr'>τοῖς</span> <span class='ocrx_word' id='word_1_609' title='bbox 3041 3862 3271 3933; x_wconf 88' lang='grc' dir='ltr'>χρόνοις,</span> <span class='ocrx_word' id='word_1_610' title='bbox 3305 3863 3486 3935; x_wconf 76' lang='grc' dir='ltr'>εὕροις</span> <span class='ocrx_word' id='word_1_611' title='bbox 3517 3863 3583 3918; x_wconf 76' lang='grc' dir='ltr'>ἂν</span> <span class='ocrx_word' id='word_1_612' title='bbox 3634 3857 3758 3914; x_wconf 77' lang='grc' dir='ltr'>καθ’</span> 
     </span>
    </p>
   </div>
   <div class='ocr_carea' id='block_1_84' title="bbox 2180 3952 3758 4025">
    <p class='ocr_par' dir='ltr' id='par_1_84' title="bbox 2180 3952 3758 4025">
     <span class='ocr_line' id='line_1_84' title="bbox 2180 3952 3758 4025; baseline -0.002 -20"><span class='ocrx_word' id='word_1_613' title='bbox 2180 3953 2417 4025; x_wconf 80' lang='grc' dir='ltr'>ἑκάστην</span> <span class='ocrx_word' id='word_1_614' title='bbox 2478 3952 2668 4022; x_wconf 87' lang='grc' dir='ltr'>γενεὰν</span> <span class='ocrx_word' id='word_1_615' title='bbox 2715 3953 2839 4014; x_wconf 78' lang='grc' dir='ltr'>τοὺς</span> <span class='ocrx_word' id='word_1_616' title='bbox 2885 3952 3239 4024; x_wconf 81' lang='grc' dir='ltr'>ἁμαρτωλοὺς</span> <span class='ocrx_word' id='word_1_617' title='bbox 3293 3952 3758 4024; x_wconf 81' lang='grc' dir='ltr'>ἐπανισταμένους</span> 
     </span>
    </p>
   </div>
   <div class='ocr_carea' id='block_1_85' title="bbox 2178 4037 3754 4116">
    <p class='ocr_par' dir='ltr' id='par_1_85' title="bbox 2178 4037 3754 4116">
     <span class='ocr_line' id='line_1_85' title="bbox 2178 4037 3754 4116; baseline -0.002 -18"><span class='ocrx_word' id='word_1_618' title='bbox 2178 4047 2291 4110; x_wconf 84' lang='grc' dir='ltr'>τοῖς</span> <span class='ocrx_word' id='word_1_619' title='bbox 2317 4044 2563 4107; x_wconf 80' lang='grc' dir='ltr'>δικαίοις.</span> <span class='ocrx_word' id='word_1_620' title='bbox 2595 4043 2738 4106; x_wconf 83' lang='grc' dir='ltr'>Ἕως</span> <span class='ocrx_word' id='word_1_621' title='bbox 2769 4039 2861 4096; x_wconf 81' lang='grc' dir='ltr'>οὖν</span> <span class='ocrx_word' id='word_1_622' title='bbox 2893 4045 3044 4106; x_wconf 88' lang='grc' dir='ltr'>πότε,</span> <span class='ocrx_word' id='word_1_623' title='bbox 3074 4037 3118 4098; x_wconf 81' lang='grc' dir='ltr'><strong>ὦ</strong></span> <span class='ocrx_word' id='word_1_624' title='bbox 3156 4043 3346 4116; x_wconf 80' lang='grc' dir='ltr'>Κύριε,</span> <span class='ocrx_word' id='word_1_625' title='bbox 3376 4043 3535 4098; x_wconf 81' lang='grc' dir='ltr'>τοῦτο</span> <span class='ocrx_word' id='word_1_626' title='bbox 3570 4045 3754 4105; x_wconf 57' lang='lat' dir='ltr'><strong>terat;</strong></span> 
     </span>
    </p>
   </div>
   <div class='ocr_carea' id='block_1_86' title="bbox 2183 4136 3758 4208">
    <p class='ocr_par' dir='ltr' id='par_1_86' title="bbox 2183 4136 3758 4208">
     <span class='ocr_line' id='line_1_86' title="bbox 2183 4136 3758 4208; baseline -0.003 -16"><span class='ocrx_word' id='word_1_627' title='bbox 2183 4138 2326 4202; x_wconf 87' lang='grc' dir='ltr'>Ἕως</span> <span class='ocrx_word' id='word_1_628' title='bbox 2359 4137 2487 4190; x_wconf 90' lang='grc' dir='ltr'>πότε</span> <span class='ocrx_word' id='word_1_629' title='bbox 2514 4137 2594 4201; x_wconf 85' lang='grc' dir='ltr'><strong>είς</strong></span> <span class='ocrx_word' id='word_1_630' title='bbox 2616 4136 2870 4190; x_wconf 82' lang='grc' dir='ltr'>τοσοῦτον</span> <span class='ocrx_word' id='word_1_631' title='bbox 2892 4136 3178 4208; x_wconf 81' lang='grc' dir='ltr'>ἐπιτριϐῆς</span> <span class='ocrx_word' id='word_1_632' title='bbox 3203 4137 3482 4190; x_wconf 85' lang='grc' dir='ltr'>ὲλάσουσιν</span> <span class='ocrx_word' id='word_1_633' title='bbox 3502 4141 3549 4192; x_wconf 87' lang='grc' dir='ltr'><strong>οί</strong></span> <span class='ocrx_word' id='word_1_634' title='bbox 3580 4138 3758 4208; x_wconf 87' lang='grc' dir='ltr'>ἀμαρ-</span> 
     </span>
    </p>
   </div>
   <div class='ocr_carea' id='block_1_87' title="bbox 2178 4227 3754 4299">
    <p class='ocr_par' dir='ltr' id='par_1_87' title="bbox 2178 4227 3754 4299">
     <span class='ocr_line' id='line_1_87' title="bbox 2178 4227 3754 4299; baseline -0.003 -17"><span class='ocrx_word' id='word_1_635' title='bbox 2178 4230 2361 4294; x_wconf 75' lang='grc' dir='ltr'>τωλοὶ,</span> <span class='ocrx_word' id='word_1_636' title='bbox 2396 4229 2472 4293; x_wconf 83' lang='grc' dir='ltr'><strong>ὡς</strong></span> <span class='ocrx_word' id='word_1_637' title='bbox 2505 4229 2599 4281; x_wconf 68' lang='grc' dir='ltr'>καὶ</span> <span class='ocrx_word' id='word_1_638' title='bbox 2649 4228 3024 4299; x_wconf 81' lang='grc' dir='ltr'>ὲγκαυχᾶσθαι</span> <span class='ocrx_word' id='word_1_639' title='bbox 3068 4231 3188 4292; x_wconf 88' lang='grc' dir='ltr'>ταῖς</span> <span class='ocrx_word' id='word_1_640' title='bbox 3233 4229 3508 4294; x_wconf 87' lang='grc' dir='ltr'>ἀσεϐείαις</span> <span class='ocrx_word' id='word_1_641' title='bbox 3554 4227 3754 4287; x_wconf 84' lang='grc' dir='ltr'>αὐτῶν,</span> 
     </span>
    </p>
   </div>
   <div class='ocr_carea' id='block_1_88' title="bbox 2181 4312 3754 4392">
    <p class='ocr_par' dir='ltr' id='par_1_88' title="bbox 2181 4312 3754 4392">
     <span class='ocr_line' id='line_1_88' title="bbox 2181 4312 3754 4392; baseline -0.002 -19"><span class='ocrx_word' id='word_1_642' title='bbox 2181 4319 2274 4373; x_wconf 76' lang='grc' dir='ltr'>καὶ</span> <span class='ocrx_word' id='word_1_643' title='bbox 2305 4317 2439 4390; x_wconf 85' lang='grc' dir='ltr'>μηδὲ</span> <span class='ocrx_word' id='word_1_644' title='bbox 2475 4319 2686 4389; x_wconf 73' lang='grc' dir='ltr'>σιωπᾷν</span> <span class='ocrx_word' id='word_1_645' title='bbox 2718 4319 2806 4386; x_wconf 79' lang='grc' dir='ltr'><strong>ἐφ’</strong></span> <span class='ocrx_word' id='word_1_646' title='bbox 2834 4312 2916 4382; x_wconf 83' lang='grc' dir='ltr'><strong>οίς</strong></span> <span class='ocrx_word' id='word_1_647' title='bbox 2968 4319 3285 4390; x_wconf 88' lang='grc' dir='ltr'>πράττουσι,</span> <span class='ocrx_word' id='word_1_648' title='bbox 3333 4321 3467 4392; x_wconf 81' lang='grc' dir='ltr'>μηδὲ</span> <span class='ocrx_word' id='word_1_649' title='bbox 3511 4317 3754 4391; x_wconf 81' lang='grc' dir='ltr'>ἀποκρύ-</span> 
     </span>
    </p>
   </div>
   <div class='ocr_carea' id='block_1_89' title="bbox 2182 4406 3758 4481">
    <p class='ocr_par' dir='ltr' id='par_1_89' title="bbox 2182 4406 3758 4481">
     <span class='ocr_line' id='line_1_89' title="bbox 2182 4406 3758 4481; baseline -0.003 -19"><span class='ocrx_word' id='word_1_650' title='bbox 2182 4426 2336 4462; x_wconf 88' lang='grc' dir='ltr'>πτειν</span> <span class='ocrx_word' id='word_1_651' title='bbox 2379 4409 2475 4481; x_wconf 79' lang='grc' dir='ltr'>τὴν</span> <span class='ocrx_word' id='word_1_652' title='bbox 2508 4409 2686 4462; x_wconf 84' lang='grc' dir='ltr'>αὐτῶν</span> <span class='ocrx_word' id='word_1_653' title='bbox 2725 4409 2944 4473; x_wconf 85' lang='grc' dir='ltr'>κακίαν,</span> <span class='ocrx_word' id='word_1_654' title='bbox 2989 4409 3125 4462; x_wconf 79' lang='grc' dir='ltr'>ἀλλὰ</span> <span class='ocrx_word' id='word_1_655' title='bbox 3165 4410 3259 4464; x_wconf 69' lang='grc' dir='ltr'><strong>καὶ</strong></span> <span class='ocrx_word' id='word_1_656' title='bbox 3301 4411 3634 4481; x_wconf 79' lang='grc' dir='ltr'>φθέγξασθαι</span> <span class='ocrx_word' id='word_1_657' title='bbox 3668 4406 3758 4463; x_wconf 78' lang='grc' dir='ltr'>καὶ</span> 
     </span>
    </p>
   </div>
   <div class='ocr_carea' id='block_1_90' title="bbox 501 4491 2071 4568">
    <p class='ocr_par' dir='ltr' id='par_1_90' title="bbox 501 4491 2071 4566">
     <span class='ocr_line' id='line_1_90' title="bbox 501 4491 2071 4566; baseline -0.004 -16"><span class='ocrx_word' id='word_1_658' title='bbox 501 4510 720 4566; x_wconf 83' lang='lat' dir='ltr'><strong>quequo</strong></span> <span class='ocrx_word' id='word_1_659' title='bbox 751 4495 915 4566; x_wconf 84' lang='lat' dir='ltr'><strong>igitur</strong></span> <span class='ocrx_word' id='word_1_660' title='bbox 933 4507 1026 4548; x_wconf 86' lang='lat' dir='ltr'><strong>eos</strong></span> <span class='ocrx_word' id='word_1_661' title='bbox 1057 4493 1184 4546; x_wconf 90' lang='lat' dir='ltr'><strong>talia</strong></span> <span class='ocrx_word' id='word_1_662' title='bbox 1209 4492 1473 4548; x_wconf 86' lang='lat' dir='ltr'><strong>audentes</strong></span> <span class='ocrx_word' id='word_1_663' title='bbox 1507 4491 1687 4546; x_wconf 76' lang='lat' dir='ltr'><strong>feras?</strong></span> <span class='ocrx_word' id='word_1_664' title='bbox 1711 4491 1779 4544; x_wconf 81' lang='lat' dir='ltr'><strong>At</strong></span> <span class='ocrx_word' id='word_1_665' title='bbox 1811 4506 1935 4546; x_wconf 91' lang='lat' dir='ltr'><strong>cum</strong></span> <span class='ocrx_word' id='word_1_666' title='bbox 1960 4491 2071 4559; x_wconf 89' lang='lat' dir='ltr'><strong>jam</strong></span> 
     </span>
    </p>
   </div>
   <div class='ocr_carea' id='block_1_91' title="bbox 2174 4491 3756 4568">
    <p class='ocr_par' dir='ltr' id='par_1_91' title="bbox 2183 4498 3756 4568">
     <span class='ocr_line' id='line_1_91' title="bbox 2183 4498 3756 4568; baseline -0.001 -16"><span class='ocrx_word' id='word_1_667' title='bbox 2183 4499 2507 4568; x_wconf 78' lang='grc' dir='ltr'>ἐξάκουστον</span> <span class='ocrx_word' id='word_1_668' title='bbox 2538 4499 2651 4562; x_wconf 78' lang='grc' dir='ltr'>τοῖς</span> <span class='ocrx_word' id='word_1_669' title='bbox 2676 4501 2840 4551; x_wconf 81' lang='grc' dir='ltr'>πᾶσιν</span> <span class='ocrx_word' id='word_1_670' title='bbox 2876 4498 3121 4552; x_wconf 81' lang='grc' dir='ltr'>ὲκλαλεῖν</span> <span class='ocrx_word' id='word_1_671' title='bbox 3157 4500 3253 4564; x_wconf 81' lang='grc' dir='ltr'><strong>τὰς</strong></span> <span class='ocrx_word' id='word_1_672' title='bbox 3295 4501 3505 4565; x_wconf 82' lang='grc' dir='ltr'>ἀδικίας</span> <span class='ocrx_word' id='word_1_673' title='bbox 3541 4499 3756 4558; x_wconf 77' lang='grc' dir='ltr'>αὑτῶν;</span> 
     </span>
    </p>
   </div>
   <div class='ocr_carea' id='block_1_92' title="bbox 499 4581 2073 4655">
    <p class='ocr_par' dir='ltr' id='par_1_92' title="bbox 499 4581 2073 4655">
     <span class='ocr_line' id='line_1_92' title="bbox 499 4581 2073 4655; baseline -0.006 -11"><span class='ocrx_word' id='word_1_674' title='bbox 499 4590 558 4644; x_wconf 89' lang='lat' dir='ltr'><strong>in</strong></span> <span class='ocrx_word' id='word_1_675' title='bbox 588 4589 861 4643; x_wconf 83' lang='lat' dir='ltr'><strong>excelsum</strong></span> <span class='ocrx_word' id='word_1_676' title='bbox 883 4585 1017 4655; x_wconf 91' lang='lat' dir='ltr'><strong>justi</strong></span> <span class='ocrx_word' id='word_1_677' title='bbox 1048 4583 1236 4654; x_wconf 77' lang='lat' dir='ltr'><strong>iudicii</strong></span> <span class='ocrx_word' id='word_1_678' title='bbox 1267 4583 1344 4636; x_wconf 91' lang='lat' dir='ltr'><strong>tui</strong></span> <span class='ocrx_word' id='word_1_679' title='bbox 1367 4583 1623 4636; x_wconf 90' lang='lat' dir='ltr'><strong>thronum</strong></span> <span class='ocrx_word' id='word_1_680' title='bbox 1661 4581 2073 4647; x_wconf 90' lang='lat' dir='ltr'><strong>conscenderis,</strong></span> 
     </span>
    </p>
   </div>
   <div class='ocr_carea' id='block_1_93' title="bbox 503 4671 2079 4747">
    <p class='ocr_par' dir='ltr' id='par_1_93' title="bbox 503 4671 2079 4747">
     <span class='ocr_line' id='line_1_93' title="bbox 503 4671 2079 4747; baseline -0.004 -15"><span class='ocrx_word' id='word_1_681' title='bbox 503 4677 782 4742; x_wconf 71' lang='lat' dir='ltr'><strong>Exaltare,</strong></span> <span class='ocrx_word' id='word_1_682' title='bbox 806 4679 893 4747; x_wconf 75' lang='lat' dir='ltr'><strong>qui</strong></span> <span class='ocrx_word' id='word_1_683' title='bbox 909 4675 1123 4746; x_wconf 79' lang='lat' dir='ltr'><strong>judicas</strong></span> <span class='ocrx_word' id='word_1_684' title='bbox 1148 4683 1363 4735; x_wconf 84' lang='lat' dir='ltr'><strong>terram,</strong></span> <span class='ocrx_word' id='word_1_685' title='bbox 1392 4680 1468 4738; x_wconf 84' lang='lat' dir='ltr'><strong>et,</strong></span> <span class='ocrx_word' id='word_1_686' title='bbox 1502 4671 1658 4726; x_wconf 89' lang='lat' dir='ltr'><strong>redde</strong></span> <span class='ocrx_word' id='word_1_687' title='bbox 1683 4671 2079 4727; x_wconf 87' lang='lat' dir='ltr'><strong>retributionem</strong></span> 
     </span>
    </p>
   </div>
   <div class='ocr_carea' id='block_1_94' title="bbox 502 4762 2074 4839">
    <p class='ocr_par' dir='ltr' id='par_1_94' title="bbox 502 4762 2074 4839">
     <span class='ocr_line' id='line_1_94' title="bbox 502 4762 2074 4839; baseline -0.003 -16"><span class='ocrx_word' id='word_1_688' title='bbox 502 4771 779 4838; x_wconf 80' lang='lat' dir='ltr'><strong>superbis,</strong></span> <span class='ocrx_word' id='word_1_689' title='bbox 831 4767 1184 4839; x_wconf 86' lang='lat' dir='ltr'><strong>promeritum</strong></span> <span class='ocrx_word' id='word_1_690' title='bbox 1237 4764 1370 4835; x_wconf 91' lang='lat' dir='ltr'><strong>ipsis</strong></span> <span class='ocrx_word' id='word_1_691' title='bbox 1423 4762 1671 4833; x_wconf 82' lang='lat' dir='ltr'><strong>inﬂigens</strong></span> <span class='ocrx_word' id='word_1_692' title='bbox 1722 4763 2074 4834; x_wconf 85' lang='lat' dir='ltr'><strong>supplicium.</strong></span> 
     </span>
    </p>
   </div>
   <div class='ocr_carea' id='block_1_95' title="bbox 502 4856 2079 4930">
    <p class='ocr_par' dir='ltr' id='par_1_95' title="bbox 502 4856 2079 4930">
     <span class='ocr_line' id='line_1_95' title="bbox 502 4856 2079 4930; baseline -0.004 -14"><span class='ocrx_word' id='word_1_693' title='bbox 502 4862 659 4917; x_wconf 83' lang='lat' dir='ltr'><strong>Nunc</strong></span> <span class='ocrx_word' id='word_1_694' title='bbox 689 4861 834 4915; x_wconf 90' lang='lat' dir='ltr'><strong>enim</strong></span> <span class='ocrx_word' id='word_1_695' title='bbox 880 4869 931 4914; x_wconf 88' lang='lat' dir='ltr'><strong>te</strong></span> <span class='ocrx_word' id='word_1_696' title='bbox 967 4874 1184 4930; x_wconf 83' lang='lat' dir='ltr'><strong>quoque</strong></span> <span class='ocrx_word' id='word_1_697' title='bbox 1215 4857 1549 4927; x_wconf 90' lang='lat' dir='ltr'><strong>despiciunt,</strong></span> <span class='ocrx_word' id='word_1_698' title='bbox 1591 4856 1750 4927; x_wconf 89' lang='lat' dir='ltr'><strong>quasi</strong></span> <span class='ocrx_word' id='word_1_699' title='bbox 1805 4856 1941 4910; x_wconf 87' lang='lat' dir='ltr'><strong>nihil</strong></span> <span class='ocrx_word' id='word_1_700' title='bbox 1983 4871 2079 4910; x_wconf 79' lang='lat' dir='ltr'><strong>ex-</strong></span> 
     </span>
    </p>
   </div>
   <div class='ocr_carea' id='block_1_96' title="bbox 501 4947 2073 5017">
    <p class='ocr_par' dir='ltr' id='par_1_96' title="bbox 501 4947 2073 5017">
     <span class='ocr_line' id='line_1_96' title="bbox 501 4947 2073 5017; baseline -0.006 -7"><span class='ocrx_word' id='word_1_701' title='bbox 501 4955 710 5010; x_wconf 90' lang='lat' dir='ltr'><strong>celsum</strong></span> <span class='ocrx_word' id='word_1_702' title='bbox 750 4951 972 5016; x_wconf 84' lang='lat' dir='ltr'><strong>habeas,</strong></span> <span class='ocrx_word' id='word_1_703' title='bbox 1024 4951 1160 5005; x_wconf 82' lang='lat' dir='ltr'><strong>nihil</strong></span> <span class='ocrx_word' id='word_1_704' title='bbox 1206 4949 1414 5012; x_wconf 89' lang='lat' dir='ltr'><strong>videas,</strong></span> <span class='ocrx_word' id='word_1_705' title='bbox 1456 4964 1557 5003; x_wconf 91' lang='lat' dir='ltr'><strong>nec</strong></span> <span class='ocrx_word' id='word_1_706' title='bbox 1605 4957 1806 5004; x_wconf 87' lang='lat' dir='ltr'><strong>terram</strong></span> <span class='ocrx_word' id='word_1_707' title='bbox 1837 4947 2073 5017; x_wconf 84' lang='lat' dir='ltr'><strong>judices.</strong></span> 
     </span>
    </p>
   </div>
   <div class='ocr_carea' id='block_1_97' title="bbox 503 5041 2078 5118">
    <p class='ocr_par' dir='ltr' id='par_1_97' title="bbox 503 5041 2078 5118">
     <span class='ocr_line' id='line_1_97' title="bbox 503 5041 2078 5118; baseline -0.003 -19"><span class='ocrx_word' id='word_1_708' title='bbox 503 5049 850 5118; x_wconf 80' lang='lat' dir='ltr'><strong>Quapropter</strong></span> <span class='ocrx_word' id='word_1_709' title='bbox 875 5061 995 5114; x_wconf 76' lang='lat' dir='ltr'><strong>qua:</strong></span> <span class='ocrx_word' id='word_1_710' title='bbox 1019 5045 1086 5099; x_wconf 91' lang='lat' dir='ltr'><strong>ad</strong></span> <span class='ocrx_word' id='word_1_711' title='bbox 1110 5045 1281 5099; x_wconf 81' lang='lat' dir='ltr'><strong>vitam</strong></span> <span class='ocrx_word' id='word_1_712' title='bbox 1312 5044 1584 5112; x_wconf 88' lang='lat' dir='ltr'><strong>pertinent</strong></span> <span class='ocrx_word' id='word_1_713' title='bbox 1612 5057 1767 5098; x_wconf 86' lang='lat' dir='ltr'><strong>suam</strong></span> <span class='ocrx_word' id='word_1_714' title='bbox 1794 5051 1847 5096; x_wconf 90' lang='lat' dir='ltr'><strong>et</strong></span> <span class='ocrx_word' id='word_1_715' title='bbox 1867 5041 2078 5110; x_wconf 90' lang='lat' dir='ltr'><strong>judicio</strong></span> 
     </span>
    </p>
   </div>
   <div class='ocr_carea' id='block_1_98' title="bbox 503 5133 2080 5209">
    <p class='ocr_par' dir='ltr' id='par_1_98' title="bbox 503 5133 2080 5209">
     <span class='ocr_line' id='line_1_98' title="bbox 503 5133 2080 5209; baseline -0.003 -21"><span class='ocrx_word' id='word_1_716' title='bbox 503 5150 558 5194; x_wconf 81' lang='lat' dir='ltr'><strong>et</strong></span> <span class='ocrx_word' id='word_1_717' title='bbox 591 5137 930 5209; x_wconf 85' lang='lat' dir='ltr'><strong>providentia</strong></span> <span class='ocrx_word' id='word_1_718' title='bbox 961 5150 1148 5190; x_wconf 88' lang='lat' dir='ltr'><strong>carere</strong></span> <span class='ocrx_word' id='word_1_719' title='bbox 1178 5134 1550 5188; x_wconf 81' lang='lat' dir='ltr'><strong>arbitrantur.</strong></span> <span class='ocrx_word' id='word_1_720' title='bbox 1595 5138 1664 5186; x_wconf 85' lang='lat' dir='ltr'><strong>At</strong></span> <span class='ocrx_word' id='word_1_721' title='bbox 1693 5148 1794 5202; x_wconf 87' lang='lat' dir='ltr'><strong>ego</strong></span> <span class='ocrx_word' id='word_1_722' title='bbox 1821 5133 1914 5203; x_wconf 92' lang='lat' dir='ltr'><strong>qui</strong></span> <span class='ocrx_word' id='word_1_723' title='bbox 1957 5146 2080 5202; x_wconf 91' lang='lat' dir='ltr'><strong>pre-</strong></span> 
     </span>
    </p>
   </div>
   <div class='ocr_carea' id='block_1_99' title="bbox 505 5225 2078 5301">
    <p class='ocr_par' dir='ltr' id='par_1_99' title="bbox 505 5225 2078 5301">
     <span class='ocr_line' id='line_1_99' title="bbox 505 5225 2078 5301; baseline -0.006 -16"><span class='ocrx_word' id='word_1_724' title='bbox 505 5248 601 5285; x_wconf 81' lang='lat' dir='ltr'><strong>cor</strong></span> <span class='ocrx_word' id='word_1_725' title='bbox 627 5239 681 5284; x_wconf 81' lang='lat' dir='ltr'><strong>et</strong></span> <span class='ocrx_word' id='word_1_726' title='bbox 715 5238 842 5301; x_wconf 85' lang='lat' dir='ltr'><strong>opto</strong></span> <span class='ocrx_word' id='word_1_727' title='bbox 877 5230 943 5281; x_wconf 88' lang='lat' dir='ltr'><strong>ab</strong></span> <span class='ocrx_word' id='word_1_728' title='bbox 973 5229 1251 5298; x_wconf 83' lang='lat' dir='ltr'><strong>impietate</strong></span> <span class='ocrx_word' id='word_1_729' title='bbox 1293 5241 1481 5280; x_wconf 87' lang='lat' dir='ltr'><strong>eorum</strong></span> <span class='ocrx_word' id='word_1_730' title='bbox 1529 5225 1739 5280; x_wconf 90' lang='lat' dir='ltr'><strong>alienus</strong></span> <span class='ocrx_word' id='word_1_731' title='bbox 1773 5241 1916 5289; x_wconf 91' lang='lat' dir='ltr'><strong>esse,</strong></span> <span class='ocrx_word' id='word_1_732' title='bbox 1949 5239 2078 5293; x_wconf 87' lang='lat' dir='ltr'><strong>per-</strong></span> 
     </span>
    </p>
   </div>
   <div class='ocr_carea' id='block_1_100' title="bbox 504 5315 2080 5386">
    <p class='ocr_par' dir='ltr' id='par_1_100' title="bbox 504 5315 2080 5386">
     <span class='ocr_line' id='line_1_100' title="bbox 504 5315 2080 5386; baseline -0.006 -9"><span class='ocrx_word' id='word_1_733' title='bbox 504 5339 726 5378; x_wconf 82' lang='lat' dir='ltr'><strong>suasum</strong></span> <span class='ocrx_word' id='word_1_734' title='bbox 766 5323 938 5376; x_wconf 80' lang='lat' dir='ltr'><strong>habeo</strong></span> <span class='ocrx_word' id='word_1_735' title='bbox 969 5329 1022 5376; x_wconf 89' lang='lat' dir='ltr'><strong>te</strong></span> <span class='ocrx_word' id='word_1_736' title='bbox 1057 5319 1224 5373; x_wconf 90' lang='lat' dir='ltr'><strong>Deum</strong></span> <span class='ocrx_word' id='word_1_737' title='bbox 1270 5319 1538 5372; x_wconf 72' lang='lat' dir='ltr'><strong>ultionum</strong></span> <span class='ocrx_word' id='word_1_738' title='bbox 1572 5332 1714 5381; x_wconf 86' lang='lat' dir='ltr'><strong>esse,</strong></span> <span class='ocrx_word' id='word_1_739' title='bbox 1746 5324 1909 5386; x_wconf 87' lang='lat' dir='ltr'><strong>teque</strong></span> <span class='ocrx_word' id='word_1_740' title='bbox 1931 5315 2080 5385; x_wconf 91' lang='lat' dir='ltr'><strong>judi—</strong></span> 
     </span>
    </p>
   </div>
   <div class='ocr_carea' id='block_1_101' title="bbox 505 5408 2076 5470">
    <p class='ocr_par' dir='ltr' id='par_1_101' title="bbox 505 5408 2076 5470">
     <span class='ocr_line' id='line_1_101' title="bbox 505 5408 2076 5470; baseline -0.004 -3"><span class='ocrx_word' id='word_1_741' title='bbox 505 5430 632 5468; x_wconf 86' lang='lat' dir='ltr'><strong>care</strong></span> <span class='ocrx_word' id='word_1_742' title='bbox 677 5430 892 5468; x_wconf 88' lang='lat' dir='ltr'><strong>onmem</strong></span> <span class='ocrx_word' id='word_1_743' title='bbox 931 5423 1152 5468; x_wconf 84' lang='lat' dir='ltr'><strong>terram.</strong></span> <span class='ocrx_word' id='word_1_744' title='bbox 1187 5410 1413 5465; x_wconf 81' lang='lat' dir='ltr'><strong>Etiamsi</strong></span> <span class='ocrx_word' id='word_1_745' title='bbox 1456 5410 1601 5464; x_wconf 90' lang='lat' dir='ltr'><strong>enim</strong></span> <span class='ocrx_word' id='word_1_746' title='bbox 1636 5408 2076 5470; x_wconf 88' lang='lat' dir='ltr'><strong>mansuetudine,</strong></span> 
     </span>
    </p>
   </div>
   <div class='ocr_carea' id='block_1_102' title="bbox 505 5500 2074 5574">
    <p class='ocr_par' dir='ltr' id='par_1_102' title="bbox 505 5500 2074 5574">
     <span class='ocr_line' id='line_1_102' title="bbox 505 5500 2074 5574; baseline -0.001 -19"><span class='ocrx_word' id='word_1_747' title='bbox 505 5505 796 5559; x_wconf 85' lang='lat' dir='ltr'><strong>tolerantia</strong></span> <span class='ocrx_word' id='word_1_748' title='bbox 841 5513 897 5559; x_wconf 91' lang='lat' dir='ltr'><strong>et</strong></span> <span class='ocrx_word' id='word_1_749' title='bbox 948 5504 1210 5574; x_wconf 85' lang='lat' dir='ltr'><strong>patientia</strong></span> <span class='ocrx_word' id='word_1_750' title='bbox 1271 5518 1407 5558; x_wconf 88' lang='lat' dir='ltr'><strong>usus</strong></span> <span class='ocrx_word' id='word_1_751' title='bbox 1477 5502 1715 5570; x_wconf 87' lang='lat' dir='ltr'><strong>teipsum</strong></span> <span class='ocrx_word' id='word_1_752' title='bbox 1764 5500 2074 5571; x_wconf 89' lang='lat' dir='ltr'><strong>deprimas,</strong></span> 
     </span>
    </p>
   </div>
   <div class='ocr_carea' id='block_1_103' title="bbox 507 5593 2076 5664">
    <p class='ocr_par' dir='ltr' id='par_1_103' title="bbox 507 5593 2076 5664">
     <span class='ocr_line' id='line_1_103' title="bbox 507 5593 2076 5664; baseline -0.001 -17"><span class='ocrx_word' id='word_1_753' title='bbox 507 5604 766 5664; x_wconf 87' lang='lat' dir='ltr'><strong>tuamque</strong></span> <span class='ocrx_word' id='word_1_754' title='bbox 792 5603 985 5649; x_wconf 85' lang='lat' dir='ltr'><strong>contra</strong></span> <span class='ocrx_word' id='word_1_755' title='bbox 1029 5595 1228 5664; x_wconf 91' lang='lat' dir='ltr'><strong>impios</strong></span> <span class='ocrx_word' id='word_1_756' title='bbox 1257 5595 1395 5648; x_wconf 90' lang='lat' dir='ltr'><strong>iram</strong></span> <span class='ocrx_word' id='word_1_757' title='bbox 1422 5593 1719 5660; x_wconf 82' lang='lat' dir='ltr'><strong>cohibeas;</strong></span> <span class='ocrx_word' id='word_1_758' title='bbox 1751 5602 1805 5646; x_wconf 89' lang='lat' dir='ltr'><strong>at</strong></span> <span class='ocrx_word' id='word_1_759' title='bbox 1829 5608 1928 5663; x_wconf 88' lang='lat' dir='ltr'><strong>ego</strong></span> <span class='ocrx_word' id='word_1_760' title='bbox 1961 5607 2076 5646; x_wconf 84' lang='lat' dir='ltr'><strong>cer-</strong></span> 
     </span>
    </p>
   </div>
   <div class='ocr_carea' id='block_1_104' title="bbox 504 5684 2078 5756">
    <p class='ocr_par' dir='ltr' id='par_1_104' title="bbox 504 5684 2078 5756">
     <span class='ocr_line' id='line_1_104' title="bbox 504 5684 2078 5756; baseline 0 -17"><span class='ocrx_word' id='word_1_761' title='bbox 504 5694 597 5741; x_wconf 87' lang='lat' dir='ltr'><strong>tus</strong></span> <span class='ocrx_word' id='word_1_762' title='bbox 623 5687 830 5756; x_wconf 78' lang='lat' dir='ltr'><strong>judicio</strong></span> <span class='ocrx_word' id='word_1_763' title='bbox 858 5694 974 5750; x_wconf 91' lang='lat' dir='ltr'><strong>tuo,</strong></span> <span class='ocrx_word' id='word_1_764' title='bbox 1009 5687 1101 5756; x_wconf 87' lang='lat' dir='ltr'><strong>qui</strong></span> <span class='ocrx_word' id='word_1_765' title='bbox 1135 5685 1317 5740; x_wconf 89' lang='lat' dir='ltr'><strong>omnia</strong></span> <span class='ocrx_word' id='word_1_766' title='bbox 1343 5685 1635 5756; x_wconf 84' lang='lat' dir='ltr'><strong>prospicis,</strong></span> <span class='ocrx_word' id='word_1_767' title='bbox 1670 5684 1804 5738; x_wconf 91' lang='lat' dir='ltr'><strong>nihil</strong></span> <span class='ocrx_word' id='word_1_768' title='bbox 1836 5685 2078 5739; x_wconf 92' lang='lat' dir='ltr'><strong>immune</strong></span> 
     </span>
    </p>
   </div>
   <div class='ocr_carea' id='block_1_105' title="bbox 507 5775 2073 5848">
    <p class='ocr_par' dir='ltr' id='par_1_105' title="bbox 507 5775 2073 5848">
     <span class='ocr_line' id='line_1_105' title="bbox 507 5775 2073 5848; baseline 0.001 -17"><span class='ocrx_word' id='word_1_769' title='bbox 507 5778 644 5845; x_wconf 77' lang='lat' dir='ltr'><strong>fore,</strong></span> <span class='ocrx_word' id='word_1_770' title='bbox 702 5777 946 5848; x_wconf 82' lang='lat' dir='ltr'><strong>supplico</strong></span> <span class='ocrx_word' id='word_1_771' title='bbox 999 5791 1301 5847; x_wconf 87' lang='lat' dir='ltr'><strong>precorque</strong></span> <span class='ocrx_word' id='word_1_772' title='bbox 1351 5784 1409 5830; x_wconf 91' lang='lat' dir='ltr'><strong>ut</strong></span> <span class='ocrx_word' id='word_1_773' title='bbox 1463 5775 1747 5841; x_wconf 78' lang='lat' dir='ltr'><strong>cxalteris,</strong></span> <span class='ocrx_word' id='word_1_774' title='bbox 1813 5784 2073 5847; x_wconf 81' lang='lat' dir='ltr'><strong>tuamque</strong></span> 
     </span>
    </p>
   </div>
   <div class='ocr_carea' id='block_1_106' title="bbox 927 5971 952 6000">
    <p class='ocr_par' dir='ltr' id='par_1_106' title="bbox 927 5971 952 6000">
     <span class='ocr_line' id='line_1_106' title="bbox 927 5971 952 6000; baseline 0 0"><span class='ocrx_word' id='word_1_775' title='bbox 927 5971 952 6000; x_wconf 63' lang='grc' dir='ltr'><strong><em>τ</em></strong></span> 
     </span>
    </p>
   </div>
   <div class='ocr_carea' id='block_1_107' title="bbox 2182 4586 3756 4662">
    <p class='ocr_par' dir='ltr' id='par_1_107' title="bbox 2182 4586 3756 4662">
     <span class='ocr_line' id='line_1_107' title="bbox 2182 4586 3756 4662; baseline -0.003 -20"><span class='ocrx_word' id='word_1_776' title='bbox 2182 4591 2326 4653; x_wconf 82' lang='grc' dir='ltr'>Ἕως</span> <span class='ocrx_word' id='word_1_777' title='bbox 2357 4586 2448 4644; x_wconf 78' lang='grc' dir='ltr'>οὖν</span> <span class='ocrx_word' id='word_1_778' title='bbox 2482 4590 2611 4642; x_wconf 86' lang='grc' dir='ltr'>πότε</span> <span class='ocrx_word' id='word_1_779' title='bbox 2639 4588 2748 4661; x_wconf 79' lang='grc' dir='ltr'>ἄρα</span> <span class='ocrx_word' id='word_1_780' title='bbox 2769 4589 3100 4662; x_wconf 80' lang='grc' dir='ltr'>προχωρήσῃ</span> <span class='ocrx_word' id='word_1_781' title='bbox 3123 4590 3304 4653; x_wconf 75' lang='grc' dir='ltr'>αὐτοῖς</span> <span class='ocrx_word' id='word_1_782' title='bbox 3322 4589 3491 4643; x_wconf 77' lang='grc' dir='ltr'>ταῦτα</span> <span class='ocrx_word' id='word_1_783' title='bbox 3517 4588 3756 4649; x_wconf 83' lang='grc' dir='ltr'>ποιοῦσι;</span> 
     </span>
    </p>
   </div>
   <div class='ocr_carea' id='block_1_108' title="bbox 2191 4676 3758 4750">
    <p class='ocr_par' dir='ltr' id='par_1_108' title="bbox 2191 4676 3758 4750">
     <span class='ocr_line' id='line_1_108' title="bbox 2191 4676 3758 4750; baseline -0.004 -18"><span class='ocrx_word' id='word_1_784' title='bbox 2191 4677 2352 4732; x_wconf 78' lang='grc' dir='ltr'>Ἀλλά</span> <span class='ocrx_word' id='word_1_785' title='bbox 2387 4678 2494 4750; x_wconf 79' lang='grc' dir='ltr'><strong>γὰρ</strong></span> <span class='ocrx_word' id='word_1_786' title='bbox 2528 4678 2627 4749; x_wconf 76' lang='grc' dir='ltr'><strong>ήδη</strong></span> <span class='ocrx_word' id='word_1_787' title='bbox 2669 4678 2794 4730; x_wconf 84' lang='grc' dir='ltr'>ποτὲ</span> <span class='ocrx_word' id='word_1_788' title='bbox 2827 4677 2922 4732; x_wconf 70' lang='grc' dir='ltr'><strong>ἐπὶ</strong></span> <span class='ocrx_word' id='word_1_789' title='bbox 2946 4677 3038 4731; x_wconf 89' lang='grc' dir='ltr'><strong>τὸν</strong></span> <span class='ocrx_word' id='word_1_790' title='bbox 3073 4677 3274 4747; x_wconf 74' lang='grc' dir='ltr'>ὑψηλὸν</span> <span class='ocrx_word' id='word_1_791' title='bbox 3307 4679 3514 4741; x_wconf 76' lang='grc' dir='ltr'>ἀναϐὰς</span> <span class='ocrx_word' id='word_1_792' title='bbox 3537 4680 3644 4750; x_wconf 77' lang='grc' dir='ltr'>τῆς</span> <span class='ocrx_word' id='word_1_793' title='bbox 3680 4676 3758 4728; x_wconf 85' lang='grc' dir='ltr'>δι-</span> 
     </span>
    </p>
   </div>
   <div class='ocr_carea' id='block_1_109' title="bbox 2179 4767 3758 4844">
    <p class='ocr_par' dir='ltr' id='par_1_109' title="bbox 2179 4767 3758 4844">
     <span class='ocr_line' id='line_1_109' title="bbox 2179 4767 3758 4844; baseline -0.004 -18"><span class='ocrx_word' id='word_1_794' title='bbox 2179 4772 2522 4844; x_wconf 82' lang='grc' dir='ltr'>καιοκρισίας</span> <span class='ocrx_word' id='word_1_795' title='bbox 2576 4787 2668 4822; x_wconf 85' lang='grc' dir='ltr'><strong>σου</strong></span> <span class='ocrx_word' id='word_1_796' title='bbox 2715 4769 2930 4840; x_wconf 68' lang='grc' dir='ltr'><strong>ΔΘρόνον,</strong></span> <span class='ocrx_word' id='word_1_797' title='bbox 2977 4770 3262 4839; x_wconf 71' lang='grc' dir='ltr'><strong>’Υψώθητι</strong></span> <span class='ocrx_word' id='word_1_798' title='bbox 3303 4774 3336 4824; x_wconf 82' lang='grc' dir='ltr'><strong>ό</strong></span> <span class='ocrx_word' id='word_1_799' title='bbox 3383 4772 3608 4840; x_wconf 80' lang='grc' dir='ltr'>κρίνων</span> <span class='ocrx_word' id='word_1_800' title='bbox 3649 4767 3758 4836; x_wconf 76' lang='grc' dir='ltr'>τὴν</span> 
     </span>
    </p>
   </div>
   <div class='ocr_carea' id='block_1_110' title="bbox 2179 4861 3753 4935">
    <p class='ocr_par' dir='ltr' id='par_1_110' title="bbox 2179 4861 3753 4935">
     <span class='ocr_line' id='line_1_110' title="bbox 2179 4861 3753 4935; baseline -0.004 -18"><span class='ocrx_word' id='word_1_801' title='bbox 2179 4863 2318 4935; x_wconf 81' lang='grc' dir='ltr'>τῆν,</span> <span class='ocrx_word' id='word_1_802' title='bbox 2341 4863 2456 4926; x_wconf 70' lang='grc' dir='ltr'>καὶ,</span> <span class='ocrx_word' id='word_1_803' title='bbox 2482 4861 2710 4928; x_wconf 82' lang='grc' dir='ltr'>ἀπόδος</span> <span class='ocrx_word' id='word_1_804' title='bbox 2739 4861 3148 4917; x_wconf 80' lang='grc' dir='ltr'>ἀνταπόδοσιν</span> <span class='ocrx_word' id='word_1_805' title='bbox 3179 4861 3302 4928; x_wconf 81' lang='grc' dir='ltr'>τοῖς</span> <span class='ocrx_word' id='word_1_806' title='bbox 3327 4863 3753 4931; x_wconf 60' lang='grc' dir='ltr'>ὑπερηφάνοις.</span> 
     </span>
    </p>
   </div>
   <div class='ocr_carea' id='block_1_111' title="bbox 2179 4950 3756 5026">
    <p class='ocr_par' dir='ltr' id='par_1_111' title="bbox 2179 4950 3756 5026">
     <span class='ocr_line' id='line_1_111' title="bbox 2179 4950 3756 5026; baseline -0.004 -15"><span class='ocrx_word' id='word_1_807' title='bbox 2179 4957 2295 5026; x_wconf 81' lang='grc' dir='ltr'>τὴν</span> <span class='ocrx_word' id='word_1_808' title='bbox 2330 4955 2512 5020; x_wconf 80' lang='grc' dir='ltr'>ἀξίαν</span> <span class='ocrx_word' id='word_1_809' title='bbox 2553 4955 2756 5020; x_wconf 81' lang='grc' dir='ltr'>αὐτοῖς</span> <span class='ocrx_word' id='word_1_810' title='bbox 2781 4953 3106 5020; x_wconf 67' lang='grc' dir='ltr'>ἀποδιδοὺς</span> <span class='ocrx_word' id='word_1_811' title='bbox 3138 4955 3437 5024; x_wconf 83' lang='grc' dir='ltr'>τιμωρίαν.</span> <span class='ocrx_word' id='word_1_812' title='bbox 3487 4955 3607 5008; x_wconf 83' lang='grc' dir='ltr'><strong>Νῦν</strong></span> <span class='ocrx_word' id='word_1_813' title='bbox 3653 4950 3756 5021; x_wconf 77' lang='grc' dir='ltr'><strong>γάρ</strong></span> 
     </span>
    </p>
   </div>
   <div class='ocr_carea' id='block_1_112' title="bbox 2182 5041 3755 5119">
    <p class='ocr_par' dir='ltr' id='par_1_112' title="bbox 2182 5041 3755 5119">
     <span class='ocr_line' id='line_1_112' title="bbox 2182 5041 3755 5119; baseline -0.005 -17"><span class='ocrx_word' id='word_1_814' title='bbox 2182 5065 2275 5102; x_wconf 90' lang='grc' dir='ltr'><strong>σου</strong></span> <span class='ocrx_word' id='word_1_815' title='bbox 2328 5047 2492 5100; x_wconf 71' lang='grc' dir='ltr'>αὐτοῦ</span> <span class='ocrx_word' id='word_1_816' title='bbox 2559 5049 3138 5119; x_wconf 74' lang='grc' dir='ltr'>καταπεφρονήκασιν,</span> <span class='ocrx_word' id='word_1_817' title='bbox 3190 5048 3267 5110; x_wconf 83' lang='grc' dir='ltr'>ὡς</span> <span class='ocrx_word' id='word_1_818' title='bbox 3333 5045 3498 5117; x_wconf 86' lang='grc' dir='ltr'>μηδὲν</span> <span class='ocrx_word' id='word_1_819' title='bbox 3556 5041 3755 5116; x_wconf 69' lang='grc' dir='ltr'>ὑψηλὸν</span> 
     </span>
    </p>
   </div>
   <div class='ocr_carea' id='block_1_113' title="bbox 2180 5129 3755 5211">
    <p class='ocr_par' dir='ltr' id='par_1_113' title="bbox 2180 5129 3755 5211">
     <span class='ocr_line' id='line_1_113' title="bbox 2180 5129 3755 5211; baseline -0.006 -18"><span class='ocrx_word' id='word_1_820' title='bbox 2180 5141 2414 5210; x_wconf 77' lang='grc' dir='ltr'>ἔχοντος,</span> <span class='ocrx_word' id='word_1_821' title='bbox 2449 5139 2582 5211; x_wconf 78' lang='grc' dir='ltr'>μηδὲ</span> <span class='ocrx_word' id='word_1_822' title='bbox 2614 5139 2866 5210; x_wconf 84' lang='grc' dir='ltr'>ὁρῶντος,</span> <span class='ocrx_word' id='word_1_823' title='bbox 2903 5138 3035 5209; x_wconf 84' lang='grc' dir='ltr'>μηδὲ</span> <span class='ocrx_word' id='word_1_824' title='bbox 3070 5138 3344 5209; x_wconf 86' lang='grc' dir='ltr'>κρίνοντος</span> <span class='ocrx_word' id='word_1_825' title='bbox 3371 5137 3470 5209; x_wconf 85' lang='grc' dir='ltr'>τὴν</span> <span class='ocrx_word' id='word_1_826' title='bbox 3502 5137 3627 5207; x_wconf 81' lang='grc' dir='ltr'>γῆν.</span> <span class='ocrx_word' id='word_1_827' title='bbox 3671 5129 3755 5186; x_wconf 84' lang='grc' dir='ltr'>Διὸ</span> 
     </span>
    </p>
   </div>
   <div class='ocr_carea' id='block_1_114' title="bbox 2181 5223 3754 5302">
    <p class='ocr_par' dir='ltr' id='par_1_114' title="bbox 2181 5223 3754 5302">
     <span class='ocr_line' id='line_1_114' title="bbox 2181 5223 3754 5302; baseline 0.001 -20"><span class='ocrx_word' id='word_1_828' title='bbox 2181 5229 2276 5282; x_wconf 80' lang='grc' dir='ltr'>καὶ</span> <span class='ocrx_word' id='word_1_829' title='bbox 2327 5229 2526 5301; x_wconf 80' lang='grc' dir='ltr'>ἄκριτα</span> <span class='ocrx_word' id='word_1_830' title='bbox 2585 5231 2679 5283; x_wconf 70' lang='grc' dir='ltr'>καὶ</span> <span class='ocrx_word' id='word_1_831' title='bbox 2729 5231 3040 5302; x_wconf 84' lang='grc' dir='ltr'>ἀπρονόητα</span> <span class='ocrx_word' id='word_1_832' title='bbox 3089 5230 3451 5300; x_wconf 77' lang='grc' dir='ltr'>ὑπειλήφασιν</span> <span class='ocrx_word' id='word_1_833' title='bbox 3496 5227 3638 5283; x_wconf 84' lang='grc' dir='ltr'>εἶναι</span> <span class='ocrx_word' id='word_1_834' title='bbox 3691 5223 3754 5276; x_wconf 68' lang='grc' dir='ltr'><strong>τὰ</strong></span> 
     </span>
    </p>
   </div>
   <div class='ocr_carea' id='block_1_115' title="bbox 2181 5317 3756 5392">
    <p class='ocr_par' dir='ltr' id='par_1_115' title="bbox 2181 5317 3756 5392">
     <span class='ocr_line' id='line_1_115' title="bbox 2181 5317 3756 5392; baseline -0.003 -18"><span class='ocrx_word' id='word_1_835' title='bbox 2181 5320 2320 5374; x_wconf 85' lang='grc' dir='ltr'><strong>κατά</strong></span> <span class='ocrx_word' id='word_1_836' title='bbox 2351 5321 2440 5374; x_wconf 84' lang='grc' dir='ltr'><strong>τὸν</strong></span> <span class='ocrx_word' id='word_1_837' title='bbox 2476 5321 2679 5376; x_wconf 76' lang='grc' dir='ltr'>ἑαυτῶν</span> <span class='ocrx_word' id='word_1_838' title='bbox 2715 5321 2846 5392; x_wconf 81' lang='grc' dir='ltr'>βίον.</span> <span class='ocrx_word' id='word_1_839' title='bbox 2895 5322 3032 5374; x_wconf 77' lang='grc' dir='ltr'>Ἀλλ’</span> <span class='ocrx_word' id='word_1_840' title='bbox 3081 5321 3190 5392; x_wconf 79' lang='grc' dir='ltr'><strong>ἐγὼ</strong></span> <span class='ocrx_word' id='word_1_841' title='bbox 3220 5323 3320 5392; x_wconf 77' lang='grc' dir='ltr'>τῆς</span> <span class='ocrx_word' id='word_1_842' title='bbox 3364 5321 3618 5387; x_wconf 87' lang='grc' dir='ltr'>ἀσεϐείας</span> <span class='ocrx_word' id='word_1_843' title='bbox 3667 5317 3756 5373; x_wconf 64' lang='grc' dir='ltr'><strong>σὺν</strong></span> 
     </span>
    </p>
   </div>
   <div class='ocr_carea' id='block_1_116' title="bbox 2180 5405 3754 5484">
    <p class='ocr_par' dir='ltr' id='par_1_116' title="bbox 2180 5405 3754 5484">
     <span class='ocr_line' id='line_1_116' title="bbox 2180 5405 3754 5484; baseline 0.002 -20"><span class='ocrx_word' id='word_1_844' title='bbox 2180 5412 2289 5465; x_wconf 91' lang='grc' dir='ltr'><strong>τῶν</strong></span> <span class='ocrx_word' id='word_1_845' title='bbox 2339 5411 2614 5484; x_wconf 84' lang='grc' dir='ltr'>ἀλλότριος</span> <span class='ocrx_word' id='word_1_846' title='bbox 2663 5408 2799 5465; x_wconf 78' lang='grc' dir='ltr'>εἶναι</span> <span class='ocrx_word' id='word_1_847' title='bbox 2840 5413 3148 5484; x_wconf 77' lang='grc' dir='ltr'>εὐχόμενος,</span> <span class='ocrx_word' id='word_1_848' title='bbox 3186 5415 3505 5484; x_wconf 86' lang='grc' dir='ltr'>πέπεισμαι,</span> <span class='ocrx_word' id='word_1_849' title='bbox 3559 5415 3643 5467; x_wconf 88' lang='grc' dir='ltr'>ὃτι</span> <span class='ocrx_word' id='word_1_850' title='bbox 3695 5405 3754 5460; x_wconf 72' lang='grc' dir='ltr'>σὺ</span> 
     </span>
    </p>
   </div>
   <div class='ocr_carea' id='block_1_117' title="bbox 2180 5501 3755 5579">
    <p class='ocr_par' dir='ltr' id='par_1_117' title="bbox 2180 5501 3755 5579">
     <span class='ocr_line' id='line_1_117' title="bbox 2180 5501 3755 5579; baseline 0.004 -25"><span class='ocrx_word' id='word_1_851' title='bbox 2180 5503 2311 5565; x_wconf 84' lang='grc' dir='ltr'>Θεὸς</span> <span class='ocrx_word' id='word_1_852' title='bbox 2339 5503 2689 5574; x_wconf 81' lang='grc' dir='ltr'>ὲκδικήσεων,</span> <span class='ocrx_word' id='word_1_853' title='bbox 2722 5507 2755 5577; x_wconf 81' lang='grc' dir='ltr'>ἢ</span> <span class='ocrx_word' id='word_1_854' title='bbox 2789 5506 2883 5559; x_wconf 65' lang='grc' dir='ltr'>καὶ</span> <span class='ocrx_word' id='word_1_855' title='bbox 2936 5508 3000 5559; x_wconf 77' lang='grc' dir='ltr'>σὺ</span> <span class='ocrx_word' id='word_1_856' title='bbox 3037 5501 3088 5558; x_wconf 82' lang='grc' dir='ltr'>εἴ</span> <span class='ocrx_word' id='word_1_857' title='bbox 3131 5508 3160 5557; x_wconf 88' lang='grc' dir='ltr'><strong>ὁ</strong></span> <span class='ocrx_word' id='word_1_858' title='bbox 3201 5507 3401 5579; x_wconf 88' lang='grc' dir='ltr'>κρίνων</span> <span class='ocrx_word' id='word_1_859' title='bbox 3438 5508 3618 5560; x_wconf 78' lang='grc' dir='ltr'>πᾶσαν</span> <span class='ocrx_word' id='word_1_860' title='bbox 3663 5502 3755 5570; x_wconf 80' lang='grc' dir='ltr'><strong>τὴν</strong></span> 
     </span>
    </p>
   </div>
   <div class='ocr_carea' id='block_1_118' title="bbox 2181 5590 3754 5670">
    <p class='ocr_par' dir='ltr' id='par_1_118' title="bbox 2181 5590 3754 5670">
     <span class='ocr_line' id='line_1_118' title="bbox 2181 5590 3754 5670; baseline 0.001 -24"><span class='ocrx_word' id='word_1_861' title='bbox 2181 5595 2302 5665; x_wconf 76' lang='grc' dir='ltr'>γῆν.</span> <span class='ocrx_word' id='word_1_862' title='bbox 2336 5595 2399 5646; x_wconf 82' lang='lat' dir='ltr'><strong>Ei</strong></span> <span class='ocrx_word' id='word_1_863' title='bbox 2427 5595 2536 5667; x_wconf 81' lang='grc' dir='ltr'><strong>γὰρ</strong></span> <span class='ocrx_word' id='word_1_864' title='bbox 2582 5596 2675 5648; x_wconf 72' lang='grc' dir='ltr'>καὶ</span> <span class='ocrx_word' id='word_1_865' title='bbox 2719 5601 2996 5661; x_wconf 84' lang='grc' dir='ltr'>ταπεινοῖς</span> <span class='ocrx_word' id='word_1_866' title='bbox 3030 5598 3274 5663; x_wconf 87' lang='grc' dir='ltr'>σεαυτὸν,</span> <span class='ocrx_word' id='word_1_867' title='bbox 3305 5599 3632 5670; x_wconf 80' lang='grc' dir='ltr'>χρηστότητι</span> <span class='ocrx_word' id='word_1_868' title='bbox 3667 5590 3754 5647; x_wconf 78' lang='grc' dir='ltr'>καὶ</span> 
     </span>
    </p>
   </div>
   <div class='ocr_carea' id='block_1_119' title="bbox 2180 5684 3753 5760">
    <p class='ocr_par' dir='ltr' id='par_1_119' title="bbox 2180 5684 3753 5760">
     <span class='ocr_line' id='line_1_119' title="bbox 2180 5684 3753 5760; baseline -0.013 -3"><span class='ocrx_word' id='word_1_869' title='bbox 2180 5687 2346 5755; x_wconf 72' lang='grc' dir='ltr'>ἀνοχῇ</span> <span class='ocrx_word' id='word_1_870' title='bbox 2396 5688 2488 5738; x_wconf 72' lang='grc' dir='ltr'><strong>καὶ</strong></span> <span class='ocrx_word' id='word_1_871' title='bbox 2537 5687 2886 5758; x_wconf 66' lang='grc' dir='ltr'>μακροθυμία</span> <span class='ocrx_word' id='word_1_872' title='bbox 2931 5689 3229 5760; x_wconf 81' lang='grc' dir='ltr'>χρώμενος.</span> <span class='ocrx_word' id='word_1_873' title='bbox 3278 5691 3492 5760; x_wconf 78' lang='grc' dir='ltr'>ἐπέχεις</span> <span class='ocrx_word' id='word_1_874' title='bbox 3547 5706 3605 5743; x_wconf 78' lang='grc' dir='ltr'><strong>τε</strong></span> <span class='ocrx_word' id='word_1_875' title='bbox 3661 5684 3753 5752; x_wconf 82' lang='grc' dir='ltr'><strong>τὴν</strong></span> 
     </span>
    </p>
   </div>
   <div class='ocr_carea' id='block_1_120' title="bbox 2188 5774 3752 5848">
    <p class='ocr_par' dir='ltr' id='par_1_120' title="bbox 2188 5774 3752 5848">
     <span class='ocr_line' id='line_1_120' title="bbox 2188 5774 3752 5848; baseline 0.004 -19"><span class='ocrx_word' id='word_1_876' title='bbox 2188 5777 2326 5830; x_wconf 74' lang='grc' dir='ltr'>κατὰ</span> <span class='ocrx_word' id='word_1_877' title='bbox 2367 5774 2475 5829; x_wconf 83' lang='grc' dir='ltr'><strong>τῶν</strong></span> <span class='ocrx_word' id='word_1_878' title='bbox 2519 5776 2728 5830; x_wconf 81' lang='grc' dir='ltr'>ἀσεϐῶν</span> <span class='ocrx_word' id='word_1_879' title='bbox 2774 5780 2975 5848; x_wconf 74' lang='grc' dir='ltr'>ὀργήν·</span> <span class='ocrx_word' id='word_1_880' title='bbox 3022 5777 3136 5832; x_wconf 83' lang='grc' dir='ltr'>ἀλλ’</span> <span class='ocrx_word' id='word_1_881' title='bbox 3170 5779 3278 5848; x_wconf 76' lang='grc' dir='ltr'><strong>ἐγὼ</strong></span> <span class='ocrx_word' id='word_1_882' title='bbox 3331 5779 3628 5848; x_wconf 73' lang='grc' dir='ltr'>πιστεύων,</span> <span class='ocrx_word' id='word_1_883' title='bbox 3677 5776 3752 5829; x_wconf 73' lang='grc' dir='ltr'><strong>ὅτι</strong></span> 
     </span>
    </p>
   </div>
  </div>
