4074 6386
470 359 608 414 H97
1556 350 2056 411 COMMENTARIA
2100 356 2165 411 ΙΝ
2207 355 2541 413 ΡδλΙᾹΙΟδ.
3576 365 3713 417 1193

464 473 617 525 οὐδὲν
663 470 813 524 ἔσται
850 472 1071 542 ἄκριτον
1117 469 1212 522 σοῦ
1258 471 1560 541 ἐφορῶντος
1605 470 1674 522 τὰ
1726 470 2036 540 σύμπαντα,

2143 473 2572 544 magnitudinem
2615 490 2678 530 ac
2706 475 2923 532 deitatis
2966 489 3070 533 tute
3111 481 3500 538 sublimitatem
3535 466 3716 535 omni-

468 562 696 615 ἱκετεύω
723 563 817 616 καὶ
841 562 1028 631 δέομαι
1048 561 1328 631 ὑψωθῆναι
1359 579 1419 614 σε
1446 562 1540 614 καὶ
1565 561 1735 626 δεῖξαι
1763 565 1876 624 τοῖς
1903 565 2035 614 πᾶσι

2138 564 2241 618 bus
2273 565 2565 630 exhibens;
2595 574 2656 620 ut
2685 568 2768 621 vel
2799 584 2924 623 sero
2954 571 3168 625 tandem
3202 584 3517 642 peccatores
3551 571 3712 624 ﬁnem

465 656 526 708 τὸ
550 654 746 708 οἰκεῖόν
767 671 858 706 σου
893 653 1119 724 μέγεθος
1141 655 1234 707 καλ⁹
1255 655 1315 706 τὸ
1348 653 1480 724 ὕψος
1506 654 1604 723 τῆς
1631 653 1883 722 θεότητος
1909 671 2002 706 σου
2019 671 2033 684 ·

461 747 612 810 ὅπως
656 746 753 817 ἤδη
789 747 918 798 ποτὲ
948 746 1256 799 παύσωνται
1293 747 1341 798 οἱ
1388 744 1705 817 ἁμαρτωλοὶ
1750 745 2040 814 ἐναϐρυνό-

467 854 618 906 μενοι
665 837 756 889 κα)⁸
802 837 1208 908 ἐγικαυχώμενοι
1255 837 1347 889 ἐπὶ
1381 840 1543 891 πᾶσιν
1595 832 1677 900 οἷς
1711 836 2040 907 παρανόμως

460 926 905 996 διαπράττονται.

538 1015 650 1068 Τὸν
671 1019 827 1070 λαόν
875 1032 1012 1080 σου,
1061 1018 1258 1084 Κύριε,
1310 1017 1738 1083 ἐταπείνωσαν,
1778 1019 1874 1073 καὶ
1931 1017 2040 1085 τὴν

461 1109 871 1176 κληρονομίαν
921 1122 1041 1162 σου
1091 1107 1425 1163 ἐκάκωσαν,
1474 1107 1678 1177 Χήραν
1721 1108 1819 1162 καὶ
1859 1123 2045 1176 προσ·

459 1195 692 1262 ήλυτον
703 1197 1080 1262 ἀπέκτειναν,
1099 1198 1197 1252 καὶ
1215 1199 1514 1268 ὀρφανοὺς
1540 1200 1898 1269 ἐφόνευσαν.
1929 1201 2039 1255 Καὶ

464 1281 662 1349 εἶπαν,
696 1289 817 1340 Οὐκ
843 1287 1051 1364 ὄψεται
1072 1289 1304 1356 Κύριος,
1337 1287 1479 1341 οὐδὲ
1515 1289 1774 1355 συνήσει
1823 1293 1857 1344 ό
1899 1292 2042 1356 Θεὸς

466 1379 574 1432 τοῦ
627 1378 842 1434 Ἰακώϐ.
880 1380 995 1432 Ubi:
1039 1380 1220 1450 ἤρκει,
1261 1379 1395 1450 φησι
1443 1382 1558 1444 τοῖς
1601 1381 1941 1453 ἁμαρτωλοῖς
1982 1383 2042 1436 τὸ

462 1473 544 1536 εἰς
568 1473 767 1535 αὐτοὺς
800 1472 1155 1543 ἁμαρτάνειν,
1194 1473 1305 1526 ἀλλ’
1334 1475 1435 1546 ἤδη
1470 1474 1564 1527 καὶ
1588 1474 1666 1544 τῷ
1701 1475 1779 1546 σῷ
1809 1475 1922 1548 λαῷ
1947 1471 2041 1530 καλ⁴

460 1566 526 1634 τῇ
559 1567 628 1634 σῇ
671 1564 965 1634 Ἐκκλησία
1001 1564 1394 1635 ἐπανέστησαν,
1432 1566 1558 1629 τοὺς
1605 1567 1702 1636 μὲν
1728 1566 2044 1620 ταπεινοῦν-

458 1669 571 1716 τες,
607 1654 733 1716 τοὺς
773 1654 828 1706 δὲ
865 1653 1179 1717 κακοῦντες,
1214 1656 1339 1716 τοὺς
1365 1654 1420 1706 δὲ
1451 1655 1727 1718 παντελῶς
1755 1656 2042 1727 ἀναιροῦν-

459 1760 570 1806 τες.
609 1745 721 1796 Kal.
763 1743 934 1797 ταῦτα
983 1746 1124 1797 κατὰ
1162 1744 1255 1796 τοῦ
1284 1745 1377 1798 σοῦ
1420 1745 1572 1806 λαοῦ,
1625 1741 1670 1799 ὦ
1724 1747 1916 1816 Κύριε,
1947 1747 2043 1800 καὶ

2139 654 2345 708 faciant
2399 657 2711 711 luxuriandi
2756 673 2822 712 ac
2867 660 3138 728 gloriandi
3166 661 3234 718 de
3281 665 3542 720 omnibus
3591 669 3738 734 quas

2139 746 2384 816 improbe
2413 757 2746 819 perpetrant.

2211 1005 2378 1063 Vatis.
2412 1009 2525 1063 5-7.
2583 1011 2846 1081 Populum
2901 1024 3070 1082 tuum,
3120 1018 3354 1084 Domine,
3402 1024 3715 1080 Itumiliave-

2140 1108 2286 1161 runt,
2336 1108 2384 1152 et
2424 1100 2783 1156 ltwreditatem
2813 1115 2960 1159 tuam
2986 1123 3319 1166 vexaverant.
3377 1113 3601 1169 Viduam
3663 1129 3714 1172 et

2141 1188 2396 1244 advenam
2433 1193 2824 1262 interlecerunt,
2860 1207 2909 1250 et
2961 1203 3220 1267 orphanos
3267 1204 3588 1261 occiderunt.
3644 1207 3714 1260 Et

2140 1271 2428 1328 dixerunt:
2468 1275 2586 1331 Non
2618 1279 2810 1333 videbit
2846 1280 3129 1352 Dominus,
3165 1304 3256 1340 nec
3287 1290 3538 1361 intelliget
3575 1291 3713 1348 Dm

2140 1370 2329 1426 Iacob.
2364 1372 2480 1429 Non
2510 1383 2652 1437 erat,
2681 1377 2876 1444 inquit,
2911 1385 3291 1449 peccatoribus
3320 1386 3374 1440 in
3409 1403 3467 1442 se
3490 1405 3716 1457 peccaro

2143 1465 2308 1537 satis;
2336 1467 2449 1535 jam
2481 1483 2610 1522 vero
2655 1470 2710 1523 in
2755 1472 3014 1540 populum
3051 1483 3204 1528 tuum
3243 1486 3298 1531 et
3332 1478 3386 1531 in
3415 1478 3714 1539 Ecclesium

2145 1565 2292 1611 tuam
2325 1560 2764 1626 insurrexerunt,
2793 1565 2932 1619 alios
2965 1566 3337 1633 humiliantes,
3363 1573 3501 1629 alios
3522 1592 3717 1632 vexan-

2146 1655 2248 1713 tes,
2279 1649 2418 1704 alios
2450 1667 2677 1720 prorsus
2723 1655 3056 1710 occidentes.
3087 1657 3149 1711 Et
3182 1659 3297 1713 hmo
3326 1670 3519 1716 contra
3544 1680 3716 1736 popu~

2147 1733 2256 1787 lum
2292 1745 2467 1802 tuum,
2517 1737 2764 1805 Domine,
2813 1750 2867 1796 et
2916 1755 3108 1799 contra
3141 1746 3508 1804 Itaireditatem
3545 1733 3718 1809 itu—am

461 1835 603 1887 κατὰ
641 1835 742 1904 τῆς
775 1837 871 1906 σῆς
922 1835 1280 1906 κληρονομίας
1322 1838 1708 1909 τετολμήκασι,
1759 1840 2036 1908 μονονουχὶ

2144 1827 2362 1895 aggredi
2393 1830 2514 1884 ausi
2545 1838 2694 1889 sunt.
2727 1841 2935 1887 tantum
2969 1851 3079 1890 non
3113 1837 3276 1907 impia
3307 1847 3360 1894 et
3397 1841 3719 1912 blaspheme

461 1927 528 1980 τὰ
553 1929 722 1998 ἀσεϐῆ
757 1929 849 1980 καὶ
879 1927 1172 1997 βλάσφημα
1200 1927 1326 1997 περὶ
1361 1927 1453 1980 σοῦ
1493 1929 1828 1999 φρονοῦντες.
1870 1925 2035 1982 Εἶπον

462 2019 572 2090 γὰρ
621 2020 677 2071 ἐν
718 2020 929 2082 ἑαυτοῖς
979 2018 1175 2081 ἀσεϐὲς
1217 2017 1593 2089 λογισάμενον
1653 2021 1774 2073 Οὐκ
1828 2019 2039 2088 ὄψεται

461 2113 697 2179 Kt'vploc,
743 2110 884 2164 οὐδὲ
938 2109 1199 2177 συνήσει
1248 2112 1281 2162 ό
1317 2109 1460 2175 Θεὸς
1511 2108 1618 2163 τοῦ
1661 2109 1882 2164 Ἰακώϐ.
1925 2111 2036 2177 Διὸ,

458 2202 535 2267 ὼς
582 2203 655 2274 μὴ
707 2203 1029 2274 ἐφορῶντος,
1066 2203 1198 2274 μηδὲ
1234 2203 1504 2264 συνιέντος
1536 2200 1652 2265 σοῦ,
1698 2203 1767 2256 τὰ
1807 2203 2040 2256 τοσαῦτα

459 2292 593 2364 δρᾷν
620 2293 959 2364 ἐπιχειροῦσι
1003 2294 1143 2347 κατά
1176 2293 1270 2346 τοῦ
1299 2294 1430 2347 λαοῦ
1475 2310 1590 2359 σου,
1631 2296 1726 2349 καὶ
1757 2294 1897 2348 κατὰ
1941 2298 2040 2364 τῆς

460 2383 823 2454 κληρονομίας
851 2402 966 2450 σου,
993 2385 1136 2439 κατά
1161 2403 1220 2438 τε
1248 2386 1433 2457 χηρῶν
1463 2388 1556 2439 καὶ
1577 2386 1927 2458 προσηλύτων
1948 2387 2040 2439 καὶ

459 2475 740 2545 ὀρφανῶν,
790 2477 897 2529 τῶν
945 2479 1085 2531 κατά
1133 2477 1468 2548 ἀνθρώπειον
1519 2479 1895 2549 ἀπεριστάτων
1947 2479 2040 2531 καὶ

461 2568 800 2640 ἀϐοηθήτων.
827 2570 900 2621 ού
926 2568 1178 2622 τοσοῦτον
1197 2571 1253 2623 δὲ
1280 2572 1398 2624 κατ’
1418 2571 1640 2622 ἐκείνων
1664 2570 1813 2623 ταῦτ’
1841 2569 2042 2640 ἔπρατ-

456 2677 568 2725 τον,
600 2660 723 2713 ὅσον
771 2661 912 2714 κατὰ
959 2659 1073 2725 σοῦ,
1109 2654 1155 2713 ὦ
1205 2662 1375 2732 Κύριε
1400 2678 1413 2692 ·
1463 2661 1556 2714 σοῦ
1586 2661 1692 2733 γὰρ
1735 2657 1875 2731 ἦσαν
1914 2661 2041 2724 λαὸς

456 2752 552 2805 καὶ
590 2750 684 2805 σοῦ
718 2751 1052 2823 κληρονομία
1083 2755 1132 2805 οἱ
1178 2751 1676 2822 καταπονούμενοι·
1724 2752 1818 2806 καὶ
1850 2755 1929 2816 εἰς
1979 2752 2040 2805 σὲ

459 2842 905 2913 βλασφημοῦντες
933 2845 1026 2896 καὶ
1052 2843 1372 2906 ἀσεϐοῦντες
1412 2845 1461 2896 οἱ
1485 2844 1916 2909 καταπονοῦντες
1944 2845 2041 2899 αὐ-

455 2935 581 2998 τοὺς
611 2934 762 2986 ταῦτ’
794 2932 1116 3002 ἐλογίζοντο,
1151 2934 1227 2998 ὼς
1273 2936 1373 2988 οὐκ
1417 2935 1568 2998 δντος
1601 2936 1718 2998 σοῦ,
1768 2936 1876 2989 οὐδ’
1918 2939 2041 3006 ἐφο-

460 3027 682 3098 ρῶντος,
716 3027 837 3081 οὐδὲ
881 3027 1171 3090 συνιέντος,
1223 3026 1343 3080 οὐδὲ
1390 3026 1732 3090 ἐκδικοῦντος
1766 3027 1835 3081 τὰ
1869 3044 2042 3098 πρατ-

455 3119 680 3190 τόμενα.
732 3119 823 3171 Διὸ
865 3119 1088 3182 εἰκότως
1134 3118 1271 3190 ἔφην
1327 3118 1638 3190 εὐχόμενος,
1689 3119 1842 3184 Ἕως
1894 3120 2039 3174 πότε

455 3205 813 3273 ἁμαρτωλοὶ,
858 3208 1066 3274 Κύριε,
1126 3207 1231 3269 ’ἐως
1293 3207 1425 3260 πότε
1491 3206 1805 3278 διαμενοῦσι
1867 3208 2037 3262 ταῦτα

458 3297 777 3364 ποιοῦντες;
813 3301 952 3351 Λαόν
986 3315 1044 3351 τε
1074 3300 1165 3351 καὶ
1204 3297 1567 3370 κληρονομίαν
1594 3298 1729 3351 Θεοῦ
1767 3299 1871 3371 χρὴ
1899 3303 2039 3354 νοεῖν

457 3389 626 3443 πάλαι
661 3389 760 3460 μὲν
787 3389 846 3443 τὸ
887 3388 1156 3443 Ἰουδαίων
1207 3389 1379 3453 ἔθνος,
1419 3390 1540 3444 ἐπεὶ
1567 3390 1823 3460 ἐγενήθη
1867 3391 2039 3462 μερὶς

455 3483 678 3551 Κιιρίου
717 3481 866 3547 λαὸς
897 3481 1084 3535 αὑτοῦ
1125 3480 1340 3546 Ἰακὼϐ,
1379 3483 1710 3552 σχοίνισμα
1748 3486 2038 3552 κληρονο-

453 3573 596 3642 μίας
642 3572 829 3626 αὑτοῦ
879 3573 1137 3641 Ἰσραήλ.
1178 3574 1334 3628 Μετὰ
1378 3574 1435 3628 δὲ
1484 3575 1584 3646 τὴν
1627 3575 1852 3628 ἐκείνων
1903 3575 2038 3628 ἀπο-

455 3665 639 3736 ϐολὴν,
667 3664 734 3736 ἥν
779 3664 1075 3735 παρίστησι
1108 3665 1446 3736 προφητικός
1495 3684 1581 3730 τις
1610 3667 1785 3736 λόγος,
1819 3668 2033 3738 φήσας·

463 3761 516 3810 Ὲ
529 3756 968 3827 γκαταλέλοιπα
1010 3754 1119 3808 τὸν
1143 3752 1314 3810 οἶκόν
1334 3774 1473 3826 μου,
1514 3757 1721 3826 ἀφῆκα
1751 3759 1867 3825 τὴν
1893 3762 2037 3825 κλη-

439 3848 742 3917 ρονομίαν
782 3863 936 3916 ,κου’
983 3847 1102 3899 νέον
1143 3845 1271 3900 λαὸν
1301 3846 1393 3900 τὸν
1435 3847 1494 3912 ἐξ
1539 3846 1709 3901 ὲθνῶν
1741 3849 1858 3901 ἀντ’
1891 3848 2035 3902 ἐκεί-

451 3959 556 3994 νων
595 3939 804 4009 εἰσάγει
837 3937 1146 4000 ἀκολούθως
1188 3939 1349 4011 ἑτέρα
1397 3940 1703 4012 προφητεία
1749 3942 1828 4002 εἰς
1866 3939 2033 4010 πρόσ-

449 4047 598 4083 ωπον
647 4029 740 4082 τοῦ
772 4029 1008 4100 Χριστοῦ
1039 4030 1341 4100 φάσκουσαο
1382 4030 1634 4099 Αἵτησαι
1685 4031 1820 4098 παρ’
1864 4031 2031 4100 ἐμοῦ,

455 4120 551 4173 καὶ
592 4119 764 4174 δώσω
816 4136 916 4174 σοι
951 4119 1095 4188 ἐθνη
1143 4119 1257 4188 τὴν
1288 4121 1691 4188 κληρονομίαν
1731 4135 1870 4183 σου,
1923 4122 2022 4174 καὶ

452 4211 566 4281 τὴν
593 4212 968 4280 κατάσχεσίν
995 4228 1113 4267 σου
1143 4214 1216 4266 τὰ
1241 4212 1466 4281 πέρατα
1492 4211 1604 4280 τῆς
1640 4211 1774 4281 γῆς.

521 4305 743 4361 Σύνετε
763 4303 839 4372 δὴ
868 4303 1128 4374 ἄφρονες
1155 4303 1224 4357 ἐν
1261 4303 1343 4370 τῷ
1369 4301 1517 4368 λαῷ,
1547 4303 1646 4356 καὶ
1673 4304 1860 4372 μωροί
1883 4318 2027 4356 ποτε

357 4393 365 4401 ’
455 4395 813 4464 φρονήσατε.
875 4395 928 4448 Ὀ
989 4396 1298 4465 φυτεύσας
1354 4395 1420 4450 τὸ
1465 4391 1576 4461 οὖς
1625 4397 1736 4448 οὐκ
1786 4395 2034 4448 ἀκούσε-

2141 1917 2209 1972 de
2241 1929 2292 1972 te
2321 1922 2638 1976 sentientes.
2678 1925 2734 1976 ln
2766 1926 2962 1994 seipsis
3006 1943 3242 1999 namque
3273 1931 3529 1987 dixerunt
3552 1935 3718 2004 impie

2141 2009 2470 2079 cogitantes,
2508 2012 2631 2068 Non
2657 2016 2843 2068 ridebit
2876 2017 3156 2084 Dominus,
3181 2037 3274 2075 nec
3293 2023 3548 2095 intelliget
3573 2027 3718 2082 Deus

2139 2095 2328 2153 Iacob.
2362 2098 2752 2168 Quamoorent,
2784 2108 2944 2175 qttasi
2981 2116 3033 2162 te
3064 2126 3166 2163 nec
3191 2112 3404 2168 vidente
3433 2131 3533 2169 nec
3552 2117 3718 2170 intel-

2142 2187 2364 2259 ligente,
2402 2190 2531 2244 talia
2582 2191 2824 2248 facinora
2869 2196 3173 2252 moliuntur
3221 2209 3411 2256 contra
3453 2207 3717 2275 populum

2141 2285 2296 2332 tuum
2332 2288 2387 2334 et
2428 2280 2802 2340 haereditatem
2851 2296 3022 2352 tuam,
3055 2301 3246 2346 contra
3294 2293 3511 2358 viduas,
3553 2297 3717 2355 adro-

2143 2385 2243 2426 nas
2267 2380 2321 2427 et
2352 2373 2652 2442 orphanos,
2675 2378 2768 2446 qui
2800 2380 2946 2433 omni
2992 2381 3233 2440 humano
3262 2387 3512 2443 subsidio
3537 2398 3591 2444 et
3618 2407 3717 2460 pa-

2140 2467 2376 2521 trocinio
2397 2477 2609 2523 carent.
2643 2468 2828 2540 Neque
2859 2481 2968 2527 tam
3003 2484 3197 2530 contra
3223 2479 3365 2543 illos,
3398 2497 3562 2550 quam
3587 2499 3719 2538 con-

2141 2564 2226 2612 tra
2255 2566 2328 2622 te,
2363 2559 2613 2622 Domine,
2648 2561 2763 2617 haec
2800 2569 3189 2634 perpetrabant
3223 2589 3235 2625 :
3269 2588 3392 2626 nam
3427 2575 3520 2645 qui
3548 2593 3715 2631 vexa-

2142 2647 2362 2712 bantur,
2394 2651 2630 2718 populus
2662 2663 2789 2708 tuus
2819 2663 2873 2709 et
2901 2655 3188 2714 liazrcditas
3215 2667 3307 2714 tua
3333 2672 3520 2730 erant;
3553 2673 3718 2736 atque

2142 2739 2201 2802 ii,
2243 2740 2335 2810 qui
2376 2740 2502 2797 illos
2541 2747 2943 2813 opprimebant,
2979 2747 3048 2805 de
3093 2757 3146 2804 te
3177 2753 3492 2824 blasphema
3529 2766 3585 2812 et
3615 2759 3718 2814 im-

2140 2831 2230 2901 pia
2255 2833 2555 2889 sentientes
2580 2835 2694 2890 haec
2720 2837 3054 2907 cogitabant,
3085 2855 3150 2896 ac
3181 2843 3225 2897 si
3254 2859 3362 2899 non
3395 2848 3714 2915 exsisteres,

2141 2939 2244 2978 nec
2271 2923 2512 2990 videres,
2544 2942 2645 2982 nec
2691 2928 3046 3000 intelligeres,
3076 2949 3253 3004 neque
3299 2937 3426 2993 talia
3471 2939 3716 2996 facinora

2142 3016 2516 3074 ulciscereris.
2548 3019 2820 3086 Quocirca
2840 3023 2962 3092 jure
2991 3025 3064 3078 ita
3089 3027 3354 3096 precabar
3386 3046 3398 3082 :
3436 3029 3716 3105 Usquequo

2141 3119 2464 3176 peccatores,
2501 3109 2746 3176 Domine,
2780 3129 3066 3186 usquequo
3107 3119 3236 3171 talia
3269 3130 3492 3190 agentes
3529 3139 3718 3181 mane-

2064 3177 2106 3235 ο
2139 3198 2318 3254 bunt?
2360 3201 2629 3272 Populum
2672 3220 2804 3259 vero
2845 3177 2900 3261 et
2945 3177 3333 3266 biereditatemv
3385 3212 3476 3268 Dci
3525 3177 3719 3285 putare

2138 3292 2414 3355 convenit,
2445 3293 2573 3347 olim
2597 3296 2816 3364 quidem
2843 3296 3124 3354 Iudaicam
3147 3309 3385 3372 gentem,
3418 3306 3544 3375 quia
3571 3309 3718 3376 facta

2137 3391 2216 3435 est
2243 3383 2415 3451 portio
2449 3382 2662 3439 Domini
2689 3387 2912 3455 populus
2941 3390 3056 3458 ejus
3088 3389 3279 3458 Iacob,
3311 3393 3582 3462 funiculus
3616 3399 3719 3452 Ita:-

2139 3475 2380 3532 reditatis
2407 3477 2521 3546 ejus
2549 3477 2724 3534 Israel
2745 3481 2809 3535 “.
2842 3480 2975 3536 Post
3023 3498 3212 3537 eorum
3258 3501 3388 3540 vero
3416 3491 3712 3559 repulsam,

2137 3583 2303 3637 quam
2335 3569 2415 3622 sic
2449 3569 2695 3623 declarat
2722 3573 3071 3642 pr0pheticus
3103 3575 3326 3644 quidam
3373 3595 3578 3644 sermo,
3608 3584 3716 3640 De-

2136 3660 2326 3728 reliqui
2374 3659 2589 3715 domum
2614 3679 2804 3724 meam,
2835 3664 3017 3719 dimisi
3058 3665 3125 3718 Ita
3142 3667 3417 3724 reditatem
3454 3690 3624 3728 meam
3642 3676 3715 3742 ⁸⁸,

2136 3750 2385 3819 ipsorum
2429 3754 2549 3808 loco
2601 3770 2809 3808 novum
2851 3758 3109 3827 populum
3145 3777 3209 3816 ex
3242 3765 3497 3831 gentibus
3521 3783 3714 3824 conse-

2137 3852 2371 3912 quenter
2393 3845 2605 3898 inducit
2629 3847 2734 3900 alia
2755 3851 3058 3920 prephetia.
3079 3869 3201 3922 quae
3219 3855 3272 3908 in
3299 3872 3530 3925 persona
3552 3861 3716 3916 ειη-ι.

2137 3935 2210 3988 sti
2255 3935 2327 3988 ita
2362 3936 2642 4005 loquitur:
2673 3937 2900 3994 Postulo
2933 3959 2966 3995 a
2997 3960 3096 4007 me,
3145 3956 3194 3999 et
3219 3947 3357 4003 dabo
3401 3951 3496 4004 tibi
3533 3964 3711 4021 gentes

2135 4024 2495 4081 Itwreditatem
2560 4039 2727 4094 tuam,
2771 4040 2823 4084 et
2851 4035 3232 4101 possessionem
3281 4048 3426 4093 tuam
3461 4045 3711 4098 terminos

2136 4127 2291 4170 terra:
2306 4116 2371 4170 “.

2209 4288 2372 4348 Vsus.
2404 4293 2554 4350 8-11.
2609 4295 2899 4370 Intelligite
2951 4301 3252 4370 insipientes
3305 4310 3363 4360 in
3412 4308 3626 4377 populo,
3661 4321 3710 4364 et

2135 4383 2289 4437 stulti
2337 4386 2626 4456 aliquando
2672 4392 2861 4459 sapite.
2898 4393 3003 4460 Qui
3032 4395 3296 4464 plantavit
3343 4417 3546 4467 aurem,
3604 4419 3711 4458 non

453 4503 584 4551 ται;
620 4486 658 4555 ἢ
692 4490 726 4541 ὁ
757 4485 1002 4554 πλάσας
1031 4487 1137 4541 τὸν
1178 4486 1490 4556 ὀφθαλμὸν
1511 4487 1582 4540 οὐ
1613 4485 1922 4550 κατανοεῖ;
1965 4486 2030 4538 Ὃ

2137 4475 2360 4532 audiet?
2393 4491 2484 4532 aut
2519 4482 2609 4550 qui
2650 4483 2807 4550 ﬁnxit
2838 4487 3069 4553 oculum,
3105 4506 3206 4544 non
3245 4492 3582 4550 considerat?
3604 4494 3705 4560 Qu:

451 4579 748 4634 παιδεύων
791 4577 935 4645 ἔθνη
994 4577 1132 4648 οὐχὶ
1187 4576 1437 4646 ἐλέγξει,
1495 4579 1527 4630 ό
1567 4574 1872 4629 διδάσκων
1918 4575 2028 4628 ἆν-

451 4675 688 4739 θρωπον
742 4667 999 4738 γνῶσιν;
1019 4670 1232 4737 Κύριος
1279 4669 1556 4737 γινώσκει
1589 4666 1731 4732 τοὺς
1758 4666 2026 4737 διαλογι-

442 4759 644 4830 σμοὺς
670 4757 788 4813 τῶν
819 4757 1162 4825 ἀνθρώπων,
1210 4756 1298 4809 ὅτι
1333 4759 1451 4810 εἰσὶ
1473 4756 1728 4826 μάταιοι.
1773 4755 2027 4809 Ἀποδυσ-

450 4855 690 4922 πετήσας
741 4851 835 4902 καὶ
885 4848 1242 4919 ἀνθρωπίνως
1287 4848 1773 4919 ἀποκλαυσάμενος
1817 4848 1846 4900 ὁ
1875 4848 2019 4918 Προ-

450 4948 626 5014 φήτης
655 4942 782 5010 περὶ
824 4939 930 4992 τῶν
956 4943 1070 5003 τοῖς
1097 4939 1317 4993 ἀσεϐέσι
1362 4939 1749 5011 τολμωμένων,
1785 4937 2022 5009 εὐξάμε-

447 5035 537 5097 νός
585 5051 647 5086 τε
699 5034 792 5087 καὶ
841 5031 1032 5086 εἰπών’
1087 5031 1371 5100 Ὑψώθητι
1409 5035 1442 5085 ό
1472 5033 1694 5099 κρίνων
1715 5029 1828 5099 τὴν
1875 5029 2023 5100 γῆν,

446 5123 673 5188 ἀπόδος
711 5121 1118 5176 ἀνταπόδοσιν
1157 5120 1280 5186 τοῖς
1307 5122 1712 5190 ὑπερηφάνοις
1731 5138 1743 5149 ·
1769 5119 1903 5172 ἀλλὰ
1931 5119 2026 5174 καὶ

444 5215 519 5277 ὡς
545 5216 874 5286 ἀνακινήσας
897 5213 986 5266 τὸν
1010 5212 1162 5277 Θεὸν,
1187 5211 1283 5264 καὶ
1313 5211 1582 5282 διεγείρας
1607 5211 1696 5264 διὰ
1715 5210 1810 5264 τοῦ
1835 5208 2021 5279 φάναι·

454 5307 562 5359 Τὸν
584 5308 734 5359 λαόν
743 5301 858 5358 σού
890 5304 985 5357 καὶ
1002 5302 1117 5370 τὴν
1137 5301 1545 5371 κληρονομίαν
1571 5317 1688 5357 σου
1702 5301 2023 5356 ἐκάκωσαν

447 5399 542 5449 καὶ
575 5398 1006 5458 ἐταπείνωσαν,
1041 5395 1143 5448 καὶ
1176 5393 1370 5458 εἶπαν,
1403 5396 1514 5448 οὐκ
1543 5394 1755 5462 ὄψεται
1779 5395 2014 5464 Κύριος,

445 5487 584 5542 οὐδὲ
602 5487 858 5554 συνήσει
876 5492 908 5541 o'
927 5487 1189 5554 Θεὸς-τοῦ
1205 5485 1428 5543 Ἰακώόο
1455 5485 1794 5557 ἐμπίπλαται
1804 5487 1903 5557 τῆς
1921 5486 2016 5540 τοῦ

445 5581 600 5650 ἁγίου
631 5578 942 5650 Πνεύματος
969 5579 1270 5650 δυνάμεως,
1308 5579 1403 5633 καὶ
1430 5577 1505 5644 ὡς
1536 5577 1674 5650 πρὸς
1709 5578 1834 5641 τοὺς
1860 5578 2015 5648 εἰρη-

517 5739 563 5772 ⁸³
605 5735 761 5792 Deut.
794 5752 974 5800 xxx",
1004 5736 1058 5790 9.
1135 5735 1183 5768 ”
1217 5732 1415 5790 Ierem.
1455 5750 1552 5798 xu,
1587 5733 1635 5786 7.
1715 5731 1757 5763 “
1796 5729 1941 5785 Psal.
1973 5747 2033 5794 ll,
2067 5729 2118 5784 8.

2134 4567 2544 4637 corripitgentes
2586 4589 2688 4626 non
2724 4587 2929 4646 arguet,
2959 4579 3050 4648 qui
3077 4579 3226 4634 docet
3242 4580 3502 4637 hominem
3536 4585 3703 4639 scien-

2136 4655 2314 4710 tiam?
2344 4656 2602 4714 Dominus
2631 4663 2730 4716 scit
2757 4667 3093 4736 cogitationes
3132 4669 3424 4737 hominum,
3457 4675 3705 4744 quoniam

2133 4763 2285 4801 carne
2315 4759 2460 4806 sunt.
2492 4750 2788 4824 Postquam
2821 4759 3108 4828 impiorum
3139 4777 3308 4819 ausus
3334 4779 3479 4835 aegre
3523 4765 3703 4823 ferens

2130 4838 2399 4911 Propheta
2429 4844 2669 4901 humano
2710 4864 2861 4904 more
2890 4852 3139 4920 dellevit,
3169 4868 3232 4907 ac
3250 4864 3504 4925 precatus
3533 4859 3693 4914 dixit'

2130 4930 2410 4998 Exaltare,
2444 4938 2535 5006 qui
2570 4938 2787 5007 judicas
2835 4949 3030 4995 terram
3055 4983 3069 5008 ,
3102 4943 3259 4998 redde
3313 4946 3706 5004 retributionem

2128 5029 2402 5096 superbis;
2440 5032 2533 5086 sed
2563 5037 2723 5089 etiam
2764 5035 2930 5091 Deum
2969 5040 3125 5108 quasi
3148 5037 3443 5097 commovit
3473 5051 3528 5098 et
3555 5043 3704 5098 exci-

2128 5122 2262 5176 tavit
2296 5123 2380 5179 his
2406 5125 2616 5182 verbis:
2641 5127 2904 5197 Populum
2931 5140 3080 5184 tuum
3100 5142 3149 5186 et
3170 5133 3533 5190 haereditate»:
3557 5145 3704 5190 tuam

2125 5225 2438 5268 vexaverant
2469 5226 2518 5269 et
2545 5217 2954 5274 humiliaverunt
2975 5263 2990 5286 ,
3019 5232 3070 5275 et
3121 5224 3389 5290 dixerunt,
3421 5241 3522 5280 non
3557 5227 3701 5283 uide-

2124 5304 2198 5355 bit
2220 5303 2501 5371 Dominus,
2526 5324 2617 5362 nec
2639 5311 2893 5381 intelliget
2924 5312 3064 5367 Deus
3083 5312 3287 5380 Iacob;
3317 5315 3557 5387 Spiritus
3581 5334 3706 5374 san-

2123 5395 2198 5449 cti
2249 5397 2448 5452 virtute
2479 5401 2755 5469 repletur,
2788 5413 2844 5458 et
2894 5405 3050 5473 quasi
3100 5409 3453 5478 responderet
3501 5412 3569 5467 iis
3605 5413 3700 5481 qtti

2123 5489 2373 5543 dixerant
2403 5509 2416 5544 :
2449 5489 2573 5545 Non
2609 5492 2800 5547 videbit
2832 5493 3112 5560 Dominus,
3152 5515 3242 5552 nec
3277 5499 3534 5571 intelliget
3557 5501 3702 5557 Deus

2122 5576 2312 5643 Iacob,
2341 5579 2421 5634 sic
2482 5580 2722 5650 loquitur
2754 5602 2766 5636 :
2818 5581 2884 5636 Et
2931 5585 3239 5654 quomodo,
3293 5601 3330 5644 ο
3361 5603 3489 5644 vere
3520 5596 3702 5645 mente
