2037 3199
198 195 267 223 5203

551 193 687 223 EUSEBll
708 194 951 224 CESARIENSIS
967 194 1154 223 OPPJPARS
1184 194 1228 224 Ill.
1243 210 1270 216 —
1299 192 1509 223 EXEGETICA.

1759 191 1832 220 12οι

197 260 291 279 eorum
305 252 354 287 qui
365 256 476 288 propter
493 251 579 280 Deum
600 257 734 280 vexantur
757 252 837 280 frtrem
858 257 979 280 enarrat.

1033 252 1188 288 ἁμαρτωλῷ
1205 251 1310 287 βόθρον,
1326 252 1359 278 τὰ
1374 251 1481 288 χρηστὰ
1495 251 1560 286 τέλη
1576 250 1631 278 τῶν
1647 249 1692 277 διὰ
1705 249 1751 277 τὸν
1764 250 1831 277 Θεὸν

195 297 329 331 Quoniam
356 299 428 326 enim
457 306 541 334 supra
568 298 673 326 dictum
709 299 800 326 fuerat
825 307 831 325 :
853 298 983 333 Populum

195 350 280 376 tuum,
297 344 420 375 Domine.
438 344 654 378 humiliaverunt,
672 349 697 371 et
716 344 896 371 Ita'reditatem
910 350 984 371 luam

194 394 363 421 vexaverant,
379 389 478 416 merito
489 388 545 424 jam
571 388 708 415 humiliati
734 388 826 423 populi
838 392 864 415 et
881 392 984 415 vexata:

194 435 361 463 luercditatis
372 434 452 462 tinem
467 434 589 462 declarat
618 434 661 461 his
675 434 764 461 verbis
778 442 784 459 :
803 433 865 461 Non
880 434 983 469 repellet

193 481 324 509 Dominus
349 481 449 517 plebem
473 489 561 513 suam,
577 485 601 507 et
628 480 811 507 ltwreditatem
827 488 904 507 suam
932 488 984 507 non

192 527 365 563 derelinquet.
381 526 495 554 Etiamsi
509 528 582 554 enim
608 526 642 554 ad
667 526 749 554 breve
765 530 873 562 tempus
893 526 984 562 impiis

193 573 326 602 concedat
337 577 366 599 nt
377 572 506 608 populum
525 580 604 599 suum
621 572 766 599 humilient
783 575 810 599 et
825 575 923 599 vcxent
935 580 944 605 ;
957 575 985 599 at

193 626 248 646 non
265 619 292 646 in
308 617 389 646 ﬁnem
402 626 487 652 usque
501 618 612 652 repellet
626 617 730 652 plebem
745 625 834 650 suam,
851 621 878 645 ct
901 617 985 645 haere-

193 663 305 691 ditatem
323 669 400 690 suam
428 662 608 697 derelinquat.
633 662 700 695 Quae
732 662 809 697 plebs
823 683 830 694 ,
849 670 910 698 quae
931 663 984 690 hae-

192 709 295 737 rcditas
312 709 356 736 illa
376 709 422 740 sit,
439 708 565 736 novimus
580 716 614 736 ex
638 709 690 736 hac
712 716 781 736 voce
804 708 838 736 de
866 716 984 744 persona

191 754 294 783 Christi
307 754 413 789 prolata
433 762 439 780 :
458 754 571 781 Postulo
590 763 606 780 a
629 762 680 787 me,
701 759 726 781 et
748 754 817 781 dabo
831 755 879 781 tibi
897 760 983 790 gentes

191 796 372 827 ltwreditatem
407 806 491 833 tuam,
506 806 530 828 et
552 801 744 836 possessionem
764 806 837 828 tuam
861 802 983 828 terminos

192 855 269 876 ter-rte
278 850 310 874 ’⁷.
325 848 402 876 llunc
416 849 505 884 ipsum
517 857 548 876 ex
565 849 694 885 gentibus
711 848 833 876 futurum
852 848 982 884 popuintn

191 887 339 922 Zacharias
371 896 502 930 propheta
532 896 699 923 vaticinatur
729 896 825 923 dicens
849 903 857 921 :
880 893 982 926 Gaude,

1038 297 1214 332 κακουμένων
1235 297 1388 332 ὑφηγεῖται.
1408 296 1487 324 Ἐπεὶ
1501 296 1557 332 γὰρ
1572 295 1615 322 διὰ
1631 295 1685 322 τῶν
1701 295 1832 331 ἀνωτέρω

1037 343 1139 379 εἴρητο,
1160 342 1215 370 Τὸν
1237 343 1313 369 λαόν
1326 349 1395 374 σου,
1420 342 1515 375 Κύριε,
1535 340 1752 371 ἐταπείνωσαν,
1779 339 1832 367 καὶ

1037 388 1096 422 τὴν
1111 388 1313 422 κληρονομίαν
1333 396 1391 415 σου
1409 386 1579 419 ἐκάκωσαν,
1604 386 1716 417 εἰκότως
1732 385 1780 412 νῦν
1796 386 1833 412 τὰ

1036 435 1102 470 τέλη
1127 434 1173 461 τοῦ
1198 433 1409 469 ταπεινουμένου
1433 432 1498 460 λαοῦ
1521 433 1569 459 καὶ
1587 432 1636 467 τῆς
1658 431 1833 467 κακουμένης

1037 479 1219 515 κληρονομίας
1238 479 1388 515 παρίστησι
1410 478 1511 512 λέγων·
1528 479 1587 505 Οὐκ
1607 477 1756 504 ἀπώσεται
1771 478 1833 504 Κύ-

1033 535 1100 561 ριος
1115 525 1169 552 τὸν
1181 525 1258 553 λαὸν
1269 525 1373 558 αὐτοῦ,
1388 525 1436 552 καὶ
1450 524 1508 559 τὴν
1523 524 1726 558 κληρονομίαν
1737 522 1835 550 αὑτοῦ

1037 573 1093 599 οὐκ
1115 572 1335 607 ἐγκαταλείψει.
1360 572 1392 598 Et
1415 571 1470 606 γὰρ
1484 570 1532 597 καὶ
1556 570 1624 606 πρὸς
1647 568 1750 605 βραχύν
1770 577 1833 596 τινα

1037 617 1133 652 καιρὸν
1152 616 1295 653 ἐπιτρέπει
1312 617 1368 648 τοῖς
1391 615 1501 642 ἀσεϐέσι
1521 614 1671 650 συγχωρῶν
1685 613 1835 642 ταπεινοῦν

1038 663 1083 690 καὶ
1093 662 1195 690 κακοῦν
1214 663 1259 689 τὸν
1275 662 1337 688 λαὸν
1359 661 1451 693 αὑτοῦ,
1468 660 1525 688 ἀλλ’
1537 661 1588 687 οὑκ
1604 662 1643 692 εἰς
1663 660 1739 692 τέλος
1751 659 1832 687 ἀπώ-

1038 718 1115 737 σεται
1131 709 1176 736 τὸν
1190 708 1253 735 λαὸν
1266 707 1359 740 αὑτοῦ,
1375 707 1435 734 οὐδὲ
1446 707 1496 742 τὴν
1510 707 1691 742 κληρονομίαν
1704 706 1835 733 καταλεί-

1036 757 1092 791 ψει.
1107 756 1186 782 Ποῖον
1206 755 1235 781 δὲ
1253 754 1316 781 λαὸν
1329 754 1378 781 καὶ
1397 753 1476 781 ποίαν
1494 753 1686 789 κληρονομίαν,
1707 753 1834 788 ἔγνωμεν

1037 802 1091 830 ἀπὸ
1106 802 1155 836 τῆς
1170 803 1210 833 εἰς
1223 801 1367 837 πρόσωπον
1382 800 1428 826 τοῦ
1442 799 1560 836 Χριστοῦ
1572 798 1704 833 λεγούσης
1720 798 1830 834 φωνῆς·

1037 846 1164 880 Αἴτησαι
1177 846 1245 879 παρ’
1255 844 1330 879 ἐμοῦ
1343 844 1391 871 καὶ
1405 843 1490 871 δώσω
1503 852 1552 871 σοι
1564 844 1637 877 ἔθνη
1649 843 1707 878 τὴν
1721 845 1832 877 κληρο-
1886 880 1888 883 Ι

1036 891 1146 926 νομίαν
1159 897 1228 921 σου,
1246 889 1295 916 καὶ
1313 889 1371 923 τὴν
1386 889 1574 924 κατάσχεσιν
1590 897 1648 915 σου
1665 888 1701 915 τὰ
1717 888 1833 922 πέρατα

193 941 316 973 multant,
329 941 388 976 [ilia
402 941 466 968 Sion
479 950 488 968 :
499 941 630 977 prmdica.
646 942 705 976 ﬁlia
720 941 870 969 Jerusalem
886 948 895 967 :
918 939 982 967 Ecce

1036 935 1091 970 τῆς
1102 934 1169 971 γῆς.
1188 934 1240 962 Τόν
1263 935 1343 961 αὑτὸν
1359 934 1387 960 δὲ
1403 934 1476 966 λαὸν,
1493 934 1538 960 τὸν
1553 932 1584 966 ἐξ
1600 933 1695 966 ἐθνῶν,
1713 933 1760 960 καὶ
1777 933 1833 960 Ζα-

191 995 237 1021 ego
252 987 334 1019 ratio.
353 993 378 1014 et
398 987 523 1014 habitabo
537 988 565 1014 in
590 987 675 1015 medio
691 988 740 1020 tui.
759 987 824 1014 dicit
841 986 983 1013 Dominus.

193 1033 227 1058 lit
239 1034 389 1068 confugient
399 1039 487 1069 gentes
505 1033 596 1060 multa:
623 1033 658 1060 ad
677 1033 822 1061 Dominum
839 1040 849 1059 :
865 1036 889 1059 et
904 1035 984 1058 erunt

193 1078 258 1105 mihi
271 1079 299 1106 in
324 1080 459 1114 populum,
470 1083 495 1106 et
518 1088 565 1114 ego
589 1087 634 1107 ero
659 1079 697 1106 eis
714 1079 742 1106 in
768 1077 892 1105 Deum".
905 1076 984 1103 Hunc

192 1124 278 1159 igitur
291 1130 423 1160 populum
438 1134 518 1154 suum
535 1133 589 1153 non
602 1125 715 1160 repellet
728 1124 870 1156 Dominus,
885 1128 913 1151 et
928 1122 984 1149 ha:-

193 1171 339 1198 reditatem
369 1179 448 1199 suam
480 1180 535 1199 non
558 1171 743 1206 derclinquet.
767 1170 854 1198 donec
875 1169 982 1205 justitia

192 1221 368 1244 convertatur
388 1217 416 1243 in
433 1216 579 1250 judicium.
598 1217 665 1243 Nam
687 1224 720 1244 eo
740 1223 828 1251 usque
850 1214 980 1250 populum

192 1271 274 1291 suum
288 1262 532 1298 hereditatemque
548 1271 626 1290 suam
640 1263 787 1294 custodiet,
804 1261 890 1288 donec
904 1259 983 1295 justi-

192 1309 230 1336 tia
244 1309 290 1336 Dei
301 1314 444 1337 convertat
462 1318 501 1342 se,
515 1310 641 1337 laborum
661 1309 772 1344 pruentia
790 1308 824 1335 iis
848 1306 894 1342 qui
914 1306 982 1333 bene

192 1353 392 1382 decertaverint
408 1355 559 1382 redditura.
582 1355 634 1388 Qui
657 1362 722 1382 vero
735 1353 850 1389 justitim
868 1351 917 1379 Dei
932 1351 979 1378 ad-

192 1400 309 1434 haerent,
332 1402 455 1435 proxime
485 1401 562 1428 illum
592 1401 715 1433 stabunt,
730 1408 746 1427 a
769 1399 874 1427 dextris
899 1397 982 1432 Regis

191 1447 394 1481 constituendi;
410 1451 504 1482 utpote
533 1447 580 1483 qui
608 1451 685 1475 recto
708 1451 736 1474 et
761 1446 870 1473 sincero
900 1443 983 1472 corde
1005 1464 1008 1466 -

192 1493 304 1528 fuerint,
317 1502 368 1521 nec
383 1494 410 1521 in
439 1494 559 1521 animam
575 1493 718 1529 quidpiam
748 1498 910 1528 perversum
935 1493 983 1519 aut

191 1545 346 1570 tortuosum
359 1541 531 1575 advexerint,
547 1541 575 1569 in
591 1541 649 1569 sola
665 1544 756 1568 autem
768 1542 843 1567 recta
859 1545 891 1565 ac
907 1536 982 1572 regia

190 1588 234 1615 Via
250 1588 427 1618 incesserint.

1035 982 1133 1018 χαρίας
1144 982 1158 1008 ό
1174 981 1318 1016 προφήτης
1336 979 1458 1011 Θεσπίζει
1481 979 1583 1014 λέγων’
1595 979 1684 1013 Χαῖρε
1700 978 1831 1014 σφόδρα,

1034 1030 1162 1064 θύγατερ
1188 1028 1279 1056 Σιών·
1296 1028 1450 1062 κήρυσσε,
1470 1028 1596 1063 θύγατερ
1615 1027 1831 1063 Ἰερουσαλήμ·

1036 1075 1100 1103 ίδοὺ
1113 1074 1312 1110 ὲτὼέρχυμαι,
1326 1074 1373 1101 καὶ
1387 1073 1610 1107 κατασκηνώσω
1620 1074 1654 1100 ἐν
1662 1073 1747 1108 μέσῳ
1759 1081 1832 1107 σου,

1035 1121 1116 1155 λέγει
1139 1121 1260 1155 Κύριος.
1286 1120 1340 1148 Καὶ
1368 1119 1606 1154 καταφεύξονται
1631 1119 1703 1154 ἔθνη
1730 1119 1832 1147 πολλὰ

1029 1168 1085 1195 ἐπὶ
1099 1167 1154 1195 τὸν
1167 1167 1293 1201 Κύριον·
1308 1165 1358 1193 καὶ
1374 1166 1496 1193 ἔσονταί
1515 1174 1567 1201 μοι
1582 1167 1625 1198 είς
1641 1165 1728 1198 λαὸν,
1749 1165 1833 1201 κάγὼ

1035 1213 1142 1249 ἔσομαι
1153 1213 1255 1246 αὐτοῖς
1267 1214 1311 1246 εἰς
1326 1212 1410 1240 Θεόν.
1427 1212 1526 1239 Τοῦτον
1539 1211 1628 1238 τοίνυν
1645 1211 1690 1238 τὸν
1706 1211 1768 1238 λαδν
1781 1212 1832 1239 αὐ-

1036 1259 1085 1287 τοῦ
1100 1259 1150 1286 οὐκ
1166 1259 1306 1286 ἀπώσεται
1318 1258 1430 1294 Κύριος,
1445 1257 1505 1284 οὐδὲ
1520 1257 1569 1293 τὴν
1586 1257 1768 1293 κληρονομίαν
1782 1257 1832 1285 αὺ-

1033 1306 1081 1333 τοῦ
1104 1305 1306 1340 ἐγκαταλείψει,
1332 1304 1385 1336 ἓως
1403 1301 1433 1331 οὗ
1450 1303 1605 1339 δικαιοσύνη
1622 1303 1773 1340 ἐπιστρέψῃ
1789 1304 1832 1336 εις

1035 1352 1134 1388 κρίσιν.
1150 1351 1239 1387 Μέχρι
1256 1351 1311 1386 γὰρ
1322 1350 1416 1377 τούτου
1432 1349 1545 1384 φυλάξει
1559 1350 1605 1376 τὸν
1615 1349 1678 1376 λαὸν
1688 1349 1771 1376 αὐτοῦ
1782 1349 1831 1376 καὶ

1034 1398 1083 1434 τὴν
1094 1398 1274 1434 κληρονομίαν
1290 1396 1383 1428 αὐτοῦ,
1397 1396 1450 1427 ἕως
1462 1396 1495 1423 ἂν
1507 1396 1659 1432 ἐπιστρέψῃ
1671 1396 1690 1432 ἡ
1704 1395 1750 1422 τοῦ
1761 1395 1829 1422 Θεοῦ

1035 1443 1202 1479 δικαιοσύνη,
1224 1442 1259 1469 τὰ
1280 1442 1384 1469 ἔπαθλα
1401 1441 1456 1468 τῶν
1476 1442 1565 1468 πόνων
1579 1440 1757 1468 ἀποδώσουσα
1771 1441 1831 1474 τοῖς

1035 1489 1125 1521 καλῶς
1136 1488 1344 1524 ἠγωνισμένοις.
1362 1487 1393 1514 Οἱ
1412 1487 1441 1514 δὲ
1456 1487 1580 1523 ἐχόμενοι
1597 1487 1646 1522 τῆς
1657 1485 1832 1522 δικαιοσύνης

1034 1535 1081 1562 τοῦ
1093 1535 1161 1562 Θεοῦ
1173 1535 1287 1571 πλησίον
1302 1534 1384 1561 αὑτοῦ
1398 1534 1543 1570 στήσονται
1560 1534 1590 1560 ὲν
1605 1534 1661 1565 τοῖς
1674 1533 1770 1565 δεξιοῖς
1780 1531 1831 1559 τοῦ

996 1580 1017 1609 C
1035 1581 1166 1617 βασιλέως
1182 1580 1449 1615 καταταγησόμενον
1467 1580 1515 1607 ἅτε
1529 1579 1562 1615 δὴ
1577 1579 1653 1615 ὀρθοὶ
1671 1579 1719 1606 καὶ
1739 1577 1830 1610 εὑθεῖς

189 1634 330 1669 γενόμενοι
351 1634 384 1669 τῇ
402 1633 511 1669 καρδίᾳ,
535 1633 584 1660 καὶ
610 1633 691 1670 μηδὲν
713 1633 746 1669 τῇ
776 1631 848 1667 ψυχῇ
875 1629 991 1662 σκολιὸν,
1024 1629 1091 1665 μηδὲ
1120 1627 1243 1663 σκαμῶν
1261 1626 1482 1662 ὲπενηνεγμένοι,
1501 1625 1585 1662 μόνην
1603 1625 1631 1652 δὲ
1651 1625 1701 1660 τὴν
1719 1624 1829 1651 εὐθεῖαν

190 1682 238 1709 καὶ
255 1681 398 1717 βασιλικὴν
410 1680 468 1709 ὀδόν
485 1681 667 1717 βεόαδικότες.

226 1738 310 1766 Vens.
332 1739 427 1767 16-18.
445 1739 510 1772 Qui:
528 1744 667 1775 consurget
691 1739 755 1766 mihi
783 1738 909 1765 adversus
923 1745 981 1764 ma-

190 1785 330 1820 lignantes,
347 1789 394 1812 aut
406 1785 464 1818 quis
480 1785 563 1812 stabit
589 1792 689 1812 mecum
705 1785 830 1811 adversus
845 1788 981 1819 operante:

189 1831 378 1865 iniquitatem?
394 1825 457 1857 Nisi
483 1831 546 1865 quia
563 1830 692 1857 Dominus
708 1830 809 1864 adjuvit
825 1837 875 1860 me.
900 1828 982 1864 paulo

190 1877 278 1903 minus
294 1875 440 1903 Itabttasset
453 1876 479 1902 in
490 1876 594 1911 inferno
606 1878 697 1903 anima
714 1884 781 1903 mea.
799 1875 828 1903 Si
840 1875 959 1902 dicebam
971 1882 981 1902 :

189 1922 281 1950 Motus
300 1926 339 1948 est
353 1929 398 1955 pes
421 1930 505 1956 meus,
521 1922 704 1949 misericordia
726 1927 781 1953 tua,
793 1921 915 1952 Domine,
932 1919 982 1947 ad-

188 1967 298 2003 iuvabat
311 1975 359 1994 me.
379 1966 574 2001 Diapsalmatis
588 1966 731 1994 distinctio
746 1973 873 2002 magnam
891 1965 982 1993 attulit

190 2013 333 2041 sententiae
348 2013 539 2040 mutationem.
566 2013 635 2040 Nam
651 2013 730 2048 quasi
747 2013 839 2048 priore
854 2012 981 2039 absoluto

190 2067 326 2092 sermone.
342 2067 392 2087 ceu
405 2059 478 2086 aliud
491 2059 635 2087 exordium
647 2059 752 2086 ducens
764 2059 803 2086 ait
818 2067 826 2085 :
841 2058 907 2092 Quis
923 2066 982 2084 con-

189 2111 278 2141 surget
295 2105 359 2133 mihi
376 2105 501 2133 adversus
515 2105 712 2140 malignantes?
724 2104 804 2137 Nam,
827 2104 927 2139 inquit,
947 2111 980 2130 ex

190 2149 309 2186 Spiritus
321 2151 409 2179 sancti
421 2151 548 2179 doctrina
572 2150 748 2182 edidicimus,
765 2150 850 2177 Deum
868 2149 981 2177 ultionis

188 2205 251 2226 esse
263 2197 422 2229 Dominum,
447 2205 479 2225 ac
497 2197 670 2226 redditurum
686 2204 748 2225 esse
771 2196 981 2224 retributionem

189 2243 328 2278 superbis,
347 2246 375 2270 et
391 2242 512 2270 futurum
527 2249 590 2270 esse
605 2247 636 2270 ut
653 2242 774 2269 fodiatur
788 2239 924 2276 peccatori
940 2239 982 2266 fo-

189 2296 250 2320 vea,
266 2296 355 2324 neque
367 2296 488 2324 unquam
514 2293 676 2316 eventurum
692 2292 723 2315 ut
749 2288 864 2323 repellat
889 2285 983 2314 Domi-

189 2343 242 2362 nus
259 2335 365 2370 plebem
389 2343 480 2367 suam,
496 2335 539 2362 vel
567 2334 755 2362 haereditatem
773 2341 852 2362 suam
862 2333 982 2361 derelin-

1069 1731 1117 1765 Τίς
1138 1728 1344 1763 ἀναστήσεται
1369 1737 1420 1763 μοι
1440 1728 1491 1755 ἐπὶ
1514 1728 1784 1763 πονηρευομένους,
1806 1730 1829 1765 ἢ

1030 1778 1073 1811 τις
1094 1774 1386 1811 συμπαραστπήσεταί
1396 1783 1448 1809 μοι
1464 1775 1512 1801 ἐπὶ
1524 1775 1595 1808 τοὺς
1614 1775 1830 1810 ἐργαζομένους

1031 1824 1089 1858 τὴν
1110 1822 1257 1857 ἀνομίαν;
1280 1823 1315 1849 Et
1336 1821 1379 1856 μὴ
1402 1821 1447 1848 ὅτι
1473 1822 1580 1855 Κύριος
1599 1821 1746 1855 ἐϐοήθησέ
1764 1831 1827 1857 μοι,

1032 1870 1113 1904 παρὰ
1126 1869 1228 1903 βραχὺ
1248 1867 1411 1902 παρῴκησε
1440 1867 1480 1901 τῷ
1497 1867 1554 1902 ᾅδῃ
1570 1868 1589 1901 ἡ
1607 1868 1692 1903 ψυχή
1710 1878 1781 1903 μου.
1793 1871 1828 1896 El

1031 1914 1332 1950 ἓλεγον,Σεσάλευται
1342 1916 1357 1941 ό
1363 1913 1440 1947 ποῦς
1445 1923 1504 1949 μου
1509 1935 1515 1945 ,
1523 1914 1555 1940 τὸ
1562 1914 1632 1940 Med
1634 1925 1649 1947 ς
1657 1923 1725 1944 σου.
1730 1915 1827 1949 Κύριε,

1030 1962 1145 1997 ἐϐοήθει
1155 1971 1216 1996 μοι.
1236 1961 1268 1988 Ἡ
1280 1960 1351 1987 κατὰ
1362 1960 1394 1987 τὺ
1406 1960 1545 1996 διὰψαλμα
1557 1959 1684 1996 διαστολὴ
1697 1960 1828 1996 πλείστην

1031 2008 1139 2042 καὶτῆς
1155 2006 1273 2038 διανοίας
1283 2007 1431 2042 ἐποιήσατο
1447 2006 1609 2042 μεταϐολήν.
1630 2007 1675 2038 Ὠς
1690 2006 1744 2042 γὰρ
1758 2007 1828 2042 σῦμ-

1031 2053 1221 2089 πληρωθέντος
1233 2052 1281 2079 τοῦ
1305 2052 1439 2088 προτέρου
1456 2052 1535 2086 λόγου
1558 2052 1606 2087 ἀφ’
1621 2053 1718 2088 ἑτέρας
1740 2053 1828 2088 ἀρχῆς

1031 2108 1114 2135 φησι·
1133 2100 1180 2133 Τίς
1195 2099 1402 2132 ἀναστήσεται
1415 2107 1466 2133 μοι
1481 2098 1531 2125 ἐπὶ
1548 2099 1827 2133 πονηρευομένους

1033 2145 1233 2181 μεμαθήκαμεν
1247 2145 1313 2181 γὰρ,
1329 2145 1422 2180 φησὶν,
1441 2144 1495 2171 ἀπὸ
1515 2144 1564 2180 τῆς
1583 2144 1631 2171 τοῦ
1647 2144 1719 2171 θείου
1742 2144 1829 2171 Πνεύ-

1033 2200 1118 2227 ματος
1130 2191 1314 2222 διδασκαλίας,
1327 2191 1367 2217 ὄντι
1383 2190 1450 2222 Θεὸς
1463 2190 1630 2226 ὲκδικήσεὼν
1640 2191 1696 2217 ἐστι
1714 2191 1827 2227 Κύριος,

1030 2239 1079 2265 καὶ
1093 2239 1135 2265 ὅτι
1152 2237 1288 2264 ἀποδώσει
1300 2236 1479 2263 ἀνταπόδοσιν
1491 2237 1548 2268 τοῖς
1560 2237 1746 2272 ὑπερηφάνοις
1755 2244 1762 2252 ·
1779 2237 1828 2264 καὶ

1030 2285 1072 2311 ὅτι
1097 2284 1262 2319 ὸρυγήσεται
1290 2283 1328 2318 τῷ
1343 2282 1498 2318 ἁμαρτωλῷ
1516 2282 1611 2318 βόθρος
1623 2291 1629 2298 ·
1648 2283 1695 2309 καὶ
1715 2283 1755 2310 ὃτι
1777 2282 1828 2310 οὐκ

1032 2330 1174 2358 ἀπώσεται
1188 2330 1234 2357 τὸν
1249 2330 1312 2356 λαὸν
1328 2328 1422 2360 αὑτοῦ,
1438 2328 1498 2355 οὐδὲ
1514 2329 1562 2364 τὴν
1579 2329 1760 2364 κληρονομίαν
1781 2329 1829 2356 αὖ·

189 2385 272 2417 quat;
291 2381 339 2408 sed
355 2381 384 2409 in
405 2381 458 2409 [line
478 2389 582 2414 rerum,
600 2381 711 2416 quando
734 2387 885 2408 conversus
900 2379 982 2407 fuerit

1033 2377 1081 2404 τοῦ
1093 2376 1251 2411 καταλείψει
1262 2383 1269 2390 “
1281 2375 1337 2403 ἀλλ’
1353 2376 1399 2402 ἐπὶ
1414 2375 1486 2402 τέλει
1498 2375 1553 2402 τῶν
1565 2375 1744 2411 πραγμάτων,
1758 2375 1829 2403 ἐπὰν

189 2426 308 2462 populus
335 2426 364 2454 in
385 2426 529 2462 judicium.
548 2426 719 2454 redditurum
742 2433 804 2453 esse
830 2424 980 2459 unicuique

188 2470 341 2499 secundum
357 2479 440 2507 opera
457 2479 518 2504 sua,
536 2478 569 2498 ac
594 2472 717 2499 futurum
737 2470 821 2498 etiam
835 2474 865 2497 ut
881 2476 979 2497 omnes

188 2517 257 2545 recti
271 2517 354 2545 corde
365 2520 439 2545 stent
451 2525 467 2544 a
477 2518 583 2546 dextris
595 2521 623 2546 et
647 2524 731 2552 prope
743 2516 881 2551 justitiam
904 2515 978 2551 ejus,

187 2573 251 2593 cum
265 2564 326 2601 ipso
343 2563 458 2592 Domino
469 2565 497 2592 in
515 2571 599 2600 regno
616 2564 750 2591 cmlorum
773 2562 980 2594 commoraturi,

188 2619 236 2646 per
248 2615 334 2638 totam
349 2610 434 2638 vitam
451 2618 529 2639 suam
546 2618 610 2638 cum
633 2610 693 2645 ipso
715 2609 810 2637 futuri.
827 2608 891 2636 Haec
918 2615 980 2636 cre-

180 2654 255 2696 Z‘didi,
273 2656 332 2684 haec
346 2656 484 2690 credendo
494 2656 711 2684 consolationem
723 2655 827 2691 accepi.
839 2655 876 2682 At
889 2655 977 2682 inter-

184 2708 220 2749 ἰιι
236 2701 300 2737 quis
325 2702 378 2729 hoc
399 2705 522 2738 tempore
545 2709 597 2737 pro
621 2709 665 2729 me
690 2701 772 2730 stabit
788 2705 884 2728 contra
901 2701 983 2728 mali-

187 2746 326 2781 gnantesl
340 2750 388 2774 aut
399 2746 462 2782 quis
473 2747 548 2774 ultor
563 2747 652 2774 aderit
668 2745 736 2774 mihi
749 2750 848 2774 contra
866 2753 983 2782 operan-

189 2797 231 2820 tes
255 2792 429 2827 iniquitatem
441 2793 454 2821 2
466 2793 502 2820 At
518 2794 591 2821 enim
602 2800 668 2820 vera
694 2793 851 2820 eontitendo
879 2793 980 2826 dicam,

190 2838 328 2865 neminem
344 2846 389 2866 me
402 2838 556 2873 adjutorem
567 2839 639 2866 inter
652 2839 777 2867 homines
792 2838 980 2871 inventurum,

225 2916 246 2932 "
267 2915 340 2944 [‘sal.
357 2925 386 2950 ιι,
401 2917 427 2944 8.
466 2917 489 2934 ⁸⁸
504 2916 618 2945 Zachar.
639 2925 668 2951 ιι,
682 2918 730 2951 10,
750 2919 790 2947 tl.

1034 2423 1185 2460 ἐπιστρέψῃ
1200 2424 1215 2449 ὁ
1231 2422 1295 2454 λαὸς
1311 2423 1351 2453 εἱς
1366 2422 1466 2457 κρίσιν,
1484 2421 1618 2449 ἀποδώσει
1630 2421 1737 2456 ἑκάστῳ
1757 2421 1829 2449 κατᾶ

1033 2469 1067 2496 τὰ
1082 2468 1150 2504 ἔργα
1165 2468 1264 2495 αὑτοῦ·
1281 2468 1328 2495 καὶ
1338 2468 1375 2499 ὼς
1392 2467 1474 2501 δεξιοὶ
1487 2468 1630 2503 στήσονται
1652 2466 1765 2503 πλησίον
1779 2467 1830 2503 τῆς

1033 2515 1114 2542 αὑτοῦ
1136 2514 1311 2549 δικαιοσύνης
1331 2515 1431 2546 πάντες
1448 2514 1473 2540 οι
1497 2513 1585 2545 εὐθεῖς
1606 2515 1639 2549 τῇ
1661 2513 1761 2549 καρδίᾳ.
1781 2513 1831 2540 σὺν

1032 2561 1108 2597 αὑτῷ
1121 2561 1160 2597 τῷ
1171 2561 1266 2597 Κυρίῳ
1276 2561 1325 2593 τὰς
1339 2560 1480 2596 διατριὸὰς
1491 2561 1521 2587 ὲν
1533 2561 1567 2596 τῇ
1585 2559 1708 2595 βασιλείᾳ
1723 2559 1778 2586 τῶν
1789 2559 1832 2586 οὐ·

1035 2607 1122 2643 ρανῶν
1139 2606 1325 2642 ποιησόμενοι,
1339 2606 1387 2633 καὶ
1400 2607 1489 2633 πᾶσαν
1505 2605 1595 2633 αὐτῶν
1610 2605 1659 2640 τὴν
1671 2603 1744 2640 ζωὴν
1754 2603 1831 2640 αὐτῷ

1033 2654 1284 2691 παραστησόμενοι.
1300 2653 1411 2684 Τούτοις
1427 2652 1476 2688 μὲν
1488 2650 1536 2679 οὖν
1552 2651 1710 2683 ἐπίστευσα,
1722 2651 1769 2677 καὶ
1786 2659 1826 2677 πι-

1034 2700 1148 2732 στεύσας
1165 2700 1351 2737 παρεκλήθην.
1371 2699 1450 2726 Ἀλλὰ
1462 2698 1530 2730 τέως
1546 2698 1616 2725 κατὰ
1631 2700 1676 2725 τὸν
1693 2697 1830 2724 ἐνεστῶτα

1034 2746 1129 2781 καιρὸν
1141 2746 1184 2778 τίς
1204 2746 1275 2782 ὑπὲρ
1287 2747 1354 2781 ὲμου
1371 2745 1499 2781 στήσεται
1520 2744 1591 2772 κατὰ
1606 2744 1661 2771 τῶν
1678 2752 1829 2780 πονηρευο-

1036 2793 1138 2828 μένωνς
1152 2793 1169 2829 ἢ
1181 2793 1223 2825 τίς
1236 2792 1343 2824 ἔκδικος
1356 2791 1620 2828 συμπαραστήσεταί
1635 2800 1680 2827 μοι
1700 2791 1747 2818 ἐπὶ
1766 2791 1830 2823 τοὺς

1035 2837 1235 2875 ἐργαζομένους
1258 2838 1308 2875 τὴν
1331 2838 1463 2875 ἁνομίαν;
1489 2837 1569 2865 Ἀλλὰ
1590 2837 1643 2874 γὰρ
1667 2836 1770 2874 εἴποιμ’
1795 2835 1831 2865 ἂν
