4074 6378
406 372 546 431 1205

1564 372 2065 431 COMMENTARIA
2103 370 2168 426 IN
2208 353 2542 428 PSALMOS.

3518 373 3657 429 12%

407 488 680 559 ὀμολογῶν
705 485 934 559 τάληθῆ,
965 486 1166 559 μηδένα
1194 486 1384 559 βοηθὸν
1409 489 1466 541 ἐν
1491 487 1795 561 ἀνθρώποις
1819 488 1984 559 εὑρή-

2094 501 2365 556 unumque
2391 492 2603 539 tantum
2635 486 3033 552 auxiliatorem,
3084 486 3374 543 Dominum
3422 487 3656 552 scilicet,

411 593 524 631 σειν
548 575 789 649 ἐμαυτῷ,
828 576 923 628 ἐνα
946 575 1002 628 δὲ
1031 576 1188 647 μόνον
1227 577 1515 647 ἐπίκουρον
1551 576 1869 647 κεκτῆσθαι,
1893 576 1985 629 τὸν

410 672 637 743 Κύριον,
663 669 723 733 ὃς
759 670 808 721 εἰ
836 666 911 739 μὴ
960 667 1280 740 βεόοηθήκει
1309 687 1418 741 μοι,
1448 669 1614 723 πάλαι
1653 668 1717 723 ἂν
1742 668 1847 722 ὑπὸ
1879 667 1987 721 τῶν

410 760 858 834 πονηρευομὲνων
882 759 1107 813 καὶτῶν
1132 759 1512 832 ἐργαζομένων
1530 762 1629 832 τὴν
1652 761 1880 832 ἀνομίαν
1904 777 1990 814 νε-

417 854 702 926 νικημένος
747 854 824 925 τῷ
848 853 947 927 ᾄδῃ
988 854 1299 927 παρῴκουν,
1336 854 1506 925 αὐτῆς
1546 870 1649 925 μου
1680 854 1779 925 τῆς
1812 852 1990 924 ψυχῆς

412 945 631 1016 καὶτῆς
653 944 895 1016 λογικῆς,
923 948 1019 1000 καὶ
1057 947 1158 1017 τῆς
1183 947 1303 999 κατ’
1328 946 1512 999 είκόνα
1536 942 1672 999 Θεοῦ
1696 945 1991 1017 γενομένης

411 1036 620 1100 οὐσίας,
640 1037 729 1091 τὸν
757 1038 981 1092 θάνατον
1005 1037 1101 1090 καὶ
1124 1036 1214 1090 τὸν
1230 1034 1363 1109 ᾅδην
1385 1037 1576 1109 οἰκητή
1586 1053 1699 1107 ριον
1720 1033 1992 1107 λαχούσης

413 1127 579 1197 ἔχειν.
606 1128 790 1183 Ταῦτα
813 1129 857 1183 δ’
882 1125 974 1183 οὖν
1013 1129 1213 1183 ἔπαθον
1239 1130 1327 1194 ἂν,
1371 1131 1419 1183 εί
1449 1130 1523 1201 μὴ
1550 1128 1712 1192 αὐτὸς
1734 1130 1763 1182 ὀ
1790 1127 1992 1201 Κύριος

413 1219 701 1292 παραστὰς
722 1220 1045 1293 βεϐοηθήκει
1066 1237 1175 1293 μοι.
1206 1220 1275 1277 Εἴ
1291 1238 1421 1275 ποτε
1442 1220 1573 1290 γοῦν
1597 1219 1992 1293 πειραζόμενος

413 1312 473 1365 ἐν
495 1315 607 1376 τοῖς
653 1312 858 1382 ἀγῶσιν
894 1313 1266 1385 ἀντελαϐὀμην
1304 1311 1589 1376 ἀσθενείας
1631 1311 1889 1384 ἐμαυτοῦ,
1916 1312 1992 1378 ὡς

413 1402 744 1457 κινδυνεύειν
788 1403 1113 1476 σαλευθῆναι
1149 1407 1274 1469 τοὺς
1298 1405 1464 1470 πόδας
1497 1406 1597 1476 τῆς
1634 1405 1772 1477 ἐμῆς
1795 1406 1990 1478 ψυχῆς,

412 1495 659 1566 ὁμολογῶ
684 1498 1026 1570 παραχρῆμα
1048 1499 1142 1552 τοῦ
1167 1498 1350 1562 ἐλέους
1376 1516 1490 1562 σου,
1517 1498 1708 1572 Κύριε,
1744 1499 1995 1572 αἴσθησιν

415 1587 716 1659 εἰληφέναι,
756 1590 849 1643 καὶ
875 1589 980 1642 ὑπὸ
1006 1589 1098 1645 σοῦ
1133 1589 1492 1663 βεδοηθῆσθαι
1511 1607 1525 1622 ο
1564 1591 1640 1655 ὡς
1663 1592 1712 1645 εί
1741 1590 1814 1663 μὴ
1836 1593 1995 1647 τοῦτό

420 1695 510 1750 μοι
542 1679 724 1751 παρῆν
771 1680 1131 1754 ὑποστηρίζον
1179 1699 1280 1753 μου
1320 1681 1445 1746 τοὺς
1483 1681 1668 1746 πόδας,
1718 1682 1885 1737 πάλαι
1927 1682 1994 1738 ἂν

415 1766 708 1840 ὀλισθήσας
753 1770 1093 1825 ἐπεπτώκειν
1128 1772 1236 1825 ἀπὸ
1286 1771 1385 1843 τῆς
1418 1772 1569 1844 παρά
1609 1773 1693 1826 σοὶ
1730 1774 1990 1838 στάσεως.

416 1858 532 1913 Νῦν
559 1857 616 1915 δὲ
639 1861 699 1914 τὸ
726 1861 872 1927 ἔλεός
893 1881 1007 1929 σου,
1033 1865 1225 1937 Κύριε,
1250 1863 1429 1919 δίδωσί
1451 1882 1539 1937 μοι
1564 1866 1875 1939 παρρησίαν
1897 1865 1993 1920 τοῦ

415 1948 623 2018 λέγειν·
667 1951 978 2020 Ἕστησας
1026 1953 1125 2007 ἐπὶ
1175 1954 1399 2022 πέτραν
1440 1955 1581 2022 τοὺς
1628 1955 1818 2023 πόδας
1851 1973 1992 2027 μου,

417 2040 519 2096 καὶ
555 2045 931 2113 κατηύθυνας
954 2046 1026 2100 τὰ
1061 2045 1391 2118 διαδήματα
1408 2065 1546 2117 μου.

487 2155 650 2211 Κατὰ
676 2155 744 2210 τὸ
774 2155 1007 2226 πλῆθος
1036 2157 1155 2212 τῶν
1178 2156 1410 2213 ὀδυνῶν
1431 2176 1550 2228 μου
1571 2158 1642 2213 ἐν
1675 2156 1751 2229 τῇ
1777 2158 1992 2230 καρδίᾳ

411 2266 534 2318 μου
573 2251 633 2305 al
680 2249 1092 2319 παρακλήσεις
1124 2267 1240 2305 σου
1282 2251 1599 2320 ηὐφρανιιν
1639 2251 1756 2321 τὴν
1786 2250 1997 2321 ψυχήν

412 2359 553 2410 μου.
589 2341 664 2395 Οὐ
705 2341 864 2412 μόνον
888 2345 1001 2406 τοῖς
1048 2341 1173 2396 ποσί
1203 2358 1304 2415 μου
1334 2342 1396 2397 τὺ
1443 2342 1594 2407 ἔλεός
1630 2360 1722 2397 σου
1767 2342 1996 2415 δύναμιν

420 2435 649 2504 παρεῖχε
676 2433 811 2505 πρὸς
847 2438 908 2489 τὸ
938 2434 1012 2507 μὴ
1049 2435 1394 2507 σαλευθῆναι,
1427 2435 1550 2490 ούδέ
1591 2435 1806 2508 μόνονή
1846 2437 1995 2508 παρά

421 2525 515 2578 σοῦ
542 2526 762 2600 βοήθεια
801 2527 900 2598 τὴν
925 2526 1062 2599 ἐμὴν
1100 2528 1425 2599 κατεκράτει
1457 2527 1637 2600 ψυχὴν
1679 2528 1811 2601 πρὸς
1835 2527 1895 2582 τὸ
1921 2528 1995 2601 μὴ

420 2616 755 2687 παροικῆσαι
787 2617 864 2689 τῷ
888 2617 990 2689 ᾅδῃ
1010 2634 1025 2650 ’
1053 2617 1189 2672 ἀλλά
1213 2620 1305 2673 καὶ
1346 2618 1413 2683 ἃς
1453 2618 1647 2692 ἔφερον
1673 2621 1730 2673 ἐν
1754 2622 1822 2691 τῇ
1862 2635 1997 2689 καρ-

416 2706 506 2779 δίᾳ
533 2724 634 2778 μου
650 2707 862 2773 ὀδύνας,
883 2708 940 2761 αἱ
964 2708 1114 2780 παρά
1136 2708 1230 2762 σοῦ
1248 2709 1617 2781 παρακλήσεις
1642 2708 1993 2783 ἐθεράπευον,

417 2798 716 2871 ἀπορρήτῳ
745 2798 970 2868 δυνάμει
994 2798 1093 2870 τῆς
1128 2797 1228 2869 σῆς
1253 2801 1620 2872 χρηστότητος
1656 2800 1997 2872 παρακαλού-

420 2906 520 2960 σης
545 2907 648 2961 μου
671 2890 768 2962 τὴν
791 2890 969 2964 ψυχήν
993 2890 1086 2944 καὶ
1110 2890 1446 2963 εὐφροσύνης
1468 2891 1635 2963 αὐτὴν
1661 2892 1766 2963 πλη
1775 2891 1991 2964 ρούσης.

419 2980 555 3035 Οὐδὲ
578 2981 687 3054 γάρ
715 2983 813 3053 μία
835 2999 919 3046 τις
942 2978 1009 3053 ἦν
1035 2981 1399 3054 παράκλησις,
1424 2983 1546 3037 οὐδὲ
1586 2983 1832 3055 δευτέρα,
1859 2982 1994 3039 ἀλλά

419 3069 639 3134 πλείους
664 3072 759 3124 καὶ
777 3069 1059 3133 τοσαῦται,
1084 3071 1206 3124 ὅσαι
1228 3066 1296 3142 ἦν
1320 3069 1551 3143 ἀριθμὸς
1565 3071 1672 3125 τῶν
1691 3073 1749 3127 ἐν
1769 3074 1836 3144 τῇ
1860 3090 1995 3145 καρ-

2090 584 2378 629 nacturum
2407 590 2532 631 esse
2559 594 2573 630 :
2606 576 2698 646 qui
2727 576 2836 632 nisi
2862 576 2993 630 mihi
3016 577 3314 647 cpitulatus
3346 585 3515 640 esset,
3541 578 3656 647 jam

2089 665 2298 736 pridem
2335 679 2365 719 a
2396 664 2821 736 malignantibus
2842 673 2896 721 et
2923 667 3279 734 operantibus
3310 667 3656 739 iniquitatem

2094 756 2369 820 devictus,
2394 758 2450 811 in
2494 755 2714 811 inferno
2738 756 3092 821 babitassem,
3144 759 3431 830 animaque
3457 775 3575 814 mea
3605 768 3661 814 et

2090 847 2182 901 illa
2211 846 2550 903 rationabilis
2570 848 2637 903 ad
2662 847 2952 920 imaginem
2978 849 3073 905 Dei
3094 849 3370 905 ellormata
3398 852 3660 906 substan-

2089 938 2186 1001 tia,
2238 949 2470 993 mortem
2525 947 2581 994 et
2645 938 2917 993 infernum
2973 940 3031 996 in
3078 940 3412 997 domicilium
3466 944 3661 999 sortita

2088 1035 2255 1084 esset.
2288 1027 2414 1084 llaec
2454 1044 2588 1085 sane
2645 1045 2842 1101 passus
2883 1046 3085 1097 essem,
3143 1033 3250 1089 nisi
3309 1041 3495 1090 astans
3544 1035 3664 1104 ipse

2092 1118 2355 1176 Dominus
2401 1121 2697 1178 auxiliatus
2747 1123 2876 1177 mibi
2937 1131 3098 1180 esset.
3169 1123 3470 1195 Siquando
3500 1126 3665 1196 igitur

2092 1212 2148 1267 in
2175 1212 2566 1269 certaminibus
2596 1221 2868 1279 tentatus,
2946 1214 3261 1271 Inﬁrmitate
3309 1231 3428 1272 mea
3482 1232 3665 1271 corre-

2090 1311 2218 1374 ptus
2249 1303 2465 1369 fuerim,
2500 1304 2575 1358 ita
2599 1312 2659 1359 ut
2681 1305 2984 1376 periculum
3012 1313 3159 1362 esset
3189 1323 3257 1362 ne
3272 1309 3438 1379 pedes
3472 1310 3667 1364 animae

2093 1409 2227 1448 mete
2254 1400 2769 1462 commoverentur;
2797 1393 2974 1450 lateor
3004 1410 3092 1451 me
3117 1396 3324 1461 statim,
3350 1412 3384 1451 ο
3417 1395 3664 1461 Domine,

2091 1484 2529 1540 misericordiam
2576 1486 2820 1541 sensisse
2850 1493 3024 1550 tuam,
3069 1501 3134 1542 ac
3179 1502 3282 1558 ope
3334 1495 3427 1542 tua
3471 1487 3664 1542 fultum

2097 1588 2242 1630 esse.
2271 1573 2404 1641 Quae
2433 1575 2480 1630 si
2502 1575 2635 1630 mihi
2667 1592 2778 1631 non
2836 1577 3165 1645 adfuissent,
3195 1593 3293 1633 nec
3323 1578 3486 1647 pedes
3516 1594 3669 1635 meos
3731 1601 3747 1612 -

2094 1672 2525 1734 sustentassent;
2559 1666 2669 1737 iam
2702 1667 2831 1722 olim
2851 1669 3038 1740 lapsus
3066 1683 3097 1722 a
3139 1684 3259 1723 mea
3311 1668 3454 1739 apud
3497 1676 3668 1725 testa-

2103 1759 2253 1813 tione
2284 1758 2629 1815 decidissem.
2698 1758 2854 1817 Nunc
2910 1769 3087 1815 autem
3132 1760 3508 1816 misericordia
3552 1769 3664 1828 tua,

2024 1829 2067 1886 Β
2096 1847 2343 1916 Domine,
2378 1849 2628 1905 ﬁduciam
2656 1851 2789 1906 mibi
2812 1858 3032 1921 praestat
3059 1850 3128 1905 ad
3160 1851 3272 1907 haec
3295 1851 3619 1922 proferenda
3648 1869 3662 1904 :

2095 1938 2346 1994 Statuisti
2371 1956 2534 2010 supra
2560 1949 2764 2010 petram
2796 1940 2949 2009 pedes
2972 1958 3136 2008 meos,
3166 1953 3216 1997 et
3261 1943 3503 1998 direxisti
3531 1960 3669 2016 gres-

2093 2047 2183 2086 sus
2211 2047 2348 2087 meos
2372 2031 2437 2087 “.

2165 2141 2336 2200 Vens.
2371 2141 2458 2198 i9.
2492 2141 2791 2200 Secundum
2823 2144 3217 2201 multitudinem
3252 2144 3497 2199 dolorum
3528 2162 3671 2201 meo-

2096 2252 2214 2290 rum
2240 2236 2294 2290 in
2318 2235 2473 2291 corde
2521 2253 2657 2303 meo,
2701 2238 3083 2292 consolationes
3119 2247 3223 2293 tute
3266 2237 3668 2308 laeti/icaverunt

2096 2329 2333 2382 animam
2377 2344 2569 2383 meam.
2597 2326 2718 2383 Non
2761 2329 2938 2385 solum
2970 2328 3202 2400 pedibus
3254 2330 3393 2385 meis
3453 2330 3669 2386 miseri-

2096 2420 2284 2475 cordia
2312 2426 2406 2474 tua
2437 2420 2583 2476 vires
2618 2419 2848 2484 addidit,
2879 2428 2939 2476 ut
2982 2436 3093 2475 non
3139 2429 3617 2477 commoverentur
3653 2464 3667 2476 .

2094 2529 2270 2584 neque
2303 2513 2680 2568 tantummodo
2723 2514 2984 2568 auxilium
3015 2522 3168 2568 tuum
3214 2514 3453 2570 animam
3493 2529 3669 2570 meam

2095 2604 2402 2675 occupavit,
2442 2611 2505 2659 ut
2546 2620 2655 2659 non
2689 2604 2959 2659 habitaret
2998 2606 3054 2661 in
3095 2603 3346 2674 inferno;
3381 2606 3475 2662 sed
3505 2606 3670 2663 etiam

2095 2697 2334 2760 dolores,
2357 2710 2496 2766 quos
2522 2696 2577 2750 in
2611 2695 2776 2752 corde
2816 2712 2937 2752 meo
2972 2697 3092 2761 tuli,
3138 2698 3542 2754 consolationes
3566 2707 3672 2751 tua

2096 2787 2418 2854 allevat-unt,
2442 2800 2640 2841 arcana
2672 2787 2972 2843 clementia:
3005 2796 3111 2844 tua
3133 2789 3183 2843 vi
3218 2790 3453 2843 animam
3491 2803 3670 2843 meam

2094 2882 2433 2945 consolante,
2478 2879 2764 2950 ipsamque
2806 2880 3005 2951 gaudio
3063 2880 3321 2951 replente.
3362 2878 3481 2934 Non
3523 2880 3668 2932 enim

2094 2985 2203 3026 una
2241 2970 2566 3037 consolatio,
2602 2984 2708 3027 non
2736 2970 2906 3024 altera
2941 2978 3150 3025 tantum
3185 2970 3391 3034 adluit,
3423 2967 3518 3025 sed
3547 2969 3671 3039 plu-

2095 3078 2207 3131 res,
2231 3078 2294 3117 ac
2312 3070 2392 3117 tot
2416 3076 2667 3125 numero,
2685 3070 2819 3133 quot
2843 3062 2896 3116 in
2913 3061 3078 3117 corde
3106 3077 3226 3116 meo
3248 3061 3464 3117 dolores
3490 3069 3667 3116 erant.

417 3158 509 3231 δίᾳ
536 3176 635 3232 μου
660 3159 876 3215 ὀδυνῶν.
919 3160 1258 3232 Ἐφαμίλλως
1283 3161 1413 3230 γοῦν
1435 3164 1556 3227 ταῖς
1587 3165 1747 3234 ἐμαῖς
1787 3163 1998 3229 ὀδύναις

2098 3154 2359 3211 Certatim
2389 3155 2575 3224 itaque
2614 3170 2713 3225 pro
2746 3168 2973 3208 numero
3006 3146 3278 3218 dolorum,
3314 3151 3383 3206 ad
3425 3151 3672 3222 singulos

418 3251 518 3316 τὰς
532 3252 682 3325 παρά
703 3251 797 3306 σοῦ
824 3270 915 3325 μοι
938 3255 1196 3327 παρεῖχες
1211 3254 1582 3327 παρακλήσεις
1601 3255 1736 3327 πρὸς
1761 3256 2001 3327 ἑκάστην

418 3342 633 3416 ὀδύνην,
660 3343 850 3419 ὥσπερ
874 3363 926 3399 τι
959 3345 1247 3418 φάρμακον
1281 3347 1546 3419 σωτήριον
1573 3345 1671 3419 τὴν
1697 3346 1796 3419 σὴν
1825 3347 1996 3418 παρά-

419 3434 615 3508 κλησιν
673 3437 1018 3510 προσφέρων,
1067 3439 1161 3492 καὶ
1206 3437 1395 3511 ὥσπερ
1441 3437 1652 3492 πλείοσι
1695 3438 1992 3510 τραύμασι,

419 3527 639 3591 πλείους
677 3529 898 3592 καὶτὰς
949 3528 1243 3600 θεραπείας
1283 3529 1594 3599 προσάγων.
1624 3530 1893 3584 Τοιούτων
1937 3531 1996 3585 δὲ

420 3619 824 3692 παρακλήσεων
847 3622 876 3673 ό
901 3619 1041 3684 θεῖος
1081 3620 1403 3684 Ἀπόστολος
1442 3621 1992 3693 ἀντιλαμϐανόμενος,

422 3709 659 3779 ἔφασκεν
678 3726 693 3740 ο
735 3708 1079 3781 Εὐλογητὸς
1103 3711 1135 3763 ό
1165 3708 1328 3775 Θεὸς,
1353 3713 1387 3763 ό
1420 3711 1620 3778 Πατὴρ
1646 3709 1764 3764 τῶν
1785 3713 1998 3779 οἰκτιρ-

415 3799 570 3872 μῶν,
615 3799 715 3853 καὶ
754 3799 898 3866 Θεὸς
928 3798 1132 3868 πάσης
1172 3798 1626 3869 παρακλήσεως,
1667 3803 1701 3855 ό
1730 3815 1998 3871 παρακα-

420 3890 552 3947 λῶν
578 3890 745 3962 ἡμᾶς’
768 3891 840 3946 ἐν
868 3890 1037 3960 πάσῃ
1072 3890 1148 3961 τῇ
1176 3893 1377 3962 θλίψει
1405 3889 1594 3962 ἡμῶν,
1620 3894 1708 3958 είς
1729 3893 1796 3947 τὸ
1819 3892 1998 3947 δύνα-

423 3984 567 4039 σθαι
591 3980 745 4052 ἡμᾶς
786 3982 1156 4051 παρακαλεῖν
1191 3983 1333 4051 τοὺς
1361 3983 1433 4037 ἐν
1462 3983 1632 4053 πάσῃ
1663 3984 1867 4054 θλίψει
1897 3983 1996 4039 διὰ

421 4073 537 4143 τῆς
564 4073 1021 4143 παρακλήσεως,
1038 4071 1115 4146 ἧς
1137 4076 1638 4145 παρακαλούμεθα
1675 4076 1845 4131 αὐτοὶ
1876 4075 1995 4132 ὑπὸ

421 4163 534 4219 τοῦ
586 4163 754 4218 Θεοῦ.
801 4166 921 4219 Ὅτι
966 4164 1127 4220 καθὼ
1175 4167 1519 4235 περισσεύει
1565 4166 1638 4221 τὰ
1680 4167 1997 4237 παθήματα

419 4255 534 4310 τοῦ
555 4254 812 4324 Χριστοῦ
841 4257 914 4310 ὲν
934 4255 1098 4326 ἡμῖν,
1127 4255 1278 4310 οὕτω
1324 4258 1662 4337 περισσεύει
1699 4256 1798 4311 καὶ
1827 4259 1865 4325 ἠ
1889 4273 1999 4312 πα-

412 4346 721 4419 ράκλησις
757 4348 944 4419 ἡμῶν.
972 4351 1082 4404 Καὶ⁸
1116 4345 1185 4422 ῆν
1218 4350 1284 4404 ἂν
1318 4351 1492 4404 εἰπεῖν
1516 4351 1653 4422 πρὸς
1677 4351 1867 4415 ταῦτα,
1896 4367 1996 4423 με·

422 4437 726 4494 ταόαλόντα
746 4440 827 4494 τόο
862 4440 986 4496 Οὐκ
1008 4440 1147 4508 ἄξια
1168 4442 1242 4497 τὰ
1258 4441 1571 4511 παθήματα
1608 4442 1714 4497 τοῦ
1738 4442 1855 4497 νῦν
1875 4460 1998 4496 και-

415 4529 535 4599 ροῦ
568 4528 719 4597 πρὸς
742 4528 857 4598 τὴν
885 4529 1237 4600 μέλλουσαν
1281 4531 1471 4599 δόξαν
1496 4532 1998 4603 ἀποκαλυφθῆναι

424 4622 514 4686 είς
553 4617 731 4689 ἡμᾶς,
766 4620 844 4675 τό’
873 4621 987 4675 Ούκ
1024 4622 1171 4688 ἀξιον
1196 4624 1256 4677 τὸ
1294 4623 1496 4696 πλῆθος
1528 4623 1637 4677 τῶν
1660 4623 1859 4678 ὀδυνῶν
1889 4623 1999 4679 τῶν

425 4714 487 4767 ἐν
511 4715 577 4784 τῇ
603 4714 801 4785 καρδίᾳ
823 4731 924 4785 μου
958 4715 1094 4787 πρὸς
1118 4716 1216 4782 τὰς
1248 4717 1617 4789 παρακλήσεις
1657 4734 1772 4783 σου,
1798 4712 1842 4771 ὦ
1881 4717 1997 4773 Κύ-

428 4821 536 4876 ριε,
562 4806 649 4875 ἐφ’
669 4799 757 4869 αἷς
772 4805 1054 4877 ηῦφρανας
1072 4805 1172 4877 τὴν
1186 4805 1363 4876 ψυχήν
1387 4824 1508 4876 μου.
1527 4807 1590 4860 Et
1604 4806 1661 4860 δὲ
1684 4808 1769 4877 ἐφ’
1792 4807 1997 4879 ἑκάστῃ

426 4889 593 4970 ὀδύνῃ
617 4896 1013 4968 παρακαλεῖται
1045 4914 1129 4961 τις
1154 4896 1258 4949 ὑπὸ
1299 4895 1394 4950 τοῦ
1422 4895 1579 4962 Θεοῦ,
1603 4897 1696 4950 καὶ
1721 4896 1822 4968 τῆς
1847 4897 1998 4969 παρὰ

424 4988 524 5042 τοῦ
552 4987 685 5043 Θεοῦ
710 4987 1043 5060 εὐφροσύνης
1070 4986 1417 5053 καταξιοῦταί
1439 5004 1541 5051 τις*
1569 4988 1669 5041 οὐκ
1694 4986 1759 5064 ἀν
1787 4987 2001 5054 εὔξαιτο

426 5078 518 5134 διὰ
544 5080 676 5134 Θεὸν
708 5079 924 5143 πλείους
956 5078 1246 5149 ὑπομένειν
1286 5077 1495 5142 ὀδύνας,
1520 5077 1597 5141 ὡς
1638 5077 1704 5132 ἂν
1741 5079 2001 5133 πλειόνων

426 5173 686 5244 τυγχάνοι
723 5171 1134 5243 παρακλήσεων,
1162 5170 1255 5225 καὶ
1289 5170 1548 5225 πλειόνων
1572 5169 1678 5226 τῶν
1714 5172 1807 5225 ἐπὶ
1828 5171 2002 5227 ταῦτα

426 5263 777 5337 εὐφροσυνῶν
798 5281 814 5331 ;

501 5355 600 5426 Μὴ
626 5356 1079 5426 συμπροσέσται
1100 5369 1198 5409 σοι
1215 5356 1427 5423 θρόνος
1457 5355 1730 5426 ἀνομίας,
1749 5357 1782 5410 o'
1807 5353 2003 5410 πλάσ-

426 5465 562 5505 σων
590 5449 783 5502 κόπον
816 5449 915 5502 ἐπὶ
951 5448 1336 5518 πρόσταγμα;
1380 5447 1639 5514 Εἰκότως,
1667 5447 1819 5518 φησὶ,
1859 5445 2001 5501 κατά

426 5539 494 5594 τὸ
524 5538 726 5610 πλῆθος
750 5537 858 5595 τῶν
896 5538 1095 5594 ὀδυνῶν
1118 5538 1225 5593 τῶν
1264 5541 1321 5593 ἐν
1352 5541 1419 5609 τῇ
1454 5538 1655 5610 καρδίᾳ
1686 5554 1786 5608 μου
1810 5537 1869 5590 αἱ
1893 5552 2000 5590 πα-

431 5632 721 5706 ρακλήσεις
747 5646 841 5684 σου
878 5629 1158 5704 ηὕφραναν
1189 5630 1288 5702 τὴν
1322 5628 1500 5701 ψυχήν
1541 5644 1674 5701 μου.’
1706 5627 2001 5700 ἐπειδήπερ

2099 3249 2344 3321 singulas
2384 3248 2515 3303 mihi
2560 3245 2965 3303 consolationes
2999 3253 3120 3300 tuas
3149 3243 3435 3299 admovisti
3470 3261 3483 3297 :
3514 3243 3673 3313 quasi

2097 3343 2337 3400 salutare
2355 3340 2708 3412 pharmacum
2726 3337 3155 3393 consolationem
3173 3334 3433 3400 oll'erens,
3446 3332 3674 3404 θυμιδδὶ

2097 3432 2285 3489 multis
2312 3431 2629 3488 vulneribus
2676 3429 2842 3484 multa
2877 3427 3115 3483 remedia
3151 3423 3668 3494 inducensallujus-

2099 3525 2248 3581 modi
2273 3534 2453 3579 autem
2481 3521 2885 3578 consolationes
2905 3526 3100 3573 nactus
3128 3517 3349 3572 divinus
3375 3516 3671 3589 Apostolus
3715 3534 3729 3550 ·

2097 3615 2312 3672 dicebat
2352 3630 2367 3667 :
2412 3613 2728 3669 Benedictus
2774 3612 2915 3666 Deus
2956 3609 3121 3664 Pater
3162 3608 3667 3673 misericordiarum,

2095 3708 2238 3762 Deus
2259 3708 2421 3762 totius
2449 3706 2856 3768 consolationis,
2881 3704 2970 3774 qui
2990 3701 3297 3758 consolatur
3318 3718 3412 3759 nos
3442 3703 3509 3757 in,
3526 3703 3671 3756 omni

2098 3797 2436 3853 tribulatione
2465 3805 2649 3852 nostra
2691 3810 2710 3849 :
2746 3805 2803 3850 ut
2833 3795 3096 3865 possimus
3130 3812 3224 3850 nos
3259 3793 3526 3851 consolari
3561 3810 3670 3856 eos,

2095 3890 2183 3960 qui
2214 3890 2268 3942 in
2310 3888 2454 3943 omni
2490 3904 2741 3957 pressura
2785 3895 2930 3951 sunt,
2962 3902 3054 3956 per
3082 3889 3519 3949 consolationem,
3571 3902 3674 3955 qua

2096 3980 2436 4039 consolamur
2487 3981 2591 4050 ipsi
2638 3997 2671 4034 a
2723 3978 2852 4034 Deo.
2906 3978 3172 4046 Quoniam
3214 3980 3354 4034 sicut
3397 3978 3674 4034 abundant

2095 4074 2369 4144 passiones
2400 4070 2600 4129 Christi
2622 4072 2678 4125 in
2710 4070 2895 4136 nobis;
2930 4071 3005 4125 sic
3035 4068 3270 4123 abundat
3301 4079 3351 4123 ct
3376 4068 3671 4125 consolatio

2097 4176 2284 4222 nostra
2320 4167 2386 4220 ‘°.
2435 4166 2612 4236 Atque
2649 4165 2763 4219 hanc
2794 4164 2959 4218 verba
3011 4162 3274 4217 mutando
3322 4182 3335 4216 :
3385 4161 3509 4221 Non
3548 4172 3673 4216 sunt

2097 4260 2368 4331 condigna:
2394 4259 2668 4329 passiones
2699 4256 2855 4326 hujus
2885 4254 3135 4324 temporis
3168 4253 3236 4309 ad
3285 4256 3522 4326 futuram
3557 4255 3672 4325 glo-

2098 4354 2239 4408 riam
2272 4368 2388 4424 quaz
2425 4350 2740 4406 revelabitur
2774 4350 2827 4403 in
2857 4346 3008 4403 nobis
3045 4347 3128 4415 ⁵¹;
3161 4348 3242 4404 sic
3270 4347 3377 4404 dici
3409 4353 3621 4418 poterat
3655 4365 3668 4400 :

2098 4443 2220 4500 Non
2260 4451 2346 4500 est
2391 4442 2661 4513 condigna
2711 4439 3006 4496 multitudo
3035 4439 3288 4495 dolorum
3334 4453 3577 4493 meorum
3614 4438 3673 4495 in

2100 4535 2269 4591 corde
2305 4549 2447 4599 meo,
2484 4533 2552 4588 ad
2582 4532 2990 4588 consolationes
3019 4539 3160 4594 tuas,
3192 4529 3440 4592 Domine,
3472 4531 3672 4600 quibus

2099 4626 2383 4682 laetiﬁcasti
2414 4624 2651 4679 animam
2685 4639 2891 4679 meam.
2915 4622 3071 4689 Quod
3097 4623 3143 4678 si
3170 4622 3226 4676 in
3257 4621 3489 4691 singulis
3516 4621 3672 4675 dolo-

2100 4717 2255 4773 ribus
2293 4715 2418 4786 quis
2446 4729 2477 4768 a
2511 4712 2623 4769 Deo
2643 4713 3070 4771 consolationem
3102 4710 3355 4780 accipiat,
3384 4719 3438 4766 et
3464 4711 3672 4774 laetitia,

2101 4824 2225 4880 quae
2254 4822 2284 4861 a
2308 4805 2419 4862 Deo
2437 4812 2542 4870 est,
2574 4804 2860 4875 dignetur;
2884 4818 3065 4875 annon
3116 4809 3284 4871 optet.
3322 4816 3388 4856 ac
3415 4810 3669 4873 precetur

2102 4903 2304 4958 multos
2329 4916 2427 4972 pro
2466 4898 2576 4955 Deo
2604 4898 2821 4954 dolores
2853 4897 3145 4961 sustinere,
3202 4904 3263 4950 ut
3306 4897 3492 4966 plures
3540 4912 3675 4949 con-

2106 4993 2490 5051 solationeset
2536 4990 2722 5062 plures
2761 5004 2824 5045 ea
2854 4988 2922 5044 de
2959 4987 3679 5058 causa-laetitiasassequa-

2105 5096 2195 5142 tur
2214 5089 2237 5137 ’ί

2182 5349 2346 5405 Vsus.
2380 5349 2472 5404 20.
2509 5346 2957 5417 Nunquidaderit
2988 5344 3083 5399 tibi
3111 5344 3338 5399 thronus.
3358 5343 3676 5413 iniquitatis,

2107 5446 2199 5515 qui
2216 5443 2369 5515 ﬁngis
2393 5441 2627 5496 laborem
2655 5443 2710 5494 in
2730 5454 2984 5509 praxepto
3004 5441 3030 5494 Σ)
3051 5436 3205 5501 Jurc,
3234 5436 3433 5507 inquit,
3478 5451 3677 5491 secun-

2104 5535 2236 5607 dum
2266 5532 2666 5589 multitudinem
2699 5532 2946 5586 dolorum
2988 5544 3227 5586 meorum
3254 5528 3307 5582 in
3340 5527 3505 5582 corde
3534 5543 3676 5589 meo,

2108 5625 2510 5683 consolationes
2558 5632 2665 5680 tum
2715 5624 3122 5679 lwtiﬁcaveruut
3164 5620 3399 5676 animam
3458 5633 3681 5675 meam;

505 5788 549 5819 δ’
587 5787 729 5844 Psal.
764 5804 949 5853 usus,
986 5788 1037 5843 5.
1115 5787 1160 5819 '°
1198 5784 1238 5840 ll
1272 5783 1398 5842 Cur.
1436 5800 1485 5849 l,
1523 5784 1637 5840 5-5.
1716 5784 1757 5815 "
1802 5781 1958 5838 Rom.
1994 5797 2065 5849 ιι,
2108 5779 2189 5835 l8.
