2037 3191
206 168 275 195 12οῗ

563 169 697 197 EUSEBII
717 170 956 198 C/ESARIENSIS
976 169 1050 197 OPP.
1072 169 1162 197 PARS
1182 170 1227 197 111.
1249 155 1283 190 ί·-
1302 168 1507 197 EXEGETICA.

204 229 268 263 qula
293 228 343 256 tibi
363 228 427 257 Deo.
444 228 544 263 'ulpotc
565 230 642 263 justo
667 234 694 256 et
727 230 809 260 bono.
829 237 883 256 non
916 230 987 257 adest

1043 229 1073 255 σὺ
1090 228 1219 264 πρόσεστι
1239 237 1279 255 σοι
1296 227 1354 263 Θεῷ
1367 228 1423 254 δ’ντι
1443 226 1538 262 δικαίῳ
1560 226 1607 253 καὶ
1619 225 1719 261 ἀγαθῷ
1740 225 1839 261 Θρόνος

204 276 319 302 thronus
338 275 507 310 iniquitatis;
521 276 612 302 omnia
625 276 726 311 quippe
750 276 825 310 justo
844 276 948 310 judicio
963 280 991 302 et

203 325 278 347 recta
296 321 352 355 lege
368 320 547 348 administras
562 330 568 348 :
583 321 644 348 ideo
661 322 739 356 ﬁngis
754 321 870 348 laborem
883 322 908 348 in
919 329 989 355 prm-

201 370 293 400 cepto;
311 366 336 392 id
356 371 407 397 est,
429 371 594 402 praeceptum
613 372 688 394 tuum
707 368 815 395 labores
832 372 859 395 et
876 368 990 395 sudores

204 412 277 446 parit
297 413 333 440 ob
345 413 468 448 praemia.
489 422 549 448 quae
569 417 630 449 post.
652 414 772 441 laborem
801 419 910 441 strenue
941 414 988 441 de-

203 462 349 490 certantes,
365 460 491 486 alaeriter
510 464 537 487 ct
560 466 764 494 perseveranter
780 468 885 495 passos,
909 468 989 487 exce-

204 508 282 537 ptura
296 509 405 532 sunt.-
419 504 502 533 Vens.
519 506 550 532 2|
565 521 577 526 -
587 506 630 532 25.
654 505 823 533 Venabuntur
834 507 861 532 in
872 507 988 532 animant

198 550 276 584 justi,
297 555 322 578 et
343 552 497 587 sanguinem
526 552 687 579 innocentem
709 552 927 579 condemnabam.
953 552 988 578 Et

202 595 289 629 factus
305 601 343 623 est
367 598 430 624 mihi
446 597 573 624 Dominus
590 598 616 624 in
631 598 770 632 refugium,
785 603 810 624 et
825 598 896 625 Deus
916 606 988 625 metu

202 640 229 666 in
244 640 407 675 adjutoriunt
422 642 477 676 spei
497 651 569 669 metr.
587 642 618 669 Et
634 642 724 669 reddet
745 643 799 669 illis
823 643 988 677 iniquitatem

202 686 330 720 ipsorum,
345 692 370 714 et
388 687 528 714 secundum
547 687 678 715 malitiam
693 695 784 714 eorum
799 687 932 721 disperde!
943 695 987 715 eos

206 730 330 759 Dominus
357 732 427 759 Deus
443 738 539 760 noster.
567 733 654 767 lmpii,
672 733 721 764 ait.
746 733 840 759 laudiu
868 733 987 760 animam

158 802 163 805 .
199 776 268 810 justi
281 778 465 809 venabuntur,
487 778 590 812 laqueis
610 778 683 804 illam
707 781 734 804 et
750 777 853 804 retibus
869 777 986 804 circum-

200 821 308 853 dantes.
317 822 401 849 donec
415 824 574 858 sanguinem
586 823 754 850 innocentem
764 822 985 853 condemnantes.

200 875 261 894 rain
278 868 311 894 ad
337 872 452 897 mortem
473 877 560 904 usque
576 869 750 897 deduxerint.
774 869 832 896 Non
849 869 921 896 enim
944 873 987 896 sat

200 912 254 939 illis
270 917 334 940 sunt
355 914 460 941 inuicta:
481 915 668 949 pecuniarum.
687 922 774 949 neque
797 914 881 950 plagae
896 915 987 942 vulne-

200 967 284 994 raque
297 961 405 995 corpori
421 960 559 995 justorum
576 960 695 993 inﬂicta;
720 961 767 988 sed
784 961 865 988 etiam
890 959 987 986 mortis

201 1006 361 1033 seintentiaiu
385 1010 412 1032 et
433 1006 568 1033 calculum
587 1010 683 1033 contra
701 1007 761 1033 illos
778 1006 878 1034 lerunt.
893 1006 932 1034 Ac
948 1006 986 1033 illi

200 1051 309 1085 quidem
324 1052 360 1078 ita
375 1060 404 1079 se
417 1052 518 1079 habent
533 1060 539 1078 :
553 1059 604 1087 ego
622 1059 689 1079 vero
701 1060 760 1084 eos,
773 1052 837 1080 licet
851 1052 985 1086 ejusmodi

199 1097 453 1128 sint.conte'mnere
468 1099 581 1126 edoctus
605 1106 677 1130 sum,
699 1102 725 1126 et
749 1106 836 1133 usque
853 1098 887 1125 ad
912 1105 986 1125 mor-

199 1146 255 1170 tem
267 1151 328 1170 cum
345 1144 444 1171 ﬁducia
459 1145 619 1177 consistere,
635 1152 737 1180 gnarus
751 1152 795 1172 me
818 1152 866 1179 pro
881 1143 986 1179 refugio

201 1188 345 1216 Dominum
366 1189 477 1222 habere,
498 1194 524 1217 et
535 1198 585 1225 pro
597 1190 732 1225 adjutorio
748 1191 804 1225 spei
822 1198 888 1217 mea:
901 1189 985 1217 Deum

1003 899 1023 927 Β

200 1242 301 1262 meum.
321 1235 372 1269 Qui
394 1235 528 1271 refugium
548 1244 637 1263 meum
662 1236 785 1267 effectus,
812 1236 987 1262 auxiliabitur

200 1279 287 1313 mihi;
315 1280 342 1307 in
368 1285 449 1315 caput
468 1288 531 1308 vero
546 1288 640 1308 eorum
663 1281 710 1316 qui
735 1284 846 1315 captant
866 1280 985 1307 animam

198 1325 276 1359 justi.
296 1330 322 1353 et
346 1327 503 1361 sanguinem
521 1327 690 1354 innocentem
714 1326 907 1354 condemnant.
933 1325 986 1352 ini-

200 1372 331 1406 quitatem
355 1372 476 1407 ipsorum
498 1373 677 1408 rctorquebit.
693 1376 720 1399 et.
742 1372 873 1399 malitiam
891 1379 984 1398 eorum

199 1417 331 1445 adversus
339 1425 386 1446 eos
399 1418 569 1453 justijudicii
581 1422 702 1453 tempore
714 1421 864 1448 convertet,
878 1417 986 1452 quando

199 1463 337 1498 disperdet
359 1471 406 1491 eos
430 1464 560 1492 Dominus
585 1463 656 1491 Deus
679 1468 891 1498 nosterzquare
914 1461 986 1489 Deus

200 1509 335 1537 ultionum
349 1510 428 1538 initio
439 1510 538 1545 psalmi
553 1509 645 1538 dictus
660 1513 712 1537 est.

415 1597 452 1632 (Ι)
474 1595 637 1624 PSALMUS
654 1595 745 1624 XCIV.
998 1565 1020 1593 ϐ

241 1641 324 1670 Vens.
341 1642 366 1669 ί.
393 1642 481 1669 Venite
510 1641 669 1668 exsultemus
698 1640 820 1671 Domino.
841 1638 984 1674 jttbilemus

201 1689 256 1717 Deo
274 1688 408 1717 Saluatori
433 1692 533 1714 nostra.
555 1687 632 1722 Apud
656 1686 783 1714 Hebraos
802 1686 876 1713 nulla
899 1685 986 1713 fertur

201 1735 345 1770 inscriptio
361 1744 367 1761 :
386 1738 413 1761 et
429 1734 527 1760 merito
543 1740 627 1765 sane;
651 1740 740 1767 neque
756 1732 827 1759 enim
842 1735 986 1759 consenta-

200 1789 281 1809 neum
300 1785 368 1812 erat.
385 1784 415 1807 ut
430 1780 471 1807 vel
484 1780 617 1814 psalmus,
629 1778 671 1806 vel
691 1778 818 1813 hymnus.
838 1777 879 1804 vel
900 1776 986 1804 canti-

199 1835 263 1854 cum
277 1826 484 1857 lnscriberetur,
502 1833 564 1852 cum
580 1824 735 1852 Judazorum
752 1823 861 1858 quidem
877 1826 985 1858 gentem

201 1873 234 1900 ad
248 1872 459 1900 exsultationem
475 1875 580 1900 evocet.
599 1871 666 1906 ipsis
681 1876 771 1898 tamen
796 1870 986 1897 interminetur

200 1918 280 1948 iram,
296 1922 321 1945 et
334 1921 528 1953 prmceptorum
544 1916 621 1943 linem
632 1916 756 1943 tristibus
766 1913 983 1942 circumscribat.

201 1963 336 1990 Observes
352 1970 431 1998 porro
442 1963 531 1992 velim.
540 1962 627 1989 sicubi
636 1961 703 1988 alias
715 1961 741 1988 in
755 1959 896 1995 Scriptura
906 1959 983 1991 illud,

200 2009 294 2038 vertite.
309 2009 411 2036 dictum
427 2009 471 2038 sit.
487 2007 623 2043 quomodo
636 2015 684 2034 eos
694 2007 772 2042 quasi
788 2007 837 2033 abs
847 2013 875 2034 se
890 2005 986 2041 procul

201 2058 321 2081 remotos
340 2055 373 2081 ad
391 2053 572 2081 accedendum
590 2056 728 2088 provocet.
745 2050 813 2078 Nota
837 2052 899 2078 item
924 2057 985 2078 eam

200 2100 371 2127 vocationem
387 2107 495 2134 semper
508 2099 541 2126 ad
557 2099 657 2126 bonum
674 2097 785 2132 aliquod
799 2096 918 2132 dirigere
934 2105 940 2123 :
958 2098 987 2123 ut

201 2145 229 2172 in
245 2145 292 2173 illo
309 2154 316 2172 :
340 2145 439 2174 Venite.
461 2145 522 2179 ﬁlii,
538 2144 627 2171 audite
637 2152 677 2171 me
691 2144 732 2177 "',
748 2147 776 2172 es
797 2152 804 2170 :
822 2142 925 2174 Venite,
942 2150 987 2169 aa-

201 2190 341 2218 cendamus
358 2189 392 2216 ad
407 2195 519 2216 montem
536 2189 642 2216 Domini
652 2189 691 2221 ";
712 2192 740 2216 et
760 2198 767 2216 :
790 2188 879 2215 Venite
897 2188 930 2215 ad
947 2196 987 2215 me

201 2244 290 2263 omnes
305 2235 349 2271 qni
362 2234 490 2261 laboratis
506 2235 547 2268 ἰς
568 2239 595 2262 et
609 2242 616 2260 τ
638 2234 737 2266 Venite,
753 2234 880 2261 benedicti
896 2232 986 2260 Patris
1001 2235 1024 2263 ι)

203 2282 255 2308 mei
269 2281 303 2309 ".
325 2280 354 2307 lu
372 2280 423 2307 hoc
443 2283 532 2307 autem
549 2280 654 2314 psalmo
668 2280 743 2307 clare
767 2278 802 2306 ad
826 2278 986 2307 exsultatio-

200 2334 264 2354 nem
281 2326 373 2353 venire
388 2329 526 2360 provocat.
538 2325 629 2358 Quare
643 2324 772 2352 observes
786 2324 860 2356 item,
875 2330 932 2351 non
944 2330 986 2350 re-

201 2376 245 2399 cte
259 2371 394 2399 aestimare
412 2378 470 2402 eos.
499 2370 546 2405 qui
563 2371 659 2405 jugum
677 2369 820 2405 religionis
847 2369 927 2396 triste
953 2375 986 2395 ac

203 2416 347 2445 molestum
358 2424 420 2444 esse
433 2416 603 2444 arbitrantur
627 2425 634 2443 :
657 2416 690 2443 ad
707 2416 776 2443 bona
795 2415 896 2450 quippe
909 2419 937 2443 et
951 2414 984 2442 ad

203 2463 264 2489 laeta
278 2461 448 2489 vocationem
468 2461 535 2490 edit.
549 2460 598 2488 His
618 2468 761 2496 compares
774 2460 840 2487 illud
864 2469 870 2487 :
893 2459 986 2488 Diue-

199 2507 256 2535 dite
282 2508 309 2534 in
333 2507 418 2542 ignem
432 2511 558 2534 internum
580 2507 615 2538 ",
634 2510 662 2534 et
676 2505 787 2537 similia,
803 2513 864 2540 quae
880 2505 986 2533 ratione

203 2555 284 2588 longe
299 2552 435 2580 contraria
454 2556 481 2579 et
491 2552 599 2579 diversa
615 2551 650 2579 ab
674 2551 731 2583 illo,
750 2551 843 2582 venite,
865 2554 986 2585 peccato-

203 2598 281 2626 ribus
289 2597 428 2624 dicttntur.
444 2596 578 2630 Quoniam
592 2596 725 2623 bellorum
736 2599 859 2630 tempore
870 2596 987 2622 victores

202 2643 319 2678 jubilarc
340 2642 439 2671 solent.
457 2646 538 2676 atqtte
557 2641 642 2668 altum
662 2639 835 2668 conclamare
855 2640 987 2668 adversus

204 2689 345 2722 inimicos;
362 2693 514 2723 opportune
534 2695 588 2714 non
610 2686 691 2714 modo
707 2685 826 2722 gaudere
846 2689 873 2714 et
897 2686 988 2714 exsul-

203 2738 273 2765 tare,
290 2734 338 2762 sed
357 2733 440 2761 etiam
455 2733 489 2760 de
504 2736 581 2767 parta
605 2731 718 2759 salutari
735 2731 849 2758 victoria
870 2731 988 2766 jubilare

204 2780 336 2815 pracipit.
348 2779 417 2813 Quis
427 2782 516 2807 autem
531 2778 612 2806 fuerit
625 2777 750 2805 Salvator
762 2781 789 2805 et
802 2776 872 2805 Deus
883 2781 987 2810 noster,

1041 275 1171 309 ἀνομίας·
1186 275 1277 301 πάντα
1298 274 1352 309 γὰρ
1373 273 1462 308 κρίσει
1480 272 1572 308 δικαίᾳ⁵
1589 273 1636 298 καὶ
1656 271 1734 307 ὀρθῷ
1760 271 1838 308 νόμῳ

1039 321 1148 351 διοικεῖς
1158 328 1164 335 ·
1182 320 1222 346 διὸ
1234 318 1386 352 πλάσσεις
1402 320 1496 346 κόπον
1506 317 1553 345 ἐπὶ
1566 318 1758 352 πρόσταγμα,
1775 326 1839 344 του-

1040 365 1124 397 τέστι,
1138 365 1169 391 τὺ
1189 364 1353 400 πρόσταγμα
1379 372 1424 390 σου
1447 363 1538 390 κόπων
1553 362 1600 389 καὶ
1619 363 1757 397 καμάτων
1776 361 1837 389 ἐστὶ

1041 411 1181 446 ποιητικὸν
1206 410 1250 437 διὰ
1270 410 1318 441 τὰς
1347 409 1416 445 μετὰ
1435 410 1497 440 τοὺς
1518 409 1614 440 πόνους
1637 408 1839 443 διαδεξομένας

1039 457 1155 492 ἀμοιϐὰς
1162 457 1225 488 τοὺς
1235 455 1323 487 καλῶς
1333 455 1553 490 ἀγωνισαμένους
1562 454 1661 480 καὶτὸν
1669 453 1758 480 κόπον
1769 462 1838 489 προ-

1040 501 1133 537 θύμως
1148 502 1194 528 καὶ
1207 502 1322 533 εὐτόνως
1335 500 1542 536 ὑπομείναντας.
1558 499 1771 533 Θηρεύσοι·σιν
1784 497 1836 525 ἐπὶ

1039 547 1145 580 ψυχὴν
1158 546 1285 577 δικαίου,
1302 546 1350 572 καί
1370 544 1440 580 αζμα
1455 545 1552 572 ἀθῶον
1565 543 1838 571 καταδικάσονται.

1039 592 1093 619 Καὶ
1115 592 1233 627 ἐγένετό
1252 600 1303 626 μοι
1323 593 1431 625 Κύριος
1453 592 1495 623 είς
1519 589 1713 623 καταφυγὴν,
1739 588 1790 614 καί
1818 588 1837 615 δ

1040 639 1111 671 Θεός
1127 647 1186 672 μου
1197 639 1239 670 είς
1256 638 1372 671 ,βοηθὸν
1384 636 1507 669 ἐλπίδος
1520 645 1588 670 μου.
1606 634 1660 661 Καὶ
1677 633 1837 661 ἀποδώσεο

1038 684 1201 718 αὑτοῖς-τὴν
1208 684 1336 718 ἀνομίαν
1347 683 1455 714 αὐτῶν,
1466 682 1597 710 καὶκατὰ
1611 681 1666 714 τὴν
1678 680 1836 714 πονηρίαν

1037 729 1136 756 αὐτῶν
1155 729 1275 764 ἁφανιεῖ
1291 728 1402 761 αὐτοὺς
1425 728 1532 761 Κύριος
1553 728 1569 753 ὁ
1592 726 1663 759 Θεὸς
1684 723 1786 760 ὴμῶν.
1802 724 1837 751 οι

1039 776 1089 811 μὲν
1102 776 1220 807 ἁσεὸεῐς,
1235 775 1326 810 φησὶν,
1339 774 1384 800 ἐπὶ
1394 773 1520 800 τοσοῦτον
1531 772 1579 808 τὴν
1592 771 1638 798 τοῦ
1659 770 1769 797 δικαίου
1783 769 1836 804 ψυ-

1037 822 1087 857 χὴν
1101 821 1261 857 θηρεύσουσι
1275 819 1384 854 παγίσιν
1401 818 1484 854 αὐτὴν
1501 818 1548 845 καὶ
1563 817 1680 848 δικτύοις
1695 815 1834 851 περιὸἁλ-

1037 868 1137 899 λοντες,
1151 867 1203 895 ἓως
1218 867 1262 893 ἦτε
1284 865 1331 892 καὶ
1346 864 1548 901 μέχριθανέιτου
1567 862 1771 898 περιελάσωσιν
1783 861 1834 888 αὺ-

1037 914 1096 949 τὴν,
1113 910 1182 948 αἷμα
1194 912 1280 939 ἀθῶον
1293 909 1527 946 καταδικάζοντες.
1543 910 1599 936 Οὐκ
1613 907 1766 944 ἀρκοῦνται
1775 906 1835 944 γὰρ

1037 962 1095 991 ταῖς
1107 960 1151 987 διὰ
1160 960 1308 996 χρημάτων
1320 959 1439 994 ζημίαις.
1452 957 1511 984 οὐδὲ
1524 958 1583 988 ταῖς
1593 956 1663 983 κατὰ
1674 955 1724 982 τοῦ
1739 954 1833 990 σώμα-

1036 1015 1081 1037 τος
1095 1005 1148 1031 τῶν
1169 1005 1281 1032 δικαίων
1304 1004 1422 1039 πληγαῖς
1437 1011 1467 1029 τε
1491 1003 1537 1029 καὶ
1560 1001 1673 1033 αἰκὶαις,
1692 1001 1764 1028 ἀλλά
1785 1000 1833 1028 καὶ

1037 1052 1085 1087 τὴν
1100 1050 1145 1077 ἐπὶ
1166 1050 1272 1085 θανάτῳ
1296 1049 1383 1085 ψῆφον
1400 1048 1459 1076 κατ’
1480 1047 1569 1074 αὐτῶν
1591 1047 1751 1082 ἐκφέρουσι.
1770 1047 1820 1073 Κά»

1037 1097 1119 1122 κεῖνοι
1134 1094 1183 1130 μὶν
1197 1093 1325 1120 τοιοῦτοι·
1340 1093 1395 1127 ἐγὼ
1406 1094 1434 1120 δὲ
1447 1093 1494 1119 καὶ
1508 1092 1634 1118 τοιούτων
1647 1092 1835 1127 καταφρονεῖν

1039 1139 1216 1176 μεμαθηκὼς,
1232 1140 1277 1166 καὶ
1296 1139 1375 1175 μέχρι
1396 1138 1511 1165 θανάτου
1529 1137 1669 1173 εὐθαρσῶς
1688 1137 1830 1169 ἵστασθαι,

1037 1187 1113 1219 εἰδὼς
1130 1187 1201 1222 ἔχειν
1214 1185 1324 1221 ἐμαυτῷ
1337 1185 1499 1220 καταφυγὴν
1515 1185 1559 1210 τὸν
1572 1183 1685 1219 Κύριον,
1699 1184 1749 1211 καὶ
1764 1184 1830 1220 βοη-

1037 1233 1082 1260 θὸν
1099 1232 1204 1264 ἐλπίδος
1223 1240 1272 1267 μου
1287 1231 1331 1257 τὸν
1348 1230 1413 1257 Θεόν
1433 1239 1497 1265 μου·
1512 1230 1540 1261 ὂς
1559 1230 1620 1265 ἐμοὶ
1636 1230 1685 1265 μὲν
1699 1229 1832 1266 βοηθήσει

1037 1279 1180 1313 καταφυγή
1199 1286 1248 1313 μου
1263 1276 1419 1311 γινόμενος·
1437 1277 1492 1307 τοῖς
1505 1275 1532 1301 δὲ
1546 1274 1689 1310 θηρεύουσι
1710 1275 1763 1310 τὴν
1777 1273 1830 1309 ψυ-

1036 1325 1086 1359 χὴν
1094 1324 1141 1350 τοῦ
1154 1323 1268 1355 δικαίου,
1282 1323 1328 1348 καὶ
1341 1319 1409 1356 αἷμα
1420 1321 1507 1348 ἀθῶον
1515 1320 1752 1352 καταδικάζουσιν,
1765 1320 1832 1346 ἀπο-

1036 1369 1117 1395 δώσει
1134 1368 1180 1403 τὴν
1193 1367 1308 1402 ἀνομίαν
1321 1366 1410 1393 αὐτῶν
1422 1367 1461 1398 είς
1472 1365 1592 1401 κεφαλὴν
1602 1366 1701 1398 αὐτῶν,
1717 1365 1767 1392 καὶ
1779 1363 1832 1400 τὴν

1037 1414 1172 1449 πονηρίαν
1187 1413 1275 1440 αὐτῶν
1300 1413 1409 1449 στρέψει
1426 1413 1486 1438 κατ’
1506 1411 1595 1438 αὐτῶν
1616 1412 1645 1438 ἐν
1660 1410 1699 1446 τῷ
1720 1411 1772 1446 τῆς
1790 1410 1830 1437 διο

1037 1459 1206 1494 καιοκρισίας
1229 1458 1327 1493 καιρῷ,
1347 1459 1390 1485 ὅτε
1407 1458 1454 1485 καὶ
1477 1458 1587 1492 ἀφανιεῖ
1606 1456 1702 1487 αὐτοὺς
1724 1456 1830 1491 Κύριος

1036 1505 1050 1531 ό
1061 1505 1125 1536 Θεὸς
1142 1504 1230 1540 ἡμῶν·
1246 1504 1286 1531 διὸ
1299 1504 1346 1531 καὶ
1358 1504 1423 1536 Θεδς
1433 1503 1598 1538 ἐκδικήσεων
1615 1502 1675 1529 κατ’
1687 1500 1777 1536 ἀρχὰς
1790 1499 1830 1526 tt!-

1038 1559 1119 1587 ρηται
1133 1550 1179 1577 τοῦ
1193 1551 1311 1586 ψαλμοῦ.

1319 1596 1465 1623 manus
1483 1595 1538 1629 LA’.

1069 1642 1157 1669 Δεῦτε
1172 1642 1421 1677 (tramitem/leva
1438 1640 1478 1673 τῷ
1494 1639 1602 1673 Κυρίῳ,
1625 1635 1834 1671 ἁλαλάξωμιγ

1034 1687 1074 1720 τῷ
1087 1686 1146 1719 Θεῷ
1153 1687 1192 1720 τῷ
1205 1686 1317 1720 Σωτῆρι
1325 1685 1417 1720 ἡμῶν.
1431 1686 1467 1712 Οὐ
1481 1685 1593 1720 φέρεται
1608 1683 1673 1719 παρ’
1686 1681 1830 1717 Ἑϐραίοις

1034 1734 1052 1769 ἡ
1067 1733 1230 1769 προγραφή·
1252 1731 1299 1758 καὶ
1322 1731 1449 1763 εἰκότωςο
1469 1730 1529 1757 οὔτε
1546 1730 1600 1765 γὰρ
1620 1729 1739 1764 ψαλμὸν,
1765 1727 1828 1754 οὔτε

1035 1778 1129 1813 ὕμνον,
1147 1777 1208 1804 οὔτε
1236 1776 1305 1813 ᾠδὴν
1328 1776 1436 1810 εῠλογον
1454 1773 1488 1811 ἦν
1513 1774 1684 1811 ἐπιγράφειν,
1705 1773 1753 1800 τὸν
1774 1781 1828 1799 κα-

1033 1824 1131 1850 λοῦντα
1149 1823 1197 1859 μὲν
1207 1823 1252 1850 τὸν
1273 1822 1406 1849 Ἰουδαίων
1422 1822 1485 1848 λαὸν
1501 1821 1547 1847 ἐπὶ
1560 1820 1729 1855 ἀγαλλίασιν,
1743 1819 1824 1845 ἀπει-

1035 1868 1133 1896 λοῦντα
1150 1869 1178 1895 δὲ
1195 1868 1286 1900 αὐτοῖς
1302 1867 1385 1904 ὀργὴν
1401 1867 1448 1894 καὶ
1466 1866 1501 1892 τὰ
1518 1866 1580 1901 τέλη
1598 1865 1652 1892 τῶν
1668 1862 1827 1899 παραγγελ-

1037 1914 1130 1950 μάτων
1144 1914 1190 1940 ὲπὶ
1212 1913 1383 1949 σκυθρωποῖς
1399 1912 1614 1948 περιγράφοντα.
1632 1908 1779 1945 Σημειώσῃ
1795 1907 1826 1934 δὲ

1035 1959 1063 1986 εί
1075 1968 1126 1986 που
1142 1959 1190 1986 καὶ
1210 1957 1326 1994 ἀλλαχοῦ
1344 1958 1392 1993 τῆς
1407 1957 1518 1993 Γραφῆς
1532 1956 1572 1987 τὺ,
1589 1955 1684 1986 δεῦτε,
1704 1954 1823 1989 εἴρηται,

1035 2005 1082 2031 καὶ
1095 2003 1155 2031 τίνα
1170 2003 1268 2039 τρόπον
1281 2002 1318 2034 ὡς
1331 2002 1489 2036 ἀφεστῶτας
1502 2001 1548 2027 κού¹
1562 1999 1668 2036 μακρὰν
1679 1997 1824 2033 γεγονότας

1035 2049 1196 2086 πλησιάζειν
1208 2049 1283 2084 αὐτῷ
1293 2048 1369 2075 καλεῖ
1379 2056 1385 2063 '
1398 2048 1527 2084 τηρήσεις
1536 2046 1583 2073 καὶ
1595 2046 1635 2072 ὅτι
1647 2045 1762 2073 πάντοτε
1774 2042 1824 2079 τὴν

1036 2096 1131 2131 κλῆσιν
1145 2095 1187 2121 ἐπ’
1204 2094 1298 2129 ἀγαθῷ
1313 2095 1438 2125 ποιεῖται,
1460 2093 1497 2125 ὡς
1513 2093 1542 2119 ὲν
1555 2091 1604 2127 τῷ,
1619 2091 1707 2118 Δεῦτε
1722 2089 1822 2120 τέκνα,

1035 2140 1185 2168 ἀκούσατέ
1203 2149 1272 2175 μου,
1285 2140 1342 2171 καὶ,
1357 2139 1444 2166 Δεῦτε
1465 2137 1618 2172 ἀναθῶμεν
1636 2138 1680 2169 εἶς
1698 2135 1732 2163 τὸ
1756 2135 1824 2169 ὅρος

1037 2186 1157 2220 Κυρίου,
1170 2186 1227 2217 καὶ,
1243 2185 1332 2212 Δεῦτε
1349 2184 1424 2218 πρὸς
1434 2184 1474 2218 μὲ
1487 2183 1598 2215 πάντες
1609 2183 1635 2209 οί
1649 2181 1822 2212 κοπιῶντες,

1038 2232 1095 2262 καὶ,
1112 2231 1201 2258 Δεῦτε
1221 2231 1248 2258 al
1270 2228 1464 2264 εὐλογημένοι
1485 2228 1539 2254 τοῦ
1560 2227 1674 2261 Πατρός
1689 2234 1756 2260 μου.
1779 2224 1822 2251 Ἐν

1037 2277 1066 2304 δὲ
1086 2276 1125 2312 τῷ
1153 2276 1222 2312 μετά
1237 2277 1331 2312 χεῖρας
1353 2273 1454 2310 ψαλμῷ
1480 2273 1573 2307 σαφῶς
1593 2273 1640 2300 ἐπὶ
1663 2271 1822 2306 ἀγαλλίασιν

1036 2322 1115 2357 ἥκειν
1129 2321 1293 2358 παρακαλεῖ.
1302 2320 1347 2347 Διὸ
1359 2318 1511 2355 σημειώπῃ,
1522 2319 1562 2345 ὅτι
1579 2318 1615 2354 μὴ
1626 2317 1716 2348 καλῶς
1729 2314 1823 2352 ἡγοῦν-

1037 2377 1082 2395 ται
1095 2369 1118 2395 οἱ
1135 2367 1296 2402 σκυθρωπὸν
1309 2367 1356 2394 καὶ
1375 2366 1505 2393 ἐπίλυπον
1522 2364 1677 2401 νομίζοντες
1695 2361 1764 2390 εἶναι
1777 2361 1822 2389 τδν

1037 2414 1087 2449 τῆς
1102 2414 1255 2445 θεοσεϐείας
1272 2413 1366 2447 ζυγόν·
1383 2414 1425 2439 ἐπ’
1440 2412 1551 2446 ἀγαθοῖς
1564 2411 1618 2446 γὰρ
1636 2410 1682 2437 καὶ
1703 2408 1823 2445 φαιδροῖς

1038 2462 1153 2487 ποιεῖται
1164 2459 1214 2496 τὴν
1226 2459 1331 2494 κλῆσιν.
1343 2459 1453 2490 Τούτοις
1468 2457 1588 2492 παράθες
1601 2456 1641 2489 τὸ,
1658 2455 1824 2489 Πορεύεσθε

1037 2507 1081 2539 εὶς
1098 2506 1130 2533 τὸ
1143 2505 1203 2540 πῦρ
1223 2505 1255 2532 τὸ
1268 2505 1397 2536 αἰώνιον,
1413 2505 1459 2532 καὶ
1473 2504 1509 2532 τὰ
1526 2504 1614 2539 ὅμοια.
1635 2502 1764 2533 ἐναντίως
1782 2500 1822 2532 τὺ,

1038 2551 1134 2583 δεῦτε,
1155 2553 1210 2583 τοῖς
1231 2552 1415 2588 ἁμαρτάνουσι
1434 2550 1577 2586 λεγόμενα.
1599 2547 1706 2584 Ἐπειδὴ
1722 2548 1751 2574 ὲν
1769 2546 1823 2577 τοῖς

1038 2600 1145 2634 καιροῖς
1162 2598 1216 2625 τῶν
1228 2598 1354 2634 πολέμων
1369 2598 1394 2624 οἱ
1407 2597 1535 2628 νικῶντες
1544 2593 1688 2627 ἀλαλάζειν
1700 2593 1821 2623 εἰώθασι.

1039 2645 1085 2671 καὶ
1100 2645 1171 2681 μέγα
1187 2644 1250 2680 βοᾷν
1262 2643 1332 2671 κατά
1347 2643 1402 2670 τῶν
1416 2642 1561 2678 πολεμίων,
1573 2641 1684 2672 εἰκότως
1696 2640 1727 2666 οὐ
1745 2638 1822 2675 μόνον

1039 2689 1142 2725 χαίρειν
1156 2689 1203 2716 καὶ
1221 2688 1360 2723 ἀγαλλιᾷν,
1378 2686 1446 2714 ἀλλά
1459 2686 1505 2713 καὶ
1518 2684 1659 2718 ἀλαλάζειν
1675 2684 1762 2720 ὲπὶτῇ
1775 2691 1822 2710 σω-

1039 2734 1125 2769 τηρίῳ
1140 2733 1203 2770 νίκῃ
1217 2733 1388 2769 προστάττει.
1408 2731 1455 2764 Τίς
1467 2731 1490 2758 δ’
1504 2731 1537 2758 ἃν
1552 2730 1593 2766 εἴη
1610 2731 1625 2756 ό
1638 2728 1733 2765 Σωτὴρ
1746 2727 1822 2764 ἡμῶν

1041 2778 1088 2805 καὶ
1102 2778 1169 2810 Θεὸς
1187 2778 1275 2814 ἡμῶν,
1293 2777 1310 2812 ἥ
1327 2779 1341 2804 δ
1354 2776 1403 2804 τοῦ
1422 2775 1490 2803 Θεοῦ
1505 2775 1590 2809 Λόγος
1610 2775 1624 2801 ὁ
1640 2773 1734 2807 εἰπὼν,
1750 2774 1821 2806 θαρ-

239 2838 262 2854 "
281 2836 352 2868 θυι.
369 2843 472 2865 “uti.
490 2834 533 2863 l2.
571 2834 594 2850 "
616 2834 668 2861 lsa.
685 2841 722 2865 ll,
738 2834 765 2862 ὅ.
811 2834 833 2850 ³⁸
854 2834 947 2861 Matth.
967 2843 987 2861 xz

1038 2834 1063 2861 8.
1102 2834 1124 2851 "
1145 2833 1238 2861 Matth.
1256 2841 1320 2865 xxv,
1339 2833 1384 2860 δι.
1422 2833 1445 2848 ¹¹¹
1465 2832 1530 2860 ibid.
1549 2832 1594 2859 il.

240 2882 278 2918 (1)
299 2882 378 2918 Vulg.
394 2882 484 2914 habet,
503 2881 572 2911 Lam
584 2881 680 2908 cantici
695 2882 744 2915 ῐιηί
757 2881 850 2908 David.
