4074 6394
365 363 501 422 1209

1476 356 1985 414 COMMENTARIA
2013 357 2080 413 IN
2120 357 2460 415 PSALM‘OS.

3463 368 3604 423 1210

361 481 542 543 σεῖτε,
577 479 690 552 ἐγὼ
715 479 1004 548 νενίκηκα
1031 477 1137 531 τὸν
1158 478 1416 546 κόσμον;
1448 479 1476 531 ὁ
1507 477 1602 530 καὶ
1629 476 1933 548 ῥυσάμενος

2047 478 2140 532 nisi
2201 477 2292 532 Dei
2342 476 2573 532 Verbum
2605 479 2750 548 quod
2793 479 2974 539 dixit:
3015 483 3310 554 Conﬁdite,
3365 503 3458 558 ego
3508 489 3606 541 vici

361 575 510 644 ἡμᾶς
539 573 646 625 ἀπὸ
671 573 769 640 τῆς
810 571 976 624 πάλαι
1017 569 1465 639 κατακρατούσης
1491 570 1522 636 ἡ
1534 565 1650 638 μῶν
1689 567 1932 638 δαιμονι-

363 664 465 733 κῆς
508 663 803 734 ἐνεργείας,
848 655 909 715 οῦ
959 663 1053 715 καὶ
1092 662 1152 714 τὸ
1198 658 1404 730 Ἰησοῦς
1451 660 1620 730 ὅνομα
1639 673 1935 728 σωτηριον

375 753 636 824 Ἐϐραῖκῇ
687 754 836 822 φωνῇ
883 752 1156 823 σημαίνει.
1205 752 1367 814 Τίνας
1404 750 1462 803 δέ
1511 748 1937 820 προηγουμένως

363 847 392 898 ό
416 845 572 912 λόγος
603 844 693 896 ἐπὶ
716 843 814 914 τὴν
837 843 1149 911 ἀγαλλίασιν
1171 841 1494 913 παρακαλεῖ,
1527 839 1708 912 εὕροις
1731 840 1798 894 ἂν
1817 842 1936 893 ἐπι-

368 938 568 1007 στήσας
590 938 699 997 τοῖς
723 933 868 1004 ἑξῆς,
903 936 960 986 ἐν
991 928 1070 996 οἷς
1099 931 1330 1003 εἴρηται,
1363 933 1526 986 Κατὰ
1556 933 1673 1000 τὴν
1711 931 1940 1002 ἡμέραν

365 1027 471 1082 τοῦ
507 1025 835 1095 πειρασμοῦ
860 1026 930 1078 ὲν
957 1023 1033 1092 τῇ
1065 1023 1281 1093 ἐρήμῳ,
1311 1019 1382 1079 οὗ
1421 1022 1750 1091 ἐπείρασάν
1782 1039 1861 1091 με
1883 1024 1940 1076 οἱ

365 1118 617 1187 πατέρες
665 1115 850 1186 ὑμῶν.
893 1115 1086 1185 Σαφῶς
1113 1116 1223 1186 γὰρ
1250 1114 1338 1168 διὰ
1387 1114 1588 1168 τούτων
1632 1114 1784 1186 δηλοῖ
1811 1115 1938 1176 τοὺς

365 1212 516 1274 υἱοὺς
544 1211 651 1262 τῶν
691 1211 747 1261 ἐν
783 1210 847 1279 τῇ
891 1211 1082 1280 ἐρήμῳ
1116 1206 1666 1277 παραπικρανάντων,
1710 1204 1866 1275 δῆλον
1893 1204 1940 1256 δ’

363 1303 445 1354 ὃτι
463 1301 588 1364 τοὺς
607 1302 672 1353 ἐκ
695 1300 1013 1370 περιτομῆς.
1037 1299 1268 1362 Τούτους
1287 1298 1572 1369 τοιγαροῦν
1593 1297 1939 1351 ἀνακαλεῖται

363 1392 566 1460 λέγων’
602 1391 780 1444 Δεῦτε
799 1389 1294 1460 ἁπτιλλιασώμεθα
1326 1389 1406 1454 τῷ
1439 1389 1650 1456 Κυρίῳ.
1680 1387 1938 1452 Θεσπίζει

362 1484 407 1537 6‘
436 1485 521 1538 ὅτι
556 1483 628 1554 μὴ
669 1482 1061 1536 ὑπακούσονται
1093 1485 1158 1552 τῇ
1196 1481 1418 1552 κλήσει·
1453 1482 1600 1550 λέγει
1631 1481 1674 1533 δ’
1701 1476 1794 1534 οῦν
1845 1480 1939 1533 ἐπὶ

365 1578 532 1639 τέλει’
577 1575 691 1630 Ἀεὶ
735 1573 1078 1629 πλανῶνται
1106 1572 1181 1642 τῇ
1229 1573 1462 1642 καρδίᾳ.
1506 1573 1686 1627 Αὐτοὶ
1723 1572 1792 1626 δὲ
1829 1573 1940 1626 οὐκ

364 1670 641 1739 ἔγνωσαν
666 1668 774 1733 τὰς
822 1665 1002 1731 ὁδούς
1033 1683 1172 1734 μου,
1225 1665 1307 1731 ὡς
1335 1663 1544 1734 ὤμοσα
1569 1665 1639 1718 ὲν
1673 1662 1751 1733 τῇ
1791 1661 1939 1732 ὀργῆ

357 1777 502 1829 μου,
541 1761 594 1812 ει
629 1758 1080 1812 εἰσελεύσονται
1113 1760 1200 1823 εις
1237 1756 1353 1826 τὴν
1383 1755 1764 1809 κατάπαυσίν
1795 1771 1934 1822 μου.

2036 568 2370 630 mundum",
2402 575 2565 638 atque
2580 585 2678 624 nos
2707 571 2776 626 ab
2809 573 3007 630 ellicaci
3053 578 3140 632 illa
3165 580 3471 634 daemonum
3494 579 3606 631 vir-

2035 669 2185 725 tute,
2245 677 2366 732 qua:
2401 662 2559 716 nobis
2577 662 2703 716 olim
2726 662 3424 736 dominabatur,liberavit;
3448 669 3608 738 cujus

2036 768 2234 807 nomen
2264 751 2444 818 Jesus,
2495 753 2731 807 salutare
2783 754 3048 811 Hebraice
3089 759 3395 829 signiﬁcat?
3423 759 3609 826 Quos-

2037 860 2162 898 nam
2196 859 2328 899 vero
2359 846 2629 916 przecipue
2662 845 2728 900 ad
2762 847 3180 904 exsultationem
3223 858 3477 922 provocet
3515 850 3612 904 de-

2037 935 2365 1005 prehendes,
2411 936 2456 990 si
2484 937 2801 991 consideres
2842 953 2904 992 ea
2935 953 3058 1005 quae
3088 950 3410 1009 sequuntur,
3442 948 3493 997 et
3527 941 3608 996 sic

2039 1027 2260 1092 habent,
2301 1027 2598 1082 Secundum
2650 1029 2790 1082 diem
2823 1033 3129 1085 tentationis
3164 1033 3219 1086 in
3254 1033 3478 1098 deserto,
3518 1033 3610 1088 ubi

2041 1129 2372 1174 tentaverunt
2402 1136 2483 1173 me
2509 1129 2686 1188 patres
2716 1122 2892 1174 vestri.
2925 1121 3022 1177 His
3041 1124 3186 1177 enim
3219 1123 3506 1179 manifeste
3535 1124 3618 1178 si-

2038 1209 2261 1280 gnificat
2287 1209 2426 1264 filios
2451 1224 2639 1264 eorum
2666 1209 2759 1279 qui
2785 1211 2837 1264 iu
2871 1210 3094 1266 deserto
3139 1213 3612 1268 exacerbaverunt

2037 1315 2186 1362 eum,
2219 1301 2335 1354 sive
2386 1301 2645 1370 pupulum
2699 1315 2763 1354 ex
2815 1300 3256 1357 circumcisione.
3310 1302 3419 1357 Hos
3447 1303 3614 1373 igitur

2037 1401 2228 1446 evocat
2251 1391 2463 1453 dicens,
2491 1389 2686 1451 Venite.
2713 1391 3034 1446 exsultemus
3065 1392 3311 1447 Domino.
3338 1392 3616 1448 Vaticina-

2039 1488 2128 1534 tur
2158 1493 2342 1548 porro,
2369 1494 2466 1533 eos
2492 1478 2763 1533 vocationi
2797 1494 2906 1534 non
2940 1480 3410 1550 obtemperaturos
3443 1499 3566 1539 esse
3597 1506 3614 1541 ;

2037 1570 2115 1624 ait
2143 1570 2288 1626 enim
2319 1571 2421 1624 sub
2453 1570 2610 1624 linem
2640 1590 2652 1625 :
2689 1571 2903 1640 Semper
2925 1583 3104 1625 errant
3134 1573 3307 1628 corde.
3344 1573 3457 1643 Ipsi
3497 1592 3620 1630 vero

2039 1677 2146 1715 non
2179 1670 2526 1730 cognoverunt
2553 1662 2665 1715 eius
2705 1679 2869 1724 meas,
2895 1664 3030 1718 sicut
3056 1663 3236 1732 juravi
3265 1665 3318 1718 in
3342 1667 3425 1718 ira
3455 1683 3573 1720 mea
3597 1705 3614 1729 ,

2041 1754 2088 1808 si
2136 1754 2425 1807 introibant
2464 1754 2519 1807 in
2546 1755 2772 1823 requiem
2803 1771 2994 1809 meam.
3026 1753 3293 1821 Quoniam
3347 1756 3512 1826 igitur
3538 1757 3616 1812 illi

379 1851 531 1906 Ἐπεὶ
559 1846 651 1905 οὖν
681 1853 877 1905 ἐκεῖνοι
908 1850 995 1903 ἀεὶ
1027 1849 1331 1904 πλανῶνται
1361 1851 1427 1919 τῇ
1470 1847 1686 1919 καρδίᾳ,
1716 1845 1939 1910 εἰκότως

2047 1859 2254 1913 semper
2274 1850 2472 1898 errant
2523 1846 2721 1909 corde;
2757 1848 2950 1900 merito
3003 1838 3347 1916 subsequens
3376 1849 3620 1918 psalmus

365 1944 398 1997 ό
421 1942 808 2014 ἐπιφερόμενος
862 1941 988 2012 ἑξῆς
1019 1940 1229 2010 ψαλμὸς
1273 1939 1342 1993 τὰ
1397 1939 1522 2008 ἑθνη
1571 1939 1746 1992 πάντα
1788 1937 1941 1990 καλεί

367 2032 460 2085 ἐπὶ
487 2031 549 2090 τὸ
601 2030 782 2086 καινὸν
814 2027 985 2104 ᾆσμα,
1037 2030 1130 2084 καὶ
1161 2029 1253 2083 ἐπὶ
1295 2028 1392 2100 τὴν
1421 2030 1477 2080 ἐν
1528 2026 1648 2098 Θεῷ
1685 2025 1941 2095 ἀγαλλία-

371 2139 474 2176 σιν.

439 2213 880 2284 Προφθάσωμεν
901 2214 964 2269 τὸ
995 2215 1319 2282 πρόσωπον
1341 2211 1528 2265 αὑτοῦ
1552 2211 1622 2264 ἐν
1661 2211 1944 2280 ἐξομολο-

369 2306 564 2376 γήσει,
605 2307 704 2360 καί
746 2307 815 2360 ἐν
864 2305 1125 2374 ψαλμοῖς
1168 2303 1567 2372 ἀλαλάξωμεν
1597 2301 1772 2367 αὐτῷ.
1817 2302 1944 2356 Ἐπὶ¹

372 2398 470 2470 μὲν
499 2399 596 2467 τῆς
622 2396 843 2469 πρώτης
864 2396 1028 2450 αὑτοῦ
1046 2395 1348 2468 παρουσίας
1372 2394 1435 2448 τὸ
1467 2395 1756 2465 πρόσωπον
1777 2392 1941 2446 αὐτοῦ

367 2490 430 2544 τὸ
459 2490 639 2544 ἔνθεον
669 2491 992 2562 ἀποκρύψας
1011 2492 1039 2544 ό
1074 2489 1167 2543 τοῦ
1201 2488 1336 2544 Θεοῦ
1367 2489 1556 2557 Λόγος,
1585 2487 1685 2558 ¹τὴν
1704 2485 1797 2539 τοῦ
1819 2485 1941 2538 δού-

369 2580 463 2634 λου
500 2582 709 2652 μορφὴν
739 2582 1108 2653 περιεϐάλετσ
1135 2581 1214 2634 διὸ
1229 2580 1463 2652 εἴρηταιο
1508 2581 1848 2645 Ἀνθρωπος
1874 2576 1945 2630 ἐν

371 2671 580 2741 πληγῇ
605 2673 710 2734 ὢν,
739 2674 837 2726 καὶ
863 2673 1034 2738 εἰδὼς
1061 2673 1266 2742 φέρειν
1313 2672 1654 2741 μαλακίανο
1695 2669 1786 2723 ὅτι
1825 2670 1941 2723 ἁπ-

370 2763 627 2831 έστρεψε
659 2762 724 2818 τὸ
755 2767 1080 2832 πρόσωπον
1105 2763 1313 2827 αὑτοῦ,
1349 2763 1668 2832 ἠτιμάσθη,
1695 2761 1792 2816 καὶ
1823 2763 1935 2816 οὐκ

369 2855 679 2923 ἐλογίσθη.
723 2855 844 2909 Ἐπὶ
877 2855 934 2908 δὲ
967 2856 1067 2924 τῆς
1106 2855 1366 2926 δευτέρας
1416 2853 1580 2907 αὐτοῦ
1637 2851 1943 2924 παρουσίας

366 2945 872 3016 ἀνακεκαλυμμένῳ
904 2945 1180 3016 προσώπῳ
1212 2947 1307 2999 καὶ
1350 2944 1490 3016 μετὰ
1529 2945 1808 3015 δυνάμεως
1848 2944 1944 2997 καὶ

366 3028 531 3100 δόξης
566 3030 765 3099 πολλῆς
791 3032 1162 3102 ἑπιστήσεται’
1199 3031 1384 3102 διόπερ
1411 3033 1439 3084 ὁ
1463 3031 1637 3099 λόγος,
1670 3031 1944 3102 προτάξας

371 3121 440 3174 τὰ
480 3121 746 3193 εἰρημένα
775 3121 864 3175 διὰ
904 3121 1014 3176 τῶν
1056 3121 1308 3193 πρώτων,
1342 3123 1486 3193 ἆπερ
1524 3122 1692 3194 ἐχρῆν
1722 3123 1816 3175 ἐπὶ
1843 3122 1944 3192 τῆς

374 3215 644 3286 προτέρας
672 3214 838 3268 αὐτοῦ
867 3215 1169 3287 παρουσίας
1198 3217 1478 3286 πράττειν,
1498 3215 1622 3285 ἑξῆς
1639 3213 1946 3277 ἀκολούθως

372 3303 476 3372 τῆς
510 3304 770 3375 δευτέρας
827 3305 990 3358 αὐτοῦ
1035 3305 1130 3358 καὶ
1173 3304 1382 3370 ἐνδόξου
1433 3305 1757 3374 ἐπιφανείας
1808 3305 1944 3358 ὑπο-

375 3396 693 3466 μιμνήσκει,
721 3395 1223 3467 παρακελευόμενος
1243 3394 1532 3468 προϐαλεῖν
1547 3396 1608 3448 τὸ
1631 3394 1841 3467 μέλλον,
1854 3395 1948 3449 καὶ

379 3487 694 3558 προφθάσαι
719 3489 780 3542 τὸ
802 3491 1094 3562 πρόσωπον
1130 3488 1296 3544 αὑτοῦ
1320 3491 1378 3544 ἐν
1403 3488 1804 3561 ἐξομολογήσει.
1835 3490 1950 3542 Κα-

373 3573 464 3628 λὸν
486 3575 595 3646 γὰρ
619 3577 929 3648 προφθάσαι
962 3578 1057 3632 καὶ
1081 3579 1390 3650 προλαϐεῖν,
1431 3581 1526 3633 καὶ
1554 3579 1683 3652 πρὶν
1717 3580 1948 3649 φανῆναι

373 3666 437 3718 τὸ
467 3666 752 3738 πρόσωπον
784 3668 948 3722 αὐτοῦ
981 3667 1210 3733 ἔνδοξον,
1242 3670 1328 3737 ἐφ’
1353 3666 1434 3734 οἷς
1463 3671 1782 3741 ἡμάρτομεν
1810 3671 1948 3724 ἀποο

375 3756 643 3829 κάθαρσιν
671 3759 882 3822 ἑαυτοῖς
908 3759 1233 3828 πορίσασθαι
1251 3759 1340 3814 διὰ
1359 3761 1459 3831 τῆς
1488 3761 1945 3834 ἐξομολογήσεως.

375 3849 591 3903 Γένοιτο
613 3850 656 3904 δ’
693 3850 758 3904 ἂν
787 3851 820 3921 ἡ
859 3849 1248 3921 ἐξομολόγησις
1274 3851 1492 3923 γνησία,
1531 3855 1580 3906 εί
1622 3855 1679 3906 ἑν
1715 3853 1951 3923 ψαλμοῖς

375 3941 733 4013 ἐλαλάζωμεν
775 3941 942 4012 αὐτῷ,
987 3942 1234 3996 τουτέστι
1278 3942 1365 3997 διὰ
1414 3942 1522 3996 τῶν
1570 3945 1817 4016 ὀργάνων
1851 3947 1950 4016 τῆς

375 4033 572 4104 ψυχῆς,
611 4034 750 4106 ἅπερ
789 4034 908 4087 ἐστὶ
937 4035 1006 4088 τὰ
1039 4033 1298 4105 σώματα·
1332 4035 1398 4087 δι’
1427 4029 1502 4087 ὧν
1554 4036 1816 4107 προσήκει
1860 4038 1952 4090 τὸν

378 4122 710 4194 καλούμενον
748 4123 1061 4194 ἀλαλαγμὸν
1101 4123 1388 4187 ἐπιτελεῖν,
1433 4124 1533 4194 βίῳ
1572 4123 1811 4196 σώφρονι
1857 4126 1953 4179 καλ⁵

381 4216 623 4287 πολιτείᾳ
649 4215 888 4288 ἑναρέτῳ
933 4217 1032 4288 τὴν
1056 4215 1149 4270 τοῦ
1176 4215 1322 4269 θείου
1352 4216 1491 4269 Πνεύ
1501 4234 1668 4287 ματος
1692 4219 1954 4289 ἁρμονίαν

379 4307 474 4360 καὶ
518 4307 610 4360 τὸν
657 4307 810 4376 ἅγιον
865 4308 1070 4380 ῥυθμὸν
1127 4308 1622 4378 ἐπιδεικνυμένους.
1673 4309 1855 4362 Ταῦτα
1898 4309 1956 4362 δὲ

382 4399 807 4470 προηγουμένως
844 4400 984 4471 πρὸς
1026 4401 1116 4454 τὸν
1175 4399 1445 4452 Ἰουδαίων
1501 4399 1750 4453 λέλεκται
1803 4398 1952 4461 λαὸν,

2039 1949 2233 1988 onmes
2264 1942 2453 2004 gentes
2477 1935 2542 1989 ad
2567 1936 2840 1991 canticum
2871 1951 3094 2002 novum,
3120 1947 3174 1992 et
3204 1940 3270 1993 ad
3294 1940 3619 1994 exsultatio»

2040 2039 2164 2078 nem
2199 2025 2252 2078 in
2285 2023 2394 2079 Deo
2429 2033 2708 2094 provocat.

2115 2218 2277 2273 Vens.
2297 2219 2352 2272 2.
2394 2216 2823 2288 Pra'occupemus
2847 2218 3036 2286 faciem
3053 2217 3165 2287 ejus
3190 2218 3243 2270 in
3269 2215 3619 2285 confessione,

2039 2316 2088 2360 et
2113 2307 2167 2361 in
2200 2306 2420 2376 psalmis
2443 2305 2732 2375 jubilemus
2762 2309 2829 2362 ei.
2861 2306 2917 2361 In
2948 2307 3124 2376 primo
3151 2304 3366 2374 quidem
3386 2305 3621 2358 adventu

2041 2398 2406 2461 suo,diviuam
2424 2412 2580 2450 suam
2597 2398 2878 2452 occultans
2895 2395 3210 2459 faciem,Dei
3232 2393 3463 2449 Verbum
3483 2395 3627 2449 servi

2043 2477 2270 2543 formam
2290 2487 2466 2541 induit
2487 2506 2500 2540 :
2523 2502 2692 2557 quare
2710 2488 2916 2541 dictum
2938 2497 3042 2550 est,
3073 2485 3242 2538 Homo
3262 2486 3315 2538 in
3333 2485 3491 2555 plaga
3508 2501 3629 2538 con-
3700 2485 3707 2490 ’

2043 2581 2284 2641 stitutus,
2312 2588 2361 2632 et
2385 2579 2553 2632 sciens
2575 2579 2708 2647 ferre
2728 2579 3126 2647 inﬁrmitatem;
3157 2579 3406 2646 quoniam
3437 2576 3634 2629 avertit

2043 2670 2240 2724 vultum
2271 2685 2459 2733 suum,
2497 2669 2844 2723 inltonoratus
2876 2677 2976 2732 est,
3009 2683 3101 2721 nec
3165 2676 3436 2735 reputatus
3451 2666 3518 2718 ⁸⁸.
3564 2663 3626 2720 In

2043 2745 2288 2816 secundo
2339 2770 2518 2816 autem
2578 2759 2816 2814 adventu
2876 2774 2998 2822 suo,
3035 2759 3272 2812 revelata
3306 2755 3464 2820 facie,
3498 2771 3628 2812 cum

2043 2859 2312 2922 potestate
2342 2859 2394 2907 et
2415 2851 2586 2921 gloria
2611 2865 2806 2921 magna
2836 2851 3011 2905 aderit
3043 2869 3056 2904 :
3083 2848 3435 2920 quamobrem
3477 2847 3637 2903 Scri—

2045 2954 2228 3014 ptura,
2271 2943 2570 3014 praemissis
2613 2942 2680 2997 iis
2719 2956 2841 3012 qua!
2883 2941 3028 2995 dicta
3083 2949 3211 2994 sunt
3245 2939 3298 2993 in
3333 2927 3623 3012 principio,

2044 3052 2166 3106 qua;
2191 3036 2244 3089 in
2266 3035 2444 3104 primo
2471 3033 2704 3088 adventu
2732 3033 2852 3104 ejus
2874 3031 3084 3088 edenda
3119 3040 3297 3097 erant,
3333 3032 3459 3086 hinc
3488 3047 3626 3085 con-

2046 3133 2338 3196 sequenter
2394 3123 2692 3180 secundum
2743 3132 2798 3179 et
2854 3124 3149 3194 gloriosum
3177 3124 3297 3194 ejus
3337 3124 3628 3178 adventum

2050 3223 2462 3283 commemorat,
2488 3215 2746 3286 iubetque
2776 3215 2959 3270 futura
2985 3224 3328 3286 przevertere,
3347 3223 3401 3272 et
3435 3215 3632 3270 faciem

2049 3311 2169 3380 ejus
2193 3310 2246 3364 in
2275 3309 2620 3366 confessione
2649 3308 3111 3379 prmoccupare.E
3135 3325 3193 3364 re
3213 3324 3447 3379 namque
3469 3307 3639 3364 fuerit.

2051 3408 2410 3465 autevertere,
2435 3407 2598 3471 atque
2618 3401 2914 3471 gloriosum
2933 3401 3053 3470 ejus
3080 3401 3284 3456 vultum
3311 3401 3627 3472 prmvenire,

2049 3498 2105 3548 et
2136 3501 2428 3562 antequam
2475 3491 2714 3562 gloriosa
2762 3493 2884 3560 ejus
2925 3491 3095 3546 facies
3122 3499 3400 3562 appareat,
3432 3507 3631 3562 purga-

2050 3582 2253 3637 tionem
2287 3581 2612 3636 delictorum
2649 3597 2743 3650 per
2781 3581 3184 3637 confessionem
3231 3583 3390 3638 nobis
3435 3599 3630 3653 procu-

2050 3689 2192 3729 rare.
2220 3674 2510 3728 Confessio
2543 3682 2724 3728 autem
2757 3675 2972 3728 sincera
3001 3682 3054 3729 et
3087 3690 3345 3744 germana
3380 3676 3558 3737 fuerit,
3582 3677 3631 3732 si

2051 3767 2108 3820 in
2154 3767 2378 3835 psalmis
2422 3765 2718 3834 jubilemus
2745 3765 2816 3829 ei,
2849 3766 2902 3820 id
2934 3774 3038 3832 est,
3072 3782 3167 3837 per
3194 3768 3388 3823 animae
3427 3768 3633 3824 instru-

2050 3861 2260 3921 menta,
2306 3870 2428 3925 quae
2483 3863 2613 3909 sunt
2644 3871 2876 3924 corpora
2908 3865 3096 3912 nostra
3138 3858 3339 3927 :queis
3379 3859 3635 3915 convenit

2053 3947 2221 4010 illam,
2250 3957 2311 4000 ut
2340 3947 2910 4014 vocat,iubilationem
2941 3964 3039 4017 per
3061 3949 3225 4002 vitam
3254 3949 3535 4004 honestam
3566 3967 3634 4008 ac

2051 4036 2272 4093 virtutis
2297 4037 2605 4091 institutum
2629 4036 3223 4106 persolvere,acdiv1ni
3246 4037 3484 4108 Spiritus
3504 4041 3630 4094 bar-

2052 4129 2290 4182 moniam
2326 4142 2652 4197 sacrumque
2681 4136 3006 4182 concentum
3043 4129 3319 4183 exhibere.
3355 4127 3480 4184 llaec
3512 4147 3634 4202 por-

2053 4234 2116 4273 ro
2139 4217 2450 4273 Jud:eorum
2486 4221 2784 4288 praesertim
2820 4220 3021 4289 populo
3052 4219 3332 4288 dicuntur,
3377 4237 3631 4280 sermone

2056 4311 2205 4380 ipsos
2234 4311 2301 4365 ad
2329 4310 2628 4366 Salvatoris
2672 4313 2845 4366 nostri
2878 4313 3241 4381 cognitionem
3279 4324 3625 4383 provocante.

2055 4399 2309 4454 Attamen
2333 4400 2492 4453 nobis
2513 4400 2678 4452 etiam
2704 4401 2958 4456 omnibus
2979 4401 3091 4456 ha'c
3121 4411 3425 4471 opportune
3458 4405 3631 4473 appli-

382 4491 822 4560 προκαλουμένου
852 4492 1049 4554 αὐτοὺς
1077 4491 1169 4544 τοῦ
1202 4491 1359 4559 λόγου
1392 4491 1485 4544 ἐπὶ
1518 4490 1616 4562 τὴν
1642 4491 1736 4543 τοῦ
1766 4489 1945 4556 Σωτῆ-

2058 4501 2290 4546 ceutur:
2318 4522 2391 4532 ——
2414 4489 2576 4545 Vens.
2632 4491 2683 4546 5.
2717 4492 2984 4557 Quoniam
3024 4492 3160 4547 Deus
3188 4510 3410 4563 magnus
3450 4494 3630 4548 Domi-

385 4599 476 4654 ρος
523 4581 680 4653 ἡμῶν
718 4580 950 4650 γνῶσιν·
986 4582 1134 4652 ὅμως
1165 4581 1223 4634 δὲ
1258 4583 1352 4635 καὶ
1385 4581 1520 4654 πρὸς
1568 4581 1774 4645 πάντας
1805 4583 1952 4652 ἡμᾶς

379 4673 664 4744 χρησίμως
695 4672 759 4726 ἂν
782 4673 1151 4744 ἑφαρμοσθείη
1169 4714 1182 4726 .
1215 4675 1332 4727 Ὅτι
1359 4676 1501 4740 Θεὸς
1529 4673 1716 4743 μέγας
1740 4674 1954 4740 Κύριος

385 4763 483 4816 καί
520 4764 821 4831 ,βασιλεὺς
842 4765 1032 4834 μέγας
1058 4766 1157 4818 ἐπὶ
1185 4764 1417 4832 πάντας
1459 4765 1600 4831 τοὺς
1637 4765 1828 4830 θεούς.
1872 4764 1953 4818 Τὰ

387 4854 813 4928 παρηγγελμένα
844 4855 932 4908 διὰ
960 4855 1067 4908 τῶν
1102 4856 1408 4928 ἔμπροσθεν
1435 4856 1493 4908 ἐν
1519 4855 1598 4926 τῷ
1629 4856 1818 4926 Κυρίῳ
1857 4854 1953 4908 καὶ⁵

387 4947 599 5019 Σωτῆρι
635 4946 814 5018 ἡμῶν,
859 4945 1062 5018 δηλαδὴ
1089 4944 1168 5015 τῷ
1195 4944 1288 4998 τοῦ
1319 4947 1454 4999 Θεοῦ
1500 4948 1680 5016 Λόγῳ,
1711 4945 1954 4998 ἐπιτελε-

388 5037 559 5102 στέον,
587 5037 675 5092 διά
690 5055 750 5092 τε
780 5037 848 5091 τὰ
876 5036 1030 5102 ἄλλα,
1059 5037 1152 5090 καὶ
1181 5036 1314 5090 διότι
1335 5036 1493 5106 φύσει
1521 5037 1695 5108 μέγας
1724 5037 1800 5091 ὢν
1824 5037 1957 5100 Θεὸς

387 5131 480 5184 καὶ
517 5129 690 5200 μέγας
717 5131 974 5200 τυγχάνει
1009 5129 1278 5202 βασιλεὺς,
1313 5129 1410 5181 ἅτε
1443 5128 1736 5199 μονογενὴς
1763 5127 1840 5182 ὢν
1860 5127 1954 5181 τοῦ

384 5221 519 5276 Θεοῦ
553 5222 742 5291 Λόγος.
789 5221 1050 5286 Βασιλεὺς
1097 5222 1164 5298 δὲὃ
1208 5221 1379 5293 μέγας
1431 5221 1578 5274 ἐστὶν
1625 5223 1718 5276 ἐπὶ
1749 5223 1958 5284 πάντας

384 5314 512 5377 τοὺς
541 5313 720 5377 θεοὺς,
765 5311 798 5383 ἢ
829 5313 970 5367 κατὰ
995 5311 1088 5366 τὸν
1139 5312 1454 5383 Σύμμαχον,
1482 5312 1684 5366 ἐπάνω
1715 5312 1958 5367 πάντων

385 5387 505 5457 τῶν
523 5402 674 5459 θεῶν
690 5421 706 5435 ο
741 5405 857 5474 ῆτοι
878 5404 987 5456 τῶν
1025 5403 1456 5475 πεπλανημένως
1481 5403 1630 5475 παρὰ
1643 5406 1757 5468 τοῖς
1782 5403 1956 5457 ἔθνεσι

384 5494 807 5567 νενομισμένων·
843 5495 876 5566 ἢ
903 5495 1010 5549 τῶν
1043 5497 1268 5550 Μωῦσεῖ
1309 5494 1722 5566 παραπλησίων,
1747 5488 1956 5566 ᾧεῐρη-

385 5607 496 5656 ται,
535 5586 771 5643 Τέθεικά
801 5604 876 5642 σε
907 5586 1045 5642 θεὸν
1064 5585 1291 5642 Φαοαώο
1328 5587 1361 5650 ἢ
1394 5585 1531 5640 θεῶν
1555 5586 1681 5657 περὶ
1701 5581 1775 5641 ὧν
1806 5585 1956 5659 είρη-

459 5748 500 5799 ³2
539 5745 696 5802 Joan.
733 5761 856 5801 xvi.
893 5746 979 5800 '55.
1059 5746 1102 5780 ⁵⁸
1143 5743 1243 5801 lsa.
1283 5759 1411 5802 Llll.
1451 5744 1502 5798 3.
1580 5745 1624 5777 δ’
1663 5742 1832 5799 Exod.
1867 5759 1942 5797 vn
1969 5784 1983 5805 ,
2024 5745 2071 5798 l.
2148 5743 2191 5775 ‘°
2232 5739 2374 5797 Psal.
2416 5755 2569 5798 nix.
2615 5741 2658 5794 l.

2058 4600 2180 4646 nus,
2224 4593 2273 4639 et
2329 4600 2422 4639 rex
2465 4602 2682 4656 magnus
2717 4601 2872 4654 super
2915 4603 3090 4640 omnes
3130 4587 3274 4640 deos.
3308 4587 3439 4652 Qum
3474 4588 3628 4656 prius

2057 4685 2324 4747 praecepta
2360 4687 2414 4732 et
2463 4678 2720 4731 mandata
2763 4676 2934 4735 fuere.
2973 4679 3026 4731 in
3073 4678 3299 4732 Domino
3337 4686 3391 4732 et
3436 4677 3632 4733 Serva-

2058 4775 2178 4822 tore
2209 4776 2417 4833 nostro,
2441 4769 2653 4824 scilicet
2681 4770 2735 4822 in
2779 4768 2873 4824 Dei
2907 4767 3082 4823 Verbo
3117 4769 3436 4839 complenda
3471 4781 3626 4836 sunt;

2057 4863 2171 4909 tum
2224 4857 2348 4912 aliis
2398 4857 2466 4913 de
2511 4859 2715 4923 causis,
2749 4865 2863 4912 tum
2914 4858 3041 4928 quia
3091 4873 3214 4913 cum
3262 4870 3454 4914 natura
3485 4859 3628 4916 Deus

2059 4963 2292 5018 magnus
2323 4951 2414 5014 sit,
2448 4966 2677 5021 magnus
2716 4950 2844 5004 item
2876 4965 2972 5004 rex
3003 4948 3186 5016 fuerit,
3226 4958 3415 5021 utpote
3443 4953 3630 5022 unige-

2057 5038 2234 5091 nitum
2277 5037 2372 5093 Dei
2402 5037 2659 5095 Verbum.
2689 5040 2786 5096 Est
2815 5048 2994 5095 autem
3049 5055 3143 5094 rex
3198 5055 3429 5110 magnus
3466 5056 3632 5109 super

2057 5145 2246 5185 onmes
2274 5130 2442 5196 deos;
2483 5131 2617 5194 sive,
2658 5131 2957 5186 secundum
3012 5131 3419 5201 Symmachum,
3457 5131 3630 5199 Supra

2059 5235 2234 5273 omnes
2264 5218 2428 5280 deos;
2461 5220 2714 5274 videlicet
2761 5235 2856 5276 eos
2893 5219 2985 5288 qui
3022 5218 3263 5288 gentium
3317 5231 3502 5271 errore
3554 5215 3627 5268 dii

2059 5327 2182 5366 esse
2217 5319 2504 5381 putantur;
2543 5311 2657 5366 sive
2710 5324 2827 5372 eos,
2859 5309 2950 5379 qui
3005 5307 3176 5378 Moysi
3223 5307 3428 5363 similes
3479 5317 3626 5372 sunt,

2062 5405 2150 5458 cui
2173 5404 2375 5458 dictum
2398 5410 2481 5458 est
2501 5401 2689 5456 :Posui
2705 5411 2753 5455 te
2769 5401 2938 5456 Deum
2953 5399 3251 5454 Pharaonis
3270 5399 3339 5465 '9;
3360 5400 3473 5455 sive
3496 5397 3630 5453 deos

2061 5494 2128 5548 de
2159 5494 2358 5562 quibus
2389 5493 2502 5547 lnec
2533 5493 2812 5556 dicuntur,
2844 5490 2986 5546 Deus
3021 5491 3238 5544 deorum
3271 5488 3529 5545 Dominus
3551 5489 3630 5543 lo-

2061 5597 2213 5642 eutus
2241 5585 2414 5652 est“;
2445 5598 2520 5648 et,
2559 5584 2692 5640 Deus
2726 5586 2869 5640 stetit
2909 5587 2961 5638 in
3000 5599 3265 5654 synagoga
3305 5582 3576 5639 rleomm'Il
3610 5601 3631 5643 ε

2738 5742 2775 5772 ⁶¹
2820 5739 2962 5795 Psal.
2997 5755 3196 5802 Lxxni.
3234 5740 3283 5796 ί.
