4074 6414
504 378 636 431 ’ΞΗ
1061 348 1092 369 ’
1170 376 1443 434 EUSEBll
1482 348 1964 433 CAESAPJENSIS
1995 373 2147 431 OPP.
2188 371 2370 429 PARS
2406 371 2493 427 Ill.
2532 403 2605 414 —
2642 371 3054 431 EXEGETICA.
3670 369 3821 426 121οὲ

504 506 665 545 nemo
706 506 852 547 entm
901 506 1093 547 eorum
1138 490 1243 562 ipsi
1310 491 1507 547 similis
1550 502 1653 548 est.
1709 490 2113 558 Quamobrem.

2210 501 2298 540 αι·
2342 485 2487 553 Θεὸς
2542 485 2694 541 θεῶν
2728 487 2944 555 Κύριος
2991 486 3292 556 ἐλάλησα·
3332 487 3442 542 καὶ
3462 526 3480 551 ,
3541 485 3605 539 '0
3661 485 3819 552 Θεὸς

503 584 637 637 alibi
664 572 883 654 quoque
919 584 1127 638 dictum
1154 592 1239 639 est
1266 602 1281 639 :
1307 583 1573 650 Quoniam
1604 583 1723 653 quis
1762 583 1817 637 in
1856 581 2081 637 nubibus

2208 577 2330 644 Fam
2352 576 2424 630 ἐν
2454 575 2776 647 συναγωγῇ
2807 576 2985 632 θεῶν’
3016 578 3190 643 οὐδεὶς
3219 578 3327 650 γὰρ
3378 576 3554 649 αὐτῷ
3589 576 3817 631 τούτων

504 675 803 743 a'quabitur
855 674 1106 743 Domino,
1161 676 1355 732 similis
1412 676 1515 732 erit
1576 675 1805 731 Domino
1846 677 1905 731 in
1949 677 2080 747 ﬁliis

2207 684 2383 738 μοιος.
2403 669 2480 721 Δι’
2509 666 2538 720 δ
2559 668 2653 720 καὶ
2689 667 2921 739 ἀλλαχοῦ
2947 667 3179 741 εἴρηται*
3217 670 3338 723 Ὅτι
3368 666 3480 736 τίς
3506 667 3591 722 ἐν
3622 666 3816 737 νεφέ-

509 765 601 819 Dei
619 766 704 820 ‘5'?
2181 763 2321 825 λαις
2351 758 2707 826 ίσωθήσεται
2724 758 2806 826 τῷ
2829 760 3038 829 Κυρίῳ,
3073 760 3530 831 ὁμοιωθήσεται
3566 757 3660 826 τῷ
3689 763 3816 816 Κυ-

2172 851 2289 920 ρίῳ
2312 851 2383 905 ἐν
2408 850 2562 916 υἱοῖς
2585 850 2732 905 Θεοῦ
2758 866 2778 915 ;

577 939 743 995 Vens.
777 940 830 996 ι.
858 940 995 1007 Quia
1027 942 1081 996 in
1111 959 1272 997 manu
1310 942 1426 1012 ejus
1457 953 1582 998 sunt
1615 960 1793 1000 omnes
1816 945 1948 1015 ﬁnes
1977 952 2082 1001 ter-

2254 942 2383 996 Ὅτι
2411 942 2482 995 ἐν
2512 940 2589 1012 τῇ
2615 942 2766 1013 χειρί
2793 941 2997 1011 αὐτοῦ¹
3018 942 3091 997 τὰ
3122 942 3350 1013 πέρατα
3386 941 3516 1012 τῆς
3546 939 3675 1012 τῆς
3707 943 3812 997 καὶ

508 1050 594 1095 νιν,
633 1043 682 1086 et
723 1033 1031 1088 altitudines
1084 1035 1340 1088 montium
1382 1036 1548 1101 ipsius
1577 1046 1721 1093 sunt.
1742 1036 1868 1092 Ideo
1897 1039 2084 1093 exsul-

2293 1031 2399 1101 iijrn
2424 1031 2543 1086 τῶν
2574 1032 2759 1101 ὀρέων
2783 1034 2969 1088 αὐτοῦ
2989 1036 3127 1089 εισι.
3151 1036 3260 1089 Καὶ
3291 1034 3385 1089 διὰ
3416 1035 3603 1089 τοῦτο
3630 1034 3814 1104 ἀγαλ-
3894 1040 3902 1051 ⁸

534 1140 694 1179 νιιιιιιε
727 1133 782 1178 ει
804 1125 1103 1194 jubiletnus
1138 1124 1281 1192 Deo;
1311 1140 1421 1180 non
1456 1126 1618 1181 modo
1647 1127 1773 1197 quia
1817 1126 2081 1186 Dominus

2202 1121 2498 1194 ιιασώμεθα
2542 1123 2638 1177 καὶ
2677 1122 3032 1196 άλαλάξωμεν
3074 1123 3155 1196 τῷ
3191 1124 3331 1197 Θεῷ,
3375 1125 3448 1179 οὐ
3494 1126 3679 1197 μόνον
3724 1127 3811 1181 ὅτι

500 1244 509 1261 ι
536 1232 546 1267 ι
580 1216 727 1272 Deus
758 1224 843 1271 est
869 1225 923 1271 et
952 1231 1045 1271 rex
1082 1231 1311 1286 magnus
1353 1232 1520 1286 super
1559 1232 1752 1274 omnes
1783 1218 1949 1285 deos;
1981 1219 2080 1275 sed

2204 1214 2388 1286 ἱύριος
2420 1216 2515 1269 καὶ
2538 1215 2671 1279 Θεός
2698 1218 2815 1270 ἐστι
2843 1216 2937 1270 καὶ
2957 1216 3209 1288 βασιλεὺς
3235 1218 3416 1290 μέγας
3438 1218 3547 1273 ἐπὶ
3584 1218 3813 1283 πάντας

500 1310 664 1360 «ιὶιιιιι
720 1308 848 1377 quia
881 1307 1016 1363 fines
1060 1315 1218 1363 terra:
1245 1307 1349 1363 sibi
1378 1308 1611 1378 subjecit
1637 1317 1693 1364 et
1724 1310 1985 1366 subdidit.
2022 1310 2082 1366 id

2200 1308 2306 1371 τοὺς
2333 1307 2517 1372 θεοὺς,
2557 1307 2673 1362 ἀλλ’
2702 1308 2783 1361 ὅτι
2821 1309 2916 1362 καὶ
2955 1308 3270 1380 ὑπηγάγετο
3314 1309 3419 1363 καὶ
3458 1310 3562 1379 ὑφ’
3601 1310 3809 1365 ἑαυτὸν

500 1400 645 1452 enim
682 1414 806 1454 cum
839 1399 1086 1469 petiisset
1124 1413 1155 1452 a
1200 1398 1384 1465 Patre,
1415 1400 1748 1470 impetravit,
1778 1402 2081 1458 secundum

2201 1400 2477 1471 ιποιήσατο
2522 1399 2590 1454 τὰ
2629 1400 2842 1472 πέρατα
2875 1401 2975 1473 τῆς
3017 1402 3140 1473 γῆς.
3191 1401 3365 1456 Τοῦτο
3401 1403 3529 1475 γὰρ
3562 1403 3810 1475 αἰτήσας

503 1489 638 1546 illud
674 1511 688 1547 :
720 1491 948 1547 Postula
982 1509 1015 1547 a
1046 1508 1126 1546 me
1158 1500 1208 1546 et
1237 1490 1375 1546 dabo
1399 1491 1494 1545 tibi
1522 1502 1698 1562 gentes
1721 1491 2082 1549 Ita'reditatem

2200 1494 2332 1565 ταρὰ
2350 1492 2448 1547 τοῦ
2467 1493 2681 1566 Πατρός
2703 1492 2892 1565 εἴληφε
2921 1494 3064 1548 κατὰ
3089 1494 3171 1548 τό”
3186 1494 3449 1563 Αιτησαι
3475 1495 3632 1564 παρ’
3652 1493 3809 1564 ἐμοῦ

501 1595 675 1648 tuam,
710 1593 760 1639 et
800 1584 1185 1653 possessionem
1208 1593 1354 1638 tuam
1385 1584 1634 1638 terminos
1663 1593 1817 1639 terrm
1834 1585 1898 1641 ⁸³.
1925 1584 2082 1652 Quod

2202 1583 2279 1636 ιαί
2313 1581 2485 1637 δώσω
2499 1599 2600 1637 σοι
2625 1583 2769 1651 ἔθνη
2789 1583 2904 1652 τὴν
2925 1584 3334 1654 κληρονομίαν
3353 1600 3513 1649 σου,
3552 1585 3665 1639 καί
3688 1584 3811 1653 τὴν

500 1678 545 1731 si
600 1676 847 1746 quaedam
894 1676 1210 1738 altitudines
1234 1677 1500 1730 montium
1541 1690 1711 1746 penes
1741 1674 2080 1747 Scripturam

2199 1674 2558 1745 ιατάσχεσίν
2585 1690 2702 1729 σου
2728 1673 2801 1728 τὰ
2827 1673 3055 1743 πέρατα
3076 1673 3186 1744 τῆς
3210 1674 3342 1746 γῆς.
3365 1677 3435 1730 Ei
3458 1676 3524 1730 δὲ
3558 1676 3665 1731 καί
3678 1694 3808 1731 τινα

498 1768 747 1822 divinam
798 1769 853 1823 in
901 1768 1109 1824 honore
1157 1768 1447 1833 habentur,
1492 1769 1642 1825 verbi
1673 1770 1870 1840 gratia,
1903 1769 2077 1832 Sinai.

2196 1763 2251 1838 ἣν
2278 1765 2385 1837 ὕψη
2418 1765 2608 1838 ὀρέων,
2640 1765 2759 1837 ἦτοι
2783 1764 2853 1820 τὰ
2879 1766 3031 1838 παρὰ
3057 1768 3124 1838 τῇ
3164 1765 3285 1838 θείᾳ
3313 1767 3525 1840 Γραφῇ
3558 1785 3805 1840 τετιμη-

499 1857 742 1922 (lhoreb,
772 1855 1010 1924 Thabor,
1041 1874 1197 1913 mons
1232 1857 1385 1922 Sion,
1415 1831 1575 1915 mons
1611 1831 1913 1926 Olivarutn,
1948 1868 2004 1916 et
2034 1831 2082 1919 si

2221 1831 2345 1921 ενα,
2372 1831 2541 1920 ῶς-τδ
2565 1831 2741 1921 mat,
2783 1857 2877 1910 καὶ
2894 1831 3203 1928 τδΧωρθγσ,
3233 1831 3295 1910 τό
3319 1831 3382 1910 τὲ
3416 1831 3664 1931 adding,
3693 1831 3830 1913 ’καὶ-

492 1951 626 2023 quis
679 1950 822 2005 alius
856 1950 1138 2018 similiter;
1173 1951 1288 2007 sive
1321 1951 1483 2007 etiam
1513 1952 1583 2007 iis
1612 1952 1879 2008 contrarii
1906 1962 1961 2008 et
1984 1968 2084 2025 op-

2196 1948 2242 2002 :b
2271 1949 2397 2019 δρος
2416 1946 2577 2013 Σιὼν,
2611 1947 2707 2002 καὶ
2733 1946 2795 2000 τδ
2819 1947 2944 2018 ὅρος
2963 1949 3073 2001 τῶν
3098 1948 3345 2015 Ἐλαιῶν,
3365 1949 3475 2003 καὶ
3514 1950 3575 2003 εῖ
3587 1967 3646 2003 τι
3669 1949 3805 2003 ἄλλο

505 2041 667 2108 pnsiti
710 2049 945 2104 montes,
975 2040 1069 2110 qui
1111 2055 1143 2093 a
1174 2040 1516 2096 daemonibus
1560 2040 1691 2095 olim
1734 2042 2082 2111 occupaban-

2195 2040 2389 2105 τούτοις
2421 2040 2801 2113 παραπλήσιον
2821 2058 2835 2072 ·
2868 2041 2901 2113 ἦ
2937 2043 3031 2096 καὶ
3057 2042 3127 2096 τὰ
3160 2040 3372 2106 τούτοις
3422 2041 3701 2109 ἐναντία,
3733 2041 3804 2097 τὰ

503 2141 612 2196 tur,
648 2131 737 2185 ubi
767 2140 958 2202 gentes
1005 2131 1261 2202 malignis
1293 2132 1636 2187 daemonibus
1657 2132 1819 2202 quasi
1846 2133 1953 2187 diis
1981 2133 2084 2188 im-

2195 2128 2247 2201 Βὴ
2282 2131 2387 2183 ὑπὸ
2414 2130 2686 2202 δαιμόνων
2714 2130 2882 2185 πάλαι
2907 2131 3278 2204 κρατούμενα,
3318 2135 3378 2187 ἐν
3430 2128 3525 2197 οἷς
3573 2133 3804 2187 ὲθυσία-

506 2223 816 2287 molabant;
869 2222 965 2277 sed
1025 2222 1125 2279 bos
1175 2237 1366 2278 omnes
1413 2221 1631 2278 Domini
1672 2232 1728 2279 et
1782 2222 2083 2281 Salvatoris

2189 2220 2275 2287 ζον
2307 2222 2382 2287 ὡς
2421 2223 2564 2287 θεοῖς
2603 2227 2718 2289 τοῖς
2758 2228 3014 2296 πονηροῖς
3058 2225 3276 2297 δαίμοσι
3313 2224 3386 2278 τὰ
3432 2225 3578 2297 ἔθνη
3602 2242 3617 2255 ⁸
3656 2224 3798 2279 ἀλλὰ

507 2312 681 2366 nostri
714 2328 838 2369 esse
874 2312 1133 2368 docemur
1168 2332 1181 2370 :
1224 2315 1343 2384 ipse
1372 2329 1607 2384 namque
1660 2331 1847 2371 eorum
1901 2316 2083 2388 opifex

2195 2316 2277 2368 καὶ
2298 2316 2470 2370 ταῦτα
2499 2318 2675 2371 πάντα
2696 2317 3051 2388 δεδιδάγμεθα
3074 2320 3156 2372 ὅτι
3176 2316 3271 2372 τοῦ
3302 2317 3525 2391 Κυρίου
3559 2320 3663 2374 καὶ
3692 2320 3804 2372 Σω-

506 2411 645 2457 crat.
676 2402 817 2458 Num
845 2403 984 2459 forte
1017 2404 1141 2460 ideo
1171 2405 1225 2459 in
1259 2421 1420 2461 manu
1445 2408 1568 2476 ejus
1595 2416 1724 2463 sunt
1748 2409 1885 2465 lines
1900 2416 2081 2476 terrae,

2188 2407 2343 2479 τῆρος
2371 2408 2529 2478 ἡμῶν
2565 2409 2669 2463 ίδια
2705 2409 2962 2480 τυγχάνει
2982 2426 2995 2440 ·
3032 2410 3196 2473 αὐτὸς
3224 2409 3335 2481 γὰρ
3362 2407 3439 2482 ἦν
3473 2413 3505 2465 ό
3554 2411 3797 2484 ποιητὴς

506 2494 637 2565 quia
689 2495 795 2550 sub
844 2511 1008 2551 manu
1042 2496 1163 2566 ejus
1209 2506 1424 2554 terrena
1457 2500 1875 2568 dispensantur;
1912 2494 2083 2559 caele-

2180 2497 2379 2552 αὐτῶν.
2415 2498 2640 2569 Μήποτε
2663 2499 2721 2553 δὲ
2752 2501 2811 2554 ὲν
2840 2499 2937 2570 μὲν
2962 2502 3030 2572 τῇ
3062 2500 3204 2571 χειρὶ
3243 2501 3414 2555 αὑτοῦ
3450 2502 3527 2557 τὰ
3559 2503 3787 2575 πέρατά

509 2587 613 2641 stia
648 2602 798 2653 vero,
830 2603 952 2657 qua:
993 2588 1201 2659 trepice
1233 2590 1551 2647 altitudines
1578 2591 1848 2647 montium
1880 2610 2085 2650 vocan-

2184 2591 2288 2642 είσι
2310 2589 2411 2659 τῆς
2441 2589 2565 2660 γῆς,
2595 2590 2683 2645 διὰ
2706 2591 2766 2644 τὸ
2795 2591 2899 2645 ὑπὸ
2924 2592 3025 2663 τὴν
3056 2589 3221 2645 αὑτοῦ
3250 2595 3413 2665 χεῖρα,
3453 2593 3793 2650 διοικεῖσθαι

508 2688 619 2744 tur,
667 2681 798 2750 quid
843 2682 1199 2752 praestantius
1250 2685 1485 2739 terrenis
1533 2684 1767 2753 habent;
1801 2690 1931 2758 quia
1962 2690 2084 2759 ejus

2187 2684 2252 2738 τὰ
2280 2683 2554 2755 περίγεια,
2588 2683 2657 2738 τὰ
2689 2684 2747 2739 δὲ
2777 2686 3105 2754 ἐπουράνια,
3150 2686 3436 2758 τροπικῶς
3466 2686 3585 2760 ὕψη
3617 2688 3796 2759 ὁρέων

507 2773 668 2844 quasi
726 2775 1003 2844 possessio
1060 2785 1211 2840 sunt,
1259 2783 1315 2831 et
1381 2777 1719 2834 domicilium
1778 2781 1953 2850 regni.
2013 2811 2085 2823 —

2185 2772 2580 2845 ὀνομαζόμενα,
2610 2775 2858 2848 κρεῖττόν
2888 2791 2947 2828 τι
2977 2774 3090 2847 ἔχει
3110 2775 3220 2830 τῶν
3248 2776 3346 2830 ἐπὶ
3370 2777 3522 2849 γῆςς
3554 2778 3794 2849 ἐπειδή-

507 2859 673 2917 Vsss.
705 2864 757 2919 5.
786 2862 1051 2930 Quoniam
1081 2864 1247 2933 ipsius
1273 2874 1352 2920 est
1384 2884 1532 2922 mare
1554 2878 1604 2922 et
1633 2868 1743 2936 ipse
1764 2868 1887 2939 fecit
1924 2870 2082 2940 illud,

2184 2879 2291 2934 περ
2327 2862 2491 2916 αὑτοῦ
2527 2865 2675 2917 ἐστιν
2716 2857 2826 2919 οἷόν
2855 2881 2910 2918 τι
2950 2866 3137 2936 κτῆμα
3175 2864 3268 2919 κιιιί⁵
3314 2866 3650 2940 οἰκητήριον
3690 2868 3793 2938 τῆς

505 2965 556 3009 et
589 2954 799 3009 aridam
830 2955 1180 3025 fundaverant
1226 2974 1415 3013 manus
1442 2958 1580 3024 eius.
1618 2958 1696 3016 Ne
1728 2961 1968 3030 mireris,
2000 2965 2087 3017 in-

2186 2953 2491 3025 βασιλείας·
2521 2955 2651 3008 ὀτι
2677 2955 2865 3010 αὐτοῦ
2882 2956 3055 3011 ἐστιν
3082 2963 3121 3026 ἡ
3138 2955 3425 3012 θάλασσα
3458 2958 3569 3012 καὶ
3600 2956 3793 3022 αὐτὸς

507 3046 647 3117 quit,
680 3049 726 3102 si
774 3048 907 3104 lines
964 3057 1123 3105 terra:
1171 3050 1349 3120 ipsius
1402 3061 1552 3116 sunt,
1585 3059 1641 3107 et
1682 3053 1730 3108 si
1766 3054 2086 3113 altitudines

2183 3046 2473 3115 ἐποίησεν
2497 3045 2723 3116 αὐτὴν,
2765 3046 2865 3101 καὶ
2895 3047 3011 3117 τὴν
3043 3046 3232 3117 ξηρὰν
3262 3051 3321 3103 αί
3356 3047 3561 3118 χεῖρες
3593 3047 3790 3103 αὐτοῦ

510 3138 779 3192 montium
813 3139 880 3193 ad
917 3139 1096 3209 ipsum
1132 3142 1427 3210 pertinent.
1463 3140 1578 3198 lmo
1613 3159 1743 3200 vero
1775 3144 1927 3202 disce
1957 3148 2085 3202 uni-
2111 3193 2119 3233 ‘

2185 3138 2484 3193 ἔπλασαν.
2511 3138 2602 3209 Μὴ
2626 3137 2937 3211 θαυμάσῃς,
2985 3140 3170 3210 φησὶν,
3216 3142 3265 3193 εί
3314 3138 3385 3193 τὰ
3425 3140 3662 3212 πέρατα
3689 3137 3793 3208 τῆς

508 3242 727 3280 versum
758 3228 997 3284 humidae
1018 3230 1338 3287 substantiae
1359 3232 1711 3299 elementum,
1727 3234 1782 3290 in
1808 3252 1919 3307 quo
1939 3245 2086 3293 terra
2115 3226 2117 3229 V

2187 3228 2291 3299 γῆς
2317 3226 2480 3281 αὑτοῦ
2506 3228 2803 3298 τυγχάνει·
2853 3228 2949 3281 καὶ
2990 3230 3039 3280 εί
3067 3229 3137 3282 τὰ
3181 3228 3290 3299 ὕψη
3323 3229 3433 3282 τῶν
3468 3228 3654 3299 ὀρέων
3692 3229 3792 3282 αὑ-

511 3317 782 3384 lirmatur,
833 3320 953 3389 ejus
987 3321 1262 3391 opiﬁcium
1318 3339 1440 3380 esse
1472 3343 1485 3379 :
1518 3341 1696 3396 neque
1734 3328 1910 3383 solum
1958 3345 2087 3399 pos-

2187 3316 2281 3371 τοῦ
2309 3318 2475 3371 ἐστιν.
2518 3314 2679 3369 Ἀλλὰ
2712 3315 2822 3387 γάρ
2852 3315 3111 3387 μάνθανε,
3140 3317 3229 3370 ὅτι
3262 3317 3354 3370 καὶ
3385 3315 3446 3369 τὸ
3488 3319 3607 3370 πᾶν
3644 3335 3795 3373 στοι-

512 3410 707 3474 sessio,
757 3411 852 3465 sed
903 3412 1067 3467 etiam
1109 3413 1387 3484 Opiﬁcium
1419 3415 1541 3485 ejus
1581 3424 1687 3472 est.
1719 3417 1865 3474 Mare
1897 3420 2085 3490 igitur,

2187 3411 2331 3479 χεῖον
2363 3407 2463 3477 τῆς
2501 3406 2677 3478 ὑγρᾶς
2709 3406 2916 3471 οὐσίας,
2956 3406 3042 3476 ἐφ’
3065 3400 3109 3474 ᾧ
3137 3405 3464 3478 ἑπερέωται
3496 3407 3533 3477 ἡ
3557 3407 3658 3477 γῆ,
3688 3409 3794 3461 αὺ-

511 3516 622 3572 quo
655 3511 826 3556 totum
862 3502 1098 3561 humidae
1139 3505 1462 3562 substantia}
1511 3507 1836 3563 elementum
1880 3510 2089 3581 signifi-

2187 3498 2279 3552 τοῦ
2313 3497 2473 3571 ἔργον
2511 3497 2747 3570 ὑπάρχει
2768 3511 2782 3529 ’
2812 3498 2872 3551 οὐ
2907 3499 3065 3569 μόνον
3115 3498 3301 3569 κτῆμα
3349 3497 3441 3562 ὃν,
3490 3498 3636 3553 ἀλλὰ
3689 3502 3790 3554 καὶ

511 3601 688 3661 catur,
710 3597 826 3666 ipse
849 3596 1005 3665 fecit;
1036 3596 1246 3653 aridam
1281 3614 1410 3654 vero
1435 3614 1628 3655 manus
1652 3603 1824 3671 ipsius
1844 3602 2090 3658 eﬂorma-

2187 3590 2400 3660 ποίημα
2434 3589 2619 3644 αὑτοῦ.
2664 3589 2775 3661 Τὴν
2811 3589 2909 3660 μὲν
2935 3585 3029 3644 οσῖιν
3056 3588 3353 3655 θάλασσαν,
3379 3589 3447 3642 δι’
3477 3584 3552 3661 ἦς
3575 3590 3641 3644 τὸ
3673 3593 3785 3647 πᾶν

514 3694 644 3740 runt
672 3707 685 3742 :
714 3687 836 3742 ideo
882 3688 1114 3746 fortasse
1143 3691 1272 3762 quia
1311 3691 1519 3747 dictum
1563 3700 1648 3746 est
1673 3710 1687 3747 :
1714 3695 1925 3764 Accepit
1945 3694 2087 3750 Deus

2190 3682 2450 3753 στοιχεῖον
2469 3681 2570 3752 τῆς
2595 3681 2767 3753 ὑγρᾶς
2794 3678 2980 3744 οὐσίας
3006 3679 3281 3753 δηλοῦται,
3323 3680 3487 3745 αὐτὸς
3514 3683 3783 3755 ὲποίησε’

513 3776 778 3846 pulverem
807 3779 870 3833 de
907 3788 1070 3847 terra,
1100 3791 1151 3835 et
1180 3782 1473 3852 efformavit
1493 3785 1753 3841 hominem
1770 3787 1844 3855 “;
1873 3802 1937 3842 ac
1964 3802 2090 3842 rur-

2186 3774 2287 3843 τὴν
2319 3773 2376 3827 δὲ
2411 3773 2580 3845 ξηρὰν
2608 3774 2664 3827 at
2693 3775 2877 3845 χεῖρες
2903 3772 3070 3828 αὐτοῦ
3100 3771 3370 3826 ἔπλασανο
3409 3772 3555 3842 τάχα
3592 3772 3685 3827 διὰ
3719 3770 3783 3827 τὸ

514 3882 637 3923 sum
670 3866 978 3924 :Formavit
1012 3870 1122 3926 Deo
1147 3871 1211 3928 de
1234 3883 1376 3928 terra
1410 3892 1588 3931 omnes
1611 3876 1751 3946 feras
1767 3877 1835 3932 ⁸⁵.
1859 3875 2089 3933 Videtur

2188 3864 2475 3934 λέγεσθαι·
2509 3866 2769 3920 Ἔλαϐεν
2795 3868 2828 3919 ὀ
2862 3864 3007 3933 Θεὸς
3034 3863 3186 3933 χοῦν
3215 3863 3334 3919 ἀπὸ
3366 3862 3479 3932 τῆς
3504 3862 3647 3935 γῆς,
3678 3862 3779 3917 καὶ

513 3972 681 4028 porro
711 3967 868 4016 terra:
917 3963 1266 4030 elementum,
1312 3967 1461 4036 quod
1509 3969 1837 4039 splnericum
1888 3978 1973 4026 est
2026 3978 2089 4025 ut

2187 3957 2423 4013 ἔπλασε
2451 3957 2560 4012 τὸν
2602 3958 2917 4027 ἄνθρωπον
2939 3974 2953 3989 ·
2995 3957 3091 4011 καὶ
3133 3956 3298 4011 πάλιν
3313 3972 3327 3987 ’
3393 3956 3719 4009 Ἔπλασεν
3743 3956 3777 4008 ό

514 4053 691 4119 aiunt,
726 4055 843 4109 sive
882 4057 1116 4126 quadam
1147 4057 1253 4112 alia
1282 4060 1497 4117 ratione
1527 4061 1891 4128 eﬂ'ormatum,
1919 4064 2088 4120 verbo

2191 4049 2334 4116 Θεὸς
2365 4049 2482 4104 ἀπὸ
2521 4048 2632 4117 τῆς
2669 4048 2783 4119 τῆς
2832 4047 3026 4102 πάντα
3074 4047 3147 4101 τὰ
3190 4047 3384 4115 θηρία.
3414 4046 3604 4101 Ἐοικε
3626 4047 3685 4101 δὲ
3714 4046 3775 4100 τὸ

515 4142 608 4197 Dei
640 4145 801 4199 talem
833 4147 1114 4219 accepisse
1142 4146 1544 4207 formationem.
1585 4151 1952 4219 Quamobrem
1991 4170 2087 4209 ac—

2186 4140 2287 4210 τῆς
2313 4142 2415 4211 γῆς
2448 4143 2726 4211 στοιχεῖον,
2783 4138 3118 4211 σφαιροειδὲς
3145 4137 3225 4201 ὃν,
3246 4136 3345 4201 tib;
3371 4155 3561 4207 φασιν,
3590 4138 3624 4210 ἥ
3679 4138 3771 4191 καὶ

512 4237 703 4282 curate
748 4237 803 4283 et
851 4232 1152 4286 secundum
1214 4233 1492 4305 physicam
1562 4239 1829 4293 rationem
1878 4239 2087 4295 dictum

2188 4232 2363 4295 άλλως
2395 4232 2538 4286 κατά
2564 4248 2685 4285 τινα
2703 4231 2907 4303 τρόπον
2941 4233 3075 4301 ὲσχη
3085 4229 3436 4300 ματισμένον,
3466 4228 3616 4301 λόγῳ
3637 4225 3770 4282 Θεοῦ

512 4319 645 4375 illud
674 4330 757 4377 est
792 4340 806 4377 :
839 4320 909 4375 Et
932 4323 1139 4377 aridam
1172 4323 1530 4394 formaverunt
1564 4346 1750 4385 manus
1773 4329 1910 4399 ejus.

2189 4325 2285 4380 καὶ⁵
2318 4324 2449 4379 αὐτὸ
2480 4324 2580 4395 τὴν
2604 4324 2812 4377 τοιάνδε
2841 4323 3036 4376 πλάσιν
3066 4320 3363 4391 εἰληφέναι.
3401 4320 3495 4375 Διὸ
3527 4318 3768 4393 άκριόῶς

2188 4419 2283 4473 καὶ
2320 4417 2461 4473 κατὰ
2493 4417 2720 4488 φυσικὸν
2747 4416 2903 4486 λόγον
2934 4416 3146 4487 εἴρηται
3175 4413 3257 4468 τό”
3298 4414 3553 4486 Καίτὴν
3579 4414 3768 4483 ξηρὰν

2121 4516 2165 4573 D
2193 4511 2253 4563 al
2276 4508 2473 4579 χεῖρες
2502 4506 3018 4562 αὐτοῦ’ἐπλασαν.

582 4593 750 4650 Vens.
774 4594 827 4651 6.
869 4593 1068 4661 Venite,
1088 4593 1366 4651 adoremus
1399 4607 1449 4652 et
1477 4599 1813 4665 procidamus
1833 4613 1880 4654 et
1913 4603 2087 4670 plore-

2262 4601 2440 4655 Δεῦτε
2470 4598 2988 4668 προσκυνήσωμεν
3003 4637 3019 4661 ,
3059 4597 3158 4652 καὶ
3200 4599 3642 4669 προσπέσωμεν
3669 4593 3763 4650 καὶ

510 4704 629 4744 mus
656 4705 834 4744 coram
872 4688 1099 4743 Domino
1130 4689 1221 4760 qui
1243 4690 1374 4759 fecit
1403 4708 1519 4748 nos.
1545 4691 1684 4747 Cum
1715 4694 1952 4749 divinam
1983 4694 2090 4750 Do-

2193 4694 2554 4762 κλαύσωμεν
2612 4691 2892 4745 ἐναντίον
2945 4693 3171 4760 Κυρ¹ου
3234 4690 3341 4745 τοῦ
3401 4691 3763 4758 ποιήσαντος

513 4779 649 4836 mini
681 4781 934 4836 virtutem
964 4796 1030 4836 ex
1062 4783 1383 4851 praecedenti
1415 4782 1661 4838 doctrina
1700 4801 1881 4840 sermo
1907 4787 2089 4841 decla-

2192 4781 2364 4852 ἡμᾶς.
2405 4782 2514 4853 Τὴν
2537 4779 2716 4835 ἔνθεον
2739 4780 2832 4834 τοῦ
2866 4780 3070 4853 Κυρίου
3093 4779 3320 4851 δύναμιν
3351 4779 3439 4834 διὰ
3456 4782 3556 4852 τῆς
3584 4794 3744 4851 προτε

513 4882 709 4936 rasset,
754 4888 819 4929 ac
847 4875 1099 4944 superius
1129 4874 1379 4941 dixisset,
1430 4875 1864 4946 Prteoccupemus
1896 4877 2087 4947 faciem

2194 4874 2379 4944 θείσης
2407 4872 2755 4936 διδασκαλίας
2784 4874 3130 4945 παραιτήσας
3154 4874 3183 4924 ό
3215 4872 3391 4940 λόγος,
3424 4872 3678 4945 άνωτέρω
3703 4885 3759 4922 τε

510 4965 626 5033 eius
651 4966 704 5020 in
725 4966 1081 5036 confessione:
1103 4968 1216 5038 jam
1240 4969 1555 5024 necessario
1575 4969 1940 5025 confessionis
1969 4984 2087 5026 mo-

2192 4964 2382 5033 είπὼν,
2410 4963 2857 5034 Προφθάσωμεν
2882 4965 2951 5019 τὸ
2980 4965 3305 5034 πρόσωπον
3325 4964 3511 5019 αὑτοῦ
3543 4964 3614 5018 ἐν
3638 4962 3760 5027 ἐξο·

512 5058 643 5114 dum
676 5058 870 5128 aperit.
929 5058 1290 5117 Adhortantis
1348 5070 1531 5116 autem
1596 5076 1751 5117 more
1816 5063 2086 5131 psalmum

2186 5058 2539 5130 μολογήσει,
2568 5057 2663 5112 νῦν
2688 5057 3001 5128 ἀναγκαίως
3033 5057 3288 5126 διασαφεῖ
3322 5056 3413 5110 τὸν
3450 5057 3648 5129 τρόπον
3667 5054 3759 5124 τῆς

512 5153 674 5224 plane
702 5168 958 5219 exorsus,
988 5168 1099 5209 non
1147 5169 1177 5208 ιι
1220 5155 1557 5211 tristioribus
1583 5155 1769 5226 coepit,
1806 5155 1902 5211 sed
1934 5171 1964 5210 a
1996 5156 2088 5211 lae-

2193 5149 2654 5221 ἐξομολογήσεως.
2709 5149 2861 5204 Πάνυ
2903 5149 2962 5202 δὲ
3004 5147 3418 5218 προτρεπτικῶς
3468 5148 3757 5221 ἀρχόμενος

511 5245 747 5301 tioribus
778 5263 793 5300 :
824 5261 894 5301 ne
914 5246 953 5301 ii
980 5246 1072 5316 qui
1095 5247 1484 5314 evocabantur,
1515 5247 1642 5301 illud
1669 5247 2006 5316 procidamus
2033 5254 2089 5303 et

2192 5240 2288 5294 τοῦ
2332 5240 2574 5312 ψαλμοῦ,
2607 5242 2709 5294 οὐκ
2743 5239 2993 5294 ἐντεῦθεν
3019 5239 3129 5294 ἀπὸ
3167 5238 3278 5292 τῶν
3306 5238 3753 5311 σκυθρωποτέρων

512 5334 777 5403 ploremus
801 5344 1207 5401 aversarentur,
1235 5336 1281 5391 si
1308 5337 1493 5392 statim
1516 5336 1585 5390 ab
1609 5336 1763 5391 initio
1784 5335 2086 5391 audissent.

2194 5333 2426 5405 ἤρξατο,
2458 5333 2571 5387 ἀλλ’
2598 5332 2709 5387 ἀπὸ
2746 5331 2858 5386 τῶν
2884 5329 3274 5401 φαιδροτέρων,
3320 5329 3397 5394 ὡς
3425 5330 3492 5384 ἂν
3522 5329 3596 5401 μὴ
3633 5329 3749 5381 ἀπο·

514 5425 633 5483 Nisi
668 5426 904 5483 fortasse
951 5427 1037 5483 his
1086 5428 1267 5485 verbis
1317 5428 1458 5484 duos
1514 5428 1738 5484 ordines
1785 5428 2089 5499 signiﬁcet;

2194 5429 2450 5499 τραπεῖεν
2469 5427 2519 5479 οἰ
2551 5424 2875 5494 καλούμενοι
2902 5421 2983 5485 τὸ,
3010 5420 3449 5491 προσπέσωμεν
3475 5421 3565 5474 καὶ
3587 5415 3752 5473 κλαύ-

520 5532 686 5574 unum
710 5520 1011 5581 meliorem.
1030 5536 1190 5591 quem
1225 5521 1402 5590 primo
1428 5520 1497 5576 ad
1529 5519 1742 5575 laudem
1774 5527 1829 5575 et
1854 5520 2094 5574 exsulta-

2196 5532 2416 5587 σωμεν,
2449 5518 2609 5581 εὐθὺς
2648 5518 2707 5570 ὲν
2731 5517 2927 5588 ἀρχαῖς
2959 5513 3292 5576 ἀκούσαντες
3312 5529 3328 5545 ·
3359 5514 3408 5566 εί
3436 5514 3511 5584 μὴ
3538 5512 3640 5583 ἄρα
3669 5504 3753 5561 δύο

519 5608 719 5665 tionem
770 5611 1069 5679 evocabat;
1128 5612 1358 5667 alterum
1395 5627 1523 5667 vero
1553 5611 1759 5668 medela
1792 5620 2039 5681 egentem
2075 5629 2088 5665 :

2197 5609 2453 5680 τάγματα
2495 5606 2584 5661 διά
2628 5606 2834 5661 τούτων
2883 5607 3060 5679 δηλοῖ·
3108 5604 3166 5659 ἓν
3211 5604 3311 5676 μὲν
3337 5605 3396 5659 τὸ
3424 5606 3680 5674 κρεῖττον,
3726 5593 3755 5648 ὃ

593 5784 635 5816 ⁶¹
676 5783 799 5841 Psal
855 5800 1134 5853 Lxxxvm,
1172 5788 1219 5842 7.
1298 5787 1341 5817 "
1378 5785 1521 5843 Psal.
1562 5806 1631 5856 ιι,
1660 5789 1710 5846 8.
1789 5788 1832 5821 ⁵⁸
1872 5788 2005 5846 Gen.
2049 5804 2122 5855 ιι,
2160 5788 2212 5856 7,
2291 5787 2333 5820 "
2374 5785 2510 5842 Gen.
2545 5802 2592 5851 ι,
2626 5785 2719 5841 25.
