4074 6374
325 366 462 422 1215

323 571 438 625 λεῐ·
499 571 746 643 δεύτερον
793 573 848 625 δὲ
896 574 956 626 τὸ
1005 573 1258 644 δεόμενον
1315 574 1649 646 θεραπείας·
1703 576 1770 629 δι’
1825 575 1894 642 δ,

324 664 501 718 Δεῦτε
531 663 1043 734 ἁγαλλιασώμεθα,
1068 668 1125 718 ἐν
1152 670 1262 730 τοῖς
1291 666 1524 739 πρώτοις
1541 669 1772 740 εἴρηται·
1799 664 1896 721 εἴθ’

324 755 454 824 ἑξῆς
495 755 630 825 μετὰ
675 755 744 808 τὰ
777 756 1210 828 τεθεολογημὲνα
1252 759 1380 830 περὶ
1423 758 1518 812 τοῦ
1555 759 1761 830 Κυρίου
1803 761 1898 813 καὶ

327 845 467 916 μετὰ
490 846 587 916 τὴν
614 847 724 900 τῶν
757 849 1040 921 προτέρων
1078 849 1268 920 κλῆσιν
1321 851 1414 903 ἐπὶ
1451 852 1579 914 τοὺς
1615 851 1899 923 δευτέρους

329 934 662 1006 μεταϐαίνει,
706 939 800 990 καλ⁵
838 937 1061 1015 τούτους
1102 938 1368 994 διδάσκων
1411 939 1531 992 ἀντὶ
1575 938 1765 1002 ὓδατος
1804 939 1900 992 καὶ

325 1026 818 1096 περιρραντηρίων,
852 1026 1115 1098 κλαυθμῷ
1136 1029 1229 1081 καὶ
1255 1027 1634 1099 ἐξομολογήσει
1675 1029 1766 1081 ἐπὶ
1786 1029 1901 1091 τοῖς

323 1115 558 1186 πρώτοις
586 1116 762 1169 αὐτῶν
812 1118 1171 1189 ἁμαρτήμασι
1205 1119 1530 1190 χρήσασθαι.
1568 1121 1900 1192 Προτρεπτι-

322 1202 435 1266 κῶς
453 1203 508 1256 δὲ
530 1204 611 1270 τὸ,
639 1205 995 1274 κλαύσωμεν
1013 1206 1292 1260 ἐναντίον
1311 1210 1364 1260 Κ
1365 1209 1556 1275 υρίου.
1584 1208 1898 1276 ἐπαγαγὼν,

323 1293 430 1346 τοῦ
466 1293 836 1360 ποιήσαντος
863 1293 1041 1364 ἡμᾶς,
1072 1295 1282 1364 ἀγαθὰς
1311 1296 1624 1368 ὑπέγραψεν
1652 1297 1896 1361 ἐλπίδας,

322 1383 565 1450 διδάξας,
613 1386 693 1439 ὅτι
731 1385 804 1457 μὴ
851 1387 1119 1459 ἀλλότριοι
1153 1388 1319 1458 ἐσμεν
1366 1388 1566 1456 αὑτοῦ,
1600 1388 1712 1441 ἀλλ’
1739 1388 1899 1460 ἔργον

322 1474 488 1527 αὑτοῦ
524 1476 617 1529 καὶ
647 1476 856 1548 ποίημα
881 1476 1076 1530 αὐτοῦ·
1103 1477 1170 1530 δι’
1209 1477 1238 1530 δ
1265 1479 1530 1549 προσήκει
1569 1477 1638 1530 τὰ
1667 1478 1900 1549 χρηστός

322 1581 455 1635 τερα
485 1565 805 1638 προσδοκᾷν,
837 1566 931 1619 ἆτε
981 1566 1044 1636 δὴ
1079 1567 1376 1637 κηδομένου
1425 1565 1588 1621 αὑτοῦ
1636 1567 1730 1620 τοῦ
1768 1567 1898 1621 ἰδίου

324 1660 650 1730 ποιήματος.
675 1661 796 1713 Ἔτι
813 1659 950 1730 πρὸς
973 1658 1181 1724 τούτοις
1209 1661 1296 1714 διὰ
1315 1661 1432 1726 τοῦ,
1456 1660 1901 1730 Προσπέσωμεν

323 1750 422 1804 καί
452 1751 813 1820 κλαύσωμεν
843 1751 1100 1808 ἐνώπιον
1151 1755 1395 1821 Κυρίου,
1426 1753 1664 1807 διδάσκει
1702 1752 1776 1824 μὴ
1816 1755 1901 1806 ὲν-

1443 367 1940 424 COMMENTARIA
1983 368 2050 423 IN
2091 366 2426 424 PSiiLMOS.

323 477 748 551 προηγουμένως
776 478 870 533 ἰπὶ
899 478 989 532 τὸν
1018 475 1162 535 αἶνον
1187 483 1282 535 καὶ
1314 481 1411 554 τὴν
1435 483 1754 552 ἀγαλλιασιν
1793 500 1892 537 κα-
1921 489 1962 546 Α
1993 483 2372 554 quamobrem,

3441 368 3577 422 i2”

2464 479 2643 535 Venite
2703 481 3046 546 exsullemus,
3103 482 3159 536 in
3213 480 3444 536 exordio
3505 479 3582 533 di-

1999 579 2146 625 ctum
2197 571 2297 638 sit;
2348 568 2546 623 deinde
2585 583 2712 622 vero
2757 578 2880 638 post
2913 585 2972 623 ea
3014 585 3136 639 qua:
3168 570 3314 623 circa
3369 569 3579 622 Domini

1998 660 2253 716 deitatem
2312 662 2456 716 dicta
2512 667 2661 724 sunt,
2729 670 2782 715 et
2843 669 2964 730 post
3016 661 3258 731 priorum
3331 659 3580 714 vocatio-

1999 754 2229 817 tionem,
2265 753 2331 807 ad
2357 753 2634 808 secundos
2664 760 2930 814 transeat,
2963 751 3166 806 docens
3187 768 3281 807 eos
3312 767 3410 823 pro
3443 766 3582 818 aqu]

1998 852 2052 901 et
2095 845 2395 908 ablatione,
2443 844 2702 915 lacrymis
2730 854 2782 898 et
2823 843 3174 898 confessione
3231 844 3300 897 ad
3353 843 3581 913 pristina

1998 946 2224 1008 peccata
2259 937 2526 1006 expianda
2567 935 2826 990 utendum
2861 951 3005 990 esse.
3049 934 3184 988 Cum
3217 942 3396 988 autem
3450 933 3581 985 hor-

2000 1027 2170 1081 tantis
2221 1041 2372 1080 more
2424 1024 2500 1077 illi
2542 1023 2708 1087 dicto,
2774 1024 3036 1091 ploremus
3084 1038 3267 1076 coram
3330 1021 3579 1084 Domino,

2000 1116 2294 1180 addiderit,
2322 1117 2410 1186 qui
2440 1115 2561 1184 fecit
2597 1131 2714 1181 nos,
2756 1115 2954 1168 bonam
2992 1129 3143 1184 spem
3175 1113 3451 1182 ascripsit,
3481 1111 3581 1166 do-

2001 1222 2134 1263 cens
2160 1221 2261 1260 nos
2298 1221 2406 1259 non
2431 1205 2642 1260 alienos
2666 1205 2768 1275 ipsi
2793 1220 2937 1265 esse,
2969 1205 3063 1258 sed
3095 1219 3234 1273 opus
3273 1210 3328 1256 et
3361 1210 3581 1257 creatu-

2001 1311 2117 1350 ram
2140 1296 2260 1364 ejus
2283 1313 2295 1349 :
2316 1295 2668 1364 quamobrem
2689 1295 3020 1364 jucundiora
3043 1292 3409 1362 exspectanda
3434 1301 3582 1356 sunt;

1999 1402 2124 1440 cum
2166 1388 2284 1456 ipse
2329 1401 2489 1440 suum
2525 1393 2682 1440 curet
2727 1383 3026 1454 opificium.
3061 1382 3141 1436 Ad
3176 1383 3290 1436 haec
3317 1397 3465 1445 vero,
3501 1382 3584 1436 his

1999 1478 2220 1542 verbis,
2264 1475 2615 1531 Procidamus
2668 1485 2718 1531 et
2764 1476 3030 1546 ploremus
3092 1491 3273 1529 coram
3333 1473 3584 1542 Domino,

2000 1571 2158 1624 docet
2195 1585 2303 1622 non
2337 1569 2391 1622 in
2435 1578 2731 1638 conspectu
2795 1568 3100 1632 hominum,
3133 1581 3242 1621 non
3301 1566 3584 1621 hominum

2001 1658 2176 1729 gratia
2215 1658 2267 1712 id
2308 1659 2576 1728 agendum
2615 1674 2772 1722 esse;
2799 1658 2892 1714 sed
2929 1658 2984 1712 in
3011 1657 3357 1721 abscondito,
3389 1673 3587 1713 securr

2001 1750 2238 1804 cundum
2272 1749 2425 1813 illud,
2466 1749 2628 1804 Pater
2660 1760 2801 1816 tuus,
2840 1749 2930 1820 qui
2971 1748 3112 1802 videt
3155 1749 3208 1801 in
3254 1746 3584 1811 abscondito,

323 1841 493 1895 ώπιον
532 1842 834 1915 ἀνθρώπων
881 1845 1013 1917 μηδὲ
1049 1845 1117 1900 δι’
1145 1844 1464 1918 ἀνθρώπους
1503 1844 1661 1898 τοῦτο
1705 1847 1896 1909 ποιεῖν,

2001 1841 2177 1898 reddet
2197 1842 2291 1896 tibi
2304 1843 2366 1898 “.
2387 1841 2654 1898 Omnibus
2673 1845 2852 1913 itaque
2867 1842 3161 1912 generatim
3184 1841 3294 1895 haec
3319 1849 3590 1911 praecepta

327 1932 444 1987 ἀλλ’
474 1934 532 1985 ὲν
568 1932 646 2004 τῷ
675 1934 906 2006 κρυπτῷ
935 1934 1076 1988 κατὰ
1113 1935 1192 1999 τὸ,
1230 1936 1285 1988 '0
1306 1934 1507 2002 Πατήρ
1534 1949 1651 1987 σου
1691 1937 1724 1988 ό
1751 1934 1899 1998 βλέ-

324 2039 454 2076 πων
479 2023 550 2076 ἐν
572 2021 653 2089 τῷ
682 2022 922 2092 κρυπτῷ
943 2023 1238 2079 ἀποδώσει
1253 2041 1372 2079 σοι.
1397 2022 1638 2078 Καθόλου
1682 2023 1778 2094 μὲν
1807 2019 1899 2076 οὖν

325 2113 530 2166 ἅπασιν
562 2111 791 2185 ἁρμόζει
825 2114 893 2168 τὰ
940 2115 1404 2187 παρηγγελμένα·
1455 2115 1659 2187 κυρίως
1699 2114 1756 2166 δὲ
1805 2114 1900 2168 καὶ

323 2207 753 2278 προηγουμένως
785 2209 813 2262 ὁ
835 2205 1005 2275 Λόγος
1035 2207 1126 2262 τὸν
1161 2207 1430 2261 Ἰουδαίων
1456 2207 1585 2262 λαὸν
1617 2209 1710 2261 ἐπὶ
1737 2224 1901 2278 μετα-

322 2297 441 2368 νοίᾳ
460 2290 536 2350 ὧν
567 2297 874 2368 ἐτόλμησαν
919 2299 1248 2368 παρακαλεῖ,
1283 2299 1412 2352 Ὀτι
1440 2298 1627 2364 αὑτός
1659 2299 1830 2352 ἐστιν
1867 2301 1900 2353 ό

325 2385 471 2452 Θεὸς
509 2384 696 2454 ἡμῶν,
750 2387 848 2439 καὶ
892 2385 1063 2456 ἡμεῖς
1114 2388 1266 2453 λαὸς
1294 2385 1487 2456 νομῆς
1539 2385 1758 2451 αὑτοῦ,
1799 2387 1898 2440 καί

323 2476 589 2544 πρόϐατα
616 2476 810 2546 χειρὸς
829 2476 1036 2532 αὐτοῦ.
1055 2477 1131 2532 Οὐ
1167 2478 1325 2549 μόνον
1353 2477 1556 2550 Κύριος
1576 2479 1609 2548 ἡ
1618 2477 1732 2548 μῶν
1753 2479 1900 2531 ἐστιν

321 2568 400 2631 ὡς
427 2567 652 2622 οίκετῶν
677 2567 961 2639 δεσπότης,
985 2567 1106 2622 οὐδὲ
1135 2568 1294 2640 μόνον
1317 2568 1544 2640 ποιητὴς
1588 2569 1663 2632 ὡς
1687 2569 1752 2623 ἂν
1782 2568 1898 2622 κτί-

324 2675 458 2729 στης
484 2657 662 2729 ἡμῶν,
691 2657 826 2712 ἀλλὰ
846 2659 940 2712 καὶ
965 2658 1096 2724 Θεός
1123 2661 1270 2713 ἐστιν
1298 2660 1476 2732 ἡμῶν,
1498 2661 1594 2715 ἆτε
1614 2661 1670 2714 δὲ
1697 2660 1901 2730 ἀγαθὸς

322 2748 398 2802 ὣν
427 2749 522 2802 καὶ
559 2748 735 2812 ἵλεως.
778 2749 856 2802 Δι’
889 2749 918 2803 δ
948 2749 1042 2804 καὶ
1074 2750 1318 2820 φείσεται
1350 2751 1508 2822 ἡμῶν
1557 2751 1652 2805 καὶ
1685 2751 1898 2822 ἐλεήσει

322 2839 490 2909 ἡμᾶς·
526 2839 608 2893 δτι
641 2839 702 2892 οὐ
741 2838 898 2910 μόνον
932 2842 1166 2912 ποίημα,
1219 2840 1357 2894 ἀλλὰ
1402 2842 1496 2895 καὶ
1525 2841 1711 2913 κτῆμα
1733 2841 1897 2896 αὑτοῦ

323 2931 664 3001 τυγχάνομεν
693 2931 844 2994 ὄντες
862 2947 875 2960 ⁶
907 2931 1003 2986 καὶ
1043 2933 1093 2984 oi
1134 2932 1232 3002 μὲν
1261 2931 1612 3004 λογικώτεροι
1640 2933 1770 2996 λαὸς
1795 2934 1896 2987 αὐ-

321 3022 437 3090 τοῦ,
462 3023 512 3075 οί
544 3022 601 3076 δὲ
626 3022 706 3076 ἔτι
731 3022 941 3088 ἀτελεῖς
963 3024 1056 3077 καὶ
1079 3023 1407 3097 ἀλογώτεροι
1437 3025 1684 3098 πρόϐατα
1718 3027 1900 3099 χειρὸς

322 3113 509 3167 αὑτοῦ·
526 3113 666 3168 ὥστε
693 3115 788 3169 ἐὰν
820 3115 1344 3189 ὲξομολογησώμεθα
1371 3118 1520 3190 αὐτῷ
1549 3121 1642 3172 καὶ
1666 3137 1900 3192 προσκυ-

323 3205 577 3276 νήσωμεν
603 3207 697 3259 καὶ
729 3207 1127 3278 προσπέσωμεν
1171 3210 1266 3263 καὶ
1299 3210 1621 3282 κλαύσωμεν
1659 3212 1899 3268 ἐναντίον
1926 3194 1968 3252 C

324 3294 513 3362 αὐτοῦ,
535 3293 594 3361 ἐξ
611 3295 850 3359 ἆπαντος
876 3297 1256 3368 σωθησόμεθα,
1285 3300 1334 3352 οί
1355 3299 1454 3370 μὲν
1467 3300 1544 3364 ὡς
1557 3299 1684 3363 λαὸς
1709 3301 1898 3368 αὐτοῦ,

323 3387 374 3440 οι
412 3386 470 3440 δὲ
505 3387 581 3450 ὡς
619 3387 864 3457 πρόϐατα
890 3389 1072 3460 χειρὸς
1100 3390 1286 3444 αὐτοῦ.
1323 3390 1557 3460 Λέγεται
1577 3392 1708 3461 γοῦν
1741 3393 1904 3458 αὐτὸς

325 3475 464 3532 εῖναι
489 3481 517 3532 ό
534 3479 738 3550 ποιμὴν
759 3481 787 3533 ό
808 3480 992 3544 καλός·
1015 3482 1109 3536 καὶ
1138 3484 1299 3554 ἡμεῖς
1317 3483 1495 3553 λέγειν
1516 3484 1901 3557 διδασκόμεθα·

324 3570 539 3638 Κύριος
565 3571 864 3639 ποιμαίνει
887 3588 986 3641 με,
1021 3572 1121 3626 καί
1149 3572 1332 3628 οὐδέν
1344 3591 1422 3644 με
1458 3575 1800 3644 ὐστερήσει.

395 3684 665 3753 Σήμερον
693 3684 802 3738 ἐὰν
844 3683 956 3753 τῆς
995 3684 1202 3754 φωνῆς
1241 3687 1429 3742 αὐτοῦ
1461 3688 1784 3756 ἀκούσητε,
1814 3689 1900 3758 μὴ

324 3775 712 3842 σκληρύνητε
754 3772 861 3839 τὰς
905 3771 1153 3841 καρδίας
1199 3772 1368 3843 ὑμῶν
1409 3773 1481 3827 ὲν
1533 3773 1613 3840 τῷ
1656 3788 1905 3843 παραπι-

325 3863 591 3934 κρασμῷ.
632 3863 813 3928 Ἅπαξ
844 3864 985 3928 τότε,
1012 3863 1197 3936 φησὶν,
1223 3863 1592 3935 ὲσκληρύνατε
1628 3863 1727 3928 τὰς
1767 3881 1904 3936 καρ-

325 3955 442 4019 δίας
469 3955 498 4008 ὑ
508 3955 642 4026 μῶν,
675 3955 1005 4019 ἀκούσαντες
1025 3955 1188 4010 αὑτοῦ
1215 3956 1314 4027 τῆς
1334 3955 1518 4026 φωνῆς
1543 3957 1634 4009 ἐπὶ
1649 3956 1748 4026 τῆς
1775 3956 1904 4028 ἐρή-

329 4063 449 4117 μου·
480 4047 643 4118 όρᾶτε
663 4041 754 4099 οὖν
782 4046 856 4117 μὴ
886 4046 980 4100 καὶ
1006 4043 1258 4116 δεύτερον
1287 4044 1477 4098 ταύτὸν
1511 4044 1775 4116 πράξητε,
1807 4041 1902 4096 ἐὰν

325 4135 483 4203 αὖθις
512 4139 611 4211 τῆς
636 4141 818 4210 φωνῆς
833 4138 997 4193 αὐτοῦ
1022 4138 1288 4211 ἀκούσητε
1317 4141 1375 4192 ὲν
1403 4136 1710 4207 ἀνθρώποις
1735 4139 1797 4208 σή
1807 4154 1902 4209 με·

328 4247 422 4302 ρον
452 4230 768 4301 γενομένου.
802 4230 861 4284 ⁴Ο
889 4230 948 4284 δὲ
980 4230 1137 4299 λόγος
1157 4230 1586 4302 προηγουμένως
1610 4231 1746 4302 πρὸς
1775 4232 1904 4295 τοὺς

325 4325 392 4377 ἐκ
419 4322 724 4394 περιτομῆς
760 4321 1009 4376 λέλεκται
1039 4324 1104 4376 ἐκ
1134 4321 1426 4393 προσώπου
1459 4321 1554 4376 τοῦ
1590 4321 1750 4393 χοροῦ
1793 4322 1903 4378 τῶν

324 4414 620 4490 προφητῶν
651 4415 1086 4487 προφερόμενος·
1117 4415 1167 4469 οἳ
1197 4415 1260 4488 δὴ
1297 4415 1439 4470 κατὰ
1481 4416 1580 4487 μὲν
1609 4416 1706 4487 τὴν
1729 4415 1902 4487 ἀρχὴν

1999 1933 2373 1999 conveniunt;
2410 1943 2461 1987 at
2492 1933 2710 2004 proprie
2745 1940 2800 1987 et
2843 1931 3120 2003 praecipue
3141 1929 3455 1985 Iudaeorum
3482 1947 3586 2002 po-

2001 2029 2187 2099 pulum
2207 2029 2273 2083 ad
2307 2028 2614 2083 facinorum
2645 2043 2869 2082 suorum
2895 2027 3271 2097 pmnitentiam
3303 2026 3586 2098 Scriptura

1999 2127 2212 2176 evocat.
2248 2150 2320 2161 —
2363 2118 2605 2176 Vzas.7.
2636 2121 2777 2187 Quia
2825 2120 2934 2188 ipse
2989 2128 3068 2174 est
3120 2118 3262 2173 Deus
3305 2129 3505 2183 uoster,
3536 2131 3586 2175 et

2000 2225 2095 2262 nos
2123 2208 2348 2276 populus
2375 2223 2587 2278 pascua:
2634 2209 2770 2279 ejus,
2803 2218 2852 2264 et
2884 2225 2998 2263 ores
3043 2225 3232 2264 manus
3273 2210 3409 2280 ejus.
3466 2209 3587 2265 Non

2001 2300 2164 2355 modo
2185 2299 2449 2356 Dominus
2480 2310 2669 2356 noster
2691 2309 2797 2366 est,
2834 2307 2894 2354 ut
2929 2301 3093 2354 herus
3117 2299 3585 2367 domesricorum;

2001 2408 2180 2462 neque
2219 2393 2398 2448 solum
2438 2393 2653 2463 opifex,
2705 2399 2894 2464 utpote
2931 2391 3159 2447 Creator
3207 2403 3430 2462 noster;
3491 2392 3588 2448 sed

2000 2483 2164 2538 etiam
2195 2482 2341 2539 Deus
2386 2490 2576 2538 noster
2607 2493 2712 2547 est,
2747 2491 2935 2554 utpote
2977 2483 3156 2538 bonus
3187 2489 3242 2536 et
3293 2482 3584 2553 propitius.

2001 2574 2366 2642 Quamobrem
2425 2583 2613 2645 parcet
2661 2575 2821 2630 nobis
2866 2582 2922 2629 et
2969 2573 3319 2629 miserebitur
3370 2574 3589 2630 nostri:

1999 2668 2128 2736 quia
2159 2681 2268 2721 non
2297 2664 2574 2736 Opiﬁcium
2626 2665 2912 2729 duntaxat,
2949 2666 3045 2720 sed
3097 2667 3263 2720 etiam
3307 2666 3590 2735 possessio

2000 2758 2122 2828 ejus
2153 2774 2345 2814 sumus
2372 2777 2386 2814 :
2418 2765 2472 2814 et
2507 2757 2961 2812 rationabiliores
2991 2772 3021 2812 e
3069 2756 3231 2810 nobis
3269 2763 3398 2812 sunt
3421 2771 3589 2826 popu-

2000 2849 2086 2904 lus
2113 2851 2234 2919 ejus
2280 2849 2364 2917 ;ii
2413 2863 2542 2903 vero
2599 2847 2913 2918 qni-adhuc
2969 2846 3270 2917 imperfecti
3303 2855 3358 2901 et
3404 2846 3588 2900 minus

2001 2940 2352 2996 rationabiles
2391 2947 2540 3003 sunt,
2579 2955 2708 2994 oves
2736 2953 2933 2994 manus
2969 2939 3109 3007 ejus.
3142 2936 3330 3008 Itaque
3369 2937 3412 2990 si
3441 2951 3576 2990 con-

2003 3031 2252 3085 ﬁteamur
2286 3029 2412 3100 ipsi,
2446 3029 2494 3084 si
2528 3028 2840 3091 adoremus,
2881 3028 3230 3098 procidamns
3271 3035 3327 3081 et
3361 3026 3586 3081 ﬂeamus

2002 3136 2187 3177 coram
2233 3121 2350 3189 illo,
2388 3120 2621 3174 salutem
2667 3135 2898 3190 prorsus
2954 3119 3309 3174 consecuturi
3359 3133 3586 3183 sumus;

2003 3215 2094 3270 alii
2121 3213 2337 3285 quidem
2380 3221 2439 3267 ut
2491 3213 2758 3284 populus;
2795 3212 2886 3266 alii
2935 3227 3065 3267 vero
3115 3219 3176 3266 ut
3228 3226 3359 3266 oves
3393 3225 3589 3264 manus

2003 3305 2145 3376 ejus.
2183 3305 2305 3377 Ipse
2327 3319 2564 3374 namque
2586 3303 2792 3358 dicitur
2813 3319 2936 3358 esse
2965 3304 3144 3358 bonus
3183 3309 3463 3372 pastor,et
3488 3316 3590 3356 nos

2004 3397 2346 3453 instituimur
2387 3397 2452 3452 ad
2509 3395 2801 3452 dicendum
2835 3414 2848 3450 :
2881 3394 3142 3450 Dominus
3167 3396 3336 3464 pascit
3390 3411 3504 3460 me,
3538 3401 3589 3448 et

2004 3489 2137 3545 nihil
2174 3489 2304 3544 mihi
2335 3488 2503 3544 deerit
2533 3489 2600 3542 ⁸⁷.

2076 3681 2243 3737 Vens.
2269 3682 2322 3736 8.
2360 3680 2532 3735 Hodie
2554 3682 2601 3735 si
2624 3697 2797 3736 vocem
2827 3680 2942 3750 ejus
2978 3679 3278 3746 audieritis,
3307 3679 3470 3733 nolite
3490 3679 3587 3734 ob-

2003 3771 2199 3826 durare
2231 3771 2395 3826 corda
2437 3782 2610 3826 uestra
2649 3774 2704 3826 in
2745 3772 3168 3826 exacerbatione.
3202 3771 3358 3827 Tunc
3393 3772 3584 3835 semel,

2005 3864 2206 3934 inquit,
2231 3864 2417 3918 audita
2442 3864 2495 3918 in
2513 3879 2700 3919 eremo
2720 3879 2855 3919 voce
2877 3865 3050 3935 ipsius
3079 3863 3398 3919 obdurastis
3419 3865 3588 3920 corda

2003 3963 2421 4022 vestra;cavete
2450 3971 2580 4028 ergo
2621 3973 2689 4012 ne
2727 3955 2968 4012 secundo
2997 3955 3228 4026 idipsum
3261 3955 3584 4023 admittatis,

2005 4047 2052 4102 si
2086 4061 2304 4100 rursum
2332 4047 2452 4115 ejus
2492 4047 2637 4119 apud
2672 4047 2923 4102 homines
2974 4047 3136 4102 hodie
3187 4049 3460 4102 versantis
3490 4064 3586 4102 vo-

2004 4153 2121 4192 cem
2141 4137 2396 4192 audiatis.
2417 4138 2610 4194 Sermo
2636 4147 2816 4193 autem
2844 4139 3046 4209 populo
3067 4155 3131 4193 ex
3163 4139 3588 4195 circumcisione

2003 4229 2301 4298 praesertim
2331 4229 2668 4294 enuntiatur,
2699 4244 2766 4284 ex
2813 4244 3046 4298 persona
3096 4229 3249 4283 chori
3295 4229 3586 4299 propheta-

2005 4337 2126 4376 rmn
2167 4321 2432 4392 prolatus.
2465 4319 2545 4374 Illi
2578 4322 2786 4378 scilicet
2822 4321 2978 4376 initio
3009 4321 3226 4392 quidem
3259 4322 3440 4375 omnia
3464 4323 3586 4391 plu-

2003 4415 2192 4468 raliter
2217 4413 2492 4478 dicehant,
2517 4416 2724 4470 vocatis
2745 4431 2866 4470 sese
2894 4423 3354 4469 connmnerantes
3385 4433 3396 4469 :
3431 4429 3581 4480 nam,

322 4507 394 4562 τὰ
431 4508 608 4562 πάντα
641 4507 825 4576 ἔλεγον
858 4507 1255 4580 πληθυντικῶς,
1304 4509 1398 4562 καὶ
1445 4509 1670 4572 ἑαυτοὺς
1700 4525 1900 4577 συγκα-

2005 4505 2191 4568 venite,
2214 4504 2452 4569 aiebant,
2487 4505 2836 4570 exsultemus,
2858 4506 3149 4576 jubilemus
3177 4515 3227 4560 et
3258 4521 3586 4575 prmoccupe-

322 4599 646 4668 ταλέγοντες
677 4602 788 4661 τοῖς
814 4597 1165 4670 καλουμένοις
1185 4615 1200 4630 ο
1240 4600 1437 4662 Δεῦτε.
1479 4600 1588 4671 γὰρ
1625 4600 1862 4669 ἔφασκον
1882 4641 1897 4666 ,

325 4685 825 4756 ἁγηλλιασώμεθα
855 4687 951 4740 καί
980 4686 1379 4757 ἀλαλάξωμεν
1410 4689 1508 4742 καὶ
1545 4689 1898 4758 προφθὰσω-

321 4795 435 4848 μεν
452 4795 466 4810 ·
499 4779 596 4832 καὶ
615 4779 774 4832 πάλιν
793 4795 806 4808 ·
842 4778 1019 4834 Δεῦτε
1040 4781 1558 4851 προσκυνήσωμεν
1587 4783 1684 4835 καὶ
1713 4798 1898 4850 προσ-

321 4869 602 4939 πέσωμεν
632 4870 729 4923 καί
759 4871 1137 4941 κλαύσωμεν·
1163 4873 1255 4926 ἐπὶ
1281 4873 1338 4926 δὲ
1374 4873 1468 4926 τοῦ
1495 4874 1757 4946 παρόντος
1781 4873 1898 4926 ἑτέ-

288 5020 301 5034 ,
326 4975 436 5031 ρων
466 4963 546 5026 εις
571 4961 856 5033 πρόσωπον
889 4962 962 5034 μὴ
989 4964 1426 5035 παραιτήσασθαι
1459 4965 1556 5036 τὴν
1582 4965 1771 5035 κλῆσιν
1803 4983 1901 5020 πα-

325 5051 598 5124 ραινοῦσι·
630 5053 754 5125 μηδ’
786 5055 1084 5126 ἀπιστῆσαι
1112 5059 1175 5127 τῇ
1200 5059 1431 5128 φωνῇτῇ
1452 5060 1688 5129 σήμερον
1717 5059 1899 5122 αὐτοῖς

325 5145 594 5218 μελλούσῃ
637 5146 839 5202 λαλεῖν.
875 5150 949 5203 Τὸ
980 5148 1057 5215 δὲ,
1080 5149 1364 5218 σήμερον,
1393 5151 1422 5202 ὁ
1470 5149 1790 5215 Ἀπόστολος
1817 5152 1898 5213 είς

320 5239 501 5294 πάντα
529 5240 620 5292 τὸν
653 5240 1046 5311 παρατείνοντα
1076 5241 1174 5312 τῆς
1209 5241 1354 5312 ζωῆς
1379 5241 1537 5313 ἡμῶν
1556 5242 1743 5314 χρόνον
1765 5243 1896 5309 ἐξεί-

319 5327 482 5403 ληφε,
518 5329 657 5383 κατὰ
684 5331 766 5395 τὸ,
796 5331 907 5398 ἕως
942 5328 1015 5387 οὗ
1053 5333 1118 5386 τὸ
1145 5332 1414 5402 σήμερον
1433 5334 1716 5388 καλεῖται.
1757 5335 1900 5406 Προ-

319 5422 510 5495 τρέπει
529 5421 585 5474 δὲ
609 5421 703 5475 καλ⁵
729 5423 876 5494 ἡμᾶς
902 5425 932 5476 ό
956 5424 1113 5494 λόγος
1145 5424 1394 5478 ἐντεῦθεν
1425 5426 1770 5498 ἀπάρξασθαι
1792 5426 1899 5479 τῶν

323 5511 812 5583 παρηγγελμένων.
845 5515 908 5566 Ei
941 5514 1051 5586 γὰρ
1083 5515 1178 5568 καὶ
1200 5514 1366 5586 πολλή
1398 5532 1483 5578 τις
1513 5515 1706 5584 γέγονε
1736 5515 1900 5586 ῥαθυ-

326 5605 424 5674 μία
465 5607 522 5658 ὲν
561 5603 640 5675 τῷ
681 5605 1004 5677 παρελθόντι
1056 5607 1262 5678 χρόνῳ·
1321 5605 1456 5660 ἀλλὰ
1503 5607 1604 5661 κᾶν
1649 5609 1756 5661 ἀπὸ
1801 5609 1898 5678 τῆς

2006 4612 2159 4661 mus;
2193 4612 2258 4652 ac
2287 4613 2528 4659 rursum,
2575 4597 2774 4664 Venite,
2821 4598 3119 4662 adoremus,
3164 4597 3502 4667 providemus
3533 4607 3584 4652 et

2003 4689 2271 4760 ploremus
2305 4705 2324 4743 :
2354 4690 2408 4743 in
2434 4691 2690 4760 praesenti
2726 4706 2857 4746 vero
2883 4690 3113 4744 aliorum
3140 4697 3419 4758 assumpta
3458 4705 3582 4760 per-

2003 4781 2490 4845 sona,bortantur
2545 4798 2613 4837 ne
2674 4783 3015 4837 vocationem
3071 4791 3366 4852 rCSpuant;
3409 4797 3586 4852 neque

2003 4875 2123 4929 voci
2155 4889 2276 4945 quae
2319 4873 2468 4944 ipsos
2517 4872 2679 4928 hodie
2725 4873 3030 4927 allocutura
3055 4880 3137 4927 est
3170 4873 3329 4927 fidem
3362 4881 3582 4943 negent.

2005 4966 2144 5022 Illud
2175 4983 2357 5038 porro,
2390 4966 2565 5031 hodie,
2595 4967 2892 5036 Apostolus
2932 4965 3130 5035 accipit
3176 4981 3275 5034 pro
3305 4973 3420 5018 toto
3464 4967 3587 5019 vitae

2006 5065 2206 5113 nostra:
2238 5067 2514 5128 tempore;
2547 5056 2848 5113 secundum
2890 5055 3042 5118 illud,
3072 5055 3248 5110 Donec
3301 5055 3453 5110 hodie
3495 5066 3586 5108 vo-
3634 5080 3643 5088 -

2003 5151 2242 5206 catur“.
2280 5149 2541 5204 Hortatur
2601 5156 2782 5203 autem
2834 5162 2937 5202 nos
2988 5146 3291 5217 Scriptura,
3343 5155 3402 5201 ut
3454 5147 3584 5200 hinc

2002 5251 2271 5313 praecepta
2299 5239 2550 5296 servandi
2576 5241 2860 5297 exordium
2883 5239 3169 5294 ducamus.
3194 5237 3580 5291 Etiamsienim

2000 5333 2330 5404 prmcedenti
2383 5341 2628 5403 tempore
2687 5333 2744 5386 in
2810 5345 3006 5402 magna
3085 5330 3318 5400 segnitie
3379 5329 3580 5385 versati

2001 5427 2211 5493 simus;
2246 5435 2301 5480 at
2350 5428 2432 5482 vel
2490 5428 2680 5482 saltem
2730 5427 2800 5481 ab
2846 5426 2948 5480 hac
2979 5424 3089 5489 die,
3121 5439 3243 5494 qua:
3283 5437 3380 5492 per
3419 5419 3576 5484 illud,

2000 5516 2174 5581 hodie,
2204 5517 2552 5587 exprimitur,
2577 5517 2718 5571 etab
2747 5516 2851 5569 hoc
2878 5525 3120 5584 tempore
3142 5512 3302 5568 dictis
3332 5508 3582 5564 attende-

2000 5625 2060 5664 re
2090 5624 2346 5663 curemus
2387 5629 2398 5663 :
2437 5624 2535 5664 nec
2569 5607 2832 5680 populum
2886 5606 3035 5662 illum
3067 5603 3362 5668 imitemur,
3389 5599 3481 5672 qui
3523 5599 3579 5654 in

393 5761 437 5791 “
480 5760 665 5818 Matth.
703 5780 788 5826 vr,
828 5762 966 5828 4,6,
1008 5763 1093 5819 18.
1175 5765 1214 5796 ⁶⁷
1258 5763 1400 5819 Psal.
1446 5781 1589 5824 un.
1630 5766 1679 5818 1.
1759 5765 1802 5794 ⁸⁸
1845 5764 1900 5820 ιιι

2001 5808 2005 5821 .
2049 5779 2144 5824 Ill.
2183 5767 2268 5823 15.
