4074 6440
450 399 591 455 1215

1123 399 1398 459 EUSEBII
1435 399 1916 461 CESARIENSIS
1953 402 2049 460 ΟΡ]

2153 400 2327 457 PARS
2365 400 2459 458 Ιῐῐζ
2492 398 2571 444 ἓξ
2595 398 3009 461 ΕΧΕΕΕΤῙΟΖῙ.

3587 398 3751 464 tam

446 513 660 569 visione
689 513 744 570 in
779 512 1022 582 deserto,
1053 517 1267 573 audita‘
1286 518 1378 574 Dei
1411 534 1563 582 voce,
1598 519 1767 575 corde
1797 518 2040 577 obdura-

2153 518 2412 588 σήμερον
2433 519 2771 592 καλουμένης
2799 521 2905 593 ήμέ
2914 538 3012 593 ρας
3044 521 3138 574 καὶ
3158 521 3266 575 ἀπὸ
3294 520 3586 589 ἐνεστῶτος
3602 542 3753 578 και-

447 612 539 661 tus
587 612 671 660 est
704 606 760 660 in
812 612 1062 678 tempore
1116 610 1581 675 exacerbationis,
1616 624 1743 664 eum
1795 609 2039 681 ipsorum

444 696 697 751 oninium
751 700 999 754 membra
1054 701 1110 755 in
1160 701 1382 757 deserto
1416 710 1689 771 prostrata
1722 710 1872 767 sunt,
1912 702 2041 771 quia

445 789 569 842 voci
603 788 696 844 Dei
716 806 825 843 non
844 792 1379 862 obtemperaverant.
1399 793 1722 849 Necessario
1742 795 1925 865 itaque
1949 794 2042 848 illa

448 893 868 947 commemorat,
902 901 971 941 ne
1005 900 1109 941 nos
1158 902 1377 955 quoque
1423 896 1698 958 praecepta
1732 888 1828 945 Dei
1880 889 2043 945 hodie

451 974 761 1037 audientes.
796 992 860 1032 ac
910 994 1018 1032 non
1073 979 1536 1049 obtemperantes,
1588 983 1767 1051 ipsum
1817 996 2045 1037 exacer-

452 1067 671 1132 bemus,
708 1070 965 1123 obdurati
993 1070 1182 1134 corde,
1210 1079 1264 1127 et
1306 1087 1411 1126 non
1453 1074 1812 1129 exaudientes
1838 1074 2045 1130 saluta-

452 1161 533 1213 ria
559 1173 828 1231 praecepta
852 1162 1007 1231 ejus;
1032 1173 1194 1233 atque
1223 1163 1345 1218 ideo
1380 1165 1557 1234 ipsum
1591 1165 1853 1222 acerbum
1881 1165 2045 1222 nobis

2144 610 2241 681 ροῦ
2273 610 2666 682 σπουδάσωμεν
2697 613 2990 684 προσέχειν
3020 616 3132 676 τοῖς
3160 614 3487 685 εἰρημένοις·
3522 615 3617 669 καὶ
3656 615 3749 689 μὴ

2142 698 2473 773 ζηλώσωμεν
2489 704 2580 756 τὸν
2595 703 2722 757 λαὸν
2748 704 2976 769 ἐκεῖνον,
3003 704 3084 769 ὃς,
3113 705 3354 769 ἀκούσας
3381 707 3563 777 φωνῆς
3591 708 3748 763 Θεοῦ

2141 792 2236 843 ἐπὶ
2266 791 2366 862 τῆς
2393 791 2536 846 κατὰ
2565 792 2662 863 τὴν
2687 791 2891 864 ἔρημον
2912 791 3199 856 ὀπτασίας,
3231 792 3576 866 ὲσκληρύνθη
3630 795 3749 865 τὴν

2142 882 2369 953 καρδίαν
2412 884 2470 937 ὲν
2507 882 2584 954 τῷ
2608 882 2784 957 καιρῷ
2815 882 2909 938 τοῦ
2959 884 3451 955 παραπικρασμοῦ,
3494 886 3751 956 ὁπηνίκα

2144 975 2361 1030 πάντων
2396 975 2572 1029 αὐτῶν
2598 978 2668 1031 τὰ
2696 976 2849 1031 κῶλα
2894 976 3250 1049 κατεστρώθη
3299 978 3357 1030 ἐν
3403 979 3469 1048 τῇ
3517 978 3748 1048 ἐρήμῳ,

2142 1066 2230 1121 διὰ
2260 1066 2322 1120 τὸ
2348 1066 2695 1139 παρακοῦσαι
2727 1068 2831 1137 τῆς
2858 1069 3044 1138 φωνῆς
3074 1066 3171 1123 τοῦ
3198 1067 3353 1123 Θεοῦ.
3396 1069 3751 1136 Ἀναγκαξως

2148 1154 2243 1213 οὖν
2274 1160 2502 1214 ἐκείνων
2535 1160 2964 1232 ὑπομιμνήσκει,
2994 1160 3077 1214 ἵνα
3120 1160 3194 1232 μὴ
3224 1161 3319 1214 καὶ
3351 1163 3516 1231 ἡμεῖς
3542 1164 3607 1233 τῇ
3634 1163 3750 1234 σή-

454 1266 520 1306 ae
543 1268 797 1309 severum
839 1255 1079 1325 iudicem
1115 1266 1390 1326 parantes.
1419 1255 1587 1321 Sane,
1615 1264 1675 1311 ut
1701 1256 1839 1322 dixi,
1882 1257 2049 1313 nobis

2153 1267 2311 1323 μερον
2342 1251 2524 1323 ήμέρᾳ
2562 1251 2674 1304 τῶν
2702 1251 2797 1304 τοῦ
2831 1251 2966 1304 Θεοῦ
2995 1251 3473 1324 παραγγελμάτων
3507 1251 3750 1305 ἀκούον-

451 1344 711 1400 omnibus
739 1333 1069 1416 praceptum
1094 1347 1382 1415 convenit;
1412 1348 1509 1404 sed
1543 1349 1852 1405 secundum
1888 1350 2045 1420 prius

2153 1358 2235 1405 τες
2249 1341 2341 1399 καὶ
2352 1342 2753 1415 παρακούοντες
2766 1341 3289 1415 παραπικραίνωμεν
3312 1343 3472 1397 αὐτὸν
3496 1343 3632 1415 σκλη
3643 1360 3749 1413 ρυ-

456 1437 678 1491 allatam
711 1440 999 1502 rationem,
1030 1441 1232 1510 populo
1263 1456 1331 1496 ex
1372 1441 1797 1496 circumcisione
1831 1441 1921 1496 illa
1954 1441 2045 1495 di-

2153 1434 2358 1504 νόμενοι
2389 1434 2489 1499 τὰς
2540 1434 2784 1508 καρδίας,
2814 1435 2908 1487 καὶ
2942 1434 3016 1506 μὴ
3047 1433 3411 1498 ὑπακούοντες
3430 1437 3541 1498 τοῖς
3559 1452 3748 1505 σωτη-

456 1535 682 1591 cuntur,
708 1545 943 1600 quormn
993 1531 1110 1586 hagc
1141 1532 1416 1586 sententia
1467 1531 1633 1587 fuerit
1658 1550 1672 1587 :
1704 1530 1842 1587 Cum
1873 1532 2041 1587 semel

2153 1524 2287 1595 ρίοις
2319 1524 2762 1596 παραγγέλμασι,
2798 1524 2894 1580 καὶ
2914 1525 3003 1577 διὰ
3030 1524 3188 1578 τοῦτο
3221 1525 3417 1595 πικρὸν
3449 1524 3611 1579 αὐτὸν
3641 1526 3749 1581 καὶ

456 1620 589 1674 olim
621 1636 811 1677 vocem
846 1621 939 1677 Dei
971 1622 1024 1677 in
1054 1622 1272 1679 deserto
1313 1624 1635 1693 audissetis,
1671 1624 2045 1680 exacerbastis

2153 1615 2420 1687 ἀπότομον
2449 1618 2641 1689 κριτὴν
2669 1618 2880 1681 ἑαυτοῖς
2905 1615 3427 1681 κατασκευάζοντες.
3454 1618 3566 1670 Καὶ
3595 1618 3747 1690 πρὸς

454 1727 606 1777 enim,
623 1713 895 1768 obdurato
922 1723 1167 1786 tempore
1195 1717 1397 1789 Moysis
1426 1717 1593 1772 corde
1614 1724 1797 1773 vestro
1816 1735 1831 1785 ;
1849 1732 2042 1772 verum

2153 1715 2357 1779 πάντας
2388 1715 2486 1786 μὲν
2523 1707 2616 1769 οῦν
2655 1716 2822 1786 ήμᾶς,
2855 1715 2930 1779 ὡς
2964 1715 3124 1785 ἔφην,
3153 1714 3381 1785 ἁρμόζει
3410 1717 3469 1768 τδ
3517 1715 3751 1786 παράγ-

458 1803 589 1873 quia
615 1803 793 1874 ipsum
830 1802 924 1860 Dei
950 1803 1189 1861 Verbum
1227 1807 1283 1862 in
1307 1807 1512 1862 mundo
1547 1822 1839 1879 apparens,
1864 1807 2043 1862 homi-

2153 1806 2341 1877 γελμα·
2378 1805 2522 1860 κατὰ
2554 1806 2610 1860 δὲ
2635 1805 2725 1860 τὸν
2755 1805 3167 1878 προηγούμενον
3201 1804 3358 1873 λόγον
3388 1804 3523 1876 πρὸς
3549 1806 3643 1858 τὸν
3675 1807 3751 1861 ὲκ

457 1895 622 1951 nibus
676 1896 875 1951 iterum
926 1897 1274 1963 locuturum,
1324 1908 1491 1970 atque
1562 1898 1705 1970 apud
1760 1913 1859 1954 vos
1909 1897 2047 1953 Novi

2153 1898 2451 1969 περιτομῆς
2475 1897 2604 1953 λαὸν
2631 1898 2808 1953 ταῦτα
2833 1897 3072 1965 λέγεται,
3098 1896 3353 1968 τοιαύτην
3384 1896 3576 1967 ἔχοντα
3617 1895 3746 1955 διὰ-

455 1982 791 2041 Testamenti
852 1990 1112 2060 mysteria
1164 1988 1571 2046 declaraturam
1618 1997 1736 2055 est;
1770 1997 1957 2046 cavete
1979 2006 2049 2046 ne

2153 2007 2299 2048 νοιαν
2316 2007 2330 2021 ·
2366 1987 2551 2056 Ἀπαξ
2573 1989 2704 2043 ποτὲ
2733 1989 2833 2061 ήδη
2862 1989 3127 2061 πρότερον
3161 1990 3255 2043 ἐπὶ
3281 1990 3384 2061 τῆς
3408 1991 3618 2062 ἐρήμου

460 2076 665 2132 iterum
696 2077 863 2135 corda
894 2080 1176 2136 obduretis
1215 2090 1275 2136 ut
1307 2082 1489 2152 prisce
1536 2081 1873 2145 obdurastis,
1914 2096 2049 2137 neve

2153 2082 2331 2153 φωνῆς
2374 2083 2706 2146 ἀκούσαντες
2749 2081 2843 2136 τοῦ
2890 2082 3049 2145 Θεοῦ,
3081 2081 3527 2154 παρεπικράνατε
3576 2080 3750 2137 αὐτὸν

457 2182 682 2223 rursum
715 2184 840 2226 eum
872 2170 1237 2234 exaeerbetis,
1269 2172 1319 2228 si
1354 2171 1537 2228 denuo
1574 2186 1764 2227 vocem
1792 2172 1914 2243 ejus
1947 2186 2048 2226 au-

456 2258 696 2323 dieritis,
730 2275 907 2331 neque
938 2261 1040 2315 bac
1084 2262 1142 2316 in
1185 2278 1243 2318 re
1275 2271 1460 2333 patres
1485 2273 1698 2319 vestros
1737 2263 2046 2329 imitemini,

458 2366 531 2406 ne
562 2366 664 2406 vos
685 2366 817 2406 vero
861 2350 1105 2407 Sabbato
1132 2362 1188 2409 et
1231 2356 1420 2425 requie
1451 2356 1574 2426 ejus
1595 2357 1806 2412 orbetis
1833 2374 1847 2410 :
1881 2371 2043 2427 quam

458 2442 706 2513 requiem
776 2443 926 2499 dabit
986 2445 1166 2515 ipsum
1242 2446 1338 2502 Dei
1397 2446 1675 2513 Verbum,
1736 2456 2046 2519 postquam

460 2549 689 2606 regnum
717 2552 876 2591 suum
913 2537 1208 2608 acceperit,
1229 2538 1284 2593 in
1321 2539 1552 2611 ipsoque
1571 2541 1901 2611 requiescet,
1929 2555 2048 2593 om-

458 2643 666 2698 nesque
709 2636 978 2700 quotquot
1028 2630 1206 2700 ipsum
1253 2632 1561 2703 receperint
1593 2632 1660 2687 ad
1722 2647 1842 2688 eam
1876 2633 2049 2703 ipsam

458 2719 700 2791 quietem
729 2721 978 2776 admittet
1008 2741 1022 2776 :
1052 2737 1116 2777 ac
1137 2731 1390 2779 sanctum
1411 2738 1714 2794 verumque
1747 2721 2049 2777 Sabbatum

459 2810 530 2867 iis
588 2811 867 2883 impertiet
909 2813 1004 2886 qui
1057 2830 1247 2871 secum
1296 2823 1353 2873 et
1400 2832 1570 2889 penes
1625 2833 1706 2885 se,
1762 2817 1855 2873 illo
1899 2815 2028 2888 dign

457 2909 642 2959 erunt.
1330 2924 1335 2927 ’

2149 2171 2553 2244 σκληρύναντες
2568 2173 2777 2227 ἑαυτῶν
2796 2173 2895 2237 τὰς
2918 2173 3144 2244 καρδίας
3172 2174 3264 2227 ἐπὶ
3297 2174 3596 2239 Μωῦσέωςο
3624 2172 3747 2228 ἀλλ’

2147 2264 2447 2337 ἐπειδήπερ
2478 2267 2506 2319 ό
2550 2267 2713 2331 αὐτὸς
2740 2265 2836 2319 τοῦ
2887 2265 3020 2319 Θεοῦ
3048 2266 3219 2335 Λόγος
3264 2266 3446 2338 μέλλει
3487 2266 3750 2336 δεύτερον

2153 2357 2461 2427 ἀνθρώποις
2493 2356 2675 2411 λαλεῖν
2724 2360 3010 2427 ἐπιφανεὶς
3039 2358 3116 2429 τῷ
3149 2358 3268 2429 βίῳ,
3305 2359 3400 2411 καὶ
3447 2357 3579 2429 παρ’
3608 2357 3749 2428 ὑμῖν

2157 2447 2340 2511 αὐτοῖς
2373 2447 2646 2501 διδάσκειν
2673 2447 2743 2501 τὰ
2770 2448 2867 2519 τῆς
2897 2446 3108 2519 Καινῆς
3132 2446 3417 2518 Διαθήκηςέ
3441 2448 3755 2518 μυστήρια,

2149 2541 2313 2613 ὁρᾶτε
2373 2540 2447 2611 μὴ
2500 2539 2662 2594 πάλιν
2720 2539 3059 2611 σκληρύνητε
3099 2540 3325 2603 ἑαυτοὺς
3377 2538 3454 2602 ὡς
3505 2537 3565 2592 τὸ
3609 2539 3760 2611 πρὶν.

2153 2631 2541 2703 ὲσκληρύνατε,
2577 2631 2711 2703 μηδὲ
2742 2627 2899 2695 αὖθις
2922 2631 3084 2685 αὑτὸν
3111 2631 3569 2702 παραπικράνητε
3590 2670 3602 2689 ,
3643 2628 3749 2682 ἐὰν

2153 2719 2310 2788 αὖθις
2341 2723 2441 2794 τῆς
2468 2723 2652 2794 φωνῆς
2677 2722 2841 2777 αὑτοῦ
2865 2721 3158 2793 ἀκούσητε,
3181 2720 3314 2794 μηδὲ
3340 2722 3466 2784 τοὺς
3496 2720 3748 2792 πατέρας

2153 2814 2184 2866 ὑ
2193 2813 2308 2884 μῶν
2330 2812 2469 2867 κατὰ
2502 2812 2662 2866 τοῦτο
2680 2813 3014 2886 μιμήσησθε,
3037 2814 3185 2877 ὃπως
3208 2813 3282 2884 μή
3316 2813 3612 2884 στερήσητε
3639 2812 3748 2866 αὖε

2155 2905 2282 2969 τοὺς
2308 2904 2402 2958 τοῦ
2433 2904 2686 2977 ἀληθινοῦ
2742 2905 3113 2977 σαόϐατισμοῦ
3158 2905 3252 2959 καὶ
3306 2904 3406 2975 τῆς
3461 2901 3751 2960 καταπαύ-

460 3010 599 3057 σεως
627 2993 824 3060 αὐτοῦ,
848 2996 916 3068 ἢν
941 2998 1285 3054 καταπαύσει
1319 3000 1482 3065 αὐτὸς
1517 3001 1547 3053 ὁ
1580 3000 1673 3054 τοῦ
1702 2999 1838 3054 Θεοῦ
1869 2999 2063 3068 Λόγος,
2090 2997 2192 3069 τὴν
2234 2997 2441 3052 οἰκείαν
2508 2996 2800 3051 ἀπολαϐὼν
2835 2997 3140 3069 βασιλείαν,
3178 2998 3271 3051 καὶ
3311 2998 3369 3050 ὲν
3427 2997 3564 3068 αὐτῇ
3606 2996 3747 3049 ἁνα-

458 3086 817 3157 παυσόμενος,
850 3087 1059 3154 πάντας
1072 3106 1135 3144 τε
1155 3092 1288 3155 τοὺς
1319 3092 1791 3165 παραδεχομένους
1808 3090 1972 3145 αὐτὸν
1997 3091 2078 3153 είς
2102 3090 2200 3162 τὴν
2222 3088 2390 3159 αὐτὴν
2421 3088 2739 3143 ἀνάπαυλαν
2762 3087 3171 3159 ὑποδεξάμενος,
3197 3088 3290 3142 nati.
3309 3086 3369 3140 τὸ
3388 3086 3542 3156 ἆγιον
3564 3086 3661 3140 καὶ
3682 3086 3752 3141 τὸ

458 3179 657 3251 ἀληθὲς
685 3180 854 3236 αὑτοῦ
886 3183 1168 3239 Σάϐϐατον
1205 3185 1458 3258 παρέξων
1475 3191 1591 3251 τοῖς
1613 3187 1785 3255 ἀξίοις
1809 3187 1911 3258 τῆς
1950 3186 2081 3259 παρ’
2111 3184 2260 3258 αὑτῷ
2299 3186 2394 3239 καὶ
2430 3185 2525 3238 σὺν
2551 3184 2698 3256 αὐτῷ
2728 3184 3108 3248 ἀναπαύσεως.

530 3294 702 3354 Vens.
728 3298 887 3356 9-H.
918 3301 1219 3359 Secundum
1247 3306 1387 3361 diem
1407 3310 1718 3366 tentationis
1741 3313 1795 3367 in
1817 3312 2048 3379 deserto,

2223 3314 2389 3367 Κατὰ
2421 3311 2537 3379 τὴν
2559 3309 2789 3379 ἡμέραν
2818 3310 2923 3364 τοῦ
2955 3308 3289 3378 πειρασμοῦ
3316 3308 3389 3361 ἐν
3414 3306 3492 3376 τῇ
3517 3307 3757 3380 ἐρήμῳ,

462 3385 556 3440 ubi
597 3395 929 3444 tentaverunt
961 3408 1041 3447 me
1075 3404 1253 3462 patres
1299 3398 1480 3460 vestri,
1503 3398 1856 3467 probaverunt
1893 3419 1974 3457 me
2001 3412 2051 3458 et

461 3476 705 3533 viderunt
734 3495 891 3549 opera
931 3500 1067 3540 mea.
1103 3484 1477 3560 Quadraginta
1514 3492 1668 3546 annis
1710 3494 1941 3563 emensus
1972 3497 2054 3570 [ui

461 3571 794 3640 generationi
822 3573 945 3629 huic
974 3590 993 3629 :
1016 3586 1068 3630 et
1098 3577 1214 3632 dixi
1241 3593 1260 3633 :
1290 3577 1507 3651 Semper
1524 3594 1709 3638 errant
1728 3586 1904 3642 corde.
1938 3585 2054 3657 Ipsi

464 3678 584 3716 vero
619 3680 723 3717 non
751 3678 1101 3736 cognoverunt
1141 3670 1254 3725 vias
1291 3690 1455 3739 meas,
1489 3676 1625 3729 sicut
1656 3678 1840 3748 juran
1870 3679 1925 3733 in
1968 3682 2054 3735 ira

464 3769 603 3821 mea,
626 3756 674 3809 si
691 3758 987 3813 introibant
1011 3761 1065 3814 in
1103 3764 1334 3832 requiem
1364 3783 1555 3823 meam.
1582 3769 1865 3836 Quomodo
1885 3773 2052 3831 Deum

462 3849 825 3914 tentaverint,
886 3866 994 3907 non
1036 3853 1253 3910 illorqu
1313 3859 1439 3913 olim
1491 3858 1809 3919 Iudaeorum
1867 3876 2053 3934 patres

464 3942 1064 4014 tantum,utquispiam
1092 3948 1471 4019 :estimaverit,
1502 3954 1599 4008 sed
1632 3955 1798 4011 etiam
1831 3958 2054 4015 hodier-

465 4045 693 4126 norum,
710 4035 803 4105 qui
829 4037 1014 4093 audita
1043 4054 1177 4097 voce
1200 4041 1293 4098 Dei
1320 4044 1663 4102 obdurantur
1683 4090 1698 4114 ,
1731 4052 1872 4122 apud
1906 4052 2057 4126 Moy-

470 4137 587 4178 sem
613 4125 882 4197 habetur;
905 4138 961 4185 et
990 4132 1042 4185 in
1063 4147 1243 4189 Lxxvu
1272 4137 1482 4206 psalmo
1501 4140 1821 4213 plerumque
1846 4125 2054 4200 dictum

471 4224 579 4282 est,
610 4233 675 4273 ac
716 4220 973 4278 similiter
1003 4224 1058 4278 in
1092 4240 1158 4280 ον
1189 4237 1248 4280 ut
1278 4236 1391 4295 tute
1422 4229 1467 4283 si
1528 4235 1817 4304 perquiras
1862 4236 2050 4308 depre-

470 4308 701 4369 hendes.
753 4311 1023 4380 Quoniam
1067 4317 1237 4388 igitur
1275 4319 1360 4375 bis
1388 4321 1597 4390 juravit
1634 4327 1797 4391 Deus,
1831 4342 2051 4383 exacer-

468 4400 661 4457 bantes
687 4404 809 4460 illos
838 4421 947 4461 non
975 4408 1326 4479 ingressuros
1351 4429 1472 4469 esse
1494 4415 1548 4471 in
1573 4419 1821 4489 requiem
1859 4420 2055 4491 ipsius,

467 4507 632 4563 quam
672 4496 862 4565 paucis
894 4514 1079 4554 sermo
1109 4500 1440 4574 descripsit;
1479 4509 1714 4565 sollicite
1760 4510 1921 4567 nobis
1961 4529 2061 4569 cu-

470 4583 703 4640 randum
738 4593 823 4642 est
876 4603 944 4644 ne
987 4589 1040 4644 in
1088 4593 1241 4661 paria
1295 4597 1622 4655 incidamus.
1689 4597 1825 4656 Nam
1864 4603 2054 4660 eadem

469 4674 590 4745 ipsa
615 4691 716 4731 nos
761 4678 1056 4750 excipient,
1094 4683 1141 4739 si
1173 4701 1359 4743 vocem
1391 4687 1481 4744 Dei
1528 4706 1676 4746 nunc
1711 4703 1763 4748 et
1794 4692 1848 4748 in
1901 4711 2057 4766 prae-

467 4769 610 4823 senti
663 4770 843 4828 adhuc
894 4780 1141 4844 tempore
1194 4792 1295 4835 nos
1360 4793 1678 4838 evocantem
1742 4786 2054 4856 audientes,

468 4859 637 4913 corda
682 4862 1062 4922 obduremus:
1122 4884 1224 4923 uos
1281 4872 1483 4943 quippe
1524 4876 1601 4928 ira
1658 4875 1753 4932 Dei
1808 4878 2053 4947 invadet,

467 4955 536 5008 ac
574 4953 758 5023 quiete
820 4956 911 5010 illa
961 4959 1105 5027 apud
1159 4961 1335 5030 ipsum
1382 4972 1436 5020 et
1481 4981 1605 5021 cum
1662 4968 1781 5040 ipso
1827 4988 2053 5028 sumen-

464 5041 535 5098 da
569 5043 926 5114 privabimur.
961 5048 1094 5116 Quae
1136 5067 1299 5123 porro
1349 5058 1427 5108 ira
1475 5058 1565 5110 illa
1605 5057 1788 5114 futura
1837 5063 1930 5126 sit,
1969 5065 2053 5121 bis

466 5126 713 5188 declarat
732 5136 1023 5206 Apostolus
1047 5158 1062 5196 :
1084 5139 1383 5199 Secundum
1409 5157 1583 5202 autem
1605 5149 1861 5206 duritiam
1884 5161 2052 5220 tuam,

465 5237 518 5281 el
546 5228 872 5297 impwnitens
902 5248 1013 5299 eor,
1051 5234 1381 5293 thesaurizas
1428 5240 1523 5294 tibi
1553 5244 1690 5296 iram
1736 5245 1789 5299 in
1816 5245 1902 5301 die
1933 5250 2050 5316 iraa,

464 5327 517 5370 et
564 5319 896 5378 reuelationis
932 5328 1070 5395 justi
1089 5328 1284 5397 judicn
1340 5330 1433 5386 Dei
1457 5333 1520 5386 ⁸⁸.
1566 5333 1696 5400 Qua:
1741 5344 1923 5392 autem
1967 5355 2054 5395 re-

467 5409 628 5477 quies
655 5411 776 5480 ejus
801 5422 904 5479 est,
937 5416 1043 5472 nisi
1072 5417 1162 5473 illa
1186 5430 1307 5490 post
1337 5426 1544 5478 exitum
1578 5425 1740 5496 hujus
1774 5429 1897 5484 vita:
1925 5446 2049 5485 cum

469 5499 563 5554 illo
593 5507 975 5574 commoratio,
1007 5525 1117 5579 qua
1162 5513 1573 5584 rcquiescemus
1617 5519 1672 5573 in
1710 5536 1876 5593 regno
1905 5523 2048 5594 ejus,

468 5599 617 5652 omni
662 5616 890 5669 prorsus
940 5619 1104 5674 opere
1151 5622 1215 5662 ac
1261 5614 1479 5682 negotio
1525 5616 1784 5687 exempti,
1837 5619 2049 5690 solique

474 5687 779 5747 divinorum
826 5702 881 5750 et
923 5696 1228 5756 cmlestium
1265 5708 1707 5778 contemp‘ationi
1738 5687 2050 5777 lvacantes’

587 5842 626 5878 "
669 5843 823 5907 Rom.
861 5865 931 5915 ll,
970 5852 1024 5909 ὃ.

2153 3402 2225 3462 οὗ
2268 3402 2601 3470 ἐπείρασὰν
2639 3420 2716 3472 με
2760 3405 2816 3456 οἱ
2850 3401 3104 3469 πατέρες
3134 3399 3320 3469 ὑμῶν,
3363 3400 3751 3470 ἐδοκίμασαν

2148 3513 2225 3566 με
2245 3494 2343 3549 καὶ
2368 3490 2533 3549 εἶδον
2547 3493 2618 3547 τὰ
2633 3493 2776 3563 ἔργα
2784 3510 2927 3562 μου.
2951 3490 3411 3559 Τεσσαράκοντα
3425 3490 3530 3560 ἐτη
3553 3508 3750 3560 προσ-

2151 3587 2380 3655 ώχθισα
2413 3584 2486 3656 τῇ
2516 3584 2695 3655 γενεᾷ
2724 3586 2945 3655 ταύτην
2980 3583 3081 3640 καί
3112 3579 3281 3638 εἶπα·
3328 3583 3436 3638 Ἀεὶ
3465 3582 3751 3639 πλανῶν-

2153 3693 2249 3731 ται
2275 3675 2349 3747 τῇ
2383 3676 2620 3745 καρδίᾳ.
2648 3675 2828 3731 Αὐτοὶ
2857 3674 2926 3729 δὲ
2960 3676 3070 3729 οὐκ
3100 3674 3380 3745 ἔγνωσαν
3420 3673 3527 3740 τὰς
3561 3673 3751 3741 ὁδούς

2149 3787 2292 3840 μου,
2323 3769 2404 3837 ὡς
2429 3767 2638 3841 ὤμοσα
2673 3768 2745 3822 ὲν
2779 3767 2854 3838 τῇ
2881 3766 3028 3838 ὀργῆ
3043 3785 3186 3837 μου,
3216 3768 3268 3821 εί
3285 3767 3751 3822 εἰσελεύσονται

2154 3866 2242 3929 εὶς
2296 3860 2412 3929 τὴν
2467 3859 2853 3915 κατάπαυσίν
2894 3877 3036 3929 μου.
3075 3859 3264 3922 Ὅπως
3314 3856 3612 3929 ἐπείρασαν
3650 3858 3747 3910 τὸν

2155 3954 2288 4009 Θεὸν
2319 3955 2376 4007 ἐν
2426 3954 2493 4024 τῇ
2534 3953 2728 4025 ἐρήμῳ
2755 3953 2805 4005 οἰ
2855 3950 3092 4022 πατέρες
3118 3951 3238 4022 οὐχὶ
3268 3950 3376 4004 τῶν
3410 3950 3577 4004 πάλαι
3612 3949 3749 4003 Ἰου-

2154 4044 2317 4099 δαίων
2340 4045 2534 4117 μόνον,
2565 4044 2640 4108 ὡς
2671 4043 2736 4097 ἂν
2758 4043 3017 4098 ὑπολάϐοι
3039 4059 3143 4106 τις,
3167 4043 3301 4096 ἀλλὰ
3314 4041 3423 4096 τῶν
3450 4042 3547 4096 καὶ
3583 4044 3751 4115 σήμε-

2159 4155 2251 4209 ρον
2303 4136 2610 4191 ἀκουόντων
2647 4135 2745 4206 μὲν
2769 4136 2867 4207 τῆς
2902 4134 3088 4205 φωνῆς
3136 4130 3230 4187 τοῦ
3257 4132 3414 4194 Θεοῦ,
3448 4133 3749 4207 σκληρυνθ-

2161 4228 2337 4300 μένων
2387 4228 2463 4292 δὲ,
2510 4230 2683 4282 κεῖται
2715 4226 2866 4299 παρὰ
2899 4228 3142 4289 Μωῦσεί,
3180 4225 3276 4278 καὶ
3320 4225 3377 4278 ὲν
3400 4222 3441 4278 o'
3473 4224 3531 4277 δὲ
3572 4226 3667 4278 καὶ
3701 4222 3743 4291 ς·

2157 4320 2358 4393 ψαλμῷ
2386 4320 2644 4383 πολλάκις
2679 4319 2914 4391 εἴρηται,
2949 4318 3043 4371 καὶ⁸
3073 4319 3130 4373 ὲν
3159 4314 3232 4389 ρε¹
3250 4333 3265 4349 ·
3296 4316 3440 4389 άπερ
3469 4315 3589 4371 καθ’
3619 4317 3747 4375 ἑαυ-

2157 4418 2249 4473 τὸν
2277 4417 2614 4489 ἐπιζητήσας
2661 4417 2938 4488 εὑρήσεις.
2995 4412 3150 4467 Ἐπεὶ
3198 4412 3379 4468 τοίνυν
3426 4411 3515 4466 διὰ
3571 4410 3749 4466 ταῦτα

2158 4509 2370 4581 ὤμοσεν
2390 4510 2566 4574 ὁΘεὸς
2601 4509 2675 4581 μὴ
2700 4505 3105 4561 εἰσελεύσεσθαι
3131 4506 3259 4568 τοὺς
3290 4504 3748 4577 παραπικράναν-

2162 4622 2263 4668 τας
2290 4605 2370 4667 είς
2402 4602 2500 4674 τὴν
2526 4602 2871 4657 κατάπαυσιν
2901 4596 3088 4661 αὐτοῦ,
3126 4598 3193 4670 ἢν
3230 4600 3258 4652 ὁ
3292 4597 3449 4667 λόγος
3480 4596 3569 4651 διὰ
3607 4596 3747 4668 βρα-

2162 4697 2302 4767 χέων
2337 4694 2653 4767 παρέστησε
2677 4730 2692 4757 ,
2742 4690 3071 4763 προνοητέον
3109 4689 3205 4743 καὶ
3246 4690 3381 4759 ἡμῖν
3434 4689 3529 4742 καὶ
3588 4704 3747 4759 μερι-

2162 4788 2394 4860 μνητέον
2436 4786 2511 4858 μὴ
2560 4788 2671 4849 τοῖς
2707 4784 2915 4855 ὁμοίοις
2966 4783 3306 4854 περιπεσεῖν.
3337 4780 3419 4834 Τὰ
3451 4779 3589 4833 αὐτὰ
3636 4779 3750 4853 γὰρ

2159 4880 2254 4933 καὶ
2285 4881 2435 4951 ἡμᾶς
2458 4875 2778 4943 διαδέξεται,
2818 4877 2867 4928 εἰ
2895 4875 2994 4945 τῆς
3037 4871 3133 4927 τοῦ
3170 4872 3307 4926 Θεοῦ
3336 4872 3522 4942 φωνῆς
3554 4873 3637 4935 εἰς
3651 4870 3737 4926 ἔτι

2157 4972 2251 5026 καὶ
2294 4971 2391 5024 νῦν
2452 4968 2593 5023 κατὰ
2643 4968 2743 5041 τὴν
2798 4968 3040 5039 σήμερον
3087 4963 3309 5037 ἡμέραν
3365 4963 3750 5034 ἀνακαλουμέ-

2155 5081 2255 5134 νης
2286 5064 2435 5134 ἡμᾶς
2466 5061 2756 5124 ἀκούοντες
2787 5057 3178 5131 σκληρὺνωμεν
3211 5057 3308 5120 τὰς
3351 5054 3563 5110 ἑαυτῶν
3608 5073 3749 5128 καρ-

2160 5155 2319 5220 δίας·
2383 5153 2701 5224 διαλήψεται
2766 5151 2877 5224 γὰρ
2916 5150 3011 5206 καὶ
3067 5150 3216 5221 ἡμᾶς
3268 5147 3409 5220 ὀργὴ
3471 5147 3612 5201 Θεοῦ
3646 5148 3744 5201 καὶ

2160 5246 2583 5319 ἁποτιεσοὺμεθα
2634 5247 2735 5316 τῆς
2788 5244 2917 5315 παρ’
2968 5240 3120 5312 αὐτῷ
3180 5241 3275 5294 καί
3303 5241 3399 5294 σὺν
3428 5236 3579 5308 αὐτῷ
3608 5239 3743 5291 ἀναο

2159 5342 2431 5404 παύσεως.
2472 5339 2667 5394 Ὀποία
2722 5334 2780 5391 δέ
2822 5337 2969 5389 ἐστιν
3012 5334 3046 5404 ή
3106 5330 3268 5403 ὀργὴ,
3344 5330 3678 5402 παρίστησιν
3715 5329 3744 5379 ὁ

2173 5433 2491 5497 Ἀπόστολος
2517 5432 2711 5501 λέγων’
2742 5429 2903 5484 Κατὰ
2931 5427 3001 5481 δὲ
3030 5425 3147 5493 τὴν
3179 5421 3568 5493 σκληρότητά
3600 5438 3741 5483 σου,

2160 5527 2256 5580 καὶ
2302 5526 2711 5595 ἀμετανόητον
2756 5520 3041 5589 καρδίαν,
3090 5515 3463 5585 θησαυρίζεις
3508 5512 3749 5579 σεαυτῷ

2159 5617 2346 5689 ὀργὴν
2375 5619 2444 5672 ἐν
2474 5615 2664 5686 ἡμέρᾳ
2691 5613 2874 5683 ὀργῆς
2899 5613 3000 5667 καὶ
3046 5610 3488 5677 ἀποκαλύψεως
3522 5605 3747 5659 δικαιο-

2157 5710 2391 5779 κρισίας
2424 5707 2529 5763 τοῦ
2561 5707 2729 5763 Θεοῦ.
2769 5707 2865 5770 Τίς
2897 5705 2952 5759 δὲ
2986 5705 3079 5758 καὶ
3121 5706 3154 5775 ή
3201 5704 3546 5767 κατάπαυσις
3577 5699 3749 5759 αὐτοῦ
