4074 6416
337 359 481 416 lii?

1424 361 1927 421 COMMENTARIA
1966 363 2034 420 ΙΝ
2075 363 2416 421 PSALMOS.

3454 373 3601 431 1218

344 473 459 530 ἀλλ’
491 470 525 545 η
563 472 699 544 μετά
722 470 821 543 τὴν
851 472 1029 540 ἔξοδον
1050 473 1145 527 τοῦ
1174 473 1436 546 παρόντος
1475 472 1590 546 β’ίου
1630 478 1727 532 σὺν
1764 478 1901 549 αὐτῷ

2012 480 2231 551 quando
2274 480 2530 536 abscedet
2578 480 2800 551 quidem
2852 482 3028 548 dolor.
3065 484 3288 541 tristitia
3324 492 3381 542 et
3423 490 3597 558 gemi-

345 565 617 638 διατριϐὴ,
642 565 765 620 καθ’
793 566 860 635 ἢν
900 565 1327 635 ἀναπαυσόμεθα
1368 568 1425 619 ἐν
1452 570 1520 638 τῇ
1554 567 1718 621 αὑτοῦ
1764 568 1919 639 βασι-

346 658 490 731 λείᾳ,
525 660 705 728 πάσης
741 658 839 728 τῆς
882 656 970 711 διά
1007 657 1256 729 πράξεως
1293 659 1517 729 ἀγωγῆς
1561 658 1916 731 ἀπηλλαγμέ-

344 768 446 814 νοι,
504 750 640 821 μόνῃ
693 748 749 802 δὲ
814 751 882 820 τῇ
944 749 1054 801 τῶν
1099 748 1257 802 θείων
1298 751 1393 803 καὶ
1442 752 1777 823 ἐπουρανίων
1818 751 1917 824 θέᾳ

341 842 792 914 προσανέχοντεςς
826 842 914 894 ὅτε
945 841 1307 913 ἀποδράσεται
1332 841 1430 913 μὲν
1462 843 1618 916 ὀδύνη
1646 843 1740 898 καὶ
1769 843 1912 915 λύπη

341 933 437 990 καὶ
493 933 814 1003 στεναγμός·
876 933 1043 1003 ἀργία
1099 929 1156 987 δὲ
1207 934 1302 987 καὶ
1366 934 1652 1008 ἀπαλλαγὴ
1704 938 1912 1004 κακῶν,

340 1026 499 1097 σχολή
540 1042 598 1078 τε
632 1026 725 1079 καὶ
774 1024 1061 1077 ἀνάπαυλα
1106 1018 1202 1078 καὶ¹
1242 1024 1305 1078 τὸ
1353 1026 1603 1097 ἀληθινὸν
1638 1024 1914 1087 Σάϐϐατον

332 1117 480 1186 ἡμᾶς
516 1115 841 1182 διαδέξεταιδ
868 1116 925 1167 ἐν
957 1108 1002 1183 ᾧ
1026 1114 1288 1186 Σαϐϐάτῳ
1314 1116 1548 1189 ἀληθινῷ
1578 1120 1673 1173 καὶ
1700 1120 1859 1186 αὐτὸς
1885 1120 1914 1177 6

325 1207 421 1260 ’τοῦ
466 1207 600 1261 Θεοῦ
655 1208 826 1276 Λόγος
880 1201 1285 1261 ἀναπαύσεται⁸
1355 1208 1416 1263 τὸ
1475 1209 1576 1280 μὲν
1638 1206 1768 1284 περὶ
1821 1213 1913 1268 τὸν

326 1296 583 1369 αἰσθητὸν
626 1297 865 1368 κόσμον,
913 1296 994 1367 τῷ
1046 1296 1317 1353 Ἰουδαίων
1368 1298 1482 1371 λαῷ
1533 1300 1604 1354 τά
1662 1304 1720 1355 ἐν
1765 1303 1914 1376 αὐτῷ

329 1385 688 1458 προσφωνῶν,
728 1388 824 1440 καὶ
856 1388 1193 1459 παρακαλῶν
1218 1389 1434 1455 αὐτοὺς,
1467 1393 1515 1445 εί
1539 1391 1792 1464 δεύτερον
1816 1411 1913 1447 κα⁶

322 1477 658 1545 ταξιωθεῖεν,
699 1479 774 1543 ὡς
813 1479 874 1532 τὸ
914 1479 1128 1551 πρῶτον
1170 1482 1263 1536 ἐπὶ
1294 1483 1391 1554 τῆς
1419 1484 1650 1556 ἐρήμου,
1683 1484 1914 1556 ἀκοῦσαι

319 1572 426 1642 τῆς
454 1572 548 1627 τοῦ
582 1572 716 1626 Θεοῦ
741 1567 913 1640 Λόγου
944 1574 1150 1645 φωνῆς,
1177 1575 1299 1647 ἥτις
1327 1555 1560 1647 ἤμελλεν
1584 1578 1765 1644 αὐτοῖς
1795 1555 1904 1634 πά-

319 1658 409 1721 λιν
442 1667 581 1720 κατά
638 1668 736 1740 τὴν
779 1667 1192 1741 ἐνανθρώπησιν
1235 1668 1400 1724 αὐτοῦ
1446 1671 1644 1738 λαλεῖν,
1683 1674 1758 1745 μὴ
1786 1675 1912 1739 τοὺς

322 1755 570 1827 πατέρας
599 1756 777 1810 αὐτῶν
799 1756 1060 1828 ζηλῶσαι,
1095 1760 1217 1833 μηδ’
1244 1757 1403 1826 αὖθις
1439 1761 1531 1816 τὸν
1564 1763 1696 1817 Θεὸν
1724 1783 1906 1837 παρα⁸

2019 578 2144 636 tus;
2174 568 2331 639 quies
2356 576 2561 633 autem,
2591 570 2802 642 ereptio
2823 586 2855 625 a
2878 573 3061 638 malis,
3091 575 3349 640 cessatio,
3374 579 3595 646 requies

2016 675 2083 716 ac
2144 676 2332 717 verum
2384 662 2669 717 sabbatum
2725 679 2827 719 nos
2875 666 3107 736 excipiet
3140 685 3154 722 :
3191 668 3246 721 in
3300 684 3411 738 quo
3456 669 3591 726 item

2015 766 2145 806 vero
2181 751 2410 807 sabbato
2444 752 2621 822 ipsum
2654 751 2748 809 Dei
2781 751 3019 809 Verbum
3059 757 3381 827 requiescet.
3429 758 3589 825 Quod

2015 859 2146 898 vero
2173 853 2375 915 spectat
2414 845 2477 903 ad
2509 845 2656 901 hunc
2700 846 3014 903 sensibilem
3046 849 3330 912 mundum,
3367 849 3589 909 Iudaeos

2014 946 2206 992 evocat
2233 946 2287 992 et
2315 937 2588 1004 hortatur,
2635 949 2699 1010 ut
2746 939 2792 994 si
2817 938 2931 1008 jam
2964 939 3228 1004 secundo,
3273 950 3333 996 ut
3365 944 3493 997 olim
3528 945 3585 999 in

2013 1029 2252 1096 deserto,
2285 1028 2380 1085 Dei
2416 1029 2581 1085 Verbi
2607 1046 2740 1086 voce
2763 1031 3077 1102 dignentur,
3107 1048 3229 1103 quae
3256 1034 3409 1100 ipsos
3445 1042 3589 1090 tent-

2013 1133 2143 1188 pore
2178 1120 2573 1175 incarnationis
2599 1120 2720 1190 ejus
2751 1123 2946 1189 iterum
2995 1123 3301 1177 sllocutura
3326 1135 3461 1190 erat,
3518 1142 3588 1181 ne

2013 1221 2200 1283 patres
2254 1228 2387 1269 suos
2444 1215 2749 1282 imitentur,
2809 1233 2986 1287 neque
3038 1233 3261 1273 rursum
3313 1226 3374 1274 ut
3425 1226 3588 1273 antea

2013 1302 2183 1360 Deum
2237 1305 2583 1360 exacerhent.
2610 1304 2749 1361 Cum
2787 1314 2969 1362 autetu
3012 1307 3093 1362 sic
3124 1307 3396 1373 hortatur,
3430 1306 3584 1362 vide-

2011 1404 2102 1450 tur
2143 1395 2274 1449 mihi
2317 1397 2685 1465 prmnuntiare
2726 1412 2790 1451 ac
2819 1398 3172 1454 subindicare
3208 1396 3448 1455 futuram
3498 1414 3589 1455 eo-

2011 1501 2133 1539 rum
2172 1501 2299 1557 erga
2337 1485 2616 1541 Christum
2652 1487 3113 1555 incredulitatem,
3153 1498 3340 1560 utpote
3379 1488 3573 1545 future

2012 1592 2132 1631 rum
2184 1593 2292 1632 non
2339 1579 2559 1633 nescius
2592 1593 2753 1632 :nam
2812 1580 2917 1635 sub
2946 1580 3060 1634 haec
3112 1595 3176 1635 ex
3211 1594 3446 1650 persona
3485 1575 3583 1635 Dei

2011 1668 2199 1738 adjicit
2230 1675 2285 1723 et
2318 1668 2395 1722 ait
2420 1686 2434 1720 :
2460 1667 2529 1722 Et
2551 1668 2684 1735 dixi,
2718 1667 2932 1739 Semper
2954 1679 3131 1724 errant
3148 1669 3339 1734 corde;
3373 1686 3438 1726 ac
3467 1685 3586 1725 rur-

2011 1774 2153 1821 sum,
2191 1756 2338 1813 Sicut
2368 1759 2551 1828 juravi
2595 1762 2650 1813 in
2693 1760 2777 1814 ira
2827 1777 2964 1825 mea,
3010 1762 3058 1815 si
3090 1761 3376 1818 introibant
3407 1760 3461 1816 iu
3491 1777 3584 1816 τσ-

320 1845 583 1915 ’πικράναι
615 1845 690 1911 ὡς
722 1847 817 1900 καὶ
853 1847 1137 1920 πρότερον.
1184 1849 1422 1906 Τοιαῦτα
1451 1849 1508 1904 δέ
1541 1853 1900 1923 παρακαλῶν,

2004 1850 2177 1919 quiem
2216 1866 2406 1905 meam.
2437 1849 2649 1905 Etenim
2683 1850 2730 1906 si
2773 1851 2847 1908 in,
2872 1867 2938 1908 os
2975 1852 3109 1908 illud
3142 1852 3387 1908 divinum
3432 1868 3582 1909 men-

323 1935 606 2007 προλέγειν
646 1956 736 2010 μοι
756 1939 903 1993 δοκεῖ
928 1942 1021 1994 καὶ
1048 1942 1483 2013 προαινίττεσθαι
1509 1943 1610 2013 τὴν
1637 1942 1902 2015 ἐσομένην

322 2027 500 2082 αὐτῶν
523 2030 603 2095 εἰς
646 2030 738 2084 τὸν
778 2030 1012 2102 Χριστὸν
1043 2033 1324 2097 ἀπιστίαν,
1360 2033 1456 2087 ἆτε
1489 2032 1550 2087 τὸ
1592 2028 1785 2105 μέλλον
1821 2036 1896 2107 μὴ

318 2117 548 2187 ἀγνοῶν·
584 2120 776 2190 ἐπάγει
813 2121 858 2174 δ’
895 2118 988 2175 οῦν
1039 2118 1167 2193 ἑξῆς
1199 2126 1264 2177 ἐκ
1304 2119 1597 2195 προσώπου
1637 2123 1731 2178 τοῦ
1766 2123 1902 2178 Θεοῦ

318 2211 418 2263 καὶ
452 2211 613 2282 φησίν
641 2228 657 2244 ο
697 2205 807 2266 Καὶ
845 2210 1002 2268 εἶπα·
1058 2214 1164 2268 Ἀεὶ
1196 2213 1540 2270 πλανῶνται
1568 2213 1643 2285 τῇ
1666 2215 1900 2286 καρδίᾳο

322 2304 419 2355 καὶ
450 2304 629 2358 πάλινο
668 2306 761 2372 Ὠς
789 2306 994 2376 ὤμοσα
1022 2307 1093 2360 ἐν
1119 2306 1197 2376 τῇ
1224 2307 1377 2378 ὀργῆ,
1393 2326 1534 2378 μου,
1560 2312 1612 2363 ει
1635 2311 1903 2364 εὶσελεύ-

321 2413 539 2449 σονται
570 2398 657 2462 εις
687 2397 803 2465 τὴν
833 2398 1215 2453 κατάπαυσίν
1255 2416 1391 2469 μου.
1429 2399 1492 2453 Ei
1527 2398 1636 2471 γὰρ
1675 2398 1905 2470 ἀψευδὲς

326 2488 586 2558 τυγχάνει
615 2490 677 2542 τὸ
706 2489 846 2543 θετον
878 2491 1069 2562 στόμα,
1099 2491 1226 2564 ὅρον
1242 2508 1299 2543 τε
1334 2490 1625 2563 ἐξήνεγκεν
1647 2493 1741 2546 καὶ
1764 2493 1903 2547 ἀπε·-

321 2580 548 2651 φήνατο,
577 2582 657 2635 ὅτι
697 2582 784 2636 ἀεὶ
839 2581 1180 2648 πλανῶνται,
1221 2584 1370 2656 ὅρκῳ
1409 2601 1467 2637 τε
1514 2580 1808 2638 ἐϐεϐαίωσε
1844 2582 1905 2637 τὺ

321 2671 394 2742 μὴ
429 2671 911 2751 εἰσελθεῖνιαύτοὺς
945 2676 1024 2740 είς
1059 2673 1156 2747 τὴν
1188 2676 1531 2730 κατάπαυσιν
1570 2675 1735 2730 αὑτοῦ
1755 2691 1769 2706 ’
1811 2692 1908 2728 σα-

2006 1935 2223 1990 dacium
2265 1950 2375 1991 non
2412 1938 2580 2002 cadit,
2620 1952 2685 1992 ac
2733 1937 3104 1996 deﬁnitionem
3138 1941 3579 2013 sententiamque

2009 2024 2156 2078 illam
2208 2027 2452 2095 protulit,
2497 2028 2642 2096 quod
2684 2029 2894 2084 scilicet
2943 2044 3158 2099 semper
3193 2038 3400 2094 errent,
3426 2030 3580 2100 jura-

2009 2125 2302 2186 mentoque
2327 2116 2614 2173 aﬂirmavit
2639 2135 2735 2175 eos
2768 2120 2823 2174 in
2849 2120 3093 2191 requiem
3120 2121 3295 2192 ipsius
3321 2137 3433 2177 non
3454 2136 3581 2178 esse

2009 2207 2389 2278 ingressuros;
2422 2216 2606 2279 aperte
2653 2207 2832 2265 futura
2861 2211 3188 2267 vaticinatus
3235 2220 3340 2268 est.
3371 2213 3575 2278 Quare,

2010 2306 2069 2352 ut
2094 2299 2224 2353 olim
2247 2309 2352 2355 tem
2362 2316 2495 2374 pore
2522 2299 2746 2374 Moysis,
2774 2302 2854 2356 sic
2875 2301 3071 2357 iterum
3093 2301 3305 2357 Domini
3333 2313 3578 2374 tempore

2004 2392 2220 2449 videtur
2245 2390 2461 2450 Judaeos
2492 2395 2655 2451 corde
2681 2410 2922 2461 errasse,
2953 2396 3182 2466 ideoque
3212 2395 3576 2466 promissione

2007 2487 2098 2542 illa
2123 2486 2417 2543 frustratos
2438 2503 2582 2545 esse.
2602 2486 2945 2560 Quapmpter
2962 2495 3086 2558 post
3112 2487 3257 2541 hunc
3282 2488 3577 2559 psalmum,

2006 2580 2100 2651 qui
2149 2581 2396 2651 sequitur
2428 2596 2620 2636 omnes
2662 2590 2852 2652 gentes
2909 2579 2976 2634 ad
3017 2579 3436 2650 promissionem
3480 2578 3575 2634 Dei

2007 2680 2186 2737 vocat,
2218 2686 2282 2727 ac
2310 2671 2354 2727 si
2385 2672 2535 2741 prior
2569 2671 2659 2726 ille
2690 2671 2923 2740 populus
2945 2683 3056 2723 non
3091 2667 3499 2738 obtemperarit.

317 2763 431 2831 φῶς
454 2763 517 2817 τὸ
550 2763 739 2835 μέλλον
766 2766 1070 2821 ἐθέσπισεν.
1104 2768 1264 2822 Ὅθεν
1298 2769 1576 2839 φαίνονται
1605 2769 1795 2841 ὥσπερ
1828 2769 1888 2823 τὸ
1913 2769 2127 2851 πρῶτον
2165 2768 2256 2821 ἐπὶ
2278 2767 2577 2831 Μωῡσέως,
2602 2766 2744 2820 οὕτω
2794 2764 2890 2819 κα)⁸
2933 2763 2993 2818 τὸ
3049 2762 3296 2835 δεύτερον
3335 2763 3427 2815 ἐπὶ
3477 2758 3574 2817 τοῦ

315 2855 520 2924 Κυρίου
559 2855 922 2928 πλανηθέντες
955 2861 1021 2928 τῇ
1056 2858 1273 2931 καρδίᾳ,
1318 2860 1414 2912 καὶ
1454 2860 1544 2914 διὰ
1588 2859 1747 2914 τοῦτο
1789 2861 1887 2931 τῆς
1919 2859 2252 2929 ἐπαγγελίας
2296 2857 2670 2928 στερηθέντες.
2707 2856 2907 2926 Διόπερ
2956 2853 3262 2917 ἀκολούθως
3313 2851 3447 2924 μετά
3480 2853 3574 2907 τὸν

317 2948 558 3019 παρόντα
580 2947 793 3020 ψαλμὸν
818 2952 846 3002 ὁ
866 2949 992 3021 ἐξῆς
1014 2950 1193 3005 πάντα
1226 2950 1296 3004 τά
1322 2950 1450 3024 ἔθνη
1484 2953 1565 3016 εις
1584 2952 1683 3024 τὴν
1713 2949 2047 3020 ἐπαγγελίαν
2074 2949 2170 3005 τοῦ
2203 2950 2338 3004 Θεοῦ
2362 2949 2540 3014 καλεῖ,
2583 2948 2659 3011 ὡς
2711 2947 2776 3001 ἂν
2826 2945 2920 2999 τοῦ
2984 2945 3247 3018 προτέρου
3292 2943 3422 2998 λαοῦ
3495 2945 3573 3016 μὴ

318 3038 750 3104 ὑπακούσαντος.
1590 3068 1595 3073 η

313 3154 453 3223 om
505 3153 1156 3228 raginguorso
1184 3156 1413 3228 omns
1459 3156 1968 3228 oKowMErroc

577 3224 769 3277 ΜΕΤΑ
805 3226 946 3278 ΤΗΝ
988 3224 1486 3281 ΑΙΧΜΑΛΩΣΙΔΝᾸ
1520 3228 1639 3294 ιε’.

388 3399 611 3469 ’ᾼσατε
644 3398 727 3466 τῷ
767 3400 959 3470 Κιφίῳ
989 3393 1155 3471 ᾆσμα
1186 3401 1417 3456 καινόν·
1451 3400 1640 3470 ᾆσατε
1670 3400 1751 3468 τῷ
1781 3403 1896 3455 Κυι

308 3489 437 3557 ρίῳ,
471 3487 641 3543 πᾶσα
667 3492 705 3559 ἡ
732 3488 830 3560 γῆ.
871 3493 1096 3562 ’ᾼσατε
1130 3491 1211 3558 τῷ
1255 3494 1473 3561 Κυρίῳ,
1519 3491 1895 3563 εὐλογήσατσ

226 3602 233 3610 ·
314 3580 381 3632 τὸ
417 3580 602 3650 ὄνομα
633 3582 837 3635 αὑτοῦ.
881 3583 1063 3654 Φήσας
1101 3585 1131 3637 ὁ
1159 3583 1313 3654 λόγος
1349 3587 1407 3638 ἐν
1447 3585 1526 3657 τῷ
1554 3584 1663 3657 πρὸ
1704 3583 1894 3638 τούτου

312 3668 512 3742 ψαλμῷ
542 3674 669 3743 περὶ
685 3671 779 3725 τοῦ
822 3673 1090 3727 Ἰουδαίων
1115 3674 1245 3729 λαοῦ
1275 3675 1354 3741 τὸ,
1403 3677 1509 3729 Ἀεὶ
1550 3675 1894 3730 πλανῶνται

316 3754 652 3831 τῆκαρδίςι*
679 3762 877 3825 καὶτὸ,
921 3762 1015 3829 Ὠς
1047 3761 1252 3832 ὤμοσα
1282 3763 1353 3816 ἐν
1375 3761 1449 3830 τῇ
1480 3750 1627 3832 ὀργῇ
1666 3780 1808 3832 μου,
1842 3763 1894 3815 ει

314 3854 767 3906 εἰσελεύσονται
811 3857 898 3921 εις
936 3853 1052 3922 τὴν
1097 3852 1478 3908 κατάπαυσίν
1518 3868 1657 3920 μου·
1706 3852 1892 3925 ἐπειδὴ

317 3943 565 4016 πρώτους
586 3945 782 4009 αὐτοὺς
808 3946 901 3998 ἐπὶ
953 3945 1052 4018 τὴν
1080 3946 1221 3999 κατά
1250 3946 1382 4000 Θεὸν
1409 3943 1729 4014 ἀγαλλίασιν
1752 3959 1892 4015 προ⁶

315 4035 685 4107 καλεσάμενος
734 4037 978 4102 ἀπειθεῖς
1033 4032 1222 4109 εὗρεν,
1286 4038 1380 4091 ἐπὶ
1424 4037 1522 4109 τὴν
1569 4036 1678 4089 τῶν
1720 4034 1893 4090 ἐθνῶν

316 4124 507 4197 κλῆσιν
541 4127 870 4199 μεταϐαίνει·
908 4131 1219 4199 προσφωνεῖ
1248 4126 1305 4181 δέ
1323 4127 1494 4180 ταῦτα
1517 4128 1629 4190 τοῖς
1654 4126 1889 4179 ἀποστό-

313 4218 424 4284 λοις
448 4220 539 4273 καὶ
573 4219 843 4292 μαθηταῖς
869 4222 962 4276 τοῦ
993 4221 1266 4293 Σωτῆρος,
1301 4221 1438 4291 ὅπερ
1465 4218 1622 4292 δῆλόν
1643 4220 1759 4272 ἐστι
1779 4218 1889 4272 ἀπὸ

313 4310 430 4373 τοῦ,
459 4308 927 4381 Εὐαγγελίζεσθε
958 4310 1185 4382 ἡμέραν
1216 4310 1286 4375 ἐξ
1323 4309 1547 4379 ἡμέρας
1585 4309 1651 4363 τὸ
1693 4306 1889 4375 σωτή-

308 4419 443 4472 ριον
464 4402 673 4468 αὑτοῦ,
704 4403 832 4473 ἐξῆς
876 4402 1185 4476 εἰρημένου,
1216 4401 1329 4466 καὶ,
1386 4401 1793 4470 Ἀναγγείλατε
1818 4400 1889 4452 ἐν

296 4495 438 4564 τοῖς
469 4496 670 4552 ἔθνεσι
698 4494 812 4564 τὴν
832 4491 1020 4560 δόξαν
1047 4494 1252 4558 αὑτοῦ,
1285 4494 1355 4547 ἐν
1389 4491 1537 4548 πᾶσι
1568 4492 1690 4559 τοῖς
1716 4490 1888 4557 λαοῖς
1921 4514 1962 4569 ο

313 4585 387 4641 τὰ
403 4584 703 4658 θαυμάσια
727 4586 932 4640 αὐτοῦ·
952 4587 1075 4640 ἐπεὶ
1205 4587 1270 4640 δι’
1300 4585 1475 4641 ἄλλων
1490 4584 1522 4655 ἢ
1538 4584 1625 4637 διά
1657 4584 1764 4637 τῶν
1787 4582 1882 4636 τοῦ

313 4681 562 4753 Σωτῆρος
586 4676 743 4750 ἡμῶν
765 4678 1075 4732 ἀποστόλων
1092 4681 1174 4742 εἰς
1202 4679 1362 4751 ἔργον
1392 4676 1882 4750 προκεχωρήκασιν

316 4771 362 4823 οἱ
386 4766 554 4838 λόγοι.
581 4769 802 4823 Δι’ὃκαὶ
832 4766 1011 4841 μόνοις
1044 4767 1270 4841 ἁρμόζει
1295 4767 1367 4822 τά
1392 4767 1723 4840 προκείμενα
1747 4783 1884 4838 προ-

314 4859 639 4930 σφωνεῖσθαι
652 4860 845 4933 διάτὴν
858 4859 1064 4932 Καινὴν
1076 4859 1347 4931 Διαθήκην
1362 4858 1525 4914 καὶτὸ
1536 4856 1720 4912 καινὸν
1732 4851 1885 4929 ᾆσμα

312 4954 374 5007 τὸ
391 4950 759 5023 εὐαγγελικὺν,
776 4952 837 5006 τὸ
854 4954 985 5005 πᾶσι
1001 4954 1112 5014 τοῖς
1127 4950 1303 5003 ἔθνεσι
1317 4951 1385 5003 δι’
1422 4949 1599 5003 αὐτῶν
1644 4966 1780 5019 κεκη
1790 4966 1884 5020 ρυ-

310 5046 527 5117 γμένον.
566 5036 725 5099 Οὗτοι
764 5042 829 5115 δὴ
857 5038 948 5097 οὖν
971 5042 1392 5114 προστάττονται
1424 5040 1568 5111 ᾄδειν
1594 5038 1671 5109 τῷ
1696 5037 1888 5109 Κυρίῳ

313 5134 462 5210 ᾆσμα
488 5136 672 5190 καινὸν
705 5135 763 5187 ἐν
791 5134 937 5205 πάσῃ
967 5136 1032 5204 τῇ
1060 5134 1152 5204 γῇ·
1187 5132 1323 5200 ὅπερ
1351 5130 1446 5184 καὶ⁵
1474 5129 1654 5201 ἔργοις
1673 5127 1885 5197 πεπλη-

315 5226 573 5300 ρώκασιν,
608 5229 696 5281 ὅτε
720 5227 806 5291 εις
838 5223 1045 5279 πᾶσαν
1068 5221 1183 5290 τὴν
1213 5220 1331 5291 γῆν
1359 5219 1618 5289 ἐξῆλθεν
1648 5221 1682 5274 ό
1707 5219 1886 5289 φθόγ-

312 5336 417 5387 γος
449 5315 669 5380 αὐτῶν,
690 5315 790 5369 καὶ
813 5318 900 5381 εις
928 5315 998 5369 τὰ
1021 5312 1245 5383 πέρατα
1274 5310 1384 5381 τῆς
1427 5310 1784 5381 οἰκουμένης
1809 5310 1883 5363 τὰ

305 5409 545 5478 ῥήματα
570 5407 787 5460 αὐτῶν.
820 5401 929 5458 Ἦν
955 5406 1012 5460 δέ
1043 5405 1104 5459 τὸ
1133 5400 1284 5478 ᾆσμα
1313 5404 1373 5456 τὸ
1399 5402 1605 5467 καινὸν,
1626 5402 1689 5455 τὸ
1720 5402 1887 5471 σωτή-

318 5513 428 5571 ριον
453 5495 798 5565 Εὑαγγέλιον,
831 5497 891 5549 οὐ
910 5495 981 5550 τὰ
1012 5496 1163 5568 παρά
1188 5496 1412 5549 Μωῦσεῖ
1438 5491 1643 5545 παλαιά
1680 5490 1884 5559 νόμιμα

314 5592 587 5666 περιέχον,
613 5590 748 5644 ἀλλά
783 5590 849 5645 τά
879 5591 973 5644 τοῦ
1012 5587 1247 5663 Χριστοῦ
1283 5589 1446 5641 πᾶσιν
1479 5584 1731 5655 Ἕλλησιν
1781 5584 1882 5655 ἁρ-

385 5748 434 5780 ¹⁶
478 5746 624 5803 Psal.
664 5760 826 5812 xvm,
866 5743 918 5799 5.

2005 3155 2058 3210 ι.
2129 3144 2489 3208 CANTICUM
2569 3142 2696 3202 lPSI
2738 3136 3572 3210 οΑγιοωυΑιςροᾼοοιιυε

2039 3206 2466 3280 EDlFlCABA't
2483 3214 2576 3273 un
2606 3212 2780 3271 9051‘
2798 3206 3326 3269 CAPTIVITATEM.
3352 3208 3511 3263 xcv.

2069 3380 2235 3437 Vsus.
2262 3379 2318 3435 2.
2359 3377 2586 3435 Cantate
2620 3374 2846 3429 Domino
2885 3371 3153 3433 canticum
3186 3384 3396 3433 novum,
3442 3384 3574 3422 ean-

1997 3484 2103 3529 tate
2136 3473 2384 3535 Domino,
2415 3470 2585 3526 omnis
2629 3477 2789 3523 terra.
2824 3464 3050 3522 Cantate
3070 3463 3319 3525 Domino,
3360 3460 3572 3515 bench

1993 3568 2097 3621 cite
2124 3564 2324 3619 nomini
2351 3562 2487 3633 ejus.
2518 3560 2653 3616 Cum
2688 3559 2743 3612 in
2773 3554 3100 3626 praecedenti
3140 3555 3350 3624 psalmo
3379 3551 3448 3607 de
3476 3552 3570 3606 Juc

1995 3658 2154 3713 daico
2185 3656 2387 3728 populo
2421 3654 2627 3707 dictum
2665 3650 2879 3710 fuisset,
2901 3646 3116 3714 Semper
3153 3652 3336 3699 errant
3369 3644 3564 3710 corde,

1993 3758 2070 3811 et,
2097 3744 2247 3801 Sicut
2265 3743 2449 3813 juravi
2475 3742 2530 3795 in
2566 3740 2649 3792 ira
2682 3754 2819 3804 mea,
2846 3737 2891 3791 si
2920 3734 3213 3789 introibant
3248 3734 3304 3789 in
3335 3734 3565 3803 requiem

1994 3852 2165 3892 meam
2189 3849 2208 3888 :
2232 3835 2364 3905 quia
2403 3833 2528 3888 illos
2556 3831 2793 3901 primum
2821 3829 2888 3883 ad
2917 3843 3037 3883 eam
3066 3826 3370 3883 secundum
3395 3822 3568 3881 Deum

1991 3927 2414 3985 exsultationem
2464 3924 2760 3986 advocans,
2808 3920 3187 3990 immorigeros
3243 3918 3566 3982 invenisset,

1993 4022 2061 4076 ad
2084 4021 2422 4075 vocationem
2445 4015 2690 4088 gentium
2713 4013 2932 4069 transit.
2966 4010 3060 4067 llis
3080 4024 3244 4081 porro
3281 4014 3565 4078 apostolos

1991 4118 2046 4167 et
2094 4109 2455 4180 evangelistas
2494 4106 2795 4161 Salvatoris
2831 4103 3138 4174 compellat,
3176 4109 3233 4155 ut
3262 4102 3440 4170 palam
3475 4109 3562 4155 est

1990 4217 2056 4257 ex
2091 4199 2293 4262 verbis,
2326 4196 2653 4252 Annuntiatc
2686 4201 2750 4250 de
2785 4193 2871 4248 die
2895 4198 2948 4246 in
2982 4192 3119 4245 diem
3149 4191 3387 4244 salutare
3419 4189 3561 4259 ejus,

1991 4304 2113 4365 Qum
2140 4291 2399 4361 deinceps
2427 4297 2755 4359 sequuntur,
2794 4295 2848 4341 et
2878 4300 2942 4342 ex
2975 4284 3083 4349 his,
3126 4281 3452 4336 Annuntiate
3485 4282 3566 4335 in-

1992 4394 2068 4440 ter
2091 4392 2265 4456 gentes
2286 4382 2510 4453 gloriam
2544 4380 2680 4450 ejus,
2714 4379 2769 4432 in
2790 4376 3029 4432 omnibus
3055 4374 3262 4447 populis
3290 4374 3565 4428 mirabilia

1989 4477 2146 4546 ejus:
2179 4488 2289 4527 non
2339 4471 2567 4526 aliorum
2610 4469 2778 4534 enim,
2816 4482 2977 4540 quam
3037 4465 3335 4521 Salvatoris
3384 4465 3561 4518 nostri

1991 4565 2365 4637 apostolorum
2398 4576 2587 4633 opera,
2634 4561 2687 4615 hi
2737 4574 3016 4616 sermones
3063 4557 3129 4613 ad
3179 4572 3293 4612 rem
3340 4554 3560 4610 deducti

1991 4665 2141 4713 sunt.
2170 4657 2351 4721 Quare
2375 4655 2447 4709 ob
2470 4650 2679 4707 Novum
2718 4649 3145 4714 Testamentum,
3191 4655 3245 4702 et
3278 4645 3352 4701 ob
3393 4660 3564 4700 cvan-

1990 4750 2221 4821 gelicum
2253 4758 2453 4801 novum
2492 4745 2787 4807 canticum,
2827 4755 2923 4813 per
2951 4742 3100 4810 ipsos
3131 4738 3387 4792 omnibus
3435 4752 3566 4808 gen-

1995 4842 2143 4897 tibus
2172 4839 2552 4910 praadicatum,
2587 4838 2735 4908 ipsos
2765 4836 2913 4890 solos
2949 4834 3029 4887 sic
3061 4830 3391 4898 compellare
3420 4842 3560 4883 con-

1992 4930 2265 4986 veniebat.
2306 4926 2371 4983 ﬂi
2402 4928 2587 4998 itaque
2612 4927 2878 4997 jubentur
2915 4930 3140 4978 cantare
3170 4920 3400 4975 Domino
3429 4935 3557 4974 can-

1991 5026 2163 5081 ticum
2196 5038 2395 5079 novuut
2431 5020 2487 5075 in
2529 5019 2783 5074 universa
2810 5026 2955 5070 terra
2982 5031 2996 5068 :
3022 5011 3169 5083 quod
3206 5012 3369 5065 etiam
3396 5024 3565 5079 opere

1990 5116 2360 5188 perfecerunt,
2388 5110 2608 5184 quando
2656 5109 2710 5163 in
2749 5120 2950 5162 omnem
2980 5114 3175 5158 terram
3212 5102 3372 5157 exivit
3400 5115 3563 5155 sonus

1989 5225 2193 5274 eorum,
2222 5209 2350 5263 etin
2374 5208 2504 5278 ﬁnes
2529 5204 2669 5259 orbis
2698 5211 2850 5256 terrm
2916 5197 3070 5254 verba
3103 5213 3283 5252 eorum
3305 5196 3374 5250 ".
3432 5194 3563 5247 Erat

1988 5317 2155 5375 porro
2186 5299 2463 5355 canticum
2495 5295 2627 5352 illud
2662 5306 2882 5357 novum,
2909 5291 3150 5348 salutare
3186 5286 3561 5358 Evangelium,

1991 5393 2136 5465 quod
2181 5406 2291 5447 non
2325 5403 2507 5446 vetera
2558 5387 2650 5441 illa
2704 5378 2907 5455 Moysis
2937 5380 3128 5452 legalis
3170 5375 3564 5444 complecteba-

1990 5495 2102 5549 tur,
2149 5482 2245 5540 sed
2303 5480 2507 5537 Christi
2536 5486 2826 5549 _pmccpta
2876 5473 3134 5529 omnibus
3187 5467 3392 5523 Graecis
3434 5477 3562 5519 con-

1989 5576 2269 5652 gruentia:
2292 5574 2383 5630 illa
2410 5566 2610 5647 quippe
2638 5569 2874 5628 Mosaiea
2901 5583 3011 5625 ncn
3042 5559 3354 5637 hujuSmodi
3377 5566 3562 5616 erant.
