2037 3198
269 174 338 202 1219

601 175 736 204 EUSEBII
751 176 993 205 CESABIENSIS
1009 177 1085 204 OPP.
1107 177 1198 204 PARS
1216 176 1261 204 ΙΙΙ.
1281 191 1316 198 -
1335 177 1539 206 EXEGETICA.

1820 169 1896 208 129.6

267 230 298 258 1ιῖ
315 230 427 258 exordio
444 231 533 266 itaque
546 231 622 266 jubet
637 232 687 267 ipsi
705 232 820 260 Domino
835 238 947 262 cantare
964 234 1047 260 canti<

1106 235 1184 270 μόδια
1202 235 1426 270 παραγγέλματα·
1443 236 1477 262 τὰ
1500 237 1555 273 γὰρ
1569 237 1706 270 Μωῦσέως
1725 238 1755 265 οὐ
1775 238 1896 265 τοιαῦτα.

267 283 329 302 cum
342 283 452 303 novum.
471 275 539 309 Quia
560 283 623 303 vero
637 284 691 303 non
705 281 811 311 poterat
828 278 918 304 omnis
931 282 1001 304 terra
1017 277 1055 303 in-

267 321 388 356 telligere
399 321 462 356 quis
475 325 548 348 esset
564 321 707 356 Dominus,
719 330 806 357 neque
818 322 1010 357 proiundiores
1021 323 1055 349 de

268 365 384 393 Domino
412 374 552 394 sermones
579 375 692 402 capere;
716 369 874 395 necessario
893 368 995 395 dictum
1013 375 1055 395 re-

266 413 334 447 petit
354 413 406 440 hoc
422 412 514 445 motio,
529 411 642 440 Cantate
659 413 779 445 Domino,
797 414 938 441 benedicite
953 414 1053 440 nomini

266 459 334 493 ejus,
349 459 429 492 cujus
448 458 504 485 haec
524 463 566 485 est
583 460 716 486 sententia
733 469 740 486 :
755 460 777 487 si
794 460 928 487 universa
942 467 990 494 per
1009 467 1054 486 or-

266 505 327 532 bem
345 509 450 538 gentes,
473 504 534 539 quis
559 505 594 531 sit
609 505 693 532 totius
708 506 801 532 mundi
825 505 926 540 opifex,
949 510 976 533 et
991 505 1053 540 quis

267 551 458 578 universorum
474 549 615 582 Dominus,
633 559 730 586 capere
752 559 805 578 non
822 552 944 586 valeant;
965 560 1054 587 neque

267 596 419 631 intelligere
442 597 556 631 possint,
578 597 714 631 quomodo
733 596 781 624 Dei
803 597 932 630 Verbum,
961 599 1053 632 opifex

267 651 329 670 cum
346 643 391 673 sit.
408 642 514 669 occulta
526 646 553 669 ct
572 643 704 670 invisibili
718 643 819 670 virtute
829 644 919 670 omnia
937 644 1053 671 admitti-

267 692 335 715 stret
349 692 375 714 et
393 687 541 721 gubernet;
565 691 591 713 at
613 687 679 714 satis
695 692 736 714 est
758 688 822 719 illis,
841 692 934 722 utpote
949 690 1053 717 solum-

267 732 348 759 modo
377 732 507 764 initiatis,
541 732 703 760 benedicere
732 733 836 760 nomini
861 734 931 768 ejus.
962 734 1051 769 Ipsum

267 778 367 812 quippe
395 777 501 805 Domini
524 787 634 810 nomen,
661 778 817 814 nudumque
832 779 918 814 ipsius
934 781 1047 808 vocabu-

267 823 322 849 lum
338 831 398 850 cum
413 824 491 851 laude
507 827 534 851 ct
561 824 748 851 benedictione
765 826 978 860 pronuntiatum,
995 834 1053 852 ma-

266 876 345 904 guam
363 873 450 904 potest
469 870 690 898 benedicentibus
717 872 859 899 utilitatem
888 872 1049 905 conciliarej;

1104 278 1148 316 ἦν.
1162 280 1375 316 Προηγουμένως
1391 281 1439 316 μὲν
1450 279 1496 308 οὖν
1507 284 1668 318 προστάττει
1681 284 1752 319 ᾅδειν
1764 283 1840 319 αὐτῷ
1851 283 1894 320 ’τῷ

1105 326 1199 362 Κυρίῳ
1215 326 1248 352 τὸ
1263 327 1355 353 καινὸν
1371 325 1456 362 ᾆσμα·
1474 328 1534 354 ἐπεὶ
1548 328 1577 354 δὲ
1592 329 1623 355 οὺ
1636 331 1708 356 πᾶσα
1722 331 1738 365 ἡ
1752 330 1787 365 γῆ
1801 329 1844 356 οῖα
1860 337 1895 356 τε

1103 369 1138 407 ἦν
1152 372 1194 403 τίς
1207 373 1266 399 ποτ’
1281 370 1314 407 ἦν
1329 373 1343 398 ὁ
1356 373 1456 408 Κύριος
1468 375 1595 407 συνεῖναι,
1608 374 1667 401 οὐδὲ
1679 375 1741 407 τοὺς
1759 375 1823 411 περὶ
1840 374 1893 401 τοῦ

1104 417 1207 452 Κυρίου
1222 416 1386 452 βαθυτέρους
1408 418 1506 445 εἰδέναι
1529 418 1634 453 λόγους·
1654 419 1811 454 ἀναγκαίως
1825 418 1894 455 ἑξῆς

1105 463 1174 490 κατὰ
1186 464 1311 499 δεύτερον
1328 463 1406 503 λόγον
1423 464 1541 498 ἐπιλέγει
1549 465 1588 492 τό·
1607 467 1717 501 ’ᾼσατε
1730 465 1770 499 τῷ
1780 466 1893 501 Κυρίῳ.

1103 508 1290 543 εὐλογήσατε
1309 509 1342 536 τὸ
1365 508 1457 543 ὄνομα
1479 510 1582 542 αὐτοῦ,
1602 511 1728 541 τοιαύτην
1751 511 1820 546 ἔχων
1838 510 1894 547 τὴν

1103 555 1229 582 διάνοιαψ
1243 555 1266 580 εί
1283 554 1321 590 μὴ
1341 555 1459 581 συνιέναι
1475 555 1517 587 τίς
1540 556 1613 582 ἐστιν
1633 558 1647 583 ὁ
1672 556 1717 583 τοῦ
1732 555 1894 592 σύμπαντος

1103 602 1205 637 κόσμου
1224 601 1398 638 δημιουργὸς,
1422 603 1468 630 καὶ
1484 604 1499 630 ὁ
1515 604 1569 631 τῶν
1589 604 1656 631 ὅλων
1678 605 1810 641 δεσπότης
1831 605 1894 632 Κύ-

1105 656 1160 683 ριος
1175 647 1284 674 δύναται
1300 648 1333 674 τὰ
1351 648 1412 674 καθ’
1428 649 1491 684 ὅλης
1509 650 1557 684 τῆς
1573 649 1625 685 γῆς
1639 650 1718 685 ἔθνη·
1739 650 1787 677 καὶ
1802 651 1828 678 εί
1850 650 1893 686 μὴ

1104 692 1218 727 συνορᾷν
1237 689 1281 718 οἷά
1297 692 1326 719 τέ
1350 693 1424 719 ἐστιν
1447 694 1520 726 ὅπως
1543 694 1735 731 δημιουργικὸς
1756 695 1793 722 ὣν
1819 691 1894 723 Geo?»

1102 738 1197 771 Λόγος,
1212 738 1310 772 ἀφανεῖ
1326 738 1373 764 καὶ
1391 739 1498 775 ἀοράτῳ
1510 739 1622 775 δυνάμει
1641 741 1674 767 τὰ
1694 741 1781 768 πάντα
1799 741 1894 768 διέπει

1103 785 1150 811 καὶ
1159 784 1331 820 διακυϐερνᾷν
1344 785 1400 812 ἀλλ’
1415 787 1534 821 ἀπαρκεῖ
1546 795 1578 821 γε
1594 787 1684 819 αὐτοῖς
1700 787 1737 819 ὡς
1757 788 1786 814 ὲν
1811 789 1894 815 etau-

1101 830 1178 864 γωγῇ
1195 829 1241 856 καὶ
1258 830 1288 855 τὸ
1304 829 1423 864 εὐλογεῖν
1440 830 1470 856 τὸ
1486 830 1571 865 ὄνομα
1592 831 1683 857 αὑτοῦ.
1712 831 1812 858 Ἱκανὸν
1834 832 1894 868 γάρ

1104 875 1176 900 ἐστιν
1196 875 1262 901 αὐτὸ
1283 875 1313 901 τὺ
1332 875 1379 901 τοῦ
1401 875 1502 911 Κυρίου
1523 876 1606 911 ονομα
1629 876 1675 903 καὶ
1695 876 1764 912 αὐτὴ
1782 876 1848 912 ψιλὴ
1873 878 1893 913 ἡ

264 918 291 941 et
305 914 434 949 majorem
455 923 531 947 sane,
547 923 629 950 quam
650 915 685 942 iis
703 916 749 950 qui
770 916 926 943 Abrahamo
943 917 1047 944 benedi-

1102 920 1271 955 προσηγορία
1288 920 1370 946 αὑτοῦ
1385 920 1580 956 εὐφημουμένῃ
1597 922 1644 948 καὶ
1657 911 1893 958 εὐλογουμένηγτά

264 965 377 987 cercnt:
395 961 426 988 ad
448 968 528 997 quem
542 961 645 989 dictum
661 966 714 995 est,
731 961 917 989 Benediceutes
934 968 958 989 te
974 962 1050 990 bene-

264 1006 422 1034 dicentur".

297 1104 402 1133 Novum
418 1113 501 1142 porro
521 1106 659 1133 canticum
671 1111 732 1142 post
747 1107 930 1141 captivitatem
945 1114 992 1142 per
1007 1110 1050 1134 to-

263 1155 322 1178 tum
345 1152 440 1178 orbem
461 1153 601 1179 celebrent
630 1154 694 1180 novi
717 1153 792 1180 orbis
821 1154 926 1181 incolae.
948 1154 1049 1186 Quam-

263 1196 358 1223 obrem
375 1197 413 1222 ait
428 1197 524 1231 psalmi
541 1197 648 1230 titulus,
665 1198 777 1230 Quando
793 1197 886 1225 domus
900 1198 1050 1233 wdiﬁcaba—

264 1248 308 1270 tur
326 1249 384 1278 post
396 1244 585 1277 captivitatem.
599 1244 666 1271 Cum
684 1244 755 1271 enim
777 1252 874 1280 magna
892 1244 937 1271 illa
951 1245 1049 1272 domus

262 1287 321 1320 Dei.
335 1288 458 1316 Ecclesia
469 1289 573 1316 scilicet
586 1289 657 1324 ejus,
670 1289 697 1316 in
712 1289 840 1316 omnibus
850 1290 975 1325 gentibus
986 1293 1048 1324 post

262 1336 415 1362 animarum
430 1335 616 1370 captivitatem
627 1335 771 1362 excitanda
787 1340 847 1362 erat
861 1343 876 1362 a
888 1343 986 1371 magno
1002 1335 1048 1362 illo

261 1386 289 1407 et
304 1381 426 1415 sapiente
443 1380 594 1407 architecto
608 1379 723 1407 Domino
736 1385 762 1407 et
778 1380 919 1408 Salvatore
939 1385 1046 1414 nostro,

261 1426 295 1453 de
306 1434 360 1461 quo
375 1426 412 1453 ait
424 1426 564 1461 propheta,
583 1426 632 1453 llic
648 1426 791 1462 tedi/icabit
802 1428 934 1455 civitatem
949 1436 1046 1461 meam,

259 1477 285 1499 et
302 1473 480 1507 captivitatem
495 1473 585 1508 populi
599 1473 648 1500 mei
660 1473 796 1500 reducet"
808 1482 816 1507 ;
830 1478 895 1500 tunc
913 1474 971 1509 ipse
987 1473 1048 1501 Ser-

260 1523 351 1551 vator,
372 1519 534 1554 impleturus
550 1527 581 1546 ea
599 1527 660 1554 quae
674 1527 688 1546 a
706 1519 845 1554 prophetis
864 1520 1046 1554 praenuntiata

261 1563 381 1595 fuerant,
393 1571 447 1599 pne
458 1565 586 1592 manibus
604 1565 744 1600 accipiens
760 1564 838 1592 Isaiae
848 1565 1000 1593 clausulam
1012 1573 1045 1593 cx

261 1610 348 1644 ipsius
363 1617 480 1644 persona
491 1610 638 1642 dicentem,
650 1609 770 1645 Scriptus
783 1610 891 1638 Domini
902 1619 980 1645 super
995 1619 1044 1644 me,

260 1663 290 1682 eo
300 1654 368 1689 quod
393 1656 498 1681 tinxerit
525 1663 574 1693 me,
594 1656 775 1691 evangelisare
795 1656 952 1691 pauperibus
974 1657 1046 1683 misit

261 1709 311 1733 me,
331 1701 476 1735 prwdicare
498 1702 607 1735 captivis
628 1701 821 1734 dimissionem,
840 1707 865 1729 et
880 1703 956 1730 ca'cis
974 1704 1045 1730 uisus

261 1747 456 1774 restitutionem
469 1747 502 1780 ⁷³,
534 1748 666 1782 replicato
694 1751 755 1782 post
780 1747 925 1775 lectionem
955 1748 1044 1781 libro,

260 1793 338 1826 dixit,
360 1793 446 1821 Hodie
467 1794 575 1828 impleta
594 1798 632 1820 est
647 1793 702 1820 lucc
722 1793 861 1828 Scriptura
883 1794 910 1821 in
934 1794 1044 1821 auribus

259 1838 386 1865 vestris"
402 1848 410 1866 :
425 1839 527 1866 docens
543 1846 573 1866 se
590 1846 652 1866 esse
669 1839 756 1871 illum,
773 1847 828 1866 non
851 1846 984 1874 corporeo
998 1848 1045 1867 un—

259 1887 360 1918 guento
392 1883 505 1918 perinde
534 1887 615 1919 atque
645 1884 697 1911 alio
725 1892 871 1919 corporeos
898 1885 1042 1919 Christos,

260 1927 308 1954 sed
331 1927 433 1962 Spiritu
458 1933 577 1962 paterna:
599 1928 706 1955 deitatis
725 1933 856 1963 unctum;
882 1933 963 1965 atque
983 1930 1044 1958 ideo

259 1973 398 2000 Christum
423 1977 549 2000 vocatum
577 1974 684 2002 fuisse:
700 1982 715 2000 a
730 1982 760 2002 se
781 1974 846 2001 item
867 1974 1043 2011 Evangelium

260 2019 294 2045 iis
308 2018 355 2053 qui
367 2019 456 2045 anima
472 2018 572 2054 captivi
587 2022 665 2046 erant
680 2018 855 2053 praedicatum
871 2027 932 2046 esse
946 2027 1044 2047 secun-

258 2063 323 2091 dum
340 2065 520 2099 prophetiam.
540 2063 694 2092 Jutlteorum
711 2065 802 2097 itaque
828 2065 966 2100 propheta:
988 2073 1043 2092 non

258 2111 326 2137 talia
341 2111 488 2142 canebant,
501 2111 593 2145 itaque
615 2110 751 2137 bonorum
774 2109 919 2145 Evangelia
936 2110 981 2143 iis,
996 2111 1042 2146 qui

257 2164 316 2184 aevo
333 2163 383 2183 suo
407 2155 583 2187 exsisterent,
600 2156 802 2190 praedicabant;
825 2156 872 2184 sed
890 2157 990 2184 similia
1010 2158 1044 2185 iis

258 2210 320 2237 quae
335 2201 441 2237 Moyses
465 2202 492 2228 in
508 2209 608 2238 magno
624 2203 732 2229 cantico
755 2203 788 2229 ad
806 2203 935 2238 populum
950 2203 1017 2231 dicit
1034 2211 1040 2229 :

258 2247 326 2275 Filii
349 2248 545 2282 vituperabiles,
567 2249 700 2283 generatio
723 2253 844 2279 tortuosa
869 2253 893 2276 et
909 2256 1043 2283 perversa,
1060 2268 1082 2295 Β

257 2293 372 2321 lut'ccine
388 2293 502 2320 Domino
521 2293 652 2321 redditis?
667 2294 763 2321 siccine
781 2294 892 2329 populus
908 2294 1006 2322 stultus
1019 2301 1043 2323 et

258 2348 310 2368 non
325 2339 480 2374 sapiens"?
499 2343 526 2367 et
542 2347 602 2375 quzc
621 2344 773 2375 sequuntur
787 2350 794 2372 ι
809 2340 856 2368 ubi
878 2340 956 2368 adest
977 2341 1042 2368 item

257 2385 335 2418 illud,
352 2385 529 2413 Irritat'erunt
549 2393 588 2412 me
598 2386 624 2412 in
636 2386 742 2418 alienis,
755 2386 783 2412 in
801 2385 1041 2413 cbomittationibus

257 2431 314 2458 suis
327 2431 548 2458 exacerbaveruut
568 2440 618 2459 me.
632 2431 840 2458 [inmolaverunt
854 2432 1003 2463 daemoniis,
1017 2436 1042 2458 et

259 2485 312 2504 non
328 2475 381 2503 Deo
392 2476 435 2508 ";
451 2481 478 2503 et
493 2476 569 2509 illud,
587 2475 644 2511 Ipsi
661 2481 864 2511 prouocauerunt
887 2484 928 2503 me
949 2477 977 2503 in
992 2484 1044 2503 non

256 2523 315 2555 deo,
338 2523 508 2549 irritat-erunt
539 2523 566 2550 in
588 2522 666 2550 idolis
688 2523 783 2550 suis".
807 2522 892 2550 Isaias
912 2531 977 2551 vero
1001 2523 1043 2551 his

256 2568 336 2596 aliine
347 2567 484 2595 canticum
498 2568 583 2596 edens
593 2567 702 2596 dicebat
717 2567 856 2596 :Cantabo
869 2567 965 2596 dilecto
979 2577 1044 2596 can-

256 2616 336 2643 ticum
353 2614 444 2642 dilecti
467 2615 529 2646 mei,
548 2615 630 2642 cinctu
653 2614 770 2645 metu":
789 2614 890 2649 quibus
914 2615 1009 2649 adjicit
1031 2624 1038 2642 :

256 2653 329 2693 Quid
341 2660 440 2695 faciam
456 2660 537 2686 cinere
553 2668 628 2692 nicto,
655 2659 718 2695 quia
735 2660 882 2694 exspectavi
897 2664 926 2686 ut
943 2660 1041 2695 faceret

254 2714 343 2735 uuam.
359 2705 421 2739 fecit
439 2710 527 2732 autem
546 2706 661 2739 spinas?
679 2705 808 2740 Auferam
829 2714 914 2741 sepem
928 2706 996 2741 ejus,
1016 2711 1041 2734 et

255 2752 304 2779 erit
319 2753 347 2779 in
358 2752 545 2787 dircptiouem,‘
559 2758 583 2779 ct
597 2753 732 2779 destruant
754 2753 850 2779 turrint
868 2752 938 2788 ejus,
954 2758 978 2779 et
990 2754 1041 2780 erit

290 2841 311 2877 ’γ’
327 2840 397 2877 Gen.
416 2850 452 2868 xtl
464 2861 471 2869 .
490 2841 516 2868 3.
554 2842 577 2857 "
595 2841 649 2869 lsa.
667 2850 727 2876 xcv,
743 2843 784 2871 l3.
822 2843 845 2860 ⁷³
865 2843 905 2874 lsu
936 2851 966 2877 ιι
980 2844 999 2875 3.
1021 2844 1030 2876 Ι

255 2875 276 2891 ⁷⁷
296 2876 361 2902 ibid.
380 2877 424 2902 ‘21.
462 2877 485 2892 '“‘
505 2877 556 2903 ιδῃ.
575 2885 600 2908 ν,
622 2878 647 2903 Ι.

1102 965 1216 999 μέγιστα
1233 966 1295 997 τοὺς
1315 966 1491 1000 εὐλογοῦντας
1507 967 1629 1001 ὠφελεῖν,
1647 967 1745 1003 μᾶλλον
1764 967 1781 1003 ἢ
1797 968 1823 994 οί
1841 968 1894 995 τδν

1107 1009 1234 1045 Ἀϐραὰμ
1255 1009 1439 1045 εὐλογοῦντες,
1464 1012 1532 1047 πρὸς
1550 1012 1580 1039 ὃν
1603 1013 1718 1048 εἴρηται·
1743 1014 1775 1040 οι
1798 1015 1894 1041 εὐλο-

1100 1057 1223 1092 γοῦντές
1236 1065 1273 1084 σε
1283 1058 1550 1092 εὐλογηθήσονται.

1134 1113 1171 1140 Τὸ
1187 1114 1279 1141 καινὸν
1292 1114 1321 1141 δὲ
1337 1113 1412 1151 ᾆσμα
1436 1115 1504 1150 μετά
1525 1116 1574 1151 τὴν
1595 1116 1781 1150 αἰχμαλωσίαν
1793 1118 1819 1143 οί
1835 1116 1893 1154 τῆς

1099 1161 1161 1192 νέας
1177 1160 1338 1196 οἰκουμένης
1356 1161 1555 1196 κατηξιωμένοι
1576 1162 1636 1189 καθ’
1651 1163 1714 1199 ὅλης
1732 1163 1782 1199 τῆς
1797 1164 1893 1190 οἰκου-

1101 1207 1183 1242 μένης
1205 1206 1352 1241 ᾁδέτωπαν.
1370 1206 1417 1232 Διό
1441 1215 1522 1241 φησιν
1545 1208 1562 1242 ἡ
1585 1209 1730 1244 προγραφὴ
1751 1208 1798 1235 τοῦ
1818 1209 1893 1244 ψαλ-

1100 1251 1161 1287 μοῦ,
1177 1252 1243 1278 Ὅτε
1259 1253 1275 1278 ό
1287 1249 1367 1284 οἴκος
1377 1251 1552 1286 ᾠκοδομεῖτο
1567 1253 1642 1287 μετὰ
1661 1253 1718 1288 τὴν
1737 1255 1892 1289 αἰχμαλω-

1098 1298 1180 1324 σίαν.
1197 1297 1260 1323 ’Ὀτε
1274 1297 1339 1331 γοῦν
1355 1298 1368 1323 ὁ
1385 1298 1469 1332 μέγας
1481 1295 1553 1330 οἶκος
1567 1299 1613 1325 τοῦ
1630 1299 1707 1332 Θεοῦ,
1724 1301 1741 1336 ὴ
1769 1300 1890 1338 Ἐκκλησ-

1099 1342 1144 1368 σία
1164 1341 1257 1374 αὐτοῦ,
1274 1343 1302 1369 ὲν
1317 1344 1383 1369 πᾶσι
1398 1345 1454 1375 τοῖς
1469 1343 1557 1370 ἔθνεσι
1576 1344 1646 1379 μετὰ
1659 1345 1708 1381 τὴν
1724 1344 1779 1372 τῶν
1791 1344 1893 1381 ψυχῶν

1098 1389 1284 1424 αἰχμαλωσίαν
1296 1389 1493 1425 οἰκοδομεῖσθαι
1508 1390 1623 1425 ἤμελλεν
1638 1390 1690 1417 ὑπὸ
1706 1391 1753 1418 τοῦ
1768 1390 1891 1426 μεγάλου

1098 1435 1145 1461 καὶ
1167 1434 1249 1469 σοφοῦ
1279 1435 1472 1470 ἀρχιτέκτονος
1487 1436 1534 1462 τοῦ
1561 1436 1663 1472 Κυρίου
1685 1437 1732 1463 καὶ
1760 1437 1892 1473 Σωτῆρος

1098 1478 1186 1514 ἡμῶν,
1203 1479 1268 1514 περὶ
1287 1477 1316 1506 οὗ
1338 1488 1420 1515 φησιν
1443 1480 1458 1506 ὀ
1476 1482 1634 1516 προφήτης·
1664 1479 1758 1514 Οὗτος
1772 1481 1892 1509 οικοδο-

1095 1524 1185 1559 μήσει
1200 1524 1257 1558 τὴν
1276 1525 1366 1552 πόλιν
1379 1534 1440 1559 μου
1458 1525 1507 1552 καί
1528 1526 1585 1559 τὴν
1606 1527 1814 1561 αἰχμαλωσίαν
1833 1528 1892 1555 τοῦ

1097 1569 1175 1597 ,λαοῦ
1185 1579 1244 1604 μου
1258 1570 1440 1605 ἐπιστρέψει·
1459 1572 1520 1598 τότε
1537 1571 1618 1603 αὐτὸς
1631 1573 1645 1598 ό
1658 1572 1762 1608 Σωτὴρ,
1782 1572 1893 1608 μέλλων

1100 1615 1190 1651 ἔργοις
1205 1615 1379 1651 ἀποπληροῦν
1393 1617 1427 1643 τὰ
1446 1617 1489 1643 διὰ
1510 1617 1564 1644 τῶν
1580 1617 1726 1653 προφητῶν
1745 1626 1892 1654 προπεφυ-

1099 1661 1213 1696 νημὲνα,
1230 1661 1299 1696 μετά
1311 1662 1405 1696 χεῖρας
1423 1662 1511 1688 λαϐὼν
1528 1663 1574 1689 καὶ
1592 1663 1701 1690 διελθὼν
1721 1663 1771 1700 τὴν
1791 1663 1824 1690 δι’
1844 1663 1892 1691 αὑ-

1099 1706 1146 1733 τοῦ
1175 1706 1320 1742 προσώπου
1344 1707 1501 1741 φάσκουσαν
1517 1707 1563 1734 τοῦ
1588 1708 1697 1734 Ἡσαΐου
1718 1710 1888 1745 περικοπὴν·

1099 1751 1221 1787 Πνεῦμα
1242 1753 1354 1786 Kvplov
1375 1753 1421 1779 ἐπ’
1445 1753 1507 1788 ἐμὲ,
1528 1752 1564 1781 οὗ
1583 1754 1699 1781 εἵνεκεν
1720 1754 1825 1790 ἐχρισέ
1837 1764 1889 1791 με,

1098 1798 1349 1832 εὐαγγελίσασθαι
1367 1799 1494 1833 πτωχοῖς
1508 1799 1682 1826 ἀπέσταλκέ
1695 1809 1744 1835 με,
1759 1801 1891 1835 κηρῦξαι

1098 1844 1294 1878 αἰχμαλώτοις
1321 1845 1447 1880 ἄφεσιν,
1478 1846 1526 1873 καὶ
1560 1847 1684 1881 τυφλοῖς
1707 1847 1889 1884 ἀνάϐλεψιν,

1098 1892 1201 1923 πτύξας
1214 1891 1262 1927 τὴν
1279 1891 1369 1927 βίϐλον
1381 1891 1449 1927 μετά
1467 1892 1516 1927 τὴν
1531 1892 1692 1926 ἀνάγνωσιν,
1705 1891 1780 1920 εἶπε⁸
1793 1893 1891 1929 Σήμε-

1093 1946 1151 1971 ρον
1161 1937 1350 1972 πεπλήρωται
1359 1938 1378 1971 ἠ
1391 1937 1494 1972 Γραφὴ
1506 1938 1581 1972 αὕτη
1591 1938 1626 1965 ἐν
1635 1938 1696 1971 τοῖς
1706 1938 1782 1965 ὠσὶν
1791 1939 1887 1974 ὑμῶν·

1096 1983 1228 2010 διδάσκων
1243 1975 1329 2010 αὐτὸν
1351 1984 1399 2019 μὲν
1421 1981 1489 2010 εἶναι
1508 1984 1554 2010 τὸν
1573 1984 1603 2010 οὺ
1632 1984 1779 2020 σωματικῷ
1808 1985 1890 2022 μύρῳ

1096 2030 1153 2061 τοῖς
1173 2030 1339 2065 σωματικοῖς
1359 2031 1479 2065 χριστοῖς
1500 2029 1610 2065 ὁμοίως,
1635 2029 1673 2066 τῷ
1696 2031 1724 2057 δὲ
1746 2030 1888 2067 Πνεύματι

1095 2075 1146 2108 τῆς
1159 2075 1295 2110 πατρικῆς
1314 2074 1440 2112 θεότητος
1453 2076 1642 2111 κεχρισμένον,
1669 2077 1716 2103 καὶ
1733 2076 1777 2103 διὰ
1805 2076 1888 2105 τοῦτο

1097 2119 1212 2156 Χριστὸν
1224 2121 1454 2157 ἀνηγορευμένον·
1471 2121 1505 2148 δι’
1520 2122 1602 2148 αὑτοῦ
1613 2122 1641 2148 δὲ
1654 2123 1700 2150 καὶ
1714 2122 1744 2149 τὸ
1760 2123 1888 2158 Εὐαγγέ-

1096 2164 1152 2192 λιον
1175 2167 1231 2198 τοῖς
1253 2167 1302 2198 τὰς
1319 2166 1410 2202 ψυχὰς
1431 2166 1614 2202 αίχμαλώτοις
1637 2167 1805 2204 κεκηρῦχθαι
1819 2168 1888 2195 ἀκο-

1096 2208 1198 2242 λούθως
1209 2211 1242 2246 τῇ
1257 2211 1419 2247 προφητείᾳ.
1427 2212 1457 2238 Οἱ
1470 2212 1519 2247 μὲν
1529 2209 1576 2238 οὖν
1586 2212 1632 2239 τοῦ
1647 2212 1779 2240 Ἰουδαίων
1790 2212 1890 2246 ἔθνους

1097 2256 1234 2291 προφῆται
1255 2255 1286 2282 οὐ
1307 2255 1419 2283 τοιαῦτα
1437 2254 1509 2292 ᾖδον,
1531 2257 1586 2283 οὐδ’
1605 2257 1714 2292 ἀγαθῶν
1730 2258 1887 2293 Εὐαγγέλια

1097 2302 1153 2332 τοῖς
1170 2300 1230 2328 καθ’
1241 2301 1355 2333 ἑαυτοὺς
1369 2303 1516 2337 ἐκήρυττον
1526 2310 1533 2317 ·
1552 2303 1610 2330 ἀλλ’
1623 2304 1702 2330 ὁποῖα
1719 2304 1840 2339 Μωῦσῆς
1853 2305 1885 2332 ὲν

1099 2346 1203 2383 μεγάλῃ
1215 2346 1270 2382 ᾠδῇ
1285 2347 1353 2382 πρὸς
1362 2347 1407 2374 τὸν
1422 2348 1487 2375 λαὸν
1498 2349 1610 2383 φάσκων
1619 2357 1626 2364 ⁸
1640 2349 1731 2376 Τέκνα
1740 2350 1867 2384 μωμητὰ
1877 2370 1886 2383 ,

1095 2391 1184 2427 γενεὰ
1201 2393 1311 2420 σκολιὰ
1339 2393 1389 2419 καὶ
1416 2393 1645 2430 διεστραμμένη,
1670 2395 1764 2423 ταῦτα
1785 2396 1887 2430 Κυρίῳ

1095 2437 1310 2465 ἀνταποδίδοτε
1320 2446 1329 2470 ;
1341 2438 1417 2465 οὕτω
1427 2439 1503 2473 λαὸς
1514 2439 1612 2474 μωρὸς
1626 2441 1674 2467 καὶ
1689 2440 1757 2475 οὐχὶ
1769 2441 1887 2475 σοφόςῐ

1095 2482 1143 2509 καὶ
1155 2482 1191 2509 τὰ
1209 2483 1314 2516 τούτοις
1329 2485 1463 2512 ἀκόλουθα
1473 2494 1480 2501 ·
1505 2486 1533 2511 ὲν
1550 2483 1591 2518 οἷς
1609 2487 1668 2512 ἐστι
1683 2486 1730 2513 καὶ
1751 2486 1792 2518 τὸ,
1807 2487 1886 2521 ηαρ-

1094 2527 1216 2560 ώξυνάν
1223 2537 1261 2564 με
1273 2529 1308 2556 ἐν
1322 2530 1503 2565 ἀλλοτρίοις,
1513 2531 1548 2558 ὲν
1559 2531 1770 2568 βδελύγμασιν
1783 2532 1886 2559 αὐτῶν

1093 2573 1295 2607 ἐξεπίκρανιὶν
1304 2584 1351 2610 με.
1364 2576 1496 2603 Ἕθυσαν
1504 2576 1678 2612 δαιμονίοις,
1690 2576 1740 2604 καί
1754 2578 1790 2604 οὑ
1804 2577 1867 2611 Θεῷ
1875 2585 1883 2594 ⁸

1094 2620 1141 2646 καὶ
1155 2619 1195 2651 τὸ,
1213 2621 1301 2647 Αὐτοὶ
1318 2620 1534 2656 παρεζήλωσάν
1542 2631 1581 2657 με
1603 2622 1649 2649 ἐπ’
1666 2624 1702 2649 οὐ
1722 2622 1793 2655 Θεῷ,
1809 2628 1886 2658 παρ-

1093 2664 1225 2700 ώρτισάν
1241 2674 1280 2700 με
1299 2666 1335 2693 ἐν
1348 2667 1410 2700 τοῖς
1423 2666 1557 2700 εἰδώλοις
1575 2667 1683 2694 αὐτῶν.
1697 2668 1752 2695 Καὶ
1769 2668 1884 2700 Ἡσαΐας

1093 2709 1122 2736 δὲ
1139 2710 1242 2742 τούτοις
1258 2711 1424 2747 κατάλληλον
1439 2711 1510 2748 ᾄδων
1527 2710 1604 2747 ᾆσμα
1623 2712 1732 2748 ἓλεγεν-
1752 2713 1830 2748 ’ζᾼσω
1844 2712 1884 2746 δὴ

1093 2754 1133 2787 τῷ
1143 2755 1323 2790 ἠγαπημένῳ
1334 2753 1417 2791 ᾆσμα
1429 2756 1482 2783 τσῦ
1495 2757 1649 2792 ἀγαπητοῦ
1657 2767 1727 2793 μου,
1735 2759 1776 2791 τῷ
1788 2757 1886 2792 ἀμπε-

1083 2845 1105 2861 "
1124 2845 1189 2874 Lur.
1210 2854 1234 2874 ιγ
1263 2846 1309 2874 21.
1347 2847 1370 2864 ’⁵
1388 2847 1465 2874 Deut.
1481 2855 1570 2882 uxn,
1589 2847 1622 2880 5,
1643 2846 1659 2874 6
1707 2848 1730 2863 ⁷³
1750 2847 1816 2876 ibid.
1836 2846 1883 2875 16.
