  <div class='ocr_page' id='page_1' title='image "/cluster/home/n/w/nwhite01/storage/ocr_20150623/23:no.5/coo.31924054873033/626.png"; bbox 0 0 4074 6394; ppageno 0'>
   <div class='ocr_carea' id='block_1_1' title="bbox 356 348 489 407">
    <p class='ocr_par' dir='ltr' id='par_1_1' title="bbox 356 348 489 407">
     <span class='ocr_line' id='line_1_1' title="bbox 356 348 489 407; baseline 0.023 -3"><span class='ocrx_word' id='word_1_1' title='bbox 356 348 489 407; x_wconf 65' lang='grc'><strong>1221</strong></span> 
     </span>
    </p>
   </div>
   <div class='ocr_carea' id='block_1_2' title="bbox 1478 351 2446 413">
    <p class='ocr_par' dir='ltr' id='par_1_2' title="bbox 1478 351 2446 413">
     <span class='ocr_line' id='line_1_2' title="bbox 1478 351 2446 413; baseline 0.005 -5"><span class='ocrx_word' id='word_1_2' title='bbox 1478 351 1977 408; x_wconf 61' lang='grc' dir='ltr'><strong>ΕΟΜΜΕΝΤΑΒΙΑ</strong></span> <span class='ocrx_word' id='word_1_3' title='bbox 2003 353 2070 410; x_wconf 69' lang='lat' dir='ltr'><strong>LN.</strong></span> <span class='ocrx_word' id='word_1_4' title='bbox 2106 353 2446 413; x_wconf 73' lang='lat' dir='ltr'><strong>PSALMOS.</strong></span> 
     </span>
    </p>
   </div>
   <div class='ocr_carea' id='block_1_3' title="bbox 3468 365 3611 420">
    <p class='ocr_par' dir='ltr' id='par_1_3' title="bbox 3468 365 3611 420">
     <span class='ocr_line' id='line_1_3' title="bbox 3468 365 3611 420; baseline -0.014 0"><span class='ocrx_word' id='word_1_5' title='bbox 3468 365 3611 420; x_wconf 64' lang='grc' dir='ltr'><strong>ηερ.</strong></span> 
     </span>
    </p>
   </div>
   <div class='ocr_carea' id='block_1_4' title="bbox 351 458 1921 542">
    <p class='ocr_par' dir='ltr' id='par_1_4' title="bbox 351 458 1921 536">
     <span class='ocr_line' id='line_1_4' title="bbox 351 458 1921 536; baseline -0.001 -15"><span class='ocrx_word' id='word_1_6' title='bbox 351 465 503 521; x_wconf 63' lang='grc' dir='ltr'><strong>⁵ιῶοσυί</strong></span> <span class='ocrx_word' id='word_1_7' title='bbox 524 481 675 536; x_wconf 77' lang='grc' dir='ltr'>μουο</span> <span class='ocrx_word' id='word_1_8' title='bbox 714 458 795 529; x_wconf 70' lang='grc' dir='ltr'>οἷς</span> <span class='ocrx_word' id='word_1_9' title='bbox 827 464 1102 534; x_wconf 74' lang='grc' dir='ltr'>ἐπιλέγει’</span> <span class='ocrx_word' id='word_1_10' title='bbox 1147 467 1207 520; x_wconf 82' lang='lat' dir='ltr'><strong>TI</strong></span> <span class='ocrx_word' id='word_1_11' title='bbox 1244 467 1475 536; x_wconf 79' lang='grc' dir='ltr'>ποιήσω</span> <span class='ocrx_word' id='word_1_12' title='bbox 1500 465 1579 532; x_wconf 82' lang='grc' dir='ltr'>τῷ</span> <span class='ocrx_word' id='word_1_13' title='bbox 1622 465 1921 536; x_wconf 68' lang='grc' dir='ltr'>ἀμπελῶνι</span> 
     </span>
    </p>
   </div>
   <div class='ocr_carea' id='block_1_5' title="bbox 2025 458 3627 542">
    <p class='ocr_par' dir='ltr' id='par_1_5' title="bbox 2035 468 3627 542">
     <span class='ocr_line' id='line_1_5' title="bbox 2035 468 3627 542; baseline 0.005 -21"><span class='ocrx_word' id='word_1_14' title='bbox 2035 468 2088 522; x_wconf 90' lang='lat' dir='ltr'><strong>in</strong></span> <span class='ocrx_word' id='word_1_15' title='bbox 2133 469 2582 526; x_wconf 79' lang='lat' dir='ltr'><strong>conculcationem</strong></span> <span class='ocrx_word' id='word_1_16' title='bbox 2608 486 2626 523; x_wconf 95' lang='lat'><em>:</em></span> <span class='ocrx_word' id='word_1_17' title='bbox 2665 481 2716 526; x_wconf 86' lang='lat' dir='ltr'><strong>et</strong></span> <span class='ocrx_word' id='word_1_18' title='bbox 2761 474 3053 542; x_wconf 78' lang='lat' dir='ltr'><strong>relinquam</strong></span> <span class='ocrx_word' id='word_1_19' title='bbox 3105 474 3309 528; x_wconf 77' lang='lat' dir='ltr'><strong>vineam</strong></span> <span class='ocrx_word' id='word_1_20' title='bbox 3350 490 3520 528; x_wconf 83' lang='lat' dir='ltr'><strong>meam</strong></span> <span class='ocrx_word' id='word_1_21' title='bbox 3539 478 3627 541; x_wconf 71' lang='grc' dir='ltr'><strong>τ’,</strong></span> 
     </span>
    </p>
   </div>
   <div class='ocr_carea' id='block_1_6' title="bbox 340 555 1935 628">
    <p class='ocr_par' dir='ltr' id='par_1_6' title="bbox 340 555 1935 628">
     <span class='ocr_line' id='line_1_6' title="bbox 340 555 1935 628; baseline 0.001 -17"><span class='ocrx_word' id='word_1_22' title='bbox 340 574 490 626; x_wconf 79' lang='grc' dir='ltr'>μου,</span> <span class='ocrx_word' id='word_1_23' title='bbox 523 557 613 610; x_wconf 84' lang='grc' dir='ltr'>ὄτι</span> <span class='ocrx_word' id='word_1_24' title='bbox 642 557 848 626; x_wconf 75' lang='grc' dir='ltr'>ἔμεινα</span> <span class='ocrx_word' id='word_1_25' title='bbox 883 557 989 610; x_wconf 86' lang='grc' dir='ltr'><strong>τοῦ</strong></span> <span class='ocrx_word' id='word_1_26' title='bbox 1019 555 1264 625; x_wconf 77' lang='grc' dir='ltr'>ποιῆσαι</span> <span class='ocrx_word' id='word_1_27' title='bbox 1309 557 1653 628; x_wconf 66' lang='grc' dir='ltr'>σταφυλὴν,</span> <span class='ocrx_word' id='word_1_28' title='bbox 1688 558 1935 625; x_wconf 82' lang='grc' dir='ltr'>ἐποίησε</span> 
     </span>
    </p>
   </div>
   <div class='ocr_carea' id='block_1_7' title="bbox 350 646 1936 719">
    <p class='ocr_par' dir='ltr' id='par_1_7' title="bbox 350 646 1936 719">
     <span class='ocr_line' id='line_1_7' title="bbox 350 646 1936 719; baseline 0 -18"><span class='ocrx_word' id='word_1_29' title='bbox 350 646 422 701; x_wconf 78' lang='grc' dir='ltr'>δὲ</span> <span class='ocrx_word' id='word_1_30' title='bbox 465 647 766 713; x_wconf 79' lang='grc' dir='ltr'>ἀκάνθας;</span> <span class='ocrx_word' id='word_1_31' title='bbox 820 646 1062 703; x_wconf 79' lang='grc' dir='ltr'>Καθελῶ</span> <span class='ocrx_word' id='word_1_32' title='bbox 1101 649 1208 702; x_wconf 84' lang='grc' dir='ltr'>τὸν</span> <span class='ocrx_word' id='word_1_33' title='bbox 1252 650 1523 719; x_wconf 66' lang='grc' dir='ltr'>φραγμὸν</span> <span class='ocrx_word' id='word_1_34' title='bbox 1571 649 1791 713; x_wconf 79' lang='grc' dir='ltr'>αὑτοῦ,</span> <span class='ocrx_word' id='word_1_35' title='bbox 1835 649 1936 702; x_wconf 72' lang='grc' dir='ltr'><strong>καί</strong></span> 
     </span>
    </p>
   </div>
   <div class='ocr_carea' id='block_1_8' title="bbox 353 737 1936 809">
    <p class='ocr_par' dir='ltr' id='par_1_8' title="bbox 353 737 1936 809">
     <span class='ocr_line' id='line_1_8' title="bbox 353 737 1936 809; baseline 0.001 -17"><span class='ocrx_word' id='word_1_36' title='bbox 353 737 525 794; x_wconf 80' lang='grc' dir='ltr'>ἔσται</span> <span class='ocrx_word' id='word_1_37' title='bbox 576 741 662 803; x_wconf 79' lang='grc' dir='ltr'>εἰς</span> <span class='ocrx_word' id='word_1_38' title='bbox 703 737 1072 808; x_wconf 73' lang='grc' dir='ltr'>διαρπαγήνο</span> <span class='ocrx_word' id='word_1_39' title='bbox 1112 740 1212 792; x_wconf 80' lang='grc' dir='ltr'>καὶ</span> <span class='ocrx_word' id='word_1_40' title='bbox 1271 740 1502 794; x_wconf 82' lang='grc' dir='ltr'><strong>καθελῶ</strong></span> <span class='ocrx_word' id='word_1_41' title='bbox 1555 741 1662 793; x_wconf 84' lang='grc' dir='ltr'>τὸν</span> <span class='ocrx_word' id='word_1_42' title='bbox 1706 741 1936 809; x_wconf 77' lang='grc' dir='ltr'>πύργον</span> 
     </span>
    </p>
   </div>
   <div class='ocr_carea' id='block_1_9' title="bbox 352 830 1936 901">
    <p class='ocr_par' dir='ltr' id='par_1_9' title="bbox 352 830 1936 901">
     <span class='ocr_line' id='line_1_9' title="bbox 352 830 1936 901; baseline 0.001 -18"><span class='ocrx_word' id='word_1_43' title='bbox 352 830 568 894; x_wconf 84' lang='grc' dir='ltr'>αὐτοῦ,</span> <span class='ocrx_word' id='word_1_44' title='bbox 605 832 704 883; x_wconf 78' lang='grc' dir='ltr'>καὶ</span> <span class='ocrx_word' id='word_1_45' title='bbox 753 830 925 884; x_wconf 76' lang='grc' dir='ltr'>ἔσται</span> <span class='ocrx_word' id='word_1_46' title='bbox 969 833 1056 896; x_wconf 80' lang='grc' dir='ltr'><strong>είς</strong></span> <span class='ocrx_word' id='word_1_47' title='bbox 1120 831 1540 901; x_wconf 83' lang='grc' dir='ltr'>καταπάτημα·</span> <span class='ocrx_word' id='word_1_48' title='bbox 1572 832 1670 885; x_wconf 79' lang='grc' dir='ltr'>καὶ</span> <span class='ocrx_word' id='word_1_49' title='bbox 1727 831 1936 898; x_wconf 78' lang='grc' dir='ltr'>ἀνήσω</span> 
     </span>
    </p>
   </div>
   <div class='ocr_carea' id='block_1_10' title="bbox 354 920 1930 990">
    <p class='ocr_par' dir='ltr' id='par_1_10' title="bbox 354 920 1930 990">
     <span class='ocr_line' id='line_1_10' title="bbox 354 920 1930 990; baseline 0.005 -18"><span class='ocrx_word' id='word_1_50' title='bbox 354 922 460 974; x_wconf 78' lang='grc' dir='ltr'>τὸν</span> <span class='ocrx_word' id='word_1_51' title='bbox 513 920 841 989; x_wconf 75' lang='grc' dir='ltr'>ἀμπελῶνα</span> <span class='ocrx_word' id='word_1_52' title='bbox 904 939 1057 990; x_wconf 86' lang='grc' dir='ltr'>μου,</span> <span class='ocrx_word' id='word_1_53' title='bbox 1113 921 1208 975; x_wconf 74' lang='grc' dir='ltr'>καὶ</span> <span class='ocrx_word' id='word_1_54' title='bbox 1259 922 1329 975; x_wconf 76' lang='grc' dir='ltr'>τὰ</span> <span class='ocrx_word' id='word_1_55' title='bbox 1377 923 1646 976; x_wconf 75' lang='grc' dir='ltr'><strong>ἀκόλουθα</strong></span> <span class='ocrx_word' id='word_1_56' title='bbox 1702 923 1930 986; x_wconf 82' lang='grc' dir='ltr'><strong>τούτοις.</strong></span> 
     </span>
    </p>
   </div>
   <div class='ocr_carea' id='block_1_11' title="bbox 353 1011 1933 1087">
    <p class='ocr_par' dir='ltr' id='par_1_11' title="bbox 353 1011 1933 1087">
     <span class='ocr_line' id='line_1_11' title="bbox 353 1011 1933 1087; baseline 0.002 -22"><span class='ocrx_word' id='word_1_57' title='bbox 353 1013 594 1082; x_wconf 80' lang='grc' dir='ltr'>Θρήνους</span> <span class='ocrx_word' id='word_1_58' title='bbox 644 1014 701 1066; x_wconf 86' lang='grc' dir='ltr'>δὲ</span> <span class='ocrx_word' id='word_1_59' title='bbox 733 1015 826 1066; x_wconf 74' lang='grc' dir='ltr'><strong>καὶ</strong></span> <span class='ocrx_word' id='word_1_60' title='bbox 874 1014 1144 1085; x_wconf 82' lang='grc' dir='ltr'><strong>Ἱερεμίας</strong></span> <span class='ocrx_word' id='word_1_61' title='bbox 1201 1011 1295 1087; x_wconf 79' lang='grc' dir='ltr'><strong>ᾖδε</strong></span> <span class='ocrx_word' id='word_1_62' title='bbox 1335 1015 1473 1069; x_wconf 87' lang='grc' dir='ltr'><strong>κατά</strong></span> <span class='ocrx_word' id='word_1_63' title='bbox 1515 1015 1609 1068; x_wconf 91' lang='grc' dir='ltr'><strong>τοῦ</strong></span> <span class='ocrx_word' id='word_1_64' title='bbox 1665 1016 1933 1069; x_wconf 77' lang='grc' dir='ltr'><strong>Ἰουδαίων</strong></span> 
     </span>
    </p>
   </div>
   <div class='ocr_carea' id='block_1_12' title="bbox 352 1101 1933 1177">
    <p class='ocr_par' dir='ltr' id='par_1_12' title="bbox 352 1101 1933 1177">
     <span class='ocr_line' id='line_1_12' title="bbox 352 1101 1933 1177; baseline 0.003 -23"><span class='ocrx_word' id='word_1_65' title='bbox 352 1101 484 1155; x_wconf 89' lang='grc' dir='ltr'>λαοῦ</span> <span class='ocrx_word' id='word_1_66' title='bbox 508 1120 521 1134; x_wconf 89' lang='grc'><strong>·</strong></span> <span class='ocrx_word' id='word_1_67' title='bbox 555 1105 649 1156; x_wconf 70' lang='grc' dir='ltr'><strong>καὶ</strong></span> <span class='ocrx_word' id='word_1_68' title='bbox 674 1106 722 1156; x_wconf 75' lang='grc' dir='ltr'>οἱ</span> <span class='ocrx_word' id='word_1_69' title='bbox 749 1104 927 1158; x_wconf 73' lang='grc' dir='ltr'>λοιποὶ</span> <span class='ocrx_word' id='word_1_70' title='bbox 960 1105 1016 1157; x_wconf 80' lang='grc' dir='ltr'>δὲ</span> <span class='ocrx_word' id='word_1_71' title='bbox 1043 1101 1245 1174; x_wconf 76' lang='grc' dir='ltr'>ὁμοίως</span> <span class='ocrx_word' id='word_1_72' title='bbox 1278 1105 1576 1177; x_wconf 63' lang='grc' dir='ltr'>προφῆται,</span> <span class='ocrx_word' id='word_1_73' title='bbox 1608 1105 1706 1176; x_wconf 78' lang='grc' dir='ltr'>τὴν</span> <span class='ocrx_word' id='word_1_74' title='bbox 1727 1105 1933 1158; x_wconf 85' lang='grc' dir='ltr'><strong>πτῶσιν</strong></span> 
     </span>
    </p>
   </div>
   <div class='ocr_carea' id='block_1_13' title="bbox 352 1193 1932 1269">
    <p class='ocr_par' dir='ltr' id='par_1_13' title="bbox 352 1193 1932 1269">
     <span class='ocr_line' id='line_1_13' title="bbox 352 1193 1932 1269; baseline 0.002 -22"><span class='ocrx_word' id='word_1_75' title='bbox 352 1193 535 1247; x_wconf 78' lang='grc' dir='ltr'>αὐτῶν</span> <span class='ocrx_word' id='word_1_76' title='bbox 572 1195 1068 1267; x_wconf 66' lang='grc' dir='ltr'>ἀπολοφυρόμενοι,</span> <span class='ocrx_word' id='word_1_77' title='bbox 1101 1197 1242 1268; x_wconf 75' lang='grc' dir='ltr'>ᾠδὰς</span> <span class='ocrx_word' id='word_1_78' title='bbox 1269 1198 1450 1260; x_wconf 77' lang='grc' dir='ltr'>αὐτοῖς</span> <span class='ocrx_word' id='word_1_79' title='bbox 1489 1195 1612 1268; x_wconf 81' lang='grc' dir='ltr'>ᾖδον</span> <span class='ocrx_word' id='word_1_80' title='bbox 1660 1197 1932 1269; x_wconf 76' lang='grc' dir='ltr'>καταλλή-</span> 
     </span>
    </p>
   </div>
   <div class='ocr_carea' id='block_1_14' title="bbox 351 1287 1931 1363">
    <p class='ocr_par' dir='ltr' id='par_1_14' title="bbox 351 1287 1931 1363">
     <span class='ocr_line' id='line_1_14' title="bbox 351 1287 1931 1363; baseline 0.003 -23"><span class='ocrx_word' id='word_1_81' title='bbox 351 1287 496 1351; x_wconf 84' lang='grc' dir='ltr'>λους.</span> <span class='ocrx_word' id='word_1_82' title='bbox 525 1289 598 1340; x_wconf 85' lang='grc' dir='ltr'>Τὸ</span> <span class='ocrx_word' id='word_1_83' title='bbox 623 1288 678 1340; x_wconf 83' lang='grc' dir='ltr'>δὲ</span> <span class='ocrx_word' id='word_1_84' title='bbox 708 1292 819 1353; x_wconf 87' lang='grc' dir='ltr'>τοῖς</span> <span class='ocrx_word' id='word_1_85' title='bbox 843 1289 1049 1344; x_wconf 76' lang='grc' dir='ltr'>ἔθνεσιν</span> <span class='ocrx_word' id='word_1_86' title='bbox 1073 1289 1557 1361; x_wconf 79' lang='grc' dir='ltr'>εὐαγγελιζόμενον</span> <span class='ocrx_word' id='word_1_87' title='bbox 1579 1287 1729 1363; x_wconf 76' lang='grc' dir='ltr'>ᾆσμα</span> <span class='ocrx_word' id='word_1_88' title='bbox 1749 1291 1931 1345; x_wconf 82' lang='grc' dir='ltr'>καινὸν</span> 
     </span>
    </p>
   </div>
   <div class='ocr_carea' id='block_1_15' title="bbox 351 1376 1931 1453">
    <p class='ocr_par' dir='ltr' id='par_1_15' title="bbox 351 1376 1931 1453">
     <span class='ocr_line' id='line_1_15' title="bbox 351 1376 1931 1453; baseline 0.003 -21"><span class='ocrx_word' id='word_1_89' title='bbox 351 1381 450 1433; x_wconf 80' lang='grc' dir='ltr'><strong>οὐκ</strong></span> <span class='ocrx_word' id='word_1_90' title='bbox 483 1376 550 1453; x_wconf 73' lang='grc' dir='ltr'>ἦν</span> <span class='ocrx_word' id='word_1_91' title='bbox 593 1382 822 1442; x_wconf 80' lang='grc' dir='ltr'>ἐκείνοις</span> <span class='ocrx_word' id='word_1_92' title='bbox 852 1383 1058 1452; x_wconf 78' lang='grc' dir='ltr'>ὅμοιον,</span> <span class='ocrx_word' id='word_1_93' title='bbox 1095 1383 1296 1436; x_wconf 86' lang='grc' dir='ltr'>καινῶν</span> <span class='ocrx_word' id='word_1_94' title='bbox 1324 1383 1380 1436; x_wconf 85' lang='grc' dir='ltr'>δὲ</span> <span class='ocrx_word' id='word_1_95' title='bbox 1411 1384 1503 1436; x_wconf 77' lang='grc' dir='ltr'><strong>καὶ</strong></span> <span class='ocrx_word' id='word_1_96' title='bbox 1546 1384 1680 1436; x_wconf 86' lang='grc' dir='ltr'>νέων</span> <span class='ocrx_word' id='word_1_97' title='bbox 1712 1383 1931 1451; x_wconf 82' lang='grc' dir='ltr'>ἀγαθῶν</span> 
     </span>
    </p>
   </div>
   <div class='ocr_carea' id='block_1_16' title="bbox 349 1473 1932 1546">
    <p class='ocr_par' dir='ltr' id='par_1_16' title="bbox 349 1473 1932 1546">
     <span class='ocr_line' id='line_1_16' title="bbox 349 1473 1932 1546; baseline 0.003 -22"><span class='ocrx_word' id='word_1_98' title='bbox 349 1473 682 1542; x_wconf 71' lang='grc' dir='ltr'><strong>ἐπαγγελίας</strong></span> <span class='ocrx_word' id='word_1_99' title='bbox 708 1474 982 1544; x_wconf 80' lang='grc' dir='ltr'>περιέχον,</span> <span class='ocrx_word' id='word_1_100' title='bbox 1021 1475 1115 1527; x_wconf 71' lang='grc' dir='ltr'>καὶ</span> <span class='ocrx_word' id='word_1_101' title='bbox 1147 1476 1207 1528; x_wconf 79' lang='grc' dir='ltr'><strong>ού</strong></span> <span class='ocrx_word' id='word_1_102' title='bbox 1236 1474 1312 1544; x_wconf 83' lang='grc' dir='ltr'>τῷ</span> <span class='ocrx_word' id='word_1_103' title='bbox 1348 1475 1616 1528; x_wconf 78' lang='grc' dir='ltr'>Ἰουδαίων</span> <span class='ocrx_word' id='word_1_104' title='bbox 1638 1474 1771 1546; x_wconf 77' lang='grc' dir='ltr'>λαῷ,</span> <span class='ocrx_word' id='word_1_105' title='bbox 1796 1475 1932 1530; x_wconf 82' lang='grc' dir='ltr'>ἀλλὰ</span> 
     </span>
    </p>
   </div>
   <div class='ocr_carea' id='block_1_17' title="bbox 353 1567 1928 1642">
    <p class='ocr_par' dir='ltr' id='par_1_17' title="bbox 353 1567 1928 1642">
     <span class='ocr_line' id='line_1_17' title="bbox 353 1567 1928 1642; baseline 0.011 -25"><span class='ocrx_word' id='word_1_106' title='bbox 353 1567 501 1636; x_wconf 80' lang='grc' dir='ltr'>πάσῃ</span> <span class='ocrx_word' id='word_1_107' title='bbox 524 1569 588 1637; x_wconf 78' lang='grc' dir='ltr'>τῇ</span> <span class='ocrx_word' id='word_1_108' title='bbox 624 1569 691 1637; x_wconf 78' lang='grc' dir='ltr'>γῇ</span> <span class='ocrx_word' id='word_1_109' title='bbox 730 1568 1264 1638; x_wconf 79' lang='grc' dir='ltr'>προσπεφωνημὲνα.</span> <span class='ocrx_word' id='word_1_110' title='bbox 1292 1569 1504 1638; x_wconf 74' lang='grc' dir='ltr'>Σφόδρα</span> <span class='ocrx_word' id='word_1_111' title='bbox 1541 1568 1597 1621; x_wconf 78' lang='grc' dir='ltr'>δὲ</span> <span class='ocrx_word' id='word_1_112' title='bbox 1625 1568 1866 1638; x_wconf 81' lang='grc' dir='ltr'>ἀκριϐῶς</span> <span class='ocrx_word' id='word_1_113' title='bbox 1896 1570 1928 1642; x_wconf 73' lang='grc' dir='ltr'>ἡ</span> 
     </span>
    </p>
   </div>
   <div class='ocr_carea' id='block_1_18' title="bbox 351 1657 1928 1732">
    <p class='ocr_par' dir='ltr' id='par_1_18' title="bbox 351 1657 1928 1732">
     <span class='ocr_line' id='line_1_18' title="bbox 351 1657 1928 1732; baseline 0.003 -22"><span class='ocrx_word' id='word_1_114' title='bbox 351 1658 646 1729; x_wconf 77' lang='grc' dir='ltr'>προγραφὴ</span> <span class='ocrx_word' id='word_1_115' title='bbox 695 1659 756 1713; x_wconf 78' lang='grc' dir='ltr'>τὸ</span> <span class='ocrx_word' id='word_1_116' title='bbox 789 1659 976 1712; x_wconf 82' lang='grc' dir='ltr'>καινὸν</span> <span class='ocrx_word' id='word_1_117' title='bbox 1016 1657 1168 1731; x_wconf 79' lang='grc' dir='ltr'>ᾆσμά</span> <span class='ocrx_word' id='word_1_118' title='bbox 1213 1678 1345 1731; x_wconf 83' lang='grc' dir='ltr'>φησι</span> <span class='ocrx_word' id='word_1_119' title='bbox 1379 1660 1928 1732; x_wconf 82' lang='grc' dir='ltr'>εύαγγελισθήσεσθαι</span> 
     </span>
    </p>
   </div>
   <div class='ocr_carea' id='block_1_19' title="bbox 233 1748 1930 1822">
    <p class='ocr_par' dir='ltr' id='par_1_19' title="bbox 233 1748 1930 1822">
     <span class='ocr_line' id='line_1_19' title="bbox 233 1748 1930 1822; baseline 0.004 -22"><span class='ocrx_word' id='word_1_120' title='bbox 233 1790 248 1798; x_wconf 90' lang='grc'><strong>-</strong></span> <span class='ocrx_word' id='word_1_121' title='bbox 349 1751 481 1802; x_wconf 82' lang='grc' dir='ltr'>πᾶσι</span> <span class='ocrx_word' id='word_1_122' title='bbox 514 1751 626 1813; x_wconf 82' lang='grc' dir='ltr'>τοῖς</span> <span class='ocrx_word' id='word_1_123' title='bbox 667 1749 897 1814; x_wconf 80' lang='grc' dir='ltr'>ἔθνεσιν,</span> <span class='ocrx_word' id='word_1_124' title='bbox 929 1751 1066 1805; x_wconf 82' lang='grc' dir='ltr'>’Ὅτε</span> <span class='ocrx_word' id='word_1_125' title='bbox 1097 1755 1129 1806; x_wconf 88' lang='grc' dir='ltr'><strong>ό</strong></span> <span class='ocrx_word' id='word_1_126' title='bbox 1178 1748 1344 1818; x_wconf 76' lang='grc' dir='ltr'>οἶκος</span> <span class='ocrx_word' id='word_1_127' title='bbox 1376 1752 1729 1822; x_wconf 80' lang='grc' dir='ltr'>ᾠκοδομεῖτο</span> <span class='ocrx_word' id='word_1_128' title='bbox 1780 1751 1930 1821; x_wconf 86' lang='grc' dir='ltr'>μετὰ</span> 
     </span>
    </p>
   </div>
   <div class='ocr_carea' id='block_1_20' title="bbox 2038 560 3612 622">
    <p class='ocr_par' dir='ltr' id='par_1_20' title="bbox 2038 560 3612 622">
     <span class='ocr_line' id='line_1_20' title="bbox 2038 560 3612 622; baseline 0.003 -6"><span class='ocrx_word' id='word_1_129' title='bbox 2038 567 2094 616; x_wconf 83' lang='lat' dir='ltr'><strong>et</strong></span> <span class='ocrx_word' id='word_1_130' title='bbox 2146 569 2366 616; x_wconf 86' lang='lat' dir='ltr'><strong>caetera.</strong></span> <span class='ocrx_word' id='word_1_131' title='bbox 2413 560 2681 618; x_wconf 78' lang='lat' dir='ltr'><strong>Jeremias</strong></span> <span class='ocrx_word' id='word_1_132' title='bbox 2730 564 2859 618; x_wconf 89' lang='lat' dir='ltr'><strong>item</strong></span> <span class='ocrx_word' id='word_1_133' title='bbox 2909 566 3322 622; x_wconf 72' lang='lat' dir='ltr'><strong>lamentationes</strong></span> <span class='ocrx_word' id='word_1_134' title='bbox 3379 568 3612 622; x_wconf 84' lang='lat' dir='ltr'><strong>canebat</strong></span> 
     </span>
    </p>
   </div>
   <div class='ocr_carea' id='block_1_21' title="bbox 2037 652 3608 728">
    <p class='ocr_par' dir='ltr' id='par_1_21' title="bbox 2037 652 3608 728">
     <span class='ocr_line' id='line_1_21' title="bbox 2037 652 3608 728; baseline 0.003 -21"><span class='ocrx_word' id='word_1_135' title='bbox 2037 661 2232 707; x_wconf 87' lang='lat' dir='ltr'><strong>contra</strong></span> <span class='ocrx_word' id='word_1_136' title='bbox 2251 652 2540 710; x_wconf 70' lang='lat' dir='ltr'><strong>Iudaicum</strong></span> <span class='ocrx_word' id='word_1_137' title='bbox 2561 655 2820 726; x_wconf 86' lang='lat' dir='ltr'><strong>populum</strong></span> <span class='ocrx_word' id='word_1_138' title='bbox 2841 674 2853 709; x_wconf 92' lang='lat'><strong>:</strong></span> <span class='ocrx_word' id='word_1_139' title='bbox 2877 656 3068 725; x_wconf 82' lang='lat' dir='ltr'><strong>reliqui</strong></span> <span class='ocrx_word' id='word_1_140' title='bbox 3089 661 3293 726; x_wconf 87' lang='lat' dir='ltr'><strong>pariter</strong></span> <span class='ocrx_word' id='word_1_141' title='bbox 3307 659 3608 728; x_wconf 68' lang='lat' dir='ltr'><strong>pr0phetar.</strong></span> 
     </span>
    </p>
   </div>
   <div class='ocr_carea' id='block_1_22' title="bbox 2036 745 3612 816">
    <p class='ocr_par' dir='ltr' id='par_1_22' title="bbox 2036 745 3612 816">
     <span class='ocr_line' id='line_1_22' title="bbox 2036 745 3612 816; baseline 0.003 -18"><span class='ocrx_word' id='word_1_142' title='bbox 2036 745 2252 800; x_wconf 89' lang='lat' dir='ltr'><strong>ruinam</strong></span> <span class='ocrx_word' id='word_1_143' title='bbox 2297 761 2486 801; x_wconf 88' lang='lat' dir='ltr'><strong>eorum</strong></span> <span class='ocrx_word' id='word_1_144' title='bbox 2530 746 2898 816; x_wconf 76' lang='lat' dir='ltr'><strong>deplorantes,</strong></span> <span class='ocrx_word' id='word_1_145' title='bbox 2929 749 3281 816; x_wconf 74' lang='lat' dir='ltr'><strong>congruentia</strong></span> <span class='ocrx_word' id='word_1_146' title='bbox 3313 749 3440 803; x_wconf 90' lang='lat' dir='ltr'><strong>item</strong></span> <span class='ocrx_word' id='word_1_147' title='bbox 3478 763 3612 803; x_wconf 89' lang='lat' dir='ltr'><strong>can-</strong></span> 
     </span>
    </p>
   </div>
   <div class='ocr_carea' id='block_1_23' title="bbox 2036 835 3610 907">
    <p class='ocr_par' dir='ltr' id='par_1_23' title="bbox 2036 835 3610 907">
     <span class='ocr_line' id='line_1_23' title="bbox 2036 835 3610 907; baseline 0.003 -20"><span class='ocrx_word' id='word_1_148' title='bbox 2036 836 2144 890; x_wconf 88' lang='lat' dir='ltr'><strong>tica</strong></span> <span class='ocrx_word' id='word_1_149' title='bbox 2174 837 2431 891; x_wconf 87' lang='lat' dir='ltr'><strong>edebant.</strong></span> <span class='ocrx_word' id='word_1_150' title='bbox 2464 835 2677 892; x_wconf 80' lang='lat' dir='ltr'><strong>Novum</strong></span> <span class='ocrx_word' id='word_1_151' title='bbox 2708 847 2893 891; x_wconf 88' lang='lat' dir='ltr'><strong>autem</strong></span> <span class='ocrx_word' id='word_1_152' title='bbox 2927 837 3181 907; x_wconf 82' lang='lat' dir='ltr'><strong>gentibus</strong></span> <span class='ocrx_word' id='word_1_153' title='bbox 3221 839 3610 893; x_wconf 83' lang='lat' dir='ltr'><strong>annuntiatum</strong></span> 
     </span>
    </p>
   </div>
   <div class='ocr_carea' id='block_1_24' title="bbox 2037 927 3610 995">
    <p class='ocr_par' dir='ltr' id='par_1_24' title="bbox 2037 927 3610 995">
     <span class='ocr_line' id='line_1_24' title="bbox 2037 927 3610 995; baseline 0.002 -15"><span class='ocrx_word' id='word_1_154' title='bbox 2037 927 2312 981; x_wconf 84' lang='lat' dir='ltr'><strong>canticum</strong></span> <span class='ocrx_word' id='word_1_155' title='bbox 2343 928 2452 983; x_wconf 86' lang='lat' dir='ltr'><strong>illis</strong></span> <span class='ocrx_word' id='word_1_156' title='bbox 2481 928 2661 982; x_wconf 86' lang='lat' dir='ltr'><strong>simile</strong></span> <span class='ocrx_word' id='word_1_157' title='bbox 2683 944 2790 983; x_wconf 89' lang='lat' dir='ltr'><strong>non</strong></span> <span class='ocrx_word' id='word_1_158' title='bbox 2821 936 2977 995; x_wconf 81' lang='lat' dir='ltr'><strong>erat;</strong></span> <span class='ocrx_word' id='word_1_159' title='bbox 3009 927 3105 983; x_wconf 88' lang='lat' dir='ltr'><strong>sed</strong></span> <span class='ocrx_word' id='word_1_160' title='bbox 3132 944 3397 982; x_wconf 89' lang='lat' dir='ltr'><strong>novorum</strong></span> <span class='ocrx_word' id='word_1_161' title='bbox 3431 944 3494 983; x_wconf 89' lang='lat' dir='ltr'><strong>ac</strong></span> <span class='ocrx_word' id='word_1_162' title='bbox 3526 945 3610 984; x_wconf 88' lang='lat' dir='ltr'><strong>re-</strong></span> 
     </span>
    </p>
   </div>
   <div class='ocr_carea' id='block_1_25' title="bbox 2036 1020 3607 1090">
    <p class='ocr_par' dir='ltr' id='par_1_25' title="bbox 2036 1020 3607 1090">
     <span class='ocr_line' id='line_1_25' title="bbox 2036 1020 3607 1090; baseline 0.002 -18"><span class='ocrx_word' id='word_1_163' title='bbox 2036 1020 2276 1073; x_wconf 87' lang='lat' dir='ltr'><strong>centium</strong></span> <span class='ocrx_word' id='word_1_164' title='bbox 2316 1020 2585 1074; x_wconf 89' lang='lat' dir='ltr'><strong>bonorum</strong></span> <span class='ocrx_word' id='word_1_165' title='bbox 2624 1021 2896 1090; x_wconf 88' lang='lat' dir='ltr'><strong>promissa</strong></span> <span class='ocrx_word' id='word_1_166' title='bbox 2950 1021 3450 1090; x_wconf 83' lang='lat' dir='ltr'><strong>complectebatur,</strong></span> <span class='ocrx_word' id='word_1_167' title='bbox 3497 1038 3607 1076; x_wconf 88' lang='lat' dir='ltr'><strong>non</strong></span> 
     </span>
    </p>
   </div>
   <div class='ocr_carea' id='block_1_26' title="bbox 2033 1098 3609 1182">
    <p class='ocr_par' dir='ltr' id='par_1_26' title="bbox 2033 1098 3609 1182">
     <span class='ocr_line' id='line_1_26' title="bbox 2033 1098 3609 1182; baseline 0.002 -18"><span class='ocrx_word' id='word_1_168' title='bbox 2033 1109 2345 1165; x_wconf 72' lang='lat' dir='ltr'><strong>Judaeorum</strong></span> <span class='ocrx_word' id='word_1_169' title='bbox 2377 1111 2599 1182; x_wconf 91' lang='lat' dir='ltr'><strong>populo,</strong></span> <span class='ocrx_word' id='word_1_170' title='bbox 2633 1111 2728 1166; x_wconf 84' lang='lat' dir='ltr'><strong>sed</strong></span> <span class='ocrx_word' id='word_1_171' title='bbox 2761 1111 2908 1164; x_wconf 92' lang='lat' dir='ltr'><strong>omni</strong></span> <span class='ocrx_word' id='word_1_172' title='bbox 2945 1119 3104 1166; x_wconf 74' lang='lat' dir='ltr'><strong>terra:</strong></span> <span class='ocrx_word' id='word_1_173' title='bbox 3131 1098 3609 1167; x_wconf 61' lang='lat' dir='ltr'><strong>annuntiata.°Ac-</strong></span> 
     </span>
    </p>
   </div>
   <div class='ocr_carea' id='block_1_27' title="bbox 2035 1202 3606 1266">
    <p class='ocr_par' dir='ltr' id='par_1_27' title="bbox 2035 1202 3606 1266">
     <span class='ocr_line' id='line_1_27' title="bbox 2035 1202 3606 1266; baseline 0 -9"><span class='ocrx_word' id='word_1_174' title='bbox 2035 1203 2381 1258; x_wconf 88' lang='lat' dir='ltr'><strong>curatissime</strong></span> <span class='ocrx_word' id='word_1_175' title='bbox 2425 1214 2603 1256; x_wconf 88' lang='lat' dir='ltr'><strong>autem</strong></span> <span class='ocrx_word' id='word_1_176' title='bbox 2651 1202 2840 1257; x_wconf 88' lang='lat' dir='ltr'><strong>titulus</strong></span> <span class='ocrx_word' id='word_1_177' title='bbox 2879 1203 3104 1266; x_wconf 89' lang='lat' dir='ltr'><strong>indicat,</strong></span> <span class='ocrx_word' id='word_1_178' title='bbox 3150 1212 3282 1256; x_wconf 92' lang='lat' dir='ltr'><strong>tunc</strong></span> <span class='ocrx_word' id='word_1_179' title='bbox 3331 1204 3606 1258; x_wconf 85' lang='lat' dir='ltr'><strong>canticum</strong></span> 
     </span>
    </p>
   </div>
   <div class='ocr_carea' id='block_1_28' title="bbox 2033 1292 3606 1364">
    <p class='ocr_par' dir='ltr' id='par_1_28' title="bbox 2033 1292 3606 1364">
     <span class='ocr_line' id='line_1_28' title="bbox 2033 1292 3606 1364; baseline 0.001 -18"><span class='ocrx_word' id='word_1_180' title='bbox 2033 1309 2234 1346; x_wconf 86' lang='lat' dir='ltr'><strong>novum</strong></span> <span class='ocrx_word' id='word_1_181' title='bbox 2267 1292 2518 1363; x_wconf 76' lang='lat' dir='ltr'><strong>gentibus</strong></span> <span class='ocrx_word' id='word_1_182' title='bbox 2550 1293 2984 1347; x_wconf 89' lang='lat' dir='ltr'><strong>annuntiandum</strong></span> <span class='ocrx_word' id='word_1_183' title='bbox 3008 1309 3152 1357; x_wconf 91' lang='lat' dir='ltr'><strong>esse,</strong></span> <span class='ocrx_word' id='word_1_184' title='bbox 3180 1295 3392 1364; x_wconf 84' lang='lat' dir='ltr'><strong>quando</strong></span> <span class='ocrx_word' id='word_1_185' title='bbox 3417 1294 3606 1348; x_wconf 77' lang='lat' dir='ltr'><strong>domus</strong></span> 
     </span>
    </p>
   </div>
   <div class='ocr_carea' id='block_1_29' title="bbox 2033 1383 3608 1457">
    <p class='ocr_par' dir='ltr' id='par_1_29' title="bbox 2033 1383 3608 1457">
     <span class='ocr_line' id='line_1_29' title="bbox 2033 1383 3608 1457; baseline 0.003 -20"><span class='ocrx_word' id='word_1_186' title='bbox 2033 1383 2428 1452; x_wconf 73' lang='lat' dir='ltr'><strong>a’di/icabatur,</strong></span> <span class='ocrx_word' id='word_1_187' title='bbox 2453 1393 2568 1452; x_wconf 80' lang='lat' dir='ltr'><strong>post</strong></span> <span class='ocrx_word' id='word_1_188' title='bbox 2592 1386 2969 1453; x_wconf 83' lang='lat' dir='ltr'><strong>captivitatem.</strong></span> <span class='ocrx_word' id='word_1_189' title='bbox 3007 1384 3072 1438; x_wconf 83' lang='lat' dir='ltr'><strong>Et</strong></span> <span class='ocrx_word' id='word_1_190' title='bbox 3097 1387 3339 1456; x_wconf 85' lang='lat' dir='ltr'><strong>alioquin</strong></span> <span class='ocrx_word' id='word_1_191' title='bbox 3367 1396 3487 1457; x_wconf 88' lang='lat' dir='ltr'><strong>post</strong></span> <span class='ocrx_word' id='word_1_192' title='bbox 3506 1386 3608 1440; x_wconf 82' lang='lat' dir='ltr'><strong>Ju-</strong></span> 
     </span>
    </p>
   </div>
   <div class='ocr_carea' id='block_1_30' title="bbox 2032 1474 3606 1545">
    <p class='ocr_par' dir='ltr' id='par_1_30' title="bbox 2032 1474 3606 1545">
     <span class='ocr_line' id='line_1_30' title="bbox 2032 1474 3606 1545; baseline 0.003 -18"><span class='ocrx_word' id='word_1_193' title='bbox 2032 1474 2273 1528; x_wconf 71' lang='lat' dir='ltr'><strong>dzeorum</strong></span> <span class='ocrx_word' id='word_1_194' title='bbox 2299 1476 2672 1545; x_wconf 86' lang='lat' dir='ltr'><strong>captivitatem</strong></span> <span class='ocrx_word' id='word_1_195' title='bbox 2702 1490 2765 1529; x_wconf 92' lang='lat' dir='ltr'><strong>ac</strong></span> <span class='ocrx_word' id='word_1_196' title='bbox 2793 1487 2914 1545; x_wconf 90' lang='lat' dir='ltr'><strong>post</strong></span> <span class='ocrx_word' id='word_1_197' title='bbox 2938 1477 3150 1529; x_wconf 85' lang='lat' dir='ltr'><strong>ruinam</strong></span> <span class='ocrx_word' id='word_1_198' title='bbox 3174 1493 3362 1531; x_wconf 91' lang='lat' dir='ltr'><strong>eorum</strong></span> <span class='ocrx_word' id='word_1_199' title='bbox 3386 1485 3441 1532; x_wconf 91' lang='lat' dir='ltr'><strong>et</strong></span> <span class='ocrx_word' id='word_1_200' title='bbox 3471 1478 3606 1531; x_wconf 88' lang='lat' dir='ltr'><strong>iram</strong></span> 
     </span>
    </p>
   </div>
   <div class='ocr_carea' id='block_1_31' title="bbox 2031 1561 3608 1636">
    <p class='ocr_par' dir='ltr' id='par_1_31' title="bbox 2031 1561 3608 1636">
     <span class='ocr_line' id='line_1_31' title="bbox 2031 1561 3608 1636; baseline 0.003 -21"><span class='ocrx_word' id='word_1_201' title='bbox 2031 1561 2128 1618; x_wconf 88' lang='lat' dir='ltr'><strong>Dei</strong></span> <span class='ocrx_word' id='word_1_202' title='bbox 2168 1563 2472 1618; x_wconf 80' lang='lat' dir='ltr'><strong>immissam</strong></span> <span class='ocrx_word' id='word_1_203' title='bbox 2517 1564 2674 1634; x_wconf 88' lang='lat' dir='ltr'><strong>ipsis,</strong></span> <span class='ocrx_word' id='word_1_204' title='bbox 2711 1581 2874 1634; x_wconf 91' lang='lat' dir='ltr'><strong>quam</strong></span> <span class='ocrx_word' id='word_1_205' title='bbox 2915 1566 3244 1621; x_wconf 84' lang='lat' dir='ltr'><strong>vaticinatus</strong></span> <span class='ocrx_word' id='word_1_206' title='bbox 3278 1573 3362 1621; x_wconf 88' lang='lat' dir='ltr'><strong>est</strong></span> <span class='ocrx_word' id='word_1_207' title='bbox 3405 1582 3608 1636; x_wconf 60' lang='lat' dir='ltr'><strong>praece-</strong></span> 
     </span>
    </p>
   </div>
   <div class='ocr_carea' id='block_1_32' title="bbox 2031 1655 3605 1727">
    <p class='ocr_par' dir='ltr' id='par_1_32' title="bbox 2031 1655 3605 1727">
     <span class='ocr_line' id='line_1_32' title="bbox 2031 1655 3605 1727; baseline 0.001 -17"><span class='ocrx_word' id='word_1_208' title='bbox 2031 1655 2167 1710; x_wconf 91' lang='lat' dir='ltr'><strong>dens</strong></span> <span class='ocrx_word' id='word_1_209' title='bbox 2193 1655 2436 1725; x_wconf 86' lang='lat' dir='ltr'><strong>psalmus</strong></span> <span class='ocrx_word' id='word_1_210' title='bbox 2463 1655 2671 1720; x_wconf 87' lang='lat' dir='ltr'><strong>dicens,</strong></span> <span class='ocrx_word' id='word_1_211' title='bbox 2700 1656 2912 1724; x_wconf 83' lang='lat' dir='ltr'><strong>Semper</strong></span> <span class='ocrx_word' id='word_1_212' title='bbox 2933 1667 3113 1711; x_wconf 82' lang='lat' dir='ltr'><strong>errant</strong></span> <span class='ocrx_word' id='word_1_213' title='bbox 3142 1659 3316 1712; x_wconf 83' lang='lat' dir='ltr'><strong>corde.</strong></span> <span class='ocrx_word' id='word_1_214' title='bbox 3347 1659 3459 1727; x_wconf 80' lang='lat' dir='ltr'><strong>Ipsi</strong></span> <span class='ocrx_word' id='word_1_215' title='bbox 3490 1677 3605 1714; x_wconf 76' lang='lat' dir='ltr'><strong>tero</strong></span> 
     </span>
    </p>
   </div>
   <div class='ocr_carea' id='block_1_33' title="bbox 2032 1748 3601 1818">
    <p class='ocr_par' dir='ltr' id='par_1_33' title="bbox 2032 1748 3601 1818">
     <span class='ocr_line' id='line_1_33' title="bbox 2032 1748 3601 1818; baseline 0.003 -19"><span class='ocrx_word' id='word_1_216' title='bbox 2032 1762 2134 1799; x_wconf 86' lang='lat' dir='ltr'><strong>non</strong></span> <span class='ocrx_word' id='word_1_217' title='bbox 2163 1756 2513 1816; x_wconf 82' lang='lat' dir='ltr'><strong>cognoverunt</strong></span> <span class='ocrx_word' id='word_1_218' title='bbox 2542 1749 2654 1800; x_wconf 83' lang='lat' dir='ltr'><strong>vias</strong></span> <span class='ocrx_word' id='word_1_219' title='bbox 2684 1764 2850 1810; x_wconf 87' lang='lat' dir='ltr'><strong>meas,</strong></span> <span class='ocrx_word' id='word_1_220' title='bbox 2883 1749 3019 1801; x_wconf 81' lang='lat' dir='ltr'><strong>sicut</strong></span> <span class='ocrx_word' id='word_1_221' title='bbox 3053 1748 3236 1818; x_wconf 85' lang='lat' dir='ltr'><strong>juravi</strong></span> <span class='ocrx_word' id='word_1_222' title='bbox 3261 1749 3314 1802; x_wconf 86' lang='lat' dir='ltr'><strong>in</strong></span> <span class='ocrx_word' id='word_1_223' title='bbox 3345 1751 3427 1803; x_wconf 89' lang='lat' dir='ltr'><strong>ira</strong></span> <span class='ocrx_word' id='word_1_224' title='bbox 3466 1768 3601 1818; x_wconf 87' lang='lat' dir='ltr'><strong>mea,</strong></span> 
     </span>
    </p>
   </div>
   <div class='ocr_carea' id='block_1_34' title="bbox 340 1823 1921 1915">
    <p class='ocr_par' dir='ltr' id='par_1_34' title="bbox 340 1840 1921 1915">
     <span class='ocr_line' id='line_1_34' title="bbox 340 1840 1921 1915; baseline 0.003 -23"><span class='ocrx_word' id='word_1_225' title='bbox 340 1840 459 1908; x_wconf 80' lang='grc' dir='ltr'>μὲν</span> <span class='ocrx_word' id='word_1_226' title='bbox 491 1843 927 1910; x_wconf 80' lang='grc' dir='ltr'>αἰχμαλωσίαν.</span> <span class='ocrx_word' id='word_1_227' title='bbox 962 1844 1072 1898; x_wconf 75' lang='grc' dir='ltr'>Καὶ</span> <span class='ocrx_word' id='word_1_228' title='bbox 1120 1843 1292 1908; x_wconf 81' lang='grc' dir='ltr'>ἄλλως</span> <span class='ocrx_word' id='word_1_229' title='bbox 1321 1843 1427 1915; x_wconf 81' lang='grc' dir='ltr'>γὰρ</span> <span class='ocrx_word' id='word_1_230' title='bbox 1477 1844 1614 1914; x_wconf 79' lang='grc' dir='ltr'>μετὰ</span> <span class='ocrx_word' id='word_1_231' title='bbox 1646 1845 1745 1915; x_wconf 82' lang='grc' dir='ltr'><strong>τὴν</strong></span> <span class='ocrx_word' id='word_1_232' title='bbox 1791 1845 1921 1897; x_wconf 86' lang='grc' dir='ltr'>Ἰου-</span> 
     </span>
    </p>
   </div>
   <div class='ocr_carea' id='block_1_35' title="bbox 2025 1823 3603 1915">
    <p class='ocr_par' dir='ltr' id='par_1_35' title="bbox 2031 1836 3603 1907">
     <span class='ocr_line' id='line_1_35' title="bbox 2031 1836 3603 1907; baseline 0.003 -16"><span class='ocrx_word' id='word_1_233' title='bbox 2031 1839 2078 1892; x_wconf 83' lang='lat' dir='ltr'><strong>si</strong></span> <span class='ocrx_word' id='word_1_234' title='bbox 2105 1836 2397 1891; x_wconf 83' lang='lat' dir='ltr'><strong>introibant</strong></span> <span class='ocrx_word' id='word_1_235' title='bbox 2432 1837 2487 1890; x_wconf 87' lang='lat' dir='ltr'><strong>in</strong></span> <span class='ocrx_word' id='word_1_236' title='bbox 2517 1838 2746 1907; x_wconf 86' lang='lat' dir='ltr'><strong>requiem</strong></span> <span class='ocrx_word' id='word_1_237' title='bbox 2776 1854 2966 1899; x_wconf 87' lang='lat' dir='ltr'><strong>meam,</strong></span> <span class='ocrx_word' id='word_1_238' title='bbox 2998 1855 3188 1894; x_wconf 86' lang='lat' dir='ltr'><strong>omnes</strong></span> <span class='ocrx_word' id='word_1_239' title='bbox 3233 1838 3483 1894; x_wconf 84' lang='lat' dir='ltr'><strong>homines</strong></span> <span class='ocrx_word' id='word_1_240' title='bbox 3512 1858 3603 1894; x_wconf 87' lang='lat' dir='ltr'><strong>or-</strong></span> 
     </span>
    </p>
   </div>
   <div class='ocr_carea' id='block_1_36' title="bbox 346 1930 1920 2007">
    <p class='ocr_par' dir='ltr' id='par_1_36' title="bbox 346 1930 1920 2007">
     <span class='ocr_line' id='line_1_36' title="bbox 346 1930 1920 2007; baseline 0.004 -25"><span class='ocrx_word' id='word_1_241' title='bbox 346 1930 510 1985; x_wconf 79' lang='grc' dir='ltr'>δαίων</span> <span class='ocrx_word' id='word_1_242' title='bbox 531 1933 906 2004; x_wconf 70' lang='grc' dir='ltr'>αἰχμαλωσίαν</span> <span class='ocrx_word' id='word_1_243' title='bbox 939 1935 1034 1988; x_wconf 74' lang='grc' dir='ltr'><strong>καὶ</strong></span> <span class='ocrx_word' id='word_1_244' title='bbox 1070 1936 1207 2006; x_wconf 84' lang='grc' dir='ltr'><strong>μετά</strong></span> <span class='ocrx_word' id='word_1_245' title='bbox 1231 1936 1328 2007; x_wconf 76' lang='grc' dir='ltr'>τὴν</span> <span class='ocrx_word' id='word_1_246' title='bbox 1362 1936 1678 1990; x_wconf 86' lang='grc' dir='ltr'>ἀπόπτωσιν</span> <span class='ocrx_word' id='word_1_247' title='bbox 1719 1935 1920 2001; x_wconf 76' lang='grc' dir='ltr'>αὐτῶν,</span> 
     </span>
    </p>
   </div>
   <div class='ocr_carea' id='block_1_37' title="bbox 343 2023 1921 2097">
    <p class='ocr_par' dir='ltr' id='par_1_37' title="bbox 343 2023 1921 2097">
     <span class='ocr_line' id='line_1_37' title="bbox 343 2023 1921 2097; baseline 0.003 -23"><span class='ocrx_word' id='word_1_248' title='bbox 343 2023 438 2074; x_wconf 80' lang='grc' dir='ltr'><strong>καὶ</strong></span> <span class='ocrx_word' id='word_1_249' title='bbox 463 2023 561 2093; x_wconf 80' lang='grc' dir='ltr'>τὴν</span> <span class='ocrx_word' id='word_1_250' title='bbox 585 2023 919 2077; x_wconf 77' lang='grc' dir='ltr'>ἐπελθοῦσαν</span> <span class='ocrx_word' id='word_1_251' title='bbox 949 2025 1128 2085; x_wconf 81' lang='grc' dir='ltr'>αὐτοῖς</span> <span class='ocrx_word' id='word_1_252' title='bbox 1160 2026 1225 2078; x_wconf 81' lang='grc' dir='ltr'><strong>ἐκ</strong></span> <span class='ocrx_word' id='word_1_253' title='bbox 1274 2025 1408 2077; x_wconf 86' lang='grc' dir='ltr'>Θεοῦ</span> <span class='ocrx_word' id='word_1_254' title='bbox 1453 2024 1640 2097; x_wconf 80' lang='grc' dir='ltr'>ὀργὴν,</span> <span class='ocrx_word' id='word_1_255' title='bbox 1681 2025 1748 2096; x_wconf 79' lang='grc' dir='ltr'>ἢν</span> <span class='ocrx_word' id='word_1_256' title='bbox 1801 2024 1921 2078; x_wconf 81' lang='grc' dir='ltr'>ἐθέ-</span> 
     </span>
    </p>
   </div>
   <div class='ocr_carea' id='block_1_38' title="bbox 346 2112 1920 2184">
    <p class='ocr_par' dir='ltr' id='par_1_38' title="bbox 346 2112 1920 2184">
     <span class='ocr_line' id='line_1_38' title="bbox 346 2112 1920 2184; baseline 0.003 -21"><span class='ocrx_word' id='word_1_257' title='bbox 346 2127 536 2164; x_wconf 81' lang='grc' dir='ltr'>σπισεν</span> <span class='ocrx_word' id='word_1_258' title='bbox 564 2114 592 2165; x_wconf 84' lang='grc' dir='ltr'>ὁ</span> <span class='ocrx_word' id='word_1_259' title='bbox 624 2113 730 2184; x_wconf 83' lang='grc' dir='ltr'><strong>πρὸ</strong></span> <span class='ocrx_word' id='word_1_260' title='bbox 760 2113 950 2166; x_wconf 86' lang='grc' dir='ltr'>τούτου</span> <span class='ocrx_word' id='word_1_261' title='bbox 979 2113 1192 2184; x_wconf 76' lang='grc' dir='ltr'>ψαλμὸς</span> <span class='ocrx_word' id='word_1_262' title='bbox 1223 2112 1412 2177; x_wconf 81' lang='grc' dir='ltr'>εἰπὼν,</span> <span class='ocrx_word' id='word_1_263' title='bbox 1450 2114 1554 2167; x_wconf 79' lang='grc' dir='ltr'><strong>Ἀεὶ</strong></span> <span class='ocrx_word' id='word_1_264' title='bbox 1579 2113 1920 2168; x_wconf 73' lang='grc' dir='ltr'>πλανῶνται</span> 
     </span>
    </p>
   </div>
   <div class='ocr_carea' id='block_1_39' title="bbox 343 2202 1917 2274">
    <p class='ocr_par' dir='ltr' id='par_1_39' title="bbox 343 2202 1917 2274">
     <span class='ocr_line' id='line_1_39' title="bbox 343 2202 1917 2274; baseline 0.003 -19"><span class='ocrx_word' id='word_1_265' title='bbox 343 2202 418 2271; x_wconf 82' lang='grc' dir='ltr'>τῇ</span> <span class='ocrx_word' id='word_1_266' title='bbox 448 2202 679 2274; x_wconf 76' lang='grc' dir='ltr'>καρδίᾳ.</span> <span class='ocrx_word' id='word_1_267' title='bbox 703 2205 883 2258; x_wconf 79' lang='grc' dir='ltr'>Αὐτοὶ</span> <span class='ocrx_word' id='word_1_268' title='bbox 911 2204 979 2257; x_wconf 85' lang='grc' dir='ltr'>δὲ</span> <span class='ocrx_word' id='word_1_269' title='bbox 1011 2207 1121 2259; x_wconf 80' lang='grc' dir='ltr'>οὐκ</span> <span class='ocrx_word' id='word_1_270' title='bbox 1143 2206 1420 2274; x_wconf 73' lang='grc' dir='ltr'>ἔγνωσαν</span> <span class='ocrx_word' id='word_1_271' title='bbox 1446 2206 1550 2270; x_wconf 80' lang='grc' dir='ltr'>τὰς</span> <span class='ocrx_word' id='word_1_272' title='bbox 1576 2204 1750 2271; x_wconf 72' lang='grc' dir='ltr'>ὁδούς</span> <span class='ocrx_word' id='word_1_273' title='bbox 1775 2223 1917 2274; x_wconf 89' lang='grc' dir='ltr'>μου,</span> 
     </span>
    </p>
   </div>
   <div class='ocr_carea' id='block_1_40' title="bbox 341 2292 1925 2366">
    <p class='ocr_par' dir='ltr' id='par_1_40' title="bbox 341 2292 1925 2366">
     <span class='ocr_line' id='line_1_40' title="bbox 341 2292 1925 2366; baseline 0.003 -20"><span class='ocrx_word' id='word_1_274' title='bbox 341 2295 424 2359; x_wconf 86' lang='grc' dir='ltr'>ὡς</span> <span class='ocrx_word' id='word_1_275' title='bbox 439 2293 645 2363; x_wconf 79' lang='grc' dir='ltr'>ὤμοσα</span> <span class='ocrx_word' id='word_1_276' title='bbox 660 2296 730 2349; x_wconf 81' lang='grc' dir='ltr'>ἐν</span> <span class='ocrx_word' id='word_1_277' title='bbox 745 2295 819 2364; x_wconf 77' lang='grc' dir='ltr'>τῇ</span> <span class='ocrx_word' id='word_1_278' title='bbox 836 2292 982 2366; x_wconf 78' lang='grc' dir='ltr'>ὀργῇ</span> <span class='ocrx_word' id='word_1_279' title='bbox 999 2315 1134 2362; x_wconf 83' lang='grc' dir='ltr'>μου,</span> <span class='ocrx_word' id='word_1_280' title='bbox 1155 2299 1208 2350; x_wconf 82' lang='grc' dir='ltr'><strong>εί</strong></span> <span class='ocrx_word' id='word_1_281' title='bbox 1227 2297 1678 2351; x_wconf 71' lang='grc' dir='ltr'>εἰσελεύσονται</span> <span class='ocrx_word' id='word_1_282' title='bbox 1695 2300 1780 2363; x_wconf 84' lang='grc' dir='ltr'><strong>είς</strong></span> <span class='ocrx_word' id='word_1_283' title='bbox 1811 2296 1925 2366; x_wconf 80' lang='grc' dir='ltr'>τὴν</span> 
     </span>
    </p>
   </div>
   <div class='ocr_carea' id='block_1_41' title="bbox 340 2385 1921 2460">
    <p class='ocr_par' dir='ltr' id='par_1_41' title="bbox 340 2385 1921 2460">
     <span class='ocr_line' id='line_1_41' title="bbox 340 2385 1921 2460; baseline 0.002 -21"><span class='ocrx_word' id='word_1_284' title='bbox 340 2385 726 2441; x_wconf 72' lang='grc' dir='ltr'>κατάπαυσίν</span> <span class='ocrx_word' id='word_1_285' title='bbox 753 2407 869 2458; x_wconf 87' lang='grc' dir='ltr'><strong>μου</strong></span> <span class='ocrx_word' id='word_1_286' title='bbox 889 2428 902 2452; x_wconf 93' lang='grc'><strong>,</strong></span> <span class='ocrx_word' id='word_1_287' title='bbox 945 2390 992 2442; x_wconf 84' lang='grc' dir='ltr'><strong>οί</strong></span> <span class='ocrx_word' id='word_1_288' title='bbox 1029 2390 1206 2442; x_wconf 83' lang='grc' dir='ltr'>πᾶσαν</span> <span class='ocrx_word' id='word_1_289' title='bbox 1235 2388 1333 2460; x_wconf 80' lang='grc' dir='ltr'><strong>τὴν</strong></span> <span class='ocrx_word' id='word_1_290' title='bbox 1378 2388 1482 2458; x_wconf 82' lang='grc' dir='ltr'><strong>γῆν</strong></span> <span class='ocrx_word' id='word_1_291' title='bbox 1525 2389 1800 2453; x_wconf 78' lang='grc' dir='ltr'>οἰκοῦντες</span> <span class='ocrx_word' id='word_1_292' title='bbox 1828 2390 1921 2444; x_wconf 82' lang='grc' dir='ltr'><strong>ἄν·-</strong></span> 
     </span>
    </p>
   </div>
   <div class='ocr_carea' id='block_1_42' title="bbox 343 2477 1921 2552">
    <p class='ocr_par' dir='ltr' id='par_1_42' title="bbox 343 2477 1921 2552">
     <span class='ocr_line' id='line_1_42' title="bbox 343 2477 1921 2552; baseline 0.002 -22"><span class='ocrx_word' id='word_1_293' title='bbox 343 2477 548 2548; x_wconf 88' lang='grc' dir='ltr'>θρωποι</span> <span class='ocrx_word' id='word_1_294' title='bbox 575 2478 842 2552; x_wconf 78' lang='grc' dir='ltr'>βάρϐαροί</span> <span class='ocrx_word' id='word_1_295' title='bbox 871 2497 928 2532; x_wconf 91' lang='grc' dir='ltr'><strong>τε</strong></span> <span class='ocrx_word' id='word_1_296' title='bbox 961 2481 1054 2534; x_wconf 74' lang='grc' dir='ltr'><strong>καὶ</strong></span> <span class='ocrx_word' id='word_1_297' title='bbox 1081 2480 1362 2552; x_wconf 86' lang='grc' dir='ltr'>Ἕλληνες,</span> <span class='ocrx_word' id='word_1_298' title='bbox 1395 2480 1632 2550; x_wconf 79' lang='grc' dir='ltr'>ὁπηνίκα</span> <span class='ocrx_word' id='word_1_299' title='bbox 1668 2481 1795 2552; x_wconf 90' lang='grc' dir='ltr'>παρ’</span> <span class='ocrx_word' id='word_1_300' title='bbox 1825 2481 1921 2534; x_wconf 87' lang='grc' dir='ltr'>αὐ-</span> 
     </span>
    </p>
   </div>
   <div class='ocr_carea' id='block_1_43' title="bbox 2028 1929 3600 1999">
    <p class='ocr_par' dir='ltr' id='par_1_43' title="bbox 2028 1929 3600 1999">
     <span class='ocr_line' id='line_1_43' title="bbox 2028 1929 3600 1999; baseline -0.001 -15"><span class='ocrx_word' id='word_1_301' title='bbox 2028 1930 2148 1985; x_wconf 88' lang='lat' dir='ltr'><strong>bem</strong></span> <span class='ocrx_word' id='word_1_302' title='bbox 2174 1929 2498 1992; x_wconf 87' lang='lat' dir='ltr'><strong>incolentes,</strong></span> <span class='ocrx_word' id='word_1_303' title='bbox 2524 1943 2647 1984; x_wconf 91' lang='lat' dir='ltr'><strong>cum</strong></span> <span class='ocrx_word' id='word_1_304' title='bbox 2681 1929 2919 1992; x_wconf 85' lang='lat' dir='ltr'><strong>barbari,</strong></span> <span class='ocrx_word' id='word_1_305' title='bbox 2949 1937 3060 1982; x_wconf 90' lang='lat' dir='ltr'><strong>tum</strong></span> <span class='ocrx_word' id='word_1_306' title='bbox 3085 1929 3279 1994; x_wconf 68' lang='lat' dir='ltr'><strong>Graeci,</strong></span> <span class='ocrx_word' id='word_1_307' title='bbox 3301 1947 3425 1984; x_wconf 91' lang='lat' dir='ltr'><strong>cum</strong></span> <span class='ocrx_word' id='word_1_308' title='bbox 3457 1930 3600 1999; x_wconf 89' lang='lat' dir='ltr'><strong>apud</strong></span> 
     </span>
    </p>
   </div>
   <div class='ocr_carea' id='block_1_44' title="bbox 2028 2021 3602 2092">
    <p class='ocr_par' dir='ltr' id='par_1_44' title="bbox 2028 2021 3602 2092">
     <span class='ocr_line' id='line_1_44' title="bbox 2028 2021 3602 2092; baseline 0 -14"><span class='ocrx_word' id='word_1_309' title='bbox 2028 2039 2122 2079; x_wconf 86' lang='lat' dir='ltr'><strong>eos</strong></span> <span class='ocrx_word' id='word_1_310' title='bbox 2150 2023 2347 2078; x_wconf 90' lang='lat' dir='ltr'><strong>domus</strong></span> <span class='ocrx_word' id='word_1_311' title='bbox 2403 2022 2520 2089; x_wconf 87' lang='lat' dir='ltr'><strong>Dei,</strong></span> <span class='ocrx_word' id='word_1_312' title='bbox 2558 2022 2770 2078; x_wconf 87' lang='lat' dir='ltr'><strong>scilicet</strong></span> <span class='ocrx_word' id='word_1_313' title='bbox 2804 2021 3047 2077; x_wconf 84' lang='lat' dir='ltr'><strong>Ecclesia</strong></span> <span class='ocrx_word' id='word_1_314' title='bbox 3079 2023 3200 2092; x_wconf 83' lang='lat' dir='ltr'><strong>ejus</strong></span> <span class='ocrx_word' id='word_1_315' title='bbox 3241 2025 3602 2079; x_wconf 68' lang='lat' dir='ltr'><strong>constituereo</strong></span> 
     </span>
    </p>
   </div>
   <div class='ocr_carea' id='block_1_45' title="bbox 2029 2113 3605 2185">
    <p class='ocr_par' dir='ltr' id='par_1_45' title="bbox 2029 2113 3605 2185">
     <span class='ocr_line' id='line_1_45' title="bbox 2029 2113 3605 2185; baseline 0 -17"><span class='ocrx_word' id='word_1_316' title='bbox 2029 2123 2138 2179; x_wconf 90' lang='lat' dir='ltr'><strong>tur,</strong></span> <span class='ocrx_word' id='word_1_317' title='bbox 2173 2113 2423 2184; x_wconf 81' lang='lat' dir='ltr'><strong>deposito</strong></span> <span class='ocrx_word' id='word_1_318' title='bbox 2459 2129 2525 2169; x_wconf 90' lang='lat' dir='ltr'><strong>co</strong></span> <span class='ocrx_word' id='word_1_319' title='bbox 2560 2115 2704 2184; x_wconf 91' lang='lat' dir='ltr'><strong>quod</strong></span> <span class='ocrx_word' id='word_1_320' title='bbox 2733 2113 2788 2166; x_wconf 90' lang='lat' dir='ltr'><strong>in</strong></span> <span class='ocrx_word' id='word_1_321' title='bbox 2832 2113 3161 2168; x_wconf 88' lang='lat' dir='ltr'><strong>diabolicum</strong></span> <span class='ocrx_word' id='word_1_322' title='bbox 3206 2115 3442 2185; x_wconf 88' lang='lat' dir='ltr'><strong>plurium</strong></span> <span class='ocrx_word' id='word_1_323' title='bbox 3473 2114 3605 2168; x_wconf 88' lang='lat' dir='ltr'><strong>deo-</strong></span> 
     </span>
    </p>
   </div>
   <div class='ocr_carea' id='block_1_46' title="bbox 2027 2205 3602 2270">
    <p class='ocr_par' dir='ltr' id='par_1_46' title="bbox 2027 2205 3602 2270">
     <span class='ocr_line' id='line_1_46' title="bbox 2027 2205 3602 2270; baseline 0.001 -11"><span class='ocrx_word' id='word_1_324' title='bbox 2027 2221 2152 2260; x_wconf 87' lang='lat' dir='ltr'><strong>rum</strong></span> <span class='ocrx_word' id='word_1_325' title='bbox 2191 2206 2399 2259; x_wconf 92' lang='lat' dir='ltr'><strong>cultum</strong></span> <span class='ocrx_word' id='word_1_326' title='bbox 2439 2205 2600 2260; x_wconf 88' lang='lat' dir='ltr'><strong>edere</strong></span> <span class='ocrx_word' id='word_1_327' title='bbox 2642 2205 2913 2270; x_wconf 88' lang='lat' dir='ltr'><strong>solebant,</strong></span> <span class='ocrx_word' id='word_1_328' title='bbox 2946 2221 3144 2260; x_wconf 86' lang='lat' dir='ltr'><strong>novum</strong></span> <span class='ocrx_word' id='word_1_329' title='bbox 3196 2207 3468 2260; x_wconf 78' lang='lat' dir='ltr'><strong>canticum</strong></span> <span class='ocrx_word' id='word_1_330' title='bbox 3511 2222 3602 2261; x_wconf 89' lang='lat' dir='ltr'><strong>ca-</strong></span> 
     </span>
    </p>
   </div>
   <div class='ocr_carea' id='block_1_47' title="bbox 2031 2295 3603 2367">
    <p class='ocr_par' dir='ltr' id='par_1_47' title="bbox 2031 2295 3603 2367">
     <span class='ocr_line' id='line_1_47' title="bbox 2031 2295 3603 2367; baseline 0.001 -16"><span class='ocrx_word' id='word_1_331' title='bbox 2031 2311 2165 2351; x_wconf 87' lang='lat' dir='ltr'><strong>nere</strong></span> <span class='ocrx_word' id='word_1_332' title='bbox 2191 2295 2370 2351; x_wconf 90' lang='lat' dir='ltr'><strong>edocti</strong></span> <span class='ocrx_word' id='word_1_333' title='bbox 2404 2303 2552 2352; x_wconf 90' lang='lat' dir='ltr'><strong>sunt.</strong></span> <span class='ocrx_word' id='word_1_334' title='bbox 2586 2295 2665 2350; x_wconf 78' lang='lat' dir='ltr'><strong>Ex</strong></span> <span class='ocrx_word' id='word_1_335' title='bbox 2710 2296 2802 2350; x_wconf 89' lang='lat' dir='ltr'><strong>illo</strong></span> <span class='ocrx_word' id='word_1_336' title='bbox 2828 2312 3062 2367; x_wconf 86' lang='lat' dir='ltr'><strong>namque</strong></span> <span class='ocrx_word' id='word_1_337' title='bbox 3092 2305 3336 2366; x_wconf 86' lang='lat' dir='ltr'><strong>tempore</strong></span> <span class='ocrx_word' id='word_1_338' title='bbox 3361 2299 3603 2354; x_wconf 85' lang='lat' dir='ltr'><strong>salutare</strong></span> 
     </span>
    </p>
   </div>
   <div class='ocr_carea' id='block_1_48' title="bbox 2032 2387 3603 2458">
    <p class='ocr_par' dir='ltr' id='par_1_48' title="bbox 2032 2387 3603 2458">
     <span class='ocr_line' id='line_1_48' title="bbox 2032 2387 3603 2458; baseline 0.003 -16"><span class='ocrx_word' id='word_1_339' title='bbox 2032 2387 2125 2443; x_wconf 89' lang='lat' dir='ltr'><strong>Dei</strong></span> <span class='ocrx_word' id='word_1_340' title='bbox 2161 2389 2297 2458; x_wconf 90' lang='lat' dir='ltr'><strong>ipsis</strong></span> <span class='ocrx_word' id='word_1_341' title='bbox 2324 2388 2673 2453; x_wconf 88' lang='lat' dir='ltr'><strong>annuntiant,</strong></span> <span class='ocrx_word' id='word_1_342' title='bbox 2708 2403 2832 2442; x_wconf 88' lang='lat' dir='ltr'><strong>cum</strong></span> <span class='ocrx_word' id='word_1_343' title='bbox 2870 2405 2966 2458; x_wconf 91' lang='lat' dir='ltr'><strong>per</strong></span> <span class='ocrx_word' id='word_1_344' title='bbox 2996 2399 3168 2443; x_wconf 89' lang='lat' dir='ltr'><strong>totum</strong></span> <span class='ocrx_word' id='word_1_345' title='bbox 3200 2390 3387 2446; x_wconf 85' lang='lat' dir='ltr'><strong>orbem</strong></span> <span class='ocrx_word' id='word_1_346' title='bbox 3414 2407 3603 2446; x_wconf 82' lang='lat' dir='ltr'><strong>sacro-</strong></span> 
     </span>
    </p>
   </div>
   <div class='ocr_carea' id='block_1_49' title="bbox 2027 2480 3227 2552">
    <p class='ocr_par' dir='ltr' id='par_1_49' title="bbox 2027 2480 3227 2552">
     <span class='ocr_line' id='line_1_49' title="bbox 2027 2480 3227 2552; baseline -0.001 -16"><span class='ocrx_word' id='word_1_347' title='bbox 2027 2497 2148 2536; x_wconf 86' lang='lat' dir='ltr'><strong>rum</strong></span> <span class='ocrx_word' id='word_1_348' title='bbox 2184 2480 2600 2552; x_wconf 81' lang='lat' dir='ltr'><strong>Evangeliorum</strong></span> <span class='ocrx_word' id='word_1_349' title='bbox 2630 2480 2956 2536; x_wconf 89' lang='lat' dir='ltr'><strong>lectionibus</strong></span> <span class='ocrx_word' id='word_1_350' title='bbox 2979 2490 3227 2535; x_wconf 89' lang='lat' dir='ltr'><strong>utuntur.</strong></span> 
     </span>
    </p>
   </div>
   <div class='ocr_carea' id='block_1_50' title="bbox 339 2569 3599 2650">
    <p class='ocr_par' dir='ltr' id='par_1_50' title="bbox 339 2569 3599 2650">
     <span class='ocr_line' id='line_1_50' title="bbox 339 2569 3599 2650; baseline 0.003 -27"><span class='ocrx_word' id='word_1_351' title='bbox 339 2569 654 2638; x_wconf 71' lang='grc' dir='ltr'>τοῖςόοῖκος</span> <span class='ocrx_word' id='word_1_352' title='bbox 686 2574 780 2628; x_wconf 90' lang='grc' dir='ltr'><strong>τοῦ</strong></span> <span class='ocrx_word' id='word_1_353' title='bbox 810 2574 945 2627; x_wconf 81' lang='grc' dir='ltr'>Θεοῦ</span> <span class='ocrx_word' id='word_1_354' title='bbox 982 2575 1232 2646; x_wconf 78' lang='grc' dir='ltr'>συνέστη,</span> <span class='ocrx_word' id='word_1_355' title='bbox 1268 2576 1467 2648; x_wconf 86' lang='grc' dir='ltr'>δηλαδὴ</span> <span class='ocrx_word' id='word_1_356' title='bbox 1497 2577 1531 2647; x_wconf 82' lang='grc' dir='ltr'>ἡ</span> <span class='ocrx_word' id='word_1_357' title='bbox 1572 2577 1867 2648; x_wconf 84' lang='grc' dir='ltr'>Ἐκκλησία</span> <span class='ocrx_word' id='word_1_358' title='bbox 1891 2576 2078 2643; x_wconf 83' lang='grc' dir='ltr'>αὑτοῦ,</span> <span class='ocrx_word' id='word_1_359' title='bbox 2108 2578 2171 2630; x_wconf 84' lang='grc' dir='ltr'><strong>τὸ</strong></span> <span class='ocrx_word' id='word_1_360' title='bbox 2193 2580 2379 2630; x_wconf 80' lang='grc' dir='ltr'>καινὸν</span> <span class='ocrx_word' id='word_1_361' title='bbox 2408 2572 2558 2647; x_wconf 82' lang='grc' dir='ltr'>ᾆσμα</span> <span class='ocrx_word' id='word_1_362' title='bbox 2577 2576 2721 2646; x_wconf 80' lang='grc' dir='ltr'>ᾄδειν</span> <span class='ocrx_word' id='word_1_363' title='bbox 2751 2575 3126 2648; x_wconf 74' lang='grc' dir='ltr'>ἐδιδάχθησαν,</span> <span class='ocrx_word' id='word_1_364' title='bbox 3148 2577 3208 2629; x_wconf 77' lang='grc' dir='ltr'><strong>τὸ</strong></span> <span class='ocrx_word' id='word_1_365' title='bbox 3232 2595 3330 2648; x_wconf 84' lang='grc' dir='ltr'><strong>της</strong></span> <span class='ocrx_word' id='word_1_366' title='bbox 3385 2597 3599 2650; x_wconf 81' lang='grc' dir='ltr'>αιμονι-</span> 
     </span>
    </p>
   </div>
   <div class='ocr_carea' id='block_1_51' title="bbox 343 2665 3603 2741">
    <p class='ocr_par' dir='ltr' id='par_1_51' title="bbox 343 2665 3603 2741">
     <span class='ocr_line' id='line_1_51' title="bbox 343 2665 3603 2741; baseline 0.002 -25"><span class='ocrx_word' id='word_1_367' title='bbox 343 2667 454 2734; x_wconf 77' lang='grc' dir='ltr'>κῆς,</span> <span class='ocrx_word' id='word_1_368' title='bbox 473 2667 564 2717; x_wconf 81' lang='grc' dir='ltr'><strong>καὶ</strong></span> <span class='ocrx_word' id='word_1_369' title='bbox 591 2665 858 2718; x_wconf 76' lang='grc' dir='ltr'>πολυθέου</span> <span class='ocrx_word' id='word_1_370' title='bbox 891 2665 1099 2736; x_wconf 77' lang='grc' dir='ltr'>πλάνης</span> <span class='ocrx_word' id='word_1_371' title='bbox 1132 2666 1480 2738; x_wconf 82' lang='grc' dir='ltr'>ἀποθέμενοι.</span> <span class='ocrx_word' id='word_1_372' title='bbox 1501 2667 1588 2732; x_wconf 80' lang='grc' dir='ltr'><strong>Ἐξ</strong></span> <span class='ocrx_word' id='word_1_373' title='bbox 1619 2667 1827 2720; x_wconf 78' lang='grc' dir='ltr'>ἐκείνου</span> <span class='ocrx_word' id='word_1_374' title='bbox 1852 2668 1908 2720; x_wconf 81' lang='grc' dir='ltr'>δὲ</span> <span class='ocrx_word' id='word_1_375' title='bbox 1937 2667 2032 2720; x_wconf 82' lang='grc' dir='ltr'>κα).</span> <span class='ocrx_word' id='word_1_376' title='bbox 2060 2666 2122 2719; x_wconf 82' lang='grc' dir='ltr'>τὸ</span> <span class='ocrx_word' id='word_1_377' title='bbox 2155 2669 2422 2738; x_wconf 84' lang='grc' dir='ltr'>σωτήριον</span> <span class='ocrx_word' id='word_1_378' title='bbox 2448 2666 2542 2719; x_wconf 91' lang='grc' dir='ltr'><strong>τοῦ</strong></span> <span class='ocrx_word' id='word_1_379' title='bbox 2559 2665 2693 2719; x_wconf 85' lang='grc' dir='ltr'>Θεοῦ</span> <span class='ocrx_word' id='word_1_380' title='bbox 2723 2666 3180 2735; x_wconf 73' lang='grc' dir='ltr'>εὐαγγελίζονται,</span> <span class='ocrx_word' id='word_1_381' title='bbox 3201 2666 3323 2720; x_wconf 84' lang='grc' dir='ltr'>καθ’</span> <span class='ocrx_word' id='word_1_382' title='bbox 3350 2665 3478 2739; x_wconf 81' lang='grc' dir='ltr'>ὅλης</span> <span class='ocrx_word' id='word_1_383' title='bbox 3502 2671 3603 2741; x_wconf 78' lang='grc' dir='ltr'>τῆς</span> 
     </span>
    </p>
   </div>
   <div class='ocr_carea' id='block_1_52' title="bbox 340 2757 2226 2832">
    <p class='ocr_par' dir='ltr' id='par_1_52' title="bbox 340 2757 2226 2832">
     <span class='ocr_line' id='line_1_52' title="bbox 340 2757 2226 2832; baseline 0.002 -22"><span class='ocrx_word' id='word_1_384' title='bbox 340 2757 662 2828; x_wconf 76' lang='grc' dir='ltr'>οἰκουμένης</span> <span class='ocrx_word' id='word_1_385' title='bbox 692 2760 805 2821; x_wconf 86' lang='grc' dir='ltr'>τοῖς</span> <span class='ocrx_word' id='word_1_386' title='bbox 837 2757 943 2810; x_wconf 88' lang='grc' dir='ltr'><strong>τῶν</strong></span> <span class='ocrx_word' id='word_1_387' title='bbox 969 2758 1127 2828; x_wconf 88' lang='grc' dir='ltr'>ίερῶν</span> <span class='ocrx_word' id='word_1_388' title='bbox 1144 2759 1491 2828; x_wconf 84' lang='grc' dir='ltr'>Εὑαγγελίων</span> <span class='ocrx_word' id='word_1_389' title='bbox 1515 2758 1905 2829; x_wconf 83' lang='grc' dir='ltr'>ἀναγνώσμασι</span> <span class='ocrx_word' id='word_1_390' title='bbox 1934 2759 2226 2832; x_wconf 85' lang='grc' dir='ltr'>χρώμενοι.</span> 
     </span>
    </p>
   </div>
   <div class='ocr_carea' id='block_1_53' title="bbox 415 2872 1924 2946">
    <p class='ocr_par' dir='ltr' id='par_1_53' title="bbox 415 2872 1924 2946">
     <span class='ocr_line' id='line_1_53' title="bbox 415 2872 1924 2946; baseline 0.002 -19"><span class='ocrx_word' id='word_1_391' title='bbox 415 2872 883 2944; x_wconf 53' lang='grc' dir='ltr'>Εὑαγγελίζεσθε</span> <span class='ocrx_word' id='word_1_392' title='bbox 910 2875 1138 2943; x_wconf 76' lang='grc' dir='ltr'>ἡμέραν</span> <span class='ocrx_word' id='word_1_393' title='bbox 1173 2875 1242 2940; x_wconf 78' lang='grc' dir='ltr'><strong>ἐξ</strong></span> <span class='ocrx_word' id='word_1_394' title='bbox 1275 2875 1498 2946; x_wconf 69' lang='grc' dir='ltr'>ἡμέρας</span> <span class='ocrx_word' id='word_1_395' title='bbox 1530 2876 1596 2928; x_wconf 80' lang='grc' dir='ltr'>τὸ</span> <span class='ocrx_word' id='word_1_396' title='bbox 1624 2875 1924 2944; x_wconf 77' lang='grc' dir='ltr'>σωτήριον</span> 
     </span>
    </p>
   </div>
   <div class='ocr_carea' id='block_1_54' title="bbox 341 2964 1922 3034">
    <p class='ocr_par' dir='ltr' id='par_1_54' title="bbox 341 2964 1922 3034">
     <span class='ocr_line' id='line_1_54' title="bbox 341 2964 1922 3034; baseline 0.001 -17"><span class='ocrx_word' id='word_1_397' title='bbox 341 2964 560 3017; x_wconf 87' lang='grc' dir='ltr'>αὑτοῦ·</span> <span class='ocrx_word' id='word_1_398' title='bbox 599 2965 1000 3034; x_wconf 74' lang='grc' dir='ltr'>-ἀναγγείλατε</span> <span class='ocrx_word' id='word_1_399' title='bbox 1029 2967 1098 3018; x_wconf 66' lang='grc' dir='ltr'>ἐν</span> <span class='ocrx_word' id='word_1_400' title='bbox 1147 2966 1274 3031; x_wconf 85' lang='grc' dir='ltr'>τοῖς</span> <span class='ocrx_word' id='word_1_401' title='bbox 1328 2966 1530 3020; x_wconf 69' lang='grc' dir='ltr'>ἔθνεσι</span> <span class='ocrx_word' id='word_1_402' title='bbox 1573 2965 1688 3034; x_wconf 82' lang='grc' dir='ltr'>τὴν</span> <span class='ocrx_word' id='word_1_403' title='bbox 1733 2965 1922 3030; x_wconf 79' lang='grc' dir='ltr'>δόξαν</span> 
     </span>
    </p>
   </div>
   <div class='ocr_carea' id='block_1_55' title="bbox 2107 2875 3598 2948">
    <p class='ocr_par' dir='ltr' id='par_1_55' title="bbox 2107 2875 3598 2948">
     <span class='ocr_line' id='line_1_55' title="bbox 2107 2875 3598 2948; baseline 0.001 -17"><span class='ocrx_word' id='word_1_404' title='bbox 2107 2876 2269 2933; x_wconf 72' lang='lat' dir='ltr'><strong>Vens.</strong></span> <span class='ocrx_word' id='word_1_405' title='bbox 2299 2878 2353 2933; x_wconf 76' lang='grc'><strong>5.</strong></span> <span class='ocrx_word' id='word_1_406' title='bbox 2381 2877 2706 2931; x_wconf 75' lang='grc' dir='ltr'>Αιυιιιηιὶαιε</span> <span class='ocrx_word' id='word_1_407' title='bbox 2725 2875 2788 2930; x_wconf 85' lang='lat' dir='ltr'><strong>de</strong></span> <span class='ocrx_word' id='word_1_408' title='bbox 2818 2877 2902 2930; x_wconf 87' lang='lat' dir='ltr'><strong>die</strong></span> <span class='ocrx_word' id='word_1_409' title='bbox 2939 2877 2991 2930; x_wconf 85' lang='lat' dir='ltr'><strong>in</strong></span> <span class='ocrx_word' id='word_1_410' title='bbox 3021 2877 3162 2931; x_wconf 86' lang='lat' dir='ltr'><strong>diem</strong></span> <span class='ocrx_word' id='word_1_411' title='bbox 3191 2877 3429 2932; x_wconf 78' lang='lat' dir='ltr'><strong>salutare</strong></span> <span class='ocrx_word' id='word_1_412' title='bbox 3460 2879 3598 2948; x_wconf 77' lang='lat' dir='ltr'><strong>ejus.</strong></span> 
     </span>
    </p>
   </div>
   <div class='ocr_carea' id='block_1_56' title="bbox 2027 2967 3601 3039">
    <p class='ocr_par' dir='ltr' id='par_1_56' title="bbox 2027 2967 3601 3039">
     <span class='ocr_line' id='line_1_56' title="bbox 2027 2967 3601 3039; baseline -0.001 -16"><span class='ocrx_word' id='word_1_413' title='bbox 2027 2968 2357 3024; x_wconf 80' lang='lat' dir='ltr'><strong>Annuntiate</strong></span> <span class='ocrx_word' id='word_1_414' title='bbox 2389 2970 2443 3024; x_wconf 88' lang='lat' dir='ltr'><strong>in</strong></span> <span class='ocrx_word' id='word_1_415' title='bbox 2475 2969 2710 3039; x_wconf 75' lang='lat' dir='ltr'><strong>gentibus</strong></span> <span class='ocrx_word' id='word_1_416' title='bbox 2749 2969 2973 3039; x_wconf 82' lang='lat' dir='ltr'><strong>gloriam</strong></span> <span class='ocrx_word' id='word_1_417' title='bbox 3000 2967 3134 3036; x_wconf 76' lang='lat' dir='ltr'><strong>ejus,</strong></span> <span class='ocrx_word' id='word_1_418' title='bbox 3157 2968 3209 3020; x_wconf 91' lang='lat' dir='ltr'><strong>in</strong></span> <span class='ocrx_word' id='word_1_419' title='bbox 3237 2968 3478 3021; x_wconf 79' lang='lat' dir='ltr'><strong>omnibus</strong></span> <span class='ocrx_word' id='word_1_420' title='bbox 3505 2985 3601 3037; x_wconf 84' lang='lat' dir='ltr'><strong>po-</strong></span> 
     </span>
    </p>
   </div>
   <div class='ocr_carea' id='block_1_57' title="bbox 339 3057 1921 3154">
    <p class='ocr_par' dir='ltr' id='par_1_57' title="bbox 339 3057 1920 3127">
     <span class='ocr_line' id='line_1_57' title="bbox 339 3057 1920 3127; baseline -0.001 -15"><span class='ocrx_word' id='word_1_421' title='bbox 339 3057 548 3123; x_wconf 81' lang='grc' dir='ltr'>αὑτοῦ,</span> <span class='ocrx_word' id='word_1_422' title='bbox 568 3059 647 3111; x_wconf 68' lang='grc' dir='ltr'>ἐν</span> <span class='ocrx_word' id='word_1_423' title='bbox 677 3057 828 3112; x_wconf 82' lang='grc' dir='ltr'>πᾶσι</span> <span class='ocrx_word' id='word_1_424' title='bbox 862 3057 987 3124; x_wconf 83' lang='grc' dir='ltr'>τοῖς</span> <span class='ocrx_word' id='word_1_425' title='bbox 1007 3057 1180 3124; x_wconf 72' lang='grc' dir='ltr'>λαοῖς</span> <span class='ocrx_word' id='word_1_426' title='bbox 1210 3057 1512 3127; x_wconf 82' lang='grc' dir='ltr'>θαυμάσια</span> <span class='ocrx_word' id='word_1_427' title='bbox 1557 3058 1764 3113; x_wconf 87' lang='grc' dir='ltr'>αὐτοῦ.</span> <span class='ocrx_word' id='word_1_428' title='bbox 1809 3058 1920 3111; x_wconf 76' lang='grc' dir='ltr'><strong>Καὶ</strong></span> 
     </span>
    </p>
   </div>
   <div class='ocr_carea' id='block_1_58' title="bbox 2025 3057 3600 3154">
    <p class='ocr_par' dir='ltr' id='par_1_58' title="bbox 2025 3059 3600 3130">
     <span class='ocr_line' id='line_1_58' title="bbox 2025 3059 3600 3130; baseline -0.001 -16"><span class='ocrx_word' id='word_1_429' title='bbox 2025 3061 2165 3129; x_wconf 67' lang='lat' dir='ltr'><strong>puli:</strong></span> <span class='ocrx_word' id='word_1_430' title='bbox 2197 3062 2469 3116; x_wconf 72' lang='lat' dir='ltr'><strong>mi&#39;abilia</strong></span> <span class='ocrx_word' id='word_1_431' title='bbox 2495 3061 2630 3130; x_wconf 78' lang='lat' dir='ltr'><strong>ejus.</strong></span> <span class='ocrx_word' id='word_1_432' title='bbox 2653 3059 2993 3126; x_wconf 84' lang='lat' dir='ltr'><strong>Quibusnam</strong></span> <span class='ocrx_word' id='word_1_433' title='bbox 3018 3060 3132 3113; x_wconf 66' lang='lat' dir='ltr'><strong>haec</strong></span> <span class='ocrx_word' id='word_1_434' title='bbox 3159 3059 3375 3128; x_wconf 70' lang='lat' dir='ltr'><strong>praecipi</strong></span> <span class='ocrx_word' id='word_1_435' title='bbox 3405 3069 3600 3129; x_wconf 87' lang='lat' dir='ltr'><strong>putan-</strong></span> 
     </span>
    </p>
   </div>
   <div class='ocr_carea' id='block_1_59' title="bbox 338 3150 1921 3222">
    <p class='ocr_par' dir='ltr' id='par_1_59' title="bbox 338 3150 1921 3222">
     <span class='ocr_line' id='line_1_59' title="bbox 338 3150 1921 3222; baseline 0.001 -19"><span class='ocrx_word' id='word_1_436' title='bbox 338 3151 452 3203; x_wconf 84' lang='grc' dir='ltr'>τίσι</span> <span class='ocrx_word' id='word_1_437' title='bbox 489 3151 660 3204; x_wconf 76' lang='grc' dir='ltr'>ταῦτα</span> <span class='ocrx_word' id='word_1_438' title='bbox 691 3152 957 3222; x_wconf 83' lang='grc' dir='ltr'>προσήκει</span> <span class='ocrx_word' id='word_1_439' title='bbox 1008 3150 1252 3222; x_wconf 79' lang='grc' dir='ltr'>νομίζειν</span> <span class='ocrx_word' id='word_1_440' title='bbox 1278 3152 1703 3221; x_wconf 85' lang='grc' dir='ltr'>προστάττεσθαι</span> <span class='ocrx_word' id='word_1_441' title='bbox 1744 3152 1777 3222; x_wconf 85' lang='grc' dir='ltr'>ἢ</span> <span class='ocrx_word' id='word_1_442' title='bbox 1813 3154 1921 3215; x_wconf 86' lang='grc' dir='ltr'>τοῖς</span> 
     </span>
    </p>
   </div>
   <div class='ocr_carea' id='block_1_60' title="bbox 337 3239 1922 3314">
    <p class='ocr_par' dir='ltr' id='par_1_60' title="bbox 337 3239 1922 3314">
     <span class='ocr_line' id='line_1_60' title="bbox 337 3239 1922 3314; baseline -0.001 -20"><span class='ocrx_word' id='word_1_443' title='bbox 337 3240 404 3294; x_wconf 86' lang='grc' dir='ltr'>δι’</span> <span class='ocrx_word' id='word_1_444' title='bbox 447 3241 624 3312; x_wconf 80' lang='grc' dir='ltr'>ἔργων</span> <span class='ocrx_word' id='word_1_445' title='bbox 671 3241 896 3313; x_wconf 76' lang='grc' dir='ltr'>ὕστερόν</span> <span class='ocrx_word' id='word_1_446' title='bbox 957 3259 1088 3295; x_wconf 84' lang='grc' dir='ltr'>ποτε</span> <span class='ocrx_word' id='word_1_447' title='bbox 1141 3241 1281 3295; x_wconf 73' lang='grc' dir='ltr'>αὐτὰ</span> <span class='ocrx_word' id='word_1_448' title='bbox 1339 3243 1759 3314; x_wconf 87' lang='grc' dir='ltr'>πεπληρωκόσι,</span> <span class='ocrx_word' id='word_1_449' title='bbox 1809 3239 1922 3307; x_wconf 71' lang='grc' dir='ltr'>τοῖς</span> 
     </span>
    </p>
   </div>
   <div class='ocr_carea' id='block_1_61' title="bbox 337 3332 1921 3405">
    <p class='ocr_par' dir='ltr' id='par_1_61' title="bbox 337 3332 1921 3405">
     <span class='ocr_line' id='line_1_61' title="bbox 337 3332 1921 3405; baseline 0.002 -21"><span class='ocrx_word' id='word_1_450' title='bbox 337 3333 536 3404; x_wconf 76' lang='grc' dir='ltr'>δηλαδὴ</span> <span class='ocrx_word' id='word_1_451' title='bbox 571 3332 1089 3405; x_wconf 83' lang='grc' dir='ltr'>εύαγγελισαμένοις</span> <span class='ocrx_word' id='word_1_452' title='bbox 1126 3335 1205 3398; x_wconf 84' lang='grc' dir='ltr'><strong>είς</strong></span> <span class='ocrx_word' id='word_1_453' title='bbox 1238 3333 1415 3387; x_wconf 79' lang='grc' dir='ltr'>πάντα</span> <span class='ocrx_word' id='word_1_454' title='bbox 1453 3333 1521 3387; x_wconf 84' lang='grc' dir='ltr'>τὰ</span> <span class='ocrx_word' id='word_1_455' title='bbox 1559 3333 1686 3405; x_wconf 78' lang='grc' dir='ltr'>ἔθνη</span> <span class='ocrx_word' id='word_1_456' title='bbox 1717 3335 1778 3387; x_wconf 85' lang='grc' dir='ltr'><strong>τὸ</strong></span> <span class='ocrx_word' id='word_1_457' title='bbox 1815 3351 1921 3387; x_wconf 92' lang='grc' dir='ltr'>σω-</span> 
     </span>
    </p>
   </div>
   <div class='ocr_carea' id='block_1_62' title="bbox 336 3423 1922 3496">
    <p class='ocr_par' dir='ltr' id='par_1_62' title="bbox 336 3423 1922 3496">
     <span class='ocr_line' id='line_1_62' title="bbox 336 3423 1922 3496; baseline 0.001 -19"><span class='ocrx_word' id='word_1_458' title='bbox 336 3428 526 3495; x_wconf 68' lang='grc' dir='ltr'>τήριον</span> <span class='ocrx_word' id='word_1_459' title='bbox 573 3424 666 3476; x_wconf 88' lang='grc' dir='ltr'><strong>τοῦ</strong></span> <span class='ocrx_word' id='word_1_460' title='bbox 722 3423 892 3490; x_wconf 88' lang='grc' dir='ltr'>Θεοῦ;</span> <span class='ocrx_word' id='word_1_461' title='bbox 949 3423 1171 3489; x_wconf 77' lang='grc' dir='ltr'>Τούτοις</span> <span class='ocrx_word' id='word_1_462' title='bbox 1231 3424 1340 3495; x_wconf 89' lang='grc' dir='ltr'><strong>γάρ</strong></span> <span class='ocrx_word' id='word_1_463' title='bbox 1390 3423 1450 3477; x_wconf 81' lang='grc' dir='ltr'>τὸ</span> <span class='ocrx_word' id='word_1_464' title='bbox 1502 3424 1641 3477; x_wconf 88' lang='grc' dir='ltr'>θεῖον</span> <span class='ocrx_word' id='word_1_465' title='bbox 1698 3424 1922 3496; x_wconf 80' lang='grc' dir='ltr'>Πνεῦμα</span> 
     </span>
    </p>
   </div>
   <div class='ocr_carea' id='block_1_63' title="bbox 338 3514 1923 3588">
    <p class='ocr_par' dir='ltr' id='par_1_63' title="bbox 338 3514 1923 3588">
     <span class='ocr_line' id='line_1_63' title="bbox 338 3514 1923 3588; baseline -0.001 -20"><span class='ocrx_word' id='word_1_466' title='bbox 338 3514 544 3568; x_wconf 78' lang='grc' dir='ltr'>ἄνωθεν</span> <span class='ocrx_word' id='word_1_467' title='bbox 585 3516 681 3568; x_wconf 75' lang='grc' dir='ltr'><strong>καὶ</strong></span> <span class='ocrx_word' id='word_1_468' title='bbox 747 3515 855 3588; x_wconf 73' lang='grc' dir='ltr'>πρὸ</span> <span class='ocrx_word' id='word_1_469' title='bbox 906 3514 1102 3568; x_wconf 87' lang='grc' dir='ltr'>πολλοῦ</span> <span class='ocrx_word' id='word_1_470' title='bbox 1154 3514 1311 3568; x_wconf 88' lang='grc' dir='ltr'>τοῦτο</span> <span class='ocrx_word' id='word_1_471' title='bbox 1364 3514 1625 3585; x_wconf 86' lang='grc' dir='ltr'>πράττειν</span> <span class='ocrx_word' id='word_1_472' title='bbox 1686 3531 1923 3587; x_wconf 84' lang='grc' dir='ltr'>παρεκε-</span> 
     </span>
    </p>
   </div>
   <div class='ocr_carea' id='block_1_64' title="bbox 337 3607 1920 3678">
    <p class='ocr_par' dir='ltr' id='par_1_64' title="bbox 337 3607 1920 3678">
     <span class='ocr_line' id='line_1_64' title="bbox 337 3607 1920 3678; baseline -0.001 -18"><span class='ocrx_word' id='word_1_473' title='bbox 337 3607 545 3660; x_wconf 79' lang='grc' dir='ltr'>λεύετο.</span> <span class='ocrx_word' id='word_1_474' title='bbox 570 3608 695 3670; x_wconf 78' lang='grc' dir='ltr'>Τοῖς</span> <span class='ocrx_word' id='word_1_475' title='bbox 725 3607 912 3670; x_wconf 81' lang='grc' dir='ltr'>αὐτοῖς</span> <span class='ocrx_word' id='word_1_476' title='bbox 953 3607 1009 3660; x_wconf 81' lang='grc' dir='ltr'>δὲ</span> <span class='ocrx_word' id='word_1_477' title='bbox 1049 3607 1142 3659; x_wconf 77' lang='grc' dir='ltr'><strong>καὶ</strong></span> <span class='ocrx_word' id='word_1_478' title='bbox 1170 3607 1240 3659; x_wconf 81' lang='grc' dir='ltr'>τὰ</span> <span class='ocrx_word' id='word_1_479' title='bbox 1288 3607 1414 3677; x_wconf 82' lang='grc' dir='ltr'><strong>ἑξῆς</strong></span> <span class='ocrx_word' id='word_1_480' title='bbox 1460 3609 1809 3678; x_wconf 80' lang='grc' dir='ltr'>προσφωνεῖ,</span> <span class='ocrx_word' id='word_1_481' title='bbox 1845 3608 1920 3670; x_wconf 86' lang='grc' dir='ltr'>ὼς</span> 
     </span>
    </p>
   </div>
   <div class='ocr_carea' id='block_1_65' title="bbox 337 3697 1919 3771">
    <p class='ocr_par' dir='ltr' id='par_1_65' title="bbox 337 3697 1919 3771">
     <span class='ocr_line' id='line_1_65' title="bbox 337 3697 1919 3771; baseline -0.002 -17"><span class='ocrx_word' id='word_1_482' title='bbox 337 3701 406 3754; x_wconf 83' lang='grc' dir='ltr'>ἂν</span> <span class='ocrx_word' id='word_1_483' title='bbox 442 3699 728 3770; x_wconf 83' lang='grc' dir='ltr'>μέλλουσιν</span> <span class='ocrx_word' id='word_1_484' title='bbox 776 3698 1131 3767; x_wconf 82' lang='grc' dir='ltr'>ἀναγγέλλειν</span> <span class='ocrx_word' id='word_1_485' title='bbox 1157 3698 1252 3751; x_wconf 89' lang='grc' dir='ltr'><strong>τοῦ</strong></span> <span class='ocrx_word' id='word_1_486' title='bbox 1298 3699 1504 3771; x_wconf 81' lang='grc' dir='ltr'>Κυρίου</span> <span class='ocrx_word' id='word_1_487' title='bbox 1547 3697 1644 3769; x_wconf 76' lang='grc' dir='ltr'>τὴν</span> <span class='ocrx_word' id='word_1_488' title='bbox 1671 3698 1828 3765; x_wconf 80' lang='grc' dir='ltr'>δόξαν</span> <span class='ocrx_word' id='word_1_489' title='bbox 1861 3701 1919 3751; x_wconf 83' lang='grc' dir='ltr'>ὲν</span> 
     </span>
    </p>
   </div>
   <div class='ocr_carea' id='block_1_66' title="bbox 336 3777 1920 3861">
    <p class='ocr_par' dir='ltr' id='par_1_66' title="bbox 336 3777 1920 3861">
     <span class='ocr_line' id='line_1_66' title="bbox 336 3777 1920 3861; baseline -0.002 -15"><span class='ocrx_word' id='word_1_490' title='bbox 336 3777 473 3846; x_wconf 74' lang='grc' dir='ltr'>πᾶσι</span> <span class='ocrx_word' id='word_1_491' title='bbox 499 3794 611 3855; x_wconf 81' lang='grc' dir='ltr'>τοῖς</span> <span class='ocrx_word' id='word_1_492' title='bbox 643 3791 841 3854; x_wconf 77' lang='grc' dir='ltr'>ἔθνεσι,</span> <span class='ocrx_word' id='word_1_493' title='bbox 896 3789 1146 3861; x_wconf 80' lang='grc' dir='ltr'>μέλλουσί</span> <span class='ocrx_word' id='word_1_494' title='bbox 1179 3807 1238 3842; x_wconf 88' lang='grc' dir='ltr'><strong>τε</strong></span> <span class='ocrx_word' id='word_1_495' title='bbox 1272 3791 1329 3841; x_wconf 81' lang='grc' dir='ltr'><strong>ὲν</strong></span> <span class='ocrx_word' id='word_1_496' title='bbox 1361 3790 1493 3842; x_wconf 79' lang='grc' dir='ltr'>πᾶσι</span> <span class='ocrx_word' id='word_1_497' title='bbox 1525 3792 1637 3852; x_wconf 84' lang='grc' dir='ltr'>τοῖς</span> <span class='ocrx_word' id='word_1_498' title='bbox 1667 3789 1815 3852; x_wconf 81' lang='grc' dir='ltr'>λαοῖς</span> <span class='ocrx_word' id='word_1_499' title='bbox 1851 3789 1920 3843; x_wconf 84' lang='grc' dir='ltr'>τὰ</span> 
     </span>
    </p>
   </div>
   <div class='ocr_carea' id='block_1_67' title="bbox 337 3877 1918 3956">
    <p class='ocr_par' dir='ltr' id='par_1_67' title="bbox 337 3877 1918 3956">
     <span class='ocr_line' id='line_1_67' title="bbox 337 3877 1918 3956; baseline -0.003 -16"><span class='ocrx_word' id='word_1_500' title='bbox 337 3886 618 3956; x_wconf 76' lang='grc' dir='ltr'>θαυμάσια</span> <span class='ocrx_word' id='word_1_501' title='bbox 649 3883 813 3937; x_wconf 76' lang='grc' dir='ltr'>αὑτοῦ</span> <span class='ocrx_word' id='word_1_502' title='bbox 847 3882 1164 3954; x_wconf 80' lang='grc' dir='ltr'>κηρύττειν.</span> <span class='ocrx_word' id='word_1_503' title='bbox 1199 3880 1354 3946; x_wconf 84' lang='grc' dir='ltr'>Τίνες</span> <span class='ocrx_word' id='word_1_504' title='bbox 1377 3877 1468 3935; x_wconf 84' lang='grc' dir='ltr'>οὖν</span> <span class='ocrx_word' id='word_1_505' title='bbox 1495 3877 1632 3952; x_wconf 78' lang='grc' dir='ltr'>ἦσαν</span> <span class='ocrx_word' id='word_1_506' title='bbox 1665 3884 1712 3935; x_wconf 80' lang='grc' dir='ltr'>οἱ</span> <span class='ocrx_word' id='word_1_507' title='bbox 1747 3881 1918 3936; x_wconf 86' lang='grc' dir='ltr'>ταῦτα</span> 
     </span>
    </p>
   </div>
   <div class='ocr_carea' id='block_1_68' title="bbox 333 3971 1918 4050">
    <p class='ocr_par' dir='ltr' id='par_1_68' title="bbox 333 3971 1918 4050">
     <span class='ocr_line' id='line_1_68' title="bbox 333 3971 1918 4050; baseline -0.004 -18"><span class='ocrx_word' id='word_1_508' title='bbox 333 3979 404 4032; x_wconf 82' lang='grc' dir='ltr'>δι’</span> <span class='ocrx_word' id='word_1_509' title='bbox 437 3979 612 4050; x_wconf 77' lang='grc' dir='ltr'>ἔργων</span> <span class='ocrx_word' id='word_1_510' title='bbox 640 3976 1080 4042; x_wconf 78' lang='grc' dir='ltr'>ὲπιτελέσαντες;</span> <span class='ocrx_word' id='word_1_511' title='bbox 1116 3976 1177 4028; x_wconf 82' lang='lat' dir='ltr'><strong>Ei</strong></span> <span class='ocrx_word' id='word_1_512' title='bbox 1208 3976 1306 4046; x_wconf 82' lang='grc' dir='ltr'><strong>μὲν</strong></span> <span class='ocrx_word' id='word_1_513' title='bbox 1337 3971 1406 4046; x_wconf 83' lang='grc' dir='ltr'>ἦν</span> <span class='ocrx_word' id='word_1_514' title='bbox 1439 3974 1656 4046; x_wconf 76' lang='grc' dir='ltr'>ἑτέρους</span> <span class='ocrx_word' id='word_1_515' title='bbox 1695 3973 1918 4027; x_wconf 82' lang='grc' dir='ltr'>δυνατὸν</span> 
     </span>
    </p>
   </div>
   <div class='ocr_carea' id='block_1_69' title="bbox 334 4063 1917 4138">
    <p class='ocr_par' dir='ltr' id='par_1_69' title="bbox 334 4063 1917 4138">
     <span class='ocr_line' id='line_1_69' title="bbox 334 4063 1917 4138; baseline -0.004 -15"><span class='ocrx_word' id='word_1_516' title='bbox 334 4068 722 4132; x_wconf 73' lang='grc' dir='ltr'>ἐπιδεικνύναι,</span> <span class='ocrx_word' id='word_1_517' title='bbox 746 4069 864 4138; x_wconf 70' lang='grc' dir='ltr'>ἦτοι</span> <span class='ocrx_word' id='word_1_518' title='bbox 897 4067 1038 4120; x_wconf 82' lang='grc' dir='ltr'><strong>κατά</strong></span> <span class='ocrx_word' id='word_1_519' title='bbox 1066 4066 1192 4128; x_wconf 83' lang='grc' dir='ltr'>τοὺς</span> <span class='ocrx_word' id='word_1_520' title='bbox 1216 4063 1401 4136; x_wconf 75' lang='grc' dir='ltr'>Κύρου</span> <span class='ocrx_word' id='word_1_521' title='bbox 1432 4065 1677 4136; x_wconf 87' lang='grc' dir='ltr'>χρόνους,</span> <span class='ocrx_word' id='word_1_522' title='bbox 1711 4063 1745 4136; x_wconf 78' lang='grc' dir='ltr'><strong>ἢ</strong></span> <span class='ocrx_word' id='word_1_523' title='bbox 1778 4064 1917 4118; x_wconf 84' lang='grc' dir='ltr'><strong>κατά</strong></span> 
     </span>
    </p>
   </div>
   <div class='ocr_carea' id='block_1_70' title="bbox 333 4157 1916 4233">
    <p class='ocr_par' dir='ltr' id='par_1_70' title="bbox 333 4157 1916 4233">
     <span class='ocr_line' id='line_1_70' title="bbox 333 4157 1916 4233; baseline -0.004 -17"><span class='ocrx_word' id='word_1_524' title='bbox 333 4165 463 4225; x_wconf 76' lang='grc' dir='ltr'>τοὺς</span> <span class='ocrx_word' id='word_1_525' title='bbox 481 4161 556 4233; x_wconf 89' lang='grc'><strong>(1)</strong></span> <span class='ocrx_word' id='word_1_526' title='bbox 576 4160 799 4233; x_wconf 86' lang='grc' dir='ltr'>Δαρείου</span> <span class='ocrx_word' id='word_1_527' title='bbox 830 4159 1101 4223; x_wconf 82' lang='grc' dir='ltr'>τοιούτους</span> <span class='ocrx_word' id='word_1_528' title='bbox 1119 4160 1175 4212; x_wconf 89' lang='grc' dir='ltr'><strong>αί</strong></span> <span class='ocrx_word' id='word_1_529' title='bbox 1205 4160 1563 4229; x_wconf 87' lang='grc' dir='ltr'>προκείμεναι</span> <span class='ocrx_word' id='word_1_530' title='bbox 1593 4157 1916 4230; x_wconf 83' lang='grc' dir='ltr'>προστάξεις</span> 
     </span>
    </p>
   </div>
   <div class='ocr_carea' id='block_1_71' title="bbox 333 4246 1912 4320">
    <p class='ocr_par' dir='ltr' id='par_1_71' title="bbox 333 4246 1912 4320">
     <span class='ocr_line' id='line_1_71' title="bbox 333 4246 1912 4320; baseline 0.001 -20"><span class='ocrx_word' id='word_1_531' title='bbox 333 4250 613 4319; x_wconf 80' lang='grc' dir='ltr'>γίγνονται</span> <span class='ocrx_word' id='word_1_532' title='bbox 642 4251 754 4312; x_wconf 88' lang='grc' dir='ltr'>τοῖς</span> <span class='ocrx_word' id='word_1_533' title='bbox 806 4247 982 4320; x_wconf 82' lang='grc' dir='ltr'>Ἰησοῦ</span> <span class='ocrx_word' id='word_1_534' title='bbox 1030 4247 1299 4319; x_wconf 78' lang='grc' dir='ltr'>μαθηταῖς</span> <span class='ocrx_word' id='word_1_535' title='bbox 1319 4287 1332 4311; x_wconf 91' lang='grc'><strong>,</strong></span> <span class='ocrx_word' id='word_1_536' title='bbox 1387 4246 1646 4300; x_wconf 85' lang='grc' dir='ltr'>ἀκούουσι</span> <span class='ocrx_word' id='word_1_537' title='bbox 1677 4248 1766 4300; x_wconf 75' lang='grc' dir='ltr'>τόο</span> <span class='ocrx_word' id='word_1_538' title='bbox 1797 4251 1912 4301; x_wconf 79' lang='grc' dir='ltr'><strong>Πο-</strong></span> 
     </span>
    </p>
   </div>
   <div class='ocr_carea' id='block_1_72' title="bbox 327 4339 1914 4410">
    <p class='ocr_par' dir='ltr' id='par_1_72' title="bbox 327 4339 1914 4410">
     <span class='ocr_line' id='line_1_72' title="bbox 327 4339 1914 4410; baseline 0 -15"><span class='ocrx_word' id='word_1_539' title='bbox 327 4340 647 4410; x_wconf 82' lang='grc' dir='ltr'>ρευθέντες</span> <span class='ocrx_word' id='word_1_540' title='bbox 672 4341 1092 4409; x_wconf 85' lang='grc' dir='ltr'>μαθητεύσατε</span> <span class='ocrx_word' id='word_1_541' title='bbox 1135 4339 1330 4394; x_wconf 80' lang='grc' dir='ltr'>πάντα</span> <span class='ocrx_word' id='word_1_542' title='bbox 1360 4339 1430 4394; x_wconf 80' lang='grc' dir='ltr'>τὰ</span> <span class='ocrx_word' id='word_1_543' title='bbox 1459 4339 1625 4407; x_wconf 77' lang='grc' dir='ltr'>ἔθνη.</span> <span class='ocrx_word' id='word_1_544' title='bbox 1659 4339 1914 4395; x_wconf 84' lang='grc' dir='ltr'>Βούλεται</span> 
     </span>
    </p>
   </div>
   <div class='ocr_carea' id='block_1_73' title="bbox 2024 3149 3601 3221">
    <p class='ocr_par' dir='ltr' id='par_1_73' title="bbox 2024 3149 3601 3221">
     <span class='ocr_line' id='line_1_73' title="bbox 2024 3149 3601 3221; baseline -0.004 -13"><span class='ocrx_word' id='word_1_545' title='bbox 2024 3154 2155 3208; x_wconf 89' lang='lat' dir='ltr'><strong>dum</strong></span> <span class='ocrx_word' id='word_1_546' title='bbox 2188 3161 2294 3218; x_wconf 88' lang='lat' dir='ltr'><strong>est,</strong></span> <span class='ocrx_word' id='word_1_547' title='bbox 2324 3152 2433 3208; x_wconf 86' lang='lat' dir='ltr'><strong>nisi</strong></span> <span class='ocrx_word' id='word_1_548' title='bbox 2458 3153 2526 3207; x_wconf 88' lang='lat' dir='ltr'><strong>iis</strong></span> <span class='ocrx_word' id='word_1_549' title='bbox 2553 3153 2648 3221; x_wconf 87' lang='lat' dir='ltr'><strong>qui</strong></span> <span class='ocrx_word' id='word_1_550' title='bbox 2683 3151 2774 3206; x_wconf 90' lang='lat' dir='ltr'><strong>diu</strong></span> <span class='ocrx_word' id='word_1_551' title='bbox 2809 3160 2996 3220; x_wconf 88' lang='lat' dir='ltr'><strong>postea</strong></span> <span class='ocrx_word' id='word_1_552' title='bbox 3029 3149 3142 3204; x_wconf 68' lang='lat' dir='ltr'><strong>haec</strong></span> <span class='ocrx_word' id='word_1_553' title='bbox 3165 3150 3422 3216; x_wconf 84' lang='lat' dir='ltr'><strong>operibus</strong></span> <span class='ocrx_word' id='word_1_554' title='bbox 3447 3167 3601 3203; x_wconf 85' lang='lat' dir='ltr'><strong>com-</strong></span> 
     </span>
    </p>
   </div>
   <div class='ocr_carea' id='block_1_74' title="bbox 2022 3239 3600 3315">
    <p class='ocr_par' dir='ltr' id='par_1_74' title="bbox 2022 3239 3600 3315">
     <span class='ocr_line' id='line_1_74' title="bbox 2022 3239 3600 3315; baseline -0.003 -17"><span class='ocrx_word' id='word_1_555' title='bbox 2022 3245 2345 3315; x_wconf 78' lang='lat' dir='ltr'><strong>pleverunt;</strong></span> <span class='ocrx_word' id='word_1_556' title='bbox 2391 3243 2460 3300; x_wconf 89' lang='lat' dir='ltr'><strong>iis</strong></span> <span class='ocrx_word' id='word_1_557' title='bbox 2505 3241 2759 3297; x_wconf 80' lang='lat' dir='ltr'><strong>videlicet</strong></span> <span class='ocrx_word' id='word_1_558' title='bbox 2801 3239 2894 3309; x_wconf 90' lang='lat' dir='ltr'><strong>qui</strong></span> <span class='ocrx_word' id='word_1_559' title='bbox 2944 3239 2999 3292; x_wconf 89' lang='lat' dir='ltr'><strong>in</strong></span> <span class='ocrx_word' id='word_1_560' title='bbox 3045 3240 3300 3295; x_wconf 83' lang='lat' dir='ltr'><strong>omnibus</strong></span> <span class='ocrx_word' id='word_1_561' title='bbox 3345 3240 3600 3310; x_wconf 86' lang='lat' dir='ltr'><strong>gentibus</strong></span> 
     </span>
    </p>
   </div>
   <div class='ocr_carea' id='block_1_75' title="bbox 2023 3330 3600 3407">
    <p class='ocr_par' dir='ltr' id='par_1_75' title="bbox 2023 3330 3600 3407">
     <span class='ocr_line' id='line_1_75' title="bbox 2023 3330 3600 3407; baseline -0.005 -11"><span class='ocrx_word' id='word_1_562' title='bbox 2023 3340 2266 3396; x_wconf 88' lang='lat' dir='ltr'><strong>salutare</strong></span> <span class='ocrx_word' id='word_1_563' title='bbox 2313 3336 2408 3393; x_wconf 89' lang='lat' dir='ltr'><strong>Dei</strong></span> <span class='ocrx_word' id='word_1_564' title='bbox 2466 3332 2942 3407; x_wconf 70' lang='lat' dir='ltr'><strong>praedicaverunt?</strong></span> <span class='ocrx_word' id='word_1_565' title='bbox 2989 3330 3086 3385; x_wconf 83' lang='lat' dir='ltr'><strong>His</strong></span> <span class='ocrx_word' id='word_1_566' title='bbox 3131 3335 3334 3402; x_wconf 86' lang='lat' dir='ltr'><strong>quippe</strong></span> <span class='ocrx_word' id='word_1_567' title='bbox 3379 3333 3600 3389; x_wconf 83' lang='lat' dir='ltr'><strong>divinus</strong></span> 
     </span>
    </p>
   </div>
   <div class='ocr_carea' id='block_1_76' title="bbox 2025 3415 3600 3495">
    <p class='ocr_par' dir='ltr' id='par_1_76' title="bbox 2025 3415 3600 3495">
     <span class='ocr_line' id='line_1_76' title="bbox 2025 3415 3600 3495; baseline -0.004 -17"><span class='ocrx_word' id='word_1_568' title='bbox 2025 3425 2265 3495; x_wconf 79' lang='lat' dir='ltr'><strong>Spiritus</strong></span> <span class='ocrx_word' id='word_1_569' title='bbox 2313 3423 2525 3494; x_wconf 81' lang='lat' dir='ltr'><strong>jamdiu</strong></span> <span class='ocrx_word' id='word_1_570' title='bbox 2563 3428 2618 3476; x_wconf 90' lang='lat' dir='ltr'><strong>et</strong></span> <span class='ocrx_word' id='word_1_571' title='bbox 2669 3418 2845 3473; x_wconf 88' lang='lat' dir='ltr'><strong>multo</strong></span> <span class='ocrx_word' id='word_1_572' title='bbox 2891 3423 3016 3470; x_wconf 89' lang='lat' dir='ltr'><strong>ante</strong></span> <span class='ocrx_word' id='word_1_573' title='bbox 3061 3425 3304 3486; x_wconf 88' lang='lat' dir='ltr'><strong>tempore</strong></span> <span class='ocrx_word' id='word_1_574' title='bbox 3351 3415 3404 3469; x_wconf 90' lang='lat' dir='ltr'><strong>id</strong></span> <span class='ocrx_word' id='word_1_575' title='bbox 3439 3431 3600 3486; x_wconf 81' lang='lat' dir='ltr'><strong>agere</strong></span> 
     </span>
    </p>
   </div>
   <div class='ocr_carea' id='block_1_77' title="bbox 2021 3505 3595 3588">
    <p class='ocr_par' dir='ltr' id='par_1_77' title="bbox 2021 3505 3595 3588">
     <span class='ocr_line' id='line_1_77' title="bbox 2021 3505 3595 3588; baseline -0.007 -17"><span class='ocrx_word' id='word_1_576' title='bbox 2021 3505 2396 3588; x_wconf 67' lang='lat' dir='ltr'><strong>praecipiebat.</strong></span> <span class='ocrx_word' id='word_1_577' title='bbox 2447 3511 2645 3568; x_wconf 87' lang='lat' dir='ltr'><strong>Iisdem</strong></span> <span class='ocrx_word' id='word_1_578' title='bbox 2679 3523 2897 3579; x_wconf 87' lang='lat' dir='ltr'><strong>quoque</strong></span> <span class='ocrx_word' id='word_1_579' title='bbox 2946 3508 3228 3577; x_wconf 73' lang='lat' dir='ltr'><strong>sequentia</strong></span> <span class='ocrx_word' id='word_1_580' title='bbox 3283 3505 3595 3572; x_wconf 86' lang='lat' dir='ltr'><strong>denuntiat,</strong></span> 
     </span>
    </p>
   </div>
   <div class='ocr_carea' id='block_1_78' title="bbox 2022 3592 3599 3674">
    <p class='ocr_par' dir='ltr' id='par_1_78' title="bbox 2022 3592 3599 3674">
     <span class='ocr_line' id='line_1_78' title="bbox 2022 3592 3599 3674; baseline -0.008 -16"><span class='ocrx_word' id='word_1_581' title='bbox 2022 3611 2211 3674; x_wconf 88' lang='lat' dir='ltr'><strong>utpote</strong></span> <span class='ocrx_word' id='word_1_582' title='bbox 2237 3603 2331 3672; x_wconf 89' lang='lat' dir='ltr'><strong>qui</strong></span> <span class='ocrx_word' id='word_1_583' title='bbox 2366 3597 2580 3653; x_wconf 88' lang='lat' dir='ltr'><strong>Domini</strong></span> <span class='ocrx_word' id='word_1_584' title='bbox 2606 3596 2836 3666; x_wconf 75' lang='lat' dir='ltr'><strong>gloriam</strong></span> <span class='ocrx_word' id='word_1_585' title='bbox 2869 3595 2924 3646; x_wconf 93' lang='lat' dir='ltr'><strong>in</strong></span> <span class='ocrx_word' id='word_1_586' title='bbox 2953 3592 3208 3646; x_wconf 88' lang='lat' dir='ltr'><strong>omnibus</strong></span> <span class='ocrx_word' id='word_1_587' title='bbox 3238 3592 3514 3660; x_wconf 75' lang='lat' dir='ltr'><strong>gentibus,</strong></span> <span class='ocrx_word' id='word_1_588' title='bbox 3543 3599 3599 3646; x_wconf 74' lang='lat' dir='ltr'><strong>et</strong></span> 
     </span>
    </p>
   </div>
   <div class='ocr_carea' id='block_1_79' title="bbox 2020 3683 3596 3760">
    <p class='ocr_par' dir='ltr' id='par_1_79' title="bbox 2020 3683 3596 3760">
     <span class='ocr_line' id='line_1_79' title="bbox 2020 3683 3596 3760; baseline -0.008 -9"><span class='ocrx_word' id='word_1_589' title='bbox 2020 3697 2078 3751; x_wconf 90' lang='lat' dir='ltr'><strong>in</strong></span> <span class='ocrx_word' id='word_1_590' title='bbox 2101 3695 2358 3750; x_wconf 88' lang='lat' dir='ltr'><strong>omnibus</strong></span> <span class='ocrx_word' id='word_1_591' title='bbox 2404 3691 2620 3760; x_wconf 89' lang='lat' dir='ltr'><strong>populis</strong></span> <span class='ocrx_word' id='word_1_592' title='bbox 2653 3686 2929 3741; x_wconf 87' lang='lat' dir='ltr'><strong>mirabilia</strong></span> <span class='ocrx_word' id='word_1_593' title='bbox 2974 3693 3094 3754; x_wconf 77' lang='lat' dir='ltr'><strong>ejus</strong></span> <span class='ocrx_word' id='word_1_594' title='bbox 3129 3683 3473 3754; x_wconf 77' lang='lat' dir='ltr'><strong>praedicaturi</strong></span> <span class='ocrx_word' id='word_1_595' title='bbox 3503 3699 3596 3738; x_wconf 88' lang='lat' dir='ltr'><strong>es-</strong></span> 
     </span>
    </p>
   </div>
   <div class='ocr_carea' id='block_1_80' title="bbox 2019 3774 3597 3850">
    <p class='ocr_par' dir='ltr' id='par_1_80' title="bbox 2019 3774 3597 3850">
     <span class='ocr_line' id='line_1_80' title="bbox 2019 3774 3597 3850; baseline -0.009 -8"><span class='ocrx_word' id='word_1_596' title='bbox 2019 3793 2161 3843; x_wconf 85' lang='lat' dir='ltr'><strong>sent.</strong></span> <span class='ocrx_word' id='word_1_597' title='bbox 2187 3783 2416 3850; x_wconf 83' lang='lat' dir='ltr'><strong>Quinam</strong></span> <span class='ocrx_word' id='word_1_598' title='bbox 2441 3781 2604 3850; x_wconf 90' lang='lat' dir='ltr'><strong>igitur</strong></span> <span class='ocrx_word' id='word_1_599' title='bbox 2637 3785 2764 3832; x_wconf 85' lang='lat' dir='ltr'><strong>sunt</strong></span> <span class='ocrx_word' id='word_1_600' title='bbox 2786 3776 2878 3846; x_wconf 90' lang='lat' dir='ltr'><strong>qui</strong></span> <span class='ocrx_word' id='word_1_601' title='bbox 2911 3774 3032 3830; x_wconf 73' lang='lat' dir='ltr'><strong>haec</strong></span> <span class='ocrx_word' id='word_1_602' title='bbox 3065 3774 3324 3844; x_wconf 89' lang='lat' dir='ltr'><strong>operibus</strong></span> <span class='ocrx_word' id='word_1_603' title='bbox 3354 3774 3597 3844; x_wconf 70' lang='grc' dir='ltr'>ρει-[θεοσ-</span> 
     </span>
    </p>
   </div>
   <div class='ocr_carea' id='block_1_81' title="bbox 2017 3863 3603 3942">
    <p class='ocr_par' dir='ltr' id='par_1_81' title="bbox 2017 3863 3603 3942">
     <span class='ocr_line' id='line_1_81' title="bbox 2017 3863 3603 3942; baseline -0.011 -7"><span class='ocrx_word' id='word_1_604' title='bbox 2017 3877 2184 3935; x_wconf 81' lang='lat' dir='ltr'><strong>runt?</strong></span> <span class='ocrx_word' id='word_1_605' title='bbox 2221 3874 2276 3928; x_wconf 90' lang='lat' dir='ltr'><strong>Si</strong></span> <span class='ocrx_word' id='word_1_606' title='bbox 2324 3872 2544 3942; x_wconf 89' lang='lat' dir='ltr'><strong>quidem</strong></span> <span class='ocrx_word' id='word_1_607' title='bbox 2575 3876 2802 3940; x_wconf 88' lang='lat' dir='ltr'><strong>possent</strong></span> <span class='ocrx_word' id='word_1_608' title='bbox 2843 3867 2937 3920; x_wconf 89' lang='lat' dir='ltr'><strong>alii</strong></span> <span class='ocrx_word' id='word_1_609' title='bbox 2985 3865 3099 3921; x_wconf 83' lang='lat' dir='ltr'><strong>sive</strong></span> <span class='ocrx_word' id='word_1_610' title='bbox 3137 3865 3264 3936; x_wconf 83' lang='lat' dir='ltr'><strong>Cyri</strong></span> <span class='ocrx_word' id='word_1_611' title='bbox 3298 3865 3412 3920; x_wconf 87' lang='lat' dir='ltr'><strong>sive</strong></span> <span class='ocrx_word' id='word_1_612' title='bbox 3448 3863 3603 3934; x_wconf 4' lang='lat' dir='ltr'><strong>Darii,</strong></span> 
     </span>
    </p>
   </div>
   <div class='ocr_carea' id='block_1_82' title="bbox 2019 3957 3597 4040">
    <p class='ocr_par' dir='ltr' id='par_1_82' title="bbox 2019 3957 3597 4040">
     <span class='ocr_line' id='line_1_82' title="bbox 2019 3957 3597 4040; baseline -0.009 -15"><span class='ocrx_word' id='word_1_613' title='bbox 2019 3981 2265 4040; x_wconf 88' lang='lat' dir='ltr'><strong>tempore</strong></span> <span class='ocrx_word' id='word_1_614' title='bbox 2308 3963 2563 4028; x_wconf 89' lang='lat' dir='ltr'><strong>indicari,</strong></span> <span class='ocrx_word' id='word_1_615' title='bbox 2607 3959 2831 4032; x_wconf 76' lang='lat' dir='ltr'><strong>[quibus</strong></span> <span class='ocrx_word' id='word_1_616' title='bbox 2879 3959 2995 4013; x_wconf 85' lang='lat' dir='ltr'><strong>haec</strong></span> <span class='ocrx_word' id='word_1_617' title='bbox 3039 3963 3444 4026; x_wconf 87' lang='lat' dir='ltr'><strong>competerent;</strong></span> <span class='ocrx_word' id='word_1_618' title='bbox 3472 3957 3597 4014; x_wconf 87' lang='lat' dir='ltr'><strong>illos</strong></span> 
     </span>
    </p>
   </div>
   <div class='ocr_carea' id='block_1_83' title="bbox 2016 4045 3595 4128">
    <p class='ocr_par' dir='ltr' id='par_1_83' title="bbox 2016 4045 3595 4128">
     <span class='ocr_line' id='line_1_83' title="bbox 2016 4045 3595 4128; baseline -0.008 -18"><span class='ocrx_word' id='word_1_619' title='bbox 2016 4053 2304 4128; x_wconf 85' lang='lat' dir='ltr'><strong>prophetia</strong></span> <span class='ocrx_word' id='word_1_620' title='bbox 2349 4051 2668 4121; x_wconf 85' lang='lat' dir='ltr'><strong>respiceret.</strong></span> <span class='ocrx_word' id='word_1_621' title='bbox 2705 4045 2813 4102; x_wconf 86' lang='lat' dir='ltr'><strong>Sed</strong></span> <span class='ocrx_word' id='word_1_622' title='bbox 2847 4061 2974 4100; x_wconf 90' lang='lat' dir='ltr'><strong>cum</strong></span> <span class='ocrx_word' id='word_1_623' title='bbox 3009 4045 3144 4098; x_wconf 92' lang='lat' dir='ltr'><strong>nulli</strong></span> <span class='ocrx_word' id='word_1_624' title='bbox 3167 4046 3277 4101; x_wconf 88' lang='lat' dir='ltr'><strong>sint</strong></span> <span class='ocrx_word' id='word_1_625' title='bbox 3306 4045 3595 4114; x_wconf 70' lang='lat' dir='ltr'><strong>hujusnio-</strong></span> 
     </span>
    </p>
   </div>
   <div class='ocr_carea' id='block_1_84' title="bbox 2017 4133 3593 4218">
    <p class='ocr_par' dir='ltr' id='par_1_84' title="bbox 2017 4133 3593 4218">
     <span class='ocr_line' id='line_1_84' title="bbox 2017 4133 3593 4218; baseline -0.009 -16"><span class='ocrx_word' id='word_1_626' title='bbox 2017 4145 2122 4218; x_wconf 87' lang='lat' dir='ltr'><strong>di,]</strong></span> <span class='ocrx_word' id='word_1_627' title='bbox 2152 4145 2265 4198; x_wconf 68' lang='lat' dir='ltr'><strong>haec</strong></span> <span class='ocrx_word' id='word_1_628' title='bbox 2302 4148 2574 4214; x_wconf 63' lang='lat' dir='ltr'><strong>priecepta</strong></span> <span class='ocrx_word' id='word_1_629' title='bbox 2615 4137 2905 4208; x_wconf 88' lang='lat' dir='ltr'><strong>discipulis</strong></span> <span class='ocrx_word' id='word_1_630' title='bbox 2947 4133 3073 4191; x_wconf 84' lang='lat' dir='ltr'><strong>Jesu</strong></span> <span class='ocrx_word' id='word_1_631' title='bbox 3128 4135 3459 4199; x_wconf 90' lang='lat' dir='ltr'><strong>traduntur,</strong></span> <span class='ocrx_word' id='word_1_632' title='bbox 3500 4136 3593 4206; x_wconf 90' lang='lat' dir='ltr'><strong>qui</strong></span> 
     </span>
    </p>
   </div>
   <div class='ocr_carea' id='block_1_85' title="bbox 2014 4225 3595 4297">
    <p class='ocr_par' dir='ltr' id='par_1_85' title="bbox 2014 4225 3595 4297">
     <span class='ocr_line' id='line_1_85' title="bbox 2014 4225 3595 4297; baseline -0.009 -3"><span class='ocrx_word' id='word_1_633' title='bbox 2014 4241 2134 4294; x_wconf 68' lang='lat' dir='ltr'><strong>haec</strong></span> <span class='ocrx_word' id='word_1_634' title='bbox 2163 4237 2392 4290; x_wconf 88' lang='lat' dir='ltr'><strong>audiunt</strong></span> <span class='ocrx_word' id='word_1_635' title='bbox 2421 4249 2434 4286; x_wconf 89' lang='lat'><strong>:</strong></span> <span class='ocrx_word' id='word_1_636' title='bbox 2471 4231 2694 4294; x_wconf 78' lang='lat' dir='ltr'><strong>Euntes,</strong></span> <span class='ocrx_word' id='word_1_637' title='bbox 2728 4231 2908 4283; x_wconf 84' lang='lat' dir='ltr'><strong>docete</strong></span> <span class='ocrx_word' id='word_1_638' title='bbox 2947 4243 3124 4281; x_wconf 81' lang='lat' dir='ltr'><strong>anmea</strong></span> <span class='ocrx_word' id='word_1_639' title='bbox 3174 4235 3350 4297; x_wconf 82' lang='lat' dir='ltr'><strong>gentes</strong></span> <span class='ocrx_word' id='word_1_640' title='bbox 3371 4227 3438 4280; x_wconf 81' lang='grc' dir='ltr'><strong>⁸ο.</strong></span> <span class='ocrx_word' id='word_1_641' title='bbox 3466 4225 3595 4280; x_wconf 72' lang='lat' dir='ltr'><strong>\‘ult</strong></span> 
     </span>
    </p>
   </div>
   <div class='ocr_carea' id='block_1_86' title="bbox 2016 4319 3592 4400">
    <p class='ocr_par' dir='ltr' id='par_1_86' title="bbox 2016 4319 3592 4400">
     <span class='ocr_line' id='line_1_86' title="bbox 2016 4319 3592 4400; baseline -0.011 -11"><span class='ocrx_word' id='word_1_642' title='bbox 2016 4333 2161 4389; x_wconf 89' lang='lat' dir='ltr'><strong>enim</strong></span> <span class='ocrx_word' id='word_1_643' title='bbox 2216 4328 2459 4400; x_wconf 86' lang='lat' dir='ltr'><strong>Spiritus</strong></span> <span class='ocrx_word' id='word_1_644' title='bbox 2499 4332 2722 4382; x_wconf 86' lang='lat' dir='ltr'><strong>sanctus</strong></span> <span class='ocrx_word' id='word_1_645' title='bbox 2771 4338 2866 4378; x_wconf 88' lang='lat' dir='ltr'><strong>eos</strong></span> <span class='ocrx_word' id='word_1_646' title='bbox 2902 4329 3128 4376; x_wconf 82' lang='lat' dir='ltr'><strong>strenua</strong></span> <span class='ocrx_word' id='word_1_647' title='bbox 3165 4330 3218 4375; x_wconf 88' lang='lat' dir='ltr'><strong>et</strong></span> <span class='ocrx_word' id='word_1_648' title='bbox 3262 4319 3592 4374; x_wconf 87' lang='lat' dir='ltr'><strong>indesinenti</strong></span> 
     </span>
    </p>
   </div>
   <div class='ocr_carea' id='block_1_87' title="bbox 334 4411 1921 4507">
    <p class='ocr_par' dir='ltr' id='par_1_87' title="bbox 334 4429 1916 4507">
     <span class='ocr_line' id='line_1_87' title="bbox 334 4429 1916 4507; baseline -0.004 -19"><span class='ocrx_word' id='word_1_649' title='bbox 334 4435 446 4507; x_wconf 79' lang='grc' dir='ltr'>γὰρ</span> <span class='ocrx_word' id='word_1_650' title='bbox 481 4434 541 4488; x_wconf 85' lang='grc' dir='ltr'><strong>τὸ</strong></span> <span class='ocrx_word' id='word_1_651' title='bbox 604 4432 825 4502; x_wconf 89' lang='grc' dir='ltr'>Πνεῦμα</span> <span class='ocrx_word' id='word_1_652' title='bbox 875 4431 937 4484; x_wconf 73' lang='grc' dir='ltr'>τὸ</span> <span class='ocrx_word' id='word_1_653' title='bbox 985 4432 1138 4501; x_wconf 76' lang='grc' dir='ltr'>ἅγιον</span> <span class='ocrx_word' id='word_1_654' title='bbox 1197 4431 1431 4500; x_wconf 87' lang='grc' dir='ltr'>συντόνῳ</span> <span class='ocrx_word' id='word_1_655' title='bbox 1477 4430 1570 4482; x_wconf 64' lang='grc' dir='ltr'><strong>καὶ⁸</strong></span> <span class='ocrx_word' id='word_1_656' title='bbox 1613 4429 1916 4501; x_wconf 77' lang='grc' dir='ltr'>ἁδιαστάτῳ</span> 
     </span>
    </p>
   </div>
   <div class='ocr_carea' id='block_1_88' title="bbox 2025 4411 3594 4507">
    <p class='ocr_par' dir='ltr' id='par_1_88' title="bbox 2025 4411 3594 4497">
     <span class='ocr_line' id='line_1_88' title="bbox 2025 4411 3594 4497; baseline -0.012 -16"><span class='ocrx_word' id='word_1_657' title='bbox 2025 4439 2189 4497; x_wconf 88' lang='lat' dir='ltr'><strong>opera</strong></span> <span class='ocrx_word' id='word_1_658' title='bbox 2228 4421 2602 4491; x_wconf 78' lang='lat' dir='ltr'><strong>evangelicum</strong></span> <span class='ocrx_word' id='word_1_659' title='bbox 2636 4432 2775 4487; x_wconf 87' lang='lat' dir='ltr'><strong>opus</strong></span> <span class='ocrx_word' id='word_1_660' title='bbox 2806 4415 3095 4487; x_wconf 84' lang='lat' dir='ltr'><strong>perﬁcere;</strong></span> <span class='ocrx_word' id='word_1_661' title='bbox 3128 4427 3251 4466; x_wconf 87' lang='lat' dir='ltr'><strong>nam</strong></span> <span class='ocrx_word' id='word_1_662' title='bbox 3286 4411 3339 4465; x_wconf 93' lang='lat' dir='ltr'><strong>id</strong></span> <span class='ocrx_word' id='word_1_663' title='bbox 3367 4412 3452 4466; x_wconf 89' lang='lat' dir='ltr'><strong>his</strong></span> <span class='ocrx_word' id='word_1_664' title='bbox 3476 4427 3594 4465; x_wconf 84' lang='lat' dir='ltr'><strong>vcr-</strong></span> 
     </span>
    </p>
   </div>
   <div class='ocr_carea' id='block_1_89' title="bbox 335 4520 1910 4597">
    <p class='ocr_par' dir='ltr' id='par_1_89' title="bbox 335 4520 1910 4597">
     <span class='ocr_line' id='line_1_89' title="bbox 335 4520 1910 4597; baseline -0.005 -16"><span class='ocrx_word' id='word_1_665' title='bbox 335 4527 543 4597; x_wconf 81' lang='grc' dir='ltr'>σπουδῇ</span> <span class='ocrx_word' id='word_1_666' title='bbox 576 4523 840 4578; x_wconf 75' lang='grc' dir='ltr'>ἐπιτελεῖν</span> <span class='ocrx_word' id='word_1_667' title='bbox 873 4524 1068 4587; x_wconf 78' lang='grc' dir='ltr'>αὐτοὺς</span> <span class='ocrx_word' id='word_1_668' title='bbox 1105 4523 1166 4576; x_wconf 83' lang='grc' dir='ltr'>τὸ</span> <span class='ocrx_word' id='word_1_669' title='bbox 1217 4520 1572 4590; x_wconf 83' lang='grc' dir='ltr'>εύαγγελικὸν</span> <span class='ocrx_word' id='word_1_670' title='bbox 1618 4520 1809 4592; x_wconf 74' lang='grc' dir='ltr'>ἔργονο</span> <span class='ocrx_word' id='word_1_671' title='bbox 1844 4524 1910 4592; x_wconf 85' lang='grc' dir='ltr'>τῇ</span> 
     </span>
    </p>
   </div>
   <div class='ocr_carea' id='block_1_90' title="bbox 332 4611 1911 4690">
    <p class='ocr_par' dir='ltr' id='par_1_90' title="bbox 332 4611 1911 4690">
     <span class='ocr_line' id='line_1_90' title="bbox 332 4611 1911 4690; baseline -0.006 -17"><span class='ocrx_word' id='word_1_672' title='bbox 332 4619 464 4690; x_wconf 82' lang='grc' dir='ltr'>γὰρ,</span> <span class='ocrx_word' id='word_1_673' title='bbox 499 4616 690 4686; x_wconf 75' lang='grc' dir='ltr'>ἡμέρᾳ</span> <span class='ocrx_word' id='word_1_674' title='bbox 725 4616 794 4680; x_wconf 82' lang='grc' dir='ltr'><strong>ἐξ</strong></span> <span class='ocrx_word' id='word_1_675' title='bbox 827 4615 1052 4684; x_wconf 78' lang='grc' dir='ltr'>ἡμέρας</span> <span class='ocrx_word' id='word_1_676' title='bbox 1072 4656 1086 4680; x_wconf 93' lang='grc'><strong>,</strong></span> <span class='ocrx_word' id='word_1_677' title='bbox 1145 4613 1304 4667; x_wconf 86' lang='grc' dir='ltr'>τοῦτο</span> <span class='ocrx_word' id='word_1_678' title='bbox 1337 4611 1666 4683; x_wconf 82' lang='grc' dir='ltr'>παρίστησι,</span> <span class='ocrx_word' id='word_1_679' title='bbox 1699 4613 1760 4664; x_wconf 84' lang='grc' dir='ltr'>τὺ</span> <span class='ocrx_word' id='word_1_680' title='bbox 1793 4613 1911 4684; x_wconf 90' lang='grc' dir='ltr'>διη-</span> 
     </span>
    </p>
   </div>
   <div class='ocr_carea' id='block_1_91' title="bbox 327 4701 1910 4777">
    <p class='ocr_par' dir='ltr' id='par_1_91' title="bbox 327 4701 1910 4777">
     <span class='ocr_line' id='line_1_91' title="bbox 327 4701 1910 4777; baseline -0.002 -14"><span class='ocrx_word' id='word_1_681' title='bbox 327 4710 508 4774; x_wconf 79' lang='grc' dir='ltr'><strong>Ινεκῶς</strong></span> <span class='ocrx_word' id='word_1_682' title='bbox 543 4709 738 4771; x_wconf 77' lang='grc' dir='ltr'>αὐτοὺς</span> <span class='ocrx_word' id='word_1_683' title='bbox 763 4705 1210 4775; x_wconf 78' lang='grc' dir='ltr'>εὐαγγελίζεσθαι</span> <span class='ocrx_word' id='word_1_684' title='bbox 1243 4706 1313 4759; x_wconf 81' lang='grc' dir='ltr'>’τὸ</span> <span class='ocrx_word' id='word_1_685' title='bbox 1348 4708 1636 4777; x_wconf 86' lang='grc' dir='ltr'>σωτήριον,</span> <span class='ocrx_word' id='word_1_686' title='bbox 1681 4706 1808 4775; x_wconf 80' lang='grc' dir='ltr'>περὶ</span> <span class='ocrx_word' id='word_1_687' title='bbox 1849 4701 1910 4760; x_wconf 77' lang='grc' dir='ltr'>οὗ</span> 
     </span>
    </p>
   </div>
   <div class='ocr_carea' id='block_1_92' title="bbox 332 4793 1912 4872">
    <p class='ocr_par' dir='ltr' id='par_1_92' title="bbox 332 4793 1912 4872">
     <span class='ocr_line' id='line_1_92' title="bbox 332 4793 1912 4872; baseline -0.004 -19"><span class='ocrx_word' id='word_1_688' title='bbox 332 4803 583 4872; x_wconf 68' lang='grc' dir='ltr'>εἴρηται*</span> <span class='ocrx_word' id='word_1_689' title='bbox 633 4795 822 4864; x_wconf 80' lang='grc' dir='ltr'>Οὗτός</span> <span class='ocrx_word' id='word_1_690' title='bbox 853 4798 1024 4852; x_wconf 86' lang='grc' dir='ltr'>ἐστιν</span> <span class='ocrx_word' id='word_1_691' title='bbox 1067 4793 1305 4862; x_wconf 75' lang='grc' dir='ltr'>ἀληθῶς</span> <span class='ocrx_word' id='word_1_692' title='bbox 1339 4798 1371 4848; x_wconf 88' lang='grc' dir='ltr'><strong>ό</strong></span> <span class='ocrx_word' id='word_1_693' title='bbox 1418 4793 1620 4863; x_wconf 79' lang='grc' dir='ltr'>Σωτὴρ</span> <span class='ocrx_word' id='word_1_694' title='bbox 1661 4794 1768 4847; x_wconf 84' lang='grc' dir='ltr'><strong>τοῦ</strong></span> <span class='ocrx_word' id='word_1_695' title='bbox 1813 4795 1912 4846; x_wconf 84' lang='grc' dir='ltr'>κό-</span> 
     </span>
    </p>
   </div>
   <div class='ocr_carea' id='block_1_93' title="bbox 331 4908 515 4960">
    <p class='ocr_par' dir='ltr' id='par_1_93' title="bbox 331 4908 515 4960">
     <span class='ocr_line' id='line_1_93' title="bbox 331 4908 515 4960; baseline 0.011 -16"><span class='ocrx_word' id='word_1_696' title='bbox 331 4908 515 4960; x_wconf 82' lang='grc' dir='ltr'>σμου.</span> 
     </span>
    </p>
   </div>
   <div class='ocr_carea' id='block_1_94' title="bbox 417 4972 1907 5054">
    <p class='ocr_par' dir='ltr' id='par_1_94' title="bbox 417 4972 1907 5054">
     <span class='ocr_line' id='line_1_94' title="bbox 417 4972 1907 5054; baseline -0.006 -19"><span class='ocrx_word' id='word_1_697' title='bbox 417 4983 727 5054; x_wconf 65' lang='grc' dir='ltr'>Ἐνέγκατε</span> <span class='ocrx_word' id='word_1_698' title='bbox 758 4981 837 5046; x_wconf 88' lang='grc' dir='ltr'>τῷ</span> <span class='ocrx_word' id='word_1_699' title='bbox 885 4979 1110 5047; x_wconf 81' lang='grc' dir='ltr'>Κυρίῳ,</span> <span class='ocrx_word' id='word_1_700' title='bbox 1141 4979 1198 5030; x_wconf 83' lang='grc' dir='ltr'>αὶ</span> <span class='ocrx_word' id='word_1_701' title='bbox 1257 4974 1496 5042; x_wconf 77' lang='grc' dir='ltr'>πατριαὶ</span> <span class='ocrx_word' id='word_1_702' title='bbox 1536 4972 1656 5027; x_wconf 89' lang='grc' dir='ltr'><strong>τῶν</strong></span> <span class='ocrx_word' id='word_1_703' title='bbox 1684 4973 1873 5029; x_wconf 80' lang='grc' dir='ltr'>ἐθνῶν</span> <span class='ocrx_word' id='word_1_704' title='bbox 1893 5014 1907 5039; x_wconf 92' lang='grc'><strong>,</strong></span> 
     </span>
    </p>
   </div>
   <div class='ocr_carea' id='block_1_95' title="bbox 331 5065 1910 5146">
    <p class='ocr_par' dir='ltr' id='par_1_95' title="bbox 331 5065 1910 5146">
     <span class='ocr_line' id='line_1_95' title="bbox 331 5065 1910 5146; baseline -0.008 -15"><span class='ocrx_word' id='word_1_705' title='bbox 331 5076 617 5146; x_wconf 71' lang='grc' dir='ltr'>ἐνέγκατε</span> <span class='ocrx_word' id='word_1_706' title='bbox 643 5073 724 5138; x_wconf 83' lang='grc' dir='ltr'>τῷ</span> <span class='ocrx_word' id='word_1_707' title='bbox 774 5071 970 5140; x_wconf 83' lang='grc' dir='ltr'>Κυρίῳ</span> <span class='ocrx_word' id='word_1_708' title='bbox 1013 5067 1201 5132; x_wconf 79' lang='grc' dir='ltr'>δόξαν</span> <span class='ocrx_word' id='word_1_709' title='bbox 1233 5067 1333 5120; x_wconf 77' lang='grc' dir='ltr'>καὶ</span> <span class='ocrx_word' id='word_1_710' title='bbox 1379 5065 1592 5134; x_wconf 79' lang='grc' dir='ltr'>τιμὴν,</span> <span class='ocrx_word' id='word_1_711' title='bbox 1627 5065 1910 5135; x_wconf 72' lang='grc' dir='ltr'>ἐνέγκατε</span> 
     </span>
    </p>
   </div>
   <div class='ocr_carea' id='block_1_96' title="bbox 332 5153 1910 5235">
    <p class='ocr_par' dir='ltr' id='par_1_96' title="bbox 332 5153 1910 5235">
     <span class='ocr_line' id='line_1_96' title="bbox 332 5153 1910 5235; baseline -0.007 -14"><span class='ocrx_word' id='word_1_712' title='bbox 332 5167 416 5234; x_wconf 82' lang='grc' dir='ltr'>τῷ</span> <span class='ocrx_word' id='word_1_713' title='bbox 444 5167 636 5235; x_wconf 85' lang='grc' dir='ltr'>Κυρίῳ</span> <span class='ocrx_word' id='word_1_714' title='bbox 662 5163 850 5228; x_wconf 79' lang='grc' dir='ltr'>δόξαν</span> <span class='ocrx_word' id='word_1_715' title='bbox 890 5163 1134 5229; x_wconf 81' lang='grc' dir='ltr'>ὀνόματι</span> <span class='ocrx_word' id='word_1_716' title='bbox 1178 5156 1383 5213; x_wconf 81' lang='grc' dir='ltr'>αὑτοῦ.</span> <span class='ocrx_word' id='word_1_717' title='bbox 1431 5158 1508 5210; x_wconf 79' lang='grc' dir='ltr'><strong>Οὐ</strong></span> <span class='ocrx_word' id='word_1_718' title='bbox 1552 5158 1729 5228; x_wconf 83' lang='grc' dir='ltr'>μάτην</span> <span class='ocrx_word' id='word_1_719' title='bbox 1758 5153 1910 5228; x_wconf 79' lang='grc' dir='ltr'>ᾆσμα</span> 
     </span>
    </p>
   </div>
   <div class='ocr_carea' id='block_1_97' title="bbox 333 5247 1908 5329">
    <p class='ocr_par' dir='ltr' id='par_1_97' title="bbox 333 5247 1908 5329">
     <span class='ocr_line' id='line_1_97' title="bbox 333 5247 1908 5329; baseline -0.01 -15"><span class='ocrx_word' id='word_1_720' title='bbox 333 5261 520 5315; x_wconf 80' lang='grc' dir='ltr'>καινὸν</span> <span class='ocrx_word' id='word_1_721' title='bbox 551 5258 698 5329; x_wconf 80' lang='grc' dir='ltr'>ᾅδειν</span> <span class='ocrx_word' id='word_1_722' title='bbox 725 5259 783 5308; x_wconf 84' lang='grc' dir='ltr'>ὲν</span> <span class='ocrx_word' id='word_1_723' title='bbox 805 5251 1112 5324; x_wconf 87' lang='grc' dir='ltr'>προοιμίοις</span> <span class='ocrx_word' id='word_1_724' title='bbox 1140 5250 1237 5319; x_wconf 78' lang='grc' dir='ltr'>τῆς</span> <span class='ocrx_word' id='word_1_725' title='bbox 1259 5247 1574 5318; x_wconf 75' lang='grc' dir='ltr'>ψαλμῳδίας</span> <span class='ocrx_word' id='word_1_726' title='bbox 1602 5247 1908 5311; x_wconf 78' lang='grc' dir='ltr'>ἐκέλευσεν,</span> 
     </span>
    </p>
   </div>
   <div class='ocr_carea' id='block_1_98' title="bbox 332 5338 1906 5420">
    <p class='ocr_par' dir='ltr' id='par_1_98' title="bbox 332 5338 1906 5420">
     <span class='ocr_line' id='line_1_98' title="bbox 332 5338 1906 5420; baseline -0.01 -14"><span class='ocrx_word' id='word_1_727' title='bbox 332 5354 449 5406; x_wconf 82' lang='grc' dir='ltr'>ἀλλ’</span> <span class='ocrx_word' id='word_1_728' title='bbox 485 5349 671 5420; x_wconf 76' lang='grc' dir='ltr'>ἐπειδὴ</span> <span class='ocrx_word' id='word_1_729' title='bbox 695 5347 854 5416; x_wconf 85' lang='grc' dir='ltr'>καινή</span> <span class='ocrx_word' id='word_1_730' title='bbox 884 5361 968 5408; x_wconf 86' lang='grc' dir='ltr'><strong>τις</strong></span> <span class='ocrx_word' id='word_1_731' title='bbox 1008 5344 1199 5413; x_wconf 81' lang='grc' dir='ltr'>κλῆσις</span> <span class='ocrx_word' id='word_1_732' title='bbox 1232 5340 1327 5393; x_wconf 92' lang='grc' dir='ltr'><strong>τοῦ</strong></span> <span class='ocrx_word' id='word_1_733' title='bbox 1361 5341 1627 5411; x_wconf 89' lang='grc' dir='ltr'>παρόντος</span> <span class='ocrx_word' id='word_1_734' title='bbox 1665 5338 1906 5409; x_wconf 76' lang='grc' dir='ltr'>ψαλμοῦ,</span> 
     </span>
    </p>
   </div>
   <div class='ocr_carea' id='block_1_99' title="bbox 335 5423 1939 5509">
    <p class='ocr_par' dir='ltr' id='par_1_99' title="bbox 335 5423 1939 5509">
     <span class='ocr_line' id='line_1_99' title="bbox 335 5423 1939 5509; baseline -0.012 -11"><span class='ocrx_word' id='word_1_735' title='bbox 335 5444 519 5498; x_wconf 79' lang='grc' dir='ltr'>καινὸν</span> <span class='ocrx_word' id='word_1_736' title='bbox 547 5441 608 5495; x_wconf 78' lang='grc' dir='ltr'><strong>τὸ</strong></span> <span class='ocrx_word' id='word_1_737' title='bbox 635 5440 919 5509; x_wconf 86' lang='grc' dir='ltr'>κήρυγμα.</span> <span class='ocrx_word' id='word_1_738' title='bbox 957 5433 1124 5502; x_wconf 87' lang='grc' dir='ltr'>Ἔθνη</span> <span class='ocrx_word' id='word_1_739' title='bbox 1172 5430 1305 5502; x_wconf 78' lang='grc' dir='ltr'>γὰρ,</span> <span class='ocrx_word' id='word_1_740' title='bbox 1339 5430 1414 5494; x_wconf 86' lang='grc' dir='ltr'>ὡς</span> <span class='ocrx_word' id='word_1_741' title='bbox 1444 5431 1599 5501; x_wconf 84' lang='grc' dir='ltr'>ὁρᾷς,</span> <span class='ocrx_word' id='word_1_742' title='bbox 1631 5431 1680 5481; x_wconf 88' lang='grc' dir='ltr'>οἱ</span> <span class='ocrx_word' id='word_1_743' title='bbox 1715 5423 1939 5482; x_wconf 84' lang='grc' dir='ltr'>καλού-’</span> 
     </span>
    </p>
   </div>
   <div class='ocr_carea' id='block_1_100' title="bbox 335 5520 1907 5608">
    <p class='ocr_par' dir='ltr' id='par_1_100' title="bbox 335 5520 1907 5608">
     <span class='ocr_line' id='line_1_100' title="bbox 335 5520 1907 5608; baseline -0.012 -17"><span class='ocrx_word' id='word_1_744' title='bbox 335 5553 488 5608; x_wconf 77' lang='grc' dir='ltr'>μενοι</span> <span class='ocrx_word' id='word_1_745' title='bbox 521 5532 637 5605; x_wconf 83' lang='lat' dir='ltr'><strong>(sic)</strong></span> <span class='ocrx_word' id='word_1_746' title='bbox 672 5529 733 5583; x_wconf 83' lang='grc' dir='ltr'><strong>οὐ</strong></span> <span class='ocrx_word' id='word_1_747' title='bbox 769 5529 1003 5599; x_wconf 84' lang='grc' dir='ltr'>μόσχους</span> <span class='ocrx_word' id='word_1_748' title='bbox 1033 5523 1139 5576; x_wconf 81' lang='grc' dir='ltr'>οὐδ’</span> <span class='ocrx_word' id='word_1_749' title='bbox 1179 5523 1370 5594; x_wconf 82' lang='grc' dir='ltr'>ἄρνας,</span> <span class='ocrx_word' id='word_1_750' title='bbox 1414 5522 1522 5574; x_wconf 71' lang='grc' dir='ltr'>οὐδ’</span> <span class='ocrx_word' id='word_1_751' title='bbox 1564 5520 1759 5588; x_wconf 80' lang='grc' dir='ltr'>ἔξωθεν</span> <span class='ocrx_word' id='word_1_752' title='bbox 1797 5522 1907 5574; x_wconf 71' lang='lat' dir='ltr'><strong>cio.-</strong></span> 
     </span>
    </p>
   </div>
   <div class='ocr_carea' id='block_1_101' title="bbox 2017 4503 3593 4576">
    <p class='ocr_par' dir='ltr' id='par_1_101' title="bbox 2017 4503 3593 4576">
     <span class='ocr_line' id='line_1_101' title="bbox 2017 4503 3593 4576; baseline -0.011 -2"><span class='ocrx_word' id='word_1_753' title='bbox 2017 4519 2104 4574; x_wconf 90' lang='lat' dir='ltr'><strong>bis</strong></span> <span class='ocrx_word' id='word_1_754' title='bbox 2140 4515 2474 4576; x_wconf 89' lang='lat' dir='ltr'><strong>declaratur,</strong></span> <span class='ocrx_word' id='word_1_755' title='bbox 2507 4510 2571 4564; x_wconf 86' lang='lat' dir='ltr'><strong>de</strong></span> <span class='ocrx_word' id='word_1_756' title='bbox 2602 4509 2686 4563; x_wconf 84' lang='lat' dir='ltr'><strong>die</strong></span> <span class='ocrx_word' id='word_1_757' title='bbox 2733 4509 2788 4562; x_wconf 89' lang='lat' dir='ltr'><strong>in</strong></span> <span class='ocrx_word' id='word_1_758' title='bbox 2817 4509 2976 4573; x_wconf 86' lang='lat' dir='ltr'><strong>diem,</strong></span> <span class='ocrx_word' id='word_1_759' title='bbox 3013 4515 3070 4559; x_wconf 92' lang='lat' dir='ltr'><strong>ut</strong></span> <span class='ocrx_word' id='word_1_760' title='bbox 3111 4506 3322 4561; x_wconf 83' lang='lat' dir='ltr'><strong>scilicet</strong></span> <span class='ocrx_word' id='word_1_761' title='bbox 3370 4503 3593 4558; x_wconf 87' lang='lat' dir='ltr'><strong>assiduo</strong></span> 
     </span>
    </p>
   </div>
   <div class='ocr_carea' id='block_1_102' title="bbox 2019 4595 3593 4671">
    <p class='ocr_par' dir='ltr' id='par_1_102' title="bbox 2019 4595 3593 4671">
     <span class='ocr_line' id='line_1_102' title="bbox 2019 4595 3593 4671; baseline -0.011 -3"><span class='ocrx_word' id='word_1_762' title='bbox 2019 4612 2261 4669; x_wconf 87' lang='lat' dir='ltr'><strong>salutare</strong></span> <span class='ocrx_word' id='word_1_763' title='bbox 2285 4607 2417 4662; x_wconf 85' lang='lat' dir='ltr'><strong>illud</strong></span> <span class='ocrx_word' id='word_1_764' title='bbox 2465 4602 2812 4668; x_wconf 88' lang='lat' dir='ltr'><strong>annuntient,</strong></span> <span class='ocrx_word' id='word_1_765' title='bbox 2848 4601 2916 4656; x_wconf 90' lang='lat' dir='ltr'><strong>de</strong></span> <span class='ocrx_word' id='word_1_766' title='bbox 2950 4615 3060 4671; x_wconf 92' lang='lat' dir='ltr'><strong>quo</strong></span> <span class='ocrx_word' id='word_1_767' title='bbox 3085 4598 3293 4653; x_wconf 89' lang='lat' dir='ltr'><strong>dictum</strong></span> <span class='ocrx_word' id='word_1_768' title='bbox 3324 4606 3406 4651; x_wconf 91' lang='lat' dir='ltr'><strong>est</strong></span> <span class='ocrx_word' id='word_1_769' title='bbox 3438 4611 3453 4648; x_wconf 93' lang='lat'><strong>:</strong></span> <span class='ocrx_word' id='word_1_770' title='bbox 3489 4595 3593 4650; x_wconf 80' lang='lat' dir='ltr'><strong>llic</strong></span> 
     </span>
    </p>
   </div>
   <div class='ocr_carea' id='block_1_103' title="bbox 2017 4695 2800 4760">
    <p class='ocr_par' dir='ltr' id='par_1_103' title="bbox 2017 4695 2800 4760">
     <span class='ocr_line' id='line_1_103' title="bbox 2017 4695 2800 4760; baseline -0.013 0"><span class='ocrx_word' id='word_1_771' title='bbox 2017 4715 2095 4760; x_wconf 76' lang='lat' dir='ltr'><strong>est</strong></span> <span class='ocrx_word' id='word_1_772' title='bbox 2120 4719 2234 4757; x_wconf 79' lang='lat' dir='ltr'><strong>rere</strong></span> <span class='ocrx_word' id='word_1_773' title='bbox 2255 4700 2507 4756; x_wconf 83' lang='lat' dir='ltr'><strong>Salvator</strong></span> <span class='ocrx_word' id='word_1_774' title='bbox 2536 4695 2800 4750; x_wconf 76' lang='lat' dir='ltr'><strong>mundi“.</strong></span> 
     </span>
    </p>
   </div>
   <div class='ocr_carea' id='block_1_104' title="bbox 2089 4949 3590 5028">
    <p class='ocr_par' dir='ltr' id='par_1_104' title="bbox 2089 4949 3590 5028">
     <span class='ocr_line' id='line_1_104' title="bbox 2089 4949 3590 5028; baseline -0.012 -9"><span class='ocrx_word' id='word_1_775' title='bbox 2089 4964 2257 5019; x_wconf 71' lang='lat' dir='ltr'><strong>Vens.</strong></span> <span class='ocrx_word' id='word_1_776' title='bbox 2293 4962 2346 5027; x_wconf 86' lang='lat'><strong>7,</strong></span> <span class='ocrx_word' id='word_1_777' title='bbox 2383 4961 2437 5016; x_wconf 93' lang='lat'><strong>8.</strong></span> <span class='ocrx_word' id='word_1_778' title='bbox 2469 4959 2667 5028; x_wconf 68' lang='lat' dir='ltr'><strong>Affe&#39;te</strong></span> <span class='ocrx_word' id='word_1_779' title='bbox 2708 4955 2934 5008; x_wconf 88' lang='lat' dir='ltr'><strong>Domino</strong></span> <span class='ocrx_word' id='word_1_780' title='bbox 2977 4953 3165 5022; x_wconf 76' lang='lat' dir='ltr'><strong>patria:</strong></span> <span class='ocrx_word' id='word_1_781' title='bbox 3214 4951 3470 5021; x_wconf 85' lang='lat' dir='ltr'><strong>gentium,</strong></span> <span class='ocrx_word' id='word_1_782' title='bbox 3503 4949 3590 5017; x_wconf 79' lang='lat' dir='ltr'><strong>af-</strong></span> 
     </span>
    </p>
   </div>
   <div class='ocr_carea' id='block_1_105' title="bbox 2016 5041 3605 5128">
    <p class='ocr_par' dir='ltr' id='par_1_105' title="bbox 2016 5041 3605 5128">
     <span class='ocr_line' id='line_1_105' title="bbox 2016 5041 3605 5128; baseline -0.012 -16"><span class='ocrx_word' id='word_1_783' title='bbox 2016 5059 2148 5128; x_wconf 84' lang='lat' dir='ltr'><strong>ferte</strong></span> <span class='ocrx_word' id='word_1_784' title='bbox 2188 5055 2417 5110; x_wconf 87' lang='lat' dir='ltr'><strong>Domino</strong></span> <span class='ocrx_word' id='word_1_785' title='bbox 2456 5051 2688 5122; x_wconf 77' lang='lat' dir='ltr'><strong>gloriam</strong></span> <span class='ocrx_word' id='word_1_786' title='bbox 2732 5057 2780 5101; x_wconf 89' lang='lat' dir='ltr'><strong>et</strong></span> <span class='ocrx_word' id='word_1_787' title='bbox 2821 5047 3101 5108; x_wconf 79' lang='lat' dir='ltr'><strong>honorem,</strong></span> <span class='ocrx_word' id='word_1_788' title='bbox 3147 5043 3331 5110; x_wconf 70' lang='lat' dir='ltr'><strong>afferte</strong></span> <span class='ocrx_word' id='word_1_789' title='bbox 3365 5041 3605 5094; x_wconf 78' lang='lat' dir='ltr'><strong>Domino</strong></span> 
     </span>
    </p>
   </div>
   <div class='ocr_carea' id='block_1_106' title="bbox 2016 5133 3590 5222">
    <p class='ocr_par' dir='ltr' id='par_1_106' title="bbox 2016 5133 3590 5222">
     <span class='ocr_line' id='line_1_106' title="bbox 2016 5133 3590 5222; baseline -0.011 -19"><span class='ocrx_word' id='word_1_790' title='bbox 2016 5149 2242 5222; x_wconf 86' lang='lat' dir='ltr'><strong>gloriam</strong></span> <span class='ocrx_word' id='word_1_791' title='bbox 2287 5146 2487 5200; x_wconf 86' lang='lat' dir='ltr'><strong>nomini</strong></span> <span class='ocrx_word' id='word_1_792' title='bbox 2533 5143 2671 5212; x_wconf 77' lang='lat' dir='ltr'><strong>ejus.</strong></span> <span class='ocrx_word' id='word_1_793' title='bbox 2720 5139 3005 5195; x_wconf 84' lang='lat' dir='ltr'><strong>Canticum</strong></span> <span class='ocrx_word' id='word_1_794' title='bbox 3053 5152 3254 5189; x_wconf 88' lang='lat' dir='ltr'><strong>novum</strong></span> <span class='ocrx_word' id='word_1_795' title='bbox 3296 5148 3494 5186; x_wconf 82' lang='lat' dir='ltr'><strong>canere</strong></span> <span class='ocrx_word' id='word_1_796' title='bbox 3536 5133 3590 5186; x_wconf 89' lang='lat' dir='ltr'><strong>iu</strong></span> 
     </span>
    </p>
   </div>
   <div class='ocr_carea' id='block_1_107' title="bbox 2016 5221 3590 5312">
    <p class='ocr_par' dir='ltr' id='par_1_107' title="bbox 2016 5221 3590 5312">
     <span class='ocr_line' id='line_1_107' title="bbox 2016 5221 3590 5312; baseline -0.013 -18"><span class='ocrx_word' id='word_1_797' title='bbox 2016 5238 2292 5312; x_wconf 88' lang='lat' dir='ltr'><strong>principio</strong></span> <span class='ocrx_word' id='word_1_798' title='bbox 2351 5234 2671 5303; x_wconf 78' lang='lat' dir='ltr'><strong>psalmodia:</strong></span> <span class='ocrx_word' id='word_1_799' title='bbox 2727 5247 2835 5286; x_wconf 89' lang='lat' dir='ltr'><strong>non</strong></span> <span class='ocrx_word' id='word_1_800' title='bbox 2887 5228 3091 5282; x_wconf 82' lang='lat' dir='ltr'><strong>frustra</strong></span> <span class='ocrx_word' id='word_1_801' title='bbox 3136 5223 3437 5295; x_wconf 71' lang='lat' dir='ltr'><strong>praecepit;</strong></span> <span class='ocrx_word' id='word_1_802' title='bbox 3494 5221 3590 5275; x_wconf 81' lang='lat' dir='ltr'><strong>sed</strong></span> 
     </span>
    </p>
   </div>
   <div class='ocr_carea' id='block_1_108' title="bbox 2015 5314 3594 5402">
    <p class='ocr_par' dir='ltr' id='par_1_108' title="bbox 2015 5314 3594 5402">
     <span class='ocr_line' id='line_1_108' title="bbox 2015 5314 3594 5402; baseline -0.013 -18"><span class='ocrx_word' id='word_1_803' title='bbox 2015 5331 2145 5402; x_wconf 87' lang='lat' dir='ltr'><strong>quia</strong></span> <span class='ocrx_word' id='word_1_804' title='bbox 2177 5330 2516 5384; x_wconf 86' lang='lat' dir='ltr'><strong>vocationem</strong></span> <span class='ocrx_word' id='word_1_805' title='bbox 2543 5333 2597 5380; x_wconf 88' lang='lat' dir='ltr'><strong>et</strong></span> <span class='ocrx_word' id='word_1_806' title='bbox 2624 5321 3064 5395; x_wconf 60' lang='lat' dir='ltr'><strong>pradicationem</strong></span> <span class='ocrx_word' id='word_1_807' title='bbox 3093 5331 3288 5372; x_wconf 86' lang='lat' dir='ltr'><strong>novam</strong></span> <span class='ocrx_word' id='word_1_808' title='bbox 3326 5314 3414 5368; x_wconf 89' lang='lat' dir='ltr'><strong>hic</strong></span> <span class='ocrx_word' id='word_1_809' title='bbox 3455 5314 3594 5382; x_wconf 85' lang='lat' dir='ltr'><strong>psal-</strong></span> 
     </span>
    </p>
   </div>
   <div class='ocr_carea' id='block_1_109' title="bbox 2015 5408 3593 5491">
    <p class='ocr_par' dir='ltr' id='par_1_109' title="bbox 2015 5408 3593 5491">
     <span class='ocr_line' id='line_1_109' title="bbox 2015 5408 3593 5491; baseline -0.013 -13"><span class='ocrx_word' id='word_1_810' title='bbox 2015 5439 2139 5478; x_wconf 87' lang='lat' dir='ltr'><strong>mus</strong></span> <span class='ocrx_word' id='word_1_811' title='bbox 2178 5420 2661 5491; x_wconf 89' lang='lat' dir='ltr'><strong>complectebatur.</strong></span> <span class='ocrx_word' id='word_1_812' title='bbox 2684 5417 2752 5468; x_wconf 83' lang='lat' dir='ltr'><strong>At</strong></span> <span class='ocrx_word' id='word_1_813' title='bbox 2779 5415 2947 5474; x_wconf 89' lang='lat' dir='ltr'><strong>enim,</strong></span> <span class='ocrx_word' id='word_1_814' title='bbox 2975 5420 3033 5464; x_wconf 89' lang='lat' dir='ltr'><strong>ut</strong></span> <span class='ocrx_word' id='word_1_815' title='bbox 3055 5411 3169 5479; x_wconf 89' lang='lat' dir='ltr'><strong>ipse</strong></span> <span class='ocrx_word' id='word_1_816' title='bbox 3202 5408 3372 5465; x_wconf 85' lang='lat' dir='ltr'><strong>vides.</strong></span> <span class='ocrx_word' id='word_1_817' title='bbox 3403 5414 3593 5475; x_wconf 83' lang='lat' dir='ltr'><strong>gentes</strong></span> 
     </span>
    </p>
   </div>
   <div class='ocr_carea' id='block_1_110' title="bbox 2015 5495 3593 5588">
    <p class='ocr_par' dir='ltr' id='par_1_110' title="bbox 2015 5495 3593 5588">
     <span class='ocr_line' id='line_1_110' title="bbox 2015 5495 3593 5588; baseline -0.015 -17"><span class='ocrx_word' id='word_1_818' title='bbox 2015 5533 2136 5588; x_wconf 67' lang='lat' dir='ltr'><strong>qua:</strong></span> <span class='ocrx_word' id='word_1_819' title='bbox 2167 5521 2455 5582; x_wconf 87' lang='lat' dir='ltr'><strong>vocantur,</strong></span> <span class='ocrx_word' id='word_1_820' title='bbox 2489 5528 2596 5567; x_wconf 90' lang='lat' dir='ltr'><strong>non</strong></span> <span class='ocrx_word' id='word_1_821' title='bbox 2639 5509 2860 5574; x_wconf 80' lang='lat' dir='ltr'><strong>vitulos,</strong></span> <span class='ocrx_word' id='word_1_822' title='bbox 2911 5521 3020 5561; x_wconf 90' lang='lat' dir='ltr'><strong>non</strong></span> <span class='ocrx_word' id='word_1_823' title='bbox 3053 5516 3244 5575; x_wconf 78' lang='lat' dir='ltr'><strong>agnos,</strong></span> <span class='ocrx_word' id='word_1_824' title='bbox 3288 5515 3398 5553; x_wconf 88' lang='lat' dir='ltr'><strong>non</strong></span> <span class='ocrx_word' id='word_1_825' title='bbox 3432 5495 3593 5567; x_wconf 85' lang='lat' dir='ltr'><strong>quid-</strong></span> 
     </span>
    </p>
   </div>
   <div class='ocr_carea' id='block_1_111' title="bbox 406 5673 2107 5754">
    <p class='ocr_par' dir='ltr' id='par_1_111' title="bbox 406 5673 2107 5754">
     <span class='ocr_line' id='line_1_111' title="bbox 406 5673 2107 5754; baseline -0.012 -6"><span class='ocrx_word' id='word_1_826' title='bbox 406 5692 452 5723; x_wconf 77' lang='lat'><strong>&quot;</strong></span> <span class='ocrx_word' id='word_1_827' title='bbox 489 5692 590 5747; x_wconf 77' lang='lat' dir='ltr'><strong>lsa.</strong></span> <span class='ocrx_word' id='word_1_828' title='bbox 623 5704 677 5754; x_wconf 78' lang='grc' dir='ltr'><strong>ν,</strong></span> <span class='ocrx_word' id='word_1_829' title='bbox 711 5685 765 5748; x_wconf 67' lang='grc'>4,</span> <span class='ocrx_word' id='word_1_830' title='bbox 797 5685 852 5740; x_wconf 86' lang='grc'><strong>5.</strong></span> <span class='ocrx_word' id='word_1_831' title='bbox 927 5683 971 5714; x_wconf 80' lang='grc' dir='ltr'><strong>⁸ο</strong></span> <span class='ocrx_word' id='word_1_832' title='bbox 1009 5680 1202 5737; x_wconf 81' lang='lat' dir='ltr'><strong>Matth.</strong></span> <span class='ocrx_word' id='word_1_833' title='bbox 1237 5693 1432 5744; x_wconf 75' lang='lat' dir='ltr'><strong>xxvtu,</strong></span> <span class='ocrx_word' id='word_1_834' title='bbox 1467 5676 1554 5730; x_wconf 86' lang='grc'><strong>19.</strong></span> <span class='ocrx_word' id='word_1_835' title='bbox 1630 5677 1671 5709; x_wconf 82' lang='grc'>⁸¹</span> <span class='ocrx_word' id='word_1_836' title='bbox 1713 5675 1871 5732; x_wconf 83' lang='lat' dir='ltr'><strong>Joan.</strong></span> <span class='ocrx_word' id='word_1_837' title='bbox 1909 5692 1982 5742; x_wconf 83' lang='lat' dir='ltr'><strong>tv,</strong></span> <span class='ocrx_word' id='word_1_838' title='bbox 2019 5673 2107 5729; x_wconf 63' lang='lat'><strong>4&#39;2.</strong></span> 
     </span>
    </p>
   </div>
   <div class='ocr_carea' id='block_1_112' title="bbox 410 5817 1680 5903">
    <p class='ocr_par' dir='ltr' id='par_1_112' title="bbox 410 5817 1680 5903">
     <span class='ocr_line' id='line_1_112' title="bbox 410 5817 1680 5903; baseline -0.012 -17"><span class='ocrx_word' id='word_1_839' title='bbox 410 5834 485 5903; x_wconf 84' lang='grc' dir='ltr'><strong>(ι)</strong></span> <span class='ocrx_word' id='word_1_840' title='bbox 520 5833 613 5886; x_wconf 81' lang='lat' dir='ltr'><strong>llic</strong></span> <span class='ocrx_word' id='word_1_841' title='bbox 645 5826 844 5884; x_wconf 87' lang='lat' dir='ltr'><strong>desinit</strong></span> <span class='ocrx_word' id='word_1_842' title='bbox 879 5823 1049 5879; x_wconf 78' lang='lat' dir='ltr'><strong>codex</strong></span> <span class='ocrx_word' id='word_1_843' title='bbox 1083 5835 1188 5876; x_wconf 83' lang='lat' dir='ltr'><strong>em.</strong></span> <span class='ocrx_word' id='word_1_844' title='bbox 1219 5819 1372 5875; x_wconf 85' lang='lat' dir='ltr'><strong>card.</strong></span> <span class='ocrx_word' id='word_1_845' title='bbox 1411 5817 1680 5875; x_wconf 80' lang='lat' dir='ltr'><strong>Co&#39;sliuii.</strong></span> 
     </span>
    </p>
   </div>
  </div>
