4074 6388
489 338 632 396 ms

1188 333 1465 396 l-ZUSEBII
1502 332 1992 392 CESARIENSlS
2029 333 2183 393 OPP.
2224 333 2410 395 ΡΑιιε
2442 336 2529 396 m.
2569 368 2639 382 —-
2677 337 3089 401 EXEGETICA.

3616 342 3768 406 uss

485 456 635 527 piam
659 462 980 511 extraneum
1008 471 1076 510 ex
1108 455 1445 527 imperfectis
1498 453 1836 510 animalibus
1889 453 2060 525 (quid-

2177 456 2352 533 φοράν
2389 474 2511 511 τινα
2536 458 2647 512 τῶν
2674 459 2735 512 οὐ
2763 458 2983 514 τελείων
3011 458 3144 530 (πᾶν
3163 459 3274 533 γὰρ
3302 459 3497 531 ἄλογον
3523 460 3719 535 ἑνδεὶς)
3746 503 3767 529 ,

486 550 572 601 vis
599 547 746 602 enim
784 548 1107 603 irrationale
1149 545 1534 617 imperfectum
1562 546 1708 616 est);
1733 546 1830 602 sed
1862 546 2075 618 seipsas

487 639 798 702 immolare,
833 647 999 708 atque
1032 638 1134 702 illi,
1163 645 1352 708 utpote
1386 636 1520 702 Deo,
1552 637 1785 708 gloriam
1814 644 1870 691 et
1900 639 2076 690 hono-

483 744 598 783 rem
629 729 823 784 afferre
848 729 1131 796 jubentur.
1164 728 1305 795 Quia
1331 743 1463 784 vero
1504 744 1616 782 non
1647 727 1912 799 operibus
1949 736 2077 781 tan-

483 831 624 884 tum,
657 823 742 877 vel
791 837 927 877 sana
959 824 1210 878 doctrina
1248 824 1428 895 ipsum
1462 834 1520 878 ut
1562 823 1732 879 Deum
1764 823 2071 886 celebrare,

482 915 576 969 sed
600 917 764 969 etiam
787 916 1057 971 sacriﬁcia
1074 915 1122 970 ei
1141 915 1337 971 oderrc
1355 931 1454 986 par
1473 922 1559 969 est
1582 932 1597 982 ;
1622 915 1744 969 ideo
1764 914 1961 983 adjicit
1982 933 2073 968 :—

482 1002 651 1061 Vuns.
671 1006 728 1064 9.
760 1007 849 1061 10.
883 1006 1078 1061 Tollite
1094 1009 1321 1071 hostias,
1349 1016 1401 1062 et
1424 1008 1639 1062 introite
1661 1007 1717 1062 in
1753 1009 1896 1061 atria
1926 992 2064 1079 ejus,

482 1098 706 1151 adorate
750 1098 1033 1153 Dominum
1075 1102 1127 1153 in
1168 1102 1311 1155 atrio
1346 1110 1531 1155 sancto
1558 1100 1694 1170 ejus.
1727 1099 2071 1155 Commovea-

484 1203 573 1246 tur
610 1211 643 1247 a
678 1207 815 1262 [ncte
856 1193 971 1264 ejus
1017 1195 1266 1249 universa
1298 1208 1443 1249 terra
1464 1210 1483 1248 :
1516 1194 1675 1249 dicite
1705 1196 1761 1250 in
1803 1195 2067 1267 gentibus,

481 1285 746 1340 Dominus
776 1287 1037 1356 regnavit,
1080 1294 1134 1348 et
1176 1294 1396 1341 caetera.
1440 1285 1662 1342 Hostias
1700 1286 1792 1364 hic
1816 1287 1951 1341 dicit
1977 1300 2070 1339 ra-

480 1374 772 1430 tionabiles
794 1376 917 1431 illas
939 1385 994 1430 et
1021 1375 1358 1446 spirituales,
1392 1378 1536 1447 quas
1567 1376 1791 1431 assidue
1817 1374 2068 1432 videmus

480 1483 581 1538 pro
615 1468 721 1539 piis
749 1468 936 1524 offerri
966 1477 1021 1524 et
1049 1484 1079 1523 a
1110 1469 1493 1524 sacerdotibus
1538 1466 1835 1537 immolari,
1878 1470 2069 1539 cujus-

479 1560 627 1613 modi
686 1568 817 1616 sunt
855 1560 1089 1615 Virtutes
1123 1577 1136 1614 :
1176 1560 1314 1614 atria
1351 1567 1533 1614 autem
1577 1567 1735 1615 vocat
1776 1560 2064 1628 ecclesias,

477 1651 573 1705 ubi
592 1649 726 1705 Novi
746 1650 1083 1713 Testamenti
1107 1652 1299 1709 hostia:
1315 1650 1650 1720 offeruntur;
1675 1653 1929 1710 videlicet
1953 1654 2069 1727 spi-

475 1743 693 1798 ritualis
724 1744 931 1809 cultus,
965 1744 1237 1800 bonorum
1283 1759 1511 1815 operum
1560 1744 1798 1815 fructus,
1827 1746 2065 1802 oblatio-

2176 550 2333 604 αὐτοὶ
2364 550 2422 605 δὲ
2466 552 2665 617 αὐτοὺς
2713 552 2862 608 θύειν
2910 553 3332 625 ἀπαιτούμενοι,
3363 553 3523 621 δόξαν
3558 572 3618 611 τε
3666 558 3770 611 καὶ

2174 643 2342 715 τιμὴν
2362 644 2437 708 ὡς
2469 644 2590 715 Θεῷ
2621 646 2866 717 κομίζειν
2888 646 3369 718 προσταττόμενοι.
3412 646 3569 701 Ἐπεὶ
3593 646 3651 702 δὲ
3680 649 3771 703 δεῖ

2179 736 2255 808 μὴ
2284 738 2443 809 μόνον
2467 737 2650 807 λόγοις
2683 740 2779 792 καὶ
2809 737 2989 810 ὀρθοῖς
3011 738 3244 809 δόγμασι
3270 738 3541 808 θεολογεῖν
3573 740 3766 806 αὐτὸν,

2173 829 2311 883 ἀλλὰ
2326 831 2421 884 καί⁵
2445 830 2637 896 θυσίας
2658 832 3008 904 προσφέρειν,
3040 832 3257 900 ἐπάγει·
3278 832 3494 899 Ἄρατε
3519 832 3765 899 θυσίας,

2173 921 2275 976 καί
2318 924 2748 991 διαπορεύεσθε
2781 924 2870 990 είς
2926 923 3037 990 τὰς
3067 923 3267 989 αὐλὰς
3300 923 3488 977 αὐτοῦ
3510 963 3526 987 ,
3572 939 3767 991 προσ-

2174 1014 2484 1081 κυνήσατε
2510 1014 2590 1080 τῷ
2622 1016 2816 1084 Kvpltp
2842 1015 2913 1069 ἑν
2940 1013 3104 1083 αὐλῇ
3130 1015 3271 1084 ἁγίᾳ
3294 1014 3502 1070 αὑτοῦ.
3527 1017 3764 1069 Σαλεν-

2173 1104 2331 1175 θήτω
2350 1105 2471 1160 ἀπὸ
2493 1105 2818 1175 προσώπου
2844 1105 3033 1161 αὑτοῦ
3057 1103 3228 1160 πᾶσα
3254 1108 3293 1176 ἠ
3318 1103 3394 1177 γῆ
3415 1124 3429 1139 -
3459 1106 3667 1162 εἴπατε
3686 1108 3767 1163 ἐν

2173 1195 2300 1263 τοῖς
2324 1197 2558 1254 ἔθνεσι·
2596 1201 2629 1252 ό
2657 1198 2873 1265 Κύριος
2910 1198 3295 1261 ἐϐασίλευσε,
3346 1197 3442 1252 καὶ
3482 1198 3717 1271 τὰ“ὲξῆς
3741 1215 3761 1232 ο

2171 1284 2367 1350 θυσίας
2396 1286 2497 1357 μὲν
2525 1286 2699 1355 λέγων
2738 1287 2837 1351 τὰς
2868 1286 3095 1356 λογικὰς
3125 1288 3219 1342 καὶ
3262 1288 3662 1361 πνευματικὰς,
3689 1289 3765 1354 ἃς

2168 1377 2386 1450 ὁρῶμεν
2411 1378 2676 1450 διηνεκῶς
2702 1379 2844 1451 ὑπὲρ
2871 1378 2981 1432 τῶν
3013 1378 3255 1432 εὐσεϐῶν
3279 1380 3759 1453 προσφερομένας,

2170 1470 2266 1525 καὶ
2289 1470 2749 1543 ίερουργουμένας
2785 1469 2890 1524 ὑπὸ
2923 1469 3033 1524 τῶν
3070 1470 3282 1543 ἱερέων,
3303 1470 3551 1525 τοιαῦται
3577 1472 3635 1527 δὲ
3658 1474 3761 1526 καὶ

2169 1562 2223 1643 ai
2258 1561 2450 1633 ἀρεταί
2473 1577 2488 1593 ·
2524 1561 2694 1625 αὐλὰς
2719 1560 2899 1625 δὲτὰς
2920 1560 3239 1635 ἐκκλησίας,
3269 1564 3326 1617 ὲν
3361 1557 3451 1628 αἷς
3474 1562 3576 1636 τῆς
3608 1565 3759 1619 Kas-

2168 1651 2268 1723 γῆς
2295 1650 2572 1725 Διαθήκης
2606 1652 2787 1707 θυσίαι
2819 1655 3242 1726 προσφέρονται,
3285 1656 3341 1709 αἱ
3381 1655 3759 1727 πνευματικαὶ

2168 1743 2438 1818 λατρείαι,
2471 1747 2527 1800 αἱ
2572 1745 2642 1799 δι’
2677 1745 2855 1818 ἔργων
2890 1748 3260 1820 καρποφορίαι
3306 1748 3365 1801 αί
3407 1750 3758 1821 χαριστήρια

476 1850 578 1890 nes
629 1837 933 1905 gratiarum
974 1837 1233 1893 actionis.
1282 1836 1350 1891 Et
1377 1837 1514 1892 alias
1548 1852 1657 1892 non
1703 1838 1819 1893 haec
1857 1837 2060 1896 Iudaeis

2166 1841 2459 1913 ὰναφοραί.
2504 1840 2714 1905 ’Δλλως
2749 1840 2808 1894 δὲ
2857 1841 2978 1895 οὐδὲ
3027 1838 3302 1907 Ἰουδαίοις
3352 1841 3529 1896 ταῦτα
3579 1860 3757 1915 προσ-

474 1928 756 1998 pnecepit,
782 1945 851 1984 ne
873 1933 997 2000 quis
1028 1930 1341 2000 suspicetur
1368 1929 1458 1984 hic
1477 1929 1545 1985 de
1573 1931 1837 2001 legalibus
1865 1932 2062 1989 hostiis

473 2037 784 2081 sermonem
810 2022 1040 2089 haberi;
1075 2023 1173 2080 scd
1199 2022 1423 2080 familiis
1453 2026 1725 2096 gentium,
1759 2024 1828 2079 de
1857 2024 2063 2095 quibus

473 2128 571 2184 per
598 2113 769 2167 alium
805 2114 1130 2185 prophetam
1167 2112 1311 2171 Deus
1350 2114 1570 2170 ιυοίωοε
1618 2116 1906 2185 alloquens
1936 2115 2010 2169 ait
2044 2127 2058 2165 :

474 2203 601 2260 Non
629 2215 709 2260 est
750 2206 998 2261 voluntas
1043 2221 1160 2260 mea
1183 2207 1238 2260 in
1283 2206 1450 2272 vobis,
1493 2218 1544 2262 et
1582 2206 1909 2277 sacriﬁcium
1957 2221 2063 2260 non

472 2300 733 2367 accipiam
779 2298 843 2353 de
894 2298 1140 2354 manibus
1174 2301 1366 2355 vestris
1391 2316 1410 2354 :
1437 2302 1566 2372 quia
1600 2300 1665 2355 ab
1718 2301 1919 2355 oriente
1951 2299 2063 2353 sole

470 2407 635 2461 usque
667 2390 735 2445 ad
771 2391 1093 2446 occidentem
1129 2407 1380 2462 magnum
1424 2403 1504 2447 est
1555 2408 1744 2447 nomen
1797 2408 1971 2447 meum
2006 2392 2061 2446 in

469 2483 748 2553 gentibus:
777 2494 827 2538 et
865 2484 919 2537 in
972 2486 1115 2539 omni
1157 2486 1273 2540 loco
1311 2486 1583 2540 incensum
1610 2486 1834 2555 offertur
1861 2485 2063 2539 nomini

469 2593 585 2629 meo
626 2585 677 2630 et
707 2574 909 2632 oblatio
959 2578 1243 2634 munda“.
1279 2578 1344 2633 Et
1394 2580 1566 2651 probe
1615 2577 1885 2650 quidem:
1930 2564 2061 2633 nam

468 2667 626 2734 illud,
660 2668 854 2724 Tollite
879 2671 1106 2736 hostias,
1141 2671 1196 2727 id
1242 2681 1351 2738 est,
1385 2680 1624 2728 vestram
1655 2671 1723 2728 de
1744 2672 1940 2728 hostiis
1967 2686 2064 2727 co-

467 2761 784 2831 gitationem
808 2763 1097 2820 sublimem
1124 2765 1290 2836 agite,
1317 2781 1421 2821 nec
1457 2766 1554 2820 vili
1584 2773 1639 2820 et
1674 2766 1864 2820 humili
1900 2765 2061 2820 intel-

466 2852 671 2923 ligendi
704 2869 856 2910 more
889 2855 1057 2911 boves
1089 2856 1266 2913 aliave
1294 2857 1552 2913 animalia
1593 2858 1922 2926 immoletis;
1962 2860 2059 2915 sed

466 2945 776 3000 sublimiori
810 2946 973 3001 modo
1013 2947 1118 3002 hoc
1144 2946 1354 3002 dictum
1386 2949 1777 3020 intelligentes,
1801 2952 2060 3022 spiritua-

465 3038 547 3094 les
573 3048 626 3093 et
653 3039 912 3094 cmlrstcs
945 3039 1137 3096 offerte
1184 3041 1419 3105 hostias,
1446 3056 1683 3112 quarum
1724 3043 1973 3114 exempla
2004 3053 2059 3100 et

2165 1931 2376 1998 ἔταξεν,
2403 1931 2492 1986 ἴνα
2521 1932 2595 2004 μή
2625 1949 2710 1997 τις
2756 1932 2856 1997 τὰς
2892 1931 3123 2005 νομικὰς
3156 1932 3470 2006 ὑποπτεύσῃ
3520 1933 3714 1998 θυσίας
3735 1951 3754 1968 ·

2163 2022 2300 2077 ἀλλά
2345 2026 2468 2087 ταῖς
2498 2027 2756 2097 πατριαίς
2792 2024 2901 2077 τῶν
2933 2023 3103 2078 ἐθνῶν
3121 2063 3136 2088 ,
3184 2025 3315 2096 περὶ
3344 2018 3420 2080 ὧν
3472 2025 3540 2080 δι’
3560 2027 3755 2099 ἑτέρου

2163 2116 2447 2186 προερήτου
2475 2115 2638 2186 φησὶν
2660 2118 2688 2168 ὁ
2709 2114 2842 2180 Θεὸς
2862 2106 2999 2187 πρὸς
3013 2115 3303 2182 Ἰουδαίους
3328 2117 3709 2190 διαλεγόμενος
3734 2138 3751 2151 ’

2166 2208 2287 2260 Οὐκ
2318 2206 2451 2260 ἐστι
2481 2224 2601 2276 μου
2629 2205 2859 2277 θέλημα
2899 2207 2971 2261 ἐν
3020 2207 3199 2278 ὑμῖν,
3246 2209 3348 2263 καί
3405 2212 3631 2266 θυσίαν
3674 2212 3754 2266 οὐ

2161 2298 2569 2369 προσδέξομαι
2598 2300 2669 2352 ἐκ
2706 2298 2826 2353 τῶν
2849 2298 3065 2370 χειρῶν
3087 2300 3287 2371 ὑμῶν’
3323 2301 3413 2356 ὅτι
3445 2302 3564 2358 ἀπὸ
3596 2304 3754 2358 ἁνα-

2160 2390 2356 2445 τολῶν
2378 2392 2557 2460 ἡλίου
2576 2391 2754 2462 μέχρι
2779 2391 3029 2463 δυσμῶν
3049 2393 3211 2465 μέγα
3232 2394 3294 2449 τό
3324 2394 3517 2465 ὄνομά
3533 2414 3654 2466 μου
3677 2398 3754 2452 ἐν

2160 2483 2285 2551 τοῖς
2316 2483 2520 2540 ἔθνεσι
2541 2525 2555 2550 ,
2586 2486 2685 2540 καὶ
2726 2486 2797 2540 ἐν
2839 2486 3017 2540 παντὶ
3048 2489 3211 2556 τόπῳ
3246 2489 3511 2559 θυμίαμα
3558 2504 3752 2559 προσ-

2156 2578 2398 2647 φέρεται
2425 2576 2507 2644 τῷ
2536 2578 2785 2649 ὀνόματί
2797 2597 2919 2649 μου
2956 2579 3054 2634 καί
3088 2581 3271 2635 θυσία
3302 2581 3550 2651 καθαρά.
3582 2578 3657 2637 Εὖ
3687 2582 3750 2638 δὲ

2159 2669 2255 2722 καὶ
2281 2668 2343 2723 τὸ
2364 2669 2551 2737 φάναι,
2573 2652 2788 2737 Ἀράτε
2814 2670 3049 2738 θυσίας,
3071 2671 3340 2736 τουτέστι,
3359 2673 3748 2744 Μετεωρίσατε

2157 2759 2223 2813 τὸ
2248 2761 2377 2831 περὶ
2403 2758 2605 2813 θυσιῶν
2635 2759 2813 2830 νόημα
2843 2760 2917 2834 μὴ
2952 2760 3308 2833 χαμαιζήλως
3333 2761 3744 2833 βουθυτοῦντες,

2158 2853 2254 2906 καὶ
2285 2851 2356 2906 τὰ
2392 2851 2555 2906 λοιπὰ
2610 2853 2906 2922 σφάζοντες
2946 2851 3083 2917 ζῶα,
3117 2854 3235 2908 ἀλλ’
3269 2854 3490 2926 ὑψηλῶς
3533 2854 3606 2908 τὰ
3649 2856 3746 2911 διὰ

2157 2945 2365 2999 τούτων
2413 2943 2720 3015 δηλούμενα
2763 2942 3133 3016 διανοούμενοι
3156 2983 3172 3010 ,
3212 2947 3313 3010 τὰς
3359 2946 3746 3019 πνευματικὰς

2158 3042 2254 3093 καὶ
2282 3039 2637 3110 ὲπουρανίους
2667 3036 2893 3103 θυσίας,
2943 3032 3019 3092 ὧν
3052 3038 3429 3110 ὑποδείγματα
3458 3041 3559 3095 καὶ·
3583 3041 3743 3095 σκιαὶ

463 3132 676 3185 umbra:
722 3139 882 3185 erant
931 3133 1024 3185 illa
1073 3133 1322 3188 sensibili
1372 3133 1483 3188 ritu
1533 3133 1717 3188 oblata
1759 3137 2052 3192 sacrilicia.

2160 3128 2296 3204 ἦσαν
2336 3134 2395 3185 αί
2449 3130 2722 3201 αἰσθητῶς
2768 3132 3175 3201 προσαγόμεναι
3226 3130 3432 3188 θυσίαι.
3460 3132 3629 3198 Ποίας
3678 3132 3743 3188 δὲ

462 3223 614 3289 Quas
650 3238 816 3293 porro
849 3224 1057 3279 hostias
1098 3224 1186 3279 hic
1216 3225 1461 3295 psalmus
1495 3225 1697 3296 exigat,
1732 3226 1894 3282 docet
1924 3227 2054 3282 bea-

466 3323 557 3370 tus
586 3313 790 3371 Paulus
834 3316 919 3371 his
942 3316 1125 3370 verbis
1162 3335 1175 3371 :
1204 3314 1458 3371 Exhibete
1488 3332 1715 3386 corpora
1746 3326 1922 3372 vestra
1952 3319 2053 3372 Ito-

464 3407 625 3459 stiam
652 3421 866 3473 puram,
916 3407 1192 3472 virentem,
1226 3406 1337 3461 Deo
1387 3407 1703 3476 placentem,
1736 3408 2054 3463 rationabile

463 3495 770 3569 obsequium
796 3498 1108 3553 vestrum“.
1143 3498 1213 3552 Et
1238 3498 1477 3562 introite,
1509 3500 1709 3571 inquit,
1756 3515 1855 3570 per
1886 3502 2051 3570 quam

464 3591 754 3645 semitam?
782 3608 879 3662 per
927 3590 1087 3647 ﬁdem
1136 3592 1443 3649 videlicet:
1480 3592 1597 3664 ipsa
1634 3593 1784 3647 enim
1835 3598 1921 3648 est
1965 3589 2053 3644 in-

460 3697 688 3752 gressus
728 3683 796 3737 ad
828 3683 1083 3739 salutem.

538 3770 702 3827 Vens.
740 3773 827 3837 ll,
874 3773 958 3828 l3.
1014 3772 1291 3829 Ltetentur
1336 3774 1453 3830 caeli
1483 3783 1535 3831 et
1596 3775 1827 3831 exsultet
1878 3784 2046 3843 terra,

462 3878 857 3918 commoveatur
885 3882 1031 3920 mare
1079 3875 1131 3920 et
1194 3866 1470 3935 plenitudo
1526 3866 1662 3937 ejus.
1730 3865 2049 3922 Gaudebunt

458 3958 638 4024 campi
670 3964 720 4009 et
770 3956 952 4011 omnia
980 3973 1097 4027 quae
1160 3958 1213 4011 in
1239 3958 1314 4011 eis
1341 3964 1485 4013 sunt.
1518 3957 1625 4013 Pro
1649 3958 1763 4023 illo,
1794 3956 2045 4014 Commo-

459 4057 645 4102 veatur
681 4063 847 4112 mare,
880 4050 1185 4105 secundum
1230 4050 1485 4120 Aquilam
1515 4050 1754 4114 dicitur,
1790 4050 2043 4115 Tonabit;

454 4139 763 4197 secundum
818 4140 1213 4211 Symmachum
1258 4155 1411 4204 vero,
1442 4140 1690 4197 Sonabit.
1733 4139 1830 4196 llis
1879 4157 2047 4213 porro

459 4231 820 4303 signiﬁcatur,
851 4232 1224 4303 evangelicam
1284 4232 1732 4303 prtedicationcm
1774 4233 1891 4303 ipsa
1928 4250 2047 4288 rna-

458 4331 539 4384 ria
564 4339 619 4385 et
671 4331 884 4386 insulas
933 4331 989 4385 in
1042 4331 1182 4385 mari
1238 4331 1472 4402 positas,
1517 4347 1729 4387 necnon
1791 4330 2044 4387 homines

458 4423 609 4493 ipsas
633 4423 963 4488 incolentes,
1012 4431 1429 4494 peragraturam
1458 4424 1744 4493 essc;qui
1787 4422 2044 4478 homines

2158 3224 2349 3287 θυσίας
2378 3224 2600 3278 ἀπαιτεῖ
2631 3222 2665 3293 ἡ
2696 3222 3003 3293 ψαλμῳδία,
3026 3224 3056 3276 ό
3083 3223 3353 3295 μακάριος
3381 3224 3595 3290 Παῦλος
3623 3224 3747 3281 δια-

2157 3316 2488 3389 μνημονεύει
2506 3315 2684 3385 λέγων
2701 3331 2716 3346 ·
2739 3313 3176 3383 Παραστήσατε
3202 3318 3274 3370 τὰ
3300 3315 3549 3386 σώματα
3567 3314 3743 3387 ὑμῶν

2154 3411 2378 3466 θυσίαν
2409 3408 2695 3476 καθαρὰν,
2728 3405 2943 3472 ζῶσαν,
2977 3405 3310 3477 εὐάρεστον
3338 3409 3419 3475 τῷ
3453 3408 3594 3475 Θεῷ,
3621 3410 3745 3478 τὴν

2152 3495 2409 3567 λογικὴν
2431 3495 2717 3564 λατρείαν
2740 3494 2927 3564 ὑμῶν.
2954 3495 3065 3551 Καὶ
3101 3498 3551 3566 διαπορεύεσθε,
3578 3501 3738 3571 φησὶ,

2151 3587 2241 3643 διὰ
2275 3586 2435 3650 ποίας
2468 3586 2755 3658 ἐρχόμενοι
2786 3585 3012 3659 τρίϐους
3038 3585 3128 3640 διὰ
3162 3587 3266 3659 τῆς
3287 3589 3524 3654 πίστεως
3548 3588 3738 3661 δηλον-

2150 3679 2233 3733 ότι
2253 3696 2266 3710 ·
2302 3678 2443 3750 αὕτη
2471 3680 2581 3750 γάρ
2609 3679 2759 3732 ἐστιν
2779 3679 2814 3750 ἡ
2842 3680 2942 3750 τῆς
2972 3680 3248 3752 σωτηρίας
3277 3680 3518 3753 είσϐολή.

2219 3771 2774 3842 Εὐφραινέσθωσαν
2814 3775 2869 3827 οι
2925 3770 3169 3841 οὐρανοί
3217 3773 3315 3829 καί
3344 3770 3739 3844 omnicana

2149 3864 2189 3932 ἠ
2231 3861 2342 3933 τῆ,
2377 3862 2734 3931 σαλευθήτω
2782 3862 2821 3931 ἠ
2855 3861 3142 3917 θάλασσα
3183 3861 3281 3915 καί
3326 3860 3394 3915 τὸ
3440 3862 3738 3932 πλήρωμα

2148 3954 2358 4024 αὐτῆς.
2405 3953 2742 4023 Χαρήσεται
2781 3954 2855 4009 τὰ
2904 3953 3099 4020 πεδία,
3145 3952 3243 4007 καί
3298 3955 3497 4007 πάντα
3535 3952 3609 4007 τὰ
3659 3953 3737 4007 ἐν

2145 4047 2371 4116 αὐτοῖς.
2403 4049 2551 4102 Ἀντὶ
2568 4048 2627 4101 δὲ
2654 4046 2769 4112 τοῦ,
2801 4045 3159 4115 Σαλευθήτω
3181 4046 3220 4115 ἠ
3249 4046 3554 4111 θάλασσα,
3585 4045 3736 4100 κατὰ

2146 4139 2236 4195 τὸν
2279 4139 2510 4195 ’Δκύλαν
2534 4177 2549 4204 ,
2599 4138 2929 4208 Βροντήσει
2949 4177 2964 4203 ,
2993 4137 3026 4210 ἧ
3075 4137 3218 4191 κατὰ
3252 4135 3342 4190 τὸν
3392 4136 3687 4208 Σύμμαχον
3711 4175 3732 4201 ,

2158 4233 2417 4303 Ἠχήσει.
2451 4232 2716 4304 Σημαίνει
2746 4232 2804 4286 δὲ
2838 4232 2927 4287 διὰ
2968 4230 3173 4285 τούτων
3203 4232 3232 4284 ό
3267 4231 3426 4300 λόγος
3454 4229 3733 4284 διελεύσε-

2147 4327 2271 4382 σθαι
2294 4325 2355 4380 τὸ
2385 4325 2740 4396 εὐαγγελικὺν
2769 4324 3032 4397 κήρυγμα
3060 4323 3157 4376 καὶ
3173 4322 3243 4377 τὰ
3270 4323 3484 4394 πελάγη
3509 4324 3602 4376 καὶ
3626 4321 3733 4388 τὰς

2145 4417 2237 4469 ἐπὶ
2267 4417 2367 4487 τῆς
2394 4415 2671 4486 θαλάσσης
2700 4415 2915 4486 νήσους,
2945 4412 3072 4477 τούς
3106 4429 3165 4465 τε
3200 4414 3258 4467 ὲν
3284 4412 3512 4477 ταύταις
3545 4430 3732 4468 κατοι-

456 4514 744 4585 plenitudo
798 4515 919 4584 ejus
962 4524 1251 4571 vocantur.
1290 4515 1449 4581 Quod
1514 4516 1695 4586 ipsum
1762 4514 1832 4569 ad
1877 4515 2040 4570 linem

2160 4509 2376 4573 ιοῠντας
2407 4507 2749 4579 ἀνθρώπους,
2782 4507 3056 4580 πλήρωμα
3079 4506 3690 4578 αὐτῆς-ὠνομασμένους
3710 4523 3727 4539 ο

456 4608 751 4663 deductum
798 4615 904 4665 est.
943 4606 1062 4662 Jam
1096 4608 1242 4662 enim
1276 4607 1537 4664 Ecclesia:
1573 4607 1779 4663 Christi
1834 4622 2029 4662 onmes

2160 4603 2174 4656 l
2207 4603 2302 4657 καὶ
2341 4602 2475 4656 αὐτὸ
2519 4600 2709 4665 τέλους
2739 4600 2947 4671 ἔτυχεν.
2997 4600 3207 4655 Αὐτίκα
3249 4599 3380 4669 γοῦν
3409 4600 3730 4671 Ἐκκλησίαν.

455 4699 670 4755 insulas
702 4701 938 4771 replent,
981 4700 1357 4770 salutarisque
1398 4700 1650 4755 doctrina
1690 4701 1745 4754 in
1796 4698 1916 4756 dies
1941 4714 2038 4755 ex-

2160 4692 2379 4765 Κριστοῦ
2436 4692 2536 4758 τὰς
2566 4695 2763 4765 νήσους
2809 4693 3025 4758 ἁπάσας
3075 4693 3372 4766 πληροῦσι,
3403 4692 3632 4764 πληθύει
3663 4710 3730 4748 τε

453 4789 703 4844 tenditur
738 4799 794 4845 ct
842 4792 1136 4854 accrescit,
1166 4789 1232 4844 ad
1263 4807 1360 4847 eos
1412 4806 1587 4861 usque
1634 4790 1727 4861 qui
1760 4789 2038 4844 Oceanum

2160 4786 2415 4859 5σημέραι
2441 4826 2455 4854 ,
2513 4788 2606 4841 καὶ
2666 4785 2969 4840 ἐπιδίδωσιν
3016 4787 3050 4857 ἡ
3091 4788 3357 4858 σωτήριος
3402 4785 3730 4841 διδασκαλία

455 4881 709 4937 incolunt
733 4893 1054 4954 propagata.
1078 4880 1145 4935 Et
1179 4891 1299 4935 tunc
1322 4880 1664 4936 exsultabant
1689 4880 1867 4933 omnia
1891 4877 2039 4949 ligna

2160 4881 2311 4954 téxpt
2338 4880 2446 4933 τῶν
2481 4879 2573 4932 τὸν
2608 4879 2860 4933 Ὠκεανὸν
2892 4878 3184 4932 οἰκούντων
3231 4878 3726 4951 παρεκτεινομένη.

453 4974 711 5027 silvarum
755 4991 788 5027 a
834 4976 969 5043 facie
1006 4974 1240 5040 Domini,
1272 4974 1397 5043 quia
1428 4973 1589 5039 venit,
1623 4986 1872 5041 quoniam
1902 4969 2040 5024 venit

2160 4973 2250 5027 Kal
2274 4971 2409 5027 τότε
2434 4970 2909 5042 simulavere-at
2932 4968 3131 5023 πάντα
3159 4968 3232 5024 τὰ
3262 4970 3421 5035 ξύλα
3444 4967 3550 5023 τοῦ
3578 4968 3729 5037 δρυ-

452 5066 693 5130 iudicare
722 5076 940 5121 terram.
970 5064 1243 5119 Judicabit
1282 5064 1460 5118 orbem
1492 5073 1649 5118 terra
1695 5062 1750 5115 in
1791 5060 2037 5129 justitia,

2160 5065 2253 5119 ιοῦ
2305 5063 2417 5134 πρὸ
2467 5061 2795 5132 προσώπου
2854 5062 2961 5117 τοῦ
3011 5063 3265 5132 Κυρίου,
3327 5062 3414 5117 ὅτι
3461 5061 3728 5132 ἔρχεται,

450 5169 507 5212 ct
533 5158 751 5228 populos
778 5159 833 5213 in
867 5160 1082 5212 veritate
1111 5174 1231 5213 sua.

2160 5158 2228 5211 iet
2272 5156 2511 5228 ἔρχεται
2556 5157 2752 5226 κρῖναι
2788 5157 2907 5226 τὴν
2941 5155 3080 5227 'm'r.
3116 5155 3319 5224 Κρινεῖ
3374 5153 3490 5223 τὴν
3520 5156 3728 5208 οίκου-

2136 5250 2326 5321 μένην
2356 5251 2427 5305 ἐν
2467 5250 2824 5321 δικαιοσύνῃ
2849 5291 2864 5317 ,
2896 5250 2996 5305 καὶ
3025 5249 3216 5316 λαοὺς
3255 5249 3328 5303 ἐν
3366 5245 3441 5317 τῇ
3470 5247 3731 5317 ἀληθείᾳ

2137 5344 2345 5399 αὐτοῦ.

2138 5456 2228 5529 Ta
2264 5438 2495 5524 ΔΑΥῙΔ,
2530 5455 2758 5511 onore
2795 5455 2844 5508 ιι
2868 5454 2991 5591 11πέει
3036 5452 3269 5507 ΑΥΤΟΥ
3305 5449 3724 5507 summa.

2221 5619 2275 5672 '0
2332 5619 2549 5691 Κύριος
2597 5527 3027 5683 “acutulis,
3089 5614 3475 5687 dgullcdat’w
3532 5615 3573 5684 ἠ
3619 5611 3720 5711 γῆ,

488 5462 619 5522 ιῐλει
655 5467 888 5531 DAVID.
918 5465 1202 5531 QUANDO
1240 5463 1474 5521 TERRA
1533 5461 1702 5520 EJL‘S
1750 5459 1992 5518 RESTI-

985 5530 1124 5593 ΗΤᾹ
1164 5537 1315 5593 EST.
1357 5535 1545 5592 XCVI.

523 5624 687 5682 Vens.
724 5628 777 5683 l.
818 5628 1075 5684 Dominus
1129 5629 1365 5700 regnavit
1434 5627 1659 5683 exsultet
1720 5636 1881 5694 terra,
1931 5622 2029 5709 lam

516 5805 562 5837 θ’
605 5802 830 5858 Malach.
873 5821 919 5871 ι,
960 5803 1150 5870 l0,ll.
1226 5803 1271 5837 ⁸³
1311 5803 1469 5861 Rom.
1504 5819 1618 5871 xu,
1652 5802 1703 5857 l.
