4074 6434
408 341 547 398 1285

1534 340 2034 397 COMMENTARIA
2070 341 2136 396 IN
2176 340 2510 398 PSALMOS.

3512 338 3646 396 1220

409 458 914 528 εὐφρανθήτωσαν
948 455 1128 526 νῆσοι
1157 458 1402 510 πολλαί.
1445 457 1662 529 Ἐπειδὴ
1695 461 1750 510 ἐν
1775 460 1842 530 τῇ
1876 457 1974 510 τῶν

2089 467 2264 512 tentur
2289 458 2479 511 insula:
2522 457 2718 510 multa.
2759 454 3026 521 Quoniam
3067 455 3120 508 in
3168 453 3522 525 Septuaginta
3555 453 3643 508 iu-

419 549 815 620 Ἐϐδομήκοντα
849 549 1113 620 ἑρμηνείᾳ
1150 549 1371 617 φέρεται
1407 550 1439 619 ἡ
1474 550 1788 621 προγραφὴ,
1823 549 1979 620 ἐροῦ-

413 660 532 714 μεν,
571 643 667 706 ὼς,
700 641 958 703 πολλάκις
980 641 1285 710 συμφοραῖς
1318 639 1748 710 περιπεπτωκὼς
1770 643 1797 693 ὁ
1818 639 1979 693 Δαυῖδ

410 734 529 786 τότε
565 734 664 804 μὲν
691 735 779 787 ὅτε
826 733 930 785 ὑπὸ
962 732 1133 786 Σαοὺλ
1161 731 1441 801 ἠλαύνετο,
1477 735 1570 786 καὶ
1610 733 1710 797 τάς
1739 735 1977 804 ἐρήμους

414 826 726 896 μετεδίωκε,
759 826 858 887 τάς
897 841 957 877 τε
991 824 1142 895 παρὰ
1171 827 1283 886 τοῖς
1319 823 1636 892 ἀλλοφύλοις
1664 824 1941 896 διατριϐάς
1961 842 1975 857 ·

408 917 528 968 τότε
575 915 632 968 δὲ
683 915 771 968 ὅτε
824 915 1079 984 πολέμοις
1128 912 1415 982 ἐσχόλαζε,
1454 914 1546 966 τὸν
1589 913 1976 984 προκείμενον,

408 1002 593 1076 οἶμαι,
629 1005 841 1076 ψαλμὸν
884 1007 1004 1058 κατ’
1043 1007 1248 1058 ἐκεῖνον
1288 1001 1388 1077 ᾖσε
1428 1004 1548 1057 καθ’
1577 1005 1635 1058 ὃν
1678 1005 1912 1073 κατέστη
1940 1006 1974 1075 ἡ

408 1098 477 1167 γῆ
505 1097 691 1162 αὑτοῦ,
723 1098 857 1167 ὁμοῦ
887 1097 979 1150 καὶ
1005 1098 1102 1168 τῆς
1133 1098 1371 1160 διανοίας
1394 1097 1559 1150 αὑτοῦ
1593 1097 1803 1166 καὶτῆς
1828 1097 1978 1166 βασι-

407 1189 555 1254 λείας
603 1190 661 1241 ἐν
704 1188 969 1259 ἀταραξίᾳ
1018 1189 1113 1242 καὶ
1161 1189 1349 1259 εἰρήνῃ
1399 1188 1493 1240 καὶ
1545 1187 1752 1258 γαλήνῃ
1810 1203 1969 1240 καταο

409 1278 612 1348 στάσης
639 1277 775 1349 μετά
799 1277 897 1349 τὴν
927 1277 1142 1331 πάντων
1165 1277 1273 1330 τῶν
1296 1277 1504 1348 ἐχθρῶν
1525 1278 1822 1349 ἀναίρεσιν.
1843 1277 1976 1330 Τότε

405 1365 498 1422 οὗν
519 1371 549 1422 ό
581 1370 883 1440 προφήτης,
913 1369 971 1421 ἐν
1017 1367 1276 1439 είρηναίῳ
1311 1371 1688 1440 καταστήματι
1718 1369 1974 1438 γεγονὼς,

407 1461 514 1516 ὑπὸ
539 1460 634 1515 τοῦ
669 1461 812 1515 θείου
843 1459 1157 1530 Πνεύματος
1199 1460 1293 1512 ἐπὶ
1325 1460 1422 1530 τὴν
1456 1459 1564 1513 τῶν
1601 1460 1976 1532 προκειμένων

405 1552 749 1608 διδασκαλίαν
791 1553 1141 1607 ἀνακινεῖται.
1171 1552 1388 1622 Ἐπειδὴ
1411 1552 1467 1605 δὲ
1497 1555 1633 1624 μήτε
1678 1553 1805 1625 ᾠδὴ,
1837 1555 1974 1625 μήτε

405 1644 617 1716 ψαλμὸς
661 1645 1062 1716 ἐπιγέγραπται
1091 1646 1220 1714 παρ’
1260 1644 1556 1715 Ἑϐραίοις,
1591 1646 1764 1709 εῐποις
1808 1645 1875 1700 ἂν
1907 1648 1974 1701 τά

407 1737 744 1809 προκείμενα
775 1736 1110 1808 προφητείαν
1135 1731 1270 1788 εἶναι
1303 1736 1395 1789 καὶ
1425 1735 1770 1791 διδασκαλίαν
1796 1737 1973 1808 ἁπλῆν

2081 557 2374 618 terpretum
2408 549 2661 604 versione
2719 547 2809 600 hic
2857 545 3049 600 titulus
3080 544 3325 606 aﬂ'crtur,
3372 544 3646 614 dicamus,

2081 639 2335 696 Davidem
2387 641 2442 694 in
2489 640 2689 694 multas
2740 638 3019 706 delapsum
3077 638 3417 693 calamitates
3466 652 3647 694 cuma

2081 729 2242 785 Saule
2271 731 2582 801 pelleretur,
2615 728 2831 785 deserta
2857 730 2970 784 loca
3015 728 3380 799 frequentaret
3413 739 3468 788 et
3499 729 3646 803 apud

2079 822 2382 893 allophylos
2423 831 2767 888 moraretur;
2807 829 2957 881 tunc,
3015 837 3136 876 cum
3188 824 3396 879 scilicet
3424 840 3454 879 a
3486 825 3646 883 bellis

2080 921 2314 976 vacaret,
2368 912 2515 967 hunc
2579 913 2873 983 psalmum,
2920 919 2979 966 ut
3043 912 3302 977 arbitror,
3351 916 3642 983 cecinisse,

2077 1020 2200 1060 cum
2225 1004 2338 1071 jam
2369 1012 2513 1058 terra
2535 1005 2653 1073 ejus
2682 1005 2935 1059 restituta
2979 1012 3146 1069 esset,
3178 1006 3417 1075 quando,
3458 1008 3644 1062 subla-

2078 1097 2151 1152 tis
2176 1096 2417 1152 inimicis
2441 1097 2715 1159 omnibus,
2744 1106 2798 1150 et
2831 1097 3047 1151 animus
3084 1103 3139 1151 et
3182 1113 3406 1167 regnum
3439 1098 3558 1166 ejus
3585 1100 3642 1153 in

2078 1189 2394 1252 securitate,
2431 1188 2484 1242 in
2527 1203 2660 1258 pace
2689 1197 2742 1241 ct
2771 1188 3169 1258 tranquillitate
3199 1187 3451 1259 degebat.
3488 1187 3645 1245 Tunc

2077 1294 2206 1350 ergo
2242 1279 2530 1349 propheta,
2563 1279 2772 1348 pacatis
2797 1281 2960 1332 rebus
2986 1278 3126 1344 suis,
3156 1279 3224 1333 ad
3252 1279 3394 1334 hanc
3415 1279 3647 1336 eﬂ‘eren-

2076 1371 2201 1427 dam
2223 1372 2528 1426 doctrinam
2554 1386 2583 1424 a
2609 1369 2797 1423 divino
2815 1369 3019 1439 Spiritu
3055 1379 3323 1427 movetur.
3355 1371 3493 1438 Quia
3517 1387 3646 1427 vero

2077 1477 2252 1532 neque
2305 1463 2606 1525 canticum,
2670 1475 2841 1530 neque
2906 1463 3150 1531 psalmus
3209 1464 3508 1533 inscriptus
3559 1471 3645 1518 est

2076 1553 2219 1623 apud
2251 1551 2530 1613 Hebraeos.
2556 1551 2759 1608 dixeris
2802 1552 2917 1608 haec
2952 1555 3291 1624 prophetiam
3344 1565 3398 1610 et
3437 1555 3646 1610 doctri-

2076 1660 2200 1700 nam
2234 1646 2537 1716 simplicem
2575 1662 2720 1714 csse,
2747 1663 2864 1718 qua:
2889 1648 2956 1702 ad
2987 1646 3290 1703 secundum
3339 1655 3395 1703 et
3442 1647 3647 1717 glorio-

2076 1753 2196 1793 sum
2223 1737 2524 1795 Salvatoris
2546 1741 2724 1795 nostri
2765 1741 3055 1796 adventum
3096 1747 3365 1810 spectant,
3407 1741 3647 1810 comple-

405 1827 475 1880 τά
523 1828 651 1896 περὶ
690 1828 786 1898 τῆς
833 1827 1087 1899 δευτέρας
1125 1829 1220 1881 καὶ
1272 1827 1481 1894 ἐνδόξου
1533 1828 1832 1900 παρουσίας
1877 1828 1970 1884 τοῦ

2076 1837 2357 1885 ctentem:
2403 1846 2564 1901 quem
2621 1830 2808 1887 Daniel
2849 1833 2935 1887 his
2984 1832 3164 1888 verbis
3211 1841 3640 1888 commemorat:

406 1919 659 1990 Σωτῆρος
686 1918 842 1990 ἡμῶν
872 1919 1256 1990 περιέχουσαν·
1285 1913 1352 1991 ἧς
1375 1920 1465 1972 καὶ
1494 1919 1522 1971 ό
1544 1920 1740 1991 Δανιὴλ
1769 1939 1872 1992 μνη
1881 1939 1976 1992 μοι

405 2006 574 2062 νεύων
606 2007 803 2078 φησίνο
850 2005 1189 2074 Ἐθεώρουν,
1223 2007 1322 2060 καὶ
1375 2007 1504 2060 ἰδοὺ
1536 2006 1634 2060 ἐπὶ
1663 2005 1780 2060 τῶν⁸
1806 2024 1978 2076 νεφε-

402 2099 530 2154 λῶν
551 2099 660 2153 τοῦ
689 2098 947 2168 οὐρανοῦ
986 2098 1120 2164 Υἱὸς
1154 2098 1468 2167 ἀνθρώπου
1497 2098 1716 2167 παρῆν,
1744 2100 1842 2152 καὶ
1869 2098 1975 2168 μέ-

403 2208 503 2259 χρι
541 2191 646 2246 τοῦ
689 2189 953 2246 Παλαιοῦ
985 2189 1102 2242 τῶν
1132 2190 1364 2258 ἡμερῶν
1400 2190 1646 2259 ἔφθασε.
1677 2191 1786 2244 Καὶ
1819 2190 1978 2256 αὐτῷ

400 2282 578 2352 ἐδόθη
611 2283 651 2351 ἠ
690 2281 846 2351 ἀρχὴ
877 2281 975 2335 καὶ
1027 2283 1066 2351 ή
1097 2279 1233 2350 τιμὴ
1283 2281 1382 2336 καί
1433 2283 1469 2350 η
1515 2283 1808 2347 βασιλεία
1829 2298 1843 2313 ⁸
1876 2284 1978 2338 καί

402 2373 622 2440 πάντες
665 2377 717 2428 οἱ
760 2374 918 2437 λαοὶ,
969 2373 1176 2443 φυλαὶ,
1208 2373 1480 2444 γλῶσσαι
1529 2375 1690 2441 αὐτῷ
1725 2375 1976 2433 δουλεύ-

404 2481 648 2520 σουσιν.
694 2463 754 2518 Ἡ
770 2464 1057 2529 ,βασιλεία
1081 2464 1266 2519 αὐτοῦ
1290 2464 1577 2529 ,βασιλεία
1599 2465 1851 2533 αἰώνιος,
1877 2467 1979 2521 καὶ

402 2557 442 2622 η
466 2555 719 2620 ἐξουσία
759 2554 944 2609 αὐτοῦ
991 2557 1061 2609 οὐ
1102 2554 1188 2624 μὴ
1230 2556 1535 2625 ἀφαιρεθῇ.
1592 2557 1755 2621 Τότε,
1788 2558 1974 2629 φησὶν.

402 2646 788 2716 ἀγαλλιάσεται
833 2648 980 2700 πᾶσα
1017 2647 1050 2716 ἡ
1079 2645 1170 2716 γῆ,
1203 2646 1322 2718 ἦτοι
1376 2650 1410 2718 ή
1454 2647 1612 2719 καινὴ
1653 2650 1846 2714 κτίσις,
1883 2650 1978 2702 καὶ

404 2737 603 2801 πάντες
634 2739 684 2790 οἱ
729 2737 788 2802 ἐξ
833 2738 1025 2801 αἰῶνος
1057 2739 1154 2810 τὴν
1182 2741 1284 2810 γῆν
1330 2741 1650 2810 οἰκήσαντες
1697 2741 1973 2811 ἄνθρωποι

402 2827 496 2882 τοῦ
525 2828 660 2882 Θεοῦ
680 2845 694 2856 ·
725 2828 758 2900 ἢ
782 2829 877 2883 καὶ
906 2830 954 2882 οἱ
991 2830 1272 2900 μέλλοντες
1304 2831 1658 2903 κληρονομεῖν
1679 2831 1774 2902 τὴν
1810 2834 1974 2886 ἐπουο

407 2918 586 2990 ράνιον
611 2919 733 2990 γῆν,
755 2919 894 2973 κατά
916 2919 975 2973 τό
995 2935 1008 2948 ⁸
1039 2919 1328 2989 Μακάριοι
1354 2924 1409 2974 οί
1437 2921 1664 2989 πραεῖς,
1690 2920 1777 2974 ὅτι
1803 2923 1973 2976 αὐτοι

405 3008 940 3079 κληρονομήσουσι
988 3011 1103 3078 τὴν
1152 3009 1284 3080 γῆν.
1341 3013 1452 3084 Τῆς
1493 3011 1602 3084 γὰρ
1657 3014 1972 3084 σωματικῆς

403 3099 589 3163 οὐσίας
617 3101 697 3164 εἰς
724 3100 1028 3171 ἀφθαρσίαν
1067 3099 1505 3172 μεταϐαλλούσης
1547 3103 1688 3156 κατά
1719 3103 1844 3166 τοὺς
1871 3103 1969 3175 τῆς

403 3186 750 3250 ἀναστάσεως
767 3166 974 3256 λόγους,
997 3166 1383 3256 ἀγαλλιάσεται
1416 3166 1564 3261 ήγῆ,
1593 3193 1688 3246 ἆτε
1717 3191 1816 3262 τῆς
1994 3166 2038 3224 c

401 3277 643 3349 οὐρανῶν
671 3277 944 3349 βασιλείας
982 3281 1074 3334 καὶ
1113 3279 1248 3352 αὐτὴ
1275 3281 1810 3354 καταξιωθησομένη.

465 3365 994 3437 Εὐφρανθήτωσαν
1025 3366 1206 3436 νῆσοι
1251 3370 1509 3423 πολλαί·
1540 3369 1734 3423 πολλαὶ
1759 3371 1834 3434 δέ,
1875 3371 1970 3425 καὶ

400 3457 463 3511 οὐ
497 3458 689 3522 πᾶσαι,
715 3456 805 3510 διὰ
840 3457 947 3510 τῶν
987 3457 1289 3524 κακοδόξων
1311 3476 1324 3489 ·
1359 3460 1420 3512 οὐ
1471 3461 1576 3532 χρὴ
1609 3461 1718 3533 γάρ
1758 3463 1969 3533 χαίρειν

399 3549 512 3609 τοῖς
539 3545 780 3600 ἀσεϐέσι.
828 3547 1045 3616 Νήσους
1073 3546 1182 3618 γάρ
1227 3547 1338 3602 ἐσθ’
1384 3551 1473 3603 ὅτε
1509 3549 1572 3602 τὸ
1622 3551 1858 3622 Γράμμα
1908 3551 1968 3605 τὸ

402 3638 546 3711 ἱερὸν
566 3638 665 3698 τὰς
704 3637 1025 3706 Ἑκκλησίας
1054 3639 1346 3692 ἀποκαλεῖ·
1365 3634 1474 3694 οἷον
1501 3643 1560 3694 ἐν
1582 3641 1819 3712 Θαλάσσῃ
1853 3659 1966 3696 κει-

401 3731 571 3802 μένας
600 3731 658 3783 ἐν
687 3729 822 3800 τῷδε
855 3729 933 3800 τῷ
964 3730 1134 3800 τόπῳ,
1162 3730 1256 3784 καὶ
1286 3735 1502 3802 πικροῖς
1534 3731 1690 3785 ὕδασι
1718 3749 1968 3804 περιεχο-

401 3823 570 3895 μένας
597 3825 715 3886 ταῖς
748 3824 804 3874 ἐν
836 3821 983 3892 αὑτῷ
1013 3821 1395 3892 περιστάσεσι,
1429 3823 1524 3876 καὶ
1550 3823 1626 3886 ὡς
1649 3823 1966 3894 ῥαγδαιοτά-

397 3931 514 3978 τοις
563 3913 770 3984 κύμασι
828 3913 1271 3984 καταπαιομένας
1328 3917 1440 3978 τοῖς
1488 3914 1776 3985 διωγμοῖς’
1825 3915 1966 3986 πλὴν

397 4003 752 4066 ἀδιαπτώτως
776 4004 1190 4075 ἐρηρεισμένας,
1222 4005 1317 4060 καὶ
1349 4005 1644 4075 ἀνεχούσας
1682 4003 1837 4074 ὑψοῦ,
1873 4008 1966 4060 καὶ

396 4100 520 4161 ταῖς
545 4096 787 4166 θλίψεσιν
815 4097 876 4149 οὐ
912 4095 1328 4167 βαπτιζομένης.
1371 4097 1678 4168 ’Δκλόνητοι
1723 4099 1830 4171 γὰρ
1878 4098 1965 4152 διὰ

397 4182 632 4255 Χριστὸν
662 4184 719 4236 αί
759 4183 1093 4254 Ἐκκλησίαι,
1127 4183 1221 4237 καὶ
1251 4184 1414 4237 πύλαι
1457 4185 1580 4256 ᾅδου
1618 4187 1678 4239 ού
1711 4187 1965 4259 κατισχύ-

398 4291 582 4327 σουσιν
636 4273 835 4327 αὐτῶν.
886 4273 1090 4328 Οὐκοῦν
1147 4274 1194 4329 εἰ
1248 4274 1312 4347 δὴ
1351 4273 1589 4345 βούλοιτό
1636 4294 1721 4340 τις
1767 4279 1964 4350 νήσους

394 4366 598 4420 ἐννοεῖν
629 4362 725 4430 τὰς
758 4365 816 4430 ἐξ
849 4365 1015 4419 ἐθνῶν
1057 4366 1396 4436 Ἐκκλησίας,
1436 4366 1534 4420 οὐκ
1568 4367 1675 4421 ἀπὸ
1702 4368 1795 4422 τοῦ
1832 4370 1965 4442 πρέ-

395 4475 591 4522 ποντος
630 4457 890 4529 βαδιεῖται
938 4457 1160 4512 σκοποῦ.
1205 4457 1628 4528 Ἐγκαινίζονται
1661 4461 1791 4528 γοῦν
1823 4461 1956 4532 πρὸς

397 4549 528 4602 Θεὸν
544 4549 693 4619 νῆσοι
725 4547 802 4618 τῷ
840 4546 1053 4620 Ἡσαΐᾳ,
1077 4549 1133 4603 αί
1163 4549 1269 4603 ἀπὸ
1287 4549 1396 4603 τῶν
1415 4549 1581 4602 ἐθνῶν
1622 4551 1954 4622 Ἐκκλησίαι,

395 4642 519 4712 ἄρτι
551 4639 975 4710 καθιστάμεναι,
1004 4641 1098 4693 καὶ
1135 4641 1232 4710 τῆς
1268 4641 1512 4712 ἁλμυρᾶς
1543 4641 1798 4706 ἀπιστίας
1828 4643 1956 4696 ἀνα-

395 4731 721 4798 κύπτουσαι,
749 4731 842 4785 καὶ
879 4728 1041 4801 πῆξιν
1074 4729 1406 4801 λαμϐάνουσι
1444 4731 1520 4802 τῷ
1552 4731 1668 4803 Θεῷ
1701 4732 1950 4805 βάσιμον.

395 4822 592 4886 Καλῶς
615 4822 793 4876 τοίνυν
833 4820 1110 4876 κάνταῦθα
1138 4819 1237 4884 τάς
1275 4820 1449 4892 ψυχάς
1472 4822 1579 4875 τῶν
1611 4824 1669 4876 ἐν
1696 4825 1808 4887 τοῖς
1838 4841 1957 4878 πει-

396 4918 623 4987 ρασμοῖς
655 4913 711 4968 τὸ
752 4914 962 4983 ἐδραῖόν
985 4929 1044 4965 τε
1084 4912 1180 4966 καὶ¹
1220 4912 1549 4982 ἀμετάθετον
1584 4913 1957 4986 ἐπιδεικνυμέ-

394 5018 520 5063 νων,
545 5002 739 5071 νήσους
772 4999 1074 5070 ὠνόμασεν,
1093 4997 1160 5062 ἀς
1183 4999 1444 5052 πάντοθεν
1479 5001 1575 5071 μὲν
1601 5001 1956 5075 διαλαμϐάνει

393 5093 428 5162 ὴ
453 5091 551 5159 τῆς
576 5091 773 5156 κακίας
801 5091 970 5162 άλμη,
997 5090 1057 5143 οὑ
1093 5089 1198 5161 μὴν
1235 5088 1482 5144 τοσοῦτον
1522 5092 1692 5162 ἰσχύει
1721 5093 1954 5166 προσπί·

394 5200 633 5247 πτουσα,
678 5183 754 5247 ὡς
784 5183 877 5238 καί¹
909 5182 1066 5237 σάλον
1096 5180 1217 5234 τινὰ
1263 5181 1340 5250 τῷ
1389 5181 1572 5253 παγίῳ
1615 5185 1710 5254 τῆς
1760 5185 1959 5256 ἀρετῆς

393 5277 708 5347 ἐμποιῆσαι.

461 5477 696 5547 Νεφέλη
746 5477 845 5532 καὶ
870 5477 1092 5546 γνόφος
1133 5477 1336 5542 κύκλῳ
1365 5475 1572 5539 αὐτοῦ,
1600 5470 1952 5543 δικαιοσυνη

2083 1925 2360 1993 Videbam,
2386 1934 2436 1980 et
2456 1942 2570 1980 ecce
2594 1927 2648 1980 in
2669 1925 2890 1979 nubibus
2920 1925 3034 1980 caeli
3060 1924 3234 1978 Filius
3263 1924 3488 1979 hominis
3522 1925 3646 1981 ade-

2077 2028 2184 2081 rat,
2219 2026 2268 2071 et
2316 2032 2474 2086 usque
2503 2016 2570 2069 ad
2603 2016 2890 2085 Antiquum
2919 2015 3124 2069 dierum
3151 2013 3400 2082 pervenit.
3437 2012 3506 2066 Et
3534 2013 3641 2084 ipsi

2076 2109 2263 2163 datum
2289 2117 2367 2164 est
2400 2109 2675 2178 imperium
2703 2117 2752 2161 et
2795 2107 2960 2161 honor
2996 2118 3042 2161 et
3096 2121 3308 2176 regnum
3335 2119 3353 2157 :
3378 2113 3428 2159 et
3464 2121 3640 2160 omnes

2076 2201 2256 2270 populi
2287 2239 2303 2265 ,
2343 2200 2512 2253 tribus
2543 2208 2592 2253 et
2622 2199 2816 2268 linguae
2857 2197 2957 2266 ipsi
2983 2196 3226 2252 servient.
3255 2195 3486 2267 Regnum
3523 2196 3641 2267 ejus

2077 2309 2292 2365 regnum
2342 2292 2739 2361 sempiternum,
2785 2298 2835 2344 et
2876 2296 3108 2358 potestas
3155 2287 3270 2358 ejus
3300 2303 3406 2342 non
3433 2286 3642 2356 aufere-

2078 2390 2166 2437 tur
2204 2381 2272 2438 3‘.
2310 2380 2484 2444 Tunc,
2520 2379 2716 2450 inquit,
2747 2376 3040 2434 exsultabit
3059 2375 3239 2433 omnis
3265 2383 3432 2440 terra,
3456 2375 3507 2430 id
3534 2384 3640 2442 est,

2076 2488 2217 2529 nova
2249 2481 2522 2536 creatura,
2545 2477 2604 2527 et
2641 2485 2833 2526 omnes
2867 2467 2957 2524 Dei
2983 2469 3234 2524 homines
3259 2467 3353 2538 qui
3385 2483 3416 2522 a
3443 2469 3643 2524 saeculo

2075 2574 2280 2623 terram
2345 2563 2627 2626 incolunt;
2664 2562 2777 2617 sive
2837 2560 3002 2616 etiam
3045 2559 3139 2629 qui
3170 2559 3446 2614 omlestem
3494 2560 3642 2614 illam

2077 2666 2276 2712 terram
2333 2652 2646 2723 possessuri
2707 2657 2858 2714 sunt,
2917 2651 3217 2704 secundum
3273 2647 3408 2703 illud
3447 2648 3644 2704 :Beati

2075 2749 2260 2810 mites,
2297 2745 2543 2816 quoniam
2602 2743 2700 2812 ipsi
2762 2739 3099 2810 possidebunt
3175 2749 3370 2794 terram
3391 2738 3458 2794 ⁸⁸.
3505 2738 3643 2796 Nam

2074 2853 2199 2893 cum
2246 2849 2514 2906 corporea
2559 2832 2866 2890 substantia
2920 2830 2975 2884 in
3027 2830 3516 2899 incorruptionem,
3545 2843 3644 2901 per

2073 2920 2498 2981 resurrectionis
2555 2919 2763 2990 legem,
2821 2923 3028 2972 mutata
3099 2915 3300 2979 fuerit,
3347 2915 3644 2972 exsultabit

2072 3021 2240 3076 terra,
2276 3017 2463 3080 utpote
2493 3023 2614 3080 qua:
2637 3021 2807 3078 regno
2841 3005 3106 3061 caelorum
3153 3013 3206 3060 et
3246 3006 3363 3077 ipsa
3386 3004 3642 3062 donanda

2073 3102 2166 3160 sit.

2141 3366 2410 3421 Lmtentur
2431 3363 2622 3418 iusqu
2647 3361 2850 3426 mutue,
2873 3359 3059 3415 multa:
3101 3357 3378 3423 videlicet,
3409 3357 3506 3414 sed
3532 3374 3642 3414 non

2069 3469 2284 3520 omnes,
2310 3469 2498 3510 eorum
2553 3468 2721 3509 causa
2780 3451 2874 3524 qui
2930 3466 3098 3522 prave
3145 3451 3388 3507 sentiunt
3417 3469 3432 3506 :
3462 3465 3642 3522 neque

2068 3546 2214 3599 enim
2267 3558 2364 3615 par
2385 3553 2470 3600 est
2504 3551 2558 3598 ut
2592 3542 2743 3612 impii
2776 3541 3068 3611 gaudeant.
3126 3541 3341 3597 Insulas
3369 3540 3641 3613 siquidem

2069 3634 2350 3706 Scriptura
2396 3649 2552 3690 saera
2593 3632 2867 3688 Ecclesiae
2930 3631 3163 3687 subinde
3215 3643 3409 3699 vocat,
3450 3640 3641 3702 utpote

2066 3742 2189 3798 quae
2219 3726 2306 3782 his
2335 3727 2390 3780 in
2425 3724 2560 3779 locis
2581 3725 2730 3777 velut
2764 3721 2820 3776 in
2844 3721 2982 3776 mari
3023 3719 3262 3791 jaceant,
3304 3721 3639 3794 immanique

2069 3831 2338 3888 aquarum
2365 3814 2536 3878 ﬂuxu,
2555 3813 2964 3868 calamitatibus
2993 3813 3267 3879 videlicet,
3292 3814 3638 3870 circumden-

2067 3917 2178 3972 tur,
2207 3920 2272 3962 ac
2315 3905 2810 3976 persecutionibus,
2855 3919 2952 3960 seu
3011 3904 3331 3961 decumanis
3379 3903 3636 3961 ﬂuctibus

2061 3997 2372 4067 jactentur;
2427 4008 2612 4048 verum
2671 3993 2790 4048 sine
2869 3993 3219 4057 detrimento,
3275 3999 3464 4064 utpote
3513 4010 3634 4064 qua:

2065 4086 2216 4142 fultae
2247 4092 2302 4140 et
2328 4084 2383 4138 in
2417 4083 2650 4140 sublime
2683 4092 2878 4140 erectae
2926 4085 3057 4148 sint,
3092 4092 3256 4155 atque
3286 4086 3342 4139 in
3373 4086 3635 4141 aerumnis

2065 4192 2175 4233 non
2200 4177 2606 4245 demergantur.
2630 4173 2763 4228 Nam
2795 4174 3001 4230 Christi
3031 4189 3196 4245 opera
3251 4173 3509 4231 Ecclesia:
3530 4177 3635 4232 im-

2065 4269 2295 4323 mobiles
2319 4273 2563 4328 manent,
2593 4274 2650 4320 et
2673 4272 2845 4336 porta:
2899 4264 3064 4320 inferi
3113 4280 3227 4320 non
3258 4267 3630 4336 praevalebunt

2065 4360 2328 4416 adversus
2355 4373 2469 4413 eas.
2499 4357 2705 4429 Siquis
2733 4371 2864 4429 ergo
2916 4373 3010 4428 per
3075 4355 3306 4424 insulas,
3351 4357 3630 4418 Ecclesias

2063 4467 2131 4508 ex
2159 4451 2414 4523 gentibus
2462 4449 2693 4520 intelligi
2739 4449 2996 4515 voluerit,
3039 4465 3070 4503 a
3099 4464 3227 4505 vero
3257 4464 3426 4520 scopo
3450 4452 3630 4508 neuti-

2063 4559 2227 4616 quam
2259 4541 2557 4598 aberrabit.
2593 4539 2931 4596 lnnovantur
2971 4541 3115 4595 enim
3155 4556 3284 4612 erga
3331 4540 3498 4597 Deum
3543 4544 3630 4598 in-

2064 4639 2197 4694 sulre
2222 4634 2367 4706 apud
2423 4633 2620 4689 Isaiam
2643 4633 2709 4701 ⁸⁸,
2745 4632 3002 4690 Ecclesiae
3043 4649 3237 4705 nempe
3263 4648 3328 4689 ex
3350 4633 3625 4705 gentibus,

2061 4745 2193 4801 qua:
2219 4743 2395 4800 nuper
2443 4727 2754 4782 constituta:
2802 4735 2948 4788 sunt,
2985 4734 3146 4796 atque
3190 4725 3257 4780 ab
3285 4712 3374 4781 illa
3410 4726 3547 4782 falsa
3571 4737 3629 4784 et

2058 4821 2270 4876 marina
2333 4819 2716 4875 incredulitate
2760 4824 3121 4884 emerserunt,
3183 4832 3241 4872 ac
3297 4818 3625 4875 soliditatem

2059 4907 2357 4978 accipiunt,
2407 4919 2468 4962 ut
2491 4905 2581 4962 Dei
2649 4905 2877 4974 vestigia
2919 4905 3060 4960 ferre
3103 4907 3336 4976 possint.
3391 4905 3625 4964 Pulchre

2059 4998 2187 5054 item
2211 4999 2422 5053 animas
2447 5013 2659 5063 eorum,
2691 4996 2784 5067 qui
2816 4996 2872 5051 in
2902 4997 3300 5054 tentationibus
3339 5007 3624 5056 versantes

2059 5089 2368 5145 ﬁrmitatem
2395 5097 2446 5144 et
2494 5087 2926 5144 immobilitatem
2971 5086 3251 5154 exhibent,
3284 5087 3375 5143 hic
3413 5087 3623 5143 insulas

2056 5181 2356 5244 vocaverit,
2387 5193 2525 5251 quas
2581 5177 2822 5250 undique
2877 5178 3100 5234 malitiae
3158 5177 3408 5250 procella:
3452 5178 3622 5248 impe-

2055 5278 2211 5331 tunt;
2247 5284 2423 5339 neque
2467 5279 2647 5324 tamen
2667 5269 3034 5339 irrumpentes
3080 5267 3134 5322 id
3175 5265 3384 5322 elﬁcere
3419 5267 3619 5334 valent,

2053 5370 2113 5416 ut
2137 5362 2357 5418 virtutis
2379 5359 2624 5417 ﬁrmitati
2654 5361 3065 5418 succussionem
3096 5359 3352 5415 inferant.

2120 5467 2286 5530 Vsus.
2319 5472 2355 5527 2
2413 5471 2588 5531 Nubes
2623 5484 2672 5528 et
2705 5474 2875 5545 caligo
2905 5475 2958 5528 in
2985 5473 3212 5527 circuitu
3240 5473 3376 5541 ejus,
3399 5473 3622 5542 justitia

392 5572 487 5628 καὶ
521 5570 695 5642 κρῖμα
731 5571 1092 5637 κατόρθωσις
1116 5567 1220 5621 τοῦ
1251 5567 1465 5634 θρόνου
1493 5566 1700 5620 αὑτοῦ.
1735 5565 1952 5637 Νεφέλη

2071 5575 2099 5620 rt
2123 5566 2385 5635 judicium
2412 5570 2662 5623 correctio
2695 5567 2868 5622 throni
2895 5566 3033 5636 ejus.
3065 5563 3248 5622 Nubes
3288 5563 3507 5635 quidem
3532 5570 3621 5622 est

460 5727 507 5763 “
547 5727 680 5782 Dan.
717 5741 828 5790 vn,
869 5725 970 5790 15,
1011 5726 1098 5780 Η.
1173 5726 1217 5756 ⁸³
1259 5724 1447 5782 Matth.
1484 5741 1537 5780 v.
1570 5724 1622 5780 4.
1699 5723 1747 5757 ⁸⁸
1783 5721 1888 5782 lsa.
1927 5737 2048 5789 XLI,
2089 5724 2136 5784 ί.

668 5823 939 5883 Parnm"
965 5820 1079 5883 Gn.
1116 5819 1352 5882 XXIII.

3223 5814 3302 5900 39
