2037 3208
216 156 286 185 1297

548 160 684 189 EUSEBII
693 161 934 190 CESARIENSIS
952 161 1028 190 OPP.
1047 161 1138 191 PARS
1157 162 1203 191 lll.
1218 178 1254 184 --—
1268 162 1477 192 EXEGE’I‘ICA.

1767 162 1835 190 5228

214 223 247 242 ex
260 216 417 250 splendente
435 226 498 246 aere
509 219 624 247 radians
643 223 672 247 et
688 219 849 247 tenuissima
861 219 997 254 composi-

1053 221 1099 255 μέν
1111 221 1185 248 ἐστιν
1199 222 1230 247 ἐκ
1240 220 1400 256 φωτοειδοῦς
1414 220 1493 255 ἀέρος
1505 219 1668 254 φεηοόόλον
1680 218 1727 245 καὶ
1737 218 1829 245 λεπτό-

213 263 372 298 tio;caligo
391 268 493 297 autem,
506 265 613 293 turbida
629 271 656 293 et
681 266 799 294 obscura
824 266 997 293 tenebrarum

215 305 324 335 ollusio.
338 308 391 336 Per
405 314 552 345 utrumque
567 318 631 338 vero
647 312 746 339 divinae
774 315 879 338 natura:
904 310 999 337 invisi-

216 351 347 381 bilitatem
385 363 476 383 sermo
509 356 638 384 declarat.
667 357 901 390 Quemadmodum
927 357 998 383 enim

215 406 288 432 eum,
300 401 346 436 qui
360 402 433 430 nube
447 402 564 438 quadam
577 407 603 430 et
622 404 737 439 caligine
752 404 916 435 obvolvitur,
932 410 999 430 con-

215 446 321 479 spicere
334 446 414 482 plane
427 455 481 475 non
499 449 578 482 licet;
607 451 647 477 sic
675 453 702 477 et
728 449 875 477 invisibilis
900 452 999 475 natura

214 491 300 519 videri
312 500 426 527 prorsus
440 495 544 529 nequit.
563 495 703 530 Significat
717 496 781 523 item
806 495 933 522 latentem
947 494 1000 522 Do-

215 536 282 564 mini
294 537 326 564 ad
345 538 469 566 homines
487 540 644 574 adventum,
662 540 772 576 quando
787 541 816 568 in
828 541 899 568 servi
912 540 999 567 forma

215 587 298 610 natus
312 587 372 616 est;
388 584 426 611 ita
439 590 469 611 ut
483 586 569 613 nubes
590 590 617 613 et
644 587 732 621 caligo
747 594 812 613 caro
827 594 900 618 esse,
917 592 999 621 quam

215 627 376 663 assumpsit.
402 629 587 665 intelligatur;
604 635 698 665 utpote
713 639 774 666 quae
790 631 919 658 deitatem
934 638 1000 665 ope-

215 674 280 707 riat,
297 676 447 704 secundum
480 678 544 705 illud
563 687 570 705 :
588 679 681 706 Posuit
712 681 832 707 tenebras
860 680 1000 706 latibulum

214 728 292 747 suum
307 729 317 748 :
331 722 358 748 in
378 722 490 750 circuitu
505 724 562 759 ejus
575 725 773 752 tabernaculum
795 726 853 761 ejus
862 726 895 753 ".
911 725 1000 753 Monet

214 765 297 792 etiam
313 766 399 801 ipsum
414 775 477 796 esse
492 769 539 804 qui
555 770 580 796 in
596 775 690 798 monte
705 770 771 798 Sina
787 771 815 798 in
827 772 898 799 nube
911 775 938 798 et
953 778 999 798 ca-

215 809 298 845 ligine
309 819 338 839 se
349 812 493 840 exhibuit:
508 821 541 841 ac
553 815 642 848 docet,
660 817 766 843 etiamsi
790 817 881 844 divina
903 821 1000 844 natura

216 855 301 883 videri
317 862 444 892 nequeat,
458 866 539 893 posse
553 864 643 888 tamen
653 868 688 888 ex
702 862 860 897 operatione
874 862 934 897 ejus
945 862 1001 889 vir-

1049 274 1128 293 τατον
1144 266 1270 301 ὕφασμα·
1286 266 1384 301 γνόφος
1409 265 1438 292 δέ
1453 264 1592 300 ἀχλυώδης
1616 264 1663 290 καὶ
1683 261 1836 299 ὁμιχλώδης

1051 312 1212 347 σκοτασμός.
1229 313 1267 338 Δι’
1290 312 1452 348 ἀμφοτέρων
1469 311 1500 337 τδ
1519 310 1674 346 ἀθεώρητον
1694 309 1743 345 τῆς
1759 308 1837 341 θείας

1049 358 1157 393 φύσεως
1174 358 1356 393 ἀποσεμνύνει
1369 359 1383 385 ὁ
1394 358 1481 392 λόγος.
1491 357 1596 393 Ὥσπερ
1607 356 1661 392 γὰρ
1675 355 1722 382 τὸν
1735 353 1836 393 νεφέλῃ

1049 406 1103 432 τινὶ
1120 405 1167 431 καὶ
1182 405 1273 440 γνόφῳ
1290 404 1546 439 συγκαλυπτόμενον
1560 403 1690 430 ἀδύνατον
1704 401 1837 433 κατιδεῖν,

1049 450 1120 477 οὕτω
1134 451 1250 486 πάμπαν
1274 450 1403 477 ἀδύνατον
1422 449 1570 476 θεάσασθαι
1589 448 1637 484 τὴν
1653 448 1768 483 ἀόρατον
1785 445 1848 481 φύεν

1051 503 1102 522 σιν.
1117 495 1246 530 Σημαίνει
1259 494 1287 521 δέ
1303 495 1350 521 καὶ
1363 494 1413 529 τὴν
1428 493 1570 529 λεληθυῖαν
1583 494 1612 520 ἐν
1624 491 1776 528 ἀνθρώποις
1786 490 1837 518 τοῦ

1050 540 1153 575 Κυρίου
1176 540 1305 572 κάθοδον,
1329 541 1373 567 ὅτε
1402 541 1524 575 πέφυκεν
1547 540 1576 566 ἐν
1599 539 1631 575 τῇ
1662 538 1710 565 τοῦ
1739 536 1837 564 δούλου

1052 588 1154 622 μορφῇ.
1178 586 1215 618 ὡς
1230 586 1347 614 νοεῖσθαι
1371 587 1486 622 νεφέλην
1500 585 1547 613 καὶ
1565 585 1663 620 γνόφον
1681 583 1731 620 τὴν
1750 591 1839 620 προσ-

1050 632 1198 668 ληφθεῖσαν
1215 632 1315 668 σάρκα,
1333 633 1380 660 ἅτε
1396 633 1446 668 τὴν
1465 632 1578 668 θεότητα
1597 630 1838 666 ὑποκρύπτουσαν,

1051 677 1122 704 κατά
1131 677 1171 704 τό·
1183 678 1283 704 ’Ἑθετο
1299 678 1409 711 σκότος
1424 676 1605 711 ἀποκρυφὴν
1615 675 1719 708 αὐτοῦ,
1733 675 1842 707 κύκλῳ

1050 723 1143 750 αὑτοῦ
1166 723 1185 757 ἡ
1208 723 1311 757 σκηνὴ
1327 723 1429 750 αὑτοῦ.
1451 723 1665 758 Ἀναμιμνήσκει
1683 721 1712 748 δέ
1738 722 1786 749 καὶ
1799 721 1842 754 ὡς

1051 769 1132 800 αὐτός
1148 769 1206 796 ἐστι
1229 770 1275 796 καὶ
1291 770 1305 795 ί.
1320 770 1350 796 ὲν
1373 769 1412 804 τῷ
1433 770 1497 805 Σινᾷ
1522 768 1579 804 ὄρει
1595 768 1638 795 διὰ
1654 767 1769 804 νεφέλης
1791 767 1842 795 καὶ

1051 815 1150 850 γνόφου
1179 816 1230 851 τὴν
1253 816 1356 843 οἰκείαν
1378 816 1561 850 ποιησάμενος
1583 814 1761 849 ἐπιφάνειαν,
1789 813 1840 840 καὶ

1051 861 1182 893 διδάσκει,
1198 861 1250 892 ὅτι,
1268 862 1292 887 εἰ
1307 862 1353 887 καὶ
1368 860 1417 896 τὴν
1434 860 1508 887 θείαν
1528 859 1608 895 φύσιν
1625 859 1757 886 ἀδύνατον
1771 867 1841 885 κατ-

216 905 301 929 tutem
327 904 458 939 conspici.
478 905 617 940 Siquidem
640 894 776 942 justitiam
799 894 923 935 homines
950 908 1000 934 do-

1054 901 1134 937 ιδέῖν,
1159 905 1215 932 ἀλλ’
1236 903 1281 932 οὖν
1305 906 1349 932 διὰ
1367 894 1415 941 τής
1439 894 1578 941 ἐνεργείας
1601 905 1651 941 τὴν
1673 904 1777 940 ταύτης
1792 902 1840 931 δύ-

215 949 289 983 cuit;
304 957 335 977 ac
346 958 393 978 eos
404 951 450 986 qui
465 953 558 979 omnia
574 953 635 981 sine
655 954 762 981 delectu
787 959 815 982 et
838 954 1002 982 discretione

214 996 392 1030 peragebant,
411 1002 440 1023 ut
469 1005 531 1024 cum
554 1002 630 1026 recto
640 999 745 1034 judicio
767 999 851 1026 vitam
880 1005 1001 1034 agerent,

216 1040 344 1068 instituit.
372 1041 428 1069 Hoc
457 1043 544 1077 ipsius
564 1044 680 1073 thronus
707 1052 740 1072 ac
765 1053 879 1081 regnum
904 1045 1001 1078 eﬂicit;

215 1092 301 1119 quare
323 1086 418 1114 addit:
433 1087 546 1116 Iustitia
570 1094 595 1116 et
607 1090 740 1124 judicium
765 1091 892 1117 correctio
916 1090 1002 1118 throni

215 1133 283 1167 ejus.
295 1132 356 1160 llzec
367 1133 426 1167 fuit,
440 1135 538 1170 inquit,
552 1136 685 1163 adventus
699 1136 772 1164 illius
784 1144 877 1168 causa,
895 1140 924 1163 ut
933 1136 1004 1171 judi-

215 1182 292 1204 caret
300 1178 375 1212 juste
390 1187 502 1207 causam
515 1185 647 1212 nostram,
665 1189 746 1217 quam
759 1182 1002 1217 contrazmalignas

216 1228 244 1250 et
258 1222 431 1252 adversarias
445 1229 595 1260 potestates
618 1227 761 1256 habemus.
790 1228 820 1256 1n
834 1236 883 1256 nos
903 1230 1003 1264 quippe

218 1271 342 1305 regnavit
352 1271 489 1305 Christus.
513 1278 542 1301 ut
570 1274 622 1302 fide
653 1275 818 1310 justificaret
842 1284 891 1304 eos
914 1278 959 1312 qui
975 1278 1003 1304 in

217 1321 329 1351 peccato
339 1322 426 1346 erant.
447 1319 557 1347 Judicio
566 1324 656 1348 autem
667 1325 709 1348 est
725 1329 791 1348 usus
803 1322 882 1357 plane
897 1322 1001 1356 divino,

216 1370 249 1389 ac
265 1363 463 1392 humanissimo
477 1372 484 1391 :
499 1365 632 1400 judicavit
645 1367 730 1398 enim,
748 1375 802 1394 non
827 1375 858 1394 ex
874 1368 1003 1403 operibus

214 1408 340 1442 iustitiae,
356 1409 404 1437 sed
427 1411 578 1438 secundum
607 1412 823 1439 misericordiam
850 1420 927 1441 suam
946 1421 1003 1440 ma-

215 1462 319 1489 gnam:
339 1463 444 1491 nosque
468 1464 516 1491 per
535 1464 634 1492 aquam
658 1462 783 1485 sanctam
809 1463 837 1486 et
860 1459 1003 1494 mysticam

215 1501 306 1528 salvos
321 1500 421 1534 eﬂ‘ecit,
437 1501 466 1529 in
480 1510 534 1537 qua
550 1503 686 1530 contritus
701 1508 725 1530 et
739 1504 917 1531 conculcatus
939 1503 1001 1536 fuit,

1051 961 1133 987 ναμιν
1158 952 1245 979 ἔνεστι
1263 952 1409 987 θεωρῆσαι.
1434 951 1609 987 Δικαιοσύνην
1623 951 1677 987 γὰρ
1706 951 1770 983 τοὺς
1787 951 1839 977 ἁν-

1052 997 1175 1033 θρώπους
1197 998 1358 1031 ἐπαίδευσε,
1376 998 1422 1025 καὶ
1449 999 1512 1030 τοὺς
1539 998 1702 1033 ἀδιακρίτως
1729 997 1840 1024 ἅπαντα

1051 1044 1171 1079 δρῶντας
1191 1044 1258 1079 μετὰ
1280 1044 1397 1080 κρίσεως
1414 1044 1496 1080 ὀρθῆς
1514 1043 1616 1075 ἐδίδαξε
1636 1042 1836 1069 πολιτεύεσθαι.

1052 1089 1144 1117 Ταῦτα
1162 1090 1245 1116 αὐτοῦ
1264 1091 1278 1117 ὁ
1298 1090 1391 1125 θρόνος
1410 1090 1456 1117 καὶ
1472 1090 1489 1125 ή
1515 1089 1636 1124 βασιλεία
1655 1088 1838 1124 κατώρθωσε’

1051 1136 1091 1162 διὸ
1103 1136 1214 1170 ἐπάγει-
1228 1137 1405 1169 Δικαιοσύνη
1421 1136 1469 1162 καὶ
1487 1135 1575 1170 κρῖμα
1589 1136 1770 1169 κατόρθωσις
1784 1133 1842 1162 τοῦ

1052 1182 1160 1215 θρόνου
1171 1181 1281 1208 ἀύτοῦ.
1304 1180 1389 1216 Αὕτη,
1405 1181 1485 1216 φησὶ,
1504 1182 1599 1215 γέγονε
1621 1181 1671 1215 τῆς
1688 1179 1841 1216 παρουσίας

1053 1227 1165 1262 ὴαίτία,
1181 1227 1211 1254 τὸ
1224 1228 1314 1263 κρῖναι
1331 1227 1442 1258 δικαίως
1456 1226 1505 1262 τὴν
1522 1227 1611 1263 κρίσιν
1627 1227 1715 1262 ἡμῶν,
1736 1227 1768 1263 ἢν
1780 1226 1842 1262 ἔχοι

1055 1282 1104 1310 μεν
1120 1273 1219 1309 δηλαδὴ
1236 1273 1303 1309 πρὸς
1319 1272 1368 1305 τὰς
1390 1273 1511 1308 πονηρὰς
1526 1273 1573 1299 καὶ
1592 1272 1782 1308 ἀντικειμένας
1793 1272 1840 1299 δυ-

1053 1320 1158 1355 νάμεις.
1183 1319 1362 1346 Βεὸασίλευκε
1389 1319 1442 1353 γὰρ
1464 1318 1542 1353 ήμῶν
1555 1319 1568 1345 ὁ
1588 1318 1718 1353 Χριστὸς,
1734 1318 1778 1345 ἵνα
1797 1318 1840 1344 at-

1054 1365 1159 1401 καιὼσῃ
1171 1367 1203 1401 τῇ
1219 1365 1307 1391 πίστει
1322 1365 1385 1396 τοὺς
1393 1365 1421 1391 ἐν
1436 1365 1567 1400 ἁμαρτίᾳ.
1586 1364 1772 1400 Ἐχρήσατοδέ
1791 1364 1841 1391 καὶ

1054 1411 1201 1447 θεοπρεπεῖ
1223 1410 1270 1437 καὶ
1295 1410 1436 1446 φιλαγάθῳ
1455 1411 1584 1447 κρίματι“
1611 1410 1768 1437 δεδικαίωκε
1784 1410 1840 1446 γὰρ

1054 1455 1104 1481 οὐκ
1118 1455 1147 1486 ἐξ
1161 1454 1249 1490 ἔργων
1262 1454 1445 1489 δικαιοσύνης,
1460 1454 1528 1481 ἀλλὰ
1542 1454 1612 1481 κατά
1628 1454 1658 1481 τὸ
1674 1454 1741 1481 πολὺ
1755 1455 1838 1481 αὑτοῦ

1054 1500 1138 1531 ἔλεος
1154 1500 1256 1526 σέσωκε
1271 1499 1299 1525 δέ
1316 1500 1390 1534 ἡμᾶς
1402 1500 1448 1526 καὶ
1464 1500 1497 1526 δι’
1511 1499 1607 1532 ὕδατος
1626 1500 1672 1527 τοῦ
1693 1500 1771 1534 ἁγίου
1791 1501 1840 1527 καὶ

217 1544 271 1571 imo
285 1545 377 1579 potius
401 1547 482 1581 periit
512 1547 596 1574 draco
623 1548 669 1575 ille
684 1548 779 1575 multis
808 1548 945 1583 capitibus
959 1548 1002 1575 in-

1057 1546 1197 1581 μυστικοῦ,
1210 1546 1238 1570 ἐν
1286 1545 1429 1580 συνετρίῦη
1446 1546 1492 1572 καὶ
1507 1546 1671 1581 πεπάτηται,
1691 1545 1790 1581 μᾶλλον
1809 1545 1839 1572 δὲ

215 1593 350 1623 structus,
380 1597 413 1618 ac
438 1597 501 1618 cum
523 1598 556 1619 eo
568 1592 686 1619 virtutes
701 1593 761 1627 ejus
782 1593 916 1628 malignae.
940 1592 1002 1621 Haec

215 1634 336 1661 correxit
356 1634 460 1662 Christi
473 1642 598 1670 regnum.
621 1635 650 1664 Id
675 1644 740 1664 sane
766 1636 830 1664 hinc
846 1638 934 1672 palam
948 1642 1001 1670 est,

215 1680 289 1715 quod
302 1687 353 1707 nos
363 1680 473 1715 quidem
488 1681 522 1708 ab
538 1681 571 1709 iis
582 1682 629 1715 qui
644 1689 695 1708 nos
712 1682 813 1717 injuste
834 1682 861 1709 in
885 1683 1004 1710 servitu-

215 1731 271 1754 tem
286 1726 446 1761 redegeraut
457 1727 563 1754 liberati
586 1727 671 1754 simus
681 1747 689 1759 ,
706 1727 744 1754 illi
756 1735 820 1754 vero
830 1728 1002 1755 condemnati

216 1774 283 1802 sint.
300 1772 363 1800 Haec
374 1773 476 1808 quippe
490 1781 553 1801 vera
566 1773 673 1808 justitia
692 1778 744 1807 est,
760 1778 790 1801 ut
807 1774 830 1802 is
846 1774 892 1809 qui
910 1778 1003 1810 tyran-

216 1819 308 1847 nidem
337 1819 483 1847 exercebat
517 1819 641 1847 diabolus
675 1819 850 1854 destruatur,
879 1820 1003 1849 homines

215 1872 282 1892 vero
296 1864 343 1900 qui
370 1864 423 1891 sub
439 1864 582 1900 tyrannide
609 1864 744 1900 degebant
770 1865 929 1893 liberentur.
945 1866 1003 1894 Cte-

216 1915 306 1938 t-erum
327 1910 355 1938 id
371 1918 480 1946 quoque
496 1918 510 1937 a
527 1911 607 1938 nobis
632 1912 746 1947 expetit,
762 1916 791 1939 ut
815 1911 951 1947 justitiam
976 1917 1004 1941 et

214 1957 349 1992 judicium
361 1960 436 1984 recte
450 1964 638 1984 exerceamus.

253 2003 335 2031 Vens.
352 2003 412 2031 5-7.
433 2002 506 2038 Ignis
519 2003 546 2030 in
562 2008 701 2038 conspectu
715 2004 772 2039 ejus
793 2004 962 2036 exardescet,
978 2008 1004 2031 et

216 2050 392 2084 inflammabit
415 2050 442 2077 in
467 2050 579 2077 circuitu
605 2051 725 2078 inimico:
754 2050 821 2085 ejus.
853 2049 1004 2078 “luxerunt

217 2097 324 2131 fulgura
337 2096 393 2131 eius
410 2096 467 2123 orbi
485 2101 562 2124 terra
574 2104 584 2124 :
599 2096 663 2123 vidit
678 2101 702 2123 et
721 2101 853 2123 commota
866 2101 905 2123 est
921 2101 1002 2125 terra.

217 2141 320 2170 Montes
334 2142 402 2169 sicut
419 2149 480 2169 cera
495 2134 630 2177 liquefacti
643 2147 704 2169 sunt
724 2151 741 2169 α
761 2143 829 2178 {acie
840 2142 967 2179 Domini,
987 2152 1004 2171 a

217 2189 285 2223 {acie
312 2188 420 2215 Domini
450 2189 535 2215 omnis
568 2193 655 2216 teme.
687 2189 917 2218 Auuuuliauerunt
947 2191 1005 2218 creti

1054 1591 1100 1618 καὶ
1120 1590 1258 1617 ἀπόλωλεν
1280 1591 1294 1616 ὀ
1318 1591 1501 1626 πολυκέφαλος
1525 1591 1649 1627 δράκων,
1664 1591 1711 1618 καὶ
1735 1592 1763 1618 αἱ
1789 1591 1839 1618 σὺν

1054 1637 1127 1673 αὐτῷ
1137 1637 1264 1673 δυνάμεις
1281 1638 1408 1673 πονηραί.
1421 1637 1512 1664 Ταῦτα
1530 1639 1546 1673 ἡ
1563 1638 1609 1664 τοῦ
1626 1638 1743 1674 Χριστοῦ
1762 1638 1839 1674 βασι-

1053 1683 1112 1710 λεία
1129 1683 1302 1719 κατώρθωσε.
1320 1683 1403 1719 Δῆλον
1423 1683 1451 1710 δὲ
1479 1684 1524 1718 ἀφ’
1547 1681 1583 1711 ὧν
1603 1685 1683 1720 ἡμεῖς
1712 1685 1760 1720 μὲν
1784 1685 1841 1716 τῶν

1054 1728 1312 1755 καταδουλωσάντων
1327 1728 1426 1760 ἀδίκως
1442 1729 1678 1765 ἠλευθερώθημεν,
1697 1731 1795 1758 ἐκεῖνοι
1810 1730 1842 1758 δὲ

1054 1774 1265 1810 κατεκρίθησαν.
1281 1774 1366 1801 Τοῦτο
1382 1775 1436 1810 γὰρ
1457 1776 1546 1811 κρίσις
1565 1776 1670 1808 δικαία,
1684 1777 1715 1803 τὺ
1726 1776 1772 1803 τὸν
1789 1777 1841 1813 μὲν

1054 1820 1236 1856 τυραννοῦντα
1255 1820 1376 1846 διάϐολον
1390 1820 1522 1853 καθελεῖν,
1536 1822 1599 1853 τοὺς
1612 1821 1640 1847 δὲ
1658 1821 1840 1857 τυραννουμέ-

1053 1874 1116 1897 νους
1134 1864 1292 1902 ἀνθρώπους
1314 1864 1503 1901 ἐλευθερῶσαι.
1520 1866 1593 1902 Πλὴν
1609 1865 1677 1893 ἀλλὰ
1702 1867 1749 1894 καὶ
1764 1867 1840 1902 ἡμᾶς

1055 1911 1166 1938 ἀπαιτεῖ
1181 1910 1355 1947 δικαιοσύνην
1372 1911 1418 1938 καὶ
1433 1911 1522 1947 κρίσιν
1539 1912 1696 1947 κατορθοῦν.

1091 2003 1153 2037 Πῦρ
1169 2003 1298 2030 ἐνώπιον
1315 2002 1409 2030 αὐτοῦ
1431 2002 1631 2037 καυθήσεται,
1655 2004 1704 2030 καὶ
1723 2002 1843 2038 solo-risi

1055 2050 1158 2081 κύκλῳ
1171 2048 1244 2081 τοὺς
1256 2049 1382 2084 ἐχθροὺς
1392 2049 1633 2084 αὐτοῦ.Ἕφαναν
1646 2051 1676 2076 al
1689 2050 1840 2085 ἀστραπαὶ

1055 2095 1147 2122 αὐτοῦ
1159 2094 1197 2128 τῇ
1211 2094 1369 2129 οικοιψένῃ
1380 2103 1388 2111 ·
1404 2093 1465 2121 side
1479 2095 1527 2121 καὶ
1543 2095 1693 2129 ἐσαλεύθη
1707 2095 1725 2129 ἡ
1739 2094 1788 2130 τῆ.
1802 2096 1842 2124 Τὰ

1055 2141 1110 2176 ὅρη
1122 2140 1193 2168 ὡσεί
1205 2141 1298 2175 κηρὸς
1309 2140 1460 2175 ἑτάκησαν
1471 2140 1530 2168 ἀπὸ
1541 2141 1703 2175 προσώπου
1718 2137 1840 2176 Κυρίου,

1055 2186 1113 2214 ἀπὸ
1131 2186 1298 2221 πρωσώπου
1312 2187 1422 2221 Κυρίου
1435 2186 1536 2221 πάσης
1551 2186 1606 2221 τῆς
1624 2187 1689 2222 τῆς.
1699 2187 1843 2223 Ἁνήγνει-

217 2234 347 2262 iustitiam
357 2234 458 2270 ejus,“
473 2233 592 2262 viderunt
602 2242 690 2262 omnes
703 2235 794 2270 populi
806 2235 918 2271 gloriam
934 2237 1002 2270 ejus.

1054 2234 1113 2259 λαν
1127 2234 1153 2260 οὶ
1173 2233 1293 2267 οὐρανοὶ
1304 2232 1362 2267 τὴν·
1373 2232 1569 2267 δικαιοσύνην
1585 2234 1689 2266 αὐτοῦ,
1703 2233 1753 2260 καὶ
1765 2234 1843 2261 εἴδο-

218 2278 422 2314 Confumlantur
435 2286 523 2305 omnes
534 2279 579 2313 qui
593 2279 707 2306 adorant
729 2280 874 2315 sculptilia,
885 2281 930 2316 qui
946 2281 1004 2316 glo-

217 2325 322 2352 riantur
334 2325 362 2352 in
379 2325 458 2352 idoli:
471 2325 538 2352 suis.
562 2324 614 2353 Hic
640 2326 774 2354 terribilia
797 2326 904 2355 ultricis
930 2327 1004 2355 illius

220 2371 327 2399 virtutis
334 2378 382 2406 per
390 2371 479 2407 ignem
490 2375 516 2399 et
527 2371 642 2407 fulguris
655 2372 837 2408 splendorem,
846 2380 905 2408 quae
918 2373 946 2401 in
961 2382 1004 2402 se-

219 2417 309 2444 cundo
322 2417 425 2445 Christi
441 2417 558 2446 adventu
578 2417 694 2446 videnda
708 2422 772 2446 sunt
782 2419 953 2454 subindicat;
972 2428 1005 2448 ac

216 2460 404 2495 evangelicam
417 2461 645 2490 illuminationem
671 2463 791 2497 revelat,
817 2463 916 2493 divinae
936 2473 1006 2501 prte-

215 2505 366 2534 dicationis
383 2514 534 2546 sermones,
547 2508 596 2544 qui
609 2516 658 2544 per
666 2512 760 2538 totum
773 2503 869 2539 orbem
881 2511 1005 2546 resplen-

219 2551 419 2598 denttfulgura
434 2539 619 2598 nutricum-ns.-
636 2553 730 2590 Neque
754 2554 828 2584 enim
854 2539 1005 2584 dixerimus

219 2604 282 2624 eum
295 2596 421 2633 fulguris,
438 2596 537 2633 pluviae
561 2598 660 2627 indicis
671 2618 680 2631 ,
699 2598 866 2628 mentionem
895 2599 1004 2636 facere;

214 2642 268 2670 sed
286 2642 371 2671 divini
384 2646 412 2671 et
427 2637 579 2679 spiritualis
598 2643 713 2672 luminis
729 2644 872 2680 fulgorem,
889 2644 1005 2681 fulguris

220 2688 331 2717 nomine
347 2689 563 2724 signiﬁct;'aut
578 2690 694 2719 fortasse
709 2690 817 2727 fulgura
836 2691 940 2720 Christi
959 2700 1006 2721 vo-

220 2737 338 2768 eateos,
349 2736 397 2772 qui
413 2743 522 2764 sacrum
537 2737 636 2766 divinae
650 2742 678 2766 et
691 2738 854 2774 evangelicae
873 2739 1006 2775 praedica-

221 2779 304 2808 tionis
318 2788 418 2810 munus
434 2782 578 2819 obierunt,
593 2783 620 2813 id
638 2787 682 2814 est
693 2784 834 2822 apostolos
843 2789 871 2815 et
887 2793 1006 2823 evange-

254 2869 278 2888 ⁸⁷
298 2869 370 2900 Ρηι.
389 2879 464 2906 xvu,
484 2872 526 2901 12,

1054 2286 1115 2305 σαν
1127 2278 1238 2312 πάντες
1249 2279 1276 2306 ol
1287 2279 1355 2305 λαοὶ
1368 2278 1426 2312 τὴν
1440 2278 1534 2311 δόξαν
1547 2279 1650 2307 αὐτοῦ.
1669 2280 1842 2315 Αίσχυνθή-

1054 2331 1154 2351 τωσαν
1169 2323 1279 2357 πάντες
1297 2326 1324 2351 οι
1343 2325 1585 2359 προσκυνοῦντες
1604 2325 1665 2358 τοῖς
1687 2327 1842 2361 Ίελυπτοῖς.

1055 2371 1082 2397 ol
1097 2369 1314 2405 ἐγκαυχώμενοι
1333 2371 1368 2397 ἐν
1387 2370 1449 2404 τοῖς
1462 2370 1595 2405 ειδώλοις
1606 2371 1715 2399 αὐτῶν.
1725 2373 1768 2400 Ἐν
1780 2374 1844 2400 τού-

1054 2424 1111 2448 τοις
1121 2416 1156 2443 τὰ
1167 2416 1270 2452 φοϐερὰ
1279 2417 1328 2452 τῆς
1340 2417 1553 2453 ἀνταποδοτικῆς
1561 2417 1702 2455 δυνάμεως
1716 2419 1842 2447 ὑποδείκ-

1055 2470 1125 2493 νυσι,
1142 2462 1186 2489 διὰ
1198 2461 1244 2489 τοῦ
1262 2462 1347 2498 πυρὸς
1362 2465 1408 2490 καὶ
1420 2465 1470 2499 τῆς
1486 2463 1645 2500 διαττούσης
1659 2465 1802 2501 ἀστραπῆς
1812 2466 1844 2493 ἐν

1055 2508 1087 2542 τῇ
1101 2506 1213 2541 δευτέρᾳ
1226 2507 1343 2542 Χριστοῦ
1354 2507 1490 2543 παρουσίᾳ
1500 2516 1507 2523 ο
1520 2508 1682 2535 ἐκκαλύπτει
1696 2509 1724 2535 δέ
1738 2510 1784 2536 καὶ
1794 2509 1845 2546 τὴν

1056 2551 1233 2588 εὑαγγελικὴν
1249 2553 1439 2587 φωταγωγίαν,
1454 2554 1596 2589 ἀστραπὰς
1612 2553 1698 2588 λέγων
1716 2554 1780 2586 τοὺς
1794 2555 1844 2582 τοῦ

1056 2596 1127 2623 θείου
1144 2597 1318 2633 κηρύγματος
1331 2597 1437 2632 λόγους,
1454 2599 1478 2625 οἳ
1494 2599 1564 2626 κατὰ
1580 2599 1670 2635 πάσης
1688 2600 1738 2636 τῆς
1751 2601 1843 2629 οἰκου-

1058 2644 1141 2679 μένης
1154 2643 1348 2680 ἐκλάμπουσιν.
1361 2645 1398 2671 Οὐ
1411 2644 1464 2681 γὰρ
1476 2645 1562 2681 δήπου
1577 2646 1676 2681 φαμὲν,
1687 2647 1728 2673 ὅτι
1742 2647 1792 2683 τῆς
1803 2647 1844 2680 είς

1057 2690 1150 2721 ὑετοὺς
1163 2691 1348 2726 γεγενημένης
1360 2691 1503 2727 ἀστραπῆς
1515 2693 1632 2719 ἐποιεῖτο
1645 2693 1765 2729 μνήμην,
1776 2693 1845 2721 ἀλλὰ

1057 2734 1106 2769 τὴν
1121 2734 1168 2761 τοῦ
1187 2735 1259 2762 θείου
1276 2737 1324 2762 καὶ
1347 2736 1443 2772 νοητοῦ
1461 2737 1549 2772 φωτὸς
1570 2738 1724 2774 ἀνάλαμψιν
1740 2738 1780 2775 τῷ
1793 2739 1845 2776 τῆς

1057 2780 1199 2817 ἀστραπῆς
1211 2782 1409 2819 κατασημαίνει
1423 2784 1548 2819 ὀνόματι·
1562 2783 1579 2820 ἢ
1593 2785 1735 2820 ἀστραπὰς
1748 2785 1845 2822 ὀνομῷ
