4074 6404
342 328 476 384 ηέθ

1454 318 1594 375 (3οΜ
1603 315 1958 374 MENTABIA
2000 314 2066 370 IN
2105 311 2445 370 PSALMOS.

3449 309 3585 364 1250

341 440 446 507 ζων
469 437 726 512 Χριστοῦ,
759 439 884 499 τοὺς
911 436 971 489 τὸ
1002 435 1142 489 θεῖον
1185 436 1279 489 καὶ
1314 435 1664 505 εὐαγγελικδν
1705 436 1915 506 ίερουρ-

2035 432 2193 495 istas,
2224 429 2318 498 qui
2342 429 2514 482 instar
2541 425 2762 480 luminis
2798 428 2987 482 orbem
3016 435 3284 483 terrarum
3334 425 3580 480 illustra—

340 533 568 602 γοῦντας
596 532 874 603 κήρυγμα,
903 528 1179 582 τουτέστιν
1211 528 1537 590 ἀποστόλους
1561 528 1656 580 καὶ
1687 527 1914 594 εὐαγγε-

342 624 544 688 λιστάς,
574 624 623 677 οἳ
645 622 822 690 φωτὸς
850 619 1006 692 δίκην
1043 619 1141 690 τὴν
1173 620 1498 690 οἰκουμένην
1534 616 1908 688 κατέλαμψαψ

343 703 424 783 οἷς
451 716 542 769 καὶ
567 714 726 777 αὐτὸς
748 711 851 784 ἔφη
873 712 1107 786 Χριστός
1128 728 1143 742 ο
1189 711 1371 781 Ὑμεῖς
1399 711 1540 763 ἐστε
1563 709 1628 764 τὸ
1657 709 1782 778 φῶς
1810 705 1916 760 τοῦ

342 806 590 874 κόσμου.
615 803 734 868 Φῶς
757 802 855 874 μὲν
887 803 996 874 γὰρ
1021 802 1082 856 τὺ
1105 801 1354 873 ἀληθινὸν
1381 801 1542 864 αὐτός
1573 801 1719 853 ἐστιν
1741 802 1769 853 6
1792 798 1916 861 Υἱὸς

345 894 734 965 καταφωτίζων
770 895 986 949 ἃπασαν
1021 893 1195 946 κτίσιν
1225 893 1466 963 λογικήν.
1486 891 1704 962 Ἐπειδὴ
1733 890 1788 943 δὲ
1821 907 1916 958 γε-

345 985 533 1054 γόνασι
563 983 778 1054 μέτοχοι
803 983 898 1036 τοῦ
933 985 1064 1054 παρ’
1087 981 1250 1035 αὑτοῦ
1276 982 1451 1052 φωτὸς
1480 983 1572 1034 καὶ
1600 981 1752 1034 αὑτοί
1779 979 1919 1033 κατά

346 1076 408 1128 τό
424 1091 438 1105 ·
465 1076 781 1143 Ἀνθρακες
804 1072 1167 1142 ἀνήφθησαν
1193 1074 1290 1127 ἀπ’
1315 1073 1523 1134 αὐτοῦ,
1552 1069 1918 1144 χρηματίζου-

347 1182 402 1219 σι
429 1164 544 1234 φῶς
574 1163 669 1218 τοῦ
709 1164 934 1234 κόσμου.
965 1157 1123 1217 Οὗτοι
1154 1163 1331 1217 τοίνυν
1367 1162 1616 1234 καθάπερ
1645 1162 1922 1233 ἀστραπαὶ

347 1257 602 1325 γεγόνασι
633 1257 699 1325 τῇ
730 1255 818 1306 ὑπ’
851 1253 1077 1324 οὐρανὸν
1108 1253 1476 1326 διατρέχοντες
1509 1251 1805 1322 πανταχοῦ,
1829 1251 1923 1304 καὶ

348 1349 410 1402 τὸ
439 1347 580 1400 θεῖον
603 1347 695 1399 καὶ
719 1345 906 1416 νοητὸν
928 1347 1048 1408 ταῖς
1081 1344 1186 1398 τῶν
1214 1361 1569 1415 μυσταγωγου
1578 1343 1753 1414 μένων
1770 1350 1922 1414 ’καρ-

349 1439 485 1502 δίαις
515 1439 907 1508 εἰσπέμπονται
937 1436 1071 1506 φῶς.
1093 1437 1203 1490 Καὶ
1225 1435 1334 1507 πῦρ
1361 1435 1417 1488 δέ
1441 1452 1603 1506 φησιν
1631 1437 1658 1487 6
1683 1434 1921 1504 ψάλλων,

349 1532 410 1585 οὐ
443 1531 659 1593 πάντως
695 1528 852 1582 τοῦτο
877 1528 936 1580 τὸ
965 1527 1239 1598 αἰσθητὸν,
1274 1526 1396 1578 οῦτε
1441 1527 1546 1596 μὴν
1586 1527 1681 1596 τὴν
1717 1523 1925 1596 ὁρωμέ-

350 1641 449 1694 νην
480 1622 672 1692 φλόγα,
697 1621 831 1674 ἀλλά
858 1620 1007 1674 θείαν
1035 1619 1156 1673 τινὰ
1183 1617 1412 1688 δύναμιν
1438 1619 1646 1687 ἄμαχον
1676 1617 1768 1669 καί
1799 1615 1926 1667 δυσ-

351 1716 579 1784 άντητον
602 1713 694 1767 καὶ
721 1712 1131 1782 δυσδιάφυκτον,
1167 1711 1333 1782 πυρὸς
1360 1709 1515 1779 δίκην
1541 1707 1927 1762 κατεσθίουσαν

351 1807 476 1870 τοὺς
507 1805 886 1877 ὲχθραίνοντας
933 1803 1099 1874 αὐτῷ.
1133 1798 1291 1856 Οὗτοι
1338 1801 1394 1854 δὲ
1435 1797 1574 1871 ἦσαν
1607 1799 1701 1853 καὶ
1733 1797 1837 1869 πρό
1860 1815 1923 1866 γε
1960 1789 2000 1841 Β

351 1893 459 1948 τῶν
483 1893 657 1948 ἄλλων
675 1895 724 1946 οἱ
750 1892 1016 1964 ἀλιτήριοι
1039 1892 1290 1960 δαίμονες
1317 1889 1409 1942 καὶ
1438 1892 1466 1942 6
1489 1892 1588 1959 τῆς
1610 1887 1810 1957 ἀγέλης
1831 1886 1928 1940 αὑ-

352 1984 462 2040 τῶν
496 1986 790 2054 ἐπιστάτης
811 2001 824 2014 ’
857 1984 1044 2037 τοῦτον
1075 1981 1398 2050 κατέφλεξεν
1429 1983 1456 2034 6
1485 1979 1674 2050 Σωτὴρ
1700 1982 1810 2042 τοῖς
1841 1978 1928 2032 ἀλ-

353 2077 464 2142 λοις
497 2076 651 2146 ὁμοῦ.
686 2078 759 2130 Οὐ
789 2076 896 2148 γὰρ
925 2072 991 2146 ἦν
1017 2075 1214 2144 ἑτέρως
1251 2073 1521 2137 ἐξελέσθαι
1551 2073 1676 2133 τοὺς
1708 2072 1800 2124 ἐπὶ
1831 2071 1928 2140 τῆς

354 2166 458 2236 γῆς
489 2167 580 2219 ὑπ’
602 2165 750 2236 αὐτῷ
787 2165 1126 2236 γενομένους,
1152 2165 1199 2216 εἰ
1233 2163 1305 2234 μὴ
1343 2162 1590 2233 καθάπερ
1619 2178 1670 2216 τι
1697 2160 1808 2231 πῦρ
1835 2162 1930 2213 ἐπ-

356 2261 565 2328 αφῆκεν
594 2256 852 2327 αὐτῷτὴν
871 2255 1196 2310 δαπανῶσάν
1223 2271 1280 2307 τε
1313 2254 1405 2307 καὶ
1437 2253 1802 2324 ἀφανίζουσαν
1828 2252 1928 2304 αὺ-

355 2349 445 2402 τὸν
467 2349 659 2421 ὀργήν.
679 2347 863 2412 Οῦτως
885 2347 1118 2411 ἐξείλετο
1143 2347 1268 2409 τοὺς
1293 2347 1383 2399 ὑπ’
1399 2345 1562 2400 αὑτοῦ
1587 2345 1926 2416 γενομένους,

359 2439 564 2493 σέσωκε
591 2439 717 2503 τοὺς
744 2442 802 2493 ὲν
831 2440 1190 2511 αἰχμαλωσίᾳ,
1215 2437 1482 2511 ἐρρύσατο
1503 2439 1627 2502 τοὺς
1655 2437 1931 2510 πεπλανη-

361 2531 574 2600 μένους,
610 2529 704 2584 καί
735 2532 814 2594 εἰς
845 2531 905 2583 τὸ
931 2531 1031 2600 τῆς
1054 2530 1313 2602 ἀληθείας
1345 2530 1571 2585 ἐκάλεσε
1615 2529 1749 2598 φῶς.
1780 2530 1931 2600 Τάχα

357 2621 414 2673 δὲ
445 2621 616 2691 πυρὸς
647 2620 740 2674 καὶ
768 2622 1052 2692 ἀστραπῆς
1082 2621 1482 2692 ἐμνημόνευσεν
1505 2624 1533 2674 ὁ
1555 2621 1736 2685 Δαυῒδ,
1765 2622 1932 2692 ἤγουν

360 2708 556 2777 φλογὸς
589 2711 682 2763 καὶ
725 2710 899 2779 φωτός
924 2729 936 2741 ·
971 2710 1157 2779 ἐπειδὴ
1188 2711 1349 2782 διπλῆ
1383 2711 1474 2765 τοῦ
1506 2711 1675 2784 πυρὸς
1715 2713 1748 2782 ἡ
1777 2711 1928 2783 ἐνέρ-

357 2815 515 2869 γειαο
559 2800 618 2854 οὐ
649 2800 757 2872 γὰρ
791 2802 948 2872 μόνον
979 2802 1040 2854 τὸ
1062 2804 1257 2866 καίειν,
1288 2802 1422 2856 ἀλλά
1455 2805 1549 2856 καί¹
1589 2803 1650 2856 τὸ
1679 2803 1932 2873 φωτίζειν

359 2892 503 2962 ἔχει·
538 2893 631 2946 καί
679 2893 738 2946 τὸ
786 2893 883 2964 μὲν
915 2893 1028 2963 φῶς
1057 2897 1169 2959 τοῖς
1201 2895 1428 2959 δικαίοις
1452 2895 1861 2966 ἀποχαρίζεται,
1897 2899 1930 2968 ἡ

2015 533 2176 576 runt:
2210 522 2411 590 quibus
2467 521 2629 574 etiam
2675 519 2925 575 Christus
2971 521 3146 588 dixit,
3197 519 3299 573 Vos
3329 519 3456 573 estis
3490 513 3588 571 lux

2015 613 2198 668 mundi
2228 613 2294 668 ⁸⁸.
2349 611 2484 666 Nam
2533 626 2661 666 vera
2694 612 2786 666 lux
2840 621 2922 666 est
2956 613 3071 680 ipse
3100 610 3292 675 Filius,
3333 611 3430 682 qui
3459 626 3584 664 om—

2016 721 2140 762 nem
2160 714 2468 760 creaturam
2512 704 2890 759 rationabilem
2935 703 3227 759 illuminat.
3271 703 3409 770 Quia
3458 717 3587 758 vero

2015 799 2156 853 lucis
2183 799 2330 853 illius
2360 798 2653 868 participes
2677 797 2900 853 fuerunt
2928 797 3232 852 secundum
3269 797 3426 860 illud,
3449 796 3588 850 Car-

2018 887 2173 940 bones
2201 886 2436 939 succensi
2461 895 2584 939 sunt
2624 885 2688 939 ab
2719 902 2778 940 eo
2809 885 2874 951 ",
2909 885 3031 940 ideo
3094 887 3187 941 lux
3242 897 3371 943 sunt
3423 887 3587 956 hujus

2018 977 2229 1032 mundi.
2262 976 2328 1031 Ili
2360 977 2545 1047 itaque
2576 977 2742 1032 veluti
2771 976 2986 1047 fulgura
3023 975 3148 1031 facti
3193 987 3320 1032 sunt
3347 1018 3361 1044 ,
3415 987 3585 1034 totam

2020 1070 2220 1140 ubique
2251 1077 2450 1125 terram
2497 1075 2909 1139 percurrentes,
2960 1083 3022 1123 ac
3050 1069 3290 1124 divinam
3329 1071 3588 1140 spiritua-

2021 1160 2236 1231 lcmque
2290 1161 2466 1215 lucem
2527 1159 2864 1223 initiatorum
2938 1158 3196 1215 cordibus
3267 1160 3584 1216 immittunt.

2021 1253 2202 1324 Ignem
2229 1269 2394 1324 porro
2422 1251 2712 1310 Psalmista
2741 1252 2893 1317 dicit,
2919 1269 3028 1308 non
3049 1252 3196 1308 hunc
3227 1254 3538 1309 sensibilem
3570 1292 3588 1316 ,

2023 1361 2200 1416 neque
2222 1344 2493 1399 flammam
2519 1345 2664 1398 illam
2684 1359 2804 1414 qua:
2844 1343 2946 1400 sub
2971 1355 3248 1414 aspectum
3279 1345 3460 1409 cadit;
3497 1345 3592 1400 scd

2024 1434 2262 1489 divinant
2309 1434 2600 1505 quamdam
2647 1434 2901 1488 virtutem
2953 1433 3463 1504 inexpugnabilem,
3505 1435 3595 1488 cui

2025 1543 2134 1583 non
2165 1527 2380 1593 obsisti,
2411 1542 2530 1597 quae
2562 1541 2672 1581 non
2715 1525 2877 1597 etfugi
2909 1534 3123 1598 potest,
3170 1541 3294 1596 quae
3323 1527 3466 1597 ignis
3505 1526 3592 1579 in-

2028 1627 2142 1674 star
2165 1619 2351 1674 hostes
2395 1633 2526 1674 suos
2558 1618 2804 1674 devorat.
2836 1617 2902 1672 Hi
2934 1629 3112 1674 autem
3135 1625 3312 1682 erant,
3335 1632 3448 1688 prae
3473 1617 3598 1674 aliis

2029 1709 2323 1781 perniciosi
2350 1709 2626 1765 daemones
2651 1748 2666 1773 ,
2709 1717 2763 1764 et
2811 1709 2993 1780 gregis
3040 1724 3231 1764 eorum
3262 1708 3552 1779 praefectus
3576 1747 3596 1775 ,

2029 1816 2189 1871 quem
2221 1781 2471 1855 Salvator
2513 1815 2636 1855 cum
2681 1801 2804 1856 aliis
2843 1801 3163 1856 combussit.
3218 1799 3405 1871 Neque
3461 1801 3600 1858 alias

2031 1893 2394 1976 poterangqui
2422 1892 2477 1946 in
2507 1900 2652 1947 terra
2679 1893 2757 1947 illi
2775 1892 3006 1963 subjecti
3028 1899 3185 1947 erant
3217 1891 3459 1955 liberari,
3487 1892 3595 1947 nisi

2030 2000 2130 2040 ceu
2165 1984 2344 2056 ignem
2367 1986 2674 2055 quempiam
2705 1985 3164 2056 consumptricem
3196 1983 3264 2039 ad
3299 1985 3596 2055 perniciem

2034 2085 2090 2132 et
2118 2063 2568 2143 destructionem,
2607 2079 2741 2133 iram
2772 2094 2926 2133 suam
2975 2079 3294 2135 immisisset
3332 2080 3388 2134 in
3420 2080 3596 2134 illum.

2035 2169 2126 2224 Sic
2148 2168 2238 2225 ille
2263 2170 2512 2225 liberavit
2561 2184 2656 2225 eos
2691 2170 2785 2239 qui
2815 2170 3018 2225 subditi
3076 2170 3328 2232 fuerant,
3357 2171 3601 2240 captivos

2033 2259 2255 2330 eripuit,
2320 2268 2572 2316 errantes
2618 2258 2867 2324 reduxit,
2913 2268 2968 2314 ct
3013 2261 3071 2315 in
3128 2261 3372 2317 veritatis
3421 2262 3598 2316 lucem

2034 2351 2298 2407 evocavit.
2338 2349 2593 2407 Fortasse
2642 2367 2769 2407 vero
2804 2350 2946 2422 ignis
2976 2359 3031 2406 et
3075 2352 3306 2424 fulguris
3355 2353 3602 2409 meminit

2034 2440 2225 2504 David,
2257 2443 2505 2499 videlicet
2524 2443 2754 2500 flamma:
2779 2455 2832 2501 et
2871 2445 3041 2510 lucis;
3102 2446 3230 2516 quia
3258 2445 3455 2516 duplex
3491 2447 3602 2516 igni

2033 2535 2270 2592 etlicacia
2299 2535 2443 2591 inest
2470 2555 2484 2591 :
2517 2551 2628 2590 non
2656 2537 2802 2592 enim
2830 2537 3020 2592 urendi
3067 2537 3266 2602 solum,
3298 2537 3394 2593 sed
3437 2538 3599 2594 etiam

2034 2621 2377 2676 illuminandi
2414 2624 2520 2677 vim
2570 2623 2768 2692 habet;
2818 2639 2882 2678 ac
2933 2625 3106 2679 lucem
3157 2624 3376 2696 quidem
3429 2626 3600 2696 justis

2036 2711 2300 2785 impertit,
2325 2715 2632 2770 combustio
2656 2721 2834 2770 autem
2875 2715 3076 2787 iniquis
3101 2723 3434 2773 reservatur.
3476 2715 3603 2772 Haec

2037 2811 2166 2859 sunt
2192 2804 2415 2861 secundi
2445 2807 2712 2862 adventus
2744 2807 2993 2862 vaticinia
3020 2826 3033 2862 :
3067 2807 3180 2862 haec
3213 2805 3402 2863 Daniel
3421 2807 3558 2864 vidit
3582 2845 3601 2873 ,

2038 2911 2160 2950 nam
2179 2898 2274 2962 ait,
2293 2895 2513 2984 Flavius
2530 2898 2710 2968 igneus
2733 2899 2969 2953 trahebat
3000 2901 3052 2954 in
3081 2910 3358 2970 conspectu
3379 2899 3490 2970 ejus
3516 2900 3599 2968 ὀς

358 2983 418 3036 δὲ
450 2983 641 3048 καῦσις
665 2987 778 3048 τοῖς
807 2986 1141 3057 παρανόμοις
1160 2985 1482 3060 ἀφώρισται.
1509 2987 1694 3042 Ταῦτα
1718 2988 1932 3059 καὶτῆς

2037 2996 2092 3044 et
2118 2987 2379 3044 Dominus
2410 2983 2577 3052 dicit,
2631 2989 2919 3046 adventum
2955 3003 3156 3056 suum,
3206 2997 3266 3044 ut
3323 2991 3503 3062 fulgur
3534 2992 3604 3048 ab

359 3073 616 3147 δευτέρας
650 3077 966 3146 ἐπιφανείας
996 3078 1065 3131 τὰ
1095 3079 1470 3134 θεσπίσματαο
1499 3079 1672 3133 ταῦτα
1705 3080 1798 3134 καὶ
1829 3082 1932 3134 Δα-

2037 3081 2246 3137 oriente
2269 3081 2336 3136 ad
2359 3081 2697 3142 occidentem
2737 3083 3070 3154 pertingens,
3100 3082 3342 3138 futurum
3385 3099 3509 3140 esse
3531 3084 3604 3143 ⁸¹.

362 3165 482 3236 νιὴλ
518 3138 780 3222 ἐθεάσατο
801 3185 814 3199 ο
845 3138 1134 3238 Ποταμὸς,
1168 3171 1277 3240 γάρ
1324 3188 1477 3243 φησι,
1513 3171 1704 3240 πυρὸς
1735 3168 1932 3226 eam

2037 3171 2182 3245 Ignis
2227 3174 2444 3243 quidem
2499 3174 2620 3243 ejus
2668 3138 2946 3244 pra-ccede:
2993 3174 3341 3230 inimicorum
3395 3190 3602 3242 causa;

362 3260 697 3330 ἔμπροσθεν
727 3260 914 3314 αὐτοῦ
935 3277 948 3290 ·
980 3260 1074 3314 καὶ
1094 3263 1123 3314 6
1150 3261 1350 3332 Κύριος
1370 3259 1541 3325 εἶπεν,
1568 3263 1643 3325 ὡς
1670 3265 1704 3334 ἡ
1731 3279 1932 3334 παρου-

2039 3265 2339 3320 amicorum
2368 3279 2498 3320 vero
2525 3279 2590 3318 ac
2619 3265 2998 3335 religiosorum
3053 3265 3331 3320 hominum
3387 3266 3561 3336 gratia
3588 3306 3605 3330 ,

367 3352 458 3404 σία
501 3352 666 3405 αὐτοῦ
705 3351 858 3404 ἔσται
891 3352 966 3415 ὡς
993 3354 1026 3422 ἡ
1053 3352 1162 3406 άπὸ
1207 3353 1480 3407 ἀνατολῶν
1526 3354 1685 3425 μέχρι
1719 3351 1932 3424 δυσμῶν

2036 3355 2250 3429 fulgura
2272 3371 2303 3410 a
2324 3356 2448 3413 luce
2471 3356 2591 3426 ejus
2609 3357 2810 3412 emissa
2832 3357 2954 3412 loco
2983 3358 3114 3413 solis
3141 3357 3327 3413 orbem
3361 3358 3608 3414 illustra-

365 3442 641 3513 φθάνουσα
669 3445 944 3515 ἀστραπή.
976 3443 1049 3496 Τὸ
1091 3443 1189 3515 μὲν
1231 3442 1340 3516 πῦρ
1366 3443 1530 3498 αὑτοῦ
1571 3443 1932 3515 προπορεύσε-

2039 3453 2195 3507 bunt.
2227 3448 2285 3504 Si
2309 3449 2456 3506 enim
2488 3455 2621 3504 tunc
2659 3449 2739 3503 sol
2768 3447 3165 3514 obseurabilur,
3219 3458 3270 3503 et
3329 3449 3458 3504 luna
3502 3467 3609 3505 non

361 3555 456 3592 ται
476 3537 639 3591 ’ἑνεκα
655 3535 762 3588 τῶν
782 3535 989 3608 ἐχθρῶν
1007 3535 1170 3589 αὑτοῦ
1189 3553 1202 3567 ο
1233 3535 1343 3590 τῶν
1367 3537 1424 3590 δὲ
1452 3534 1688 3590 εὐσεϐῶν
1709 3536 1803 3588 καί⁵
1823 3534 1932 3588 θεο-

2040 3538 2187 3593 dabit
2213 3539 2386 3592 lumen
2419 3553 2605 3598 suum,
2656 3545 2707 3590 et
2737 3536 2905 3590 stella:
2935 3535 3126 3590 cadent
3167 3536 3228 3589 de
3257 3537 3382 3592 calo
3417 3539 3484 3602 ",
3523 3553 3610 3594 se-

364 3629 538 3700 φιλῶν
583 3627 790 3701 ἀνδρῶν
837 3629 994 3699 χάριν
1039 3629 1316 3700 ἀστραπαὶ
1344 3627 1507 3682 αὐτοῦ
1538 3630 1602 3681 ὲκ
1627 3627 1724 3680 τοῦ
1769 3624 1932 3679 αὐτοῦ

2042 3628 2281 3684 cundum
2311 3626 2612 3682 Salvatoris
2640 3625 2981 3692 doctrinam;
3013 3625 3157 3681 unde
3197 3625 3334 3682 alias
3368 3627 3608 3682 mundus

363 3721 546 3792 φωτὸς
594 3719 1005 3790 ὲκπεμπόμεναι
1053 3719 1174 3773 ἀντὶ
1221 3720 1371 3790 ἡλίου
1405 3717 1811 3788 καταλάμψουσι
1837 3715 1932 3786 τὴν

2043 3718 2460 3780 illuminabitur,
2492 3715 2594 3772 nisi
2620 3730 2684 3770 ex
2713 3716 2872 3786 ipso?
2905 3715 3344 3787 quandoquidem
3376 3725 3462 3773 est
3491 3718 3610 3788 ipse

360 3813 707 3884 οἰκουμένην.
753 3812 816 3864 Εἰ
844 3810 952 3881 γὰρ
994 3809 1114 3863 τότε
1157 3813 1191 3864 ὀ
1230 3811 1402 3878 ἣλιος
1448 3809 1932 3877 σκοτισθήσεται,

2046 3808 2307 3864 Dominus
2340 3809 2431 3862 lux
2457 3813 2680 3862 aeterna.

359 3903 467 3959 καί
491 3904 544 3972 ιή
581 3901 813 3970 σελήνη
841 3903 912 3956 οὑ
943 3901 1120 3956 δώσει
1165 3900 1229 3955 τὸ
1268 3900 1486 3971 φέγγος
1513 3901 1722 3970 αὐτῆς,
1753 3902 1851 3956 καὶ
1881 3905 1937 3956 οἱ
1973 3901 2222 3970 ἀστέρες
2249 3901 2575 3955 πεσοῦνται
2605 3899 2669 3954 ἐκ
2726 3899 2832 3953 τοῦ
2869 3899 3148 3967 οὐρανοῦ,
3186 3899 3328 3955 κατά
3357 3899 3454 3972 τὴν
3505 3917 3613 3955 σω-

360 3999 555 4071 τήριον
599 3995 972 4053 διδασκαλίαν*
1008 3997 1172 4052 πόθεν
1220 3996 1439 4052 ἄλλοθεν
1491 3996 1886 4068 φωτισθήσεται
1912 3999 1941 4052 6
1977 3998 2179 4068 κόσμος
2205 3995 2350 4068 εἰμὴ
2374 3994 2430 4063 ἐξ
2458 3993 2620 4049 αὐτοῦ
2642 4011 2654 4022 ο
2695 3993 3017 4065 Ἐπειδήπεο
3039 3995 3185 4048 ἐστὶν
3205 3993 3364 4056 αὐτὸς
3402 3993 3432 4044 6
3497 3991 3612 4046 Κύ-

368 4107 486 4164 ριος
518 4089 633 4158 φῶς
663 4090 896 4147 αἰώνιον.

438 4205 909 4272 Προσκυνήσατε
959 4204 1117 4272 αὐτῷ
1163 4205 1384 4272 πάντες
1428 4206 1667 4278 ἄγγελοι
1714 4206 1899 4262 αὐτοῦ
1918 4220 1934 4235 ο

369 4296 604 4367 ἤκουσε
634 4297 733 4351 καὶ
753 4297 1056 4368 εὐφράνθη
1090 4298 1130 4366 ἡ
1168 4298 1339 4362 Σιὼν,
1364 4299 1462 4352 καὶ
1490 4297 1936 4368 ὴγαλλιὰσαντο

2111 4199 2278 4256 Vsus.
2311 4197 2462 4254 8-12.
2497 4197 2730 4250 Adorate
2755 4213 2874 4250 eum
2895 4213 3072 4250 omnes
3117 4199 3289 4267 angeli
3321 4199 3435 4269 ejus
3461 4216 3482 4254 .'
3509 4219 3611 4256 au-

2043 4295 2172 4348 divit
2205 4301 2253 4345 et
2287 4291 2470 4345 lcetata
2485 4287 2799 4349 estSion,et
2822 4289 3216 4344 exsultaverunt
3245 4291 3376 4359 ﬁlia:
3407 4291 3614 4350 ludam:

369 4391 430 4442 al
453 4386 768 4457 θυγατέρες
807 4387 916 4456 τῆς
956 4387 1237 4454 Ἰουδαίας
1278 4389 1486 4443 ἕνεκεν
1508 4388 1626 4442 τῶν
1652 4388 1932 4458 χριμάτων

2045 4393 2255 4455 propter
2277 4382 2483 4453 judicia
2537 4389 2661 4447 tua,
2715 4379 2957 4434 Domine.
3012 4379 3144 4436 Sion
3175 4383 3393 4452 quidem
3426 4385 3615 4444 Εςοιεγ

369 4495 508 4542 σου,
532 4480 726 4546 Κύριε.
749 4476 888 4531 Σιὼν
915 4478 1013 4548 μὲν
1040 4477 1136 4550 τὴν
1164 4477 1483 4548 Ἐκκλησίαν
1506 4477 1739 4550 Χριστοῦ
1767 4477 1942 4550 ὑπάρ-

371 4589 488 4642 χειν
517 4571 710 4635 ἰστέον,
737 4569 1038 4641 θυγατέρας
1076 4569 1133 4622 δὲ
1175 4570 1272 4642 τῆς
1311 4569 1563 4634 Ἰουδαίας
1583 4569 1684 4633 τὰς
1709 4570 1939 4623 ἀποστο-

371 4660 530 4724 λικάς
574 4659 750 4730 ψυχὰς
797 4660 905 4714 ἀπὸ
951 4661 1044 4714 τοῦ
1091 4660 1352 4715 Ἰουδαίων
1383 4660 1566 4725 ἔθνους
1597 4660 1938 4726 διελθούσας·

372 4753 428 4807 αἶ
459 4752 524 4823 δὴ
559 4753 650 4806 καί
682 4752 1044 4823 ἐμπίπλανται
1069 4752 1406 4826 εὐφροσύνης
1437 4754 1529 4806 καὶ
1552 4753 1940 4823 ἀγαλλιάσεως,

378 4843 742 4914 μανθάνουσαι
777 4843 904 4915 περὶ
927 4841 1035 4896 τῶν
1059 4841 1340 4914 κριμάτων
1371 4844 1465 4896 τοῦ
1493 4843 1718 4916 Κυρίου,
1749 4841 1857 4894 τῶν
1882 4859 1942 4894 τε

374 4938 487 4999 τοῖς
517 4935 923 5007 εἰδωλολάτραις
953 4933 1328 5004 ἀποκειμένων
1367 4934 1664 5006 τιμωριῶν,
1695 4933 1789 4988 καὶ
1834 4932 1942 4986 τῶν

375 5028 487 5089 τοῖς
511 5025 685 5080 ἔθνεσι
703 5024 1083 5098 τετηρημένων
1110 5025 1468 5102 ἐπαγγελιῶν.
1486 5027 1724 5089 Εἰκότως
1747 5027 1803 5079 δὲ
1822 5026 1942 5096 χαί-

379 5134 560 5189 ρουσιν
583 5117 676 5171 ἆτε
699 5117 845 5188 αὐτῷ
874 5116 1244 5186 ἀνακείμεναι,
1271 5117 1363 5170 καὶ
1393 5117 1703 5182 ἐλπίζουσαι
1733 5117 1832 5189 τῆς
1855 5117 1942 5169 ἑν-

375 5209 526 5274 δόξου
559 5209 720 5263 αὑτοῦ
749 5210 1048 5281 παρουσίας
1093 5206 1743 5283 καταξιωθήσεσθαι.Ὅτι
1778 5209 1859 5263 σὺ
1890 5205 1952 5264 εἶ

376 5302 591 5367 Κύριος
629 5304 661 5354 ὁ
701 5302 980 5368 Ὑψιστος
1013 5299 1112 5353 ἐπὶ
1148 5297 1352 5355 πᾶσαν
1384 5299 1497 5368 τὴν
1535 5300 1671 5371 γῆν,
1708 5301 1943 5372 σφόδρα

375 5391 776 5458 ὐπερυψώθης
797 5389 948 5459 ὑπὲρ
969 5377 1198 5454 πάντας
1216 5389 1358 5456 τοὺς
1379 5391 1571 5456 θεούς.
1592 5394 1656 5444 Ol
1673 5375 1944 5460 ἀγαπῶν-

377 5498 474 5546 τες
509 5480 615 5534 τὸν
636 5481 875 5548 Κύριον,
893 5479 1120 5551 μισεῖτε
1159 5483 1451 5549 πονηρόν
1492 5481 1798 5550 φυλάσσει
1837 5483 1946 5537 Κύ-

378 5589 502 5640 ριος
525 5572 630 5640 τὰς
645 5574 848 5645 ψυχὰς
869 5573 988 5628 τῶν
1007 5574 1192 5628 ὁσίων
1210 5571 1416 5639 αὐτοῦ,
1450 5574 1518 5628 ἐκ
1538 5573 1735 5644 χειρὸς
1765 5574 1947 5644 ἀμαρ-

2046 4479 2184 4537 siam
2205 4459 2405 4532 Christi
2442 4489 2565 4529 esse
2602 4472 2882 4528 sciendum
2909 4479 3024 4541 est;
3068 4473 3206 4530 tilias
3235 4490 3361 4532 vero
3390 4475 3610 4543 ludam,

2048 4569 2376 4641 apostolicas
2407 4565 2618 4620 animas
2650 4581 2717 4619 ex
2745 4563 3057 4621 Jud:eorum
3100 4577 3261 4638 gente
3306 4568 3570 4628 oriundas
3596 4590 3622 4640 ι,

2048 4678 2170 4732 quae
2195 4675 2327 4716 sane
2350 4658 2584 4728 impletae
2603 4664 2731 4713 sunt
2755 4659 2954 4728 gaudio
2976 4665 3032 4713 et
3052 4658 3454 4728 exsultatione;
3484 4676 3612 4717 cum

2050 4753 2117 4808 de
2139 4751 2361 4822 iudiciis
2387 4749 2604 4805 Domini
2638 4747 2949 4812 audierunt,
2969 4747 3476 4824 dequesuppliciis,
3494 4768 3622 4822 quas

2050 4843 2317 4898 idolorum
2347 4839 2650 4895 cultoribus
2684 4841 2922 4908 reposita
2954 4847 3102 4902 sunt,
3147 4856 3358 4897 necnon
3389 4843 3458 4899 de
3487 4859 3617 4914 pro-

2049 4933 2254 4998 missis,
2277 4947 2400 5004 quae
2419 4931 2671 5002 gentibus
2692 4938 3063 4986 reservantur.
3092 4933 3158 4987 Et
3184 4935 3378 4988 merito
3396 4934 3615 5006 quidem

2048 5025 2304 5096 gaudent,
2325 5030 2509 5093 utpote
2530 5023 2629 5092 ipsi
2655 5023 2903 5086 addictus,
2937 5036 3000 5077 ac
3025 5031 3306 5094 sperantes
3334 5039 3394 5080 se
3415 5025 3618 5095 glorio-

2049 5129 2111 5168 so
2151 5112 2272 5183 eius
2325 5114 2560 5168 adventu
2598 5109 2902 5181 dignandos
2943 5125 3085 5165 esse.
3141 5110 3402 5176 Quoniam
3450 5119 3507 5162 tu
3561 5126 3616 5163 es

2049 5207 2306 5262 Dominus
2362 5203 2656 5258 altissimus
2704 5218 2855 5270 super
2909 5217 3110 5256 omnem
3163 5209 3394 5262 terram,
3458 5200 3624 5253 nimi:

2030 5297 2319 5351 texaltatus
2347 5311 2400 5349 es
2423 5309 2577 5362 super
2605 5309 2779 5348 omnes
2822 5291 2966 5346 deos.
3020 5291 3124 5358 Qui
3155 5292 3376 5363 diligitis
3430 5289 3614 5344 Domi-

2051 5403 2175 5442 num
2195 5430 2210 5453 ,
2240 5387 2378 5447 adite
2406 5384 2604 5439 malum
2629 5401 2647 5437 :
2682 5381 2910 5436 custodit
2940 5381 3199 5436 Dominus
3246 5382 3452 5438 animos
3485 5397 3623 5444 san-_

2052 5489 2257 5533 etorum
2290 5493 2505 5532 suorum
2525 5515 2542 5540 ,
2597 5475 2660 5530 de
2687 5490 2848 5529 manu
2868 5484 3202 5544 peccatorum
3242 5461 3483 5528 liberabit
3505 5483 3617 5528 eos;

2057 5573 2111 5628 Si
2139 5572 2362 5632 malum.
2395 5570 2591 5641 inquit,
2623 5568 2880 5633 aversati,
2913 5567 3088 5623 sancti
3107 5564 3452 5633 etiiciamini;
3475 5573 3622 5638 tunc

449 5727 496 5764 ⁸⁸
533 5729 718 5789 Matth.
752 5747 843 5802 vn,
878 5731 965 5788 It.
1040 5733 1084 5767 ”
1121 5729 1268 5789 Psal.
1301 5747 1448 5801 xvn,
1483 5731 1540 5788 9.
1614 5733 1660 5782 ὀ
1692 5729 1829 5788 Dan.
1866 5747 1932 5788 vn

2034 5730 2108 5785 ιυ.
2181 5729 2224 5760 οι
2267 5727 2454 5783 Matth.
2491 5741 2641 5795 ιιιν,
2681 5725 2772 5781 27.
2848 5725 2894 5757 ν’
2927 5721 3067 5796 ibid.
3103 5721 3196 5778 29.
