4074 6400
332 436 466 494 1233

1456 430 1964 492 COMMENTARIA
1999 430 2067 488 ΙΝ
2105 431 2442 489 PSALMOS.

3436 435 3575 492 1254

323 552 480 609 εἶναι
496 570 570 609 σε
582 556 668 622 είς
687 556 988 624 σωτηρίαν
1006 555 1117 625 ἕως
1131 556 1393 628 ἐσχάτου
1409 555 1519 624 τῆς
1532 553 1664 625 γῆς.
1682 552 1899 625 Ἐπειδὴ

2004 552 2058 607 in
2089 552 2316 607 salutem
2364 567 2525 624 usque
2567 552 2637 605 ad
2675 553 2920 606 ultimum
2964 552 3195 607 terrae".
3242 549 3380 618 Quia
3427 553 3572 606 enim

327 645 436 718 γάρ
467 649 580 711 τοῖς
618 645 938 718 θαυμασίοις
968 648 1332 721 πατριάρχαις
1379 647 1473 700 καὶ
1504 645 1581 717 τῷ
1611 642 1772 698 Δαυῒδ
1800 644 1903 697 ὀπ-

327 735 518 808 έσχετο
543 738 693 806 όξτῶν
721 737 855 791 ὅλων
872 737 1003 803 Θεὸς
1025 740 1089 793 ἐκ
1108 739 1202 794 τοῦ
1227 738 1537 811 σπέρματος
1563 733 1741 789 αὐτῶν
1761 732 1902 787 κατὰ

332 828 511 901 σάρκα
539 829 628 882 τὸν
659 830 890 903 Χριστὸν
917 822 1259 903 ἀναστήσειν,
1294 831 1386 884 καὶ
1416 828 1688 901 σωτηρίαν
1715 827 1780 880 δι’
1802 825 1902 881 αύ-

325 920 421 973 τοῦ
455 924 617 973 πᾶσιν
637 919 940 992 ἀνθρώποις
962 920 1236 992 παρέξειν,
1258 919 1522 994 διαθήκην
1547 917 1775 973 ἐκάλεσε
1801 915 1902 988 τὴν

327 1009 464 1081 πρὸς
493 1008 622 1071 τοὺς
651 1008 894 1080 πατέρας
920 1010 1218 1083 γενομένην
1253 1008 1604 1078 ἐπαγγελίαν.
1649 1006 1811 1071 Γένος
1845 1004 1902 1058 δὲ

327 1099 492 1154 αὑτοῦ
542 1101 635 1155 τὸν
678 1102 895 1174 Ἰσραήλ
945 1102 1245 1175 κέκληκεν·
1291 1100 1477 1174 ἐπειδὴ
1527 1099 1586 1168 ἐξ
1634 1098 1903 1154 Ἰουδαίων

326 1192 470 1247 κατὰ
502 1192 679 1265 σάρκα
709 1192 961 1266 Χριστός.
995 1193 1212 1248 Δέδωκά
1240 1210 1300 1247 σε
1325 1192 1506 1247 τοίνυν
1531 1194 1610 1251 είς
1641 1191 1902 1261 διαθήκην

326 1280 537 1349 γένους,
555 1280 1003 1345 τουτέστιν,ῶστε
1027 1281 1311 1355 πληρῶσαι
1334 1282 1433 1346 τὰς
1452 1282 1588 1353 πρὸς
1620 1280 1902 1343 Ἰουδαίους

328 1371 699 1442 γεγενημένας
735 1369 1033 1442 συνθήκας·
1066 1373 1182 1426 ἀλλ’
1211 1375 1290 1437 είς
1342 1372 1459 1442 φῶς
1505 1372 1606 1425 οὐκ
1650 1371 1730 1424 ἔτι
1775 1371 1903 1424 ’1ου-

330 1461 517 1527 δαίων,
549 1461 665 1516 ἀλλ’
697 1462 899 1517 ἐθνῶν·
934 1455 1082 1517 οὗτοι
1112 1463 1223 1535 γὰρ
1268 1462 1357 1517 διὰ
1407 1461 1507 1532 τῆς
1537 1461 1772 1525 πίστεως
1801 1461 1902 1531 τῆς

328 1554 603 1628 σωτηρίας
645 1554 964 1628 μετέλαχον·
1001 1556 1196 1609 ἐκεῖνοι
1234 1554 1291 1608 δέ
1336 1554 1427 1608 τὸν
1455 1552 1617 1623 ζόφον
1638 1552 1740 1624 τῆς
1768 1553 1899 1607 άπι-

330 1646 484 1710 στίας
537 1645 849 1718 ἠγάπησαν.
876 1646 1046 1700 Τοῦτο
1097 1646 1191 1700 καὶ
1251 1644 1484 1701 ἐνταῦθα
1546 1643 1649 1716 ἔφη
1699 1645 1896 1699 Δαυῖδο

336 1738 645 1808 Ἐμνήσθη
667 1738 773 1793 τοῦ
804 1738 1015 1807 ἐλέους
1042 1739 1228 1794 αὐτοῦ
1253 1737 1332 1805 τῷ
1372 1737 1591 1805 Ἰακὼϐ,
1630 1738 1796 1810 ἧγουν
1820 1736 1897 1808 τῷ

336 1828 568 1901 Ἰσραὴλ,
624 1828 868 1883 τουτέστι
912 1828 1012 1894 τὰς
1060 1829 1197 1902 πρὸς
1245 1829 1487 1893 ἐκείνους
1527 1827 1899 1900 γεγενημένας

323 1920 654 1989 ἐπαγγελίας
690 1921 995 1994 ἐπλήρωσε,
1029 1921 1124 1975 καὶ⁸
1167 1922 1246 1985 είς
1273 1920 1432 1994 ἔργον
1458 1921 1633 1993 ήγαγε
1659 1937 1674 1953 ο
1698 1919 1787 1974 διὸ
1816 1919 1895 1974 ετ-

325 2007 519 2064 δοσαν
539 2011 735 2066 πάντα
751 2013 823 2068 τὰ
840 2011 1063 2082 πέρατα
1095 2010 1203 2081 τῆς
1224 2010 1337 2083 γῆς
1357 2013 1425 2066 τὸ
1454 2011 1757 2081 Σωτήρων
1790 2010 1898 2065 τοῦ

328 2102 476 2157 Θεοῦ
496 2103 682 2173 ἡμῶν.
699 2104 1075 2177 Κηρυχθέντος
1089 2103 1198 2176 γάρ
1216 2103 1310 2158 τοῦ
1321 2103 1648 2174 Εὐαγγελίου
1666 2103 1723 2156 ἐν
1746 2102 1899 2176 πάσῃ

320 2196 387 2264 τῇ
413 2194 504 2247 ὑπ’
517 2194 747 2266 οὐρανὸν
768 2195 861 2250 καὶ
879 2197 938 2249 ἐν
956 2194 1102 2267 πάσῃ
1114 2197 1179 2266 τῇ
1195 2193 1486 2267 οἰκουμένῃ
1501 2195 1580 2258 είς
1603 2191 1899 2266 μαρτύριον

322 2289 457 2341 πᾶσι
489 2290 601 2353 τοῖς
632 2287 829 2355 ἔθνεσι,
865 2289 1006 2344 κατὰ
1031 2291 1133 2363 τὴν
1160 2288 1395 2362 Χριστοῦ
1428 2286 1800 2359 χρησμῳδίαν,
1821 2280 1899 2339 εῖ-

318 2378 408 2432 δον
437 2379 613 2435 πάντα
633 2380 701 2435 τὰ
725 2381 939 2454 πέρατα
968 2382 1070 2453 τῆς
1099 2384 1203 2454 γῆς
1232 2379 1489 2454 Χριστὸν,
1522 2379 1583 2434 τὸ
1623 2380 1900 2449 Σωτήριον

323 2471 418 2524 τοῦ
448 2470 605 2526 Θεοῦ.

402 2584 765 2649 Mamilia“
810 2584 888 2652 τῷ
937 2583 1080 2651 Θεῷ,
1111 2583 1281 2641 πᾶσα
1325 2584 1365 2654 ἠ
1418 2581 1518 2654 γῆ,
1547 2581 1756 2650 ᾆσατε,
1798 2578 1899 2634 καὶ

318 2675 689 2744 ἀγαλλιᾶσθε
720 2677 816 2731 καὶ
848 2676 1102 2745 latitare.
1132 2674 1372 2731 Ψάλατε
1395 2674 1477 2743 τῷ
1498 2676 1691 2744 Κυρίῳ
1714 2675 1784 2727 ἐν
1810 2691 1898 2727 κι-

319 2765 495 2833 θάρᾳ,
515 2766 584 2821 ἐν
610 2766 822 2836 κιθάρᾳ
867 2766 967 2821 καὶ
1002 2766 1173 2837 φωνῇ
1192 2765 1459 2837 ψαλμοῦ,
1483 2767 1553 2820 ἐν
1571 2764 1899 2836 σάλπιγξιν

318 2857 579 2924 ἐλαταῖς,
613 2857 710 2913 καὶ
749 2858 920 2929 φωνῇ
956 2859 1294 2930 σάλπιγγος
1315 2856 1899 2928 κερατίνης.ᾎλαλώ-

319 2948 461 3013 Eata
490 2948 746 3004 ἐνώπιον
779 2951 886 3007 τοῦ
910 2951 1219 3018 ,ϐασιλέως
1239 2950 1482 3020 Kvplov,
1511 2950 1605 3004 καὶ
1644 2950 1712 3004 τά
1746 2950 1894 3020 ἐξῆς.

318 3038 478 3093 Κατὰ
505 3038 605 3109 μένι
634 3039 696 3093 τὸ
728 3040 909 3112 ῥητὸν,
938 3039 1229 3110 συνάψατε,
1256 3040 1410 3111 φησὶ,
1441 3042 1551 3103 τοῖς
1584 3039 1773 3111 ὕμνοις
1806 3039 1898 3094 καὶ

319 3126 526 3198 ὄργανα
555 3128 807 3201 ψαλμικά
826 3147 840 3161 ’
872 3133 1013 3185 κατὰ.
1042 3130 1100 3185 δὲ
1128 3130 1439 3202 ἀναγωγὴν,
1457 3130 1657 3201 κιθάρα
1689 3134 1721 3204 ἡ
1755 3147 1899 3204 πρα-

2003 640 2342 699 admirandis
2369 642 2479 700 illis
2513 643 2841 715 patriarehis
2878 651 2931 699 et
2972 642 3158 698 Davidi
3190 644 3572 699 universorum

2001 730 2147 788 Deus
2178 734 2524 805 promiserat,
2548 749 2611 791 se
2631 750 2699 792 es
2722 735 2931 791 semine
2958 749 3147 790 eorum
3178 733 3455 791 Christum
3486 749 3575 791 se-

2002 824 2243 878 cundum
2270 838 2494 880 carnem
2522 826 2912 895 excitaturum,
2944 840 3010 881 ac
3040 840 3134 897 per
3161 824 3311 881 illum
3340 827 3570 882 salutem

2002 911 2258 968 omnibus
2289 911 2609 970 hominibus
2640 914 2900 971 daturum
2932 930 3090 983 esse;
3120 915 3433 986 hujusmodi
3456 917 3575 987 pol-

2002 1000 2358 1058 licitationem
2390 1004 2639 1075 patribus
2667 1005 2872 1070 datam,
2914 1012 3300 1062 testamentum
3332 1009 3568 1063 vocavit.

2003 1091 2178 1164 Ipsius
2207 1102 2388 1150 autem
2414 1110 2587 1166 genus
2614 1096 2870 1152 lsraelem
2892 1098 3143 1166 vocavit;
3171 1098 3299 1169 quia
3321 1095 3573 1155 Christus

2002 1185 2302 1241 secundum
2332 1199 2551 1243 carnem
2591 1203 2659 1243 ex
2687 1186 2892 1245 Iudaeis
2929 1196 3035 1245 est.
3071 1188 3202 1245 Dedi
3233 1197 3284 1245 te
3317 1189 3481 1260 igitur
3518 1191 3573 1245 in

1999 1284 2388 1332 testamentum
2421 1279 2674 1350 generis;
2708 1279 2760 1334 id
2804 1287 2910 1346 est,
2948 1287 3005 1335 ut
3033 1290 3190 1351 pacta
3220 1297 3344 1335 cum
3371 1279 3576 1338 ludatis

2000 1367 2132 1420 inita
2168 1367 2532 1439 impleantur;
2563 1369 2659 1425 sed
2693 1370 2748 1424 in
2793 1371 2965 1425 lucem
2999 1370 3122 1425 dedi
3164 1378 3236 1437 te,
3279 1387 3386 1425 non
3434 1373 3576 1427 ultra

1998 1458 2221 1527 Iudaeis,
2254 1460 2350 1516 sed
2393 1461 2646 1532 gentibus
2668 1502 2684 1529 ,
2721 1477 2819 1532 per
2853 1462 3014 1519 fidem
3044 1463 3191 1519 enim
3227 1464 3308 1519 ha:
3341 1465 3575 1519 salutem

1998 1556 2174 1604 nactae
2202 1557 2365 1606 sunt:
2398 1551 2477 1606 illi
2507 1567 2635 1608 vero
2669 1552 3005 1608 infidelitatis
3049 1555 3339 1624 caliginem
3365 1555 3572 1611 dilexe-

1998 1646 2147 1695 runt.
2180 1636 2237 1694 ld
2269 1640 2346 1694 ait
2378 1643 2481 1696 hoc
2525 1643 2647 1697 loco
2682 1641 2851 1698 David
2885 1660 2899 1695 :
2941 1643 3262 1699 Recordatus
3296 1657 3372 1700 est
3420 1647 3576 1701 mise-

1997 1732 2244 1788 ricordite
2269 1749 2380 1788 sua:
2425 1732 2627 1800 laedit,
2673 1737 2885 1793 scilicet
2913 1737 3122 1804 lsraeli,
3174 1739 3227 1794 id
3267 1748 3375 1804 est,
3415 1741 3574 1797 datas

2002 1822 2136 1893 ipsis
2171 1824 2566 1894 promissiones
2615 1826 2883 1899 implevit,
2922 1838 2978 1885 et
3026 1830 3095 1884 ad
3138 1846 3256 1886 rem
3302 1831 3570 1887 deduxit:

1927 1901 1970 1962 Β
1997 1929 2167 1985 quare
2202 1914 2441 1971 viderunt
2487 1932 2664 1973 omnes
2705 1921 2916 1974 termini
2974 1931 3129 1977 terra:
3166 1921 3424 1978 Salutare
3480 1924 3577 1979 Dei

1997 2008 2184 2064 nostri.
2217 2006 2512 2080 Evangelia
2548 2011 2694 2066 enim
2739 2014 2795 2068 in
2843 2016 2992 2069 omni
3042 2024 3211 2083 terra,
3267 2017 3573 2074 secundum

1996 2096 2198 2154 Christi
2239 2100 2576 2165 vaticinium.
2604 2110 2659 2159 et
2681 2103 2737 2158 in
2773 2105 3030 2163 universo
3057 2116 3327 2163 terrarum
3355 2109 3486 2165 orbe
3516 2109 3575 2165 in

1999 2192 2372 2250 testimonium
2403 2195 2663 2253 omnibus
2690 2199 2944 2268 gentibus
2974 2201 3290 2270 praedicam,
3318 2202 3576 2260 viderunt

1997 2297 2191 2342 omnes
2228 2283 2367 2342 lines
2399 2291 2559 2342 terrae
2587 2285 2891 2354 Christum,
2928 2286 3181 2347 Salutare
3211 2288 3329 2345 Dei.

2069 2572 2237 2629 Vens.
2273 2572 2383 2629 4-6.
2426 2573 2665 2629 Jubilate
2695 2572 2821 2637 Deo,
2863 2576 3036 2627 omnis
3075 2582 3242 2639 terra,
3288 2583 3499 2630 cantate
3522 2584 3579 2632 et

1997 2666 2265 2721 exsultate
2296 2675 2345 2720 et
2371 2666 2606 2736 psallite.
2645 2664 2874 2720 Psallite
2904 2664 3131 2719 Domino
3174 2665 3233 2721 in
3257 2667 3486 2734 cithara,
3518 2669 3582 2724 in

1997 2758 2203 2813 cithara
2229 2766 2279 2813 et
2312 2774 2432 2813 voce
2478 2758 2705 2828 psalmi,
2749 2757 2805 2810 in
2839 2755 2976 2811 tubis
3015 2756 3331 2826 ductilibns,
3375 2769 3424 2813 et
3455 2774 3578 2815 voce

1998 2851 2136 2906 tuba:
2186 2867 2407 2907 cornere.
2443 2849 2682 2905 Jubilate
2730 2851 2786 2904 in
2828 2860 3105 2903 consuestis
3158 2851 3294 2922 regis
3341 2850 3582 2921 Domini,

1995 2951 2049 3000 et
2064 2944 2377 3002 caetera.Ad
2402 2943 2619 2999 verbum
2644 2940 2888 3013 quidem,
2916 2942 3152 3014 hymnis,
3169 2945 3267 3008 ait,
3295 2943 3583 3015 adjungite

1996 3045 2049 3092 et
2080 3036 2444 3092 instrumenta
2463 3037 2748 3107 psalmica.
2774 3035 3085 3092 Secundum
3105 3037 3458 3107 anagogicum
3477 3052 3577 3090 au-

1994 3135 2105 3182 tem
2156 3126 2561 3197 interpretandi
2613 3129 2859 3193 modum,
2907 3126 3120 3184 cithara
3166 3135 3252 3183 est
3289 3127 3583 3198 praetica;

319 3219 515 3291 κτική·
563 3222 714 3293 φωνὴ
763 3222 819 3276 δέ
849 3221 1064 3294 ψαλμοῦ
1114 3224 1147 3294 ἠ
1200 3222 1421 3294 θεωρία.
1455 3220 1720 3286 Δοξάσατε
1787 3217 1892 3291 δῦν,

1997 3235 2099 3274 vox
2130 3233 2263 3275 vero
2294 3217 2513 3290 psalmi,
2533 3217 2770 3276 theoria.
2794 3219 3025 3275 Domino
3057 3219 3266 3299 itaque,
3288 3220 3386 3284 ait,
3419 3220 3575 3291 praxi

320 3312 475 3382 φησὶ,
503 3311 593 3366 τδν
618 3312 822 3385 Κύριον
849 3313 939 3367 διά
968 3313 1219 3387 πράξεως
1251 3314 1347 3368 καὶ
1368 3314 1620 3387 θεωρίας,
1647 3314 1741 3368 καὶ
1760 3316 1898 3387 πρὸς

316 3403 417 3459 τὸν
433 3404 646 3477 ψαλμὸν
676 3406 765 3462 τὸν
794 3406 882 3462 διά
919 3406 1016 3462 τοῦ
1053 3408 1285 3480 ὀργάνου
1313 3407 1701 3480 πληττόμενον,
1733 3410 1898 3479 ἧγουν

317 3496 421 3560 τὰς
443 3496 530 3551 διὰ
561 3496 655 3553 τοῦ
688 3497 934 3570 σώματος
968 3498 1244 3569 ἐνεργείας
1270 3499 1371 3564 τὰς
1400 3498 1520 3553 κατ’
1548 3500 1772 3572 ἀρετὴν,
1807 3500 1899 3554 καὶ⁵

318 3587 473 3658 φωνή
506 3605 587 3662 τις
618 3587 791 3657 ᾀδέτω
814 3589 848 3660 ή
873 3590 1001 3660 περὶ
1033 3588 1139 3642 τῶν
1168 3589 1456 3662 πρακτέων
1481 3587 1712 3662 θεωρία·
1746 3591 1901 3646 κιθά-

317 3656 423 3749 ραν
588 3656 685 3750 τήν
714 3678 808 3731 τοῦ
835 3656 1089 3749 σώματος
1123 3656 1259 3751 πρός
1289 3679 1387 3752 τὴν
1414 3656 1605 3751 ψυχὴν.
1634 3682 1898 3754 ἁρμονίαν

313 3768 490 3837 λέγει.
520 3768 630 3823 Kal.
661 3767 848 3825 τοῦτον
877 3769 935 3845 δέ
965 3769 1055 3826 τὸν
1088 3770 1250 3842 νόμον
1283 3770 1433 3825 ἐστιν
1471 3773 1599 3829 ίδείν
1612 3771 1898 3841 ’διηνεκῶς

316 3860 381 3913 ἐν
412 3861 533 3924 ταῖς
556 3859 870 3930 ἐκκλησίαις
896 3859 1268 3934 πληρούμενον
1287 3875 1300 3889 °
1325 3863 1392 3934 τῇ
1413 3861 1524 3934 γάρ
1551 3863 1897 3934 πνευματικῇ

320 3950 525 4024 κιθάρᾳ
552 3953 651 4024 τὴν
689 3951 837 4008 θείαν
865 3952 1282 4025 ἀνακρουόμεθα
1312 3954 1596 4027 μελῳδίαν.
1628 3955 1899 4027 Ποιοῦμεν

318 4042 379 4098 δὲ
413 4044 506 4098 καὶ
540 4045 701 4114 ἡμεῖς
730 4042 953 4114 λογικάς
977 4045 1209 4115 κιθάρας
1246 4045 1317 4100 τὰ
1353 4045 1597 4119 ἡμέτερα
1631 4045 1896 4118 στόματα,

321 4136 420 4190 καὶ
449 4136 710 4209 χρώμεθα
740 4137 859 4192 ἀντὶ
894 4138 993 4210 μὲν
1032 4139 1236 4211 χορδῶν
1272 4141 1385 4203 τοῖς
1422 4138 1652 4207 ὀδοῦσιν,
1684 4139 1807 4194 ἀντὶ
1838 4138 1897 4194 δέ

323 4228 527 4299 χαλκοῦ
560 4230 672 4294 τοῖς
691 4228 892 4301 χείλεσι
914 4247 930 4262 ο
964 4229 1242 4302 πλήκτρου
1269 4228 1325 4282 δέ
1360 4228 1560 4295 παντὸς
1598 4232 1632 4303 ή
1676 4231 1896 4300 γλῶσσα

322 4319 578 4393 ὀξύτερον
625 4321 937 4394 κινουμένη,
985 4321 1083 4394 τὴν
1129 4322 1443 4395 ἐναρμόνιον
1493 4323 1746 4378 ἀποτελεῖ
1789 4323 1899 4377 τῶν

321 4409 682 4482 κρουσμάτων
713 4413 856 4483 ὴχήν
875 4431 889 4444 ·
911 4415 1051 4467 κινεῖ
1072 4412 1128 4467 δέ
1158 4411 1259 4484 τὴν
1280 4411 1522 4481 γλῶτταν
1554 4416 1582 4466 ό
1615 4411 1757 4478 νοῦς,
1787 4409 1895 4468 οἷόν

319 4517 407 4564 τις
442 4501 695 4572 μουσικὸς
731 4503 847 4574 μετ’
876 4504 1187 4577 ἐπιστήμης
1227 4505 1544 4577 ποιούμενος
1570 4503 1668 4576 τὴν
1693 4504 1895 4576 ταύτης

1998 3318 2053 3367 et
2082 3310 2292 3366 theoria
2314 3310 2531 3366 laudem
2549 3311 2716 3367 dicite
2749 3329 2762 3367 :
2790 3319 2843 3367 et
2858 3319 3055 3382 praeter
3078 3311 3348 3383 psalmum
3377 3313 3580 3370 instru-

1997 3410 2183 3459 mento
2217 3404 2514 3474 pulsatum,
2542 3404 2797 3462 videlicet
2822 3414 3019 3477 prater
3047 3409 3298 3479 corporis
3329 3407 3591 3467 actiones

1998 3507 2124 3549 cum
2154 3495 2358 3551 virtute
2395 3495 2596 3563 editas,
2629 3513 2731 3552 vox
2782 3499 2913 3553 item
2954 3506 3137 3564 canat,
3195 3498 3244 3554 id
3278 3509 3382 3563 est,
3415 3514 3581 3570 agen-

1997 3585 2192 3640 darum
2222 3601 2409 3642 rerum
2439 3587 2650 3644 theoria
2681 3587 2816 3659 (sive
2843 3588 3166 3662 speculatio)
3196 3589 3429 3646 addatur
3451 3608 3466 3646 :
3487 3590 3572 3645 ci-

2000 3675 2210 3731 tharam
2235 3675 2440 3747 quippe
2460 3686 2640 3743 vocat,
2670 3679 2919 3750 corporis
2948 3695 3073 3735 eum
3107 3682 3288 3736 anima
3337 3696 3583 3738 concen-

1997 3777 2135 3822 tum.
2169 3765 2324 3823 Hanc
2352 3782 2518 3837 porro
2542 3769 2717 3842 legem
2747 3770 2934 3827 videre
2959 3770 3124 3826 liceat
3154 3772 3377 3838 assidue
3404 3772 3459 3828 in
3486 3787 3574 3830 ec-

1996 3857 2183 3915 clesiis
2206 3858 2420 3929 impleri
2444 3874 2459 3912 :
2491 3875 2616 3915 nam
2640 3861 2914 3933 spirituali
2943 3863 3154 3919 cithara
3175 3865 3417 3921 divinam
3448 3866 3572 3938 pul-

1996 3964 2184 4008 samus
2228 3949 2543 4006 melodiam.
2596 3949 2710 4008 lmo
2747 3953 2909 4009 etiam
2953 3968 3049 4008 ora
3094 3965 3285 4013 nostra
3331 3956 3583 4013 citharas

1994 4041 2293 4099 rationales
2320 4040 2618 4131 edicimus;
2657 4049 2714 4105 et
2756 4059 2858 4115 pro
2886 4045 3130 4110 chordis,
3159 4045 3415 4103 dentibus
3457 4048 3568 4101 uti—

1995 4150 2158 4202 mur;
2190 4149 2292 4206 pro
2323 4149 2451 4201 aere,
2484 4133 2688 4192 lahils:
2730 4134 2927 4209 quovis
2960 4145 3140 4193 autem
3186 4138 3398 4211 plectro
3425 4139 3575 4196 cele-

1995 4229 2114 4285 rius
2162 4228 2360 4302 agitata
2412 4228 2620 4300 lingua,
2669 4229 2997 4294 concinnum
3034 4230 3146 4287 edit
3198 4231 3567 4302 pulsationum

1996 4335 2193 4374 sonum
2227 4337 2241 4374 :
2277 4334 2432 4375 mens
2466 4327 2647 4374 autem
2693 4319 2933 4391 linguam
2980 4330 3179 4385 movet,
3213 4337 3313 4377 ceu
3363 4322 3585 4391 peritus

1996 4412 2221 4486 quidam
2267 4412 2511 4468 musicus
2553 4412 2691 4469 scite
2736 4413 2856 4485 ejus
2905 4414 3263 4469 mutationem
3306 4412 3567 4469 etiiciens.

1997 4505 2124 4561 llaec
2152 4504 2364 4559 cithara
2400 4503 2511 4559 Deo
2555 4504 2763 4574 gratior
2788 4512 2894 4568 est,
2939 4520 3101 4576 quam
3149 4504 3238 4558 illa
3266 4505 3432 4560 animi
3469 4519 3577 4559 ex-
3682 4563 3693 4589 ι

322 4592 642 4664 μετάϐασιν.
660 4592 806 4664 Αὕτη
840 4593 917 4664 τῷ
945 4594 1062 4665 Θεῷ
1094 4596 1131 4666 ἡ
1155 4594 1355 4669 κιθάρα
1376 4597 1473 4668 τῆς
1501 4595 1707 4666 ἀψύχου
1726 4595 1892 4667 θυμη-

1999 4615 2142 4668 pers.
2172 4597 2345 4669 Cujus
2377 4597 2456 4654 rei
2498 4598 2655 4653 testis
2696 4598 2810 4669 ipse
2842 4606 2925 4653 est
2964 4613 3062 4668 per
3101 4599 3418 4669 prophetam
3451 4597 3568 4653 haec

322 4685 572 4758 ρεστέρα.
601 4687 711 4742 Kal.
741 4685 948 4757 μάρτυς
978 4687 1139 4752 αὐτὸς
1163 4687 1251 4743 διὰ
1283 4689 1376 4742 τοῦ
1404 4689 1684 4763 προφήτου
1719 4686 1858 4760 βοῶν
1877 4704 1890 4718 ⁸

332 4775 708 4847 Ἀπόστησον
729 4780 827 4848 ἀφ’
849 4777 1017 4848 ἡμῶν
1032 4770 1197 4850 ’ἦχον
1221 4780 1388 4849 ᾠδῶν
1408 4798 1545 4848 σου,
1566 4782 1664 4835 καὶ
1688 4780 1898 4851 φωνῆς

320 4868 591 4940 ὀργάνων
619 4886 736 4926 σου
768 4873 880 4926 οὐκ
907 4872 1257 4941 ἀκούσομαι.
1274 4874 1373 4926 Ἐν
1399 4872 1730 4943 σάλπιγξιν
1752 4874 1895 4927 ἐλα-

316 4960 471 5027 ταῐς,
488 4962 585 5016 καὶ
606 4960 775 5032 φωνῇ
789 4962 1122 5033 σάλπιγγος
1137 4964 1468 5033 κερατίνοις.
1489 4964 1702 5019 Ἐλαταὶ
1718 4964 1902 5033 λέγον-

316 5063 414 5104 ται
444 5051 739 5120 σάλπιγγες
769 5053 818 5104 οἱ
846 5050 991 5121 λόγοι
1022 5051 1487 5106 τῶν’άποστόλων
1516 5052 1608 5107 τοῦ
1640 5052 1894 5125 Σωτῆρος

322 5142 481 5213 ἡμῶν
499 5142 587 5197 διὰ
615 5142 675 5196 τὸ
692 5143 1145 5215 βεϐασανισμένον
1171 5143 1264 5199 καὶ
1284 5144 1676 5216 πεπυρωμένον
1690 5147 1787 5218 τῆς
1811 5146 1895 5200 πί-

323 5246 495 5296 στεως
528 5232 705 5286 αὐτῶν
725 5249 747 5265 ολ
781 5235 1060 5305 κεράτιναι
1091 5235 1148 5289 δὲ
1179 5235 1265 5290 διά
1296 5234 1357 5288 τδ
1391 5237 1708 5307 πρακτικόν.
1743 5235 1895 5292 Βοῶν

320 5321 432 5394 γὰρ
461 5324 516 5376 al
549 5325 824 5397 κεράτιναι
859 5325 1151 5397 σάλπιγγες
1171 5345 1185 5359 ·
1207 5326 1332 5398 βοῦς
1349 5327 1405 5381 δὲ
1430 5329 1717 5402 ἐργατικὸν
1733 5329 1889 5395 ζῶον.

318 5413 435 5471 Kal.
461 5418 712 5492 περὶτῶν
738 5420 1050 5474 ἀποστόλων
1080 5420 1138 5474 δέ
1166 5423 1374 5492 φησινό
1394 5422 1606 5487 Παῦλος
1627 5441 1639 5453 ·
1659 5422 1756 5492 Mi)
1776 5422 1897 5477 τῶν

319 5504 485 5566 βοῶν
498 5507 669 5579 μέλει
699 5508 779 5576 τῷ
806 5511 1085 5584 ΚυρΙφ;ἥ
1111 5513 1177 5566 δι’
1194 5514 1340 5583 ἡμᾶς
1364 5514 1576 5578 πάντως
1603 5512 1893 5584 λέγει.Φω-

321 5600 412 5653 ναὶ
460 5601 745 5673 τοιγαροῦν
796 5602 904 5656 τῶν
956 5604 1115 5676 ἱερῶν
1166 5603 1261 5658 τοῦ
1311 5604 1563 5676 Σωτῆρος
1585 5606 1893 5661 ἀποστόλων

322 5685 512 5748 ἐλαταὶ
534 5692 669 5765 ὁμοῦ
702 5694 796 5749 καὶ
829 5694 1109 5768 κεράτιναι
1134 5693 1430 5764 σάλπιγγες
1458 5695 1772 5767 ἐτύγχανον.
1795 5694 1903 5750 Κι-

392 5841 442 5873 ⁹³
486 5846 588 5901 lsa.
621 5862 786 5914 xux,
824 5847 876 5902 6.
951 5850 997 5887 ἰ
1038 5849 1203 5905 Amos
1235 5864 1289 5914 ν,
1324 5850 1414 5914 ‘23.
1492 5849 1537 5882 θ’
1576 5847 1603 5902 Ι.
1629 5850 1756 5907 ουτ.
1794 5866 1884 5917 ut,
1917 5850 1971 5905 9-

1997 4693 2274 4745 elamans:
2306 4688 2495 4742 Averte
2523 4704 2555 4741 a
2588 4686 2736 4743 nobis
2765 4703 2952 4742 sonum
2977 4687 3304 4741 canticorum
3333 4697 3580 4750 tuorum,
3679 4681 3703 4754 ’ξ

1995 4791 2045 4836 et
2092 4796 2266 4835 vocem
2309 4780 2778 4834 instrumentorum
2801 4788 3010 4831 tuorum
3030 4794 3134 4830 non
3161 4777 3376 4830 audiam
3403 4775 3473 4832 ".
3501 4774 3568 4830 In

1996 4874 2131 4930 tubis
2172 4872 2493 4939 ductilibus,
2532 4882 2582 4926 et
2643 4886 2764 4927 voce
2810 4869 2949 4926 tuba:
2997 4884 3222 4924 carnem.
3257 4866 3424 4925 Tubas
3464 4868 3569 4925 du-

1996 4966 2156 5022 ctiles
2205 4965 2469 5020 dicuntur
2506 4977 2790 5020 sermones
2837 4962 3209 5033 apostolorum
3260 4959 3582 5017 Servatoris

2002 5056 2201 5124 nostri,
2244 5057 2316 5112 oh
2365 5055 2651 5127 probatam
2698 5063 2751 5111 et
2803 5055 2927 5126 igne
2972 5054 3334 5111 examinatam
3376 5067 3567 5109 eorum

2002 5148 2196 5216 tidem;
2260 5164 2476 5205 cornea:
2554 5163 2683 5215 vero
2760 5155 2984 5219 propter
3058 5147 3322 5201 actiones,
3396 5145 3583 5199 Boum.

1999 5241 2142 5296 enim
2209 5250 2339 5296 sunt
2396 5241 2541 5296 tubae
2591 5255 2805 5296 corneae
2848 5254 2862 5292 :
2922 5246 3005 5295 est
3060 5246 3239 5295 autem
3294 5235 3393 5291 bos
3442 5235 3567 5290 ani-

1998 5328 2109 5383 mal
2158 5328 2513 5389 laboriosum.
2569 5327 2645 5383 De
2698 5328 2962 5398 apostolis
3010 5342 3139 5381 vero
3191 5326 3269 5381 ait
3313 5323 3562 5380 Paulus:

2003 5417 2259 5490 Nunquid
2301 5419 2366 5473 de
2421 5417 2582 5473 bobus
2621 5435 2751 5472 cura
2806 5430 2883 5473 est
2959 5417 3171 5472 Domine
3197 5417 3289 5472 ⁸⁸2
3329 5414 3413 5470 vel
3450 5430 3571 5485 pro-

2000 5521 2122 5585 pter
2151 5527 2252 5567 nos
2293 5511 2518 5566 omnino
2553 5511 2655 5565 hoc
2677 5512 2830 5567 dicit.
2877 5509 3052 5569 Voces
3080 5511 3255 5582 itaque
3285 5522 3567 5567 sacrorum

2001 5603 2299 5660 Salvatoris
2342 5604 2711 5675 apostolorum
2733 5642 2749 5669 ,
2783 5602 3017 5667 ductiles
3060 5602 3224 5660 simul
3256 5608 3311 5658 et
3355 5612 3570 5659 cornea

2001 5695 2146 5754 tubae
2162 5704 2337 5753 erant.
2357 5696 2477 5753 Alio
2494 5705 2677 5753 autem
2704 5702 2889 5763 modo,
2908 5697 3170 5754 citharam
3198 5712 3267 5754 ne
3294 5689 3586 5753 cuncteri‘s
