4074 6380
464 445 600 503 1⁸255

1212 448 1481 506 EUSEBII
1519 444 1998 504 CESARIENSIS
2036 443 2186 502 OPP.
2229 443 2408 502 PARS
2445 445 2531 502 III.
2570 478 2632 488 -—
2671 446 3081 505 EXEGETICA.

3582 447 3723 504 1236

457 566 644 623 dicere
665 568 983 625 universum
1020 567 1228 626 Christi
1253 571 1537 642 populum,
1565 586 1633 627 ex
1657 569 1894 627 diversis
1923 569 2036 624 ani-

2137 567 2307 641 θάραν
2355 568 2413 623 δέ
2460 570 2634 633 ἄλλως
2687 569 2760 640 μὴ
2806 569 2949 623 δκνει
2968 568 3146 638 λέγειν
3179 567 3270 622 τὸν
3304 567 3599 639 σύμπαντα
3627 565 3722 622 τοῦ

459 657 684 724 mabus,
737 669 996 730 tauquam
1051 675 1118 716 ex
1166 661 1418 732 pluribus
1449 661 1689 728 chordis,
1736 662 2036 717 concinna-

459 757 600 814 tum,
637 761 798 821 atque
833 753 1052 807 unicam
1095 754 1401 815 orationem
1434 762 1490 810 et
1519 754 1823 825 gratiarum
1866 753 2040 808 actio-

459 856 584 896 nem
612 841 724 898 Deo
748 842 1086 900 oﬁereutem.

707 953 1032 1011 PSALMUS
1087 955 1219 1012 IPSI
1282 957 1513 1012 DAVII).
1578 957 1810 1014 XCVIII.

533 1041 795 1126 Vensui,
825 1046 878 1099 2.
909 1045 1170 1102 Dominus
1207 1049 1464 1119 regnavit.
1497 1050 1806 1103 irascantur
1833 1052 2038 1120 populi,

460 1134 552 1213 qui
572 1135 713 1188 sedet
754 1152 912 1205 super
941 1137 1230 1204 cherubim,
1263 1147 1536 1194 moveatur
1567 1148 1731 1194 terra.
1762 1140 1862 1196 IIic
1895 1142 2042 1212 psal-

460 1237 586 1278 mus
631 1225 778 1294 apud
829 1225 1086 1282 Hebraeos
1125 1228 1285 1284 titulo
1315 1237 1466 1284 caret
1499 1249 1514 1287 :
1550 1238 1745 1301 estque
1791 1248 1936 1288 unus
1974 1248 2042 1287 ex

459 1314 531 1370 iis
551 1315 645 1386 qui
669 1315 877 1371 Christi
909 1333 1136 1388 regnum
1169 1320 1522 1378 annuntiant.
1547 1320 1683 1378 Cum
1703 1323 1850 1378 enim
1879 1339 2041 1379 nemo

460 1405 629 1462 irasci
679 1423 739 1463 se
768 1408 915 1462 dicat
944 1410 1091 1479 quod
1139 1410 1285 1467 Deus
1313 1412 1699 1469 universorum
1751 1414 1807 1468 in
1849 1429 2041 1472 omnes

460 1513 690 1570 regnum
723 1499 1002 1569 obtineat;
1037 1501 1106 1557 de
1130 1502 1337 1558 Christi
1364 1511 1547 1558 tamen
1595 1520 1766 1575 regno
1797 1505 1871 1558 ait
1900 1522 2040 1576 prae-

461 1604 592 1646 sens
643 1605 823 1646 sermo
849 1604 852 1614 '
883 1593 1116 1665 populos
1157 1594 1343 1659 irasci,
1392 1595 1649 1650 videlicet
1705 1597 1936 1666 p0pulos
1973 1613 2042 1654 ex

459 1679 887 1738 circumcisione
928 1692 983 1738 et
1032 1700 1099 1740 ex
1144 1686 1422 1756 gentibus,
1457 1687 1552 1757 qui
1595 1687 1650 1742 iu
1702 1688 1882 1759 ipsum
1929 1703 2041 1744 non

460 1771 715 1828 credunt.
756 1772 892 1839 Quis
927 1776 998 1831 sit
1052 1785 1235 1832 autem
1283 1775 1572 1845 Dominus,
1624 1795 1748 1835 mox
1800 1780 2042 1836 declarat

459 1862 650 1920 dicens
688 1885 701 1922 :
763 1867 868 1934 Qui
913 1869 1054 1923 sedet
1086 1886 1242 1939 super
1290 1871 1578 1926 cherubim.
1633 1871 1842 1929 Mordet
1893 1874 2038 1929 enim

459 1954 730 2022 inﬁdeles,
777 1959 1020 2030 ipsisque
1079 1961 1228 2016 dolet
1281 1965 1526 2033 gentium
1578 1978 1676 2034 pro
1719 1965 1895 2019 salute
1923 1971 2041 2019 stu-

459 2046 653 2104 dium:
691 2049 960 2122 siquidem
1003 2053 1349 2123 propheticas
1389 2055 1457 2111 de
1503 2071 1672 2127 regno
1714 2057 1835 2126 ejus
1879 2072 2041 2114 voces

459 2152 572 2193 non
614 2140 1020 2198 intellexerunt.
1062 2143 1341 2200 Moventur
1363 2155 1523 2200 terra.
1557 2145 1839 2202 Daemones
1870 2147 2038 2213 enim,

458 2232 556 2302 qui
588 2231 718 2287 olim
749 2233 1047 2304 plurimum
1076 2237 1360 2302 valebant,
1387 2237 1644 2291 inﬁrmati
1679 2245 1838 2305 sunt;
1869 2236 1942 2291 ita
1983 2248 2042 2292 ut

459 2336 652 2378 omnes
679 2336 870 2376 eorum
913 2324 1145 2382 virtutes
1181 2334 1469 2382 commota:
1514 2327 1646 2393 sint,
1676 2336 1731 2383 et
1765 2328 2041 2398 operatio-

457 2422 559 2464 nes
580 2409 939 2467 cessaverint.
963 2411 1226 2470 Homines
1246 2430 1462 2486 quoque
1481 2425 1681 2471 terram
1712 2415 2036 2482 incolentes,

457 2501 868 2572 resipiscentes,
890 2506 1104 2575 paterni
1129 2507 1336 2563 erroris
1362 2508 1657 2579 perniciem
1676 2515 2036 2578 agnoverunt,

457 2591 630 2649 Deum
665 2593 901 2650 Verbum
935 2597 1038 2652 sibi
1068 2597 1357 2654 Dominum
1389 2601 1742 2656 ascribeutes.
1768 2599 1881 2655 Imo
1910 2617 2040 2657 vero

458 2684 628 2755 quiin
667 2699 790 2741 eum
827 2687 1094 2743 increduli
1127 2689 1370 2758 fuerunt,
1403 2693 1752 2748 vehementer
1777 2695 2038 2750 commoti

458 2784 611 2841 sunt,
643 2777 694 2832 vi
719 2777 984 2835 doctrinae
1021 2781 1142 2850 ejus
1165 2783 1420 2838 concussi
1467 2791 1629 2854 atque
1673 2788 1940 2856 percussi.
1969 2787 2040 2841 Il-

459 2875 554 2930 lud
587 2883 794 2942 autem,
835 2879 926 2949 qui
955 2878 1121 2943 sedet,
1151 2879 1312 2950 quasi
1349 2880 1596 2936 homines
1626 2882 1908 2952 alloquens
1938 2883 2035 2937 ait.

456 2965 665 3024 Natura
695 2968 899 3040 quippe
932 2969 1256 3040 incorporea
1293 2968 1747 3041 incomprehensa
1783 2979 1837 3026 et
1863 2972 2036 3027 incir-

455 3063 795 3134 cumscripta
824 3071 928 3118 est.
967 3061 1226 3116 Dominus
1259 3062 1312 3116 in
1344 3060 1475 3116 Sion
1510 3079 1753 3132 magnus,
1794 3073 1843 3120 et
1867 3063 2039 3119 excel-

457 3169 550 3210 sus
582 3170 738 3223 super
759 3170 937 3209 omnes
966 3153 1206 3222 populos.
1250 3153 1382 3208 Sion
1426 3152 1697 3225 signiﬁcat
1735 3156 2035 3224 speculam;

2142 660 2379 732 Χριστοῦ
2425 660 2552 714 λαὸν
2599 663 2663 714 ἐκ
2703 659 2972 733 διαφόρων
3018 659 3206 730 ψυχῶν
3247 659 3322 724 ὼς
3364 659 3430 712 ἐκ
3465 658 3733 712 πλειόνων-

2142 753 2346 824 χορδῶν
2373 753 2741 824 ἡρμοσμένον,
2777 753 2906 824 μίαν
2949 770 3010 807 τε
3059 751 3224 825 εὐχὴν
3257 752 3351 806 καὶ
3375 751 3722 824 εὐχαριστίαν

2140 844 2220 916 τῷ
2243 843 2363 917 Θεῷ
2392 844 2809 916 ἀναπέμποντα.

2526 953 2822 1009 mmo:
2851 955 2937 1026 Tn
2957 955 3176 1009 ΔΑΥΙΔ.
3207 957 3330 1022 una

2223 1047 2278 1100 Ὀ
2320 1048 2534 1115 Κύριος
2574 1048 2975 1102 ἐϐασίλευσεν
2994 1086 3010 1110 ,
3071 1047 3506 1118 ὀργιζέσθωσαν
3547 1050 3718 1116 λαοί,

2142 1142 2175 1193 ό
2191 1137 2521 1208 καθήμενος
2543 1139 2640 1193 ἐπὶ
2680 1141 2984 1210 χερουϐὶμ,
3001 1141 3350 1208 σαλευθήτω
3375 1143 3412 1210 ἡ
3434 1141 3530 1210 γῆ.
3570 1143 3718 1197 Ἀνε-

2143 1232 2416 1304 πίγραιρος
2444 1233 2574 1303 παρ’
2621 1232 2892 1304 Ἑϐραίοις
2919 1235 2948 1286 ό
2972 1232 3183 1304 ψαλμός
3205 1249 3220 1264 ο
3250 1227 3331 1296 εἷς
3352 1233 3410 1287 δέ
3443 1235 3536 1287 καὶ
3560 1235 3717 1300 αὐτὸς

2141 1321 2396 1392 τυγχάνει
2414 1321 2524 1375 τῶν
2544 1319 3046 1394 εὐαγγελιζομένων
3071 1323 3170 1395 τὴν
3194 1323 3289 1376 τοῦ
3303 1324 3538 1395 Χριστοῦ
3564 1325 3719 1395 βασι-

2141 1414 2308 1468 λείαν.
2367 1414 2521 1467 Ἐπεὶ
2577 1415 2675 1486 μὲν
2733 1413 2841 1485 γάρ
2867 1415 2945 1485 τῷ
2979 1414 3282 1484 βασιλεύειν
3323 1417 3576 1470 ἁπάντων
3614 1416 3721 1469 τῶν

2141 1508 2278 1562 ὅλων
2307 1507 2459 1573 Θεὸν,
2520 1507 2712 1562 οὐδένα
2765 1507 2830 1562 ἄν
2853 1525 2937 1572 τις
2990 1508 3304 1579 ὀργίζεσθαι
3351 1509 3506 1580 φαίη,
3550 1509 3641 1562 ἐπὶ
3667 1509 3722 1564 δὲ

2141 1602 2207 1672 τῇ
2235 1598 2332 1653 τοῦ
2366 1599 2601 1671 Χριστοῦ
2625 1599 2872 1671 βασιλείᾳ
2907 1601 3069 1670 φησὶν
3096 1602 3124 1653 ό
3151 1598 3342 1671 παρὼν
3373 1599 3530 1669 λόγος
3571 1599 3721 1672 ὀργί-

2141 1689 2328 1755 ζεσθαι
2371 1690 2565 1755 λαούς·
2617 1692 2751 1761 φησὶ
2778 1691 2834 1744 δὲ
2862 1692 2988 1752 τοὺς
3027 1692 3092 1744 ἐκ
3120 1691 3428 1763 περιτομῆς
3473 1692 3562 1745 καὶ
3594 1692 3722 1757 τοὺς

2140 1781 2200 1849 ἐξ
2252 1783 2422 1835 ἐθνῶν
2465 1782 2826 1847 ἀπιστοῦντας
2871 1782 3040 1854 αὐτῷ.
3070 1783 3168 1846 Τίς
3192 1783 3250 1836 δέ
3282 1785 3432 1836 ἐστιν
3460 1785 3488 1836 ὁ
3519 1783 3724 1855 Κύριος

2139 1875 2394 1942 διασαφεῖ
2420 1872 2594 1942 λέγων
2625 1871 2752 1944 ἑξῆς
2772 1887 2787 1903 ·
2828 1873 2884 1926 '0
2937 1873 3275 1942 καθήμενος
3311 1873 3466 1941 ὑπὲρ
3519 1890 3723 1942 χερου-

2142 1965 2259 2034 ϐίμ.
2314 1963 2509 2017 Δάκνει
2563 1963 2672 2036 γάρ
2701 1964 2830 2028 τοὺς
2867 1964 3134 2027 ἀπίστους
3155 1964 3250 2017 καὶ
3278 1963 3438 2017 λυπεῖ
3470 1967 3498 2018 ό
3537 1963 3628 2017 ἐπὶ
3657 1965 3724 2036 τῇ

2143 2053 2387 2125 σωτηρίᾳ⁸
2411 2053 2517 2106 τῶν
2543 2053 2711 2108 ἐθνῶν
2743 2052 2902 2125 ζῆλος
2923 2069 2940 2088 ο
2974 2054 3036 2107 ού
3066 2053 3175 2126 γάρ
3209 2057 3445 2126 συνῆκαν
3468 2054 3566 2117 τὰς
3598 2054 3724 2126 περὶ

2140 2143 2237 2209 τῆς
2273 2141 2550 2210 βασιλείας
2577 2143 2742 2197 αὑτοῦ
2757 2142 3101 2214 προφητικὰς
3130 2143 3312 2213 φωνάς
3333 2161 3345 2174 ·
3369 2143 3723 2210 Σαλευθήτω

2139 2239 2178 2305 ἡ
2205 2235 2302 2308 γῆ.
2339 2235 2407 2290 Οἵ
2435 2253 2495 2289 τε
2535 2236 2644 2308 γὰρ
2691 2235 2858 2290 πάλαι
2909 2234 3078 2289 πολλά
3142 2234 3427 2304 δυνάμενοι
3472 2234 3720 2304 δαίμονες

2140 2331 2528 2403 ἐξησθένησαν,
2565 2330 2641 2394 ὡς
2675 2329 2852 2392 πάσας
2898 2327 3076 2381 αὐτῶν
3111 2325 3211 2389 τὰς
3242 2326 3498 2396 δυνάμεις
3525 2324 3720 2377 σαλευ-

2140 2423 2322 2496 θῆναι,
2351 2424 2446 2478 καὶ
2491 2422 2794 2492 παυσθῆναι
2827 2418 2925 2481 τὰς
2963 2418 3242 2488 ἐνεργείας
3265 2433 3279 2449 ο
3321 2417 3375 2470 οἵ
3400 2433 3460 2469 τε
3489 2415 3586 2487 τὴν
3615 2415 3721 2486 γῆν

2139 2515 2417 2580 οἰκοῦντες
2437 2514 2532 2569 ἀνθ
2541 2530 2728 2586 ρωποι,
2753 2509 3166 2582 μεταϐαλόντες,
3188 2508 3287 2578 τῆς
3310 2507 3565 2580 πατρῴας
3582 2507 3722 2561 πλά-

2139 2623 2238 2677 νης
2276 2606 2368 2659 τὸν
2407 2603 2624 2674 ὄλεθρον
2669 2599 3009 2668 ἐπέγνωσαν,
3051 2598 3143 2651 τὸν
3176 2598 3308 2651 Θεὸν
3338 2598 3509 2666 Λόγον
3541 2597 3723 2652 αὐτῶν

2140 2697 2344 2768 Κύριον
2405 2690 2860 2761 ἐπιγραψάμενοι.
2901 2689 2976 2742 Οὐ
3037 2688 3142 2760 μὴν
3195 2686 3330 2740 ἁλλά
3364 2687 3457 2741 καὶ
3499 2689 3547 2740 οἱ
3585 2688 3720 2740 ἀπι-

2140 2789 2388 2849 στοῦντες
2417 2783 2563 2854 αὐτῷ
2585 2821 2600 2848 ,
2655 2781 2904 2853 μεγάλως
2955 2780 3356 2851 ἐσαλεύθησαν,
3409 2779 3720 2850 κινούμενοι

2138 2881 2232 2937 καὶ
2263 2873 2761 2946 καταπληττόμενοι
2787 2871 2887 2942 τῆς
2930 2870 3277 2935 διδασκαλίας
3315 2869 3482 2925 αὑτοῦ
3511 2869 3610 2940 τὴν
3637 2867 3720 2922 δύο

2137 2983 2321 3036 ναμιν.
2353 2965 2426 3018 Τὸ
2453 2965 2529 3029 δέ,
2553 2960 2906 3032 καθήμενος,
2933 2962 3010 3025 ὡς
3035 2959 3172 3032 πρὸς
3201 2958 3518 3030 ἀνθρώπους
3545 2959 3720 3011 διαλε-

2137 3059 2364 3130 γόμενος
2423 3057 2666 3129 εἴρηκεν.
2721 3056 2784 3108 Ἦ
2831 3055 2940 3127 γάρ
2983 3053 3274 3124 ἀσώματος
3315 3052 3476 3122 φύσις
3527 3051 3722 3123 άπερίο

2137 3152 2342 3224 ληπτός
2393 3150 2489 3204 καὶ
2542 3147 2939 3220 ἀπερίγραιρος.
2983 3147 3198 3214 Κύριος
3235 3145 3300 3199 ἐν
3330 3143 3484 3198 Σιὼν
3506 3143 3717 3220 μέγας,

459 3246 542 3302 sic
577 3253 759 3301 autem
812 3246 1086 3318 appellare
1123 3245 1310 3302 divina
1366 3245 1652 3318 Scriptura
1699 3249 1837 3304 solet
1873 3263 2035 3304 omne

2140 3241 2238 3296 καὶ
2266 3241 2507 3310 ὑψηλός
2543 3239 2716 3294 ἐστιν
2751 3239 2852 3292 ἐπὶ
2891 3236 3123 3303 πάντας
3150 3235 3292 3303 τοὺς
3333 3237 3541 3302 λαούς.
3580 3234 3718 3288 Σιὼν

459 3338 777 3410 religiosum
813 3337 1146 3404 institutum,
1180 3345 1345 3410 atque
1384 3338 1487 3393 hoc
1522 3340 1684 3394 modo
1717 3339 2035 3394 indicantur

457 3430 496 3486 ii
530 3431 624 3502 qui
677 3432 920 3488 caelestia
953 3431 1328 3502 speculantur,
1359 3432 1539 3502 qualis
1589 3441 1706 3488 erat
1737 3432 2033 3503 Apostolus

457 3521 551 3592 qui
575 3521 694 3577 ait:
740 3519 864 3574 Non
909 3519 1302 3590 speculantibus
1345 3519 1497 3574 nobis
1550 3529 1781 3583 terrena,
1816 3519 1907 3572 sed
1932 3533 2033 3573 cae-

457 3610 614 3667 lestia
643 3610 710 3664 ’⁸.
740 3611 897 3683 Apud
932 3611 1053 3668 illos
1084 3611 1229 3666 enim
1257 3625 1490 3683 magnus
1515 3619 1599 3668 est
1630 3609 1915 3666 Dominus.

525 3877 693 3935 Vsus.
747 3880 800 3934 3.
837 3878 1202 3949 Conﬁteantur
1248 3882 1450 3936 nomini
1506 3888 1595 3934 tuo
1648 3894 1859 3948 magno,
1909 3895 2033 3949 quo-

452 3971 598 4026 niam
623 3970 856 4025 terribile
882 3981 932 4026 et
957 3982 1198 4026 sanctum
1221 3983 1319 4027 est.
1356 3971 1513 4026 Nunc
1538 3969 1758 4040 quidem
1782 3971 2032 4028 irascun-

453 4071 546 4119 tur
565 4063 750 4134 populi
777 4063 1042 4120 adversus
1074 4079 1302 4135 regnum
1341 4063 1643 4119 Salvatoris
1674 4064 1847 4121 nostri
1878 4083 1890 4120 :
1927 4064 2034 4122 erit

453 4169 618 4226 porro
649 4162 862 4224 tempus
891 4171 1001 4226 quo
1038 4155 1142 4226 ipsi
1171 4169 1387 4226 quoque
1420 4153 1628 4209 nomini
1675 4169 1874 4224 magno
1910 4154 2030 4225 ejus

452 4245 880 4310 conﬁtebuntur,
904 4247 1112 4316 quando
1132 4265 1282 4302 omne
1303 4263 1435 4318 genu
1457 4246 1694 4315 ﬂectetur
1716 4246 2024 4313 caelestium,

453 4349 611 4406 atque
642 4339 991 4403 terrestrium,
1020 4350 1068 4394 et
1099 4341 1269 4395 omnis
1302 4339 1484 4410 lingua
1521 4338 1878 4408 conﬁtebitur,
1901 4339 2028 4409 quia

2137 3333 2496 3407 ἑρμηνεύεται
2528 3330 3003 3398 σκοπευτήριονσ
3042 3328 3184 3382 οὓτω
3215 3328 3271 3381 δέ
3295 3327 3576 3398 ὀνομάζειν
3597 3326 3716 3390 ἔθος

2136 3426 2236 3498 τὴν
2269 3425 2417 3479 θείαν
2464 3425 2686 3496 Γραφὴν
2725 3425 2831 3477 πᾶν
2861 3423 2922 3476 τὸ
2966 3422 3214 3486 θεοσεϐὲς
3261 3421 3581 3491 πολίτευμα,
3609 3419 3717 3472 τῶν

2135 3518 2205 3576 τὰ
2257 3517 2556 3588 ἐπουράνια
2609 3514 2954 3569 σκοπούντων
2999 3505 3188 3567 τοῦτον
3233 3512 3577 3584 δηλουμένων
3627 3512 3716 3564 τὸν

2135 3610 2332 3683 τρόπον
2393 3610 2574 3671 ὁποῖος
2635 3603 2702 3679 ἦν
2734 3607 2908 3677 λέγων
2946 3608 2975 3660 ὁ
3013 3605 3331 3670 Ἀπόστολος
3357 3623 3370 3637 ο
3425 3605 3720 3660 Σκοπούν-

2135 3718 2254 3754 των
2285 3699 2534 3770 ἡμῶνοὺ
2552 3700 2622 3755 τὰ
2641 3701 2890 3770 ἐπίγεια,
2915 3697 3077 3754 ἀλλὰ
3095 3699 3168 3753 τὰ
3185 3697 3532 3768 ἐπουράνια.
3559 3693 3720 3768 Παρὰ

2133 3790 2343 3855 τούτοις
2370 3786 2463 3845 οῦν
2495 3791 2666 3862 μέγας
2695 3791 2840 3844 ἐστὶν
2864 3793 2892 3845 ὁ
2919 3789 3142 3861 Κύριος.

2221 3880 2922 3951 Ἐξομολογησάσθωσαν
2953 3879 3034 3946 τῷ
3069 3878 3314 3950 ὀνόματί
3353 3893 3470 3933 σου
3503 3875 3582 3941 τῷ
3613 3891 3718 3945 μευ

2134 3975 2316 4045 γάλῳ,
2346 3973 2434 4028 ὅτι
2462 3976 2722 4044 φοϐερὸν
2757 3975 2857 4028 καὶ
2897 3974 3069 4043 ἅγιόν
3102 3973 3252 4027 ἐστι.
3297 3969 3411 4024 Νῦν
3440 3968 3538 4040 μέν
3569 3967 3718 4039 ὀργί-

2133 4067 2315 4132 ζονται
2358 4066 2477 4120 λαοὶ
2523 4067 2616 4120 ἐπὶ
2648 4066 2742 4120 τοῦ
2776 4067 3026 4136 Σωτῆρος
3065 4063 3220 4135 ἡμῶν
3258 4061 3532 4132 βασιλείᾳο
3564 4059 3716 4112 ἔσται

2131 4159 2189 4214 δέ
2227 4177 2310 4223 τις
2353 4159 2543 4230 καιρὸς
2590 4161 2646 4212 ἐν
2684 4153 2728 4227 ᾧ
2753 4158 2847 4212 καὶ
2903 4159 3057 4211 αὐτοὶ
3110 4153 3593 4225 ἐξομολογήσονται
3637 4148 3716 4220 τῷ

2133 4252 2358 4324 ὀνόματι
2383 4251 2552 4305 αὐτοῦ
2581 4250 2658 4322 τῷ
2714 4249 2955 4322 μεγάλῳ,
2988 4249 3118 4302 ’⁷0τέ
3151 4245 3273 4300 πᾶν
3312 4246 3460 4316 γόνυ
3493 4242 3717 4312 κάμψει

2133 4345 2506 4413 ἐποιφανίων
2528 4344 2626 4398 καὶ
2662 4343 2955 4412 ἐπιγείων,
2988 4339 3085 4394 καὶ
3113 4336 3280 4393 πᾶσα
3304 4334 3557 4406 γλῶσσα
3588 4334 3718 4398 ἑξο-

453 4430 714 4486 Dominus
762 4431 921 4486 Iesus
951 4433 1003 4486 in
1031 4434 1203 4504 gloria
1252 4431 1434 4485 Patris
1458 4432 1527 4484 "’.
1558 4459 1630 4473 —-
1680 4429 1850 4486 Vens.
1874 4430 1928 4484 4.
1961 4429 2032 4484 Et

2137 4435 2551 4507 μολογήσεται,
2583 4435 2670 4489 ὅτι
2701 4434 2917 4500 Κύριος
2959 4429 3187 4498 Ἰησοῦς
3239 4430 3325 4493 είς
3373 4425 3562 4491 δόξαν
3596 4426 3718 4476 Πα-

454 4525 622 4580 honor
650 4526 784 4594 regis
824 4525 1086 4595 judicium
1127 4525 1325 4596 diligit.
1363 4523 1552 4579 Honor
1589 4531 1644 4579 et
1673 4523 1849 4578 virtus
1884 4523 2029 4594 regis

2132 4529 2290 4598 τρός.
2328 4528 2440 4583 Kal
2479 4525 2616 4600 τιμὴ
2651 4522 2958 4591 ,ϐασιλέως
3001 4522 3206 4590 κρίσιν
3224 4517 3446 4590 ἀγαπᾷ.
3508 4517 3575 4571 Ἡ
3622 4512 3716 4568 τοῦ

453 4631 580 4670 cum
619 4613 848 4684 judicio,
895 4617 1017 4671 aliis
1066 4615 1287 4686 quidem
1348 4629 1548 4669 nomen
1597 4613 1718 4679 ejus
1767 4613 2026 4679 terribile,

2137 4620 2400 4691 βασιλέως
2431 4621 2564 4690 τιμή
2625 4635 2686 4672 τε
2731 4616 2826 4671 καὶ
2848 4615 3017 4687 ἀρετὴ
3058 4613 3280 4676 εἰκότως
3312 4610 3449 4683 μετὰ
3485 4608 3719 4680 κρίσεως

454 4704 580 4760 aliis
603 4722 732 4760 vero
761 4715 1010 4762 sanctum
1045 4707 1239 4763 merito
1260 4705 1443 4762 efﬁcit.
1471 4706 1530 4761 Si
1555 4708 1700 4763 enim
1733 4707 1827 4778 qui
1858 4707 2030 4777 legem

454 4791 575 4862 ejus
628 4795 1128 4866 transgrediuntur.
1171 4811 1267 4866 per
1316 4795 1490 4866 ipsam
1538 4798 2032 4870 transgressionem

455 4882 607 4938 illum
637 4885 1008 4952 inhonorant;
1037 4887 1132 4955 qui
1163 4887 1402 4943 divinam
1433 4889 1607 4959 legem
1632 4898 2028 4962 exsequuntur,

456 4974 574 5029 vice
607 4991 784 5040 versa,
827 4992 925 5046 per
972 4976 1094 5047 ejus
1148 4979 1558 5036 exsecutionem
1613 4996 1795 5051 regem
1851 4982 2030 5051 ipsum

453 5067 546 5136 qui
603 5068 774 5140 legem
824 5069 974 5124 dedit
1021 5069 1230 5126 honore
1280 5070 1544 5137 alliciunt,
1589 5072 1858 5142 judicium
1910 5073 2034 5142 ejus

453 5159 743 5230 diligentes
775 5181 787 5216 :
820 5162 1054 5220 scientes
1089 5164 1300 5235 justum
1333 5180 1458 5220 esse
1482 5164 1750 5234 judicium
1780 5165 1924 5234 ejus,
1967 5180 2034 5221 ac

453 5266 514 5306 se
532 5251 714 5308 diviua
738 5255 956 5324 praemia
979 5265 1374 5313 consecuturos
1404 5273 1548 5320 esse,
1577 5259 1704 5328 quia
1727 5258 2030 5315 secundum

453 5343 791 5401 voluntatem
826 5347 948 5418 ejus
978 5348 1068 5419 pie
1097 5355 1152 5403 et
1176 5348 1326 5418 juste
1347 5355 1594 5420 egerunt.

524 5525 692 5583 Vens.
724 5529 776 5583 5.
807 5528 884 5583 Tu
915 5531 1120 5597 parasti
1141 5531 1477 5592 directiones,
1501 5531 1767 5600 judicium
1796 5540 1848 5586 et
1867 5531 2036 5601 justi;

459 5617 586 5671 tiam
630 5621 682 5672 in
711 5619 878 5674 Jacob
910 5631 964 5675 tu
995 5621 1182 5690 fecisti.
1237 5623 1488 5679 Exaltate
1525 5625 1812 5679 Dominum
1866 5623 2036 5679 Deum

454 5722 716 5774 nostrum,
770 5720 876 5767 etc.
943 5713 1134 5779 Nemo,
1178 5713 1377 5786 inquit,
1408 5717 1685 5772 existimet
1732 5715 1820 5771 hic
1868 5716 2036 5788 alium

561 5865 605 5899 ἰ
649 5867 688 5920 ll
722 5864 846 5920 Cor.
883 5885 966 5933 iv,
1002 5869 1087 5924 i8.
1162 5871 1207 5904 "
1246 5868 1481 5932 Philipp.
1518 5887 1589 5933 η.
1632 5873 1730 5932 i0.
1772 5875 1856 5928 ll.

2133 4714 2246 4775 τοῖς
2272 4712 2370 4783 μὲν
2411 4709 2668 4780 ἐπίφοϐον
2695 4709 2926 4764 ποιεῖται
2953 4706 3015 4759 τὸ
3052 4705 3222 4776 ὄνομα
3262 4701 3449 4769 αὐτοῦ,
3501 4701 3612 4763 τοῖς
3661 4695 3720 4752 δὲ

2136 4803 2311 4871 ἅγιον.
2364 4803 2426 4856 Ei
2462 4801 2570 4873 γάρ
2621 4800 2671 4852 οἱ
2725 4797 3147 4870 παραϐαίνοντες
3184 4792 3346 4848 αὑτοῦ
3379 4792 3471 4846 τὸν
3531 4792 3715 4864 νόμον,

2134 4895 2198 4947 δι’
2225 4894 2388 4948 αὑτοῦ
2407 4892 2502 4947 τοῦ
2531 4888 2886 4963 παραϐαίνειν
2912 4887 3266 4960 ἀτιμάζουσιν
3303 4885 3466 4939 αὐτόν
3483 4900 3498 4915 ⁸
3533 4885 3583 4938 oi
3614 4902 3715 4938 κα-

2133 4986 2454 5058 τορθοῦντες
2503 4985 2594 5038 τὸν
2626 4985 2768 5038 θεῖον
2790 4983 2952 5054 νόμον
3002 4981 3071 5034 δι’
3121 4977 3287 5035 αὐτοῦ
3335 4977 3429 5031 τοῦ
3473 4977 3715 5049 ἐνεργεῖν

2140 5079 2280 5135 κατά
2311 5078 2507 5132 ταύτὸν
2535 5076 2734 5147 τιμῶσι
2773 5075 2864 5160 ab:
2912 5072 3346 5145 νομοθετήσαντα
3371 5069 3534 5123 αὐτὸν
3562 5068 3715 5139 βασι·

2138 5170 2258 5236 λέα,
2285 5167 2604 5237 ἀγαπῶντες
2631 5166 2728 5238 τὴν
2761 5167 2890 5236 παρ’
2915 5163 3080 5218 αὐτοῦ
3126 5162 3328 5234 κρίσιν,
3365 5161 3715 5231 ἐπιστάμενοι

2135 5261 2342 5314 δίκαιον
2391 5259 2452 5312 τὸ
2511 5262 2687 5332 κρῖμα
2745 5256 2930 5320 αὑτοῦ,
2975 5255 3068 5309 καὶ
3113 5255 3193 5307 ὅτι
3235 5252 3509 5319 τεύξονται
3555 5249 3715 5305 θείων

2136 5350 2399 5422 ἀμοιϐῶν,
2435 5351 2577 5404 κατὰ
2631 5351 2687 5404 τὸ
2718 5349 2964 5421 βούλημα
3017 5345 3206 5412 αὐτοῦ,
3241 5345 3481 5408 εὐσεϐῶς
3513 5343 3607 5397 καὶ
3636 5345 3715 5396 δι-

2139 5439 2308 5503 καίως
2345 5439 2816 5510 πολιτευσάμενοι.

2207 5533 2292 5586 Σὺ
2329 5535 2661 5602 ἡτοίμασας
2715 5532 3065 5599 εὐθύτητας,
3096 5529 3300 5598 κρίσιν
3334 5528 3434 5583 καί
3490 5529 3712 5580 δικαιω-

2137 5624 2337 5691 σύνην
2350 5625 2420 5677 ἐν
2446 5623 2647 5677 Ἰακὼϐ
2657 5622 2738 5676 σὺ
2770 5621 3086 5690 ἐποίησαςί
3104 5621 3350 5690 ’Υψοῦτε
3364 5619 3584 5686 Κύριον
3603 5615 3713 5670 τὸν

2142 5711 2290 5769 Θεὸν
2335 5711 2527 5783 ἡμῶν,
2587 5711 2682 5766 καὶ
2733 5710 2802 5766 τὰ
2840 5711 2986 5782 ἑξῆς.
3023 5710 3248 5784 Μηδεὶς,
3268 5709 3421 5781 φησὶ,
3439 5703 3714 5778 νομίζοιτο
