4074 6414
428 430 561 486 1937

1545 427 2051 486 COMMENTARIA
2089 431 2155 487 IN
2193 430 2530 489 PSALMOS.

3519 432 3663 492 1238

421 540 606 615 ἕτερον
641 537 778 597 εἶναι
804 541 895 596 τὸν
917 541 1147 597 ἐνταῦθα
1175 542 1618 616 δοξολογούμενον
1653 544 1858 619 Κύριον
1900 546 1996 601 τοῦ

2106 549 2379 605 dominum
2411 548 2584 620 gloria
2629 546 2920 612 celebrari,
2953 563 3115 619 quam
3164 546 3331 604 Deum
3358 546 3453 618 qui
3495 547 3665 618 legem

422 631 556 685 Θεοῦ
582 631 676 686 τοῦ
704 631 1162 705 νομοθετήσαντος
1184 635 1242 687 ὲν
1273 636 1337 705 τῇ
1368 635 1578 706 ἐρήμῳ.
1603 636 1676 690 Συ
1688 636 1818 708 γὰρ,
1842 638 1994 708 φησὶ,

422 718 620 792 Κύριε,
653 715 713 775 οὗ
739 721 836 793 τὴν
872 721 1146 791 βασιλείαν
1178 723 1524 794 θεσπίζομεν,
1568 724 1730 789 αὐτὸς
1764 725 1839 779 ὢν
1868 744 1997 796 τυγ-

426 809 628 882 χάνεις,
658 812 686 864 6
705 812 800 864 καὶ
825 812 902 883 τῷ
927 812 991 865 ὲκ
1013 813 1313 884 περιτομῆς
1334 813 1446 884 λαῷ
1464 814 1644 886 κρίσιν
1672 817 1766 869 καὶ
1794 816 2000 871 δικαιο-

427 900 592 973 σύνην
611 900 1000 973 διαταξάμενος
1034 903 1174 956 κατὰ
1213 903 1311 975 τὴν
1343 904 1586 958 δοθεῖσαν
1619 908 1802 971 αὐτοῖς
1839 925 1993 980 νομοο

426 991 631 1056 θεσίαν,
648 992 990 1064 δικαιώματα
1021 994 1114 1053 καὶ
1138 994 1381 1066 κρίματα
1412 995 1791 1068 περιέχουσαν.
1825 998 1899 1052 Σὺ
1942 997 1999 1052 δὲ

425 1086 588 1149 αὐτὸς
615 1086 712 1139 καὶ
742 1084 1043 1158 εύθύτητας
1070 1086 1372 1157 ἡτοίμασας
1400 1086 1543 1142 κατὰ
1577 1088 1668 1142 τὸν
1692 1088 1793 1159 τῆς
1838 1090 2002 1144 ἀντα-

426 1176 696 1239 ποδόσεως
716 1176 905 1247 καιρὸν
925 1177 1401 1249 ἅποδοθησομένας
1425 1180 1536 1243 τοῖς
1555 1179 1880 1249 φυλάττουσι
1904 1179 2000 1253 τὴν

427 1264 606 1338 κρίσιν
634 1264 730 1320 καὶ
754 1266 852 1339 τὴν
872 1265 1237 1338 δικαιοσύνην.
1265 1266 1527 1336 Μωῦσῆς
1556 1267 1657 1321 καί
1697 1268 1911 1337 Ἀαρὼν
1933 1268 2004 1322 ἐν

426 1356 551 1424 τοῖς
579 1356 842 1426 ἱερεῦσιν
865 1357 1072 1423 αὐτοῦ,
1106 1358 1204 1413 καί
1239 1360 1522 1428 Σαμουὴλ
1547 1360 1616 1414 ἐν
1646 1360 1771 1427 τοῖς
1801 1360 2004 1414 ἐπικα-

426 1442 742 1513 λουμένοις
772 1444 840 1498 τὸ
867 1444 1055 1515 ὄνομα
1073 1446 1278 1501 αὐτοῦ.
1307 1446 1742 1502 Ἐπεκαλοῦντο
1769 1450 1875 1503 τὸν
1888 1449 2005 1502 Κύ-

417 1552 574 1603 ριον,
625 1534 724 1589 καί
773 1536 957 1602 αὐτὸς
996 1535 1339 1606 είσήκουεν,
1384 1539 1453 1593 ἐν
1491 1541 1696 1605 στόλῳ
1744 1540 2006 1610 νεφέλης

427 1624 633 1681 ἐλάλει
665 1626 825 1706 ,πρὸς
860 1629 1103 1695 αὐτούς.
1169 1631 1554 1699 Ἐφύλασσον
1602 1631 1674 1685 τὰ
1710 1633 2007 1702 μαρτύρια

425 1717 633 1783 αὑτοῦ,
662 1719 762 1774 καί
787 1718 860 1774 τὰ
876 1720 1298 1792 προστάγματα
1332 1721 1371 1776 d
1402 1722 1624 1777 ἔδωκεν
1647 1725 1872 1791 αὐτοῖς.
1907 1726 2002 1787 Τὸ,

426 1810 498 1863 El
516 1810 911 1866 ἐπιστεύσατε
924 1812 1172 1881 Μωυσῇ,
1192 1814 1587 1868 ἐπιστεύσατε
1602 1814 1677 1870 ἂν
1686 1817 1818 1886 ἐμοι
1833 1833 1848 1847 ο
1873 1817 2006 1885 περὶ

2100 642 2250 698 dedit
2300 642 2356 696 in
2387 642 2623 697 deserto.
2666 638 2750 696 Tu
2778 641 2947 704 enim,
2983 641 3183 711 inquit,
3218 640 3467 703 Domine,
3507 638 3671 710 cujus

2100 749 2330 804 regnum
2375 732 2761 797 vaticinamur,
2790 732 2932 787 idem
2982 732 3098 803 ipse
3129 748 3190 787 es
3228 732 3320 802 qui
3368 732 3570 803 populo
3602 747 3664 786 ex

2099 822 2516 877 circumcisione
2547 821 2817 890 judicium
2845 820 3191 891 etjuslitiam
3224 822 3545 893 praecepisti,
3578 837 3669 877 se.

2099 915 2336 968 cundum
2361 921 2621 970 statutam
2659 913 2795 984 ipsis
2829 914 3025 984 legem,
3053 913 3472 983 justiﬁcationes
3500 921 3555 969 et
3575 912 3670 982 ju-

2098 1007 2239 1062 dicia
2279 1007 2749 1076 complectentem.
2782 1003 2865 1059 Tu
2902 1012 3084 1060 autem
3126 1005 3243 1074 ipse
3282 1007 3487 1075 parasti
3528 1004 3672 1059 dire-

2099 1098 2330 1162 ctiones,
2362 1096 2739 1152 retributionis
2762 1103 3011 1166 tempore
3036 1095 3103 1151 iis
3128 1094 3431 1150 reddendas
3452 1095 3545 1165 qui
3580 1094 3673 1164 ju—

2099 1176 2302 1244 dicium
2354 1195 2409 1243 et
2460 1188 2732 1258 justitiam
2788 1187 3170 1244 custodierint.
3230 1215 3299 1226 —-
3333 1184 3500 1241 Vens.
3529 1186 3584 1248 6,
3618 1185 3669 1238 7.

2102 1279 2311 1351 Moyses
2336 1288 2386 1334 et
2410 1279 2591 1333 Aaron
2621 1279 2676 1333 in
2707 1277 3068 1335 sacerdotibus
3108 1278 3246 1348 ejus,
3269 1288 3316 1331 et
3342 1275 3560 1332 Samuel
3589 1277 3674 1329 in-

2103 1383 2180 1428 ter
2207 1389 2294 1427 eos
2318 1375 2408 1443 qui
2427 1372 2670 1427 invocant
2712 1387 2899 1425 nomen
2930 1370 3064 1440 ejus.
3114 1367 3440 1424 Invocabant
3493 1368 3677 1432 Denti-

2103 1481 2252 1528 num,
2284 1476 2333 1518 et
2363 1464 2472 1533 ipse
2502 1461 2823 1518 exaudiebat
2840 1478 2952 1527 eos,
2981 1463 3036 1516 in
3059 1461 3304 1516 columna
3326 1460 3480 1516 nubis
3507 1461 3680 1530 loque-

2104 1555 2262 1609 batur
2310 1553 2378 1609 ad
2412 1571 2521 1619 eos,
2547 1552 2912 1608 custodiebant
2964 1555 3262 1608 testimonia
3303 1554 3439 1623 ejus,
3464 1561 3512 1607 et
3537 1568 3677 1622 prat-

2103 1656 2252 1715 cepta
2305 1663 2422 1718 qua:
2464 1645 2608 1701 dedit
2647 1647 2779 1701 illis.
2834 1644 2992 1711 Illud,
3029 1647 3090 1702 Si
3151 1646 3433 1700 crederetis
3478 1642 3677 1714 Moysi,

2103 1740 2382 1795 crederetis
2426 1741 2605 1811 utique
2652 1740 2801 1805 mihi,
2835 1740 2899 1795 de
2929 1757 3010 1795 me
3065 1742 3203 1795 enim
3250 1740 3341 1793 ille
3369 1738 3581 1807 scripsit
3604 1738 3675 1801 ’⁸,

2106 1833 2350 1902 ejusdem
2384 1833 2666 1888 sententia:
2703 1845 2787 1890 est
2835 1842 2998 1907 atque
3040 1833 3129 1887 illa
3158 1847 3279 1902 quae
3319 1830 3430 1900 jam
3481 1837 3681 1884 tracta-

429 1901 537 1996 γάρ
563 1902 710 1981 ἐμοῦ
735 1904 966 1972 ἐκεῖνος
988 1905 1234 1976 ἔγραψε,
1254 1907 1354 1978 τῆς
1378 1904 1470 1962 οὖν
1491 1907 1660 1980 αὐτῆς
1681 1908 1861 1980 ἔχεται
1889 1910 2005 1963 δια-

2108 1941 2250 1980 mus.
2283 1923 2418 1978 Nam
2449 1924 2935 1996 eumdem,inquit,
2956 1932 3011 1979 et
3035 1939 3145 1980 non
3168 1924 3333 1978 alium
3368 1921 3678 1980 Dominum.

427 1993 576 2059 νοίας
629 1996 726 2050 καὶ
770 1998 839 2052 τὰ
888 1999 1247 2070 προκείμενα.
1282 1998 1482 2055 Τοῦτον
1506 2000 1614 2073 γὰρ
1641 2001 1734 2054 τὸν
1775 2001 1999 2074 Κύριον,

428 2091 519 2142 καὶ
546 2090 645 2159 οὐχ
673 2094 883 2162 ἕτερον,
908 2091 1063 2163 φησὶ,
1092 2092 1184 2144 τὸν
1214 2094 1272 2145 ὲν
1302 2092 1379 2163 τῷ
1405 2093 1631 2164 παρόντι
1652 2091 2007 2165 θεολογούμε-

425 2195 546 2243 νον,
583 2179 678 2233 καὶ
718 2181 963 2252 Μωῦσῆς
1005 2182 1097 2236 καὶ
1133 2182 1339 2254 Ἀαρὼν
1377 2183 1470 2238 καὶ
1503 2184 1788 2256 Σαμουὴλ,
1828 2185 1923 2238 καὶ
1957 2185 2009 2238 εἴ

426 2282 508 2331 τις
541 2268 742 2339 ἔτερος⁴
762 2269 870 2323 εἴτε
894 2273 1207 2344 προφητῶν,
1236 2273 1346 2326 εἴτε
1376 2274 1589 2344 ἱερέων,
1618 2276 2002 2333 ἐπεκαλοῦντο.

428 2361 538 2414 Καὶ
564 2354 717 2426 οὗτος
742 2357 808 2434 ἦν
840 2363 1002 2427 αὐτὸς
1029 2365 1058 2417 6
1082 2365 1177 2418 τοῦ
1219 2364 1353 2418 Θεοῦ
1375 2367 1568 2436 Λόγος,
1630 2368 1726 2422 καὶ
1770 2367 1867 2422 νῦν
1913 2368 2007 2422 ἐπὶ

427 2452 635 2517 πάντας
664 2453 789 2520 τοὺς
809 2453 972 2519 λαοὺς
1000 2455 1201 2526 ὑψηλὸς
1233 2458 1514 2530 ὑπάρχων,
1551 2459 1648 2512 καὶ
1682 2458 1832 2534 παρὰ
1872 2460 2007 2514 πᾶσι

425 2544 538 2605 τοῖς
579 2542 756 2599 ἔθνεσι
799 2546 1172 2619 δοξαζόμενος,
1208 2551 1237 2603 6
1281 2550 1549 2605 κάκείνων
1592 2552 1890 2607 είσακούων
1913 2554 2008 2607 καὶ

425 2632 600 2688 λαλῶν
629 2637 814 2701 αὐτοῖς
863 2639 921 2691 ἐν
964 2639 1139 2711 στύλῳ
1179 2640 1429 2710 νεφέλης.
1475 2641 1590 2695 Ούκ
1618 2642 1792 2707 ἄλλως
1819 2643 1876 2696 δὲ
1905 2643 2009 2714 τῆς

424 2723 694 2799 τοσαύτης
724 2729 880 2794 ἀξίας
910 2728 1099 2800 ἔτυχον
1131 2731 1178 2784 οί
1211 2731 1561 2803 δηλωθέντες,
1589 2734 1637 2786 εί
1664 2733 1738 2805 μὴ
1766 2735 1847 2787 ὅτι
1874 2735 2009 2802 ἐφύ-

423 2818 614 2872 λαττον
645 2818 714 2872 τὰ
738 2820 1013 2892 μαρτύρια
1060 2822 1247 2890 αὑτοῦ,
1288 2825 1383 2878 καὶ
1412 2825 1473 2877 τὸ
1516 2825 1843 2899 πρρσταγμα
1869 2827 1898 2882 ὃ
1925 2828 2010 2883 δέ-

423 2907 596 2964 δωκεν
635 2912 838 2976 αύτοῖς.
879 2911 1065 2978 Οὕτως
1112 2910 1205 2968 οὖν
1247 2915 1343 2968 καὶ
1376 2918 1511 2987 ἡμῖν
1542 2916 1629 2971 διά
1667 2918 1765 2989 τῆς
1798 2918 2010 2989 Καινῆς

427 2998 705 3071 Διαθήκης
749 3001 779 3053 6
823 3000 985 3066 αὐτὸς
1047 3001 1449 3075 προστάγματα
1492 3005 1588 3058 καὶ
1633 3005 1871 3072 ἐντολάς,
1912 3008 2010 3063 καὶ

433 3090 706 3163 μαρτύρια
738 3090 956 3157 ἔδωκεν,
1010 3093 1150 3167 ἅπερ
1207 3094 1256 3147 εί
1300 3093 1684 3167 φυλάττοιμεν,
1721 3097 1830 3150 τῶν
1879 3096 2009 3151 ῐσων

428 3180 522 3233 καὶ
547 3181 700 3235 αὐτοὶ
719 3180 1262 3254 καταξιωθησόμεθα.

2105 2016 2198 2088 qui
2224 2016 2337 2087 jam
2362 2015 2507 2073 Deus
2529 2017 2876 2087 praedicatur,
2897 2015 3132 2088 Moyses.
3154 2015 3335 2070 Aaron
3354 2022 3408 2069 et
3440 2012 3679 2075 Samuel,

2106 2123 2171 2162 ac
2192 2107 2238 2163 si
2255 2109 2380 2179 quis
2400 2107 2563 2175 alius,
2588 2108 2703 2165 sive
2726 2108 3133 2179 prophetarum,
3165 2107 3279 2163 sive
3308 2103 3681 2182 sacerdotum,

2107 2190 2456 2256 invocabant.
2488 2198 2559 2257 Et
2602 2201 2693 2256 hic
2749 2209 2869 2255 erat
2910 2199 3088 2271 ipsum
3144 2196 3239 2253 Dei
3274 2195 3535 2259 Verbum,
3569 2195 3683 2264 jam

2108 2292 2250 2370 apud
2296 2305 2488 2346 omnes
2518 2290 2748 2361 populos
2792 2288 3070 2345 excelsum
3112 2294 3168 2343 et
3202 2286 3345 2358 apud
3397 2285 3683 2341 universas

2106 2388 2298 2454 gentes
2328 2381 2499 2452 gloria
2523 2380 2798 2443 allectum,
2831 2378 2976 2451 quod
3015 2378 3140 2433 illos
3179 2378 3308 2437 olim
3335 2376 3682 2440 exaudiebat,

2109 2481 2163 2527 et
2187 2471 2243 2526 in
2268 2473 2528 2527 columna
2554 2472 2719 2527 nubis
2752 2471 3079 2542 loquebatur
3114 2469 3181 2524 ad
3209 2484 3326 2526 eos.
3359 2468 3544 2539 Neque
3577 2468 3684 2523 alio

2109 2563 2273 2619 modo
2304 2564 2590 2619 memorati
2626 2564 2727 2619 viri
2757 2570 2962 2617 tantam
2999 2561 3316 2632 dignitatem
3356 2559 3504 2616 nacti
3527 2567 3679 2623 sunt,

2110 2657 2215 2712 nisi
2247 2656 2374 2728 quia
2408 2656 2722 2711 testimonia
2750 2656 2872 2726 ejus
2901 2664 2955 2711 et
2979 2660 3331 2725 praeceptum,
3367 2653 3513 2725 quod
3535 2651 3688 2708 dedit

2110 2750 2240 2812 illis,
2300 2748 2701 2805 custodiebant.
2769 2747 2861 2802 Sic
2922 2748 3108 2816 itaque
3163 2745 3254 2801 ille
3308 2759 3405 2815 per
3468 2742 3681 2799 Novum

2110 2841 2521 2898 Testamentum
2552 2848 2824 2912 praecepta
2859 2847 2915 2895 et
2957 2837 3210 2893 mandata
3243 2846 3409 2908 atque
3437 2836 3685 2892 testimo-

2111 2934 2200 2987 nia
2240 2934 2399 2991 nobis
2423 2933 2593 3002 dedit,
2622 2948 2744 3005 qua:
2777 2932 2827 3015 si
2868 2931 3267 2993 custodiamus.
3297 2930 3446 3002 paria
3482 2937 3536 2984 et
3574 2928 3681 3000 ipsi

2110 3024 2496 3080 obtincbimus.

493 3271 670 3338 Κύριε
695 3273 839 3339 Θεὸς
870 3273 1054 3343 ἡμῶν,
1081 3275 1162 3329 σὺ
1206 3276 1503 3346 ὲπήκουες
1532 3279 1752 3347 αὐτῶν,
1773 3281 1858 3336 σὺ
1891 3283 2005 3337 abt-

2184 3266 2350 3325 Vens.
2381 3269 2434 3324 8.
2467 3268 2690 3324 Domine
2719 3268 2859 3323 Deus
2895 3278 3093 3332 noster,
3129 3276 3185 3319 tu
3224 3265 3546 3321 exaudiebat
3569 3280 3684 3331 eos,

427 3360 611 3425 λατος
647 3360 853 3430 ὲτίνου
878 3363 1102 3431 αὐτοῖς,
1134 3366 1232 3421 καί
1269 3366 1522 3423 ἐκδικῶν
1546 3369 1646 3425 ἐπὶ
1701 3370 1901 3427 πάντα
1939 3372 2012 3428 τὰ

426 3447 863 3519 ἐπιτηδεύματα
890 3452 1106 3507 αὐτῶν.
1131 3456 1227 3522 Σὺ,
1251 3457 1438 3530 φησὶν,
1459 3458 1488 3511 ὁ
1520 3460 1786 3532 ἡμέτερος
1810 3461 2015 3534 Κύριος

429 3539 525 3594 καὶ
553 3538 707 3606 Θεὸς,
739 3545 768 3596 6
791 3543 899 3597 τῶν
932 3544 1101 3600 ἐθνῶν
1132 3545 1407 3619 βασιλεὺς,
1438 3552 1467 3604 6
1488 3551 1579 3621 ὑφ’
1616 3552 1776 3624 ἡμῶν
1803 3571 2012 3627 κηρυτ-

2115 3369 2171 3414 tu
2198 3362 2458 3430 propitius
2483 3362 2635 3432 fuisti
2655 3363 2756 3426 eis,
2780 3370 2830 3415 et
2859 3361 3117 3415 ulciscens
3149 3362 3204 3413 in
3229 3374 3406 3414 omnes
3435 3357 3687 3413 adiuven-

2115 3453 2282 3508 tiones
2303 3469 2510 3510 eorum.
2545 3452 2652 3518 Tu,
2686 3453 2883 3525 inquit,
2916 3452 3182 3508 Dominus
3206 3460 3266 3507 et-
3291 3450 3433 3507 Deus
3475 3457 3684 3516 noster,

2112 3547 2354 3602 omnium
2380 3561 2498 3610 rex,
2539 3545 2688 3616 quia
2719 3544 2883 3601 nobis
2910 3543 3252 3615 pradicaris,
3276 3543 3397 3612 ipse
3417 3556 3544 3597 eras
3590 3542 3686 3616 qui

430 3632 672 3703 τόμενος,
726 3635 884 3699 αὐτὸς
924 3632 1067 3708 ἦσθα
1117 3640 1147 3691 6
1195 3640 1290 3693 καὶ
1330 3640 1439 3694 τῶν
1479 3643 1622 3714 ἀμφὶ
1650 3642 1883 3699 Μωῦσέα
1916 3646 2005 3700 καὶ

2112 3637 2353 3706 Moysem
2389 3645 2444 3692 et
2498 3637 2773 3692 Aaronem
2826 3635 3177 3701 exaudiebas,
3210 3649 3274 3690 ac
3319 3640 3525 3689 tantam
3574 3633 3693 3689 illis

442 3721 653 3793 ’Δαρὼν
683 3725 973 3779 ὑπακούων
1004 3767 1020 3793 ,
1050 3729 1144 3782 καὶ
1170 3729 1270 3802 τῆς
1291 3731 1562 3803 τοσαύτης
1583 3734 1814 3799 ἐκείνοις
1845 3752 2012 3807 μετα-

427 3812 605 3879 διδοὺς
655 3815 987 3888 παρρησίας,
1043 3819 1373 3891 ίλεουμένοις
1415 3839 1475 3876 σε
1508 3822 1648 3895 ὑπὲρ
1676 3824 1772 3878 τοῦ
1803 3841 2011 3897 παρορ-

429 3904 675 3975 γίζοντος
703 3907 855 3974 λαοῦ,
891 3909 984 3963 καὶ
1025 3910 1223 3984 πολλῆς
1265 3913 1461 3979 αὐτοὺς
1492 3913 1658 3980 ἀξιῶν
1698 3916 2006 3988 εὐμενείας.

428 3997 494 4057 Et
519 3998 630 4069 γὰρ
653 4000 746 4052 καί
769 4017 909 4054 τισιν
955 4002 1259 4070 ἀσθενείαις
1291 4007 1648 4079 περιέπιπτον
1678 4009 1757 4073 ὡς
1798 4008 2011 4084 ἄνθρω-

432 4102 546 4154 ποι,
594 4088 671 4153 ὡς
713 4092 951 4163 Μωῦσῆς
1001 4094 1094 4147 ἐπὶ
1140 4097 1205 4167 τῇ
1240 4097 1469 4170 ἀπιστία
1514 4098 1612 4152 τοῦ
1651 4098 1872 4167 ὕδατος,
1911 4100 2009 4155 καὶ

443 4179 653 4251 Ἀαρὼν
669 4182 761 4234 ἐπὶ
778 4186 843 4253 τῇ
870 4185 1211 4258 μοσχοποιίᾳ,
1240 4189 1326 4251 σὺ,
1351 4187 1426 4252 ὼς
1451 4191 1771 4261 παναγάθου
1801 4192 2007 4264 πατρὸς

434 4271 744 4340 πανάγαθος
787 4274 919 4338 υίὸς,
977 4276 1134 4341 ἵλεως
1182 4278 1364 4343 αὐτοῖς
1420 4281 1622 4350 ὲγίνου,
1674 4282 2006 4356 συγγνώμην

433 4364 613 4433 νέμων
640 4367 707 4436 τῇ
742 4364 906 4438 θνητῇ
944 4367 1214 4441 ἀσθενείᾳ.
1246 4371 1356 4424 Καὶ
1388 4373 1642 4428 ἐκδικῶν
1678 4374 1777 4429 ἐπὶ
1811 4375 2010 4430 πάντα

435 4456 508 4510 τὰ
545 4455 985 4528 ἐπιτηδεύματα
1022 4460 1240 4517 αὐτῶν.
1273 4462 1337 4517 Et
1370 4465 1465 4518 καὶ
1496 4463 1682 4531 ἔδοξάν
1713 4483 1789 4531 τι,
1814 4467 2003 4539 φησὶν,

2113 3727 2354 3782 addebas
2382 3726 2659 3790 ﬁduciam,
2686 3740 2812 3780 cum
2856 3736 2911 3780 te
2938 3725 3292 3781 exaeerbanti
3325 3724 3526 3796 popqu
3556 3737 3686 3793 pro-

2112 3818 2306 3887 pitium
2357 3815 2669 3879 redderent,
2697 3817 2902 3886 quique
2931 3816 3053 3871 illos
3085 3816 3259 3870 multa
3306 3814 3686 3871 benevolentia

2111 3908 2432 3980 dignabare.
2462 3906 2703 3965 Etiamsi.
2721 3908 2867 3963 enim
2912 3907 2968 3961 in
3015 3906 3283 3978 quasdam
3338 3903 3684 3960 inﬁrmitates

2111 3999 2447 4064 laberentur,
2481 4006 2672 4067 utpote
2698 3999 2968 4062 homines,
2986 3994 3445 4067 quemadmodum
3473 3992 3685 4066 Moyses

2109 4090 2168 4147 in
2199 4090 2636 4156 incredulitatem
2661 4092 2809 4147 circa
2842 4105 3063 4161 aquam,
3098 4097 3154 4145 et
3178 4088 3358 4143 Aaron
3384 4087 3439 4141 in
3475 4086 3685 4142 condab

2109 4182 2314 4238 tionem
2366 4182 2557 4248 vituli;
2598 4192 2655 4238 tu
2697 4191 2756 4237 ut
2777 4181 2970 4253 optimi
3016 4179 3194 4251 patris
3225 4179 3465 4250 optimus
3511 4178 3677 4245 Illius,

2109 4274 2379 4344 propitius
2408 4274 2548 4344 ipsis
2586 4288 2735 4338 eras,
2766 4287 2831 4328 ac
2881 4272 3097 4326 mortali
3141 4270 3443 4325 inﬁrmitati
3466 4268 3679 4323 veniam

2109 4363 2472 4419 concedebas.
2531 4361 2600 4417 Et
2649 4362 2902 4417 ulciscens
2952 4362 3009 4416 in
3057 4378 3235 4420 omnes
3285 4358 3680 4415 adtnventiones

2108 4468 2311 4509 eorum.
2361 4453 2611 4518 Etiamsi,
2641 4454 2841 4525 inquit,
2872 4462 3057 4524 ulpote
3090 4452 3362 4515 homines,
3404 4453 3459 4507 in
3496 4451 3681 4522 aliquo

438 4547 769 4621 ἁμαρτάνειν
816 4548 891 4613 ὡς
936 4550 1231 4624 ἄνθρωποι,
1263 4554 1378 4608 ἀλλ’
1412 4556 1691 4622 ἐπαίδευες
1720 4559 1917 4623 αὐτοὺς
1948 4561 2005 4613 ὲν

2111 4560 2335 4615 peccare
2363 4545 2708 4613 viderentur,
2733 4554 2791 4630 tq
2813 4546 3122 4616 castigabas
3149 4561 3266 4609 eos,
3297 4560 3420 4600 cum
3448 4544 3681 4614 castiga-

436 4611 518 4700 οίς
548 4611 795 4703 παιδείας
836 4611 1066 4697 ἐδέοντο,
1109 4611 1394 4716 Ἦλέγχετο
1427 4647 1536 4719 γὰρ
1563 4611 1781 4702 ἐπιστού

2110 4611 2260 4692 tione
2291 4652 2430 4709 opus
2458 4646 2596 4694 erat.
2624 4611 2788 4692 Nam.
2810 4638 2879 4694 de
2911 4611 3144 4694 cdnﬂuto
3175 4637 3345 4692 vitulo
3374 4636 3556 4691 Aaron
3593 4611 3681 4691 re-

435 4729 759 4802 ἁμαρτήσας
798 4730 1026 4803 Ἀαρὼν,
1055 4734 1150 4787 καὶ
1176 4736 1415 4809 Μωῦσῆς
1447 4739 1540 4792 ἐπὶ
1573 4738 1667 4792 τοῦ
1690 4737 1881 4802 ὓδατος
1901 4740 2007 4813 τῆς

435 4817 763 4887 ἀντιλογίας.

516 4910 760 4981 Ὑψοῦτε
794 4915 1012 4983 Κύριον
1049 4914 1154 4969 τὸν
1185 4916 1334 4971 Θεὸν
1368 4917 1567 4988 ἡμῶν,
1593 4920 1694 4975 και
1739 4938 2005 4991 προσκυ-

432 4999 589 5057 νεῖτε
623 5004 710 5069 είς
758 5003 896 5071 ὄρος
926 5005 1096 5072 ἅγιον
1134 5007 1340 5072 αὑτοῦ,
1380 5008 1470 5064 ὅτι
1515 5010 1688 5082 ἅγιος
1712 5014 1929 5081 Κύριος
1973 5017 2023 5085 εξ,

438 5092 583 5161 Θεὸς
607 5095 794 5165 ἡμῶν.
831 5097 1009 5169 Μηδὲν
1035 5098 1309 5163 ταπεινὸν,
1339 5103 1492 5172 φησι,
1535 5104 1627 5157 καὶ
1667 5105 2004 5177 ἀνθρώπινον

436 5185 564 5255 περὶ
581 5184 676 5240 τοῦ
711 5187 916 5261 Κυρίου
941 5193 1216 5259 φρονεῖτε·
1248 5191 1365 5245 ἀλλ’
1400 5192 1596 5262 ύψοῦτε
1630 5195 1791 5249 αὑτὸν
1824 5196 2004 5269 ὑψηλὰ

437 5273 565 5345 περὶ
626 5274 791 5329 αὐτοῦ
845 5276 1183 5343 δοξάζοντες,
1244 5280 1339 5334 καὶ
1404 5281 1465 5335 τὸ
1518 5283 1796 5358 προσῆκον
1851 5284 2002 5356 αὐτῷ

434 5365 834 5434 προσενέγκατε
890 5367 1072 5433 σέὄας.
1106 5371 1267 5443 Ὄρος
1293 5371 1350 5426 δὲ
1385 5373 1537 5443 ἅγιον
1583 5374 1750 5429 πάλαι
1806 5375 1905 5448 μὲν
1937 5377 2002 5431 τὸ

436 5453 576 5509 Σιὼν
636 5457 899 5522 ἐκαλεῖτο,
947 5461 1042 5515 νῦν
1095 5463 1151 5516 δὲ
1216 5465 1316 5535 τῆς
1357 5464 1687 5534 θεογνωσὶας
1726 5467 1790 5521 τδ
1829 5466 1996 5539 ὕψοςλ

435 5543 696 5618 οὓτωγὰρ
713 5550 805 5603 καὶ
833 5550 1057 5615 Ἦσαῑας
1075 5552 1168 5605 καὶ
1183 5554 1420 5623 Μιχαίας
1447 5554 1739 5609 ἔθὲσπισαν
1754 5573 1770 5588 ο
1789 5558 2002 5614 Ἔσται

435 5639 505 5695 ἐν
520 5639 649 5708 ταῖς
666 5640 949 5712 ἐσχάταις
974 5642 1214 5713 ἡμέραις
1226 5645 1487 5714 ἐμφανὲς
1496 5645 1562 5700 τὸ
1583 5647 1721 5714 ὅρος
1742 5649 1964 5717 Κυρίου
1978 5663 1996 5680 ⁸

510 5822 557 5855 ³³
593 5820 748 5877 Joan.
788 5840 839 5889 ν,
877 5823 975 5881 46.
1043 5794 1210 5879 ".lsa
1275 5838 1351 5885 tl.
1379 5822 1848 5894 2;,MiCthe1-
1887 5858 1893 5873 “

2109 4727 2499 4799 darguebatur,
2533 4729 2835 4801 et‘MUyses
2875 4729 3017 4800 apud
3055 4743 3252 4799 aquam
3290 4725 3680 4783 contradictio-

2110 4823 2214 4877 m‘s.

2183 4918 2347 4973 Vens.
2396 4917 2449 4971 9‘.
2499 4915 2745 4971 Exaltate
2778 4912 3057 4969 Dominum
3112 4912 3283 4968 Deum
3333 4922 3595 4977 nostrum,
3625 4919 3676 4966 et

2108 5008 2328 5064 adorate
2360 5010 2414 5064 in
2452 5017 2625 5063 monte
2654 5018 2837 5063 sancto
2874 5006 3014 5076 ejus,
3038 5005 3291 5078 quoniam
3318 5014 3533 5069 satiatus
3565 5001 3676 5056 Do-

2111 5101 2286 5154 minus
2317 5099 2453 5154 Deus
2498 5082 2695 5154 noster.
2724 5096 2888 5161 Nihil,
2938 5095 3374 5167 inquit,.humile
3401 5101 3455 5150 et
3484 5095 3674 5147 Imma-

2108 5206 2241 5246 num
2262 5189 2331 5245 de
2347 5188 2577 5246 Domino
2620 5190 2853 5255 sentite;
2907 5187 3015 5244 sed
3049 5188 3265 5242 excelsa
3296 5185 3365 5241 de
3402 5184 3495 5238 illo
3522 5179 3676 5252 cogi-

2088 5290 2287 5352 ,tantes
2325 5284 2503 5353 ipsum
2550 5282 2803 5345 exaltate,
2865 5281 3081 5351 ipsique
3121 5278 3369 5334 debitum
3419 5273 3674 5331 exhibete

2106 5376 2335 5430 cultum.
2360 5373 2515 5430 Mons
2543 5382 2722 5429 autem
2753 5383 2991 5429 sanctus»
3007 5372 3136 5426 olim
3187 5368 3317 5425 Sion
3346 5365 3671 5427 vocabatur,

2107 5481 2252 5521 nunc
2282 5480 2413 5521 vero
2436 5465 2647 5520 divina:-
2685 5464 2991 5519 sublimitas
3018 5460 3349 5532 cognitionis
3373 5474 3387 5524 ;
3421 5456 3496 5511 ita
3523 5453 3672 5509 enim

2105 5557 2359 5614 lsaias‘et
2404 5555 2656 5613 Micbaeas
2682 5554 2965 5611 vaticinati
2992 5560 3122 5609 sunt
3153 5569 3167 5605 :
3201 5550 3320 5605 Erit
3357 5549 3413 5603 in
3446 5545 3673 5602 novissi-

2107 5649 2206 5703 niis
2244 5648 2425 5704 diebus
2455 5648 2768 5717 manifestus
2812 5662 2960 5703 mons
3005 5644 3218 5701 Domini
3233 5643 3315 5709 ⁹⁹;
3348 5640 3403 5697 id
3434 5647 3541 5704 est,
3573 5636 3670 5694 Dei
