4102 6432
428 450 569 511 1239

1088 450 1356 509 EUSEBll
1387 452 1863 512 CxESARIENS-IS
1894 455 1990 514 ΟΡ]

2091 456 2259 514 PARS
2289 454 2379 513 Ill.
2420 486 2490 497 —
2528 455 2936 516 EXEGETICA.

3531 463 3670 521 13ιο

426 573 665 643 cognitio
707 579 892 641 aperta
944 571 1200 628 omnibus
1233 572 1357 630 erit.
1409 571 1547 628 Nam
1609 576 1727 646 ipse
1774 590 1990 649 quoque

2093 577 2369 637 τουτέστιν
2407 577 2566 651 ὴτοῦ
2599 577 2735 633 θεοῦ
2779 579 2981 648 γνῶσις
3010 581 3147 635 πᾶσι
3185 580 3318 655 δήλη
3359 552 3671 656 γενήσεται.

424 664 722 734 A-postolus
766 671 1010 720 montem
1063 662 1195 721 Sion
1239 664 1583 735 spiritualem
1633 672 1885 739 agnovit;
1916 672 1995 728 ait

425 756 628 826 qtiippe
660 771 676 807 :
712 757 1023 812 Accessistis
1053 756 1122 811 ad
1175 767 1404 812 montem
1448 757 1600 823 Sion,
1634 770 1683 815 et
1730 762 1994 819 civitatem

427 846 524 902 Dei
547 848 779 913 viventis,
830 846 1130 903 Jerusalem
1171 850 1484 905 caelestem’.
1522 850 1785 908 Jubcmur
1814 855 1996 928 itaque

426 954 525 1010 pro
552 939 749 995 collata
776 938 937 997 nobis
966 955 997 996 a
1025 939 1138 997 Deo
1156 942 1469 1014 cognitione
1489 944 1594 1015 ipsi
1618 946 1992 1006 adorationem

424 1024 665 1084 oﬂ'erre:
708 1028 801 1100 qui
860 1027 1127 1086 Dominus
1152 1043 1339 1087 noster
1384 1041 1490 1101 est,
1523 1035 1650 1104 quia
1704 1051 1804 1094 nos
1850 1041 1991 1097 servi

424 1118 547 1190 ejus
575 1136 795 1189 sumus;
829 1129 885 1178 et
915 1121 1062 1179 Deus
1119 1121 1247 1177 item
1289 1131 1392 1190 est,
1430 1132 1616 1196 utpote
1648 1127 1850 1199 Opifex.
1894 1137 1994 1186 At-

423 1228 533 1284 que
555 1212 631 1268 ita
656 1213 929 1285 spirituali
953 1229 1106 1269 more
1128 1214 1399 1285 psalmum
1425 1216 1814 1290 intelligamus.

584 1305 909 1379 PSALMUS
945 1322 1011 1378 IN
1051 1322 1599 1385 CONl-‘ESSIONEM.
1643 1327 1828 1387 xcux.

494 1411 663 1472 Vens.
699 1414 755 1481 2,
787 1414 842 1470 3.
901 1413 1139 1470 Jubilate
1211 1415 1457 1485 Domina,
1499 1421 1668 1476 omnis
1729 1432 1889 1479 terra.
1936 1424 1993 1480 Id

421 1515 530 1572 est,
552 1513 744 1579 gentes
772 1522 895 1577 qua:
938 1507 995 1564 in
1039 1516 1184 1562 terra
1230 1517 1398 1565 sunt:
1431 1526 1553 1581 quae
1588 1512 1672 1568 his
1700 1515 1884 1570 verbis
1922 1515 1990 1571 ad

422 1600 781 1672 pristinorum
824 1606 1173 1669 peccatorum
1220 1599 1625 1657 confessionem
1665 1614 1989 1671 evocantur,

423 1688 482 1745 in
510 1689 710 1759 quibus
747 1688 966 1759 quando
1011 1690 1283 1747 idolorum
1330 1695 1504 1749 errori
1565 1695 1763 1752 dedita:
1812 1709 1991 1764 erant,

421 1778 827 1835 volutabantur.
859 1779 1225 1846 Quamobrem
1281 1785 1526 1854 psalmus
1565 1786 1865 1858 inscriptus
1908 1798 1993 1846 est

423 1869 493 1927 In
522 1871 923 1942 confessionem.
962 1871 1167 1930 Servite
1213 1874 1440 1931 Domino
1479 1878 1534 1932 in
1571 1878 1784 1945 lcetitia,
1818 1880 1992 1951 ipsius

418 1963 551 2036 jugo
573 1979 671 2020 vos
708 1964 1111 2021 submittentes.
1143 1964 1376 2023 Perinde
1413 1983 1648 2040 namque
1681 1978 1765 2026 est
1788 1947 1992 2028 servire
2023 1947 2067 2003 Β

422 2055 549 2127 ipsi,
578 2062 744 2126 atque
794 2055 1000 2112 servire
1029 2055 1164 2121 luci,
1209 2066 1265 2112 et
1309 2059 1517 2115 servire
1560 2060 1705 2126 vitae,
1751 2063 1988 2129 veritati,

417 2147 647 2220 iustitiae
673 2156 727 2203 et
761 2148 1037 2207 sanctitati
1072 2165 1086 2200 :
1124 2151 1237 2204 haec
1259 2151 1458 2221 quippe
1492 2153 1676 2207 omnia
1724 2153 1990 2211 Dominus

419 2250 524 2296 est.
560 2239 782 2295 Introite
810 2241 863 2293 in
906 2249 1184 2310 conspectu
1231 2241 1345 2312 ejus
1387 2245 1441 2298 in
1501 2245 1874 2302 exsultatione.
1932 2247 1988 2302 Si

420 2334 547 2404 quis
577 2342 761 2389 autem
787 2348 899 2389 non
954 2335 1157 2391 serviat
1194 2336 1298 2408 ipsi
1346 2336 1401 2390 in
1455 2336 1663 2401 latitia,
1695 2354 1764 2394 nc
1794 2340 1990 2394 audeat

418 2426 733 2497 conspectui
761 2425 883 2498 ejus
912 2442 972 2482 se
994 2428 1212 2492 sistere,
1242 2429 1410 2484 illotis
1439 2429 1670 2499 pedibus
1705 2432 1770 2485 ad
1807 2431 1994 2488 Eccle.

419 2516 562 2573 siam
585 2515 705 2587 ejus
740 2516 1030 2573 accedens.
1072 2516 1270 2573 Scitote
1299 2518 1550 2589 quoniam
1587 2517 1847 2574 Dominus
1877 2521 1992 2591 ipse

418 2606 659 2663 est‘Deus
687 2623 708 2663 :
734 2609 844 2678 ipse
872 2607 996 2679 fecit
1015 2626 1132 2676 nos,
1160 2619 1209 2666 et
1232 2627 1335 2665 non
1362 2611 1463 2681 ipsi
1487 2627 1604 2676 nos,
1626 2611 1849 2681 populus
1872 2614 1990 2683 ejus

416 2709 470 2755 et
487 2716 603 2755 oves
621 2717 833 2771 paseute
875 2719 1011 2772 ejus.
1042 2702 1178 2758 Cum
1235 2702 1381 2759 enim
1439 2705 1753 2760 noverimus
1809 2710 1989 2777 ipsum

417 2788 610 2859 Deum,
638 2793 817 2860 ipsum
844 2791 1132 2847 Dominum
1157 2808 1300 2862 esse,
1330 2799 1463 2848 tunc
1493 2809 1591 2864 per
1623 2794 1770 2849 illam
1801 2796 1992 2867 cogni-

415 2884 620 2940 tionem
643 2886 700 2940 in
725 2892 1077 2957 conspectum
1105 2886 1225 2955 ejus
1253 2885 1508 2957 ingressi,
1533 2887 1713 2958 ipsum
1738 2887 1988 2959 opiﬁcem

416 2984 667 3034 nostrum
709 2992 833 3035 esse
878 2976 1279 3034 conﬁtebimur.
1319 2977 1477 3047 Quod
1534 2981 1680 3036 eiiim
1743 2996 1852 3037 non
1888 2996 1990 3037 nos

415 3058 529 3140 ipsi.
567 3085 668 3133 nos
709 3068 1018 3137 faciamus,
1064 3071 1170 3126 etsi
1220 3077 1478 3127 auctores
1527 3072 1813 3129 videamur
1866 3087 1990 3127 esse

416 3161 786 3234 generationis
825 3161 1147 3226 liberorum,
1199 3161 1328 3217 hinc
1375 3163 1557 3233 palam
1600 3172 1707 3232 est,
1735 3162 1883 3234 quod
1920 3179 1989 3218 ex

2098 666 2219 727 Οῐδε
2242 671 2350 744 γὰρ
2380 671 2475 725 καὶ
2497 673 2526 726 6
2566 670 2886 736 Ἀπόστολος
2910 672 3098 743 νοητὸν
3120 673 3245 746 ὅρος
3274 673 3416 729 Σιών
3432 693 3445 706 ·
3475 679 3673 745 Προσ..

2095 765 2430 832 εληλύθατε
2455 762 2565 836 γάρ
2584 762 2706 833 ὄρει
2753 762 2907 818 Σιὼν
2938 763 3035 817 καί
3065 765 3237 820 πόλει
3281 767 3429 821 Θεοῦ
3458 766 3673 838 ζῶντος

2108 852 2496 922 Ἰερουσαλὴμ
2549 853 2905 923 ἐπουρανίῳ.
2968 854 3429 927 Προστετὰγμεθα
3490 858 3672 914 τοίνυν

2094 944 2238 1000 κατὰ
2268 946 2366 1016 τὴν
2392 944 2634 999 δοθεῖσαν
2650 947 2780 1016 ἡμῖν
2805 945 2909 999 ὑπὸ
2943 943 3078 998 Θεοῦ
3108 945 3308 1013 γνῶσιν
3342 947 3674 1020 προσφέρειν

2094 1033 2244 1105 αὐτῷ
2277 1036 2676 1108 προσκύνησιν·
2722 1036 2779 1100 ὃς
2818 1037 2911 1091 καὶ
2959 1035 3162 1105 Κύριος
3203 1036 3362 1109 ἡμῶν
3414 1039 3560 1093 ἐστιν
3590 1040 3668 1104 ὡς

2094 1125 2316 1190 δούλων,
2346 1127 2438 1180 καὶ
2464 1126 2597 1191 Θεὸς
2618 1126 2694 1191 ὡς
2730 1127 2993 1197 πλάστης.
3035 1126 3174 1181 Ἀλλ’
3202 1127 3342 1183 οὕτω
3382 1130 3479 1202 μὲν
3504 1149 3664 1187 πνευ-

2098 1213 2474 1287 ματικάηερον
2495 1214 2587 1269 τὸν
2608 1215 2819 1287 ψαλμὸν
2852 1217 3166 1289 νοήσαιμεν.

2306 1331 2603 1386 ΨΑΛΜΟΣ
2633 1331 2741 1384 ΕΙΣ
2764 1331 3312 1387 ΕΞΟΜΟΛΟΓΗΣῙΝ.
3344 1332 3460 1401 ίιθθ.

2176 1421 2544 1487 Ἀλαλὰξατε
2572 1421 2651 1487 τῷ
2686 1425 2881 1491 Κυρίῳ
2916 1423 3086 1479 πᾶσα
3110 1426 3149 1491 ἡ
3184 1425 3285 1494 γῆ.
3319 1425 3578 1480 Τουτέστι
3602 1427 3672 1482 τὰ

2094 1512 2190 1566 ἐπὶ
2209 1515 2313 1584 γῆς
2344 1512 2470 1585 ἔθνη
2491 1530 2504 1543 ·
2538 1514 2632 1568 καὶ
2662 1513 2750 1566 διά
2773 1514 2978 1567 τούτων
3007 1512 3267 1585 κέκληται
3298 1514 3394 1568 ἐπὶ
3421 1512 3674 1586 ἐξομολό-

2093 1621 2256 1678 γησιν
2283 1604 2392 1658 τῶν
2426 1604 2704 1676 προτέρων
2757 1605 3192 1676 ἁμαρτημάτων,
3243 1606 3302 1657 ὲν
3339 1599 3423 1667 οἷς
3461 1605 3675 1659 ἐκαλιν-

2092 1694 2280 1750 δοῦντο
2327 1697 2417 1750 ὅτε
2472 1697 2541 1767 τῇ
2589 1689 2959 1769 εἰδωλολάτρῳ
3012 1700 3301 1768 προσεῖχον
3344 1693 3543 1769 πλάνη.
3581 1695 3674 1751 Διὸ

2094 1785 2498 1858 ἐπιγέγραπται
2552 1785 2764 1857 ψαλμδς
2787 1790 2892 1855 Εἰς
2927 1788 3673 1861 ἐξομολόγησιν-..Δουλεύ-

2094 1891 2243 1930 σατε
2276 1875 2356 1943 τῷ
2387 1877 2586 1945 Κυρίῳ
2620 1875 2692 1930 ἐν
2744 1879 3112 1947 εὐφροσύνῃ,
3156 1876 3513 1940 ὑποϐαλόντες
3549 1877 3675 1930 ἑαυ-

2092 1968 2220 2033 τοὺς
2242 1966 2322 2039 τῷ
2352 1967 2520 2023 αὐτοῦ
2564 1968 2738 2040 ζυγῷ.
2774 1971 3000 2041 Ὅμοιον
3027 1970 3135 2041 γάρ
3171 1970 3289 2023 ἐστι
3316 1970 3379 2023 τὸ
3405 1967 3675 2024 δουλεύειν

2092 2060 2241 2132 αύτῷ
2273 2060 2350 2132 τῷ
2408 2059 2678 2115 δουλεύειν
2728 2061 2901 2129 φωτὶ,
2966 2061 3059 2113 καὶ
3105 2058 3375 2114 δουλεύειν
3416 2060 3530 2133 ζωῇ
3580 2060 3675 2116 καὶ

2090 2150 2340 2222 ἀληθείᾳ,
2385 2151 2477 2204 καὶ
2518 2151 2831 2224 δικαιοσύνῃ
2873 2151 2967 2205 καὶ
3012 2151 3305 2221 ἁγιασμῷ·
3343 2152 3522 2206 πάντα
3563 2152 3674 2224 γὰρ

2089 2241 2264 2297 ταῦτά
2295 2244 2443 2299 ἐστιν
2481 2244 2511 2297 6
2566 2243 2787 2315 Κύριος.
2838 2243 3156 2297 Eia-elders
3194 2243 3450 2297 ἐνώπιον
3486 2244 3674 2300 αὑτοῦ

2090 2333 2560 2404 ἐνάγαλλιάσει.
2606 2336 2668 2389 El
2711 2336 2770 2389 δέ
2816 2353 2898 2400 τις
2939 2335 3012 2408 μὴ
3041 2336 3281 2390 δουλεύοι
3312 2337 3460 2409 αὐτῷ
3500 2338 3558 2393 ὲν
3585 2339 3674 2392 εύ-

2092 2424 2355 2496 φροσύνῃ,
2391 2425 2467 2495 μὴ
2494 2423 2747 2496 τολμάτω
2784 2424 3038 2495 παριέναι
3078 2423 3310 2477 ἐνώπιον
3346 2423 3529 2491 αὐτοῦ,
3558 2423 3674 2479 ἀνί-

2090 2529 2247 2578 πτοις
2300 2515 2427 2567 ποσὶ
2464 2513 2826 2584 παραϐάλλων
2860 2516 2939 2577 εἰς
2973 2514 3071 2585 τὴν
3110 2515 3436 2587 Ἐκκλησίαν
3482 2514 3668 2570 αὐτοῦ.

2090 2604 2292 2659 Γνῶτε
2331 2604 2423 2658 ὅτι
2472 2606 2689 2673 Κύριος
2729 2607 2913 2672 αὐτός
2957 2605 3128 2659 ἐστιν
3175 2608 3208 2660 ό
3272 2606 3450 2672 Θεός·
3488 2604 3674 2674 αὐτὸς

2089 2689 2380 2760 ἐποίησεν
2429 2691 2606 2762 ἡμᾶς,
2654 2694 2755 2747 καὶ
2797 2675 2910 2764 ούχ
2940 2694 3131 2761 ἡμεῖς,
3175 2696 3326 2761 λαὸς
3351 2694 3537 2749 αὐτοῦ
3572 2694 3673 2751 καὶ

2089 2783 2355 2851 πρόϐατα
2379 2783 2569 2855 νομῆς
2588 2784 2796 2840 αὐτοῦ.
2827 2786 2995 2840 Ὅταν
3026 2785 3134 2859 γὰρ
3155 2785 3370 2857 γνῶμεν
3399 2784 3481 2838 ὅτι
3514 2785 3676 2851 αὐτὸς

2090 2876 2223 2941 Θεός
2253 2877 2421 2944 ἐστιν,
2448 2878 2610 2943 αὐτὸς
2634 2881 2662 2932 ὁ
2696 2878 2919 2952 Κύριος,
2963 2880 3025 2934 τὸ
3054 2878 3307 2950 τηνικάδε
3370 2876 3536 2932 αὑτοῦ
3577 2876 3673 2931 τοῦ

2090 2968 2378 3039 γινώσκειν
2402 2968 2630 3024 ἐνώπιον
2655 2969 2821 3023 αὐτοῦ
2849 2969 3253 3041 εἰσεληλυθότες
3270 3008 3285 3033 ,
3316 2969 3412 3023 καὶ
3444 2967 3675 3041 ποιητὴν

2090 3060 2299 3115 ἑαυτῶν
2317 3061 2721 3133 ὁμολογήσομεν
2736 3062 2915 3115 αὐτόν.
2943 3062 3065 3115 Ὅτι
3079 3061 3136 3115 δὲ
3153 3046 3249 3132 οὐχ
3268 3062 3427 3133 ἡμεῖς
3452 3061 3676 3125 ἑαυτοὺς

2091 3152 2376 3224 ποιοῦμεν,
2394 3153 2496 3207 κᾶν
2522 3154 2685 3207 αἴτιοι
2708 3152 2952 3225 δοκῶμεν
2974 3153 3260 3224 τυγχάνειν
3289 3152 3391 3224 τῆς
3414 3152 3522 3207 τῶν
3549 3152 3676 3209 παί-

418 3259 574 3325 patre
591 3260 647 3309 et
671 3261 845 3308 matre
869 3251 1037 3325 geniti
1056 3251 1160 3308 Job
1183 3260 1237 3308 et
1259 3251 1453 3319 David,
1501 3255 1662 3310 ambo
1692 3263 1876 3308 tamen
1904 3253 1988 3306 di-

2091 3245 2193 3300 δων
2221 3244 2505 3314 γενέσεως,
2555 3243 2714 3314 δῆλον
2770 3242 3055 3298 ἐντεῦθεν·
3084 3246 3147 3298 ἐκ
3192 3243 3397 3315 πατρὸς
3433 3244 3542 3315 γὰρ
3578 3245 3675 3299 καὶ

416 3350 549 3399 cant
574 3361 590 3399 :
621 3341 818 3398 Manus
849 3354 953 3400 tua:
972 3343 1205 3414 fecerunt
1231 3360 1312 3400 me
1345 3354 1395 3400 et
1421 3340 1814 3415 plasmaverunt
1846 3360 1927 3399 me
1943 3344 1986 3409 ⁸,

417 3449 483 3490 ac
501 3433 750 3490 Ieremia:
776 3435 893 3506 ipse
938 3434 1084 3492 Deus
1112 3436 1226 3489 ait:
1257 3436 1553 3506 Antequam
1606 3445 1654 3491 te
1703 3435 1990 3504 formarem

412 3523 472 3581 iu
494 3533 665 3593 utero,
688 3526 808 3580 noui
842 3526 947 3582 te’.
979 3525 1113 3581 Nam
1147 3542 1393 3591 uxorem,
1419 3543 1542 3598 qua:
1593 3541 1783 3582 errore
1828 3525 1990 3580 ducta

413 3615 537 3671 viro
561 3631 665 3672 suo
699 3616 916 3673 dicebat
947 3634 962 3672 :
989 3617 1097 3671 Aut
1146 3616 1217 3672 da
1253 3617 1382 3672 mihi
1408 3617 1625 3680 liberos,
1670 3615 1757 3671 sin
1789 3616 1988 3680 minus,

417 3705 593 3761 occide
615 3723 696 3762 me
712 3706 756 3773 ⁸,
789 3707 897 3773 vir,
923 3721 1049 3763 cum
1078 3707 1300 3780 sapiens
1324 3713 1493 3773 esset,
1526 3707 1692 3763 docte
1740 3706 1993 3777 increpat

415 3794 506 3851 his
533 3797 716 3854 verbis
749 3812 763 3849 :
802 3794 1056 3869 Nunquid
1093 3812 1189 3867 pro
1211 3797 1322 3854 Deo
1341 3813 1434 3870 ego
1468 3795 1561 3851 tibi
1590 3812 1729 3864 sum,
1766 3796 1856 3868 qui
1881 3797 1993 3865 pei-

416 3885 557 3936 vaoit
593 3890 642 3935 te
670 3881 849 3951 fructu
890 3881 1167 3938 uentris“?
1198 3881 1423 3937 Etiamsi
1469 3881 1619 3937 enim
1686 3889 1870 3952 patres
1916 3880 1994 3936 vi-

417 3974 650 4029 deantur
680 3973 883 4031 liberos
924 3989 1251 4047 procreare,
1276 3983 1332 4029 at
1360 3973 1506 4029 Deus
1540 3973 1666 4030 illos
1688 3974 1852 4030 cllicit
1883 3989 1895 4025 :
1926 3989 1992 4030 ac

418 4063 511 4121 ille
529 4062 746 4136 quidem
779 4080 948 4121 causa
967 4075 1072 4130 est,
1101 4066 1179 4121 illi
1222 4081 1354 4122 vero
1391 4074 1778 4138 cooperantur,
1805 4074 1994 4137 utpote

417 4155 707 4227 quijussui
729 4155 851 4226 ejus
884 4156 1141 4227 primitus
1170 4156 1300 4212 dato
1339 4156 1740 4213 obsecundent.
1786 4157 1993 4224 Quam-

416 4247 607 4303 obrem
637 4247 795 4302 multi
827 4247 929 4302 etsi
955 4246 1158 4303 liberos
1200 4246 1484 4317 suscipere
1528 4254 1841 4318 peroptent,
1878 4261 1990 4302 non

415 4346 648 4409 possunt
691 4346 896 4395 tamen.
956 4336 1321 4411 Symmachus
1364 4354 1496 4394 vero
1544 4339 1661 4392 ait:
1697 4337 1817 4409 Ipse
1865 4338 1993 4408 fecit

413 4446 535 4498 nos,
561 4447 667 4488 non
687 4432 1019 4487 exsistentes.
1044 4430 1161 4485 Nos
1180 4440 1353 4489 autem
1381 4431 1604 4501 populus
1632 4448 1847 4502 pascute
1874 4431 1990 4501 ejus

414 4534 465 4580 et
485 4540 600 4580 oves
630 4541 819 4580 manus
846 4525 1016 4581 illius.
1049 4524 1148 4580 His
1172 4540 1303 4582 vero
1333 4540 1443 4579 non
1461 4525 1798 4581 dominatum
1827 4523 1991 4580 modo

592 4634 609 4668 :
666 4615 765 4668 sed
811 4615 978 4668 etiam
1027 4615 1425 4668 providentiam
1487 4630 1641 4668 suam
1683 4614 1981 4668 indicavit:

416 4632 609 4685 suum;
666 4615 765 4674 sed
811 4615 978 4671 etiam
1027 4615 1425 4686 providentiam
1487 4630 1641 4673 suam
1683 4614 1981 4670 indicavit:

416 4724 527 4766 non
570 4709 748 4766 solum
791 4708 940 4766 enim
991 4708 1258 4766 Dominus
1319 4718 1506 4766 noster
1551 4706 1792 4773 est;sed
1821 4708 1986 4763 etiam

2091 4618 2188 4672 Διὰ
2236 4616 2441 4671 τούτων
2483 4617 2543 4671 οὐ
2588 4615 2747 4687 μόνον
2773 4614 2872 4687 τὴν
2913 4614 3248 4679 δεσποτείαν,
3286 4614 3425 4669 ἀλλὰ
3454 4617 3547 4669 καὶ
3568 4614 3667 4688 τὴν

2091 4700 2418 4782 κηδεμονίαν
2449 4706 2773 4779 ἐγνώρισεν·
2798 4707 2859 4760 ού
2889 4705 3049 4778 μόνον
3080 4705 3188 4778 γὰρ
3218 4705 3375 4778 ἡμῶν
3404 4706 3668 4781 δεσπότης

413 4724 527 4766 non
570 4709 748 4766 solum
791 4708 940 4766 enim
991 4708 1258 4766 Dominus
1319 4718 1506 4766 noster
1551 4706 1792 4773 est;sed
1821 4708 1986 4763 etiam

412 4810 604 4874 pastor
628 4817 753 4858 cum
783 4805 877 4864 sit,
930 4803 1073 4857 bona
1101 4801 1262 4857 nobis
1291 4814 1495 4872 pascua
1521 4799 1698 4855 oll'ert.
1739 4796 1855 4853 Nos
1885 4813 1987 4851 au-

413 4904 521 4950 tem
563 4896 788 4964 populus
814 4896 971 4965 ejus,
1016 4901 1207 4965 utpote
1235 4894 1572 4964 regis;oves
1629 4901 1811 4947 autem
1839 4890 1984 4961 ejus,

412 4997 604 5060 utpote
632 4989 869 5059 pastoris
906 5004 920 5041 :
958 4988 1195 5059 populus
1226 4996 1375 5052 sunt,
1409 4986 1504 5056 qui
1534 4986 1788 5042 meliores
1808 4992 1862 5040 et
1890 4998 1983 5038 ra-

411 5077 824 5145 tionabiliores;
851 5091 981 5132 oves
1029 5085 1237 5145 autem,
1267 5077 1363 5148 qui
1417 5078 1485 5133 iis
1518 5075 1808 5133 inferiores
1830 5083 1982 5146 sunt,

412 5178 469 5226 ct
497 5167 1016 5225 irrationabiliorem
1046 5169 1294 5226 ordinem
1317 5168 1591 5234 obtinent,
1629 5180 1809 5240 neque
1840 5167 1985 5225 divi.

413 5278 609 5320 norum
659 5263 1010 5317 oraculorum
1058 5263 1217 5332 periti
1263 5270 1428 5329 sunt;
1464 5262 1767 5319 secundum
1799 5261 1975 5317 illud:

414 5353 607 5410 Επαυὶ
634 5353 770 5409 sicut
790 5353 901 5408 ovis
928 5369 1045 5424 qute
1069 5355 1222 5423 periit
1237 5354 1278 5409 ⁸.
1303 5352 1568 5410 Caeterum
1590 5369 1715 5409 cum
1734 5354 1977 5409 omnium

414 5441 576 5507 Deus.
590 5454 647 5501 et
677 5448 931 5503 conditor
957 5446 1053 5512 sit,
1087 5446 1271 5501 omnia
1303 5454 1484 5511 vocat,
1520 5446 1701 5501 omnia
1725 5445 1828 5503 sibi
1854 5460 1983 5517 pro-

418 5533 534 5604 pria
553 5534 733 5592 edicit.
760 5535 1013 5592 Homines
1032 5539 1232 5610 quippe
1257 5548 1310 5593 et
1328 5538 1574 5608 jumenta
1594 5538 1765 5593 salvat
1782 5536 1923 5593 Deus
1939 5538 1983 5605 ";

420 5629 544 5684 illos
564 5631 806 5701 quidem,
831 5640 890 5687 ut
927 5635 1189 5705 populum
1227 5649 1424 5702 suum;
1462 5636 1556 5690 illa
1587 5650 1738 5699 vero,
1776 5642 1836 5689 ut
1854 5648 1986 5690 oves

422 5734 616 5778 manus
642 5736 775 5779 suae.

490 5836 506 5867 ⁸
546 5835 713 5910 ilcbr.
751 5857 860 5902 xu,
888 5830 980 5895 (ἐξ.
1058 5842 1077 5873 ²
1117 5840 1261 5910 ῐξεοι.
1295 5857 1462 5896 csvm
1485 5883 1499 5907 ,
1534 5841 1636 5906 73;
1668 5841 1769 5899 Job
1800 5857 1933 5910 vm,
1969 5842 1990 5895 l

2130 5842 2151 5874 ³
2188 5839 2385 5898 lcrem.
2423 5856 2481 5909 ι,
2522 5838 2571 5893 5.

2095 3335 2302 3409 μητρὸς
2342 3335 2625 3406 γενόμενοι
2661 3331 2780 3387 Ἰὼϐ
2826 3333 2919 3387 καὶ
2968 3332 3150 3397 Δαυῒδ,
3195 3334 3357 3402 φασὶν
3397 3333 3668 3407 ἑκάτεροι,

2089 3430 2160 3482 Δί
2186 3424 2379 3495 χεῷές
2402 3440 2520 3479 σου
2567 3422 2865 3492 ἐποίησάν
2890 3441 2967 3492 με
3013 3423 3110 3477 καὶ
3137 3422 3418 3478 ἔπλασαν
3442 3442 3549 3494 με·
3573 3425 3670 3480 καὶ

2089 3517 2226 3590 πρὸς
2266 3515 2534 3589 Ἱερεμίαν
2566 3513 2727 3579 αὐτὸς
2752 3515 2780 3568 6
2811 3513 2963 3579 Θεὸς,
3015 3512 3136 3583 Πρὸ
3182 3513 3290 3569 τοῦ
3327 3532 3406 3584 με
3440 3512 3671 3570 πλάσαι

2090 3624 2165 3663 σε
2192 3608 2263 3661 ἐν
2284 3608 2500 3674 κοιλίᾳ,
2547 3606 2874 3676 ἐπίσταμαί
2908 3623 3004 3661 σε.
3039 3607 3120 3679 Τῇ
3151 3605 3280 3676 γοῦν
3317 3606 3671 3679 ἐσφαλμένοις

2089 3698 2319 3772 λεγούσῃ
2340 3698 2418 3771 τῷ
2439 3698 2695 3770 ἀνδρὶ,’Ἠ
2711 3696 2815 3764 δός
2841 3716 2944 3768 μοι
2973 3698 3173 3763 τέκνα,
3205 3701 3256 3755 εί
3289 3696 3359 3753 δὲ
3382 3697 3493 3769 μὴ,
3522 3698 3664 3754 ἀπό-

2089 3793 2327 3849 κτεινόν
2341 3810 2441 3863 με,
2473 3792 2633 3862 σοφὸς
2648 3790 2723 3844 ὢν
2761 3793 2790 3845 6
2834 3792 2998 3866 ἀνὴρ,
3038 3790 3382 3862 δογματικῶς
3417 3792 3668 3864 ἐπιτιμᾷ,

2088 3885 2187 3956 Μὴ
2210 3884 2345 3940 ἀντὶ
2383 3884 2532 3939 Θεοῦ
2576 3899 2677 3938 σοι
2708 3882 2827 3954 εἰμί
2855 3882 2991 3954 ἐγὼ,
3023 3882 3092 3950 ὃς
3108 3880 3401 3952 ἐστέρησέ
3426 3896 3502 3937 σε
3534 3898 3671 3952 καρ-

2089 3972 2211 4027 πὸν
2229 3973 2501 4037 κοαλίαςς
2524 3972 2588 4025 Ei
2617 3971 2723 4044 γὰρ
2749 3971 2843 4026 καὶ
2869 3972 3116 4027 δοκοῦσιν
3141 3973 3190 4026 οι
3232 3972 3469 4044 πατέρες
3499 3974 3671 4029 ποιεῖν

2089 4065 2364 4128 τὰτέκνα,
2400 4065 2516 4119 ἀλλ’
2548 4058 2642 4118 οὗν
2680 4065 2710 4117 6
2756 4062 2888 4128 Θεὸς
2937 4062 3109 4117 ταῦτα
3137 4065 3307 4118 ποιεῖ·
3344 4064 3439 4118 καὶ
3487 4064 3518 4117 6
3570 4062 3671 4135 μὲν

2089 4158 2280 4222 αἴτιος,
2313 4158 2363 4211 οἱ
2384 4156 2441 4211 δὲ
2466 4155 2748 4222 συναίτιοι,
2782 4155 2859 4221 ὡς
2889 4155 2968 4227 τῷ
2994 4155 3053 4222 ἐξ
3080 4155 3254 4227 ἀρχῆς
3285 4153 3449 4209 αὐτοῦ
3482 4154 3670 4211 διακο-

2088 4248 2304 4313 νοῦντες
2332 4248 2734 4321 προστάγματι.
2761 4244 2861 4301 Διᾶ
2891 4245 3050 4300 τοῦτο
3098 4245 3300 4310 πολλοὶ,
3333 4246 3510 4301 καίτοι
3550 4249 3669 4304 ὲπι-

2091 4340 2388 4412 θυμοῦντες
2420 4339 2777 4403 παιδοποιεῖν,
2805 4338 2865 4392 ού
2894 4336 3165 4393 δύνανται.
3205 4337 3262 4392 Ὀ
3290 4338 3349 4393 δὲ
3376 4337 3668 4412 Σύμμαχός

2089 4452 2280 4507 φησιν,
2333 4432 2529 4500 Αὐτὸς
2563 4432 2850 4499 ἐποίησεν
2891 4428 3052 4500 ἡμᾶς
3091 4433 3204 4485 οὐκ
3256 4430 3463 4499 ὄντας·
3496 4431 3667 4502 ἡμεῖς

2088 4526 2158 4580 δὲ
2190 4525 2343 4593 λαός
2367 4523 2561 4595 νομῆς
2592 4522 2778 4578 αὐτοῦ
2815 4522 2913 4577 καὶ
2946 4522 3209 4592 πρόϐατα
3233 4521 3432 4593 χειρὸς
3459 4522 3664 4579 αὐτοῦ.

2090 4618 2188 4672 Διὰ
2236 4616 2441 4671 τούτων
2483 4617 2543 4671 οὐ
2588 4615 2747 4687 μόνον
2773 4613 2872 4687 τὴν
2913 4614 3248 4679 δεσποτείαν,
3286 4614 3425 4669 ἀλλὰ
3454 4617 3547 4669 καὶ
3568 4613 3667 4688 τὴν

2092 4803 2260 4866 ἐστὶν,
2292 4800 2429 4855 ἀλλὰ
2452 4800 2546 4853 καὶ
2565 4798 2786 4871 ποιμὴν,
2809 4798 2908 4869 τὴν
2933 4798 3141 4870 ἀγαθὴν
3164 4798 3321 4871 ήμῶν
3344 4800 3668 4873 προσφέρων

2089 4896 2283 4967 νομήν.
2338 4892 2527 4964 Ἡμεῖς
2566 4892 2635 4945 δὲ
2654 4892 2805 4959 λαός
2845 4891 3055 4959 αὐτοῦ,
3094 4892 3169 4956 ὡς
3209 4891 3492 4962 βασιλέως,
3542 4891 3669 4965 πρό-

2089 4987 2231 5041 ϐατα
2264 4986 2323 5039 δὲ
2346 4985 2423 5049 ὡς
2449 4984 2707 5056 ποιμένος
2726 5001 2739 5015 ·
2770 4983 2897 5047 λαὸς
2925 4984 2974 5037 οἱ
3008 4984 3285 5057 κρείττους
3312 4984 3407 5037 καὶ
3439 4982 3670 5053 λογικώ-

2089 5096 2237 5151 τεροι
2256 5095 2267 5107 ⁸
2301 5075 2548 5149 πρόϐατα
2560 5077 2609 5129 οἱ
2629 5075 3051 5147 ὑποϐεϐηκότες,
3074 5076 3169 5129 καὶ
3195 5076 3294 5148 τὴν
3325 5075 3667 5148 ἀλογωτέραν

2090 5172 2242 5236 τάξιν
2289 5169 2600 5240 ἐπέχοντες,
2639 5169 2734 5222 καὶ
2763 5169 2838 5239 μὴ
2896 5170 2954 5222 ὲν
2981 5167 3147 5240 πείρᾳ
3187 5167 3295 5222 τῶν
3319 5166 3478 5221 θείων
3515 5168 3667 5232 ὄντες

2089 5263 2315 5333 λογίων·
2353 5260 2495 5317 κατὰ
2534 5260 2615 5325 τὸ,
2658 5259 3039 5329 Ἐπλανήθην
3085 5260 3479 5329 ὡςπρόϐατον
3518 5259 3666 5313 ἁπο-

2088 5358 2304 5422 λωυῑός.
2364 5355 2511 5427 Πλὴν
2558 5352 2693 5408 ἀλλὰ
2747 5353 2965 5407 πάντων
3016 5350 3148 5414 Θεὸς
3179 5350 3254 5403 ὢν
3287 5351 3381 5405 καὶ
3412 5349 3660 5424 ποιητὴς,

2091 5450 2271 5503 πάντα
2289 5447 2442 5502 καλεῖ
2479 5446 2573 5501 καὶ
2609 5442 2983 5510 ὲξοικειοῦται.
3022 5440 3395 5511 Ἀνθράντους
3430 5442 3536 5515 γὰρ
3566 5444 3664 5497 καὶ

2090 5540 2282 5609 κτήνη
2339 5537 2507 5600 σώζει
2548 5540 2580 5592 ὀ
2614 5537 2787 5602 Θεός·
2826 5537 2952 5599 τοὺς
2983 5534 3102 5608 μὲν,
3133 5533 3208 5599 ὼς
3235 5535 3362 5590 λαὸν
3383 5535 3569 5602 αὐτοῦ,
3596 5535 3666 5591 τὰ

2091 5632 2169 5697 δὲ,
2198 5632 2275 5697 ὡς
2303 5631 2552 5705 πρόϐατα
2580 5628 2763 5702 χειρὸς
2789 5627 2974 5682 αὐτοῦ.

2652 5838 2673 5869 ⁸
2712 5836 2845 5893 Gen.
2902 5840 3039 5903 xu;
3084 5839 3126 5892 i.
3175 5836 3363 5907 Vulg.,
3427 5832 3663 5907 alioquin

424 5908 640 5966 morior.
719 5910 740 5941 ⁵
779 5910 910 5965 ibid.
943 5909 999 5963 ‘2.
1074 5910 1095 5943 ⁸
1134 5909 1277 5967 Psal.
1313 5928 1479 5967 cxvm
1522 5913 1642 5970 176.
1718 5914 1748 5983 ⁷,
1775 5908 1927 5971 Psal.
1960 5929 2136 5969 xxxv.
2173 5911 2221 5967 7.
