4102 6404
471 440 613 498 1243

1213 441 1482 501 EUSEBII
1508 441 1984 502 CAESARIENSIS
2019 439 2168 498 OPP.
2206 441 2385 498 PARS
2425 438 2509 500 ill.
2549 474 2617 487 —
2653 439 3062 500 EXEGETICA.

3589 445 3728 501 ιεμ

472 559 766 630 peccabam
796 561 932 618 :sed
971 561 1018 619 si
1063 562 1197 634 quid
1239 564 1373 618 mihi
1408 565 1728 619 humanitus
1760 561 2046 629 acciderit,

2154 562 2200 613 εί
2223 561 2278 614 δὲ
2309 562 2402 615 καί
2434 579 2491 616 τι
2517 561 2713 634 συνέϐη
2759 561 3117 632 ἀνθρώπινον,
3159 560 3271 613 ἀλλ’
3304 559 3364 614 οὐ
3393 560 3726 631 προθεμένου

473 651 530 707 id
556 668 664 707 non
688 668 756 710 ex
784 655 1065 725 proposito
1093 671 1214 712 meo
1249 655 1454 712 factum
1484 664 1588 713 est.

544 742 709 799 Vens.
748 746 802 800 4.
845 745 968 801 Non
1014 748 1240 803 adhaesit
1276 748 1404 802 mihi
1439 766 1527 803 cor
1562 764 1803 818 pravum.
1838 749 2046 806 Diaboli

473 836 725 902 consilia,
775 847 965 910 utpote
989 856 1111 911 quae
1152 849 1365 897 rectum
1413 841 1551 896 nihil
1580 842 1836 907 habeant,
1881 859 2049 914 prava

473 942 608 984 sane
628 937 681 983 et
707 944 958 999 perversa
985 940 1137 998 sunt,
1177 948 1299 1003 qua:
1327 948 1634 1003 nunquam,
1671 933 1770 996 ait,
1809 933 1863 987 in
1887 933 2050 989 corde

475 1019 714 1076 admisi:
745 1037 952 1092 gnarus
994 1039 1146 1091 vero,
1193 1040 1318 1080 eum
1367 1027 1464 1096 qui
1513 1024 1751 1080 adhaeret
1778 1025 1930 1096 justo
1957 1025 2050 1096 ju-

474 1121 621 1168 stum
671 1112 810 1180 fore,
843 1130 1058 1172 omnem
1104 1133 1422 1188 perversum
1478 1135 1564 1174 me
1617 1120 1934 1189 contingere
1983 1134 2048 1174 ac

475 1204 608 1259 mihi
647 1205 922 1262 adhaerere
948 1208 1276 1264 abnuebam.
1305 1208 1442 1263 Nam
1484 1219 1692 1265 rectum
1727 1225 1896 1264 curvo
1922 1225 2049 1265 coa-

473 1296 614 1363 ptari
655 1299 866 1367 nequit,
897 1307 1087 1370 utpote
1116 1300 1262 1370 quod
1282 1301 1555 1372 quadrare
1591 1309 1844 1372 nequeat.
1877 1301 2049 1357 Decli-

474 1395 634 1440 nante
663 1404 697 1440 α
718 1404 800 1442 me
821 1391 1053 1462 maligno
1080 1409 1185 1446 non
1205 1390 1598 1462 cognoscebam.
1629 1390 1727 1446 Vir
1750 1391 2044 1464 perfectus,

475 1482 567 1552 qui
594 1497 692 1537 cor
728 1499 1046 1553 perversum
1085 1501 1197 1542 non
1237 1486 1400 1542 habet
1431 1487 1486 1541 in
1514 1487 1661 1557 quod
1684 1489 1860 1557 possit
1892 1490 2049 1543 mali-

393 1585 429 1652 ,ἧς
472 1588 614 1643 gnus
643 1576 880 1644 operari,
913 1575 1025 1632 Deo
1064 1578 1343 1649 repletur;
1373 1579 1447 1632 ita
1479 1585 1540 1633 ut
1589 1581 1885 1652 malignus,
1920 1597 2045 1636 cum

395 1650 416 1672 ⁸
474 1665 654 1718 locum
684 1666 826 1735 apud
851 1682 976 1721 eum
1006 1681 1114 1722 non
1159 1667 1418 1738 reperiat,
1445 1666 1682 1724 declinet
1709 1650 1778 1737 ab
1802 1686 1868 1726 eo
1901 1690 1914 1727 :
1947 1672 2047 1728 de-a'

472 1755 714 1811 clinante
743 1766 926 1813 autem
952 1757 1068 1823 illo,
1100 1758 1299 1829 inquit,
1328 1775 1438 1815 non
1461 1761 1880 1831 cognoscebam,
1917 1764 2046 1834 quia

474 1846 777 1914 praesentiae
819 1847 939 1918 ejus
971 1864 1138 1906 sensu
1184 1849 1480 1906 destitutus
1514 1867 1686 1921 eram,
1718 1853 1812 1924 qui
1843 1868 1945 1909 nec
1979 1855 2048 1910 de

474 1938 569 1992 illo
599 1939 927 2010 cogitabam,
971 1957 1074 1998 nec
1121 1958 1262 2013 opus
1308 1959 1434 2000 cum
1468 1945 1563 2001 illo
1603 1946 1892 2002 habebam.
1923 1945 2051 2003 Hauc

475 2043 642 2099 porro
684 2030 953 2102 intelliges
985 2047 1204 2103 quoque
1243 2031 1311 2088 de
1337 2033 1581 2090 homine
1619 2035 1880 2106 maligno,
1923 2037 2052 2108 quia

474 2136 576 2176 nec
601 2137 726 2176 cum
757 2122 1062 2188 accederet,
1087 2139 1189 2179 nec
1213 2139 1338 2180 cum
1369 2125 1694 2191 discederet,
1727 2128 2048 2198 sentiebam,

474 2211 552 2265 ita
583 2211 876 2281 pestiferos
908 2212 1161 2269 homines
1195 2213 1620 2285 vilipendebam,
1655 2232 1719 2272 ac
1749 2233 1859 2272 non
1888 2233 2053 2275 nosse

472 2302 798 2359 simulabam
845 2322 859 2358 :
913 2319 1014 2360 nec
1073 2306 1218 2360 enim
1283 2307 1548 2377 dignabar
1602 2310 1813 2366 amicus
1859 2326 2050 2366 eorum

472 2408 617 2449 esse.
645 2391 784 2448 Num
816 2396 943 2466 quia
972 2396 1242 2466 superbus
1273 2398 1374 2452 es?
1406 2396 1782 2469 Nequaquam,
1815 2399 1930 2469 ait;
1955 2403 2052 2458 sed

473 2485 659 2541 sciens
689 2486 844 2551 illud,
868 2485 1225 2556 Corrumpunt
1253 2505 1422 2543 mores
1447 2488 1607 2544 bonos
1634 2491 1900 2562 colloquia
1931 2509 2054 2560 pra-

474 2591 538 2630 ua
557 2575 600 2641 ⁸,
637 2591 760 2632 cum
789 2579 949 2633 malis
975 2580 1293 2636 societatem
1323 2595 1432 2635 non
1461 2581 1686 2637 inibam.

541 2748 710 2807 Vens.
754 2753 808 2808 5.
851 2751 1216 2810 Detrahentem
1261 2765 1456 2812 secreto
1492 2760 1734 2828 proximo
1766 2777 1884 2829 suo,
1913 2763 2051 2818 hunc

470 2842 836 2914 persequebar.
865 2844 1001 2900 Cum
1033 2848 1330 2914 hominem,
1370 2849 1568 2920 inquit,
1616 2858 1731 2907 tum
1773 2854 2052 2926 cogitatio-

471 2944 596 2992 nem
627 2935 762 2991 mihi
800 2938 1007 3009 aliquid
1035 2939 1160 2994 mali
1185 2950 1377 2996 contra
1402 2945 1714 3014 quempiam
1745 2960 2048 3017 suggeren-

469 3031 605 3112 tem,
629 3043 697 3082 ex
724 3029 890 3084 corde
919 3030 1187 3100 pellebam
1215 3039 1277 3085 ut
1298 3046 1490 3088 canem
1518 3034 1661 3088 clam
1679 3036 2044 3094 mordentem.

469 3115 608 3174 Nam
633 3121 716 3175 vir
737 3121 966 3189 probus,
999 3123 1088 3192 qui
1125 3124 1183 3177 in
1211 3124 1470 3182 omnibus
1502 3126 1734 3182 ﬁdenter
1771 3146 1934 3200 agere
1963 3149 2049 3188 so-

473 3212 566 3275 let,
609 3210 753 3266 sicut
776 3226 840 3264 ea
875 3227 998 3282 quae
1026 3213 1166 3266 clam
1199 3222 1459 3284 aguntur,
1499 3225 1687 3287 utpote
1717 3220 2048 3278 confusione

473 3299 658 3368 digna,
690 3309 1002 3369 aversatur;
1049 3301 1123 3356 ita
1159 3311 1372 3360 secreto
1401 3314 1595 3360 contra
1629 3311 1938 3380 quempiam
1963 3314 2048 3368 vel

471 3390 656 3447 dicere
685 3391 889 3462 aliquid
916 3393 1000 3448 vel
1038 3393 1228 3450 audire
1255 3410 1365 3450 non
1400 3397 1633 3454 sustinet
1660 3417 1674 3454 :
1708 3415 1832 3454 nam
1865 3402 1918 3456 id
1954 3403 2051 3456 im-

476 3481 629 3554 probi
661 3489 716 3537 et
742 3483 1022 3540 illiberalis
1052 3494 1197 3542 esset
1225 3504 1239 3542 :
1269 3502 1370 3544 nec
1389 3489 1659 3558 ejusmodi
1683 3507 1771 3548 res
1803 3494 2050 3563 periculo

475 3582 654 3642 vacat,
687 3592 812 3632 cum
843 3576 1128 3646 Scriptura
1161 3578 1348 3636 dicat:
1377 3579 1459 3636 Ille
1481 3599 1624 3639 ames
1657 3587 1952 3654 detrahere,
1988 3606 2051 3644 ne

473 3666 538 3722 de
589 3667 758 3724 medio
808 3670 1093 3737 tollaris’;
1127 3680 1202 3736 et,
1251 3671 1434 3730 Nolite
1479 3675 1755 3734 detrahere
1802 3681 2046 3750 invicem,

476 3760 692 3828 fratres,
735 3779 798 3816 ne
826 3762 922 3817 sub
945 3763 1209 3833 judicium
1250 3767 1458 3822 cadatis
1479 3770 1546 3828 ¹⁰.
1583 3769 1726 3838 Quid
1755 3773 1828 3828 sit
1861 3775 2050 3831 detra-

476 3854 626 3922 here,
641 3855 800 3924 quasi
825 3857 1071 3927 exemplo
1089 3858 1478 3915 declarandum
1499 3870 1612 3918 est:
1641 3879 1752 3919 non
1783 3866 1957 3936 enim,
1986 3869 2053 3926 de

475 3944 663 4015 aliquo
686 3945 828 4000 clam
857 3947 1078 4018 obloqui
1117 3965 1336 4020 quoque
1364 3952 1548 4022 modo,
1589 3954 1725 4010 illud
1754 3964 1840 4014 est
1863 3958 2052 4015 detra-

477 4035 631 4093 here.
658 4035 982 4108 Plerumque
1017 4037 1162 4094 enim
1191 4039 1260 4096 de
1282 4041 1470 4112 aliquo
1497 4053 1632 4099 tunc
1659 4047 1888 4104 absente
1910 4050 2054 4106 male

477 4128 777 4198 loquimur,
819 4145 930 4185 non
979 4130 1125 4201 quod
1179 4131 1469 4190 detrahere
1512 4135 1618 4208 ipsi
1649 4139 1883 4198 velimus
1907 4184 1922 4210 ,
1955 4145 2053 4200 sed

477 4220 725 4278 dolentes
753 4222 900 4292 quod
934 4223 983 4277 is
1017 4221 1254 4280 fortasse
1282 4225 1566 4297 improbus
1601 4230 1714 4286 sit:
1741 4239 1904 4303 atque
1938 4233 2055 4290 haec

479 4327 705 4370 narrare
734 4314 1019 4370 studemus
1042 4315 1132 4379 iis,
1163 4317 1258 4387 qui
1291 4319 1519 4388 perinde
1550 4327 1714 4391 atque
1743 4338 1843 4379 nos
1874 4339 1940 4380 ex
1966 4326 2054 4380 di-

481 4403 734 4459 lectionis
767 4402 966 4459 ati‘ectu
999 4403 1066 4460 de
1088 4406 1180 4460 illo
1209 4417 1405 4463 curant
1427 4415 1481 4465 et
1518 4410 1738 4466 solliciti
1768 4421 1917 4469 sunt.
1949 4414 2054 4483 Qui

483 4495 648 4566 igitur
693 4495 774 4551 sic
817 4503 1008 4550 contra
1063 4497 1340 4554 absentem
1388 4501 1652 4572 loquitur,
1708 4521 2054 4578 nequaquam

2157 669 2258 722 μου
2286 652 2444 707 τοῦτο
2465 655 2698 722 ἐγένετο.

2228 749 2348 801 οὐκ
2377 746 2680 816 ἐκολλήθη
2709 764 2810 816 μοι
2843 744 3056 814 καρδία
3091 743 3350 812 σκαμϐή.
3383 744 3464 798 Τὰ
3492 742 3585 796 τοῦ
3614 741 3728 796 δια-

2154 838 2309 892 ϐόλου
2344 838 2705 909 βουλεύματα,
2741 839 2836 892 ἆτε
2871 837 3038 908 μηδὲν
3071 837 3225 900 εύθές
3265 836 3476 906 ἔχοντα,
3506 833 3728 906 σκαμϐά

2152 931 2214 984 τέ
2265 933 2381 985 ἐστι
2429 931 2522 986 καὶ
2565 929 2994 1002 διεστραμμένα,
3047 929 3190 999 ἅπερ
3243 928 3497 981 οὐδέποτε
3549 930 3607 982 ἐν
3657 930 3724 1001 τῇ

2155 1024 2350 1096 καρδία
2371 1023 2730 1094 είσδέδεγμαι,
2762 1023 2946 1093 φησίν-
2977 1019 3133 1085 εἰδὼς
3167 1020 3242 1086 δὲ,
3272 1021 3352 1072 i'm
3381 1021 3410 1071 ὁ
3447 1017 3724 1089 κολλώμε-

2153 1129 2243 1176 νος
2287 1111 2478 1183 δικαίῳ
2521 1111 2725 1175 δίκαιος
2771 1111 2944 1178 ἐσται,
2988 1110 3164 1163 πάντα
3195 1109 3510 1180 διάστροφον
3557 1108 3724 1179 ἀνδρα

2155 1204 2515 1278 παρῃτούμην
2543 1202 2904 1259 συνάπτεσθαί
2931 1219 3023 1273 μοι
3059 1201 3156 1254 καὶ
3182 1199 3470 1254 κολλᾶσθαί
3511 1216 3616 1269 μοι.
3651 1198 3724 1251 Τὸ

2153 1297 2262 1370 γὰρ
2311 1296 2439 1350 εὐθὺ
2483 1294 2562 1367 τῷ
2609 1293 2853 1366 στρεϐλῷ
2909 1293 3243 1362 συναφθῆναι
3293 1291 3355 1344 ού
3401 1289 3618 1343 δύναται
3650 1290 3726 1354 ὡς

2153 1388 2512 1462 ἀνάρμοστον.
2560 1387 2976 1452 Ἑκκλίνοντος
3007 1384 3108 1439 ἀπ’
3143 1382 3290 1454 ἐμοῦ
3327 1381 3433 1436 τοῦ
3464 1378 3728 1448 πονηροῦ

2153 1484 2265 1536 οὐκ
2305 1481 2654 1552 ἐγίνωσκον.
2693 1478 2752 1532 Ὀ
2792 1477 3014 1541 τέλειος,
3059 1475 3283 1548 καρδίαν
3331 1472 3584 1545 σκαμϐὴν
3631 1471 3731 1524 οὐκ

2153 1571 2313 1643 έχων,
2347 1571 2426 1634 είς
2475 1571 2539 1641 ῆν
2568 1569 2806 1639 ἐνεργεῖν
2845 1570 2874 1622 ὁ
2911 1565 3145 1638 πονηρὸς
3187 1564 3430 1627 δύναται,
3468 1561 3564 1616 τοῦ
3592 1557 3729 1614 Θεοῦ

2155 1663 2511 1734 πεπλήρωται
2529 1677 2544 1693 ο
2579 1659 2720 1713 ὥστε
2766 1659 2858 1714 τὸν
2903 1658 3156 1730 πονηρὸν,
3207 1656 3283 1729 μὴ
3326 1655 3516 1726 ἔχοντα
3564 1655 3729 1707 τόπον

2154 1754 2285 1825 παρ’
2329 1751 2498 1824 αὐτῷ,
2543 1749 2810 1804 ἐκκλίνειν
2861 1749 2956 1803 ἀπ’
3008 1746 3172 1801 αὐτοῦ
3197 1763 3212 1781 ο
3267 1745 3604 1807 ἐκκλίνοντος
3650 1741 3725 1808 δὲ,

2154 1845 2338 1917 φησιν,
2373 1844 2473 1898 οὐκ
2517 1843 2846 1912 ἐγίνωσκον·
2884 1840 2962 1912 τῷ
3011 1839 3086 1912 μὴ
3131 1838 3385 1910 αἴσθησιν
3425 1835 3729 1908 παρουσίας

2153 1936 2318 1991 αὐτοῦ
2349 1935 2670 2008 ἐσχηκέναι·
2702 1935 2762 1987 ού
2784 1933 2892 2006 γὰρ
2919 1932 3210 2004 ἐνθύμημα
3236 1930 3271 2002 ἢ
3300 1929 3459 2001 ἔργον
3491 1927 3596 1982 τῶν
3633 1925 3730 1982 αύ-

2152 2029 2247 2083 τοῦ
2272 2029 2428 2099 ἔσχον
2457 2028 2587 2100 παρ’
2618 2025 2761 2097 ἐμοί.
2790 2025 3024 2096 Νοήσεις
3053 2022 3110 2076 δέ
3146 2023 3322 2076 ταῦτα
3347 2020 3443 2074 καὶ
3471 2019 3601 2091 περὶ
3630 2019 3730 2072 ἀν-

2155 2121 2375 2192 θρώπου
2414 2117 2672 2191 πονηροῦ,
2718 2117 2800 2171 ὅτι
2846 2117 2954 2170 οὐδ’
3001 2117 3090 2169 ὅτε
3139 2112 3461 2187 προσῆλθεν,
3490 2110 3597 2164 οὐδ’
3635 2110 3730 2162 ὅτε

2154 2211 2418 2283 ἀνεχώρει
2448 2210 2698 2281 αἴσθησιν
2724 2206 3049 2279 ἐλάμϐανον,
3083 2204 3256 2268 οὕτως
3280 2206 3341 2258 ἐν
3368 2202 3543 2257 οὐδενὶ
3574 2200 3730 2273 μέρει

2153 2304 2451 2374 ἐποιούμην
2496 2303 2622 2365 τοὺς
2665 2298 2909 2371 λοιμοὺς,
2979 2299 3074 2352 καὶ
3117 2297 3269 2351 οὐδὲν
3315 2295 3512 2349 εἰδέναι
3560 2309 3720 2365 προσ-

2152 2393 2482 2465 εποιούμην⁶
2517 2393 2578 2446 οὐ
2613 2391 2722 2461 γὰρ
2759 2389 2946 2460 ἠξίουν
2975 2385 3112 2442 εἶναι
3153 2387 3304 2457 φίλον
3349 2385 3548 2440 αὐτῶν.
3581 2380 3731 2454 τΔρα.

2153 2487 2229 2553 ὡς
2269 2487 2647 2559 ὑπερήφανος;
2695 2481 2982 2553 Οὐδαμῶς,
3030 2478 3229 2551 φησίνο
3285 2477 3397 2532 ἀλλ’
3440 2475 3615 2540 εἰδὼς,
3647 2476 3733 2529 ὅτι

2153 2580 2507 2651 Φθείρουσιν
2544 2576 2659 2647 ἢθη
2687 2571 2919 2646 χρηστὰ
2951 2571 3174 2642 ὁμιλίαι
3203 2570 3400 2636 κακαὶ,
3429 2568 3490 2622 ού
3525 2567 3732 2622 συνδιε-

2152 2672 2380 2744 τιθέμην
2409 2673 2521 2734 τοῖς
2550 2687 2684 2740 πονη
2691 2669 2825 2741 ροῖς.

2229 2764 2342 2819 Τὸν
2367 2761 2827 2818 καταλαλοῦντα
2856 2757 3051 2826 λάθρα
3077 2756 3185 2811 τὸν
3223 2754 3490 2824 πλησίον
3522 2749 3732 2817 αὑτοῦ,

2152 2856 2368 2910 τοῦτον
2390 2853 2729 2920 ἐξεδίωκον.
2774 2851 2887 2905 Καὶ
2917 2848 3227 2921 ἄνθρωπον,
3264 2848 3418 2920 φησι,
3449 2846 3544 2901 καὶΙ
3584 2845 3732 2915 λογι-

2154 2948 2291 3018 σμὸν
2316 2944 2690 3001 ὑποϐάλλοντα
2721 2961 2774 2998 τι
2812 2942 3046 3015 πονηρόν
3084 2959 3175 3012 μοι
3220 2939 3361 2995 κατά
3384 2957 3528 3003 τινος
3548 2935 3735 3002 ἐξέϐα-

2151 3040 2243 3094 λον
2271 3042 2336 3093 ἐκ
2374 3039 2476 3109 τῆς
2517 3037 2742 3109 καρδίας
2778 3053 2902 3107 μου,
2943 3035 3017 3099 ὡς
3060 3033 3198 3087 κύνα
3237 3031 3626 3105 λαθροδήκτην.
3671 3030 3733 3082 Ὁ

2151 3133 2260 3202 γὰρ
2303 3129 2607 3191 σπουδαῖος,
2643 3129 2702 3180 ἐν
2741 3126 2904 3180 παντί
2934 3142 3012 3196 τῳ
3056 3123 3371 3195 παρρησίαν
3411 3123 3553 3194 ἐχειν
3597 3122 3732 3190 ἀγα-

2153 3222 2296 3288 πῶν,
2324 3221 2512 3291 ὦσπερ
2552 3219 2621 3272 τὰ
2665 3217 2840 3289 λάθρα
2885 3215 3137 3287 δρώμενα
3178 3213 3256 3284 τῷ
3302 3213 3564 3284 αίσχύνης
3597 3209 3734 3266 εἶναι

2150 3313 2298 3380 ἄξια,
2339 3313 2722 3382 παραιτεῖταιο
2767 3307 2912 3361 οὕτω
2952 3306 3047 3359 καὶ
3094 3305 3156 3356 τὸ
3201 3305 3382 3372 λέγειν
3428 3304 3462 3373 ἢ
3514 3303 3735 3357 ἀκούειν

2150 3405 2296 3459 κατά
2331 3419 2477 3465 τινος
2525 3399 2767 3471 κρύϐδην
2807 3398 2908 3451 οὐκ
2954 3397 3236 3466 ἀνέχεται·
3275 3394 3578 3466 κακοήθους
3623 3395 3734 3467 γὰρ

2149 3497 2246 3549 καὶ
2281 3491 2630 3564 ἀνελευθέρου
2677 3489 2739 3542 τὸ
2776 3489 3002 3561 χρῆμα,
3042 3488 3350 3558 ἐπήρτηται
3391 3487 3448 3540 δέ
3491 3485 3732 3550 κίνδυνος

2147 3585 2227 3657 τῷ
2267 3583 2586 3659 πράγματι,
2625 3586 2723 3654 τῆς
2765 3581 2989 3652 Γραφῆς
3038 3579 3337 3650 λεγούσηςο
3385 3579 3480 3647 Μὴ
3527 3577 3733 3647 ἀγάπα

2150 3676 2533 3742 καταλαλεῖν,
2582 3675 2684 3728 ἵνα
2723 3673 2808 3743 μὴ
2849 3670 3141 3742 ἐξαρθῇς·
3189 3671 3304 3734 καὶ,
3331 3670 3427 3740 Μὴ
3471 3673 3735 3726 καταλα-

2150 3768 2311 3824 λεῖτε
2340 3766 2648 3834 ἀλλήλων,
2693 3766 2965 3835 ἀδελφοὶ,
2994 3767 3096 3820 ἵνα
3129 3764 3214 3834 μὴ
3245 3764 3365 3818 ὑπὸ
3398 3764 3603 3833 κρίσιν
3633 3761 3736 3816 πέ-

2152 3874 2319 3930 σητε.
2353 3860 2418 3912 Τί
2441 3859 2499 3912 δέ
2529 3861 2645 3912 ἐστι
2673 3857 2734 3911 τὸ
2759 3857 3082 3912 καταλαλεῖν
3108 3855 3186 3920 ὡς
3217 3857 3274 3909 ἐν
3310 3855 3466 3926 τύπῳ
3499 3855 3734 3926 παραδο-

2151 3954 2272 4008 τέον
2291 3969 2306 3984 ·
2340 3951 2400 4005 ού
2444 3951 2554 4024 γὰρ
2582 3951 2645 4004 τὸ
2675 3949 2924 4005 ὁπωσοῦν
2954 3950 3132 4018 λέγειν
3173 3949 3300 4018 περί
3323 3965 3466 4012 τινος
3507 3951 3604 4002 καὶ
3635 3947 3731 4002 λά-

2153 4048 2261 4120 θρα
2285 4045 2492 4100 ἐκείνου
2523 4044 2840 4098 καταλαλεῖν
2863 4045 2981 4098 ἐστι
2996 4061 3010 4074 ο
3037 4042 3296 4106 πολλάκις
3319 4041 3447 4111 γοῦν
3476 4041 3734 4114 ἀγορεύο-

2159 4138 2258 4209 μέν
2289 4155 2413 4192 τινα
2444 4137 2630 4200 κακῶς
2671 4137 2898 4204 ἀπόντα,
2937 4136 2999 4189 ού
3047 4134 3370 4189 καταλαλεῖν
3409 4134 3571 4188 αὐτοῦ
3609 4133 3734 4204 βου-

2154 4229 2388 4301 λόμενοι,
2421 4227 2557 4281 ἀλλὰ
2603 4227 2929 4299 λυπούμενοι
2975 4227 3064 4279 διὰ
3101 4226 3162 4278 τὸ
3211 4221 3350 4278 εἶναι
3396 4225 3556 4279 αὐτὸν
3604 4225 3734 4289 ἴσως

2155 4319 2359 4390 φαῦλον
2382 4335 2397 4352 ο
2450 4316 2773 4390 πειρώμεθα
2813 4317 2871 4370 δὲ
2911 4316 3094 4384 λέγειν
3136 4315 3204 4368 τὰ
3244 4315 3373 4386 περὶ
3420 4314 3584 4368 αὐτοῦ
3621 4317 3737 4377 τοῖς

2154 4413 2416 4476 ὡσαύτως
2460 4415 2593 4484 ημῖν
2636 4410 2958 4483 κηδομένοις
3005 4407 3167 4463 αὐτοῦ
3213 4410 3307 4462 καὶ
3363 4408 3736 4478 φροντίζουσιν

2155 4504 2264 4559 ἀπὸ
2301 4504 2596 4568 διαθέσεως
2640 4503 2878 4574 φιλικῆς.
2931 4502 2989 4556 '0
3045 4497 3135 4556 οὖν
3186 4499 3330 4555 οὕτω
3373 4501 3548 4569 λέγων
3594 4500 3735 4553 κατὰ

482 4587 784 4644 maledicus
811 4593 898 4643 est
926 4607 938 4643 :
971 4588 1129 4661 (nam
1162 4590 1464 4648 maledicus
1507 4608 1616 4648 non
1650 4595 1724 4648 ita
1745 4597 1856 4665 agit
1883 4601 1925 4666 ),
1959 4597 2051 4653 sed

2160 4598 2402 4670 ἀπόντος,
2422 4599 2482 4652 οὐ
2514 4594 2815 4658 κατάλαλὸς
2839 4595 2986 4648 ἐστιν
3009 4611 3022 4624 ·
3061 4592 3198 4646 ἀλλά
3226 4591 3460 4663 σπουδὴν
3492 4590 3603 4661 ἔχει
3639 4592 3738 4644 σὺν

483 4694 610 4735 cum
651 4681 933 4752 voluptate
965 4689 1160 4742 contra
1192 4685 1484 4754 quemdam
1513 4686 1775 4757 loquitur,
1806 4703 1917 4744 non
1946 4705 2061 4746 mo-

486 4770 622 4828 leste
657 4771 842 4830 ferens
871 4775 1017 4844 quod
1051 4775 1144 4830 ille
1179 4774 1309 4830 talia
1336 4777 1602 4846 patrarit;
1648 4779 1745 4833 sed
1787 4780 1855 4834 de
1901 4794 1966 4835 ea
1999 4795 2059 4836 re

486 4859 716 4919 laetatur.
771 4863 904 4935 Ejus
954 4881 1192 4938 namque
1237 4875 1392 4939 gesta
1446 4869 1727 4927 malevolis
1782 4880 2057 4937 recenset,

482 4956 580 5028 qui
628 4972 692 5014 ea
734 4967 978 5030 retegere
1023 4969 1078 5018 et
1131 4963 1450 5019 renuntiare
1491 4971 1725 5034 possunt
1767 4965 1891 5022 aliis
1921 4966 2061 5022 bene

483 5050 694 5108 multis.
744 5050 884 5118 Quid
923 5054 1027 5111 sibi
1060 5055 1178 5110 vult
1216 5065 1397 5113 autem
1428 5056 1562 5112 illud
1599 5059 2055 5130 quodadjicitur,

483 5153 703 5211 secreto,
769 5161 891 5201 cum
935 5147 1114 5217 palam
1152 5149 1222 5204 sit
1261 5149 1559 5220 quamlibet
1603 5149 2056 5210 obtrectationem

485 5247 698 5295 secreto
729 5239 890 5296 ﬁeri?
917 5239 1015 5296 Vel
1039 5241 1093 5296 id
1128 5242 1263 5304 dicit
1300 5242 1449 5313 quod
1479 5245 1693 5315 agitur;
1731 5253 1825 5299 aut
1873 5247 1946 5301 ita
1977 5247 2057 5301 di-

485 5332 870 5404 stinguendum
922 5343 1008 5389 est
1043 5335 1510 5391 :obtrectatorum
1556 5337 1822 5407 quosdam
1865 5348 2056 5393 contra

485 5433 782 5493 praesentes
803 5440 990 5479 coram
1020 5427 1270 5497 obloqui;
1299 5427 1353 5481 hi
1381 5443 1546 5498 porro
1576 5429 1979 5484 conviciatores
2003 5438 2059 5483 et

486 5517 869 5573 contumeliosi
921 5529 1143 5574 assueto
1187 5535 1339 5575 more
1387 5529 1689 5589 vocantur;
1743 5524 1835 5579 sed
1878 5533 2057 5578 tamen

488 5609 616 5676 quia
653 5619 844 5665 contra
875 5614 1184 5682 quempiam
1211 5615 1534 5684 loquuntur,
1580 5615 1919 5670 detractores
1947 5614 2060 5668 I'ue-

491 5699 635 5768 rint;
667 5702 761 5756 alii
789 5720 918 5758 νει-ο
944 5705 1082 5761 clam
1115 5714 1168 5761 et
1197 5707 1516 5764 absentibus
1543 5708 1633 5774 iis,
1658 5707 1861 5778 quibus
1890 5706 2060 5762 male-

558 5877 586 5915 ⁸
621 5880 640 5936 I
675 5881 802 5936 Cor.
842 5893 929 5950 ιν,
966 5883 1052 5937 55.
1076 5923 1091 5949 ,
1193 5886 1211 5916 ’
1254 5884 1414 5941 Prov.
1455 5902 1545 5953 xx,
1602 5886 1685 5951 l3,
1724 5902 1826 5941 sec.
1863 5882 2027 5940 LXX.

2160 4690 2356 4762 ἡδονῆς
2395 4691 2514 4744 κατ’
2544 4689 2752 4743 ἐκείνου
2791 4685 2990 4756 λέγειν,
3029 4686 3130 4739 ούκ
3167 4684 3466 4756 ἀχθόμενος
3517 4685 3610 4736 ἐπὶ
3657 4682 3738 4753 τῷ

2158 4782 2383 4836 τοιαῦτα
2405 4784 2612 4837 ἐκεῖνον
2638 4779 3018 4851 πεποιηκέναι,
3043 4777 3179 4832 ἀλλά
3200 4778 3292 4830 καὶ
3321 4776 3546 4848 χαίρων.
3573 4775 3738 4845 Λέγει

2159 4872 2290 4941 γοῦν
2313 4872 2544 4936 ἐκείνοις
2563 4871 2634 4926 τὰ
2665 4870 2794 4942 περὶ
2823 4869 2987 4924 αὐτοῦ
3018 4873 3133 4934 τοῖς
3165 4867 3412 4940 μισοῦσιν
3434 4869 3616 4934 αὐτὸν,
3643 4868 3738 4924 καὶ

2161 4965 2471 5036 φανερῶσαι
2499 4965 2815 5031 δυναμένοις
2840 4963 2908 5018 δι’
2933 4961 3264 5031 ἐπαγγελίας
3299 4960 3504 5031 ἑτέροις
3528 4961 3734 5015 πλείοσι

2159 5058 2229 5112 τὰ
2269 5057 2399 5128 περὶ
2426 5057 2612 5112 αὐτοῦ.
2639 5057 2706 5110 Τί
2733 5057 2791 5111 δὲ
2824 5055 3069 5127 βούλεται
3103 5053 3492 5125 προσκείμενον
3520 5051 3604 5117 τὸ,
3630 5050 3735 5106 λά-

2159 5153 2289 5218 θρα,
2327 5148 2561 5224 φανεροῦ
2585 5149 2755 5214 ὄντος,
2785 5148 2866 5202 ὅτι
2889 5149 3038 5201 πᾶσα
3070 5145 3372 5217 κατηγορία
3391 5143 3566 5216 λάθρα
3593 5144 3737 5213 γίνε-

2157 5259 2276 5310 ται;
2313 5243 2382 5297 Ἢ
2417 5243 2548 5296 αὐτὸ
2573 5242 2719 5312 λέγει
2742 5242 2802 5295 τὸ
2825 5241 2903 5306 ὃν,
2933 5241 2966 5312 ἢ
2991 5237 3288 5309 διαιρετέον
3319 5235 3480 5302 οὕτω,
3515 5237 3596 5290 δτι
3623 5236 3738 5291 τῶν

2160 5340 2610 5413 κατηγορούντων
2642 5339 2813 5402 τινὰς,
2853 5339 2902 5390 οί
2947 5337 3043 5408 μὲν
3077 5333 3218 5387 κατά
3260 5332 3547 5404 πρόσωπον
3594 5349 3735 5403 παρ-

2159 5433 2317 5497 όντας
2363 5432 2754 5503 κακηγοροῦσι,
2798 5430 3027 5500 λοίδοροι
3067 5428 3124 5482 δέ
3165 5420 3309 5480 οὗτοι
3343 5424 3436 5477 καὶ
3485 5422 3736 5493 ὑϐρισταὶ

2165 5521 2407 5591 συνήθως
2448 5521 2769 5576 καλοῦνται·
2800 5522 2950 5591 ὅμως
2983 5515 3075 5572 οὖν
3117 5516 3194 5587 τῷ
3220 5516 3360 5568 κατά
3388 5531 3530 5577 τινος
3557 5513 3737 5581 λέγειν

2161 5613 2449 5669 κατάλαλοι
2489 5613 2555 5666 ἂν
2591 5609 2732 5666 εἷεν·
2766 5613 2814 5664 oi
2859 5611 2916 5664 δὲ
2964 5609 3139 5677 λάθρα
3186 5608 3279 5661 καὶ
3329 5607 3576 5660 ἀπόντων
3625 5603 3740 5660 τῶν

2161 5705 2652 5777 κατηγορουμένων
2700 5704 2918 5772 λέγουσι
2961 5701 3082 5756 κατ’
3129 5699 3326 5754 αὐτῶν.
3381 5698 3483 5752 Τὸν
3533 5695 3742 5769 ταύτην

2171 5886 2213 5917 ¹⁰
2250 5883 2364 5941 Jac.
2400 5901 2472 5952 ιν,
2515 5885 2595 5939 li.
2689 5921 2694 5924 -
