4102 6388
406 460 543 518 1215

1561 458 2069 518 COMMENTABIA
2103 459 2170 515 IN
2208 455 2544 517 PSALMOS.

3509 456 3648 515 1246

398 575 494 632 οὖν
523 579 712 649 ἔχοντα
734 579 832 651 τὴν
860 577 1013 645 τάξιν
1039 576 1320 632 ἐκδιώκειν
1349 581 1376 632 ὁ
1400 578 1553 646 ἀγιος
1576 579 1745 648 λέγει,
1771 580 1830 632 ού
1855 580 1980 642 τοὺς

2087 580 2309 644 dicitur,
2339 579 2737 650 obloquuntur.
2762 578 2920 661 .Eum
2943 594 3083 637 vero
3109 579 3205 652 qui
3234 576 3401 648 hujus
3420 575 3649 646 :ordinis

399 673 483 733 εἰς
510 670 800 740 πρόσωπον
844 669 1395 742 διαλοιδορουμένους.
1438 671 1676 734 Ἐκεῖνος
1704 669 1814 742 γὰρ
1854 670 1975 724 καθ’

400 755 463 814 οὗ
489 764 543 816 αί
569 761 905 832 βλασφημίαι
928 762 960 832 ἢ
987 761 1175 836 παρὼν
1198 763 1616 835 ἀπολογήσεται,
1641 765 1673 834 ἢ
1703 763 1978 832 ἐλεγχθεὶς

400 855 497 907 ἐπὶ
522 853 601 923 τῷ
626 853 864 917 τοιοῦτος
895 849 1055 916 εἶναι,
1091 854 1530 926 αἰσχυνθήσεται.
1572 854 1802 908 Δυνατὸν
1833 855 1980 908 ἀντι-

400 943 806 998 διαστέλλεσθαι
831 946 930 1015 τὴν
961 945 1134 1016 λάθρα
1167 947 1456 1016 γινομένην
1481 945 1811 1000 καταλαλιάν
1843 946 1976 1016 πρὸς

401 1035 500 1106 τὴν
535 1038 625 1089 ἐπὶ
655 1037 856 1109 κριτῶν
888 1037 1242 1109 κατηγορίαν.
1281 1039 1391 1092 Καὶ
1422 1038 1532 1111 γάρ
1565 1037 1702 1110 αὕτη
1727 1037 1805 1108 τῷ
1830 1038 1977 1106 γένει

401 1126 723 1209 ρωταλαλιά,
749 1128 862 1181 ἀλλ’
889 1130 950 1181 ού
980 1129 1158 1200 λάθρα
1188 1130 1473 1200 γινομένη.
1502 1129 1726 1202 Καρπός
1753 1130 1854 1201 μὲν
1883 1126 1976 1182 οὖν

403 1217 639 1281 διανοίας
687 1220 1053 1292 ἀγιοπρεποῦς
1100 1221 1162 1274 τὸ
1205 1221 1586 1292 παραιτεῖσθαι
1632 1222 1756 1285 τοὺς
1811 1238 1979 1292 πονη-

406 1309 560 1381 ρούς·
589 1312 825 1383 ἐσχάτης
860 1314 917 1367 δὲ
953 1315 1217 1386 πονηρίας
1251 1316 1524 1380 ἀπόδειξις
1552 1315 1612 1368 τὸ
1657 1314 1976 1370 καταλαλεῖν

404 1403 655 1473 ἀδελφοῦ,
686 1406 777 1458 καὶ
809 1405 984 1461 ταῦτα
1023 1408 1216 1480 λάθρα,
1247 1408 1384 1463 ἀλλά
1431 1409 1505 1480 μὴ
1539 1411 1618 1472 είς
1663 1408 1971 1479 πρόσωπον,

404 1496 491 1549 ῐνα
520 1498 595 1568 μὴ
625 1499 818 1570 παρὼν
841 1501 1247 1573 ἀπολογήσηται
1287 1505 1315 1557 ὁ
1363 1501 1866 1574 κατηγορούμενοςο
1897 1501 1974 1566 ὡς

403 1587 432 1641 ὃ
458 1605 521 1653 γε
569 1590 656 1658 ἐφ’
685 1590 840 1660 ἡμῶν
875 1593 1062 1665 ἐτέρου
1095 1593 1432 1657 καταλαλῶν,
1471 1586 1625 1656 οὗτος
1665 1591 1784 1645 οὐδὲ
1820 1591 1976 1662 ἡμῶν

404 1681 723 1734 καταλαλεῖν
747 1682 830 1751 ἐφ’
860 1684 1061 1754 ἐτέρων
1093 1684 1368 1754 ἀφέξεται.
1401 1684 1560 1740 Ὅθεν
1592 1683 1696 1755 χρὴ
1730 1683 1820 1736 τὸν
1861 1700 1975 1736 τοι-

402 1770 558 1826 οὗτον
585 1772 660 1836 ὡς
702 1775 880 1830 κοινὸν
915 1775 1106 1847 ἐχθρὸν
1147 1776 1370 1840 εἰκότως
1402 1775 1743 1838 ἐλαύνεσθαι,
1772 1774 1848 1836 ὡς
1885 1773 1975 1828 τὸν

403 1861 461 1914 ἐν
492 1863 801 1936 παραδείσῳ
838 1866 1174 1936 μιμούμενον
1196 1865 1483 1937 δράκοντα,
1508 1864 1566 1928 ὃς
1591 1863 1684 1918 τοῦ
1717 1864 1851 1917 Θεοῦ
1882 1879 1974 1916 κα-

403 1928 710 2028 ταλαλησας
745 1928 850 2030 την.
883 1928 1026 2013 litim;
1053 1928 1352 2030 ἠπάτησεν.
1394 1959 1583 2029 Ἡμεῖς
1609 1957 1666 2010 δὲ
1711 1958 1850 2028 μήτε
1887 1955 1977 2008 λέ·
2011 1928 2054 1982 Β

403 2049 817 2118 γωμενικακῶς,
851 2051 944 2103 καὶ
974 2054 1084 2114 τοῖς
1112 2051 1357 2119 λέγουσιν
1387 2049 1554 2120 ἀκοὴν
1587 2049 1662 2121 μὴ
1692 2047 1981 2120 παράσχω-

407 2157 526 2210 μεν.
564 2141 770 2209 Ἀκοὴν
799 2141 886 2205 δὲ,
920 2143 1072 2214 φησὶ,
1114 2143 1374 2212 ματαίαν
1399 2141 1484 2211 μὴ
1513 2140 1848 2210 παραδέξῃ·
1879 2140 1981 2192 οὐκ

403 2228 546 2298 εἶπε,
585 2234 658 2305 μὴ
689 2234 1010 2308 πιστεύσῃς,
1056 2235 1210 2297 ἀλλὰ,
1239 2235 1325 2305 μὴ
1351 2234 1680 2303 παραδέξῃ.
1713 2233 1803 2286 Διὸ
1832 2231 1926 2286 καὶ
1952 2231 1982 2284 ὁ

405 2325 720 2398 Προφήτης,
771 2327 1139 2392 Ἐξεδίωκον,
1170 2329 1328 2399 φησὶ,
1359 2327 1465 2382 τὸν
1488 2325 1980 2382 καταλανῑοῦνῑίι⁹

403 2418 503 2471 οὐκ
536 2415 706 2472 εἶπινο
737 2421 849 2474 Οὐκ
873 2422 1174 2485 ἐπίστευον,
1205 2421 1262 2493 ἢ,
1293 2423 1368 2476 Οὐ
1397 2419 1776 2493 παρεδεχόμην
1802 2419 1870 2472 τὰ
1899 2417 1986 2471 λε-

403 2510 644 2580 γόμεναθ
678 2510 815 2565 ἀλλά
847 2512 942 2566 καὶ
973 2512 1048 2576 ὡς
1086 2512 1277 2583 ἐχθρὸν
1313 2511 1645 2582 ἀπήλαυνον.
1677 2508 1809 2562 Εἰπὲ
1850 2507 1986 2578 πρὸς

402 2599 495 2654 τὸν
548 2601 972 2670 καταλαλοῦντα,
1024 2604 1206 2673 Ἔχεις
1252 2602 1537 2656 ἐπαινέσαι
1593 2600 1733 2664 τινὰ,
1784 2598 1986 2666 ἀνοίγω

402 2691 503 2754 τὰς
523 2692 711 2757 ἀκοὰς,
745 2693 832 2746 ἵνα
864 2695 1102 2765 δέξωμαι
1146 2694 1215 2747 τά
1250 2693 1432 2765 μύρα·
1475 2692 1662 2756 κακῶς
1694 2691 1868 2753 θέλεις
1911 2691 1988 2742 εί-

404 2785 544 2848 πεῖν,
577 2784 910 2856 ἀποφράττω
946 2786 1045 2856 τὴν
1079 2785 1281 2838 εἴσοδον
1323 2788 1436 2848 τοῖς
1481 2785 1718 2855 ῥήμασιν
1739 2798 1752 2813 ·
1789 2784 1850 2835 οὐ
1877 2781 1987 2852 γὰρ

403 2873 667 2945 ἀνέχομαι
697 2875 900 2948 κόπρον
933 2878 1025 2930 καὶ
1053 2876 1311 2948 βόρϐορον
1331 2876 1596 2947 δέχεσθαι.
1638 2874 1985 2946 Ἐπιστόμιζε

403 2964 495 3017 τὸν
524 2965 925 3021 καταλαλοῦντα
945 2970 1002 3021 ἐν
1028 2969 1218 3032 ἀκοαῖς
1241 2985 1355 3032 σου,
1386 2969 1470 3021 ἵνα
1495 2968 1570 3040 μὴ
1592 2967 1782 3038 διπλῆν
1810 2969 1989 3038 ἀμαρ-

406 3057 527 3110 τίαν
560 3058 657 3112 σὺν
687 3059 836 3130 αὐτῷ
879 3060 1221 3131 ἁμαρτάνῃς,
1269 3060 1362 3112 καὶ
1395 3059 1587 3112 σαυτὸν
1620 3056 1846 3128 ὀλεθρίῳ
1879 3055 1987 3108 πά-

393 3148 488 3202 Δθει
515 3146 732 3220 ἐθίζοιν,
761 3152 1012 3204 κάκεῖνον
1038 3150 1180 3203 κατὰ
1211 3149 1304 3204 τοῦ
1342 3150 1569 3221 πλησίον
1601 3149 1857 3218 φλυαρεῖν
1889 3146 1990 3200 ούκ

405 3240 747 3296 ἀνακόπτων.
781 3242 872 3310 Μὴ
898 3241 1042 3312 δῴης
1077 3241 1176 3312 τὴν
1205 3242 1376 3312 ἀκοήν
1405 3257 1497 3294 σου
1539 3244 1604 3312 τῇ
1638 3239 1858 3310 γλώσσῃ
1892 3236 1986 3291 τοῦ

406 3333 729 3398 καταλάλου,
767 3334 901 3406 μηδὲ
933 3335 1032 3405 τὴν
1059 3335 1308 3404 γλῶσσάν
1340 3352 1434 3388 σου
1461 3336 1526 3403 τῇ
1556 3335 1693 3404 ἀκοῇ
1715 3331 1811 3386 τοῦ
1840 3331 1989 3401 φιλο-

403 3426 596 3497 ψόγου,
635 3428 806 3499 ἡδέως
835 3427 1013 3482 λαλῶν
1047 3427 1079 3499 ἢ
1126 3429 1341 3483 ἀκούων
1373 3427 1516 3481 κατά
1546 3426 1640 3480 τοῦ
1680 3425 1868 3492 πέλας,
1904 3417 1991 3478 ἵνα

410 3521 486 3593 μὴ
513 3521 750 3592 ὲκπέσης
776 3519 878 3589 τῆς
917 3519 1158 3590 ἀγάπης,
1195 3520 1290 3573 καὶ
1317 3519 1595 3590 ἀλλότριος
1634 3517 1863 3589 εὑρεθῇς
1891 3519 1991 3588 τῆς

405 3614 623 3669 αἰωνίου
643 3613 805 3683 ζωῆς.
833 3611 1087 3684 Διαφέρει
1102 3613 1158 3665 δὲ
1181 3613 1242 3665 τὸ
1265 3619 1636 3680 κατακρῖναι,
1671 3612 1732 3664 τὸ
1751 3611 1992 3668 ἐξουδε-

406 3704 617 3768 νῶσαι,
648 3705 741 3758 καὶ
763 3703 823 3756 τὸ
843 3703 1284 3772 καταλαλῆσαι.
1303 3702 1738 3771 [fatalis/1170a:
1749 3703 1857 3773 γάρ
1875 3704 1990 3758 ἐστι

406 3796 467 3850 τὸ
513 3797 686 3848 εἰπεῖν
723 3794 862 3848 κατά
901 3811 1066 3858 τινος,
1109 3791 1241 3858 οἷον,
1287 3795 1370 3847 ὅτι
1414 3793 1711 3862 Ἑψεύσατο
1757 3795 1786 3845 ὁ
1819 3792 1987 3856 δεῖνα,

406 3889 463 3961 ἢ,
497 3886 831 3962 ὼργίσθη,ἦ
876 3886 1220 3957 ἐπόρνευσεν,
1262 3886 1296 3957 ἦ
1345 3903 1400 3939 τι
1451 3885 1716 3938 τοιοῦτον*
1762 3883 1991 3953 ἐλάλησε

406 3979 517 4052 γὰρ
532 3978 796 4050 ἐμπαθῶς
823 3978 882 4032 τὸ
911 3977 1212 4049 ἁμάρτημα
1234 3977 1329 4030 τοῦ
1355 3975 1608 4046 ἀδελφοῦ.
1628 3975 1994 4044 Κατακρῖναι

406 4073 463 4127 δέ
491 4075 606 4126 ἐστι
634 4071 696 4125 τὸ
721 4073 915 4136 εἰπεῖν,
950 4071 1032 4123 ὅτι
1077 4070 1133 4124 Ὀ
1159 4070 1308 4123 δεῖνα
1335 4068 1574 4140 ψεύστης
1603 4069 1738 4134 ἐστὶ,
1772 4069 1989 4140 πόρνος,

407 4165 622 4238 όργίλος
641 4182 654 4196 ·
687 4163 796 4218 ἰδοὺ
821 4162 929 4235 γὰρ
957 4163 1276 4234 κατέκρινεν
1302 4163 1476 4234 αὐτὴν
1505 4162 1604 4233 τὴν
1627 4162 1865 4218 διάθεσιν
1892 4164 1991 4233 τῆς

408 4258 588 4328 ψυχῆς
625 4255 814 4319 αὑτοῦ,
843 4255 938 4308 καὶ
966 4256 1282 4326 ἀπεφήνατο
1309 4254 1426 4307 καθ’
1458 4253 1580 4307 ὅλου
1611 4253 1705 4307 τοῦ
1738 4254 1850 4326 βίου
1890 4257 1988 4309 αύ-

408 4351 503 4406 τοῦ
541 4350 734 4418 λέγων,
779 4349 859 4402 ὅτι
889 4348 1095 4402 τοιόσδε
1135 4348 1316 4400 ἐστίν·
1352 4346 1479 4400 ἄλλο
1525 4347 1632 4418 γάρ
1660 4348 1776 4400 ἐστι
1817 4347 1878 4400 τὸ
1915 4349 1991 4400 εί-

413 4446 553 4507 πεῖν,
593 4440 986 4514 Ὠργίσθη,καὶ
1017 4439 1144 4494 ἀλλο
1177 4441 1258 4501 τὸ,
1302 4439 1546 4512 Ὀργίλος
1567 4439 1734 4495 ἐστίν.
1778 4439 1988 4504 Ἐἰ-,³ου-

411 4533 669 4589 δενῶσαι
685 4533 740 4586 δέ
756 4533 872 4585 ἐστι
910 4533 971 4585 τὸ
998 4533 1158 4586 οἱονεὶ
1199 4531 1578 4603 βδελύσσεσθαι
1619 4532 1708 4585 τὸν
1739 4531 1984 4604 πλησίον,

2080 674 2174 738 sit,
2207 689 2266 729 se
2282 673 2485 745 pellere
2517 680 2746 730 sanctus
2771 672 2863 726 ille
2890 672 2976 728 vir
3012 673 3166 738 dicit,
3203 687 3313 727 non
3341 678 3523 725 autem
3553 684 3651 725 eos

2077 767 2172 837 qui
2197 780 2383 842 coram
2412 765 2814 820 conviciantur.
2851 762 2901 819 Is
2927 765 3070 818 enim
3101 763 3157 817 in
3180 779 3341 834 quem
3364 760 3652 816 maledicta

2078 858 2473 929 conjiciuntur,
2503 858 2590 914 vel
2620 871 2862 928 praesens
2895 871 3018 912 sese
3049 856 3328 927 purgabit;
3359 856 3446 909 vel
3485 869 3546 910 se
3575 861 3652 906 ta-

2079 953 2182 1006 lem
2213 965 2340 1006 esse
2370 951 2676 1015 convictus,
2716 949 2923 1020 pudore
2975 946 3258 1003 allieietur.
3307 945 3492 1001 Potest
3523 945 3654 1000 item

2077 1040 2339 1112 distingui
2367 1039 2693 1095 obtrectatio
2721 1039 2863 1093 clam
2892 1037 3040 1094 edita
3075 1037 3145 1092 ab
3175 1037 3530 1091 accusatione
3564 1048 3656 1088 eo-

2077 1150 2192 1189 ram
2212 1133 2396 1203 judice
2415 1132 2579 1188 facta.
2604 1131 2817 1187 Etenim
2840 1133 2957 1201 ipsa
2979 1145 3198 1202 quoque
3217 1129 3276 1183 in
3296 1143 3493 1199 genere
3511 1127 3659 1182 oblo.

2077 1229 2226 1283 cutio
2268 1226 2378 1282 dici
2411 1233 2626 1296 potest;
2667 1225 2761 1280 sed
2794 1239 2919 1295 quae
2953 1223 3094 1278 clam
3138 1237 3250 1276 non
3282 1221 3392 1275 ﬁat.
3423 1218 3658 1274 Fructus

2077 1324 2261 1392 itaque
2282 1327 2486 1376 sanctae
2505 1320 2704 1374 mentis
2723 1318 2886 1373 fuerit
2904 1317 3170 1388 malignos
3189 1314 3428 1370 aversari
3447 1332 3460 1380 ;
3486 1320 3662 1368 extre-

2077 1429 2178 1468 mae
2211 1427 2340 1467 vero
2374 1408 2592 1465 malitiae
2619 1415 3000 1480 argumentum
3023 1414 3217 1463 contra
3254 1405 3478 1460 fratrem
3513 1403 3664 1458 oblo-

2075 1505 2167 1574 qui
2189 1522 2204 1571 ;
2222 1503 2386 1574 idque
2402 1503 2543 1557 clam
2559 1515 2737 1570 neque
2754 1500 2809 1552 in
2827 1506 3146 1569 conspectu,
3175 1511 3245 1551 ne
3257 1495 3354 1566 qui
3371 1499 3663 1550 accusatur

2077 1614 2198 1654 sese
2223 1611 2454 1667 purgare
2484 1594 2694 1661 valeat;
2747 1594 2821 1648 ita
2861 1599 2921 1645 ut
2970 1590 3066 1661 qui
3118 1605 3302 1646 coram
3355 1587 3515 1644 nobis
3565 1585 3658 1641 alii

2075 1687 2371 1751 maledicit,
2396 1702 2463 1742 ne
2484 1685 2706 1756 quidem
2730 1700 2760 1739 a
2783 1683 2949 1738 nobis
2972 1680 3296 1738 vellicaudis
3317 1693 3504 1734 coram
3535 1677 3662 1732 aliis

2077 1779 2368 1835 abstineat.
2436 1777 2799 1844 Quamobrem
2875 1771 3194 1844 hujusmodi
3269 1770 3544 1825 hominem
3599 1775 3663 1822 ut

2078 1885 2424 1926 communem
2453 1869 2665 1924 hostem
2695 1867 2962 1938 repellere
2993 1870 3422 1922 consentaneum
3459 1855 3659 1922 fuerit;

2079 1967 2269 2032 utpote
2301 1960 2396 2030 qui
2435 1960 2587 2013 illum
2617 1959 2746 2013 olim
2781 1959 2833 2012 in
2869 1956 3124 2028 paradiso
3153 1954 3445 2008 draconem
3480 1947 3662 2002 imite-

2081 2059 2190 2118 tur,
2223 2051 2316 2120 qui
2351 2057 2542 2104 contra
2595 2048 2763 2105 Deum
2815 2049 3151 2116 obloquens,
3209 2037 3384 2097 Evam‘
3420 2035 3661 2095 seduxit.

2080 2142 2193 2198 Nos
2239 2149 2422 2197 autem
2469 2155 2572 2196 nec
2601 2138 3019 2201 maledieamus,
3075 2149 3176 2190 nec
3210 2127 3665 2187 maledicentibus

2082 2250 2267 2290 aurem
2298 2233 2659 2303 praebeamus.
2689 2229 2980 2292 Auditum,
3018 2226 3214 2296 inquit,
3245 2239 3437 2278 vanum
3477 2236 3539 2275 ne
3565 2234 3664 2274 ea:-

2083 2325 2250 2395 cipias
2274 2339 2293 2376 :
2326 2338 2436 2377 non
2470 2322 2580 2386 ait,
2612 2336 2682 2375 ne
2710 2319 2942 2384 credas;
2993 2317 3111 2380 sed,
3138 2331 3201 2370 ne
3227 2312 3483 2382 excipias.
3540 2308 3666 2365 Ideo

2083 2416 2354 2487 Propheta
2375 2415 2528 2480 dicit,
2548 2412 2922 2468 Detrahentem
2950 2406 3328 2480 persequebar;
3354 2418 3530 2473 neque
3555 2401 3663 2456 ait:

2082 2507 2203 2563 Non
2233 2507 2518 2562 credebam
2538 2505 2610 2568 ei,
2638 2505 2724 2560 vel
2749 2522 2762 2558 :
2796 2501 2948 2556 Dicta
2979 2501 3100 2570 ejus
3133 2515 3243 2554 non
3269 2495 3622 2551 admittebam
3649 2508 3666 2559 ς

2085 2601 2180 2657 sed
2236 2607 2296 2655 ut
2352 2600 2634 2653 inimicum
2686 2595 2976 2667 pellebam.
3035 2591 3132 2646 Dic
3194 2587 3547 2645 detrahenti:
3607 2583 3667 2638 Si

2085 2693 2395 2764 quempiam
2419 2691 2646 2745 laudare
2676 2690 2782 2754 vis,
2816 2701 2980 2742 aures
3009 2684 3274 2755 aperiam,
3303 2686 3364 2734 ut
3390 2684 3668 2746 unguenta

2087 2785 2387 2856 excipiam;
2417 2784 2502 2839 sin
2532 2782 2862 2837 maledicere
2892 2780 3059 2846 velis,
3105 2774 3287 2831 verbis
3317 2773 3427 2826 tuis
3458 2768 3667 2825 aditum

2088 2875 2471 2938 intercludam,
2500 2889 2678 2944 neque
2701 2873 2848 2929 enim
2880 2871 3066 2926 [imum
3112 2877 3168 2922 et
3209 2867 3384 2921 lutum
3418 2861 3672 2930 excipere

2088 2970 2390 3026 sustinebo.
2423 2967 2497 3023 Os
2533 2966 2686 3022 frena
2717 2963 3026 3020 detrahenti
3090 2959 3157 3015 ad
3205 2971 3369 3014 aures
3419 2965 3564 3019 tuas,
3601 2965 3670 3006 ne

2087 3076 2214 3118 cum
2239 3062 2334 3118 illo
2365 3058 2603 3131 duplicis
2636 3059 2846 3129 peccati
2901 3070 3031 3110 reus
3069 3051 3270 3109 evadas
3293 3089 3309 3116 ,
3361 3061 3487 3103 cum
3521 3051 3577 3100 et
3608 3050 3669 3096 tu

2088 3155 2322 3212 exitioso
2346 3153 2485 3209 mori
2519 3164 2832 3214 assuescas,
2868 3156 2922 3204 et
2954 3147 3108 3202 illum
3141 3159 3170 3197 a
3203 3139 3448 3198 susurris
3477 3141 3672 3193 contra

2092 3246 2398 3318 proximum
2436 3258 2547 3298 non
2572 3244 2905 3298 absterreas.
2939 3236 3020 3293 Ne
3065 3251 3255 3292 aurem
3287 3242 3438 3287 tuam
3471 3230 3672 3300 lingua:

2092 3336 2430 3394 detrahentis
2459 3336 2724 3406 praebeas,
2764 3346 2941 3402 neque
2968 3329 3214 3399 linguam
3258 3333 3409 3379 tuam
3444 3319 3676 3374 auribus

2089 3429 2360 3500 vituperia
2419 3429 2700 3482 amantis:
2750 3425 2932 3480 dulcia
2980 3421 3207 3491 loquare
3256 3423 3311 3472 et
3369 3413 3560 3469 audias
3605 3411 3674 3467 de

2091 3525 2362 3595 proximo,
2404 3537 2470 3576 ne
2499 3536 2530 3575 a
2559 3519 2826 3575 charitate
2853 3513 3078 3569 excidas
3103 3553 3119 3577 ,
3147 3517 3198 3565 et
3254 3523 3284 3562 a
3317 3506 3426 3562 vita
3466 3510 3669 3560 acterna

2091 3619 2302 3672 alienus
2349 3613 2647 3669 inveniare.
2701 3608 2969 3663 Diﬂ‘erunt
3018 3610 3200 3658 autem
3255 3601 3399 3654 inter
3444 3612 3504 3653 se
3554 3612 3674 3650 con-

2090 3707 2361 3770 demnare,
2417 3703 2682 3774 despicere
2733 3707 2788 3755 et
2833 3695 3131 3751 detrahere.
3191 3689 3327 3750 Nam
3398 3687 3674 3744 detrahere

2089 3806 2175 3857 est
2203 3804 2396 3853 contra
2429 3795 2667 3866 aliquem
2701 3791 2863 3848 verba
2919 3787 3100 3843 facere
3124 3826 3140 3849 ,
3190 3784 3344 3841 verbi
3379 3784 3551 3854 gratia
3591 3780 3675 3835 di—

2091 3904 2252 3943 cere:
2278 3885 2371 3940 llle
2395 3886 2559 3940 homo
2589 3882 2852 3937 mentitus
2874 3887 2980 3941 est,
3002 3883 3119 3940 aut,
3146 3875 3203 3928 in
3233 3874 3372 3927 iram
3398 3868 3672 3941 prorupit,

2091 3990 2185 4035 aut
2213 3978 2522 4034 mcechatus
2550 3983 2668 4042 est,
2703 3982 2796 4028 aut
2825 3971 2958 4043 quid
2995 3968 3210 4034 simile;
3270 3966 3319 4020 is
3367 3963 3512 4018 enim
3544 3973 3674 4032 pec-

2089 4082 2271 4129 catum
2306 4069 2488 4125 fratris
2515 4068 2601 4124 sui
2630 4082 2698 4123 ex
2725 4062 2896 4118 animi
2929 4067 3080 4116 motu
3097 4056 3378 4114 revelavit.
3411 4051 3674 4108 Condemo

2091 4181 2240 4231 nare,
2274 4162 2326 4217 id
2353 4171 2440 4217 est
2471 4159 2655 4215 dicere
2687 4176 2701 4212 :
2739 4154 2888 4209 Talis
2918 4151 3084 4206 homo
3108 4145 3344 4203 mendax
3374 4151 3491 4210 est,
3532 4153 3674 4195 ma:-

2089 4259 2249 4321 ehus,
2285 4252 2625 4318 iracundus;
2652 4262 2802 4314 nam,
2829 4253 2891 4301 ut
2926 4241 3100 4307 vides,
3139 4239 3320 4310 ipsum
3355 4234 3524 4290 animi
3553 4232 3676 4302 ejus

2089 4351 2342 4407 affectum
2365 4353 2420 4402 et
2439 4359 2601 4399 usum
2633 4339 2934 4400 damnavit,
2977 4349 3040 4390 ac
3077 4340 3268 4386 contra
3301 4335 3472 4384 totam
3508 4325 3676 4379 vitam

2086 4445 2207 4515 ejus
2241 4438 2565 4498 sententiam
2585 4435 2728 4499 tulit,
2752 4431 2942 4488 dicens
2967 4443 3092 4485 eum
3112 4426 3206 4480 illo
3222 4421 3384 4478 modo
3407 4417 3660 4515 aifectum

2086 4506 2229 4594 esse.
2262 4531 2426 4588 Aliud
2451 4529 2652 4602 quippe
2697 4533 2782 4582 est
2829 4524 3052 4580 dicere:
3099 4516 3162 4574 ιιι
3208 4516 3345 4571 iram
3394 4506 3673 4582 prorupit;

415 4626 507 4681 καὶ
532 4623 900 4697 σικχαίνεσθαι
927 4623 1003 4687 ὡς
1029 4623 1166 4695 ἀηδῆ
1189 4639 1338 4676 τιναο
1371 4621 1400 4675 ὂ
1424 4623 1517 4676 καὶ
1544 4621 1636 4676 τοῦ
1665 4625 1987 4694 κατακρῖναι

2097 4624 2246 4680 aliud
2286 4637 2458 4680 vero:
2519 4615 2823 4674 iracundus
2883 4620 2990 4669 est.
3037 4607 3318 4678 Despicere
3365 4609 3558 4697 autern
3592 4603 3677 4654 est

413 4713 701 4787 ὀλεθριώτε
709 4731 821 4786 ρον.

493 4998 573 5051 Οὐ
626 4992 872 5060 κατῴκει
917 4994 987 5047 ἐν
1019 4991 1188 5063 μέσῳ
1243 4989 1350 5061 τῆς
1399 4994 1593 5060 οἰκίας
1641 5009 1760 5063 μου
1811 4989 1997 5046 ποιῶν

416 5088 850 5158 ὑπερηφανίαν.
905 5087 1052 5138 ΙἈνω
1107 5086 1204 5155 μὲν
1253 5084 1383 5155 περὶ
1436 5083 1591 5154 φίλου
1647 5084 1995 5156 ὑπερηφάνου

418 5181 602 5250 ἔλεγεν
623 5197 634 5210 ·
668 5176 902 5232 ἐνταῦθα
928 5176 985 5230 δὲ
1016 5176 1143 5249 περὶ
1171 5176 1442 5246 ὑπηρέτου
1471 5177 1656 5247 φησὶν,
1689 5178 1770 5231 ὅτι
1795 5175 1999 5232 Οὐδένα

420 5275 528 5328 τῶν
575 5271 845 5343 ὑπεροψία
896 5269 1194 5343 χρωμένων
1242 5268 1486 5322 σύνοικον
1536 5271 1680 5340 ἔχειν
1723 5269 1995 5342 ᾑρούμην,

420 5365 540 5419 οὐδὲ
571 5363 852 5436 πρωτείων
883 5363 974 5416 καὶ
1005 5362 1317 5434 παρρησίας
1350 5359 1566 5431 ἠξιοῦτο
1597 5363 1724 5433 παρ’
1755 5362 1898 5433 ἐμοὶ,
1923 5362 1997 5427 ὡς

419 5456 513 5511 τοῦ
555 5459 611 5509 ἐν
654 5455 804 5526 μέσῳ
840 5457 938 5525 τῆς
984 5454 1157 5518 οἰκίας
1199 5454 1510 5526 παρρησίαν
1556 5454 1650 5507 καὶ
1687 5453 1999 5526 ἐλευθερίαν

421 5548 633 5620 ἔχοντος
651 5564 662 5576 °
699 5548 753 5599 ἐν
779 5545 930 5616 ὄψεσι
961 5547 1069 5617 γὰρ
1099 5547 1359 5601 δεσπότου
1392 5549 1420 5600 ὁ
1446 5545 1702 5610 τοιοῦτος.
1734 5549 1914 5601 Ποιεῖν
1941 5547 1999 5602 δὲ

423 5639 801 5714 ὑπερηφανίαν
834 5641 950 5694 ἐστὶ
985 5641 1046 5693 τὸ
1082 5641 1218 5712 μετά
1251 5640 1567 5705 ἀλαζονείας
1600 5642 1860 5711 ἐνεργεῖν.
1907 5641 2000 5694 Δέ-

421 5747 510 5802 γοι
537 5733 581 5786 δ’
614 5732 700 5796 ἂν,
735 5732 826 5786 καὶ
852 5734 934 5786 ὅτι
959 5751 971 5764 ο
999 5733 1072 5787 Ού
1106 5733 1340 5804 κατῴκει
1368 5736 1424 5788 ἐν
1455 5735 1519 5804 τῇ
1549 5733 1744 5805 καρδίᾳ
1773 5750 1872 5805 μου
1913 5733 2001 5786 λο-

424 5824 619 5898 γισμὸς
658 5824 974 5879 ύποόάλλων
1017 5825 1410 5896 ὑπερηφανίαν.
1462 5824 1675 5880 Aa..ch
1717 5823 1896 5879 ἄδικα
1927 5827 1999 5880 οὐ

428 5916 790 5972 κατεύθυηο·
835 5917 1090 5971 ἐνώπια·
1134 5915 1249 5972 τῶν
1282 5915 1603 6018 ὼθακίαρφ·
1635 5933 1769 5974 μου.
1808 5917 2000 5973 Συντά-

2096 4715 2256 4789 quasi
2292 4712 2556 4771 detestari
2600 4708 2931 4782 proximum,
2965 4710 3021 4759 et
3052 4699 3211 4772 quasi
3239 4695 3490 4753 odiosum
3523 4690 3674 4789 illum

2096 4780 2373 4866 exsecrari
2401 4824 2415 4861 :
2446 4780 2618 4877 quod
2643 4800 2806 4857 etiam
2843 4798 2961 4868 ipsa
2989 4787 3442 4850 conclemnatione
3495 4780 3678 4855 perni-

2097 4901 2305 4958 ciosius
2334 4911 2438 4956 est.

2171 4991 2340 5049 Vens.
2381 4990 2432 5044 7.
2475 4987 2600 5043 Non
2631 4983 2904 5040 habitabat
2936 4982 2989 5037 in
3025 4978 3193 5035 medio
3219 4974 3406 5030 domus
3436 4983 3564 5058 mea
3587 4963 3680 5037 ali

2101 5086 2298 5156 faceret
2330 5081 2656 5154 superbiam.
2704 5076 2970 5149 Superius
2990 5072 3212 5144 quidem
3257 5068 3324 5124 de
3371 5061 3550 5156 amico
3577 5073 3676 5113 sue

2102 5154 2272 5250 perbo
2301 5177 2519 5230 loeutus
2553 5180 2673 5242 est;
2707 5171 2794 5226 hic
2817 5175 2998 5222 autem
3039 5165 3108 5220 de
3144 5160 3349 5218 famqu
3393 5154 3636 5226 loquitur
3660 5189 3674 5216 ,

2104 5246 2286 5342 aitque
2317 5289 2330 5324 :
2362 5267 2644 5324 Neminem
2679 5278 2867 5320 eorum
2897 5260 2992 5332 qui
3035 5255 3270 5328 superbe
3311 5258 3534 5322 agerent
3580 5246 3680 5299 do-

2103 5340 2392 5419 mesticum
2425 5359 2560 5414 mihi
2589 5356 2888 5428 deligebam
2916 5393 2931 5416 ,
2977 5364 3156 5421 neque
3205 5340 3567 5400 concedebant
3620 5343 3682 5428 ut

2104 5454 2248 5526 apud
2271 5469 2357 5508 me
2391 5453 2598 5523 primas
2628 5453 2877 5503 tenerent
2902 5453 2958 5501 et
2991 5443 3222 5498 ﬁdenter
3251 5445 3513 5508 agerent,
3549 5430 3680 5501 quia

2105 5525 2312 5603 scilicet
2343 5545 2388 5600 is
2417 5545 2511 5615 qui
2533 5544 2590 5598 in
2613 5541 2792 5596 medio
2815 5539 3012 5594 domus
3040 5542 3126 5591 est
3153 5531 3409 5588 fiduciam
3439 5535 3493 5583 et
3513 5525 3680 5580 liber-

2103 5647 2270 5695 tatem
2307 5637 2553 5693 obtinet:
2597 5649 2722 5689 nam
2761 5624 3074 5702 hujusmodi
3102 5628 3266 5682 homo
3291 5624 3348 5679 in
3380 5620 3556 5678 oculis
3584 5619 3684 5674 do-

2105 5733 2240 5789 mini
2270 5739 2539 5788 versatur.
2571 5729 3057 5800 SuperbianLvero
3093 5722 3294 5782 facere,
3327 5727 3411 5774 est
3437 5730 3562 5771 cum
3595 5728 3685 5766 ar-

2104 5825 2353 5899 rogantia
2384 5841 2444 5881 se
2469 5839 2674 5897 gerere.
2705 5821 2907 5878 Dixerit
2940 5821 3066 5876 item
3094 5837 3106 5872 :
3146 5814 3264 5870 Non
3296 5809 3578 5866 habitabat
3613 5805 3683 5899 in

2107 5897 2270 5977 corde
2301 5934 2422 5975 meo
2454 5916 2712 5977 coaitatio
2743 5913 3056 5974 superbiam
3090 5920 3406 5974 suggerens.
3448 5899 3554 5967 Qui
3602 5897 3683 5953 lo-
