4102 6404
429 439 568 493 1257

1138 438 1405 496 EUSEBH
1435 436 1910 498 CASSARIENSIS
1951 432 2103 492 OPP.
2143 433 2325 492 PARS
2362 433 2447 488 111.
2498 464 2559 475 -
2619 434 3030 494 EXEGETICA.

3531 441 3670 501 1258

425 561 682 632 quebatur
710 562 910 632 iniqua,
939 579 1039 617 non
1067 564 1325 635 dirigebat
1352 568 1405 619 in
1421 574 1697 635 conspectu
1728 565 1992 619 oculorum

2103 576 2219 630 μως
2249 561 2442 625 εἰπεῖν,
2481 559 2660 612 πᾶσαν
2699 558 2911 612 ἀδικίαν
2942 558 3385 630 ἀπεστρεφόμην,
3413 560 3532 615 οὐδὲ
3569 565 3670 635 τὴν

427 670 679 708 meorum.
714 652 1126 724 Utcompendio
1157 655 1335 711 dicam
1357 697 1373 722 ,
1418 673 1635 713 omnem
1675 656 1998 726 injustitiam

427 743 742 804 aversabar,
759 760 938 813 neque
955 746 1038 800 vel
1061 747 1349 802 verborum
1377 755 1538 802 tenus
1565 762 1682 802 eam
1716 747 1951 825 ferebam
1981 766 1995 802 :

427 849 552 888 nam
584 834 676 904 qui
703 835 1027 904 loquebatur
1055 835 1242 906 iniqua
1269 837 1402 891 nihil
1429 839 1800 907 promovebat,
1824 852 2000 906 neque

425 926 565 981 bene
591 942 702 982 rem
730 928 952 998 gerebat
978 928 1040 981 in
1073 937 1368 999 conspectu
1400 944 1542 992 meo,
1570 943 1672 984 nec
1702 945 1765 983 ea
1792 945 1914 999 qua:
1942 931 1998 984 in

424 1017 610 1071 animo
639 1017 865 1072 haberet
896 1019 1233 1088 perﬁciebat.

496 1104 661 1160 Vens.
697 1107 751 1161 8.
795 1105 860 1159 In
893 1107 1152 1161 matutino
1183 1105 1562 1174 interﬁciebam
1599 1122 1774 1160 omnes
1817 1122 2000 1174 pecca-

425 1205 562 1250 tores
595 1205 768 1260 terrae,
801 1208 855 1250 ut
885 1196 1238 1264 disperderem
1259 1202 1322 1251 de
1352 1197 1562 1250 civitate
1584 1195 1799 1250 Domini
1821 1213 1998 1251 omnes

424 1297 696 1354 operantes
723 1287 1074 1353 iniquitatem.
1106 1285 1206 1340 Hic
1238 1293 1505 1352 exactam,
1541 1287 1792 1342 stabilem
1820 1297 1874 1343 et
1908 1303 1999 1344 so-

423 1378 596 1432 briam
638 1377 864 1447 justitiae
899 1377 1166 1432 rationem
1199 1377 1498 1432 describit:
1530 1392 1654 1432 nam
1689 1378 1786 1442 ait,
1820 1393 2000 1449 neque

425 1471 506 1524 ira
532 1510 548 1536 ,
599 1486 776 1541 neque
805 1471 1042 1526 ebrietas
1083 1470 1285 1526 caedem
1319 1470 1451 1524 mihi
1497 1470 1864 1541 suggerebat:
1916 1472 1999 1526 ira

421 1563 619 1632 quippe
649 1563 863 1618 etiamsi
913 1563 1164 1618 hesterna
1206 1561 1296 1618 die
1344 1577 1431 1616 me
1477 1562 1892 1632 inflammabat;
1940 1571 1998 1619 at

422 1653 779 1708 diuturnitate
812 1655 992 1710 noctis
1049 1654 1296 1724 mitigata
1328 1653 1539 1722 fuerat;
1575 1656 1813 1712 ebrietas
1840 1671 1992 1722 vero,

424 1745 548 1800 ﬂeet
579 1745 762 1815 gravis
808 1745 1136 1815 vespertinis
1178 1746 1328 1800 horis
1375 1746 1663 1812 adfuisset,
1694 1762 1888 1803 somno
1919 1755 1996 1801 ta-

421 1849 544 1890 men
573 1835 823 1892 discussa
851 1835 1051 1891 fuerat.
1110 1836 1258 1891 Pura
1284 1837 1470 1908 itaque
1516 1852 1682 1892 manu
1716 1845 1786 1892 et
1812 1845 1993 1894 mente

419 1933 615 1981 contra
662 1941 758 1982 eos
783 1927 877 1997 qui
917 1926 972 1982 in
1003 1925 1172 1983 Deum
1204 1935 1564 1998 peccaverant
1612 1929 1910 1985 instructus
1938 1938 1992 1986 et

419 2028 662 2076 armatus
683 2035 854 2083 eram,
880 2035 1057 2093 neque
1083 2037 1147 2077 ex
1180 2022 1310 2076 vino
1333 2037 1509 2093 neque
1529 2039 1593 2079 ex
1619 2023 1698 2077 ira
1721 2025 1904 2079 animo
1929 2040 1994 2080 ac

419 2109 688 2164 sententia
715 2110 1048 2180 decipiebant.
1096 2109 1424 2167 Peccatores
1460 2121 1642 2168 autem
1676 2129 1786 2168 non
1815 2114 1990 2170 solum

421 2213 519 2268 per
549 2199 857 2254 universam
889 2207 1114 2263 terram,
1138 2200 1234 2256 sed
1262 2216 1358 2256 eos
1385 2202 1547 2256 etiam
1577 2203 1672 2272 qui
1708 2203 1763 2258 in
1788 2203 1994 2260 ditione

418 2304 549 2347 mea
570 2298 728 2346 erant
776 2292 1093 2346 oceidebam
1123 2310 1137 2348 :
1168 2308 1345 2363 neque
1395 2295 1557 2350 simul
1605 2311 1796 2354 omnes
1825 2337 1841 2363 ,
1890 2299 1993 2355 sed

420 2381 583 2436 modo
614 2382 783 2448 ii‘l'um,
818 2397 942 2438 mox
976 2382 1163 2441 alium.
1218 2383 1417 2440 Verum
1465 2387 1670 2442 nemini
1699 2396 1833 2460 puto
1881 2405 1992 2446 non

417 2473 764 2529 manifestum
795 2491 918 2532 esse
947 2476 1061 2532 haec
1087 2477 1427 2550 antigmatice
1456 2479 1602 2533 dicta
1635 2480 1842 2549 fuisse;
1890 2499 1987 2538 ne-

417 2581 525 2635 que
561 2567 704 2621 enim
737 2583 801 2623 ea
827 2576 912 2625 est
941 2569 1072 2626 dicti
1098 2573 1390 2638 sententia,
1421 2588 1505 2628 me
1534 2575 1850 2633 ineuntibus
1871 2577 1988 2632 sin-

417 2657 558 2727 gulis
618 2656 810 2712 diebus
868 2658 1107 2716 humano
1169 2663 1434 2732 sanguine
1486 2678 1684 2720 manus
1755 2665 1992 2722 foedasse

419 2760 568 2802 meas
598 2765 612 2802 :
644 2747 698 2802 id
736 2748 881 2802 enim
916 2759 1282 2822 praeterquam
1310 2752 1457 2824 quod
1493 2753 1872 2812 detestandum
1905 2773 1993 2813 es-

417 2849 520 2905 set,
548 2843 862 2899 nullatenus
896 2846 1157 2903 credibile
1201 2857 1306 2904 est.
1364 2849 1654 2916 Quomodo
1698 2856 1846 2908 enim
1875 2856 1992 2910 sin-

415 2936 556 3006 gulis
585 2938 872 2994 matutinis
901 2955 1092 3006 omnes
1121 2951 1437 3010 peccatores
1460 2951 1623 3001 terrae
1671 2960 1833 3002 manu
1862 2961 1991 3017 pro-

416 3025 534 3094 pria
570 3026 838 3083 conficere
872 3030 1180 3098 potuisset?
1213 3029 1398 3101 Neque
1423 3035 1569 3088 enim
1613 3039 1759 3091 unus
1798 3051 1992 3093 omnes

416 3131 674 3185 superare
699 3119 981 3184 valuisset,
1012 3135 1136 3174 cum
1157 3161 1174 3187 ,
1198 3129 1257 3176 ut
1297 3125 1590 3180 verisimile
1628 3136 1746 3194 est,
1793 3143 1988 3198 magna

414 3215 560 3263 esset
593 3217 939 3277 peccatorum
966 3211 1258 3266 multitudo
1284 3230 1298 3266 :
1330 3228 1394 3266 ac
1410 3215 1455 3269 si
1473 3229 1569 3270 eos
1585 3217 1640 3270 in
1661 3218 1800 3272 bello
1821 3219 1978 3274 vicis-

416 3309 633 3361 set,uno
652 3299 704 3352 in
722 3299 990 3353 matutino
1003 3314 1191 3356 omnes
1207 3301 1594 3372 interfecisset,
1611 3321 1787 3376 neque
1803 3309 1990 3380 singu-

417 3388 484 3445 lis
506 3390 792 3446 matutinis
811 3390 961 3460 ipsos
983 3391 1203 3462 propria
1231 3409 1395 3449 manu
1427 3397 1812 3454 interemisset.
1844 3400 1987 3466 Quid

417 3481 600 3552 itaque
628 3482 897 3553 significet
916 3484 1088 3540 illud?
1113 3484 1389 3543 Attentius
1412 3499 1466 3544 et
1493 3489 1820 3560 prudentius
1844 3492 1990 3548 dicta

417 3574 803 3645 intelligamus,
827 3591 897 3632 ne
925 3577 1246 3648 prophetica
1279 3581 1502 3634 oracula
1530 3565 1801 3638 mendacii
1832 3599 1992 3640 accu-

417 3682 628 3729 semus,
667 3666 812 3737 quod
863 3668 1017 3724 nefas
1053 3678 1219 3726 esset.
1259 3671 1464 3727 Civitas
1517 3672 1730 3728 Domini
1759 3684 1842 3730 est
1884 3677 1989 3731 hu-

418 3773 594 3812 mana:
618 3765 908 3813 structura:
937 3762 1291 3831 compositio;
1325 3772 1642 3833 peccatores
1665 3774 1848 3822 autem
1877 3774 1989 3822 ter-

419 3866 494 3906 rae
521 3850 556 3904 ii
588 3858 717 3905 sunt
751 3851 818 3905 de
840 3851 1058 3923 quibus
1073 3851 1448 3923 SalvatoLait,
1483 3857 1558 3909 Ab
1582 3858 1723 3912 intus
1751 3873 1817 3913 ea:
1835 3859 1991 3914 corde

418 3951 604 3994 exeunt
629 3939 976 4011 cogitationes
1009 3944 1186 4007 maliv,
1214 3943 1527 4011 homicidia,
1564 3947 1848 4014 adulteria,
1883 3948 1992 4018 for-

419 4031 737 4097 nicationes,
804 4032 982 4099 furta,
1039 4032 1184 4102 falsa
1239 4036 1574 4100 testimonia,
1631 4039 1987 4108 blasphemiw.

420 4120 551 4175 Ηιεο
579 4131 722 4186 sunt,
748 4139 866 4192 qua:
889 4125 1231 4197 coinquinant
1279 4126 1540 4182 hominem
1568 4130 1632 4185 “.
1667 4129 1778 4186 Hos
1808 4142 1992 4188 autem

420 4221 736 4281 peccatores
767 4229 834 4270 ex
862 4225 1006 4270 terra
1045 4224 1217 4294 ortos,
1251 4217 1307 4272 id
1337 4225 1443 4284 est,
1477 4234 1545 4275 ex
1584 4226 1800 4275 terrena
1827 4237 1994 4278 carne

421 4304 766 4373 prodeuntes,
798 4307 926 4362 dum
957 4308 1183 4379 singulae
1206 4309 1273 4365 de
1322 4307 1433 4365 Deo
1462 4312 1820 4382 cogitationes
1859 4328 1992 4366 exo-

421 4394 744 4464 riuntur,ex
769 4399 989 4468 propria
1016 4408 1296 4456 structura
1327 4403 1468 4456 tollit
1500 4403 1593 4473 qui
1625 4419 1747 4459 sese
1774 4413 1989 4475 purgat.

420 4487 746 4543 Matutinum
775 4496 956 4545 autem
1000 4500 1054 4546 et
1083 4492 1387 4550 diluculum
1419 4496 1472 4550 in
1510 4495 1692 4550 anima
1723 4505 1827 4564 est,
1853 4513 1991 4568 quo—

2103 650 2268 722 μέχρι
2307 650 2480 720 λόγων
2521 651 2839 721 ὑπομένων·
2871 651 2900 702 ὁ
2945 650 3053 722 γὰρ
3095 649 3272 705 λαλῶν
3316 652 3477 708 ἄδικα
3519 657 3670 711 οὐδὲν

2098 742 2279 812 ἤνυεν,
2327 741 2426 795 οὐκ
2467 740 2729 796 εὐο>δοῦτο
2772 741 3000 796 ἐνώπιόν
3048 757 3171 811 μου,
3205 743 3265 796 οὺ
3311 745 3593 818 κατώρθου
3631 748 3669 804 ὰ

2099 834 2449 898 ἐσπούδαζεν.
2907 839 2918 848 ”

2172 1102 2278 1166 Εἰς
2296 1100 2403 1167 τὰς
2420 1103 2640 1169 πρῶτος
2668 1102 3023 1158 ἀπέκτεινον
3053 1104 3282 1171 πάντας
3312 1106 3452 1172 τοὺς
3483 1105 3663 1176 ἀμαρ-

2097 1192 2327 1258 τωλοὺς
2372 1191 2483 1261 τῆς
2529 1193 2662 1263 γῆς,
2708 1195 2816 1249 τοῦ
2851 1195 3281 1264 ἐξολοθρεῦσαι
3330 1197 3397 1250 ἐκ
3440 1198 3663 1263 πόλεως

2097 1283 2316 1350 Κυρίου
2345 1281 2577 1350 πάντας
2617 1284 2757 1351 τοὺς
2793 1283 3218 1356 ἐργαζομένους
3259 1285 3373 1354 τὴν
3409 1286 3662 1342 ἀδικίαν.

2097 1376 2169 1428 Τὸ
2193 1376 2416 1447 ἀκριϐὲς
2436 1377 2528 1430 καὶ
2553 1377 2784 1440 ἀπλανὲς
2810 1379 2903 1433 καὶ
2932 1378 3190 1450 νηφάλιον
3215 1383 3314 1450 τῆς
3353 1380 3508 1451 δίκης
3535 1399 3670 1450 παρ-

2101 1466 2312 1534 ίστησιν
2348 1483 2362 1497 ο
2414 1466 2496 1520 ὅτι
2560 1465 2683 1520 οὗτε
2731 1467 2922 1539 θυμὸς,
2977 1470 3162 1542 φησὶν,
3209 1469 3333 1524 οὔτε
3380 1471 3518 1543 μέθη
3569 1472 3666 1544 τὴν

2097 1558 2375 1630 ἀναίρεσιν
2405 1559 2688 1614 ὑπετίθετο
2705 1578 2718 1592 ·
2752 1562 2782 1613 ὁ
2803 1561 2904 1632 μὲν
2928 1561 3036 1634 γὰρ
3063 1561 3230 1633 θυμὸς
3247 1565 3295 1616 εί
3325 1565 3420 1617 καὶ
3451 1567 3513 1636 τῇ
3539 1563 3667 1635 χθὲς

2096 1649 2280 1720 ἡμέρᾳ
2311 1648 2650 1721 παρώξυνεν,
2680 1651 2815 1706 ἀλλὰ
2852 1651 2940 1706 διὰ
2975 1653 3066 1706 τοῦ
3109 1654 3314 1724 μήκους
3344 1657 3440 1725 τῆς
3475 1654 3665 1718 νυκτὸς

2095 1740 2432 1810 ἐμαλάσσετο
2455 1759 2466 1771 ·
2515 1744 2548 1814 ὴ
2582 1743 2638 1796 δὲ
2668 1742 2827 1816 μέθη,
2863 1744 2966 1798 κᾶν
3001 1743 3156 1813 ὀψίας
3193 1743 3358 1816 πολλὴ
3399 1745 3658 1814 προσεγέ-

2096 1847 2236 1895 νετο,
2268 1830 2356 1884 διὰ
2383 1830 2477 1884 τοῦ
2513 1831 2678 1885 ὕπνου
2711 1834 2912 1897 ἱκανῶς
2945 1832 3281 1888 ὲλεπτύνετο.
3315 1834 3544 1906 Καθαρᾷ
3570 1833 3664 1889 οὖν

2025 1905 2066 1963 Β
2095 1924 2185 1976 καὶ
2212 1925 2355 1995 χειρὶ
2381 1925 2475 1977 καὶ
2506 1924 2700 1998 γνώμῃ
2729 1927 2872 1980 κατὰ
2905 1927 3014 1981 τῶν
3045 1928 3124 1990 είς
3166 1927 3297 1981 Θεὸν
3327 1905 3666 1998 ἁμαρτανόν-

2092 2032 2200 2068 των
2233 2015 2628 2088 ἐξωπλιζόμην,
2659 2019 2795 2089 μήτε
2829 2019 2929 2090 τῆς
2972 2018 3031 2083 ἐξ
3073 2019 3216 2073 οίνου
3248 2019 3491 2090 γνώμης,
3524 2020 3664 2090 μήτε

2091 2107 2191 2178 τῆς
2235 2109 2300 2161 ὲκ
2348 2107 2521 2179 θυμοῦ
2573 2109 2913 2182 σφαλλούσης
2968 2111 3060 2164 τὸν
3104 2110 3379 2181 λογισμόν.
3427 2112 3566 2173 Τοὺς
3603 2110 3662 2165 δὲ

2091 2198 2447 2269 ἁμαρτωλοὺς
2477 2199 2796 2256 ἀπέκτεινον
2825 2201 2923 2271 οὐχ
2952 2201 3137 2265 ἀτελῶς
3159 2201 3378 2273 ἀπάσης
3412 2201 3508 2271 τῆς
3534 2203 3661 2272 γῆς,

2090 2295 2226 2349 ἀλλὰ
2262 2296 2364 2366 τῆς
2394 2297 2484 2350 ὑπ’
2512 2297 2643 2368 ἐμέο
2669 2299 2764 2352 καὶ
2792 2298 2999 2362 πάντας
3023 2297 3080 2350 δὲ
3105 2298 3203 2368 οὐχ
3230 2297 3365 2369 ἅμα,
3396 2296 3532 2352 ἀλλὰ
3565 2297 3661 2351 νῦν

2095 2390 2193 2460 μὲν
2221 2388 2428 2454 τοῦτον,
2472 2390 2567 2444 νῦν
2599 2390 2656 2444 δὲ
2699 2392 2922 2445 ἐκεῖνον.
2963 2390 3178 2444 Μᾶλλον
3205 2391 3260 2445 δὲ
3299 2389 3458 2444 τοῦτο
3498 2391 3660 2443 παντί

2090 2497 2192 2533 που
2227 2480 2402 2550 δῆλον,
2431 2481 2512 2534 ὅτι
2543 2483 2600 2534 ὲν
2629 2481 2910 2551 αἰνίγματι
2950 2479 3375 2551 κεκαλυμμένως
3409 2483 3658 2551 εἴρηται·

2089 2573 2149 2626 οὐ
2178 2573 2286 2644 γὰρ
2317 2573 2399 2626 ὅτι
2437 2572 2558 2625 καθ’
2598 2573 2831 2644 ἑκάστην
2867 2573 3052 2645 ἀρχὴν
3071 2557 3435 2644 τῆς-’ἠμέρας
3466 2572 3658 2642 αἵματι

2089 2665 2390 2738 ἀνθρώπων
2418 2679 2516 2730 τας
2545 2670 2731 2738 χεῖρας
2763 2668 3124 2738 ὲμολυνομην,
3151 2666 3209 2719 οὐ
3249 2665 3406 2718 τοῦτό
3436 2681 3598 2737 φησιν
3628 2666 3659 2719 ὁ

2087 2757 2272 2825 λόγος·
2301 2755 2459 2810 τοῦτο
2490 2756 2597 2828 γὰρ
2629 2757 2765 2829 πρὸς
2793 2756 2870 2826 τῷ
2899 2755 3078 2824 ὲναγεῖ
3117 2754 3198 2807 ἔτι
3228 2752 3324 2807 καὶ
3369 2753 3426 2806 τὸ
3471 2750 3664 2806 ἀπίθα-

2088 2866 2176 2901 νον
2228 2849 2357 2919 ἔχει.
2411 2849 2530 2913 Πῶς
2573 2849 2682 2919 γὰρ
2728 2848 2945 2902 πάντων
2985 2846 3216 2917 ηδύνατο
3259 2845 3378 2899 καθ’
3426 2845 3664 2914 ἑκάστην

2090 2941 2302 3014 πρωϊαν
2333 2941 2584 3012 αὐτόχειρ
2610 2941 2852 3009 γίνεσθαι
2884 2939 2994 3004 τῶν
3030 2936 3366 3011 ἁμαρτωλῶν
3397 2935 3498 3005 τῆς
3523 2935 3660 3006 γῆς;

2088 3032 2162 3084 υύ
2195 3030 2302 3102 γὰρ
2350 3030 2724 3103 περιγίνεσθαι
2771 3031 2990 3084 πάντων
3030 3029 3253 3082 δυνατὸν
3296 3026 3413 3090 ἕνα,
3456 3024 3664 3079 πολλῶν

2087 3118 2194 3171 τῶν
2221 3118 2702 3190 ἐξαμαρτανόντων
2735 3122 2815 3182 είς
2841 3120 2901 3172 τὸ
2925 3119 3074 3181 εἰκὸς
3111 3117 3278 3170 ὄντων
3297 3135 3309 3147 ·
3342 3117 3436 3200 καὶ.
3474 3117 3522 3170 εί
3562 3133 3662 3169 πο-

2090 3208 2240 3278 λέμῳ
2290 3209 2469 3262 αὐτῶν
2516 3210 2941 3280 κατεκράιτησεν,
2991 3217 3050 3261 εν
3105 3211 3205 3279 μιᾷ
3263 3208 3329 3261 ἂν
3379 3208 3663 3264 ἀπέκτεινε

2094 3301 2270 3370 πρωῖᾳ
2324 3302 2449 3364 τοὺς
2511 3300 2848 3372 σύμπαντας,
2907 3300 3024 3353 ἀλλ’
3081 3300 3200 3368 οὐχὶ
3252 3299 3372 3353 καθ’
3426 3299 3663 3368 ἑκάστην

2091 3393 2303 3463 πρωῖαν
2341 3392 2594 3463 αὐτόχειρ
2621 3391 2800 3444 αὐτῶν
2839 3391 3068 3459 ἐγίνετο.
3105 3391 3169 3443 Τί
3200 3386 3292 3444 οὖν
3315 3390 3472 3444 τοῦτό
3513 3391 3660 3456 tm;

2090 3483 2457 3555 Συνετώτερον
2477 3485 2580 3539 τῶν
2611 3484 2915 3554 λεγομένων
2943 3483 3284 3554 ἀκούσωμεν,
3317 3485 3404 3537 ἴνα
3439 3483 3511 3555 μὴ
3532 3500 3663 3537 κατ-

2089 3576 2451 3646 ηγορήσωμεν
2509 3577 2604 3629 ἐπὶ
2636 3576 2818 3645 ψεύδει
2849 3575 2956 3629 τῶν
3000 3574 3349 3647 προφητικῶν
3382 3575 3596 3644 λογίων,
3633 3573 3665 3629 ὃ

2095 3667 2168 3736 μὴ
2195 3665 2371 3736 θέμις.
2412 3667 2572 3730 Πόλις
2593 3666 2686 3720 τοῦ
2712 3667 2918 3738 Κυρίου
2953 3669 2989 3737 ὴ
3024 3665 3281 3729 σύστασις
3311 3667 3427 3720 ὲστι
3447 3667 3544 3737 τῆς
3567 3665 3659 3719 ἀν-

2093 3755 2369 3828 θρωπίνης
2403 3759 2776 3828 κατασκευῆς·
2827 3759 3143 3829 ἁμαρτωλοὶ
3172 3757 3230 3810 δὲ
3259 3758 3380 3828 γῆς,
3423 3749 3664 3826 περὶ·ὧν

2092 3866 2254 3920 φησιν
2284 3851 2313 3902 ὁ
2341 3848 2552 3921 Σωτὴρ,
2585 3850 2666 3902 ὅτι
2690 3850 2949 3904 Ἐσωθεν
2981 3851 3050 3903 ἐκ
3079 3848 3189 3916 τῆς
3223 3848 3469 3916 καρδίας
3497 3845 3664 3915 ἐξέρ-

2095 3958 2298 4008 χονται
2346 3942 2625 4012 λογισμοὶ
2669 3941 2940 4009 πονηροὶ.
2972 3942 3166 4010 φόνοι,
3199 3939 3474 4010 μοιχεῖαι,
3517 3953 3666 4008 πορ-

2093 4037 2243 4092 νεῖαι
2269 4078 2284 4099 ,
2341 4034 2561 4090 κλοπαὶ
2588 4073 2602 4098 ,
2664 4033 3201 4102 ψευδομαρτυρίαι,
3257 4031 3661 4102 βλασφημίαι.

2096 4125 2287 4180 Ταῦτά
2306 4126 2438 4179 ἐστι
2477 4121 2552 4178 τὰ
2577 4122 2898 4178 κοινοῦντα
2933 4123 3040 4176 τὸν
3076 4122 3405 4188 ἄνθρωπον.
3433 4120 3666 4184 Τούτους

2090 4217 2154 4289 δὴ
2182 4219 2307 4280 τοὺς
2353 4219 2419 4272 ὲκ
2462 4219 2562 4288 τῆς
2607 4216 2712 4286 γῆς
2757 4215 3132 4286 ἁμαρτωλοὺς,
3169 4211 3413 4265 τουτέστι
3441 4212 3568 4276 τοὺς
3599 4213 3667 4266 ὲκ

2091 4311 2187 4380 τῆς
2215 4311 2408 4380 γηῒνης
2456 4309 2655 4380 σαρκὸς
2684 4307 2990 4379 προϊόντας,
3026 4305 3146 4359 καθ’
3186 4304 3420 4367 ἑκάστην
3458 4303 3665 4355 ἔννοιαν

2090 4400 2188 4471 τὴν
2226 4401 2356 4472 περὶ
2391 4399 2526 4453 Θεοῦ
2556 4399 2866 4466 ὲξαφανίζει
2908 4399 2970 4450 ὲκ
2997 4397 3096 4466 τῆς
3141 4396 3276 4458 ἰδίας
3302 4395 3610 4456 συστάσεως
3636 4395 3665 4447 ὁ

2093 4491 2298 4545 ἑαυτῶν
2331 4490 2696 4562 ἐκκαθαίρων.
2745 4490 2935 4560 Πρωῖα
2972 4483 3063 4540 οὖν
3100 4489 3190 4540 καὶ
3217 4485 3410 4558 ὄρθρος
3438 4484 3663 4553 ἐνψυχῇ

421 4580 524 4635 ties
547 4581 805 4636 salutaris
842 4583 1113 4654 dogmatis
1165 4596 1318 4641 ortus
1369 4588 1602 4654 accidit,
1649 4606 1759 4658 quo
1800 4605 1991 4646 omnes

2095 4582 2212 4635 καθ’
2241 4583 2475 4652 ἑκάστην
2514 4581 2775 4651 ἀνατολὴν
2811 4579 3077 4650 σωτηρίου
3121 4569 3388 4650 δόγματος
3433 4576 3662 4645 γίνεται,

420 4672 800 4740 cogitationes,
827 4690 946 4744 quae
983 4686 1280 4746 operantur
1310 4679 1673 4750 iniquitatem,
1708 4683 1775 4738 de
1815 4683 1992 4738 medio

421 4763 536 4816 tolli
565 4773 798 4834 oportet.
823 4764 938 4819 Nisi
968 4767 1113 4821 enim
1143 4769 1302 4838 primi
1331 4768 1527 4824 animae
1561 4779 1742 4827 motus
1773 4771 1840 4825 ad
1872 4786 1990 4827 ma-

420 4855 594 4909 litiam
634 4857 1045 4924 exscindantur,
1073 4862 1446 4917 necessarium
1487 4869 1573 4917 est
1610 4863 1894 4934 cupidines
1923 4864 1990 4919 ad

420 4959 560 5016 opus
585 4946 897 5015 procedere.
937 4946 1180 5022 Exempli
1209 4967 1394 5016 causa,
1426 4961 1684 5022 peccator
1717 4962 1876 5008 teme
1906 4962 1992 5009 est

422 5038 680 5106 cogit-alio
734 5038 1148 5097 fornicationem
1188 5059 1516 5114 suggerens,
1565 5061 1684 5116 qua:
1725 5045 1885 5102 cflicit
1934 5053 1994 5102 ut

422 5133 546 5200 quis
576 5131 859 5186 mulierem
902 5135 1158 5205 respiciat
1202 5135 1270 5189 ad
1305 5137 1801 5207 concupiscendum
1833 5154 1989 5195 eam:

423 5222 538 5276 haec
571 5237 734 5292 porro
767 5223 872 5278 nisi
904 5224 960 5278 in
985 5225 1166 5280 anima
1197 5226 1477 5282 occidatur
1501 5267 1517 5291 ,
1558 5242 1620 5282 ac
1653 5229 1867 5284 ratione
1891 5244 1991 5284 ceu

423 5314 601 5383 gladio
621 5316 901 5371 scindente
923 5327 978 5371 et
1005 5316 1232 5375 affectus
1261 5320 1483 5374 tollente
1516 5319 1754 5376 caedatur
1775 5360 1789 5385 ,
1830 5321 1994 5392 idque

431 5406 479 5458 in
517 5407 779 5462 matutino
801 5407 1085 5474 efficiatur,
1107 5411 1316 5466 scilicet
1349 5427 1474 5466 cum
1507 5413 1740 5482 primum
1775 5414 1866 5468 illa
1897 5428 1994 5484 pa-

432 5499 532 5553 lam
585 5500 1009 5568 deprehenditur
1055 5504 1202 5572 (nam
1253 5504 1471 5573 quidvis
1510 5506 1863 5576 conspicuum
1898 5507 1993 5562 lux

421 5594 554 5660 est),
588 5601 708 5661 post
741 5595 886 5647 illam
919 5594 973 5648 in
1007 5594 1173 5650 corde
1217 5595 1652 5666 fornicationem,
1679 5600 1745 5653 ad
1772 5601 1994 5670 gravius

433 5683 588 5737 etiam
622 5693 902 5752 peccatum
949 5687 1039 5740 illa
1084 5686 1359 5743 hominem
1402 5689 1662 5760 deducet;
1693 5690 1880 5760 idest,
1925 5691 2006 5750 ad.

508 5837 542 5862 “
591 5832 772 5886 Matth.
813 5851 893 5897 tv,
940 5837 1019 5899 19,
1050 5838 1138 5888 20.

2092 4675 2149 4726 ἐν
2266 4671 2684 4742 ὲξαφανίζεσθαι
2727 4672 2808 4724 δεῖ⁹
2851 4672 3057 4733 πάντας
3092 4672 3217 4732 τοὺς
3265 4668 3665 4740 ἐργαζομένους

2091 4765 2188 4835 τὴν
2221 4765 2450 4835 ἀνομίαν
2494 4763 2806 4832 λογισμούς.
2846 4765 2908 4816 Εἰ
2943 4768 3052 4831 γὰρ
3087 4771 3164 4832 μη
3193 4761 3262 4814 τὰ
3299 4760 3489 4832 πρῶτα
3525 4762 3668 4831 πρὸς,

2093 4857 2355 4928 πονηρίας
2378 4859 2652 4927 κινήματα
2677 4857 2775 4925 τῆς
2801 4855 2976 4926 ψυχῆς
3003 4853 3324 4924 ὲκτμηθείή,
3348 4853 3558 4923 ἀνάγκη
3585 4854 3666 4914 εἰς

2093 4949 2251 5020 ἔργον
2275 4950 2633 5020 προχωρῆσαι
2665 4947 2757 5011 τὰς
2777 4947 3098 5018 ἐνθυμήσεις
3115 4959 3127 4972 ’
3156 4940 3266 4998 οἷον
3294 4945 3393 5014 γῆς
3417 4945 3670 5014 ἀμαρτω-

2091 5042 2182 5105 λός
2215 5044 2360 5095 ἐστιν
2393 5044 2420 5092 ὁ
2451 5044 2550 5103 τὴν
2583 5039 2822 5113 μοιχείαν
2852 5039 3168 5093 ὑποϐάλλων
3196 5037 3452 5107 λογισμὸς
3472 5077 3486 5099 ,
3518 5037 3668 5099 ὅστις

2093 5135 2304 5204 ἐνεργεῖ
2329 5133 2390 5188 τὸ
2419 5133 2686 5203 ἐμϐλέψαι
2715 5132 2929 5201 γυναικὶ
2967 5131 3100 5203 πρὸς
3123 5131 3184 5182 τὸ
3209 5129 3544 5199 ἐπιθυμῆσαι
3569 5129 3668 5181 αύ-

2092 5229 2189 5300 τῆς
2207 5245 2221 5257 ⁸
2249 5220 2404 5291 οὗτος
2422 5231 2518 5280 ea»
2546 5228 2618 5298 μὴ
2646 5225 2956 5295 ἀποκτανθῇ
2985 5226 3049 5277 ὲκ
3074 5223 3171 5291 τῆς
3189 5223 3385 5293 ψυχῆς,
3407 5223 3567 5275 Οίονεῖὶ
3593 5222 3669 5286 ξί-

2094 5340 2182 5392 φει
2204 5322 2307 5373 τινὶ
2331 5320 2408 5391 τῷ
2428 5319 2677 5389 τμητικῴ
2697 5319 2839 5388 λόγῳ
2863 5320 2954 5370 καὶ
2973 5315 3311 5386 ἀφανιστικῷ
3325 5315 3433 5367 τῶν
3456 5314 3665 5378 παθῶν,

2094 5415 2187 5465 καὶ
2213 5411 2371 5464 τοῦτο
2400 5417 2623 5482 γενηται
2648 5412 2703 5462 ἐν
2727 5411 2928 5480 πρωῖα,
2957 5409 3199 5460 τουτέστι
3220 5406 3360 5460 κατὰ
3381 5405 3476 5476 τὴν
3502 5407 3578 5467 εἰς
3605 5403 3667 5455 τὸ

2095 5505 2323 5575 φανερὸν
2359 5503 2702 5572 ἀποκάλυψιν
2746 5504 2874 5570 (πᾶν
2902 5499 3010 5570 γὰρ
3041 5500 3099 5551 τὺ
3130 5496 3528 5568 φανερούμενον
3553 5493 3670 5564 φῶς

2094 5596 2254 5668 ἐστι),
2278 5597 2417 5668 μετά
2432 5595 2529 5664 τὴν
2547 5599 2602 5648 ἐν
2619 5593 2812 5664 καρδίᾳ
2835 5591 3097 5662 μοιχείαν,
3117 5591 3207 5642 καὶ
3225 5590 3316 5642 ἐπὶ
3331 5590 3427 5660 τὴν
3447 5587 3668 5658 μείζονα

2092 5687 2295 5758 ταύτης
2321 5686 2598 5758 ἁμαρτίαν
2621 5683 2844 5756 προάξει
2869 5685 2957 5736 τὸν
2983 5681 3285 5753 ἄνθρωπον,
3310 5679 3445 5751 πρὸς
3465 5679 3561 5750 τὴν
3580 5677 3674 5732 διὰ
