4102 6396
382 363 518 420 19.49

1499 364 1993 422 COMMENTARIA
2036 367 2101 422 IN
2139 368 2475 428 PSALMOS.

3488 377 3628 432 £92.70

378 481 473 536 τοῦ
504 480 749 553 σώματος
779 481 1052 552 ὲνέργειαν
1099 478 1261 533 αὑτὸν
1295 481 1710 552 ἐκκαλούμενος.
1775 482 1936 535 Τοῦτο

2045 497 2369 554 corporeum
2417 499 2557 554 opus
2595 485 2862 541 evocabit.
2892 482 2948 540 ld
3005 485 3193 556 itaque
3249 486 3384 542 dicit
3433 487 3623 555 David,

378 571 470 631 οὖν
493 573 638 641 λέγει
669 572 828 626 Δαυῒδ
860 573 968 637 ὅτι,
1001 572 1138 635 Τοὺς
1171 572 1522 643 ἁμαρτωλοὺς
1550 573 1644 626 καὶ
1676 574 1940 644 ἐμπαθεῖς

376 664 668 734 λογισμοὺς
705 664 830 727 τοὺς
873 665 936 717 ὲκ
966 663 1060 716 τοῦ
1098 663 1334 732 γεώδους
1370 662 1617 733 σώματος
1643 664 1943 733 φυομένους

375 758 497 819 ταῖς
538 755 784 818 ὲωθιναῖς
823 758 1148 825 προσευχαῖς
1187 755 1279 809 καὶ¹
1315 758 1382 827 τῇ
1437 755 1571 826 πρὸς
1608 756 1739 809 Θεὸν
1772 773 1940 827 προσ-

376 845 528 918 εδρίᾳ
554 845 808 910 ἐκόλαζον
826 863 838 877 ·
868 847 959 900 καὶ
990 847 1067 918 τῷ
1095 847 1232 916 φωτὶ
1262 847 1361 918 τῆς
1385 845 1636 916 γνώσεως
1666 848 1760 900 καὶ
1781 849 1846 918 τῇ
1873 848 1940 900 δι’

375 936 810 1008 ὲξομολογήσεως
839 939 1142 1009 φανερώσει
1167 938 1433 1010 διέκρινον
1459 940 1553 993 καὶ
1583 939 1942 1012 ὲξωλόθρευον

373 1028 444 1082 τὰ
460 1028 552 1084 τοῦ
575 1029 820 1100 σώματος
841 1029 1008 1101 πάθη,
1032 1031 1126 1083 καὶ
1148 1032 1273 1095 τοὺς
1291 1030 1627 1103 ἀνομοῦντας
1649 1031 1944 1103 λογισμοὺς

373 1122 439 1176 ὲκ
466 1123 564 1194 τῆς
610 1122 837 1193 καρδίας
877 1140 998 1193 μου.
1038 1122 1185 1195 Αὕτη
1214 1121 1323 1194 γάρ
1365 1125 1514 1177 ἐστιν
1556 1126 1590 1196 ὴ
1640 1123 1794 1188 πόλις
1845 1123 1940 1177 τοῦ

372 1213 579 1284 Κυρίου
597 1253 612 1276 ,
639 1213 714 1276 ὠς
739 1209 882 1278 οἶκος
901 1213 996 1268 τοῦ
1031 1215 1184 1283 ἁγίου
1211 1213 1527 1285 Πνεύματος
1544 1257 1559 1282 ,
1587 1213 1730 1269 κατά
1757 1214 1844 1267 τό·
1877 1217 1942 1268 Οἱ

372 1305 630 1373 θεμέλιοι
663 1303 849 1359 αὐτοῦ
877 1305 947 1360 ἐν
988 1305 1112 1373 τοῖς
1135 1307 1301 1375 ὄρεσι
1327 1306 1453 1373 τοῖς
1482 1307 1672 1376 ἁγίοις
1691 1323 1704 1336 ·
1744 1304 1943 1376 ἀγαπᾷ

372 1396 586 1463 Κύριος
608 1395 716 1462 τὰς
745 1398 942 1464 πύλας
961 1398 1114 1452 Σιὼν
1137 1397 1288 1468 ὑπὲρ
1315 1397 1512 1454 πάντα
1536 1399 1608 1453 τὰ
1633 1400 1942 1470 σκηνώμα-

370 1501 446 1538 τα
489 1484 712 1541 Ἰακώϐ.
778 1486 1194 1556 Δεδοξασμένα
1231 1487 1503 1557 ἐλαλήθη
1533 1490 1666 1558 περὶ
1706 1489 1852 1553 σοῦ,
1900 1490 1939 1556 ἡ

371 1578 547 1644 πόλις
563 1578 669 1632 τοῦ
691 1579 857 1634 Θεοῦ.
876 1580 1086 1635 Οὐκοῦν
1103 1581 1288 1652 ἐπειδὴ
1317 1581 1498 1653 πληγή
1524 1584 1686 1647 ἐστιν,
1711 1581 1787 1645 ὡς
1806 1582 1940 1653 ἀλη-

371 1666 481 1730 θῶς
498 1709 514 1734 ,
536 1668 676 1722 κατά
694 1667 803 1723 τῶν
835 1669 1042 1740 ἀρετῶν
1064 1671 1096 1740 ή
1117 1671 1212 1742 τῆς
1238 1670 1434 1734 κακίας
1454 1671 1740 1742 εὐημερία,
1765 1670 1943 1734 καλῶς

2043 570 2368 628 Peccatores
2402 573 2526 628 illos
2553 581 2607 627 et
2640 574 2999 644 cogitationes
3043 574 3381 646 aﬂectusque
3409 591 3474 631 ex
3515 586 3628 632 ter-

2043 678 2175 719 reno
2206 678 2435 733 corpore
2479 672 2654 729 ortos,
2688 665 2972 720 matutinis
3002 665 3365 730 orationibus,
3399 673 3455 722 et
3482 668 3626 723 assi-

2041 754 2166 810 duis
2194 754 2259 809 ad
2291 753 2460 810 Deum
2487 755 2708 812 emissis
2735 755 2990 825 precibus
3017 756 3370 825 castigabam,
3402 772 3468 811 ac
3501 758 3626 814 luce

2043 843 2390 914 cognitionis,
2415 843 2892 914 declarationeque
2914 858 3010 913 per
3033 844 3432 900 confessionem
3456 847 3621 916 edita,

2042 949 2338 1005 corporeos
2379 934 2608 990 affectus
2637 941 2691 990 et
2725 935 2923 1005 impias
2952 935 3310 1005 cogitationes
3341 935 3622 994 discerne-

2041 1024 2187 1089 bam,
2219 1042 2396 1097 exque
2427 1027 2592 1082 corde
2627 1043 2748 1083 meo
2778 1027 3230 1083 exterminabam.
3271 1026 3384 1083 lloc
3423 1030 3623 1101 quippe

2043 1122 2128 1170 est
2171 1117 2364 1171 civitas
2415 1116 2634 1172 Domini
2688 1126 2876 1188 utpote
2923 1119 3123 1174 domus
3156 1117 3396 1189 Spiritus
3421 1124 3620 1186 sancti,

2044 1207 2342 1261 seCundum
2411 1207 2544 1262 illud
2590 1227 2604 1264 :
2649 1207 3029 1264 Fundamenta
3076 1210 3194 1278 ejus
3246 1213 3301 1264 in
3355 1214 3622 1268 montibus

2042 1299 2277 1364 sanctis;
2309 1301 2490 1371 diligit
2533 1300 2788 1356 Dominus
2820 1309 3019 1370 'portas
3077 1300 3206 1356 Sion
3254 1318 3410 1371 super
3446 1307 3624 1360 omnia

2043 1390 2383 1447 tabernacula
2416 1392 2605 1448 Jacob.
2644 1392 2890 1448 Gloriosa
2913 1394 3056 1448 diota
3097 1405 3220 1449 sunt
3247 1395 3310 1450 de
3337 1405 3411 1462 te,
3440 1398 3622 1452 civitas

2040 1478 2138 1534 Dei
2157 1481 2219 1536 “.
2270 1481 2441 1551 igitur
2467 1483 2597 1553 quia
2642 1483 2860 1538 malitiae
2913 1485 3250 1554 prosperitas
3295 1500 3424 1540 vere
3459 1488 3616 1557 plaga

2043 1571 2301 1627 virtutum
2347 1581 2463 1640 est,
2511 1582 2936 1629 consentaneum
2985 1585 3089 1640 est,
3122 1581 3205 1639 ut,
3239 1577 3620 1646 propheticum

2041 1664 2359 1720 temulantes
2391 1665 2619 1730 dictum,
2657 1667 2982 1721 matutinum
3005 1667 3166 1721 nobis
3193 1668 3618 1732 constituamus,

371 1757 482 1828 ἔχει
519 1759 611 1813 τὸν
642 1760 977 1830 προφητικὸν
1006 1759 1354 1831 ζηλώσαντας
1380 1761 1534 1830 λόγον
1575 1763 1786 1834 πρωῖαν
1817 1763 1936 1816 ἑαυ-

2041 1765 2151 1821 quo
2186 1751 2578 1809 interﬁciamus
2621 1769 2810 1809 omnes
2857 1761 3171 1824 peccatores
3217 1763 3396 1821 terrae,
3426 1765 3480 1812 et
3507 1758 3622 1812 dis-

367 1854 482 1915 τοῖς
507 1853 708 1916 ποιεῖν,
737 1851 827 1906 διὰ
855 1854 917 1906 τὸ
946 1853 1259 1907 ἀποκτεῖναι
1290 1854 1494 1918 πάντας
1523 1856 1650 1918 τοὺς
1677 1855 1936 1926 ἀμαρτω-

2039 1835 2329 1912 perdamus
2357 1843 2424 1899 de
2450 1845 2668 1900 civitate
2691 1844 2926 1910 Domini,
2943 1862 3064 1916 quae
3082 1855 3166 1902 est
3201 1848 3407 1912 anima,
3425 1863 3620 1902 omnes

368 1941 493 2006 λοὺς
513 1943 618 2014 τῆς
647 1943 751 2014 γῆς
794 1942 890 1997 τοῦ
935 1943 1313 2015 ὲξολοθρεῦσαι
1366 1946 1430 2000 ὲκ
1471 1947 1679 2010 πόλεως
1710 1946 1936 2016 Κυρίου,

367 2034 512 2106 ψυχὴ
547 2035 604 2089 δὲ
640 2037 673 2107 ἡ
705 2035 860 2098 πόλις
875 2074 890 2098 ν
918 2036 1126 2100 πάντας
1150 2038 1276 2100 τοὺς
1304 2037 1594 2108 λογισμοὺς
1624 2039 1750 2102 τοὺς
1778 2039 1942 2109 ἐργα-

368 2125 628 2196 ζομένους
648 2126 748 2197 τὴν
774 2126 1023 2196 ἀνομίαν,
1042 2120 1117 2181 ὧν
1149 2130 1177 2182 ό
1208 2128 1427 2198 ὄλεθρος
1452 2127 1564 2198 ζωὴ
1598 2127 1806 2196 γίνεται
1832 2127 1940 2180 τῶν

365 2217 686 2290 ἀμεινόνων,
720 2219 859 2273 κατά
885 2219 968 2281 τὸ,
1011 2219 1152 2288 Ἐγὼ
1187 2218 1496 2274 ἀποκτενῶ
1519 2219 1615 2272 καὶ
1638 2216 1744 2288 ξῆν
1769 2221 1940 2289 ποιή-

364 2321 456 2362 σω
477 2325 492 2339 ·
520 2307 781 2376 πατάξω,
805 2308 965 2380 κάγὼ
991 2308 1256 2380 ἰάσομαι,
1281 2310 1379 2364 καὶ
1403 2312 1512 2365 οὐκ
1529 2309 1701 2364 ἐστιν
1739 2311 1808 2377 ὃς
1845 2311 1941 2376 ἐξ·

362 2399 582 2453 cassz
610 2400 679 2454 ἐκ
711 2399 828 2455 τῶν
856 2400 1067 2473 χειρῶν
1105 2419 1245 2471 μου.
1278 2403 1669 2474 Νεκρουμένων
1702 2404 1810 2474 γὰρ
1833 2403 1944 2457 τῶν

366 2489 544 2560 μελῶν
569 2492 676 2546 τῶν
695 2491 788 2546 ἐπὶ
811 2492 912 2564 τῆς
929 2492 1052 2564 γῆς,
1082 2493 1528 2564 ὑπωπιαζομένου
1558 2511 1617 2547 τε
1645 2495 1739 2549 καὶ
1758 2494 1944 2548 δουλα-

363 2597 546 2650 γωγου
553 2583 714 2654 μένου
738 2584 834 2637 τοῦ
860 2583 1130 2655 σώματος,
1149 2587 1206 2639 αἱ
1229 2587 1292 2638 ὲκ
1306 2585 1406 2656 τῆς
1425 2585 1624 2657 σαρκὸς
1639 2585 1748 2639 τῶν
1769 2586 1884 2656 ἅμα
1891 2603 1945 2657 ρ-

363 2672 623 2742 τημάτων
647 2675 895 2744 ἀφορμαὶ
917 2676 1015 2746 οὑχ
1042 2669 1152 2728 οἷαί
1177 2676 1236 2729 τέ
1261 2678 1396 2730 εἰσιν
1417 2679 1625 2747 ἐγεῖραι
1652 2677 1944 2748 λογισμοὺς

362 2763 430 2832 τῇ
473 2761 616 2834 ψυχῇ
657 2765 782 2828 τοὺς
813 2765 1142 2829 σπεύδοντας
1179 2767 1246 2819 δι’
1283 2767 1475 2838 ἡδονῆς
1517 2767 1813 2822 ἀπόλαυσιν
1842 2768 1942 2838 τὴν

363 2853 592 2923 ἀνομίαν
624 2857 824 2908 ποιεῖν·
873 2858 969 2912 καὶ
996 2857 1182 2911 λοιπὸν
1217 2856 1348 2922 ζῶσι
1393 2857 1460 2911 τὰ
1491 2858 1797 2930 κρείττονα.
1853 2861 1944 2910 Δεῖ

363 2943 538 2998 τοίνυν
561 2947 706 3016 ἡμᾶς
737 2946 811 3018 μὴ
835 2949 992 3018 μόνον
1020 2948 1208 3002 παθῶν
1239 2945 1374 3003 εἶναι
1401 2952 1726 3020 σωματικῶν
1751 2969 1942 3022 φονευ-

362 3035 494 3101 τὰς,
529 3037 664 3092 ἀλλά
700 3039 794 3091 καὶ⁹
830 3038 940 3092 τῶν
972 3039 1116 3094 κατά
1149 3039 1326 3111 ψυχὴν
1369 3041 1632 3111 ἐμπαθῶν
1661 3043 1940 3114 λογισμῶν

364 3125 654 3199 όλετῆρας.
724 3129 1062 3201 ’Δμαρτωλοὶ
1087 3130 1198 3202 γὰρ
1221 3131 1326 3201 γῆς
1348 3131 1415 3186 τὰ
1439 3133 1531 3185 τοῦ
1559 3132 1807 3204 σώματος
1827 3133 1906 3187 πά
1922 3164 1939 3176 ο

365 3215 457 3288 θη,
482 3218 844 3290 ἐργαζόμενοι
877 3221 933 3274 δὲ
955 3222 1184 3291 ἀνομίαν
1205 3223 1269 3276 ὲκ
1297 3223 1504 3288 πόλεως
1528 3226 1734 3297 Κυρίου
1762 3227 1940 3293 ἐξολο-

362 3305 700 3380 θρευόμενοι,
735 3311 833 3380 τῆς
863 3311 1038 3384 ψυχῆς
1056 3315 1106 3366 oi
1135 3314 1462 3384 ἀνομοῦντες
1481 3315 1750 3388 λογισμοί.
1783 3318 1942 3372 Κατά

362 3399 421 3452 δὲ
435 3400 496 3453 τὸ
513 3401 697 3473 ῥητὸν,
729 3403 1094 3469 ’Δπέκτεινον,
1117 3406 1270 3478 φησὶ,
1297 3407 1424 3470 τοὺς
1439 3407 1819 3480 ἁμαρτωλοὺς,
1842 3411 1941 3480 χά-

363 3503 451 3558 ριν
471 3488 566 3542 τοῦ
579 3489 953 3562 ὲξολοθρεῦσαι
971 3493 1096 3556 τοὺς
1113 3495 1580 3566 παρανομοῦντας,
1600 3498 1685 3552 ἵνα
1697 3499 1797 3570 τὴν
1813 3501 1941 3554 ἁπο-

359 3579 555 3649 τομίαν
583 3579 683 3650 τῆς
709 3581 981 3645 κολάσεως
1008 3585 1041 3653 ἡ
1074 3587 1389 3658 παρανομία
1435 3587 1707 3657 βλέπουσα
1746 3607 1940 3645 συστα-

360 3670 426 3742 λῇ
468 3671 562 3725 καὶ
604 3672 899 3744 ἀφανισθῇ.
970 3674 1034 3726 Ἡ
1075 3673 1134 3727 δὲ
1161 3679 1346 3748 πρωῖα
1375 3678 1436 3731 τὸ
1470 3680 1757 3735 σπουδαῖον
1787 3681 1940 3752 δηλοῖ

361 3760 502 3814 κατά
521 3761 582 3815 τὸ
607 3762 768 3834 τάχος
785 3780 799 3794 ο
828 3764 1056 3834 νόμιμος
1075 3764 1132 3817 δὲ
1163 3768 1196 3837 ἡ
1225 3768 1334 3823 τῶν
1358 3770 1609 3841 πονηρῶν
1631 3770 1902 3842 ἐξαίρεσις
1918 3789 1931 3802 ο

379 3852 696 3921 Ἒξαιρεῖτε
723 3854 830 3925 γὰρ
853 3895 867 3918 ,
895 3855 1056 3925 φησὶ,
1085 3857 1197 3912 τὸν
1217 3859 1577 3928 πονηρόν-ἐξ
1603 3861 1787 3930 ὑμῶν.

2039 1935 2398 2005 cogitationes
2428 1950 2715 2007 operantes
2742 1939 3120 2009 iniquitatem;
3143 1954 3374 2008 quarum
3389 1939 3618 1994 exilium

2039 2028 2326 2083 meliorum
2353 2029 2464 2083 vita
2484 2037 2588 2096 est,
2619 2032 2920 2086 secundum
2952 2030 3109 2097 illud,
3147 2030 3258 2102 Ego
3293 2029 3619 2092 occidam,et

2038 2117 2206 2172 uiuere
2240 2119 2470 2188 faciam;
2508 2120 2818 2189 percutiam,
2851 2128 2901 2174 et
2935 2136 3026 2190 ego
3057 2120 3281 2184 sonabo,
3307 2128 3354 2173 et
3395 2135 3500 2173 non
3539 2130 3619 2172 est

2039 2207 2130 2278 qui
2157 2207 2221 2263 de
2251 2209 2494 2264 manibus
2539 2210 2667 2265 meis
2697 2210 2864 2280 possit
2907 2226 3088 2264 eruere
3107 2209 3170 2265 ¹³.
3201 2208 3336 2264 Nam
3385 2207 3618 2263 mortiﬁ-

2041 2301 2184 2356 catis
2217 2302 2478 2357 membris
2505 2318 2626 2372 quae
2665 2309 2794 2356 sunt
2843 2317 3008 2371 super
3039 2309 3264 2365 terram,
3295 2309 3347 2355 et
3402 2301 3620 2354 sublato

2040 2391 2095 2446 in
2123 2395 2549 2465 servitutemque
2579 2393 2802 2448 redacto
2833 2408 3083 2463 corpore,
3103 2392 3352 2448 carnales
3383 2391 3448 2445 ad
3492 2406 3620 2461 pec-

2041 2493 2164 2538 cata
2209 2485 2442 2556 impetus
2479 2487 2832 2557 cogitationes
2863 2487 2916 2540 in
2939 2486 3119 2539 anima
3150 2484 3389 2539 excitare
3417 2497 3620 2552 neque-

2042 2583 2162 2639 unt,
2181 2590 2302 2644 quae
2318 2591 2416 2645 pro
2436 2576 2717 2646 voluptate
2748 2575 2980 2630 fruenda
3006 2574 3072 2628 ad
3101 2574 3439 2643 iniquitatem
3463 2587 3618 2628 exer-

2041 2668 2269 2727 cendam
2307 2667 2538 2724 incitent
2566 2687 2580 2723 :
2617 2684 2678 2724 ac
2711 2669 2758 2724 si
2791 2667 3009 2722 demum
3043 2681 3107 2720 ea
3135 2666 3326 2720 vivunt
3351 2657 3478 2736 quaé
3503 2680 3618 2718 me-

2040 2763 2177 2818 liora
2204 2769 2350 2817 sunt.
2374 2758 2524 2832 Opus
2556 2761 2738 2830 itaque
2763 2767 2848 2814 est
2874 2773 2976 2815 nos
2999 2773 3106 2812 non
3133 2757 3294 2812 modo
3325 2770 3620 2826 corporeo-

2041 2871 2161 2912 rum
2192 2854 2479 2910 aﬂectuum
2526 2852 2928 2916 interfectores,
2961 2851 3055 2908 sed
3093 2859 3148 2906 et
3170 2864 3461 2921 pravarum
3491 2848 3616 2902 ani-

2043 2942 2144 3003 mae
2176 2945 2567 3017 cogitationum
2593 2943 3048 2999 exterminatores
3073 2957 3213 2998 esse.
3251 2939 3386 2995 Nam
3427 2956 3618 3011 pecca-

2044 3048 2189 3094 tores
2217 3045 2376 3092 terrte
2425 3046 2554 3092 sunt
2583 3036 2832 3106 corporis
2878 3034 3138 3101 allectus;
3172 3043 3461 3105 Operantes
3487 3053 3617 3091 vero

2043 3129 2406 3200 iniquitatem,
2441 3128 2538 3198 qui
2570 3126 2637 3183 de
2689 3127 2907 3181 civitate
2938 3125 3150 3181 Domini
3203 3126 3613 3197 disperduntnr,

2043 3222 2240 3292 iniquae
2269 3219 2433 3275 animi
2458 3218 2834 3289 cogitationes.
2862 3217 3173 3273 Secundum
3203 3228 3380 3274 autem
3413 3219 3614 3274 dictum

2042 3313 2196 3377 illud,
2251 3311 2671 3376 lnterﬁciebam,
2733 3313 2829 3369 ait.
2889 3319 3238 3380 peccatores,
3287 3319 3348 3366 ut
3399 3311 3616 3380 iniquos

2039 3404 2498 3469 exterminarem;
2532 3416 2642 3473 quo
2684 3400 2944 3470 iniquitas
2979 3400 3370 3456 immanitatem
3408 3403 3616 3472 suppli-

2039 3495 2111 3550 cii
2154 3495 2478 3565 conspicata
2530 3493 2880 3549 coliiberetur
2914 3499 2970 3547 et
3002 3492 3069 3547 de
3099 3491 3277 3546 medie
3305 3492 3610 3548 tolleretur.

2038 3585 2362 3642 Matutinum
2399 3601 2565 3656 porro
2613 3584 2948 3655 diligentiam
3007 3583 3250 3637 denotat.
3315 3581 3611 3640 Pravorum

2036 3689 2218 3735 autem
2249 3677 2629 3734 exterminium
2689 3675 2988 3745 legitimum
3029 3681 3115 3732 est
3147 3692 3161 3730 :
3196 3691 3346 3744 nam,
3370 3675 3607 3747 Auferte,

2029 3768 2230 3840 inquit,
2255 3766 2456 3822 malum
2486 3781 2553 3821 ea:
2584 3764 2806 3820 vobis“.

369 3965 735 4041 ΠΡρΣΕΥΧΗ
777 3970 864 4041 τι)
900 3970 1150 4041 ΠΤΩΧῼ,
1193 3972 1375 4025 OTAN
1413 3973 1782 4041 ΑΚΗΔΙΑΣῌ,
1811 3976 1931 4028 κΑι

2037 3966 2299 4041 01ὶρτὶίέ
2315 3964 2652 4041 ,ἓᾏ-υ-Ρὲἐέξν
2677 3961 3166 4041 ΡΗέιὲ-.ᾼΝὲΨηξ.
3179 3962 3480 4041 Γὲἓέιτι
3491 3965 3607 4041 ,ΕΤ

437 4037 791 4091 ENANTION
837 4032 1131 4094 ’ΚΥΡΙοῨ
1188 4042 1428 4098 ΕΚΧΕΗ
1487 4045 1630 4098 THN
1677 4032 1929 4098 ΔΕΗΣΙΝ

2104 4039 2166 4092 ΙΝ
2221 4035 2624 4094 CONSPECTU
2677 4032 2916 4089 DOMINI
2992 4032 3382 4088 EFFUDERIT
3447 4034 3606 4089 PRE-

438 4109 693 4162 ΑΥΤΟΥ.
720 4110 845 4164 ΡΑ’.
1396 4097 1409 4115 ⁸
1622 4097 1625 4098 ν
1729 4097 1826 4098 im

2100 4107 2238 4165 CEM
2281 4105 2490 4163 SUAM.
2535 4105 2619 4160 Cl.

430 4221 607 4289 Κύριε
629 4259 644 4281 .
678 4221 1043 4282 εἰσάκουσον
1068 4223 1178 4294 τῆς
1205 4223 1548 4294 προσευχῆς
1575 4242 1725 4295 μου,
1760 4227 1859 4280 καὶ
1888 4227 1927 4296 ἡ

2099 4221 2266 4278 Vens.
2303 4219 2428 4276 2-6.
2460 4218 2704 4280 Domine.
2730 4215 2929 4272 exaudi
2983 4216 3273 4270 orationem
3317 4232 3506 4282 meam,
3554 4227 3604 4273 et

359 4311 589 4382 murti
613 4330 736 4381 μου
766 4313 916 4384 πρὸς
945 4315 1020 4370 σὲ
1041 4316 1279 4372 ἐλθέτω.
1307 4316 1408 4384 Μὴ
1434 4317 1828 4386 ἀποστρέψης
1857 4319 1927 4374 τὸ

2037 4315 2229 4371 clamor
2260 4329 2404 4369 meus
2429 4312 2500 4367 ad
2530 4320 2578 4365 te
2612 4310 2803 4364 veniat.
2838 4307 2963 4363 Non
2987 4319 3192 4362 avertas
3223 4308 3414 4377 [aciem
3455 4319 3604 4364 tuam

358 4400 681 4469 πρόσωπόν
703 4417 823 4458 σου
847 4404 954 4460 ,ἀπ’
978 4405 1124 4475 ἐμοῦ
1145 4446 1161 4472 ,
1209 4406 1303 4461 καὶ
1338 4406 1407 4460 τὰ
1458 4406 1602 4476 ἑξῆς.
1647 4408 1860 4480 Ἐπειδὴ
1891 4409 1924 4480 ἡ

2037 4423 2060 4460 ιι
2082 4423 2184 4471 me,
2209 4415 2315 4461 etc.
2371 4403 2636 4470 Quoniam
2685 4400 2880 4456 titulus
2913 4401 2995 4456 sic
3025 4400 3213 4463 habet,
3256 4399 3442 4454 Oratio
3470 4415 3604 4469 pau-

358 4493 636 4565 ἐπιγραφὴ
669 4493 814 4564 ἔχει,
849 4497 1167 4567 Προσευχὴ
1207 4497 1288 4563 τῷ
1315 4497 1524 4568 πτωχῷ
1548 4539 1564 4566 ,
1594 4497 1741 4552 ὅταν
1778 4499 1926 4566 ἀκη-

2037 4498 2161 4566 peri,
2185 4511 2303 4550 cum
2319 4494 2508 4548 anxius
2542 4493 2724 4562 fuerit,
2757 4500 2807 4545 et
2836 4490 2890 4545 in
2928 4504 3203 4561 conspectu
3230 4488 3443 4544 Domini
3463 4490 3601 4560 e/fu-

357 4582 537 4653 ὄιὰσῃ
551 4622 568 4648 ,
593 4584 690 4639 καὶ
715 4585 992 4640 ἐναντίον
1007 4589 1228 4656 Κυρίου
1250 4588 1427 4660 ἐκχέῃ
1453 4589 1568 4657 τὴν
1588 4588 1800 4658 δέησιν
1819 4591 1923 4646 αὺ-

2037 4587 2162 4642 derit
2205 4600 2410 4656 precem
2457 4599 2647 4646 suam,
2714 4582 2803 4637 hic
2860 4595 3151 4652 pauperem
3200 4581 3494 4652 intelligas,
3552 4583 3600 4638 si

359 4672 465 4726 τοῦ
484 4714 500 4741 ,
531 4675 741 4745 νοήσεις
780 4675 871 4728 τὸν
902 4677 1136 4731 ἐνταῦθα.
1167 4677 1457 4750 λεγόμενον
1490 4680 1703 4751 πτωχὸν
1727 4717 1744 4743 ,
1781 4697 1920 4750 συμ-

2037 4678 2207 4749 ipsum
2236 4675 2495 4743 cum,illo
2543 4673 2637 4745 qui
2679 4673 2872 4728 beatus
2912 4672 3258 4742 praedicatur,
3292 4687 3596 4743 compares,

359 4767 567 4822 σάλλων
598 4767 760 4821 αὐτὸν
781 4766 858 4839 τῷ
889 4770 1327 4842 μακαριζομένῳ,
1356 4771 1496 4827 κατά
1519 4771 1605 4825 τό·
1633 4770 1922 4840 Μακάριοι

2037 4771 2328 4827 secundum
2384 4768 2549 4833 illud,
2598 4766 2754 4821 Beati
2795 4782 3050 4837 pauperes
3096 4767 3307 4833 spiritu,
3348 4768 3597 4836 quoniam

357 4861 413 4913 oi
440 4858 659 4927 πτωχοὶ
690 4857 768 4924 τῷ
803 4861 1110 4930 πνεύματι,
1144 4860 1234 4916 ὅτι
1269 4864 1468 4918 αὐτῶν
1491 4863 1661 4916 ἐστιν
1679 4864 1716 4932 ή
1739 4863 1920 4927 ,βασι-

355 4951 493 5005 λεία
523 4949 642 5005 τῶν
673 4951 962 5018 οὐρανῶν.
1035 4953 1317 5024 Ἀρμόσειε
1349 4954 1393 5006 δ’
1425 4955 1491 5008 ἂν
1519 4954 1596 5024 ’τῷ
1627 4953 1920 5025 ἀκηδιῶντι

357 5042 555 5114 πτωχῷ
581 5044 674 5098 καὶ
691 5045 752 5099 τό
767 5060 780 5074 ·
807 5043 1092 5112 Μακάριοι
1113 5046 1167 5098 οἱ
1185 5045 1498 5111 κλαίοντες
1515 5047 1612 5100 καὶ
1635 5045 1924 5102 πενθοῦν-

355 5149 474 5200 τες,
491 5135 763 5190 ὅτιάὺτοὶ
791 5133 1374 5203 παρακληθήσονται.
1403 5135 1517 5197 Πᾶς
1535 5133 1823 5206 τοιγαροῦν
1843 5133 1920 5204 τῷ

355 5223 475 5296 Θεῷ
493 5225 883 5297 ἀνακείμενος,
913 5223 1208 5293 πτωχεύων
1234 5224 1291 5275 ὲν
1316 5224 1429 5286 τοῖς
1474 5221 1567 5275 τοῦ
1611 5222 1728 5292 βίου
1773 5222 1915 5293 πρά-

352 5332 548 5388 γμασι·
578 5317 734 5386 παρά
759 5317 816 5369 δὲ
843 5314 962 5387 Θεῷ
983 5314 1245 5378 πλουτῶν,
1265 5315 1465 5386 ἀκηδιᾷ
1483 5313 1834 5386 λυπούμενος,
1861 5317 1917 5386 ἢ,

351 5407 570 5474 ἀθυμίᾳ
593 5448 608 5471 ,
639 5405 779 5459 κατά
805 5406 902 5477 τὴν
929 5405 1022 5458 τοῦ
1054 5405 1349 5476 Συμμάχου
1391 5403 1715 5476 ἑρμηνείαν,
1777 5419 1916 5458 κατι

350 5498 576 5568 ἐχεται,
611 5498 706 5550 ἐπὶ
723 5500 794 5568 τῇ
825 5496 934 5550 τῶν
957 5496 1164 5550 πολλῶν
1193 5496 1361 5568 κακίᾳ
1391 5497 1482 5550 καὶ
1509 5496 1778 5566 ἀπωλείᾳ·
1806 5491 1916 5561 οἷος

351 5585 418 5661 ἦν
440 5589 650 5661 όλὲγων
669 5603 682 5616 ’
709 5589 893 5662 οἴμοι,
918 5587 1005 5642 ὅτι
1028 5588 1343 5643 ἀπόλωλεν
1361 5585 1623 5656 εὐλαϐὴς
1645 5587 1760 5642 ἀπὸ
1779 5587 1912 5657 γῆς,

430 5771 472 5800 ⁸⁸
516 5768 656 5824 Psal.
694 5783 924 5834 Lxxxvt,
959 5767 1022 5834 2,
1060 5767 1112 5823 5.

2027 4863 2261 4931 ipsorum
2293 4869 2370 4916 est
2394 4875 2616 4931 regnum
2641 4857 2891 4912 caelorum
2916 4856 2979 4910 ¹⁸.
3022 4856 3233 4912 Amicto
3281 4859 3406 4912 item
3464 4874 3596 4929 pau—

2023 4951 2138 5023 peri
2183 4951 2320 5006 iilud
2350 4950 2641 5022 aptaveris,
2676 4948 2828 5003 Beati
2876 4947 3058 5016 ﬂentes
3101 4956 3150 5000 et
3182 4947 3432 5016 lugentes,
3464 4964 3596 5016 quo-

2019 5041 2165 5094 niam
2212 5036 2312 5109 ipsi
2352 5036 2842 5093 consolabuntur“.
2867 5035 3130 5106 Quisquis
3165 5037 3311 5091 enim
3343 5033 3452 5091 Deo
3498 5037 3595 5090 ad-

2022 5130 2202 5187 dictus
2231 5138 2339 5195 est,
2371 5138 2425 5184 et
2451 5129 2544 5200 qui
2573 5129 2630 5184 in
2659 5128 2781 5182 vita:
2802 5127 2965 5183 rebus
3000 5142 3224 5198 pauper,
3251 5127 3393 5198 apud
3422 5127 3590 5182 Deum

2021 5231 2202 5276 autem
2233 5221 2385 5278 dives
2409 5230 2513 5285 est,
2544 5219 2734 5276 dolens
2771 5220 3146 5285 contristatur,
3168 5228 3262 5273 aut
3287 5218 3588 5274 secundum

2028 5312 2341 5385 Symmachi
2393 5311 2910 5382 interpretationem,
2941 5311 3164 5364 tristitia
3187 5309 3469 5374 detinetur,
3521 5309 3588 5365 de

2022 5403 2227 5458 malitia
2254 5411 2308 5458 et
2339 5402 2558 5456 interitu
2585 5401 2944 5471 plurimorum
2983 5419 2996 5455 :
3031 5400 3339 5470 cujusmodi
3376 5409 3494 5456 erat
3538 5404 3586 5457 is

2019 5495 2112 5566 qui
2136 5493 2372 5558 dicebat,
2405 5491 2506 5546 Hei
2540 5490 2687 5556 mihi,
2724 5491 2848 5561 quia
2883 5491 3039 5560 periit
3080 5491 3199 5560 pius
3240 5489 3302 5544 de
3344 5489 3504 5556 terra,
3535 5501 3584 5545 et

2021 5590 2074 5642 in
2106 5584 2400 5642 hominibus
2427 5601 2528 5639 non
2560 5591 2636 5637 est
2667 5585 2756 5653 qui
2790 5593 2925 5639 recte
2959 5592 3126 5655 agat:
3153 5599 3326 5638 omnes
3357 5582 3424 5636 ad
3454 5599 3579 5638 san-

1191 5767 1234 5800 ³³
1270 5765 1425 5824 Deut.
1461 5783 1642 5835 usu,
1672 5769 1759 5824 59.
1841 5769 1884 5800 “
1921 5769 1936 5824 l

2037 5783 2098 5822 lt‘.
2139 5768 2207 5834 5,
2245 5767 2331 5824 13.
2413 5767 2456 5799 ⁸⁸
2498 5764 2684 5820 Matth.
2724 5780 2777 5831 ν,
2814 5764 2867 5820 3.
2946 5764 2988 5795 ³⁸
3024 5760 3238 5829 Luc.vn,
3269 5760 3358 5815 2i.
