4102 6438
465 341 603 399 4251

1175 341 1447 402 EUSEBII
1485 341 1968 414 CAESARIENSIS
2006 340 2158 398 OPP.
2188 339 2372 396 PARS
2409 338 2498 396 111.
2539 372 2608 382 -
2648 339 3058 399 EXEGETICA.

3597 345 3621 399 l
3631 344 3741 405 252

460 458 668 527 guinem
708 421 978 527 judicent,
1030 455 1228 528 singuli
1257 457 1554 525 proaimum
1603 473 1756 512 suum
1787 457 2043 510 tribulant

2145 457 2241 510 καὶ
2269 459 2301 511 ό
2319 455 2621 524 κατορθῶν
2639 456 2709 510 ἐν
2727 457 3060 526 ἀνθρώποις
3079 457 3192 528 οὐχ
3210 456 3493 528 ὑπάρχει·
3511 457 3740 526 πάντες

463 549 894 613 tribulatione”;
931 558 986 603 et
1016 548 1108 619 qui
1162 547 1399 612 dicebat,
1453 547 1578 603 Non
1623 560 1700 603 est
1742 550 1834 620 qui
1873 550 2041 619 faciat

460 642 654 695 bonum
674 640 736 695 ⁸⁸.
761 640 1028 696 Caeterum
1059 655 1267 712 pauper
1290 643 1386 712 qui
1413 641 1482 698 de
1511 642 1579 697 iis
1603 642 1966 697 contristatur
1985 651 2043 698 et

458 734 628 798 dolet,
676 735 870 790 morbo
918 749 1021 790 suo
1050 734 1319 792 medelam
1343 735 1621 806 excogitat
1657 755 1671 790 :
1707 735 1824 790 haec
1859 742 2040 790 autem

459 834 580 882 erat
601 827 780 882 oratio
806 826 875 882 ad
907 824 1099 892 Deum,
1125 842 1290 898 quam
1321 827 1495 883 solam
1523 827 1760 883 habebat
1789 827 2044 884 consola-

459 920 686 987 tionem,
717 933 824 989 qua
881 920 1119 973 animam
1157 919 1478 990 expandens
1537 933 1716 985 suam,
1750 927 1804 975 et
1852 934 2042 977 omnes

457 1013 819 1081 cogitationes
848 1027 978 1068 suas
999 1013 1055 1067 in
1081 1021 1382 1082 conspectu
1421 1011 1518 1067 Dei
1549 1011 1806 1077 otl‘erens,
1837 1012 2043 1068 dicitur

460 1103 518 1157 in
595 1111 895 1174 conspectu
962 1103 1178 1158 Domini
1236 1103 1517 1159 eﬂ‘undere
1587 1103 2042 1175 supplicationem

457 1209 638 1261 suam,
684 1196 821 1260 sive,
895 1196 1155 1267 loquelam
1200 1213 1394 1264 suam,
1447 1197 1749 1252 secundum
1797 1193 2046 1268 Symma-

457 1289 644 1344 chum.
700 1288 814 1344 lmo
862 1289 1025 1344 etiam
1083 1288 1130 1345 is
1173 1291 1266 1360 qui
1294 1288 1597 1346 secundum
1644 1287 1809 1343 Deum
1836 1302 2043 1358 pauper

455 1387 581 1446 est,
620 1381 675 1435 id
705 1389 811 1446 est,
840 1381 1231 1452 prophetarum
1262 1381 1487 1445 chorus,
1520 1379 1710 1435 dolore
1742 1379 1936 1450 plenus
1974 1377 2043 1434 de

459 1471 662 1542 prioris
694 1472 879 1543 populi
909 1473 1091 1538 ruina,
1122 1471 1413 1528 Dominum
1453 1473 1588 1542 adit,
1612 1470 2041 1543 supplicationes

456 1578 586 1618 cum
613 1563 824 1634 jejunio
867 1571 922 1620 et
980 1564 1240 1636 lacrymis
1287 1579 1389 1634 pro
1425 1563 1630 1634 populo
1659 1563 1954 1624 emittens;
1983 1567 2044 1615 ut

460 1656 828 1727 ipse-quoque
855 1658 1090 1727 populus
1113 1656 1553 1712 misericordiam
1577 1662 1968 1726 consequatur.

2145 551 2233 614 είς
2258 549 2474 618 αἵματα
2505 547 2868 615 δικάζονται,
2912 549 3170 616 ἕκαστος
3196 551 3304 604 τὸν
3339 551 3610 619 πλησίον
3631 552 3740 607 αὺ-

2148 641 2254 696 τοῦ
2285 642 2673 696 ἐκθλίϐουσιν
2716 640 2964 710 ἐκθλιϐῇ
2986 659 3000 672 ’
3028 642 3125 695 καὶ
3153 643 3182 694 6
3216 641 3416 695 είς-τών⁹
3448 645 3570 697 Οὐκ
3603 643 3742 698 ἐστι

2148 731 2335 787 ποιῶν
2355 733 2752 802 χρηστότητα.
2789 732 2936 804 Πλὴν
2961 734 3054 787 ἐπὶ
3076 733 3286 798 τούτοις
3307 736 3336 788 6
3361 734 3576 805 πτωχὸς
3601 730 3743 808 ἀκλη-

2148 823 2274 878 διῶν
2304 825 2398 878 καὶ
2425 824 2683 896 ἀθυμῶν,
2725 825 3017 896 φάρμακον
3042 826 3138 878 τοῦ
3167 826 3373 891 πάθους
3407 825 3740 898 θεραπευτι-

2149 917 2244 970 κὸν
2274 920 2514 987 περινοεῖ
2540 915 2718 988 ἑαυτῷ
2738 934 2752 947 ο
2779 916 2937 970 τοῦτο
2964 917 3020 970 δὲ
3049 913 3117 989 ἦν
3147 922 3181 989 ἡ
3210 918 3347 988 πρὸς
3373 917 3465 971 τὸν
3492 917 3627 972 Θεὸν
3648 919 3740 972 εὐ-

2148 1009 2238 1080 χὴ,
2272 1010 2338 1080 ἢν
2370 1009 2536 1081 μόνην
2563 1006 2675 1080 εἶχε
2706 1011 3085 1081 παραμυθίαν,
3115 1009 3181 1063 δι’
3210 1006 3278 1084 ἦς
3299 1009 3547 1075 ὲξαπλῶν
3571 1011 3737 1066 αὐτοῦ

2149 1101 2246 1173 τὴν
2286 1102 2466 1174 ψυχὴν
2489 1144 2504 1168 ,
2549 1104 2646 1156 καὶ
2699 1102 3024 1173 σύμπαντας
3063 1103 3258 1158 ἑαυτοῦ
3285 1105 3412 1168 τοὺς
3439 1103 3736 1174 λογισμοὺς

2153 1193 2473 1265 προσφέρων
2494 1191 2724 1246 ἐνώπιον
2741 1193 2836 1247 τοῦ
2855 1192 3013 1259 Θεοῦ,
3037 1194 3252 1263 λέγεται
3274 1192 3508 1248 ἐνώπιον
3525 1195 3731 1267 Κυρίου

2143 1285 2357 1356 ἑκχέειν
2379 1285 2475 1357 τὴν
2499 1285 2680 1356 δέησιν
2703 1285 2889 1348 αὑτοῦ,
2911 1286 2968 1358 ἢ,
2987 1284 3102 1354 τὴν
3120 1286 3476 1356 λογοποιίαν
3495 1284 3728 1351 ἑαυτοῦ,

2147 1378 2289 1433 κατὰ
2311 1377 2402 1430 τὸν
2432 1376 2745 1448 Σύμμαχον.
2795 1376 2956 1431 Ἀλλὰ
2985 1379 3079 1432 καὶ
3109 1381 3138 1433 6
3169 1377 3312 1432 κατὰ
3337 1377 3470 1432 Θεὸν
3497 1377 3730 1447 πτωχὸς,

2145 1470 2422 1524 τουτέστιν
2464 1471 2493 1522 6
2537 1470 2646 1523 τῶν
2679 1469 2975 1542 προφητῶν
3003 1471 3197 1543 χορὸς,
3228 1470 3405 1543 λύπης
3437 1471 3732 1541 πεπληρω-

2151 1561 2309 1632 μένος
2331 1560 2425 1614 sul.
2444 1561 2510 1631 τῇ
2534 1561 2628 1613 τοῦ
2656 1560 2921 1632 προτέρου
2949 1561 3080 1615 λαοῦ
3101 1565 3474 1635 καταστροφῇ,
3500 1561 3737 1635 προσέρ-

2148 1667 2300 1721 χεται
2328 1648 2409 1721 τῷ
2439 1650 2650 1722 Κυρίῳ,
2679 1650 2780 1714 τὰς
2800 1650 2940 1722 ὑπὲρ
2963 1650 3059 1705 τοῦ
3089 1651 3222 1707 λαοῦ
3243 1653 3584 1725 ἀναπέμπων
3609 1653 3735 1726 δεή-

462 1765 577 1811 σεις
613 1748 751 1819 μετὰ
775 1749 1028 1819 νηστείας
1057 1750 1152 1803 καὶ
1185 1749 1460 1821 δακρύων,
1491 1749 1640 1812 ὅπως
1665 1749 1730 1803 ἂν
1761 1748 1856 1802 καὶ
1885 1744 2047 1808 αὐτὸς
2083 1743 2112 1797 6
2144 1740 2270 1806 λαὸς
2294 1742 2634 1815 οίκτειρτξθῇ.

534 1837 700 1895 Vens.
726 1839 780 1894 ὅ.
811 1837 877 1892 In
905 1856 1212 1910 quacunque
1243 1839 1329 1894 die
1364 1840 1590 1895 tribulor
1617 1839 1820 1894 inclina
1847 1838 1916 1892 ad
1962 1854 2043 1892 me
2072 1846 2116 1902 Β

458 1948 643 1986 aurem
698 1941 865 1987 tuam.
918 1931 1019 1989 Hic
1055 1933 1276 1989 dicatur
1309 1934 1442 1992 illud
1472 1933 1626 1992 Isaia:
1669 1954 1684 1990 :
1720 1935 1967 1999 Domine,
1985 1935 2042 1988 in

459 2025 800 2081 tribulatione
824 2028 1088 2082 recordati
1118 2045 1301 2084 sumus
1329 2030 1426 2092 tui,
1445 2030 1501 2083 in
1524 2029 1863 2084 tribulatione
1879 2044 2043 2098 parva

458 2119 744 2190 disciplina
773 2129 866 2176 tua
892 2121 1042 2176 nobis
1061 2123 1126 2176 ".
1157 2122 1298 2178 Ante
1323 2123 1635 2179 aﬂlictionis
1667 2129 1883 2195 tempus
1903 2123 2042 2180 divi-

460 2212 549 2269 nis
568 2213 824 2283 precibus
854 2214 1166 2269 vacandum
1210 2221 1314 2281 est,
1348 2229 1528 2286 neque
1564 2215 1743 2272 solum
1763 2216 1818 2271 in
1851 2217 2043 2271 adver-

459 2305 538 2359 sis
575 2303 936 2372 temporibus.
971 2302 1071 2358 Hic
1118 2304 1301 2375 itaque
1337 2305 1423 2360 vir
1451 2313 1678 2362 sanctus
1725 2315 1901 2377 rogat,
1932 2321 2042 2361 non

462 2403 522 2450 ut
550 2395 843 2450 afflictione
873 2402 1078 2460 careat,
1111 2395 1164 2452 id
1217 2396 1363 2452 enim
1417 2397 1534 2453 fieri
1579 2398 1806 2468 nequit;
1852 2397 1948 2453 sed
1981 2405 2042 2453 ut

460 2486 694 2543 amictus
720 2502 789 2542 ne
819 2495 1128 2557 superetur,
1165 2494 1220 2542 et
1247 2495 1308 2542 ut
1341 2502 1437 2558 spe
1484 2488 1726 2558 gaudens
1767 2502 2042 2543 aerumnas

461 2579 602 2635 ferat
654 2579 711 2633 in
759 2579 939 2649 iisque
975 2578 1237 2650 glorietur
1272 2598 1286 2634 :
1337 2578 1636 2633 Tribulatio
1659 2580 1799 2634 enim
1826 2595 1919 2649 per
1945 2593 2044 2648 pa-

462 2673 701 2727 tientiam
746 2681 795 2727 et
847 2670 1234 2741 probationem,
1291 2686 1434 2741 spem
1486 2681 1699 2742 generat
1719 2671 1787 2726 ’°.
1834 2670 2043 2726 Exaudi

460 2782 568 2828 me.
587 2766 785 2837 inquit,
806 2766 863 2820 in
885 2780 1213 2837 quacunque
1235 2764 1324 2820 die
1352 2764 1606 2830 tribuler,
1648 2764 1851 2820 inclina
1874 2763 1942 2817 ad
1959 2779 2045 2819 me

460 2863 802 2912 mansuetam
832 2870 1018 2911 aurem
1059 2863 1232 2911 tuam.
1265 2854 1409 2911 Deus
1440 2862 1620 2911 autem
1665 2871 1850 2911 aurem
1887 2855 2046 2910 incli-

459 2963 595 3004 nare
622 2949 848 3014 dicitur,
867 2949 1024 3020 quasi
1055 2949 1295 3004 humana
1317 2950 1400 3004 vis
1420 2955 1475 3004 et
1498 2949 1708 3002 clamor
1730 2948 1794 3002 ad
1821 2948 2045 3004 celsitu-

459 3036 643 3090 dinem
694 3034 915 3092 deitatis
963 3035 1085 3106 ejus
1115 3037 1425 3107 pertingere
1482 3043 1764 3106 nequeat:
1801 3051 2043 3107 quapro-

460 3134 584 3198 pter
607 3127 726 3196 ipse
753 3141 786 3180 a
811 3126 1188 3196 magnitudine
1213 3142 1313 3182 sua
1349 3142 1470 3182 sese
1505 3127 1819 3190 demittens,
1852 3142 2041 3183 aurem

462 3215 693 3270 inclinat
724 3215 812 3279 iis,
859 3229 998 3284 quos
1028 3215 1291 3270 exaudire
1329 3216 1608 3286 dignatur.
1649 3215 1784 3271 Illud
1813 3226 1992 3272 autem
2023 3236 2038 3270 :

464 3307 533 3361 In
559 3321 865 3377 quacunque
887 3305 971 3360 die
995 3305 1253 3370 tribulor,
1290 3321 1356 3362 ac
1379 3306 1426 3362 si
1449 3306 1658 3362 diceret
1698 3327 1712 3362 :
1741 3306 1864 3361 Non
1895 3323 2043 3362 nunc

460 3408 695 3463 tantum,
722 3398 817 3454 sed
851 3405 965 3453 toto
989 3398 1113 3453 vitae
1148 3411 1282 3452 mea;
1317 3406 1583 3468 tempore,
1619 3397 1962 3468 maximeque
1988 3398 2043 3452 in

460 3491 950 3554 tribulationibus;
1007 3498 1140 3545 tunc
1189 3491 1335 3545 enim
1385 3490 1660 3561 praecipue
1704 3489 1908 3544 auxilio
1958 3495 2044 3544 est

458 3599 622 3655 opus.
654 3582 764 3639 Aut
793 3582 1028 3639 fortasse
1050 3598 1162 3637 non
1185 3581 1344 3652 quasi
1369 3583 1435 3636 de
1458 3581 1639 3636 futura
1669 3581 2042 3644 tribulatione,

461 3677 562 3733 sed
593 3676 661 3731 de
690 3675 948 3747 praesenti
971 3675 1179 3729 dictum
1203 3683 1307 3730 est.
1340 3673 1414 3727 Ea
1447 3673 1592 3728 enim
1624 3674 1745 3744 ejus
1775 3673 2044 3728 sententia

462 3774 548 3822 est
578 3781 591 3818 :
616 3765 754 3831 Quia
779 3765 904 3821 talis
932 3765 1048 3820 haec
1074 3765 1192 3820 dies
1207 3772 1313 3830 est,
1342 3771 1400 3818 ut
1421 3765 1541 3835 ejus
1563 3765 1883 3838 gravitatem
1902 3761 2046 3819 ferre

464 3873 575 3915 non
607 3857 839 3922 valeam,
883 3855 1103 3912 flectere
1132 3863 1186 3913 et
1232 3865 1546 3928 promptum
1597 3857 1859 3911 auxilium
1900 3871 2043 3926 prae-

463 3952 616 4006 stito.
650 3947 718 4005 In
738 3966 1047 4022 quacunque
1064 3949 1149 4004 die
1173 3949 1478 4005 invocavero
1495 3961 1565 4015 te,
1586 3949 1831 4005 uelociter
1849 3949 2046 4004 exaudi

463 4061 566 4101 me.
595 4042 806 4115 Ecquid
839 4051 1052 4098 tantum
1103 4042 1300 4114 urget?
1337 4057 1460 4113 qua:
1508 4042 1593 4098 vel
1647 4041 1823 4113 qualis
1879 4056 2045 4096 causa

463 4136 810 4194 velocitatis?
839 4136 981 4203 Quia
1031 4134 1328 4206 defecerunt
1362 4135 1499 4188 sicut
1536 4134 1715 4204 fumus
1755 4133 1868 4188 dies
1899 4134 2044 4188 mei:

464 4227 728 4300 temporis
777 4228 1099 4284 brevitatem
1145 4235 1202 4284 et
1253 4226 1669 4282 instabilitatem
1708 4240 1808 4297 per
1835 4224 2044 4280 fumum

465 4322 759 4394 signiﬁcat.
787 4319 856 4374 Et
876 4337 1000 4376 ossa
1023 4335 1140 4374 mea
1171 4320 1306 4374 sicut
1331 4319 1581 4373 cremium
1603 4327 1876 4372 aruerunt.
1913 4316 2046 4371 Per-

2228 1821 2330 1887 ’Ἑν
2347 1827 2387 1904 ᾗ
2416 1834 2492 1888 ἂν
2511 1832 2702 1903 ἡμέρᾳ
2725 1834 2827 1890 0.1!
2829 1835 3011 1904 ϐωμαι
3037 1836 3250 1890 κλῖνον
3267 1838 3417 1906 πρὸς
3430 1839 3509 1908 μὲ
3534 1839 3601 1894 τὸ
3621 1834 3732 1906 οὖς

2142 1941 2278 1981 σου.
2345 1927 2608 1981 Ἐνταῦθα
2640 1929 2877 2000 εἰρήσθω
2903 1930 2965 1983 τὸ
3003 1929 3098 1983 τοῦ
3141 1930 3393 1984 Ἡσαΐουο
3424 1933 3633 2001 Κύριε,
3659 1934 3732 1988 ἐν

2143 2017 2345 2086 θλίψει
2379 2017 2765 2090 ἐμνήσθημέν
2807 2037 2924 2076 σου
2943 2061 2959 2086 ,
2993 2021 3063 2075 ἐν
3108 2023 3311 2091 θλίψει
3331 2023 3517 2093 μικρᾷ
3537 2026 3576 2093 ἡ
3597 2038 3731 2078 παι-

2142 2105 2271 2160 δεία
2300 2119 2418 2162 σου
2449 2108 2615 2177 ημῖν.
2653 2109 2773 2181 Χρὴ
2810 2111 2868 2164 δὲ
2897 2112 3004 2183 ἄρα
3037 2111 3132 2165 καὶ
3161 2112 3268 2185 πρὸ
3297 2113 3393 2167 τοῦ
3428 2112 3726 2178 θλίϐεσθαι,

2141 2199 2263 2261 ταῖς
2297 2198 2596 2271 ἱκετηρίαις
2629 2201 2910 2272 σχολάζειν
2929 2243 2944 2265 ,
2973 2204 3066 2258 καὶ
3099 2205 3173 2275 μὴ
3205 2204 3364 2275 μόνον
3395 2207 3452 2260 ὲν
3483 2208 3597 2271 τοῖς
3625 2224 3728 2262 πε-

2145 2295 2474 2365 ριστατικοῖς
2495 2296 2724 2364 καιροῖς.
2763 2295 2820 2348 Ὀ
2849 2296 3031 2367 μέντοι
3053 2297 3207 2366 ἆγιος
3227 2297 3443 2370 εὔχεται
3465 2300 3563 2371 οὐχ
3581 2301 3731 2366 ὅπως

2147 2383 2222 2454 μὴ
2251 2381 2405 2454 θλίόῃ
2425 2422 2441 2447 ,
2476 2383 2734 2438 ἀδύνατον
2762 2385 2871 2457 γὰρ
2895 2385 3070 2453 τοῦτο,
3101 2388 3216 2441 ἀλλ’
3241 2390 3389 2455 ὅπως
3413 2390 3731 2463 θλιϐόμενος

2147 2475 2223 2546 μὴ
2259 2475 2488 2548 ἡττηθῇ,
2523 2477 2617 2530 καὶ
2647 2477 2796 2541 ὅπως
2829 2481 2894 2550 τῇ
2935 2479 3110 2534 ἐλπίδι
3132 2482 3340 2554 χαίρων
3363 2484 3613 2559 ὑπομένῃ
3629 2485 3732 2554 τὰς

2145 2566 2352 2638 θλίψεις
2395 2569 2490 2622 καὶ
2520 2569 2872 2642 καυχώμενος
2902 2571 2961 2626 ὲν
2993 2573 3202 2638 αὐταῖς.
3271 2575 3342 2632 Ἦ
3381 2577 3490 2648 γὰρ
3522 2581 3732 2650 θλίψις

2143 2659 2260 2728 τὴν
2277 2660 2496 2715 ἐλπίδα
2509 2660 2606 2716 διὰ
2643 2661 2754 2732 τῆς
2779 2664 3093 2734 ὑπομονῆς
3123 2666 3223 2720 καὶ
3253 2666 3505 2739 δοκιμῆς
3522 2671 3727 2741 γεννᾷ.

2158 2751 2490 2808 Ἐπάκουσον
2511 2750 2605 2809 οὖν
2630 2772 2753 2827 μου,
2781 2757 2967 2828 φησὶν,
2990 2760 3048 2812 ὲν
3131 2759 3197 2814 ἂν
3224 2761 3410 2834 ἡμέρᾳ
3436 2762 3729 2836 θλίόωμαι,

2147 2845 2427 2910 ὲπικλίνας
2445 2864 2544 2916 μου
2560 2848 2660 2920 τὴν
2677 2848 3054 2922 φιλάνθρωπον
3066 2852 3252 2924 ἀκοήν.
3263 2853 3474 2909 Κλίνειν
3487 2857 3546 2910 δὲ
3559 2860 3588 2910 6
3600 2858 3732 2923 Θεὸς

2143 2935 2206 2987 τὺ
2234 2931 2323 3000 οὖς
2354 2937 2519 2991 αὑτοῦ
2555 2938 2806 3008 λέγεται,
2838 2941 2915 3005 ὡς
2953 2942 3052 2996 οὐκ
3080 2943 3478 3018 ἐφικνουμένης
3511 2950 3609 3022 τῆς
3638 2952 3733 3004 άν-

2147 3025 2424 3099 θρωπίνης
2455 3028 2736 3101 δυνάμεώς
2764 3049 2825 3085 τε
2869 3035 2966 3088 καὶ
3007 3038 3256 3108 κραυγῆς
3289 3038 3511 3109 φθάνειν
3544 3043 3640 3096 ἐπὶ
3668 3043 3734 3097 τὸ

2147 3116 2281 3188 ὕψος
2331 3121 2432 3192 τῆς
2473 3121 2640 3176 αὑτοῦ
2676 3121 2961 3195 θεότητος·
2998 3127 3186 3198 διόπερ
3218 3131 3380 3195 αὐτὸς
3425 3135 3732 3190 ύποκατιὼν

2142 3212 2245 3279 τῆς
2285 3212 2450 3266 αὐτοῦ
2499 3215 2920 3288 μεγαλειότητος
2964 3219 3242 3273 ὐποκλίνει
3282 3223 3380 3293 τὴν
3413 3226 3584 3296 ἀκοὴν
3620 3230 3734 3292 τοῖς

2142 3300 2587 3372 καταξιουμένοις
2647 3305 3050 3359 είσακούεσθαι.
3115 3309 3188 3360 Τὸ
3249 3309 3328 3373 δὲ,
3394 3311 3496 3364 Ἐν
3552 3309 3596 3385 ᾖ
3655 3317 3734 3370 ἂν

2141 3387 2334 3457 ἡμέρᾳ
2387 3391 2702 3459 θλίὸωμαι,
2751 3391 2874 3444 ἀντὶ
2916 3393 3008 3445 τοῦ
3031 3432 3047 3456 ,
3083 3395 3176 3465 Μὴ
3218 3394 3314 3449 νῦν
3351 3397 3508 3467 μόνον
3531 3439 3546 3464 ,
3595 3400 3733 3456 ἀλλὰ

2142 3479 2274 3549 παρ’
2342 3477 2469 3550 ὃλην
2523 3479 2704 3553 ζωὴν,
2737 3481 2896 3536 πλέον
2929 3483 2992 3552 ,δὲ
3039 3486 3098 3537 ὲν
3156 3485 3398 3556 θλίψεσι·
3464 3489 3583 3543 τότε
3622 3492 3732 3565 γὰρ

2146 3569 2384 3640 μάλιστα
2415 3571 2573 3644 χρεία
2606 3574 2877 3645 βοηθείας.
2918 3577 2991 3629 Ἢ
3027 3578 3167 3648 τάχα
3198 3580 3297 3649 οὐχ
3334 3580 3410 3644 ὡς
3440 3583 3569 3654 περὶ
3605 3584 3734 3654 μελ-

2142 3661 2341 3733 λούσης
2386 3663 2641 3733 θλίψεως,
2677 3666 2792 3719 ἀλλ’
2827 3667 2904 3730 ὡς
2938 3669 3253 3741 ἐνεστώσης
3299 3672 3538 3745 εἴρηται.
3591 3677 3732 3729 Βού-

2142 3754 2292 3808 λεται
2349 3756 2459 3828 γὰρ
2513 3759 2688 3811 εἰπεῖν
2727 3758 2844 3822 ὅτι,
2908 3760 3030 3814 ἐπεὶ
3091 3761 3230 3834 αὕτη
3261 3765 3408 3818 ἐστὶν
3455 3768 3489 3835 ἡ
3547 3768 3733 3842 ἡμέρα

2139 3843 2210 3922 ἦς
2240 3848 2341 3902 οὐκ
2365 3848 2510 3903 ἔστιν
2541 3850 2860 3920 ὑπενεγκεῖν
2880 3851 2977 3924 τὴν
3000 3851 3301 3926 βαρύτητα,
3327 3857 3609 3929 κάμφθητι
3636 3862 3732 3915 καὶ

2143 3943 2364 4012 ταχεῖαν
2389 3941 2478 4005 δὸς
2501 3941 2599 4014 τὴν
2621 3942 2892 4015 βοήθειαν.
2939 3946 3042 4000 Ἐν
3059 3941 3100 4018 ᾖ
3131 3947 3207 4002 ἂν
3233 3949 3420 4018 ἡμέρᾳ
3449 3951 3728 4007 ἐπικαλέ-

2142 4034 2337 4102 σωμαι
2359 4049 2466 4100 σε,
2503 4035 2655 4105 ταχὺ
2686 4036 3036 4094 ἐπάκουσόν
3065 4059 3204 4110 μου.
3269 4042 3378 4095 Καὶ
3402 4043 3456 4094 τί
3494 4043 3554 4097 τὸ
3600 4061 3732 4099 κατ-

2143 4128 2390 4193 επεῖγονς
2423 4127 2571 4180 αἰτία
2589 4128 2645 4180 δὲ
2656 4129 2764 4193 τίς,
2789 4130 2822 4200 ἢ
2848 4132 2976 4184 ποία
2999 4131 3099 4200 τῆς
3137 4132 3468 4205 ταχύτητος;
3494 4136 3620 4189 ’Ὁτι
3638 4137 3731 4202 ἐξ·

2141 4217 2355 4272 ἐλιπον
2369 4222 2430 4274 αἱ
2453 4221 2662 4290 ἡμέραι
2686 4240 2807 4291 μου
2832 4223 2976 4277 ὡσεὶ
2995 4227 3225 4291 καπνός
3243 4243 3257 4257 ο
3287 4227 3348 4280 τὸ
3366 4229 3730 4304 ὀλιγοχρόνιον

2143 4313 2237 4366 καὶ
2258 4314 2627 4369 ἀνυπόστατον
2661 4315 2750 4369 διὰ
2781 4316 2874 4370 τοῦ
2901 4318 3109 4372 καπνοῦ
3141 4319 3310 4390 δηλοῖ.
3338 4323 3447 4378 Καὶ
3476 4324 3549 4379 τὰ
3575 4323 3729 4382 ὀστᾶ

464 4430 652 4469 cussus
685 4429 802 4469 sum
832 4421 888 4465 ut
918 4412 1095 4482 fenum
1114 4421 1163 4466 et
1191 4412 1401 4466 exaruit
1425 4427 1516 4465 cor
1546 4426 1737 4474 meum,
1763 4410 1888 4480 quia
1913 4409 2044 4463 obli-

2145 4423 2256 4474 μου
2281 4406 2424 4460 ὡσεὶ
2443 4409 2697 4479 φρύγιον
2717 4411 3210 4481 συνεφρύγησαν.
3254 4415 3564 4486 Ἐπλήγην
3582 4419 3730 4474 ὡσεὶ

467 4517 552 4561 tus
582 4523 699 4561 sum
733 4504 1001 4560 comedere
1036 4519 1222 4573 panem
1254 4520 1445 4558 meum.
1485 4504 1528 4556 Α
1555 4518 1676 4558 voce
1700 4502 1924 4571 gemitus
1946 4501 2044 4554 mei

2145 4500 2376 4568 χόρτος,
2407 4501 2508 4555 καὶ
2525 4501 2826 4570 ἐξηράνθη
2848 4504 2886 4571 ἡ
2915 4505 3128 4572 καρδία
3152 4524 3293 4575 μου,
3324 4506 3414 4561 ὅτι
3442 4509 3729 4568 ἐπελαθό-

467 4597 690 4653 ιιᾱΙιωδίι
737 4614 796 4652 os
825 4613 997 4651 meum
1032 4596 1183 4650 carni
1239 4612 1386 4652 mete.
1433 4595 1566 4662 Quae
1596 4594 1796 4666 populo
1838 4593 2044 4648 accide—

2145 4609 2274 4662 μην
2297 4593 2406 4648 τοῦ
2439 4594 2652 4664 φαγεῖν
2682 4594 2791 4648 τὸν
2817 4595 2998 4664 ἄρτον
3035 4615 3176 4668 μου.
3222 4600 3355 4654 Ἀπὸ
3380 4600 3586 4671 φωνῆς
3619 4595 3729 4660 τόῢ

467 4697 598 4744 runt
621 4695 681 4744 ut
703 4688 808 4745 sibi
836 4686 1057 4759 propria
1084 4693 1305 4742 enarrat
1328 4687 1679 4757 propheticus
1708 4684 1931 4748 chorus,
1963 4683 2044 4738 vel

2151 4687 2490 4756 στεναγμοῦ
2504 4705 2626 4756 μου
2644 4687 2947 4757 ἐκολλήθη
2976 4691 3042 4745 τὸ
3065 4691 3293 4745 ὀστοῦν
3309 4711 3429 4761 μου
3451 4693 3526 4763 τῇ
3547 4698 3732 4765 σαρκί

467 4783 631 4836 etiam
668 4782 783 4852 ipse
835 4777 1003 4836 David
1054 4798 1067 4833 :
1113 4779 1460 4848 declaratque
1495 4777 1806 4832 universam
1856 4789 2044 4831 eorum

2145 4794 2284 4846 μου.
2317 4779 2399 4832 Τὰ
2421 4780 2705 4849 συμϐάντα
2727 4780 2805 4851 τῷ
2829 4781 2943 4852 λαῷ
2971 4784 3376 4838 οἰκειοποιεῖται
3400 4789 3428 4838 6
3457 4805 3730 4860 προφητι-

470 4873 750 4936 virtutem,
791 4887 898 4942 qua
936 4871 1126 4942 legalis
1165 4870 1348 4927 cultus
1397 4869 1756 4934 consistebat,
1821 4867 2044 4938 periisse

2150 4869 2244 4933 κδς
2275 4870 2466 4942 χορὸς,
2499 4871 2530 4941 ἢ
2567 4872 2662 4924 καὶ
2692 4874 2720 4925 6
2755 4875 2946 4928 Δαυΐδ·
2999 4875 3093 4929 καὶ
3131 4876 3401 4932 δείκνυσιν
3455 4881 3537 4935 ὃτι
3578 4885 3730 4938 πᾶσα

469 4983 535 5022 ac
583 4965 987 5036 pessumivisse.
1064 4961 1190 5020 Haec
1246 4976 1410 5034 porro
1453 4967 1607 5017 erant
1659 4959 2044 5024 sacerdotium,

2150 4959 2378 5030 δύναμις
2403 4959 2603 5026 αὐτῶν,
2637 4961 2703 5015 δι’
2729 4956 2797 5034 ἦς
2825 4968 3161 5036 συνειστήκει
3187 4968 3254 5020 τὰ
3274 4970 3372 5039 τῆς
3403 4970 3542 5024 κατὰ
3569 4973 3728 5044 νόμον

469 5059 756 5131 templum,
785 5072 1045 5129 pecorum
1072 5055 1363 5119 sacriﬁcia,
1392 5054 1570 5126 gentis
1594 5053 1686 5124 jus
1715 5059 1769 5107 et
1798 5052 2042 5107 libertas.

2152 5050 2406 5122 λατρείας
2425 5091 2440 5116 ,
2487 5053 2752 5126 διεφθάρη
2781 5056 2877 5109 καὶ
2911 5057 3207 5114 ἀπόλωλεν.
3238 5056 3344 5114 Ἦν
3370 5062 3427 5116 δὲ
3456 5063 3630 5117 ταῦτα
3693 5067 3728 5136 ἡ

470 5152 792 5210 Sublimiori
823 5166 957 5207 vero
986 5166 1174 5214 sensu,
1207 5148 1300 5220 qui
1349 5147 1648 5204 secundum
1696 5143 1866 5200 Deum
1912 5159 2044 5215 pau-

2153 5142 2551 5214 άρχιερωσύνη,
2584 5147 2613 5198 6
2637 5145 2794 5226 ναὸς,
2829 5149 2885 5200 αἱ
2916 5146 3004 5199 διὰ
3022 5147 3131 5200 τῶν
3165 5147 3498 5221 θρεμμάτων
3526 5152 3729 5218 θυσίαι,

471 5264 569 5321 per
619 5255 726 5313 est,
782 5245 1022 5317 primum
1061 5257 1222 5298 suum
1281 5239 1494 5295 facinus
1546 5241 1814 5303 enuntiat,
1857 5252 2044 5308 nempe

2148 5238 2243 5290 καὶ
2274 5239 2307 5308 ὴ
2341 5238 2637 5309 αύτονομία
2672 5238 2766 5292 τοῦ
2801 5239 3003 5306 ἔθνους.
3066 5241 3423 5315 ’Υψηλότερον
3449 5245 3506 5298 δὲ
3529 5246 3558 5299 6
3587 5247 3732 5302 κατὰ

473 5337 618 5411 quod
645 5348 1012 5407 temporaneaa
1033 5333 1162 5387 vitae
1193 5330 1310 5387 dies
1346 5330 1432 5386 sui
1475 5331 1650 5384 instar
1680 5328 1814 5383 fumi
1844 5327 2044 5384 defece

2147 5328 2279 5381 Θεὸν
2312 5331 2525 5401 πτωχὸς
2570 5331 2784 5402 πρῶτον
2827 5332 2992 5386 αὑτοῦ
3025 5335 3356 5405 κατόρθωμα
3395 5337 3634 5393 διδάσκει
3667 5340 3730 5393 τὸ

472 5431 605 5494 rint,
635 5442 762 5483 cum
790 5425 1056 5496 inglorius
1089 5430 1145 5478 et
1185 5423 1456 5478 obscurus
1501 5421 1652 5490 ipsos
1701 5420 2044 5491 transegerit.

2145 5414 2516 5478 ὶκλελοιπέναι
2545 5424 2754 5478 καπνοῦ
2775 5423 2931 5496 δίκην
2943 5425 3054 5490 στὰς
3083 5426 3184 5496 τῆς
3219 5429 3555 5502 προσκαίρου
3584 5431 3734 5504 ζωῆς

476 5519 591 5576 Hoc
620 5527 800 5577 autem
829 5517 1100 5588 intelliges
1127 5531 1194 5571 ex
1226 5515 1312 5570 his
1350 5529 1472 5586 quae
1496 5511 1599 5568 Job
1640 5515 1715 5569 ait
1760 5533 1774 5569 :
1819 5513 2044 5580 Quando

2148 5514 2360 5585 ἡμέρας
2380 5515 2566 5580 αὐτοῦ,
2594 5516 2798 5582 ἀδόξως
2821 5519 2914 5572 καὶ
2937 5517 3158 5589 ἀφανῶς
3181 5518 3351 5584 αὐτὰς
3367 5521 3734 5591 διεξάγοντος.

477 5610 684 5665 lucebat
707 5610 920 5664 lucerna
940 5624 1096 5678 super
1116 5617 1272 5676 caput
1303 5622 1496 5672 meum,
1529 5606 1740 5678 quando
1769 5622 1914 5661 eram
1938 5623 2044 5660 nta-

2146 5605 2380 5676 Νοήσεις
2410 5606 2467 5660 δὲ
2495 5606 2654 5661 τοῦτο
2682 5610 2775 5678 ἀφ’
2809 5603 2884 5664 ὧν
2915 5610 2945 5664 6
2982 5609 3101 5667 Ἶὼσ
3137 5627 3333 5682 φησιν’
3399 5615 3536 5669 Ὅτε
3560 5615 3736 5689 ηὕγει

547 5791 592 5867 ἔτ
635 5788 797 5846 Mich.
831 5803 903 5843 vn
927 5828 943 5857 ,
985 5789 1038 5855 l,
1071 5787 1127 5842 2.
1205 5788 1248 5838 'i'
1285 5785 1430 5844 Psal.
1465 5801 1561 5842 xm
1588 5826 1604 5854 ,
1641 5787 1693 5842 5.
1773 5787 1816 5821 ¹⁹
1855 5786 1959 5844 lsa.
2004 5804 2044 5842 x:

2145 5827 2159 5852 ,
2198 5788 2284 5844 ιδ.
2362 5790 2407 5821 η
2445 5754 2603 5861 Rom.
2635 5803 2689 5849 ν.
2725 5790 2780 5864 t.
