4102 6444
348 387 490 447 1255

1454 377 1955 437 COMMENTARIA
1993 376 2061 434 IN
2099 374 2441 432 PSALMOS.

3454 379 3596 434 1254

347 505 382 558 ὁ
401 501 632 570 λύχνος
661 499 813 568 ὑπὲρ
850 498 1122 568 κεφαλῆς
1156 513 1274 568 μου
1299 511 1313 525 °
1368 495 1466 549 ὅτε
1493 494 1656 564 ήμην
1679 492 1917 562 ὑλώδης

2032 492 2224 547 ιενὶαιίε
2247 491 2406 546 nimis
2429 491 2498 546 “.
2546 489 2785 546 Lucebat
2805 491 2912 563 ipsi
2935 491 3154 550 lucerna
3184 501 3314 549 tunc
3342 493 3398 549 in
3425 494 3598 548 abun-

346 593 508 647 λίαν.
560 590 728 661 Ηΰγει
761 590 908 662 αὐτῷ
941 593 970 644 ὁ
1003 589 1195 660 λύχνος
1227 588 1349 642 τότε
1394 590 1452 642 ἐν
1489 586 1711 659 εὐθηνίᾳ
1741 587 1921 658 ὑπάρ-

346 699 496 754 χοντι
517 699 532 713 ·
580 685 667 736 ὅτε
692 683 750 737 δέ
781 683 958 736 πάντα
989 681 1140 753 αὐτῷ
1175 680 1246 734 τὰ
1277 681 1590 753 ὑπάρχοντα
1614 677 1923 734 διαπεπτώο

346 791 456 838 κει,
490 771 644 829 εἶπεν
669 774 737 828 ἃν
765 776 859 829 καὶ
890 774 1052 837 αὐτός
1069 792 1083 804 ο
1121 774 1240 827 Ὅτι
1282 773 1566 838 ἐξέλιπον
1594 772 1738 826 ὡσεὶ
1770 787 1922 827 καπ-

345 867 454 934 νὸς
496 870 557 921 at
584 868 798 948 ῄμέραι
826 883 965 936 μου.
1021 865 1273 929 Τοιοῦτος
1309 865 1366 919 δέ
1397 867 1542 920 ἐστιν
1569 866 1598 918 ὀ
1623 863 1766 919 κατά
1790 862 1924 917 Θεὸν

347 957 563 1029 πτωχὸς
584 997 599 1022 ,
631 957 833 1024 ἀδόξως
869 957 965 1011 καὶ
1002 953 1224 1026 ἀφανῶς
1252 954 1352 1019 τὰς
1375 955 1587 1028 ἡμέρας
1620 953 1785 1009 αὐτοῦ
1822 951 1924 1023 τῆς

346 1050 683 1122 προσκαίρου
707 1048 853 1119 ζωῆς
895 1048 1178 1116 διεξάγων.
1206 1043 1340 1102 Εἶτα
1360 1048 1597 1110 ἀσιτίαις
1619 1045 1808 1100 ἐαυτδν
1831 1043 1925 1098 καὶ

345 1139 654 1194 κακώσεσιν
689 1139 1026 1205 ὑποσάλλων,
1050 1140 1108 1192 ἐν
1139 1139 1284 1210 λιμῷ
1311 1139 1406 1192 καὶ
1432 1139 1570 1209 δίψει
1595 1137 1925 1209 κατατρύχει

345 1234 438 1287 καὶ
470 1233 827 1304 καταφρύγει.
863 1232 976 1286 Καὶ
1004 1233 1125 1285 ἐπεὶ
1153 1229 1321 1286 πᾶσα
1342 1231 1500 1300 σὰρξ
1526 1230 1740 1301 χόρτος
1763 1270 1778 1295 ,
1825 1228 1924 1286 και

343 1320 515 1377 πᾶσα
543 1322 693 1387 δόξα
719 1320 904 1390 αὐτῆς
929 1323 1010 1389 ὡς
1034 1321 1217 1389 ἄνθος
1242 1324 1480 1392 χόρτου,
1507 1320 1784 1392 μαραίνων
1805 1321 1928 1374 ἐαυ-

342 1413 437 1468 τοῦ
463 1415 564 1486 τὴν
595 1414 774 1486 σάρκα
803 1413 969 1484 φησὶν
987 1452 1003 1478 ,
1044 1411 1352 1484 Ἐπλήγην
1377 1411 1519 1467 ὡσεὶ
1551 1413 1782 1482 χόρτος.

427 1526 486 1577 ὐ
513 1525 571 1579 δὲ
592 1524 798 1597 ἀληθὴς
832 1525 1151 1596 στεναγμὸς,
1180 1524 1238 1589 ὃς
1267 1526 1361 1579 καὶ
1391 1523 1574 1596 φωνὴν
1601 1523 1714 1596 ἔχει
1741 1524 1926 1578 ἀκουο·

347 1617 515 1688 μένην
546 1616 696 1688 παρά
728 1615 896 1680 Θεοῦ,
932 1617 1088 1687 τήκει
1129 1615 1189 1668 τὺ
1224 1615 1412 1686 σῶμα,
1459 1615 1556 1668 καὶ
1584 1615 1684 1685 τῆς
1727 1615 1926 1686 σαρκὸς

345 1708 637 1781 ἐργάζεται
662 1709 949 1779 νέκρωσιν,
980 1707 1120 1760 ὥστε
1144 1707 1234 1761 τὸν
1258 1705 1366 1760 έσω
1393 1706 1815 1761 ἀνακαινοῦσθαι
1841 1706 1928 1761 ἄν·

345 1799 582 1873 θρωπον.
627 1800 937 1864 Ἐπιδαλεῖς
962 1800 1018 1853 δὲ
1041 1799 1133 1853 καὶ
1160 1792 1286 1853 ὧδε·
1307 1798 1577 1852 Ἐκλείπει
1598 1799 1804 1864 καπνὸς
1826 1815 1928 1852 πυ-
1957 1839 2001 1898 Β

348 1893 440 1964 ρδς
468 1891 854 1962 σϐεννυμένουο
891 1889 1214 1961 ὑφεστηκὼς
1242 1891 1323 1954 είς
1346 1891 1469 1943 ὅσον
1500 1891 1713 1961 ἐνεργεῖ
1729 1889 1791 1942 τὸ
1812 1889 1925 1962 πῦρ

342 1976 389 2051 ᾧ
424 1983 584 2046 αὐτὸς
616 1981 1034 2055 παρακολουθεῖ.
1071 1981 1168 2035 Ἰν’
1202 1977 1315 2044 οὖν,
1343 1981 1498 2053 φησὶ,
1526 1980 1620 2034 καὶ
1644 1982 1699 2035 αἱ
1721 1981 1924 2052 ἡμέραι

348 2073 424 2146 μὴ
441 2074 783 2128 ἐκλείπωσιν.
806 2073 878 2128 Οὐ
895 2073 1004 2144 γάρ
1025 2089 1113 2142 μοι
1131 2072 1267 2143 πρὸς
1287 2071 1451 2126 καλοῦ
1465 2071 1617 2125 ἔσται
1632 2070 1693 2124 τὸ
1706 2071 1928 2141 σϐεσθῆ-

345 2182 434 2220 ναι
461 2164 523 2218 τδ
556 2165 670 2235 φῶς
700 2164 794 2219 ἀπ’
826 2163 958 2235 ἐμοῦ
993 2164 1053 2217 τὸ
1089 2164 1366 2235 ποιητικὸν
1393 2162 1502 2217 τῶν
1533 2161 1758 2234 ἡμερῶν
1791 2179 1922 2234 μουσ

344 2257 636 2328 παράγαγε
656 2258 724 2312 τά
754 2257 996 2330 θλιὸερά.
1032 2257 1095 2310 Εί
1119 2257 1226 2327 γάρ
1249 2256 1576 2327 ἐπιμένοιεν,
1601 2256 1748 2310 αἴτια
1768 2257 1928 2327 γενή-

347 2367 530 2406 σονται
564 2351 663 2422 τῆς
695 2351 988 2422 ἐκλείψεως
1019 2352 1129 2405 τῶν
1155 2349 1377 2422 ἡμερῶν
1410 2367 1510 2421 μου
1529 2389 1544 2412 ,
1573 2348 1707 2403 ἀλλά
1739 2351 1833 2404 καὶ
1859 2349 1929 2403 τά

345 2441 481 2498 ὀστᾶ
506 2461 606 2515 μου
634 2443 714 2498 ἔτι
741 2444 939 2516 μᾶλλον
970 2443 1335 2516 συμφρύξοιεν
1362 2441 1771 2513 παραμένοντα,
1803 2459 1927 2496 του-

345 2532 516 2598 τέστι,
550 2534 648 2598 τὰς
674 2534 923 2598 εὐτόνους
949 2535 1043 2588 καὶ
1073 2533 1469 2607 στερροτάτους
1500 2533 1598 2604 τῆς
1628 2531 1807 2604 ψυχῆς
1839 2533 1928 2586 δυ-

347 2625 570 2695 νάμεις,
603 2628 660 2680 αἶ
699 2627 794 2681 καὶ
829 2627 1241 2698 συμφρύγονται
1275 2624 1382 2679 ὑπὸ
1409 2624 1508 2696 τῆς
1539 2624 1648 2677 τῶν
1681 2623 1928 2696 ψυχικῶν

349 2715 538 2769 παθῶν
563 2718 882 2790 πυρώσεως.
933 2717 1277 2788 Ξηρανθῆναι
1315 2715 1371 2768 δὲ
1400 2714 1548 2786 αὐτῷ
1576 2714 1675 2787 τὴν
1703 2713 1929 2788 καρδίαν

351 2805 544 2877 φησὶν,
575 2806 724 2859 οὐδὲν
761 2805 943 2877 ίλαρδν
967 2804 1076 2858 οὐδ’
1101 2806 1186 2874 ἐφ’
1217 2797 1262 2872 ᾧ
1307 2804 1453 2857 ἐστιν
1486 2802 1628 2873 ἔχειν
1663 2801 1929 2873 θυμηδίαν

350 2898 714 2968 κεκτημένην.
764 2896 958 2965 Γέγονε
987 2893 1096 2968 γὰρ
1128 2897 1187 2948 ἐν
1220 2897 1333 2959 τοῖς
1363 2893 1747 2966 προκειμένοις
1776 2911 1930 2965 περι-

352 2991 622 3051 στατικοῖς
643 2988 916 3053 τοσοῦτον,
939 2988 1014 3052 ὡς
1043 2987 1237 3059 μηκέτι
1263 2981 1435 3040 οἷόντε
1455 2981 1593 3040 εῖναι
1614 2985 1707 3038 τὸν
1731 2985 1932 3042 κατάλ-

351 3079 511 3152 ληλον
544 3081 637 3136 καὶ
681 3081 936 3152 ἁρμόδιον
965 3083 1032 3153 τῇ
1082 3078 1386 3151 τιμιωτέρᾳ
1416 3077 1552 3150 αὐτῇ
1584 3077 1741 3149 οὐσίᾳ
1766 3077 1932 3149 ἄρτον

351 3171 674 3242 τρέφεσθαι⁴
699 3171 890 3225 τούτου
909 3172 1016 3242 γὰρ
1031 3169 1126 3224 τοῦ
1152 3171 1316 3243 ἄρτου
1342 3168 1772 3241 μεταλαμὸάνειν
1791 3167 1928 3231 ἐστι,

356 3263 430 3335 μὴ
475 3261 914 3333 περιελκόμενον,
953 3262 1088 3334 μηδὲ
1126 3261 1445 3332 θολούμενον
1485 3260 1592 3314 ὑπὸ
1617 3259 1726 3313 τῶν
1753 3260 1931 3324 ἐκτός.

353 3353 442 3416 Εἰς
469 3352 723 3406 τοσοῦτον
751 3353 808 3406 δέ
833 3371 964 3424 φησι
997 3354 1070 3426 μὴ
1096 3351 1398 3424 τεθράφθαι
1423 3352 1611 3406 τοῦτον
1636 3352 1725 3405 τὸν
1750 3351 1933 3424 ἄρτον,

351 3444 427 3507 ὡς
456 3444 552 3498 καὶ
581 3443 753 3516 λήθην
780 3443 924 3515 ἔχειν
950 3445 1044 3498 τοῦ
1079 3463 1208 3499 ποτε
1235 3443 1402 3498 αὑτοῦ
1436 3443 1754 3513 γεγεῦσθαι.
1788 3443 1935 3500 Πάνυ

351 3535 408 3588 δὲ
428 3534 698 3601 στενάζων
717 3535 805 3590 διὰ
825 3535 894 3589 τὰ
914 3537 1157 3608 παρόντα
1182 3537 1434 3600 ἐπίπονα,
1456 3535 1711 3590 τοσοῦτον
1737 3535 1936 3606 ἀφίημι

354 3628 740 3700 ἐπιτεταμένον
771 3629 866 3682 καὶ
893 3628 1094 3700 συνεχῆ
1131 3628 1460 3701 στεναγμὸν,
1494 3629 1571 3691 ὡς
1604 3629 1669 3680 ἐκ
1699 3626 1800 3697 τῆς
1828 3644 1938 3695 φω-

355 3722 453 3793 νῆς
477 3738 576 3793 μου
601 3721 740 3792 μετά
759 3720 1020 3791 ὀλολυγῆς
1043 3721 1336 3791 γινομένης
1356 3718 1679 3790 κολληθῖψαι
1702 3717 1797 3771 καὶ¹
1814 3717 1939 3787 τρό-

355 3832 456 3867 πον
484 3813 604 3870 τινὰ
636 3813 901 3885 ἐνωθῆναι
930 3813 992 3868 τὸ
1020 3811 1212 3866 ὀστοῦν
1250 3829 1352 3884 μου
1381 3814 1449 3882 τῇ
1482 3810 1644 3882 σαρκί
1676 3826 1778 3880 μου
1800 3848 1816 3874 ,
1849 3807 1938 3861 διὰ

354 3908 455 3981 τὴν
489 3907 687 3978 ποῗρλὴν
726 3905 992 3978 ξηρασίαν
1031 3902 1398 3972 ἀναποθείσης
1435 3902 1617 3972 πάσης
1657 3902 1756 3972 τῆς
1799 3915 1937 3970 παρ-

357 3999 708 4070 εσπαρμένης
743 3995 822 4068 τῷ
856 3994 1068 4068 σώματί
1103 4011 1202 4066 μου
1228 3993 1526 4066 ὑγρότητος
1561 3993 1627 4045 ἐκ
1651 3989 1752 4061 τῆς
1779 3988 1938 4043 ἐπελ-

356 4091 884 4163 θούσηςκακὼσεως.
909 4088 1056 4160 Αὕτη
1083 4087 1193 4160 γὰρ
1209 4089 1242 4159 ἡ
1261 4086 1496 4157 ὑγρότης
1511 4086 1599 4139 ὅτε
1619 4101 1709 4154 μοι
1731 4087 1934 4156 παρῆν,

357 4182 645 4237 πιαίνουσα
663 4182 722 4235 τὸ
748 4179 958 4244 ὀστοῦν,
987 4179 1158 4251 διῄρει
1186 4177 1317 4232 αὐτὸ
1344 4176 1452 4231 ἀπὸ
1470 4175 1570 4248 τῆς
1593 4174 1815 4246 σαρκὸς,
1837 4173 1936 4246 τὴν

358 4275 532 4346 μέσην
561 4275 739 4346 σάρκα
771 4274 865 4327 καὶ
897 4271 1098 4326 ὀστέων
1129 4269 1326 4341 ἔχουσα
1359 4267 1562 4340 χώραν.

432 4365 762 4436 Ὦμοιώθην
806 4362 1092 4419 πελεκᾶνι
1119 4359 1395 4432 ἐρημικῷ·
1453 4357 1672 4429 φεύγων
1696 4355 1937 4428 δηλονότι

357 4457 454 4521 τὰς
481 4459 538 4511 ἐν
566 4457 708 4528 ὀχλῳ
737 4455 1020 4528 διατριϐάς
1053 4452 1247 4526 ἐμονού
1256 4469 1362 4524 μην
1395 4452 1490 4506 καὶ
1513 4447 1933 4521 ἐξηνθρώπιζον.

2021 586 2204 642 dantia
2228 585 2518 640 exsistenti
2553 601 2566 638 :
2595 583 2817 654 quando
2843 600 2974 640 vero
2999 588 3215 642 cunctis
3247 586 3599 642 facultatibus

2020 679 2318 743 exciderat,
2350 677 2552 733 dixerit
2587 677 2753 732 etiam
2783 677 2902 748 ipse
2930 695 2944 732 :
2979 677 3118 746 Quia
3155 679 3460 750 defecerunt
3488 681 3597 736 sic-

2021 780 2081 826 ut
2111 771 2290 840 fumus
2342 770 2454 825 dies
2501 771 2621 825 mei.
2672 769 3000 840 Hujusmodi
3047 779 3227 826 autem
3269 781 3354 828 est
3384 772 3475 827 ille
3513 785 3600 825 se-

2022 861 2264 917 cundum
2300 859 2472 918 Deum
2501 876 2728 932 pauper,
2763 861 3032 932 inglorius
3063 870 3118 917 et
3157 862 3424 919 obscurus
3462 868 3602 918 tem-

2022 955 2227 1026 poralis
2251 954 2377 1010 vitae
2398 953 2517 1010 dies
2539 953 2871 1024 transigens.
2894 952 3102 1009 Deinde
3119 968 3249 1010 vero
3273 969 3394 1010 sese
3425 953 3599 1010 absti-

2014 1047 2228 1108 nentiis
2267 1055 2326 1104 et
2377 1047 2840 1102 macerationibus
2885 1046 3209 1116 subjicieus,
3244 1042 3386 1102 fame
3415 1053 3470 1101 et
3507 1045 3598 1100 siti

2024 1141 2260 1214 castigat
2294 1147 2348 1196 et
2389 1139 2636 1196 arefacit.
2685 1137 2754 1193 Et
2800 1139 2930 1210 quia
2973 1138 3143 1194 omnis
3175 1155 3300 1193 caro
3349 1139 3522 1208 fenum
3549 1148 3599 1192 et

2025 1236 2196 1290 omnis
2219 1235 2394 1306 gloria
2416 1234 2531 1304 ejus
2558 1233 2711 1304 quasi
2734 1232 2967 1304 ﬂosteni
2985 1234 3052 1298 ",
3071 1247 3292 1288 carnem
3317 1233 3606 1291 exsiccanl

2027 1343 2182 1386 suam
2209 1328 2288 1384 ait
2335 1344 2350 1380 :
2387 1326 2680 1382 Percussus
2712 1342 2827 1381 sum
2854 1336 2910 1380 ut
2947 1325 3148 1395 fenum.

2096 1525 2273 1584 Verus
2312 1537 2489 1582 autem
2530 1527 2784 1598 gemitus,
2820 1527 2912 1597 qui
2943 1541 3132 1581 vocem
3180 1525 3344 1580 habet
3391 1523 3459 1579 ad
3511 1523 3608 1582 Dei

2027 1631 2190 1674 aures
2219 1618 2646 1690 pervenientem,
2678 1634 2880 1688 corpus
2929 1618 3194 1683 exsiccat,
3228 1625 3280 1672 et
3311 1617 3607 1672 mortiﬁca-

2027 1712 2229 1768 tionem
2259 1712 2443 1768 carnis
2490 1713 2741 1783 peragit;
2792 1713 2868 1768 ita
2899 1719 2959 1767 ut
2997 1713 3226 1766 interior
3255 1712 3419 1767 homo
3453 1727 3609 1766 reno-

2027 1813 2206 1861 vetUr.
2240 1804 2338 1860 Hic
2369 1821 2534 1876 porro
2566 1806 2810 1861 animum
2856 1805 3118 1860 adhibeas
3153 1824 3166 1860 :
3201 1805 3391 1861 Deficit
3424 1804 3608 1860 fumus

2029 1899 2304 1954 exstincto
2361 1899 2518 1969 igne,
2572 1913 2696 1951 cum
2739 1897 2928 1952 tandiu
2961 1898 3193 1952 exsistat
3243 1897 3608 1961 solummodo,

2032 1989 2275 2060 quandiu
2305 1990 2447 2061 ignis
2479 1989 2611 2060 agit,
2650 2003 2811 2060 quem
2865 1988 3047 2044 fumus
3095 1987 3363 2059 sequitur.
3413 1986 3483 2042 Ut
3541 2003 3611 2043 ne

2032 2081 2238 2152 itaque,
2276 2080 2375 2147 ait,
2407 2080 2523 2136 dies
2547 2081 2652 2135 mei
2683 2079 2942 2134 deficiant
2969 2098 2985 2143 ;
3023 2095 3130 2133 non
3160 2095 3244 2134 me
3271 2080 3426 2149 juvat
3461 2079 3608 2134 enim

2033 2175 2078 2231 si
2134 2175 2228 2229 lux
2281 2188 2313 2229 a
2355 2187 2443 2228 me
2491 2173 2896 2242 exsdnguatur,
2924 2170 3178 2242 quaedies
3215 2187 3366 2227 meos
3405 2171 3613 2242 efﬁcit;

2031 2280 2303 2322 aerumnas
2343 2279 2553 2320 amove.
2596 2263 2732 2318 Nam
2783 2264 2828 2319 si
2875 2265 2980 2318 illa:
3031 2271 3308 2329 maneant,
3355 2265 3410 2318 in
3444 2278 3613 2320 causa

2032 2367 2194 2417 erunt
2227 2358 2373 2429 quod
2398 2357 2518 2413 dies
2549 2357 2656 2412 mei
2685 2356 2978 2425 deficiant;
3002 2357 3113 2411 imo
3141 2357 3324 2424 etiam,
3355 2358 3400 2412 si
3427 2373 3615 2428 perse-

2033 2449 2300 2512 verarint,
2321 2464 2448 2504 ossa
2465 2463 2586 2502 mea
2599 2448 2774 2519 magis
2798 2448 3078 2518 magisque
3091 2446 3408 2513 arefacient,
3431 2447 3484 2502 id
3507 2453 3613 2511 est,

2033 2543 2293 2600 robustas
2316 2552 2369 2597 et
2396 2539 2743 2595 firmissimas
2771 2540 2936 2594 animi
2971 2540 3224 2604 virtutes,
3251 2554 3373 2609 quae
3395 2541 3464 2594 ab
3491 2540 3617 2610 igne

2032 2634 2350 2707 passionum
2395 2631 2592 2686 animae
2637 2631 3005 2686 exsiccantur.
3065 2629 3382 2685 Arefactum
3433 2641 3614 2685 autem

2034 2742 2132 2781 cor
2155 2740 2313 2781 suum
2341 2740 2468 2780 esse
2497 2723 2652 2785 dicit,
2677 2722 2822 2794 quod
2851 2722 2986 2776 nihil
3021 2724 3222 2785 laetum,
3255 2720 3390 2774 nihil
3421 2721 3476 2774 in
3507 2737 3618 2790 quo

2033 2816 2270 2888 gaudere
2295 2815 2492 2879 valeat,
2517 2813 2814 2884 possideat.
2843 2812 2918 2866 lta
2949 2812 3094 2868 enim
3126 2814 3180 2866 in
3207 2812 3616 2873 calamitatibus

2034 2908 2318 2964 demersus
2347 2917 2452 2972 est,
2470 2913 2532 2961 ut
2555 2921 2662 2960 non
2687 2905 2830 2960 ultra
2856 2907 3030 2974 possit
3049 2904 3369 2974 congruenti
3394 2918 3458 2958 ac
3493 2918 3619 2974 pre—

2035 2998 2190 3052 tiosae
2213 3012 2324 3052 suae
2347 2995 2669 3052 substantiae
2688 2995 2886 3050 idoneo
2909 3010 3045 3066 pane
3072 2995 3269 3049 nutriri
3295 3010 3309 3047 :
3335 2995 3440 3050 hoc
3467 2995 3614 3050 enim

2034 3105 2174 3160 pane
2197 3098 2328 3143 tunc
2359 3089 2536 3142 solum
2567 3087 2646 3141 uti
2687 3086 2835 3153 licet,
2869 3102 2995 3142 cum
3024 3088 3189 3143 rebus
3217 3088 3474 3143 extrariis
3503 3103 3614 3143 non

1959 3199 2002 3258 (ς
2036 3181 2390 3250 abstrahitur,
2419 3195 2598 3250 neque
2627 3178 2884 3235 fmdatur.
2913 3173 3125 3234 Tamdiu
3176 3187 3356 3235 autem
3402 3197 3462 3238 se
3511 3181 3617 3237 bu-

2029 3276 2273 3348 jusmodi
2296 3276 2454 3346 panis
2485 3275 2745 3329 alimento
2769 3272 3040 3344 privatum
3075 3273 3174 3339 ait,
3204 3279 3264 3326 ut
3293 3287 3363 3328 ne
3392 3273 3614 3344 quidem

2034 3369 2348 3425 meminerit
2383 3384 2452 3422 an
2491 3367 2791 3439 aliquando
2825 3366 3002 3438 ipsum
3045 3366 3439 3437 degustaverit.
3479 3366 3621 3423 Mul-

2037 3471 2150 3518 tum
2184 3477 2347 3534 porro
2387 3461 2455 3516 de
2494 3460 2859 3532 praesentibus
2911 3459 3171 3514 aerumnis
3223 3459 3615 3530 ingemiscens,

2037 3563 2120 3610 tot
2148 3563 2369 3626 tamque
2400 3553 2707 3625 frequentia
2734 3552 2992 3622 suspiria,
3034 3558 3113 3604 tot
3143 3553 3378 3620 gemitus
3405 3551 3530 3617 edo,
3558 3560 3620 3608 ut

2037 3661 2067 3701 a
2117 3663 2244 3703 voce
2275 3662 2393 3702 mea
2425 3662 2550 3701 cum
2581 3645 2788 3716 ejulatu
2823 3644 3024 3699 emissa
3068 3659 3132 3698 os
3174 3659 3354 3700 meum
3394 3659 3492 3700 ceu
3524 3661 3620 3716 ag-

2037 3737 2362 3809 glutinatum
2390 3745 2445 3790 et
2475 3736 2796 3805 adjunctum
2836 3733 3000 3788 fuerit
3020 3736 3173 3788 carni
3208 3750 3361 3802 mea),
3398 3749 3520 3790 cum
3547 3733 3620 3790 ob

2037 3827 2262 3882 multam
2322 3826 2470 3880 illam
2503 3826 2830 3888 ariditatem,
2863 3825 3040 3881 omnis
3074 3825 3129 3879 in
3158 3840 3393 3895 corpore
3429 3841 3620 3897 sparsa

2037 3917 2337 3972 humiditas
2370 3931 2435 3971 ex
2493 3916 2782 3986 ingruente
2842 3915 3135 3971 afﬂictione
3189 3919 3392 3974 amissa
3447 3926 3616 3975 esset.

2037 4006 2163 4062 llaec
2192 4007 2393 4078 quippe
2416 4006 2716 4062 humiditas
2741 4022 2866 4061 cum
2897 4007 3135 4070 adesset,
3163 4024 3226 4063 os
3248 4009 3618 4081 impinguans,

2038 4097 2174 4154 illud
2204 4113 2236 4152 a
2271 4113 2441 4153 carne
2469 4096 2767 4162 dividebat,
2801 4113 2927 4152 cum
2958 4099 3196 4154 medium
3225 4100 3367 4155 inter
3393 4114 3618 4155 carnem

2036 4199 2091 4248 et
2119 4205 2247 4247 ossa
2271 4190 2454 4245 locum
2485 4197 2712 4246 teneret.

2110 4351 2276 4407 Vsus.
2302 4353 2354 4406 7.
2385 4351 2593 4407 Similis
2623 4351 2798 4421 factus
2844 4369 2962 4407 sum
2998 4353 3257 4422 pellicano
3289 4354 3618 4422 solitudinis,

2040 4445 2307 4516 siquidem
2345 4459 2528 4498 moras
2571 4444 2626 4497 in
2664 4444 2826 4499 turba
2871 4443 3109 4517 fugiens,
3153 4445 3306 4500 solus
3342 4453 3399 4503 et
3427 4447 3619 4518 procul

369 4549 525 4603 Ἐπεὶ
573 4550 668 4603 καὶ
700 4548 761 4602 τὸ
794 4547 930 4611 ζῶον
971 4545 1130 4600 τοῦτο
1173 4545 1470 4616 φιλέρημον
1498 4539 1632 4596 εἶναι
1663 4541 1934 4609 λέγεταιό

2040 4535 2354 4591 hominibus
2381 4534 2663 4605 degebam.
2711 4534 2849 4590 Nam
2894 4537 3100 4591 animal
3140 4538 3274 4593 illud
3320 4539 3622 4608 pellicanus

358 4638 616 4694 πελεκάν.
643 4638 949 4710 Παρίστησι
985 4636 1042 4690 δὲ
1076 4636 1170 4690 καὶ
1209 4636 1308 4705 τὴν
1340 4633 1575 4708 ἐρημίαν
1613 4632 1709 4686 τοῦ
1732 4631 1936 4695 ἔθνους,

357 4731 467 4785 καὶ·
480 4729 637 4784 τοῦτό
671 4746 773 4783 που
804 4727 926 4782 καθ’
949 4727 1014 4799 ἢν
1046 4725 1205 4797 μόνος
1225 4725 1452 4798 εὓρηται
1475 4719 1554 4789 εἷς
1576 4741 1678 4778 που
1709 4723 1802 4777 καὶ
1820 4721 1940 4776 δεύ·

358 4841 517 4896 τερος
543 4824 639 4876 καὶ
673 4821 893 4895 βραχεῖς
920 4836 1062 4883 τινες
1080 4835 1094 4850 ο
1127 4813 1237 4873 οἷον
1279 4819 1548 4891 Ἱερεμίας
1574 4817 1607 4889 ἢ
1631 4817 1874 4890 Βαροὺχ,
1904 4815 1938 4886 ἢ

359 4916 546 4990 ἕτερος
577 4915 683 4970 τῶν
713 4915 836 4968 τότε
856 4911 1310 4982 ἀπολειφθέντων,
1339 4905 1413 4967 ὧν
1442 4915 1506 4966 ἐκ
1536 4909 1825 4983 προσώπου
1850 4910 1938 4963 λέ-

360 5025 520 5074 γεται
551 5007 620 5062 τὰ
667 5005 1025 5079 προκείμενα.
1091 5003 1403 5076 Ὀμοιοῦται
1451 5004 1507 5056 δὲ
1555 5003 1650 5058 καὶ
1679 5004 1708 5055 ὀ
1739 5001 1942 5072 Κύριος

364 5099 617 5173 ὲρημικῷ
650 5099 905 5153 πελεκᾶνι
942 5096 1083 5152 κατὰ
1110 5097 1209 5169 τὴν
1253 5093 1346 5148 τοῦ
1373 5095 1559 5167 ὀρνέου
1586 5094 1775 5148 τούτου
1805 5095 1942 5166 πρὸς

360 5190 432 5244 τά
463 5190 660 5261 ἔγγονα
692 5189 1148 5262 θαυμασιωτάτην
1173 5185 1533 5258 συμπάθειαν.
1558 5186 1729 5240 Τοῦτο
1753 5185 1860 5258 γὰρ
1881 5185 1943 5240 τὸ

365 5282 506 5348 ζῶον
533 5283 634 5348 τάς
663 5281 883 5348 νοσσιάς
913 5281 1063 5355 παρά
1085 5280 1311 5351 πέτραις
1335 5277 1630 5349 ἀποτόμοις
1655 5277 1940 5350 πηγνύμε-

364 5395 456 5432 νον
478 5379 591 5440 τοῖς
634 5377 873 5438 νεοσσοῖς
891 5414 906 5439 ,
932 5373 994 5428 τὸ
1027 5371 1102 5446 μὴ
1131 5374 1304 5446 ῥᾷστα
1335 5370 1487 5442 παρά
1507 5387 1650 5435 τινος
1680 5371 1788 5424 τῶν
1821 5371 1941 5424 ἐπι·
1966 5383 1979 5396 ‘

366 5467 572 5521 δούλων
593 5464 1019 5536 διαφθείρεσθαι,
1043 5461 1460 5536 κατεργάζεται.
1495 5461 1631 5516 Ἀλλ’
1655 5463 1684 5517 ὃ
1704 5480 1769 5532 γε
1799 5461 1941 5533 ὄφις,

369 5558 707 5622 ὰποπτάντος
722 5554 898 5610 αὐτῶν
929 5553 1022 5608 τοῦ
1057 5554 1261 5626 πατρὸς
1280 5593 1296 5618 ,
1330 5551 1516 5623 ἐπειδὴ
1550 5553 1644 5607 καὶ
1670 5553 1745 5625 μὴ
1777 5570 1946 5626 προσ·-

369 5649 608 5721 εγγίζειν
639 5652 705 5722 τῇ
735 5648 899 5720 καλιᾷ
921 5647 1168 5713 δύναται,
1207 5645 1414 5717 ἐπιχέει
1452 5645 1639 5710 αὐτοῖς
1661 5645 1946 5719 πόρρωθεν

316 5822 358 5846 ’“’
439 5831 483 5864 ¹¹
523 5827 625 5908 Job
656 5845 785 5886 xm:
809 5868 826 5897 ,
855 5829 917 5885 ’5.
994 5827 1039 5860 "
1062 5825 1182 5906 ,Ιφ
1212 5837 1279 5880 ιι.
1301 5862 1319 5894 ,
1352 5821 1406 5879 6.

2040 4633 2289 4692 vocatus,
2320 4626 2635 4682 solitudinis
2664 4633 2749 4682 est
2776 4643 2988 4684 amans.
3020 4628 3270 4684 Declarat
3297 4645 3462 4699 porro
3489 4647 3622 4700 gen-

2040 4712 2112 4768 tis
2159 4712 2473 4768 vastitatem
2504 4721 2559 4768 et
2593 4713 2988 4781 solitudinem;
3025 4715 3185 4769 talem
3237 4715 3510 4780 videlicet,
3560 4725 3620 4770 ut

2041 4819 2186 4861 unus
2215 4811 2425 4860 tantum
2455 4807 2540 4860 vel
2572 4803 2702 4872 duo,
2736 4815 2830 4860 aut
2861 4809 3019 4876 pauci
3042 4805 3335 4860 admodum
3367 4822 3618 4863 remane-

2040 4904 2164 4952 rent
2196 4914 2211 4953 :
2243 4897 2420 4967 qualis
2453 4903 2572 4951 erat
2596 4895 2862 4952 Jeremias
2893 4905 2988 4951 aut
3030 4895 3266 4962 Baruch,
3294 4906 3388 4950 aut
3422 4899 3468 4954 si
3496 4899 3622 4969 quis

2043 4988 2184 5044 alius
2209 5004 2276 5044 ex
2306 4987 2375 5044 iis
2412 4990 2508 5059 qui
2550 4997 2681 5042 tunc
2724 4987 2901 5043 relicti
2942 4996 3092 5052 sunt,
3123 5003 3187 5043 ex
3223 5003 3456 5058 quorum
3497 5004 3623 5058 per-

2043 5097 2180 5141 sona
2206 5083 2323 5139 haec
2354 5085 2635 5140 dicuntur.
2685 5081 2894 5138 Similis
2929 5084 3058 5139 item
3087 5082 3354 5139 Dominus
3374 5091 3459 5139 est
3485 5083 3623 5138 soli-

2042 5175 2184 5240 tario
2223 5176 2516 5246 pellicano,
2560 5175 2864 5233 secundum
2916 5175 3113 5229 miram
3145 5175 3262 5230 avis
3293 5174 3461 5244 hujus
3491 5188 3621 5244 erga

2043 5255 2214 5323 fetum
2243 5267 2607 5324 affectionem.
2657 5266 2795 5322 Illud
2842 5268 3044 5340 quippe
3083 5267 3286 5322 animal
3317 5265 3528 5330 nidum,
3563 5264 3620 5320 in

2043 5361 2214 5433 petris
2236 5375 2301 5416 ac
2325 5361 2616 5432 praeruptis
2645 5359 2906 5423 deﬁxum,
2943 5359 3110 5430 pullis
3141 5358 3258 5415 suis
3292 5358 3366 5412 ita
3399 5358 3622 5413 concin-

2044 5460 2160 5518 nat,
2185 5461 2245 5508 ut
2275 5468 2306 5507 a
2336 5453 2624 5524 quibusvis
2655 5451 3075 5508 insidiatoribus
3101 5450 3263 5506 facile
3300 5449 3621 5506 labefastari

2044 5559 2154 5601 non
2169 5544 2366 5616 possit.
2391 5544 2654 5615 At,patre
2692 5545 2966 5608 avolante,
2999 5557 3245 5614 serpens,
3269 5543 3398 5612 quia
3429 5540 3623 5596 nidum

2044 5636 2197 5694 adire
2224 5635 2434 5710 nequit,
2463 5636 2617 5717 virus
2650 5651 2811 5693 suum
2841 5634 2978 5707 ipsis
3009 5635 3201 5707 procul
3226 5633 3482 5690 infundit.
3514 5629 3626 5688 0b-

2375 5829 2475 5862 "vi:
