  <div class='ocr_page' id='page_1' title='image "/cluster/home/n/w/nwhite01/storage/ocr_20150623/23:no.5/coo.31924054873033/643.png"; bbox 0 0 4102 6432; ppageno 0'>
   <div class='ocr_carea' id='block_1_1' title="bbox 506 364 645 421">
    <p class='ocr_par' dir='ltr' id='par_1_1' title="bbox 506 364 645 421">
     <span class='ocr_line' id='line_1_1' title="bbox 506 364 645 421; baseline 0.007 -1"><span class='ocrx_word' id='word_1_1' title='bbox 506 364 645 421; x_wconf 67' lang='grc'><strong>1235</strong></span> 
     </span>
    </p>
   </div>
   <div class='ocr_carea' id='block_1_2' title="bbox 1148 348 3030 413">
    <p class='ocr_par' dir='ltr' id='par_1_2' title="bbox 1148 348 3030 413">
     <span class='ocr_line' id='line_1_2' title="bbox 1148 348 3030 413; baseline -0.005 0"><span class='ocrx_word' id='word_1_2' title='bbox 1148 355 1416 413; x_wconf 81' lang='lat' dir='ltr'><strong>EUSEBII</strong></span> <span class='ocrx_word' id='word_1_3' title='bbox 1447 352 1931 412; x_wconf 70' lang='lat' dir='ltr'><strong>CASSARIENSIS</strong></span> <span class='ocrx_word' id='word_1_4' title='bbox 1967 351 2121 410; x_wconf 85' lang='lat' dir='ltr'><strong>OPP.</strong></span> <span class='ocrx_word' id='word_1_5' title='bbox 2160 348 2342 406; x_wconf 81' lang='lat' dir='ltr'><strong>PARS</strong></span> <span class='ocrx_word' id='word_1_6' title='bbox 2380 348 2467 406; x_wconf 79' lang='lat' dir='ltr'><strong>Ill.</strong></span> <span class='ocrx_word' id='word_1_7' title='bbox 2508 377 2578 391; x_wconf 89' lang='lat'><strong>-</strong></span> <span class='ocrx_word' id='word_1_8' title='bbox 2615 348 3030 406; x_wconf 81' lang='lat' dir='ltr'><strong>EXEGETICA.</strong></span> 
     </span>
    </p>
   </div>
   <div class='ocr_carea' id='block_1_3' title="bbox 3607 349 3745 405">
    <p class='ocr_par' dir='ltr' id='par_1_3' title="bbox 3607 349 3745 405">
     <span class='ocr_line' id='line_1_3' title="bbox 3607 349 3745 405; baseline 0.014 -2"><span class='ocrx_word' id='word_1_9' title='bbox 3607 349 3745 405; x_wconf 73' lang='grc'><strong>1256</strong></span> 
     </span>
    </p>
   </div>
   <div class='ocr_carea' id='block_1_4' title="bbox 504 454 2078 550">
    <p class='ocr_par' dir='ltr' id='par_1_4' title="bbox 504 475 2070 550">
     <span class='ocr_line' id='line_1_4' title="bbox 504 475 2070 550; baseline -0.007 -11"><span class='ocrx_word' id='word_1_10' title='bbox 504 488 686 539; x_wconf 80' lang='lat' dir='ltr'><strong>servat</strong></span> <span class='ocrx_word' id='word_1_11' title='bbox 708 480 851 536; x_wconf 86' lang='lat' dir='ltr'><strong>enim</strong></span> <span class='ocrx_word' id='word_1_12' title='bbox 874 492 983 550; x_wconf 89' lang='lat' dir='ltr'><strong>qua</strong></span> <span class='ocrx_word' id='word_1_13' title='bbox 1002 486 1198 535; x_wconf 88' lang='lat' dir='ltr'><strong>ventus</strong></span> <span class='ocrx_word' id='word_1_14' title='bbox 1226 476 1435 550; x_wconf 76' lang='lat' dir='ltr'><strong>perﬂet,</strong></span> <span class='ocrx_word' id='word_1_15' title='bbox 1465 484 1630 547; x_wconf 87' lang='lat' dir='ltr'><strong>atque</strong></span> <span class='ocrx_word' id='word_1_16' title='bbox 1659 475 1784 531; x_wconf 88' lang='lat' dir='ltr'><strong>inde</strong></span> <span class='ocrx_word' id='word_1_17' title='bbox 1806 489 2070 530; x_wconf 88' lang='lat' dir='ltr'><strong>venenum</strong></span> 
     </span>
    </p>
   </div>
   <div class='ocr_carea' id='block_1_5' title="bbox 2178 454 3751 550">
    <p class='ocr_par' dir='ltr' id='par_1_5' title="bbox 2178 472 3751 545">
     <span class='ocr_line' id='line_1_5' title="bbox 2178 472 3751 545; baseline -0.001 -19"><span class='ocrx_word' id='word_1_18' title='bbox 2178 473 2265 526; x_wconf 84' lang='grc' dir='ltr'>τὸν</span> <span class='ocrx_word' id='word_1_19' title='bbox 2286 472 2363 527; x_wconf 85' lang='grc' dir='ltr'><strong>ίόν</strong></span> <span class='ocrx_word' id='word_1_20' title='bbox 2382 488 2395 500; x_wconf 85' lang='grc'><strong>·</strong></span> <span class='ocrx_word' id='word_1_21' title='bbox 2424 474 2750 543; x_wconf 86' lang='grc' dir='ltr'>περισκοπεῖ</span> <span class='ocrx_word' id='word_1_22' title='bbox 2768 472 2876 545; x_wconf 78' lang='grc' dir='ltr'>γὰρ</span> <span class='ocrx_word' id='word_1_23' title='bbox 2904 473 3026 529; x_wconf 81' lang='grc' dir='ltr'>ὅθεν</span> <span class='ocrx_word' id='word_1_24' title='bbox 3051 477 3176 528; x_wconf 82' lang='grc' dir='ltr'><strong>πνεῖ</strong></span> <span class='ocrx_word' id='word_1_25' title='bbox 3195 476 3224 527; x_wconf 92' lang='lat'><strong>6</strong></span> <span class='ocrx_word' id='word_1_26' title='bbox 3247 474 3466 545; x_wconf 81' lang='grc' dir='ltr'>ἄνεμος,</span> <span class='ocrx_word' id='word_1_27' title='bbox 3496 472 3751 528; x_wconf 84' lang='grc' dir='ltr'>κάκεῖθεν</span> 
     </span>
    </p>
   </div>
   <div class='ocr_carea' id='block_1_6' title="bbox 503 564 2074 642">
    <p class='ocr_par' dir='ltr' id='par_1_6' title="bbox 503 564 2074 642">
     <span class='ocr_line' id='line_1_6' title="bbox 503 564 2074 642; baseline -0.005 -13"><span class='ocrx_word' id='word_1_28' title='bbox 503 586 666 629; x_wconf 85' lang='lat' dir='ltr'><strong>suum</strong></span> <span class='ocrx_word' id='word_1_29' title='bbox 692 571 857 642; x_wconf 84' lang='lat' dir='ltr'><strong>pullis</strong></span> <span class='ocrx_word' id='word_1_30' title='bbox 880 568 1117 636; x_wconf 78' lang='lat' dir='ltr'><strong>exhalat,</strong></span> <span class='ocrx_word' id='word_1_31' title='bbox 1152 569 1226 622; x_wconf 88' lang='lat' dir='ltr'><strong>ita</strong></span> <span class='ocrx_word' id='word_1_32' title='bbox 1259 576 1320 622; x_wconf 93' lang='lat' dir='ltr'><strong>ut</strong></span> <span class='ocrx_word' id='word_1_33' title='bbox 1347 567 1640 623; x_wconf 90' lang='lat' dir='ltr'><strong>intereant.</strong></span> <span class='ocrx_word' id='word_1_34' title='bbox 1667 564 1774 621; x_wconf 85' lang='lat' dir='ltr'><strong>Sed</strong></span> <span class='ocrx_word' id='word_1_35' title='bbox 1799 574 1954 636; x_wconf 88' lang='lat' dir='ltr'><strong>pater</strong></span> <span class='ocrx_word' id='word_1_36' title='bbox 1978 579 2074 621; x_wconf 84' lang='lat' dir='ltr'><strong>eo-</strong></span> 
     </span>
    </p>
   </div>
   <div class='ocr_carea' id='block_1_7' title="bbox 506 654 2077 725">
    <p class='ocr_par' dir='ltr' id='par_1_7' title="bbox 506 654 2077 725">
     <span class='ocr_line' id='line_1_7' title="bbox 506 654 2077 725; baseline -0.006 -6"><span class='ocrx_word' id='word_1_37' title='bbox 506 678 631 719; x_wconf 91' lang='lat' dir='ltr'><strong>rum</strong></span> <span class='ocrx_word' id='word_1_38' title='bbox 675 675 871 717; x_wconf 82' lang='lat' dir='ltr'><strong>rursus</strong></span> <span class='ocrx_word' id='word_1_39' title='bbox 900 658 1188 725; x_wconf 88' lang='lat' dir='ltr'><strong>advolans,</strong></span> <span class='ocrx_word' id='word_1_40' title='bbox 1220 673 1287 713; x_wconf 87' lang='lat' dir='ltr'><strong>ac</strong></span> <span class='ocrx_word' id='word_1_41' title='bbox 1323 656 1561 713; x_wconf 83' lang='lat' dir='ltr'><strong>naturali</strong></span> <span class='ocrx_word' id='word_1_42' title='bbox 1605 656 1819 711; x_wconf 86' lang='lat' dir='ltr'><strong>ratione</strong></span> <span class='ocrx_word' id='word_1_43' title='bbox 1850 654 2077 710; x_wconf 78' lang='lat' dir='ltr'><strong>insidias</strong></span> 
     </span>
    </p>
   </div>
   <div class='ocr_carea' id='block_1_8' title="bbox 507 745 2079 823">
    <p class='ocr_par' dir='ltr' id='par_1_8' title="bbox 507 745 2079 823">
     <span class='ocr_line' id='line_1_8' title="bbox 507 745 2079 823; baseline -0.005 -14"><span class='ocrx_word' id='word_1_44' title='bbox 507 751 881 823; x_wconf 85' lang='lat' dir='ltr'><strong>conspicatus,</strong></span> <span class='ocrx_word' id='word_1_45' title='bbox 947 749 1098 805; x_wconf 89' lang='lat' dir='ltr'><strong>novit</strong></span> <span class='ocrx_word' id='word_1_46' title='bbox 1143 756 1198 805; x_wconf 90' lang='lat' dir='ltr'><strong>et</strong></span> <span class='ocrx_word' id='word_1_47' title='bbox 1248 749 1368 819; x_wconf 87' lang='lat' dir='ltr'><strong>ipse</strong></span> <span class='ocrx_word' id='word_1_48' title='bbox 1411 763 1522 819; x_wconf 93' lang='lat' dir='ltr'><strong>quo</strong></span> <span class='ocrx_word' id='word_1_49' title='bbox 1565 754 1725 818; x_wconf 88' lang='lat' dir='ltr'><strong>pacto</strong></span> <span class='ocrx_word' id='word_1_50' title='bbox 1756 745 2079 801; x_wconf 82' lang='lat' dir='ltr'><strong>reviviscere</strong></span> 
     </span>
    </p>
   </div>
   <div class='ocr_carea' id='block_1_9' title="bbox 506 837 2073 917">
    <p class='ocr_par' dir='ltr' id='par_1_9' title="bbox 506 837 2073 917">
     <span class='ocr_line' id='line_1_9' title="bbox 506 837 2073 917; baseline -0.008 -16"><span class='ocrx_word' id='word_1_51' title='bbox 506 844 740 917; x_wconf 85' lang='lat' dir='ltr'><strong>possint.</strong></span> <span class='ocrx_word' id='word_1_52' title='bbox 773 842 983 899; x_wconf 86' lang='lat' dir='ltr'><strong>Nuhem</strong></span> <span class='ocrx_word' id='word_1_53' title='bbox 1016 841 1163 898; x_wconf 92' lang='lat' dir='ltr'><strong>enim</strong></span> <span class='ocrx_word' id='word_1_54' title='bbox 1191 841 1469 905; x_wconf 84' lang='lat' dir='ltr'><strong>observat,</strong></span> <span class='ocrx_word' id='word_1_55' title='bbox 1494 848 1549 896; x_wconf 87' lang='lat' dir='ltr'><strong>et</strong></span> <span class='ocrx_word' id='word_1_56' title='bbox 1578 840 1633 894; x_wconf 94' lang='lat' dir='ltr'><strong>in</strong></span> <span class='ocrx_word' id='word_1_57' title='bbox 1653 838 1890 895; x_wconf 89' lang='lat' dir='ltr'><strong>sublime</strong></span> <span class='ocrx_word' id='word_1_58' title='bbox 1905 837 2073 900; x_wconf 79' lang='lat' dir='ltr'><strong>volat,</strong></span> 
     </span>
    </p>
   </div>
   <div class='ocr_carea' id='block_1_10' title="bbox 505 927 2076 1006">
    <p class='ocr_par' dir='ltr' id='par_1_10' title="bbox 505 927 2076 1006">
     <span class='ocr_line' id='line_1_10' title="bbox 505 927 2076 1006; baseline -0.004 -16"><span class='ocrx_word' id='word_1_59' title='bbox 505 927 576 991; x_wconf 77' lang='lat' dir='ltr'><strong>ac</strong></span> <span class='ocrx_word' id='word_1_60' title='bbox 626 950 795 1006; x_wconf 83' lang='lat' dir='ltr'><strong>supra</strong></span> <span class='ocrx_word' id='word_1_61' title='bbox 833 940 996 1003; x_wconf 85' lang='lat' dir='ltr'><strong>caput</strong></span> <span class='ocrx_word' id='word_1_62' title='bbox 1030 932 1248 987; x_wconf 90' lang='lat' dir='ltr'><strong>illorum</strong></span> <span class='ocrx_word' id='word_1_63' title='bbox 1294 930 1499 987; x_wconf 86' lang='lat' dir='ltr'><strong>sensim</strong></span> <span class='ocrx_word' id='word_1_64' title='bbox 1536 930 1746 993; x_wconf 89' lang='lat' dir='ltr'><strong>volitat,</strong></span> <span class='ocrx_word' id='word_1_65' title='bbox 1796 928 2076 998; x_wconf 72' lang='lat' dir='ltr'><strong>latamque</strong></span> 
     </span>
    </p>
   </div>
   <div class='ocr_carea' id='block_1_11' title="bbox 505 1019 2076 1098">
    <p class='ocr_par' dir='ltr' id='par_1_11' title="bbox 505 1019 2076 1098">
     <span class='ocr_line' id='line_1_11' title="bbox 505 1019 2076 1098; baseline -0.005 -17"><span class='ocrx_word' id='word_1_66' title='bbox 505 1027 703 1098; x_wconf 88' lang='lat' dir='ltr'><strong>pennis</strong></span> <span class='ocrx_word' id='word_1_67' title='bbox 729 1025 1101 1082; x_wconf 88' lang='lat' dir='ltr'><strong>vehementius</strong></span> <span class='ocrx_word' id='word_1_68' title='bbox 1126 1023 1401 1094; x_wconf 86' lang='lat' dir='ltr'><strong>quatiens,</strong></span> <span class='ocrx_word' id='word_1_69' title='bbox 1422 1022 1705 1093; x_wconf 72' lang='lat' dir='ltr'><strong>sanguinis</strong></span> <span class='ocrx_word' id='word_1_70' title='bbox 1731 1028 1914 1093; x_wconf 88' lang='lat' dir='ltr'><strong>guttas</strong></span> <span class='ocrx_word' id='word_1_71' title='bbox 1943 1019 2076 1090; x_wconf 87' lang='lat' dir='ltr'><strong>ipsis</strong></span> 
     </span>
    </p>
   </div>
   <div class='ocr_carea' id='block_1_12' title="bbox 503 1112 2073 1189">
    <p class='ocr_par' dir='ltr' id='par_1_12' title="bbox 503 1112 2073 1189">
     <span class='ocr_line' id='line_1_12' title="bbox 503 1112 2073 1189; baseline -0.002 -16"><span class='ocrx_word' id='word_1_72' title='bbox 503 1117 761 1189; x_wconf 78' lang='lat' dir='ltr'><strong>exprimit</strong></span> <span class='ocrx_word' id='word_1_73' title='bbox 800 1125 854 1172; x_wconf 89' lang='lat' dir='ltr'><strong>et</strong></span> <span class='ocrx_word' id='word_1_74' title='bbox 881 1116 1082 1174; x_wconf 83' lang='lat' dir='ltr'><strong>emittit</strong></span> <span class='ocrx_word' id='word_1_75' title='bbox 1106 1135 1120 1170; x_wconf 89' lang='lat'><strong>:</strong></span> <span class='ocrx_word' id='word_1_76' title='bbox 1150 1114 1256 1170; x_wconf 82' lang='lat' dir='ltr'><strong>illae</strong></span> <span class='ocrx_word' id='word_1_77' title='bbox 1286 1128 1417 1170; x_wconf 91' lang='lat' dir='ltr'><strong>vero</strong></span> <span class='ocrx_word' id='word_1_78' title='bbox 1438 1128 1536 1184; x_wconf 89' lang='lat' dir='ltr'><strong>per</strong></span> <span class='ocrx_word' id='word_1_79' title='bbox 1556 1114 1754 1170; x_wconf 88' lang='lat' dir='ltr'><strong>nubem</strong></span> <span class='ocrx_word' id='word_1_80' title='bbox 1784 1112 2073 1171; x_wconf 82' lang='lat' dir='ltr'><strong>stillantes.</strong></span> 
     </span>
    </p>
   </div>
   <div class='ocr_carea' id='block_1_13' title="bbox 502 1201 2079 1273">
    <p class='ocr_par' dir='ltr' id='par_1_13' title="bbox 502 1201 2079 1273">
     <span class='ocr_line' id='line_1_13' title="bbox 502 1201 2079 1273; baseline -0.004 -12"><span class='ocrx_word' id='word_1_81' title='bbox 502 1206 775 1261; x_wconf 88' lang='lat' dir='ltr'><strong>viviticam</strong></span> <span class='ocrx_word' id='word_1_82' title='bbox 794 1204 1028 1261; x_wconf 87' lang='lat' dir='ltr'><strong>mortuis</strong></span> <span class='ocrx_word' id='word_1_83' title='bbox 1044 1203 1153 1257; x_wconf 91' lang='lat' dir='ltr'><strong>vim</strong></span> <span class='ocrx_word' id='word_1_84' title='bbox 1174 1202 1430 1267; x_wconf 68' lang='lat' dir='ltr'><strong>efferunt,</strong></span> <span class='ocrx_word' id='word_1_85' title='bbox 1457 1210 1621 1273; x_wconf 88' lang='lat' dir='ltr'><strong>atque</strong></span> <span class='ocrx_word' id='word_1_86' title='bbox 1639 1204 1711 1256; x_wconf 89' lang='lat' dir='ltr'><strong>ita</strong></span> <span class='ocrx_word' id='word_1_87' title='bbox 1738 1201 1816 1256; x_wconf 90' lang='lat' dir='ltr'><strong>illi</strong></span> <span class='ocrx_word' id='word_1_88' title='bbox 1834 1201 2079 1257; x_wconf 82' lang='lat' dir='ltr'><strong>excitan-</strong></span> 
     </span>
    </p>
   </div>
   <div class='ocr_carea' id='block_1_14' title="bbox 502 1292 2075 1365">
    <p class='ocr_par' dir='ltr' id='par_1_14' title="bbox 502 1292 2075 1365">
     <span class='ocr_line' id='line_1_14' title="bbox 502 1292 2075 1365; baseline -0.003 -15"><span class='ocrx_word' id='word_1_89' title='bbox 502 1304 615 1354; x_wconf 88' lang='lat' dir='ltr'><strong>tur.</strong></span> <span class='ocrx_word' id='word_1_90' title='bbox 644 1293 954 1352; x_wconf 89' lang='lat' dir='ltr'><strong>Pellicanus</strong></span> <span class='ocrx_word' id='word_1_91' title='bbox 982 1295 1169 1365; x_wconf 86' lang='lat' dir='ltr'><strong>itaque</strong></span> <span class='ocrx_word' id='word_1_92' title='bbox 1209 1302 1330 1365; x_wconf 86' lang='lat' dir='ltr'><strong>pro‘</strong></span> <span class='ocrx_word' id='word_1_93' title='bbox 1351 1293 1583 1349; x_wconf 89' lang='lat' dir='ltr'><strong>Domino</strong></span> <span class='ocrx_word' id='word_1_94' title='bbox 1621 1293 1908 1364; x_wconf 88' lang='lat' dir='ltr'><strong>accipitur,</strong></span> <span class='ocrx_word' id='word_1_95' title='bbox 1942 1292 2075 1364; x_wconf 88' lang='lat' dir='ltr'><strong>pulli</strong></span> 
     </span>
    </p>
   </div>
   <div class='ocr_carea' id='block_1_15' title="bbox 502 1384 2077 1459">
    <p class='ocr_par' dir='ltr' id='par_1_15' title="bbox 502 1384 2077 1459">
     <span class='ocr_line' id='line_1_15' title="bbox 502 1384 2077 1459; baseline -0.002 -17"><span class='ocrx_word' id='word_1_96' title='bbox 502 1402 605 1459; x_wconf 93' lang='lat' dir='ltr'><strong>pro</strong></span> <span class='ocrx_word' id='word_1_97' title='bbox 639 1386 831 1458; x_wconf 87' lang='lat' dir='ltr'><strong>primis</strong></span> <span class='ocrx_word' id='word_1_98' title='bbox 858 1385 1201 1457; x_wconf 88' lang='lat' dir='ltr'><strong>parentibus,</strong></span> <span class='ocrx_word' id='word_1_99' title='bbox 1234 1384 1398 1440; x_wconf 90' lang='lat' dir='ltr'><strong>nidus</strong></span> <span class='ocrx_word' id='word_1_100' title='bbox 1427 1401 1526 1456; x_wconf 90' lang='lat' dir='ltr'><strong>pro</strong></span> <span class='ocrx_word' id='word_1_101' title='bbox 1549 1384 1826 1457; x_wconf 85' lang='lat' dir='ltr'><strong>paradiso,</strong></span> <span class='ocrx_word' id='word_1_102' title='bbox 1850 1400 2077 1455; x_wconf 88' lang='lat' dir='ltr'><strong>serpens</strong></span> 
     </span>
    </p>
   </div>
   <div class='ocr_carea' id='block_1_16' title="bbox 502 1475 2074 1550">
    <p class='ocr_par' dir='ltr' id='par_1_16' title="bbox 502 1475 2074 1550">
     <span class='ocr_line' id='line_1_16' title="bbox 502 1475 2074 1550; baseline -0.003 -17"><span class='ocrx_word' id='word_1_103' title='bbox 502 1494 605 1550; x_wconf 91' lang='lat' dir='ltr'><strong>pro</strong></span> <span class='ocrx_word' id='word_1_104' title='bbox 625 1485 877 1549; x_wconf 86' lang='lat' dir='ltr'><strong>apostata</strong></span> <span class='ocrx_word' id='word_1_105' title='bbox 905 1478 1145 1533; x_wconf 88' lang='lat' dir='ltr'><strong>diabolo.</strong></span> <span class='ocrx_word' id='word_1_106' title='bbox 1175 1475 1477 1532; x_wconf 82' lang='lat' dir='ltr'><strong>lnsulllavit</strong></span> <span class='ocrx_word' id='word_1_107' title='bbox 1503 1491 1635 1548; x_wconf 79' lang='lat' dir='ltr'><strong>ergo</strong></span> <span class='ocrx_word' id='word_1_108' title='bbox 1665 1477 1757 1533; x_wconf 90' lang='lat' dir='ltr'><strong>ille</strong></span> <span class='ocrx_word' id='word_1_109' title='bbox 1789 1490 1889 1547; x_wconf 92' lang='lat' dir='ltr'><strong>per</strong></span> <span class='ocrx_word' id='word_1_110' title='bbox 1914 1475 2074 1530; x_wconf 88' lang='lat' dir='ltr'><strong>inob-</strong></span> 
     </span>
    </p>
   </div>
   <div class='ocr_carea' id='block_1_17' title="bbox 504 1564 2073 1641">
    <p class='ocr_par' dir='ltr' id='par_1_17' title="bbox 504 1564 2073 1641">
     <span class='ocr_line' id='line_1_17' title="bbox 504 1564 2073 1641; baseline -0.001 -16"><span class='ocrx_word' id='word_1_111' title='bbox 504 1570 847 1641; x_wconf 89' lang='lat' dir='ltr'><strong>sequentiam</strong></span> <span class='ocrx_word' id='word_1_112' title='bbox 878 1568 1074 1641; x_wconf 90' lang='lat' dir='ltr'><strong>primis</strong></span> <span class='ocrx_word' id='word_1_113' title='bbox 1117 1569 1439 1640; x_wconf 89' lang='lat' dir='ltr'><strong>parentibus</strong></span> <span class='ocrx_word' id='word_1_114' title='bbox 1475 1570 1531 1624; x_wconf 89' lang='lat' dir='ltr'><strong>in</strong></span> <span class='ocrx_word' id='word_1_115' title='bbox 1568 1568 1825 1640; x_wconf 87' lang='lat' dir='ltr'><strong>paradiso</strong></span> <span class='ocrx_word' id='word_1_116' title='bbox 1856 1564 2073 1641; x_wconf 90' lang='lat' dir='ltr'><strong>positis,</strong></span> 
     </span>
    </p>
   </div>
   <div class='ocr_carea' id='block_1_18' title="bbox 501 1660 2073 1732">
    <p class='ocr_par' dir='ltr' id='par_1_18' title="bbox 501 1660 2073 1732">
     <span class='ocr_line' id='line_1_18' title="bbox 501 1660 2073 1732; baseline -0.001 -14"><span class='ocrx_word' id='word_1_117' title='bbox 501 1670 845 1732; x_wconf 88' lang='lat' dir='ltr'><strong>mortemque</strong></span> <span class='ocrx_word' id='word_1_118' title='bbox 906 1661 1114 1717; x_wconf 77' lang='lat' dir='ltr'><strong>invexit</strong></span> <span class='ocrx_word' id='word_1_119' title='bbox 1165 1661 1275 1717; x_wconf 91' lang='lat' dir='ltr'><strong>illis</strong></span> <span class='ocrx_word' id='word_1_120' title='bbox 1324 1679 1338 1715; x_wconf 94' lang='lat'>:</span> <span class='ocrx_word' id='word_1_121' title='bbox 1388 1660 1645 1717; x_wconf 89' lang='lat' dir='ltr'><strong>Christus</strong></span> <span class='ocrx_word' id='word_1_122' title='bbox 1697 1674 1828 1716; x_wconf 91' lang='lat' dir='ltr'><strong>vero</strong></span> <span class='ocrx_word' id='word_1_123' title='bbox 1886 1673 2073 1716; x_wconf 88' lang='lat' dir='ltr'><strong>amore</strong></span> 
     </span>
    </p>
   </div>
   <div class='ocr_carea' id='block_1_19' title="bbox 501 1752 2074 1826">
    <p class='ocr_par' dir='ltr' id='par_1_19' title="bbox 501 1752 2074 1826">
     <span class='ocr_line' id='line_1_19' title="bbox 501 1752 2074 1826; baseline -0.001 -17"><span class='ocrx_word' id='word_1_124' title='bbox 501 1752 677 1809; x_wconf 88' lang='lat' dir='ltr'><strong>nostri</strong></span> <span class='ocrx_word' id='word_1_125' title='bbox 727 1761 1032 1826; x_wconf 87' lang='lat' dir='ltr'><strong>permotus,</strong></span> <span class='ocrx_word' id='word_1_126' title='bbox 1079 1753 1137 1808; x_wconf 90' lang='lat' dir='ltr'><strong>in</strong></span> <span class='ocrx_word' id='word_1_127' title='bbox 1163 1768 1329 1810; x_wconf 91' lang='lat' dir='ltr'><strong>cruce</strong></span> <span class='ocrx_word' id='word_1_128' title='bbox 1376 1753 1671 1821; x_wconf 78' lang='lat' dir='ltr'><strong>exaltatus,</strong></span> <span class='ocrx_word' id='word_1_129' title='bbox 1697 1767 1762 1808; x_wconf 90' lang='lat' dir='ltr'><strong>ac</strong></span> <span class='ocrx_word' id='word_1_130' title='bbox 1793 1752 1851 1808; x_wconf 90' lang='lat' dir='ltr'><strong>in</strong></span> <span class='ocrx_word' id='word_1_131' title='bbox 1904 1752 2074 1808; x_wconf 85' lang='lat' dir='ltr'><strong>latere</strong></span> 
     </span>
    </p>
   </div>
   <div class='ocr_carea' id='block_1_20' title="bbox 2183 561 3749 632">
    <p class='ocr_par' dir='ltr' id='par_1_20' title="bbox 2183 561 3749 632">
     <span class='ocr_line' id='line_1_20' title="bbox 2183 561 3749 632; baseline 0.001 -19"><span class='ocrx_word' id='word_1_132' title='bbox 2183 562 2402 632; x_wconf 80' lang='grc' dir='ltr'>ἐμφυσᾷ</span> <span class='ocrx_word' id='word_1_133' title='bbox 2424 562 2538 624; x_wconf 87' lang='grc' dir='ltr'>τοῖς</span> <span class='ocrx_word' id='word_1_134' title='bbox 2569 563 2799 625; x_wconf 82' lang='grc' dir='ltr'><strong>νεοττοῖς</strong></span> <span class='ocrx_word' id='word_1_135' title='bbox 2828 561 2920 614; x_wconf 80' lang='grc' dir='ltr'>τὸν</span> <span class='ocrx_word' id='word_1_136' title='bbox 2954 562 3031 615; x_wconf 82' lang='grc' dir='ltr'>ίὸν</span> <span class='ocrx_word' id='word_1_137' title='bbox 3059 562 3223 616; x_wconf 83' lang='grc' dir='ltr'>αὐτοῦ</span> <span class='ocrx_word' id='word_1_138' title='bbox 3241 601 3257 627; x_wconf 87' lang='grc'><strong>,</strong></span> <span class='ocrx_word' id='word_1_139' title='bbox 3286 562 3384 619; x_wconf 71' lang='grc' dir='ltr'>καὶ</span> <span class='ocrx_word' id='word_1_140' title='bbox 3408 561 3749 618; x_wconf 80' lang='grc' dir='ltr'><strong>τελευτῶσιν.</strong></span> 
     </span>
    </p>
   </div>
   <div class='ocr_carea' id='block_1_21' title="bbox 2189 648 3753 725">
    <p class='ocr_par' dir='ltr' id='par_1_21' title="bbox 2189 648 3753 725">
     <span class='ocr_line' id='line_1_21' title="bbox 2189 648 3753 725; baseline -0.001 -18"><span class='ocrx_word' id='word_1_141' title='bbox 2189 653 2325 707; x_wconf 82' lang='grc' dir='ltr'>Ἀλλ’</span> <span class='ocrx_word' id='word_1_142' title='bbox 2345 653 2374 705; x_wconf 90' lang='lat'><strong>6</strong></span> <span class='ocrx_word' id='word_1_143' title='bbox 2405 653 2693 723; x_wconf 76' lang='grc' dir='ltr'><strong>γεννήσας,</strong></span> <span class='ocrx_word' id='word_1_144' title='bbox 2720 652 2904 716; x_wconf 82' lang='grc' dir='ltr'>αὐτοῖς</span> <span class='ocrx_word' id='word_1_145' title='bbox 2931 654 3165 718; x_wconf 77' lang='grc' dir='ltr'>ἐπιπτάς</span> <span class='ocrx_word' id='word_1_146' title='bbox 3181 648 3356 719; x_wconf 79' lang='grc' dir='ltr'>αὖθις,</span> <span class='ocrx_word' id='word_1_147' title='bbox 3381 654 3477 709; x_wconf 75' lang='grc' dir='ltr'>καὶ</span> <span class='ocrx_word' id='word_1_148' title='bbox 3498 651 3598 725; x_wconf 80' lang='grc' dir='ltr'>τὴν</span> <span class='ocrx_word' id='word_1_149' title='bbox 3627 653 3753 707; x_wconf 84' lang='grc' dir='ltr'>ἐπι·-</span> 
     </span>
    </p>
   </div>
   <div class='ocr_carea' id='block_1_22' title="bbox 2175 739 3754 816">
    <p class='ocr_par' dir='ltr' id='par_1_22' title="bbox 2175 739 3754 816">
     <span class='ocr_line' id='line_1_22' title="bbox 2175 739 3754 816; baseline 0.001 -19"><span class='ocrx_word' id='word_1_150' title='bbox 2175 743 2368 815; x_wconf 81' lang='grc' dir='ltr'>6ουλὴν</span> <span class='ocrx_word' id='word_1_151' title='bbox 2394 745 2641 813; x_wconf 80' lang='grc' dir='ltr'><strong>φυσικοῖς</strong></span> <span class='ocrx_word' id='word_1_152' title='bbox 2659 743 2838 812; x_wconf 78' lang='grc' dir='ltr'><strong>λόγοις</strong></span> <span class='ocrx_word' id='word_1_153' title='bbox 2857 743 3015 808; x_wconf 74' lang='grc' dir='ltr'>εἰδὼς</span> <span class='ocrx_word' id='word_1_154' title='bbox 3028 784 3042 809; x_wconf 95' lang='grc'><strong>,</strong></span> <span class='ocrx_word' id='word_1_155' title='bbox 3069 739 3177 800; x_wconf 80' lang='grc' dir='ltr'>οἶδε</span> <span class='ocrx_word' id='word_1_156' title='bbox 3197 745 3358 802; x_wconf 83' lang='grc' dir='ltr'>πάλιν</span> <span class='ocrx_word' id='word_1_157' title='bbox 3379 744 3580 816; x_wconf 84' lang='grc' dir='ltr'>ὁμοίως</span> <span class='ocrx_word' id='word_1_158' title='bbox 3603 744 3754 808; x_wconf 80' lang='grc' dir='ltr'>ὅπως</span> 
     </span>
    </p>
   </div>
   <div class='ocr_carea' id='block_1_23' title="bbox 2175 833 3754 907">
    <p class='ocr_par' dir='ltr' id='par_1_23' title="bbox 2175 833 3754 907">
     <span class='ocr_line' id='line_1_23' title="bbox 2175 833 3754 907; baseline 0.001 -21"><span class='ocrx_word' id='word_1_159' title='bbox 2175 833 2589 889; x_wconf 78' lang='grc' dir='ltr'>ἀνασιώσονται.</span> <span class='ocrx_word' id='word_1_160' title='bbox 2651 836 2851 888; x_wconf 87' lang='grc' dir='ltr'>Σκοπεῖ</span> <span class='ocrx_word' id='word_1_161' title='bbox 2889 835 2999 907; x_wconf 80' lang='grc' dir='ltr'><strong>γάρ</strong></span> <span class='ocrx_word' id='word_1_162' title='bbox 3029 836 3259 907; x_wconf 80' lang='grc' dir='ltr'><strong>νεφέλην</strong></span> <span class='ocrx_word' id='word_1_163' title='bbox 3291 837 3386 890; x_wconf 74' lang='grc' dir='ltr'>καὶ</span> <span class='ocrx_word' id='word_1_164' title='bbox 3419 834 3640 889; x_wconf 86' lang='grc' dir='ltr'>πέτεται</span> <span class='ocrx_word' id='word_1_165' title='bbox 3673 835 3754 899; x_wconf 84' lang='grc' dir='ltr'>εὶς</span> 
     </span>
    </p>
   </div>
   <div class='ocr_carea' id='block_1_24' title="bbox 2177 922 3754 998">
    <p class='ocr_par' dir='ltr' id='par_1_24' title="bbox 2177 922 3754 998">
     <span class='ocr_line' id='line_1_24' title="bbox 2177 922 3754 998; baseline -0.001 -20"><span class='ocrx_word' id='word_1_166' title='bbox 2177 922 2331 995; x_wconf 75' lang='grc' dir='ltr'>ὕψος,</span> <span class='ocrx_word' id='word_1_167' title='bbox 2357 925 2450 978; x_wconf 82' lang='grc' dir='ltr'>καὶ</span> <span class='ocrx_word' id='word_1_168' title='bbox 2476 923 2618 979; x_wconf 84' lang='grc' dir='ltr'>κατὰ</span> <span class='ocrx_word' id='word_1_169' title='bbox 2640 924 2883 998; x_wconf 82' lang='grc' dir='ltr'>κορυφὴν</span> <span class='ocrx_word' id='word_1_170' title='bbox 2910 927 3094 997; x_wconf 72' lang='grc' dir='ltr'>ἠρέμα</span> <span class='ocrx_word' id='word_1_171' title='bbox 3122 927 3210 979; x_wconf 83' lang='grc' dir='ltr'><strong>ἐπ’</strong></span> <span class='ocrx_word' id='word_1_172' title='bbox 3235 927 3419 990; x_wconf 79' lang='grc' dir='ltr'>αὐτοῖς</span> <span class='ocrx_word' id='word_1_173' title='bbox 3446 923 3754 997; x_wconf 78' lang='grc' dir='ltr'>πτερύσσε-</span> 
     </span>
    </p>
   </div>
   <div class='ocr_carea' id='block_1_25' title="bbox 2175 1014 3755 1089">
    <p class='ocr_par' dir='ltr' id='par_1_25' title="bbox 2175 1014 3755 1089">
     <span class='ocr_line' id='line_1_25' title="bbox 2175 1014 3755 1089; baseline 0.001 -21"><span class='ocrx_word' id='word_1_174' title='bbox 2175 1031 2288 1078; x_wconf 88' lang='grc' dir='ltr'>ται,</span> <span class='ocrx_word' id='word_1_175' title='bbox 2317 1015 2411 1069; x_wconf 76' lang='grc' dir='ltr'>καὶ</span> <span class='ocrx_word' id='word_1_176' title='bbox 2428 1014 2497 1071; x_wconf 80' lang='grc' dir='ltr'>τὰ</span> <span class='ocrx_word' id='word_1_177' title='bbox 2523 1015 2730 1086; x_wconf 81' lang='grc' dir='ltr'>πλευρά</span> <span class='ocrx_word' id='word_1_178' title='bbox 2752 1019 2866 1080; x_wconf 83' lang='grc' dir='ltr'>τοῖς</span> <span class='ocrx_word' id='word_1_179' title='bbox 2892 1018 3111 1088; x_wconf 79' lang='grc' dir='ltr'><strong>πτεροῖς</strong></span> <span class='ocrx_word' id='word_1_180' title='bbox 3135 1016 3474 1089; x_wconf 73' lang='grc' dir='ltr'>ἑκατέρωθεν</span> <span class='ocrx_word' id='word_1_181' title='bbox 3497 1016 3755 1087; x_wconf 86' lang='grc' dir='ltr'>πλήσσων</span> 
     </span>
    </p>
   </div>
   <div class='ocr_carea' id='block_1_26' title="bbox 2178 1107 3755 1180">
    <p class='ocr_par' dir='ltr' id='par_1_26' title="bbox 2178 1107 3755 1180">
     <span class='ocr_line' id='line_1_26' title="bbox 2178 1107 3755 1180; baseline 0 -19"><span class='ocrx_word' id='word_1_182' title='bbox 2178 1107 2566 1178; x_wconf 84' lang='grc' dir='ltr'>σφοδρότερον,</span> <span class='ocrx_word' id='word_1_183' title='bbox 2611 1107 2843 1180; x_wconf 81' lang='grc' dir='ltr'>αἵματος</span> <span class='ocrx_word' id='word_1_184' title='bbox 2874 1108 3058 1173; x_wconf 80' lang='grc' dir='ltr'>αὐτοῖς</span> <span class='ocrx_word' id='word_1_185' title='bbox 3083 1109 3299 1180; x_wconf 77' lang='grc' dir='ltr'><strong>ῥανίδας</strong></span> <span class='ocrx_word' id='word_1_186' title='bbox 3336 1108 3581 1180; x_wconf 79' lang='grc' dir='ltr'><strong>ἀφίησιν·</strong></span> <span class='ocrx_word' id='word_1_187' title='bbox 3607 1108 3665 1161; x_wconf 87' lang='grc' dir='ltr'><strong>αί</strong></span> <span class='ocrx_word' id='word_1_188' title='bbox 3695 1108 3755 1161; x_wconf 86' lang='grc' dir='ltr'>δὲ</span> 
     </span>
    </p>
   </div>
   <div class='ocr_carea' id='block_1_27' title="bbox 2175 1197 3751 1272">
    <p class='ocr_par' dir='ltr' id='par_1_27' title="bbox 2175 1197 3751 1272">
     <span class='ocr_line' id='line_1_27' title="bbox 2175 1197 3751 1272; baseline 0.001 -20"><span class='ocrx_word' id='word_1_189' title='bbox 2175 1197 2263 1253; x_wconf 77' lang='grc' dir='ltr'><strong>διὰ</strong></span> <span class='ocrx_word' id='word_1_190' title='bbox 2292 1197 2389 1271; x_wconf 83' lang='grc' dir='ltr'>τῆς</span> <span class='ocrx_word' id='word_1_191' title='bbox 2420 1200 2647 1271; x_wconf 78' lang='grc' dir='ltr'>νεφέλης</span> <span class='ocrx_word' id='word_1_192' title='bbox 2680 1200 3064 1266; x_wconf 78' lang='grc' dir='ltr'>ἐπιστάζουσαι</span> <span class='ocrx_word' id='word_1_193' title='bbox 3095 1199 3357 1270; x_wconf 73' lang='grc' dir='ltr'>ζωογόνον</span> <span class='ocrx_word' id='word_1_194' title='bbox 3396 1204 3511 1264; x_wconf 87' lang='grc' dir='ltr'>τοῖς</span> <span class='ocrx_word' id='word_1_195' title='bbox 3545 1217 3751 1272; x_wconf 82' lang='grc' dir='ltr'>νεκρω·</span> 
     </span>
    </p>
   </div>
   <div class='ocr_carea' id='block_1_28' title="bbox 2177 1289 3750 1363">
    <p class='ocr_par' dir='ltr' id='par_1_28' title="bbox 2177 1289 3750 1363">
     <span class='ocr_line' id='line_1_28' title="bbox 2177 1289 3750 1363; baseline -0.001 -18"><span class='ocrx_word' id='word_1_196' title='bbox 2177 1289 2344 1346; x_wconf 80' lang='grc' dir='ltr'>θεῖσιν</span> <span class='ocrx_word' id='word_1_197' title='bbox 2375 1291 2641 1345; x_wconf 74' lang='grc' dir='ltr'><strong>ἐντιθέασι</strong></span> <span class='ocrx_word' id='word_1_198' title='bbox 2667 1290 2916 1363; x_wconf 88' lang='grc' dir='ltr'>δύναμιν,</span> <span class='ocrx_word' id='word_1_199' title='bbox 2943 1292 3040 1346; x_wconf 76' lang='grc' dir='ltr'>καὶ</span> <span class='ocrx_word' id='word_1_200' title='bbox 3059 1293 3381 1363; x_wconf 81' lang='grc' dir='ltr'>ἐγείρονται.</span> <span class='ocrx_word' id='word_1_201' title='bbox 3405 1290 3750 1363; x_wconf 80' lang='grc' dir='ltr'>Λαμὸάνεται</span> 
     </span>
    </p>
   </div>
   <div class='ocr_carea' id='block_1_29' title="bbox 2175 1377 3752 1455">
    <p class='ocr_par' dir='ltr' id='par_1_29' title="bbox 2175 1377 3752 1455">
     <span class='ocr_line' id='line_1_29' title="bbox 2175 1377 3752 1455; baseline 0.001 -20"><span class='ocrx_word' id='word_1_202' title='bbox 2175 1377 2269 1436; x_wconf 77' lang='grc' dir='ltr'>οὖν</span> <span class='ocrx_word' id='word_1_203' title='bbox 2292 1384 2320 1436; x_wconf 98' lang='lat'><strong>6</strong></span> <span class='ocrx_word' id='word_1_204' title='bbox 2352 1382 2587 1437; x_wconf 75' lang='grc' dir='ltr'>πελεκάν</span> <span class='ocrx_word' id='word_1_205' title='bbox 2625 1383 2707 1447; x_wconf 80' lang='grc' dir='ltr'>εἰς</span> <span class='ocrx_word' id='word_1_206' title='bbox 2735 1383 2825 1437; x_wconf 81' lang='grc' dir='ltr'><strong>τὸν</strong></span> <span class='ocrx_word' id='word_1_207' title='bbox 2857 1383 3061 1455; x_wconf 78' lang='grc' dir='ltr'><strong>Κύριον</strong></span> <span class='ocrx_word' id='word_1_208' title='bbox 3079 1424 3094 1446; x_wconf 92' lang='grc'><strong>,</strong></span> <span class='ocrx_word' id='word_1_209' title='bbox 3119 1386 3168 1437; x_wconf 82' lang='grc' dir='ltr'>οἱ</span> <span class='ocrx_word' id='word_1_210' title='bbox 3197 1382 3254 1437; x_wconf 85' lang='grc' dir='ltr'>δὲ</span> <span class='ocrx_word' id='word_1_211' title='bbox 3286 1382 3492 1439; x_wconf 80' lang='grc' dir='ltr'>νεοττοὶ</span> <span class='ocrx_word' id='word_1_212' title='bbox 3522 1384 3603 1448; x_wconf 81' lang='grc' dir='ltr'>εἰς</span> <span class='ocrx_word' id='word_1_213' title='bbox 3629 1382 3752 1446; x_wconf 77' lang='grc' dir='ltr'>τοὺς</span> 
     </span>
    </p>
   </div>
   <div class='ocr_carea' id='block_1_30' title="bbox 2176 1473 3756 1547">
    <p class='ocr_par' dir='ltr' id='par_1_30' title="bbox 2176 1473 3756 1547">
     <span class='ocr_line' id='line_1_30' title="bbox 2176 1473 3756 1547; baseline -0.001 -19"><span class='ocrx_word' id='word_1_214' title='bbox 2176 1473 2631 1546; x_wconf 60' lang='grc' dir='ltr'>πρωοπλάστους</span> <span class='ocrx_word' id='word_1_215' title='bbox 2653 1515 2669 1539; x_wconf 96' lang='grc'><strong>,</strong></span> <span class='ocrx_word' id='word_1_216' title='bbox 2692 1475 2725 1547; x_wconf 78' lang='grc' dir='ltr'>ἡ</span> <span class='ocrx_word' id='word_1_217' title='bbox 2757 1475 2813 1528; x_wconf 84' lang='grc' dir='ltr'>δὲ</span> <span class='ocrx_word' id='word_1_218' title='bbox 2843 1474 3004 1529; x_wconf 82' lang='grc' dir='ltr'>καλιά</span> <span class='ocrx_word' id='word_1_219' title='bbox 3028 1476 3107 1538; x_wconf 82' lang='grc' dir='ltr'><strong>εἰς</strong></span> <span class='ocrx_word' id='word_1_220' title='bbox 3132 1474 3222 1528; x_wconf 85' lang='grc' dir='ltr'>τὸν</span> <span class='ocrx_word' id='word_1_221' title='bbox 3250 1474 3577 1547; x_wconf 79' lang='grc' dir='ltr'>παράδεισον</span> <span class='ocrx_word' id='word_1_222' title='bbox 3594 1514 3611 1539; x_wconf 91' lang='grc'><strong>,</strong></span> <span class='ocrx_word' id='word_1_223' title='bbox 3643 1475 3674 1527; x_wconf 87' lang='lat'><strong>6</strong></span> <span class='ocrx_word' id='word_1_224' title='bbox 3698 1474 3756 1528; x_wconf 79' lang='grc' dir='ltr'>δὲ</span> 
     </span>
    </p>
   </div>
   <div class='ocr_carea' id='block_1_31' title="bbox 2174 1557 3755 1637">
    <p class='ocr_par' dir='ltr' id='par_1_31' title="bbox 2174 1557 3755 1637">
     <span class='ocr_line' id='line_1_31' title="bbox 2174 1557 3755 1637; baseline 0 -19"><span class='ocrx_word' id='word_1_225' title='bbox 2174 1565 2296 1637; x_wconf 76' lang='grc' dir='ltr'>ὄφις</span> <span class='ocrx_word' id='word_1_226' title='bbox 2319 1566 2399 1630; x_wconf 88' lang='grc' dir='ltr'><strong>είς</strong></span> <span class='ocrx_word' id='word_1_227' title='bbox 2425 1565 2515 1619; x_wconf 80' lang='grc' dir='ltr'>τὸν</span> <span class='ocrx_word' id='word_1_228' title='bbox 2536 1566 2845 1637; x_wconf 83' lang='grc' dir='ltr'><strong>ἀποστάτην</strong></span> <span class='ocrx_word' id='word_1_229' title='bbox 2867 1565 3131 1620; x_wconf 81' lang='grc' dir='ltr'>διάϐολον.</span> <span class='ocrx_word' id='word_1_230' title='bbox 3167 1564 3528 1637; x_wconf 74' lang='grc' dir='ltr'>Ἑνεςρύσησεν</span> <span class='ocrx_word' id='word_1_231' title='bbox 3548 1561 3640 1621; x_wconf 77' lang='grc' dir='ltr'>οὖν</span> <span class='ocrx_word' id='word_1_232' title='bbox 3665 1557 3755 1636; x_wconf 64' lang='grc' dir='ltr'><strong>οῦς</strong></span> 
     </span>
    </p>
   </div>
   <div class='ocr_carea' id='block_1_32' title="bbox 2174 1655 3757 1728">
    <p class='ocr_par' dir='ltr' id='par_1_32' title="bbox 2174 1655 3757 1728">
     <span class='ocr_line' id='line_1_32' title="bbox 2174 1655 3757 1728; baseline 0 -18"><span class='ocrx_word' id='word_1_233' title='bbox 2174 1674 2267 1721; x_wconf 87' lang='grc' dir='ltr'><strong>τος</strong></span> <span class='ocrx_word' id='word_1_234' title='bbox 2307 1655 2396 1711; x_wconf 79' lang='grc' dir='ltr'><strong>διὰ</strong></span> <span class='ocrx_word' id='word_1_235' title='bbox 2436 1656 2535 1728; x_wconf 83' lang='grc' dir='ltr'>τῆς</span> <span class='ocrx_word' id='word_1_236' title='bbox 2565 1657 2848 1728; x_wconf 79' lang='grc' dir='ltr'><strong>παρακοῆς</strong></span> <span class='ocrx_word' id='word_1_237' title='bbox 2885 1658 2998 1721; x_wconf 86' lang='grc' dir='ltr'>τοῖς</span> <span class='ocrx_word' id='word_1_238' title='bbox 3022 1658 3080 1710; x_wconf 86' lang='grc' dir='ltr'><strong>ἐν</strong></span> <span class='ocrx_word' id='word_1_239' title='bbox 3107 1656 3185 1727; x_wconf 82' lang='grc' dir='ltr'>τῷ</span> <span class='ocrx_word' id='word_1_240' title='bbox 3214 1655 3523 1728; x_wconf 75' lang='grc' dir='ltr'>παραδείσῳ</span> <span class='ocrx_word' id='word_1_241' title='bbox 3552 1656 3757 1710; x_wconf 79' lang='grc' dir='ltr'>τεθεῖσι</span> 
     </span>
    </p>
   </div>
   <div class='ocr_carea' id='block_1_33' title="bbox 2176 1748 3757 1822">
    <p class='ocr_par' dir='ltr' id='par_1_33' title="bbox 2176 1748 3757 1822">
     <span class='ocr_line' id='line_1_33' title="bbox 2176 1748 3757 1822; baseline 0 -20"><span class='ocrx_word' id='word_1_242' title='bbox 2176 1748 2653 1822; x_wconf 86' lang='grc' dir='ltr'>πρωτοπλάστοις,</span> <span class='ocrx_word' id='word_1_243' title='bbox 2705 1749 2799 1803; x_wconf 76' lang='grc' dir='ltr'>καὶ</span> <span class='ocrx_word' id='word_1_244' title='bbox 2844 1749 3111 1821; x_wconf 83' lang='grc' dir='ltr'>νέκρωσιν</span> <span class='ocrx_word' id='word_1_245' title='bbox 3143 1750 3331 1813; x_wconf 81' lang='grc' dir='ltr'>αὐτοῖς</span> <span class='ocrx_word' id='word_1_246' title='bbox 3363 1750 3692 1805; x_wconf 83' lang='grc' dir='ltr'>ἐντέθεικεν·</span> <span class='ocrx_word' id='word_1_247' title='bbox 3723 1749 3757 1801; x_wconf 87' lang='grc' dir='ltr'><strong>ό</strong></span> 
     </span>
    </p>
   </div>
   <div class='ocr_carea' id='block_1_34' title="bbox 501 1818 2078 1916">
    <p class='ocr_par' dir='ltr' id='par_1_34' title="bbox 501 1818 2073 1916">
     <span class='ocr_line' id='line_1_34' title="bbox 501 1818 2073 1916; baseline -0.001 -18"><span class='ocrx_word' id='word_1_248' title='bbox 501 1818 842 1910; x_wconf 70' lang='lat' dir='ltr'><strong>vulneratus,</strong></span> <span class='ocrx_word' id='word_1_249' title='bbox 873 1818 1146 1899; x_wconf 79' lang='lat' dir='ltr'><strong>viviticum</strong></span> <span class='ocrx_word' id='word_1_250' title='bbox 1172 1843 1300 1901; x_wconf 92' lang='lat' dir='ltr'><strong>inde</strong></span> <span class='ocrx_word' id='word_1_251' title='bbox 1332 1818 1665 1916; x_wconf 23' lang='lat' dir='ltr'><strong>sanguinem-</strong></span> <span class='ocrx_word' id='word_1_252' title='bbox 1684 1843 1891 1900; x_wconf 87' lang='lat' dir='ltr'><strong>stillare</strong></span> <span class='ocrx_word' id='word_1_253' title='bbox 1924 1841 2073 1911; x_wconf 82' lang='lat' dir='ltr'><strong>fecit,</strong></span> 
     </span>
    </p>
   </div>
   <div class='ocr_carea' id='block_1_35' title="bbox 2178 1818 3755 1916">
    <p class='ocr_par' dir='ltr' id='par_1_35' title="bbox 2178 1818 3755 1914">
     <span class='ocr_line' id='line_1_35' title="bbox 2178 1818 3755 1914; baseline -0.001 -19"><span class='ocrx_word' id='word_1_254' title='bbox 2178 1818 2497 1913; x_wconf 67' lang='grc' dir='ltr'>δέ“Χριστδς</span> <span class='ocrx_word' id='word_1_255' title='bbox 2527 1839 2616 1894; x_wconf 82' lang='grc' dir='ltr'><strong>διὰ</strong></span> <span class='ocrx_word' id='word_1_256' title='bbox 2645 1840 2745 1912; x_wconf 78' lang='grc' dir='ltr'>τὴν</span> <span class='ocrx_word' id='word_1_257' title='bbox 2777 1840 2913 1913; x_wconf 82' lang='grc' dir='ltr'>πρὸς</span> <span class='ocrx_word' id='word_1_258' title='bbox 2945 1818 3090 1913; x_wconf 66' lang='grc' dir='ltr'>ημᾶς</span> <span class='ocrx_word' id='word_1_259' title='bbox 3119 1842 3340 1914; x_wconf 84' lang='grc' dir='ltr'>ἀγάπην</span> <span class='ocrx_word' id='word_1_260' title='bbox 3369 1840 3505 1912; x_wconf 74' lang='grc' dir='ltr'>ὑψοῦ</span> <span class='ocrx_word' id='word_1_261' title='bbox 3533 1842 3755 1911; x_wconf 88' lang='grc' dir='ltr'>γενόμε-</span> 
     </span>
    </p>
   </div>
   <div class='ocr_carea' id='block_1_36' title="bbox 501 1934 2075 2008">
    <p class='ocr_par' dir='ltr' id='par_1_36' title="bbox 501 1934 2075 2008">
     <span class='ocr_line' id='line_1_36' title="bbox 501 1934 2075 2008; baseline -0.001 -16"><span class='ocrx_word' id='word_1_262' title='bbox 501 1952 713 2008; x_wconf 87' lang='lat' dir='ltr'><strong>nosque</strong></span> <span class='ocrx_word' id='word_1_263' title='bbox 732 1946 980 1993; x_wconf 89' lang='lat' dir='ltr'><strong>mortuos</strong></span> <span class='ocrx_word' id='word_1_264' title='bbox 1012 1952 1109 2008; x_wconf 93' lang='lat' dir='ltr'><strong>per</strong></span> <span class='ocrx_word' id='word_1_265' title='bbox 1140 1938 1343 1993; x_wconf 88' lang='lat' dir='ltr'><strong>nubem</strong></span> <span class='ocrx_word' id='word_1_266' title='bbox 1389 1937 1568 1993; x_wconf 88' lang='lat' dir='ltr'><strong>sancti</strong></span> <span class='ocrx_word' id='word_1_267' title='bbox 1630 1934 1868 2007; x_wconf 88' lang='lat' dir='ltr'><strong>Spiritus</strong></span> <span class='ocrx_word' id='word_1_268' title='bbox 1897 1935 2075 1991; x_wconf 79' lang='lat' dir='ltr'><strong>viviﬁ-</strong></span> 
     </span>
    </p>
   </div>
   <div class='ocr_carea' id='block_1_37' title="bbox 500 2027 2077 2099">
    <p class='ocr_par' dir='ltr' id='par_1_37' title="bbox 500 2027 2077 2099">
     <span class='ocr_line' id='line_1_37' title="bbox 500 2027 2077 2099; baseline -0.003 -13"><span class='ocrx_word' id='word_1_269' title='bbox 500 2029 688 2086; x_wconf 78' lang='lat' dir='ltr'><strong>cavit:</strong></span> <span class='ocrx_word' id='word_1_270' title='bbox 709 2028 908 2084; x_wconf 81' lang='lat' dir='ltr'><strong>Factus</strong></span> <span class='ocrx_word' id='word_1_271' title='bbox 936 2045 1056 2084; x_wconf 85' lang='lat' dir='ltr'><strong>sum</strong></span> <span class='ocrx_word' id='word_1_272' title='bbox 1083 2030 1215 2084; x_wconf 87' lang='lat' dir='ltr'><strong>sicut</strong></span> <span class='ocrx_word' id='word_1_273' title='bbox 1249 2029 1556 2099; x_wconf 77' lang='lat' dir='ltr'><strong>nycticoraa;</strong></span> <span class='ocrx_word' id='word_1_274' title='bbox 1581 2029 1637 2082; x_wconf 85' lang='lat' dir='ltr'><strong>in</strong></span> <span class='ocrx_word' id='word_1_275' title='bbox 1664 2027 1953 2082; x_wconf 85' lang='lat' dir='ltr'><strong>domicilio.</strong></span> <span class='ocrx_word' id='word_1_276' title='bbox 1981 2027 2077 2082; x_wconf 87' lang='lat' dir='ltr'><strong>Ti-</strong></span> 
     </span>
    </p>
   </div>
   <div class='ocr_carea' id='block_1_38' title="bbox 499 2118 2074 2193">
    <p class='ocr_par' dir='ltr' id='par_1_38' title="bbox 499 2118 2074 2193">
     <span class='ocr_line' id='line_1_38' title="bbox 499 2118 2074 2193; baseline -0.001 -16"><span class='ocrx_word' id='word_1_277' title='bbox 499 2121 683 2180; x_wconf 88' lang='lat' dir='ltr'><strong>midus</strong></span> <span class='ocrx_word' id='word_1_278' title='bbox 699 2131 782 2179; x_wconf 85' lang='lat' dir='ltr'><strong>est</strong></span> <span class='ocrx_word' id='word_1_279' title='bbox 791 2122 1139 2193; x_wconf 78' lang='lat' dir='ltr'><strong>nycticorax;</strong></span> <span class='ocrx_word' id='word_1_280' title='bbox 1163 2135 1335 2192; x_wconf 91' lang='lat' dir='ltr'><strong>quare</strong></span> <span class='ocrx_word' id='word_1_281' title='bbox 1352 2121 1496 2177; x_wconf 91' lang='lat' dir='ltr'><strong>ultro</strong></span> <span class='ocrx_word' id='word_1_282' title='bbox 1521 2118 1771 2192; x_wconf 91' lang='lat' dir='ltr'><strong>citroque</strong></span> <span class='ocrx_word' id='word_1_283' title='bbox 1788 2119 1999 2191; x_wconf 76' lang='lat' dir='ltr'><strong>fugiens</strong></span> <span class='ocrx_word' id='word_1_284' title='bbox 2017 2120 2074 2175; x_wconf 92' lang='lat' dir='ltr'><strong>in</strong></span> 
     </span>
    </p>
   </div>
   <div class='ocr_carea' id='block_1_39' title="bbox 500 2212 2076 2284">
    <p class='ocr_par' dir='ltr' id='par_1_39' title="bbox 500 2212 2076 2284">
     <span class='ocr_line' id='line_1_39' title="bbox 500 2212 2076 2284; baseline -0.001 -14"><span class='ocrx_word' id='word_1_285' title='bbox 500 2213 904 2271; x_wconf 89' lang='lat' dir='ltr'><strong>domiciliorum</strong></span> <span class='ocrx_word' id='word_1_286' title='bbox 942 2213 1231 2269; x_wconf 85' lang='lat' dir='ltr'><strong>ruderibus</strong></span> <span class='ocrx_word' id='word_1_287' title='bbox 1259 2220 1563 2283; x_wconf 89' lang='lat' dir='ltr'><strong>pernoctat,</strong></span> <span class='ocrx_word' id='word_1_288' title='bbox 1595 2227 1660 2268; x_wconf 87' lang='lat' dir='ltr'><strong>ac</strong></span> <span class='ocrx_word' id='word_1_289' title='bbox 1689 2213 1743 2267; x_wconf 90' lang='lat' dir='ltr'><strong>in</strong></span> <span class='ocrx_word' id='word_1_290' title='bbox 1765 2212 1941 2282; x_wconf 87' lang='lat' dir='ltr'><strong>|nocte</strong></span> <span class='ocrx_word' id='word_1_291' title='bbox 1964 2227 2076 2284; x_wconf 68' lang='lat' dir='ltr'><strong>prae</strong></span> 
     </span>
    </p>
   </div>
   <div class='ocr_carea' id='block_1_40' title="bbox 503 2301 2073 2374">
    <p class='ocr_par' dir='ltr' id='par_1_40' title="bbox 503 2301 2073 2374">
     <span class='ocr_line' id='line_1_40' title="bbox 503 2301 2073 2374; baseline 0 -17"><span class='ocrx_word' id='word_1_292' title='bbox 503 2302 799 2359; x_wconf 78' lang='lat' dir='ltr'><strong>formidine</strong></span> <span class='ocrx_word' id='word_1_293' title='bbox 814 2304 1078 2358; x_wconf 82' lang='lat' dir='ltr'><strong>clamitat.</strong></span> <span class='ocrx_word' id='word_1_294' title='bbox 1103 2301 1207 2357; x_wconf 86' lang='lat' dir='ltr'><strong>Per</strong></span> <span class='ocrx_word' id='word_1_295' title='bbox 1224 2302 1552 2374; x_wconf 82' lang='lat' dir='ltr'><strong>pellicanum</strong></span> <span class='ocrx_word' id='word_1_296' title='bbox 1573 2303 1758 2374; x_wconf 89' lang='lat' dir='ltr'><strong>itaque</strong></span> <span class='ocrx_word' id='word_1_297' title='bbox 1775 2309 2073 2358; x_wconf 79' lang='lat' dir='ltr'><strong>extremam</strong></span> 
     </span>
    </p>
   </div>
   <div class='ocr_carea' id='block_1_41' title="bbox 499 2394 2075 2468">
    <p class='ocr_par' dir='ltr' id='par_1_41' title="bbox 499 2394 2075 2468">
     <span class='ocr_line' id='line_1_41' title="bbox 499 2394 2075 2468; baseline -0.001 -18"><span class='ocrx_word' id='word_1_298' title='bbox 499 2396 684 2468; x_wconf 84' lang='lat' dir='ltr'><strong>populi</strong></span> <span class='ocrx_word' id='word_1_299' title='bbox 714 2395 1024 2453; x_wconf 67' lang='lat' dir='ltr'><strong>vastitatem</strong></span> <span class='ocrx_word' id='word_1_300' title='bbox 1055 2402 1110 2450; x_wconf 85' lang='lat' dir='ltr'><strong>et</strong></span> <span class='ocrx_word' id='word_1_301' title='bbox 1167 2394 1521 2450; x_wconf 86' lang='lat' dir='ltr'><strong>solitudinem</strong></span> <span class='ocrx_word' id='word_1_302' title='bbox 1575 2394 1938 2465; x_wconf 81' lang='lat' dir='ltr'><strong>signiﬁcabat,</strong></span> <span class='ocrx_word' id='word_1_303' title='bbox 1979 2409 2075 2468; x_wconf 85' lang='lat' dir='ltr'><strong>per</strong></span> 
     </span>
    </p>
   </div>
   <div class='ocr_carea' id='block_1_42' title="bbox 499 2485 2074 2558">
    <p class='ocr_par' dir='ltr' id='par_1_42' title="bbox 499 2485 2074 2558">
     <span class='ocr_line' id='line_1_42' title="bbox 499 2485 2074 2558; baseline 0 -16"><span class='ocrx_word' id='word_1_304' title='bbox 499 2487 903 2558; x_wconf 81' lang='lat' dir='ltr'><strong>nycticoracem</strong></span> <span class='ocrx_word' id='word_1_305' title='bbox 937 2501 1067 2542; x_wconf 85' lang='lat' dir='ltr'><strong>vero</strong></span> <span class='ocrx_word' id='word_1_306' title='bbox 1098 2485 1354 2542; x_wconf 82' lang='lat' dir='ltr'><strong>tenebras</strong></span> <span class='ocrx_word' id='word_1_307' title='bbox 1385 2485 1614 2551; x_wconf 88' lang='lat' dir='ltr'><strong>indicat,</strong></span> <span class='ocrx_word' id='word_1_308' title='bbox 1645 2485 1804 2557; x_wconf 88' lang='lat' dir='ltr'><strong>queis</strong></span> <span class='ocrx_word' id='word_1_309' title='bbox 1836 2487 2074 2558; x_wconf 89' lang='lat' dir='ltr'><strong>populus</strong></span> 
     </span>
    </p>
   </div>
   <div class='ocr_carea' id='block_1_43' title="bbox 501 2576 2074 2656">
    <p class='ocr_par' dir='ltr' id='par_1_43' title="bbox 501 2576 2074 2656">
     <span class='ocr_line' id='line_1_43' title="bbox 501 2576 2074 2656; baseline 0.001 -23"><span class='ocrx_word' id='word_1_310' title='bbox 501 2580 713 2636; x_wconf 77' lang='lat' dir='ltr'><strong>offusus</strong></span> <span class='ocrx_word' id='word_1_311' title='bbox 734 2586 826 2656; x_wconf 79' lang='lat' dir='ltr'><strong>est</strong></span> <span class='ocrx_word' id='word_1_312' title='bbox 856 2577 1226 2649; x_wconf 84' lang='lat' dir='ltr'><strong>:denotatque</strong></span> <span class='ocrx_word' id='word_1_313' title='bbox 1267 2593 1385 2642; x_wconf 89' lang='lat' dir='ltr'><strong>eos,</strong></span> <span class='ocrx_word' id='word_1_314' title='bbox 1414 2576 1689 2633; x_wconf 85' lang='lat' dir='ltr'><strong>exstincto</strong></span> <span class='ocrx_word' id='word_1_315' title='bbox 1727 2579 1932 2635; x_wconf 90' lang='lat' dir='ltr'><strong>lumine</strong></span> <span class='ocrx_word' id='word_1_316' title='bbox 1968 2580 2074 2637; x_wconf 89' lang='lat' dir='ltr'><strong>sibi</strong></span> 
     </span>
    </p>
   </div>
   <div class='ocr_carea' id='block_1_44' title="bbox 499 2667 2075 2741">
    <p class='ocr_par' dir='ltr' id='par_1_44' title="bbox 499 2667 2075 2741">
     <span class='ocr_line' id='line_1_44' title="bbox 499 2667 2075 2741; baseline 0 -17"><span class='ocrx_word' id='word_1_317' title='bbox 499 2667 818 2735; x_wconf 82' lang='lat' dir='ltr'><strong>irradiante,</strong></span> <span class='ocrx_word' id='word_1_318' title='bbox 850 2669 1153 2741; x_wconf 83' lang='lat' dir='ltr'><strong>ignorantia</strong></span> <span class='ocrx_word' id='word_1_319' title='bbox 1181 2670 1276 2727; x_wconf 86' lang='lat' dir='ltr'><strong>Dei</strong></span> <span class='ocrx_word' id='word_1_320' title='bbox 1302 2670 1547 2735; x_wconf 74' lang='lat' dir='ltr'><strong>affectos,</strong></span> <span class='ocrx_word' id='word_1_321' title='bbox 1570 2670 1728 2741; x_wconf 90' lang='lat' dir='ltr'><strong>quasi</strong></span> <span class='ocrx_word' id='word_1_322' title='bbox 1753 2671 1810 2734; x_wconf 84' lang='lat' dir='ltr'><strong>in</strong></span> <span class='ocrx_word' id='word_1_323' title='bbox 1835 2668 2075 2725; x_wconf 81' lang='lat' dir='ltr'><strong>tenebris</strong></span> 
     </span>
    </p>
   </div>
   <div class='ocr_carea' id='block_1_45' title="bbox 501 2758 2076 2829">
    <p class='ocr_par' dir='ltr' id='par_1_45' title="bbox 501 2758 2076 2829">
     <span class='ocr_line' id='line_1_45' title="bbox 501 2758 2076 2829; baseline -0.001 -16"><span class='ocrx_word' id='word_1_324' title='bbox 501 2766 557 2813; x_wconf 89' lang='lat' dir='ltr'><strong>et</strong></span> <span class='ocrx_word' id='word_1_325' title='bbox 584 2758 639 2814; x_wconf 87' lang='lat' dir='ltr'><strong>in</strong></span> <span class='ocrx_word' id='word_1_326' title='bbox 665 2767 828 2814; x_wconf 89' lang='lat' dir='ltr'><strong>nocte</strong></span> <span class='ocrx_word' id='word_1_327' title='bbox 851 2761 1079 2816; x_wconf 87' lang='lat' dir='ltr'><strong>versari.</strong></span> <span class='ocrx_word' id='word_1_328' title='bbox 1108 2760 1366 2817; x_wconf 84' lang='lat' dir='ltr'><strong>Fortasse</strong></span> <span class='ocrx_word' id='word_1_329' title='bbox 1392 2759 1478 2815; x_wconf 88' lang='lat' dir='ltr'><strong>vir</strong></span> <span class='ocrx_word' id='word_1_330' title='bbox 1527 2765 1776 2827; x_wconf 87' lang='lat' dir='ltr'><strong>sanctus,</strong></span> <span class='ocrx_word' id='word_1_331' title='bbox 1810 2759 1941 2829; x_wconf 87' lang='lat' dir='ltr'><strong>quia</strong></span> <span class='ocrx_word' id='word_1_332' title='bbox 1974 2774 2076 2813; x_wconf 84' lang='lat' dir='ltr'><strong>no-</strong></span> 
     </span>
    </p>
   </div>
   <div class='ocr_carea' id='block_1_46' title="bbox 499 2849 2074 2924">
    <p class='ocr_par' dir='ltr' id='par_1_46' title="bbox 499 2849 2074 2924">
     <span class='ocr_line' id='line_1_46' title="bbox 499 2849 2074 2924; baseline 0.003 -21"><span class='ocrx_word' id='word_1_333' title='bbox 499 2849 682 2906; x_wconf 86' lang='lat' dir='ltr'><strong>ctibus</strong></span> <span class='ocrx_word' id='word_1_334' title='bbox 710 2850 943 2921; x_wconf 82' lang='lat' dir='ltr'><strong>singulis</strong></span> <span class='ocrx_word' id='word_1_335' title='bbox 973 2851 1182 2908; x_wconf 88' lang='lat' dir='ltr'><strong>orando</strong></span> <span class='ocrx_word' id='word_1_336' title='bbox 1221 2852 1437 2919; x_wconf 89' lang='lat' dir='ltr'><strong>clamet,</strong></span> <span class='ocrx_word' id='word_1_337' title='bbox 1471 2859 1779 2924; x_wconf 91' lang='lat' dir='ltr'><strong>opportune</strong></span> <span class='ocrx_word' id='word_1_338' title='bbox 1811 2866 1934 2908; x_wconf 87' lang='lat' dir='ltr'><strong>sese</strong></span> <span class='ocrx_word' id='word_1_339' title='bbox 1970 2867 2074 2924; x_wconf 88' lang='lat' dir='ltr'><strong>ny-</strong></span> 
     </span>
    </p>
   </div>
   <div class='ocr_carea' id='block_1_47' title="bbox 501 2942 1016 2997">
    <p class='ocr_par' dir='ltr' id='par_1_47' title="bbox 501 2942 1016 2997">
     <span class='ocr_line' id='line_1_47' title="bbox 501 2942 1016 2997; baseline 0.002 -1"><span class='ocrx_word' id='word_1_340' title='bbox 501 2942 760 2997; x_wconf 78' lang='lat' dir='ltr'><strong>cticoraci</strong></span> <span class='ocrx_word' id='word_1_341' title='bbox 785 2942 1016 2997; x_wconf 76' lang='lat' dir='ltr'><strong>confert.</strong></span> 
     </span>
    </p>
   </div>
   <div class='ocr_carea' id='block_1_48' title="bbox 571 3115 2078 3187">
    <p class='ocr_par' dir='ltr' id='par_1_48' title="bbox 571 3115 2078 3187">
     <span class='ocr_line' id='line_1_48' title="bbox 571 3115 2078 3187; baseline 0 -17"><span class='ocrx_word' id='word_1_342' title='bbox 571 3115 738 3173; x_wconf 67' lang='lat' dir='ltr'><strong>Vsus.</strong></span> <span class='ocrx_word' id='word_1_343' title='bbox 774 3115 926 3171; x_wconf 84' lang='lat' dir='ltr'><strong>8-H.</strong></span> <span class='ocrx_word' id='word_1_344' title='bbox 989 3116 1234 3187; x_wconf 81' lang='lat' dir='ltr'><strong>Vigilavi,</strong></span> <span class='ocrx_word' id='word_1_345' title='bbox 1266 3126 1317 3171; x_wconf 86' lang='lat' dir='ltr'><strong>et</strong></span> <span class='ocrx_word' id='word_1_346' title='bbox 1361 3117 1537 3187; x_wconf 84' lang='lat' dir='ltr'><strong>factus</strong></span> <span class='ocrx_word' id='word_1_347' title='bbox 1566 3132 1685 3173; x_wconf 82' lang='lat' dir='ltr'><strong>sum</strong></span> <span class='ocrx_word' id='word_1_348' title='bbox 1727 3119 1863 3172; x_wconf 87' lang='lat' dir='ltr'><strong>sicut</strong></span> <span class='ocrx_word' id='word_1_349' title='bbox 1892 3133 2078 3187; x_wconf 81' lang='lat' dir='ltr'><strong>passer</strong></span> 
     </span>
    </p>
   </div>
   <div class='ocr_carea' id='block_1_49' title="bbox 503 3208 2078 3278">
    <p class='ocr_par' dir='ltr' id='par_1_49' title="bbox 503 3208 2078 3278">
     <span class='ocr_line' id='line_1_49' title="bbox 503 3208 2078 3278; baseline -0.001 -14"><span class='ocrx_word' id='word_1_350' title='bbox 503 3209 777 3264; x_wconf 76' lang='lat' dir='ltr'><strong>solitarius</strong></span> <span class='ocrx_word' id='word_1_351' title='bbox 805 3208 859 3260; x_wconf 88' lang='lat' dir='ltr'><strong>in</strong></span> <span class='ocrx_word' id='word_1_352' title='bbox 899 3216 1051 3261; x_wconf 87' lang='lat' dir='ltr'><strong>tecto.</strong></span> <span class='ocrx_word' id='word_1_353' title='bbox 1079 3208 1213 3262; x_wconf 84' lang='lat' dir='ltr'><strong>Tota</strong></span> <span class='ocrx_word' id='word_1_354' title='bbox 1241 3209 1326 3262; x_wconf 85' lang='lat' dir='ltr'><strong>die</strong></span> <span class='ocrx_word' id='word_1_355' title='bbox 1365 3209 1753 3278; x_wconf 68' lang='lat' dir='ltr'><strong>exprobrabant</strong></span> <span class='ocrx_word' id='word_1_356' title='bbox 1796 3212 1927 3265; x_wconf 85' lang='lat' dir='ltr'><strong>mihi</strong></span> <span class='ocrx_word' id='word_1_357' title='bbox 1970 3211 2078 3264; x_wconf 87' lang='lat' dir='ltr'><strong>ini-</strong></span> 
     </span>
    </p>
   </div>
   <div class='ocr_carea' id='block_1_50' title="bbox 504 3297 2077 3371">
    <p class='ocr_par' dir='ltr' id='par_1_50' title="bbox 504 3297 2077 3371">
     <span class='ocr_line' id='line_1_50' title="bbox 504 3297 2077 3371; baseline 0.003 -19"><span class='ocrx_word' id='word_1_358' title='bbox 504 3300 629 3353; x_wconf 85' lang='lat' dir='ltr'><strong>mici</strong></span> <span class='ocrx_word' id='word_1_359' title='bbox 658 3298 759 3352; x_wconf 81' lang='lat' dir='ltr'><strong>mei</strong></span> <span class='ocrx_word' id='word_1_360' title='bbox 791 3315 810 3354; x_wconf 88' lang='lat'><strong><em>:</em></strong></span> <span class='ocrx_word' id='word_1_361' title='bbox 839 3306 889 3352; x_wconf 87' lang='lat' dir='ltr'><strong>et</strong></span> <span class='ocrx_word' id='word_1_362' title='bbox 914 3299 1003 3369; x_wconf 86' lang='lat' dir='ltr'><strong>qui</strong></span> <span class='ocrx_word' id='word_1_363' title='bbox 1047 3297 1337 3353; x_wconf 85' lang='lat' dir='ltr'><strong>laudabant</strong></span> <span class='ocrx_word' id='word_1_364' title='bbox 1366 3317 1469 3365; x_wconf 88' lang='lat' dir='ltr'><strong>me,</strong></span> <span class='ocrx_word' id='word_1_365' title='bbox 1502 3301 1778 3355; x_wconf 79' lang='lat' dir='ltr'><strong>adversum</strong></span> <span class='ocrx_word' id='word_1_366' title='bbox 1817 3318 1898 3356; x_wconf 81' lang='lat' dir='ltr'><strong>me</strong></span> <span class='ocrx_word' id='word_1_367' title='bbox 1918 3302 2077 3371; x_wconf 84' lang='lat' dir='ltr'><strong>jura-</strong></span> 
     </span>
    </p>
   </div>
   <div class='ocr_carea' id='block_1_51' title="bbox 504 3386 2081 3460">
    <p class='ocr_par' dir='ltr' id='par_1_51' title="bbox 504 3386 2081 3460">
     <span class='ocr_line' id='line_1_51' title="bbox 504 3386 2081 3460; baseline 0.003 -19"><span class='ocrx_word' id='word_1_368' title='bbox 504 3387 653 3442; x_wconf 90' lang='lat' dir='ltr'><strong>bant.</strong></span> <span class='ocrx_word' id='word_1_369' title='bbox 682 3386 952 3444; x_wconf 81' lang='lat' dir='ltr'><strong>Derisioni</strong></span> <span class='ocrx_word' id='word_1_370' title='bbox 994 3386 1073 3442; x_wconf 87' lang='lat' dir='ltr'><strong>fui</strong></span> <span class='ocrx_word' id='word_1_371' title='bbox 1117 3388 1352 3445; x_wconf 88' lang='lat' dir='ltr'><strong>inimicis</strong></span> <span class='ocrx_word' id='word_1_372' title='bbox 1383 3408 1396 3444; x_wconf 91' lang='lat'>:</span> <span class='ocrx_word' id='word_1_373' title='bbox 1428 3397 1483 3444; x_wconf 85' lang='lat' dir='ltr'><strong>et</strong></span> <span class='ocrx_word' id='word_1_374' title='bbox 1519 3390 1615 3460; x_wconf 90' lang='lat' dir='ltr'><strong>qui</strong></span> <span class='ocrx_word' id='word_1_375' title='bbox 1645 3390 1775 3444; x_wconf 90' lang='lat' dir='ltr'><strong>olim</strong></span> <span class='ocrx_word' id='word_1_376' title='bbox 1825 3393 2081 3447; x_wconf 83' lang='lat' dir='ltr'><strong>aemulan-</strong></span> 
     </span>
    </p>
   </div>
   <div class='ocr_carea' id='block_1_52' title="bbox 503 3478 2081 3552">
    <p class='ocr_par' dir='ltr' id='par_1_52' title="bbox 503 3478 2081 3552">
     <span class='ocr_line' id='line_1_52' title="bbox 503 3478 2081 3552; baseline 0.003 -20"><span class='ocrx_word' id='word_1_377' title='bbox 503 3479 608 3535; x_wconf 90' lang='lat' dir='ltr'><strong>dus</strong></span> <span class='ocrx_word' id='word_1_378' title='bbox 637 3487 692 3535; x_wconf 89' lang='lat' dir='ltr'><strong>et</strong></span> <span class='ocrx_word' id='word_1_379' title='bbox 717 3478 947 3533; x_wconf 89' lang='lat' dir='ltr'><strong>illustris</strong></span> <span class='ocrx_word' id='word_1_380' title='bbox 974 3492 1146 3542; x_wconf 90' lang='lat' dir='ltr'><strong>eram,</strong></span> <span class='ocrx_word' id='word_1_381' title='bbox 1167 3493 1313 3533; x_wconf 91' lang='lat' dir='ltr'><strong>nunc</strong></span> <span class='ocrx_word' id='word_1_382' title='bbox 1340 3479 1405 3534; x_wconf 91' lang='lat' dir='ltr'><strong>ad</strong></span> <span class='ocrx_word' id='word_1_383' title='bbox 1430 3479 1820 3550; x_wconf 87' lang='lat' dir='ltr'><strong>jusjurandum</strong></span> <span class='ocrx_word' id='word_1_384' title='bbox 1844 3497 2081 3552; x_wconf 90' lang='lat' dir='ltr'><strong>usurpor</strong></span> 
     </span>
    </p>
   </div>
   <div class='ocr_carea' id='block_1_53' title="bbox 504 3568 2083 3641">
    <p class='ocr_par' dir='ltr' id='par_1_53' title="bbox 504 3568 2083 3641">
     <span class='ocr_line' id='line_1_53' title="bbox 504 3568 2083 3641; baseline 0.003 -19"><span class='ocrx_word' id='word_1_385' title='bbox 504 3569 575 3625; x_wconf 88' lang='lat' dir='ltr'><strong>ab</strong></span> <span class='ocrx_word' id='word_1_386' title='bbox 607 3568 677 3640; x_wconf 70' lang='lat' dir='ltr'><strong>iis</strong></span> <span class='ocrx_word' id='word_1_387' title='bbox 710 3569 802 3639; x_wconf 87' lang='lat' dir='ltr'><strong>qui</strong></span> <span class='ocrx_word' id='word_1_388' title='bbox 828 3583 915 3624; x_wconf 90' lang='lat' dir='ltr'><strong>me</strong></span> <span class='ocrx_word' id='word_1_389' title='bbox 944 3568 1072 3624; x_wconf 89' lang='lat' dir='ltr'><strong>olim</strong></span> <span class='ocrx_word' id='word_1_390' title='bbox 1109 3569 1490 3625; x_wconf 88' lang='lat' dir='ltr'><strong>mirabantur:</strong></span> <span class='ocrx_word' id='word_1_391' title='bbox 1522 3585 1618 3641; x_wconf 89' lang='lat' dir='ltr'><strong>per</strong></span> <span class='ocrx_word' id='word_1_392' title='bbox 1646 3585 1795 3627; x_wconf 88' lang='lat' dir='ltr'><strong>meas</strong></span> <span class='ocrx_word' id='word_1_393' title='bbox 1825 3572 1970 3626; x_wconf 90' lang='lat' dir='ltr'><strong>enim</strong></span> <span class='ocrx_word' id='word_1_394' title='bbox 1999 3587 2083 3627; x_wconf 90' lang='lat' dir='ltr'><strong>ca-</strong></span> 
     </span>
    </p>
   </div>
   <div class='ocr_carea' id='block_1_54' title="bbox 502 3659 2081 3735">
    <p class='ocr_par' dir='ltr' id='par_1_54' title="bbox 502 3659 2081 3735">
     <span class='ocr_line' id='line_1_54' title="bbox 502 3659 2081 3735; baseline 0.003 -20"><span class='ocrx_word' id='word_1_395' title='bbox 502 3661 776 3716; x_wconf 83' lang='lat' dir='ltr'><strong>lamitates</strong></span> <span class='ocrx_word' id='word_1_396' title='bbox 796 3660 1008 3731; x_wconf 86' lang='lat' dir='ltr'><strong>jurant,</strong></span> <span class='ocrx_word' id='word_1_397' title='bbox 1035 3659 1113 3716; x_wconf 87' lang='lat' dir='ltr'><strong>Ne</strong></span> <span class='ocrx_word' id='word_1_398' title='bbox 1142 3661 1321 3731; x_wconf 89' lang='lat' dir='ltr'><strong>patiar</strong></span> <span class='ocrx_word' id='word_1_399' title='bbox 1348 3676 1412 3717; x_wconf 89' lang='lat' dir='ltr'><strong>ea</strong></span> <span class='ocrx_word' id='word_1_400' title='bbox 1442 3677 1565 3733; x_wconf 70' lang='lat' dir='ltr'><strong>quae</strong></span> <span class='ocrx_word' id='word_1_401' title='bbox 1584 3662 1807 3733; x_wconf 89' lang='lat' dir='ltr'><strong>quidam</strong></span> <span class='ocrx_word' id='word_1_402' title='bbox 1833 3665 2081 3735; x_wconf 89' lang='lat' dir='ltr'><strong>perpessi</strong></span> 
     </span>
    </p>
   </div>
   <div class='ocr_carea' id='block_1_55' title="bbox 506 3747 2081 3825">
    <p class='ocr_par' dir='ltr' id='par_1_55' title="bbox 506 3747 2081 3825">
     <span class='ocr_line' id='line_1_55' title="bbox 506 3747 2081 3825; baseline 0.005 -22"><span class='ocrx_word' id='word_1_403' title='bbox 506 3756 653 3803; x_wconf 83' lang='lat' dir='ltr'><strong>sunt.</strong></span> <span class='ocrx_word' id='word_1_404' title='bbox 688 3747 759 3802; x_wconf 89' lang='lat' dir='ltr'><strong>Et</strong></span> <span class='ocrx_word' id='word_1_405' title='bbox 787 3749 874 3819; x_wconf 88' lang='lat' dir='ltr'><strong>qui</strong></span> <span class='ocrx_word' id='word_1_406' title='bbox 908 3749 1199 3804; x_wconf 84' lang='lat' dir='ltr'><strong>laudabant</strong></span> <span class='ocrx_word' id='word_1_407' title='bbox 1234 3767 1337 3818; x_wconf 83' lang='lat' dir='ltr'><strong>me,</strong></span> <span class='ocrx_word' id='word_1_408' title='bbox 1365 3752 1644 3808; x_wconf 77' lang='lat' dir='ltr'><strong>aduersum</strong></span> <span class='ocrx_word' id='word_1_409' title='bbox 1678 3769 1758 3809; x_wconf 85' lang='lat' dir='ltr'><strong>me</strong></span> <span class='ocrx_word' id='word_1_410' title='bbox 1781 3753 2039 3825; x_wconf 83' lang='lat' dir='ltr'><strong>jurabant</strong></span> <span class='ocrx_word' id='word_1_411' title='bbox 2060 3772 2081 3811; x_wconf 92' lang='lat'><strong><em>:</em></strong></span> 
     </span>
    </p>
   </div>
   <div class='ocr_carea' id='block_1_56' title="bbox 507 3841 2085 3921">
    <p class='ocr_par' dir='ltr' id='par_1_56' title="bbox 507 3841 2085 3921">
     <span class='ocr_line' id='line_1_56' title="bbox 507 3841 2085 3921; baseline 0.008 -29"><span class='ocrx_word' id='word_1_412' title='bbox 507 3850 694 3920; x_wconf 62' lang='lat' dir='ltr'><strong>utpote</strong></span> <span class='ocrx_word' id='word_1_413' title='bbox 723 3843 815 3906; x_wconf 83' lang='lat' dir='ltr'><strong>qui</strong></span> <span class='ocrx_word' id='word_1_414' title='bbox 864 3841 1031 3898; x_wconf 80' lang='lat' dir='ltr'><strong>Deum</strong></span> <span class='ocrx_word' id='word_1_415' title='bbox 1080 3843 1388 3921; x_wconf 74' lang='lat' dir='ltr'><strong>adjutorem</strong></span> <span class='ocrx_word' id='word_1_416' title='bbox 1423 3862 1534 3902; x_wconf 92' lang='lat' dir='ltr'><strong>non</strong></span> <span class='ocrx_word' id='word_1_417' title='bbox 1578 3847 1862 3905; x_wconf 89' lang='lat' dir='ltr'><strong>haberem.</strong></span> <span class='ocrx_word' id='word_1_418' title='bbox 1895 3847 2085 3921; x_wconf 88' lang='lat' dir='ltr'><strong>Neque</strong></span> 
     </span>
    </p>
   </div>
   <div class='ocr_carea' id='block_1_57' title="bbox 504 3939 2085 4012">
    <p class='ocr_par' dir='ltr' id='par_1_57' title="bbox 504 3939 2085 4012">
     <span class='ocr_line' id='line_1_57' title="bbox 504 3939 2085 4012; baseline 0.001 -15"><span class='ocrx_word' id='word_1_419' title='bbox 504 3942 681 3998; x_wconf 82' lang='lat' dir='ltr'><strong>solum</strong></span> <span class='ocrx_word' id='word_1_420' title='bbox 714 3941 919 3996; x_wconf 90' lang='lat' dir='ltr'><strong>inimici</strong></span> <span class='ocrx_word' id='word_1_421' title='bbox 948 3939 1043 3996; x_wconf 90' lang='lat' dir='ltr'><strong>Dei</strong></span> <span class='ocrx_word' id='word_1_422' title='bbox 1076 3940 1193 3995; x_wconf 67' lang='lat' dir='ltr'><strong>haec</strong></span> <span class='ocrx_word' id='word_1_423' title='bbox 1222 3940 1490 4010; x_wconf 69' lang='lat' dir='ltr'><strong>agebant;</strong></span> <span class='ocrx_word' id='word_1_424' title='bbox 1530 3939 1627 3996; x_wconf 89' lang='lat' dir='ltr'><strong>sed</strong></span> <span class='ocrx_word' id='word_1_425' title='bbox 1660 3940 1825 3996; x_wconf 87' lang='lat' dir='ltr'><strong>etiam</strong></span> <span class='ocrx_word' id='word_1_426' title='bbox 1870 3941 1966 4012; x_wconf 93' lang='lat' dir='ltr'><strong>qui</strong></span> <span class='ocrx_word' id='word_1_427' title='bbox 1996 3956 2085 3998; x_wconf 89' lang='lat' dir='ltr'><strong>me</strong></span> 
     </span>
    </p>
   </div>
   <div class='ocr_carea' id='block_1_58' title="bbox 504 4021 2084 4106">
    <p class='ocr_par' dir='ltr' id='par_1_58' title="bbox 504 4021 2084 4106">
     <span class='ocr_line' id='line_1_58' title="bbox 504 4021 2084 4106; baseline 0 -17"><span class='ocrx_word' id='word_1_428' title='bbox 504 4021 833 4106; x_wconf 71' lang='lat' dir='ltr'><strong>diligebant,</strong></span> <span class='ocrx_word' id='word_1_429' title='bbox 853 4034 1139 4089; x_wconf 84' lang='lat' dir='ltr'><strong>adversum</strong></span> <span class='ocrx_word' id='word_1_430' title='bbox 1165 4048 1254 4088; x_wconf 91' lang='lat' dir='ltr'><strong>me</strong></span> <span class='ocrx_word' id='word_1_431' title='bbox 1274 4031 1559 4101; x_wconf 75' lang='lat' dir='ltr'><strong>iurabant,</strong></span> <span class='ocrx_word' id='word_1_432' title='bbox 1602 4033 1656 4089; x_wconf 89' lang='lat' dir='ltr'><strong>id</strong></span> <span class='ocrx_word' id='word_1_433' title='bbox 1683 4041 1769 4091; x_wconf 90' lang='lat' dir='ltr'><strong>est</strong></span> <span class='ocrx_word' id='word_1_434' title='bbox 1793 4034 2084 4090; x_wconf 88' lang='lat' dir='ltr'><strong>contribu-</strong></span> 
     </span>
    </p>
   </div>
   <div class='ocr_carea' id='block_1_59' title="bbox 503 4122 2085 4198">
    <p class='ocr_par' dir='ltr' id='par_1_59' title="bbox 503 4122 2085 4198">
     <span class='ocr_line' id='line_1_59' title="bbox 503 4122 2085 4198; baseline 0.001 -14"><span class='ocrx_word' id='word_1_435' title='bbox 503 4126 589 4184; x_wconf 82' lang='lat' dir='ltr'><strong>les</strong></span> <span class='ocrx_word' id='word_1_436' title='bbox 621 4127 745 4181; x_wconf 79' lang='lat' dir='ltr'><strong>mei.</strong></span> <span class='ocrx_word' id='word_1_437' title='bbox 792 4125 929 4181; x_wconf 85' lang='lat' dir='ltr'><strong>Nam</strong></span> <span class='ocrx_word' id='word_1_438' title='bbox 974 4127 1033 4181; x_wconf 82' lang='lat' dir='ltr'><strong>hi</strong></span> <span class='ocrx_word' id='word_1_439' title='bbox 1064 4122 1283 4198; x_wconf 88' lang='lat' dir='ltr'><strong>quoque</strong></span> <span class='ocrx_word' id='word_1_440' title='bbox 1328 4125 1464 4197; x_wconf 89' lang='lat' dir='ltr'><strong>ipsis</strong></span> <span class='ocrx_word' id='word_1_441' title='bbox 1493 4127 1797 4198; x_wconf 88' lang='lat' dir='ltr'><strong>prophetiis</strong></span> <span class='ocrx_word' id='word_1_442' title='bbox 1824 4144 1933 4184; x_wconf 91' lang='lat' dir='ltr'><strong>non</strong></span> <span class='ocrx_word' id='word_1_443' title='bbox 1962 4144 2085 4186; x_wconf 89' lang='lat' dir='ltr'><strong>cre-</strong></span> 
     </span>
    </p>
   </div>
   <div class='ocr_carea' id='block_1_60' title="bbox 505 4217 2085 4291">
    <p class='ocr_par' dir='ltr' id='par_1_60' title="bbox 505 4217 2085 4291">
     <span class='ocr_line' id='line_1_60' title="bbox 505 4217 2085 4291; baseline 0.003 -19"><span class='ocrx_word' id='word_1_444' title='bbox 505 4217 747 4272; x_wconf 87' lang='lat' dir='ltr'><strong>debant:</strong></span> <span class='ocrx_word' id='word_1_445' title='bbox 781 4217 877 4272; x_wconf 89' lang='lat' dir='ltr'><strong>sed</strong></span> <span class='ocrx_word' id='word_1_446' title='bbox 898 4217 1242 4273; x_wconf 83' lang='lat' dir='ltr'><strong>hortationes</strong></span> <span class='ocrx_word' id='word_1_447' title='bbox 1267 4232 1331 4272; x_wconf 90' lang='lat' dir='ltr'><strong>ac</strong></span> <span class='ocrx_word' id='word_1_448' title='bbox 1374 4217 1684 4273; x_wconf 90' lang='lat' dir='ltr'><strong>futurorum</strong></span> <span class='ocrx_word' id='word_1_449' title='bbox 1717 4222 1987 4291; x_wconf 87' lang='lat' dir='ltr'><strong>promissa</strong></span> <span class='ocrx_word' id='word_1_450' title='bbox 2010 4222 2085 4277; x_wconf 80' lang='lat' dir='ltr'><strong>ir-</strong></span> 
     </span>
    </p>
   </div>
   <div class='ocr_carea' id='block_1_61' title="bbox 505 4307 2084 4380">
    <p class='ocr_par' dir='ltr' id='par_1_61' title="bbox 505 4307 2084 4380">
     <span class='ocr_line' id='line_1_61' title="bbox 505 4307 2084 4380; baseline 0.004 -17"><span class='ocrx_word' id='word_1_451' title='bbox 505 4309 768 4372; x_wconf 85' lang='lat' dir='ltr'><strong>ridentes,</strong></span> <span class='ocrx_word' id='word_1_452' title='bbox 822 4307 1112 4364; x_wconf 89' lang='lat' dir='ltr'><strong>adversum</strong></span> <span class='ocrx_word' id='word_1_453' title='bbox 1159 4324 1245 4364; x_wconf 87' lang='lat' dir='ltr'><strong>me</strong></span> <span class='ocrx_word' id='word_1_454' title='bbox 1288 4309 1581 4380; x_wconf 73' lang='lat' dir='ltr'><strong>iurabant,</strong></span> <span class='ocrx_word' id='word_1_455' title='bbox 1620 4312 1896 4369; x_wconf 89' lang='lat' dir='ltr'><strong>vaticiniis</strong></span> <span class='ocrx_word' id='word_1_456' title='bbox 1947 4313 2084 4369; x_wconf 89' lang='lat' dir='ltr'><strong>meis</strong></span> 
     </span>
    </p>
   </div>
   <div class='ocr_carea' id='block_1_62' title="bbox 507 4398 2086 4473">
    <p class='ocr_par' dir='ltr' id='par_1_62' title="bbox 507 4398 2086 4473">
     <span class='ocr_line' id='line_1_62' title="bbox 507 4398 2086 4473; baseline 0.004 -19"><span class='ocrx_word' id='word_1_457' title='bbox 507 4399 666 4454; x_wconf 79' lang='lat' dir='ltr'><strong>fidem</strong></span> <span class='ocrx_word' id='word_1_458' title='bbox 702 4404 983 4467; x_wconf 77' lang='lat' dir='ltr'><strong>negantes.</strong></span> <span class='ocrx_word' id='word_1_459' title='bbox 1014 4398 1156 4465; x_wconf 85' lang='lat' dir='ltr'><strong>Quia</strong></span> <span class='ocrx_word' id='word_1_460' title='bbox 1173 4402 1399 4455; x_wconf 86' lang='lat' dir='ltr'><strong>cinerem</strong></span> <span class='ocrx_word' id='word_1_461' title='bbox 1420 4411 1690 4473; x_wconf 82' lang='lat' dir='ltr'><strong>.tanquam</strong></span> <span class='ocrx_word' id='word_1_462' title='bbox 1722 4419 1913 4473; x_wconf 83' lang='lat' dir='ltr'><strong>panem</strong></span> <span class='ocrx_word' id='word_1_463' title='bbox 1939 4421 2086 4460; x_wconf 88' lang='lat' dir='ltr'><strong>man-</strong></span> 
     </span>
    </p>
   </div>
   <div class='ocr_carea' id='block_1_63' title="bbox 2179 1931 3755 2006">
    <p class='ocr_par' dir='ltr' id='par_1_63' title="bbox 2179 1931 3755 2006">
     <span class='ocr_line' id='line_1_63' title="bbox 2179 1931 3755 2006; baseline -0.001 -20"><span class='ocrx_word' id='word_1_464' title='bbox 2179 1951 2269 1999; x_wconf 91' lang='grc' dir='ltr'><strong>νος</strong></span> <span class='ocrx_word' id='word_1_465' title='bbox 2293 1933 2387 1986; x_wconf 77' lang='grc' dir='ltr'>ἐπὶ</span> <span class='ocrx_word' id='word_1_466' title='bbox 2409 1931 2503 1987; x_wconf 91' lang='grc' dir='ltr'><strong>τοῦ</strong></span> <span class='ocrx_word' id='word_1_467' title='bbox 2526 1932 2758 2006; x_wconf 85' lang='grc' dir='ltr'>σταυροῦ</span> <span class='ocrx_word' id='word_1_468' title='bbox 2775 1974 2789 1999; x_wconf 92' lang='grc'><strong>,</strong></span> <span class='ocrx_word' id='word_1_469' title='bbox 2805 1935 2900 1989; x_wconf 87' lang='grc' dir='ltr'>καὶ</span> <span class='ocrx_word' id='word_1_470' title='bbox 2923 1934 3106 2004; x_wconf 79' lang='grc' dir='ltr'>νυγεὶς</span> <span class='ocrx_word' id='word_1_471' title='bbox 3133 1932 3231 2005; x_wconf 78' lang='grc' dir='ltr'>τὴν</span> <span class='ocrx_word' id='word_1_472' title='bbox 3247 1933 3514 2006; x_wconf 77' lang='grc' dir='ltr'>πλευρὰν,</span> <span class='ocrx_word' id='word_1_473' title='bbox 3545 1932 3755 1987; x_wconf 82' lang='grc' dir='ltr'>ἐκεῖθεν</span> 
     </span>
    </p>
   </div>
   <div class='ocr_carea' id='block_1_64' title="bbox 2177 2010 3758 2099">
    <p class='ocr_par' dir='ltr' id='par_1_64' title="bbox 2177 2010 3758 2099">
     <span class='ocr_line' id='line_1_64' title="bbox 2177 2010 3758 2099; baseline -0.002 -21"><span class='ocrx_word' id='word_1_474' title='bbox 2177 2023 2240 2078; x_wconf 82' lang='grc' dir='ltr'>τὸ</span> <span class='ocrx_word' id='word_1_475' title='bbox 2269 2022 2586 2099; x_wconf 72' lang='grc' dir='ltr'>ζωήρῤυτον</span> <span class='ocrx_word' id='word_1_476' title='bbox 2616 2021 2907 2088; x_wconf 75' lang='grc' dir='ltr'>ἐστάλαξεν</span> <span class='ocrx_word' id='word_1_477' title='bbox 2933 2019 3103 2095; x_wconf 76' lang='grc' dir='ltr'>αἷμα,</span> <span class='ocrx_word' id='word_1_478' title='bbox 3147 2010 3240 2078; x_wconf 73' lang='grc' dir='ltr'><strong>καὶ</strong></span> <span class='ocrx_word' id='word_1_479' title='bbox 3265 2024 3355 2078; x_wconf 75' lang='grc' dir='ltr'><strong>διὰ</strong></span> <span class='ocrx_word' id='word_1_480' title='bbox 3392 2024 3491 2095; x_wconf 85' lang='grc' dir='ltr'>τῆς</span> <span class='ocrx_word' id='word_1_481' title='bbox 3527 2021 3758 2093; x_wconf 81' lang='grc' dir='ltr'>νεφέλης</span> 
     </span>
    </p>
   </div>
   <div class='ocr_carea' id='block_1_65' title="bbox 2176 2112 3755 2188">
    <p class='ocr_par' dir='ltr' id='par_1_65' title="bbox 2176 2112 3755 2188">
     <span class='ocr_line' id='line_1_65' title="bbox 2176 2112 3755 2188; baseline -0.002 -18"><span class='ocrx_word' id='word_1_482' title='bbox 2176 2116 2273 2170; x_wconf 88' lang='grc' dir='ltr'><strong>τοῦ</strong></span> <span class='ocrx_word' id='word_1_483' title='bbox 2314 2117 2472 2186; x_wconf 81' lang='grc' dir='ltr'>ἁγίου</span> <span class='ocrx_word' id='word_1_484' title='bbox 2505 2117 2818 2188; x_wconf 85' lang='grc' dir='ltr'>Πνεύματος</span> <span class='ocrx_word' id='word_1_485' title='bbox 2844 2115 3216 2188; x_wconf 82' lang='grc' dir='ltr'>νεκρωθέντας</span> <span class='ocrx_word' id='word_1_486' title='bbox 3247 2117 3395 2188; x_wconf 73' lang='grc' dir='ltr'>ἡμᾶς</span> <span class='ocrx_word' id='word_1_487' title='bbox 3417 2112 3755 2178; x_wconf 78' lang='grc' dir='ltr'>ἀνεζώωσεν·</span> 
     </span>
    </p>
   </div>
   <div class='ocr_carea' id='block_1_66' title="bbox 2192 2204 3759 2280">
    <p class='ocr_par' dir='ltr' id='par_1_66' title="bbox 2192 2204 3759 2280">
     <span class='ocr_line' id='line_1_66' title="bbox 2192 2204 3759 2280; baseline -0.003 -17"><span class='ocrx_word' id='word_1_488' title='bbox 2192 2206 2519 2280; x_wconf 75' lang='grc' dir='ltr'>Ἐγενήθην</span> <span class='ocrx_word' id='word_1_489' title='bbox 2548 2207 2690 2262; x_wconf 76' lang='grc' dir='ltr'>ὡσεί</span> <span class='ocrx_word' id='word_1_490' title='bbox 2715 2209 3078 2276; x_wconf 76' lang='grc' dir='ltr'>νυκτικόραξ</span> <span class='ocrx_word' id='word_1_491' title='bbox 3097 2207 3167 2261; x_wconf 82' lang='grc' dir='ltr'><strong>ἐν</strong></span> <span class='ocrx_word' id='word_1_492' title='bbox 3186 2205 3496 2271; x_wconf 78' lang='grc' dir='ltr'>οὶκοπέδφ.</span> <span class='ocrx_word' id='word_1_493' title='bbox 3529 2204 3709 2259; x_wconf 86' lang='grc' dir='ltr'>Δειλὺν</span> <span class='ocrx_word' id='word_1_494' title='bbox 3729 2205 3759 2258; x_wconf 89' lang='lat'><strong>6</strong></span> 
     </span>
    </p>
   </div>
   <div class='ocr_carea' id='block_1_67' title="bbox 2179 2294 3759 2371">
    <p class='ocr_par' dir='ltr' id='par_1_67' title="bbox 2179 2294 3759 2371">
     <span class='ocr_line' id='line_1_67' title="bbox 2179 2294 3759 2371; baseline -0.003 -18"><span class='ocrx_word' id='word_1_495' title='bbox 2179 2298 2539 2371; x_wconf 79' lang='grc' dir='ltr'>νυκτικὸραξ·</span> <span class='ocrx_word' id='word_1_496' title='bbox 2591 2298 2673 2352; x_wconf 81' lang='grc' dir='ltr'>διὸ</span> <span class='ocrx_word' id='word_1_497' title='bbox 2706 2297 2919 2368; x_wconf 80' lang='grc' dir='ltr'>φεύγων</span> <span class='ocrx_word' id='word_1_498' title='bbox 2977 2298 3314 2369; x_wconf 84' lang='grc' dir='ltr'>πανταχόθεν</span> <span class='ocrx_word' id='word_1_499' title='bbox 3356 2299 3470 2361; x_wconf 85' lang='grc' dir='ltr'>τοῖς</span> <span class='ocrx_word' id='word_1_500' title='bbox 3498 2294 3759 2368; x_wconf 76' lang='grc' dir='ltr'>ἐρειπίοις</span> 
     </span>
    </p>
   </div>
   <div class='ocr_carea' id='block_1_68' title="bbox 2177 2386 3759 2463">
    <p class='ocr_par' dir='ltr' id='par_1_68' title="bbox 2177 2386 3759 2463">
     <span class='ocr_line' id='line_1_68' title="bbox 2177 2386 3759 2463; baseline -0.003 -20"><span class='ocrx_word' id='word_1_501' title='bbox 2177 2388 2287 2445; x_wconf 82' lang='grc' dir='ltr'><strong>τῶν</strong></span> <span class='ocrx_word' id='word_1_502' title='bbox 2311 2390 2626 2463; x_wconf 80' lang='grc' dir='ltr'>οἰκημάτων</span> <span class='ocrx_word' id='word_1_503' title='bbox 2655 2387 3011 2454; x_wconf 76' lang='grc' dir='ltr'>ἐναυλίζεται,</span> <span class='ocrx_word' id='word_1_504' title='bbox 3048 2389 3142 2443; x_wconf 79' lang='grc' dir='ltr'>καὶ</span> <span class='ocrx_word' id='word_1_505' title='bbox 3167 2390 3225 2443; x_wconf 88' lang='grc' dir='ltr'><strong>ἐν</strong></span> <span class='ocrx_word' id='word_1_506' title='bbox 3256 2389 3410 2443; x_wconf 72' lang='grc' dir='ltr'>νυκτὶ</span> <span class='ocrx_word' id='word_1_507' title='bbox 3437 2386 3628 2460; x_wconf 77' lang='grc' dir='ltr'>κράζει</span> <span class='ocrx_word' id='word_1_508' title='bbox 3655 2387 3759 2440; x_wconf 84' lang='grc' dir='ltr'><strong>ὑπὸ</strong></span> 
     </span>
    </p>
   </div>
   <div class='ocr_carea' id='block_1_69' title="bbox 2179 2475 3757 2559">
    <p class='ocr_par' dir='ltr' id='par_1_69' title="bbox 2179 2475 3757 2559">
     <span class='ocr_line' id='line_1_69' title="bbox 2179 2475 3757 2559; baseline -0.001 -26"><span class='ocrx_word' id='word_1_509' title='bbox 2179 2478 2395 2544; x_wconf 82' lang='grc' dir='ltr'>δειλίας.</span> <span class='ocrx_word' id='word_1_510' title='bbox 2432 2480 2531 2534; x_wconf 83' lang='grc' dir='ltr'>Διά</span> <span class='ocrx_word' id='word_1_511' title='bbox 2552 2480 2651 2553; x_wconf 79' lang='grc' dir='ltr'>μὲν</span> <span class='ocrx_word' id='word_1_512' title='bbox 2678 2475 2773 2535; x_wconf 86' lang='grc' dir='ltr'><strong>οῦν</strong></span> <span class='ocrx_word' id='word_1_513' title='bbox 2801 2479 2893 2534; x_wconf 84' lang='grc' dir='ltr'><strong>τοῦ</strong></span> <span class='ocrx_word' id='word_1_514' title='bbox 2920 2479 3213 2544; x_wconf 79' lang='grc' dir='ltr'>πελεκᾶνος</span> <span class='ocrx_word' id='word_1_515' title='bbox 3237 2481 3340 2559; x_wconf 66' lang='grc' dir='ltr'>τὴν</span> <span class='ocrx_word' id='word_1_516' title='bbox 3370 2478 3605 2549; x_wconf 80' lang='grc' dir='ltr'>παντελῆ</span> <span class='ocrx_word' id='word_1_517' title='bbox 3630 2479 3757 2550; x_wconf 85' lang='grc' dir='ltr'>ἐρη-</span> 
     </span>
    </p>
   </div>
   <div class='ocr_carea' id='block_1_70' title="bbox 2183 2568 3759 2644">
    <p class='ocr_par' dir='ltr' id='par_1_70' title="bbox 2183 2568 3759 2644">
     <span class='ocr_line' id='line_1_70' title="bbox 2183 2568 3759 2644; baseline -0.002 -20"><span class='ocrx_word' id='word_1_518' title='bbox 2183 2571 2311 2642; x_wconf 92' lang='grc' dir='ltr'>μίαν</span> <span class='ocrx_word' id='word_1_519' title='bbox 2339 2569 2434 2625; x_wconf 90' lang='grc' dir='ltr'><strong>τοῦ</strong></span> <span class='ocrx_word' id='word_1_520' title='bbox 2462 2571 2590 2626; x_wconf 89' lang='grc' dir='ltr'>λαοῦ</span> <span class='ocrx_word' id='word_1_521' title='bbox 2626 2573 2863 2644; x_wconf 79' lang='grc' dir='ltr'>ἐσήμανε</span> <span class='ocrx_word' id='word_1_522' title='bbox 2882 2588 2896 2602; x_wconf 77' lang='grc'><em>’</em></span> <span class='ocrx_word' id='word_1_523' title='bbox 2940 2571 3028 2625; x_wconf 72' lang='grc' dir='ltr'><strong>διὰ</strong></span> <span class='ocrx_word' id='word_1_524' title='bbox 3067 2571 3123 2625; x_wconf 84' lang='grc' dir='ltr'>δὲ</span> <span class='ocrx_word' id='word_1_525' title='bbox 3154 2570 3249 2624; x_wconf 90' lang='grc' dir='ltr'><strong>τοῦ</strong></span> <span class='ocrx_word' id='word_1_526' title='bbox 3282 2569 3672 2641; x_wconf 89' lang='grc' dir='ltr'>νυκτικόρακος</span> <span class='ocrx_word' id='word_1_527' title='bbox 3697 2568 3759 2621; x_wconf 85' lang='grc' dir='ltr'><strong>τὸ</strong></span> 
     </span>
    </p>
   </div>
   <div class='ocr_carea' id='block_1_71' title="bbox 2180 2659 3758 2733">
    <p class='ocr_par' dir='ltr' id='par_1_71' title="bbox 2180 2659 3758 2733">
     <span class='ocr_line' id='line_1_71' title="bbox 2180 2659 3758 2733; baseline 0.001 -21"><span class='ocrx_word' id='word_1_528' title='bbox 2180 2659 2504 2731; x_wconf 72' lang='grc' dir='ltr'>κατειληφός</span> <span class='ocrx_word' id='word_1_529' title='bbox 2527 2661 2715 2726; x_wconf 82' lang='grc' dir='ltr'>σκότος</span> <span class='ocrx_word' id='word_1_530' title='bbox 2735 2662 2826 2715; x_wconf 74' lang='grc' dir='ltr'><strong>τὸν</strong></span> <span class='ocrx_word' id='word_1_531' title='bbox 2847 2662 2973 2716; x_wconf 77' lang='grc' dir='ltr'>λαὸν</span> <span class='ocrx_word' id='word_1_532' title='bbox 2997 2660 3175 2733; x_wconf 87' lang='grc' dir='ltr'>δηλοῖ·</span> <span class='ocrx_word' id='word_1_533' title='bbox 3198 2661 3292 2715; x_wconf 74' lang='grc' dir='ltr'>καὶ</span> <span class='ocrx_word' id='word_1_534' title='bbox 3310 2661 3414 2726; x_wconf 82' lang='grc' dir='ltr'>ὅτι,</span> <span class='ocrx_word' id='word_1_535' title='bbox 3436 2659 3531 2714; x_wconf 88' lang='grc' dir='ltr'><strong>τοῦ</strong></span> <span class='ocrx_word' id='word_1_536' title='bbox 3556 2677 3758 2715; x_wconf 79' lang='grc' dir='ltr'>καταυ-</span> 
     </span>
    </p>
   </div>
   <div class='ocr_carea' id='block_1_72' title="bbox 2179 2748 3759 2825">
    <p class='ocr_par' dir='ltr' id='par_1_72' title="bbox 2179 2748 3759 2825">
     <span class='ocr_line' id='line_1_72' title="bbox 2179 2748 3759 2825; baseline -0.001 -17"><span class='ocrx_word' id='word_1_537' title='bbox 2179 2751 2441 2823; x_wconf 76' lang='grc' dir='ltr'>γάζοντος</span> <span class='ocrx_word' id='word_1_538' title='bbox 2464 2755 2660 2819; x_wconf 80' lang='grc' dir='ltr'>αὐτοὺς</span> <span class='ocrx_word' id='word_1_539' title='bbox 2688 2755 2864 2825; x_wconf 81' lang='grc' dir='ltr'>φωτὸς</span> <span class='ocrx_word' id='word_1_540' title='bbox 2887 2755 3317 2820; x_wconf 77' lang='grc' dir='ltr'>ἀποσϐεσθέντος</span> <span class='ocrx_word' id='word_1_541' title='bbox 3335 2795 3350 2821; x_wconf 97' lang='grc'><strong>,</strong></span> <span class='ocrx_word' id='word_1_542' title='bbox 3376 2748 3463 2809; x_wconf 77' lang='grc' dir='ltr'>οἵα</span> <span class='ocrx_word' id='word_1_543' title='bbox 3489 2754 3547 2810; x_wconf 85' lang='grc' dir='ltr'><strong>ἐν</strong></span> <span class='ocrx_word' id='word_1_544' title='bbox 3569 2754 3759 2825; x_wconf 70' lang='grc' dir='ltr'>σκοτίᾳ</span> 
     </span>
    </p>
   </div>
   <div class='ocr_carea' id='block_1_73' title="bbox 2179 2844 3757 2918">
    <p class='ocr_par' dir='ltr' id='par_1_73' title="bbox 2179 2844 3757 2918">
     <span class='ocr_line' id='line_1_73' title="bbox 2179 2844 3757 2918; baseline 0.001 -20"><span class='ocrx_word' id='word_1_545' title='bbox 2179 2844 2286 2898; x_wconf 78' lang='grc' dir='ltr'>είσὶ</span> <span class='ocrx_word' id='word_1_546' title='bbox 2309 2846 2401 2899; x_wconf 69' lang='grc' dir='ltr'>καὶ</span> <span class='ocrx_word' id='word_1_547' title='bbox 2421 2846 2577 2901; x_wconf 75' lang='grc' dir='ltr'>νυκτὶ</span> <span class='ocrx_word' id='word_1_548' title='bbox 2596 2847 2869 2917; x_wconf 83' lang='grc' dir='ltr'>ἀγνωσίαν</span> <span class='ocrx_word' id='word_1_549' title='bbox 2883 2847 3019 2901; x_wconf 84' lang='grc' dir='ltr'>Θεοῦ</span> <span class='ocrx_word' id='word_1_550' title='bbox 3042 2847 3276 2918; x_wconf 73' lang='grc' dir='ltr'>ἔχοντες.</span> <span class='ocrx_word' id='word_1_551' title='bbox 3298 2847 3453 2918; x_wconf 86' lang='grc' dir='ltr'>Τάχα</span> <span class='ocrx_word' id='word_1_552' title='bbox 3466 2846 3523 2900; x_wconf 80' lang='grc' dir='ltr'>δὲ</span> <span class='ocrx_word' id='word_1_553' title='bbox 3537 2848 3567 2901; x_wconf 89' lang='grc' dir='ltr'><strong>ό</strong></span> <span class='ocrx_word' id='word_1_554' title='bbox 3584 2847 3757 2916; x_wconf 81' lang='grc' dir='ltr'>άγιος,</span> 
     </span>
    </p>
   </div>
   <div class='ocr_carea' id='block_1_74' title="bbox 2179 2936 3753 3021">
    <p class='ocr_par' dir='ltr' id='par_1_74' title="bbox 2179 2936 3753 3021">
     <span class='ocr_line' id='line_1_74' title="bbox 2179 2936 3753 3021; baseline 0.001 -31"><span class='ocrx_word' id='word_1_555' title='bbox 2179 2936 2367 3009; x_wconf 81' lang='grc' dir='ltr'>ἐπειδὴ</span> <span class='ocrx_word' id='word_1_556' title='bbox 2382 2937 2672 3009; x_wconf 85' lang='grc' dir='ltr'>παννύχεις</span> <span class='ocrx_word' id='word_1_557' title='bbox 2695 2938 2824 2992; x_wconf 79' lang='grc' dir='ltr'>ἐϐόα</span> <span class='ocrx_word' id='word_1_558' title='bbox 2841 2940 3292 3021; x_wconf 75' lang='grc' dir='ltr'>προσευχόμενος,</span> <span class='ocrx_word' id='word_1_559' title='bbox 3315 2939 3622 3009; x_wconf 87' lang='grc' dir='ltr'>ἀναγκαίως</span> <span class='ocrx_word' id='word_1_560' title='bbox 3644 2940 3753 2993; x_wconf 83' lang='grc' dir='ltr'><strong>ἐαυ⁹</strong></span> 
     </span>
    </p>
   </div>
   <div class='ocr_carea' id='block_1_75' title="bbox 2179 3028 3039 3103">
    <p class='ocr_par' dir='ltr' id='par_1_75' title="bbox 2179 3028 3039 3103">
     <span class='ocr_line' id='line_1_75' title="bbox 2179 3028 3039 3103; baseline 0.002 -20"><span class='ocrx_word' id='word_1_561' title='bbox 2179 3028 2272 3085; x_wconf 82' lang='grc' dir='ltr'>τὸν</span> <span class='ocrx_word' id='word_1_562' title='bbox 2295 3029 2633 3103; x_wconf 76' lang='grc' dir='ltr'>παραϐάλλει</span> <span class='ocrx_word' id='word_1_563' title='bbox 2666 3031 3039 3102; x_wconf 84' lang='grc' dir='ltr'>νυκτικόρακι.</span> 
     </span>
    </p>
   </div>
   <div class='ocr_carea' id='block_1_76' title="bbox 2262 3121 3760 3194">
    <p class='ocr_par' dir='ltr' id='par_1_76' title="bbox 2262 3121 3760 3194">
     <span class='ocr_line' id='line_1_76' title="bbox 2262 3121 3760 3194; baseline -0.003 -15"><span class='ocrx_word' id='word_1_564' title='bbox 2262 3122 2669 3194; x_wconf 73' lang='grc' dir='ltr'>Ἠτρύπνησα,</span> <span class='ocrx_word' id='word_1_565' title='bbox 2697 3122 2795 3176; x_wconf 74' lang='grc' dir='ltr'>καὶ</span> <span class='ocrx_word' id='word_1_566' title='bbox 2821 3121 3115 3192; x_wconf 76' lang='grc' dir='ltr'>ἐγενήθην</span> <span class='ocrx_word' id='word_1_567' title='bbox 3145 3122 3286 3178; x_wconf 80' lang='grc' dir='ltr'>ὡσεί</span> <span class='ocrx_word' id='word_1_568' title='bbox 3308 3122 3630 3191; x_wconf 81' lang='grc' dir='ltr'>στρουθίον</span> <span class='ocrx_word' id='word_1_569' title='bbox 3654 3138 3760 3191; x_wconf 88' lang='grc' dir='ltr'>μο-</span> 
     </span>
    </p>
   </div>
   <div class='ocr_carea' id='block_1_77' title="bbox 2179 3210 3760 3281">
    <p class='ocr_par' dir='ltr' id='par_1_77' title="bbox 2179 3210 3760 3281">
     <span class='ocr_line' id='line_1_77' title="bbox 2179 3210 3760 3281; baseline -0.003 -12"><span class='ocrx_word' id='word_1_570' title='bbox 2179 3213 2360 3274; x_wconf 76' lang='grc' dir='ltr'>νάζον</span> <span class='ocrx_word' id='word_1_571' title='bbox 2377 3214 2475 3267; x_wconf 82' lang='grc' dir='ltr'>ἐπὶ</span> <span class='ocrx_word' id='word_1_572' title='bbox 2501 3211 2740 3281; x_wconf 77' lang='grc' dir='ltr'><strong>δώματι.</strong></span> <span class='ocrx_word' id='word_1_573' title='bbox 2772 3214 2965 3277; x_wconf 77' lang='grc' dir='ltr'>’Ὅλην</span> <span class='ocrx_word' id='word_1_574' title='bbox 2982 3210 3097 3280; x_wconf 74' lang='grc' dir='ltr'><strong>τὴν</strong></span> <span class='ocrx_word' id='word_1_575' title='bbox 3111 3212 3338 3281; x_wconf 72' lang='grc' dir='ltr'>ἡμέραν</span> <span class='ocrx_word' id='word_1_576' title='bbox 3355 3210 3663 3272; x_wconf 81' lang='grc' dir='ltr'>ὠνείδιζόν</span> <span class='ocrx_word' id='word_1_577' title='bbox 3683 3228 3760 3280; x_wconf 82' lang='grc' dir='ltr'><strong>με</strong></span> 
     </span>
    </p>
   </div>
   <div class='ocr_carea' id='block_1_78' title="bbox 2179 3301 3759 3374">
    <p class='ocr_par' dir='ltr' id='par_1_78' title="bbox 2179 3301 3759 3374">
     <span class='ocr_line' id='line_1_78' title="bbox 2179 3301 3759 3374; baseline -0.003 -14"><span class='ocrx_word' id='word_1_578' title='bbox 2179 3308 2235 3361; x_wconf 82' lang='grc' dir='ltr'>οὶ</span> <span class='ocrx_word' id='word_1_579' title='bbox 2258 3306 2462 3374; x_wconf 82' lang='grc' dir='ltr'>ἐχθροί</span> <span class='ocrx_word' id='word_1_580' title='bbox 2499 3321 2620 3372; x_wconf 90' lang='grc' dir='ltr'><strong>μου</strong></span> <span class='ocrx_word' id='word_1_581' title='bbox 2645 3343 2661 3368; x_wconf 94' lang='grc'><strong>,</strong></span> <span class='ocrx_word' id='word_1_582' title='bbox 2712 3303 2811 3356; x_wconf 79' lang='grc' dir='ltr'>καὶ</span> <span class='ocrx_word' id='word_1_583' title='bbox 2842 3304 2896 3355; x_wconf 76' lang='grc' dir='ltr'>οἱ</span> <span class='ocrx_word' id='word_1_584' title='bbox 2926 3301 3316 3365; x_wconf 82' lang='grc' dir='ltr'>ἐπαινοῦντές</span> <span class='ocrx_word' id='word_1_585' title='bbox 3341 3318 3419 3370; x_wconf 86' lang='grc' dir='ltr'><strong>με</strong></span> <span class='ocrx_word' id='word_1_586' title='bbox 3446 3304 3572 3354; x_wconf 81' lang='grc' dir='ltr'>κατ’</span> <span class='ocrx_word' id='word_1_587' title='bbox 3610 3302 3759 3370; x_wconf 84' lang='grc' dir='ltr'><strong>ἐμοῦ</strong></span> 
     </span>
    </p>
   </div>
   <div class='ocr_carea' id='block_1_79' title="bbox 2179 3386 3760 3464">
    <p class='ocr_par' dir='ltr' id='par_1_79' title="bbox 2179 3386 3760 3464">
     <span class='ocr_line' id='line_1_79' title="bbox 2179 3386 3760 3464; baseline -0.004 -17"><span class='ocrx_word' id='word_1_588' title='bbox 2179 3393 2435 3464; x_wconf 81' lang='grc' dir='ltr'>ὤμνυον.</span> <span class='ocrx_word' id='word_1_589' title='bbox 2462 3390 2878 3460; x_wconf 83' lang='grc' dir='ltr'>Καταγέλαστος</span> <span class='ocrx_word' id='word_1_590' title='bbox 2900 3387 3163 3459; x_wconf 74' lang='grc' dir='ltr'>ἐγενόμην</span> <span class='ocrx_word' id='word_1_591' title='bbox 3190 3390 3303 3451; x_wconf 87' lang='grc' dir='ltr'>τοῖς</span> <span class='ocrx_word' id='word_1_592' title='bbox 3324 3386 3632 3462; x_wconf 67' lang='grc' dir='ltr'>δυσμενέσι,</span> <span class='ocrx_word' id='word_1_593' title='bbox 3664 3388 3760 3441; x_wconf 79' lang='grc' dir='ltr'>καὶ</span> 
     </span>
    </p>
   </div>
   <div class='ocr_carea' id='block_1_80' title="bbox 2178 3477 3760 3553">
    <p class='ocr_par' dir='ltr' id='par_1_80' title="bbox 2178 3477 3760 3553">
     <span class='ocr_line' id='line_1_80' title="bbox 2178 3477 3760 3553; baseline -0.006 -15"><span class='ocrx_word' id='word_1_594' title='bbox 2178 3485 2207 3538; x_wconf 91' lang='lat'><strong>6</strong></span> <span class='ocrx_word' id='word_1_595' title='bbox 2239 3483 2405 3538; x_wconf 85' lang='grc' dir='ltr'>πάλαι</span> <span class='ocrx_word' id='word_1_596' title='bbox 2434 3481 2669 3553; x_wconf 80' lang='grc' dir='ltr'>ζηλωτὸς</span> <span class='ocrx_word' id='word_1_597' title='bbox 2701 3481 2794 3534; x_wconf 72' lang='grc' dir='ltr'>καὶ</span> <span class='ocrx_word' id='word_1_598' title='bbox 2817 3479 3175 3552; x_wconf 73' lang='grc' dir='ltr'>περίϐλεπτος</span> <span class='ocrx_word' id='word_1_599' title='bbox 3195 3519 3210 3543; x_wconf 92' lang='grc'><strong>,</strong></span> <span class='ocrx_word' id='word_1_600' title='bbox 3245 3478 3340 3532; x_wconf 90' lang='grc' dir='ltr'><strong>νῦν</strong></span> <span class='ocrx_word' id='word_1_601' title='bbox 3377 3479 3536 3549; x_wconf 84' lang='grc' dir='ltr'>ὅρκος</span> <span class='ocrx_word' id='word_1_602' title='bbox 3558 3477 3760 3545; x_wconf 85' lang='grc' dir='ltr'>γέγονα</span> 
     </span>
    </p>
   </div>
   <div class='ocr_carea' id='block_1_81' title="bbox 2178 3568 3758 3645">
    <p class='ocr_par' dir='ltr' id='par_1_81' title="bbox 2178 3568 3758 3645">
     <span class='ocr_line' id='line_1_81' title="bbox 2178 3568 3758 3645; baseline -0.003 -16"><span class='ocrx_word' id='word_1_603' title='bbox 2178 3577 2289 3639; x_wconf 88' lang='grc' dir='ltr'>τοῖς</span> <span class='ocrx_word' id='word_1_604' title='bbox 2312 3573 2476 3629; x_wconf 77' lang='grc' dir='ltr'>πάλαι</span> <span class='ocrx_word' id='word_1_605' title='bbox 2500 3570 2832 3645; x_wconf 76' lang='grc' dir='ltr'>θαυμάζουσι</span> <span class='ocrx_word' id='word_1_606' title='bbox 2856 3589 2869 3602; x_wconf 87' lang='grc'><strong>·</strong></span> <span class='ocrx_word' id='word_1_607' title='bbox 2897 3570 3041 3626; x_wconf 82' lang='grc' dir='ltr'><strong>κατά</strong></span> <span class='ocrx_word' id='word_1_608' title='bbox 3062 3572 3171 3642; x_wconf 77' lang='grc' dir='ltr'><strong>γὰρ</strong></span> <span class='ocrx_word' id='word_1_609' title='bbox 3197 3570 3307 3624; x_wconf 82' lang='grc' dir='ltr'>τῶν</span> <span class='ocrx_word' id='word_1_610' title='bbox 3332 3568 3478 3641; x_wconf 84' lang='grc' dir='ltr'>ἐμῶν</span> <span class='ocrx_word' id='word_1_611' title='bbox 3497 3569 3758 3641; x_wconf 83' lang='grc' dir='ltr'>ὀμνύουσι</span> 
     </span>
    </p>
   </div>
   <div class='ocr_carea' id='block_1_82' title="bbox 2182 3660 3762 3737">
    <p class='ocr_par' dir='ltr' id='par_1_82' title="bbox 2182 3660 3762 3737">
     <span class='ocr_line' id='line_1_82' title="bbox 2182 3660 3762 3737; baseline -0.003 -17"><span class='ocrx_word' id='word_1_612' title='bbox 2182 3665 2478 3737; x_wconf 82' lang='grc' dir='ltr'>συμφορῶν</span> <span class='ocrx_word' id='word_1_613' title='bbox 2497 3682 2511 3697; x_wconf 73' lang='grc' dir='ltr'><strong>ο</strong></span> <span class='ocrx_word' id='word_1_614' title='bbox 2542 3664 2635 3736; x_wconf 82' lang='grc' dir='ltr'><strong>Μὴ</strong></span> <span class='ocrx_word' id='word_1_615' title='bbox 2659 3665 2885 3735; x_wconf 84' lang='grc' dir='ltr'>πάθοιμι</span> <span class='ocrx_word' id='word_1_616' title='bbox 2920 3662 2957 3717; x_wconf 77' lang='grc' dir='ltr'>ἃ</span> <span class='ocrx_word' id='word_1_617' title='bbox 2990 3665 3044 3717; x_wconf 90' lang='grc' dir='ltr'>οἱ</span> <span class='ocrx_word' id='word_1_618' title='bbox 3070 3663 3240 3726; x_wconf 89' lang='grc' dir='ltr'>δεῖνες</span> <span class='ocrx_word' id='word_1_619' title='bbox 3267 3660 3590 3716; x_wconf 82' lang='grc' dir='ltr'>πεπόνθασι.</span> <span class='ocrx_word' id='word_1_620' title='bbox 3647 3660 3762 3716; x_wconf 71' lang='grc' dir='ltr'><strong>Καὶ</strong></span> 
     </span>
    </p>
   </div>
   <div class='ocr_carea' id='block_1_83' title="bbox 2179 3751 3761 3828">
    <p class='ocr_par' dir='ltr' id='par_1_83' title="bbox 2179 3751 3761 3828">
     <span class='ocr_line' id='line_1_83' title="bbox 2179 3751 3761 3828; baseline -0.006 -14"><span class='ocrx_word' id='word_1_621' title='bbox 2179 3763 2233 3814; x_wconf 87' lang='grc' dir='ltr'>οἱ</span> <span class='ocrx_word' id='word_1_622' title='bbox 2257 3757 2645 3824; x_wconf 84' lang='grc' dir='ltr'>ἐπαινοῦντές</span> <span class='ocrx_word' id='word_1_623' title='bbox 2656 3775 2732 3828; x_wconf 82' lang='grc' dir='ltr'><strong>με</strong></span> <span class='ocrx_word' id='word_1_624' title='bbox 2754 3758 2881 3811; x_wconf 83' lang='grc' dir='ltr'>κατ’</span> <span class='ocrx_word' id='word_1_625' title='bbox 2903 3756 3050 3826; x_wconf 82' lang='grc' dir='ltr'>ἐμοῦ</span> <span class='ocrx_word' id='word_1_626' title='bbox 3075 3755 3314 3825; x_wconf 79' lang='grc' dir='ltr'>ὤμνυον</span> <span class='ocrx_word' id='word_1_627' title='bbox 3331 3771 3343 3784; x_wconf 93' lang='grc'><strong>·</strong></span> <span class='ocrx_word' id='word_1_628' title='bbox 3368 3754 3443 3818; x_wconf 88' lang='grc' dir='ltr'>ὡς</span> <span class='ocrx_word' id='word_1_629' title='bbox 3470 3753 3547 3825; x_wconf 79' lang='grc' dir='ltr'>μὴ</span> <span class='ocrx_word' id='word_1_630' title='bbox 3567 3751 3761 3823; x_wconf 71' lang='grc' dir='ltr'>ἔχοντα</span> 
     </span>
    </p>
   </div>
   <div class='ocr_carea' id='block_1_84' title="bbox 2183 3846 3762 3923">
    <p class='ocr_par' dir='ltr' id='par_1_84' title="bbox 2183 3846 3762 3923">
     <span class='ocr_line' id='line_1_84' title="bbox 2183 3846 3762 3923; baseline -0.003 -19"><span class='ocrx_word' id='word_1_631' title='bbox 2183 3850 2374 3923; x_wconf 83' lang='grc' dir='ltr'>βοηθὸν</span> <span class='ocrx_word' id='word_1_632' title='bbox 2393 3851 2483 3905; x_wconf 86' lang='grc' dir='ltr'>τὸν</span> <span class='ocrx_word' id='word_1_633' title='bbox 2504 3850 2654 3905; x_wconf 88' lang='grc' dir='ltr'>Θεόν.</span> <span class='ocrx_word' id='word_1_634' title='bbox 2682 3851 2793 3903; x_wconf 69' lang='grc' dir='ltr'><strong>Καὶ</strong></span> <span class='ocrx_word' id='word_1_635' title='bbox 2815 3849 2877 3902; x_wconf 83' lang='grc' dir='ltr'>οὐ</span> <span class='ocrx_word' id='word_1_636' title='bbox 2901 3849 3058 3920; x_wconf 86' lang='grc' dir='ltr'>μόνον</span> <span class='ocrx_word' id='word_1_637' title='bbox 3083 3849 3132 3902; x_wconf 90' lang='grc' dir='ltr'>οἰ</span> <span class='ocrx_word' id='word_1_638' title='bbox 3151 3848 3334 3921; x_wconf 81' lang='grc' dir='ltr'>ἐθχροὶ</span> <span class='ocrx_word' id='word_1_639' title='bbox 3348 3846 3441 3901; x_wconf 91' lang='grc' dir='ltr'><strong>τοῦ</strong></span> <span class='ocrx_word' id='word_1_640' title='bbox 3456 3846 3591 3900; x_wconf 76' lang='grc' dir='ltr'>θεοῦ</span> <span class='ocrx_word' id='word_1_641' title='bbox 3610 3846 3762 3901; x_wconf 85' lang='grc' dir='ltr'>ταῦτ’</span> 
     </span>
    </p>
   </div>
   <div class='ocr_carea' id='block_1_85' title="bbox 2182 3939 3762 4014">
    <p class='ocr_par' dir='ltr' id='par_1_85' title="bbox 2182 3939 3762 4014">
     <span class='ocr_line' id='line_1_85' title="bbox 2182 3939 3762 4014; baseline -0.001 -19"><span class='ocrx_word' id='word_1_642' title='bbox 2182 3941 2480 4014; x_wconf 71' lang='grc' dir='ltr'>ἔπραττον,</span> <span class='ocrx_word' id='word_1_643' title='bbox 2512 3939 2647 3995; x_wconf 80' lang='grc' dir='ltr'>ἀλλὰ</span> <span class='ocrx_word' id='word_1_644' title='bbox 2674 3941 2769 3994; x_wconf 73' lang='grc' dir='ltr'>καὶ</span> <span class='ocrx_word' id='word_1_645' title='bbox 2801 3942 2850 3994; x_wconf 92' lang='grc' dir='ltr'><strong>οί</strong></span> <span class='ocrx_word' id='word_1_646' title='bbox 2877 3940 3199 4010; x_wconf 72' lang='grc' dir='ltr'>ἀγαπῶντες</span> <span class='ocrx_word' id='word_1_647' title='bbox 3229 3957 3296 4011; x_wconf 86' lang='grc' dir='ltr'><strong>με</strong></span> <span class='ocrx_word' id='word_1_648' title='bbox 3331 3941 3451 3995; x_wconf 81' lang='grc' dir='ltr'>κατ’</span> <span class='ocrx_word' id='word_1_649' title='bbox 3480 3940 3614 4011; x_wconf 85' lang='grc' dir='ltr'>ἐμοῦ</span> <span class='ocrx_word' id='word_1_650' title='bbox 3644 3940 3762 4011; x_wconf 78' lang='grc' dir='ltr'><strong>ὦμ-</strong></span> 
     </span>
    </p>
   </div>
   <div class='ocr_carea' id='block_1_86' title="bbox 2181 4031 3758 4101">
    <p class='ocr_par' dir='ltr' id='par_1_86' title="bbox 2181 4031 3758 4101">
     <span class='ocr_line' id='line_1_86' title="bbox 2181 4031 3758 4101; baseline -0.001 -13"><span class='ocrx_word' id='word_1_651' title='bbox 2181 4051 2306 4089; x_wconf 89' lang='grc' dir='ltr'>νυον</span> <span class='ocrx_word' id='word_1_652' title='bbox 2326 4074 2341 4099; x_wconf 91' lang='grc'><strong>,</strong></span> <span class='ocrx_word' id='word_1_653' title='bbox 2374 4034 2652 4088; x_wconf 88' lang='grc' dir='ltr'>τουτέστιν</span> <span class='ocrx_word' id='word_1_654' title='bbox 2684 4035 2732 4087; x_wconf 83' lang='grc' dir='ltr'>οἱ</span> <span class='ocrx_word' id='word_1_655' title='bbox 2767 4032 2876 4087; x_wconf 83' lang='grc' dir='ltr'>ἀπὸ</span> <span class='ocrx_word' id='word_1_656' title='bbox 2902 4033 2997 4087; x_wconf 89' lang='grc' dir='ltr'><strong>τοῦ</strong></span> <span class='ocrx_word' id='word_1_657' title='bbox 3023 4032 3188 4087; x_wconf 86' lang='grc' dir='ltr'>αὐτοῦ</span> <span class='ocrx_word' id='word_1_658' title='bbox 3217 4032 3402 4096; x_wconf 76' lang='grc' dir='ltr'>ἔθνους</span> <span class='ocrx_word' id='word_1_659' title='bbox 3432 4031 3527 4086; x_wconf 74' lang='grc' dir='ltr'>καὶ</span> <span class='ocrx_word' id='word_1_660' title='bbox 3548 4031 3758 4101; x_wconf 77' lang='grc' dir='ltr'>γένους.</span> 
     </span>
    </p>
   </div>
   <div class='ocr_carea' id='block_1_87' title="bbox 2181 4119 3761 4198">
    <p class='ocr_par' dir='ltr' id='par_1_87' title="bbox 2181 4119 3761 4198">
     <span class='ocr_line' id='line_1_87' title="bbox 2181 4119 3761 4198; baseline -0.003 -15"><span class='ocrx_word' id='word_1_661' title='bbox 2181 4128 2292 4183; x_wconf 79' lang='grc' dir='ltr'><strong>Καὶ</strong></span> <span class='ocrx_word' id='word_1_662' title='bbox 2312 4119 2457 4181; x_wconf 78' lang='grc' dir='ltr'>οὗτοι</span> <span class='ocrx_word' id='word_1_663' title='bbox 2478 4126 2608 4196; x_wconf 91' lang='grc' dir='ltr'>γοῦν</span> <span class='ocrx_word' id='word_1_664' title='bbox 2628 4127 2891 4197; x_wconf 74' lang='grc' dir='ltr'>ἠπίστουν</span> <span class='ocrx_word' id='word_1_665' title='bbox 2911 4128 3031 4189; x_wconf 85' lang='grc' dir='ltr'>ταῖς</span> <span class='ocrx_word' id='word_1_666' title='bbox 3052 4126 3240 4189; x_wconf 81' lang='grc' dir='ltr'>αὑταῖς</span> <span class='ocrx_word' id='word_1_667' title='bbox 3262 4124 3642 4198; x_wconf 79' lang='grc' dir='ltr'>προφητείαις,</span> <span class='ocrx_word' id='word_1_668' title='bbox 3662 4125 3761 4190; x_wconf 88' lang='grc' dir='ltr'><strong>τάς</strong></span> 
     </span>
    </p>
   </div>
   <div class='ocr_carea' id='block_1_88' title="bbox 2180 4216 3761 4291">
    <p class='ocr_par' dir='ltr' id='par_1_88' title="bbox 2180 4216 3761 4291">
     <span class='ocr_line' id='line_1_88' title="bbox 2180 4216 3761 4291; baseline 0 -20"><span class='ocrx_word' id='word_1_669' title='bbox 2180 4235 2242 4271; x_wconf 88' lang='grc' dir='ltr'><strong>τε</strong></span> <span class='ocrx_word' id='word_1_670' title='bbox 2286 4218 2659 4291; x_wconf 83' lang='grc' dir='ltr'>παρακλήσεις</span> <span class='ocrx_word' id='word_1_671' title='bbox 2688 4219 2782 4271; x_wconf 76' lang='grc' dir='ltr'><strong>καί¹</strong></span> <span class='ocrx_word' id='word_1_672' title='bbox 2813 4217 2913 4282; x_wconf 82' lang='grc' dir='ltr'><strong>τὰς</strong></span> <span class='ocrx_word' id='word_1_673' title='bbox 2944 4216 3051 4271; x_wconf 86' lang='grc' dir='ltr'>τῶν</span> <span class='ocrx_word' id='word_1_674' title='bbox 3087 4216 3385 4288; x_wconf 88' lang='grc' dir='ltr'>μελλόντων</span> <span class='ocrx_word' id='word_1_675' title='bbox 3428 4217 3761 4286; x_wconf 76' lang='grc' dir='ltr'>ἐπαγγελίας</span> 
     </span>
    </p>
   </div>
   <div class='ocr_carea' id='block_1_89' title="bbox 2180 4305 3763 4381">
    <p class='ocr_par' dir='ltr' id='par_1_89' title="bbox 2180 4305 3763 4381">
     <span class='ocr_line' id='line_1_89' title="bbox 2180 4305 3763 4381; baseline -0.002 -18"><span class='ocrx_word' id='word_1_676' title='bbox 2180 4308 2528 4381; x_wconf 81' lang='grc' dir='ltr'>διασύροντες</span> <span class='ocrx_word' id='word_1_677' title='bbox 2557 4308 2676 4363; x_wconf 86' lang='grc' dir='ltr'>κατ’</span> <span class='ocrx_word' id='word_1_678' title='bbox 2710 4307 2844 4379; x_wconf 91' lang='grc' dir='ltr'>ἐμοῦ</span> <span class='ocrx_word' id='word_1_679' title='bbox 2869 4306 3084 4380; x_wconf 75' lang='grc' dir='ltr'>ὤμνυον</span> <span class='ocrx_word' id='word_1_680' title='bbox 3103 4346 3118 4372; x_wconf 91' lang='grc'><strong>,</strong></span> <span class='ocrx_word' id='word_1_681' title='bbox 3152 4305 3213 4360; x_wconf 84' lang='grc' dir='ltr'>τὸ</span> <span class='ocrx_word' id='word_1_682' title='bbox 3241 4305 3316 4378; x_wconf 78' lang='grc' dir='ltr'>μὴ</span> <span class='ocrx_word' id='word_1_683' title='bbox 3346 4306 3620 4362; x_wconf 88' lang='grc' dir='ltr'>πιστεύειν</span> <span class='ocrx_word' id='word_1_684' title='bbox 3647 4310 3763 4371; x_wconf 82' lang='grc' dir='ltr'>τοῖς</span> 
     </span>
    </p>
   </div>
   <div class='ocr_carea' id='block_1_90' title="bbox 2183 4397 3764 4473">
    <p class='ocr_par' dir='ltr' id='par_1_90' title="bbox 2183 4397 3764 4473">
     <span class='ocr_line' id='line_1_90' title="bbox 2183 4397 3764 4473; baseline -0.001 -19"><span class='ocrx_word' id='word_1_685' title='bbox 2183 4401 2273 4455; x_wconf 77' lang='grc' dir='ltr'><strong>ὑπ’</strong></span> <span class='ocrx_word' id='word_1_686' title='bbox 2294 4400 2429 4473; x_wconf 88' lang='grc' dir='ltr'>ἐμοῦ</span> <span class='ocrx_word' id='word_1_687' title='bbox 2456 4401 2973 4472; x_wconf 81' lang='grc' dir='ltr'>προφητευομένοις.</span> <span class='ocrx_word' id='word_1_688' title='bbox 3011 4400 3138 4453; x_wconf 82' lang='grc' dir='ltr'>Ὅτι</span> <span class='ocrx_word' id='word_1_689' title='bbox 3161 4397 3394 4452; x_wconf 84' lang='grc' dir='ltr'>σποδόν</span> <span class='ocrx_word' id='word_1_690' title='bbox 3415 4398 3558 4453; x_wconf 78' lang='grc' dir='ltr'>ὡσεί</span> <span class='ocrx_word' id='word_1_691' title='bbox 3578 4397 3764 4468; x_wconf 76' lang='grc' dir='ltr'>ἄρτον</span> 
     </span>
    </p>
   </div>
   <div class='ocr_carea' id='block_1_91' title="bbox 507 4487 2078 4563">
    <p class='ocr_par' dir='ltr' id='par_1_91' title="bbox 507 4487 2078 4563">
     <span class='ocr_line' id='line_1_91' title="bbox 507 4487 2078 4563; baseline 0.008 -22"><span class='ocrx_word' id='word_1_692' title='bbox 507 4487 790 4555; x_wconf 83' lang='lat' dir='ltr'><strong>ducabam,</strong></span> <span class='ocrx_word' id='word_1_693' title='bbox 825 4498 875 4543; x_wconf 84' lang='lat' dir='ltr'><strong>et</strong></span> <span class='ocrx_word' id='word_1_694' title='bbox 901 4498 1082 4558; x_wconf 83' lang='lat' dir='ltr'><strong>patum</strong></span> <span class='ocrx_word' id='word_1_695' title='bbox 1118 4507 1291 4546; x_wconf 86' lang='lat' dir='ltr'><strong>meum</strong></span> <span class='ocrx_word' id='word_1_696' title='bbox 1327 4509 1446 4546; x_wconf 84' lang='lat' dir='ltr'><strong>cum</strong></span> <span class='ocrx_word' id='word_1_697' title='bbox 1485 4493 1613 4563; x_wconf 81' lang='lat' dir='ltr'><strong>ﬂetu</strong></span> <span class='ocrx_word' id='word_1_698' title='bbox 1645 4495 1949 4553; x_wconf 80' lang='lat' dir='ltr'><strong>miscebant.</strong></span> <span class='ocrx_word' id='word_1_699' title='bbox 1980 4494 2078 4553; x_wconf 84' lang='lat' dir='ltr'><strong>His</strong></span> 
     </span>
    </p>
   </div>
   <div class='ocr_carea' id='block_1_92' title="bbox 2178 4487 3758 4563">
    <p class='ocr_par' dir='ltr' id='par_1_92' title="bbox 2180 4491 3758 4563">
     <span class='ocr_line' id='line_1_92' title="bbox 2180 4491 3758 4563; baseline 0.003 -17"><span class='ocrx_word' id='word_1_700' title='bbox 2180 4491 2429 4563; x_wconf 56' lang='grc' dir='ltr'>ἔφαγον,</span> <span class='ocrx_word' id='word_1_701' title='bbox 2450 4492 2549 4546; x_wconf 78' lang='grc' dir='ltr'>καὶ</span> <span class='ocrx_word' id='word_1_702' title='bbox 2575 4491 2641 4546; x_wconf 84' lang='grc' dir='ltr'><strong>τὸ</strong></span> <span class='ocrx_word' id='word_1_703' title='bbox 2666 4493 2826 4561; x_wconf 86' lang='grc' dir='ltr'>πόμα</span> <span class='ocrx_word' id='word_1_704' title='bbox 2838 4509 2958 4562; x_wconf 86' lang='grc' dir='ltr'><strong>μου</strong></span> <span class='ocrx_word' id='word_1_705' title='bbox 2977 4493 3128 4562; x_wconf 81' lang='grc' dir='ltr'>μετὰ</span> <span class='ocrx_word' id='word_1_706' title='bbox 3148 4494 3459 4563; x_wconf 75' lang='grc' dir='ltr'>κλαυθμοῦ</span> <span class='ocrx_word' id='word_1_707' title='bbox 3480 4494 3758 4562; x_wconf 75' lang='grc' dir='ltr'>ἐκίρνων.</span> 
     </span>
    </p>
   </div>
   <div class='ocr_carea' id='block_1_93' title="bbox 510 4579 2081 4653">
    <p class='ocr_par' dir='ltr' id='par_1_93' title="bbox 510 4579 2081 4653">
     <span class='ocr_line' id='line_1_93' title="bbox 510 4579 2081 4653; baseline 0.006 -19"><span class='ocrx_word' id='word_1_708' title='bbox 510 4579 709 4634; x_wconf 88' lang='lat' dir='ltr'><strong>similia</strong></span> <span class='ocrx_word' id='word_1_709' title='bbox 732 4588 855 4635; x_wconf 88' lang='lat' dir='ltr'><strong>sunt</strong></span> <span class='ocrx_word' id='word_1_710' title='bbox 881 4595 1002 4652; x_wconf 70' lang='lat' dir='ltr'><strong>qua:</strong></span> <span class='ocrx_word' id='word_1_711' title='bbox 1031 4581 1087 4637; x_wconf 90' lang='lat' dir='ltr'><strong>in</strong></span> <span class='ocrx_word' id='word_1_712' title='bbox 1111 4584 1324 4653; x_wconf 84' lang='lat' dir='ltr'><strong>psalmo</strong></span> <span class='ocrx_word' id='word_1_713' title='bbox 1355 4600 1540 4651; x_wconf 70' lang='lat' dir='ltr'><strong>Lxmx,</strong></span> <span class='ocrx_word' id='word_1_714' title='bbox 1572 4586 1885 4644; x_wconf 87' lang='lat' dir='ltr'><strong>habentur:</strong></span> <span class='ocrx_word' id='word_1_715' title='bbox 1920 4587 2081 4644; x_wconf 88' lang='lat' dir='ltr'><strong>Ciba-</strong></span> 
     </span>
    </p>
   </div>
   <div class='ocr_carea' id='block_1_94' title="bbox 507 4668 2083 4746">
    <p class='ocr_par' dir='ltr' id='par_1_94' title="bbox 507 4668 2083 4746">
     <span class='ocr_line' id='line_1_94' title="bbox 507 4668 2083 4746; baseline 0.008 -23"><span class='ocrx_word' id='word_1_716' title='bbox 507 4668 709 4725; x_wconf 79' lang='lat' dir='ltr'><strong>bis-nos</strong></span> <span class='ocrx_word' id='word_1_717' title='bbox 738 4687 870 4740; x_wconf 84' lang='lat' dir='ltr'><strong>pane</strong></span> <span class='ocrx_word' id='word_1_718' title='bbox 900 4673 1282 4744; x_wconf 80' lang='lat' dir='ltr'><strong>lacrymarum,</strong></span> <span class='ocrx_word' id='word_1_719' title='bbox 1318 4685 1367 4729; x_wconf 85' lang='lat' dir='ltr'><strong>et</strong></span> <span class='ocrx_word' id='word_1_720' title='bbox 1404 4687 1586 4746; x_wconf 82' lang='lat' dir='ltr'><strong>potum</strong></span> <span class='ocrx_word' id='word_1_721' title='bbox 1632 4677 1785 4734; x_wconf 86' lang='lat' dir='ltr'><strong>dabis</strong></span> <span class='ocrx_word' id='word_1_722' title='bbox 1832 4680 1982 4735; x_wconf 84' lang='lat' dir='ltr'><strong>nobis</strong></span> <span class='ocrx_word' id='word_1_723' title='bbox 2024 4682 2083 4736; x_wconf 87' lang='lat' dir='ltr'><strong>in</strong></span> 
     </span>
    </p>
   </div>
   <div class='ocr_carea' id='block_1_95' title="bbox 511 4760 2081 4843">
    <p class='ocr_par' dir='ltr' id='par_1_95' title="bbox 511 4760 2081 4843">
     <span class='ocr_line' id='line_1_95' title="bbox 511 4760 2081 4843; baseline 0.008 -29"><span class='ocrx_word' id='word_1_724' title='bbox 511 4760 760 4832; x_wconf 68' lang='lat' dir='ltr'><strong>lacrumis</strong></span> <span class='ocrx_word' id='word_1_725' title='bbox 792 4763 848 4817; x_wconf 88' lang='lat' dir='ltr'><strong>in</strong></span> <span class='ocrx_word' id='word_1_726' title='bbox 879 4765 1209 4821; x_wconf 78' lang='lat' dir='ltr'><strong>mensura&quot;.</strong></span> <span class='ocrx_word' id='word_1_727' title='bbox 1234 4765 1448 4824; x_wconf 89' lang='lat' dir='ltr'><strong>Doloris</strong></span> <span class='ocrx_word' id='word_1_728' title='bbox 1485 4783 1615 4824; x_wconf 92' lang='lat' dir='ltr'><strong>vero</strong></span> <span class='ocrx_word' id='word_1_729' title='bbox 1650 4770 2081 4843; x_wconf 85' lang='lat' dir='ltr'><strong>magnitudinem</strong></span> 
     </span>
    </p>
   </div>
   <div class='ocr_carea' id='block_1_96' title="bbox 510 4851 2079 4934">
    <p class='ocr_par' dir='ltr' id='par_1_96' title="bbox 510 4851 2079 4934">
     <span class='ocr_line' id='line_1_96' title="bbox 510 4851 2079 4934; baseline 0.006 -25"><span class='ocrx_word' id='word_1_730' title='bbox 510 4851 601 4909; x_wconf 87' lang='lat' dir='ltr'><strong>his</strong></span> <span class='ocrx_word' id='word_1_731' title='bbox 631 4854 891 4909; x_wconf 89' lang='lat' dir='ltr'><strong>declarat.</strong></span> <span class='ocrx_word' id='word_1_732' title='bbox 926 4855 1063 4911; x_wconf 86' lang='lat' dir='ltr'><strong>Nam</strong></span> <span class='ocrx_word' id='word_1_733' title='bbox 1092 4856 1140 4911; x_wconf 94' lang='lat' dir='ltr'><strong>si</strong></span> <span class='ocrx_word' id='word_1_734' title='bbox 1170 4856 1364 4913; x_wconf 88' lang='lat' dir='ltr'><strong>edendi</strong></span> <span class='ocrx_word' id='word_1_735' title='bbox 1393 4869 1608 4932; x_wconf 90' lang='lat' dir='ltr'><strong>tempus</strong></span> <span class='ocrx_word' id='word_1_736' title='bbox 1648 4859 1836 4918; x_wconf 90' lang='lat' dir='ltr'><strong>dolore</strong></span> <span class='ocrx_word' id='word_1_737' title='bbox 1859 4863 2079 4934; x_wconf 90' lang='lat' dir='ltr'><strong>plenum</strong></span> 
     </span>
    </p>
   </div>
   <div class='ocr_carea' id='block_1_97' title="bbox 508 4946 2083 5020">
    <p class='ocr_par' dir='ltr' id='par_1_97' title="bbox 508 4946 2083 5020">
     <span class='ocr_line' id='line_1_97' title="bbox 508 4946 2083 5020; baseline 0.008 -17"><span class='ocrx_word' id='word_1_738' title='bbox 508 4951 651 5010; x_wconf 81' lang='lat' dir='ltr'><strong>erat,</strong></span> <span class='ocrx_word' id='word_1_739' title='bbox 675 4946 822 5017; x_wconf 92' lang='lat' dir='ltr'><strong>quod</strong></span> <span class='ocrx_word' id='word_1_740' title='bbox 848 4947 995 5005; x_wconf 90' lang='lat' dir='ltr'><strong>aliud</strong></span> <span class='ocrx_word' id='word_1_741' title='bbox 1025 4957 1240 5020; x_wconf 89' lang='lat' dir='ltr'><strong>tempus</strong></span> <span class='ocrx_word' id='word_1_742' title='bbox 1269 4950 1459 5008; x_wconf 90' lang='lat' dir='ltr'><strong>dolore</strong></span> <span class='ocrx_word' id='word_1_743' title='bbox 1488 4968 1723 5009; x_wconf 89' lang='lat' dir='ltr'><strong>vacuum</strong></span> <span class='ocrx_word' id='word_1_744' title='bbox 1760 4954 2083 5015; x_wconf 70' lang='lat' dir='ltr'><strong>fueritiﬂis</strong></span> 
     </span>
    </p>
   </div>
   <div class='ocr_carea' id='block_1_98' title="bbox 514 5037 2083 5117">
    <p class='ocr_par' dir='ltr' id='par_1_98' title="bbox 514 5037 2083 5117">
     <span class='ocr_line' id='line_1_98' title="bbox 514 5037 2083 5117; baseline 0.01 -27"><span class='ocrx_word' id='word_1_745' title='bbox 514 5043 717 5103; x_wconf 89' lang='lat' dir='ltr'><strong>autem,</strong></span> <span class='ocrx_word' id='word_1_746' title='bbox 744 5037 943 5109; x_wconf 86' lang='lat' dir='ltr'><strong>inquit,</strong></span> <span class='ocrx_word' id='word_1_747' title='bbox 988 5040 1392 5113; x_wconf 85' lang='lat' dir='ltr'><strong>eircumcingor</strong></span> <span class='ocrx_word' id='word_1_748' title='bbox 1439 5045 1622 5111; x_wconf 90' lang='lat' dir='ltr'><strong>malis,</strong></span> <span class='ocrx_word' id='word_1_749' title='bbox 1669 5046 1797 5117; x_wconf 91' lang='lat' dir='ltr'><strong>quia</strong></span> <span class='ocrx_word' id='word_1_750' title='bbox 1846 5057 1927 5115; x_wconf 90' lang='lat' dir='ltr'><strong>tu,</strong></span> <span class='ocrx_word' id='word_1_751' title='bbox 1976 5048 2083 5105; x_wconf 89' lang='lat' dir='ltr'><strong>Do-</strong></span> 
     </span>
    </p>
   </div>
   <div class='ocr_carea' id='block_1_99' title="bbox 513 5127 2083 5198">
    <p class='ocr_par' dir='ltr' id='par_1_99' title="bbox 513 5127 2083 5198">
     <span class='ocr_line' id='line_1_99' title="bbox 513 5127 2083 5198; baseline 0.011 -16"><span class='ocrx_word' id='word_1_752' title='bbox 513 5127 680 5194; x_wconf 79' lang='lat' dir='ltr'><strong>mine,</strong></span> <span class='ocrx_word' id='word_1_753' title='bbox 719 5127 855 5184; x_wconf 83' lang='lat' dir='ltr'><strong>iram</strong></span> <span class='ocrx_word' id='word_1_754' title='bbox 888 5138 1036 5186; x_wconf 92' lang='lat' dir='ltr'><strong>tuam</strong></span> <span class='ocrx_word' id='word_1_755' title='bbox 1085 5132 1375 5189; x_wconf 87' lang='lat' dir='ltr'><strong>adversum</strong></span> <span class='ocrx_word' id='word_1_756' title='bbox 1431 5149 1517 5190; x_wconf 90' lang='lat' dir='ltr'><strong>me</strong></span> <span class='ocrx_word' id='word_1_757' title='bbox 1556 5141 1923 5195; x_wconf 88' lang='lat' dir='ltr'><strong>commovisti.</strong></span> <span class='ocrx_word' id='word_1_758' title='bbox 1955 5139 2083 5198; x_wconf 65' lang='lat' dir='ltr'><strong>Hac</strong></span> 
     </span>
    </p>
   </div>
   <div class='ocr_carea' id='block_1_100' title="bbox 512 5217 2084 5302">
    <p class='ocr_par' dir='ltr' id='par_1_100' title="bbox 512 5217 2084 5302">
     <span class='ocr_line' id='line_1_100' title="bbox 512 5217 2084 5302; baseline 0.008 -29"><span class='ocrx_word' id='word_1_759' title='bbox 512 5233 680 5289; x_wconf 90' lang='lat' dir='ltr'><strong>porro</strong></span> <span class='ocrx_word' id='word_1_760' title='bbox 719 5217 990 5291; x_wconf 88' lang='lat' dir='ltr'><strong>Propheta</strong></span> <span class='ocrx_word' id='word_1_761' title='bbox 1033 5220 1191 5288; x_wconf 90' lang='lat' dir='ltr'><strong>dicit,</strong></span> <span class='ocrx_word' id='word_1_762' title='bbox 1237 5222 1423 5294; x_wconf 88' lang='lat' dir='ltr'><strong>populi</strong></span> <span class='ocrx_word' id='word_1_763' title='bbox 1461 5225 1829 5283; x_wconf 82' lang='lat' dir='ltr'><strong>calamitatem</strong></span> <span class='ocrx_word' id='word_1_764' title='bbox 1876 5237 1935 5284; x_wconf 93' lang='lat' dir='ltr'><strong>ut</strong></span> <span class='ocrx_word' id='word_1_765' title='bbox 1954 5246 2084 5302; x_wconf 82' lang='lat' dir='ltr'><strong>pro-</strong></span> 
     </span>
    </p>
   </div>
   <div class='ocr_carea' id='block_1_101' title="bbox 512 5311 2080 5392">
    <p class='ocr_par' dir='ltr' id='par_1_101' title="bbox 512 5311 2080 5392">
     <span class='ocr_line' id='line_1_101' title="bbox 512 5311 2080 5392; baseline 0.007 -26"><span class='ocrx_word' id='word_1_766' title='bbox 512 5312 689 5384; x_wconf 86' lang='lat' dir='ltr'><strong>priam</strong></span> <span class='ocrx_word' id='word_1_767' title='bbox 719 5311 822 5368; x_wconf 91' lang='lat' dir='ltr'><strong>sibi</strong></span> <span class='ocrx_word' id='word_1_768' title='bbox 863 5313 1171 5379; x_wconf 88' lang='lat' dir='ltr'><strong>ascribens,</strong></span> <span class='ocrx_word' id='word_1_769' title='bbox 1195 5327 1259 5369; x_wconf 90' lang='lat' dir='ltr'><strong>ac</strong></span> <span class='ocrx_word' id='word_1_770' title='bbox 1286 5324 1450 5372; x_wconf 73' lang='lat' dir='ltr'><strong>tanta:</strong></span> <span class='ocrx_word' id='word_1_771' title='bbox 1486 5316 1855 5379; x_wconf 89' lang='lat' dir='ltr'><strong>multitudinis</strong></span> <span class='ocrx_word' id='word_1_772' title='bbox 1899 5323 2080 5392; x_wconf 51' lang='lat' dir='ltr'><strong>perni‘</strong></span> 
     </span>
    </p>
   </div>
   <div class='ocr_carea' id='block_1_102' title="bbox 514 5407 2084 5485">
    <p class='ocr_par' dir='ltr' id='par_1_102' title="bbox 514 5407 2084 5485">
     <span class='ocr_line' id='line_1_102' title="bbox 514 5407 2084 5485; baseline 0.004 -24"><span class='ocrx_word' id='word_1_773' title='bbox 514 5407 657 5462; x_wconf 90' lang='lat' dir='ltr'><strong>ciem</strong></span> <span class='ocrx_word' id='word_1_774' title='bbox 689 5407 903 5479; x_wconf 81' lang='lat' dir='ltr'><strong>lugens.</strong></span> <span class='ocrx_word' id='word_1_775' title='bbox 933 5407 977 5462; x_wconf 74' lang='grc' dir='ltr'><strong><em>Α</em></strong></span> <span class='ocrx_word' id='word_1_776' title='bbox 1011 5407 1148 5478; x_wconf 80' lang='lat' dir='ltr'><strong>facie</strong></span> <span class='ocrx_word' id='word_1_777' title='bbox 1177 5410 1271 5465; x_wconf 76' lang='lat' dir='ltr'><strong>ira:</strong></span> <span class='ocrx_word' id='word_1_778' title='bbox 1300 5421 1347 5466; x_wconf 77' lang='lat' dir='ltr'><strong>et</strong></span> <span class='ocrx_word' id='word_1_779' title='bbox 1387 5410 1768 5484; x_wconf 82' lang='lat' dir='ltr'><strong>indignationis</strong></span> <span class='ocrx_word' id='word_1_780' title='bbox 1802 5423 1929 5480; x_wconf 68' lang='lat' dir='ltr'><strong>tuae,</strong></span> <span class='ocrx_word' id='word_1_781' title='bbox 1957 5414 2084 5485; x_wconf 84' lang='lat' dir='ltr'><strong>quia</strong></span> 
     </span>
    </p>
   </div>
   <div class='ocr_carea' id='block_1_103' title="bbox 513 5498 2085 5574">
    <p class='ocr_par' dir='ltr' id='par_1_103' title="bbox 513 5498 2085 5574">
     <span class='ocr_line' id='line_1_103' title="bbox 513 5498 2085 5574; baseline 0.006 -22"><span class='ocrx_word' id='word_1_782' title='bbox 513 5499 719 5553; x_wconf 79' lang='lat' dir='ltr'><strong>elevans</strong></span> <span class='ocrx_word' id='word_1_783' title='bbox 756 5498 973 5553; x_wconf 80' lang='lat' dir='ltr'><strong>allisisti</strong></span> <span class='ocrx_word' id='word_1_784' title='bbox 1013 5516 1114 5556; x_wconf 86' lang='lat' dir='ltr'><strong>me.</strong></span> <span class='ocrx_word' id='word_1_785' title='bbox 1144 5498 1277 5568; x_wconf 77' lang='lat' dir='ltr'><strong>Quae</strong></span> <span class='ocrx_word' id='word_1_786' title='bbox 1308 5505 1509 5574; x_wconf 87' lang='lat' dir='ltr'><strong>populo</strong></span> <span class='ocrx_word' id='word_1_787' title='bbox 1536 5511 1591 5559; x_wconf 82' lang='lat' dir='ltr'><strong>et</strong></span> <span class='ocrx_word' id='word_1_788' title='bbox 1617 5504 1737 5561; x_wconf 88' lang='lat' dir='ltr'><strong>loco</strong></span> <span class='ocrx_word' id='word_1_789' title='bbox 1766 5504 2085 5562; x_wconf 86' lang='lat' dir='ltr'><strong>acciderunt</strong></span> 
     </span>
    </p>
   </div>
   <div class='ocr_carea' id='block_1_104' title="bbox 521 5589 2084 5670">
    <p class='ocr_par' dir='ltr' id='par_1_104' title="bbox 521 5589 2084 5670">
     <span class='ocr_line' id='line_1_104' title="bbox 521 5589 2084 5670; baseline 0.007 -29"><span class='ocrx_word' id='word_1_790' title='bbox 521 5598 578 5641; x_wconf 84' lang='lat' dir='ltr'><strong>ut</strong></span> <span class='ocrx_word' id='word_1_791' title='bbox 607 5589 707 5644; x_wconf 89' lang='lat' dir='ltr'><strong>sibi</strong></span> <span class='ocrx_word' id='word_1_792' title='bbox 740 5591 963 5661; x_wconf 89' lang='lat' dir='ltr'><strong>propria</strong></span> <span class='ocrx_word' id='word_1_793' title='bbox 991 5599 1230 5659; x_wconf 89' lang='lat' dir='ltr'><strong>enarrat,</strong></span> <span class='ocrx_word' id='word_1_794' title='bbox 1258 5607 1322 5648; x_wconf 90' lang='lat' dir='ltr'><strong>ac</strong></span> <span class='ocrx_word' id='word_1_795' title='bbox 1352 5594 1531 5666; x_wconf 82' lang='lat' dir='ltr'><strong>docet,</strong></span> <span class='ocrx_word' id='word_1_796' title='bbox 1554 5595 1625 5651; x_wconf 86' lang='lat' dir='ltr'><strong>ad</strong></span> <span class='ocrx_word' id='word_1_797' title='bbox 1669 5611 1922 5670; x_wconf 82' lang='lat' dir='ltr'><strong>magnam</strong></span> <span class='ocrx_word' id='word_1_798' title='bbox 1966 5597 2084 5668; x_wconf 78' lang='lat' dir='ltr'><strong>glo-</strong></span> 
     </span>
    </p>
   </div>
   <div class='ocr_carea' id='block_1_105' title="bbox 591 5758 1143 5829">
    <p class='ocr_par' dir='ltr' id='par_1_105' title="bbox 591 5758 1143 5829">
     <span class='ocr_line' id='line_1_105' title="bbox 591 5758 1143 5829; baseline 0.013 -16"><span class='ocrx_word' id='word_1_799' title='bbox 591 5760 637 5792; x_wconf 79' lang='grc'>”</span> <span class='ocrx_word' id='word_1_800' title='bbox 677 5758 818 5815; x_wconf 83' lang='lat' dir='ltr'><strong>Psal.</strong></span> <span class='ocrx_word' id='word_1_801' title='bbox 855 5776 1051 5829; x_wconf 72' lang='lat' dir='ltr'><strong>usus,</strong></span> <span class='ocrx_word' id='word_1_802' title='bbox 1086 5760 1143 5820; x_wconf 83' lang='lat'><em>6.</em></span> 
     </span>
    </p>
   </div>
   <div class='ocr_carea' id='block_1_106' title="bbox 2183 4583 3764 4658">
    <p class='ocr_par' dir='ltr' id='par_1_106' title="bbox 2183 4583 3764 4658">
     <span class='ocr_line' id='line_1_106' title="bbox 2183 4583 3764 4658; baseline 0.001 -21"><span class='ocrx_word' id='word_1_803' title='bbox 2183 4583 2406 4648; x_wconf 88' lang='grc' dir='ltr'>Τούτοις</span> <span class='ocrx_word' id='word_1_804' title='bbox 2451 4583 2805 4657; x_wconf 87' lang='grc' dir='ltr'>παραπλήσια</span> <span class='ocrx_word' id='word_1_805' title='bbox 2839 4584 2905 4639; x_wconf 85' lang='grc' dir='ltr'>τὰ</span> <span class='ocrx_word' id='word_1_806' title='bbox 2935 4585 2994 4638; x_wconf 83' lang='grc' dir='ltr'><strong>ἐν</strong></span> <span class='ocrx_word' id='word_1_807' title='bbox 3021 4585 3098 4656; x_wconf 81' lang='grc' dir='ltr'>τῷ</span> <span class='ocrx_word' id='word_1_808' title='bbox 3123 4585 3208 4639; x_wconf 86' lang='grc' dir='ltr'>οθ⁰</span> <span class='ocrx_word' id='word_1_809' title='bbox 3241 4587 3440 4658; x_wconf 78' lang='grc' dir='ltr'>ψαλμῴ</span> <span class='ocrx_word' id='word_1_810' title='bbox 3459 4603 3473 4616; x_wconf 92' lang='grc'>·</span> <span class='ocrx_word' id='word_1_811' title='bbox 3509 4586 3764 4657; x_wconf 81' lang='grc' dir='ltr'>Ψωμιεῖς</span> 
     </span>
    </p>
   </div>
   <div class='ocr_carea' id='block_1_107' title="bbox 2180 4673 3764 4748">
    <p class='ocr_par' dir='ltr' id='par_1_107' title="bbox 2180 4673 3764 4748">
     <span class='ocr_line' id='line_1_107' title="bbox 2180 4673 3764 4748; baseline 0.001 -18"><span class='ocrx_word' id='word_1_812' title='bbox 2180 4673 2340 4745; x_wconf 71' lang='grc' dir='ltr'>ἡμᾶς</span> <span class='ocrx_word' id='word_1_813' title='bbox 2362 4676 2545 4745; x_wconf 80' lang='grc' dir='ltr'>ἄρτον</span> <span class='ocrx_word' id='word_1_814' title='bbox 2562 4674 2853 4744; x_wconf 83' lang='grc' dir='ltr'>δακρύων,</span> <span class='ocrx_word' id='word_1_815' title='bbox 2884 4676 2983 4731; x_wconf 80' lang='grc' dir='ltr'><strong>καί</strong></span> <span class='ocrx_word' id='word_1_816' title='bbox 3014 4676 3236 4743; x_wconf 83' lang='grc' dir='ltr'>ποτιεῖς</span> <span class='ocrx_word' id='word_1_817' title='bbox 3265 4676 3422 4748; x_wconf 71' lang='grc' dir='ltr'>ἡμᾶς</span> <span class='ocrx_word' id='word_1_818' title='bbox 3442 4678 3513 4733; x_wconf 83' lang='grc' dir='ltr'><strong>ὲν</strong></span> <span class='ocrx_word' id='word_1_819' title='bbox 3538 4677 3764 4746; x_wconf 75' lang='grc' dir='ltr'>δάκρυ-</span> 
     </span>
    </p>
   </div>
   <div class='ocr_carea' id='block_1_108' title="bbox 2181 4763 3764 4839">
    <p class='ocr_par' dir='ltr' id='par_1_108' title="bbox 2181 4763 3764 4839">
     <span class='ocr_line' id='line_1_108' title="bbox 2181 4763 3764 4839; baseline 0.003 -22"><span class='ocrx_word' id='word_1_820' title='bbox 2181 4780 2285 4818; x_wconf 80' lang='grc' dir='ltr'>σιν</span> <span class='ocrx_word' id='word_1_821' title='bbox 2312 4766 2384 4818; x_wconf 80' lang='grc' dir='ltr'><strong>ἐν</strong></span> <span class='ocrx_word' id='word_1_822' title='bbox 2407 4763 2617 4834; x_wconf 78' lang='grc' dir='ltr'>μέτρῳ.</span> <span class='ocrx_word' id='word_1_823' title='bbox 2648 4765 2758 4835; x_wconf 81' lang='grc' dir='ltr'>Τὴν</span> <span class='ocrx_word' id='word_1_824' title='bbox 2783 4765 2840 4818; x_wconf 87' lang='grc' dir='ltr'>δὲ</span> <span class='ocrx_word' id='word_1_825' title='bbox 2869 4767 2969 4839; x_wconf 79' lang='grc' dir='ltr'>τῆς</span> <span class='ocrx_word' id='word_1_826' title='bbox 2992 4766 3182 4839; x_wconf 81' lang='grc' dir='ltr'>ὀδύνης</span> <span class='ocrx_word' id='word_1_827' title='bbox 3211 4767 3513 4839; x_wconf 77' lang='grc' dir='ltr'>ὑπερϐολὴν</span> <span class='ocrx_word' id='word_1_828' title='bbox 3534 4768 3623 4821; x_wconf 79' lang='grc' dir='ltr'>διὰ</span> <span class='ocrx_word' id='word_1_829' title='bbox 3646 4768 3764 4822; x_wconf 84' lang='grc' dir='ltr'>τού-</span> 
     </span>
    </p>
   </div>
   <div class='ocr_carea' id='block_1_109' title="bbox 2179 4854 3763 4933">
    <p class='ocr_par' dir='ltr' id='par_1_109' title="bbox 2179 4854 3763 4933">
     <span class='ocr_line' id='line_1_109' title="bbox 2179 4854 3763 4933; baseline 0.005 -26"><span class='ocrx_word' id='word_1_830' title='bbox 2179 4870 2290 4908; x_wconf 90' lang='grc' dir='ltr'><strong>των</strong></span> <span class='ocrx_word' id='word_1_831' title='bbox 2315 4854 2481 4928; x_wconf 87' lang='grc' dir='ltr'>δηλοῖ.</span> <span class='ocrx_word' id='word_1_832' title='bbox 2505 4856 2567 4909; x_wconf 78' lang='lat' dir='ltr'><strong>Et</strong></span> <span class='ocrx_word' id='word_1_833' title='bbox 2592 4855 2697 4928; x_wconf 84' lang='grc' dir='ltr'>γὰρ</span> <span class='ocrx_word' id='word_1_834' title='bbox 2723 4857 2752 4909; x_wconf 90' lang='lat'><strong>6</strong></span> <span class='ocrx_word' id='word_1_835' title='bbox 2775 4857 2871 4929; x_wconf 84' lang='grc' dir='ltr'>τῆς</span> <span class='ocrx_word' id='word_1_836' title='bbox 2887 4858 3095 4929; x_wconf 79' lang='grc' dir='ltr'>τροφῆς</span> <span class='ocrx_word' id='word_1_837' title='bbox 3122 4859 3313 4931; x_wconf 85' lang='grc' dir='ltr'>καιρὸς</span> <span class='ocrx_word' id='word_1_838' title='bbox 3333 4859 3524 4933; x_wconf 76' lang='grc' dir='ltr'>ὀδύνης</span> <span class='ocrx_word' id='word_1_839' title='bbox 3546 4860 3763 4931; x_wconf 78' lang='grc' dir='ltr'>ὑπῆρχε</span> 
     </span>
    </p>
   </div>
   <div class='ocr_carea' id='block_1_110' title="bbox 2184 4946 3757 5025">
    <p class='ocr_par' dir='ltr' id='par_1_110' title="bbox 2184 4946 3757 5025">
     <span class='ocr_line' id='line_1_110' title="bbox 2184 4946 3757 5025; baseline 0.003 -26"><span class='ocrx_word' id='word_1_840' title='bbox 2184 4947 2412 5018; x_wconf 81' lang='grc' dir='ltr'>μεστὸς,</span> <span class='ocrx_word' id='word_1_841' title='bbox 2460 4947 2544 5011; x_wconf 87' lang='grc' dir='ltr'><strong>τίς</strong></span> <span class='ocrx_word' id='word_1_842' title='bbox 2587 4946 2653 5002; x_wconf 87' lang='grc' dir='ltr'>ἂν</span> <span class='ocrx_word' id='word_1_843' title='bbox 2685 4946 2843 5012; x_wconf 76' lang='grc' dir='ltr'>ἄλλος</span> <span class='ocrx_word' id='word_1_844' title='bbox 2888 4948 3079 5021; x_wconf 82' lang='grc' dir='ltr'>καιρὸς</span> <span class='ocrx_word' id='word_1_845' title='bbox 3110 4950 3314 5022; x_wconf 84' lang='grc' dir='ltr'>ταύτης</span> <span class='ocrx_word' id='word_1_846' title='bbox 3345 4950 3625 5025; x_wconf 87' lang='grc' dir='ltr'>ἐλεύθερος</span> <span class='ocrx_word' id='word_1_847' title='bbox 3654 4947 3757 5022; x_wconf 74' lang='grc' dir='ltr'>ἦνς</span> 
     </span>
    </p>
   </div>
   <div class='ocr_carea' id='block_1_111' title="bbox 2182 5037 3758 5116">
    <p class='ocr_par' dir='ltr' id='par_1_111' title="bbox 2182 5037 3758 5116">
     <span class='ocr_line' id='line_1_111' title="bbox 2182 5037 3758 5116; baseline 0.005 -23"><span class='ocrx_word' id='word_1_848' title='bbox 2182 5038 2402 5103; x_wconf 91' lang='grc' dir='ltr'>Τούτοις</span> <span class='ocrx_word' id='word_1_849' title='bbox 2429 5037 2486 5093; x_wconf 83' lang='grc' dir='ltr'>δὲ</span> <span class='ocrx_word' id='word_1_850' title='bbox 2510 5078 2524 5105; x_wconf 96' lang='grc'><strong>,</strong></span> <span class='ocrx_word' id='word_1_851' title='bbox 2557 5039 2711 5111; x_wconf 66' lang='grc' dir='ltr'>φησι,</span> <span class='ocrx_word' id='word_1_852' title='bbox 2742 5040 3137 5112; x_wconf 76' lang='grc' dir='ltr'>περικλύζομαι</span> <span class='ocrx_word' id='word_1_853' title='bbox 3168 5045 3280 5107; x_wconf 82' lang='grc' dir='ltr'>τοῖς</span> <span class='ocrx_word' id='word_1_854' title='bbox 3312 5045 3502 5108; x_wconf 78' lang='grc' dir='ltr'>κακοῖς</span> <span class='ocrx_word' id='word_1_855' title='bbox 3521 5060 3535 5075; x_wconf 86' lang='grc'><strong>·</strong></span> <span class='ocrx_word' id='word_1_856' title='bbox 3569 5046 3758 5116; x_wconf 84' lang='grc' dir='ltr'>ἐπειδὴ</span> 
     </span>
    </p>
   </div>
   <div class='ocr_carea' id='block_1_112' title="bbox 2184 5129 3762 5209">
    <p class='ocr_par' dir='ltr' id='par_1_112' title="bbox 2184 5129 3762 5209">
     <span class='ocr_line' id='line_1_112' title="bbox 2184 5129 3762 5209; baseline 0.006 -25"><span class='ocrx_word' id='word_1_857' title='bbox 2184 5130 2271 5195; x_wconf 77' lang='grc' dir='ltr'>σὺ,</span> <span class='ocrx_word' id='word_1_858' title='bbox 2303 5129 2570 5195; x_wconf 89' lang='grc' dir='ltr'>Δέσποτα,</span> <span class='ocrx_word' id='word_1_859' title='bbox 2598 5129 2892 5203; x_wconf 83' lang='grc' dir='ltr'>κεκίνηκας</span> <span class='ocrx_word' id='word_1_860' title='bbox 2921 5134 3040 5187; x_wconf 74' lang='grc' dir='ltr'>κατ’</span> <span class='ocrx_word' id='word_1_861' title='bbox 3069 5132 3203 5204; x_wconf 80' lang='grc' dir='ltr'>ἐμοῦ</span> <span class='ocrx_word' id='word_1_862' title='bbox 3230 5133 3327 5207; x_wconf 84' lang='grc' dir='ltr'>τὴν</span> <span class='ocrx_word' id='word_1_863' title='bbox 3354 5137 3544 5209; x_wconf 79' lang='grc' dir='ltr'>ὀργήν.</span> <span class='ocrx_word' id='word_1_864' title='bbox 3575 5138 3762 5193; x_wconf 87' lang='grc' dir='ltr'>Ταῦτα</span> 
     </span>
    </p>
   </div>
   <div class='ocr_carea' id='block_1_113' title="bbox 2180 5222 3782 5308">
    <p class='ocr_par' dir='ltr' id='par_1_113' title="bbox 2180 5222 3782 5308">
     <span class='ocr_line' id='line_1_113' title="bbox 2180 5222 3782 5308; baseline 0.004 -31"><span class='ocrx_word' id='word_1_865' title='bbox 2180 5222 2238 5277; x_wconf 82' lang='grc' dir='ltr'><strong>δέ</strong></span> <span class='ocrx_word' id='word_1_866' title='bbox 2258 5224 2466 5295; x_wconf 78' lang='grc' dir='ltr'>φησινὸ</span> <span class='ocrx_word' id='word_1_867' title='bbox 2486 5224 2801 5297; x_wconf 77' lang='grc' dir='ltr'>Προφήτης,</span> <span class='ocrx_word' id='word_1_868' title='bbox 2831 5224 3197 5307; x_wconf 73' lang='grc' dir='ltr'>οἰκειούμενος</span> <span class='ocrx_word' id='word_1_869' title='bbox 3210 5228 3308 5299; x_wconf 80' lang='grc' dir='ltr'>τὴν</span> <span class='ocrx_word' id='word_1_870' title='bbox 3338 5228 3432 5282; x_wconf 79' lang='grc' dir='ltr'><strong>τοῦ</strong></span> <span class='ocrx_word' id='word_1_871' title='bbox 3466 5229 3596 5285; x_wconf 87' lang='grc' dir='ltr'>λαοῦ</span> <span class='ocrx_word' id='word_1_872' title='bbox 3623 5248 3782 5308; x_wconf 21' lang='grc' dir='ltr'>σύμ-ἱ</span> 
     </span>
    </p>
   </div>
   <div class='ocr_carea' id='block_1_114' title="bbox 2150 5315 3761 5388">
    <p class='ocr_par' dir='ltr' id='par_1_114' title="bbox 2150 5315 3761 5388">
     <span class='ocr_line' id='line_1_114' title="bbox 2150 5315 3761 5388; baseline 0.006 -20"><span class='ocrx_word' id='word_1_873' title='bbox 2150 5370 2163 5379; x_wconf 68' lang='grc'><strong>,</strong></span> <span class='ocrx_word' id='word_1_874' title='bbox 2182 5315 2372 5386; x_wconf 80' lang='grc' dir='ltr'>φοράν,</span> <span class='ocrx_word' id='word_1_875' title='bbox 2402 5317 2497 5370; x_wconf 76' lang='grc' dir='ltr'>καὶ</span> <span class='ocrx_word' id='word_1_876' title='bbox 2523 5315 2917 5388; x_wconf 84' lang='grc' dir='ltr'>ὀλοφυρόμενος</span> <span class='ocrx_word' id='word_1_877' title='bbox 2944 5317 3047 5388; x_wconf 75' lang='grc' dir='ltr'>τὴν</span> <span class='ocrx_word' id='word_1_878' title='bbox 3077 5317 3352 5374; x_wconf 87' lang='grc' dir='ltr'>ἀπώλειαν</span> <span class='ocrx_word' id='word_1_879' title='bbox 3382 5320 3477 5375; x_wconf 90' lang='grc' dir='ltr'><strong>τοῦ</strong></span> <span class='ocrx_word' id='word_1_880' title='bbox 3501 5322 3761 5383; x_wconf 84' lang='grc' dir='ltr'>τοσούτου</span> 
     </span>
    </p>
   </div>
   <div class='ocr_carea' id='block_1_115' title="bbox 2182 5404 3760 5482">
    <p class='ocr_par' dir='ltr' id='par_1_115' title="bbox 2182 5404 3760 5482">
     <span class='ocr_line' id='line_1_115' title="bbox 2182 5404 3760 5482; baseline 0.008 -24"><span class='ocrx_word' id='word_1_881' title='bbox 2182 5404 2419 5477; x_wconf 84' lang='grc' dir='ltr'>πλήθους</span> <span class='ocrx_word' id='word_1_882' title='bbox 2437 5445 2452 5471; x_wconf 94' lang='grc'><strong>,</strong></span> <span class='ocrx_word' id='word_1_883' title='bbox 2489 5406 2634 5461; x_wconf 83' lang='grc' dir='ltr'><strong>Ἀπὸ</strong></span> <span class='ocrx_word' id='word_1_884' title='bbox 2673 5408 2996 5476; x_wconf 77' lang='grc' dir='ltr'>προσώπου</span> <span class='ocrx_word' id='word_1_885' title='bbox 3023 5408 3134 5479; x_wconf 82' lang='grc' dir='ltr'>τῆς</span> <span class='ocrx_word' id='word_1_886' title='bbox 3170 5410 3352 5482; x_wconf 78' lang='grc' dir='ltr'>ὀργῆς</span> <span class='ocrx_word' id='word_1_887' title='bbox 3386 5412 3486 5466; x_wconf 82' lang='grc' dir='ltr'>καὶ</span> <span class='ocrx_word' id='word_1_888' title='bbox 3522 5414 3627 5469; x_wconf 83' lang='grc' dir='ltr'><strong>τοῦ</strong></span> <span class='ocrx_word' id='word_1_889' title='bbox 3658 5418 3760 5470; x_wconf 72' lang='grc' dir='ltr'>θυ-</span> 
     </span>
    </p>
   </div>
   <div class='ocr_carea' id='block_1_116' title="bbox 2176 5495 3732 5579">
    <p class='ocr_par' dir='ltr' id='par_1_116' title="bbox 2176 5495 3732 5579">
     <span class='ocr_line' id='line_1_116' title="bbox 2176 5495 3732 5579; baseline 0.006 -29"><span class='ocrx_word' id='word_1_890' title='bbox 2176 5495 2297 5565; x_wconf 85' lang='grc' dir='ltr'><strong>μοῦ</strong></span> <span class='ocrx_word' id='word_1_891' title='bbox 2317 5511 2433 5551; x_wconf 88' lang='grc' dir='ltr'>σου</span> <span class='ocrx_word' id='word_1_892' title='bbox 2452 5536 2466 5563; x_wconf 91' lang='grc'><strong>,</strong></span> <span class='ocrx_word' id='word_1_893' title='bbox 2493 5496 2582 5550; x_wconf 80' lang='grc' dir='ltr'>ὅτι</span> <span class='ocrx_word' id='word_1_894' title='bbox 2608 5496 2836 5566; x_wconf 82' lang='grc' dir='ltr'>ἐπάρας</span> <span class='ocrx_word' id='word_1_895' title='bbox 2863 5499 3229 5569; x_wconf 77' lang='grc' dir='ltr'>κατέρῤαξάς</span> <span class='ocrx_word' id='word_1_896' title='bbox 3252 5520 3346 5573; x_wconf 85' lang='grc' dir='ltr'><strong>με.</strong></span> <span class='ocrx_word' id='word_1_897' title='bbox 3381 5502 3460 5559; x_wconf 85' lang='grc' dir='ltr'><strong>Τά</strong></span> <span class='ocrx_word' id='word_1_898' title='bbox 3486 5505 3732 5579; x_wconf 74' lang='grc' dir='ltr'>συμδεὸη</span> 
     </span>
    </p>
   </div>
   <div class='ocr_carea' id='block_1_117' title="bbox 2183 5588 3758 5670">
    <p class='ocr_par' dir='ltr' id='par_1_117' title="bbox 2183 5588 3758 5670">
     <span class='ocr_line' id='line_1_117' title="bbox 2183 5588 3758 5670; baseline 0.009 -28"><span class='ocrx_word' id='word_1_899' title='bbox 2183 5588 2315 5643; x_wconf 81' lang='grc' dir='ltr'>κότα</span> <span class='ocrx_word' id='word_1_900' title='bbox 2343 5588 2419 5661; x_wconf 86' lang='grc' dir='ltr'><strong>τῷ</strong></span> <span class='ocrx_word' id='word_1_901' title='bbox 2442 5588 2556 5660; x_wconf 87' lang='grc' dir='ltr'>λαῷ</span> <span class='ocrx_word' id='word_1_902' title='bbox 2586 5589 2678 5670; x_wconf 75' lang='grc' dir='ltr'>καὶ</span> <span class='ocrx_word' id='word_1_903' title='bbox 2704 5590 2780 5664; x_wconf 82' lang='grc' dir='ltr'>τῷ</span> <span class='ocrx_word' id='word_1_904' title='bbox 2809 5592 2956 5664; x_wconf 85' lang='grc' dir='ltr'>τόπῳ</span> <span class='ocrx_word' id='word_1_905' title='bbox 2991 5593 3319 5651; x_wconf 81' lang='grc' dir='ltr'>ίδιοποιεῖται</span> <span class='ocrx_word' id='word_1_906' title='bbox 3349 5596 3646 5667; x_wconf 87' lang='grc' dir='ltr'>διδάσκων,</span> <span class='ocrx_word' id='word_1_907' title='bbox 3675 5598 3758 5656; x_wconf 79' lang='grc' dir='ltr'>ὅτι</span> 
     </span>
    </p>
   </div>
   <div class='ocr_carea' id='block_1_118' title="bbox 2990 5848 3009 5885">
    <p class='ocr_par' dir='ltr' id='par_1_118' title="bbox 2990 5848 3009 5885">
     <span class='ocr_line' id='line_1_118' title="bbox 2990 5848 3009 5885; baseline 0 0"><span class='ocrx_word' id='word_1_908' title='bbox 2990 5848 3009 5885; x_wconf 66' lang='grc' dir='ltr'>ἱ</span> 
     </span>
    </p>
   </div>
  </div>
