4102 6386
376 367 509 421 I237

1508 363 2003 420 COMMENTARIA
2050 364 2112 417 IN
2155 363 2495 420 PSALMOS.

3487 365 3624 418 I238

373 482 452 543 είς
485 480 625 550 μέγα
661 480 818 550 δόξης
849 481 1081 552 ἀρθέντα
1111 482 1199 533 τὶν
1226 481 1371 544 λαὸν,
1404 481 1478 544 ὡς
1505 480 1649 534 Θεοῦ
1669 481 1794 534 λαὸν
1816 497 1949 550 χρησ

2058 480 2192 534 riam
2247 481 2482 535 levatum
2515 479 2796 550 populum,
2829 479 2899 534 ita
2935 492 2992 534 ut
3023 482 3256 552 populus
3285 479 3378 536 Dei
3403 495 3627 536 vocare-

375 569 618 640 ματίσαι,
653 571 799 625 τόνδε
829 571 920 625 τὸν
953 569 1099 624 οἷκον
1131 572 1263 625 Θεοῦ
1299 572 1660 643 ὀνομασθῆναι
1688 571 1777 625 διὰ
1802 571 1862 624 τὸ
1890 574 1948 624 ὲν

372 658 520 730 αὐτῷ
545 662 809 733 ἁγίασμα.
856 663 1096 736 Ἐπάρας
1125 664 1216 716 καὶ
1243 666 1481 734 τιμήσας
1509 665 1537 716 ὁ
1561 662 1693 726 Θεὸς
1713 661 1946 733 ἐφαμίλ-

371 750 478 815 λως
509 755 574 822 τῇ
611 755 690 816 είς
720 752 851 823 ὕψος
877 754 1104 829 ἀρθείσῃ
1137 755 1314 809 αὐτῶν
1341 757 1488 830 δόξῃ,
1525 758 1604 820 είς
1630 757 1689 810 τὸ
1712 756 1948 810 ἐναντίον

371 843 728 913 παραγαγὼν,
757 846 1056 918 κατέρραξε
1075 865 1088 877 ·
1113 847 1205 901 τὸν
1233 847 1331 920 μὲν
1356 849 1522 902 τόπον
1545 848 1830 921 πολιορκίᾳ
1854 866 1952 900 πα-

375 935 567 1004 ραδοὺς
613 937 706 989 καὶ
757 938 1007 992 παντελεῖ
1056 940 1296 1012 ἐρημία,
1342 942 1432 996 τὸν
1470 942 1525 996 δὲ
1565 943 1693 997 λαὸν
1747 944 1950 1014 αἰχμα-

370 1023 562 1081 λωσία.

431 1117 501 1168 Αἱ
526 1115 734 1184 ἡμέραι
749 1137 871 1188 μου
889 1121 1032 1178 ὡσεὶ
1063 1123 1210 1178 σκιὰ
1234 1124 1584 1192 ἐκλίθησαν,
1615 1123 1778 1194 κάγὼ
1807 1124 1949 1178 ὡσεὶ

369 1205 580 1275 χόρτος
611 1209 968 1281 ἐξηράνθην.
1020 1213 1196 1269 Πᾶσα
1217 1213 1328 1284 γὰρ
1366 1214 1522 1284 σὰρξ
1551 1216 1800 1284 χόρτος,
1851 1218 1948 1270 καὶ

369 1297 536 1352 πᾶσα
561 1299 710 1367 δόξα
732 1303 923 1374 αὐτῆς
948 1307 1027 1373 ὡς
1065 1306 1248 1374 ἄνθος
1274 1309 1510 1376 χόρτου.
1574 1307 1743 1362 Πάλιν
1775 1326 1948 1362 κοινο-

371 1389 691 1461 ποιούμενος
733 1394 824 1449 τὸν
866 1398 992 1469 περὶ
1019 1397 1111 1450 τοῦ
1141 1398 1270 1452 λαοῦ
1305 1399 1460 1468 λόγον
1479 1439 1493 1464 ,
1525 1397 1786 1468 ἐπιλέγει·
1839 1401 1946 1455 Καὶ

368 1480 482 1549 ἐγὼ
506 1483 647 1536 ὡσεὶ
668 1487 882 1554 χόρτος
901 1488 1259 1559 ἐξηράνθην.
1289 1491 1373 1545 Σὺ
1396 1491 1484 1557 δὲ,
1512 1493 1708 1558 Κύριε,
1735 1495 1821 1558 εἰς
1845 1493 1951 1546 τὸν

368 1570 550 1626 αἰῶνα
568 1575 771 1643 μένεις
789 1619 802 1641 ,
835 1581 932 1633 καὶ
973 1581 1039 1634 τὸ
1058 1584 1456 1653 μνημόσυνόν
1477 1598 1594 1637 σου
1627 1587 1714 1651 εἰς
1737 1584 1950 1654 γενεὰν

369 1665 466 1719 καὶ
491 1669 722 1736 γενεάν.
745 1670 826 1723 Τὰ
852 1673 949 1742 μὲν
979 1673 1168 1745 θνητὰ,
1199 1674 1352 1745 φησὶ,
1375 1677 1471 1730 καὶ
1500 1677 1814 1748 ἀνθρώπινα
1843 1696 1950 1732 τοι-

369 1757 537 1824 αῦτα,
571 1755 658 1814 οἷα
690 1763 782 1815 καὶ
809 1763 1132 1835 δεδήλωται,
1164 1767 1454 1838 τυγχάνει,
1487 1769 1826 1840 εὐμετάϐολα
1856 1771 1950 1826 καὶ

2055 580 2165 637 tur,
2197 586 2261 625 ac
2289 572 2486 626 domus
2519 571 2721 627 Domus
2751 571 2845 627 Dei
2878 573 2948 628 ob
2974 574 3348 628 sanctuarium
3376 573 3449 627 ibi
3486 574 3629 642 posi-

2054 670 2169 718 tum
2205 663 2499 720 diceretur.
2538 662 2676 718 Cum
2709 671 2893 719 autem
2921 679 2953 718 a
2986 663 3095 721 Deo
3122 675 3340 722 erectus
3362 674 3417 721 et
3448 665 3628 720 hono-

2055 762 2207 810 ratus
2258 754 2473 820 fuisset,
2517 756 2764 812 vicissim
2804 763 2996 828 postea
3024 757 3147 812 loco
3192 757 3338 813 illius
3374 757 3629 814 sublimis

2054 847 2258 916 gloriae,
2291 847 2344 901 in
2378 849 2718 902 contrarium
2749 847 3022 918 dejectum
3037 863 3183 912 eum,
3215 849 3430 906 aliisum
3463 863 3493 902 a
3518 847 3631 903 Deo

2057 935 2228 991 fuisse
2265 936 2362 1004 ait,
2392 929 2468 991 ita
2499 945 2559 992 ut
2590 938 2770 994 locum
2803 939 3080 995 obsidioni
3102 949 3156 995 et
3185 947 3441 996 extrema:
3459 944 3630 997 vasti-

2056 1026 2174 1094 tati,
2212 1027 2473 1098 populum
2499 1043 2629 1083 vero
2651 1027 2957 1099 captivitati
2988 1029 3246 1085 traderet.

2126 1117 2293 1175 Vsus.
2325 1119 2514 1174 12-14.
2552 1119 2677 1175 Dies
2708 1122 2809 1175 mei
2833 1123 2971 1176 sicut
3009 1125 3200 1176 umbra
3217 1121 3630 1188 declinaverunt,

2055 1217 2106 1262 et
2128 1225 2220 1279 ego
2251 1208 2387 1263 sicut
2408 1209 2586 1278 fenum
2617 1211 2756 1264 arui.
2800 1208 2986 1266 Omnis
3014 1212 3155 1266 enim
3187 1229 3314 1267 caro
3348 1212 3548 1283 fenum,
3583 1223 3634 1268 et

2057 1301 2227 1354 omnis
2256 1301 2429 1372 gloria
2469 1302 2584 1370 ejus
2617 1303 2772 1371 quasi
2797 1303 2898 1370 ﬂos
2935 1302 3120 1372 feni”.
3155 1302 3401 1359 Rursum
3429 1304 3498 1360 de
3537 1321 3635 1375 po-

2059 1393 2185 1462 pqu
2229 1409 2537 1449 sermonem
2581 1394 2738 1464 quasi
2777 1393 2882 1449 sibi
2917 1395 3200 1465 pr0prium
3243 1396 3476 1452 eﬁ‘erens
3501 1397 3634 1452 sub-

2051 1485 2253 1556 jungit,
2294 1483 2363 1538 Et
2400 1501 2492 1556 ego
2525 1486 2665 1539 sicut
2703 1485 2880 1554 fenum
2912 1487 3057 1540 arui.
3100 1485 3179 1540 'l‘u
3210 1496 3408 1552 autem,
3447 1487 3636 1543 Domi-

2057 1595 2140 1643 ne,
2177 1578 2233 1630 in
2257 1588 2510 1632 wlernum
2536 1593 2832 1647 permanes,
2861 1587 2910 1632 et
2940 1577 3250 1632 memoriale
3279 1588 3426 1632 tuum
3459 1579 3516 1632 in
3549 1595 3638 1650 ge-

2057 1669 2381 1723 nerationem
2425 1679 2476 1723 et
2512 1670 2922 1740 generationem.
2965 1667 3098 1735 Res,
3131 1669 3231 1736 ait,
3272 1671 3538 1731 mortales
3581 1681 3638 1728 et

2056 1760 2307 1814 humanae
2362 1761 2499 1816 tales
2530 1769 2679 1824 sunt,
2714 1761 2906 1830 quales
2948 1776 3118 1831 supra
3147 1762 3488 1817 declaratum
3525 1773 3634 1828 est,

370 1848 652 1920 ἀνώμαλα,
672 1853 924 1908 οὐδέποτε
946 1857 1036 1910 ἐπὶ
1058 1860 1171 1922 τοῖς
1189 1860 1369 1923 αὐτοῖς
1393 1861 1620 1931 μένοντα
1639 1881 1650 1892 ·
1675 1863 1789 1917 ἀλλ’
1804 1866 1949 1918 ἐπαι-

2055 1855 2343 1909 mutationi
2389 1855 2601 1910 scilicet
2647 1864 2702 1911 et
2745 1855 3161 1925 inaequabilitati
3199 1857 3469 1923 obnoxiae,
3513 1873 3637 1928 quae

372 1943 598 2015 ρόμενα,
619 1946 710 1998 καὶ⁹
730 1949 1244 2020 καταρρηγνύμενα,
1271 1951 1404 2023 ύψού
1413 1954 1548 2023 μενά
1567 1973 1627 2008 τε
1648 1957 1742 2009 καὶ
1759 1973 1950 2010 ταπει-

369 2035 608 2108 νούμενα
630 2079 644 2105 ,
681 2040 774 2092 καὶ
806 2041 1067 2105 παντοίας
1098 2043 1307 2113 τροπὰς
1351 2047 1444 2099 καὶ
1480 2048 1782 2116 μεταϐολὰς
1815 2050 1949 2104 ὑπο-

371 2128 600 2200 μένοντα
625 2130 712 2186 διὰ
735 2132 834 2203 τὴν
857 2134 914 2185 ἐν
936 2133 1244 2206 ἀνθρώποις
1273 2137 1694 2212 πολιτευομένην
1720 2142 1918 2196 κακίαν
1933 2158 1950 2174 ν

370 2221 434 2274 σὺ
459 2221 537 2286 δὲ,
556 2223 748 2294 Κύριε,
773 2225 922 2278 οὐδὲν
943 2225 1081 2296 ἔχων
1104 2226 1294 2300 θνητὸν
1316 2230 1438 2283 οὐδὲ
1461 2230 1743 2303 ἐπίκηρον,
1763 2236 1842 2298 είς
1862 2235 1952 2287 τὸν

368 2312 538 2366 αἰῶνα
575 2315 754 2385 μένεις
773 2357 786 2379 ,
819 2317 905 2371 ἀεὶ
939 2319 1078 2373 κατὰ
1108 2321 1176 2375 τὰ
1205 2321 1347 2374 αὐτὰ
1373 2323 1468 2376 καὶ
1499 2322 1762 2390 ὡσαύτως
1790 2325 1950 2397 ἔχων,

367 2406 443 2470 ὡς
473 2407 640 2472 ἀΐδιος
669 2410 764 2463 καὶ
789 2411 1145 2477 ἀναλλοίωτος
1163 2454 1177 2477 ,
1210 2416 1305 2467 καὶ
1333 2415 1400 2468 τὰ
1430 2416 1575 2484 ἅπαξ
1601 2419 1706 2472 ὑπὸ
1740 2419 1833 2473 σοῦ
1875 2422 1952 2492 (I)

369 2498 699 2554 σαλευθέντα
723 2542 737 2566 ,
767 2503 860 2556 καὶ
887 2505 944 2557 ἐν
970 2505 1271 2579 ἐπαγγελίᾳ
1305 2507 1663 2565 θεσπισθέντα
1693 2512 1843 2582 μένει
1875 2516 1954 2578 εἰς

369 2593 715 2664 μνημόσυνον
736 2595 926 2660 ἀῖδιον,
950 2598 983 2670 ἢ
1013 2597 1116 2651 κᾶν
1141 2600 1215 2671 μὴ
1241 2603 1308 2671 τῇ
1333 2601 1578 2674 παρούσῃ
1610 2606 1791 2674 γενεᾷ,
1818 2605 1954 2659 ἀλλὰ

365 2685 430 2753 τῇ
461 2683 731 2756 ἐρχομένῃ
760 2687 900 2739 κατὰ
930 2689 1029 2759 τὴν
1051 2689 1386 2761 ψαλμῳδίαν.
1444 2694 1554 2746 Καὶ
1586 2694 1743 2748 τοῦτο
1767 2691 1859 2750 οῦν
1893 2714 1952 2749 σε

369 2773 603 2844 μάλιστα
648 2777 957 2848 ἐπικάμψαι
1001 2781 1204 2849 ὀφείλει
1227 2824 1242 2848 ,
1280 2783 1561 2851 Δέσποτα,
1593 2787 1675 2840 ὅτι
1701 2787 1811 2857 ἐγὼ
1857 2790 1954 2861 μὲν

366 2867 459 2920 καὶ
473 2867 569 2938 τὴν
587 2867 747 2938 φύσιν
764 2870 1016 2942 τοιαύτην
1042 2872 1150 2944 ἔχω
1166 2875 1432 2947 ἐπίκηρον
1449 2877 1544 2932 καὶ
1565 2878 1952 2954 ὀλιγοχρόνιον,

365 2957 460 3008 καὶ
496 2961 802 3030 συμφοραῖς
834 2961 1137 3034 συνεζύγην
1179 2965 1498 3032 τοσαύταις·
1543 2969 1608 3022 σὺ
1641 2969 1699 3023 δὲ
1741 2971 1956 3036 αἰώνιος

363 3045 459 3098 καὶ
505 3047 803 3114 ἀθάνατος,
838 3051 979 3106 ὥστε
1025 3055 1328 3127 μεταϐολήν
1357 3075 1482 3112 τινα
1527 3058 1639 3114 τῶν
1671 3062 1956 3134 παρόντων

365 3139 553 3192 κακῶν
579 3142 774 3214 ῥᾳδίως
804 3144 868 3197 ἄν
905 3164 994 3216 μοι
1025 3148 1294 3220 χαρίσαιο.
1336 3151 1508 3206 Τοῦτο
1533 3153 1642 3226 γὰρ
1663 3155 1948 3229 ἐπιφέρει·

365 3229 449 3282 Σὺ
473 3231 742 3300 ἀναστὰς
757 3236 1148 3305 οἱκτειρήσεις
1171 3246 1286 3308 τὴν
1307 3240 1481 3309 Σιὼν,
1508 3243 1596 3297 ὅτι
1615 3246 1820 3316 καιρὸς
1842 3249 1949 3303 τοῦ

363 3318 726 3388 οἱκτειρῆσαι
765 3323 992 3394 αὐτὴν,
1042 3327 1132 3382 ὅτι
1175 3329 1306 3397 ἥκει
1350 3335 1574 3402 καιρός.
1609 3335 1732 3402 Δὸς,
1763 3340 1948 3410 φησιν,

364 3412 574 3482 ἀμείνω
615 3415 915 3489 μεταϐολὴν
945 3418 1043 3490 τῆς
1083 3423 1394 3494 συμφορᾶςο
1427 3426 1456 3476 6
1486 3423 1595 3497 γὰρ
1629 3427 1820 3500 καιρὸς
1857 3429 1950 3483 τὸν

363 3502 513 3557 ἔλεον
546 3506 794 3560 ἀπαιτεί’
833 3511 1239 3566 συντετέλεσται
1270 3513 1380 3586 γὰρ
1413 3517 1557 3589 ὁτῆς
1579 3519 1951 3594 ταλαιπωρίας

364 3595 521 3666 ἡμῶν
565 3598 776 3669 χρόνος.
839 3601 1144 3656 Αίνίττεται
1177 3604 1233 3658 δὲ
1264 3605 1354 3659 διὰ
1383 3607 1590 3662 τούτων
1621 3611 1722 3680 τῆς
1757 3615 1870 3677 τοῖς
1898 3614 1948 3666 o'

363 3685 510 3741 ἔτεσι
533 3691 974 3764 περιωρισμένης
993 3695 1260 3766 τιμωρίας
1279 3700 1374 3752 καὶ
1393 3701 1768 3772 αἰχμαλωσίας
1785 3705 1846 3757 τὸ
1864 3705 1949 3758 τέ-

359 3777 473 3841 λος.
527 3779 685 3834 Οῦτω
732 3783 826 3836 καὶ
853 3784 882 3837 6
929 3783 1231 3856 θαυμάσιος
1276 3791 1473 3863 Δανιὴλ
1498 3793 1813 3866 ἀριθμήσας
1849 3797 1949 3868 τῆς

363 3873 742 3944 αἰχμαλωσίας
785 3875 875 3930 τὸν
919 3880 1113 3951 χρόνον
1156 3883 1454 3956 προσφέρει
1497 3885 1595 3958 τὴν
1645 3887 1945 3962 ἱκετηρίαν,

364 3964 459 4017 καὶ
509 3965 723 4036 συνᾴδει
763 3967 974 4034 τούτοις
1006 3971 1108 4042 τῆς
1156 3976 1536 4047 πνευματικῆς
1575 3979 1841 4050 μελῳδίας
1878 3981 1948 4034 τὰ

366 4054 606 4125 ῥήματα.
654 4058 764 4110 Καὶ
809 4060 838 4112 6
884 4061 1161 4134 Ζαχαρίας
1203 4063 1259 4117 δὲ
1295 4068 1730 4140 προσευχόμενος
1768 4069 1943 4138 ἔλεγε·

363 4146 538 4213 Κύριε
569 4149 979 4218 παντόκρατορ
1001 4191 1016 4214 ,
1067 4152 1244 4221 μέχρι
1277 4155 1420 4207 πότε
1463 4159 1534 4208 οὐ
1561 4155 1646 4225 μὴ
1681 4157 1948 4227 ἐλεήσῃς

364 4236 480 4305 τὴν
507 4239 913 4311 Ἰερουσαλὴμ,
932 4242 1152 4310 καὶτὰς
1166 4247 1373 4312 πόλεις
1403 4247 1606 4312 Ἰούδα,
1626 4248 1700 4316 dc
1713 4251 1947 4320 ὑπερεῖ-

363 4328 496 4395 δες;
529 4330 702 4385 τοῦτο
739 4333 1185 4405 ἑϐδομηκοστὸν
1211 4337 1366 4404 ἔτος.
1415 4338 1864 4411 Προφητεύεσθαι
1889 4343 1946 4396 δὲ

365 4422 596 4478 ἐνταῦθα
627 4420 778 4496 οἴμαι
806 4427 901 4480 καὶ
934 4429 1032 4501 τὴν
1060 4429 1120 4482 ἐν
1142 4429 1449 4502 ἀνθρώποις
1477 4432 1715 4503 Χριστοῦ
1747 4435 1946 4504 ἐπιφά-

365 4532 531 4582 νειαν,
555 4516 730 4570 αἰτίαν
756 4517 1020 4591 ἐσομένην
1039 4521 1132 4575 τοῦ
1157 4523 1639 4596 ἁνοικοδομηθῆναι
1663 4526 1760 4598 τὴν
1783 4525 1940 4593 Σιὼν,

363 4608 606 4662 τουτέστι
639 4608 734 4662 τοῦ
760 4610 1093 4684 ἀνεῳχθῆναι
1115 4613 1178 4667 τὸ
1196 4615 1297 4684 τῆς
1317 4616 1597 4680 εὐσεϐείας
1620 4617 1940 4690 πολίτευμα.

365 4701 459 4764 Τίς
479 4702 535 4755 δὲ
554 4704 583 4756 6
608 4701 935 4768 πολύευκτος
962 4706 1055 4758 καὶ
1081 4707 1404 4778 τριπόθητος
1420 4709 1629 4780 καιρὸς,
1657 4710 1716 4762 ἐν
1735 4703 1781 4778 ᾧ
1807 4712 1944 4783 πλη-

367 4793 602 4866 ρωθῆναι
635 4795 850 4864 λέγεται
881 4797 950 4851 τὰ
977 4798 1129 4870 παρὰ
1154 4800 1253 4868 τῆς
1285 4800 1420 4854 Σιὼν
1449 4801 1832 4874 ἐπηγγελμένα
1853 4805 1943 4868 ;'O

361 4887 462 4958 τῆς
484 4889 828 4954 ἀναστάσεως
856 4909 971 4958 σου,
990 4891 1182 4966 Κύριε.
1204 4895 1354 4947 Ἐπεὶ
1367 4895 1472 4968 γὰρ
1493 4897 1591 4968 τὴν
1613 4895 1708 4949 τοῦ
1734 4897 1939 4968 κόσμου

362 4981 636 5053 ἁμαρτίαν
669 4978 800 5052 ἆραι
832 4982 1122 5056 ἐλήλυθας’
1160 4986 1259 5038 οὐκ
1287 4986 1392 5039 ἔδει
1419 4987 1477 5040 δὲ
1503 4989 1593 5040 τὸν
1623 4989 1940 5060 τηλικοῦτον

361 5073 501 5144 ὑπὲρ
520 5073 714 5144 ὀλίγων
726 5075 1061 5146 ἁμαρτωλῶν
1083 5076 1256 5131 ἐλθεῖν
1275 5079 1370 5132 καὶ
1390 5078 1580 5132 παθεῖν
1596 5098 1610 5110 ·
1633 5081 1722 5134 ὅτε
1751 5082 1939 5153 ἐνέστη

359 5167 388 5218 6
418 5166 634 5238 χρόνος,
671 5167 794 5221 καθ’
819 5169 880 5223 6v
911 5169 1125 5241 εἴρηται
1151 5171 1261 5236 ὅτι,
1287 5191 1302 5223 ι
1335 5171 1538 5236 Πάντες
1565 5174 1812 5246 ἥμαρτον
1845 5175 1940 5228 καὶ

363 5259 715 5331 ὑστεροῦνται
755 5262 855 5332 τῆς
885 5261 1041 5334 δόξης
1075 5263 1169 5316 τοῦ
1197 5263 1330 5318 Θεοῦ
1353 5304 1367 5328 ,
1411 5264 1530 5318 τότε
1561 5265 1702 5320 ὑπὲρ
1736 5267 1937 5329 παντὸς

358 5350 570 5420 ἐγεύσω
600 5350 852 5406 θανάτου.
891 5372 910 5404 ι

429 5681 482 5718 οδ
514 5683 619 5740 lsa.
655 5699 756 5748 ιι,
790 5683 844 5738 6.
920 5686 966 5718 ⁸⁸
1000 5685 1230 5743 Zachar.
1269 5702 1323 5754 ι,
1357 5690 1444 5746 i2.
1521 5692 1566 5724 ”
1607 5690 1766 5748 Rom.
1807 5706 1899 5758 ιιι,
1931 5692 2032 5746 9.5.

431 5837 510 5908 (I)
543 5839 792 5895 Mcndum
824 5842 968 5896 haud
1002 5842 1184 5898 dubie.

598 5935 866 5996 Ριιιιοι..
917 5938 1032 5997 Gn.
1087 5937 1320 5998 XXIII.

2053 1964 2332 2018 nunquam
2356 1949 2545 2004 eodem
2571 1951 2628 2004 in
2665 1957 2814 2006 statu
2850 1959 3135 2018 maneant;
3167 1954 3262 2007 sed
3293 1951 3456 2006 modo
3478 1953 3635 2007 exal-

2053 2048 2199 2104 tatae,
2252 2055 2378 2095 mox
2424 2040 2633 2108 aliisae;
2683 2040 2845 2098 modo
2875 2049 3090 2110 erectae,
3127 2058 3254 2098 mox
3305 2042 3529 2113 deiectae
3555 2043 3637 2098 vi-

2052 2132 2309 2196 deantur,
2345 2147 2409 2187 ac
2456 2133 2816 2190 mutationem
2844 2136 3373 2206 conversionemque
3399 2136 3636 2209 quamli-

2054 2223 2143 2278 bet
2165 2224 2420 2288 subeant,
2450 2225 2522 2282 ob
2556 2225 2858 2296 nequitiam
2894 2243 3014 2298 qua:
3049 2227 3194 2282 inter
3229 2228 3480 2284 homines
3517 2243 3638 2283 ver-

2053 2322 2229 2369 satur.
2259 2316 2339 2369 Tu
2371 2323 2578 2383 autem,
2609 2315 2836 2372 Domine
2856 2358 2874 2386 ,
2910 2318 3005 2388 qui
3046 2317 3184 2372 nihil
3205 2319 3457 2387 mortale,
3500 2318 3638 2374 nihil

2053 2409 2259 2465 ﬂuxum
2312 2409 2504 2476 habes,
2557 2409 2614 2466 in
2657 2420 2921 2468 aeternum
2969 2427 3282 2484 permanes,
3327 2427 3394 2467 ac
3425 2427 3638 2484 semper

2053 2501 2244 2557 eodem
2267 2501 2450 2567 modo,
2482 2501 2676 2558 eodem
2710 2503 2766 2557 in
2797 2510 2944 2559 statu
2976 2504 3238 2569 versaris,
3267 2511 3454 2574 utpote
3481 2517 3640 2559 aeter-

2055 2609 2160 2649 nus
2199 2602 2255 2649 et
2284 2593 2647 2649 immutabilis
2681 2613 2694 2649 :
2729 2609 2794 2650 ac
2826 2610 2948 2664 quae
2987 2596 3158 2651 semel
3201 2596 3302 2651 abs
3337 2604 3390 2650 te
3431 2603 3636 2650 statuta

2057 2695 2206 2754 sunt,
2235 2695 2292 2741 et
2328 2688 2382 2741 in
2417 2687 2699 2744 vaticiniis
2740 2688 3015 2758 promissa
3061 2685 3308 2753 fuerunt,
3336 2689 3393 2742 in
3429 2703 3642 2743 memo-

2061 2781 2191 2836 riale
2220 2781 2616 2851 sempiternum
2640 2788 2895 2846 manent,
2923 2781 3144 2836 etiamsi
3165 2796 3275 2835 non
3302 2782 3354 2835 in
3377 2781 3638 2850 praesenti

2056 2874 2432 2944 generatione,
2482 2880 2538 2927 at
2581 2873 2636 2928 in
2668 2871 2855 2928 futura
2905 2874 3205 2930 secundum
3253 2874 3634 2945 psalmodiam.

2055 2964 2234 3033 Atque
2259 2962 2365 3017 hoc
2396 2969 2472 3028 te,
2497 2961 2748 3028 Domine,
2779 2962 3018 3018 maxime
3041 2961 3258 3019 ﬂectere
3279 2963 3442 3020 debet
3467 3003 3483 3030 ,
3507 2964 3638 3034 quia

2055 3067 2157 3122 ego
2179 3051 2402 3122 quidem
2435 3053 2597 3107 talem
2630 3051 2805 3108 habeo
2833 3060 3111 3119 naturam,
3148 3051 3373 3120 ﬂuxam,
3414 3054 3638 3109 brevem

2057 3150 2111 3197 et
2143 3143 2216 3196 ita
2247 3143 2663 3210 calamitosam;
2699 3151 2757 3198 tu
2796 3158 2926 3200 vero
2963 3153 3203 3201 atteruus
3227 3152 3282 3201 et
3307 3145 3638 3201 immortalis

2053 3234 2247 3299 es;ita
2280 3243 2341 3288 ut
2390 3235 2746 3304 praesentium
2777 3235 3050 3290 malorum
3096 3237 3459 3292 mutationem
3505 3238 3640 3293 mihi

2052 3343 2315 3399 perquam
2366 3327 2528 3384 facile
2584 3330 2906 3400 praebueris.
2955 3329 3013 3384 Id
3060 3344 3300 3401 namque
3339 3328 3527 3395 infert,
3559 3329 3640 3384 Tu

2050 3439 2334 3495 exsurgens
2368 3422 2694 3478 misereberis
2739 3422 2900 3487 Sion,
2945 3422 3074 3492 quia
3113 3431 3314 3490 tempus
3357 3423 3641 3477 miserendi

2051 3516 2188 3584 ejus,
2213 3517 2342 3586 quia
2370 3517 2510 3570 venit
2536 3523 2758 3585 tempus.
2791 3515 2890 3578 Da,
2914 3513 3114 3584 inquit,
3155 3512 3485 3568 calamitatis
3515 3528 3640 3566 mu-

2051 3609 2314 3662 tationem
2364 3609 2421 3661 in
2465 3607 2662 3662 melius
2704 3624 2718 3661 :
2762 3619 2888 3660 nam
2936 3612 3155 3676 tempus
3196 3603 3638 3660 misericordiam

2052 3699 2322 3768 postulat;
2366 3698 2604 3753 miseriae
2643 3695 2847 3768 quippe
2896 3705 3099 3752 nostrae
3140 3697 3468 3767 completum
3509 3711 3637 3768 spa-

2049 3789 2188 3842 tium
2219 3795 2324 3842 est.
2357 3784 2456 3842 His
2482 3803 2650 3859 porro
2677 3788 2996 3844 subindicat
3027 3790 3287 3860 supplicii
3331 3791 3495 3847 annis
3544 3806 3636 3847 se-

2051 3881 2336 3952 ptuaginta
2385 3881 2790 3954 circumscripti
2837 3890 2894 3939 et
2945 3883 3278 3954 captivitatis
3327 3882 3512 3939 ﬁnem.
3543 3882 3636 3939 Sic

2051 3973 2180 4028 item
2237 3972 2428 4028 Daniel
2477 3973 2571 4029 ille
2623 3975 2931 4040 mirabilis,
2975 3977 3249 4031 recensito
3296 3977 3634 4046 captivitatis

2051 4075 2319 4138 tempore,
2349 4065 2804 4138 supplicationem
2838 4065 2998 4122 offert
3028 4081 3220 4134 suam;
3256 4067 3451 4136 hisque
3475 4069 3635 4137 spiri-

2050 4161 2214 4216 tuaIis
2269 4160 2518 4215 melodis:
2565 4159 2730 4215 verba
2787 4161 3068 4215 accinunt.
3133 4159 3427 4215 Zacharias
3499 4159 3632 4214 item

2049 4253 2257 4308 orando
2285 4253 2502 4308 dicebat
2537 4271 2550 4307 :
2586 4251 2807 4305 Domine
2849 4252 3194 4320 omnipotens,
3229 4267 3492 4322 usquequo
3527 4267 3631 4306 non

2049 4346 2374 4400 misereberis
2393 4344 2716 4410 Jerusalem,
2760 4354 2810 4398 et
2853 4344 3130 4399 civitatum
3165 4343 3334 4408 Iuda,
3373 4361 3505 4415 quas
3535 4345 3631 4399 de-

2048 4437 2312 4507 spexisti.’
2346 4437 2429 4490 hic
2474 4436 2889 4507 septuagesimus
2929 4451 3100 4492 annus
3133 4445 3211 4491 est
3229 4437 3296 4492 ⁸⁵.
3326 4435 3428 4491 llic
3463 4437 3631 4493 etiam

2049 4524 2406 4594 praenuntiari
2452 4535 2586 4593 puto
2633 4524 2844 4581 Christi
2893 4526 2961 4581 ad
3008 4526 3262 4583 homines
3311 4527 3628 4593 adventum,

2050 4618 2144 4688 qui
2193 4619 2247 4671 in
2283 4631 2450 4671 causa
2499 4617 2719 4673 futurus
2759 4624 2864 4685 est,
2898 4625 2958 4672 ut
3002 4627 3346 4675 restauretur
3389 4618 3544 4685 Sion,
3573 4619 3628 4674 id

2051 4714 2154 4771 est,
2187 4714 2246 4762 ut
2283 4707 2503 4778 pietatis
2556 4709 2870 4764 institutum
2905 4710 3204 4779 aperiatur.
3237 4710 3395 4777 Quod
3445 4719 3628 4768 autem

2052 4799 2187 4854 illud
2213 4807 2298 4856 est
2324 4800 2730 4871 optatissimum
2753 4809 2810 4855 et
2825 4801 3358 4858 desideratissimum
3387 4810 3625 4875 tempus,

2050 4908 2160 4962 quo
2214 4892 2490 4963 implenda
2542 4907 2665 4949 esse
2707 4892 2989 4957 dicuntur,
3016 4908 3139 4963 quae
3179 4893 3247 4949 de
3295 4893 3460 4951 Sione
3499 4912 3628 4966 pro-

2048 4986 2219 5041 missa
2263 4985 2427 5042 sunt?
2465 4984 2603 5040 Illud
2641 4993 2726 5040 est
2769 4993 2985 5056 tempus
3027 4987 3456 5042 resurrectionis
3485 4996 3622 5054 tum,

2051 5077 2300 5135 Domine.
2325 5079 2466 5146 Quia
2494 5079 2640 5136 enim
2681 5089 2968 5150 peccatum
3003 5079 3196 5134 mundi
3227 5079 3504 5134 sublatum
3531 5095 3626 5136 ve-

2046 5171 2218 5225 nisti:
2251 5186 2353 5225 nec
2382 5171 2669 5241 oportebat
2706 5177 2920 5224 tantum
2962 5169 3115 5224 illum
3146 5167 3489 5225 Servatorem
3525 5185 3625 5240 pro

2049 5262 2238 5332 paucis
2279 5262 2659 5332 peccatoribus
2708 5261 2896 5317 venire
2943 5271 2997 5316 et
3045 5261 3188 5331 pati;
3224 5275 3350 5316 cum
3392 5260 3626 5316 instaret

2047 5362 2286 5424 tempus,
2313 5367 2424 5424 quo
2445 5351 2654 5408 dictum
2678 5359 2782 5418 est,
2824 5372 2842 5404 ι
2868 5350 3073 5408 Omnes
3111 5359 3483 5424 peccaruntet
3503 5351 3624 5424 glo-

2047 5445 2130 5499 ria
2154 5444 2252 5500 Dei
2276 5445 2644 5515 privantur",
2679 5453 2811 5502 tunc
2837 5460 2940 5518 pro
2970 5445 3229 5504 omnibus
3262 5454 3494 5503 mortem
3527 5444 3624 5504 de-

2043 5537 2293 5608 gustasti.
2329 5555 2349 5590 ι
