4102 6426
501 319 636 375 1259

1227 315 1500 374 EUSEBII
1528 317 2004 375 CrESARIENSlS
2033 319 2182 376 OPP.
2227 320 2407 378 PARS
2433 320 2526 378 lll.
2562 354 2626 368 ρ-
2653 320 3066 379 EXEGETICA.

3617 324 3754 378 ιεδο

571 439 737 494 Vens.
759 438 1210 506 15—17.Quoniam
1224 440 1539 510 placuerunt
1562 441 1724 496 servis
1745 443 1848 496 tuis
1863 441 2039 512 lapide

2141 495 2144 505 ,
2231 444 2356 497 Ὅτι
2367 443 2718 514 «εὐδόκησαν
2731 445 2785 497 οἰ
2797 441 3006 497 δοῦλοί
3019 457 3136 496 σου
3155 439 3296 508 τοὺς
3311 441 3520 506 λίθους
3536 440 3752 509 αὐτῆς,

429 538 434 547 ’
497 533 613 603 ejus
642 542 691 586 et
713 533 915 602 pulveri
944 531 1058 600 ejus
1086 531 1486 586 miserebantur.
1522 531 1590 586 Et
1623 533 1876 588 timebunt
1896 543 2072 604 gentes

498 640 686 678 nomen
720 635 890 686 tuum,
926 623 1171 688 Domine,
1195 633 1246 678 et
1271 641 1447 678 omnes
1482 641 1623 696 reges
1645 625 1873 696 gloriam
1903 635 2070 680 tuam.

497 713 692 769 Merito
719 724 1005 785 postquam
1058 714 1271 768 dixerat
1317 713 1592 783 placuisse
1634 714 1842 784 lapides
1872 715 2073 786 prioris

494 806 702 877 populi,
754 806 994 876 gentium
1049 805 1384 860 vocationem
1439 803 1662 874 adjicit,
1707 815 1869 876 atque
1915 822 2073 877 aper-

493 899 603 952 tius
631 897 893 963 declarat,
931 906 1061 951 tunc
1089 912 1182 950 eas
1211 896 1508 952 salutarem
1541 895 1790 953 timorem
1821 906 2070 968 acceptu-

490 1005 583 1045 ras
625 997 680 1044 et
724 988 894 1044 Deum
938 988 1182 1044 culturas
1237 1004 1380 1044 esse.
1433 989 1610 1060 Reges
1671 997 1854 1045 autem
1903 990 2064 1058 dixit,

487 1096 589 1152 pro
610 1081 815 1152 regnis.
838 1079 1027 1151 Neque
1055 1081 1199 1136 enim
1220 1081 1305 1136 vel
1338 1096 1472 1152 gens
1526 1082 1611 1138 vel
1656 1099 1885 1156 regnum
1931 1095 2015 1140 est
2047 1125 2064 1151 ,

475 1171 635 1242 quod
664 1172 748 1226 vel
789 1187 852 1228 ex
882 1178 995 1228 toto
1023 1172 1107 1227 vel
1136 1188 1202 1227 ex
1251 1179 1408 1242 parte
1459 1174 1688 1244 gloriam
1718 1174 1922 1231 Christi
1952 1193 2062 1232 non

479 1274 790 1319 5veneretur.
825 1264 1091 1329 Quoniam
1116 1264 1402 1333 aediﬁcavit
1426 1265 1685 1322 Dominus
1710 1265 1862 1332 Sion,
1894 1279 1942 1323 et
1987 1271 2064 1323 vi-

477 1356 689 1411 debitur
714 1358 768 1411 in
805 1357 978 1429 gloria
1009 1375 1127 1411 sua.
1166 1357 1286 1411 Alio
1318 1358 1501 1423 modo,
1537 1359 1828 1415 aediﬁcabit
1872 1361 2059 1418 Domi-

467 1463 587 1503 -nus
609 1446 777 1513 Sion,
822 1447 875 1502 id
905 1455 1008 1512 est,
1045 1448 1343 1504 Ecclesium
1373 1468 1387 1504 :
1427 1449 1840 1507 aedificationem
1877 1463 2056 1510 autem

477 1537 627 1593 illam
655 1537 743 1591 hic
765 1537 1030 1602 declarat,
1055 1553 1160 1606 qua
1196 1545 1387 1609 gentes
1417 1555 1516 1611 per
1544 1540 1702 1596 ﬁdem
1746 1543 2058 1601 constitutae

469 1636 608 1684 sunt
635 1647 650 1683 :
679 1637 733 1684 et
761 1636 889 1682 tunc
915 1628 1089 1697 gloria
1113 1630 1386 1687 allicielur
1415 1631 1471 1686 in
1507 1631 1664 1703 ipsis.

2177 534 2391 590 καὶτὸν
2403 535 2556 605 χοῦν
2569 534 2759 605 αὐτῆς
2773 535 3235 604 οἰκτειρήσουσι.
3253 533 3362 587 Καὶ
3378 531 3754 603 φοϐηθήσον-

2174 645 2267 682 ται
2283 629 2353 682 td
2368 628 2509 696 ἔθνη
2525 627 2592 681 τὸ
2615 625 2803 697 ὄνομά
2826 642 2964 690 σου,
2989 626 3188 694 Κύριε,
3215 624 3314 678 καὶ
3331 623 3552 690 πάντες
3577 627 3632 677 οί
3647 624 3760 688 βαι

2171 719 2363 785 σιλεῖς
2386 718 2500 787 τὴν
2519 717 2710 778 δόξαν
2737 732 2873 771 σου.
2903 717 3140 778 Εἰκότως
3161 715 3216 769 δὲ
3242 715 3444 787 μεταξὺ
3475 714 3570 768 τοῦ
3599 715 3750 768 εὐδο-

2171 811 2381 866 κεῖσθαι
2403 814 2529 876 τοὺς
2559 811 2738 875 λίθους
2764 809 2858 863 τοῦ
2885 809 3146 882 προτέρου
3175 807 3304 862 λαοῦ
3328 809 3426 880 τὴν
3451 809 3559 861 τῶν
3581 807 3750 861 ἐθνῶν

2169 903 2526 958 ἐπισυνάπτει
2555 903 2778 974 κλῆσιν,
2808 904 2902 958 καὶ
2935 901 3250 972 λευκότερον
3279 899 3607 972 παρίστησιν
3625 941 3640 966 ,
3666 902 3749 954 ὅτι

2171 999 2258 1052 τὸν
2285 999 2549 1069 σωτήριον
2577 995 2943 1067 ἀναλήψονταί
2968 1011 3099 1048 ποτε
3128 993 3291 1062 φόϐον
3308 1035 3323 1062 ,
3363 992 3458 1046 καὶ
3488 992 3749 1066 θεοσεϐὴ-

2169 1105 2370 1143 σουσιν.
2410 1087 2764 1153 Οἱβασιλεῗς
2791 1087 2852 1141 δέ
2872 1083 3022 1140 εἶπεν
3050 1084 3170 1139 ἀντὶ
3198 1084 3291 1138 τοῦ
3308 1125 3323 1150 ,
3341 1085 3744 1149 αίβασιλεῖαι.

2165 1181 2238 1234 Οὐ
2251 1180 2360 1252 γάρ
2378 1182 2545 1246 ἐστιν,
2559 1181 2658 1234 οὐκ
2673 1179 2842 1243 ἔθνος,
2861 1179 2922 1232 οὐ
2941 1177 3253 1249 βασιλεία,ή
3278 1177 3352 1249 μὴ
3368 1177 3746 1248 προσκυνοῦσα

2162 1273 2260 1344 τὴν
2292 1271 2446 1338 δόξαν
2472 1270 2746 1343 Χριστοῦ,
2779 1270 2813 1344 ἦ
2849 1269 3075 1324 καθόλου
3125 1271 3159 1343 ἢ
3205 1271 3315 1324 ἀπὸ
3358 1271 3578 1341 μέρους.
3615 1270 3740 1324 Ὅτι

2161 1365 2543 1434 οἰκοδομήσει
2573 1365 2789 1434 Κύριος
2830 1363 2945 1433 τὴν
2975 1364 3161 1429 Σιὼν,
3189 1363 3288 1418 καί
3320 1361 3646 1432 ὀφθήσεται
3673 1363 3742 1416 ἐν

2160 1454 2236 1524 τῇ
2271 1453 2420 1525 δόξῃ
2449 1453 2658 1509 αὑτοῦ.
2701 1453 2934 1524 Ἑτέρως
2964 1453 3022 1506 δὲ
3049 1453 3393 1524 οἰκοδομήσει
3420 1453 3520 1525 τὴν
3556 1452 3694 1506 Σιὼν
3713 1453 3743 1503 ὁ

2158 1546 2384 1618 Κύριος,
2410 1545 2656 1598 τουτέστι
2686 1543 2784 1616 τὴν
2819 1543 3173 1615 Ἐκκλησίαν·
3203 1543 3489 1616 οἰκοδομὴν
3515 1544 3573 1597 δέ
3598 1561 3741 1615 φημι

2157 1636 2281 1690 καθ’
2313 1637 2378 1707 ἢν
2406 1635 2628 1707 ἐκτίσθη
2668 1633 2739 1688 τὰ
2768 1633 2896 1705 ἔθνη
2929 1633 3016 1686 διὰ
3053 1633 3154 1706 τῆς
3179 1635 3447 1699 πίστεωςο
3489 1635 3583 1689 καὶ
3616 1637 3739 1690 τότε

2156 1727 2542 1800 δοξασθήσεται
2571 1727 2628 1780 ἐν
2659 1727 2863 1790 αὐτοῖς.

547 1826 714 1885 Vnus.
756 1829 941 1889 18-25.
979 1830 1222 1902 Respexit
1257 1833 1313 1888 in
1339 1836 1631 1890 orationem
1666 1836 1974 1904 humilium,
2003 1856 2039 1894 et

2237 1841 2602 1910 Ἐ’πέϐλεψεν
2626 1841 2725 1895 ἐπὶ
2752 1840 2868 1911 τὴν
2897 1840 3251 1911 προσευχὴν
3274 1840 3393 1896 τῶν
3416 1841 3734 1906 ταπεινῶν,

471 1941 576 1980 non
615 1926 803 1993 sprevit
831 1941 1034 1994 precem
1062 1943 1262 1980 eorum.
1319 1926 1598 1983 Scribatur
1622 1929 1733 1984 haec
1759 1932 1813 1986 in
1835 1948 2052 2002 genera-

459 2020 665 2074 tionem
699 2020 958 2086 alteram,
1003 2030 1053 2076 et
1101 2020 1324 2088 populus
1358 2023 1450 2092 qui
1494 2021 1760 2077 ereabitur
1806 2023 2050 2080 laudabit

460 2111 800 2168 Dominum:
829 2117 955 2184 quia
1003 2116 1272 2186 prospexit
1329 2115 1394 2169 de
1440 2115 1646 2170 excelso
1687 2127 1870 2170 saneto
1918 2133 2046 2185 suo,

459 2205 729 2260 Dominus
758 2205 822 2261 de
858 2207 984 2261 caelo
1021 2209 1076 2261 in
1116 2218 1312 2262 terram
1357 2208 1585 2278 aspexit,
1617 2217 1676 2261 ut
1717 2208 1926 2263 audiret
1961 2225 2048 2280 ge-

461 2297 626 2351 mitus
655 2297 1087 2366 compeditorum,
1110 2309 1168 2353 ut
1194 2300 1414 2356 solveret
1435 2303 1575 2372 ﬁlios
1596 2305 2043 2372 interemptorum,

457 2395 524 2440 ut
556 2389 868 2442 annuntient
897 2388 950 2442 in
980 2387 1112 2444 Sion
1138 2406 1324 2445 nomen
1355 2391 1596 2458 Domini,
1615 2402 1669 2448 et
1693 2393 1910 2448 laudem
1931 2396 2046 2465 ejus

462 2480 517 2533 in
545 2479 866 2538 Jerusalem.
905 2481 973 2537 In
1021 2483 1368 2539 eonveniendo
1401 2485 1622 2554 populos
1669 2487 1724 2539 in
1755 2502 1953 2552 unum,
1994 2497 2045 2542 et

460 2587 603 2642 reges
619 2581 682 2626 .ut
707 2575 939 2628 serviant
962 2573 1210 2630 Domino.
1240 2574 1526 2646 Respondit
1549 2578 1599 2631 ei
1630 2577 1686 2631 in
1723 2579 1807 2632 via
1834 2579 2043 2634 virtutis

458 2678 569 2718 sure
596 2681 615 2718 :
643 2665 980 2722 Paucitate’m
1012 2668 1218 2723 dierum
1265 2685 1502 2723 meorum
1537 2670 1727 2724 nuntia
1766 2671 1916 2726 mihi.
1959 2669 2043 2726 Ne

456 2772 660 2812 revoces
686 2773 768 2812 me
795 2759 849 2812 in
873 2758 1100 2814 dimidio
1149 2758 1355 2816 dierum
1383 2775 1639 2813 meorum.
1695 2758 1796 2815 Hic
1827 2760 2044 2816 videtur

455 2849 592 2902 mihi
628 2850 983 2920 propheticus
1006 2851 1210 2908 chorus
1235 2851 1528 2908 sublimius
1569 2851 1882 2922 signiﬁcare
1908 2870 2042 2925 gen-

451 2939 590 2995 tium
619 2955 716 3011 per
739 2939 1080 2997 Salvatorem
1117 2952 1368 2998 nostrum
1406 2943 1746 3000 vocationem
1772 2984 1786 3009 ,
1829 2944 2041 3016 lugere-

450 3047 557 3103 que
575 3033 721 3105 quod
737 3048 858 3089 eam
887 3033 992 3104 ipsi
1023 3049 1135 3089 non
1164 3034 1276 3089 sint
1297 3035 1611 3112 consecuti.
1631 3035 1688 3089 ln
1725 3034 2037 3091 futurorum

447 3139 689 3195 namque
728 3125 1000 3208 honorum
1052 3124 1310 3188 adventu,
1346 3129 1567 3194 quando
1611 3133 1802 3195 gentes
1853 3133 1908 3181 et
1941 3141 2036 3182 ea-
2063 3163 2106 3221 α

446 3233 573 3272 rum
593 3229 751 3287 reges
776 3229 888 3269 non
905 3215 1049 3270 ultra
1071 3215 1280 3284 patrios
1303 3214 1601 3287 daemones,
1619 3217 1715 3272 sed
1739 3217 2030 3273 Dominum

448 3308 791 3374 adorabunt;
816 3306 932 3370 tali,
961 3306 1159 3376 inquit,
1190 3313 1435 3377 tempore
1459 3307 1633 3362 robur
1662 3323 1845 3362 meum
1867 3325 2030 3365 ener-

444 3401 596 3455 vavit
629 3399 927 3465 Dominus,
959 3407 1019 3454 ut
1040 3399 1157 3456 dies
1196 3415 1350 3456 meos
1393 3401 1821 3471 praescinderet,
1853 3417 1924 3456 ne
1959 3402 2028 3456 ad

446 3493 582 3549 illud
611 3500 829 3564 tempus
858 3492 1194 3549 devenirem.
1227 3491 1590 3564 Propheticus
1611 3494 1797 3565 itaque
1825 3494 2031 3553 chorus

443 3597 531 3645 est
559 3587 654 3660 qui
701 3585 1027 3657 respondet,
1072 3584 1188 3640 sive
1225 3585 1410 3655 potius
1457 3586 1554 3657 qui
1585 3587 1885 3659 interrogat
1912 3597 1968 3644 et
2000 3603 2032 3643 a

445 3683 561 3737 Deo
589 3679 901 3737 sciscitatur
929 3677 1109 3748 qualis
1141 3677 1326 3732 futura
1365 3677 1436 3733 sit
1473 3679 1584 3734 vita
1636 3687 1846 3736 nostra.
1899 3678 2030 3735 Edi-

445 3785 604 3829 scere
622 3770 824 3840 quippe
856 3768 1198 3839 peroptabat,
1225 3784 1359 3824 num
1389 3769 1458 3824 ad
1487 3769 1607 3825 dies
1640 3769 1763 3828 illos
1794 3786 2029 3841 perven-

441 3873 568 3919 tura
601 3863 713 3918 vita
745 3861 866 3931 ejus
893 3867 1076 3925 esset,
1123 3862 1282 3931 queis
1333 3861 1649 3918 incarnatus
1699 3861 2025 3934 Unigenitus

440 3956 500 4010 in
527 3961 676 4009 terra
711 3951 1135 4022 conspiciendus
1184 3957 1319 4006 erat.
1368 3949 1523 4006 Viam
1584 3961 1768 4008 autem
1801 3956 2025 4010 virtutis

439 4048 562 4118 ejus
591 4052 750 4101 vocat
777 4046 950 4115 ipsius
980 4045 1036 4098 in
1060 4053 1264 4100 terram
1299 4043 1593 4100 adventum
1632 4046 1825 4100 :venit
1877 4048 2026 4102 enim

440 4146 501 4192 ut
532 4135 728 4192 fortem
762 4136 916 4190 illum
953 4134 1235 4205 alligaret;
1286 4133 1578 4190 dimidium
1626 4151 1756 4192 vero
1807 4138 2022 4194 dierum

439 4240 689 4292 suorum,
720 4239 817 4280 seu
836 4225 970 4280 vita:
1006 4239 1139 4292 suae,
1168 4223 1304 4279 illud
1334 4224 1467 4280 dicit
1519 4227 1782 4297 spatium,
1812 4245 1940 4308 quo.
1970 4231 2025 4286 in

437 4322 898 4393 contemplatione
919 4321 1040 4392 ejus
1062 4321 1372 4392 praesentiae
1406 4321 1629 4378 futurus
1663 4330 1802 4380 erat.
1841 4323 2024 4396 Roga-

437 4413 533 4467 hat
561 4427 694 4482 ergo
722 4409 938 4480 impleri
965 4418 1142 4466 totum
1174 4411 1300 4466 vitae
1321 4427 1434 4468 suae
1463 4421 1678 4484 tempus
1705 4453 1722 4480 ,
1764 4421 1818 4470 et
1863 4416 2023 4485 quasi

2152 1936 2250 1990 καὶ
2271 1937 2384 1990 οὐκ
2410 1935 2785 2001 ἐξουδένωσε
2814 1935 2930 2004 τὴν
2959 1933 3174 2003 δέησιν
3195 1932 3411 1990 αὐτῶν.
3438 1937 3490 1988 Γ
3484 1934 3737 2004 ραφήτω

2148 2027 2300 2096 αὕτη
2345 2029 2434 2094 εὶς
2465 2027 2680 2097 γενεὰν
2705 2026 2951 2096 ἑτέραν,
2997 2026 3095 2081 καί
3139 2025 3290 2093 λαὸς
3321 2029 3355 2080 ό
3395 2026 3735 2096 κτιζόμενος

2147 2119 2377 2175 αἰνέσει
2430 2119 2540 2174 τὸν
2597 2120 2817 2189 Κύριον
2853 2136 2866 2150 ·
2936 2118 3024 2174 ὅτι
3067 2118 3368 2188 ἐξέκυψεν
3412 2117 3484 2183 ἐξ
3531 2118 3734 2187 ὕψους

2146 2213 2319 2284 ἁγίου
2347 2212 2556 2278 αὐτοῦ,
2591 2214 2800 2282 Κύριος
2823 2212 2892 2278 ἐξ
2908 2211 3166 2282 οὐρανοῦ
3190 2211 3291 2265 ἐπὶ
3318 2210 3434 2281 τὴν
3458 2209 3576 2281 γῆν
3597 2209 3733 2264 ἐπέ-

2147 2308 2356 2375 ϐλεψε,
2399 2308 2508 2361 τοῦ
2551 2306 2809 2361 ἀκοῦσαι
2863 2305 2970 2359 τοῦ
3008 2303 3349 2375 στεναγμοῦ
3390 2302 3512 2357 τῶν
3548 2320 3730 2356 πεπε-

2146 2396 2440 2466 δημένων,
2499 2396 2605 2450 τοῦ
2633 2395 2821 2449 λῦσαι
2865 2394 3008 2460 τοὺς
3039 2394 3208 2460 υἱοὺς
3237 2391 3358 2447 τῶν
3403 2395 3730 2447 τεθανατω-

2138 2489 2360 2560 μένων,
2393 2489 2500 2545 τοῦ
2531 2487 2877 2560 ἀναγγεῖλαι
2903 2487 2975 2541 ἐν
2998 2485 3153 2542 Σιὼν
3179 2487 3247 2540 τὸ
3270 2487 3457 2556 ὄνομα
3480 2488 3726 2555 Κυρίου,

2144 2579 2245 2634 καὶ
2276 2579 2392 2648 τὴν
2419 2579 2658 2634 αἵνεσιν
2689 2577 2882 2632 αὐτοῦ
2924 2579 2995 2632 ἐν
3035 2577 3452 2648 Ἰερουσαλήμ.
3519 2578 3622 2633 Ἐν
3648 2579 3729 2645 τῷ

2142 2669 2524 2742 συναχθῆναι
2557 2671 2747 2738 λαοὺς
2766 2671 2865 2724 ἐπὶ
2889 2671 2956 2724 τὸ
2986 2657 3158 2735 αὐτὸ,
3185 2671 3282 2728 καὶ
3310 2670 3593 2736 ,Βασιλεῖς
3617 2670 3728 2725 τοῦ

2141 2761 2457 2816 δουλεύειν
2471 2759 2550 2827 τῷ
2562 2760 2778 2830 Κυρίῳ.
2805 2760 3118 2829 Ἀπεκρίθη
3130 2756 3289 2824 αὐτῷ
3297 2758 3367 2812 ἐν
3377 2756 3495 2824 ὁδῷ
3512 2757 3728 2826 ἰσχύος

2140 2853 2348 2909 αὐτοῦ’
2373 2853 2491 2921 Τὴν
2515 2853 2832 2922 ὀλιγότητα
2852 2849 2971 2905 τῶν
2983 2849 3219 2921 ἡμερῶν
3229 2867 3348 2920 μου
3365 2848 3725 2920 ἀνάγγειλόν

2135 2965 2257 3018 μοι.
2291 2947 2389 3015 Μὴ
2408 2944 2719 3016 ἀναγάγῃς
2727 2961 2805 3015 με
2819 2944 2890 2998 ἐν
2908 2943 3114 3014 ἡμίσει
3134 2941 3369 3013 ἡμερῶν
3380 2959 3521 3013 μου.
3557 2940 3726 3013 Ὑψη-

2139 3039 2358 3110 λὸτερον
2387 3038 2443 3091 δὲ
2469 3038 2618 3092 δοκεῖ
2649 3055 2742 3108 μοι
2773 3037 2863 3091 διὰ
2891 3036 3096 3090 τούτων
3129 3036 3158 3088 ὁ
3188 3035 3528 3108 προφητικὸς
3563 3034 3724 3107 χορὸς

2143 3131 2430 3202 σημαίνειν
2467 3129 2566 3201 τὴν
2615 3128 2706 3182 διὰ
2743 3127 2838 3181 τοῦ
2886 3127 3138 3199 Σωτῆρος
3177 3127 3336 3197 ήμῶν
3379 3126 3570 3198 κλῆσιν
3612 3125 3724 3182 τῶν

2138 3221 2343 3275 ἐθνῶν
2380 3219 2779 3276 ἁποκλαίεσθαι
2808 3217 2901 3283 δὲ,
2957 3218 3041 3270 ὃτι
3096 3217 3171 3286 μὴ
3206 3217 3301 3271 καὶ
3341 3217 3496 3270 αὐτοὶ
3527 3217 3721 3288 ἔτυχον

2137 3309 2359 3378 ταύτης.
2405 3309 2492 3362 Ἐν
2529 3307 2639 3378 γὰρ
2666 3309 2732 3378 τῇ
2765 3306 2872 3358 τῶν
2900 3304 3204 3375 μελλόντων
3250 3304 3470 3373 ἀγαθῶν
3513 3323 3718 3376 παρου-

2138 3401 2248 3471 σίᾳ,
2272 3399 2360 3452 ὅτε
2385 3399 2453 3451 τὰ
2478 3398 2606 3468 ἔθνη
2627 3399 2724 3450 καὶ
2747 3397 2796 3450 οἰ
2817 3395 3023 3449 τούτων
3048 3394 3289 3467 βασιλεῖς
3307 3395 3716 3468 λατρεύσουσιν,

2133 3490 2317 3544 οὐκέτι
2344 3493 2458 3554 τοῖς
2507 3489 2783 3560 πατρῴοις
2821 3488 3060 3559 δαίμοσι,
3110 3487 3247 3542 ἀλλὰ
3293 3487 3371 3559 τῷ
3398 3487 3619 3559 Κυρίῳ·
3657 3491 3716 3542 ἐν

2133 3582 2283 3654 αὐτῷ
2313 3581 2377 3654 δὴ
2403 3581 2482 3653 τῷ
2509 3580 2742 3653 τοιούτῳ
2763 3580 2958 3653 καιρῷ,
3002 3581 3102 3652 τὴν
3133 3579 3296 3651 ἐμὴν,
3333 3580 3517 3651 φησιν,
3559 3580 3715 3650 ἰσχὺν

2132 3674 2414 3728 ἐκάκωσεν
2440 3676 2469 3726 ὁ
2497 3673 2722 3746 Κύριος,
2760 3672 3062 3727 κολοϐῶσαι
3110 3671 3210 3736 τὰς
3239 3673 3478 3744 ἡμέρας,
3531 3672 3607 3737 ὡς
3637 3672 3714 3743 μὴ

2132 3767 2338 3836 φθάσαι
2371 3764 2519 3836 κάμὲ
2553 3767 2634 3829 εἰς
2677 3767 2888 3819 ἐκεῖνον
2937 3763 3031 3819 τὸν
3064 3763 3278 3836 καιρόν.
3349 3764 3407 3817 '0
3439 3781 3714 3836 προφητι-

2132 3855 2228 3921 κὸς
2262 3855 2362 3928 μὲν
2391 3849 2484 3909 οὖν
2518 3857 2637 3908 ἐστι
2679 3853 2840 3926 χορὸς
2874 3853 2903 3906 ὁ
2935 3853 3389 3925 ἀποκρινόμενος,
3423 3853 3541 3924 ἦτοι
3575 3854 3713 3925 ἐρω⁴

2127 3947 2238 4002 τῶν
2272 3947 2367 4002 καὶ
2396 3946 2572 4017 λέγων
2605 3946 2744 4019 πρὸς
2785 3947 2876 4000 τὸν
2908 3946 3043 4000 Θεὸν
3086 3947 3269 4010 ὁποῖος
3303 3946 3456 3999 ἔσται
3499 3947 3528 3998 ὁ
3569 3945 3713 4016 ήμέ-

2127 4057 2286 4113 τερος
2315 4039 2449 4111 βίος.
2485 4038 2695 4110 Ηῠχετο
2717 4039 2828 4111 γὰρ
2852 4037 3046 4110 μαθεῖν
3079 4039 3130 4090 εἰ
3168 4036 3426 4106 φθάσειεν
3454 4037 3535 4100 εἰς
3565 4037 3712 4090 ἐκεί-

2129 4150 2227 4197 νας
2245 4133 2344 4196 τὰς
2368 4131 2584 4205 ἡμέρας
2613 4132 2647 4202 ἡ
2682 4130 2796 4202 ζωὴ
2821 4130 3009 4196 αὐτοῦ,
3061 4129 3182 4182 καθ’
3208 4129 3274 4193 ἃς
3306 4128 3530 4200 ἔμελλεν
3558 4131 3709 4183 ἐναν-

2128 4225 2427 4297 θρωπήσας
2461 4225 2554 4278 ἐπὶ
2580 4224 2683 4294 γῆς
2714 4224 3002 4293 φαίνεσθαι
3027 4225 3056 4276 ὁ
3088 4224 3419 4295 Μονογενής.
3467 4224 3615 4278 Ὁδὸν
3646 4225 3705 4277 δὲ

2130 4315 2313 4388 ἰσχύος
2332 4315 2494 4370 αὐτοῦ
2525 4315 2624 4387 τὴν
2649 4300 2742 4369 ἐπὶ
2763 4316 2864 4387 γῆς
2884 4315 3187 4387 παρουσίαν
3219 4314 3376 4369 καλεῖ
3399 4333 3411 4345 ·
3442 4311 3572 4386 ἦλθε
3596 4317 3708 4388 γάρ

2126 4407 2213 4460 ἰνα
2241 4407 2380 4479 δήσῃ
2402 4407 2494 4460 τὸν
2521 4406 2762 4478 ἰσχυρόν.
2793 4407 3000 4476 Ἧμισυ
3023 4405 3080 4458 δέ
3100 4405 3209 4458 τῶν
3231 4405 3424 4459 ἐαυτοῦ
3456 4405 3702 4477 ἡμερῶν,

438 4502 669 4574 produci
699 4502 867 4558 vitam
889 4518 1067 4569 suam,
1099 4512 1161 4557 ut
1186 4502 1361 4572 ipsius
1403 4519 1587 4558 rerum
1636 4512 1863 4561 eventus
1889 4522 2023 4562 con-

2141 4501 2245 4571 ιιτοι
2273 4501 2374 4572 τῆς
2430 4501 2595 4570 ζωῆς,
2654 4499 2716 4556 τὸ
2763 4497 2900 4562 τέως
2957 4501 3014 4551 ἐν
3071 4497 3273 4570 θεωρίᾳ
3321 4497 3572 4566 γενέσθαι
3604 4497 3706 4568 τῆς

441 4604 630 4666 spectu
651 4594 1004 4667 dignaretur;
1041 4595 1116 4648 ita
1159 4597 1304 4650 enim
1349 4593 1594 4649 futurum
1633 4604 1751 4652 erat
1795 4605 1855 4652 ut
1904 4606 2018 4654 tota

439 4687 550 4742 vita
577 4688 697 4758 ejus
737 4689 1075 4758 impleretur.
1104 4685 1318 4742 Interea
1340 4686 1509 4750 enim,
1549 4688 1644 4754 ait,
1670 4688 1726 4742 in
1759 4692 2020 4761 praesenti

439 4780 572 4834 dum
598 4780 715 4835 haec
750 4781 1078 4850 praenuntia,
1113 4793 1179 4833 ac
1209 4777 1392 4835 futura
1414 4781 1689 4852 prospicio
1710 4821 1728 4847 ,
1783 4783 1838 4837 in
1864 4793 2020 4853 parte

439 4871 550 4928 diei
583 4870 679 4927 Dei
705 4873 1040 4930 constitutus
1088 4873 1315 4928 videor:
1366 4875 1609 4944 reliquus
1648 4885 1831 4931 autem
1882 4877 2019 4931 mihi

437 4972 523 5021 est
552 4963 670 5034 ipse
708 4979 893 5018 rerum
943 4965 1429 5035 praenuntiatarum
1466 4974 1821 5036 conspectus,
1851 4983 2017 5037 quem

439 5073 488 5113 sx
535 5069 844 5128 consequar
863 5095 877 5121 ,
900 5064 1085 5112 .totum
1112 5057 1236 5112 vitae
1267 5071 1401 5111 meae
1437 5071 1674 5114 cursum
1701 5058 2012 5129 accipiam;

435 5153 523 5206 sin
563 5165 790 5220 scopum
817 5150 1083 5207 Orationis
1113 5165 1252 5206 mea:
1299 5167 1408 5208 non
1453 5151 1759 5222 attingam,
1819 5151 2018 5208 similis

436 5260 534 5301 ero
568 5245 635 5300 iis
663 5243 760 5314 qui
797 5243 854 5297 in
899 5241 1127 5298 dimidio
1167 5242 1379 5299 dierum
1412 5244 1706 5298 immature
1735 5250 1790 5298 et
1820 5243 2020 5300 intem-

436 5336 647 5408 pestive
674 5333 844 5389 vitam
865 5332 1255 5404 deposuerunt.
1286 5332 1626 5404 Videturque
1655 5332 1787 5386 mihi
1825 5331 2018 5387 Serva-

437 5437 614 5484 torem
666 5437 917 5484 nostrum
953 5428 1024 5483 ob
1063 5428 1155 5482 illa
1189 5427 1579 5498 prophetarum
1611 5437 1737 5481 vota
1769 5425 2014 5481 dixisse:

438 5519 600 5575 Multi
630 5522 894 5591 propheta:
921 5530 969 5575 et
992 5522 1129 5590 justi
1167 5520 1443 5575 voluerunt
1469 5520 1643 5574 videre
1676 5535 1793 5588 qua:
1819 5535 1908 5573 ros
1942 5518 2017 5571 vi-

436 5612 596 5675 detis,
620 5621 796 5666 etnon
830 5612 1104 5677 viderunt;
1134 5623 1183 5666 et
1214 5613 1399 5666 audire
1427 5628 1544 5682 qua:
1570 5612 1793 5676 auditis,
1827 5619 1876 5664 et
1911 5625 2017 5664 non

432 5705 720 5760 audierunt
749 5707 816 5759 ’⁷.
884 5704 1196 5760 Secundum
1255 5704 1538 5760 historiam
1587 5718 1717 5759 vero
1776 5703 2011 5759 dixerit:

511 5821 556 5899 ξ’
597 5818 787 5876 Matth.
822 5833 944 5883 xm,
982 5818 1063 5871 l7.

2128 4593 2471 4663 ἐπιφανείας.
2504 4590 2714 4662 Ηῠχετο
2741 4585 2834 4644 οὖν
2859 4590 3213 4662 πληρωθῆναι
3252 4590 3344 4643 τὸν
3377 4590 3496 4644 ὅλον
3536 4591 3703 4644 αὐτοῦ

2125 4687 2336 4758 χρόνον,
2374 4684 2468 4739 καὶ
2504 4679 2618 4737 οἷόν
2650 4700 2708 4735 τε
2745 4680 3158 4752 παρεκταθῆναι
3197 4681 3296 4752 τὴν
3335 4681 3480 4752 ζωὴν
3513 4682 3704 4746 αὐτοῦ,

2122 4781 2271 4842 ὅπως
2317 4776 2383 4830 ἂν
2430 4776 2527 4830 καὶ
2563 4775 2734 4846 αὐτῆς
2765 4775 2864 4845 τῆς
2892 4772 3011 4827 τῶν
3041 4774 3386 4845 πραγμάτων
3422 4773 3708 4838 ἐκϐάσεως

2124 4869 2566 4940 καταξιωθῆναι·
2639 4866 2782 4920 οὕτω
2824 4866 2932 4938 γὰρ
2977 4865 3201 4938 ἔμελλεν
3257 4868 3290 4937 ἡ
3351 4867 3502 4919 πᾶσα
3536 4867 3708 4921 αὑτοῦ

2124 4961 2243 5032 ζωὴ
2273 4959 2634 5032 πληροῦσθαι.
2661 4958 2809 5022 Τέως
2839 4958 2936 5028 μὲν
2963 4956 3092 5028 γὰρ,
3125 4958 3310 5026 φησιν,
3330 4955 3423 5007 ἐπὶ
3438 4956 3532 5008 τοῦ
3561 4975 3706 5028 παρ-

2123 5056 2295 5119 όντος,
2327 5054 2415 5106 ὅτε
2448 5052 2622 5106 ταῦτα
2649 5049 3007 5125 προφητεύω,
3047 5051 3140 5102 καὶ
3197 5048 3458 5119 μέλλοντα
3483 5049 3706 5103 ἔσεσθαι

2124 5144 2363 5219 προορῶ,
2397 5144 2551 5198 ἔοικα
2581 5145 2639 5198 ἐν
2673 5143 2828 5214 μέρει
2875 5141 3088 5213 ἡμέρας
3137 5137 3276 5194 εἰναι
3307 5139 3478 5193 Θεοῦ·
3524 5139 3705 5192 λείπει

2123 5239 2179 5293 δέ
2202 5257 2292 5310 μοι
2342 5241 2376 5310 ἡ
2422 5237 2660 5308 αὑτοψία
2690 5236 2790 5308 τῆς
2831 5235 2941 5289 τῶν
2987 5235 3487 5307 προφητευομένων
3535 5233 3705 5287 ἐκϐά-

2123 5326 2354 5403 σεως,ἦς
2369 5329 2418 5382 εἰ
2434 5329 2674 5400 τύχοιμι,
2691 5327 2811 5381 τελε
2821 5328 2904 5380 ίαν
2917 5325 3156 5397 λήψομαι
3171 5326 3269 5396 τὴν
3282 5323 3518 5396 ἐμαυτοῦ
3532 5322 3700 5394 ζωὴνο

2121 5427 2170 5476 εἰ
2190 5423 2247 5475 δέ
2276 5423 2564 5490 ἁστοχήσω
2583 5420 2681 5490 τῆς
2726 5419 2911 5489 εὐχῆς,
2940 5417 3092 5470 ἔοικα
3117 5420 3230 5481 τοῖς
3254 5419 3311 5471 ἐν
3337 5416 3526 5486 ἡμίσει
3559 5418 3592 5485 ή
3603 5433 3706 5486 με-

2123 5513 2232 5586 ρῶν
2271 5514 2370 5584 τὴν
2403 5510 2550 5582 ζωὴν
2580 5510 2746 5581 ἀτελῆ
2773 5511 2867 5562 καὶ
2897 5508 3079 5580 ἄωρον
3111 5506 3548 5578 ἀποτιθεμένοις.
3586 5506 3699 5560 Καί

2123 5601 2405 5674 μοιδοκεῖ
2433 5600 2523 5653 διὰ
2557 5599 2655 5664 τὰς
2707 5598 2958 5662 τοιαύτας
3013 5596 3122 5650 τῶν
3173 5595 3470 5667 προφητῶν
3530 5596 3700 5667 εὐχὰς

2118 5693 2146 5745 ὁ
2179 5691 2366 5764 Σωτὴρ
2409 5689 2567 5762 ἡμῶν
2610 5689 2888 5762 εἰρηκέναι
2924 5705 2937 5719 ·
2974 5687 3209 5760 ,Πολλοὶ
3250 5685 3550 5755 προφῆται
3594 5685 3701 5740 καί
