4102 6392
355 338 487 394 1261

1466 329 1971 388 COMMENTARIA
2011 329 2078 383 IN
2118 327 2458 384 PSALMOS.

3457 328 3595 387 19.62

350 455 568 506 δίκαιοι
607 450 995 518 ἐπεθύμησαν
1029 446 1178 500 ἰδεῖν
1205 447 1246 499 ἂ
1284 445 1453 515 ὑμεῖς
1492 447 1776 510 βλέπετε,
1825 444 1924 498 καί

2035 441 2163 496 Dum
2191 455 2275 495 me
2301 439 2574 494 inﬁrmum
2595 445 2648 492 et
2674 447 2958 510 gravatum
2980 454 3167 504 cerno,
3193 440 3445 510 suspicor
3461 439 3595 494 mihi

349 547 460 599 οὐκ
481 539 663 606 εἶδον,
702 541 798 594 καὶ
825 539 1082 594 ἀκοῦσαι
1111 537 1149 592 ἀ
1173 539 1441 601 ἀκούετε,
1472 538 1569 590 καὶ
1598 539 1708 591 οὐκ
1738 536 1922 606 ἣκου-

348 645 486 682 σαν.
527 626 681 680 Κατὰ
709 627 766 679 δὲ
793 625 890 696 τὴν
927 625 1166 696 ἱστορίαν
1189 665 1202 688 ,
1231 625 1473 689 Βλέπων,
1509 626 1693 695 φησιν,
1749 627 1920 696 ἐμαυ-

346 715 436 767 τὸν
471 714 760 767 ἀτονοῦντα
795 713 890 766 καὶ
924 712 1309 784 βαρυνόμενον,
1342 715 1518 782 ὀλίγον
1550 715 1916 786 ὑπολαμϐάνω

347 807 536 877 καιρὸν
565 806 946 877 ὐπολελεῖφθαί
979 825 1068 878 μοι
1106 807 1268 878 ζωῆς.
1297 807 1387 878 Μὴ
1414 805 1508 861 οὖν
1548 809 1920 880 ὲκδημήσαιμι

341 897 438 950 τοῦ
487 898 736 968 σώματος
784 901 842 952 ὲν
886 898 964 969 τῷ
1012 900 1200 970 ἡμίσει
1241 902 1334 954 καὶ
1389 901 1569 953 ἀτελεῖ
1617 900 1725 953 τῶν
1779 903 1917 971 ἡμε-

348 988 474 1062 ρῶν.
524 992 618 1042 Ἐν
671 990 847 1061 γενεᾷ
900 991 1122 1061 γενεῶν
1148 992 1219 1046 τὰ
1242 992 1348 1060 ἐτη
1404 1007 1539 1046 σου.
1581 993 1916 1062 Ἀναγκαίως

344 1081 620 1154 προειπών
643 1098 658 1113 ·
708 1081 803 1150 Μὴ
844 1082 1151 1152 ἀναγάγῃς
1187 1101 1264 1152 με
1312 1084 1382 1137 ἐν
1432 1083 1637 1155 ἡμίσει
1683 1085 1917 1154 ἡμερῶν

337 1191 479 1242 μου,
504 1173 800 1245 εὐξάμενός
845 1192 904 1228 τε
943 1176 1266 1248 παραθεῖναι
1311 1177 1410 1248 τὴν
1455 1178 1597 1248 ζωὴν
1627 1178 1787 1248 μέχρι
1815 1177 1916 1245 τῆς

345 1263 624 1329 ἐκϐάσεως
653 1266 759 1318 τῶν
784 1269 1300 1338 προφητευομένων,
1337 1270 1538 1340 συνορᾷ
1565 1268 1626 1320 τὸ
1658 1267 1916 1321 ἀδύνατον

344 1353 431 1408 διὰ
461 1355 521 1408 τὸ
550 1356 774 1420 ἀσθενὲς
800 1353 894 1410 καὶ
919 1357 1282 1429 ὀλιγοχρόνιον
1311 1360 1408 1430 τῆς
1437 1359 1636 1430 θνητῆς
1665 1359 1880 1429 φύσεως
1899 1377 1914 1392 ο

345 1441 464 1498 εἶτα
496 1445 598 1516 ἔφη
626 1462 640 1475 ο
677 1446 778 1499 Σοῦ
807 1447 990 1518 μόνου,
1023 1447 1217 1518 Κύριε,
1251 1448 1320 1501 τὰ
1354 1448 1446 1519 ἐτη
1488 1450 1566 1512 είς
1599 1449 1790 1516 γενεὰν
1822 1452 1916 1504 καὶ

344 1534 536 1602 γενεὰν
574 1536 823 1590 διατείνει
850 1555 863 1568 ο
903 1539 994 1591 καὶ
1042 1539 1106 1591 σὺ
1138 1539 1288 1609 ἥξεις
1335 1541 1415 1604 είς
1458 1541 1674 1613 ἐκείνην
1707 1543 1804 1614 τὴν
1829 1560 1921 1612 γε-

2023 532 2286 602 perbreve
2309 538 2524 601 tempus
2554 530 2676 585 vita:
2713 530 2992 585 residuum
3025 546 3164 587 esse.
3206 530 3285 587 Ne
3313 533 3498 602 itaque
3541 533 3596 585 in

2022 622 2253 676 dimidio
2295 623 2506 676 dierum
2563 628 2618 675 et
2669 620 2958 675 immature
3003 635 3034 674 a
3078 635 3308 692 corpore
3378 623 3601 694 profici-

2023 728 2166 768 scar.
2204 711 2270 766 In
2293 715 2624 783 generatione
2645 715 3043 783 generationum
3064 716 3191 768 anni
3217 716 3315 770 tui.
3343 716 3481 770 Cum
3513 715 3600 771 di-

2024 807 2218 872 xisset,
2247 804 2331 860 Ne
2364 822 2566 861 revoces
2598 823 2679 860 me
2712 806 2765 858 in
2781 805 3007 859 dimidio
3030 804 3232 859 dierum
3258 825 3516 874 meorum,
3535 824 3600 862 ac

2023 911 2268 972 rogasset
2299 902 2468 956 vitam
2500 915 2656 956 suam
2691 916 2865 971 usque
2913 900 2983 954 ad
3033 917 3218 955 rerum
3266 904 3602 972 praenuntia-

2024 1001 2204 1046 tarum
2229 1001 2483 1048 eventum
2516 992 2832 1063 prorogari;
2864 992 3012 1047 videt
3042 993 3146 1047 hoc
3178 994 3248 1048 ob
3276 995 3601 1049 imbecillam

2025 1095 2078 1142 et
2106 1086 2307 1142 ﬂuxam
2355 1087 2601 1141 mortalis
2650 1093 2861 1140 naturae
2910 1085 3282 1140 conditionem
3327 1086 3441 1141 fieri
3493 1102 3606 1142 non

2027 1194 2216 1248 posse;
2244 1178 2439 1234 deinde
2475 1179 2581 1233 ait:
2617 1177 2723 1232 Tui
2769 1179 2940 1233 solius
2971 1180 3124 1241 anni,
3159 1177 3407 1243 Domine,
3439 1180 3494 1233 in
3522 1194 3610 1249 ge-

2023 1268 2361 1324 nerationem
2408 1277 2461 1323 et
2509 1269 2912 1338 generationem
2956 1269 3387 1338 producuntur:
3441 1278 3611 1341 tuque

2026 1363 2312 1432 pervenies
2362 1362 2430 1416 ad
2482 1363 2631 1416 illam
2662 1364 3068 1432 generationem
3104 1373 3158 1418 ct
3191 1364 3450 1434 populum
3486 1404 3501 1428 ,
3543 1364 3611 1418 de

2025 1455 2224 1524 quibus
2250 1456 2501 1525 superius
2529 1455 2847 1511 dicebatur:
2879 1455 3159 1511 Scribatur
3197 1456 3308 1510 hac
3360 1458 3416 1511 in
3454 1473 3614 1527 gene-

2031 1547 2289 1600 rationem
2315 1546 2561 1610 atteram,
2597 1555 2650 1600 et
2679 1555 2896 1602 caetera.

346 1631 495 1694 νεὰν,
535 1633 784 1686 κάκεῖνον
821 1634 909 1686 τὸν
935 1635 1083 1698 λαὸν,
1112 1636 1238 1707 περὶ
1264 1629 1339 1690 ὧν
1374 1637 1630 1710 ἀνωτέρω
1661 1639 1878 1708 ἐλέγετο
1897 1658 1911 1671 ο
1945 1641 2236 1709 Γραφήτω
2260 1641 2411 1708 αὕτη
2450 1643 2534 1706 εὶς
2560 1641 2676 1708 τὴν
2720 1642 2930 1710 γενεὰν
2975 1639 3207 1708 ἑτέραν,
3243 1640 3428 1694 καὶτὰ
3459 1640 3608 1711 ἑξῆς.

423 1724 563 1775 Κατ’
625 1723 817 1792 ἀρχὰς
853 1725 967 1790 τὴν
1022 1724 1141 1794 γῆν
1174 1725 1290 1790 σὺ,
1360 1728 1554 1795 Κύριε,
1605 1729 1918 1798 ἐθεμελίω-
1950 1718 1994 1772 Β

346 1828 482 1878 σας,
517 1814 615 1867 καί
639 1814 784 1883 ἔργα
821 1813 938 1868 τῶν
965 1815 1179 1885 χειρῶν
1216 1817 1330 1869 σού
1367 1819 1526 1871 εἰσιν
1562 1821 1615 1872 οἱ
1652 1821 1914 1887 οἰφανοί.

346 1904 525 1956 Αὐτοὶ
559 1906 951 1970 ἀπολοῦνται,
1004 1907 1085 1960 σὺ
1117 1906 1185 1960 δὲ
1229 1908 1544 1978 διαμένεις.
1581 1912 1645 1964 El
1682 1911 1780 1982 μὲν
1813 1912 1922 1985 γὰρ

347 1996 408 2048 οὐ
447 1996 706 2066 συνῆσθα,
742 1999 895 2067 φησὶ,
934 1998 1054 2051 κατ’
1087 1997 1279 2070 ἀρχὰς,
1315 1994 1360 2054 ὦ
1406 2001 1600 2074 Κύριε,
1649 2005 1743 2058 καί⁹
1766 2005 1815 2058 εί
1849 2005 1922 2076 μὴ

349 2087 485 2158 ἔργα
512 2087 620 2141 τῶν
653 2088 854 2160 χειρῶν
897 2107 990 2142 σου
1026 2090 1268 2162 ὑπῆρχον
1298 2094 1348 2145 οἱ
1395 2094 1634 2165 οὐρανοὶ,
1675 2097 1772 2167 οὐχ
1815 2092 1924 2150 οἷόν

353 2196 414 2232 τε
441 2174 509 2251 ἦν
533 2179 673 2233 αὐτὰ
700 2180 1077 2251 μετατεθῆναι,
1118 2183 1238 2236 οὐδὲ
1267 2184 1346 2248 είς
1385 2186 1685 2257 μεταϐολὴν
1715 2187 1918 2242 ἐλθεῖν·

349 2273 400 2326 εί
429 2272 538 2345 γὰρ
571 2273 810 2346 ἀγένητα
835 2271 925 2346 ἦν,
950 2275 1171 2347 ἔμειναν
1203 2275 1269 2331 ἂν
1307 2278 1400 2330 καὶ
1433 2277 1764 2350 ἀτελεύτητα
1784 2298 1798 2311 ·
1830 2281 1924 2335 νῦν

349 2363 426 2429 δὲ,
455 2363 578 2417 ἐπεὶ
596 2366 823 2437 ποιητὴς
842 2367 1022 2420 αὐτῶν
1057 2369 1309 2438 γέγονας,
1337 2369 1560 2433 δυνατὸς
1587 2366 1641 2423 εἴ
1665 2372 1759 2424 καὶ
1786 2389 1925 2442 παρ-

353 2461 579 2526 αγαγεῖν
627 2460 766 2513 αὐτὰ
821 2458 1052 2533 θελήσας
1089 2479 1102 2491 θ
1164 2462 1380 2531 φύσεως
1427 2463 1537 2535 γὰρ
1620 2463 1926 2536 ὑπάρχουσι

351 2549 596 2622 φθαρτῆς
649 2554 745 2605 καὶ¹
787 2553 1167 2626 ἀπολλυμένης
1192 2573 1207 2587 ·
1263 2557 1370 2622 ὅτι,
1408 2559 1500 2610 καὶ
1557 2557 1632 2628 μὴ
1664 2558 1926 2630 πρότερον

355 2640 504 2705 ὄντα,
548 2645 612 2712 σῇ
647 2642 808 2714 βουλῇ
843 2644 936 2696 καὶ
969 2644 1194 2716 δυνάμει
1229 2647 1472 2716 γέγονεν.
1530 2649 1626 2700 Ἓν
1668 2648 1778 2719 γάρ
1812 2650 1928 2702 ὲστι

359 2730 520 2801 μένον
559 2733 667 2794 ἀεὶ,
710 2734 805 2785 καὶ
836 2733 1034 2787 οὔποτε
1067 2736 1364 2806 δυνάμενον
1415 2739 1490 2809 μὴ
1531 2734 1695 2801 εἶναι,
1727 2739 1926 2811 δηλαδὴ

357 2820 422 2874 σὺ
448 2822 608 2886 αὐτὸς
636 2825 664 2876 ό
696 2823 854 2895 μόνος
889 2825 996 2879 τῶν
1020 2826 1155 2879 ὅλων
1182 2831 1431 2899 ποιητής.
1470 2829 1578 2883 Καὶ
1604 2829 1826 2896 πάντες
1851 2831 1930 2896 ὡς

356 2914 585 2984 ἱμάτιον
630 2917 1175 2985 παλαιωθήσονται,
1226 2920 1325 2973 καὶ
1369 2920 1511 2973 ὡσεὶ
1554 2923 1932 2989 περιϐόλαιον

354 3005 576 3071 ἑλίξεις
628 3007 869 3073 αὐτοὺς,
895 3009 993 3062 καὶ
1027 3009 1471 3079 ἐλιχθήσονται.
1502 3012 1613 3065 Καὶ
1635 3014 1684 3066 oi
1716 3012 1934 3082 οὐρανοὶ

2100 1731 2266 1788 Vens.
2313 1731 2503 1788 26-29.
2557 1732 2722 1786 Initio
2781 1743 2860 1797 tu,
2926 1732 3175 1798 Domine,
3231 1742 3430 1786 terram
3496 1734 3616 1802 fun-

2022 1825 2183 1891 dasti,
2249 1835 2298 1878 et
2354 1841 2512 1894 opera
2567 1841 2820 1878 manuum
2875 1834 3089 1878 tuarum
3141 1834 3262 1878 sunt
3312 1825 3447 1878 caeli.
3502 1823 3616 1893 Ipsi

2021 1917 2284 1987 peribunt.
2315 1927 2372 1970 tu
2426 1928 2603 1972 autem
2657 1934 2954 1988 permanes.
3014 1917 3134 1972 Nisi
3167 1917 3315 1972 enim
3365 1931 3395 1971 a
3457 1918 3615 1988 prin-

2024 2008 2204 2079 cipio,
2261 2007 2519 2072 Domine,
2567 2007 2766 2064 fuisses
2795 2049 2811 2074 ,
2872 2016 2927 2064 et
2971 2009 3080 2063 nisi
3124 2007 3248 2062 θα)ιί
3281 2021 3451 2076 opera
3499 2023 3616 2060 ma-

2024 2117 2194 2156 nuum
2223 2108 2440 2155 tuarum
2494 2107 2713 2165 essent,
2747 2115 2859 2154 non
2917 2105 3141 2168 possent
3180 2097 3272 2150 illa
3299 2111 3464 2167 opera
3495 2113 3617 2150 mu-

2025 2193 2172 2258 tari,
2219 2207 2319 2248 nec
2376 2192 2430 2246 in
2475 2191 2638 2246 aliam
2681 2190 3286 2245 conditionem‘venire
3338 2209 3351 2244 :
3410 2205 3535 2244 nam
3566 2190 3614 2246 si

2025 2298 2136 2338 non
2173 2281 2317 2337 facta
2370 2289 2577 2346 essent,
2613 2283 2733 2338 sine
2789 2281 2895 2337 line
2941 2290 3247 2336 manerent.
3307 2280 3427 2335 Jam
3488 2297 3618 2337 vero

2026 2375 2156 2446 quia
2211 2389 2403 2429 eorum
2452 2373 2635 2442 opifex
2691 2373 2877 2438 fuisti,
2944 2383 3098 2443 potes
3148 2373 3239 2427 illa
3298 2380 3513 2428 mutare
3570 2373 3619 2428 si

2026 2468 2206 2523 velis:
2250 2481 2376 2520 nam
2426 2465 2585 2520 ﬂuxa;
2639 2473 2692 2520 et
2743 2465 3121 2535 corruptibilis
3171 2459 3382 2520 natura:
3440 2474 3617 2521 sunt:

2027 2558 2156 2629 quia
2217 2572 2341 2612 cum
2403 2572 2515 2610 non
2572 2557 2726 2625 prius
2768 2557 3128 2622 exsisterent,
3183 2558 3464 2611 voluntate
3555 2570 3621 2610 ac

2026 2650 2230 2702 virtute
2283 2656 2376 2701 tua
2424 2646 2644 2700 condita
2703 2652 2851 2701 sunt.
2899 2643 3082 2700 Unum
3140 2646 3341 2716 quippe
3370 2645 3620 2715 estquod

2029 2747 2234 2805 manet,
2268 2747 2323 2794 et
2351 2753 2633 2809 nunquam
2665 2754 2772 2792 non
2819 2753 2944 2793 esse
2985 2739 3182 2808 potuit,
3217 2754 3411 2808 nempe
3443 2746 3501 2790 tu
3533 2753 3622 2793 so-

2031 2836 2116 2890 lus
2147 2832 2392 2889 omnium
2434 2831 2706 2886 conditor.
2753 2829 2815 2884 Et
2845 2847 3022 2885 omnes
3074 2832 3213 2884 sicut
3255 2832 3622 2886 vestimentum

2031 2931 2369 2988 veterascent,
2397 2930 2446 2977 et
2475 2923 2611 2977 velut
2641 2922 2900 2977 amictum
2922 2922 3090 2976 volves
3112 2938 3223 2987 eos,
3247 2931 3296 2976 et
3326 2923 3617 2979 volventur.

2032 3018 2170 3072 lei
2191 3031 2410 3087 quoque
2439 3015 2656 3070 etiamsi
2698 3030 2954 3086 magnum
2990 3015 3629 3089 prmstantissimumque

355 3095 434 3158 δὲ,
464 3098 512 3150 εί
545 3097 638 3150 καὶ
669 3097 810 3168 μέγα
840 3101 934 3152 καί
961 3099 1236 3171 ἐξαίρετόν
1263 3118 1315 3153 τι
1347 3103 1675 3172 τυγχάνουσι
1699 3103 1928 3174 κτίσμα,

2035 3105 2147 3161 sint
2191 3104 2506 3175 opificium,
2565 3109 2807 3157 attamen
2850 3103 2956 3173 ipsi
3001 3117 3222 3173 quoque
3279 3104 3623 3174 corruptioni

358 3187 473 3240 ἀλλ’
510 3189 656 3258 ὅμως
688 3189 780 3242 καὶ
835 3190 989 3243 αὐτοὶ
1044 3191 1511 3264 ὐποδληθήσονται
1545 3194 1748 3267 φθορᾷ·
1796 3197 1830 3267 ἡ
1875 3196 1934 3249 δὲ

358 3276 533 3348 φθορὰ
555 3277 691 3349 αὕτη
722 3281 1008 3350 γενήσεται
1032 3281 1215 3345 αὐτοῖς
1252 3284 1330 3346 εἰς
1375 3283 1789 3356 ἀνακαινισμὸν,
1839 3286 1935 3338 καὶ

361 3370 635 3434 συστελεῖς
669 3372 862 3436 αὐτοὺς
897 3371 1137 3444 εὐχερῶς
1171 3372 1343 3438 οὕτως
1369 3374 1446 3439 ὡς
1473 3375 1674 3428 ἑλίσσει
1706 3393 1789 3441 τις
1837 3393 1934 3430 πε-

361 3460 630 3532 ριϐόλαιον
650 3479 662 3492 ’
703 3463 1075 3534 ἑλιχθησονται
1097 3465 1204 3538 γὰρ
1224 3467 1304 3530 εἰς
1332 3466 1538 3537 βέλτιον
1561 3467 1748 3540 σχῆμα
1780 3485 1938 3540 μετα-

363 3553 702 3624 ϐαλλόμενοι,
739 3557 832 3610 καὶ
863 3557 1278 3630 ἀλλαγήσονται,
1330 3560 1423 3612 καὶ
1467 3560 1677 3631 τροπὴν
1726 3560 1937 3631 ἀγαθὴν

363 3643 695 3715 ὑπομενοῦσι
726 3645 824 3716 τὴν
853 3647 962 3699 ἀπὸ
1000 3649 1098 3718 τῆς
1145 3649 1504 3720 παλαιότητος
1545 3652 1640 3705 ἐπὶ
1671 3651 1771 3724 τὴν
1804 3654 1937 3708 ἀνα-

364 3737 599 3791 καίνισιν
627 3738 720 3792 καὶ
743 3739 842 3810 τὴν
876 3738 1206 3811 ἀφθαρσίαν.
1249 3740 1332 3794 Σὺ
1363 3741 1432 3794 δὲ
1464 3745 1497 3795 ό
1517 3743 1700 3809 αὐτὸς
1737 3740 1809 3809 εἷ,
1838 3745 1941 3798 καὶ

361 3829 437 3884 τὰ
462 3830 565 3899 ἐτη
586 3844 702 3884 σου
734 3832 846 3884 οὐκ
877 3829 1252 3900 ἐκλείψουσι.
1305 3835 1367 3886 Ol
1411 3832 1526 3885 υἱοὶ
1560 3831 1678 3886 τῶν
1704 3832 1941 3890 δούλων

364 3937 483 3977 σου
511 3923 1076 3990 κατασκηνώσουσι,
1121 3925 1218 3978 καὶ
1250 3922 1316 3977 τὸ
1355 3922 1594 3993 σπέρμα
1626 3923 1825 3978 αὐτῶν
1853 3927 1941 3992 είς

363 4013 472 4069 τὸν
485 4013 669 4068 αἰῶνα
698 4013 1260 4081 κατευθυνθήσεται.
1286 4017 1506 4079 Καινοῖς
1525 4015 1598 4086 (2)
1633 4013 1942 4087 γενομένοις

365 4106 461 4160 καὶ
488 4106 580 4158 ἐπὶ
610 4105 672 4160 τὸ
698 4109 943 4176 κρεῖττον
979 4105 1422 4177 μεθαρμοσθεῖσι,
1455 4107 1552 4160 καὶ
1593 4108 1659 4160 τὸ
1705 4107 1943 4178 σπέρμα

2045 3198 2442 3268 subjicientur:
2478 3197 2594 3251 haec
2625 3204 2807 3251 autem
2838 3196 3120 3267 corruptio
3149 3197 3285 3267 ipsis
3307 3195 3362 3252 in
3392 3212 3628 3252 renova-

2042 3293 2249 3349 tionem
2271 3299 2465 3355 vertet,
2503 3301 2665 3359 atque
2689 3290 2841 3359 ipsos
2869 3287 2943 3342 ita
2975 3287 3138 3343 facile
3163 3289 3460 3344 contrahes
3491 3326 3506 3353 ,
3561 3303 3627 3343 ac

2042 3387 2090 3442 si
2127 3387 2252 3456 quis
2279 3384 2541 3440 amictum
2569 3383 2859 3437 convolvat
2884 3402 2899 3437 :
2957 3398 3085 3436 nam
3115 3382 3397 3438 meliorem
3427 3384 3480 3437 in
3523 3381 3630 3439 for-

2043 3494 2188 3534 mam
2208 3479 2513 3540 volventur,
2543 3491 2607 3531 ac
2630 3476 2988 3530 mutabuntur
3013 3483 3177 3544 atque
3202 3475 3626 3530 conversionem

2044 3570 2305 3640 optimam
2341 3568 2638 3633 subibunt,
2687 3581 2716 3619 a
2752 3571 3027 3620 vetustate
3076 3581 3271 3635 nempe
3297 3565 3365 3620 ad
3394 3581 3630 3621 renova-

2047 3661 2253 3715 tionem
2279 3669 2334 3714 et
2363 3656 2828 3726 incorruptionem
2869 3655 3141 3710 translati.
3182 3655 3226 3708 Τ
3228 3671 3263 3708 u
3293 3663 3469 3710 autem
3488 3654 3629 3710 idem

2047 3753 2156 3821 ipse
2185 3768 2260 3816 es,
2292 3761 2340 3806 et
2374 3752 2501 3804 anni
2533 3751 2611 3804 tui
2676 3765 2780 3803 non
2833 3747 3095 3816 deﬁcient.
3167 3746 3299 3802 Filii
3359 3764 3630 3803 servorum

2047 3853 2262 3897 tuorum
2299 3841 2640 3906 habitabant,
2670 3848 2720 3894 et
2753 3856 2929 3894 semen
2957 3855 3138 3893 eorum
3173 3841 3228 3894 in
3259 3839 3518 3895 swcutum
3540 3840 3629 3895 di-

2047 3936 2261 4006 rigetur.
2313 3933 2562 3988 lnnovati
2617 3932 2826 3988 scilicet
2845 3939 3008 3986 erunt
3026 3947 3087 3986 ac
3122 3933 3402 3987 meliorem
3426 3933 3481 3986 in
3515 3932 3628 3987 for-

2046 4040 2189 4080 mam
2211 4025 2483 4086 translati,
2516 4033 2566 4079 et
2590 4040 2760 4078 semen
2791 4039 2971 4078 eorum
3005 4064 3020 4090 ,
3071 4023 3279 4079 scilicet
3343 4039 3628 4085 servorum

2047 4125 2288 4181 tuorum,
2326 4118 2379 4171 in
2407 4116 2662 4171 saeculum
2695 4115 2970 4187 dirigetur.

366 4202 614 4268 ἑαυτῶν,
641 4203 843 4274 δηλαδὴ
877 4202 985 4256 τῶν
1022 4201 1220 4256 δούλων
1243 4220 1354 4270 σου,
1379 4204 1457 4268 είς
1490 4204 1581 4258 τὸν
1606 4203 1778 4258 αίῶνα
1809 4208 2316 4284 κατευθυνθήσεται.

899 4346 986 4418 Τῼ
1017 4345 1236 4400 ΔΑΥΙΔ.
1269 4345 1387 4399 PB'.

436 4460 704 4530 Εὺλόγει,
737 4461 775 4528 ἠ
801 4460 973 4530 ψυχή
1007 4479 1147 4529 μου,
1181 4460 1287 4514 τόν
1313 4462 1550 4530 Κύριον.
1577 4461 1729 4533 Τάχα
1753 4462 1809 4517 δὲ
1843 4463 1942 4535 μέ-

371 4569 471 4622 σην
497 4551 912 4621 ἀπολειφθεῖσαν
943 4552 1041 4622 τὴν
1071 4553 1248 4624 ψυχὴν
1295 4551 1389 4605 τοῦ
1421 4552 1670 4624 σώματος
1711 4555 1805 4607 καὶ
1849 4555 1943 4608 τοῦ

371 4644 698 4715 πνεύματος,
729 4644 788 4697 τὸ
825 4644 924 4716 μὲν
954 4645 1112 4716 σῶμα
1153 4647 1245 4699 ἐπὶ
1274 4646 1372 4708 τὰς
1417 4645 1620 4710 οἰκείας
1655 4647 1944 4718 ἐπιθυμίας

371 4738 465 4790 καὶ
537 4735 963 4808 ἀνδραποδώδεις
1031 4736 1222 4807 ἡδονὰς
1275 4738 1556 4800 καθέλκει,
1607 4738 1793 4811 ὥσπερ
1851 4741 1945 4810 ἀφ’

374 4827 540 4897 ὕψους
570 4827 774 4882 ἄνωθέν
803 4827 966 4881 ποθεν
984 4829 1316 4882 καταϐάλλον
1347 4831 1536 4900 αὐτήν·
1563 4829 1622 4882 τὸ
1645 4830 1703 4883 δὲ
1731 4830 1946 4901 πνεῦμα

374 4921 536 4975 πάλιν
566 4921 699 4992 πρὸς
732 4920 890 4974 ἑαυτὸ
937 4920 1149 4974 ἀνέλκει
1187 4922 1298 4975 ἄνω
1335 4940 1434 4974 που
1483 4924 1618 4993 πρὸς
1659 4922 1789 4976 Θεὸν
1820 4923 1948 4976 ἀνά-

374 5027 490 5082 γον,
542 5011 645 5064 καὶ·
673 5007 769 5063 τοῦ
809 5011 1014 5082 Κυρίου
1047 5009 1404 5082 μνημονεύειν
1437 5012 1768 5083 παρακαλεῖ,
1804 5013 1950 5066 εὐλο-

375 5105 494 5172 γεῖν
525 5119 585 5155 τε
616 5102 797 5165 αὐτὸν,
824 5104 916 5156 κα)⁵
945 5102 1051 5174 πρὸ
1078 5101 1369 5171 ὀφθαλμῶν
1396 5102 1484 5155 διὰ
1535 5103 1735 5167 παντὸς
1764 5104 1908 5174 ἔχειν
1929 5121 1944 5135 ·

374 5195 409 5266 ἢ
443 5195 605 5259 αὐτὸς
637 5195 829 5250 ἑαυτὸν
864 5196 955 5249 ἐπὶ
1005 5195 1096 5248 τὸν
1138 5194 1304 5265 ὕμνον
1337 5192 1625 5267 διεγείρειν
1667 5198 1758 5249 καὶ
1792 5197 1949 5249 εὐλο-

374 5289 490 5354 γεῖν
539 5287 631 5340 τὸν
687 5287 821 5340 Θεὸν
851 5287 1218 5356 ὲγκελεύεται,
1249 5287 1416 5340 καλὸν
1458 5286 1636 5356 ἑαυτῷ
1671 5288 1946 5360 σωτηρίας

376 5380 668 5450 φάρμακον
693 5379 792 5450 τὴν
812 5381 892 5442 είς
919 5378 1008 5433 τὸν
1040 5377 1172 5432 Θεὸν
1205 5377 1454 5447 εὐλογίαν
1488 5379 1945 5451 προϐαλλόμενος.

375 5471 483 5524 Καὶ
511 5469 709 5525 πάντα
733 5470 806 5524 τὰ
832 5471 1007 5539 ἐντός
1021 5489 1140 5541 μου
1160 5471 1224 5524 τὸ
1251 5470 1436 5541 ὄνομα
1459 5472 1527 5526 τό
1543 5472 1712 5540 ἄτιον
1742 5473 1948 5526 αὐτοῦ.

377 5560 503 5624 Τοῖς
536 5559 686 5624 ὲντδς
718 5558 881 5613 αὐτοῦ
912 5561 1241 5631 προστάσσει
1270 5560 1507 5632 εὐλογεῖν
1539 5561 1598 5614 τὸ
1631 5562 1802 5632 ὄνομα
1839 5564 1952 5616 Κυ-

385 5654 523 5724 ρίου,
552 5653 796 5708 τουτέστι
819 5657 886 5728 τῇ
915 5654 1072 5725 φύσει
1093 5653 1200 5710 τῶν
1230 5655 1431 5710 ὲσωθεν
1454 5655 1825 5727 ἐξερχομένων
1847 5656 1954 5710 δια-

458 5762 532 5834 (2)
556 5762 665 5821 Sic.

2550 4350 2680 4408 lPSl
2720 4350 2944 4406 DAVID.
3005 4349 3117 4409 CII.

2115 4465 2281 4522 Vens.
2317 4466 2364 4519 1.
2404 4464 2630 4520 Benedic
2649 4507 2664 4533 ,
2692 4465 2873 4520 anima
2903 4481 3054 4531 mea,
3086 4463 3335 4523 Domino.
3370 4463 3631 4522 Fortasse

2044 4561 2278 4618 mediam
2309 4560 2554 4615 relictam
2586 4560 2822 4614 animam
2849 4559 2992 4614 inter
3015 4572 3215 4628 corpus
3245 4565 3300 4613 et
3338 4557 3588 4628 spiritum
3609 4599 3625 4626 ,

2045 4669 2246 4725 corpus
2271 4653 2490 4723 quidem
2515 4652 2583 4706 ad
2606 4652 2860 4722 proprias
2880 4650 3359 4720 concupiscentias
3379 4658 3434 4707 et
3459 4652 3631 4706 servi-

2004 4797 2010 4802 .
2047 4747 2127 4802 les
2153 4746 2462 4815 voluptates
2484 4745 2753 4816 pertrahit
2772 4784 2788 4809 ,
2816 4743 2974 4814 quasi
2997 4758 3063 4799 ex
3095 4744 3314 4799 sublimi
3340 4750 3394 4799 et
3425 4745 3632 4802 altissi-

2047 4853 2137 4892 mo
2165 4837 2289 4893 loco
2318 4836 2583 4906 dejiciens
2618 4820 2766 4890 illam
2793 4853 2808 4902 ;
2839 4835 3072 4905 spiritus
3095 4851 3226 4890 vero
3257 4845 3448 4891 contra
3475 4837 3543 4893 ad
3570 4855 3630 4894 se

2050 4940 2268 4981 sursum
2304 4925 2506 4992 trahit,
2540 4931 2596 4979 et
2639 4924 2706 4978 ad
2748 4921 2917 4979 Deum
2968 4922 3226 4990 adducit,
3269 4925 3632 4996 hortaturque

2051 5023 2111 5071 ut
2141 5017 2431 5071 Dominum
2463 5023 2759 5083 memoret,
2791 5014 2898 5088 ipsi
2928 5017 3250 5083 benedicat,
3294 5019 3472 5090 ipsum
3517 5037 3630 5092 prae

2050 5110 2226 5166 oculis
2261 5125 2475 5178 semper
2503 5108 2702 5164 habeat
2728 5127 2741 5162 :
2776 5108 2861 5163 vel
2894 5108 3131 5164 fortasse
3159 5111 3455 5180 quemlibet
3483 5113 3631 5182 seip-

2053 5217 2171 5254 sum
2200 5200 2438 5254 excitare
2468 5214 2532 5254 ac
2566 5199 2678 5254 Deo
2703 5198 3028 5255 benedicere
3055 5200 3239 5269 jubet,
3281 5201 3486 5256 bonum
3522 5203 3626 5258 sibi

2053 5291 2118 5344 ad
2143 5291 2374 5346 salutem
2396 5306 2518 5346 esse
2535 5288 2646 5345 Deo
2663 5290 2986 5346 benedicere
3007 5305 3337 5361 proponens.
3358 5291 3426 5346 Et
3449 5295 3629 5348 omnia

2052 5383 2308 5436 interiora
2351 5399 2467 5436 mea
2505 5382 2709 5437 nomini
2749 5391 2937 5437 sancto
2979 5383 3117 5452 ejus.
3157 5382 3377 5439 Nomini
3410 5385 3630 5441 Domini

2053 5471 2374 5527 benedicere
2402 5471 2558 5540 jubet
2586 5469 2849 5526 interiora
2878 5487 3012 5538 sua,
3042 5473 3095 5527 id
3123 5481 3238 5540 est,
3267 5475 3631 5544 cogitationes

2056 5579 2185 5620 suas
2217 5577 2337 5634 quae
2381 5563 2450 5618 ab
2491 5562 2644 5618 intus
2671 5562 3010 5633 procedunt,
3046 5581 3277 5636 quarum
3312 5567 3512 5638 duplex
3548 5577 3633 5626 est

2056 5656 2229 5713 ordo:
2272 5655 2392 5712 alia:
2423 5655 2567 5711 enim
2600 5671 2783 5726 prava:
2818 5665 2981 5721 sunt,
3020 5674 3213 5729 nempe
3237 5700 3250 5724 ,
3285 5661 3492 5728 caedes,
3526 5661 3634 5717 for-
