4102 6396
471 333 610 388 i265

1174 327 1446 384 EUSEBII
1484 324 1962 383 CJESARIENSIS
1998 325 2146 382 OPP.
2192 325 2375 381 PARS
2404 323 2496 382 ili.
2525 359 2587 370 —
2629 326 3044 384 EXEGETICA.

3586 329 3725 383 1⁸264

466 449 772 505 nicationes
811 456 864 502 et
913 445 1055 500 furta
1103 451 1456 515 spectantes;
1498 445 1617 499 aliae
1655 460 1786 500 vero
1818 445 2042 500 urbanae

2146 444 2440 515 λογισμῶν,
2459 437 2533 498 ὧν
2558 444 2778 499 διπλοῦν
2804 447 2920 499 ἐστι
2948 443 3013 498 τὸ
3041 444 3226 515 τάγμα
3248 461 3260 474 ο
3283 445 3331 497 οἱ
3353 444 3450 514 μὲν
3471 444 3580 515 γὰρ
3600 461 3728 514 μοχ·

464 551 522 599 et
567 541 836 597 salutares
865 579 879 604 ,
929 553 1122 608 nempe
1171 537 1520 594 humanitas.
1574 539 1936 608 temperantia
1987 546 2043 594 et

465 631 853 687 communitas.
884 626 936 684 ls
971 629 1154 698 itaque
1185 627 1345 696 cujus
1379 628 1564 681 omnia
1601 626 1862 681 interiora
1892 635 2042 681 recta

465 730 598 782 sunt
643 733 698 778 et
748 729 937 792 parata
987 720 1054 774 ad
1106 718 1539 774 benedicendum
1591 720 1796 774 nomini
1849 725 2042 775 sancto

466 815 596 882 Dei,
641 815 887 870 interiori
930 829 1031 870 suo
1075 813 1272 868 aﬂ‘ectu
1312 822 1463 867 recte
1496 813 1690 876 utitur,
1726 812 1794 866 ad
1829 812 2039 882 gratia-

465 923 591 963 rum
626 907 872 973 actiones
909 907 1016 961 Deo
1045 905 1315 977 agendas,
1368 914 1529 975 atque
1561 905 1743 959 omnia
1779 904 2041 958 interiora

466 1016 568 1056 sua
602 1006 922 1064 consecrat,
973 1013 1272 1068 omnesque
1323 1000 1517 1052 anima:
1567 998 1800 1052 virtutes
1850 1003 1904 1050 et
1945 1010 2043 1050 co-

465 1090 761 1161 gitationes
793 1089 858 1143 ad
893 1089 1138 1143 divinum
1186 1089 1446 1161 hymnum
1493 1089 1752 1142 concitat.
1793 1088 1845 1142 Is
1893 1085 2039 1142 enim

465 1179 788 1241 ratiocinia,
825 1176 1226 1251 cogitationes,
1275 1194 1577 1248 omnesque
1604 1179 1771 1232 animi
1811 1185 2036 1242 motus,

461 1277 633 1340 atque
679 1269 862 1327 varias
912 1272 1031 1341 ejus
1083 1272 1313 1324 virtutes
1361 1269 1593 1323 advocat
1627 1309 1641 1336 ,
1692 1270 1800 1323 vim
1844 1283 2040 1339 nempe

467 1360 777 1435 cogitandi,
808 1362 1192 1426 discernendi,
1231 1361 1599 1431 respiciendi,
1635 1360 1828 1431 agendi
1850 1399 1864 1422 ,
1896 1359 2042 1413 ima-

459 1456 712 1523 .ginandi,
760 1455 1118 1520 recordandi,
1154 1462 1208 1510 et
1240 1454 1376 1509 alias
1410 1472 1425 1508 :
1457 1467 1584 1508 nam
1617 1454 1802 1507 multae
1837 1452 1892 1506 in
1924 1451 2046 1506 ani.

464 1563 554 1601 ma
606 1548 838 1602 virtutes
892 1547 1143 1618 variique
1196 1552 1377 1600 motus
1432 1552 1582 1599 sunt.
1644 1542 1825 1610 Quare
1878 1542 2040 1597 modo

458 1647 752 1694 strenuum
793 1636 1070 1708 quidpiam
1104 1640 1444 1707 cogitamus,
1491 1635 1654 1690 modo
1693 1631 2045 1703 concupisci-

459 1745 625 1793 mus,
670 1744 792 1783 mox
833 1727 1188 1796 iudicamus;
1236 1725 1532 1797 aliquando
1579 1725 1849 1795 quaepiam
1894 1724 2042 1780 desi-

2147 535 2302 607 θηροί
2325 537 2450 600 εἱσι,
2471 534 2640 604 φόνοι,
2675 538 2930 606 μοιχεῖαι,
2967 535 3194 588 κλοπαί·
3229 537 3276 589 οἱ
3311 535 3367 588 δὲ
3399 535 3600 587 ἀστεῖοι
3631 534 3728 587 καὶ

2147 628 2438 698 σωτήριοι,
2487 626 2886 697 φιλανθρωπία,
2921 625 3263 698 σωφροσύνη,
3301 626 3360 678 τὸ
3390 626 3723 681 κοινωνικόν.

2143 713 2215 790 '1}
2240 721 2420 772 τοίνυν
2451 720 2626 773 πάντα
2649 719 2717 772 τὰ
2737 718 2886 781 ἐντὸς
2907 719 3262 789 κατώρθωται
3289 720 3368 780 εἰς
3399 719 3727 788 ἑτοιμότητα

2143 811 2237 866 τοῦ
2279 811 2520 880 εὐλογεῖν
2553 811 2612 864 τὸ
2643 811 2819 881 ῦνομα
2847 810 2940 864 τοῦ
2973 810 3108 863 Θεοῦ
3144 810 3204 862 τὸ
3230 809 3404 877 ἅγιον,
3437 804 3594 871 οὗτος
3621 826 3725 862 κα-

2144 907 2250 970 λῶς
2303 905 2834 976 συμπαραλαμϐάνει
2882 904 2982 974 τὴν
3035 903 3181 956 ἔνδον
3222 902 3462 956 διάθεσιν
3509 904 3589 965 είς
3627 901 3727 972 τὴν

2143 996 2236 1050 τοῦ
2269 995 2403 1049 Θεοῦ
2440 995 2811 1067 εὐχαριστίαν,
2845 995 2940 1049 καὶ
2975 994 3157 1048 πάντα
3198 993 3266 1046 τὰ
3297 993 3448 1056 ἐντὸς
3482 991 3729 1064 καθιεροῖ

2143 1090 2239 1143 καὶ
2273 1091 2452 1153 πάσας
2492 1090 2589 1159 τῆς
2617 1089 2795 1160 ψυχῆς
2842 1088 2940 1150 τάς
2979 1087 3258 1158 δυνάμεις,
3305 1085 3399 1138 καὶ
3431 1085 3611 1138 πάντα
3641 1085 3730 1138 λο-

2143 1181 2339 1252 γισμὸν
2372 1183 2452 1246 εἱς
2475 1182 2564 1235 τὸν
2604 1181 2745 1235 θεῖον
2775 1180 2942 1251 ὕμνον
2975 1180 3252 1233 ἀνακινεῖ·
3289 1177 3438 1241 ἐντὸς
3461 1177 3572 1248 γὰρ
3601 1179 3728 1231 ὲκά-

2143 1275 2267 1327 λεσε
2297 1274 2424 1337 τοὺς
2445 1273 2741 1344 λογισμοὺς
2779 1272 2870 1324 καὶ
2897 1271 2994 1334 τὰς
3032 1270 3381 1340 ἐνθυμήσεις,
3426 1268 3520 1320 καὶ
3549 1267 3724 1320 πάντα

2143 1368 2244 1438 τῆς
2281 1367 2460 1438 ψυχῆς
2489 1365 2558 1419 τὰ
2593 1366 2866 1436 κινήματα
2893 1363 2988 1417 καὶ
3009 1363 3110 1424 τάς
3137 1362 3426 1432 διαφόρους
3468 1360 3725 1430 δυνάμεις

2144 1460 2334 1532 αὐτῆς,
2363 1459 2462 1530 τὴν
2481 1457 2758 1528 νοητικὴν,
2776 1457 2874 1528 τὴν
2889 1454 3257 1524 διανοητικὴν,
3272 1454 3372 1524 τὴν
3404 1452 3726 1523 βλεπτικὴν,

2142 1552 2241 1625 τὴν
2263 1549 2592 1623 ὁρμητικὴν,
2613 1549 2712 1620 τὴν
2733 1546 3121 1618 φανταστικὴν,
3147 1545 3245 1618 τὴν
3267 1562 3371 1617 μνη
3380 1544 3727 1616 μονευτικὴν,

2143 1645 2244 1709 τὰς
2285 1643 2481 1715 ἐτέρας
2499 1659 2512 1672 ·
2547 1640 2740 1694 πολλαὶ
2766 1639 2876 1708 γὰρ
2907 1639 3163 1710 δυνάμεις
3191 1638 3286 1692 καὶ
3312 1637 3544 1709 διάφορα
3573 1637 3731 1707 κινή-

2149 1754 2295 1809 ματα
2327 1738 2385 1790 ὲν
2400 1737 2465 1806 τῇ
2497 1733 2678 1804 ψυχῇ·
2709 1733 2828 1787 καθ’
2856 1732 2892 1787 ἀ
2926 1732 3055 1785 ποτε
3083 1731 3181 1802 μὲν
3219 1729 3503 1783 σπουδαῖόν
3530 1746 3583 1782 τι
3611 1727 3729 1780 δια-

465 1820 741 1882 deramus,
781 1817 1073 1889 aliquando
1107 1831 1470 1884 aversamur;
1523 1830 1586 1870 ac
1621 1831 1842 1872 rursum
1880 1815 2042 1870 modo

2147 1804 2588 1899 νοούμεθα,-ποτὲ
2622 1825 2678 1879 δὲ
2713 1823 3110 1894 ἐπιθυμοῦμεν,
3149 1822 3280 1875 ποτε
3323 1821 3379 1874 δὲ
3425 1819 3729 1891 ἐπιθυμού-

464 1912 648 1980 aliquo
710 1910 1028 1976 tendimus,
1087 1910 1251 1964 modo
1307 1909 1693 1975 declinamus;
1759 1908 2041 1962 interdum

2151 1919 2293 1991 μεθα
2316 1918 2413 1991 (1),
2447 1917 2576 1971 ποτὲ
2594 1916 2653 1970 δὲ
2677 1917 2964 1988 κρίνομεν·
2994 1915 3089 1968 καὶ
3107 1914 3296 1968 ἄλλοτε
3329 1913 3428 1983 μὲν
3462 1908 3733 1982 ἐφιέμεθα

463 2005 649 2058 maesti
690 2019 910 2070 sumus,
965 2010 1156 2074 postea
1197 2017 1328 2056 vero
1378 2001 1593 2072 pacati,
1636 2001 1744 2055 laeti
1787 2011 1843 2055 et
1889 2009 2044 2053 tran-

461 2096 640 2167 quilli.
689 2094 893 2153 Omnes
931 2097 1116 2166 itaque
1154 2093 1471 2164 hujusmodi
1513 2093 1708 2147 animae
1749 2091 2040 2147 facultates

463 2185 685 2240 divinus
727 2183 967 2255 Spiritus
1008 2185 1260 2239 hortatur
1301 2190 1362 2238 ut
1408 2183 1739 2238 henedicant
1783 2181 2036 2237 Domino.

459 2279 619 2345 Quod
654 2280 700 2332 si
735 2278 823 2331 cui
869 2291 1134 2348 corporeo
1176 2291 1328 2330 more
1366 2275 1578 2330 dictum
1623 2276 1878 2346 excipere
1920 2275 2040 2329 ani-

460 2389 588 2428 mus
623 2373 728 2436 sit,
759 2371 942 2436 dicat,
984 2370 1114 2440 quia
1155 2370 1345 2424 omnia
1384 2369 1632 2439 corporis
1681 2369 1856 2424 nostri
1902 2368 2043 2425 inte-

458 2465 612 2520 riora
641 2471 695 2518 et
721 2463 936 2519 viscera
977 2462 1413 2533 profundissima
1453 2460 1548 2516 Dei
1593 2461 1862 2531 sapientia
1907 2475 2041 2515 con-

463 2557 684 2610 cinnata
708 2561 836 2612 sunt
863 2597 877 2622 ,
911 2555 988 2609 ita
1014 2564 1073 2610 ut
1102 2554 1296 2611 inutile
1325 2553 1464 2608 nihil
1489 2553 1546 2607 in
1569 2553 1729 2609 nobis
1751 2552 1856 2615 sit,
1879 2561 2041 2621 atque

459 2649 556 2703 illa
590 2647 835 2704 omnium
869 2655 1058 2702 mutua
1092 2645 1391 2701 concordia
1421 2654 1474 2700 et
1502 2659 1811 2702 consensus
1846 2643 1913 2698 ad
1945 2643 2040 2698 Dei

461 2740 678 2795 laudem
711 2747 765 2795 et
799 2737 1238 2795 benedictionem
1273 2736 1562 2793 conferat:
1593 2737 1719 2806 jure
1755 2738 1860 2792 ista
1902 2751 2042 2807 quo-

461 2847 570 2903 que
598 2831 667 2887 ad
698 2831 810 2888 Deo
839 2830 1276 2887 benedicendum
1305 2831 1547 2887 evocari.
1597 2829 1656 2885 Si
1697 2831 1884 2902 itaque
1915 2831 2040 2885 ani-

459 2937 608 2977 mam
639 2923 815 2993 ipsam
845 2937 1111 2995 corporeo
1140 2937 1294 2977 more
1329 2937 1510 2978 sermo
1546 2920 1750 2992 etﬁngit
1774 2962 1788 2986 ,
1821 2930 1876 2977 et
1919 2937 2042 2976 cor-

458 3030 660 3086 poreas
715 3027 897 3086 partes
956 3015 1012 3069 in
1065 3029 1130 3070 ea
1184 3014 1437 3084 partibus
1495 3022 1719 3069 carente
1777 3014 2038 3084 reponit;

460 3117 648 3178 partes
673 3107 966 3164 attributas
1000 3107 1241 3170 animm,
1289 3121 1413 3176 quae
1462 3121 1596 3163 sane
1637 3108 1693 3162 in
1734 3115 1919 3178 partes
1959 3106 2042 3161 di-

2145 2031 2324 2078 τινων,
2356 2014 2540 2068 ἀλλοτε
2585 2012 2641 2065 δὲ
2671 2006 3129 2081 ἀποστρεφόμεθα
3150 2024 3165 2038 ·
3208 2007 3304 2060 καὶ
3332 2005 3492 2060 πάλιν
3535 2005 3726 2059 ἄλλοτε

2149 2106 2249 2176 μὲν
2305 2104 2597 2175 ὁρμῶμεν,
2650 2099 2837 2156 ἄλλοτε
2895 2099 2953 2152 δὲ
3021 2096 3342 2167 ἑκκλίνομεν
3374 2137 3389 2162 ,
3450 2094 3544 2147 καὶ
3597 2093 3730 2147 ποτὲ

2149 2199 2244 2269 μὲν
2290 2194 2609 2266 διακείμεθα
2656 2189 2950 2263 λυπηρῶς,
2999 2187 3232 2242 mea:
3281 2187 3528 2257 εὐμενεῖς
3562 2187 3730 2256 ἐσμεν

2144 2292 2238 2344 καὶ
2288 2289 2502 2359 φαιδροὶ
2547 2285 2640 2341 καὶ
2693 2285 2984 2356 ἀνειμένοι.
3052 2282 3241 2346 Πάσας
3301 2277 3394 2335 οὖν
3441 2277 3579 2350 ὁμοῦ
3629 2277 3732 2340 τάς

2143 2377 2397 2441 τοιαύτας
2449 2375 2547 2446 τῆς
2595 2374 2773 2444 ψυχῆς
2823 2373 3081 2442 δυνάμεις
3127 2371 3425 2442 προτρέπει
3474 2370 3534 2423 τὸ
3587 2369 3730 2422 θεῖον

2144 2471 2367 2541 Πνεῦμα
2439 2469 2679 2536 εὐλογεῖν
2757 2466 2849 2518 τὸν
2920 2465 3145 2536 Κύριον.
3230 2465 3292 2517 Εἱ
3352 2463 3408 2524 δὲ
3466 2462 3561 2516 καὶ
3626 2481 3732 2516 σω-

2147 2561 2515 2634 ματικὼτερον
2544 2558 2827 2630 βουληθείη
2858 2575 2942 2621 τις
2985 2557 3236 2610 ἐκλαϐεῖν
3256 2556 3350 2609 τὸν
3378 2555 3556 2624 λόγον,
3585 2554 3732 2608 εἴποι

2145 2657 2231 2718 ἂν,
2267 2655 2455 2726 ἐπειδὴ
2496 2655 2590 2708 καὶ
2617 2652 2709 2706 τοῦ
2737 2651 2989 2722 σώματος
3019 2649 3114 2704 τοῦ
3143 2650 3414 2720 ἡμετέρου
3449 2647 3628 2701 πάντα
3659 2649 3728 2701 τὰ

2144 2747 2292 2810 ἐντὸς
2318 2746 2526 2814 ἔγκατά
2557 2762 2616 2798 τε
2647 2746 2741 2798 καλ¹
2774 2743 3056 2814 σπλάγχνα
3085 2743 3360 2815 βαθυτάτῃ
3390 2741 3526 2795 Θεοῦ
3567 2741 3732 2812 σοφίᾳ

2143 2838 2613 2903 κατεσκεύασται,
2663 2839 2738 2901 ὼς
2790 2837 2955 2909 μηδὲν
2999 2837 3272 2908 ἄχρηστον
3324 2831 3461 2890 εἶναι
3503 2834 3612 2887 τῶν
3669 2835 3729 2885 ὲν

2145 2932 2296 3002 ἡμῖν,
2324 2930 2728 3002 συμϐάλλεσθαι
2755 2929 2812 2983 δὲ
2838 2931 2905 3000 τῇ
2933 2929 3028 2982 τοῦ
3059 2927 3192 2982 Θεοῦ
3225 2925 3503 2998 δοξολογίᾳ
3543 2942 3602 2977 τε
3633 2923 3730 2977 καὶ

2144 3023 2364 3094 εὐλογίᾳ
2407 3024 2506 3093 τὴν
2555 3022 2690 3094 ὁμοῦ
2727 3022 2943 3076 πάντων
2985 3021 3122 3091 πρὸς
3159 3019 3363 3091 ἄλληλα
3411 3018 3728 3088 συμφωνίαν

2141 3130 2202 3166 τε
2237 3113 2331 3166 καὶ
2383 3113 2669 3184 ἁρμονίαν,
2720 3111 2944 3175 εἰκότως
2991 3111 3085 3163 καὶ
3132 3110 3306 3163 ταῦτα
3353 3109 3446 3162 ἐπὶ
3486 3108 3585 3179 τὴν
3632 3105 3728 3159 τοῦ

457 3197 694 3256 visibilis
725 3199 837 3252 non
863 3203 984 3261 est,
1021 3196 1130 3250 alio
1171 3198 1280 3250 ritu
1324 3198 1728 3266 cogitabimus;
1763 3205 2042 3266 caputque

2146 3203 2281 3258 Θεοῦ
2309 3203 2558 3272 εὐλογίαν
2587 3203 2870 3274 κέκληται.
2904 3201 2968 3255 Εἱ
2997 3201 3180 3271 μέντοι
3213 3201 3313 3271 τὴν
3343 3200 3522 3269 ψυχὴν
3559 3199 3730 3270 αὐτὴν

457 3289 708 3343 dicemus
733 3327 747 3352 ,
782 3297 1014 3342 mentem
1041 3305 1056 3354 ;
1089 3287 1289 3341 collum
1322 3286 1668 3356 opinionem,
1701 3295 1890 3358 utpote
1924 3301 2046 3357 quae

466 3396 569 3435 ceu
612 3379 936 3435 intermedia
968 3379 1040 3433 sit
1087 3378 1229 3432 inter
1272 3378 1600 3434 rationabile
1648 3386 1702 3432 et
1751 3377 2047 3432 irrationa-

467 3472 618 3540 bile;
672 3479 898 3543 pectus,
957 3471 1248 3534 animum;
1309 3481 1590 3536 ventrem,
1649 3470 2046 3540 concupiscen-

467 3569 598 3619 tiam
652 3584 667 3622 :
723 3566 916 3619 harum
972 3565 1210 3634 partium
1245 3562 1561 3620 nominibus
1619 3577 1720 3618 ceu
1780 3564 2043 3617 virtutum

464 3657 806 3728 singularum
843 3655 1107 3727 symbolis
1142 3655 1250 3712 usi.

534 3919 702 3975 Vens.
743 3919 874 3973 2-4.
918 3917 1185 3984 Benedic,
1236 3918 1420 3972 anima
1467 3935 1623 3983 mea,
1672 3917 1941 3983 Domino,
1994 3929 2043 3974 et

462 4009 573 4065 uolt
603 4009 841 4064 oblivisci
885 4024 1064 4063 omnes
1107 4010 1478 4064 retributiones
1523 4009 1658 4079 ejus.
1711 4009 1816 4076 Qui
1859 4013 2042 4079 propi-

465 4104 627 4157 tiatur
656 4101 896 4155 omnibus
926 4101 1293 4172 iniquitatibus
1318 4103 1443 4169 luis,
1465 4102 1556 4172 qui
1579 4113 1735 4156 sanat
1759 4119 1935 4157 omnes
1959 4104 2044 4157 in-

463 4192 745 4261 ﬁrmitates
774 4202 892 4245 tuas
917 4209 935 4246 :
967 4193 1057 4262 qui
1079 4191 1289 4246 redimit
1321 4191 1384 4245 de
1415 4193 1636 4246 interitu
1667 4194 1829 4247 vitam
1861 4204 2041 4262 tuam,

461 4284 552 4353 qui
581 4294 798 4338 coronat
832 4295 878 4338 te
908 4284 964 4336 in
998 4283 1363 4338 misericordia
1392 4293 1440 4337 et
1471 4285 1920 4339 miserationibus.
1952 4285 2046 4339 Ha!

464 4384 594 4430 sunt
634 4376 1024 4430 retributiones
1076 4376 1233 4430 nobis
1279 4391 1310 4429 a
1357 4376 1466 4431 Deo
1507 4390 1825 4431 concessae:
1856 4377 2043 4432 Primo

2148 3295 2524 3366 σωματοειδῶς
2569 3296 2599 3347 ὁ
2635 3293 2790 3361 λόγος
2831 3292 3078 3355 πλάττει,
3110 3291 3205 3344 καὶ
3246 3291 3392 3362 μέρη
3433 3291 3723 3359 σωματικά

2145 3387 2210 3455 τῇ
2246 3385 2442 3454 ἀμερεῖ
2489 3378 2865 3451 περιπλάττει,
2917 3379 3120 3449 ἑτέρως
3161 3380 3426 3448 νοήσομεν
3469 3379 3555 3430 ἐπ’
3587 3380 3724 3448 αὐτῇ

2146 3475 2214 3528 τά
2243 3472 2633 3544 περιτιθέμενα
2676 3472 2816 3542 μέρη
2859 3474 2926 3544 τῇ
2960 3471 3196 3541 ἀμερείᾳ
3235 3473 3300 3539 τῇ
3341 3468 3482 3522 κατά
3525 3469 3725 3540 ψυχὴν,

2145 3562 2361 3625 οἰκείως
2405 3561 2646 3631 κεφαλὴν
2694 3560 2791 3631 μὲν
2819 3561 2910 3613 τὸν
2936 3560 3083 3625 νοῦν,
3129 3560 3331 3629 αὐχένα
3357 3559 3413 3611 δὲ
3445 3559 3543 3631 τὴν
3572 3560 3729 3624 δόξαν

2146 3655 2222 3718 ὡς
2253 3656 2311 3707 ὲν
2347 3654 2500 3725 μέσῳ
2529 3652 2747 3721 λογικοῦ
2784 3654 2880 3705 καὶ
2911 3651 3108 3721 ἀλόγου
3133 3667 3147 3682 ⁸
3187 3652 3380 3723 στῆθος
3414 3653 3504 3706 τὸν
3537 3652 3728 3723 θυμὸν,

2146 3746 2388 3816 γαστέρα
2409 3746 2505 3816 τὴν
2552 3744 2880 3815 ἐπιθυμίαν,
2929 3747 3041 3808 τοῖς
3092 3743 3201 3796 τῶν
3260 3743 3443 3816 μερῶν
3503 3744 3730 3816 ὀνόμασι

2148 3838 2434 3911 συμϐόλοις
2467 3837 2573 3892 τῶν
2594 3837 2877 3908 δυνάμεων
2901 3835 3192 3910 χρώμενοι.

2212 3930 2487 3999 Εῠλόγει,
2542 3930 2582 3998 ἠ
2625 3928 2796 3999 ψυχή
2849 3947 2990 3999 μου,
3041 3930 3149 3984 τὸν
3197 3930 3448 3998 Κύριον,
3506 3929 3605 3983 καὶ
3642 3927 3730 3999 μὴ

2145 4021 2552 4077 ἐπιλανθάνου
2583 4022 2692 4087 τὰς
2737 4022 3181 4088 ἀνταποδόσεις
3223 4022 3433 4077 αὐτοῦ.
3469 4020 3584 4076 Τὸν
3621 4023 3735 4075 εὺτκ

2146 4117 2479 4170 λατεύοντα
2514 4115 2741 4180 πάσαις
2777 4114 2908 4180 ταῖς
2944 4115 3220 4183 ἀνομίαις
3249 4129 3386 4179 σου,
3422 4112 3530 4165 τὸν
3566 4112 3733 4182 ἰώμε-

2145 4223 2258 4260 νον
2284 4205 2488 4272 πάσας
2521 4209 2630 4272 τὰς
2669 4207 2894 4273 νόσους
2915 4222 3052 4272 σου,
3089 4206 3197 4259 τόν
3227 4206 3638 4274 λυτρούμενον
3663 4206 3734 4259 ἐκ

2147 4295 2373 4365 φθορᾶς
2415 4296 2533 4365 τὴν
2574 4295 2728 4366 ζωήν
2762 4315 2901 4364 σου,
2927 4298 3038 4352 τὸν
3080 4297 3502 4367 στεφανοῦντά
3539 4315 3614 4352 σε
3660 4298 3732 4352 ἐν

2146 4386 2298 4441 ἐλέει
2333 4388 2433 4441 καὶ
2463 4389 2802 4458 οἱκτιρμοῖς.
2821 4383 2989 4444 Δῦταί
3012 4391 3148 4442 εἰσιν
3172 4391 3227 4442 αἱ
3270 4391 3397 4462 περὶ
3428 4391 3575 4461 ἡμᾶς
3609 4391 3734 4443 ἀντ-

464 4467 906 4539 propitiationem
935 4468 1122 4538 posuit
1150 4483 1250 4538 pro
1288 4469 1530 4538 peccatis
1561 4471 1768 4525 nostris
1788 4512 1803 4537 ,
1835 4485 1956 4540 quae
1987 4470 2042 4524 in

2149 4478 2436 4544 ἀποδόσεις
2487 4479 2582 4533 τοῦ
2621 4479 2756 4533 Θεοῦ
2782 4497 2795 4510 ⁸
2849 4480 3074 4552 Πρῶτον
3122 4481 3350 4552 ἱλασμὸν
3413 4481 3591 4535 ἐθεικε
3623 4480 3734 4536 τῶν

464 4574 652 4614 errore
699 4567 754 4614 et
804 4559 1116 4614 idololatria
1155 4559 1523 4615 admisimus:
1571 4561 1912 4632 singulisque
1951 4575 2048 4615 eo-

465 4664 586 4703 rum
615 4649 887 4720 propitius
911 4650 1001 4704 ille
1027 4648 1160 4714 fuit,
1189 4649 1643 4719 supplicationem
1675 4660 2007 4722 praeverteris
2028 4688 2044 4715 ,

466 4741 791 4810 veniamque
815 4741 1064 4796 tribuens
1095 4756 1190 4811 per
1213 4741 1654 4811 propitiationem
1697 4759 1852 4799 suam
1874 4784 1887 4808 ,
1921 4759 2044 4814 quae

468 4838 554 4888 est
580 4831 874 4898 Christus;
907 4832 1181 4898 secundo,
1213 4834 1340 4903 quia
1387 4833 1552 4888 etiam
1593 4843 1716 4903 post
1765 4835 2046 4890 remissio-

466 4933 594 4975 nem
625 4925 708 4984 te,
740 4934 772 4973 o
803 4921 1014 4986 anima,
1063 4920 1331 4977 inﬁrmari
1372 4923 1631 4994 contigit,
1665 4925 1721 4980 in
1765 4925 2040 4981 humanos

469 5012 702 5068 aifectus
751 5012 1073 5083 delapsam:
1123 5022 1178 5072 et
1228 5016 1326 5072 has
1372 5018 1725 5088 aegritudines
1782 5019 2044 5076 Servatur

467 5106 888 5162 rationabilibus
942 5115 997 5162 et
1053 5108 1437 5178 spiritualibus
1485 5110 1778 5178 remediis,
1821 5129 1945 5183 quae
1987 5115 2042 5167 in

469 5200 673 5256 divinis
718 5201 840 5270 ejus
884 5200 1184 5272 Scripturis
1223 5201 1450 5256 fundata
1491 5213 1655 5270 sunt,
1690 5207 1944 5270 curavit;
1975 5207 2047 5262 ad

470 5290 586 5348 haec
636 5293 832 5359 tertio,
882 5295 1051 5347 vitam
1099 5301 1251 5349 tuam
1283 5336 1296 5356 ,
1351 5312 1472 5366 quae
1523 5298 1579 5350 in
1632 5298 2045 5367 corruptionem

469 5395 732 5451 cessura,
781 5396 834 5444 et
881 5404 912 5443 a
957 5396 1132 5445 marte
1177 5391 1522 5446 absorbenda
1571 5401 1688 5454 est,
1742 5391 2043 5446 secundum

474 5477 639 5543 illud,
672 5480 867 5534 Anima
901 5499 1017 5552 qum
1050 5486 1334 5552 peccaverit
1355 5523 1370 5547 ,
1407 5485 1525 5552 ipsa
1557 5484 1812 5536 morietur
1841 5485 1907 5547 ³⁸,
1945 5484 2047 5537 mi-

475 5571 786 5625 sericordia:
817 5588 930 5627 sua:
962 5583 1386 5630 consentaneam
1419 5591 1532 5631 rem
1568 5591 1734 5647 agens
1757 5617 1772 5642 ,
1806 5592 1872 5631 ac
1904 5592 2049 5646 pra:-

546 5681 590 5711 ²⁸
630 5680 824 5737 Ezech.
863 5701 1024 5749 xvm,
1059 5687 1111 5740 4.

2149 4573 2434 4645 ἡμετέρων
2463 4574 2768 4647 ἁμαρτιῶν,
2798 4573 2864 4637 ἃς
2890 4577 2948 4629 ὲν
2983 4573 3160 4647 πλάνῃ
3195 4575 3290 4628 καὶ
3319 4574 3737 4646 εἱδωλολατρείᾳ

2147 4664 2591 4738 διεπραξάμεθα’
2644 4667 2738 4720 καὶ
2785 4666 2942 4731 ἵλεως
2990 4667 3194 4737 ἑκάστῃ
3244 4666 3449 4719 τούτων
3494 4667 3732 4735 ἐγένετο,

2151 4757 2438 4829 προλαϐὼν
2471 4760 2651 4812 πᾶσαν
2681 4759 2964 4830 ἱκετηρίαν
3001 4761 3095 4812 καὶ
3127 4759 3224 4830 τὴν
3254 4759 3447 4828 ἄφεσιν
3491 4759 3612 4823 δοὺς
3645 4759 3737 4814 διὰ

2149 4848 2242 4901 τοῦ
2279 4849 2507 4920 ἱλασμοῦ
2552 4850 2738 4915 αὐτοῦ,
2775 4851 2834 4914 ὃς
2883 4853 2998 4905 ἐστι
3047 4852 3312 4922 Χριστός·
3365 4852 3617 4924 δεύτερον
3655 4853 3734 4914 δὲ,

2149 4940 2336 5012 ἐπειδὴ
2383 4942 2474 4994 καὶ
2508 4940 2645 5011 μετά
2688 4941 2784 5013 τὴν
2838 4943 3034 5013 ἄφεσιν
3087 4943 3285 5012 συνέϐη
3341 4961 3400 4996 σε
3455 4949 3650 5009 νοσεῖν,
3690 4939 3736 4996 ὦ

2149 5034 2317 5104 ψυχὴ,
2353 5035 2790 5106 ὐπολισθήσασαν
2818 5041 2931 5100 τοῖς
2971 5037 3332 5108 ἀνθρωπίνοις
3374 5038 3592 5103 πάθεσι,
3641 5042 3738 5093 καὶ

2151 5128 2353 5191 ταύτας
2423 5127 2522 5192 τὰς
2592 5128 2781 5192 νόσους
2851 5131 2880 5184 ὁ
2945 5129 3136 5202 Σωτὴρ
3192 5131 3288 5184 καὶ
3349 5131 3586 5199 λογικοῖς
3644 5132 3740 5185 καὶ

2153 5216 2439 5288 σωτηρίοις
2472 5218 2805 5289 φαρμάκοις,
2834 5222 2948 5282 τοῖς
2972 5221 3030 5273 ὲν
3056 5223 3173 5284 ταῖς
3207 5219 3379 5284 θείαις
3404 5221 3568 5273 αὐτοῦ
3595 5222 3739 5289 Γρα-

2152 5309 2279 5374 φαῖς
2311 5308 2824 5380 καταϐεϐλημένοις,
2859 5309 3190 5380 ἐθεράπευσε
3217 5327 3230 5341 ·
3259 5311 3442 5380 τρίτον
3488 5312 3580 5366 ἐπὶ
3613 5310 3739 5363 τού-

2155 5415 2268 5460 τοις
2313 5398 2410 5470 τὴν
2459 5397 2604 5471 ζωήν
2656 5417 2748 5453 σου
2805 5400 3102 5471 μέλλουσαν
3154 5405 3352 5474 χωρεῖν
3385 5403 3464 5464 εἰς
3504 5401 3734 5472 φθοράν,

2156 5491 2250 5543 καὶ
2282 5491 2674 5545 καταπίνεσθαι
2699 5493 2804 5546 ὑπὸ
2850 5492 2944 5546 τοῦ
2979 5493 3233 5559 θανάτου,
3275 5495 3416 5550 κατὰ
3446 5497 3527 5557 τὸ,
3557 5494 3736 5564 Ψυχὴ

2155 5583 2194 5650 ἡ
2235 5581 2609 5652 ἁμαρτοῦσα,
2663 5583 2816 5654 αὐτὴ
2875 5585 3279 5656 ἀποθανεῖται,
3343 5587 3611 5643 ἀκόλουθα
3658 5587 3738 5659 τῷ

545 5776 623 5847 (1)
675 5776 1166 5851 Ἐπιθιιμοῦμεν...
1197 5785 1654 5854 ἐπιθυμοινμεθα.
1695 5786 2030 5842 Alterutrum

2146 5787 2367 5844 [undare
2402 5787 2633 5844 videtur.
2669 5787 2823 5844 Eon.
2866 5789 3106 5845 Pnaoc.
