4102 6392
364 404 502 460 1:235

1445 401 1952 459 COMMENTARIA
1988 401 2058 458 ΙΝ
2095 399 2433 457 PSALMOS.

3475 405 3613 461 1‘266

366 518 532 572 αῷτοῦ
565 516 821 588 πράττων
864 513 1019 585 ἐλέῳ,
1066 513 1237 585 λύτρα
1265 513 1388 577 δοὺς
1419 513 1561 585 ὑπὲρ
1596 512 1689 566 σοῦ
1730 513 1807 584 τῷ
1844 512 1941 567 θαι

2058 516 2214 568 mium
2246 528 2346 584 pro
2379 520 2431 568 te
2463 510 2626 566 morti
2660 513 2980 583 sanguinem
3006 513 3282 586 Unigeniti
3330 516 3613 583 tribuens,

361 609 508 679 νάτῳ
534 609 594 660 τὸ
610 609 702 661 τοῦ
721 605 1057 674 Μονογενοῦς
1078 601 1236 675 αἷμα,
1267 604 1390 657 ὲλυτ
1399 604 1610 677 ρώσατο
1627 622 1640 636 ’
1659 605 1939 677 τέταρτον,

361 700 536 771 οἰκείᾳ
571 696 950 769 φιλανθρωπίᾳ
994 696 1087 748 καὶ
1120 694 1254 748 ἐλέει
1283 695 1377 748 καὶ
1402 697 1706 767 οίκτιρμοῖς
1726 695 1945 767 χρώμε-

359 808 467 852 νος,
502 790 625 842 ἐπεὶ
653 789 714 855 ἐξ
753 789 929 860 ἔργων
958 788 1130 852 οὐδεὶς
1163 787 1489 852 δικαιοῦται,
1516 787 1858 857 ἐστεφάνωσέ
1883 805 1943 841 σε

357 880 435 952 τῷ
465 881 565 952 τῆς
596 879 867 943 υἱοθεσίας
907 878 1227 952 χαρίσματι.
1277 880 1387 933 Καὶ
1437 878 1623 941 ἁπλῶς
1666 874 1820 943 οὗτός
1860 896 1944 933 σοι

359 975 658 1046 δεδώρηται
700 973 809 1027 τῶν
843 974 1253 1045 ἁμαρτημάτων
1284 972 1380 1045 τὴν
1412 972 1627 1042 ἄφεσιν,
1660 963 1816 1036 οὗτός
1861 989 1943 1026 σοι

361 1068 657 1139 δεδώρηται
702 1066 810 1120 τῶν
860 1065 1048 1120 παθῶν
1087 1065 1186 1137 τὴν
1234 1065 1401 1132 ἴασιν,
1447 1065 1547 1136 τῆς
1594 1066 1944 1130 ἀναστάσεως

362 1161 462 1231 τὴν
487 1159 700 1222 ἐλπίδα,
743 1157 835 1212 τὸν
864 1156 1161 1229 ἀρραϐῶνα
1193 1156 1287 1211 τοῦ
1330 1156 1671 1229 Πνεύματος,
1714 1159 1809 1211 καὶ
1853 1157 1946 1211 τὸν

360 1251 463 1321 τῆς
487 1249 791 1320 ἀφθαρσίας
835 1249 1037 1320 χιτῶνα
1064 1248 1299 1314 ἐνέδυσε,
1344 1250 1441 1303 καὶ
1485 1249 1667 1322 χάριτι
1713 1249 1944 1307 σέσωκε.

361 1342 598 1409 Χάριτος
650 1342 759 1412 γὰρ
811 1342 906 1395 καὶ
953 1340 1363 1415 φιλανθρωπίας
1415 1342 1444 1393 ὁ
1496 1342 1780 1411 στέφανος.
1836 1342 1948 1397 Καὶ

253 1454 261 1462 ·
363 1433 536 1488 ταῦτα
570 1433 747 1487 πάντα
779 1434 905 1487 ἕδνα
934 1433 1029 1487 τοῦ
1055 1433 1289 1504 νυμφίου
1323 1437 1419 1487 καὶ
1440 1434 1617 1506 δῶρα·
1637 1434 1820 1489 πίστιν
1839 1434 1949 1506 γὰρ

364 1526 399 1597 ἡ
430 1524 617 1596 νύμφη
645 1526 1012 1596 προσενήνοχε
1069 1526 1248 1597 μόνον.
1269 1526 1343 1581 Οὐ
1373 1527 1533 1598 μόνον
1566 1525 1645 1589 δὲ,
1680 1525 1818 1579 ἀλλά
1855 1528 1950 1581 καὶ

363 1615 751 1686 πνευματικῶν
796 1614 1020 1683 ἀγαθῶν
1070 1632 1130 1669 σε
1172 1615 1555 1687 ένέπλησεν,ἢ
1603 1615 1700 1670 καὶ
1744 1616 1843 1687 τὴν
1889 1618 1949 1671 έν

364 1706 590 1777 ἀγαθοῖς
626 1707 921 1779 ἐπιθυμίαν
954 1725 1048 1761 σου
1079 1707 1415 1780 ἐπλήρωσεν,
1450 1708 1510 1773 ὃς
1530 1710 1627 1780 τήν
1650 1725 1713 1779 γε
1737 1709 1949 1782 ψυκτὴν

364 1798 546 1869 ψυχὴν
571 1797 928 1869 ἀπαγορεύει,
950 1797 1135 1851 δίδωσι
1160 1798 1217 1850 δὲ
1245 1796 1427 1867 ἀγαθά
1451 1799 1564 1863 τοῖς
1591 1799 1831 1854 αἰτοῦσιν
1852 1800 1951 1855 αὐ-

363 1863 478 1941 τόνξ
502 1863 575 1940 Ἐι
606 1886 662 1940 δὲ
702 1863 886 1956 sicut
917 1888 1057 1942 κατά
1089 1863 1304 1942 ταύτδν·
1323 1887 1448 1941 tam
1500 1887 1802 1961 παθήματα
1855 1891 1951 1951 και
1984 1863 2025 1917 Β

363 1981 741 2052 ἁμαρτήματα
783 1980 1038 2050 λυόμενα,
1068 1978 1215 2051 ἔχεις
1251 1981 1343 2033 τὸν
1370 1981 1676 2053 παράλυτον
1729 1982 1832 2052 τῆς
1871 1982 1953 2036 διο

366 2072 507 2144 πλῆς
549 2071 756 2143 ταύτης
809 2071 1196 2128 ἀπολαύσαντα
1246 2073 1470 2145 χάριτος
1500 2091 1514 2105 ⁸
1570 2076 1770 2146 ἤκουσε
1818 2075 1950 2147 γὰρ,

350 2163 694 2233 ἾἏφέωνταί
725 2179 825 2219 σοι
855 2175 914 2218 αι
960 2166 1238 2234 ἁμαρτίαι
1275 2181 1413 2232 σου,
1473 2168 1587 2232 καὶ,
1616 2164 1797 2237 Ἆρον
1847 2168 1954 2224 τὸν

364 2255 702 2325 κράϐὄατόν
729 2273 847 2313 σου
868 2274 881 2289 ο
912 2257 1087 2324 οὕτως
1115 2263 1150 2332 ἡ
1178 2260 1500 2333 ἁμαρτωλὸς
1528 2260 1665 2334 γυνὴ
1686 2261 1954 2334 τετύχηκε

365 2346 468 2418 τῆς
504 2347 775 2418 ἀφέσεως,
813 2351 842 2404 ό
870 2349 1097 2424 λῃστὴς,
1126 2354 1177 2407 οἱ
1198 2352 1453 2419 τελῶναι,
1486 2352 1675 2418 ἁπλῶς
1716 2354 1952 2422 ἅπαντες

366 2438 418 2492 οἱ
448 2440 857 2506 πιστεύσαντες.

445 2530 556 2585 Τόν
577 2531 1010 2601 ἑμπιμπλῶντα
1055 2532 1127 2590 ἐν
1178 2534 1424 2605 ἀγαθοῖς
1476 2537 1593 2606 τὴν
1637 2538 1956 2610 ἐπιθυμίαν

367 2638 507 2688 σου,
540 2624 1113 2692 ἀνακαινισθήσεται
1154 2626 1238 2694 ὡς
1270 2628 1450 2684 ἀετοῦ
1484 2630 1526 2697 ἡ
1557 2634 1770 2700 νεότης
1800 2648 1918 2687 σου
1935 2647 1951 2663 ⁸

369 2712 513 2768 ῶστε
537 2714 981 2778 ἀνακαινίζεσθαι
1006 2717 1180 2789 αὐτὴν
1219 2718 1314 2772 τὸν
1345 2719 1573 2774 παλαιὸν
1610 2722 1956 2795 ἀποθεμένην

368 2804 677 2876 ἄνθρωπον,
716 2806 810 2861 τὸν
840 2807 899 2862 δὲ
920 2807 1059 2874 νέον,
1088 2808 1180 2864 τὸν
1221 2810 1680 2883 ἀνακαινούμενον
1720 2816 1802 2878 είς
1836 2815 1957 2869 ἐπί-

369 2913 573 2965 γνωσιν
604 2897 697 2952 τοῦ
724 2899 1009 2964 κτίσαντος
1037 2900 1218 2967 αὐτὸν,
1255 2901 1659 2973 λαμϐάνουσαν.
1696 2904 1854 2960 Οὕτω
1876 2906 1954 2973 δὲ,

370 2987 560 3059 φησὶν,
603 2992 638 3061 ἡ
678 2990 869 3062 νεότης
927 3007 1022 3045 σου
1046 2992 1594 3064 ἀνακαινισθήσεται,
1627 2995 1703 3059 ὡς
1758 2998 1956 3069 μηκέτι

372 3079 755 3144 παλαιοῦσθαι,
789 3081 924 3153 μηδὲ
964 3083 1045 3146 είς
1096 3082 1306 3156 φθορὰν
1334 3081 1490 3149 αὖθις
1527 3089 1744 3158 χωρεῖν,
1781 3089 1957 3143 ἀεὶδὲ

2046 604 2338 671 liberavit;
2366 610 2565 673 quarto
2583 644 2598 667 ,
2630 604 2850 674 propria
2878 605 3164 661 clementia
3186 646 3202 670 ,
3234 608 3617 664 misericordia

2046 705 2103 754 et
2131 696 2579 753 miserationibus
2608 710 2765 761 usus,
2799 698 2931 766 quia
2961 714 3123 752 nemo
3151 715 3217 753 ex
3248 701 3508 770 operibus
3526 702 3629 771 jus

2046 788 2340 854 stiﬁcatur,
2374 788 2687 860 adoptionis
2714 797 2768 845 te
2796 790 2975 861 gratia
3005 793 3311 848 coronavit.
3363 792 3422 847 In
3467 809 3619 849 sum-

2043 896 2155 946 sna,
2201 880 2291 936 hic
2335 890 2388 937 te
2434 888 2782 950 peccatorum
2811 879 2973 935 venia
3006 880 3257 949 donavit,
3301 887 3618 942 morborum

2047 975 2215 1030 animi
2245 974 2510 1030 medelam
2543 974 2769 1040 tribuit,
2805 989 3018 1030 necnon
3061 991 3213 1046 spem
3260 981 3622 1036 resurrectio-

2044 1068 2168 1133 nis,
2220 1068 2417 1140 pignus
2457 1065 2733 1138 Spiritus:
2782 1081 2847 1122 ac
2890 1074 2946 1123 te
2986 1067 3419 1139 incorruptionis
3471 1080 3622 1127 veste

2046 1159 2262 1223 induit,
2293 1160 2468 1231 gratia
2498 1172 2600 1214 sua
2626 1159 2838 1214 salvum
2872 1158 3023 1214 fecit.
3057 1158 3193 1214 Nam
3228 1163 3416 1231 gratiae
3440 1169 3496 1217 et
3519 1164 3625 1217 cle-

2046 1252 2266 1308 mentite
2316 1265 2520 1308 corona
2575 1257 2682 1309 est.
2740 1250 2918 1321 Atque
2974 1251 3089 1307 haec
3144 1253 3364 1320 omnia,
3420 1254 3626 1310 dotalia

2046 1346 2237 1416 sponsi
2264 1360 2493 1401 munera
2524 1350 2581 1400 et
2607 1343 2751 1400 dona
2780 1352 2910 1399 sunt
2936 1362 2950 1398 :
2983 1359 3188 1414 sponsa
3220 1346 3424 1417 quippe
3451 1348 3627 1403 solam

2049 1436 2213 1495 ﬁdem
2250 1436 2468 1491 obtulit.
2512 1434 2702 1508 Neque
2736 1436 2912 1493 solum
2949 1436 3060 1493 illis
3085 1475 3103 1502 ,
3136 1437 3239 1494 sed
3264 1439 3428 1495 etiam
3460 1439 3627 1510 spiri-

2048 1529 2295 1586 tualibus
2322 1529 2482 1589 bonis
2510 1537 2564 1584 te
2591 1529 2822 1600 replevit
2848 1547 2865 1598 ;
2902 1530 3018 1585 sive
3047 1530 3214 1586 etiam
3248 1538 3345 1587 tuo
3383 1533 3441 1588 in
3470 1534 3631 1590 bonis

2004 1690 2013 1698 _
2049 1621 2325 1679 desiderio
2377 1621 2679 1688 satisfecit,
2735 1621 2831 1692 qui
2885 1621 3136 1692 frigidam
3181 1623 3420 1679 animam
3465 1641 3631 1696 repu-

2048 1712 2199 1777 diat,
2232 1711 2378 1766 bona
2403 1726 2534 1767 vero
2568 1711 2884 1782 petentibus
2913 1726 2972 1766 se
3004 1711 3217 1767 tribuit.
3257 1710 3418 1778 Quod
3450 1716 3495 1771 si
3528 1733 3631 1772 vo—

2051 1804 2223 1861 lueris
2251 1803 2477 1861 morbos
2507 1803 2673 1860 simul
2703 1811 2759 1858 et
2793 1811 3016 1874 peccata
3053 1804 3235 1860 soluta
3269 1805 3492 1875 videre,
3529 1808 3631 1864 lia-

2051 1896 2147 1952 bes
2173 1896 2536 1968 paralyticum
2569 1895 2672 1951 hac
2696 1896 2900 1967 duplici
2930 1897 3105 1966 gratia
3133 1896 3395 1952 donatum
3426 1917 3442 1967 ;
3476 1902 3635 1960 audi-

2050 1990 2131 2042 vit
2156 1987 2341 2051 enim,
2380 1985 2740 2043 Dimittuntur
2792 1986 2889 2040 tibi
2937 1997 3155 2056 peccatu
3197 1998 3327 2055 tua,
3374 1998 3450 2055 et,
3484 1990 3653 2048 Totie-

2055 2079 2339 2151 grabubtm
2369 2088 2518 2133 tuum
2546 2079 2631 2133 υς
2665 2079 2746 2133 sic
2792 2080 3073 2149 peccatrix
3109 2080 3309 2136 mulier
3351 2082 3633 2138 remissio-

2051 2188 2179 2229 nem
2225 2178 2524 2229 consecuta
2566 2178 2685 2237 est;
2727 2171 2809 2226 sic
2848 2170 3024 2237 latro,
3064 2170 3385 2242 publicani,
3426 2187 3492 2229 ac
3537 2173 3649 2229 dea

2053 2280 2204 2320 mum
2236 2279 2430 2321 omnes
2460 2263 2556 2335 qui
2587 2261 2956 2319 crediderunt.

2126 2527 2297 2584 Vnus.
2338 2529 2392 2583 5.
2435 2528 2541 2595 Qui
2583 2529 2745 2599 reptet
2784 2531 2843 2584 in
2887 2530 3038 2585 bonis
3081 2531 3404 2587 desiderium
3446 2540 3594 2587 tuum
3611 2570 3652 2601 ,.

2056 2619 2394 2675 renouabitur
2434 2628 2494 2673 ut
2532 2620 2727 2690 aquin
2766 2620 3009 2688 iuventus
3060 2628 3196 2686 tua;
3244 2621 3320 2677 ita
3364 2628 3422 2677 ut
3464 2624 3645 2694 priori,

2054 2709 2308 2782 deposito
2337 2710 2590 2776 homine,
2622 2726 2687 2768 ac
2709 2727 2887 2781 novo,
2915 2713 3009 2783 qui
3032 2720 3331 2768 renovatur
3352 2713 3419 2769 ad
3447 2714 3638 2785 cogni-

2056 2804 2264 2858 tionem
2296 2802 2575 2859 Creatoris
2606 2803 2693 2859 sui
2712 2842 2728 2869 ,
2759 2803 3054 2876 adjuncto,
3085 2791 3149 2861 eti
3170 2804 3287 2875 ipsa
3318 2814 3632 2865 renovetur.

2060 2897 2152 2952 Sic
2166 2906 2370 2962 autem,
2387 2897 2484 2963 ait,
2492 2896 2757 2967 juventus
2772 2905 2867 2954 tua
2886 2899 3263 2964 renovabitur,
3278 2906 3339 2955 ut
3354 2914 3655 2970 nunquanr

2058 2996 2394 3055 veterascat,
2428 3004 2609 3060 neque
2652 2990 2722 3047 ad
2755 2990 3164 3061 corruptionem
3204 3005 3403 3048 rursus
3441 2991 3639 3059 abest,

2058 3079 2158 3136 sed
2189 3094 2406 3149 semper
2437 3091 2623 3152 vegeta
2653 3086 2874 3136 maneat
2902 3081 2960 3135 in
2989 3081 3311 3152 incorrupta
3335 3082 3470 3138 vita.
3499 3080 3643 3138 Cum

374 3171 712 3244 παραμένειν
742 3174 800 3227 ὲν
823 3172 901 3245 τῷ
919 3172 1132 3237 νεάζειν
1174 3176 1232 3229 ἐν
1254 3172 1329 3248 ’τῇ
1360 3176 1626 3250 ἀφθάρτῳ
1651 3178 1786 3251 ζωῇ.
1806 3181 1957 3235 Ἐπεὶ

2063 3176 2245 3226 autem
2270 3172 2458 3242 aquila
2484 3172 2557 3227 sit
2585 3171 2766 3225 avium
2794 3184 2890 3226 rex
2908 3208 2926 3235 ,
2960 3171 3335 3243 altissimeque
3362 3173 3543 3239 volet,
3573 3186 3641 3235 ac

372 3261 432 3315 δὲ
460 3264 489 3316 ὁ
518 3263 677 3326 ἀετὸς
709 3262 819 3318 τῶν
841 3263 1043 3336 ὀρνέων
1069 3265 1188 3318 ἐστὶ
1218 3265 1661 3337 βασιλικώτατον,
1692 3271 1829 3325 ἀλλά
1861 3273 1957 3327 καὶ

375 3353 827 3425 ὑψιπετέστατος,
860 3356 1019 3427 μόνος
1045 3357 1104 3411 δὲ
1132 3355 1287 3422 {dum
1320 3360 1472 3431 ἡλίου
1521 3363 1700 3430 φωτὸς
1741 3380 1959 3437 μαρμα-

378 3447 571 3517 ρυγαῖς
601 3446 870 3500 ἀντωπεῖν
895 3446 1138 3514 δυνατὸς,
1170 3450 1265 3505 καὶ
1308 3451 1496 3516 ἀτενὲς
1536 3453 1749 3526 ἀφορᾷν
1782 3455 1956 3527 αὐτῷ,

376 3539 601 3602 εἰκότως
630 3539 731 3609 τὴν
762 3539 1059 3594 ἀνανέωσιν
1095 3542 1197 3613 τῆς
1231 3543 1431 3614 ψυχῆς,
1463 3546 1556 3600 καὶ
1585 3546 1684 3617 τὴν
1709 3548 1819 3601 ἀπὸ
1856 3549 1962 3621 γῆς

377 3631 459 3693 είς
481 3628 709 3701 οὐρανὸν
736 3629 955 3701 πτῆσιν,
989 3632 1083 3685 καὶ
1109 3632 1201 3686 τὸν
1230 3632 1344 3703 βίον
1376 3635 1547 3706 αὐτῆς
1587 3635 1680 3691 τὸν
1715 3640 1773 3694 ὲν
1805 3638 1962 3711 ἄκρῳ

379 3720 519 3791 φωτὶ
551 3720 933 3791 γενησόμενον,
963 3719 1124 3775 ἀετοῦ
1158 3723 1318 3791 φύσει
1351 3724 1650 3797 παρέϐαλε.

450 3807 645 3863 Ποιῶν
678 3811 1094 3880 ἐλεημοσύνας
1122 3814 1157 3867 ὀ
1181 3812 1419 3880 Κύριος,
1453 3814 1553 3869 καὶ
1590 3816 1774 3885 κρίμα
1809 3814 1964 3875 πᾶσι

2061 3262 2179 3317 sola
2211 3262 2357 3318 inter
2386 3261 2646 3319 animalia
2677 3262 2891 3317 salares
2934 3260 3122 3318 radios
3162 3263 3343 3319 valeat
3384 3262 3657 3329 obtueri”

2059 3354 2352 3425 ipsumque
2394 3360 2600 3411 attente
2643 3357 2965 3426 conspicere
2988 3373 3019 3425 ;.
3052 3354 3469 3433 renovationem
3521 3355 3644 3410 ani-

2059 3461 2196 3504 mae.
2230 3455 2287 3503 et
2314 3461 2347 3503 e
2376 3453 2526 3502 terra
2558 3445 2629 3501 ad
2668 3446 2870 3513 caelum
2915 3447 3189 3513 volatum,
3232 3445 3512 3517 vitamque
3546 3462 3645 3503 su-

2060 3553 2253 3610 premo
2302 3539 2357 3595 in
2398 3539 2608 3596 lumine
2647 3546 2991 3596 versaturarn
3043 3537 3241 3609 aquila:
3271 3545 3485 3594 natum
3528 3553 3653 3595 me-

2059 3631 2169 3691 rito
2193 3631 2552 3701 comparavit.

2133 3804 2301 3861 Vens.
2343 3803 2497 3860 6-16.
2540 3803 2774 3860 Faciens
2818 3806 3217 3863 misericordias
3256 3806 3519 3867 Dominus
3543 3848 3560 3875 ,
3590 3816 3644 3864 et

380 3901 507 3969 τοῖς
532 3901 970 3973 ἀδικουμένοις,
985 3904 1275 3975 ἐγνώρισε
1302 3903 1410 3973 τὰς
1436 3905 1617 3973 ὀδοὺς
1667 3908 1855 3963 αὐτοῦ
1879 3907 1959 3976 τῷ

2058 3895 2321 3965 judicium
2351 3894 2594 3950 omnibus
2634 3893 2898 3964 injuriam
2926 3897 3252 3966 patientibus
3272 3939 3287 3965 ,
3318 3909 3476 3955 notas
3515 3898 3659 3970 fecit

379 3993 590 4062 Μωσῇ,
640 3993 767 4061 τοῖς
807 3994 961 4062 υἱοῖς
1014 3995 1253 4067 Ἰσραὴλ
1298 3999 1371 4053 τὰ
1419 3998 1721 4068 θελήματα
1752 4000 1962 4056 αὐτοῦ.

395 4086 489 4139 Ἐκ
532 4087 632 4158 τῆς
674 4087 843 4158 αὐτῆς
887 4088 944 4143 δὲ
982 4088 1225 4153 Μωσέως
1268 4091 1491 4162 Γραφῆς
1542 4091 1775 4166 μαθήσῃῖ
1803 4093 1964 4148 ὁποῖα

383 4176 630 4248 κρίματα
658 4177 901 4250 παρέσχε
945 4180 1058 4242 τοῖς
1098 4177 1501 4251 ἀδικουμένοις”
1543 4181 1721 4254 κρίσει
1748 4183 1858 4255 γὰρ
1888 4183 1967 4238 δι-

383 4267 515 4340 καίᾳ
570 4268 802 4339 μετῆλθε
844 4268 972 4332 τοὺς
1015 4270 1366 4339 Αἰγυπτίους,
1414 4270 1650 4342 πληγαῖς
1684 4271 1966 4343 θεηλάτοις

383 4360 621 4424 κολάσας
667 4361 866 4425 αὐτοὺς
913 4361 1054 4433 ὑπὲρ
1088 4362 1198 4415 τῶν
1240 4362 1422 4417 αὐτῶν
1449 4363 1796 4436 ἠδικημένων
1834 4367 1966 4421 υἱῶν

397 4451 631 4523 Ἰσραήλ.
699 4450 1024 4521 Οίκτίρμων
1063 4451 1162 4507 καὶ
1201 4451 1471 4522 ἐλεήμων
1501 4456 1534 4507 ό
1570 4455 1806 4524 Κύριος,
1849 4472 1965 4525 μα-

2063 3988 2175 4043 uias
2215 4003 2345 4041 suas
2375 3985 2590 4058 Moysi,
2641 3987 2771 4059 ﬁliis
2811 3987 2988 4044 Israel
3027 3992 3325 4046 voluntates
3365 4008 3515 4057 suas.
3560 3990 3643 4048 Ex

2064 4077 2182 4148 ipsa
2211 4092 2341 4134 vero
2371 4078 2574 4150 Moysis
2608 4079 2903 4151 Scriptura.
2922 4080 3168 4149 edisces,
3201 4083 3387 4156 qualia
3418 4099 3519 4155 pro
3550 4085 3646 4140 lab-

2066 4170 2143 4224 sis
2173 4167 2381 4239 judicia
2410 4168 2639 4224 tulerit:
2668 4169 2825 4238 justo
2851 4186 3089 4242 namque
3116 4172 3326 4242 judicio
3354 4170 3667 4246 Egyptios-

2066 4261 2298 4325 invasit,
2321 4262 2586 4320 divinitus
2611 4261 2842 4319 inﬂictis
2863 4264 3039 4336 plagis
3066 4266 3346 4336 castigans
3376 4265 3501 4321 illos
3526 4280 3662 4338 pro--

2069 4357 2188 4421 pter
2219 4350 2362 4407 ﬁlios
2393 4350 2562 4408 lsrael
2596 4352 2666 4407 ab
2696 4352 2833 4423 ipsis
2865 4354 3103 4423 pessime
3133 4353 3375 4412 habitos.
3414 4353 3648 4410 Misera-

2071 4452 2154 4498 tor
2193 4454 2244 4498 et
2283 4444 2582 4499 misericors
2629 4442 2887 4500 Dominus
2907 4484 2925 4512 ,
2973 4445 3290 4517 longanimis
3328 4453 3375 4501 et
3421 4446 3667 4501 multum

385 4543 678 4613 πρόθυμος
708 4543 806 4596 καὶ
839 4544 1190 4610 πολυέλεος,
1222 4546 1333 4599 οὐκ
1365 4549 1453 4613 είς
1492 4545 1667 4614 τέλος
1690 4547 1959 4619 ὀργισθή-

2072 4534 2374 4599 misericors
2395 4575 2412 4600 ,
2442 4552 2544 4590 non
2577 4537 2633 4591 in
2660 4536 2820 4606 ﬁnem
2856 4538 3141 4604 irascetur,
3186 4554 3349 4610 neque
3390 4538 3447 4593 in
3492 4547 3651 4593 teter-

386 4648 576 4699 σεται,
629 4632 772 4688 οὐδὲ
818 4635 907 4700 εἰς
931 4635 1039 4687 τὸν
1064 4633 1251 4689 αἰῶνα
1292 4637 1511 4706 μηνιεῐ.
1556 4640 1640 4693 Οὐ
1674 4639 1826 4694 κατὰ
1861 4639 1969 4707 τὰς

385 4724 674 4795 ἁμαρτίας
719 4723 892 4794 ἡμῶν
936 4725 1228 4793 ἐποίησεν
1260 4727 1425 4797 ἡμῖν,
1473 4727 1615 4783 οὐδὲ
1658 4728 1810 4783 κατὰ
1861 4731 1976 4797 τὰς

388 4817 642 4888 ἀνομίας
670 4816 841 4886 ἡμῶν
863 4816 1285 4871 ἀνταπέδωκεν
1326 4819 1491 4888 ἡμῖν.
1527 4819 1656 4873 Ὀτι
1688 4819 1841 4874 κατὰ
1900 4820 1969 4875 τὸ

385 4909 547 4978 ὕψος
590 4909 696 4964 τοῦ
726 4909 986 4978 οὐρανοῦ
1023 4909 1141 4965 ἀπὸ
1173 4910 1283 4980 τῆς
1313 4912 1425 4981 τῆς
1462 4913 1826 4982 ἐκραταίωσε
1856 4915 1971 4968 Κύ-

378 5020 514 5072 ριος
566 5002 632 5056 τὸ
698 5003 870 5066 ἕλεος
933 5002 1120 5057 αὐτοῦ
1170 5002 1269 5056 ἐπὶ
1346 5003 1488 5069 τοὺς
1545 5005 1973 5075 φοϐουμένους,

387 5095 594 5148 αὐτόν.
690 5097 971 5151 [ἰαθόσον
1059 5093 1398 5163 ἀπέχουσιν
1491 5097 1778 5151 ἀνατολαὶ
1851 5097 1969 5151 ἀπὸ

388 5185 672 5256 δυσμῶν,
749 5186 1085 5256 ἑμάθιρυνεν
1154 5185 1254 5254 ἀέρ’
1302 5185 1473 5254 ἡμῶν
1540 5187 1648 5253 τὰς
1717 5189 1972 5258 ἀνομίας

389 5276 579 5349 ἡμῶν.
639 5278 849 5345 Καθὼς
896 5277 1167 5345 οίκτείρει
1227 5275 1426 5344 πατὴρ
1484 5277 1693 5344 υἱοὺς,
1765 5278 1970 5350 ᾠκτεί-

380 5386 543 5439 ρησε
605 5370 823 5439 Κύριος
898 5369 1043 5434 τοὺς
1114 5369 1526 5440 φοϐουμένους
1583 5368 1806 5438 αὐτὸν,
1880 5370 1973 5426 ὅτι

389 5456 575 5522 αὐτὸς
646 5457 799 5526 ἔγνω
842 5455 909 5510 τὸ
961 5456 1214 5527 πλάσμα
1269 5456 1457 5529 ἡμῶν.
1509 5458 1823 5529 Μνήσθητι
1883 5459 1974 5515 ὅτι

391 5551 542 5621 χοῦς
591 5551 797 5620 ἑσμεν’
853 5551 1182 5621 ἄνθρωπος,
1214 5553 1357 5607 ὡσεὶ
1406 5554 1619 5624 χόρτος
1669 5557 1731 5610 αὶ
1760 5550 1974 5626 ἡμέραι

392 5645 600 5702 αὐτοῦ·
631 5644 774 5699 ὡσεὶ
802 5644 985 5713 ἄνθος
1039 5644 1148 5701 τοῦ
1171 5646 1387 5717 ἀγροῦ,
1409 5645 1605 5714 οὕτως
1626 5644 1981 5715 ἐξω-θήσει.

469 5825 519 5859 ⁸
554 5825 720 5883 Marc.
759 5840 797 5881 ιι
820 5824 931 5893 ,9.

2072 4644 2199 4682 num
2228 4628 2570 4683 succensebit.
2604 4628 2728 4683 Non
2752 4626 3042 4685 secundum
3064 4640 3281 4701 peccata
3300 4640 3497 4698 nostra
3522 4631 3667 4701 fecit.-

2073 4723 2255 4789 nobis,
2286 4739 2448 4792 neque
2476 4726 2764 4778 secundum
2791 4724 3101 4795 iniquitates
3141 4733 3356 4780 nostras
3398 4725 3651 4780 retribuit

2075 4811 2248 4867 nobis.
2288 4812 2555 4878 Quoniam
2585 4810 2872 4867 secundum
2903 4813 3241 4869 altitudinem
3275 4815 3395 4870 cati
3430 4833 3464 4870 a
3504 4826 3666 4871 terrm

2073 4905 2436 4960 corroboravit
2469 4904 2730 4960 Dominus
2761 4904 3184 4961 misericordiam
3212 4925 3367 4962 suam
3390 4923 3548 4978 super
3582 4909 3653 4963 ti-

2072 5007 2272 5052 mentes
2301 5014 2376 5053 se.
2411 4997 2682 5063 Quantum
2709 4996 2877 5052 distat
2900 5008 3048 5053 ortus
3079 4998 3144 5052 ab
3174 4999 3468 5065 occidente,
3500 5001 3652 5072 longe

2072 5088 2196 5157 fecit
2226 5105 2260 5142 a
2286 5087 2436 5143 nobis
2462 5090 2766 5160 iniquitates
2801 5099 3032 5145 nostras.
3060 5090 3335 5156 Quomodo
3373 5092 3663 5146 miseretur

2073 5190 2224 5248 pater
2253 5180 2521 5248 ﬁliorum,
2549 5179 2795 5233 misertus
2825 5187 2902 5233 est
2929 5178 3193 5234 Dominus
3223 5178 3525 5234 timentibus
3555 5196 3611 5234 se
3632 5219 3648 5242 ,

2073 5272 2324 5344 quoniam
2349 5272 2459 5341 ipse
2482 5271 2720 5342 cognouit
2741 5271 3049 5343 ﬁgmmtum
3070 5280 3331 5326 nostrum.
3352 5269 3668 5335 Recordare.

2074 5365 2324 5434 quoniam
2354 5362 2527 5433 pulvis
2555 5377 2771 5426 sumus;
2805 5361 2980 5427 hamo,
3010 5362 3147 5415 sicut
3173 5359 3349 5429 fenum
3360 5361 3473 5414 dies
3498 5360 3613 5429 ejus
3631 5399 3649 5424 ,

2075 5467 2327 5528 tanquam
2360 5457 2462 5527 ﬂos
2504 5456 2640 5528 agri,
2684 5456 2762 5510 sic
2801 5454 3068 5527 efﬂorebit.
3115 5453 3381 5522 Quoniam
3427 5454 3653 5525 spiritus

2073 5545 2415 5618 pertransibit
2445 5546 2501 5599 in
2531 5546 2625 5601 illo
2648 5555 2698 5600 et
2729 5563 2833 5601 non
2862 5546 3141 5610 subsistet,
3171 5554 3221 5600 et
3248 5560 3353 5599 non
3379 5554 3669 5616 cognoscet-

2076 5641 2303 5711 amplius
2355 5639 2528 5695 locum
2571 5656 2748 5696 suum.
2803 5636 3277 5708 Quemadmodum
3325 5654 3365 5694 ι
3408 5640 3653 5699 tenebris
