4102 6414
469 452 603 508 1267
1150 450 1422 507 EUSEBII
1459 449 1939 507 CESARIENSIS
1977 450 2126 505 OPP.
2167 449 2349 506 PARS
2384 451 2470 508 ill.
2509 483 2579 492 —
2613 447 3022 507 EXEGETICA.
3576 445 3721 501 {268

465 571 789 644 ignorantia:
829 571 1070 640 peccatis
1111 570 1348 625 inductae
1391 569 1460 624 ad
1504 570 1681 624 lucem
1713 570 2031 640 cognitionis

2145 571 2264 623 Ὅτι
2296 571 2533 641 πνεῦμα
2569 569 2820 638 διῆλθεν
2845 569 2916 621 ἐν
2959 563 3141 630 αὐτῷ,
3169 564 3267 619 καί
3303 565 3415 632 οὐχ
3444 561 3727 631 ὑπάρξει,

464 681 581 723 suae
620 679 721 721 nos
762 663 1040 719 transtulit
1073 679 1088 730 ;
1131 662 1357 732 haecque
1399 660 1528 717 fecit
1565 669 1626 716 ut
1663 661 1842 716 bonus
1886 670 2031 732 pater

2147 660 2248 716 καὶ
2269 662 2380 715 οὐκ
2409 660 2800 732 ἐπιγνώσεται
2828 660 2914 713 ἔτι
2935 657 3043 712 τόν
3070 658 3259 711 τόπον
3286 655 3492 710 αὑτοῦ.
3513 656 3725 727 Ὥσπερ

463 756 808 812 insanientes
857 755 998 810 ﬁlios
1037 755 1332 811 miseratus
1355 796 1369 820 ,
1409 768 1473 809 ac
1501 769 1631 824 erga
1665 752 1867 808 liberos
1897 753 2031 809 male

2145 751 2255 806 ἀπὸ
2284 752 2506 816 σκότους
2542 753 2641 823 τῆς
2682 751 2792 805 τῶν
2842 749 3252 822 ἁμαρτημάτων
3280 748 3499 816 ἀγνοίας
3541 746 3633 800 ἐπὶ
3663 747 3726 800 τδ

463 848 690 904 allectos
723 848 984 917 majorem
1015 847 1549 902 commiserationem
1582 861 1909 902 assumens:
1941 860 2031 901 eo-

2147 842 2264 912 φῶς
2310 844 2411 914 τῆς
2456 843 2620 899 αὐτοῦ
2669 842 2922 912 γνώσεως
2979 841 3346 912 μετεστήσατο
3391 841 3570 910 ἡμᾶς·
3631 839 3727 892 καὶ

465 941 592 995 dem
622 940 712 993 ille
743 938 905 993 modo
935 953 1035 993 nos
1067 937 1364 993 miseratus
1399 945 1520 1001 est,
1552 951 1616 990 ac
1644 953 1712 992 ex
1762 936 1940 991 atheis
1984 943 2031 991 et

2145 933 2319 988 ταῦτα
2347 935 2582 1007 ἔπραξεν
2602 935 2676 1000 ὡς
2692 936 2894 1004 ἀγαθὸς
2916 933 3096 1004 πατὴρ
3113 934 3608 1004 σπλαγχνιζόμενος
3634 931 3729 986 ὲπῑ

467 1037 671 1090 timore
700 1033 1015 1088 carentibus
1035 1072 1050 1096 ,
1083 1033 1205 1101 pios
1233 1046 1298 1085 ac
1329 1046 1388 1086 se
1417 1030 1673 1086 timentes
1703 1045 1807 1086 nos
1835 1029 2031 1086 cil'ecit.

2148 1032 2286 1090 υἱοῖς
2322 1028 2608 1099 μεμηνόσι,
2658 1028 2752 1082 καὶ
2784 1028 2878 1082 ἐπὶ
2910 1027 3098 1090 κακῶς
3134 1024 3494 1095 διακειμένοις
3518 1023 3728 1088 τέκνοις

473 1127 696 1201 μείζονα
723 1123 899 1180 οἶκτον
933 1124 1250 1182 ἀναλαϐών⁹
1283 1125 1374 1178 τὸν
1437 1125 1599 1179 αὐτὸν
1630 1123 1829 1197 τρόπον
1892 1125 1990 1181 καὶ
2021 1123 2182 1190 αὐτὸς
2215 1124 2549 1196 ᾠκτείρησεν
2605 1123 2776 1194 ἡμᾶς,
2833 1119 2893 1187 ἐξ
2938 1120 3112 1176 ἀθέων
3163 1119 3258 1174 καὶ
3306 1117 3525 1188 ἀφόδων
3573 1118 3730 1171 εὐσε-

467 1226 583 1290 δεῖς
613 1225 706 1279 καὶ
728 1225 1090 1296 φοϐουμένους
1110 1223 1271 1278 αὐτὸν
1294 1223 1769 1296 ἀπεργασάμενος.

533 1337 704 1394 Vens.
749 1339 816 1392 i7
847 1338 930 1393 i9.
973 1336 1344 1392 Misericordia
1361 1347 1534 1393 autem
1556 1338 1771 1394 Domini
1802 1338 1869 1393 ab
1889 1350 2031 1394 mter-

2226 1333 2303 1389 Τό
2354 1333 2528 1400 ἕλεος
2575 1331 2646 1386 δὲ
2683 1329 2790 1385 τοῦ
2828 1328 3049 1397 Κυρίου
3101 1325 3217 1380 ἀπὸ
3249 1323 3355 1378 τοῦ
3383 1321 3599 1388 αἰῶνος
3629 1320 3724 1375 καί

462 1449 566 1493 no,
595 1439 646 1485 et
678 1447 841 1500 usque
891 1431 948 1484 in
1007 1440 1260 1486 mternum
1317 1448 1472 1499 super
1509 1433 1747 1488 timentes
1799 1448 1937 1488 eum.
1975 1431 2031 1486 E;

2152 1429 2257 1494 ἕως
2295 1427 2402 1481 τοῦ
2433 1424 2646 1491 αἰῶνος
2660 1421 2918 1487 ἐπὶτοὺς
2945 1418 3356 1490 φοϐουμένους
3370 1417 3560 1469 αὐτόν
3581 1431 3595 1444 ο
3628 1413 3728 1467 καὶ

453 1523 672 1594 justitia
701 1523 846 1576 illius
877 1524 930 1576 in
959 1523 1102 1590 ﬁlios
1126 1523 1361 1592 ﬁliorum
1380 1564 1394 1588 ,
1424 1524 1504 1578 his
1529 1525 1619 1594 qui
1643 1531 1853 1580 servant
1880 1532 2031 1579 testa-

2151 1522 2191 1590 ἡ
2231 1518 2582 1586 δικαιοσύνη
2632 1514 2818 1571 αὑτοῦ
2863 1512 2963 1569 ἐπὶ
2999 1512 3142 1576 τοὺς
3175 1508 3346 1574 υἱοὺς
3393 1507 3512 1562 τῶν
3560 1505 3728 1572 υἱῶν,

463 1625 698 1670 mentum
726 1615 869 1684 ejus,
897 1625 949 1668 et
976 1632 1228 1670 memores
1255 1626 1378 1672 sunt
1401 1617 1773 1672 mandatorum
1795 1617 1942 1670 illius
1972 1629 2031 1671 aa

2151 1614 2276 1681 τοῖς
2307 1610 2703 1684 φυλάσσουσι
2739 1607 2856 1676 τὴν
2899 1604 3194 1673 διαθήκην
3229 1600 3438 1665 αὐτοῦ,
3483 1599 3580 1654 καί
3619 1617 3730 1669 με·

463 1708 763 1779 faciendum
793 1726 873 1763 ea.
903 1706 1041 1764 Huic
1073 1709 1251 1763 simile
1278 1708 1411 1764 illud
1443 1727 1456 1764 :
1487 1707 1715 1767 Faciens
1742 1711 2031 1765 misericor-

2146 1703 2478 1776 μνημένοις
2508 1699 2628 1755 τῶν
2653 1698 2921 1756 ἐντολῶν
2967 1694 3174 1761 αὐτοῦ,
3203 1694 3311 1750 τοῦ
3342 1691 3589 1760 ποιῆσαι
3619 1693 3729 1746 αὐ-

461 1801 610 1854 diam
639 1799 980 1870 diligentibus
1019 1815 1119 1854 me.
1170 1798 1305 1854 Nam
1358 1800 1738 1856 misericordia
1764 1800 2031 1867 iDomini,

2147 1793 2276 1862 τάς.
2313 1794 2537 1864 Ὅμοιον
2570 1790 2666 1846 καὶ
2714 1789 2796 1855 τὸ,
2846 1787 3041 1843 Ποιῶν
3082 1787 3256 1852 ἕλεος
3300 1783 3426 1850 τοῖς
3454 1779 3732 1852 ἀγαπῶσι

461 1902 516 1948 et
568 1907 794 1963 compar
841 1893 961 1961 ejus
1003 1891 1218 1960 justitia
1262 1893 1317 1947 in
1367 1907 1586 1949 omnem
1633 1893 2031 1964 generationem

2140 1903 2237 1957 με.
2270 1882 2594 1956 Παρατείνει
2621 1879 2731 1954 γὰρ
2766 1878 2828 1933 τὸ
2855 1877 3003 1942 ἔλεος
3044 1876 3267 1950 Κυρίου,
3293 1875 3389 1930 καὶ
3427 1877 3462 1947 ἡ
3502 1872 3733 1943 σύζυγος

461 1983 778 2039 extenditur
810 1981 867 2035 in
905 1981 1161 2036 timentes
1196 1995 1320 2036 eum
1342 2023 1357 2043 ,
1390 1989 1449 2036 et
1480 1984 1536 2038 in
1566 1983 1708 2040 ﬁlios
1729 1999 1919 2040 eorum
1944 2025 1960 2050 ,
1993 1982 2031 2037 ἰ(

2150 1974 2316 2032 αὐτοῦ
2360 1971 2695 2042 δικαιοσύνη,
2739 1973 2819 2036 είς
2848 1973 3029 2026 πᾶσαν
3083 1971 3184 2043 τὴν
3229 1967 3424 2040 γενεὰν
3469 1968 3562 2022 ὲπ)⁵
3607 1968 3734 2031 τούς

459 2073 544 2121 est
565 2106 580 2132 ,
615 2072 671 2122 in
696 2067 1044 2124 aemulatores
1073 2073 1352 2138 gestorum
1387 2076 1633 2139 ipsorum
1654 2107 1670 2132 ,
1705 2067 1762 2122 in
1797 2082 1893 2124 eos
1928 2069 2031 2123 sci-

2146 2063 2516 2134 φοϐουμένους
2547 2063 2712 2120 αὐτὸν
2756 2064 3003 2129 καὶτοὺς
3039 2070 3191 2130 υίους
3236 2063 3437 2130 αὐτῶν,
3485 2065 3731 2120 τουτέστι

460 2157 620 2222 licet,
645 2157 738 2228 qui
764 2172 875 2213 non
902 2157 1066 2213 modo
1086 2165 1482 2228 praeceptorum
1504 2159 1625 2229 ejus
1645 2159 2031 2224 recordantur,

2143 2157 2269 2220 τοὺς
2309 2155 2416 2210 τῶν
2461 2156 2636 2227 ἔργων
2683 2155 2848 2210 αὐτοῦ
2901 2156 3171 2230 ζηλωτὰς,
3217 2159 3344 2222 τοὺς
3392 2158 3492 2228 οὐχ
3541 2157 3731 2223 ἁπλῶς

463 2249 559 2302 sed
589 2249 938 2305 sermonibus
970 2263 1138 2318 opera
1164 2248 1466 2319 adjiciunt,
1511 2257 1566 2304 et
1612 2249 1716 2305 hoc
1765 2250 1928 2305 modo
1957 2251 2039 2304 vi-

460 2347 574 2393 tam
606 2339 941 2393 concinnant
968 2355 1146 2395 suam.
1180 2338 1256 2393 Ea
1303 2341 1504 2412 quippe
1545 2341 1767 2407 dantur,
1818 2358 1927 2398 non
1980 2352 2040 2398 ut

459 2429 707 2500 ipsorum
749 2429 951 2484 nudam
998 2431 1320 2486 memoriam
1350 2444 1405 2487 et
1433 2433 1682 2487 notitiam
1715 2449 2036 2502 servemus;

458 2523 557 2578 sed
592 2531 649 2576 ut
679 2524 938 2579 memoria
983 2525 1050 2580 ad
1091 2524 1430 2595 operandum
1462 2532 1700 2579 utamur.
1735 2525 1874 2580 illud
1901 2541 2038 2596 quo-

457 2630 566 2683 que
599 2613 857 2671 Servator
892 2616 1136 2672 declarat
1181 2615 1266 2672 bis
1299 2615 1520 2671 verbis:
1557 2615 1663 2681 Qui
1695 2616 1851 2670 habet
1883 2634 2037 2671 mane

457 2704 589 2762 data
637 2722 782 2771 mea,
827 2719 879 2761 et
917 2717 1091 2763 servat
1133 2723 1228 2773 ea,
1268 2706 1360 2762 ille
1395 2715 1473 2761 est
1505 2707 1596 2776 qui
1636 2706 1812 2778 diligit
1841 2723 1926 2762 me
1953 2707 2035 2762 ’°:

456 2814 586 2854 nam
632 2801 1001 2857 observationi
1039 2810 1252 2856 tantum
1275 2816 1443 2870 ..non
1481 2799 1762 2856 memoria:
1810 2815 2034 2866 eorum,

452 2905 668 2947 merces
697 2892 963 2961 debetur;
999 2908 1176 2965 neque
1203 2894 1482 2950 auditores
1502 2935 1517 2961 ,
1552 2893 1650 2950 sed
1683 2893 1924 2949 cultores
1959 2894 2038 2948 le-

453 2981 540 3054 gis
560 2983 1030 3053 justiﬁcabuntur.
1050 2984 1286 3041 Pulchre
1305 2994 1487 3042 autem
1513 2986 1598 3040 lex
1621 2983 1718 3040 Dei
1739 2991 2038 3042 testamen-

452 3080 571 3129 tum
598 3083 793 3131 vocata
822 3084 942 3139 est,
987 3084 1048 3131 ut
1078 3078 1173 3148 qui
1201 3092 1322 3132 eam
1357 3079 1718 3134 observamus
1738 3115 1756 3140 ,
1807 3077 2038 3134 haeredi-

2148 2247 2532 2320 μεμνημένους
2571 2249 2680 2304 τῶν
2731 2249 2962 2304 ἐντολῶν
3002 2249 3192 2315 αὐτοῦ,
3242 2251 3360 2305 ἀλλ’
3387 2250 3731 2315 ἐπιτιθέντας

2144 2342 2258 2402 τοῖς
2279 2338 2458 2408 λόγοις
2486 2339 2552 2393 τὰ
2580 2339 2739 2411 ἔργα,
2780 2340 2875 2393 καὶ
2902 2339 3043 2394 κατά
3069 2340 3234 2394 ταύτὸ
3262 2341 3353 2395 τὸν
3386 2344 3584 2395 οίκεῖον
3617 2342 3730 2414 βίον

2147 2430 2528 2503 ρυθμίζοντας.
2577 2431 2822 2486 Δίδονται
2847 2431 2956 2504 γὰρ
3003 2424 3164 2486 αὗται
3208 2432 3308 2487 οὐκ
3338 2434 3430 2488 ἐπὶ
3469 2434 3547 2505 τῷ
3588 2434 3726 2506 μνή-

2147 2541 2256 2595 μην
2287 2522 2468 2579 αὐτῶν
2499 2523 2662 2596 ψιλὴν
2687 2523 2781 2578 καὶ
2812 2524 3011 2592 γνῶσιν
3043 2523 3188 2595 ἔχειν
3219 2526 3387 2596 ἡμᾶς,
3423 2525 3560 2580 ἀλλά
3593 2527 3730 2598 μνή-

2147 2632 2255 2689 μην
2298 2617 2379 2679 εἰς
2420 2615 2480 2670 τὸ
2514 2615 2758 2687 ποιῆσαι.
2788 2615 2959 2670 Τοῦτο
2993 2617 3087 2670 καὶ
3125 2619 3154 2671 ὁ
3179 2617 3370 2689 Σωτὴρ
3401 2617 3730 2689 παρίστησιν

2143 2707 2404 2763 είπὼν’Ὀ
2435 2708 2592 2778 ἔχων
2615 2706 2722 2775 τὰς
2740 2708 2994 2775 ἐντολάς
3020 2726 3141 2779 μου
3169 2709 3268 2763 καί
3296 2709 3490 2778 τηρῶν
3519 2711 3728 2777 αὐτὰς,

2142 2799 2375 2868 ἐκεῖνός
2423 2801 2596 2858 ἐστιν
2632 2804 2666 2856 d
2712 2798 2962 2871 ἀγαπῶν
3001 2818 3117 2872 με’
3163 2802 3265 2872 τῆς
3310 2800 3420 2872 γὰρ
3460 2803 3731 2873 ποιήσεως

2143 2891 2258 2945 ἀλλ’
2286 2893 2345 2946 οὐ
2377 2893 2478 2964 τῆς
2523 2893 2743 2969 μνήμης
2781 2893 2963 2949 αὐτῶν
2997 2894 3164 2967 μόνης
3190 2896 3220 2948 ό
3258 2893 3472 2966 μισθός·
3510 2894 3604 2947 καὶ
3631 2894 3731 2965 οὐχ

2142 2986 2191 3038 οἱ
2215 2986 2504 3057 ἀκροαταὶ,
2535 2985 2649 3041 ἀλλ’
2680 2988 2730 3040 οἱ
2772 2986 2991 3058 ποιηταὶ
3022 2985 3120 3040 τοῦ
3152 2985 3315 3058 νόμου
3345 2985 3731 3058 δικαιωθήσον-

2143 3094 2256 3130 ται.
2290 3076 2489 3142 Καλῶς
2528 3076 2587 3131 δὲ
2617 3075 2853 3150 διαθήκη
2902 3079 2932 3132 ὸ
2967 3076 3131 3148 νόμος
3159 3077 3254 3131 τοῦ
3287 3075 3423 3132 Θεοῦ
3456 3076 3730 3148 προσηγό-

453 3175 622 3222 tatem
654 3166 782 3222 inde
823 3182 1128 3238 speremus.
1177 3166 1337 3234 Quod
1365 3176 1543 3224 autem
1584 3176 1782 3224 natura
1813 3169 2036 3241 quidem

452 3264 644 3311 nostra
665 3254 810 3310 ﬂuxa
835 3256 938 3321 sit,
967 3256 1151 3310 divina
1180 3273 1311 3313 vero
1335 3257 1624 3314 clementia
1645 3258 1884 3315 debitam
1907 3275 2037 3330 pro-

2146 3186 2333 3242 ρευται
2363 3209 2380 3236 ,
2429 3169 2518 3226 ἴνα
2576 3168 2941 3241 κληρονομίαν
2995 3167 3305 3239 ὲλπίζωμεν
3360 3169 3419 3234 ἐξ
3461 3170 3634 3240 αὐτῆς
3676 3170 3728 3222 οἱ

2143 3261 2531 3330 φυλάσσοντες.
2564 3260 2588 3281 ⁸
2615 3261 2712 3316 Οτι
2751 3260 2810 3312 δὲ
2854 3260 2888 3329 ἡ
2922 3258 3022 3330 μὲν
3048 3257 3212 3328 φύσις
3242 3259 3397 3329 ἡμῶν
3438 3261 3725 3330 ὲπίκηρος,

452 3347 796 3418 genitoribus
834 3347 1064 3418 iustitia:
1106 3349 1416 3403 mercedem
1458 3365 1634 3419 usque
1693 3349 1764 3405 ad
1808 3358 2031 3421 nepotes

2140 3352 2174 3422 ἡ
2196 3349 2254 3405 δὲ
2280 3350 2400 3404 θεία
2429 3349 2808 3422 φιλανθρωπία
2851 3349 2948 3402 καὶ
2985 3348 3178 3420 μέχρις
3215 3348 3454 3417 ἐγγόνων
3485 3347 3729 3418 διατηρεί

452 3446 775 3505 conservet,
825 3449 1085 3512 sexcenta
1115 3441 1348 3512 hujusce
1389 3441 1470 3498 rei
1514 3441 1837 3497 testimonia
1876 3456 2031 3512 repe-

2139 3440 2239 3513 τὴν
2291 3441 2406 3504 τοῖς
2465 3438 2752 3511 προγόνοις
2800 3439 3158 3512 ὀφειλομένην
3223 3439 3321 3510 τῆς
3382 3437 3726 3508 δικαιοσύνης

449 3530 587 3586 rias.
618 3529 754 3585 Nam
782 3531 858 3587 ob
872 3532 1200 3596 Abrahami,
1231 3531 1404 3588 Isaaci
1431 3537 1484 3586 et
1507 3528 1698 3586 Jacobi
1721 3529 2031 3601 justitiam,

2139 3533 2431 3598 ἀντίδοσιν,
2477 3531 2648 3605 μυρία
2680 3532 2747 3586 ἂν
2793 3532 2975 3606 εὕροις
3024 3531 3320 3604 μαρτύρια.
3353 3531 3452 3586 Διά
3479 3530 3586 3603 γὰρ
3626 3531 3725 3601 τὴν

450 3623 716 3694 populum
747 3637 814 3679 ex
845 3622 915 3679 iis
943 3630 1134 3695 postea
1161 3630 1414 3680 exortum
1445 3622 1735 3680 vocatione
1779 3628 1835 3678 et
1874 3635 2031 3693 pecu-

2138 3622 2232 3679 τοῦ
2273 3622 2526 3697 Ἀδραάμ
2573 3623 2942 3694 δικαιοσύνην,
2991 3625 3086 3678 καὶ
3129 3623 3227 3695 τὴν
3266 3621 3362 3675 τοῦ
3395 3621 3586 3677 Ἰσαὰκ
3631 3622 3725 3677 καὶ

452 3713 578 3768 li'ari
623 3714 966 3784 providentia
1003 3715 1266 3789 dignatus
1303 3721 1411 3772 est.
1448 3713 1589 3770 Jehu
1627 3721 1812 3770 autem
1858 3727 2031 3784 usque

2149 3716 2365 3783 Ἰακὼϐ,
2398 3716 2494 3771 τὸν
2537 3716 2598 3782 ἐξ
2633 3715 2814 3771 αὐτῶν
2854 3715 3029 3787 φύντα
3077 3715 3218 3788 μετά
3247 3715 3420 3770 ταῦτα
3447 3715 3574 3770 λαὸν
3623 3715 3724 3785 τῆς

453 3802 524 3858 ad
577 3811 829 3874 quartam
876 3807 1287 3875 generationem
1346 3820 1580 3876 regnum
1637 3804 2031 3871 conservavit,

2138 3808 2382 3881 κλήσεως
2410 3806 2510 3863 καὶ
2543 3807 2647 3878 τῆς
2684 3807 2891 3872 οἰκείας
2923 3807 3230 3879 ἐπισκοπῆς
3259 3806 3565 3878 κατηξίωσε
3591 3823 3607 3838 ο
3643 3824 3723 3874 τῳ

449 3893 811 3949 etiamsinon
859 3895 1086 3950 omnino
1131 3895 1332 3966 pietate
1373 3895 1638 3967 praeditus
1678 3903 1870 3964 esset;
1904 3896 2031 3966 quia

2149 3899 2290 3972 Ἰηοῦ
2315 3900 2479 3972 μέχρι
2495 3898 2764 3971 τετάρτης
2785 3900 2979 3968 γενεᾶς
3007 3899 3105 3969 τὴν
3124 3897 3398 3969 βασιλείαν
3423 3899 3716 3970 τετήρηκε,

445 3986 510 4043 in
540 3987 812 4059 principio
842 3989 995 4061 regni
1029 3989 1114 4046 sui
1144 3989 1388 4046 studium
1416 4004 1548 4061 erga
1575 3988 1748 4045 Deum
1775 3989 2031 4047 exhibue-

2138 3993 2316 4047 καίτοι
2343 3990 2478 4062 μηδὲ
2509 3989 2720 4044 τελείαν
2741 3989 3073 4062 κτησαμένῳ
3088 3988 3388 4052 εὐσέϐειαν,
3421 3988 3532 4041 ἀλλ’
3565 3988 3623 4038 ὲν
3651 3988 3718 4056 τῇ

447 4089 555 4135 rat.
578 4079 811 4136 Mirabili
832 4096 964 4138 vero
989 4081 1179 4138 Davidi
1206 4082 1590 4138 inexstinctam
1617 4081 1918 4139 custodivit
1939 4098 2031 4155 ge-

2138 4083 2277 4154 ἀρχῇ
2324 4081 2425 4151 τῆς
2477 4079 2754 4150 βασιλείας
2807 4078 3202 4149 ὲπιδειξαμένῳ
3250 4078 3340 4131 τὸν
3396 4077 3588 4148 ζῆλον·
3643 4076 3723 4146 τῷ

446 4171 600 4227 neris
623 4173 916 4228 scintillam
935 4211 952 4241 ,
978 4175 1082 4230 etsi
1105 4174 1259 4245 impii
1283 4175 1439 4228 multi
1467 4175 1611 4230 inter
1636 4175 1757 4245 ejus
1781 4181 2031 4246 posteros

2138 4173 2406 4242 θεσπεσίῳ
2437 4170 2618 4237 Δαυῒδ,
2659 4169 2923 4226 ἄσϐεστον
2969 4171 3206 4240 ἐτήρησε
3249 4167 3340 4222 τὸν
3391 4168 3484 4221 τοῦ
3530 4168 3724 4232 γένους

449 4265 626 4319 exorti
656 4266 786 4321 sint.
812 4265 1072 4321 Dominus
1101 4269 1156 4328 in
1186 4267 1314 4322 cwlo
1340 4269 1548 4337 paravit
1581 4267 1826 4322 thronum
1850 4284 2029 4331 suum,

2138 4263 2432 4336 σπινθῆρα,
2473 4263 2569 4316 καὶ
2599 4262 2773 4316 ταῦτα
2801 4261 3008 4314 πολλῶν
3053 4260 3329 4314 δυσσεϐῶν
3357 4261 3414 4314 ὲν
3455 4261 3608 4332 μέσῳ
3635 4260 3726 4330 βε-

448 4364 499 4408 et
554 4372 773 4426 regnum
821 4358 986 4425 ipsius
1028 4358 1273 4413 omnibus
1319 4359 1703 4414 dominabitur.
1759 4361 2031 4416 Accurate

2139 4355 2540 4426 ϐλαστηκότων.
2573 4354 2790 4422 Κύριος
2821 4353 2892 4406 ἐν
2929 4352 3009 4418 τῷ
3033 4351 3266 4421 οὐρανῷ
3291 4353 3584 4424 ἡτοίμασε
3615 4355 3726 4407 τὸν

448 4444 655 4500 dictum
687 4455 804 4510 est,
837 4447 1077 4502 omnibus
1107 4447 1513 4515 dominabitur;
1542 4449 1637 4506 sed
1675 4464 1786 4504 non
1811 4490 1827 4517 ,
1860 4451 2031 4504 omni—

2138 4450 2354 4516 θρόνον
2402 4446 2612 4508 αὐτοῦ,
2665 4445 2763 4498 καὶ
2815 4445 2855 4513 ἠ
2900 4444 3193 4509 βασιλεία
3243 4444 3431 4500 αὐτοῦ
3479 4443 3726 4498 πάντων

450 4536 544 4590 bus
574 4536 915 4603 dominatur,
947 4539 1078 4609 quia
1120 4554 1231 4594 non
1258 4554 1450 4595 omnes
1484 4539 1637 4611 digni
1686 4546 1817 4596 sunt
1859 4555 2028 4608 regno

2138 4539 2444 4593 δεσπόσει.
2499 4535 2767 4608 ’Δκριδῶς
2790 4534 2847 4588 δὲ
2877 4535 2938 4588 τὸ
2963 4533 3206 4589 πάντων
3225 4534 3538 4598 δεσπόσει,
3566 4537 3713 4608 είρηο

447 4628 618 4684 itlius.
665 4627 1035 4694 Quamobrem
1069 4631 1140 4685 iis
1169 4632 1264 4702 qui
1294 4632 1668 4702 evangelicam
1700 4631 1866 4685 vitam
1903 4630 2025 4685 exi-

447 4725 620 4788 gunt,
680 4734 910 4790 regnum
961 4721 1230 4778 coriorum
1281 4718 1534 4776 Salvator
1581 4719 1864 4790 pollicitus
1916 4726 2021 4773 est.

447 4811 572 4864 Alio
619 4810 748 4865 item
796 4811 1138 4882 intelligendi
1188 4827 1341 4867 more
1384 4811 1643 4866 omnibus
1686 4809 2024 4872 dominatur,

448 4900 616 4954 etiam
658 4900 726 4956 iis
763 4902 858 4971 qui
904 4917 1072 4973 regno
1117 4903 1382 4958 ccelorum
1429 4901 1640 4971 indigni
1678 4908 1808 4957 sunt
1854 4902 2027 4971 impe-

447 5009 580 5049 rans
613 5012 628 5061 ;
658 5003 930 5066 quatenus
960 5009 1157 5064 nempe
1186 4993 1431 5049 omnium
1460 4992 1725 5048 Dominus
1753 4999 1858 5049 est.

516 5170 684 5228 Vens.
727 5172 818 5232 20.
859 5172 1160 5228 Benedicite
1180 5173 1428 5239 Domino,
1464 5190 1641 5227 omnes
1670 5172 1845 5244 angeli
1871 5172 1986 5242 ejus
2007 5213 2023 5238 ,

442 5273 682 5333 potentes
707 5267 904 5322 uirtute
925 5307 940 5333 ,
985 5268 1237 5337 facientes
1266 5269 1481 5324 verbum
1511 5267 1660 5322 illius
1689 5266 1759 5320 ad
1801 5266 2025 5320 audien-

445 5357 571 5412 dam
599 5376 774 5415 vocem
804 5377 1106 5415 sermonum
1130 5361 1267 5431 ejus.
1302 5361 1568 5432 Superius
1596 5360 1814 5431 quidem
1847 5357 2026 5430 Spiri-

446 5453 586 5506 ritus
617 5452 836 5509 divinus
873 5454 1110 5510 hominis
1142 5455 1382 5509 animam
1419 5455 1484 5509 ad
1519 5457 1819 5525 gratiarum
1853 5455 2027 5509 actio-

447 5558 571 5596 nem
604 5553 659 5598 et
690 5545 1129 5602 benedictionem
1163 5547 1260 5602 Dei
1296 5547 1562 5602 invitabat
1595 5547 1784 5603 dicens
1807 5589 1820 5612 ,
1858 5547 2026 5602 Bene-

446 5634 534 5687 dic
560 5676 574 5698 ,
607 5639 786 5691 anima
815 5656 952 5704 mea,
984 5640 1243 5706 Domino;
1273 5657 1419 5696 nunc
1447 5650 1652 5703 autem,
1681 5643 1808 5712 quia
1839 5641 2024 5695 throni

449 5724 547 5781 Dei
587 5734 644 5781 et
686 5729 991 5786 caelestium
1036 5734 1422 5801 mansionum,
1471 5751 1608 5804 quas
1653 5735 1835 5806 dignis
1875 5732 2022 5789 Deus

518 5878 562 5912 ³ο
602 5878 756 5936 Joan.
793 5898 906 5947 xw,
941 5886 1030 5939 2|.

2131 4647 2245 4698 ται,
2295 4628 2410 4683 ἀλλ’
2456 4629 2541 4694 οὐ,
2589 4627 2832 4682 πάντων
2876 4625 3148 4688 δεσπόζει
3167 4643 3180 4657 ⁸
3233 4627 3355 4680 ἐπεὶ
3401 4627 3476 4699 μὴ
3519 4627 3726 4693 πάντες

2125 4722 2277 4789 ,ἄξιοι
2305 4722 2632 4792 τυγχάνουσι
2664 4720 2764 4790 τῆς
2810 4718 2978 4773 αὐτοῦ
3025 4719 3319 4790 βασιλείας.
3366 4720 3457 4773 Διὸ
3484 4725 3596 4783 τοῖς
3627 4720 3721 4775 τὸν

2134 4809 2486 4878 εὐαγγελικὸν
2519 4807 2843 4880 κατορθοῦσι
2884 4808 2999 4880 βίον
3023 4810 3124 4880 τὴν
3153 4810 3262 4863 τῶν
3290 4809 3533 4883 οὐρανῶν
3570 4810 3725 4882 βασι-

2133 4898 2283 4952 λείαν
2329 4901 2358 4952 ὁ
2409 4898 2598 4971 Σωτὴρ
2655 4899 3038 4970 ἐπηγγείλατο.
3090 4901 3351 4965 Δεσπόζει
3396 4901 3452 4954 δὲ
3499 4902 3722 4956 πάντων

2132 4988 2256 5044 καθ’
2285 4989 2477 5062 ἑτέραν
2516 4990 2760 5046 ἐπίνοιαν
2792 4991 2888 5043 καὶ
2919 4989 3027 5045 τῶν
3055 4989 3288 5056 ἀναξίων
3315 4992 3414 5063 τῆς
3444 4990 3724 5062 βασιλείας

2132 5083 2296 5138 αὐτοῦ
2335 5083 2574 5155 κρατῶν,
2601 5078 2690 5138 οἵα
2720 5083 2782 5155 δὴ
2813 5084 3030 5138 πάντων
3053 5084 3279 5155 Κύριος.

2198 5174 2519 5245 Εὺλογεῖτε
2561 5175 2669 5228 τόν
2708 5175 2946 5243 Κύριον,
2988 5175 3210 5242 πάντες
3251 5179 3304 5230 οἱ
3349 5175 3587 5246 ἄγγελοι
3613 5181 3726 5232 αὐ-

2132 5268 2260 5330 τοῦ,
2292 5267 2538 5322 δυνατοὶ
2571 5268 2759 5337 ισχύῖ,
2792 5267 3108 5334 ποιοῦντες
3143 5269 3252 5321 τὸν
3291 5272 3479 5340 λόγον
3506 5271 3718 5338 αὐτοῦ,

2133 5361 2239 5414 τοῦ
2261 5360 2522 5414 ἀκοῦσαι
2551 5359 2662 5428 τῆς
2697 5359 2904 5429 φωνῆς
2930 5358 3048 5414 τῶν
3069 5363 3267 5430 λόγων
3293 5363 3502 5417 αὐτοῦ.
3549 5364 3722 5418 Ἀνω-

2132 5453 2276 5525 τέρω
2306 5453 2404 5525 μὲν
2432 5454 2492 5506 τὸ
2522 5453 2664 5506 θεῖον
2695 5452 2918 5523 Πνεῦμα
2947 5452 3044 5524 τὴν
3088 5453 3181 5506 τοῦ
3213 5453 3498 5526 ἀνθρώπου
3539 5455 3723 5526 ψυχὴν

2132 5545 2316 5599 ἐκάλει
2357 5546 2449 5599 ἐπὶ
2494 5545 2592 5618 τὴν
2634 5547 2982 5617 εὐχαριστίαν
3031 5549 3124 5601 καὶ
3169 5547 3269 5618 τὴν
3322 5547 3572 5618 εὐλογίαν
3620 5551 3720 5603 τοῦ

2131 5638 2289 5703 θεοῦ,
2325 5638 2534 5708 φάσκον
2553 5651 2566 5665 ⁸
2603 5639 2875 5706 Εὺλόγει,
2907 5639 2944 5704 ἠ
2971 5638 3142 5708 ψυχή
3161 5657 3303 5709 μου,
3326 5639 3433 5695 τὸν
3457 5642 3683 5709 Κύριον
3701 5658 3718 5674 ·

2130 5729 2226 5787 νῦν
2269 5731 2347 5796 δὲ,
2399 5731 2586 5804 ἐπειδὴ
2628 5730 2719 5784 τοῦ
2768 5731 2957 5802 θρόνου
2998 5732 3093 5786 τοῦ
3135 5731 3270 5787 Θεοῦ
3317 5733 3717 5805 ἐμνημόνευσε,
