4102 6386
381 407 520 464 1269

1471 391 1971 452 COMMENTARIA
2009 390 2077 446 IN
2117 388 2450 446 PSALMOS.

3487 391 3624 445 19.70

382 528 477 582 καὶ
502 525 610 581 τῶν
641 523 905 598 οὐρανίων
949 520 1260 595 διατριϐῶν,
1304 518 1370 583 ἃς
1407 520 1519 582 τοῖς
1545 517 1717 584 ἀξίοις
1758 517 1788 570 ὁ
1827 515 1959 578 Θεὸς

2083 513 2387 584 irazparavit
2410 551 2426 577 ,
2452 510 2780 566 mentionem
2804 514 2932 568 fecit
2951 554 2967 580 ,
2995 513 3284 569 admodum
3314 527 3624 581 congruen-

378 618 665 695 ἡτοίμασε,
697 618 898 689 σφόδρα
926 613 1232 677 ἀκολούθως
1253 615 1371 677 ταῖς
1396 611 1666 684 οὐρανίοις
1692 609 1954 678 δυνάμεσι

379 713 696 783 συγχαίρειν
736 713 801 780 τῇ
855 708 956 778 τῆς
1005 706 1183 777 ψυχῆς
1225 705 1465 776 σωτηρίᾳ
1499 700 1954 774 παρακελεύεται,

373 805 516 861 κατά
555 804 648 858 τὸν
681 803 944 874 σωτήριον
975 800 1132 869 λόγον
1165 796 1614 870 φήσανταχαράν
1643 794 1957 849 ἔσεσθαι-ἐν

371 897 451 970 τῷ
496 895 714 969 οὐρανῷ
760 895 853 948 ἐπὶ
899 894 981 947 ἐν).
1032 891 1341 964 ἁμαρτωλῷ
1397 886 1778 961 μετανοοῦντι·
1823 885 1960 940 ἀλλά

374 991 468 1046 καὶ
505 992 588 1054 είς
640 987 790 1052 τέλος
838 987 959 1056 ἄγει
1004 985 1102 1056 τὴν
1159 981 1446 1056 ἀνθρώπου
1494 979 1671 1052 ψυχὴν
1718 979 1813 1034 καὶ
1861 978 1959 1042 τὰς

373 1082 658 1154 οὐρανίους
691 1081 951 1151 δυνάμεις
973 1095 988 1110 ο
1023 1077 1087 1131 τὸ
1124 1075 1232 1147 γὰρ
1261 1075 1393 1130 αὐτὸ
1436 1074 1536 1145 τῆς
1582 1073 1832 1141 εὐλογίας
1865 1070 1958 1141 ἔρ-

375 1191 470 1244 γον
511 1171 806 1246 καὶταύτῃ
842 1170 1116 1234 κάκείνοις
1153 1167 1453 1223 ἐπιτάττει.
1499 1162 1751 1232 Ave-ato}
1769 1162 1958 1232 ἰσχύϊ,

376 1265 692 1330 ποιοῦντες
743 1263 850 1317 τὸν
896 1263 1083 1331 λόγον
1134 1257 1341 1322 αὐτοῦ,
1383 1254 1492 1309 τοῦ
1544 1252 1802 1308 ἀκοῦσαι
1851 1247 1962 1317 τῆς

376 1357 582 1428 φωνῆς
615 1355 734 1410 τῶν
753 1357 952 1424 λόγων
972 1352 1180 1407 αὐτοῦ.
1207 1351 1289 1403 Τά
1311 1349 1410 1420 μὲν
1425 1345 1568 1400 κατὰ
1598 1345 1678 1408 σὲ,
1700 1342 1883 1414 φησὶν,
1915 1334 1961 1395 ὦ

376 1449 560 1522 ψυχὴ,
613 1446 891 1513 ἐξασθενεῖ
945 1445 1082 1518 πρὸς
1133 1443 1195 1497 τὸ
1245 1444 1364 1496 κατ’
1420 1439 1576 1504 ἀξίαν
1637 1437 1825 1508 ὑμνεῖν
1870 1433 1964 1488 τὸν

375 1543 541 1598 Θεόνο
576 1543 641 1596 ἐκ
677 1541 876 1612 μέρους
905 1538 963 1592 δὲ
1003 1539 1150 1609 ὅμως
1183 1535 1340 1590 τοῦτο
1375 1533 1538 1587 ποίει.
1594 1529 1744 1584 Ἰσθιυ
1763 1527 1844 1594 δὲ,
1883 1528 1964 1581 ὅτι

377 1637 429 1693 oi.
471 1634 690 1704 ἄγγελοι
716 1631 904 1698 αὐτοῦ,
932 1630 1147 1684 δυνατοὶ
1182 1625 1327 1699 ισχύῖ
1367 1627 1538 1690 ὄντες,
1572 1621 1666 1677 καὶ
1692 1617 1964 1674 ἀδιαπτώ-

378 1743 488 1791 τως
512 1726 604 1779 τὸν
647 1723 804 1792 λόγον
837 1720 1001 1776 αὐτοῦ
1035 1717 1333 1782 ποιοῦντες,
1367 1715 1520 1781 ἄξιοί·
1535 1730 1594 1768 τε
1621 1711 1840 1768 ἀκούειν
1864 1708 1965 1780 τῆς

380 1817 566 1888 φωνῆς
606 1814 772 1869 αὐτοῦ
822 1811 1054 1867 καὶτῶν
1083 1811 1258 1882 λόγων
1303 1807 1488 1872 αὐτοῦ,
1525 1804 1845 1878 πρεπόντως
1871 1801 1966 1855 καὶ

1992 1858 2042 1920 Β

2065 614 2148 661 ter
2191 605 2446 660 caelestes
2491 605 2724 659 virtutes
2759 604 2916 674 jubet
2947 607 3138 660 animae
3183 607 3346 662 saluti
3388 621 3629 675 congau-

2065 695 2231 762 dere,
2264 695 2566 752 secundum
2603 696 2710 750 hoc
2751 694 3055 752 Salvatoris
3099 697 3341 761 dictum,
3382 697 3626 759 scilicet,

2061 789 2322 859 gaudium
2357 788 2474 844 fore
2505 790 2560 843 in
2591 788 2732 843 cmlo
2766 802 2932 857 super
2975 803 3085 842 uno
3126 797 3409 858 peccatore
3456 789 3634 860 ptent-

2059 884 2286 939 tentiam
2335 890 2543 954 agente.
2582 883 2626 915 “
2659 900 2673 936 :
2703 879 2802 938 sed
2850 881 3015 936 etiam
3058 898 3181 937 cum
3229 883 3466 938 hominis
3512 882 3633 936 ani-

2059 990 2206 1029 mam
2229 1014 2245 1041 ,
2281 982 2396 1029 tum
2433 974 2687 1030 caelestes
2716 975 2954 1029 virtutes
2986 974 3042 1028 in
3092 973 3254 1028 tinem
3296 975 3440 1044 agit:
3487 973 3635 1028 idem

2061 1066 2207 1122 enim
2239 1066 2598 1122 benedicendi
2627 1082 2829 1122 munus
2863 1073 2973 1119 tam
3009 1066 3122 1132 illi,
3156 1081 3318 1135 quam
3351 1066 3471 1122 istis
3499 1081 3637 1135 prae-

2063 1159 2276 1213 scrihit;
2310 1158 2558 1213 Potentes
2587 1160 2810 1223 virtute,
2840 1158 3091 1226 facientes
3118 1157 3329 1212 verbum
3358 1157 3505 1211 illius
3524 1197 3539 1221 ,
3568 1155 3638 1211 ad

2069 1251 2388 1306 audiendam
2432 1269 2604 1306 vocem
2642 1269 2943 1306 sermonum
2973 1252 3107 1323 ejus.
3145 1249 3302 1316 Quod
3337 1249 3403 1304 ad
3435 1259 3487 1306 te
3515 1265 3640 1320 spe-

2065 1352 2212 1411 ctat,
2247 1359 2280 1398 ο
2309 1345 2521 1408 anima,
2573 1344 2847 1399 imbecilla
2893 1342 3222 1412 inﬁrmaque
3259 1357 3321 1397 es
3362 1341 3429 1396 ad
3471 1339 3641 1394 Deum

2070 1451 2170 1506 pro
2199 1435 2465 1506 dignitate
2496 1435 2922 1491 celebrandum:
2988 1443 3226 1488 attamen
3269 1432 3323 1487 id
3365 1447 3432 1486 ex
3487 1439 3644 1502 parte

2066 1527 2407 1598 exsequaris.
2452 1526 2605 1583 Scito
2640 1535 2823 1582 autem
2854 1527 3080 1597 angelos
3107 1526 3264 1595 ejus,
3297 1539 3421 1579 cum
3453 1532 3646 1594 poten-

2070 1627 2154 1676 tes
2177 1622 2383 1676 virtute
2405 1621 2515 1676 sint
2536 1659 2550 1686 ,
2574 1629 2628 1676 et
2657 1620 3039 1676 indesinenter
3052 1618 3276 1673 verbum
3305 1616 3397 1671 Dei
3419 1615 3646 1682 faciant,

2068 1712 2327 1784 dignique
2355 1715 2466 1769 sint
2489 1713 2584 1784 qui
2607 1727 2796 1768 vocem
2825 1721 2881 1767 et-
2904 1726 3212 1767 sermonem
3236 1712 3357 1781 ejus
3385 1711 3610 1765 audiant
3629 1749 3646 1771 ,

2069 1809 2328 1864 decenter
2358 1823 2422 1862 ac
2447 1806 2714 1877 condigne
2745 1805 2850 1874 ipsi
2882 1804 3226 1859 benedicere.
3262 1803 3417 1868 Quod
3448 1803 3495 1857 si
3525 1805 3649 1872 qui-

382 1909 678 1976 κατ’ἀξίαν
714 1906 1026 1976 εὐλογοῦσιν
1061 1903 1242 1970 αὐτόν.
1267 1902 1329 1954 El
1359 1901 1416 1954 δὲ
1441 1900 1538 1953 καὶ
1571 1901 1630 1952 ἐν
1655 1893 1965 1967 ἀνθρώποις

2083 1903 2193 1956 iam
2232 1901 2374 1955 inter
2419 1900 2682 1954 homines
2703 1898 2812 1954 sint
2841 1897 2936 1967 qui
2971 1897 3136 1950 vitam
3173 1897 3432 1966 angelica:
3463 1909 3645 1964 parem
3693 1901 3696 1906 ‘

381 1999 492 2059 εἶέν
524 2018 669 2064 τινες
693 2000 784 2056 τὸν
818 1997 1100 2066 ίσάγγελον
1133 1995 1246 2066 βίον
1286 1991 1694 2064 μετερχόμενοι,
1736 1988 1831 2043 ἀτε
1870 1985 1968 2057 τὴν

383 2098 567 2155 εἰκόνα
614 2094 708 2148 τοῦ
754 2090 1078 2164 ἐπουρανίου
1122 2085 1435 2160 φοροῦντες,
1473 2082 1748 2154 ἰσχύοντες
1779 2081 1836 2135 δὲ
1877 2080 1971 2133 καὶ

383 2189 540 2248 αὐτοὶ
573 2188 742 2241 ποιεῖν
774 2185 864 2238 τὸν
895 2182 1052 2252 λόγον
1078 2178 1265 2246 αὐτοῦ,
1295 2176 1391 2232 καὶ
1419 2176 1636 2231 δυνατοὶ¹
1661 2174 1761 2245 τῆς
1789 2173 1971 2245 φωνῆς

385 2281 552 2342 αὐτοῦ
586 2277 903 2340 ὑπακούειν,
933 2272 1078 2329 κατά
1112 2272 1202 2327 τὸν
1232 2273 1513 2342 φήσαντα·
1545 2266 1751 2322 Πάντα
1785 2265 1973 2334 ἰσχύω

384 2376 454 2430 ἐν
484 2372 565 2439 τῷ
594 2367 1033 2440 ἐνδυναμοῦντί
1060 2383 1157 2435 με.
1209 2365 1319 2418 Καὶ
1363 2355 1531 2426 οὗτοι,
1571 2359 1848 2430 ἰσάγγελοι
1889 2355 1974 2411 ὅν-

385 2484 497 2533 τες,
547 2465 938 2534 εὐλογείτωσαν
983 2461 1167 2516 αὐτὸν.
1216 2457 1424 2531 Μηδεὶς
1470 2457 1528 2510 δέ
1557 2454 1665 2510 τῶν
1697 2451 1972 2524 παραϐαι-

386 2559 587 2614 νόντων
618 2559 709 2612 τὸν
753 2557 910 2626 λόγον
940 2553 1106 2609 αὐτοῦ
1134 2553 1227 2607 καὶ
1273 2548 1693 2623 παρακουόντων
1731 2545 1832 2616 τῆς
1862 2560 1976 2613 φω-

389 2652 486 2726 νῆς
509 2647 696 2713 αὐτοῦ,
733 2645 1170 2718 προπετέστερον
1205 2641 1458 2712 τολμάτω
1485 2637 1644 2691 τοῦτο
1672 2637 1865 2690 ποιεῖν.

458 2737 782 2810 Εὐλογεῖτε
822 2737 931 2792 τὸν
972 2736 1208 2803 Κύριον,
1241 2731 1432 2788 πᾶσαι
1467 2733 1526 2784 αἱ
1554 2727 1840 2797 δυνάμεις
1867 2726 1976 2780 αὐ-

2072 1993 2291 2056 ineunt,
2318 1997 2507 2062 utpote
2522 1990 2618 2062 qui
2643 1990 2936 2062 imaginem
2960 1989 3204 2044 cmlestis
3225 1986 3648 2050 circumferant,
3709 2027 3721 2044 ,

2072 2099 2136 2139 ac
2168 2084 2272 2154 ipsi
2307 2098 2529 2154 quoque
2571 2081 2801 2136 verbum
2827 2080 2949 2151 ejus
2985 2080 3210 2150 exsequi
3244 2086 3298 2135 et
3325 2092 3514 2133 vocem
3547 2093 3648 2130 au-

2072 2177 2190 2232 dire
2214 2175 2434 2232 valeant
2454 2213 2470 2241 ,
2496 2172 2803 2230 secundum
2835 2187 2960 2228 eum
2992 2173 3087 2242 qui
3114 2171 3280 2235 dicit,
3315 2169 3508 2225 Omnia
3535 2184 3652 2238 pos-

2073 2284 2192 2323 sum
2243 2267 2305 2322 in-
2343 2284 2402 2323 eo
2439 2267 2531 2338 qui
2575 2283 2658 2320 me
2690 2264 2959 2336 eonfvrtat
2990 2264 3070 2330 ³²;
3115 2263 3170 2318 hi
3199 2277 3417 2333 quoque
3439 2259 3649 2332 angelis

2077 2374 2238 2430 pares
2268 2374 2393 2414 cum
2419 2359 2564 2424 sint,
2583 2357 2906 2414 benedicant
2933 2356 3004 2411 ei.
3029 2355 3199 2410 Nemo
3229 2362 3410 2409 autem
3434 2368 3650 2418 eorum,

2077 2454 2171 2524 qui
2202 2453 2430 2508 verbum
2464 2451 2585 2522 ejus
2615 2450 3096 2522 transgrediuntur
3126 2463 3190 2504 ac
3229 2448 3353 2504 voci
3383 2447 3512 2516 ejus-
3541 2461 3655 2503 non

2079 2546 2485 2616 obtemperant,
2513 2552 2718 2600 temere
2747 2544 2852 2598 hoc
2875 2556 3035 2614 agere
3062 2549 3376 2613 praesumat.

2149 2721 2317 2779 Vnus.
2352 2721 2444 2788 21,
2471 2720 2563 2776 22.
2604 2720 2903 2776 Benedicite
2931 2719 3180 2784 Domino,
3221 2735 3396 2773 omnes
3436 2718 3656 2773 virtutes

391 2834 520 2901 τοῦ,
570 2809 904 2901 λειτουργοί
949 2826 1158 2893 αὐτοῦ,
1191 2824 1507 2890 ποιοῦντες
1551 2822 1624 2876 τὰ
1675 2818 1981 2888 θελήματα

2083 2816 2216 2886 ejus,
2251 2815 2487 2870 ministri
2522 2814 2660 2883 ejus,
2697 2815 2787 2884 qui
2816 2813 2994 2883 facitis
3024 2811 3316 2868 voluntates
3342 2810 3475 2879 ejus.
3509 2809 3659 2875 Quo-

391 2925 601 2981 αὐτοῦ.
617 2925 676 2979 '0
702 2924 800 2995 μὲν
821 2920 1004 2987 Δαυῖδ,
1031 2919 1328 2990 ἐπειδήπερ
1352 2915 1460 2969 εἰσὶ
1489 2915 1584 2968 καὶ
1607 2911 1979 2982 ἀντικείμεναι

2083 2910 2228 2964 niam
2267 2907 2595 2964 adversariae
2618 2920 2838 2977 quoque
2866 2905 3098 2959 virtutes
3134 2911 3284 2968 sunt,
3333 2902 3456 2957 ideo
3483 2901 3657 2955 David

392 3018 672 3088 δυνάμεις,
706 2993 914 3086 σφόδρα
954 3010 1269 3081 ἀναγκαίως
1302 3007 1554 3079 ἐπιφέρει
1592 3004 1681 3058 τό·
1715 3007 1981 3068 λειτουρ-

2083 3001 2397 3057 necessario
2448 2998 2582 3054 illud
2612 2999 2823 3066 adjicit,
2882 2996 3112 3050 ministri
3155 2996 3290 3065 ejus,
3333 2996 3423 3065 qui
3477 2993 3656 3064 facitis

394 3110 488 3183 φοί
519 3081 728 3172 αὐτοῦ,
754 3081 1072 3170 ’ποιοῦντες
1107 3102 1182 3158 τὰ
1209 3100 1516 3171 θελήματα
1540 3095 1748 3159 αὑτοῦ,
1768 3095 1981 3156 δεικνὺς

2084 3091 2378 3146 voluntates
2409 3089 2567 3158 ejus:
2599 3087 2886 3142 declarans
2929 3099 3068 3154 quas
3116 3090 3171 3137 et
3199 3081 3507 3151 cujusmodi
3547 3081 3662 3134 vir-

396 3171 550 3270 :siva;
573 3203 820 3275 βούλεται
841 3199 935 3253 καὶ
961 3196 1152 3260 ὁποίας
1168 3193 1426 3265 δυνάμεις
1446 3191 1687 3258 εὐλογεῖν
1713 3187 1805 3242 τὸν
1826 3185 1979 3240 Θεόν·

2087 3191 2234 3240 tutes
2279 3181 2388 3237 Deo
2425 3178 2751 3236 benedicere
2799 3177 2931 3232 velit
2965 3195 2979 3231 :
3010 3191 3123 3231 non
3197 3188 3390 3229 omnes
3436 3171 3657 3242 quippe,

396 3301 480 3354 ὅτι
516 3297 590 3370 μὴ
621 3295 823 3358 πάσας,
861 3291 996 3364 μηδέ
1041 3288 1141 3354 τὰς
1189 3285 1456 3351 ἐναντίας,
1483 3283 1621 3338 ἀλλά
1678 3282 1836 3352 μόνος
1882 3278 1981 3342 τάς

400 3369 558 3458 ἀξίας
580 3369 706 3451 ίτάς
757 3387 816 3440 ἐν
857 3382 1136 3454 διαφόροις
1161 3379 1347 3445 τάξεσι
1369 3375 1784 3447 λειτουργούσας
1815 3369 1982 3441 αὐτῷ,

398 3486 518 3556 ἦτοι
550 3479 812 3542 ποιούσας
838 3474 1004 3531 αὐτοῦ
1034 3474 1096 3528 τὸ
1135 3473 1366 3544 θέλημα.
1399 3468 1716 3540 Λειτουργοὶ¹
1743 3467 1851 3537 γάρ
1881 3467 1985 3518 είσι

399 3573 534 3628 Θεοῦ
557 3570 814 3639 δυνάμεις
835 3562 1202 3635 ὑπερητοῦσαι
1221 3560 1372 3632 αὐτῷ
1392 3562 1472 3623 είς
1492 3559 1528 3615 ἃ
1551 3559 1794 3630 βούλεται
1817 3562 1988 3609 ποιεῖν

401 3664 470 3718 δι’
498 3659 677 3717 αὐτῶν
706 3658 793 3712 ἐπ’
821 3654 1117 3727 εὐεργεσίᾳ
1147 3653 1240 3706 καὶ
1264 3651 1503 3721 ὠφελείᾳ
1531 3649 1761 3711 παντός·
1789 3647 1870 3701 διδ
1895 3647 1988 3700 καὶ

404 3757 579 3811 ποιεῖν
618 3752 689 3806 τὰ
732 3751 1013 3822 θελήματα
1040 3744 1206 3800 αὐτοῦ
1239 3744 1505 3816 εἴρηνται.
1533 3740 1850 3810 Εὐλογεῖτε
1882 3738 1991 3792 τὸν

409 3850 644 3918 Κύριον,
673 3843 870 3900 πάντα
890 3841 962 3896 τὰ
992 3839 1136 3909 ἔργα
1161 3835 1452 3901 αὺτοῦ,ὲν
1481 3833 1662 3887 παντὶ
1688 3833 1850 3896 τόπῳ
1881 3829 1990 3896 τῆς

407 3939 763 4002 δεσποτείας
786 3934 992 3990 αὐτοῦ.
1021 3928 1358 4000 esserem
1389 3925 1560 3996 ψυχή
1585 3941 1726 3995 μου,
1754 3922 1860 3977 τὸν
1879 3923 1992 3975 Κύ-

401 4031 640 4102 ριον.“Η
671 4028 772 4098 τῆς
804 4023 1127 4086 ἀκολουθίας
1169 4020 1379 4075 διάνοια
1424 4017 1613 4071 τοῦτον
1655 4015 1830 4069 ἔοικεν
1861 4014 1993 4066 ὐπο-

412 4121 626 4176 6άλλειν
665 4119 756 4172 τὸν
804 4114 960 4170 νοῦν·
993 4113 1058 4167 Εἰ
1091 4111 1191 4184 μὲν
1219 4107 1463 4178 ἀγγέλων
1493 4103 1583 4178 ἦν,
1614 4105 1766 4177 φησὶ,
1812 4103 1991 4174 μόνον,

412 4215 508 4270 καὶ
549 4213 710 4267 θείων
759 4209 1043 4279 δυνάμεων
1078 4205 1173 4260 καὶ
1206 4201 1470 4275 οὐρανίων
1500 4196 1828 4269 λειτουργῶν
1857 4195 1992 4249 Θεοῦ

412 4308 476 4362 τὸ
502 4306 743 4374 εὐλογεῖν
772 4301 956 4364 αὐτὸν,
991 4296 1170 4361 καλῶς
1187 4295 1253 4350 ἂν
1278 4292 1443 4365 εἶχες,
1467 4286 1512 4346 ὦ
1542 4290 1707 4363 ψυχὴ,
1735 4288 1996 4343 ὑποστέλ-

2090 3290 2270 3345 neque
2301 3272 2683 3339 adversarias;
2719 3269 2816 3327 sed
2841 3269 3018 3325 solum
3050 3281 3146 3324 eas
3167 3279 3295 3335 qua:
3312 3265 3489 3335 dignae
3509 3272 3659 3324 sunt,

2088 3375 2143 3424 et
2165 3365 2334 3422 variis
2363 3363 2649 3420 ordinibus
2674 3361 2782 3433 ipsi
2811 3360 3144 3422 ministrant,
3175 3357 3294 3413 sive
3309 3370 3432 3429 qua:
3457 3354 3666 3410 iaciunt

2088 3461 2431 3515 voluntatem
2474 3456 2617 3526 ejus.
2661 3453 2799 3509 Nam
2844 3453 3087 3509 ministri
3126 3450 3222 3505 Dei
3271 3457 3400 3505 sunt
3434 3448 3665 3503 virtutes

2089 3553 2196 3624 ipsi
2227 3551 2297 3606 ad
2339 3549 2594 3621 quaelibet
2621 3561 2851 3601 munera
2893 3541 3303 3614 probeneiicio
3331 3547 3387 3595 et
3431 3539 3666 3594 utilitate

2091 3643 2337 3700 universi
2372 3640 2750 3696 ministrantes
2781 3654 2795 3690 :
2823 3649 2994 3705 quare
3018 3634 3328 3688 voluntates
3353 3631 3474 3702 ejus
3507 3646 3667 3686 exse:-

2091 3735 2185 3806 qui
2221 3734 2500 3789 dicuntur.
2527 3727 2828 3785 Benedicite
2862 3725 3114 3791 Domino,
3136 3724 3317 3778 omnia
3344 3738 3504 3792 opera
3529 3721 3664 3792 ejus,

2091 3830 2146 3883 in
2167 3828 2312 3883 omni
2337 3825 2451 3879 loco
2483 3819 2866 3880 dominationis
2895 3818 3032 3888 ejus.
3057 3815 3304 3883 Benedic,
3328 3815 3509 3869 anima
3523 3829 3664 3876 mea,

2093 3917 2344 3973 Domino.
2376 3913 2504 3970 Haec
2533 3909 2697 3968 seriei
2720 3923 2876 3964 mens
2899 3914 2953 3962 et
2981 3906 3252 3962 sententia
3276 3904 3492 3960 videtur
3507 3917 3666 3959 esse:

2099 4010 2158 4066 Si
2187 4007 2529 4079 angelorum,
2560 4001 2762 4072 inquit,
2805 3995 3172 4061 solummodo,
3212 3995 3522 4050 divinarum
3555 3993 3669 4050 vir..-

2097 4097 2742 4165 tutum,.cmlestiumque
2775 4089 2872 4146 Dei
2899 4089 3279 4147 ministrorum
3312 4084 3673 4141 oﬂicium.es-

2098 4202 2182 4252 set
2204 4192 2310 4265 ipsi
2339 4189 2684 4252 benedicere,
2724 4193 2873 4240 recte
2900 4195 3112 4252 posses,
3135 4192 3175 4238 eo
3212 4177 3415 4240 anima,
3451 4185 3504 4232 te
3531 4191 3668 4230 con-

2097 4287 2293 4348 tinere,
2320 4298 2384 4338 ac
2410 4287 2467 4337 te
2488 4276 2806 4335 melioribus
2827 4270 3264 4328 benedictionem
3290 4266 3514 4332 cedere;
3539 4265 3672 4335 quia

411 4401 601 4457 λεσθαι
636 4357 855 4467 ἐαυτὴν,
874 4396 988 4457 τοῖς
1019 4391 1290 4462 κρείττοσι
1305 4357 1716 4456 πἀραχωροῦσα
1731 4380 1828 4451 τὴν
1849 4379 1981 4433 εὐλο-

2100 4391 2230 4433 vero
2270 4373 2492 4430 divinus
2526 4383 2708 4426 sermo
2730 4364 2948 4421 cunctis
2980 4361 3102 4432 ejus
3132 4359 3392 4432 operibus
3420 4357 3671 4429 pracipit

417 4455 571 4564 γίαψ
607 4455 874 4557 ἐπειδηδέ
897 4487 927 4538 ό
962 4455 1105 4545 θεῖός
1129 4481 1285 4550 λόγος
1315 4455 1452 4531 πᾶσι
1479 4477 1593 4538 τοῖς
1625 4473 1805 4544 ἔργοις
1830 4469 1981 4525 αὐτοῐ

2101 4478 2162 4527 ut
2193 4467 2428 4524 Domino
2462 4462 2822 4528 benedicant;
2858 4474 2959 4530 par
2983 4465 3064 4512 est
3094 4455 3241 4509 enim
3270 4465 3488 4507 omnem
3517 4464 3675 4505 crea-

2487 4554 2508 4564 -
2611 4554 2643 4564 μ
2692 4560 2701 4564 -
2962 4563 2979 4564 ,,
3037 4553 3201 4564 -,,.-_..
3254 4541 3358 4564 ἢ--
3412 4541 3671 4564 ι....υ.......νι

419 4541 874 4655 έύλδγεῖντὸνιΚύ
884 4592 996 4650 ριον
1016 4541 1342 4648 προστάττει
1363 4589 1375 4601 ·
1403 4541 1670 4642 προσήκει
1693 4566 1798 4636 γὰρ
1815 4565 1981 4617 πᾶσαν

2086 4571 2280 4617 .turam
2331 4571 2434 4629 pro
2483 4554 2762 4618 facultate,
2815 4553 3208 4620 congruentem
3250 4541 3362 4596 Deo
3412 4541 3674 4611 hymnum

2191 4651 2202 4655 _
2480 4645 2529 4655 ,ι
2717 4652 2725 4655 _
2801 4641 2814 4654 ο
2905 4653 2914 4655 Α
2966 4653 2978 4655 _
3009 4635 3175 4655 ,9-___o
3213 4630 3466 4655 λγ--....-.ε,1
3512 4636 3672 4655 Αιεηυν.

420 4678 517 4752 τὴν
561 4676 738 4730 κτίσιν
785 4670 926 4726 κατά
969 4667 1069 4739 τὴν
1115 4667 1283 4736 αὐτῆς
1325 4663 1551 4734 δύναμιν
1581 4660 1673 4713 τὸν
1719 4658 1997 4728 πρέποντα

423 4744 591 4845 ῦμνον
617 4765 925 4823 ἀποδιδόναι
951 4759 1030 4832 τῷ
1061 4757 1180 4829 Θεῷ
1197 4775 1210 4788 ·
1245 4757 1297 4809 τί
1331 4755 1563 4827 μέλλεις,
1587 4744 1633 4804 ὦ
1654 4750 1799 4845 ψύχη
1821 4767 1841 4815 ',
1866 4750 1999 4819 Οὐχὶ

424 4835 520 4918 καὶ
545 4859 704 4930 αὐτὴ,
739 4857 834 4910 ἀτε
886 4852 1044 4921 ἔργον
1091 4849 1192 4901 οὐκ
1239 4842 1709 4915 εὐκαταφρόνητον
1741 4835 1873 4892 οὖσα
1904 4835 1998 4890 τοῦ

426 4955 585 5020 Θεοῦ,
613 4927 748 5006 ἀλλά
777 4946 898 5003 κατ’
925 4942 1106 4998 εἰκόνα
1130 4937 1323 4992 ἑαυτοῦ
1358 4935 1722 5006 πεποιημένη,
1744 4927 1998 5000 ἀνεγείρῃ

429 5046 660 5116 σεαυτὴν
705 5043 798 5096 ἐπὶ
841 5040 941 5112 τὴν
985 5032 1262 5101 θεολογίαν
1299 5029 1392 5082 καὶ
1425 5027 1683 5096 εὐλογίαν,
1703 5024 1797 5078 τοῦ
1826 5021 1998 5085 Θεοῦ;

440 5137 661 5208 Ἐπειδὴ
689 5137 723 5206 ὴ
748 5128 1032 5186 δεσποτεία
1059 5125 1244 5188 αὐτοῦ,
1280 5125 1418 5178 κλιτά
1445 5120 1504 5175 τὸ
1527 5118 1834 5191 εἰρημένον,
1867 5116 2004 5168 πάν-

427 5249 535 5286 των
554 5225 826 5290 δεσπόζει,
857 5218 1144 5292 οὐρανίων,
1163 5214 1439 5280 ἐπιγείων,
1467 5209 1853 5280 καταχθονίων,
1871 5206 2003 5259 ἀκο-

429 5320 634 5383 λούθως
676 5316 854 5370 πάντα
880 5312 948 5366 τὰ
975 5309 1110 5381 ἔργα
1140 5303 1328 5370 αὐτοῦ,
1362 5302 1437 5366 ὡς
1470 5300 1534 5354 ἂν
1569 5300 1672 5353 ὑπὸ
1710 5297 1807 5370 τὴν
1840 5293 2004 5350 αὐτοῦ

430 5408 745 5467 δεσποτείαν
768 5405 918 5466 ὄντα,
939 5401 1010 5454 τὰ
1050 5397 1339 5469 σύμπαντα
1366 5392 1494 5463 γὰρ,
1525 5390 1678 5461 φησὶ,
1707 5387 1869 5442 δοῦλα
1916 5384 2004 5449 σά,

431 5505 508 5569 ὡς
540 5501 841 5571 ποιήματα,
870 5491 1156 5562 εὐλογείτω
1206 5487 1387 5542 αὐτόν.
1418 5487 1528 5541 Καὶ
1573 5483 1688 5547 πῶς
1729 5478 2007 5550 εὐλογοῦσι

433 5595 507 5653 τὰ
528 5593 697 5660 ἄλογα
727 5590 822 5643 καὶ
850 5587 917 5641 τά
944 5587 1159 5655 ἀψυχα,
1207 5582 1294 5644 Ὠς
1315 5579 1534 5650 οὐρανοὶ
1572 5575 1882 5648 διηγοῦνται
1926 5572 2009 5631 δό-

439 5689 537 5758 ξαν
575 5684 709 5742 Θεοῦ
731 5723 748 5750 ,
777 5680 994 5744 πάντως
1022 5677 1142 5731 ἀντὶ
1176 5673 1361 5744 φωνῆς
1397 5671 1654 5743 χρώμενα
1681 5672 1746 5742 τῇ
1781 5668 1900 5741 ὄψει
1930 5668 2009 5731 είς

513 5863 561 5898 ⁸³
597 5863 731 5920 Luc.
766 5877 855 5929 xv,
892 5859 945 5916 7..
1021 5858 1065 5891 ³³
1103 5853 1337 5926 Philipp.
1374 5868 1446 5918 tv,
1485 5850 1575 5908 i3.

2100 4651 2371 4714 emittere,
2401 4645 2534 4717 quid
2569 4641 2870 4705 cunctaris,
2893 4653 2926 4694 ο
2959 4635 3175 4691 anima?
3213 4630 3469 4702 Nunquid
3509 4636 3676 4685 etiam

2103 4747 2244 4813 ipsa,
2270 4745 2467 4808 utpote
2491 4750 2631 4806 opus
2653 4732 2748 4788 Dei
2775 4746 2884 4785 non
2915 4725 3305 4799 spernendum,
3339 4721 3436 4778 sed
3450 4721 3518 4777 ad
3537 4721 3679 4774 ima-

2107 4837 2288 4909 ginem
2320 4833 2442 4904 ejus
2476 4829 2702 4891 factum,
2735 4823 3081 4892 temetipsam
3121 4819 3329 4876 excitas
3364 4816 3432 4871 ad
3461 4816 3676 4872 divinas

2103 4906 2295 4984 laudes
2317 4931 2370 4980 et
2403 4923 2474 4979 ad
2503 4914 2935 4976 benedicendum
2961 4911 3106 4966 Deo?
3133 4908 3401 4975 Quoniam
3434 4906 3680 4961 domina-

2105 5021 2182 5074 tio
2211 5018 2354 5088 ejus,
2399 5021 2470 5069 ut.
2491 5013 2700 5067 dictum
2730 5014 2835 5070 est,
2871 5005 3125 5061 omnibus
3169 5002 3400 5071 imperat
3439 4997 3679 5052 coelesti-

2109 5113 2234 5175 bus,
2284 5107 2638 5164 terrestribus
2686 5109 2742 5157 et
2787 5098 3050 5162 infernis;
3099 5096 3221 5149 ideo
3278 5092 3463 5147 omnia
3512 5104 3680 5159 opem

2111 5389 2238 5444 licia
2263 5397 2381 5450 tua,
2411 5380 2738 5440 benedicere
2762 5375 2862 5432 tibi
2891 5373 3108 5428 debent.
3141 5366 3208 5420 Et
3229 5363 3503 5436 quomodo
3523 5361 3683 5416 bene-

2109 5482 2296 5536 dicant
2323 5472 2725 5533 irrationabilia
2753 5475 2807 5524 et
2838 5462 3178 5521 inanimata?
3218 5460 3337 5526 Quo
3369 5453 3529 5512 modo
3555 5453 3683 5508 cceli

2111 5581 2371 5631 enarrant
2399 5567 2630 5640 gloriam
2656 5563 2772 5628 Dei,
2813 5559 2904 5630 qui
2935 5573 3066 5614 sane
3109 5558 3408 5624 conspectu
3445 5563 3546 5605 suo
3580 5561 3712 5600 ceu-

2087 5683 2267 5734 voce,
2317 5662 2386 5720 ad
2424 5656 2786 5721 exhibendam
2813 5652 2912 5712 Dei
2941 5651 3199 5708 virtutem
3241 5651 3474 5702 utuntur
3502 5661 3515 5698 :
3543 5641 3686 5700 unde
