4102 6436
410 416 540 472 1⁵271

1128 411 1400 468 EUSEBll
1435 408 1914 470 CASSARIENSIS
1945 409 2095 467 OPP.
2135 410 2312 466 PARS
2352 410 2440 466 111.
2478 443 2549 453 --
2586 411 3001 468 EXEGETICA.

3515 411 3658 466 {9.72

405 549 506 604 ego
530 533 788 587 laudandi
819 535 1165 587 occasionem
1207 531 1442 603 accipio,
1472 539 1527 587 et
1564 531 1632 586 ad
1661 531 1975 587 Creatorem

2113 547 2317 600 μφασιν
2349 531 2446 602 τῆς
2475 530 2624 594 θείας
2655 531 2968 602 δυνάμεως·
3003 531 3133 602 παρ’
3164 520 3242 584 ὧν
3263 529 3372 598 ἐγὼ
3398 529 3661 600 λαμϐάνω

403 625 792 680 celebrandum
829 637 1120 696 provocor.
1163 622 1231 676 Et
1270 623 1407 680 alias
1450 611 1630 680 solent
1660 623 1980 695 plerumque

404 719 684 792 prophetae
705 717 869 772 etiam
898 716 1328 773 irrationabilem
1354 724 1607 772 naturam
1641 717 1708 771 ad
1733 716 1828 773 Dei
1861 717 1980 771 lau-

406 811 505 865 des
563 809 868 866 eil‘erendas
917 824 1220 873 assumere,
1277 811 1438 880 quasi
1483 809 1827 866 rationabilis
1871 824 1979 864 non

406 900 661 969 sulliciat,
698 901 777 956 uti
808 916 996 956 revera
1024 901 1180 972 pueri
1218 902 1273 956 in
1316 902 1534 956 camino
1565 902 1832 958 fecerunt.
1864 901 1982 956 Cae-

404 1003 582 1050 terum
616 997 874 1052 omnibus
904 996 960 1050 in
994 996 1130 1052 locis
1168 1011 1365 1051 canere
1393 994 1595 1051 Judmis
1639 1012 1746 1050 non
1784 1009 1984 1050 come-

405 1091 507 1145 nit.
557 1087 638 1142 llli
683 1089 884 1158 quippe
933 1089 1001 1142 ab
1036 1089 1104 1144 iis
1133 1088 1224 1158 qui
1277 1103 1336 1143 se
1373 1087 1428 1142 in
1481 1088 1850 1159 captivitatem
1887 1088 1984 1140 ab-

405 1181 702 1247 duxerant,
753 1180 810 1234 in
853 1180 1131 1251 Babylone
1181 1194 1248 1234 ex
1292 1178 1530 1236 canticis
1585 1179 1718 1234 Sion
1760 1187 1984 1234 cantare

404 1269 572 1340 jussi,
611 1271 887 1337 dixerunt,
937 1279 991 1326 et
1017 1269 1237 1341 quidem
1275 1270 1578 1326 secundum
1608 1271 1780 1341 legem
1823 1285 1986 1339 agen-

408 1360 838 1427 tes:Quomodo
896 1362 1120 1415 cantabo
1173 1363 1444 1417 canticum
1469 1361 1685 1430 quini
1732 1363 1786 1414 in
1845 1370 1987 1414 terra

410 1451 586 1516 aliena
603 1454 647 1486 ³³
671 1455 692 1508 ?
719 1453 890 1510 Nobis
914 1463 1093 1509 autem
1157 1455 1376 1511 divinus
1411 1456 1706 1525 Apostolus
1745 1454 1988 1525 praecipit

410 1548 471 1596 ut
516 1542 571 1597 in
623 1545 771 1599 omni
833 1546 954 1601 loco
1003 1553 1228 1602 orantes
1283 1547 1561 1602 elevemus
1608 1555 1827 1602 sanctas
1871 1560 1989 1600 ma-

410 1650 518 1692 nus
561 1635 626 1691 ³⁸.
682 1637 922 1708 ldipsum
992 1638 1259 1695 Dominus
1314 1637 1569 1697 Christus
1633 1638 1990 1695 Samaritana:

412 1724 573 1790 dixit,
609 1726 837 1782 localem
885 1728 1264 1786 adorationem
1292 1729 1360 1784 de
1391 1730 1570 1785 medio
1613 1729 1836 1792 tollens,
1872 1729 1992 1783 cul-

411 1806 639 1886 tumque
657 1817 862 1874 docens
884 1819 938 1874 in
965 1818 1174 1890 Spiritu
1203 1831 1257 1877 et
1282 1821 1510 1876 veritate
1529 1821 1896 1876 exhibendum
1922 1821 1986 1876 ³⁸.

953 1932 1277 1990 PSALMUS
1313 1933 1446 1991 CIII.

489 2019 658 2078 Vens.
713 2023 766 2089 1,
816 2024 875 2080 2.
918 2024 1164 2089 Benedic,
1220 2028 1422 2090 anima,
1481 2024 1995 2081 Domino:Domine

398 2108 555 2167 'Deus
595 2129 762 2176 meus,
809 2117 1181 2186 magniﬁcatus
1225 2133 1279 2171 es
1319 2117 1638 2172 uehementer
1663 2117 1994 2186 :confessio-

411 2219 532 2259 nem
562 2214 612 2260 et
647 2204 887 2259 decorem
915 2206 1162 2271 induisti,
1191 2209 1418 2261 amictus
1461 2207 1656 2262 lumine
1680 2209 1816 2262 sicut
1844 2210 1997 2262 vesti-

413 2304 609 2374 mento.
637 2297 684 2350 Δ
713 2304 1094 2353 creaturarum
1127 2300 1530 2369 magnitudine,
1563 2295 1910 2372 prevideutia
1943 2308 1997 2357 et

411 2387 680 2444 varietate
716 2387 948 2444 docetur
997 2390 1182 2444 anima
1222 2391 1459 2460 gaudere
1508 2407 1573 2448 ac
1613 2392 1866 2448 fiduciam
1910 2407 1998 2449 su-

397 2494 603 2535 mere:
637 2480 715 2534 ita
748 2489 809 2535 ut
847 2482 903 2536 in
935 2497 1003 2538 eo
1045 2483 1334 2553 glorietur,
1367 2499 1432 2539 ac
1462 2485 1752 2540 Dominum
1797 2485 1998 2540 Deum-

417 2585 526 2641 que
551 2585 712 2627 suum
740 2588 998 2644 magnum
1029 2581 1307 2631 tantarum
1333 2592 1520 2633 rerum
1542 2576 1793 2648 Opiﬁcem
1823 2577 1998 2633 ascri-

413 2663 534 2731 bat,
571 2681 810 2737 eumque
861 2667 967 2723 sibi
1015 2670 1302 2741 proprium
1347 2670 1604 2740 pradicet
1642 2686 1774 2726 cum
1799 2669 1997 2725 all‘ectu

415 2757 631 2823 dicens,
667 2759 893 2815 Domine
922 2761 1068 2816 Deus
1111 2779 1280 2818 meus.
1323 2748 1721 2832 Confessionem
1753 2772 1804 2818 et
1840 2763 1998 2818 deco-

415 2865 530 2906 rem
558 2849 802 2917 induisti,
822 2854 1049 2908 amictus
1071 2855 1267 2909 lumine
1287 2855 1424 2908 sicut
1447 2856 1778 2911 vestimento.
1802 2853 2024 2921 Quem--

404 2933 714 3039 iadmodum
745 2945 795 3001 is
827 2947 922 3017 qui
963 2947 1210 3004 sensibili
1248 2948 1577 3004 vestimento
1608 2947 1879 3013 induitur,
1903 2963 2002 3002 un-

405 3036 588 3126 idique
630 3042 869 3111 tegitur;
900 3041 983 3096 sic
1028 3043 1176 3112 quod
1224 3038 1322 3096 Dei
1354 3041 1540 3101 lumen
1595 3040 1860 3097 sustineri
1902 3054 2002 3095 ne-

417 3137 605 3200 queat,
644 3132 1250 3202 ineomprehensibilem
1293 3148 1416 3188 esse
1458 3134 1607 3189 illius
1638 3132 1999 3188 substantiam

2079 621 2172 675 τοῦ
2207 623 2394 693 ὑμνεῖν
2439 623 2539 687 τὰς
2591 624 2866 694 ἀφορμὰς,
2899 624 2993 676 καὶ
3038 622 3294 694 κινοῦμαι
3325 622 3461 694 πρὸς
3492 623 3662 694 εὐφη-

2084 715 2212 785 μίαν
2247 714 2341 769 τοῦ
2376 714 2896 780 κτίσαντος.Ἀλλως
2929 732 2988 768 τε
3015 714 3268 769 εἰώθασιν
3299 715 3348 767 οἱ
3386 715 3661 785 προφῆται

2081 809 2176 862 καὶ
2219 806 2317 880 τὴν
2349 808 2542 878 ἄλογον
2581 808 2743 878 φύσιν
2791 808 3049 872 πολλάκις
3094 808 3542 880 παραλαμϐάνειν
3579 810 3663 873 εἰς

2082 900 2356 971 εὐφημίαν
2385 899 2480 953 τοῦ
2515 899 2672 966 Θεοῦ,
2697 899 2773 965 ὡς
2802 900 2900 953 οὐκ
2931 899 3257 972 ἀποχρώσης
3281 901 3379 970 τῆς
3418 900 3663 971 λογικῆς,

2083 993 2333 1064 καθάπερ
2363 992 2552 1063 ἀμέλει
2592 993 2685 1046 καὶ
2726 994 2776 1046 οἱ
2823 993 3011 1056 παῖδες
3047 993 3104 1044 ὲν
3143 995 3211 1064 τῇ
3247 993 3480 1064 καμίνῳ.
3516 993 3667 1065 Πλὴν

2083 1088 2144 1142 τὸ
2172 1089 2231 1141 ὲν
2265 1088 2425 1140 παντὶ
2445 1087 2596 1156 τόπῳ
2621 1086 2765 1158 ᾅδειν
2803 1085 2901 1154 οὐχ
2935 1083 3192 1156 ἁρμόττει
3221 1085 3331 1146 τοῖς
3371 1084 3664 1148 Ἰουδαίοις.

2098 1181 2322 1233 Ἐκεῖνοι
2356 1178 2482 1250 γὰρ,
2520 1179 2626 1232 ὑπὸ
2655 1179 2763 1231 τῶν
2817 1176 3322 1250 ἀνδραποδισὰντων
3351 1173 3478 1248 ᾆσαι
3503 1192 3670 1250 προσ-

2085 1269 2373 1341 ταχθέντες
2419 1271 2484 1322 ὲκ
2521 1268 2628 1322 τῶν
2668 1269 2820 1340 ᾠδῶν
2864 1268 3002 1323 Σιὼν
3028 1270 3086 1321 ὲν
3112 1267 3411 1332 Βαϐυλῶνι,
3442 1268 3666 1338 ἔφασαν,

2085 1363 2306 1433 ἔννομον
2344 1361 2612 1432 δρῶντεςο
2645 1363 2780 1428 Πῶς
2818 1360 3038 1430 ᾄσομαι
3084 1360 3200 1428 τὴν
3247 1360 3412 1429 ᾠδὴν
3448 1361 3671 1429 Κιζρίου

2085 1458 2185 1510 ἐπὶ
2219 1454 2328 1527 γῆς
2343 1456 2685 1523 ἀλλοτρίας.
2702 1457 2865 1526 Ἡμῖν
2887 1455 2943 1508 δὲ
2963 1455 2992 1506 ὁ
3025 1455 3168 1517 θεῖος
3187 1453 3509 1518 Ἀπόστολος
3532 1473 3676 1528 παρρ

2088 1551 2262 1620 εγγυᾷ
2293 1550 2352 1601 ὲν
2393 1549 2556 1600 παντὶ
2595 1549 2746 1618 τόπῳ
2791 1546 3251 1619 προσευχομένοις
3283 1548 3457 1618 αἴρειν
3495 1547 3676 1610 ὁσίους

2089 1646 2296 1714 χεῖρας.
2330 1641 2501 1696 Τοῦτο
2528 1643 2633 1695 καὶ.
2652 1643 2681 1694 ὁ
2721 1641 2987 1711 δεσπότης
3015 1639 3250 1714 Χριστὸς
3281 1638 3418 1712 πρὸς
3449 1639 3547 1710 τὴν
3577 1639 3677 1692 Σα-

2095 1720 2343 1805 μαρεῖτιν
2368 1733 2494 1804 ἔφη,
2517 1733 2616 1803 τὴν
2649 1731 2876 1804 τοπικὴν
2906 1730 3144 1802 ἀναιρῶν
3177 1727 3674 1801 προσκύνησιν,τὴν

2024 1879 2066 1936 Β
2091 1824 2148 1878 δὲ
2180 1827 2240 1878 ὲν
2255 1825 2532 1896 Πνεύματι
2559 1825 2650 1877 καὶ
2681 1823 3193 1895 ἀληθείᾳίδιδὰσκων
3223 1822 3496 1892 λατρείαν.

2659 1938 2956 1991 ΨΑΛΜΟΣ
2981 1937 3079 1989 PI"

2169 2036 2442 2102 Εῠλόγει,
2474 2032 2512 2098 ἡ
2561 2032 2732 2102 ψυχή
2773 2050 2914 2102 μου,
2960 2030 3070 2085 τόν
3119 2033 3376 2095 Κύριον·
3429 2031 3605 2098 Κύριε
3648 2032 3683 2084 ό

2100 2130 2244 2192 Θεός
2273 2144 2392 2196 μου
2414 2165 2428 2189 ,
2453 2126 2862 2194 ἐμεγαλύνθης
2913 2124 3184 2195 σφόδρα·
3243 2124 3683 2194 ἐξομολόγησιν

2097 2219 2196 2273 καὶ
2241 2216 2604 2285 εὐπρέπειαν
2645 2215 2914 2269 ὲνεδύσω
2941 2255 2955 2280 ,
3011 2215 3505 2283 ἀναϐαλλόμενος
3557 2212 3684 2280 φῶς

2096 2311 2179 2376 ὡς
2224 2306 2474 2378 ἱμάτιον.
2523 2305 2622 2358 Διὰ
2655 2307 2753 2376 τῆς
2776 2305 2884 2359 τῶν
2912 2307 3226 2376 κτισμάτων
3278 2304 3684 2377 μεγαλουργίας

2098 2404 2192 2458 καὶ
2223 2401 2480 2474 προνοίας
2525 2401 2621 2454 καὶ
2666 2399 3040 2470 ποικιλότητος
3072 2400 3285 2472 χαίρειν
3324 2399 3388 2470 δὴ
3416 2399 3475 2451 ἐν
3504 2397 3685 2467 ταύτῷ

2099 2495 2196 2550 καὶ
2217 2490 2846 2567 θάρσοςάναλαμϐάνειν
2874 2491 3184 2545 διδάσκεται
3210 2492 3244 2562 ἡ
3273 2490 3440 2561 ψυχὴ,
3473 2488 3562 2544 διὰ
3590 2487 3686 2543 τοῦ

2101 2585 2480 2657 σεμνύνεσθαι,
2509 2585 2602 2639 καὶ
2631 2584 2834 2656 Κύριον
2866 2585 3065 2656 ἑαυτῆς
3093 2586 3188 2639 καὶ
3206 2584 3339 2638 Θεὸν
3360 2583 3469 2638 τῶν
3491 2583 3684 2636 τοσού-

2086 2697 2208 2734 -των
2230 2678 2601 2751 μεγαλουργὸν
2626 2676 3051 2749 ἐπιγράφεσθαι,
3077 2680 3172 2732 καὶ
3197 2677 3564 2732 ἰδιοποιείσθαι
3584 2678 3684 2730 αὺ-

2097 2771 2190 2826 τὸν
2242 2775 2302 2826 ὲν
2347 2771 2426 2842 τῷ
2475 2771 2690 2842 λέγειν·
2735 2769 2790 2823 Ὀ
2832 2770 2976 2837 Θεός
3021 2788 3162 2841 μου,
3197 2771 3334 2843 μετὰ
3373 2769 3687 2835 διαθέσεως,

2100 2863 2541 2934 ἐξομολόγησιν
2578 2862 2676 2917 καὶ
2725 2861 3092 2930 εὐπρέπειαν
3115 2863 3401 2928 ἐνεδύσω,
3427 2863 3693 2917 ἀνασαλ-

2101 2958 2358 3027 λόμενος
2416 2955 2543 3026 φῶς
2593 2956 2674 3022 ὠς
2725 2955 2978 3025 ἱμάτιον.
3023 2956 3110 3020 Ὡς
3171 2957 3199 3008 ὁ
3255 2954 3689 3025 ἀναϐαλλόμενος

2103 3047 2358 3119 αἰσθητὸν
2406 3045 2620 3117 ἱμάτιον
2654 3044 2922 3099 πάντοθεν
2952 3044 3311 3111 καλύπτεται,
3342 3044 3484 3097 οὕτω
3519 3044 3580 3097 τὸ
3616 3043 3692 3115 μὴ

2102 3138 2358 3192 δύνασθαι
2407 3137 2650 3209 διασχεῖν
2693 3136 2754 3190 τὸ
2801 3138 2929 3208 περὶ
2961 3136 3052 3189 τὸν
3083 3136 3216 3190 Θεὸν
3245 3135 3380 3204 φῶς,
3415 3135 3692 3206 ἀκατάλη-

405 3215 686 3280 declarat.
725 3224 832 3280 Sed
859 3225 992 3294 quid
1037 3225 1141 3287 ais,
1186 3241 1220 3278 ο
1269 3224 1478 3279 David?
1505 3225 1854 3296 Evangelista
1883 3225 1999 3279 ait:

2109 3249 2243 3284 πτον
2269 3230 2436 3285 αὐτοῦ
2472 3231 2570 3300 τὴν
2600 3228 2791 3282 οὐσίαν
2835 3228 3186 3300 παρίστησιν.
3207 3227 3366 3279 Ἀλλὰ
3402 3228 3456 3279 τί
3488 3228 3613 3298 φῂς,
3647 3221 3697 3280 ὧ

405 3301 550 3385 ΞΙριςο
579 3324 658 3369 est
709 3315 802 3369 tua:
851 3331 994 3379 uera,
1031 3331 1150 3386 quae
1192 3316 1461 3369 illuminat
1498 3321 1705 3376 omnem
1742 3317 2004 3371 hominem

419 3407 713 3462 venientem
748 3407 806 3460 in
845 3405 982 3459 hunc
1015 3405 1271 3460 mundum
1289 3407 1354 3458 “.
1404 3405 1610 3462 Paulus
1662 3423 1795 3462 vero
1845 3405 2002 3469 dicit,

421 3483 819 3570 ipsum'lucem
869 3497 1182 3554 inhabitare
1231 3499 1691 3560 inaccessibilem,
1735 3506 1789 3553 et
1821 3505 1882 3551 tu
1924 3497 2006 3551 ais

422 3594 606 3663 ipsum
629 3592 836 3647 lumine
861 3592 1016 3647 indui
1045 3592 1192 3648 sicut
1217 3592 1580 3648 vestimento?
1608 3591 1806 3647 Viden’
1831 3605 2009 3658 neque

421 3685 769 3757 prophetam,
803 3699 983 3754 neque
1015 3683 1432 3755 evangelistam,
1487 3696 1666 3753 neque
1697 3681 2007 3753 apostolum

425 3791 593 3847 posse
619 3792 740 3833 eam
773 3777 1082 3832 claritatem
1127 3775 1455 3849 complecti;
1486 3775 1583 3830 sed
1614 3789 1646 3828 a
1693 3773 2010 3828 nominibus

427 3867 577 3939 apud
615 3884 720 3924 nos
751 3868 971 3923 usitatis
997 3866 1264 3938 paulatim
1293 3865 1678 3929 ascendentes,
1715 3866 2010 3919 obscuram

427 3960 722 4032 quamdam
759 3959 1052 4015 inell‘abilis
1094 3959 1246 4014 illius
1269 4003 1271 4006 .
1294 3956 1484 4029 gloriae
1517 3955 1890 4027 cognitionem
1932 3953 2012 4008 al-

427 4051 616 4108 ferre?
645 4051 784 4119 Quia
825 4050 974 4106 enim
1011 4049 1268 4120 ignorant
1299 4063 1422 4118 quae
1453 4047 1526 4103 sit
1555 4045 1648 4100 illa
1678 4045 2009 4107 substantia,

434 4161 468 4200 a
513 4145 680 4202 rebus
725 4145 873 4216 apud
929 4158 1034 4200 nos
1067 4141 1389 4214 conspicuis
1435 4153 1538 4211 pro
1560 4138 1832 4194 facultate
1863 4137 2012 4219 illam

434 4236 726 4308 complecti
757 4241 1046 4292 conantur.

507 4418 676 4475 Vens.
725 4419 782 4482 5,
813 4418 868 4473 4.
909 4415 1212 4480 Extendcns
1258 4415 1447 4469 caalum
1490 4414 1627 4486 sicut
1670 4411 1880 4494 pellem,
1913 4410 2018 4482 'qui

436 4515 562 4586 tegit
589 4513 742 4584 aquis
777 4511 1056 4580 superiora
1075 4509 1189 4578 ejus
1217 4524 1236 4563 :
1265 4509 1356 4580 qui
1380 4508 1526 4578 ponit
1559 4505 1719 4584 nubes
1741 4521 2017 4560 ascensum

2106 3324 2300 3394 Δαυῖδ;
2364 3325 2421 3376 '0
2469 3321 2859 3389 εὐαγγελιστής
2920 3335 3118 3388 φησιν’
3165 3319 3284 3371 ’Ότι
3332 3319 3514 3382 αὑτός
3561 3319 3695 3372 ἐστι

2107 3413 2232 3481 φῶς
2287 3410 2597 3477 ἀληθινὸν,
2648 3408 2680 3462 δ
2726 3407 2954 3475 φωτίζει
3000 3406 3198 3460 πάντα
3238 3406 3560 3474 ἄνθρωπον
3601 3409 3696 3475 ἐρ-

2107 3505 2367 3575 χύμενον
2397 3504 2484 3568 είς
2512 3501 2622 3554 τὸν
2653 3501 2907 3569 κόσμον.
2926 3501 2983 3552 '0
3008 3499 3064 3553 δὲ
3092 3498 3327 3562 Παῦλος,
3367 3499 3449 3551 ὅτι
3477 3498 3592 3567 φῶς
3618 3498 3698 3551 ol-

2109 3593 2219 3646 κῶν
2253 3592 2568 3664 ἀπρόσιτον,
2608 3591 2670 3643 σὺ
2707 3589 3132 3662 περιϐεϐλῆσθαι
3165 3590 3226 3642 τὸ
3257 3589 3374 3658 φῶς
3400 3588 3562 3643 αὐτὸν
3591 3589 3700 3660 φῂς

2109 3685 2184 3749 ῶς
2217 3684 2465 3754 ἱμάτιον;
2511 3683 2693 3754 Ὁρᾷς,
2729 3684 2830 3746 ὅτι,
2867 3681 2972 3736 κᾶν
2997 3677 3338 3756 προφήτης
3359 3699 3466 3746 τις,
3484 3681 3587 3736 κᾶν
3606 3682 3700 3734 εὑ-

2111 3774 2456 3846 αγγελιστὴς,
2499 3773 2604 3828 κᾶν
2650 3772 2969 3837 ἀπόστολος,
2999 3773 3060 3824 οὐ
3107 3772 3328 3826 δύναται
3367 3772 3700 3844 περιδράξα-

2115 3873 2238 3925 σθαι
2270 3871 2370 3940 τῆς
2407 3868 2722 3940 σαφηνείας,
2747 3866 2873 3920 ἀλλ’
2903 3867 3012 3919 ἀπὸ
3039 3864 3146 3919 τῶν
3190 3867 3317 3936 παρ’
3345 3867 3478 3935 ἡμῖν
3501 3866 3702 3937 ὀνομά-

2112 3981 2221 4015 των
2267 3960 2650 4022 ἀναϐαίνοντες
2692 3957 2836 4010 κατά
2873 3958 3065 4026 μικρὸν
3113 3956 3359 4027 ἀμυδρὰν
3395 3960 3515 4008 τινα
3561 3973 3702 4026 παρ-

2118 4055 2336 4109 ιστῶσιν
2357 4054 2563 4108 ἔννοιαν
2602 4051 2701 4121 τῆς
2745 4051 2984 4120 ἀρρήτου
3026 4049 3182 4120 δόξης
3229 4048 3700 4119 ἐκείνης.Ἐπειδὴ

2115 4149 2225 4219 γὰρ
2256 4145 2388 4199 αὐτὸ
2408 4145 2461 4199 τί
2488 4143 2619 4198 ποτέ
2649 4144 2765 4195 ἐστι
2791 4141 2887 4212 τὴν
2905 4142 3094 4194 οὐσίαν
3114 4141 3212 4192 οὐκ
3243 4137 3439 4203 ἴσασιν,
3457 4139 3566 4193 ἀπὸ
3592 4139 3700 4194 τῶν

2117 4241 2244 4311 παρ’
2261 4240 2393 4310 ἡμῖν
2420 4234 2691 4308 λαμπρῶν
2727 4232 3121 4302 φιλονεικοῦσιν
3147 4230 3500 4285 ἐπιλαϐέσθαι
3531 4231 3702 4304 αὐτῆς

2115 4333 2192 4395 ὼς
2220 4328 2332 4384 οἶόν
2362 4347 2442 4384 τε.

2204 4423 2513 4477 Ἐκτείνων
2540 4422 2649 4476 τὸν
2669 4419 2932 4489 οὐρανόν
2947 4417 3089 4472 ὡσεὶ
3110 4417 3331 4486 δέῤῥιν,
3349 4420 3382 4471 ό
3407 4415 3704 4488 στεγάζων

2105 4520 2192 4573 ’ἐν
2214 4517 2386 4585 ὕδατι
2404 4517 2480 4570 τὰ
2503 4513 2742 4584 ὑπερῷα
2760 4511 2969 4575 αὐτοῦ,
2993 4513 3025 4563 ό
3051 4509 3232 4577 τιθεὶς
3257 4509 3410 4580 νέφη
3428 4507 3554 4578 τὴν
3577 4509 3704 4564 ἐπί-

436 4609 614 4670 suum,
643 4605 733 4677 qui
762 4603 1001 4658 ambulat
1040 4618 1196 4671 super
1234 4611 1432 4671 pennas
1466 4608 1761 4654 ventorum;
1799 4596 1906 4663 Qui
1933 4595 2002 4666 fa‘

2121 4615 2300 4665 ἔασιν
2317 4609 2528 4674 αὑτοῦ,
2548 4611 2582 4663 ό
2612 4603 2952 4675 περιπατῶν
2977 4604 3074 4657 ἐπὶ
3106 4603 3414 4672 πτερύγων
3444 4601 3702 4672 ἀνέμων,

437 4701 509 4752 cit
558 4696 772 4768 angelos
819 4712 945 4751 suos
986 4694 1228 4763 spiritus,
1277 4701 1327 4746 et
1371 4692 1644 4746 ministros
1679 4707 1804 4745 suos
1848 4689 2020 4760 ignem

441 4800 695 4844 urentem.
737 4787 899 4851 Hinc,
944 4797 1002 4842 ut
1037 4799 1136 4856 par
1176 4782 1588 4852 est,-seraphim
1627 4780 1814 4859 Graece
1847 4779 2023 4849 expli-

441 4889 666 4946 cantur,
689 4878 1044 4935 incendentes
1077 4891 1141 4931 ac
1175 4875 1585 4931 comburentes.
1617 4873 1828 4953 Etlvox
1872 4888 2023 4928 sera-

442 4974 593 5046 phim
643 4971 956 5026 incendium
993 4968 1306 5040 signiﬁcare
1356 4968 1690 5022 declaratur.
1736 4966 1918 5033 Quare
1957 4964 2024 5020 de

444 5063 688 5136 angelica
714 5061 916 5118 virtute
931 5061 1134 5116 dicitur
1158 5068 1172 5113 ξ
1201 5059 1306 5125 Qui
1335 5059 1464 5127 facit
1493 5057 1707 5128 angelos
1730 5074 1852 5112 suos
1873 5057 2029 5127 spiri-

446 5169 551 5224 tus,
590 5163 642 5212 et
679 5155 954 5210 ministros
989 5169 1111 5207 suos
1133 5152 1308 5223 ignem
1330 5159 1589 5205 urentem.

515 5414 687 5492 Vitas.
721 5436 875 5492 5-15.
921 5436 1026 5504 Qui
1046 5436 1246 5506 fundat
1273 5443 1470 5500 terram
1501 5450 1658 5504 super
1677 5427 2026 5489 stabilitatem

446 5545 622 5590 suam,
651 5545 756 5583 non
785 5529 1131 5583 inclinabitur
1153 5529 1216 5585 in
1257 5528 1514 5582 ste-culum
1560 5529 1763 5582 swculi.
1789 5527 2026 5598 Abyssus

449 5620 585 5674 sicut
631 5623 994 5676 vestimentum
1033 5621 1258 5675 amictus
1299 5621 1436 5690 ejus,
1467 5635 1624 5689 super
1672 5629 1872 5674 montes
1916 5629 2030 5672 sta-

450 5711 578 5768 bunt
605 5726 776 5783 aqua.
809 5713 890 5766 Ab
919 5713 1276 5790 increpatione
1303 5722 1396 5767 tua
1435 5713 1657 5784 fugient,
1683 5731 1717 5767 a
1751 5729 1872 5767 voce
1901 5711 2030 5768 toni-

2119 4706 2155 4758 ό
2180 4700 2363 4756 ποιῶν
2376 4701 2520 4769 τοὺς
2547 4697 2844 4770 ἀγγέλους
2869 4694 3054 4750 αὐτοῦ
3081 4695 3409 4763 πνεύματα,
3435 4692 3533 4747 καί
3565 4692 3704 4760 τοὺς

2123 4792 2506 4863 λειτουργοὺς
2535 4790 2722 4846 αὐτοῦ
2764 4789 2884 4857 πῦρ
2908 4788 3153 4859 φλέγον.
3173 4784 3450 4840 Ἐντεῦθεν
3481 4785 3706 4849 εἰκότως

2126 4885 2536 4959 ὲρμηνευόμενα
2581 4882 2649 4937 τὰ
2691 4879 2966 4954 σεραφὶμ,
2996 4882 3076 4943 εἰς
3127 4877 3224 4949 τὴν
3263 4877 3490 4939 Ἐλλάδα
3522 4876 3707 4948 φωνὴν

2128 4977 2515 5050 ἐμπιπρῶντες
2548 4975 2582 5048 ἢ
2628 4973 2944 5048 ὲμπρησταὶ
2986 4970 3328 5042 σημαίνουσι.
3362 4970 3472 5022 Καὶ
3502 4968 3581 5032 τὸ,
3616 4985 3708 5021 σε-

2130 5070 2304 5142 ραφὶμ
2350 5068 2444 5122 τὸν
2484 5066 2810 5139 ἐμπρησμὸν
2839 5064 3031 5135 δηλοῦν
3063 5062 3301 5130 λέγεται.
3331 5060 3422 5113 Διὸ
3447 5060 3576 5131 περὶ
3606 5059 3709 5129 τῆς

2127 5158 2422 5228 ἀηελικῆς
2469 5157 2751 5228 δυνάμεως
2808 5154 3056 5227 εἴρηταιο
3091 5152 3146 5203 Ὁ
3187 5149 3374 5203 ποιῶν
3413 5149 3710 5219 ἀγγέλους

2132 5250 2315 5304 αὐτοῦ
2363 5240 2694 5318 πνεύματα,
2732 5245 2832 5299 καὶ
2888 5243 3032 5309 τοὺς
3081 5240 3466 5310 λειτουργοὺς
3520 5240 3710 5295 αὐτοῦ

2129 5343 2248 5411 πῦρ
2274 5340 2518 5412 φλέγον.

2213 5435 2266 5487 '0
2288 5432 2576 5503 θεμελιῶν
2600 5429 2714 5500 τὴν
2744 5428 2860 5500 γῆν
2884 5429 2982 5483 ἐπὶ
3017 5428 3130 5496 τὴν
3147 5425 3491 5495 ἀσφάλειαν
3519 5423 3709 5492 αὐτῆς

2132 5529 2204 5581 οὺ
2237 5524 2586 5591 κλιθήσεται
2613 5525 2702 5587 εὶς
2743 5521 2851 5574 τὸν
2884 5519 3070 5574 αἰῶνα
3109 5517 3214 5573 τοῦ
3258 5516 3712 5584 αἰῶνος.⁹Αϐυσ-

2130 5641 2244 5687 σος
2278 5623 2358 5687 ὡς
2393 5619 2622 5690 ἱμάτιον·
2668 5616 2734 5670 τὸ
2781 5617 3161 5684 περιϐόλαιον
3191 5615 3398 5680 αὐτοῦ,
3448 5612 3548 5667 ἐπὶ
3593 5612 3713 5668 τῶν

2136 5709 2320 5779 ὀρέων
2376 5708 2708 5774 στήσονται
2752 5705 2962 5762 ὕδατα.
2981 5705 3116 5763 Ἀπὸ
3159 5701 3552 5774 ἐπιτιμήσεως
3593 5719 3712 5759 σου

530 5866 573 5900 ⁸³
607 5865 750 5922 Psal.
792 5881 988 5922 cxxxvn
1013 5904 1029 5930 ,
1064 5867 1116 5920 ι.
1196 5868 1215 5899 ³
1280 5870 1300 5922 ι
1338 5866 1477 5922 Tim.
1516 5883 1587 5932 ιι,
1626 5868 1658 5922 8
1757 5867 1804 5899 ³⁸
1843 5865 2000 5922 Joan.

2104 5906 2108 5926 ,
2145 5865 2235 5919 24.
2313 5864 2357 5897 ³⁸
2395 5861 2644 5928 Ιοίιημι,
2679 5863 2732 5918 9.
