4102 6388
367 425 508 480 1273

1483 400 1993 463 COMMENTABIA
2029 399 2096 456 IN
2135 394 2474 454 PSALMOS.

3474 379 3612 434 1274

367 544 708 617 φεύξονται,
755 537 870 593 ἀπὸ
913 532 1114 606 φωνῆς
1161 526 1429 598 ,ϐροντῆς
1460 541 1578 580 σου
1611 522 1949 578 δειλιάσου-

2068 521 2161 574 ῖνιιί
2201 519 2281 571 tui
2309 511 2688 586 formidabant.
2726 507 3022 564 Ascendunt
3066 509 3265 582 montes
3312 507 3362 554 et
3406 496 3619 552 descen-

2073 613 2082 617 Α
2385 610 2394 617 ·
2433 606 2444 617 ·
2531 604 2542 617 ι
2839 616 2861 617 η
2913 596 3145 617 r.,_,.1__..'
3181 596 3245 617 -r-
3317 591 3616 617 'l'--.-..'.....n

367 655 492 694 σιν.
510 633 959 690 Ἀναϐαίνουσιν
997 627 1124 696 ὄρη,
1166 625 1262 679 καὶ
1305 619 1730 675 καταϐαίνουσι
1768 614 1945 669 πεδία

369 731 456 794 είς
495 727 683 780 τόπον
709 723 782 778 ὃν
813 720 1212 790 ἐθεμελίωσας
1252 713 1678 779 αὺτοῖς-,Ὅριον
1721 708 1882 764 ἔθου.
1913 706 1944 760 ὃ

370 823 442 875 οὺ
485 817 981 886 παρελεύσονται,
1023 809 1165 864 οὐδὲ
1203 805 1639 874 ἐπιστρέφουσι
1677 800 1946 868 καλῦψαι

372 915 486 982 τὴν
514 909 722 982 τῆν.Ὁ
769 900 1235 970 ὲξαποστέλλων
1271 897 1466 966 πηγὰς
1511 896 1580 948 ἐν
1628 889 1944 963 φάραγξιν,

372 1005 489 1060 ἀνὰ
512 1003 707 1074 μέσον
738 996 856 1051 τῶν
893 993 1078 1063 ὀρέων
1126 991 1540 1044 διελεύσονται
1588 983 1798 1038 ὕδατα.
1833 984 1951 1034 Ποσ-

371 1073 568 1151 τιοῦσι
596 1092 794 1146 πάντα
821 1089 891 1142 τὰ
915 1087 1091 1154 θηρία
1123 1083 1228 1136 τοῦ
1259 1079 1464 1148 ἀγροῦ,
1515 1073 1949 1145 προσδέξονται

372 1192 612 1260 ὄναῃροι
651 1189 740 1251 εὶς
776 1185 965 1253 δίψαν
1009 1177 1362 1235 αὐτῶν.Ἑπ’
1399 1173 1551 1228 αὐτὰ
1597 1171 1669 1224 τὰ
1714 1170 1952 1222 πετεινὰ

371 1281 480 1338 τοῦ
521 1278 784 1350 οὐρανοῦ
831 1269 1309 1340 κατασκηνώσει,
1348 1266 1418 1320 ἐκ
1456 1263 1651 1335 μέσου
1694 1259 1814 1314 τῶν
1858 1275 1954 1311 πε-

373 1375 527 1444 τρῶν
586 1349 853 1428 δώσουσι
909 1365 1138 1440 φωνήν.
1198 1359 1456 1422 Ποτίζων
1517 1357 1624 1426 ὅρη
1694 1354 1765 1408 ἐκ
1834 1349 1955 1406 τῶν

373 1443 655 1534 ὑπερῴων
698 1463 906 1518 αὐτοῦ.
943 1457 1097 1513 Ἐπεὶ
1142 1455 1238 1511 καὶ
1283 1453 1584 1526 ἀρχόμενος
1637 1446 1850 1514 ἔλεγεν
1893 1443 1955 1495 '0

373 1558 670 1629 στεγάζων
716 1557 786 1611 ἐν
833 1553 1004 1608 ὕδατι
1059 1550 1131 1606 τὰ
1177 1546 1420 1616 ὑπερῷα
1469 1540 1655 1598 αὐτοῦ
1682 1557 1697 1572 ο
1725 1537 1820 1592 νῦν
1853 1553 1957 1607 φη-

376 1668 461 1704 σι·
514 1648 773 1710 Ποτίζων
819 1646 926 1716 ὄρη
978 1647 1047 1700 ἐκ
1090 1641 1212 1698 τῶν
1254 1637 1537 1707 ὑπερῴων
1585 1648 1739 1688 σου⁸
1781 1632 1830 1683 εί
1879 1631 1953 1700 μή

374 1763 452 1816 τῳ
507 1743 660 1813 φίλον
713 1739 941 1812 ὑπερῷα
992 1737 1086 1793 τοῦ
1141 1733 1279 1789 Θεοῦ
1338 1733 1415 1796 ὡς
1479 1728 1608 1800 παρ’
1642 1721 1806 1780 αὐτοῦ
1859 1738 1956 1776 πε-

375 1815 650 1907 ποιημένα
694 1833 785 1886 τὸν
831 1831 969 1903 ἀέρα
1009 1831 1171 1893 νοεῖν,
1197 1827 1311 1888 τοῖς
1340 1823 1526 1894 νέφεσι
1562 1815 1957 1891 περιϐαλλόμε-

375 1945 486 1984 νον.
515 1927 734 1991 Ποτίζει
761 1921 1051 1996 τοιγαροῦν
1081 1925 1110 1978 ό
1135 1920 1269 1984 Θεὸς
1295 1917 1364 1971 τὰ
1391 1915 1493 1988 δρη
1520 1915 1616 1969 καὶ
1647 1911 1717 1965 τά
1748 1911 1806 1964 ὲν
1838 1907 1963 1962 τού-

376 2037 490 2083 τοις
515 2017 673 2072 πεδία
699 2017 801 2088 τήν
832 2033 893 2068 τε
921 2014 1118 2085 λοιπὴν
1152 2011 1444 2082 σύμπασαν
1467 2007 1572 2077 γῆν
1602 2005 1703 2058 οὐκ
1725 2001 1834 2056 ἀπὸ
1854 1999 1963 2052 τῶν

374 2115 402 2162 ι
470 2111 589 2175 ταῐς
622 2107 860 2181 φάραγξι
885 2106 1101 2178 πηγῶν,
1129 2103 1237 2158 οὐδ’
1267 2101 1375 2156 ἀπὸ
1405 2099 1512 2154 τῶν
1531 2094 1844 2169 φερομένων
1862 2109 1964 2146 κα-

386 2205 445 2258 τὰ
476 2204 582 2274 γῆς
618 2201 901 2272 ποταμῶν,
938 2199 1052 2253 ἀλλ’
1072 2197 1180 2251 ἀπὸ
1200 2194 1307 2248 τῶν
1332 2190 1596 2262 ὑπερῴων
1623 2186 1789 2241 αὑτοῦ
1829 2185 1967 2238 ἀνω-

381 2296 470 2350 θεν
490 2296 582 2364 ἀφ’
597 2293 764 2364 ὕψους
792 2293 918 2355 τοὺς
941 2290 1236 2360 αὐτάρκεις
1254 2287 1348 2341 καὶ
1375 2281 1824 2356 μεμετρημένους
1848 2281 1968 2332 ὲπι-

379 2385 633 2460 χορηγῶν
665 2384 874 2448 ὑετούς.
891 2382 1149 2452 ’Υπερῷα
1193 2380 1251 2433 δὲ
1300 2375 1436 2432 Θεοῦ
1478 2375 1569 2428 τὸν
1615 2375 1753 2445 ἀέρα
1790 2371 1964 2433 καλεῖ,

380 2479 634 2550 καθάπερ
687 2476 780 2530 ἐπὶ
826 2477 954 2547 μιᾶς
991 2473 1167 2535 οἰκίας
1201 2469 1296 2524 τοῦ
1345 2467 1544 2530 παντὸς
1591 2463 1966 2535 κόσμου.¹¹ορη

384 2573 484 2644 μέν
518 2572 656 2625 εἰσιν
683 2571 734 2624 οι
763 2567 1199 2640 πνευματοφόροι
1230 2565 1421 2635 ἀνδρες
1444 2577 1458 2592 ·
1485 2557 1796 2622 ποτίζονται
1823 2555 1881 2608 δὲ
1904 2555 1970 2606 ὲκ

380 2661 491 2714 τῶν
524 2658 790 2730 ὑπερῴων
826 2655 992 2712 αὑτοῦ
1031 2655 1125 2710 τοῦ
1147 2653 1305 2716 Θεοῦ,
1335 2647 1703 2720 πληρούμενοι
1732 2643 1842 2698 τῶν
1874 2641 1967 2696 τοῦ

383 2751 702 2824 Πνεύματθς
749 2749 1125 2822 χαρισμάτων,
1154 2747 1316 2814 λόγου
1350 2743 1544 2812 σοφίας
1577 2739 1674 2794 καὶ
1702 2738 1810 2792 τῶν
1844 2735 1970 2807 ἑξῆς

383 2840 1152 2917 ἁπηριθμημένων.¹Υπερῷα
1195 2838 1253 2892 δὲ
1306 2835 1464 2902 Θεοῦ,
1508 2833 1600 2904 ἀφ’
1633 2824 1708 2885 ῶν
1756 2828 1828 2883 τὰ
1868 2827 1970 2898 ὅρη

385 2937 616 3003 ποτίζει,
643 2937 967 3008 ἀκραιφνεῖς
999 2934 1095 2988 καὶ
1128 2929 1567 3002 ὑπερϐάλλουσαι
1609 2921 1834 2994 θεωρίαι
1871 2919 1972 2988 τῆς

385 3029 642 3100 ἀληθείας
670 3027 1020 3098 τυγχάνουσι,
1053 3020 1279 3094 ὑπερῷα
1311 3017 1664 3088 καλούμεναι,
1698 3011 1777 3083 τῷ
1807 3009 1973 3083 μηδὲν

385 3122 557 3186 αὐτὰς
605 3115 1167 3191 ὑπεραναϐεϐηκέναι.
1185 3112 1321 3167 Ἀπὸ
1365 3109 1597 3178 καρποῦ
1639 3105 1759 3160 τῶν
1784 3104 1974 3174 ἔργων

386 3233 503 3269 σου
554 3210 1036 3282 χορτασθήσεται
1072 3207 1110 3275 ἡ
1147 3204 1246 3276 γῆ.
1280 3202 1453 3266 Αὐτὸς
1479 3201 1589 3271 γὰρ
1621 3196 1776 3252 εἷπε·
1817 3198 1976 3250 Βλα-

385 3302 670 3372 στησάτω
696 3303 735 3370 ἡ
763 3299 836 3371 γῆ
857 3297 1132 3365 βοτάνην
1155 3297 1396 3364 χόρτου,
1413 3291 1512 3346 καὶ
1542 3291 1735 3356 ξύλον
1764 3286 1974 3357 κάρπι-

383 3414 503 3468 μον
530 3393 746 3450 ποιοῦν
766 3392 1018 3461 καρπὸν,
1036 3390 1129 3443 καὶ
1153 3388 1221 3442 τά
1240 3388 1387 3458 ἑξῆς.
1404 3387 1499 3439 Ἐκ
1517 3383 1624 3437 τῶν
1639 3380 1812 3453 Ἰησοῦ
1836 3377 1977 3433 κατὰ

389 3489 486 3564 τὴν
519 3485 828 3556 οἰκονομίαν
851 3481 1233 3556 ἔργων,πολὺν
1265 3479 1479 3551 καρπὸν
1505 3477 1759 3548 ἐχόντων,
1791 3474 1980 3527 ἅπασα

389 3585 423 3653 ἡ
450 3582 524 3653 γῆ
555 3580 898 3652 χορτάξεται,
923 3577 1413 3648 μεταλαμϐάνουσα
1437 3572 1546 3625 τῶν
1574 3569 1717 3623 οὕτω
1745 3565 1980 3636 παραδό-

393 3674 499 3738 ξως
529 3674 634 3727 ὑπὸ
657 3670 832 3744 Ἰησοῦ
866 3669 1249 3739 γεγενημένων
1267 3683 1282 3697 ο
1319 3659 1474 3727 οὗτος
1500 3663 1609 3732 γὰρ
1634 3659 1845 3730 καρπὸς
1871 3655 1980 3709 τῶν

392 3766 570 3838 ἔργων
597 3761 760 3817 αὐτοῦ
781 3761 1058 3831 τυγχάνει.
1080 3759 1190 3812 Καὶ
1217 3760 1245 3810 ό
1270 3757 1428 3826 λόγος
1457 3753 1516 3808 δὲ
1547 3755 1575 3806 ό
1602 3751 1730 3822 περὶ
1758 3748 1867 3802 τῶν
1893 3746 1983 3817 έρ-

530 3857 627 3927 τῆς
657 3826 1018 3926 δημιουργίας
1041 3852 1134 3906 καὶ
1165 3848 1417 3922 προνοίας
1450 3844 1614 3900 αὐτοῦ
1670 3841 1902 3912 νοηθεὶς,
1940 3831 2028 3890 οἷα
2082 3829 2294 3902 καρπὸς
2342 3826 2520 3897 ἔργων

394 3953 540 4023 φημὶ
561 3949 626 4022 δὴ
648 3949 776 4012 τοὺς
805 3949 899 4002 ὲπί
925 3947 1026 4016 τῆς
1053 3946 1159 4016 γῆς
1185 3942 1558 4016 διατρίϐοντας
1585 3935 1925 4009 ἀνθρώπους.

497 4069 541 4120 Ο
562 4063 984 4130 ἐξανατέλλων
998 4063 1215 4131 χόρτον
1227 4059 1350 4125 τοῖς
1372 4057 1641 4126 κτήνεσι,
1659 4052 1759 4108 καὶ
1783 4051 1976 4124 χλόην

395 4157 471 4228 τῇ
494 4156 742 4224 δουλείᾳ
767 4152 884 4207 τῶν
923 4152 1268 4221 ἀνθρώπων,
1299 4152 1406 4206 τοῦ
1450 4147 1766 4219 ἐξαγαγεῖν
1801 4145 1985 4214 ἄρτον

395 4257 465 4310 ἐκ
482 4251 592 4320 τῆς
608 4248 742 4319 γῆς’
765 4246 864 4301 καὶ
880 4243 1044 4310 οἶνος
1054 4245 1360 4314 εὐφραίνει
1374 4243 1628 4312 καρδίαν
1644 4237 1980 4310 ἀνθρώπου,

396 4348 492 4402 καὶ
527 4344 596 4398 τὰ
626 4342 771 4414 ἑξῆς.
807 4338 997 4405 Εἶπεν,
1029 4340 1110 4392 ὅτι
1153 4337 1262 4391 ἀπὸ
1298 4334 1390 4389 τοῦ
1426 4332 1583 4386 ὑετοῦ
1616 4333 1812 4387 κτᾶται
1846 4329 1983 4403 πλη-

2049 613 2180 666 dunt
2220 610 2396 678 campi
2427 606 2482 660 in
2525 604 2696 658 locum
2721 616 2870 672 quem
2908 596 3145 667 fundasti
3171 596 3269 649 eis.
3317 591 3619 646 Terminuin

2048 700 2294 772 posuisti,
2333 712 2484 768 quem
2536 709 2640 748 non
2685 687 3158 760 transgredientur,
3202 699 3363 754 neque
3408 695 3623 735 conver-

2051 801 2227 848 tentur
2252 789 2452 858 operire
2488 795 2705 841 terram.
2736 781 2840 848 Qui
2868 779 3064 847 emittis
3089 779 3254 846 fontes
3283 777 3336 829 in
3368 771 3624 828 convalli-

2049 885 2166 948 bus,
2190 885 2327 936 inter
2357 879 2586 934 medium
2617 875 2872 930 montium
2894 870 3285 941 pertransibunt
3315 882 3483 938 aqum.
3515 863 3624 916 Po-

2053 977 2240 1031 tabunt
2293 989 2472 1030 omnes
2519 970 2696 1025 bestia:
2745 966 2883 1037 agri,
2929 959 3301 1029 exspectabunt
3343 958 3528 1030 onagri
3570 958 3627 1008 in

2052 1069 2144 1123 siti
2197 1082 2317 1122 sua.
2356 1063 2524 1132 Super
2577 1078 2640 1116 ea
2702 1058 2937 1113 volucres
2992 1054 3107 1109 creti
3155 1051 3504 1113 habitabant,
3565 1047 3629 1102 de

2053 1158 2227 1213 medio
2292 1166 2562 1224 petrarum
2638 1150 2839 1204 dabunt
2899 1163 3096 1202 vocem.
3167 1143 3365 1214 Rigans
3429 1149 3628 1194 montes

2061 1251 2127 1304 de
2182 1222 2541 1319 superioribus
2609 1243 2740 1298 suis.
2809 1240 2946 1306 Quia
3007 1238 3161 1308 prius
3225 1222 3476 1297 diierat,
3525 1230 3632 1297 Qui

2056 1345 2183 1412 tegis
2213 1357 2351 1411 aqua
2383 1336 2657 1406 superiora
2684 1334 2834 1398 eius;
2864 1331 2955 1385 hic
2987 1330 3085 1398 ait,
3116 1327 3314 1398 Rigans
3345 1334 3544 1380 montes
3570 1322 3634 1376 de

2055 1409 2415 1499 superioribus
2469 1426 2594 1480 tuis.
2626 1421 2745 1478 Nisi
2796 1420 2954 1476 malit
2998 1420 3123 1489 quis
3179 1415 3466 1488 superiora
3512 1409 3632 1477 Dei,

2055 1524 2214 1595 quasi
2243 1522 2310 1576 ab
2337 1537 2404 1576 eo
2436 1523 2752 1575 constructa
2777 1529 2959 1570 aerem
2985 1511 3226 1568 nubibus
3257 1509 3518 1564 amictum
3554 1508 3640 1561 in-

2057 1617 2326 1687 telligere.
2361 1612 2503 1667 Deus
2544 1612 2728 1681 itaque
2761 1614 2975 1662 montes
3014 1613 3068 1659 et
3097 1617 3321 1673 campos
3349 1601 3443 1672 qui
3472 1600 3528 1654 in
3557 1599 3640 1654 eis

2058 1718 2206 1771 sunt,
2237 1716 2294 1763 et
2331 1705 2644 1760 universam
2680 1699 2945 1770 reliquam
2981 1707 3181 1751 terram
3224 1695 3385 1762 rigat,
3431 1705 3541 1746 non
3573 1703 3642 1744 ex

2063 1800 2308 1858 fontibus
2338 1794 2690 1855 convallium,
2729 1804 2908 1860 neque
2943 1803 3010 1843 ex
3043 1785 3360 1842 ﬂuminibus
3394 1796 3515 1852 quae
3544 1795 3643 1850 per

1992 1872 2032 1927 Β
2063 1905 2265 1951 terram
2313 1889 2582 1950 deﬂuunt,
2615 1885 2709 1942 sed
2744 1884 2813 1939 de
2867 1879 3245 1952 superioribus
3279 1877 3395 1934 suis
3430 1873 3644 1946 pluvias

2064 2003 2132 2042 ex
2168 1986 2280 2040 allo
2323 1980 2655 2038 suﬂicientes
2712 1992 2777 2030 ac
2825 1975 3140 2029 moderatas
3191 1968 3641 2028 subministrans.

2068 2078 2366 2151 Superiora
2399 2083 2580 2129 autem
2619 2070 2718 2126 Dei
2749 2077 2910 2125 vocat
2943 2081 3149 2132 aerem,
3181 2063 3246 2119 de
3281 2068 3396 2116 toto
3438 2057 3647 2114 mundo

2065 2149 2224 2243 quasi
2253 2167 2322 2222 de
2348 2166 2512 2221 domo
2539 2160 2776 2232 quadam
2803 2159 2969 2215 verba
3009 2155 3239 2212 faciens.
3274 2151 3486 2208 Montes
3526 2149 3649 2218 qui-

2065 2269 2189 2324 dem
2233 2274 2364 2322 sunt
2409 2257 2726 2332 spirituales
2775 2253 2880 2310 viri
2915 2271 2930 2308 :
2958 2251 3015 2305 hi
3044 2255 3226 2303 autem
3256 2245 3555 2314 irrigantur
3583 2239 3652 2293 de

2067 2357 2450 2433 superioribus
2497 2352 2674 2424 ipsius
2725 2347 2841 2411 Dei,
2897 2343 3136 2414 Spiritus
3173 2336 3349 2394 sancti
3377 2334 3536 2388 donis
3565 2345 3652 2385 re-

2067 2427 2222 2526 pleti,
2252 2449 2506 2507 videlicet
2555 2455 2812 2500 sermone
2853 2434 3154 2508 sapientiae,
3206 2427 3525 2497 caeterisque
3566 2439 3653 2478 reo

2069 2546 2319 2604 censitis.
2362 2538 2659 2612 Superiora
2688 2548 2818 2590 vero
2846 2529 2964 2592 Dei,
2999 2528 3066 2582 de
3103 2524 3304 2597 quibus
3343 2529 3554 2575 montes
3579 2516 3657 2571 ir-

2069 2641 2234 2712 rigat,
2293 2644 2422 2694 sunt
2469 2630 2733 2691 sublimes
2777 2641 2840 2680 ac
2886 2619 3099 2679 eximiae
3130 2615 3380 2672 veritatis
3411 2618 3656 2667 contem-

2069 2699 2362 2802 plationes,
2389 2739 2512 2796 qua:
2547 2717 2834 2791 superiora
2867 2716 3157 2773 vocantur,
3187 2703 3336 2777 quod
3367 2701 3504 2758 nihil
3532 2699 3657 2754 illas

2073 2791 2447 2876 transcendat.
2502 2812 2579 2868 De
2638 2809 2816 2880 fructu
2857 2819 3072 2874 operum
3115 2810 3325 2854 tuorum
3371 2791 3660 2850 satiabitur

2074 2924 2238 2968 terra.
2295 2909 2419 2978 Ipse
2462 2916 2701 2973 namque
2747 2897 2906 2961 dixit,
2959 2891 3226 2948 Germinet
3261 2898 3403 2942 terra
3440 2881 3657 2937 herbam

2073 3005 2180 3076 feni
2211 3011 2260 3058 et
2287 2976 2486 3072 tignum
2517 2993 2853 3066 fructiferum
2875 2989 3074 3058 faciens
3108 2984 3341 3054 fructum
3361 2979 3427 3043 ³⁷,
3457 2984 3510 3032 et
3535 2976 3661 3030 reli-

2073 3113 2202 3169 qua.
2242 3070 2487 3148 Evaesu
2521 3086 2781 3159 operibus
2806 3097 2903 3153 per
2929 3075 3290 3134 mconomiam
3319 3070 3505 3135 editis,
3540 3083 3662 3139 quae

2000 3218 2044 3276 ς
2077 3167 2266 3244 multis
2315 3183 2594 3240 fructibus
2658 3179 2934 3233 instructa
2987 3179 3138 3235 sunt,
3201 3167 3460 3223 universa
3514 3172 3662 3218 terra

2498 3274 2507 3276 “
3122 3260 3144 3276 τ
3282 3275 3295 3276 κ
3322 3259 3339 3276 l
3357 3274 3366 3276 ς
3387 3273 3403 3276 -
3440 3253 3632 3276 ..-ε-,ιε

2081 3281 2337 3342 satiatur,
2369 3274 2646 3348 particeps
2674 3281 2865 3325 eorum
2906 3279 3028 3336 qua:
3054 3278 3086 3317 a
3117 3260 3246 3317 Jesu
3276 3259 3413 3314 adeo
3440 3253 3665 3310 mirabi-

2081 3374 2207 3428 liter
2245 3374 2555 3442 perpetrata
2610 3368 2738 3418 sunt
2773 3379 2786 3414 :
2820 3359 2911 3414 hic
2968 3354 3112 3412 enim
3176 3352 3390 3407 fructus
3439 3361 3664 3417 operum

2081 3466 2202 3535 ejus
2223 3438 2329 3518 est.
2361 3459 2427 3514 Et
2453 3457 2672 3530 quidem
2694 3467 2876 3509 sermo
2905 3450 2973 3504 de
2997 3445 3257 3518 operibus
3283 3438 3579 3498 creationis
3611 3445 3666 3490 et

2083 3551 2439 3628 providentiae
2493 3548 2691 3619 ipsius,
2721 3558 2820 3598 ceu
2880 3539 3092 3594 fructus
3144 3548 3371 3604 operum
3402 3531 3502 3585 Dei
3543 3544 3666 3584 esse

2083 3646 2416 3702 intellectus,
2480 3617 2683 3692 terram
2745 3630 3001 3695 satiabit;
3064 3638 3259 3694 nempe
3312 3617 3667 3676 homines'in

2087 3750 2233 3795 terra
2263 3739 2568 3791 versantes.

2566 3819 2702 3875 Θεοῦ
2744 3815 3050 3887 τυγχάνων,
3087 3811 3340 3884 χορτάσει
3379 3805 3475 3879 τὴν
3523 3802 3625 3873 γῆν
3649 3819 3662 3834 ·

2156 4038 2326 4094 Vens.
2375 4033 2466 4098 M,
2518 4031 2606 4086 15.
2652 4022 2956 4082 Produeens
2980 4021 3159 4091 fenum
3178 4016 3437 4082 jumentis
3471 4024 3520 4068 et
3545 4014 3669 4068 her-

2084 4134 2204 4188 bam
2230 4127 2472 4185 servituti
2514 4121 2806 4183 hominum,
2852 4127 2910 4169 ut
2955 4112 3148 4169 educas
3183 4123 3370 4179 panem
3399 4107 3465 4160 de
3494 4117 3667 4169 terra;

2081 4237 2130 4282 et
2159 4227 2337 4280 uinum
2371 4218 2611 4281 tcetificat
2647 4229 2738 4267 cor
2760 4209 3010 4270 hominis,
3041 4215 3096 4261 et
3123 4210 3340 4259 caetera.
3374 4199 3464 4253 Ait
3493 4215 3523 4252 a
3551 4200 3671 4269 plu-

2081 4320 2169 4375 via
2205 4316 2511 4375 satietatem
2553 4320 2713 4364 terra:
2741 4301 2946 4376 parari,
2977 4299 3090 4355 Deo
3125 4311 3296 4368 aquas
3325 4309 3392 4350 ex
3421 4293 3559 4346 mari
3584 4307 3670 4347 re—

399 4435 601 4510 σμονὴν
631 4389 785 4506 ὴῒγξι,
805 4432 900 4486 τοῦ
926 4389 1061 4485 Θέοῦ
1090 4389 1454 4500 ἐργαζομένου
1483 4427 1581 4498 τὴν
1612 4428 1676 4480 ὲκ
1708 4389 1970 4494 θαλάσσης

2084 4413 2340 4468 ducente.
2370 4402 2578 4461 Deinde
2606 4400 2815 4454 indicat
2853 4395 3144 4450 utilitatem
3180 4389 3307 4443 hinc
3334 4399 3668 4457 promanan-

2320 4501 2332 4510 ·
2659 4508 2667 4510 ~
2719 4488 3036 4510 tut—us---
3069 4483 3401 4510 z..._:.....mm
3455 4476 3667 4510 mmnitc

397 4528 508 4583 τῶν
536 4525 747 4580 ὑδάτων
771 4523 1082 4594 ἀναγωγήν.
1115 4516 1248 4574 Εἶτα
1273 4520 1371 4592 τὴν
1402 4518 1651 4573 ἐντεῦθεν
1669 4516 1982 4571 ὑποδείκνυ-

401 4637 488 4673 σιν
514 4618 799 4688 ὡφέλειαν,
834 4616 918 4668 ὅτι
960 4613 1246 4667 πιανθεῖσα
1279 4615 1342 4666 ἐκ
1373 4612 1473 4682 τῆς
1500 4610 1608 4664 τῶν
1649 4611 1858 4663 ὑδάτων
1889 4625 1981 4678 χο-

404 4713 602 4786 ρηγίας
649 4712 684 4782 ἡ
737 4711 830 4778 γῆ,
858 4705 1195 4770 ἐξανατέλλει
1225 4706 1338 4768 τοῖς
1366 4705 1458 4758 ἀπ’
1488 4704 1656 4774 αὐτῆς
1685 4703 1857 4756 ἅπασι
1886 4700 1985 4764 τὰς

402 4803 744 4877 προσφόρους
777 4799 1014 4870 τροφάς·
1054 4797 1325 4869 ἀνθρώπῳ
1361 4798 1458 4867 μὲν
1486 4797 1696 4864 εὐγενεῖ
1719 4793 1863 4862 ζώῳ,
1890 4794 1986 4846 καὶ

403 4895 510 4952 ὑπὸ
532 4894 626 4947 τοῦ
655 4893 791 4946 Θεοῦ
815 4891 1181 4962 τετιμημένῳ,
1211 4889 1488 4961 ἐξαίρετον
1529 4889 1626 4941 καὶ
1669 4885 1986 4958 ἀφωρισμέ-

402 5006 501 5058 νην
543 4986 768 5058 τροφὴν,
805 4985 989 5057 ἄρτον,
1015 4984 1108 5036 καὶ
1139 4978 1280 5035 οἶνον
1315 4982 1410 5035 καὶ
1439 4981 1616 5034 ἔλαιον
1636 4995 1648 5009 ·
1681 4979 1844 5050 ἀρτον
1887 4979 1984 5048 μὲν

404 5081 499 5134 ἐπὶ
541 5078 619 5150 τῷ
668 5076 1018 5147 στηρίζεσθαι
1063 5075 1157 5128 καὶ
1201 5073 1568 5144 δυναμοῦσθαι
1602 5073 1698 5143 τὴν
1735 5071 1984 5142 καρδίαν,

403 5167 546 5224 οἶνον
587 5171 645 5224 δὲ
679 5171 771 5222 ἐπὶ
811 5169 892 5239 τῷ
923 5166 1415 5238 κατευφραίνεσθαι
1447 5165 1546 5237 τὴν
1571 5164 1767 5236 ψυχὴν,
1812 5163 1988 5216 ἔλαιον

403 5266 461 5318 δὲ
487 5267 580 5318 ἐπὶ
598 5264 677 5335 τῷ
702 5263 1091 5336 φαιδρύνεσθαι
1116 5255 1178 5315 τὸ
1205 5261 1385 5334 σῶμα,
1404 5260 1498 5314 καὶ
1521 5258 1888 5313 ἀπαλύνεσθαι
1911 5257 1991 5310 θε-

407 5357 780 5428 ραπευόμενον
819 5358 884 5410 ὲκ
909 5357 1008 5426 τῆς
1035 5355 1298 5408 ἐπιπόνου
1334 5351 1772 5426 σκληραγωγίας.
1802 5349 1988 5414 Οὕτως

403 5445 554 5517 αὐτῷ
582 5447 840 5500 πλουσίαν
887 5449 982 5500 καὶ
1025 5449 1090 5500 ὲκ
1132 5447 1394 5500 πλειόνων
1437 5443 1713 5518 τράπεζαν
1743 5443 1824 5505 εἰς
1855 5441 1988 5494 ἀπό-

404 5539 596 5593 λαυσιν
618 5533 704 5592 οἷα
732 5539 914 5610 πατὴρ
945 5541 974 5592 ὁ
1000 5539 1133 5602 Θεὸς
1163 5538 1493 5610 ἐδωρήσατο.
1526 5534 1601 5588 Οὐ
1632 5533 1735 5604 μὴν
1768 5531 1862 5584 καὶ
1889 5531 1990 5600 τῆς

405 5632 515 5685 τῶν
546 5632 750 5685 λοιπῶν
789 5630 942 5695 ζώων
967 5630 1426 5703 κατωλιγώρησεν
1459 5627 1797 5699 ἐπιμελείας·
1831 5641 1992 5697 φρον-

408 5725 569 5790 τίζων
608 5726 666 5779 δὲ
712 5725 806 5779 καὶ
848 5723 948 5794 τῆς
988 5724 1193 5779 τούτων
1237 5724 1498 5796 διαμονῆς
1521 5722 1620 5794 τὴν
1647 5717 1990 5793 ἁρμόζουσαν

504 5884 521 5912 ⁷
563 5879 693 5934 Gen.
735 5897 782 5948 I,
824 5879 906 5935 Η.

2015 4485 2056 4541 D
2085 4514 2219 4568 tem,
2243 4501 2372 4573 quia
2409 4508 2676 4568 aquarum
2719 4488 3039 4559 irrigatione
3069 4483 3424 4553 impinguata,
3455 4476 3670 4531 cunctis

2089 4572 2284 4652 incolis
2307 4593 2422 4650 suis
2433 4593 2824 4659 congruentem
2841 4582 3023 4638 cibum
3041 4576 3244 4650 profert
3257 4594 3284 4641 .;
3305 4572 3514 4627 homini
3540 4575 3667 4640 qui-

2086 4691 2207 4745 dem
2239 4686 2406 4742 nobili
2422 4679 2668 4744 animali,
2693 4686 2746 4732 et
2767 4674 2908 4746 apud
2936 4671 3106 4727 Deum
3139 4670 3194 4723 in
3220 4669 3428 4722 honore
3460 4665 3668 4726 habito,

2090 4781 2351 4837 eximium
2379 4791 2444 4830 ac
2469 4775 2730 4831 selectum
2761 4768 2967 4830 cibum,
2989 4776 3209 4835 panem,
3229 4760 3439 4823 vinum,
3470 4766 3525 4812 et
3557 4759 3671 4810 ole-

2087 4891 2200 4941 um;
2233 4885 2426 4942 panem
2455 4867 2674 4939 quidem
2706 4875 2814 4934 quo
2845 4862 2942 4914 cer
2971 4855 3229 4911 fulciatur
3271 4862 3325 4908 et
3357 4852 3666 4913 roboretur,

2080 4969 2266 5023 vinum
2297 4979 2407 5036 quo
2435 4963 2618 5017 anima
2647 4956 2970 5017 lmtiﬁcetur,
2997 4951 3175 5006 oleum
3218 4962 3328 5018 quo
3350 4961 3552 5015 corpus
3579 4959 3673 4996 ex-

2085 5061 2354 5115 hilaretur
2397 5065 2562 5126 atque
2589 5069 2620 5108 a
2669 5048 2948 5106 laboriosa
2983 5041 3372 5112 defatigatione
3425 5048 3666 5092 curetur.

2089 5154 2174 5209 Sic
2231 5161 2408 5206 autem
2440 5149 2517 5204 illi
2553 5145 2790 5218 opimam
2831 5149 2885 5197 et
2905 5136 3406 5195 variisinstructam
3428 5144 3670 5183 mensam

2089 5246 2157 5301 ad
2189 5259 2350 5300 usum
2379 5256 2481 5296 ceu
2513 5247 2664 5311 pater
2687 5232 2900 5308 paravit
2945 5229 3112 5284 Deus.
3145 5225 3332 5295 Neque
3356 5232 3535 5279 tamen
3564 5237 3668 5276 ea).

2092 5350 2336 5396 terorum
2369 5333 2688 5390 animalium
2723 5343 2913 5384 curam
2947 5324 3218 5394 neglexit;
3253 5321 3346 5377 sed
3380 5317 3449 5374 de
3482 5330 3670 5373 eorum

2091 5447 2310 5505 quoque
2338 5425 2754 5484 conservatione
2796 5421 3084 5486 sollicitus,
3123 5422 3511 5487 congruentem
3539 5411 3672 5481 ipsis

2092 5541 2275 5584 escam
2336 5517 2797 5581 subministravit,
2858 5515 3041 5570 fenum
3100 5509 3319 5581 quidem
3371 5504 3667 5577 jumentis,

2093 5616 2343 5677 servituti
2377 5624 2557 5669 autem
2601 5611 2906 5672 hominum,
2949 5605 3172 5660 herbam
3204 5599 3532 5672 producens.
3565 5597 3671 5648 Ac-

2092 5711 2439 5771 curatissime
2469 5721 2601 5764 vero
2628 5703 2888 5776 propheta
2926 5698 3240 5755 animalium
3266 5692 3668 5751 distinctionem
