  <div class='ocr_page' id='page_1' title='image "/cluster/home/n/w/nwhite01/storage/ocr_20150623/23:no.5/coo.31924054873033/653.png"; bbox 0 0 4102 6420; ppageno 0'>
   <div class='ocr_carea' id='block_1_1' title="bbox 472 405 636 473">
    <p class='ocr_par' dir='ltr' id='par_1_1' title="bbox 472 405 636 473">
     <span class='ocr_line' id='line_1_1' title="bbox 472 405 636 473; baseline -0.006 0"><span class='ocrx_word' id='word_1_1' title='bbox 472 405 636 473; x_wconf 66' lang='grc'><strong>’1275</strong></span> 
     </span>
    </p>
   </div>
   <div class='ocr_carea' id='block_1_2' title="bbox 1175 408 3044 470">
    <p class='ocr_par' dir='ltr' id='par_1_2' title="bbox 1175 408 3044 470">
     <span class='ocr_line' id='line_1_2' title="bbox 1175 408 3044 470; baseline 0 -2"><span class='ocrx_word' id='word_1_2' title='bbox 1175 409 1442 470; x_wconf 72' lang='grc' dir='ltr'><strong>ΕΠΞΕΒΙΙ</strong></span> <span class='ocrx_word' id='word_1_3' title='bbox 1477 410 1960 468; x_wconf 66' lang='lat' dir='ltr'><strong>CAESARIENSIS</strong></span> <span class='ocrx_word' id='word_1_4' title='bbox 1992 411 2144 468; x_wconf 69' lang='lat' dir='ltr'><strong>()PP.</strong></span> <span class='ocrx_word' id='word_1_5' title='bbox 2181 408 2362 466; x_wconf 75' lang='lat' dir='ltr'><strong>PARS</strong></span> <span class='ocrx_word' id='word_1_6' title='bbox 2402 409 2490 467; x_wconf 82' lang='lat' dir='ltr'><strong>Ill.</strong></span> <span class='ocrx_word' id='word_1_7' title='bbox 2528 441 2602 455; x_wconf 90' lang='lat'><strong><em>—</em></strong></span> <span class='ocrx_word' id='word_1_8' title='bbox 2639 409 3044 468; x_wconf 80' lang='lat' dir='ltr'><strong>EXEGETICA.</strong></span> 
     </span>
    </p>
   </div>
   <div class='ocr_carea' id='block_1_3' title="bbox 3618 409 3760 466">
    <p class='ocr_par' dir='ltr' id='par_1_3' title="bbox 3618 409 3760 466">
     <span class='ocr_line' id='line_1_3' title="bbox 3618 409 3760 466; baseline -0.014 0"><span class='ocrx_word' id='word_1_9' title='bbox 3618 409 3760 466; x_wconf 71' lang='grc'><strong>1276</strong></span> 
     </span>
    </p>
   </div>
   <div class='ocr_carea' id='block_1_4' title="bbox 491 527 2074 602">
    <p class='ocr_par' dir='ltr' id='par_1_4' title="bbox 491 527 2074 602">
     <span class='ocr_line' id='line_1_4' title="bbox 491 527 2074 602; baseline -0.001 -15"><span class='ocrx_word' id='word_1_10' title='bbox 491 529 653 596; x_wconf 68' lang='lat' dir='ltr'><strong>fecit;</strong></span> <span class='ocrx_word' id='word_1_11' title='bbox 703 529 949 601; x_wconf 76' lang='lat' dir='ltr'><strong>jumenta</strong></span> <span class='ocrx_word' id='word_1_12' title='bbox 1002 527 1221 602; x_wconf 82' lang='lat' dir='ltr'><strong>quidem</strong></span> <span class='ocrx_word' id='word_1_13' title='bbox 1255 530 1560 602; x_wconf 77' lang='lat' dir='ltr'><strong>generatim</strong></span> <span class='ocrx_word' id='word_1_14' title='bbox 1589 531 1875 601; x_wconf 84' lang='lat' dir='ltr'><strong>appellans</strong></span> <span class='ocrx_word' id='word_1_15' title='bbox 1913 546 2074 586; x_wconf 88' lang='lat' dir='ltr'><strong>omne</strong></span> 
     </span>
    </p>
   </div>
   <div class='ocr_carea' id='block_1_5' title="bbox 2176 527 3760 602">
    <p class='ocr_par' dir='ltr' id='par_1_5' title="bbox 2176 527 3760 601">
     <span class='ocr_line' id='line_1_5' title="bbox 2176 527 3760 601; baseline -0.001 -17"><span class='ocrx_word' id='word_1_16' title='bbox 2176 530 2269 584; x_wconf 79' lang='grc' dir='ltr'><strong>καὶ</strong></span> <span class='ocrx_word' id='word_1_17' title='bbox 2301 530 2512 594; x_wconf 83' lang='grc' dir='ltr'>τούτοις</span> <span class='ocrx_word' id='word_1_18' title='bbox 2540 530 2800 601; x_wconf 79' lang='grc' dir='ltr'><strong>ἀπένειμε</strong></span> <span class='ocrx_word' id='word_1_19' title='bbox 2828 530 3036 600; x_wconf 88' lang='grc' dir='ltr'>τρυφήν</span> <span class='ocrx_word' id='word_1_20' title='bbox 3056 544 3069 556; x_wconf 83' lang='grc'><strong>’</strong></span> <span class='ocrx_word' id='word_1_21' title='bbox 3107 527 3299 601; x_wconf 81' lang='grc' dir='ltr'><strong>χόρτον</strong></span> <span class='ocrx_word' id='word_1_22' title='bbox 3343 528 3439 600; x_wconf 79' lang='grc' dir='ltr'><strong>μὲν</strong></span> <span class='ocrx_word' id='word_1_23' title='bbox 3477 531 3592 591; x_wconf 87' lang='grc' dir='ltr'>τοῖς</span> <span class='ocrx_word' id='word_1_24' title='bbox 3619 529 3760 599; x_wconf 79' lang='grc' dir='ltr'>κτή-</span> 
     </span>
    </p>
   </div>
   <div class='ocr_carea' id='block_1_6' title="bbox 491 622 2071 690">
    <p class='ocr_par' dir='ltr' id='par_1_6' title="bbox 491 622 2071 690">
     <span class='ocr_line' id='line_1_6' title="bbox 491 622 2071 690; baseline -0.002 -11"><span class='ocrx_word' id='word_1_25' title='bbox 491 622 696 679; x_wconf 82' lang='lat' dir='ltr'><strong>animal</strong></span> <span class='ocrx_word' id='word_1_26' title='bbox 745 623 912 678; x_wconf 88' lang='lat' dir='ltr'><strong>herba</strong></span> <span class='ocrx_word' id='word_1_27' title='bbox 959 638 1216 690; x_wconf 87' lang='lat' dir='ltr'><strong>vescens;</strong></span> <span class='ocrx_word' id='word_1_28' title='bbox 1259 623 1578 679; x_wconf 87' lang='lat' dir='ltr'><strong>servitutem</strong></span> <span class='ocrx_word' id='word_1_29' title='bbox 1611 639 1740 679; x_wconf 91' lang='lat' dir='ltr'><strong>vero</strong></span> <span class='ocrx_word' id='word_1_30' title='bbox 1769 623 2071 690; x_wconf 84' lang='lat' dir='ltr'><strong>hominum,</strong></span> 
     </span>
    </p>
   </div>
   <div class='ocr_carea' id='block_1_7' title="bbox 490 713 2076 783">
    <p class='ocr_par' dir='ltr' id='par_1_7' title="bbox 490 713 2076 783">
     <span class='ocr_line' id='line_1_7' title="bbox 490 713 2076 783; baseline -0.001 -13"><span class='ocrx_word' id='word_1_31' title='bbox 490 721 780 770; x_wconf 87' lang='lat' dir='ltr'><strong>mansueta</strong></span> <span class='ocrx_word' id='word_1_32' title='bbox 809 720 864 768; x_wconf 90' lang='lat' dir='ltr'><strong>et</strong></span> <span class='ocrx_word' id='word_1_33' title='bbox 893 713 1295 783; x_wconf 84' lang='lat' dir='ltr'><strong>quodammodo</strong></span> <span class='ocrx_word' id='word_1_34' title='bbox 1346 714 1526 768; x_wconf 86' lang='lat' dir='ltr'><strong>civilia</strong></span> <span class='ocrx_word' id='word_1_35' title='bbox 1565 714 1824 768; x_wconf 81' lang='lat' dir='ltr'><strong>animalia</strong></span> <span class='ocrx_word' id='word_1_36' title='bbox 1867 714 1932 769; x_wconf 91' lang='lat' dir='ltr'><strong>ad</strong></span> <span class='ocrx_word' id='word_1_37' title='bbox 1975 715 2076 769; x_wconf 89' lang='lat' dir='ltr'><strong>bo-</strong></span> 
     </span>
    </p>
   </div>
   <div class='ocr_carea' id='block_1_8' title="bbox 463 805 2074 876">
    <p class='ocr_par' dir='ltr' id='par_1_8' title="bbox 463 805 2074 876">
     <span class='ocr_line' id='line_1_8' title="bbox 463 805 2074 876; baseline -0.001 -15"><span class='ocrx_word' id='word_1_38' title='bbox 463 807 703 862; x_wconf 81' lang='lat' dir='ltr'><strong>&#39;minum</strong></span> <span class='ocrx_word' id='word_1_39' title='bbox 731 821 890 861; x_wconf 92' lang='lat' dir='ltr'><strong>usum</strong></span> <span class='ocrx_word' id='word_1_40' title='bbox 922 806 1199 875; x_wconf 79' lang='lat' dir='ltr'><strong>deputata,</strong></span> <span class='ocrx_word' id='word_1_41' title='bbox 1221 820 1454 876; x_wconf 88' lang='lat' dir='ltr'><strong>quorum</strong></span> <span class='ocrx_word' id='word_1_42' title='bbox 1487 805 1590 860; x_wconf 90' lang='lat' dir='ltr'><strong>alia</strong></span> <span class='ocrx_word' id='word_1_43' title='bbox 1622 805 1839 875; x_wconf 84' lang='lat' dir='ltr'><strong>quidem</strong></span> <span class='ocrx_word' id='word_1_44' title='bbox 1871 813 2074 860; x_wconf 88' lang='lat' dir='ltr'><strong>terram</strong></span> 
     </span>
    </p>
   </div>
   <div class='ocr_carea' id='block_1_9' title="bbox 493 896 2074 969">
    <p class='ocr_par' dir='ltr' id='par_1_9' title="bbox 493 896 2074 969">
     <span class='ocr_line' id='line_1_9' title="bbox 493 896 2074 969; baseline 0 -17"><span class='ocrx_word' id='word_1_45' title='bbox 493 906 655 953; x_wconf 84' lang='lat' dir='ltr'><strong>arant</strong></span> <span class='ocrx_word' id='word_1_46' title='bbox 714 898 1030 969; x_wconf 86' lang='lat' dir='ltr'><strong>hominique</strong></span> <span class='ocrx_word' id='word_1_47' title='bbox 1085 913 1243 968; x_wconf 90' lang='lat' dir='ltr'><strong>opem</strong></span> <span class='ocrx_word' id='word_1_48' title='bbox 1289 896 1493 963; x_wconf 81' lang='lat' dir='ltr'><strong>ferunt,</strong></span> <span class='ocrx_word' id='word_1_49' title='bbox 1540 903 1599 951; x_wconf 91' lang='lat' dir='ltr'><strong>ut</strong></span> <span class='ocrx_word' id='word_1_50' title='bbox 1648 897 1783 964; x_wconf 91' lang='lat' dir='ltr'><strong>bos;</strong></span> <span class='ocrx_word' id='word_1_51' title='bbox 1815 897 1921 951; x_wconf 90' lang='lat' dir='ltr'><strong>alia</strong></span> <span class='ocrx_word' id='word_1_52' title='bbox 1980 913 2074 969; x_wconf 84' lang='lat' dir='ltr'><strong>ge-</strong></span> 
     </span>
    </p>
   </div>
   <div class='ocr_carea' id='block_1_10' title="bbox 491 987 2073 1054">
    <p class='ocr_par' dir='ltr' id='par_1_10' title="bbox 491 987 2073 1054">
     <span class='ocr_line' id='line_1_10' title="bbox 491 987 2073 1054; baseline -0.002 -8"><span class='ocrx_word' id='word_1_53' title='bbox 491 998 643 1046; x_wconf 84' lang='lat' dir='ltr'><strong>stant</strong></span> <span class='ocrx_word' id='word_1_54' title='bbox 692 1004 880 1054; x_wconf 86' lang='lat' dir='ltr'><strong>onera,</strong></span> <span class='ocrx_word' id='word_1_55' title='bbox 911 997 971 1046; x_wconf 89' lang='lat' dir='ltr'><strong>ut</strong></span> <span class='ocrx_word' id='word_1_56' title='bbox 1020 989 1242 1053; x_wconf 87' lang='lat' dir='ltr'><strong>asinus;</strong></span> <span class='ocrx_word' id='word_1_57' title='bbox 1274 989 1379 1042; x_wconf 79' lang='lat' dir='ltr'><strong>alia</strong></span> <span class='ocrx_word' id='word_1_58' title='bbox 1415 989 1632 1044; x_wconf 91' lang='lat' dir='ltr'><strong>demum</strong></span> <span class='ocrx_word' id='word_1_59' title='bbox 1675 987 1825 1042; x_wconf 84' lang='lat' dir='ltr'><strong>aliud</strong></span> <span class='ocrx_word' id='word_1_60' title='bbox 1857 989 2073 1043; x_wconf 88' lang='lat' dir='ltr'><strong>mortali</strong></span> 
     </span>
    </p>
   </div>
   <div class='ocr_carea' id='block_1_11' title="bbox 492 1081 2072 1154">
    <p class='ocr_par' dir='ltr' id='par_1_11' title="bbox 492 1081 2072 1154">
     <span class='ocr_line' id='line_1_11' title="bbox 492 1081 2072 1154; baseline -0.003 -16"><span class='ocrx_word' id='word_1_61' title='bbox 492 1081 684 1154; x_wconf 81' lang='lat' dir='ltr'><strong>generi</strong></span> <span class='ocrx_word' id='word_1_62' title='bbox 725 1081 1090 1137; x_wconf 76' lang='lat' dir='ltr'><strong>ministerium</strong></span> <span class='ocrx_word' id='word_1_63' title='bbox 1133 1088 1396 1151; x_wconf 76' lang='lat' dir='ltr'><strong>praestant</strong></span> <span class='ocrx_word' id='word_1_64' title='bbox 1428 1099 1441 1135; x_wconf 92' lang='lat'>:</span> <span class='ocrx_word' id='word_1_65' title='bbox 1471 1094 1592 1150; x_wconf 70' lang='lat' dir='ltr'><strong>qua:</strong></span> <span class='ocrx_word' id='word_1_66' title='bbox 1631 1081 1852 1151; x_wconf 87' lang='lat' dir='ltr'><strong>preprie</strong></span> <span class='ocrx_word' id='word_1_67' title='bbox 1894 1088 1953 1136; x_wconf 86' lang='lat' dir='ltr'><strong>et</strong></span> <span class='ocrx_word' id='word_1_68' title='bbox 1977 1097 2072 1151; x_wconf 81' lang='lat' dir='ltr'><strong>op-</strong></span> 
     </span>
    </p>
   </div>
   <div class='ocr_carea' id='block_1_12' title="bbox 489 1173 2072 1243">
    <p class='ocr_par' dir='ltr' id='par_1_12' title="bbox 489 1173 2072 1243">
     <span class='ocr_line' id='line_1_12' title="bbox 489 1173 2072 1243; baseline -0.001 -16"><span class='ocrx_word' id='word_1_69' title='bbox 489 1180 726 1243; x_wconf 80' lang='lat' dir='ltr'><strong>portune</strong></span> <span class='ocrx_word' id='word_1_70' title='bbox 770 1173 1086 1228; x_wconf 89' lang='lat' dir='ltr'><strong>servitutem</strong></span> <span class='ocrx_word' id='word_1_71' title='bbox 1121 1173 1404 1227; x_wconf 89' lang='lat' dir='ltr'><strong>hominum</strong></span> <span class='ocrx_word' id='word_1_72' title='bbox 1449 1173 1684 1236; x_wconf 83' lang='lat' dir='ltr'><strong>vocavit,</strong></span> <span class='ocrx_word' id='word_1_73' title='bbox 1714 1173 1916 1242; x_wconf 87' lang='lat' dir='ltr'><strong>quibus</strong></span> <span class='ocrx_word' id='word_1_74' title='bbox 1945 1173 2072 1228; x_wconf 82' lang='lat' dir='ltr'><strong>her-</strong></span> 
     </span>
    </p>
   </div>
   <div class='ocr_carea' id='block_1_13' title="bbox 487 1263 2071 1329">
    <p class='ocr_par' dir='ltr' id='par_1_13' title="bbox 487 1263 2071 1329">
     <span class='ocr_line' id='line_1_13' title="bbox 487 1263 2071 1329; baseline -0.001 -11"><span class='ocrx_word' id='word_1_75' title='bbox 487 1263 621 1318; x_wconf 90' lang='lat' dir='ltr'><strong>bam</strong></span> <span class='ocrx_word' id='word_1_76' title='bbox 643 1263 825 1319; x_wconf 84' lang='lat' dir='ltr'><strong>datam</strong></span> <span class='ocrx_word' id='word_1_77' title='bbox 850 1279 973 1320; x_wconf 90' lang='lat' dir='ltr'><strong>esse</strong></span> <span class='ocrx_word' id='word_1_78' title='bbox 1011 1263 1107 1329; x_wconf 92' lang='lat' dir='ltr'><strong>ait,</strong></span> <span class='ocrx_word' id='word_1_79' title='bbox 1145 1264 1354 1319; x_wconf 86' lang='lat' dir='ltr'><strong>scilicet</strong></span> <span class='ocrx_word' id='word_1_80' title='bbox 1385 1264 1456 1318; x_wconf 90' lang='lat' dir='ltr'><strong>ab</strong></span> <span class='ocrx_word' id='word_1_81' title='bbox 1485 1265 1798 1320; x_wconf 89' lang='lat' dir='ltr'><strong>hominibus</strong></span> <span class='ocrx_word' id='word_1_82' title='bbox 1831 1264 2071 1320; x_wconf 86' lang='lat' dir='ltr'><strong>semina-</strong></span> 
     </span>
    </p>
   </div>
   <div class='ocr_carea' id='block_1_14' title="bbox 487 1351 2070 1424">
    <p class='ocr_par' dir='ltr' id='par_1_14' title="bbox 487 1351 2070 1424">
     <span class='ocr_line' id='line_1_14' title="bbox 487 1351 2070 1424; baseline 0.003 -22"><span class='ocrx_word' id='word_1_83' title='bbox 487 1357 599 1403; x_wconf 92' lang='lat' dir='ltr'><strong>tam</strong></span> <span class='ocrx_word' id='word_1_84' title='bbox 625 1359 679 1405; x_wconf 86' lang='lat' dir='ltr'><strong>et</strong></span> <span class='ocrx_word' id='word_1_85' title='bbox 706 1351 944 1417; x_wconf 84' lang='lat' dir='ltr'><strong>cultam;</strong></span> <span class='ocrx_word' id='word_1_86' title='bbox 978 1352 1190 1406; x_wconf 56' lang='lat' dir='ltr'><strong>caeteris</strong></span> <span class='ocrx_word' id='word_1_87' title='bbox 1221 1367 1354 1406; x_wconf 88' lang='lat' dir='ltr'><strong>vero</strong></span> <span class='ocrx_word' id='word_1_88' title='bbox 1375 1352 1642 1421; x_wconf 84' lang='lat' dir='ltr'><strong>jumentis</strong></span> <span class='ocrx_word' id='word_1_89' title='bbox 1665 1363 1861 1424; x_wconf 88' lang='lat' dir='ltr'><strong>sponte</strong></span> <span class='ocrx_word' id='word_1_90' title='bbox 1882 1362 2070 1408; x_wconf 88' lang='lat' dir='ltr'><strong>natum</strong></span> 
     </span>
    </p>
   </div>
   <div class='ocr_carea' id='block_1_15' title="bbox 488 1439 2071 1517">
    <p class='ocr_par' dir='ltr' id='par_1_15' title="bbox 488 1439 2071 1517">
     <span class='ocr_line' id='line_1_15' title="bbox 488 1439 2071 1517; baseline 0.002 -23"><span class='ocrx_word' id='word_1_91' title='bbox 488 1439 696 1496; x_wconf 84' lang='lat' dir='ltr'><strong>fenum.</strong></span> <span class='ocrx_word' id='word_1_92' title='bbox 738 1441 977 1497; x_wconf 86' lang='lat' dir='ltr'><strong>Possunt</strong></span> <span class='ocrx_word' id='word_1_93' title='bbox 1004 1451 1184 1499; x_wconf 89' lang='lat' dir='ltr'><strong>autem</strong></span> <span class='ocrx_word' id='word_1_94' title='bbox 1219 1453 1454 1517; x_wconf 86' lang='lat' dir='ltr'><strong>utraque</strong></span> <span class='ocrx_word' id='word_1_95' title='bbox 1495 1445 1680 1509; x_wconf 87' lang='lat' dir='ltr'><strong>simul,</strong></span> <span class='ocrx_word' id='word_1_96' title='bbox 1719 1445 1888 1500; x_wconf 90' lang='lat' dir='ltr'><strong>herba</strong></span> <span class='ocrx_word' id='word_1_97' title='bbox 1919 1443 2071 1498; x_wconf 85' lang='lat' dir='ltr'><strong>vide-</strong></span> 
     </span>
    </p>
   </div>
   <div class='ocr_carea' id='block_1_16' title="bbox 487 1533 2067 1605">
    <p class='ocr_par' dir='ltr' id='par_1_16' title="bbox 487 1533 2067 1605">
     <span class='ocr_line' id='line_1_16' title="bbox 487 1533 2067 1605; baseline 0.002 -17"><span class='ocrx_word' id='word_1_98' title='bbox 487 1535 618 1590; x_wconf 85' lang='lat' dir='ltr'><strong>licet</strong></span> <span class='ocrx_word' id='word_1_99' title='bbox 668 1543 722 1591; x_wconf 91' lang='lat' dir='ltr'><strong>et</strong></span> <span class='ocrx_word' id='word_1_100' title='bbox 744 1533 949 1600; x_wconf 80' lang='lat' dir='ltr'><strong>fenum,</strong></span> <span class='ocrx_word' id='word_1_101' title='bbox 997 1545 1050 1590; x_wconf 90' lang='lat' dir='ltr'><strong>et</strong></span> <span class='ocrx_word' id='word_1_102' title='bbox 1092 1536 1359 1605; x_wconf 85' lang='lat' dir='ltr'><strong>jumentis</strong></span> <span class='ocrx_word' id='word_1_103' title='bbox 1394 1545 1448 1593; x_wconf 91' lang='lat' dir='ltr'><strong>et</strong></span> <span class='ocrx_word' id='word_1_104' title='bbox 1493 1538 1741 1594; x_wconf 78' lang='lat' dir='ltr'><strong>servituti</strong></span> <span class='ocrx_word' id='word_1_105' title='bbox 1786 1538 2067 1592; x_wconf 89' lang='lat' dir='ltr'><strong>hominum</strong></span> 
     </span>
    </p>
   </div>
   <div class='ocr_carea' id='block_1_17' title="bbox 486 1624 2071 1700">
    <p class='ocr_par' dir='ltr' id='par_1_17' title="bbox 486 1624 2071 1700">
     <span class='ocr_line' id='line_1_17' title="bbox 486 1624 2071 1700; baseline 0.002 -18"><span class='ocrx_word' id='word_1_106' title='bbox 486 1626 615 1682; x_wconf 87' lang='lat' dir='ltr'><strong>data</strong></span> <span class='ocrx_word' id='word_1_107' title='bbox 647 1624 838 1681; x_wconf 83' lang='lat' dir='ltr'><strong>fuisse.</strong></span> <span class='ocrx_word' id='word_1_108' title='bbox 862 1625 1048 1696; x_wconf 84' lang='lat' dir='ltr'><strong>Neque</strong></span> <span class='ocrx_word' id='word_1_109' title='bbox 1080 1627 1227 1683; x_wconf 79' lang='lat' dir='ltr'><strong>feras</strong></span> <span class='ocrx_word' id='word_1_110' title='bbox 1275 1629 1364 1683; x_wconf 90' lang='lat' dir='ltr'><strong>hic</strong></span> <span class='ocrx_word' id='word_1_111' title='bbox 1413 1645 1592 1699; x_wconf 88' lang='lat' dir='ltr'><strong>neque</strong></span> <span class='ocrx_word' id='word_1_112' title='bbox 1616 1629 1832 1700; x_wconf 89' lang='lat' dir='ltr'><strong>reptilia</strong></span> <span class='ocrx_word' id='word_1_113' title='bbox 1863 1644 2071 1685; x_wconf 89' lang='lat' dir='ltr'><strong>memo-</strong></span> 
     </span>
    </p>
   </div>
   <div class='ocr_carea' id='block_1_18' title="bbox 485 1717 2070 1787">
    <p class='ocr_par' dir='ltr' id='par_1_18' title="bbox 485 1717 2070 1787">
     <span class='ocr_line' id='line_1_18' title="bbox 485 1717 2070 1787; baseline 0.003 -17"><span class='ocrx_word' id='word_1_114' title='bbox 485 1717 650 1781; x_wconf 82' lang='lat' dir='ltr'><strong>ravit,</strong></span> <span class='ocrx_word' id='word_1_115' title='bbox 681 1717 807 1786; x_wconf 89' lang='lat' dir='ltr'><strong>quia</strong></span> <span class='ocrx_word' id='word_1_116' title='bbox 865 1717 979 1772; x_wconf 80' lang='lat' dir='ltr'><strong>haec</strong></span> <span class='ocrx_word' id='word_1_117' title='bbox 1019 1719 1128 1773; x_wconf 88' lang='lat' dir='ltr'><strong>alio</strong></span> <span class='ocrx_word' id='word_1_118' title='bbox 1181 1727 1412 1774; x_wconf 84' lang='lat' dir='ltr'><strong>utuntur</strong></span> <span class='ocrx_word' id='word_1_119' title='bbox 1440 1721 1598 1787; x_wconf 92' lang='lat' dir='ltr'><strong>cibo;</strong></span> <span class='ocrx_word' id='word_1_120' title='bbox 1631 1721 1738 1774; x_wconf 89' lang='lat' dir='ltr'><strong>alia</strong></span> <span class='ocrx_word' id='word_1_121' title='bbox 1769 1720 1916 1775; x_wconf 88' lang='lat' dir='ltr'><strong>enim</strong></span> <span class='ocrx_word' id='word_1_122' title='bbox 1949 1735 2070 1774; x_wconf 84' lang='lat' dir='ltr'><strong>car-</strong></span> 
     </span>
    </p>
   </div>
   <div class='ocr_carea' id='block_1_19' title="bbox 483 1807 1994 1882">
    <p class='ocr_par' dir='ltr' id='par_1_19' title="bbox 483 1807 1994 1882">
     <span class='ocr_line' id='line_1_19' title="bbox 483 1807 1994 1882; baseline 0.003 -20"><span class='ocrx_word' id='word_1_123' title='bbox 483 1807 681 1863; x_wconf 83' lang='lat' dir='ltr'><strong>nivora</strong></span> <span class='ocrx_word' id='word_1_124' title='bbox 709 1817 872 1877; x_wconf 89' lang='lat' dir='ltr'><strong>sunt;</strong></span> <span class='ocrx_word' id='word_1_125' title='bbox 905 1811 1119 1881; x_wconf 88' lang='lat' dir='ltr'><strong>reptilia</strong></span> <span class='ocrx_word' id='word_1_126' title='bbox 1141 1820 1324 1868; x_wconf 89' lang='lat' dir='ltr'><strong>autem</strong></span> <span class='ocrx_word' id='word_1_127' title='bbox 1355 1813 1474 1882; x_wconf 90' lang='lat' dir='ltr'><strong>ipsa</strong></span> <span class='ocrx_word' id='word_1_128' title='bbox 1506 1821 1650 1868; x_wconf 90' lang='lat' dir='ltr'><strong>terra</strong></span> <span class='ocrx_word' id='word_1_129' title='bbox 1675 1819 1994 1868; x_wconf 83' lang='lat' dir='ltr'><strong>vescuntur.</strong></span> 
     </span>
    </p>
   </div>
   <div class='ocr_carea' id='block_1_20' title="bbox 2178 619 3757 694">
    <p class='ocr_par' dir='ltr' id='par_1_20' title="bbox 2178 619 3757 694">
     <span class='ocr_line' id='line_1_20' title="bbox 2178 619 3757 694; baseline -0.001 -18"><span class='ocrx_word' id='word_1_130' title='bbox 2178 640 2314 687; x_wconf 88' lang='grc' dir='ltr'>νεσι,</span> <span class='ocrx_word' id='word_1_131' title='bbox 2337 622 2489 694; x_wconf 80' lang='grc' dir='ltr'>τῇδὲ</span> <span class='ocrx_word' id='word_1_132' title='bbox 2516 622 2727 693; x_wconf 81' lang='grc' dir='ltr'><strong>δουλείᾳ</strong></span> <span class='ocrx_word' id='word_1_133' title='bbox 2748 621 2858 676; x_wconf 83' lang='grc' dir='ltr'><strong>τῶν</strong></span> <span class='ocrx_word' id='word_1_134' title='bbox 2874 620 3177 692; x_wconf 84' lang='grc' dir='ltr'>ἀνθρώπων</span> <span class='ocrx_word' id='word_1_135' title='bbox 3199 621 3361 693; x_wconf 85' lang='grc' dir='ltr'><strong>χλόην</strong></span> <span class='ocrx_word' id='word_1_136' title='bbox 3388 619 3757 688; x_wconf 81' lang='grc' dir='ltr'>ὲξανατείλας.</span> 
     </span>
    </p>
   </div>
   <div class='ocr_carea' id='block_1_21' title="bbox 2177 711 3763 785">
    <p class='ocr_par' dir='ltr' id='par_1_21' title="bbox 2177 711 3763 785">
     <span class='ocr_line' id='line_1_21' title="bbox 2177 711 3763 785; baseline -0.002 -18"><span class='ocrx_word' id='word_1_137' title='bbox 2177 716 2392 785; x_wconf 78' lang='grc' dir='ltr'><strong>Σφόδρα</strong></span> <span class='ocrx_word' id='word_1_138' title='bbox 2432 714 2488 767; x_wconf 82' lang='grc' dir='ltr'>δὲ</span> <span class='ocrx_word' id='word_1_139' title='bbox 2537 713 2784 785; x_wconf 78' lang='grc' dir='ltr'>ἀκριϐῶς</span> <span class='ocrx_word' id='word_1_140' title='bbox 2813 714 2840 767; x_wconf 91' lang='lat'><strong>6</strong></span> <span class='ocrx_word' id='word_1_141' title='bbox 2872 714 3158 784; x_wconf 83' lang='grc' dir='ltr'><strong>προφήτης</strong></span> <span class='ocrx_word' id='word_1_142' title='bbox 3203 714 3301 785; x_wconf 88' lang='grc' dir='ltr'><strong>τὴν</strong></span> <span class='ocrx_word' id='word_1_143' title='bbox 3337 712 3446 765; x_wconf 90' lang='grc' dir='ltr'><strong>τῶν</strong></span> <span class='ocrx_word' id='word_1_144' title='bbox 3475 711 3627 777; x_wconf 80' lang='grc' dir='ltr'>ζώων</span> <span class='ocrx_word' id='word_1_145' title='bbox 3661 729 3763 765; x_wconf 88' lang='grc' dir='ltr'>πε-</span> 
     </span>
    </p>
   </div>
   <div class='ocr_carea' id='block_1_22' title="bbox 2177 803 3762 879">
    <p class='ocr_par' dir='ltr' id='par_1_22' title="bbox 2177 803 3762 879">
     <span class='ocr_line' id='line_1_22' title="bbox 2177 803 3762 879; baseline -0.001 -19"><span class='ocrx_word' id='word_1_146' title='bbox 2177 807 2398 879; x_wconf 88' lang='grc' dir='ltr'>ποίηται</span> <span class='ocrx_word' id='word_1_147' title='bbox 2425 806 2690 878; x_wconf 82' lang='grc' dir='ltr'><strong>διαίρεσιν</strong></span> <span class='ocrx_word' id='word_1_148' title='bbox 2711 821 2722 834; x_wconf 84' lang='lat'><strong>&#39;</strong></span> <span class='ocrx_word' id='word_1_149' title='bbox 2754 807 2924 876; x_wconf 84' lang='grc' dir='ltr'>κτήνη</span> <span class='ocrx_word' id='word_1_150' title='bbox 2949 806 3048 876; x_wconf 83' lang='grc' dir='ltr'><strong>μὲν</strong></span> <span class='ocrx_word' id='word_1_151' title='bbox 3069 805 3302 874; x_wconf 83' lang='grc' dir='ltr'>γενικῶς</span> <span class='ocrx_word' id='word_1_152' title='bbox 3327 806 3434 858; x_wconf 85' lang='grc' dir='ltr'><strong>πᾶν</strong></span> <span class='ocrx_word' id='word_1_153' title='bbox 3455 804 3515 857; x_wconf 84' lang='grc' dir='ltr'><strong>τὸ</strong></span> <span class='ocrx_word' id='word_1_154' title='bbox 3543 803 3762 874; x_wconf 83' lang='grc' dir='ltr'>ποηφά-</span> 
     </span>
    </p>
   </div>
   <div class='ocr_carea' id='block_1_23' title="bbox 2175 894 3762 968">
    <p class='ocr_par' dir='ltr' id='par_1_23' title="bbox 2175 894 3762 968">
     <span class='ocr_line' id='line_1_23' title="bbox 2175 894 3762 968; baseline -0.003 -16"><span class='ocrx_word' id='word_1_155' title='bbox 2175 916 2271 965; x_wconf 90' lang='grc' dir='ltr'><strong>γον</strong></span> <span class='ocrx_word' id='word_1_156' title='bbox 2303 898 2459 964; x_wconf 77' lang='grc' dir='ltr'>ζῶον,</span> <span class='ocrx_word' id='word_1_157' title='bbox 2477 897 2716 951; x_wconf 78' lang='grc' dir='ltr'><strong>δουλείαν</strong></span> <span class='ocrx_word' id='word_1_158' title='bbox 2731 897 2792 950; x_wconf 80' lang='grc' dir='ltr'>δὲ</span> <span class='ocrx_word' id='word_1_159' title='bbox 2817 895 3120 968; x_wconf 87' lang='grc' dir='ltr'>ἀνθρώπων</span> <span class='ocrx_word' id='word_1_160' title='bbox 3148 896 3217 949; x_wconf 85' lang='grc' dir='ltr'>τὰ</span> <span class='ocrx_word' id='word_1_161' title='bbox 3241 896 3275 966; x_wconf 83' lang='grc' dir='ltr'><strong>ἧ</strong></span> <span class='ocrx_word' id='word_1_162' title='bbox 3284 913 3349 966; x_wconf 87' lang='grc' dir='ltr'><strong>με</strong></span> <span class='ocrx_word' id='word_1_163' title='bbox 3359 913 3425 966; x_wconf 90' lang='grc' dir='ltr'><strong>ρα</strong></span> <span class='ocrx_word' id='word_1_164' title='bbox 3448 895 3542 948; x_wconf 71' lang='grc' dir='ltr'>καὶ</span> <span class='ocrx_word' id='word_1_165' title='bbox 3568 894 3762 965; x_wconf 83' lang='grc' dir='ltr'>ὥσπερ</span> 
     </span>
    </p>
   </div>
   <div class='ocr_carea' id='block_1_24' title="bbox 2175 987 3760 1060">
    <p class='ocr_par' dir='ltr' id='par_1_24' title="bbox 2175 987 3760 1060">
     <span class='ocr_line' id='line_1_24' title="bbox 2175 987 3760 1060; baseline -0.004 -16"><span class='ocrx_word' id='word_1_166' title='bbox 2175 990 2429 1045; x_wconf 86' lang='grc' dir='ltr'>πολιτικά</span> <span class='ocrx_word' id='word_1_167' title='bbox 2457 989 2570 1054; x_wconf 70' lang='grc' dir='ltr'>ζῶα</span> <span class='ocrx_word' id='word_1_168' title='bbox 2613 989 2681 1043; x_wconf 86' lang='grc' dir='ltr'>τὰ</span> <span class='ocrx_word' id='word_1_169' title='bbox 2715 991 2795 1054; x_wconf 82' lang='grc' dir='ltr'><strong>είς</strong></span> <span class='ocrx_word' id='word_1_170' title='bbox 2842 987 3150 1060; x_wconf 79' lang='grc' dir='ltr'>ὑπηρεσίαν</span> <span class='ocrx_word' id='word_1_171' title='bbox 3197 987 3498 1060; x_wconf 87' lang='grc' dir='ltr'>ἀνθρώπων</span> <span class='ocrx_word' id='word_1_172' title='bbox 3546 987 3760 1057; x_wconf 83' lang='grc' dir='ltr'>ἀφωρι-</span> 
     </span>
    </p>
   </div>
   <div class='ocr_carea' id='block_1_25' title="bbox 2176 1075 3764 1155">
    <p class='ocr_par' dir='ltr' id='par_1_25' title="bbox 2176 1075 3764 1155">
     <span class='ocr_line' id='line_1_25' title="bbox 2176 1075 3764 1155; baseline -0.004 -18"><span class='ocrx_word' id='word_1_173' title='bbox 2176 1083 2367 1155; x_wconf 82' lang='grc' dir='ltr'>σμένα,</span> <span class='ocrx_word' id='word_1_174' title='bbox 2397 1075 2471 1136; x_wconf 83' lang='grc' dir='ltr'>ὧν</span> <span class='ocrx_word' id='word_1_175' title='bbox 2501 1082 2571 1135; x_wconf 83' lang='grc' dir='ltr'>τὰ</span> <span class='ocrx_word' id='word_1_176' title='bbox 2602 1083 2698 1154; x_wconf 81' lang='grc' dir='ltr'><strong>μὲν</strong></span> <span class='ocrx_word' id='word_1_177' title='bbox 2727 1083 2852 1149; x_wconf 83' lang='grc' dir='ltr'>ἀροῖ</span> <span class='ocrx_word' id='word_1_178' title='bbox 2879 1081 2976 1152; x_wconf 84' lang='grc' dir='ltr'>τὴν</span> <span class='ocrx_word' id='word_1_179' title='bbox 3005 1081 3109 1151; x_wconf 82' lang='grc' dir='ltr'>γῆν</span> <span class='ocrx_word' id='word_1_180' title='bbox 3141 1079 3505 1151; x_wconf 81' lang='grc' dir='ltr'>συνεργοῦντα</span> <span class='ocrx_word' id='word_1_181' title='bbox 3550 1075 3764 1149; x_wconf 83' lang='grc' dir='ltr'>ἀνθρὼ-</span> 
     </span>
    </p>
   </div>
   <div class='ocr_carea' id='block_1_26' title="bbox 2175 1165 3763 1244">
    <p class='ocr_par' dir='ltr' id='par_1_26' title="bbox 2175 1165 3763 1244">
     <span class='ocr_line' id='line_1_26' title="bbox 2175 1165 3763 1244; baseline -0.004 -18"><span class='ocrx_word' id='word_1_182' title='bbox 2175 1191 2282 1244; x_wconf 86' lang='grc' dir='ltr'>πῳ,</span> <span class='ocrx_word' id='word_1_183' title='bbox 2315 1173 2390 1236; x_wconf 84' lang='grc' dir='ltr'>ὡς</span> <span class='ocrx_word' id='word_1_184' title='bbox 2425 1171 2552 1244; x_wconf 83' lang='grc' dir='ltr'><strong>βοῦς</strong></span> <span class='ocrx_word' id='word_1_185' title='bbox 2571 1191 2586 1205; x_wconf 81' lang='grc' dir='ltr'><strong><em>ο</em></strong></span> <span class='ocrx_word' id='word_1_186' title='bbox 2617 1171 2687 1225; x_wconf 84' lang='grc' dir='ltr'><strong>τὰ</strong></span> <span class='ocrx_word' id='word_1_187' title='bbox 2715 1171 2773 1225; x_wconf 83' lang='grc' dir='ltr'><strong>δὲ</strong></span> <span class='ocrx_word' id='word_1_188' title='bbox 2806 1170 3120 1241; x_wconf 83' lang='grc' dir='ltr'>ἀχθοφορεῖ,</span> <span class='ocrx_word' id='word_1_189' title='bbox 3147 1169 3222 1233; x_wconf 86' lang='grc' dir='ltr'><strong>ὡς</strong></span> <span class='ocrx_word' id='word_1_190' title='bbox 3243 1169 3362 1231; x_wconf 76' lang='grc' dir='ltr'>ὄνος</span> <span class='ocrx_word' id='word_1_191' title='bbox 3379 1185 3393 1198; x_wconf 89' lang='grc'>·</span> <span class='ocrx_word' id='word_1_192' title='bbox 3415 1168 3486 1220; x_wconf 75' lang='grc' dir='ltr'>τὰ</span> <span class='ocrx_word' id='word_1_193' title='bbox 3509 1165 3569 1220; x_wconf 84' lang='grc' dir='ltr'>δὲ</span> <span class='ocrx_word' id='word_1_194' title='bbox 3593 1165 3763 1236; x_wconf 84' lang='grc' dir='ltr'>ἄλλην</span> 
     </span>
    </p>
   </div>
   <div class='ocr_carea' id='block_1_27' title="bbox 2171 1257 3757 1334">
    <p class='ocr_par' dir='ltr' id='par_1_27' title="bbox 2171 1257 3757 1334">
     <span class='ocr_line' id='line_1_27' title="bbox 2171 1257 3757 1334; baseline -0.004 -18"><span class='ocrx_word' id='word_1_195' title='bbox 2171 1261 2294 1316; x_wconf 80' lang='grc' dir='ltr'>τινὰ</span> <span class='ocrx_word' id='word_1_196' title='bbox 2313 1263 2510 1334; x_wconf 78' lang='grc' dir='ltr'>χρῆσιν</span> <span class='ocrx_word' id='word_1_197' title='bbox 2533 1260 2612 1331; x_wconf 80' lang='grc' dir='ltr'><strong>τῷ</strong></span> <span class='ocrx_word' id='word_1_198' title='bbox 2631 1259 2811 1332; x_wconf 82' lang='grc' dir='ltr'>θνητῷ</span> <span class='ocrx_word' id='word_1_199' title='bbox 2832 1259 2980 1328; x_wconf 78' lang='grc' dir='ltr'>γένει</span> <span class='ocrx_word' id='word_1_200' title='bbox 3007 1258 3308 1331; x_wconf 85' lang='grc' dir='ltr'>παρέχεται</span> <span class='ocrx_word' id='word_1_201' title='bbox 3325 1273 3340 1287; x_wconf 71' lang='grc' dir='ltr'><strong>ο</strong></span> <span class='ocrx_word' id='word_1_202' title='bbox 3370 1257 3407 1311; x_wconf 83' lang='grc' dir='ltr'>δι</span> <span class='ocrx_word' id='word_1_203' title='bbox 3429 1257 3644 1319; x_wconf 78' lang='grc' dir='ltr'>οἰκείως</span> <span class='ocrx_word' id='word_1_204' title='bbox 3666 1257 3757 1310; x_wconf 77' lang='grc' dir='ltr'>καὶ</span> 
     </span>
    </p>
   </div>
   <div class='ocr_carea' id='block_1_28' title="bbox 2171 1340 3757 1427">
    <p class='ocr_par' dir='ltr' id='par_1_28' title="bbox 2171 1340 3757 1427">
     <span class='ocr_line' id='line_1_28' title="bbox 2171 1340 3757 1427; baseline -0.007 -20"><span class='ocrx_word' id='word_1_205' title='bbox 2171 1355 2468 1427; x_wconf 83' lang='grc' dir='ltr'>προσφυῶς</span> <span class='ocrx_word' id='word_1_206' title='bbox 2515 1353 2756 1409; x_wconf 78' lang='grc' dir='ltr'>δουλείαν</span> <span class='ocrx_word' id='word_1_207' title='bbox 2816 1349 3120 1423; x_wconf 83' lang='grc' dir='ltr'>ἀνθρώπων</span> <span class='ocrx_word' id='word_1_208' title='bbox 3169 1348 3449 1418; x_wconf 82' lang='grc' dir='ltr'>ὠνόμασεν</span> <span class='ocrx_word' id='word_1_209' title='bbox 3472 1387 3501 1411; x_wconf 18' lang='grc' dir='ltr'>,Α</span> <span class='ocrx_word' id='word_1_210' title='bbox 3539 1340 3620 1410; x_wconf 74' lang='grc' dir='ltr'><strong>οἷς</strong></span> <span class='ocrx_word' id='word_1_211' title='bbox 3663 1344 3757 1415; x_wconf 81' lang='grc' dir='ltr'><strong>τὴν</strong></span> 
     </span>
    </p>
   </div>
   <div class='ocr_carea' id='block_1_29' title="bbox 2172 1436 3762 1518">
    <p class='ocr_par' dir='ltr' id='par_1_29' title="bbox 2172 1436 3762 1518">
     <span class='ocr_line' id='line_1_29' title="bbox 2172 1436 3762 1518; baseline -0.004 -20"><span class='ocrx_word' id='word_1_212' title='bbox 2172 1447 2335 1518; x_wconf 90' lang='grc' dir='ltr'>χλόην</span> <span class='ocrx_word' id='word_1_213' title='bbox 2387 1446 2631 1501; x_wconf 77' lang='grc' dir='ltr'>δεδόσθαι</span> <span class='ocrx_word' id='word_1_214' title='bbox 2675 1444 2843 1517; x_wconf 79' lang='grc' dir='ltr'>φησὶ,</span> <span class='ocrx_word' id='word_1_215' title='bbox 2877 1442 3127 1497; x_wconf 76' lang='grc' dir='ltr'>τουτέστι</span> <span class='ocrx_word' id='word_1_216' title='bbox 3173 1441 3270 1511; x_wconf 86' lang='grc' dir='ltr'>τὴν</span> <span class='ocrx_word' id='word_1_217' title='bbox 3322 1441 3412 1494; x_wconf 85' lang='grc' dir='ltr'>ὑπ’</span> <span class='ocrx_word' id='word_1_218' title='bbox 3458 1436 3762 1509; x_wconf 82' lang='grc' dir='ltr'>ἀνθρώπων</span> 
     </span>
    </p>
   </div>
   <div class='ocr_carea' id='block_1_30' title="bbox 2177 1529 3763 1610">
    <p class='ocr_par' dir='ltr' id='par_1_30' title="bbox 2177 1529 3763 1610">
     <span class='ocr_line' id='line_1_30' title="bbox 2177 1529 3763 1610; baseline -0.008 -18"><span class='ocrx_word' id='word_1_219' title='bbox 2177 1541 2480 1610; x_wconf 86' lang='grc' dir='ltr'>σπαρεῖσαν</span> <span class='ocrx_word' id='word_1_220' title='bbox 2512 1539 2617 1592; x_wconf 66' lang='grc' dir='ltr'>καὶς</span> <span class='ocrx_word' id='word_1_221' title='bbox 2636 1536 3050 1609; x_wconf 87' lang='grc' dir='ltr'>γεωργηθεῖσαν</span> <span class='ocrx_word' id='word_1_222' title='bbox 3069 1550 3083 1563; x_wconf 86' lang='grc'><strong>·</strong></span> <span class='ocrx_word' id='word_1_223' title='bbox 3115 1534 3228 1595; x_wconf 88' lang='grc' dir='ltr'>τοῖς</span> <span class='ocrx_word' id='word_1_224' title='bbox 3257 1530 3315 1584; x_wconf 85' lang='grc' dir='ltr'>δὲ</span> <span class='ocrx_word' id='word_1_225' title='bbox 3343 1530 3523 1592; x_wconf 80' lang='grc' dir='ltr'>ἄλλοις</span> <span class='ocrx_word' id='word_1_226' title='bbox 3564 1529 3763 1598; x_wconf 82' lang='grc' dir='ltr'>κτήνε-</span> 
     </span>
    </p>
   </div>
   <div class='ocr_carea' id='block_1_31' title="bbox 2175 1621 3762 1703">
    <p class='ocr_par' dir='ltr' id='par_1_31' title="bbox 2175 1621 3762 1703">
     <span class='ocr_line' id='line_1_31' title="bbox 2175 1621 3762 1703; baseline -0.008 -19"><span class='ocrx_word' id='word_1_227' title='bbox 2175 1649 2247 1696; x_wconf 87' lang='grc' dir='ltr'><strong>σι,</strong></span> <span class='ocrx_word' id='word_1_228' title='bbox 2282 1631 2374 1685; x_wconf 84' lang='grc' dir='ltr'><strong>τὸν</strong></span> <span class='ocrx_word' id='word_1_229' title='bbox 2401 1631 2723 1703; x_wconf 77' lang='grc' dir='ltr'>αὐτομάτως</span> <span class='ocrx_word' id='word_1_230' title='bbox 2758 1628 3074 1701; x_wconf 80' lang='grc' dir='ltr'>βλαστῶντα</span> <span class='ocrx_word' id='word_1_231' title='bbox 3104 1625 3318 1697; x_wconf 79' lang='grc' dir='ltr'>χόρτον.</span> <span class='ocrx_word' id='word_1_232' title='bbox 3336 1622 3567 1677; x_wconf 87' lang='grc' dir='ltr'>Δύναται</span> <span class='ocrx_word' id='word_1_233' title='bbox 3587 1621 3644 1674; x_wconf 85' lang='grc' dir='ltr'>δὲ</span> <span class='ocrx_word' id='word_1_234' title='bbox 3665 1621 3762 1673; x_wconf 77' lang='grc' dir='ltr'><strong>καὶ</strong></span> 
     </span>
    </p>
   </div>
   <div class='ocr_carea' id='block_1_32' title="bbox 2170 1712 3763 1794">
    <p class='ocr_par' dir='ltr' id='par_1_32' title="bbox 2170 1712 3763 1794">
     <span class='ocr_line' id='line_1_32' title="bbox 2170 1712 3763 1794; baseline 0.001 -18"><span class='ocrx_word' id='word_1_235' title='bbox 2170 1722 2458 1794; x_wconf 81' lang='grc' dir='ltr'>ἀμφότερα</span> <span class='ocrx_word' id='word_1_236' title='bbox 2483 1722 2518 1793; x_wconf 80' lang='grc' dir='ltr'>ἦ</span> <span class='ocrx_word' id='word_1_237' title='bbox 2543 1740 2602 1775; x_wconf 93' lang='grc' dir='ltr'><strong>τε</strong></span> <span class='ocrx_word' id='word_1_238' title='bbox 2633 1721 2762 1792; x_wconf 85' lang='grc' dir='ltr'>χλόη</span> <span class='ocrx_word' id='word_1_239' title='bbox 2795 1721 2898 1775; x_wconf 79' lang='grc' dir='ltr'>καὶ</span> <span class='ocrx_word' id='word_1_240' title='bbox 2915 1722 2944 1775; x_wconf 98' lang='lat'><strong>6</strong></span> <span class='ocrx_word' id='word_1_241' title='bbox 2975 1720 3187 1791; x_wconf 82' lang='grc' dir='ltr'>χόρτος,</span> <span class='ocrx_word' id='word_1_242' title='bbox 3212 1714 3348 1784; x_wconf 82' lang='grc' dir='ltr'>ὁμοῦ</span> <span class='ocrx_word' id='word_1_243' title='bbox 3373 1715 3482 1772; x_wconf 72' lang='grc' dir='ltr'>καὶ,</span> <span class='ocrx_word' id='word_1_244' title='bbox 3497 1715 3606 1776; x_wconf 82' lang='grc' dir='ltr'>τοῖς</span> <span class='ocrx_word' id='word_1_245' title='bbox 3631 1712 3763 1780; x_wconf 73' lang='grc' dir='ltr'><strong>κτή-</strong></span> 
     </span>
    </p>
   </div>
   <div class='ocr_carea' id='block_1_33' title="bbox 2173 1802 3764 1885">
    <p class='ocr_par' dir='ltr' id='par_1_33' title="bbox 2173 1802 3764 1885">
     <span class='ocr_line' id='line_1_33' title="bbox 2173 1802 3764 1885; baseline -0.007 -18"><span class='ocrx_word' id='word_1_246' title='bbox 2173 1831 2290 1868; x_wconf 90' lang='grc' dir='ltr'>νεσι</span> <span class='ocrx_word' id='word_1_247' title='bbox 2323 1814 2420 1869; x_wconf 78' lang='grc' dir='ltr'><strong>καὶ</strong></span> <span class='ocrx_word' id='word_1_248' title='bbox 2451 1817 2518 1885; x_wconf 83' lang='grc' dir='ltr'>τῇ</span> <span class='ocrx_word' id='word_1_249' title='bbox 2546 1813 2760 1884; x_wconf 79' lang='grc' dir='ltr'>δουλείᾳ</span> <span class='ocrx_word' id='word_1_250' title='bbox 2782 1811 2886 1866; x_wconf 86' lang='grc' dir='ltr'><strong>τῶν</strong></span> <span class='ocrx_word' id='word_1_251' title='bbox 2915 1807 3509 1882; x_wconf 49' lang='grc' dir='ltr'>ἀνθρώπωνλδεδόσθαι.</span> <span class='ocrx_word' id='word_1_252' title='bbox 3537 1803 3673 1858; x_wconf 76' lang='grc' dir='ltr'>Οὖτε</span> <span class='ocrx_word' id='word_1_253' title='bbox 3703 1802 3764 1856; x_wconf 83' lang='grc' dir='ltr'>δὲ</span> 
     </span>
    </p>
   </div>
   <div class='ocr_carea' id='block_1_34' title="bbox 485 1901 3762 1983">
    <p class='ocr_par' dir='ltr' id='par_1_34' title="bbox 485 1901 3762 1983">
     <span class='ocr_line' id='line_1_34' title="bbox 485 1901 3762 1983; baseline -0.001 -26"><span class='ocrx_word' id='word_1_254' title='bbox 485 1901 691 1974; x_wconf 88' lang='grc' dir='ltr'>θηρίων</span> <span class='ocrx_word' id='word_1_255' title='bbox 719 1907 776 1959; x_wconf 83' lang='grc' dir='ltr'>ὲν</span> <span class='ocrx_word' id='word_1_256' title='bbox 799 1905 1030 1972; x_wconf 83' lang='grc' dir='ltr'>τούτοις,</span> <span class='ocrx_word' id='word_1_257' title='bbox 1057 1906 1182 1961; x_wconf 78' lang='grc' dir='ltr'>οὔτε</span> <span class='ocrx_word' id='word_1_258' title='bbox 1216 1908 1462 1980; x_wconf 81' lang='grc' dir='ltr'>ἑρπετῶν</span> <span class='ocrx_word' id='word_1_259' title='bbox 1493 1909 1891 1981; x_wconf 75' lang='grc' dir='ltr'>ἐμνημόνευσε,</span> <span class='ocrx_word' id='word_1_260' title='bbox 1920 1908 2009 1962; x_wconf 80' lang='grc' dir='ltr'><strong>διὰ</strong></span> <span class='ocrx_word' id='word_1_261' title='bbox 2027 1907 2088 1962; x_wconf 82' lang='grc' dir='ltr'>τὸ</span> <span class='ocrx_word' id='word_1_262' title='bbox 2115 1909 2278 1983; x_wconf 70' lang='grc' dir='ltr'>ἑτέρᾳ</span> <span class='ocrx_word' id='word_1_263' title='bbox 2311 1909 2608 1982; x_wconf 77' lang='grc' dir='ltr'>κεχρῆσθαι</span> <span class='ocrx_word' id='word_1_264' title='bbox 2636 1908 2806 1964; x_wconf 88' lang='grc' dir='ltr'>ταῦτα</span> <span class='ocrx_word' id='word_1_265' title='bbox 2834 1909 3042 1980; x_wconf 77' lang='grc' dir='ltr'>τροφῇο</span> <span class='ocrx_word' id='word_1_266' title='bbox 3076 1906 3145 1960; x_wconf 85' lang='grc' dir='ltr'>τὰ</span> <span class='ocrx_word' id='word_1_267' title='bbox 3179 1907 3276 1978; x_wconf 81' lang='grc' dir='ltr'>μὲν</span> <span class='ocrx_word' id='word_1_268' title='bbox 3303 1905 3412 1977; x_wconf 84' lang='grc' dir='ltr'>γάρ</span> <span class='ocrx_word' id='word_1_269' title='bbox 3454 1905 3573 1960; x_wconf 78' lang='grc' dir='ltr'>ἐστι</span> <span class='ocrx_word' id='word_1_270' title='bbox 3624 1917 3762 1971; x_wconf 80' lang='grc' dir='ltr'>σαρ-</span> 
     </span>
    </p>
   </div>
   <div class='ocr_carea' id='block_1_35' title="bbox 483 1994 2066 2072">
    <p class='ocr_par' dir='ltr' id='par_1_35' title="bbox 483 1994 2066 2072">
     <span class='ocr_line' id='line_1_35' title="bbox 483 1994 2066 2072; baseline 0.004 -24"><span class='ocrx_word' id='word_1_271' title='bbox 483 1994 713 2068; x_wconf 74' lang='grc' dir='ltr'>κοῦόραο</span> <span class='ocrx_word' id='word_1_272' title='bbox 745 1996 814 2050; x_wconf 83' lang='grc' dir='ltr'>τὰ</span> <span class='ocrx_word' id='word_1_273' title='bbox 846 1998 904 2051; x_wconf 81' lang='grc' dir='ltr'><strong>δὲ</strong></span> <span class='ocrx_word' id='word_1_274' title='bbox 943 1999 1166 2070; x_wconf 81' lang='grc' dir='ltr'>ἑρπετὰ,</span> <span class='ocrx_word' id='word_1_275' title='bbox 1199 2000 1337 2072; x_wconf 86' lang='grc' dir='ltr'>αὑτῇ</span> <span class='ocrx_word' id='word_1_276' title='bbox 1372 2002 1438 2071; x_wconf 79' lang='grc' dir='ltr'>τῇ</span> <span class='ocrx_word' id='word_1_277' title='bbox 1468 2003 1538 2072; x_wconf 81' lang='grc' dir='ltr'>γῇ</span> <span class='ocrx_word' id='word_1_278' title='bbox 1569 1999 1834 2072; x_wconf 79' lang='grc' dir='ltr'>κέχρηται</span> <span class='ocrx_word' id='word_1_279' title='bbox 1869 1995 2066 2072; x_wconf 78' lang='grc' dir='ltr'>τροφῇ</span> 
     </span>
    </p>
   </div>
   <div class='ocr_carea' id='block_1_36' title="bbox 554 2107 2074 2184">
    <p class='ocr_par' dir='ltr' id='par_1_36' title="bbox 554 2107 2072 2182">
     <span class='ocr_line' id='line_1_36' title="bbox 554 2107 2072 2182; baseline 0.005 -20"><span class='ocrx_word' id='word_1_280' title='bbox 554 2107 945 2166; x_wconf 84' lang='lat' dir='ltr'><strong>Animadverte</strong></span> <span class='ocrx_word' id='word_1_281' title='bbox 990 2127 1155 2182; x_wconf 87' lang='lat' dir='ltr'><strong>porro</strong></span> <span class='ocrx_word' id='word_1_282' title='bbox 1205 2129 1514 2171; x_wconf 89' lang='lat' dir='ltr'><strong>sermonem</strong></span> <span class='ocrx_word' id='word_1_283' title='bbox 1546 2115 1694 2169; x_wconf 90' lang='lat' dir='ltr'><strong>hunc</strong></span> <span class='ocrx_word' id='word_1_284' title='bbox 1744 2115 2072 2170; x_wconf 90' lang='lat' dir='ltr'><strong>circuitione</strong></span> 
     </span>
    </p>
   </div>
   <div class='ocr_carea' id='block_1_37' title="bbox 2176 2107 3767 2184">
    <p class='ocr_par' dir='ltr' id='par_1_37' title="bbox 2247 2107 3767 2184">
     <span class='ocr_line' id='line_1_37' title="bbox 2247 2107 3767 2184; baseline -0.003 -18"><span class='ocrx_word' id='word_1_285' title='bbox 2247 2113 2390 2184; x_wconf 85' lang='grc' dir='ltr'>Ὅρα</span> <span class='ocrx_word' id='word_1_286' title='bbox 2422 2110 2480 2166; x_wconf 84' lang='grc' dir='ltr'>δὲ</span> <span class='ocrx_word' id='word_1_287' title='bbox 2520 2110 2706 2183; x_wconf 84' lang='grc' dir='ltr'>κύκλῳ</span> <span class='ocrx_word' id='word_1_288' title='bbox 2736 2111 3019 2183; x_wconf 83' lang='grc' dir='ltr'>περιϊόντα</span> <span class='ocrx_word' id='word_1_289' title='bbox 3045 2108 3138 2166; x_wconf 78' lang='grc' dir='ltr'>τὸν</span> <span class='ocrx_word' id='word_1_290' title='bbox 3165 2109 3324 2178; x_wconf 84' lang='grc' dir='ltr'>λόγον</span> <span class='ocrx_word' id='word_1_291' title='bbox 3366 2108 3470 2163; x_wconf 77' lang='grc' dir='ltr'>καὶ·</span> <span class='ocrx_word' id='word_1_292' title='bbox 3499 2107 3566 2162; x_wconf 84' lang='grc' dir='ltr'>τὰ</span> <span class='ocrx_word' id='word_1_293' title='bbox 3599 2109 3767 2178; x_wconf 78' lang='grc' dir='ltr'>σαφέ-</span> 
     </span>
    </p>
   </div>
   <div class='ocr_carea' id='block_1_38' title="bbox 481 2201 2077 2278">
    <p class='ocr_par' dir='ltr' id='par_1_38' title="bbox 481 2201 2077 2278">
     <span class='ocr_line' id='line_1_38' title="bbox 481 2201 2077 2278; baseline 0.004 -24"><span class='ocrx_word' id='word_1_294' title='bbox 481 2201 584 2266; x_wconf 85' lang='lat' dir='ltr'><strong>uti,</strong></span> <span class='ocrx_word' id='word_1_295' title='bbox 616 2215 680 2254; x_wconf 89' lang='lat' dir='ltr'><strong>ac</strong></span> <span class='ocrx_word' id='word_1_296' title='bbox 708 2201 1092 2258; x_wconf 83' lang='lat' dir='ltr'><strong>manifestiora</strong></span> <span class='ocrx_word' id='word_1_297' title='bbox 1115 2206 1335 2275; x_wconf 80' lang='lat' dir='ltr'><strong>quidem</strong></span> <span class='ocrx_word' id='word_1_298' title='bbox 1364 2207 1557 2260; x_wconf 86' lang='lat' dir='ltr'><strong>leviter</strong></span> <span class='ocrx_word' id='word_1_299' title='bbox 1585 2214 1832 2278; x_wconf 76' lang='lat' dir='ltr'><strong>tangere,</strong></span> <span class='ocrx_word' id='word_1_300' title='bbox 1857 2207 1926 2263; x_wconf 91' lang='lat' dir='ltr'><strong>iis</strong></span> <span class='ocrx_word' id='word_1_301' title='bbox 1947 2223 2077 2263; x_wconf 90' lang='lat' dir='ltr'><strong>vero</strong></span> 
     </span>
    </p>
   </div>
   <div class='ocr_carea' id='block_1_39' title="bbox 480 2291 2079 2369">
    <p class='ocr_par' dir='ltr' id='par_1_39' title="bbox 480 2291 2079 2369">
     <span class='ocr_line' id='line_1_39' title="bbox 480 2291 2079 2369; baseline 0.004 -23"><span class='ocrx_word' id='word_1_302' title='bbox 480 2291 739 2348; x_wconf 70' lang='lat' dir='ltr'><strong>insistere</strong></span> <span class='ocrx_word' id='word_1_303' title='bbox 798 2294 1000 2364; x_wconf 88' lang='lat' dir='ltr'><strong>quibus</strong></span> <span class='ocrx_word' id='word_1_304' title='bbox 1052 2296 1209 2351; x_wconf 89' lang='lat' dir='ltr'><strong>multi</strong></span> <span class='ocrx_word' id='word_1_305' title='bbox 1251 2298 1662 2364; x_wconf 77' lang='lat' dir='ltr'><strong>contradicunt,</strong></span> <span class='ocrx_word' id='word_1_306' title='bbox 1693 2314 1872 2369; x_wconf 87' lang='lat' dir='ltr'><strong>neque</strong></span> <span class='ocrx_word' id='word_1_307' title='bbox 1906 2299 2079 2354; x_wconf 88' lang='lat' dir='ltr'><strong>absti-</strong></span> 
     </span>
    </p>
   </div>
   <div class='ocr_carea' id='block_1_40' title="bbox 481 2384 2079 2463">
    <p class='ocr_par' dir='ltr' id='par_1_40' title="bbox 481 2384 2079 2463">
     <span class='ocr_line' id='line_1_40' title="bbox 481 2384 2079 2463; baseline 0.008 -27"><span class='ocrx_word' id='word_1_308' title='bbox 481 2397 616 2438; x_wconf 83' lang='lat' dir='ltr'><strong>nere</strong></span> <span class='ocrx_word' id='word_1_309' title='bbox 663 2384 732 2438; x_wconf 90' lang='lat' dir='ltr'><strong>ab</strong></span> <span class='ocrx_word' id='word_1_310' title='bbox 766 2384 1258 2451; x_wconf 88' lang='lat' dir='ltr'><strong>irrationabilibus,</strong></span> <span class='ocrx_word' id='word_1_311' title='bbox 1284 2405 1385 2445; x_wconf 92' lang='lat' dir='ltr'><strong>nec</strong></span> <span class='ocrx_word' id='word_1_312' title='bbox 1419 2390 1490 2445; x_wconf 90' lang='lat' dir='ltr'><strong>ab</strong></span> <span class='ocrx_word' id='word_1_313' title='bbox 1529 2407 1632 2445; x_wconf 90' lang='lat' dir='ltr'><strong>usu</strong></span> <span class='ocrx_word' id='word_1_314' title='bbox 1663 2392 2079 2463; x_wconf 85' lang='lat' dir='ltr'><strong>ministerioque</strong></span> 
     </span>
    </p>
   </div>
   <div class='ocr_carea' id='block_1_41' title="bbox 481 2475 2074 2554">
    <p class='ocr_par' dir='ltr' id='par_1_41' title="bbox 481 2475 2074 2554">
     <span class='ocr_line' id='line_1_41' title="bbox 481 2475 2074 2554; baseline 0.004 -23"><span class='ocrx_word' id='word_1_315' title='bbox 481 2491 696 2531; x_wconf 84' lang='lat' dir='ltr'><strong>eorum.</strong></span> <span class='ocrx_word' id='word_1_316' title='bbox 749 2475 808 2532; x_wconf 90' lang='lat' dir='ltr'><strong>ld</strong></span> <span class='ocrx_word' id='word_1_317' title='bbox 870 2493 1006 2532; x_wconf 82' lang='lat' dir='ltr'><strong>vero</strong></span> <span class='ocrx_word' id='word_1_318' title='bbox 1059 2479 1261 2549; x_wconf 90' lang='lat' dir='ltr'><strong>duplici</strong></span> <span class='ocrx_word' id='word_1_319' title='bbox 1317 2480 1386 2536; x_wconf 86' lang='lat' dir='ltr'><strong>de</strong></span> <span class='ocrx_word' id='word_1_320' title='bbox 1436 2497 1604 2538; x_wconf 92' lang='lat' dir='ltr'><strong>causa</strong></span> <span class='ocrx_word' id='word_1_321' title='bbox 1652 2483 1793 2554; x_wconf 80' lang='lat' dir='ltr'><strong>agit;</strong></span> <span class='ocrx_word' id='word_1_322' title='bbox 1817 2483 1925 2538; x_wconf 87' lang='lat' dir='ltr'><strong>alia</strong></span> <span class='ocrx_word' id='word_1_323' title='bbox 1969 2491 2074 2550; x_wconf 89' lang='lat' dir='ltr'><strong>est,</strong></span> 
     </span>
    </p>
   </div>
   <div class='ocr_carea' id='block_1_42' title="bbox 481 2567 2077 2646">
    <p class='ocr_par' dir='ltr' id='par_1_42' title="bbox 481 2567 2077 2646">
     <span class='ocr_line' id='line_1_42' title="bbox 481 2567 2077 2646; baseline 0.004 -25"><span class='ocrx_word' id='word_1_324' title='bbox 481 2574 546 2621; x_wconf 82' lang='lat' dir='ltr'><strong>ut</strong></span> <span class='ocrx_word' id='word_1_325' title='bbox 582 2583 649 2623; x_wconf 82' lang='lat' dir='ltr'><strong>ex</strong></span> <span class='ocrx_word' id='word_1_326' title='bbox 681 2567 982 2624; x_wconf 86' lang='lat' dir='ltr'><strong>abundanti</strong></span> <span class='ocrx_word' id='word_1_327' title='bbox 1017 2570 1412 2642; x_wconf 89' lang='lat' dir='ltr'><strong>impudentiam</strong></span> <span class='ocrx_word' id='word_1_328' title='bbox 1451 2574 1671 2628; x_wconf 83' lang='lat' dir='ltr'><strong>illorum</strong></span> <span class='ocrx_word' id='word_1_329' title='bbox 1698 2574 1957 2642; x_wconf 81' lang='lat' dir='ltr'><strong>refrenet,</strong></span> <span class='ocrx_word' id='word_1_330' title='bbox 1982 2575 2077 2646; x_wconf 88' lang='lat' dir='ltr'><strong>qui</strong></span> 
     </span>
    </p>
   </div>
   <div class='ocr_carea' id='block_1_43' title="bbox 481 2657 2077 2734">
    <p class='ocr_par' dir='ltr' id='par_1_43' title="bbox 481 2657 2077 2734">
     <span class='ocr_line' id='line_1_43' title="bbox 481 2657 2077 2734; baseline 0.007 -21"><span class='ocrx_word' id='word_1_331' title='bbox 481 2657 674 2714; x_wconf 90' lang='lat' dir='ltr'><strong>dicunt</strong></span> <span class='ocrx_word' id='word_1_332' title='bbox 703 2659 914 2732; x_wconf 90' lang='lat' dir='ltr'><strong>aliquid</strong></span> <span class='ocrx_word' id='word_1_333' title='bbox 949 2661 1006 2716; x_wconf 92' lang='lat' dir='ltr'><strong>in</strong></span> <span class='ocrx_word' id='word_1_334' title='bbox 1036 2663 1242 2718; x_wconf 84' lang='lat' dir='ltr'><strong>mund’o</strong></span> <span class='ocrx_word' id='word_1_335' title='bbox 1273 2679 1741 2734; x_wconf 72' lang='lat' dir='ltr'><strong>supervacaneum</strong></span> <span class='ocrx_word' id='word_1_336' title='bbox 1779 2675 1834 2724; x_wconf 88' lang='lat' dir='ltr'><strong>et</strong></span> <span class='ocrx_word' id='word_1_337' title='bbox 1883 2669 2077 2724; x_wconf 89' lang='lat' dir='ltr'><strong>inutile</strong></span> 
     </span>
    </p>
   </div>
   <div class='ocr_carea' id='block_1_44' title="bbox 481 2752 2076 2828">
    <p class='ocr_par' dir='ltr' id='par_1_44' title="bbox 481 2752 2076 2828">
     <span class='ocr_line' id='line_1_44' title="bbox 481 2752 2076 2828; baseline 0.006 -21"><span class='ocrx_word' id='word_1_338' title='bbox 481 2752 785 2819; x_wconf 77' lang='lat' dir='ltr'><strong>exsistere;</strong></span> <span class='ocrx_word' id='word_1_339' title='bbox 819 2755 926 2808; x_wconf 83' lang='lat' dir='ltr'><strong>alia</strong></span> <span class='ocrx_word' id='word_1_340' title='bbox 955 2770 1104 2820; x_wconf 88' lang='lat' dir='ltr'><strong>vero,</strong></span> <span class='ocrx_word' id='word_1_341' title='bbox 1135 2764 1197 2811; x_wconf 90' lang='lat' dir='ltr'><strong>ut</strong></span> <span class='ocrx_word' id='word_1_342' title='bbox 1221 2757 1480 2812; x_wconf 88' lang='lat' dir='ltr'><strong>ostendat</strong></span> <span class='ocrx_word' id='word_1_343' title='bbox 1508 2765 1716 2828; x_wconf 91' lang='lat' dir='ltr'><strong>quanta</strong></span> <span class='ocrx_word' id='word_1_344' title='bbox 1747 2759 1820 2816; x_wconf 89' lang='lat' dir='ltr'><strong>sit</strong></span> <span class='ocrx_word' id='word_1_345' title='bbox 1855 2758 1968 2816; x_wconf 91' lang='lat' dir='ltr'><strong>Deo</strong></span> <span class='ocrx_word' id='word_1_346' title='bbox 2008 2760 2076 2817; x_wconf 91' lang='lat' dir='ltr'><strong>de</strong></span> 
     </span>
    </p>
   </div>
   <div class='ocr_carea' id='block_1_45' title="bbox 480 2843 2076 2922">
    <p class='ocr_par' dir='ltr' id='par_1_45' title="bbox 480 2843 2076 2922">
     <span class='ocr_line' id='line_1_45' title="bbox 480 2843 2076 2922; baseline 0.006 -23"><span class='ocrx_word' id='word_1_347' title='bbox 480 2843 802 2902; x_wconf 79' lang='lat' dir='ltr'><strong>hominibus</strong></span> <span class='ocrx_word' id='word_1_348' title='bbox 847 2847 1181 2914; x_wconf 87' lang='lat' dir='ltr'><strong>sollicitudo,</strong></span> <span class='ocrx_word' id='word_1_349' title='bbox 1233 2849 1452 2920; x_wconf 87' lang='lat' dir='ltr'><strong>quando</strong></span> <span class='ocrx_word' id='word_1_350' title='bbox 1498 2851 1566 2907; x_wconf 91' lang='lat' dir='ltr'><strong>de</strong></span> <span class='ocrx_word' id='word_1_351' title='bbox 1615 2851 1684 2908; x_wconf 92' lang='lat' dir='ltr'><strong>iis</strong></span> <span class='ocrx_word' id='word_1_352' title='bbox 1715 2867 1839 2922; x_wconf 60' lang='lat' dir='ltr'><strong>quae</strong></span> <span class='ocrx_word' id='word_1_353' title='bbox 1883 2867 2076 2908; x_wconf 85' lang='lat' dir='ltr'><strong>eorum</strong></span> 
     </span>
    </p>
   </div>
   <div class='ocr_carea' id='block_1_46' title="bbox 480 2939 2075 3012">
    <p class='ocr_par' dir='ltr' id='par_1_46' title="bbox 480 2939 2075 3012">
     <span class='ocr_line' id='line_1_46' title="bbox 480 2939 2075 3012; baseline 0.005 -19"><span class='ocrx_word' id='word_1_354' title='bbox 480 2951 650 2993; x_wconf 84' lang='lat' dir='ltr'><strong>causa</strong></span> <span class='ocrx_word' id='word_1_355' title='bbox 703 2939 928 2994; x_wconf 85' lang='lat' dir='ltr'><strong>condita</strong></span> <span class='ocrx_word' id='word_1_356' title='bbox 983 2951 1112 2995; x_wconf 86' lang='lat' dir='ltr'><strong>sunt</strong></span> <span class='ocrx_word' id='word_1_357' title='bbox 1163 2949 1373 2997; x_wconf 87' lang='lat' dir='ltr'><strong>tantam</strong></span> <span class='ocrx_word' id='word_1_358' title='bbox 1407 2943 1573 3000; x_wconf 87' lang='lat' dir='ltr'><strong>habet</strong></span> <span class='ocrx_word' id='word_1_359' title='bbox 1603 2943 1896 3002; x_wconf 89' lang='lat' dir='ltr'><strong>rationem.</strong></span> <span class='ocrx_word' id='word_1_360' title='bbox 1932 2944 2075 3012; x_wconf 82' lang='lat' dir='ltr'><strong>Quid</strong></span> 
     </span>
    </p>
   </div>
   <div class='ocr_carea' id='block_1_47' title="bbox 479 3026 2076 3109">
    <p class='ocr_par' dir='ltr' id='par_1_47' title="bbox 479 3026 2076 3109">
     <span class='ocr_line' id='line_1_47' title="bbox 479 3026 2076 3109; baseline 0.006 -25"><span class='ocrx_word' id='word_1_361' title='bbox 479 3026 614 3085; x_wconf 86' lang='lat' dir='ltr'><strong>huic</strong></span> <span class='ocrx_word' id='word_1_362' title='bbox 661 3045 809 3086; x_wconf 81' lang='lat' dir='ltr'><strong>curae</strong></span> <span class='ocrx_word' id='word_1_363' title='bbox 841 3047 942 3100; x_wconf 89' lang='lat' dir='ltr'><strong>par</strong></span> <span class='ocrx_word' id='word_1_364' title='bbox 974 3048 1100 3089; x_wconf 89' lang='lat' dir='ltr'><strong>esse</strong></span> <span class='ocrx_word' id='word_1_365' title='bbox 1131 3035 1327 3104; x_wconf 89' lang='lat' dir='ltr'><strong>possit,</strong></span> <span class='ocrx_word' id='word_1_366' title='bbox 1357 3036 1805 3108; x_wconf 88' lang='lat' dir='ltr'><strong>quandoquidem</strong></span> <span class='ocrx_word' id='word_1_367' title='bbox 1845 3052 1910 3094; x_wconf 90' lang='lat' dir='ltr'><strong>ea</strong></span> <span class='ocrx_word' id='word_1_368' title='bbox 1951 3054 2076 3109; x_wconf 67' lang='lat' dir='ltr'><strong>quae</strong></span> 
     </span>
    </p>
   </div>
   <div class='ocr_carea' id='block_1_48' title="bbox 481 3117 2075 3195">
    <p class='ocr_par' dir='ltr' id='par_1_48' title="bbox 481 3117 2075 3195">
     <span class='ocr_line' id='line_1_48' title="bbox 481 3117 2075 3195; baseline 0.009 -23"><span class='ocrx_word' id='word_1_369' title='bbox 481 3117 646 3173; x_wconf 91' lang='lat' dir='ltr'><strong>nobis</strong></span> <span class='ocrx_word' id='word_1_370' title='bbox 675 3119 924 3174; x_wconf 87' lang='lat' dir='ltr'><strong>serviunt</strong></span> <span class='ocrx_word' id='word_1_371' title='bbox 951 3123 1025 3175; x_wconf 89' lang='lat' dir='ltr'><strong>ita</strong></span> <span class='ocrx_word' id='word_1_372' title='bbox 1057 3125 1252 3188; x_wconf 86' lang='lat' dir='ltr'><strong>nutrit,</strong></span> <span class='ocrx_word' id='word_1_373' title='bbox 1280 3140 1382 3180; x_wconf 91' lang='lat' dir='ltr'><strong>nec</strong></span> <span class='ocrx_word' id='word_1_374' title='bbox 1416 3127 1622 3195; x_wconf 89' lang='lat' dir='ltr'><strong>patitur</strong></span> <span class='ocrx_word' id='word_1_375' title='bbox 1651 3133 1714 3183; x_wconf 90' lang='lat' dir='ltr'><strong>ut</strong></span> <span class='ocrx_word' id='word_1_376' title='bbox 1735 3128 1791 3184; x_wconf 92' lang='lat' dir='ltr'><strong>in</strong></span> <span class='ocrx_word' id='word_1_377' title='bbox 1817 3129 2075 3187; x_wconf 89' lang='lat' dir='ltr'><strong>omnibus</strong></span> 
     </span>
    </p>
   </div>
   <div class='ocr_carea' id='block_1_49' title="bbox 481 3209 2073 3287">
    <p class='ocr_par' dir='ltr' id='par_1_49' title="bbox 481 3209 2073 3287">
     <span class='ocr_line' id='line_1_49' title="bbox 481 3209 2073 3287; baseline 0.008 -26"><span class='ocrx_word' id='word_1_378' title='bbox 481 3209 810 3279; x_wconf 86' lang='lat' dir='ltr'><strong>gravemur?</strong></span> <span class='ocrx_word' id='word_1_379' title='bbox 840 3209 1028 3282; x_wconf 86' lang='lat' dir='ltr'><strong>Neque</strong></span> <span class='ocrx_word' id='word_1_380' title='bbox 1055 3213 1203 3268; x_wconf 88' lang='lat' dir='ltr'><strong>enim</strong></span> <span class='ocrx_word' id='word_1_381' title='bbox 1242 3213 1517 3272; x_wconf 89' lang='lat' dir='ltr'><strong>hominem</strong></span> <span class='ocrx_word' id='word_1_382' title='bbox 1555 3217 1818 3287; x_wconf 85' lang='lat' dir='ltr'><strong>deservit,</strong></span> <span class='ocrx_word' id='word_1_383' title='bbox 1858 3236 1959 3276; x_wconf 90' lang='lat' dir='ltr'><strong>nec</strong></span> <span class='ocrx_word' id='word_1_384' title='bbox 1993 3221 2073 3274; x_wconf 88' lang='lat' dir='ltr'><strong>la-</strong></span> 
     </span>
    </p>
   </div>
   <div class='ocr_carea' id='block_1_50' title="bbox 480 3300 2074 3381">
    <p class='ocr_par' dir='ltr' id='par_1_50' title="bbox 480 3300 2074 3381">
     <span class='ocr_line' id='line_1_50' title="bbox 480 3300 2074 3381; baseline 0.008 -23"><span class='ocrx_word' id='word_1_385' title='bbox 480 3300 712 3358; x_wconf 76' lang='lat' dir='ltr'><strong>boribus</strong></span> <span class='ocrx_word' id='word_1_386' title='bbox 767 3302 946 3372; x_wconf 88' lang='lat' dir='ltr'><strong>ipsum</strong></span> <span class='ocrx_word' id='word_1_387' title='bbox 997 3315 1210 3376; x_wconf 80' lang='lat' dir='ltr'><strong>gravat,</strong></span> <span class='ocrx_word' id='word_1_388' title='bbox 1245 3307 1401 3362; x_wconf 86' lang='lat' dir='ltr'><strong>vario</strong></span> <span class='ocrx_word' id='word_1_389' title='bbox 1449 3309 1604 3364; x_wconf 91' lang='lat' dir='ltr'><strong>illum</strong></span> <span class='ocrx_word' id='word_1_390' title='bbox 1641 3311 1836 3366; x_wconf 88' lang='lat' dir='ltr'><strong>salutis</strong></span> <span class='ocrx_word' id='word_1_391' title='bbox 1874 3328 2074 3381; x_wconf 84' lang='lat' dir='ltr'><strong>genere</strong></span> 
     </span>
    </p>
   </div>
   <div class='ocr_carea' id='block_1_51' title="bbox 483 3391 2075 3467">
    <p class='ocr_par' dir='ltr' id='par_1_51' title="bbox 483 3391 2075 3467">
     <span class='ocr_line' id='line_1_51' title="bbox 483 3391 2075 3467; baseline 0.004 -21"><span class='ocrx_word' id='word_1_392' title='bbox 483 3391 718 3448; x_wconf 84' lang='lat' dir='ltr'><strong>donans.</strong></span> <span class='ocrx_word' id='word_1_393' title='bbox 744 3392 844 3448; x_wconf 85' lang='lat' dir='ltr'><strong>Hie</strong></span> <span class='ocrx_word' id='word_1_394' title='bbox 861 3393 1018 3463; x_wconf 80' lang='lat' dir='ltr'><strong>juvat</strong></span> <span class='ocrx_word' id='word_1_395' title='bbox 1045 3409 1191 3461; x_wconf 93' lang='lat' dir='ltr'><strong>eum,</strong></span> <span class='ocrx_word' id='word_1_396' title='bbox 1229 3396 1321 3466; x_wconf 92' lang='lat' dir='ltr'><strong>qui</strong></span> <span class='ocrx_word' id='word_1_397' title='bbox 1355 3411 1692 3467; x_wconf 84' lang='lat' dir='ltr'><strong>congeneres</strong></span> <span class='ocrx_word' id='word_1_398' title='bbox 1713 3408 1936 3455; x_wconf 72' lang='lat' dir='ltr'><strong>nostros</strong></span> <span class='ocrx_word' id='word_1_399' title='bbox 1964 3415 2075 3455; x_wconf 86' lang='lat' dir='ltr'><strong>ser-</strong></span> 
     </span>
    </p>
   </div>
   <div class='ocr_carea' id='block_1_52' title="bbox 2181 2201 3766 2279">
    <p class='ocr_par' dir='ltr' id='par_1_52' title="bbox 2181 2201 3766 2279">
     <span class='ocr_line' id='line_1_52' title="bbox 2181 2201 3766 2279; baseline -0.002 -19"><span class='ocrx_word' id='word_1_400' title='bbox 2181 2223 2347 2279; x_wconf 89' lang='grc' dir='ltr'>στερα</span> <span class='ocrx_word' id='word_1_401' title='bbox 2375 2206 2810 2278; x_wconf 80' lang='grc' dir='ltr'>παρατρέχοντα,</span> <span class='ocrx_word' id='word_1_402' title='bbox 2855 2202 3338 2276; x_wconf 79' lang='grc' dir='ltr'>ὲμφιλοχωροῦντα</span> <span class='ocrx_word' id='word_1_403' title='bbox 3373 2201 3430 2254; x_wconf 84' lang='grc' dir='ltr'>δὲ</span> <span class='ocrx_word' id='word_1_404' title='bbox 3460 2203 3572 2264; x_wconf 88' lang='grc' dir='ltr'>τοῖς</span> <span class='ocrx_word' id='word_1_405' title='bbox 3606 2201 3766 2273; x_wconf 79' lang='grc' dir='ltr'>παρὰ</span> 
     </span>
    </p>
   </div>
   <div class='ocr_carea' id='block_1_53' title="bbox 2177 2292 3766 2364">
    <p class='ocr_par' dir='ltr' id='par_1_53' title="bbox 2177 2292 3766 2364">
     <span class='ocr_line' id='line_1_53' title="bbox 2177 2292 3766 2364; baseline -0.003 -15"><span class='ocrx_word' id='word_1_406' title='bbox 2177 2297 2285 2349; x_wconf 90' lang='grc' dir='ltr'><strong>τῶν</strong></span> <span class='ocrx_word' id='word_1_407' title='bbox 2315 2295 2526 2350; x_wconf 84' lang='grc' dir='ltr'>πολλῶν</span> <span class='ocrx_word' id='word_1_408' title='bbox 2550 2293 3009 2364; x_wconf 84' lang='grc' dir='ltr'>ἀντιλεγομένοις,</span> <span class='ocrx_word' id='word_1_409' title='bbox 3026 2292 3248 2346; x_wconf 78' lang='grc' dir='ltr'>καὶτῶν</span> <span class='ocrx_word' id='word_1_410' title='bbox 3271 2292 3480 2360; x_wconf 87' lang='grc' dir='ltr'>ἀλόγων</span> <span class='ocrx_word' id='word_1_411' title='bbox 3513 2292 3612 2344; x_wconf 85' lang='grc' dir='ltr'><strong>οὑκ</strong></span> <span class='ocrx_word' id='word_1_412' title='bbox 3636 2292 3709 2360; x_wconf 80' lang='grc' dir='ltr'>ἀφ</span> <span class='ocrx_word' id='word_1_413' title='bbox 3719 2311 3766 2344; x_wconf 91' lang='grc' dir='ltr'>ι-</span> 
     </span>
    </p>
   </div>
   <div class='ocr_carea' id='block_1_54' title="bbox 2180 2383 3761 2458">
    <p class='ocr_par' dir='ltr' id='par_1_54' title="bbox 2180 2383 3761 2458">
     <span class='ocr_line' id='line_1_54' title="bbox 2180 2383 3761 2458; baseline -0.002 -16"><span class='ocrx_word' id='word_1_414' title='bbox 2180 2387 2465 2458; x_wconf 84' lang='grc' dir='ltr'>στάμενον,</span> <span class='ocrx_word' id='word_1_415' title='bbox 2494 2386 2590 2439; x_wconf 72' lang='grc' dir='ltr'>καὶ</span> <span class='ocrx_word' id='word_1_416' title='bbox 2616 2387 2716 2458; x_wconf 81' lang='grc' dir='ltr'>τῆς</span> <span class='ocrx_word' id='word_1_417' title='bbox 2745 2385 2933 2457; x_wconf 84' lang='grc' dir='ltr'>χρείας</span> <span class='ocrx_word' id='word_1_418' title='bbox 2965 2384 3145 2438; x_wconf 82' lang='grc' dir='ltr'>αὐτῶν</span> <span class='ocrx_word' id='word_1_419' title='bbox 3178 2383 3272 2436; x_wconf 76' lang='grc' dir='ltr'><strong>καὶ</strong></span> <span class='ocrx_word' id='word_1_420' title='bbox 3309 2383 3408 2453; x_wconf 84' lang='grc' dir='ltr'>τῆς</span> <span class='ocrx_word' id='word_1_421' title='bbox 3435 2383 3761 2455; x_wconf 84' lang='grc' dir='ltr'>ὑπηρεσίας.</span> 
     </span>
    </p>
   </div>
   <div class='ocr_carea' id='block_1_55' title="bbox 2176 2475 3766 2546">
    <p class='ocr_par' dir='ltr' id='par_1_55' title="bbox 2176 2475 3766 2546">
     <span class='ocr_line' id='line_1_55' title="bbox 2176 2475 3766 2546; baseline -0.003 -13"><span class='ocrx_word' id='word_1_422' title='bbox 2176 2480 2330 2533; x_wconf 85' lang='grc' dir='ltr'>Ποιεῖ</span> <span class='ocrx_word' id='word_1_423' title='bbox 2359 2479 2416 2532; x_wconf 82' lang='grc' dir='ltr'>δὲ</span> <span class='ocrx_word' id='word_1_424' title='bbox 2440 2477 2599 2532; x_wconf 87' lang='grc' dir='ltr'>τοῦτο</span> <span class='ocrx_word' id='word_1_425' title='bbox 2631 2478 2719 2532; x_wconf 82' lang='grc' dir='ltr'>διὰ</span> <span class='ocrx_word' id='word_1_426' title='bbox 2749 2477 2843 2532; x_wconf 86' lang='grc' dir='ltr'><strong>δύο</strong></span> <span class='ocrx_word' id='word_1_427' title='bbox 2871 2477 3044 2531; x_wconf 90' lang='grc' dir='ltr'>ταῦτα</span> <span class='ocrx_word' id='word_1_428' title='bbox 3062 2493 3074 2506; x_wconf 94' lang='grc'><strong>·</strong></span> <span class='ocrx_word' id='word_1_429' title='bbox 3104 2476 3170 2529; x_wconf 84' lang='grc' dir='ltr'>δι’</span> <span class='ocrx_word' id='word_1_430' title='bbox 3198 2475 3256 2530; x_wconf 82' lang='grc' dir='ltr'>ἓν</span> <span class='ocrx_word' id='word_1_431' title='bbox 3293 2475 3414 2546; x_wconf 80' lang='grc' dir='ltr'>μὲν,</span> <span class='ocrx_word' id='word_1_432' title='bbox 3453 2475 3545 2529; x_wconf 83' lang='grc' dir='ltr'>ἵνα</span> <span class='ocrx_word' id='word_1_433' title='bbox 3571 2477 3637 2529; x_wconf 75' lang='grc' dir='ltr'>ὲκ</span> <span class='ocrx_word' id='word_1_434' title='bbox 3665 2493 3766 2529; x_wconf 87' lang='grc' dir='ltr'>πε-</span> 
     </span>
    </p>
   </div>
   <div class='ocr_carea' id='block_1_56' title="bbox 2180 2570 3767 2646">
    <p class='ocr_par' dir='ltr' id='par_1_56' title="bbox 2180 2570 3767 2646">
     <span class='ocr_line' id='line_1_56' title="bbox 2180 2570 3767 2646; baseline -0.001 -19"><span class='ocrx_word' id='word_1_435' title='bbox 2180 2576 2425 2646; x_wconf 90' lang='grc' dir='ltr'>ριουσίας</span> <span class='ocrx_word' id='word_1_436' title='bbox 2457 2574 2784 2646; x_wconf 77' lang='grc' dir='ltr'>ἐπιστομίσῃ</span> <span class='ocrx_word' id='word_1_437' title='bbox 2816 2572 2916 2644; x_wconf 83' lang='grc' dir='ltr'>τὴν</span> <span class='ocrx_word' id='word_1_438' title='bbox 2951 2571 3336 2643; x_wconf 87' lang='grc' dir='ltr'>ἀναισχυντίαν</span> <span class='ocrx_word' id='word_1_439' title='bbox 3361 2570 3471 2626; x_wconf 82' lang='grc' dir='ltr'><strong>τῶν</strong></span> <span class='ocrx_word' id='word_1_440' title='bbox 3498 2572 3767 2640; x_wconf 83' lang='grc' dir='ltr'>λεγόντων</span> 
     </span>
    </p>
   </div>
   <div class='ocr_carea' id='block_1_57' title="bbox 2176 2664 3771 2740">
    <p class='ocr_par' dir='ltr' id='par_1_57' title="bbox 2176 2664 3771 2740">
     <span class='ocr_line' id='line_1_57' title="bbox 2176 2664 3771 2740; baseline -0.002 -19"><span class='ocrx_word' id='word_1_441' title='bbox 2176 2664 2316 2722; x_wconf 82' lang='grc' dir='ltr'>εἷναί</span> <span class='ocrx_word' id='word_1_442' title='bbox 2336 2687 2389 2723; x_wconf 90' lang='grc' dir='ltr'><strong>τι</strong></span> <span class='ocrx_word' id='word_1_443' title='bbox 2417 2669 2671 2740; x_wconf 78' lang='grc' dir='ltr'>περιττὸν</span> <span class='ocrx_word' id='word_1_444' title='bbox 2697 2668 2756 2720; x_wconf 80' lang='grc' dir='ltr'>ὲν</span> <span class='ocrx_word' id='word_1_445' title='bbox 2785 2665 2862 2738; x_wconf 84' lang='grc' dir='ltr'>τῷ</span> <span class='ocrx_word' id='word_1_446' title='bbox 2892 2667 3082 2738; x_wconf 81' lang='grc' dir='ltr'>κόσμῳ</span> <span class='ocrx_word' id='word_1_447' title='bbox 3111 2667 3205 2720; x_wconf 73' lang='grc' dir='ltr'><strong>καὶ</strong></span> <span class='ocrx_word' id='word_1_448' title='bbox 3233 2665 3508 2737; x_wconf 72' lang='grc' dir='ltr'>ἄχρηστον</span> <span class='ocrx_word' id='word_1_449' title='bbox 3525 2681 3539 2696; x_wconf 70' lang='grc' dir='ltr'><strong>ο</strong></span> <span class='ocrx_word' id='word_1_450' title='bbox 3567 2665 3633 2718; x_wconf 62' lang='grc' dir='ltr'>διΐ</span> <span class='ocrx_word' id='word_1_451' title='bbox 3656 2665 3771 2718; x_wconf 78' lang='grc' dir='ltr'>ἐτε-</span> 
     </span>
    </p>
   </div>
   <div class='ocr_carea' id='block_1_58' title="bbox 2180 2758 3766 2834">
    <p class='ocr_par' dir='ltr' id='par_1_58' title="bbox 2180 2758 3766 2834">
     <span class='ocr_line' id='line_1_58' title="bbox 2180 2758 3766 2834; baseline -0.001 -20"><span class='ocrx_word' id='word_1_452' title='bbox 2180 2777 2270 2832; x_wconf 92' lang='grc' dir='ltr'><strong>ρον</strong></span> <span class='ocrx_word' id='word_1_453' title='bbox 2299 2760 2377 2827; x_wconf 83' lang='grc' dir='ltr'>δὲ,</span> <span class='ocrx_word' id='word_1_454' title='bbox 2413 2761 2500 2814; x_wconf 85' lang='grc' dir='ltr'><strong>ἵνα</strong></span> <span class='ocrx_word' id='word_1_455' title='bbox 2529 2760 2678 2834; x_wconf 84' lang='grc' dir='ltr'>δείξῃ</span> <span class='ocrx_word' id='word_1_456' title='bbox 2705 2760 2802 2832; x_wconf 83' lang='grc' dir='ltr'>ὅση</span> <span class='ocrx_word' id='word_1_457' title='bbox 2833 2758 2910 2830; x_wconf 82' lang='grc' dir='ltr'>τῷ</span> <span class='ocrx_word' id='word_1_458' title='bbox 2943 2758 3062 2832; x_wconf 81' lang='grc' dir='ltr'>Θεῷ</span> <span class='ocrx_word' id='word_1_459' title='bbox 3092 2759 3206 2814; x_wconf 88' lang='grc' dir='ltr'><strong>τῶν</strong></span> <span class='ocrx_word' id='word_1_460' title='bbox 3237 2758 3541 2831; x_wconf 87' lang='grc' dir='ltr'>ἀνθρώπων</span> <span class='ocrx_word' id='word_1_461' title='bbox 3580 2761 3614 2830; x_wconf 82' lang='grc' dir='ltr'><strong>ἡ</strong></span> <span class='ocrx_word' id='word_1_462' title='bbox 3661 2776 3766 2830; x_wconf 88' lang='grc' dir='ltr'>κη-</span> 
     </span>
    </p>
   </div>
   <div class='ocr_carea' id='block_1_59' title="bbox 2174 2849 3767 2924">
    <p class='ocr_par' dir='ltr' id='par_1_59' title="bbox 2174 2849 3767 2924">
     <span class='ocr_line' id='line_1_59' title="bbox 2174 2849 3767 2924; baseline -0.002 -17"><span class='ocrx_word' id='word_1_463' title='bbox 2174 2852 2418 2924; x_wconf 86' lang='grc' dir='ltr'>δεμονία,</span> <span class='ocrx_word' id='word_1_464' title='bbox 2445 2853 2583 2908; x_wconf 86' lang='grc' dir='ltr'>ὅπου</span> <span class='ocrx_word' id='word_1_465' title='bbox 2615 2870 2680 2922; x_wconf 89' lang='grc' dir='ltr'><strong>γε</strong></span> <span class='ocrx_word' id='word_1_466' title='bbox 2709 2851 2820 2906; x_wconf 91' lang='grc' dir='ltr'><strong>τῶν</strong></span> <span class='ocrx_word' id='word_1_467' title='bbox 2854 2852 2922 2905; x_wconf 89' lang='grc' dir='ltr'>δι’</span> <span class='ocrx_word' id='word_1_468' title='bbox 2948 2852 3191 2916; x_wconf 69' lang='grc' dir='ltr'>ἐκείνους</span> <span class='ocrx_word' id='word_1_469' title='bbox 3227 2851 3537 2923; x_wconf 86' lang='grc' dir='ltr'>γενομένων</span> <span class='ocrx_word' id='word_1_470' title='bbox 3577 2849 3767 2905; x_wconf 84' lang='grc' dir='ltr'>τοσοῦ-</span> 
     </span>
    </p>
   </div>
   <div class='ocr_carea' id='block_1_60' title="bbox 2173 2939 3766 3016">
    <p class='ocr_par' dir='ltr' id='par_1_60' title="bbox 2173 2939 3766 3016">
     <span class='ocr_line' id='line_1_60' title="bbox 2173 2939 3766 3016; baseline -0.001 -18"><span class='ocrx_word' id='word_1_471' title='bbox 2173 2963 2268 3000; x_wconf 93' lang='grc' dir='ltr'><strong>τον</strong></span> <span class='ocrx_word' id='word_1_472' title='bbox 2300 2948 2535 3000; x_wconf 89' lang='grc' dir='ltr'>ποιεῖται</span> <span class='ocrx_word' id='word_1_473' title='bbox 2567 2946 2744 3015; x_wconf 88' lang='grc' dir='ltr'>λόγον.</span> <span class='ocrx_word' id='word_1_474' title='bbox 2766 2943 2830 2998; x_wconf 90' lang='grc' dir='ltr'>Τί</span> <span class='ocrx_word' id='word_1_475' title='bbox 2853 2944 3061 3016; x_wconf 88' lang='grc' dir='ltr'>ταύτης</span> <span class='ocrx_word' id='word_1_476' title='bbox 3083 2939 3199 2998; x_wconf 76' lang='grc' dir='ltr'>ἴσον</span> <span class='ocrx_word' id='word_1_477' title='bbox 3225 2943 3424 3012; x_wconf 80' lang='grc' dir='ltr'>γένοιτ’</span> <span class='ocrx_word' id='word_1_478' title='bbox 3443 2942 3510 2999; x_wconf 82' lang='grc' dir='ltr'><strong>ἂν</strong></span> <span class='ocrx_word' id='word_1_479' title='bbox 3539 2943 3638 3015; x_wconf 85' lang='grc' dir='ltr'>τῆς</span> <span class='ocrx_word' id='word_1_480' title='bbox 3665 2959 3766 3014; x_wconf 89' lang='grc' dir='ltr'>κη-</span> 
     </span>
    </p>
   </div>
   <div class='ocr_carea' id='block_1_61' title="bbox 2175 3033 3765 3108">
    <p class='ocr_par' dir='ltr' id='par_1_61' title="bbox 2175 3033 3765 3108">
     <span class='ocr_line' id='line_1_61' title="bbox 2175 3033 3765 3108; baseline -0.004 -16"><span class='ocrx_word' id='word_1_481' title='bbox 2175 3037 2448 3108; x_wconf 86' lang='grc' dir='ltr'>δεμονίας,</span> <span class='ocrx_word' id='word_1_482' title='bbox 2472 3039 2600 3092; x_wconf 81' lang='grc' dir='ltr'>ὅταν</span> <span class='ocrx_word' id='word_1_483' title='bbox 2630 3037 2725 3092; x_wconf 77' lang='grc' dir='ltr'><strong>καὶ</strong></span> <span class='ocrx_word' id='word_1_484' title='bbox 2754 3035 2824 3092; x_wconf 84' lang='grc' dir='ltr'><strong>τά</strong></span> <span class='ocrx_word' id='word_1_485' title='bbox 2848 3036 3168 3090; x_wconf 83' lang='grc' dir='ltr'>δουλεύοντα</span> <span class='ocrx_word' id='word_1_486' title='bbox 3207 3037 3338 3107; x_wconf 80' lang='grc' dir='ltr'>ἡμῖν</span> <span class='ocrx_word' id='word_1_487' title='bbox 3380 3033 3522 3091; x_wconf 77' lang='grc' dir='ltr'>οὕτω</span> <span class='ocrx_word' id='word_1_488' title='bbox 3565 3033 3765 3107; x_wconf 70' lang='grc' dir='ltr'>τρέφῃ,</span> 
     </span>
    </p>
   </div>
   <div class='ocr_carea' id='block_1_62' title="bbox 2175 3126 3764 3201">
    <p class='ocr_par' dir='ltr' id='par_1_62' title="bbox 2175 3126 3764 3201">
     <span class='ocr_line' id='line_1_62' title="bbox 2175 3126 3764 3201; baseline -0.002 -18"><span class='ocrx_word' id='word_1_489' title='bbox 2175 3130 2270 3184; x_wconf 72' lang='grc' dir='ltr'><strong>καὶ</strong></span> <span class='ocrx_word' id='word_1_490' title='bbox 2328 3129 2402 3201; x_wconf 84' lang='grc' dir='ltr'><strong>μὴ</strong></span> <span class='ocrx_word' id='word_1_491' title='bbox 2457 3131 2712 3200; x_wconf 80' lang='grc' dir='ltr'>συγχωρῇ</span> <span class='ocrx_word' id='word_1_492' title='bbox 2756 3128 3033 3182; x_wconf 85' lang='grc' dir='ltr'>πονεῖσθαι</span> <span class='ocrx_word' id='word_1_493' title='bbox 3066 3129 3194 3198; x_wconf 73' lang='grc' dir='ltr'>περὶ</span> <span class='ocrx_word' id='word_1_494' title='bbox 3231 3127 3440 3193; x_wconf 85' lang='grc' dir='ltr'>πάντα;</span> <span class='ocrx_word' id='word_1_495' title='bbox 3478 3127 3616 3180; x_wconf 81' lang='grc' dir='ltr'>Οὑτε</span> <span class='ocrx_word' id='word_1_496' title='bbox 3657 3126 3764 3198; x_wconf 87' lang='grc' dir='ltr'>γὰρ</span> 
     </span>
    </p>
   </div>
   <div class='ocr_carea' id='block_1_63' title="bbox 2175 3218 3760 3291">
    <p class='ocr_par' dir='ltr' id='par_1_63' title="bbox 2175 3218 3760 3291">
     <span class='ocr_line' id='line_1_63' title="bbox 2175 3218 3760 3291; baseline -0.001 -19"><span class='ocrx_word' id='word_1_497' title='bbox 2175 3221 2328 3274; x_wconf 82' lang='grc' dir='ltr'>είασε</span> <span class='ocrx_word' id='word_1_498' title='bbox 2356 3221 2448 3274; x_wconf 81' lang='grc' dir='ltr'>τὸν</span> <span class='ocrx_word' id='word_1_499' title='bbox 2477 3220 2784 3291; x_wconf 83' lang='grc' dir='ltr'>ἄνθρωπον,</span> <span class='ocrx_word' id='word_1_500' title='bbox 2811 3219 2934 3272; x_wconf 80' lang='grc' dir='ltr'>οὔτε</span> <span class='ocrx_word' id='word_1_501' title='bbox 2965 3219 3188 3290; x_wconf 86' lang='grc' dir='ltr'>βαρύνει</span> <span class='ocrx_word' id='word_1_502' title='bbox 3211 3221 3324 3280; x_wconf 83' lang='grc' dir='ltr'>τοῖς</span> <span class='ocrx_word' id='word_1_503' title='bbox 3362 3218 3547 3281; x_wconf 88' lang='grc' dir='ltr'>πόνοις</span> <span class='ocrx_word' id='word_1_504' title='bbox 3576 3219 3760 3283; x_wconf 77' lang='grc' dir='ltr'>αὑτὸν,</span> 
     </span>
    </p>
   </div>
   <div class='ocr_carea' id='block_1_64' title="bbox 2175 3307 3764 3381">
    <p class='ocr_par' dir='ltr' id='par_1_64' title="bbox 2175 3307 3764 3381">
     <span class='ocr_line' id='line_1_64' title="bbox 2175 3307 3764 3381; baseline -0.001 -18"><span class='ocrx_word' id='word_1_505' title='bbox 2175 3311 2466 3366; x_wconf 87' lang='grc' dir='ltr'>ποικίλλων</span> <span class='ocrx_word' id='word_1_506' title='bbox 2482 3310 2648 3364; x_wconf 89' lang='grc' dir='ltr'>αὑτοῦ</span> <span class='ocrx_word' id='word_1_507' title='bbox 2669 3309 2765 3381; x_wconf 84' lang='grc' dir='ltr'><strong>τὴν</strong></span> <span class='ocrx_word' id='word_1_508' title='bbox 2791 3309 3086 3378; x_wconf 89' lang='grc' dir='ltr'>σωτηρίαν.</span> <span class='ocrx_word' id='word_1_509' title='bbox 3104 3307 3372 3360; x_wconf 84' lang='grc' dir='ltr'>Ἐνταῦθα</span> <span class='ocrx_word' id='word_1_510' title='bbox 3397 3307 3563 3361; x_wconf 84' lang='grc' dir='ltr'>καλὸν</span> <span class='ocrx_word' id='word_1_511' title='bbox 3587 3309 3764 3362; x_wconf 73' lang='grc' dir='ltr'>εἰπεῖν</span> 
     </span>
    </p>
   </div>
   <div class='ocr_carea' id='block_1_65' title="bbox 2175 3385 3764 3472">
    <p class='ocr_par' dir='ltr' id='par_1_65' title="bbox 2175 3385 3764 3472">
     <span class='ocr_line' id='line_1_65' title="bbox 2175 3385 3764 3472; baseline -0.004 -18"><span class='ocrx_word' id='word_1_512' title='bbox 2175 3401 2313 3472; x_wconf 82' lang='grc' dir='ltr'>πρὸς</span> <span class='ocrx_word' id='word_1_513' title='bbox 2357 3401 2450 3454; x_wconf 84' lang='grc' dir='ltr'><strong>τὸν</strong></span> <span class='ocrx_word' id='word_1_514' title='bbox 2490 3385 2617 3463; x_wconf 79' lang='grc' dir='ltr'><strong>τοὺς</strong></span> <span class='ocrx_word' id='word_1_515' title='bbox 2648 3401 2930 3469; x_wconf 85' lang='grc' dir='ltr'>ὁμογενεῖς</span> <span class='ocrx_word' id='word_1_516' title='bbox 2957 3395 3450 3465; x_wconf 86' lang='grc' dir='ltr'>καταδουλούμενον</span> <span class='ocrx_word' id='word_1_517' title='bbox 3469 3411 3483 3425; x_wconf 77' lang='grc'><strong><em>⁸</em></strong></span> <span class='ocrx_word' id='word_1_518' title='bbox 3521 3395 3618 3465; x_wconf 78' lang='grc' dir='ltr'><strong>μία</strong></span> <span class='ocrx_word' id='word_1_519' title='bbox 3645 3395 3764 3448; x_wconf 89' lang='grc' dir='ltr'>δου-</span> 
     </span>
    </p>
   </div>
   <div class='ocr_carea' id='block_1_66' title="bbox 482 3468 2074 3563">
    <p class='ocr_par' dir='ltr' id='par_1_66' title="bbox 482 3485 2072 3558">
     <span class='ocr_line' id='line_1_66' title="bbox 482 3485 2072 3558; baseline 0.006 -20"><span class='ocrx_word' id='word_1_520' title='bbox 482 3485 656 3541; x_wconf 85' lang='lat' dir='ltr'><strong>vitute</strong></span> <span class='ocrx_word' id='word_1_521' title='bbox 685 3487 964 3557; x_wconf 91' lang='lat' dir='ltr'><strong>opprimit,</strong></span> <span class='ocrx_word' id='word_1_522' title='bbox 995 3486 1076 3541; x_wconf 91' lang='lat' dir='ltr'><strong>sie</strong></span> <span class='ocrx_word' id='word_1_523' title='bbox 1108 3486 1313 3558; x_wconf 85' lang='lat' dir='ltr'><strong>alloqui</strong></span> <span class='ocrx_word' id='word_1_524' title='bbox 1339 3506 1352 3541; x_wconf 90' lang='lat'><strong>:</strong></span> <span class='ocrx_word' id='word_1_525' title='bbox 1386 3504 1496 3543; x_wconf 90' lang='lat' dir='ltr'><strong>una</strong></span> <span class='ocrx_word' id='word_1_526' title='bbox 1523 3489 1808 3546; x_wconf 84' lang='lat' dir='ltr'><strong>hominum</strong></span> <span class='ocrx_word' id='word_1_527' title='bbox 1834 3493 2072 3548; x_wconf 86' lang='lat' dir='ltr'><strong>servitus</strong></span> 
     </span>
    </p>
   </div>
   <div class='ocr_carea' id='block_1_67' title="bbox 2176 3468 3760 3563">
    <p class='ocr_par' dir='ltr' id='par_1_67' title="bbox 2176 3468 3760 3563">
     <span class='ocr_line' id='line_1_67' title="bbox 2176 3468 3760 3563; baseline -0.003 -18"><span class='ocrx_word' id='word_1_528' title='bbox 2176 3468 2294 3546; x_wconf 79' lang='grc' dir='ltr'>λεία</span> <span class='ocrx_word' id='word_1_529' title='bbox 2312 3491 2420 3545; x_wconf 88' lang='grc' dir='ltr'><strong>τῶν</strong></span> <span class='ocrx_word' id='word_1_530' title='bbox 2441 3491 2537 3545; x_wconf 86' lang='grc' dir='ltr'><strong>ἀνθ</strong></span> <span class='ocrx_word' id='word_1_531' title='bbox 2547 3468 2742 3563; x_wconf 85' lang='grc' dir='ltr'>ρώπων</span> <span class='ocrx_word' id='word_1_532' title='bbox 2763 3489 2833 3543; x_wconf 84' lang='grc' dir='ltr'>τὰ</span> <span class='ocrx_word' id='word_1_533' title='bbox 2857 3489 3025 3558; x_wconf 73' lang='grc' dir='ltr'>ἄλογα</span> <span class='ocrx_word' id='word_1_534' title='bbox 3042 3506 3054 3520; x_wconf 86' lang='grc'><strong>·</strong></span> <span class='ocrx_word' id='word_1_535' title='bbox 3082 3490 3146 3542; x_wconf 80' lang='grc' dir='ltr'><strong>σὺ</strong></span> <span class='ocrx_word' id='word_1_536' title='bbox 3168 3488 3226 3541; x_wconf 80' lang='grc' dir='ltr'>δὲ</span> <span class='ocrx_word' id='word_1_537' title='bbox 3251 3486 3428 3541; x_wconf 89' lang='grc' dir='ltr'>ταῦτα</span> <span class='ocrx_word' id='word_1_538' title='bbox 3456 3487 3760 3557; x_wconf 75' lang='grc' dir='ltr'>ὀλιγωρεῖςο</span> 
     </span>
    </p>
   </div>
   <div class='ocr_carea' id='block_1_68' title="bbox 485 3579 2075 3654">
    <p class='ocr_par' dir='ltr' id='par_1_68' title="bbox 485 3579 2075 3654">
     <span class='ocr_line' id='line_1_68' title="bbox 485 3579 2075 3654; baseline 0.005 -21"><span class='ocrx_word' id='word_1_539' title='bbox 485 3586 615 3633; x_wconf 88' lang='lat' dir='ltr'><strong>sunt</strong></span> <span class='ocrx_word' id='word_1_540' title='bbox 665 3579 1079 3644; x_wconf 76' lang='lat' dir='ltr'><strong>irrationabili’a,</strong></span> <span class='ocrx_word' id='word_1_541' title='bbox 1115 3585 1174 3633; x_wconf 88' lang='lat' dir='ltr'><strong>tu</strong></span> <span class='ocrx_word' id='word_1_542' title='bbox 1218 3595 1348 3635; x_wconf 86' lang='lat' dir='ltr'><strong>vero</strong></span> <span class='ocrx_word' id='word_1_543' title='bbox 1383 3581 1500 3636; x_wconf 73' lang='lat' dir='ltr'><strong>haec</strong></span> <span class='ocrx_word' id='word_1_544' title='bbox 1543 3582 1781 3652; x_wconf 86' lang='lat' dir='ltr'><strong>despicis</strong></span> <span class='ocrx_word' id='word_1_545' title='bbox 1831 3602 1846 3638; x_wconf 92' lang='lat'><strong>:</strong></span> <span class='ocrx_word' id='word_1_546' title='bbox 1903 3599 2075 3654; x_wconf 88' lang='lat' dir='ltr'><strong>quare</strong></span> 
     </span>
    </p>
   </div>
   <div class='ocr_carea' id='block_1_69' title="bbox 483 3669 2074 3739">
    <p class='ocr_par' dir='ltr' id='par_1_69' title="bbox 483 3669 2074 3739">
     <span class='ocr_line' id='line_1_69' title="bbox 483 3669 2074 3739; baseline 0.005 -18"><span class='ocrx_word' id='word_1_547' title='bbox 483 3675 739 3722; x_wconf 84' lang='lat' dir='ltr'><strong>naturam</strong></span> <span class='ocrx_word' id='word_1_548' title='bbox 798 3685 830 3722; x_wconf 93' lang='lat' dir='ltr'><strong>a</strong></span> <span class='ocrx_word' id='word_1_549' title='bbox 882 3669 1146 3725; x_wconf 88' lang='lat' dir='ltr'><strong>servitute</strong></span> <span class='ocrx_word' id='word_1_550' title='bbox 1191 3677 1247 3726; x_wconf 89' lang='lat' dir='ltr'><strong>et</strong></span> <span class='ocrx_word' id='word_1_551' title='bbox 1293 3669 1670 3726; x_wconf 86' lang='lat' dir='ltr'><strong>dominatione</strong></span> <span class='ocrx_word' id='word_1_552' title='bbox 1708 3672 1988 3739; x_wconf 88' lang='lat' dir='ltr'><strong>scindens,</strong></span> <span class='ocrx_word' id='word_1_553' title='bbox 2019 3674 2074 3729; x_wconf 89' lang='lat' dir='ltr'><strong>id</strong></span> 
     </span>
    </p>
   </div>
   <div class='ocr_carea' id='block_1_70' title="bbox 486 3757 2075 3831">
    <p class='ocr_par' dir='ltr' id='par_1_70' title="bbox 486 3757 2075 3831">
     <span class='ocr_line' id='line_1_70' title="bbox 486 3757 2075 3831; baseline 0.004 -19"><span class='ocrx_word' id='word_1_554' title='bbox 486 3757 742 3822; x_wconf 73' lang='lat' dir='ltr'><strong>effecisti,</strong></span> <span class='ocrx_word' id='word_1_555' title='bbox 768 3768 829 3813; x_wconf 94' lang='lat' dir='ltr'><strong>ut</strong></span> <span class='ocrx_word' id='word_1_556' title='bbox 861 3759 968 3814; x_wconf 87' lang='lat' dir='ltr'><strong>sibi</strong></span> <span class='ocrx_word' id='word_1_557' title='bbox 998 3761 1117 3831; x_wconf 89' lang='lat' dir='ltr'><strong>ipsa</strong></span> <span class='ocrx_word' id='word_1_558' title='bbox 1154 3762 1386 3817; x_wconf 86' lang='lat' dir='ltr'><strong>serviret</strong></span> <span class='ocrx_word' id='word_1_559' title='bbox 1420 3769 1476 3816; x_wconf 93' lang='lat' dir='ltr'><strong>et</strong></span> <span class='ocrx_word' id='word_1_560' title='bbox 1507 3761 1904 3818; x_wconf 87' lang='lat' dir='ltr'><strong>dominaretur.</strong></span> <span class='ocrx_word' id='word_1_561' title='bbox 1937 3763 2075 3819; x_wconf 85' lang='lat' dir='ltr'><strong>Eum</strong></span> 
     </span>
    </p>
   </div>
   <div class='ocr_carea' id='block_1_71' title="bbox 487 3847 2072 3925">
    <p class='ocr_par' dir='ltr' id='par_1_71' title="bbox 487 3847 2072 3925">
     <span class='ocr_line' id='line_1_71' title="bbox 487 3847 2072 3925; baseline 0.005 -23"><span class='ocrx_word' id='word_1_562' title='bbox 487 3849 582 3920; x_wconf 85' lang='lat' dir='ltr'><strong>qui</strong></span> <span class='ocrx_word' id='word_1_563' title='bbox 617 3847 687 3903; x_wconf 89' lang='lat' dir='ltr'><strong>ad</strong></span> <span class='ocrx_word' id='word_1_564' title='bbox 721 3848 1136 3906; x_wconf 87' lang='lat' dir='ltr'><strong>similitudinem</strong></span> <span class='ocrx_word' id='word_1_565' title='bbox 1169 3851 1264 3907; x_wconf 90' lang='lat' dir='ltr'><strong>Dei</strong></span> <span class='ocrx_word' id='word_1_566' title='bbox 1295 3851 1474 3909; x_wconf 82' lang='lat' dir='ltr'><strong>factus</strong></span> <span class='ocrx_word' id='word_1_567' title='bbox 1507 3860 1615 3920; x_wconf 89' lang='lat' dir='ltr'><strong>est,</strong></span> <span class='ocrx_word' id='word_1_568' title='bbox 1650 3854 1777 3925; x_wconf 89' lang='lat' dir='ltr'><strong>quis</strong></span> <span class='ocrx_word' id='word_1_569' title='bbox 1806 3856 2072 3921; x_wconf 89' lang='lat' dir='ltr'><strong>vendidit,</strong></span> 
     </span>
    </p>
   </div>
   <div class='ocr_carea' id='block_1_72' title="bbox 489 3940 2076 4014">
    <p class='ocr_par' dir='ltr' id='par_1_72' title="bbox 489 3940 2076 4014">
     <span class='ocr_line' id='line_1_72' title="bbox 489 3940 2076 4014; baseline 0.004 -19"><span class='ocrx_word' id='word_1_570' title='bbox 489 3941 614 4012; x_wconf 87' lang='lat' dir='ltr'><strong>quis</strong></span> <span class='ocrx_word' id='word_1_571' title='bbox 665 3940 820 4009; x_wconf 91' lang='lat' dir='ltr'><strong>emit,</strong></span> <span class='ocrx_word' id='word_1_572' title='bbox 859 3957 986 3996; x_wconf 91' lang='lat' dir='ltr'><strong>cum</strong></span> <span class='ocrx_word' id='word_1_573' title='bbox 1031 3942 1087 3997; x_wconf 88' lang='lat' dir='ltr'><strong>id</strong></span> <span class='ocrx_word' id='word_1_574' title='bbox 1128 3944 1281 4000; x_wconf 88' lang='lat' dir='ltr'><strong>solus</strong></span> <span class='ocrx_word' id='word_1_575' title='bbox 1306 3943 1450 3999; x_wconf 91' lang='lat' dir='ltr'><strong>Deus</strong></span> <span class='ocrx_word' id='word_1_576' title='bbox 1484 3945 1661 4014; x_wconf 92' lang='lat' dir='ltr'><strong>possit</strong></span> <span class='ocrx_word' id='word_1_577' title='bbox 1695 3946 1937 4014; x_wconf 80' lang='lat' dir='ltr'><strong>eﬂicere;</strong></span> <span class='ocrx_word' id='word_1_578' title='bbox 1967 3947 2076 4003; x_wconf 91' lang='lat' dir='ltr'><strong>imo</strong></span> 
     </span>
    </p>
   </div>
   <div class='ocr_carea' id='block_1_73' title="bbox 453 4032 2075 4107">
    <p class='ocr_par' dir='ltr' id='par_1_73' title="bbox 453 4032 2075 4107">
     <span class='ocr_line' id='line_1_73' title="bbox 453 4032 2075 4107; baseline 0.006 -22"><span class='ocrx_word' id='word_1_579' title='bbox 453 4069 456 4074; x_wconf 86' lang='grc'><strong>-</strong></span> <span class='ocrx_word' id='word_1_580' title='bbox 488 4048 624 4089; x_wconf 88' lang='lat' dir='ltr'><strong>vero</strong></span> <span class='ocrx_word' id='word_1_581' title='bbox 654 4048 756 4088; x_wconf 90' lang='lat' dir='ltr'><strong>nec</strong></span> <span class='ocrx_word' id='word_1_582' title='bbox 793 4033 911 4104; x_wconf 88' lang='lat' dir='ltr'><strong>ipse</strong></span> <span class='ocrx_word' id='word_1_583' title='bbox 950 4032 1115 4098; x_wconf 85' lang='lat' dir='ltr'><strong>Deus,</strong></span> <span class='ocrx_word' id='word_1_584' title='bbox 1146 4049 1277 4088; x_wconf 87' lang='lat' dir='ltr'><strong>nam</strong></span> <span class='ocrx_word' id='word_1_585' title='bbox 1322 4034 1466 4089; x_wconf 89' lang='lat' dir='ltr'><strong>dona</strong></span> <span class='ocrx_word' id='word_1_586' title='bbox 1497 4034 1618 4103; x_wconf 80' lang='lat' dir='ltr'><strong>ejus</strong></span> <span class='ocrx_word' id='word_1_587' title='bbox 1647 4045 1777 4092; x_wconf 87' lang='lat' dir='ltr'><strong>sunt</strong></span> <span class='ocrx_word' id='word_1_588' title='bbox 1810 4038 1929 4093; x_wconf 91' lang='lat' dir='ltr'><strong>sine</strong></span> <span class='ocrx_word' id='word_1_589' title='bbox 1956 4053 2075 4107; x_wconf 87' lang='lat' dir='ltr'><strong>poe-</strong></span> 
     </span>
    </p>
   </div>
   <div class='ocr_carea' id='block_1_74' title="bbox 490 4125 2078 4196">
    <p class='ocr_par' dir='ltr' id='par_1_74' title="bbox 490 4125 2078 4196">
     <span class='ocr_line' id='line_1_74' title="bbox 490 4125 2078 4196; baseline 0.003 -15"><span class='ocrx_word' id='word_1_590' title='bbox 490 4127 762 4182; x_wconf 76' lang='lat' dir='ltr'><strong>nitentia?</strong></span> <span class='ocrx_word' id='word_1_591' title='bbox 797 4126 957 4193; x_wconf 80' lang='lat' dir='ltr'><strong>Quod</strong></span> <span class='ocrx_word' id='word_1_592' title='bbox 1009 4125 1058 4182; x_wconf 86' lang='lat' dir='ltr'><strong>si</strong></span> <span class='ocrx_word' id='word_1_593' title='bbox 1104 4125 1252 4182; x_wconf 87' lang='lat' dir='ltr'><strong>Deus</strong></span> <span class='ocrx_word' id='word_1_594' title='bbox 1286 4125 1344 4181; x_wconf 90' lang='lat' dir='ltr'><strong>id</strong></span> <span class='ocrx_word' id='word_1_595' title='bbox 1400 4126 1553 4196; x_wconf 89' lang='lat' dir='ltr'><strong>quod</strong></span> <span class='ocrx_word' id='word_1_596' title='bbox 1591 4128 1824 4184; x_wconf 91' lang='lat' dir='ltr'><strong>liberum</strong></span> <span class='ocrx_word' id='word_1_597' title='bbox 1851 4138 1936 4187; x_wconf 89' lang='lat' dir='ltr'><strong>est</strong></span> <span class='ocrx_word' id='word_1_598' title='bbox 1965 4145 2078 4186; x_wconf 88' lang='lat' dir='ltr'><strong>non</strong></span> 
     </span>
    </p>
   </div>
   <div class='ocr_carea' id='block_1_75' title="bbox 490 4217 2078 4294">
    <p class='ocr_par' dir='ltr' id='par_1_75' title="bbox 490 4217 2078 4294">
     <span class='ocr_line' id='line_1_75' title="bbox 490 4217 2078 4294; baseline 0.002 -21"><span class='ocrx_word' id='word_1_599' title='bbox 490 4219 689 4290; x_wconf 79' lang='lat' dir='ltr'><strong>redigit</strong></span> <span class='ocrx_word' id='word_1_600' title='bbox 730 4219 786 4273; x_wconf 92' lang='lat' dir='ltr'><strong>in</strong></span> <span class='ocrx_word' id='word_1_601' title='bbox 821 4217 1164 4283; x_wconf 85' lang='lat' dir='ltr'><strong>servitutem,</strong></span> <span class='ocrx_word' id='word_1_602' title='bbox 1195 4218 1320 4287; x_wconf 89' lang='lat' dir='ltr'><strong>quis</strong></span> <span class='ocrx_word' id='word_1_603' title='bbox 1350 4221 1650 4291; x_wconf 88' lang='lat' dir='ltr'><strong>potentiam</strong></span> <span class='ocrx_word' id='word_1_604' title='bbox 1677 4236 1834 4278; x_wconf 87' lang='lat' dir='ltr'><strong>suam</strong></span> <span class='ocrx_word' id='word_1_605' title='bbox 1884 4230 2078 4294; x_wconf 83' lang='lat' dir='ltr'><strong>poten-</strong></span> 
     </span>
    </p>
   </div>
   <div class='ocr_carea' id='block_1_76' title="bbox 489 4311 2078 4386">
    <p class='ocr_par' dir='ltr' id='par_1_76' title="bbox 489 4311 2078 4386">
     <span class='ocr_line' id='line_1_76' title="bbox 489 4311 2078 4386; baseline 0.003 -20"><span class='ocrx_word' id='word_1_606' title='bbox 489 4312 584 4367; x_wconf 63' lang='lat' dir='ltr'><strong>tiae</strong></span> <span class='ocrx_word' id='word_1_607' title='bbox 632 4311 726 4368; x_wconf 90' lang='lat' dir='ltr'><strong>Dei</strong></span> <span class='ocrx_word' id='word_1_608' title='bbox 777 4312 1087 4382; x_wconf 76' lang='lat' dir='ltr'><strong>praeponat?</strong></span> <span class='ocrx_word' id='word_1_609' title='bbox 1118 4313 1384 4370; x_wconf 66' lang='lat' dir='ltr'><strong>Caeterum</strong></span> <span class='ocrx_word' id='word_1_610' title='bbox 1432 4323 1519 4371; x_wconf 90' lang='lat' dir='ltr'><strong>sat</strong></span> <span class='ocrx_word' id='word_1_611' title='bbox 1544 4313 1730 4372; x_wconf 90' lang='lat' dir='ltr'><strong>oneris</strong></span> <span class='ocrx_word' id='word_1_612' title='bbox 1777 4316 2078 4386; x_wconf 90' lang='lat' dir='ltr'><strong>imponitur</strong></span> 
     </span>
    </p>
   </div>
   <div class='ocr_carea' id='block_1_77' title="bbox 492 4403 2076 4478">
    <p class='ocr_par' dir='ltr' id='par_1_77' title="bbox 492 4403 2076 4478">
     <span class='ocr_line' id='line_1_77' title="bbox 492 4403 2076 4478; baseline 0.003 -20"><span class='ocrx_word' id='word_1_613' title='bbox 492 4404 583 4472; x_wconf 88' lang='lat' dir='ltr'><strong>iis,</strong></span> <span class='ocrx_word' id='word_1_614' title='bbox 609 4405 703 4474; x_wconf 93' lang='lat' dir='ltr'><strong>qui</strong></span> <span class='ocrx_word' id='word_1_615' title='bbox 733 4403 891 4458; x_wconf 89' lang='lat' dir='ltr'><strong>liberi</strong></span> <span class='ocrx_word' id='word_1_616' title='bbox 920 4412 1068 4469; x_wconf 90' lang='lat' dir='ltr'><strong>sunt,</strong></span> <span class='ocrx_word' id='word_1_617' title='bbox 1092 4405 1240 4476; x_wconf 91' lang='lat' dir='ltr'><strong>quod</strong></span> <span class='ocrx_word' id='word_1_618' title='bbox 1274 4407 1538 4473; x_wconf 82' lang='lat' dir='ltr'><strong>serviant,</strong></span> <span class='ocrx_word' id='word_1_619' title='bbox 1579 4415 1841 4478; x_wconf 88' lang='lat' dir='ltr'><strong>tantaque</strong></span> <span class='ocrx_word' id='word_1_620' title='bbox 1869 4408 1926 4462; x_wconf 89' lang='lat' dir='ltr'><strong>in</strong></span> <span class='ocrx_word' id='word_1_621' title='bbox 1951 4409 2076 4478; x_wconf 82' lang='lat' dir='ltr'><strong>pul-</strong></span> 
     </span>
    </p>
   </div>
   <div class='ocr_carea' id='block_1_78' title="bbox 495 4495 2078 4569">
    <p class='ocr_par' dir='ltr' id='par_1_78' title="bbox 495 4495 2078 4569">
     <span class='ocr_line' id='line_1_78' title="bbox 495 4495 2078 4569; baseline 0.006 -22"><span class='ocrx_word' id='word_1_622' title='bbox 495 4511 620 4552; x_wconf 82' lang='lat' dir='ltr'><strong>vere</strong></span> <span class='ocrx_word' id='word_1_623' title='bbox 661 4498 733 4552; x_wconf 87' lang='lat' dir='ltr'><strong>sit</strong></span> <span class='ocrx_word' id='word_1_624' title='bbox 779 4495 1106 4562; x_wconf 76' lang='lat' dir='ltr'><strong>diﬁ&#39;erentia,</strong></span> <span class='ocrx_word' id='word_1_625' title='bbox 1144 4505 1204 4551; x_wconf 91' lang='lat' dir='ltr'><strong>ut</strong></span> <span class='ocrx_word' id='word_1_626' title='bbox 1255 4497 1395 4554; x_wconf 90' lang='lat' dir='ltr'><strong>alius</strong></span> <span class='ocrx_word' id='word_1_627' title='bbox 1422 4502 1672 4569; x_wconf 87' lang='lat' dir='ltr'><strong>imperet,</strong></span> <span class='ocrx_word' id='word_1_628' title='bbox 1699 4499 1822 4555; x_wconf 90' lang='lat' dir='ltr'><strong>aliis</strong></span> <span class='ocrx_word' id='word_1_629' title='bbox 1851 4501 2078 4569; x_wconf 82' lang='lat' dir='ltr'><strong>impere-</strong></span> 
     </span>
    </p>
   </div>
   <div class='ocr_carea' id='block_1_79' title="bbox 492 4588 2077 4663">
    <p class='ocr_par' dir='ltr' id='par_1_79' title="bbox 492 4588 2077 4663">
     <span class='ocr_line' id='line_1_79' title="bbox 492 4588 2077 4663; baseline 0.003 -21"><span class='ocrx_word' id='word_1_630' title='bbox 492 4599 602 4644; x_wconf 88' lang='lat' dir='ltr'><strong>tur.</strong></span> <span class='ocrx_word' id='word_1_631' title='bbox 632 4590 697 4643; x_wconf 87' lang='lat' dir='ltr'><strong>At</strong></span> <span class='ocrx_word' id='word_1_632' title='bbox 727 4604 906 4660; x_wconf 89' lang='lat' dir='ltr'><strong>neque</strong></span> <span class='ocrx_word' id='word_1_633' title='bbox 928 4588 1144 4659; x_wconf 84' lang='lat' dir='ltr'><strong>jugum,</strong></span> <span class='ocrx_word' id='word_1_634' title='bbox 1175 4603 1354 4659; x_wconf 89' lang='lat' dir='ltr'><strong>neque</strong></span> <span class='ocrx_word' id='word_1_635' title='bbox 1384 4590 1716 4660; x_wconf 89' lang='lat' dir='ltr'><strong>supplicium</strong></span> <span class='ocrx_word' id='word_1_636' title='bbox 1739 4591 1914 4663; x_wconf 87' lang='lat' dir='ltr'><strong>primo</strong></span> <span class='ocrx_word' id='word_1_637' title='bbox 1947 4607 2077 4662; x_wconf 82' lang='lat' dir='ltr'><strong>pec-</strong></span> 
     </span>
    </p>
   </div>
   <div class='ocr_carea' id='block_1_80' title="bbox 492 4681 2075 4753">
    <p class='ocr_par' dir='ltr' id='par_1_80' title="bbox 492 4681 2075 4753">
     <span class='ocr_line' id='line_1_80' title="bbox 492 4681 2075 4753; baseline 0.003 -19"><span class='ocrx_word' id='word_1_638' title='bbox 492 4691 616 4736; x_wconf 83' lang='lat' dir='ltr'><strong>cato</strong></span> <span class='ocrx_word' id='word_1_639' title='bbox 647 4689 838 4736; x_wconf 88' lang='lat' dir='ltr'><strong>nostro</strong></span> <span class='ocrx_word' id='word_1_640' title='bbox 877 4681 1233 4744; x_wconf 89' lang='lat' dir='ltr'><strong>destinatum,</strong></span> <span class='ocrx_word' id='word_1_641' title='bbox 1267 4681 1676 4753; x_wconf 83' lang='lat' dir='ltr'><strong>aggravandum</strong></span> <span class='ocrx_word' id='word_1_642' title='bbox 1716 4691 1823 4739; x_wconf 89' lang='lat' dir='ltr'><strong>est.</strong></span> <span class='ocrx_word' id='word_1_643' title='bbox 1860 4681 2075 4739; x_wconf 89' lang='lat' dir='ltr'><strong>Produ-</strong></span> 
     </span>
    </p>
   </div>
   <div class='ocr_carea' id='block_1_81' title="bbox 2174 3579 3766 3655">
    <p class='ocr_par' dir='ltr' id='par_1_81' title="bbox 2174 3579 3766 3655">
     <span class='ocr_line' id='line_1_81' title="bbox 2174 3579 3766 3655; baseline -0.003 -17"><span class='ocrx_word' id='word_1_644' title='bbox 2174 3584 2255 3638; x_wconf 82' lang='grc' dir='ltr'><strong>διὸ</strong></span> <span class='ocrx_word' id='word_1_645' title='bbox 2295 3582 2394 3655; x_wconf 85' lang='grc' dir='ltr'><strong>τὴν</strong></span> <span class='ocrx_word' id='word_1_646' title='bbox 2443 3581 2606 3653; x_wconf 80' lang='grc' dir='ltr'>φύσιν</span> <span class='ocrx_word' id='word_1_647' title='bbox 2635 3581 2881 3646; x_wconf 89' lang='grc' dir='ltr'>δουλείας</span> <span class='ocrx_word' id='word_1_648' title='bbox 2912 3581 3007 3634; x_wconf 74' lang='grc' dir='ltr'><strong>καὶ</strong></span> <span class='ocrx_word' id='word_1_649' title='bbox 3029 3580 3352 3652; x_wconf 88' lang='grc' dir='ltr'>κυριότητος</span> <span class='ocrx_word' id='word_1_650' title='bbox 3381 3579 3571 3649; x_wconf 86' lang='grc' dir='ltr'>σχίσας</span> <span class='ocrx_word' id='word_1_651' title='bbox 3597 3579 3766 3651; x_wconf 78' lang='grc' dir='ltr'>αὐτὴν</span> 
     </span>
    </p>
   </div>
   <div class='ocr_carea' id='block_1_82' title="bbox 2175 3672 3767 3748">
    <p class='ocr_par' dir='ltr' id='par_1_82' title="bbox 2175 3672 3767 3748">
     <span class='ocr_line' id='line_1_82' title="bbox 2175 3672 3767 3748; baseline -0.003 -17"><span class='ocrx_word' id='word_1_652' title='bbox 2175 3677 2340 3748; x_wconf 78' lang='grc' dir='ltr'>ἑαυτῇ</span> <span class='ocrx_word' id='word_1_653' title='bbox 2391 3676 2660 3730; x_wconf 86' lang='grc' dir='ltr'>δουλεύειν</span> <span class='ocrx_word' id='word_1_654' title='bbox 2707 3675 2802 3729; x_wconf 69' lang='grc' dir='ltr'><strong>καὶ</strong></span> <span class='ocrx_word' id='word_1_655' title='bbox 2841 3676 3007 3746; x_wconf 77' lang='grc' dir='ltr'>ἑαυτῇ</span> <span class='ocrx_word' id='word_1_656' title='bbox 3042 3673 3318 3744; x_wconf 90' lang='grc' dir='ltr'>κυριεύειν</span> <span class='ocrx_word' id='word_1_657' title='bbox 3347 3672 3630 3743; x_wconf 77' lang='grc' dir='ltr'>ἐποίησας.</span> <span class='ocrx_word' id='word_1_658' title='bbox 3662 3672 3767 3726; x_wconf 84' lang='grc' dir='ltr'>Τὸν</span> 
     </span>
    </p>
   </div>
   <div class='ocr_carea' id='block_1_83' title="bbox 2175 3763 3767 3840">
    <p class='ocr_par' dir='ltr' id='par_1_83' title="bbox 2175 3763 3767 3840">
     <span class='ocr_line' id='line_1_83' title="bbox 2175 3763 3767 3840; baseline -0.004 -17"><span class='ocrx_word' id='word_1_659' title='bbox 2175 3770 2300 3824; x_wconf 77' lang='grc' dir='ltr'>καθ’</span> <span class='ocrx_word' id='word_1_660' title='bbox 2331 3768 2620 3840; x_wconf 86' lang='grc' dir='ltr'>ὁμοιότητα</span> <span class='ocrx_word' id='word_1_661' title='bbox 2643 3766 2780 3821; x_wconf 85' lang='grc' dir='ltr'>Θεοῦ</span> <span class='ocrx_word' id='word_1_662' title='bbox 2807 3767 2936 3821; x_wconf 77' lang='grc' dir='ltr'>ὄντα</span> <span class='ocrx_word' id='word_1_663' title='bbox 2965 3769 3059 3820; x_wconf 73' lang='grc' dir='ltr'>καὶ</span> <span class='ocrx_word' id='word_1_664' title='bbox 3087 3765 3269 3836; x_wconf 81' lang='grc' dir='ltr'>πάσης</span> <span class='ocrx_word' id='word_1_665' title='bbox 3293 3765 3396 3836; x_wconf 78' lang='grc' dir='ltr'>γῆς</span> <span class='ocrx_word' id='word_1_666' title='bbox 3421 3766 3655 3836; x_wconf 78' lang='grc' dir='ltr'>ἄρχοντα</span> <span class='ocrx_word' id='word_1_667' title='bbox 3682 3763 3767 3827; x_wconf 89' lang='grc' dir='ltr'><strong>τίς</strong></span> 
     </span>
    </p>
   </div>
   <div class='ocr_carea' id='block_1_84' title="bbox 2174 3856 3768 3932">
    <p class='ocr_par' dir='ltr' id='par_1_84' title="bbox 2174 3856 3768 3932">
     <span class='ocr_line' id='line_1_84' title="bbox 2174 3856 3768 3932; baseline -0.003 -17"><span class='ocrx_word' id='word_1_668' title='bbox 2174 3863 2204 3914; x_wconf 86' lang='grc' dir='ltr'>ὁ</span> <span class='ocrx_word' id='word_1_669' title='bbox 2232 3863 2337 3915; x_wconf 85' lang='grc' dir='ltr'><strong>ἀπε</strong></span> <span class='ocrx_word' id='word_1_670' title='bbox 2346 3859 2595 3932; x_wconf 87' lang='grc' dir='ltr'>μπολῶν;</span> <span class='ocrx_word' id='word_1_671' title='bbox 2616 3861 2701 3925; x_wconf 88' lang='grc' dir='ltr'><strong>τίς</strong></span> <span class='ocrx_word' id='word_1_672' title='bbox 2729 3862 2757 3913; x_wconf 89' lang='lat'><strong>6</strong></span> <span class='ocrx_word' id='word_1_673' title='bbox 2783 3858 3088 3929; x_wconf 85' lang='grc' dir='ltr'>ὠνούμενος</span> <span class='ocrx_word' id='word_1_674' title='bbox 3109 3871 3123 3925; x_wconf 86' lang='lat'><strong>&#39;,&#39;</strong></span> <span class='ocrx_word' id='word_1_675' title='bbox 3166 3858 3326 3929; x_wconf 86' lang='grc' dir='ltr'>μόνου</span> <span class='ocrx_word' id='word_1_676' title='bbox 3359 3856 3494 3909; x_wconf 88' lang='grc' dir='ltr'>Θεοῦ</span> <span class='ocrx_word' id='word_1_677' title='bbox 3519 3857 3581 3909; x_wconf 83' lang='grc' dir='ltr'><strong>τὸ</strong></span> <span class='ocrx_word' id='word_1_678' title='bbox 3603 3856 3733 3926; x_wconf 91' lang='grc' dir='ltr'>δυνη</span> <span class='ocrx_word' id='word_1_679' title='bbox 3759 3886 3768 3896; x_wconf 88' lang='lat'><strong>-</strong></span> 
     </span>
    </p>
   </div>
   <div class='ocr_carea' id='block_1_85' title="bbox 2177 3947 3771 4024">
    <p class='ocr_par' dir='ltr' id='par_1_85' title="bbox 2177 3947 3771 4024">
     <span class='ocr_line' id='line_1_85' title="bbox 2177 3947 3771 4024; baseline -0.003 -18"><span class='ocrx_word' id='word_1_680' title='bbox 2177 3952 2336 4024; x_wconf 82' lang='grc' dir='ltr'>θῆναι</span> <span class='ocrx_word' id='word_1_681' title='bbox 2366 3951 2545 4017; x_wconf 89' lang='grc' dir='ltr'>τοῦτο,</span> <span class='ocrx_word' id='word_1_682' title='bbox 2593 3952 2791 4023; x_wconf 79' lang='grc' dir='ltr'>μᾶλλον</span> <span class='ocrx_word' id='word_1_683' title='bbox 2833 3952 2890 4005; x_wconf 76' lang='grc' dir='ltr'>δὲ</span> <span class='ocrx_word' id='word_1_684' title='bbox 2941 3950 3062 4004; x_wconf 87' lang='grc' dir='ltr'>οὑδὲ</span> <span class='ocrx_word' id='word_1_685' title='bbox 3095 3947 3259 4003; x_wconf 89' lang='grc' dir='ltr'>αὑτοῦ</span> <span class='ocrx_word' id='word_1_686' title='bbox 3293 3947 3389 4002; x_wconf 84' lang='grc' dir='ltr'><strong>τοῦ</strong></span> <span class='ocrx_word' id='word_1_687' title='bbox 3419 3947 3554 4003; x_wconf 83' lang='grc' dir='ltr'>Θεοῦ</span> <span class='ocrx_word' id='word_1_688' title='bbox 3575 3965 3588 3978; x_wconf 91' lang='grc'><strong>·</strong></span> <span class='ocrx_word' id='word_1_689' title='bbox 3630 3949 3771 4018; x_wconf 81' lang='grc' dir='ltr'>ἀμε-</span> 
     </span>
    </p>
   </div>
   <div class='ocr_carea' id='block_1_86' title="bbox 2176 4036 3764 4113">
    <p class='ocr_par' dir='ltr' id='par_1_86' title="bbox 2176 4036 3764 4113">
     <span class='ocr_line' id='line_1_86' title="bbox 2176 4036 3764 4113; baseline -0.004 -17"><span class='ocrx_word' id='word_1_690' title='bbox 2176 4043 2457 4113; x_wconf 86' lang='grc' dir='ltr'>ταμέλητα</span> <span class='ocrx_word' id='word_1_691' title='bbox 2488 4043 2596 4113; x_wconf 83' lang='grc' dir='ltr'><strong>γὰρ</strong></span> <span class='ocrx_word' id='word_1_692' title='bbox 2623 4039 2790 4095; x_wconf 79' lang='grc' dir='ltr'>αὑτοῦ</span> <span class='ocrx_word' id='word_1_693' title='bbox 2823 4039 2892 4092; x_wconf 90' lang='grc' dir='ltr'><strong>τά</strong></span> <span class='ocrx_word' id='word_1_694' title='bbox 2923 4040 3258 4110; x_wconf 86' lang='grc' dir='ltr'>χαρίσματα.</span> <span class='ocrx_word' id='word_1_695' title='bbox 3296 4038 3359 4090; x_wconf 80' lang='grc' dir='ltr'><strong>Εἰ</strong></span> <span class='ocrx_word' id='word_1_696' title='bbox 3389 4037 3446 4090; x_wconf 77' lang='grc' dir='ltr'>δὲ</span> <span class='ocrx_word' id='word_1_697' title='bbox 3483 4038 3512 4089; x_wconf 91' lang='grc' dir='ltr'><strong>ό</strong></span> <span class='ocrx_word' id='word_1_698' title='bbox 3539 4036 3670 4099; x_wconf 80' lang='grc' dir='ltr'>Θεὸς</span> <span class='ocrx_word' id='word_1_699' title='bbox 3701 4036 3764 4089; x_wconf 91' lang='grc' dir='ltr'><strong>οὑ</strong></span> 
     </span>
    </p>
   </div>
   <div class='ocr_carea' id='block_1_87' title="bbox 2174 4129 3764 4207">
    <p class='ocr_par' dir='ltr' id='par_1_87' title="bbox 2174 4129 3764 4207">
     <span class='ocr_line' id='line_1_87' title="bbox 2174 4129 3764 4207; baseline -0.001 -20"><span class='ocrx_word' id='word_1_700' title='bbox 2174 4133 2350 4187; x_wconf 87' lang='grc' dir='ltr'>δουλοῖ</span> <span class='ocrx_word' id='word_1_701' title='bbox 2386 4133 2447 4186; x_wconf 86' lang='grc' dir='ltr'><strong>τὸ</strong></span> <span class='ocrx_word' id='word_1_702' title='bbox 2497 4132 2802 4207; x_wconf 77' lang='grc' dir='ltr'>ἐλεύθερον,</span> <span class='ocrx_word' id='word_1_703' title='bbox 2833 4133 2916 4195; x_wconf 89' lang='grc' dir='ltr'><strong>τίς</strong></span> <span class='ocrx_word' id='word_1_704' title='bbox 2943 4134 2971 4185; x_wconf 91' lang='grc' dir='ltr'><strong>ό</strong></span> <span class='ocrx_word' id='word_1_705' title='bbox 3000 4129 3312 4201; x_wconf 72' lang='grc' dir='ltr'>ὑπερτιθεὶς</span> <span class='ocrx_word' id='word_1_706' title='bbox 3358 4129 3450 4182; x_wconf 87' lang='grc' dir='ltr'><strong>τοῦ</strong></span> <span class='ocrx_word' id='word_1_707' title='bbox 3499 4130 3634 4185; x_wconf 87' lang='grc' dir='ltr'>Θεοῦ</span> <span class='ocrx_word' id='word_1_708' title='bbox 3662 4132 3764 4202; x_wconf 82' lang='grc' dir='ltr'><strong>τὴν</strong></span> 
     </span>
    </p>
   </div>
   <div class='ocr_carea' id='block_1_88' title="bbox 2175 4220 3768 4294">
    <p class='ocr_par' dir='ltr' id='par_1_88' title="bbox 2175 4220 3768 4294">
     <span class='ocr_line' id='line_1_88' title="bbox 2175 4220 3768 4294; baseline -0.003 -16"><span class='ocrx_word' id='word_1_709' title='bbox 2175 4224 2370 4280; x_wconf 80' lang='grc' dir='ltr'>ἑαυτοῦ</span> <span class='ocrx_word' id='word_1_710' title='bbox 2397 4225 2751 4290; x_wconf 76' lang='grc' dir='ltr'>δυναστείανς</span> <span class='ocrx_word' id='word_1_711' title='bbox 2787 4223 2936 4294; x_wconf 81' lang='grc' dir='ltr'>Πλὴν</span> <span class='ocrx_word' id='word_1_712' title='bbox 2968 4225 3128 4294; x_wconf 89' lang='grc' dir='ltr'>ἀρκεῖ</span> <span class='ocrx_word' id='word_1_713' title='bbox 3167 4220 3440 4274; x_wconf 89' lang='grc' dir='ltr'>δουλεύειν</span> <span class='ocrx_word' id='word_1_714' title='bbox 3472 4223 3586 4285; x_wconf 86' lang='grc' dir='ltr'>τοῖς</span> <span class='ocrx_word' id='word_1_715' title='bbox 3617 4222 3768 4280; x_wconf 77' lang='grc' dir='ltr'>ἐλευ-</span> 
     </span>
    </p>
   </div>
   <div class='ocr_carea' id='block_1_89' title="bbox 2177 4309 3764 4388">
    <p class='ocr_par' dir='ltr' id='par_1_89' title="bbox 2177 4309 3764 4388">
     <span class='ocr_line' id='line_1_89' title="bbox 2177 4309 3764 4388; baseline 0.001 -20"><span class='ocrx_word' id='word_1_716' title='bbox 2177 4315 2374 4388; x_wconf 81' lang='grc' dir='ltr'>θέροις,</span> <span class='ocrx_word' id='word_1_717' title='bbox 2403 4317 2497 4370; x_wconf 74' lang='grc' dir='ltr'><strong>καὶ</strong></span> <span class='ocrx_word' id='word_1_718' title='bbox 2520 4316 2775 4368; x_wconf 84' lang='grc' dir='ltr'>τοσοῦτον</span> <span class='ocrx_word' id='word_1_719' title='bbox 2804 4309 2943 4367; x_wconf 77' lang='grc' dir='ltr'>εἶναι</span> <span class='ocrx_word' id='word_1_720' title='bbox 2969 4314 3028 4366; x_wconf 90' lang='grc' dir='ltr'><strong>τὸ</strong></span> <span class='ocrx_word' id='word_1_721' title='bbox 3059 4312 3336 4384; x_wconf 83' lang='grc' dir='ltr'>διάφορον,</span> <span class='ocrx_word' id='word_1_722' title='bbox 3371 4311 3512 4368; x_wconf 79' lang='grc' dir='ltr'>ὥστε</span> <span class='ocrx_word' id='word_1_723' title='bbox 3538 4311 3634 4368; x_wconf 83' lang='grc' dir='ltr'><strong>τοῦ</strong></span> <span class='ocrx_word' id='word_1_724' title='bbox 3665 4313 3764 4370; x_wconf 78' lang='grc' dir='ltr'>αὐ-</span> 
     </span>
    </p>
   </div>
   <div class='ocr_carea' id='block_1_90' title="bbox 2175 4403 3767 4479">
    <p class='ocr_par' dir='ltr' id='par_1_90' title="bbox 2175 4403 3767 4479">
     <span class='ocr_line' id='line_1_90' title="bbox 2175 4403 3767 4479; baseline -0.003 -17"><span class='ocrx_word' id='word_1_725' title='bbox 2175 4407 2268 4462; x_wconf 87' lang='grc' dir='ltr'><strong>τοῦ</strong></span> <span class='ocrx_word' id='word_1_726' title='bbox 2308 4407 2430 4478; x_wconf 85' lang='grc' dir='ltr'>χοὸς</span> <span class='ocrx_word' id='word_1_727' title='bbox 2463 4407 2523 4462; x_wconf 81' lang='grc' dir='ltr'><strong>τὸ</strong></span> <span class='ocrx_word' id='word_1_728' title='bbox 2558 4407 2656 4479; x_wconf 85' lang='grc' dir='ltr'><strong>μὲν</strong></span> <span class='ocrx_word' id='word_1_729' title='bbox 2690 4409 2932 4478; x_wconf 88' lang='grc' dir='ltr'>κρατεῖν,</span> <span class='ocrx_word' id='word_1_730' title='bbox 2967 4405 3028 4458; x_wconf 86' lang='grc' dir='ltr'><strong>τὸ</strong></span> <span class='ocrx_word' id='word_1_731' title='bbox 3063 4405 3120 4458; x_wconf 81' lang='grc' dir='ltr'><strong>δὲ</strong></span> <span class='ocrx_word' id='word_1_732' title='bbox 3152 4403 3438 4477; x_wconf 84' lang='grc' dir='ltr'>ἄρχεσθαι.</span> <span class='ocrx_word' id='word_1_733' title='bbox 3481 4404 3568 4475; x_wconf 84' lang='grc' dir='ltr'><strong>Μὴ</strong></span> <span class='ocrx_word' id='word_1_734' title='bbox 3598 4405 3767 4476; x_wconf 88' lang='grc' dir='ltr'>βαρυ-</span> 
     </span>
    </p>
   </div>
   <div class='ocr_carea' id='block_1_91' title="bbox 2175 4496 3767 4570">
    <p class='ocr_par' dir='ltr' id='par_1_91' title="bbox 2175 4496 3767 4570">
     <span class='ocr_line' id='line_1_91' title="bbox 2175 4496 3767 4570; baseline -0.001 -16"><span class='ocrx_word' id='word_1_735' title='bbox 2175 4499 2350 4554; x_wconf 78' lang='grc' dir='ltr'>νὲσθω</span> <span class='ocrx_word' id='word_1_736' title='bbox 2395 4499 2452 4552; x_wconf 84' lang='grc' dir='ltr'><strong>δὲ</strong></span> <span class='ocrx_word' id='word_1_737' title='bbox 2474 4502 2502 4553; x_wconf 88' lang='lat'><strong>6</strong></span> <span class='ocrx_word' id='word_1_738' title='bbox 2535 4498 2719 4568; x_wconf 78' lang='grc' dir='ltr'>ζυγὸς,</span> <span class='ocrx_word' id='word_1_739' title='bbox 2761 4497 2896 4570; x_wconf 85' lang='grc' dir='ltr'>μηδὲ</span> <span class='ocrx_word' id='word_1_740' title='bbox 2925 4498 3025 4568; x_wconf 79' lang='grc' dir='ltr'>τῆς</span> <span class='ocrx_word' id='word_1_741' title='bbox 3051 4496 3274 4570; x_wconf 86' lang='grc' dir='ltr'>πρώτης</span> <span class='ocrx_word' id='word_1_742' title='bbox 3301 4496 3458 4569; x_wconf 84' lang='grc' dir='ltr'>ὴμῶν</span> <span class='ocrx_word' id='word_1_743' title='bbox 3493 4497 3767 4569; x_wconf 83' lang='grc' dir='ltr'>ἁμαρτίας</span> 
     </span>
    </p>
   </div>
   <div class='ocr_carea' id='block_1_92' title="bbox 2174 4587 3768 4662">
    <p class='ocr_par' dir='ltr' id='par_1_92' title="bbox 2174 4587 3768 4662">
     <span class='ocr_line' id='line_1_92' title="bbox 2174 4587 3768 4662; baseline -0.002 -17"><span class='ocrx_word' id='word_1_744' title='bbox 2174 4593 2236 4645; x_wconf 88' lang='grc' dir='ltr'><strong>τὸ</strong></span> <span class='ocrx_word' id='word_1_745' title='bbox 2279 4589 2963 4662; x_wconf 80' lang='grc' dir='ltr'>ὲπιτίμιον.Ἐξανατέλλει</span> <span class='ocrx_word' id='word_1_746' title='bbox 3005 4589 3062 4643; x_wconf 80' lang='grc' dir='ltr'><strong>δὲ</strong></span> <span class='ocrx_word' id='word_1_747' title='bbox 3111 4591 3168 4642; x_wconf 85' lang='grc' dir='ltr'>ὲν</span> <span class='ocrx_word' id='word_1_748' title='bbox 3219 4587 3430 4653; x_wconf 85' lang='grc' dir='ltr'>τούτοις</span> <span class='ocrx_word' id='word_1_749' title='bbox 3464 4589 3768 4660; x_wconf 82' lang='grc' dir='ltr'>ὑπερφυὲσι</span> 
     </span>
    </p>
   </div>
   <div class='ocr_carea' id='block_1_93' title="bbox 2176 4678 3770 4756">
    <p class='ocr_par' dir='ltr' id='par_1_93' title="bbox 2176 4678 3770 4756">
     <span class='ocr_line' id='line_1_93' title="bbox 2176 4678 3770 4756; baseline -0.004 -18"><span class='ocrx_word' id='word_1_750' title='bbox 2176 4685 2270 4739; x_wconf 77' lang='grc' dir='ltr'>καὶ</span> <span class='ocrx_word' id='word_1_751' title='bbox 2306 4683 2660 4756; x_wconf 73' lang='grc' dir='ltr'>ὑψηλοτάτοις</span> <span class='ocrx_word' id='word_1_752' title='bbox 2689 4682 2867 4751; x_wconf 87' lang='grc' dir='ltr'>λόγοις</span> <span class='ocrx_word' id='word_1_753' title='bbox 2889 4680 3056 4737; x_wconf 85' lang='grc' dir='ltr'>αὑτοῦ</span> <span class='ocrx_word' id='word_1_754' title='bbox 3092 4683 3275 4751; x_wconf 74' lang='grc' dir='ltr'>ὄρεσιν</span> <span class='ocrx_word' id='word_1_755' title='bbox 3304 4678 3425 4736; x_wconf 81' lang='grc' dir='ltr'>οὖσι</span> <span class='ocrx_word' id='word_1_756' title='bbox 3451 4681 3671 4753; x_wconf 80' lang='grc' dir='ltr'>χόρτον·</span> <span class='ocrx_word' id='word_1_757' title='bbox 3707 4681 3770 4734; x_wconf 85' lang='grc' dir='ltr'>ὃν</span> 
     </span>
    </p>
   </div>
   <div class='ocr_carea' id='block_1_94' title="bbox 491 4770 2074 4879">
    <p class='ocr_par' dir='ltr' id='par_1_94' title="bbox 491 4775 2074 4849">
     <span class='ocr_line' id='line_1_94' title="bbox 491 4775 2074 4849; baseline 0.003 -20"><span class='ocrx_word' id='word_1_758' title='bbox 491 4775 568 4829; x_wconf 92' lang='lat' dir='ltr'><strong>cit</strong></span> <span class='ocrx_word' id='word_1_759' title='bbox 615 4785 797 4830; x_wconf 87' lang='lat' dir='ltr'><strong>autem</strong></span> <span class='ocrx_word' id='word_1_760' title='bbox 845 4776 902 4831; x_wconf 92' lang='lat' dir='ltr'><strong>in</strong></span> <span class='ocrx_word' id='word_1_761' title='bbox 960 4775 1049 4833; x_wconf 89' lang='lat' dir='ltr'><strong>bis</strong></span> <span class='ocrx_word' id='word_1_762' title='bbox 1113 4775 1630 4846; x_wconf 88' lang='lat' dir='ltr'><strong>supernaturalibus</strong></span> <span class='ocrx_word' id='word_1_763' title='bbox 1678 4777 2074 4849; x_wconf 89' lang='lat' dir='ltr'><strong>altissimisque</strong></span> 
     </span>
    </p>
   </div>
   <div class='ocr_carea' id='block_1_95' title="bbox 2176 4770 3770 4879">
    <p class='ocr_par' dir='ltr' id='par_1_95' title="bbox 2179 4770 3770 4849">
     <span class='ocr_line' id='line_1_95' title="bbox 2179 4770 3770 4849; baseline -0.003 -18"><span class='ocrx_word' id='word_1_764' title='bbox 2179 4778 2440 4849; x_wconf 83' lang='grc' dir='ltr'>φέρεσθαι</span> <span class='ocrx_word' id='word_1_765' title='bbox 2471 4775 2676 4848; x_wconf 81' lang='grc' dir='ltr'>τροφὴν</span> <span class='ocrx_word' id='word_1_766' title='bbox 2705 4770 2807 4829; x_wconf 81' lang='grc' dir='ltr'>οἷοί</span> <span class='ocrx_word' id='word_1_767' title='bbox 2833 4775 2895 4829; x_wconf 82' lang='grc' dir='ltr'><em>τέ</em></span> <span class='ocrx_word' id='word_1_768' title='bbox 2923 4777 3062 4830; x_wconf 72' lang='grc' dir='ltr'>εἰσιν</span> <span class='ocrx_word' id='word_1_769' title='bbox 3088 4776 3139 4829; x_wconf 87' lang='grc' dir='ltr'><strong>οἱ</strong></span> <span class='ocrx_word' id='word_1_770' title='bbox 3173 4773 3687 4846; x_wconf 86' lang='grc' dir='ltr'>ἀλογώτεροι.Ἔστι</span> <span class='ocrx_word' id='word_1_771' title='bbox 3707 4773 3770 4827; x_wconf 79' lang='grc' dir='ltr'><strong>δὲ</strong></span> 
     </span>
    </p>
   </div>
   <div class='ocr_carea' id='block_1_96' title="bbox 493 4865 2074 4942">
    <p class='ocr_par' dir='ltr' id='par_1_96' title="bbox 493 4868 2072 4942">
     <span class='ocr_line' id='line_1_96' title="bbox 493 4868 2072 4942; baseline 0.003 -21"><span class='ocrx_word' id='word_1_772' title='bbox 493 4868 841 4923; x_wconf 88' lang='lat' dir='ltr'><strong>sermonibus</strong></span> <span class='ocrx_word' id='word_1_773' title='bbox 896 4868 1033 4932; x_wconf 86' lang='lat' dir='ltr'><strong>suis,</strong></span> <span class='ocrx_word' id='word_1_774' title='bbox 1074 4870 1170 4940; x_wconf 89' lang='lat' dir='ltr'><strong>qui</strong></span> <span class='ocrx_word' id='word_1_775' title='bbox 1199 4876 1417 4927; x_wconf 88' lang='lat' dir='ltr'><strong>montes</strong></span> <span class='ocrx_word' id='word_1_776' title='bbox 1455 4878 1606 4936; x_wconf 89' lang='lat' dir='ltr'><strong>sunt,</strong></span> <span class='ocrx_word' id='word_1_777' title='bbox 1639 4869 1823 4926; x_wconf 82' lang='lat' dir='ltr'><strong>fenum</strong></span> <span class='ocrx_word' id='word_1_778' title='bbox 1859 4889 1872 4925; x_wconf 90' lang='lat'>:</span> <span class='ocrx_word' id='word_1_779' title='bbox 1911 4887 2072 4942; x_wconf 90' lang='lat' dir='ltr'><strong>quem</strong></span> 
     </span>
    </p>
   </div>
   <div class='ocr_carea' id='block_1_97' title="bbox 2176 4865 3769 4942">
    <p class='ocr_par' dir='ltr' id='par_1_97' title="bbox 2181 4865 3769 4940">
     <span class='ocr_line' id='line_1_97' title="bbox 2181 4865 3769 4940; baseline -0.004 -15"><span class='ocrx_word' id='word_1_780' title='bbox 2181 4874 2209 4925; x_wconf 83' lang='lat'><strong>6</strong></span> <span class='ocrx_word' id='word_1_781' title='bbox 2241 4873 2297 4924; x_wconf 82' lang='grc' dir='ltr'>ὲν</span> <span class='ocrx_word' id='word_1_782' title='bbox 2325 4871 2534 4934; x_wconf 87' lang='grc' dir='ltr'>τούτοις</span> <span class='ocrx_word' id='word_1_783' title='bbox 2574 4872 2686 4934; x_wconf 89' lang='grc' dir='ltr'>τοῖς</span> <span class='ocrx_word' id='word_1_784' title='bbox 2729 4867 2880 4940; x_wconf 78' lang='grc' dir='ltr'>ὄρεσι</span> <span class='ocrx_word' id='word_1_785' title='bbox 2925 4867 3116 4938; x_wconf 88' lang='grc' dir='ltr'>χόρτος</span> <span class='ocrx_word' id='word_1_786' title='bbox 3141 4868 3170 4920; x_wconf 88' lang='grc' dir='ltr'>ὁ</span> <span class='ocrx_word' id='word_1_787' title='bbox 3196 4867 3326 4938; x_wconf 78' lang='grc' dir='ltr'>περὶ</span> <span class='ocrx_word' id='word_1_788' title='bbox 3360 4866 3469 4920; x_wconf 89' lang='grc' dir='ltr'><strong>τῶν</strong></span> <span class='ocrx_word' id='word_1_789' title='bbox 3497 4865 3769 4935; x_wconf 77' lang='grc' dir='ltr'>αἰσθητῶν</span> 
     </span>
    </p>
   </div>
   <div class='ocr_carea' id='block_1_98' title="bbox 491 4958 2070 5021">
    <p class='ocr_par' dir='ltr' id='par_1_98' title="bbox 491 4958 2070 5021">
     <span class='ocr_line' id='line_1_98' title="bbox 491 4958 2070 5021; baseline 0.006 -10"><span class='ocrx_word' id='word_1_790' title='bbox 491 4958 676 5013; x_wconf 90' lang='lat' dir='ltr'><strong>cibum</strong></span> <span class='ocrx_word' id='word_1_791' title='bbox 726 4958 1222 5018; x_wconf 85' lang='lat' dir='ltr'><strong>irrationabiliores</strong></span> <span class='ocrx_word' id='word_1_792' title='bbox 1279 4961 1424 5021; x_wconf 81' lang='lat' dir='ltr'><strong>ferre</strong></span> <span class='ocrx_word' id='word_1_793' title='bbox 1467 4963 1846 5020; x_wconf 82' lang='lat' dir='ltr'><strong>valeant.&#39;Est</strong></span> <span class='ocrx_word' id='word_1_794' title='bbox 1887 4974 2070 5021; x_wconf 85' lang='lat' dir='ltr'><strong>autem</strong></span> 
     </span>
    </p>
   </div>
   <div class='ocr_carea' id='block_1_99' title="bbox 491 5051 2075 5127">
    <p class='ocr_par' dir='ltr' id='par_1_99' title="bbox 491 5051 2075 5127">
     <span class='ocr_line' id='line_1_99' title="bbox 491 5051 2075 5127; baseline 0.004 -21"><span class='ocrx_word' id='word_1_795' title='bbox 491 5051 677 5106; x_wconf 85' lang='lat' dir='ltr'><strong>fenum</strong></span> <span class='ocrx_word' id='word_1_796' title='bbox 725 5051 780 5107; x_wconf 92' lang='lat' dir='ltr'><strong>in</strong></span> <span class='ocrx_word' id='word_1_797' title='bbox 809 5051 960 5108; x_wconf 87' lang='lat' dir='ltr'><strong>hisce</strong></span> <span class='ocrx_word' id='word_1_798' title='bbox 989 5055 1269 5112; x_wconf 91' lang='lat' dir='ltr'><strong>montibus</strong></span> <span class='ocrx_word' id='word_1_799' title='bbox 1299 5055 1561 5127; x_wconf 90' lang='lat' dir='ltr'><strong>positum,</strong></span> <span class='ocrx_word' id='word_1_800' title='bbox 1596 5072 1784 5114; x_wconf 89' lang='lat' dir='ltr'><strong>sermo</strong></span> <span class='ocrx_word' id='word_1_801' title='bbox 1806 5058 1874 5114; x_wconf 88' lang='lat' dir='ltr'><strong>de</strong></span> <span class='ocrx_word' id='word_1_802' title='bbox 1899 5058 2075 5114; x_wconf 88' lang='lat' dir='ltr'><strong>sensi-</strong></span> 
     </span>
    </p>
   </div>
   <div class='ocr_carea' id='block_1_100' title="bbox 493 5143 2074 5218">
    <p class='ocr_par' dir='ltr' id='par_1_100' title="bbox 493 5143 2074 5218">
     <span class='ocr_line' id='line_1_100' title="bbox 493 5143 2074 5218; baseline 0.004 -20"><span class='ocrx_word' id='word_1_803' title='bbox 493 5143 694 5200; x_wconf 90' lang='lat' dir='ltr'><strong>bilibus</strong></span> <span class='ocrx_word' id='word_1_804' title='bbox 722 5152 777 5199; x_wconf 90' lang='lat' dir='ltr'><strong>et</strong></span> <span class='ocrx_word' id='word_1_805' title='bbox 809 5145 987 5200; x_wconf 86' lang='lat' dir='ltr'><strong>littera</strong></span> <span class='ocrx_word' id='word_1_806' title='bbox 1023 5144 1356 5218; x_wconf 82' lang='lat' dir='ltr'><strong>Seripturae;</strong></span> <span class='ocrx_word' id='word_1_807' title='bbox 1401 5147 1512 5204; x_wconf 90' lang='lat' dir='ltr'><strong>imo</strong></span> <span class='ocrx_word' id='word_1_808' title='bbox 1539 5149 1703 5205; x_wconf 90' lang='lat' dir='ltr'><strong>etiam</strong></span> <span class='ocrx_word' id='word_1_809' title='bbox 1733 5165 1916 5206; x_wconf 87' lang='lat' dir='ltr'><strong>sermo</strong></span> <span class='ocrx_word' id='word_1_810' title='bbox 1955 5164 2074 5204; x_wconf 85' lang='lat' dir='ltr'><strong>mo-</strong></span> 
     </span>
    </p>
   </div>
   <div class='ocr_carea' id='block_1_101' title="bbox 493 5235 2069 5313">
    <p class='ocr_par' dir='ltr' id='par_1_101' title="bbox 493 5235 2069 5313">
     <span class='ocr_line' id='line_1_101' title="bbox 493 5235 2069 5313; baseline 0.006 -23"><span class='ocrx_word' id='word_1_811' title='bbox 493 5235 647 5302; x_wconf 88' lang='lat' dir='ltr'><strong>ralis,</strong></span> <span class='ocrx_word' id='word_1_812' title='bbox 688 5251 851 5306; x_wconf 91' lang='lat' dir='ltr'><strong>quem</strong></span> <span class='ocrx_word' id='word_1_813' title='bbox 905 5238 1200 5295; x_wconf 86' lang='lat' dir='ltr'><strong>multitudo</strong></span> <span class='ocrx_word' id='word_1_814' title='bbox 1249 5256 1468 5312; x_wconf 89' lang='lat' dir='ltr'><strong>quoque</strong></span> <span class='ocrx_word' id='word_1_815' title='bbox 1517 5243 1798 5313; x_wconf 85' lang='lat' dir='ltr'><strong>percipere</strong></span> <span class='ocrx_word' id='word_1_816' title='bbox 1847 5241 2069 5299; x_wconf 85' lang='lat' dir='ltr'><strong>valebit.</strong></span> 
     </span>
    </p>
   </div>
   <div class='ocr_carea' id='block_1_102' title="bbox 492 5325 2074 5401">
    <p class='ocr_par' dir='ltr' id='par_1_102' title="bbox 492 5325 2074 5401">
     <span class='ocr_line' id='line_1_102' title="bbox 492 5325 2074 5401; baseline 0.003 -21"><span class='ocrx_word' id='word_1_817' title='bbox 492 5325 804 5382; x_wconf 90' lang='lat' dir='ltr'><strong>dicentibus</strong></span> <span class='ocrx_word' id='word_1_818' title='bbox 862 5326 1118 5399; x_wconf 82' lang='lat' dir='ltr'><strong>singulis,</strong></span> <span class='ocrx_word' id='word_1_819' title='bbox 1173 5329 1432 5387; x_wconf 80' lang='lat' dir='ltr'><strong>Dominus</strong></span> <span class='ocrx_word' id='word_1_820' title='bbox 1478 5333 1650 5401; x_wconf 76' lang='lat' dir='ltr'><strong>pascit</strong></span> <span class='ocrx_word' id='word_1_821' title='bbox 1697 5349 1797 5400; x_wconf 82' lang='lat' dir='ltr'><strong>me,</strong></span> <span class='ocrx_word' id='word_1_822' title='bbox 1841 5343 1891 5387; x_wconf 84' lang='lat' dir='ltr'><strong>et</strong></span> <span class='ocrx_word' id='word_1_823' title='bbox 1939 5331 2074 5386; x_wconf 78' lang='lat' dir='ltr'><strong>nihil</strong></span> 
     </span>
    </p>
   </div>
   <div class='ocr_carea' id='block_1_103' title="bbox 493 5419 2082 5494">
    <p class='ocr_par' dir='ltr' id='par_1_103' title="bbox 493 5419 2082 5494">
     <span class='ocr_line' id='line_1_103' title="bbox 493 5419 2082 5494; baseline 0.006 -23"><span class='ocrx_word' id='word_1_824' title='bbox 493 5419 623 5474; x_wconf 78' lang='lat' dir='ltr'><strong>mihi</strong></span> <span class='ocrx_word' id='word_1_825' title='bbox 652 5419 816 5475; x_wconf 76' lang='lat' dir='ltr'><strong>deerit</strong></span> <span class='ocrx_word' id='word_1_826' title='bbox 843 5437 862 5474; x_wconf 70' lang='grc' dir='ltr'><strong><em>ε</em></strong></span> <span class='ocrx_word' id='word_1_827' title='bbox 896 5421 950 5476; x_wconf 79' lang='lat' dir='ltr'><strong>in</strong></span> <span class='ocrx_word' id='word_1_828' title='bbox 981 5422 1094 5479; x_wconf 85' lang='lat' dir='ltr'><strong>loco</strong></span> <span class='ocrx_word' id='word_1_829' title='bbox 1129 5439 1342 5492; x_wconf 72' lang='lat' dir='ltr'><strong>pascua:</strong></span> <span class='ocrx_word' id='word_1_830' title='bbox 1383 5426 1458 5480; x_wconf 77' lang='lat' dir='ltr'><strong>ibi</strong></span> <span class='ocrx_word' id='word_1_831' title='bbox 1485 5443 1566 5482; x_wconf 86' lang='lat' dir='ltr'><strong>me</strong></span> <span class='ocrx_word' id='word_1_832' title='bbox 1594 5427 1892 5491; x_wconf 73' lang='lat' dir='ltr'><strong>collocavit,</strong></span> <span class='ocrx_word' id='word_1_833' title='bbox 1925 5440 2082 5494; x_wconf 83' lang='lat' dir='ltr'><strong>super</strong></span> 
     </span>
    </p>
   </div>
   <div class='ocr_carea' id='block_1_104' title="bbox 496 5513 2081 5590">
    <p class='ocr_par' dir='ltr' id='par_1_104' title="bbox 496 5513 2081 5590">
     <span class='ocr_line' id='line_1_104' title="bbox 496 5513 2081 5590; baseline 0.009 -27"><span class='ocrx_word' id='word_1_834' title='bbox 496 5529 686 5580; x_wconf 84' lang='lat' dir='ltr'><strong>aquam</strong></span> <span class='ocrx_word' id='word_1_835' title='bbox 700 5513 996 5583; x_wconf 78' lang='lat' dir='ltr'><strong>refectionis</strong></span> <span class='ocrx_word' id='word_1_836' title='bbox 1008 5515 1248 5570; x_wconf 78' lang='lat' dir='ltr'><strong>educavit</strong></span> <span class='ocrx_word' id='word_1_837' title='bbox 1268 5517 1426 5571; x_wconf 73' lang='lat' dir='ltr'><strong>me”.</strong></span> <span class='ocrx_word' id='word_1_838' title='bbox 1446 5518 1551 5585; x_wconf 87' lang='lat' dir='ltr'><strong>Qui</strong></span> <span class='ocrx_word' id='word_1_839' title='bbox 1565 5527 1748 5574; x_wconf 86' lang='lat' dir='ltr'><strong>autem</strong></span> <span class='ocrx_word' id='word_1_840' title='bbox 1768 5520 2081 5590; x_wconf 84' lang='lat' dir='ltr'><strong>hujusmodi</strong></span> 
     </span>
    </p>
   </div>
   <div class='ocr_carea' id='block_1_105' title="bbox 498 5607 2082 5666">
    <p class='ocr_par' dir='ltr' id='par_1_105' title="bbox 498 5607 2082 5666">
     <span class='ocr_line' id='line_1_105' title="bbox 498 5607 2082 5666; baseline 0.007 -12"><span class='ocrx_word' id='word_1_841' title='bbox 498 5609 700 5655; x_wconf 89' lang='lat' dir='ltr'><strong>statum</strong></span> <span class='ocrx_word' id='word_1_842' title='bbox 739 5607 1200 5662; x_wconf 88' lang='lat' dir='ltr'><strong>transcenderunt</strong></span> <span class='ocrx_word' id='word_1_843' title='bbox 1232 5622 1358 5662; x_wconf 89' lang='lat' dir='ltr'><strong>cum</strong></span> <span class='ocrx_word' id='word_1_844' title='bbox 1383 5624 1494 5664; x_wconf 90' lang='lat' dir='ltr'><strong>non</strong></span> <span class='ocrx_word' id='word_1_845' title='bbox 1526 5610 1584 5664; x_wconf 92' lang='lat' dir='ltr'><strong>in</strong></span> <span class='ocrx_word' id='word_1_846' title='bbox 1615 5612 1880 5666; x_wconf 86' lang='lat' dir='ltr'><strong>servitute</strong></span> <span class='ocrx_word' id='word_1_847' title='bbox 1909 5610 2082 5665; x_wconf 89' lang='lat' dir='ltr'><strong>homi-</strong></span> 
     </span>
    </p>
   </div>
   <div class='ocr_carea' id='block_1_106' title="bbox 497 5697 2080 5775">
    <p class='ocr_par' dir='ltr' id='par_1_106' title="bbox 497 5697 2080 5775">
     <span class='ocr_line' id='line_1_106' title="bbox 497 5697 2080 5775; baseline 0.01 -31"><span class='ocrx_word' id='word_1_848' title='bbox 497 5706 628 5746; x_wconf 87' lang='lat' dir='ltr'><strong>num</strong></span> <span class='ocrx_word' id='word_1_849' title='bbox 673 5705 980 5764; x_wconf 87' lang='lat' dir='ltr'><strong>versentur,</strong></span> <span class='ocrx_word' id='word_1_850' title='bbox 1007 5697 1102 5755; x_wconf 88' lang='lat' dir='ltr'><strong>scd</strong></span> <span class='ocrx_word' id='word_1_851' title='bbox 1147 5699 1401 5757; x_wconf 87' lang='lat' dir='ltr'><strong>homines</strong></span> <span class='ocrx_word' id='word_1_852' title='bbox 1435 5700 1562 5758; x_wconf 80' lang='lat' dir='ltr'><strong>facti</strong></span> <span class='ocrx_word' id='word_1_853' title='bbox 1593 5703 1727 5771; x_wconf 86' lang='lat' dir='ltr'><strong>siut,</strong></span> <span class='ocrx_word' id='word_1_854' title='bbox 1753 5702 1956 5775; x_wconf 79' lang='lat' dir='ltr'><strong>singuli</strong></span> <span class='ocrx_word' id='word_1_855' title='bbox 1978 5703 2080 5760; x_wconf 76' lang='lat' dir='ltr'><strong>itc~</strong></span> 
     </span>
    </p>
   </div>
   <div class='ocr_carea' id='block_1_107' title="bbox 575 5843 1183 5923">
    <p class='ocr_par' dir='ltr' id='par_1_107' title="bbox 575 5843 1183 5923">
     <span class='ocr_line' id='line_1_107' title="bbox 575 5843 1183 5923; baseline 0.013 -23"><span class='ocrx_word' id='word_1_856' title='bbox 575 5843 619 5878; x_wconf 68' lang='grc' dir='ltr'><em>ε’</em></span> <span class='ocrx_word' id='word_1_857' title='bbox 657 5845 801 5903; x_wconf 88' lang='lat' dir='ltr'><strong>Psal.</strong></span> <span class='ocrx_word' id='word_1_858' title='bbox 841 5864 986 5919; x_wconf 79' lang='lat' dir='ltr'><strong>xm,</strong></span> <span class='ocrx_word' id='word_1_859' title='bbox 1026 5853 1094 5923; x_wconf 78' lang='grc'>1,</span> <span class='ocrx_word' id='word_1_860' title='bbox 1128 5852 1183 5909; x_wconf 77' lang='lat'><strong>2.</strong></span> 
     </span>
    </p>
   </div>
   <div class='ocr_carea' id='block_1_108' title="bbox 2181 4955 3772 5033">
    <p class='ocr_par' dir='ltr' id='par_1_108' title="bbox 2181 4955 3772 5033">
     <span class='ocr_line' id='line_1_108' title="bbox 2181 4955 3772 5033; baseline -0.006 -16"><span class='ocrx_word' id='word_1_861' title='bbox 2181 4964 2337 5032; x_wconf 82' lang='grc' dir='ltr'>λόγος</span> <span class='ocrx_word' id='word_1_862' title='bbox 2365 4963 2458 5017; x_wconf 75' lang='grc' dir='ltr'><strong>καὶ</strong></span> <span class='ocrx_word' id='word_1_863' title='bbox 2483 4961 2544 5014; x_wconf 86' lang='grc' dir='ltr'><strong>τὸ</strong></span> <span class='ocrx_word' id='word_1_864' title='bbox 2572 4960 2807 5033; x_wconf 84' lang='grc' dir='ltr'>γράμμα</span> <span class='ocrx_word' id='word_1_865' title='bbox 2844 4959 2943 5027; x_wconf 83' lang='grc' dir='ltr'>τῆς</span> <span class='ocrx_word' id='word_1_866' title='bbox 2965 4959 3187 5031; x_wconf 82' lang='grc' dir='ltr'>Γραφῆς</span> <span class='ocrx_word' id='word_1_867' title='bbox 3206 4975 3219 4988; x_wconf 74' lang='grc'><strong><em>⁸</em></strong></span> <span class='ocrx_word' id='word_1_868' title='bbox 3247 4958 3383 5012; x_wconf 82' lang='grc' dir='ltr'>ἀλλὰ</span> <span class='ocrx_word' id='word_1_869' title='bbox 3409 4957 3505 5012; x_wconf 75' lang='grc' dir='ltr'>καὶ</span> <span class='ocrx_word' id='word_1_870' title='bbox 3523 4960 3551 5011; x_wconf 89' lang='lat'><strong>6</strong></span> <span class='ocrx_word' id='word_1_871' title='bbox 3573 4955 3772 5027; x_wconf 77' lang='grc' dir='ltr'>ἠθικώ-</span> 
     </span>
    </p>
   </div>
   <div class='ocr_carea' id='block_1_109' title="bbox 2180 5047 3769 5128">
    <p class='ocr_par' dir='ltr' id='par_1_109' title="bbox 2180 5047 3769 5128">
     <span class='ocr_line' id='line_1_109' title="bbox 2180 5047 3769 5128; baseline -0.005 -17"><span class='ocrx_word' id='word_1_872' title='bbox 2180 5073 2359 5128; x_wconf 87' lang='grc' dir='ltr'>τερος,</span> <span class='ocrx_word' id='word_1_873' title='bbox 2389 5047 2450 5108; x_wconf 76' lang='grc' dir='ltr'>οὗ</span> <span class='ocrx_word' id='word_1_874' title='bbox 2488 5052 2812 5126; x_wconf 78' lang='grc' dir='ltr'>μεταλαϐεῖν</span> <span class='ocrx_word' id='word_1_875' title='bbox 2841 5053 2933 5105; x_wconf 70' lang='grc' dir='ltr'><strong>καὶ</strong></span> <span class='ocrx_word' id='word_1_876' title='bbox 2963 5053 3012 5103; x_wconf 85' lang='grc' dir='ltr'><strong>οἱ</strong></span> <span class='ocrx_word' id='word_1_877' title='bbox 3042 5051 3226 5104; x_wconf 76' lang='grc' dir='ltr'>πολλοὶ</span> <span class='ocrx_word' id='word_1_878' title='bbox 3263 5050 3599 5122; x_wconf 82' lang='grc' dir='ltr'>δυνήσονται,</span> <span class='ocrx_word' id='word_1_879' title='bbox 3636 5051 3769 5104; x_wconf 79' lang='grc' dir='ltr'>ἐκά-</span> 
     </span>
    </p>
   </div>
   <div class='ocr_carea' id='block_1_110' title="bbox 2183 5141 3768 5211">
    <p class='ocr_par' dir='ltr' id='par_1_110' title="bbox 2183 5141 3768 5211">
     <span class='ocr_line' id='line_1_110' title="bbox 2183 5141 3768 5211; baseline -0.007 -7"><span class='ocrx_word' id='word_1_880' title='bbox 2183 5165 2311 5204; x_wconf 88' lang='grc' dir='ltr'>στου</span> <span class='ocrx_word' id='word_1_881' title='bbox 2343 5145 2450 5201; x_wconf 89' lang='grc' dir='ltr'><strong>τῶν</strong></span> <span class='ocrx_word' id='word_1_882' title='bbox 2482 5144 2738 5200; x_wconf 83' lang='grc' dir='ltr'>τοιούτων</span> <span class='ocrx_word' id='word_1_883' title='bbox 2769 5142 3049 5211; x_wconf 78' lang='grc' dir='ltr'>λέγοντοςο</span> <span class='ocrx_word' id='word_1_884' title='bbox 3089 5143 3304 5208; x_wconf 78' lang='grc' dir='ltr'>Κύριος</span> <span class='ocrx_word' id='word_1_885' title='bbox 3331 5141 3627 5209; x_wconf 71' lang='grc' dir='ltr'>ποιμαίνει</span> <span class='ocrx_word' id='word_1_886' title='bbox 3667 5157 3768 5209; x_wconf 83' lang='grc' dir='ltr'><strong>με,</strong></span> 
     </span>
    </p>
   </div>
   <div class='ocr_carea' id='block_1_111' title="bbox 2180 5229 3777 5304">
    <p class='ocr_par' dir='ltr' id='par_1_111' title="bbox 2180 5229 3777 5304">
     <span class='ocr_line' id='line_1_111' title="bbox 2180 5229 3777 5304; baseline -0.006 -12"><span class='ocrx_word' id='word_1_887' title='bbox 2180 5238 2281 5294; x_wconf 78' lang='grc' dir='ltr'>καὶ</span> <span class='ocrx_word' id='word_1_888' title='bbox 2327 5236 2510 5292; x_wconf 75' lang='grc' dir='ltr'><strong>οὐδέν</strong></span> <span class='ocrx_word' id='word_1_889' title='bbox 2547 5251 2624 5304; x_wconf 83' lang='grc' dir='ltr'><strong>με</strong></span> <span class='ocrx_word' id='word_1_890' title='bbox 2668 5231 3033 5301; x_wconf 53' lang='grc' dir='ltr'>ὑστερνήσει·</span> <span class='ocrx_word' id='word_1_891' title='bbox 3073 5233 3159 5297; x_wconf 84' lang='grc' dir='ltr'>εὶς</span> <span class='ocrx_word' id='word_1_892' title='bbox 3196 5233 3383 5284; x_wconf 73' lang='grc' dir='ltr'>τόπον</span> <span class='ocrx_word' id='word_1_893' title='bbox 3413 5232 3604 5300; x_wconf 80' lang='grc' dir='ltr'>χλόης</span> <span class='ocrx_word' id='word_1_894' title='bbox 3643 5229 3777 5282; x_wconf 81' lang='grc' dir='ltr'>ἐκεῖ</span> 
     </span>
    </p>
   </div>
   <div class='ocr_carea' id='block_1_112' title="bbox 2174 5322 3772 5403">
    <p class='ocr_par' dir='ltr' id='par_1_112' title="bbox 2174 5322 3772 5403">
     <span class='ocr_line' id='line_1_112' title="bbox 2174 5322 3772 5403; baseline -0.006 -18"><span class='ocrx_word' id='word_1_895' title='bbox 2174 5348 2251 5403; x_wconf 79' lang='grc' dir='ltr'><strong>με</strong></span> <span class='ocrx_word' id='word_1_896' title='bbox 2293 5329 2793 5398; x_wconf 52' lang='grc' dir='ltr'>κατεσκήνωσεν</span> <span class='ocrx_word' id='word_1_897' title='bbox 2829 5326 2930 5380; x_wconf 74' lang='grc' dir='ltr'><strong>ἐπὶ</strong></span> <span class='ocrx_word' id='word_1_898' title='bbox 2960 5324 3180 5391; x_wconf 82' lang='grc' dir='ltr'>ὓδατος</span> <span class='ocrx_word' id='word_1_899' title='bbox 3205 5323 3605 5389; x_wconf 77' lang='grc' dir='ltr'>ἀναπαύσεως</span> <span class='ocrx_word' id='word_1_900' title='bbox 3637 5322 3772 5388; x_wconf 80' lang='grc' dir='ltr'><strong>ἐξέ-</strong></span> 
     </span>
    </p>
   </div>
   <div class='ocr_carea' id='block_1_113' title="bbox 2185 5413 3772 5492">
    <p class='ocr_par' dir='ltr' id='par_1_113' title="bbox 2185 5413 3772 5492">
     <span class='ocr_line' id='line_1_113' title="bbox 2185 5413 3772 5492; baseline -0.006 -14"><span class='ocrx_word' id='word_1_901' title='bbox 2185 5421 2369 5492; x_wconf 74' lang='grc' dir='ltr'>θρεψέ</span> <span class='ocrx_word' id='word_1_902' title='bbox 2407 5439 2505 5491; x_wconf 84' lang='grc' dir='ltr'>με.</span> <span class='ocrx_word' id='word_1_903' title='bbox 2523 5419 2892 5492; x_wconf 78' lang='grc' dir='ltr'>’Υπερὸἀντες</span> <span class='ocrx_word' id='word_1_904' title='bbox 2922 5417 2980 5471; x_wconf 86' lang='grc' dir='ltr'><em>δέ</em></span> <span class='ocrx_word' id='word_1_905' title='bbox 3024 5434 3156 5470; x_wconf 87' lang='grc' dir='ltr'>ποτε</span> <span class='ocrx_word' id='word_1_906' title='bbox 3187 5417 3286 5486; x_wconf 85' lang='grc' dir='ltr'>τὴν</span> <span class='ocrx_word' id='word_1_907' title='bbox 3310 5414 3564 5486; x_wconf 88' lang='grc' dir='ltr'>τοιαύτην</span> <span class='ocrx_word' id='word_1_908' title='bbox 3596 5413 3772 5468; x_wconf 81' lang='grc' dir='ltr'>κατά-</span> 
     </span>
    </p>
   </div>
   <div class='ocr_carea' id='block_1_114' title="bbox 2189 5505 3772 5582">
    <p class='ocr_par' dir='ltr' id='par_1_114' title="bbox 2189 5505 3772 5582">
     <span class='ocr_line' id='line_1_114' title="bbox 2189 5505 3772 5582; baseline -0.007 -14"><span class='ocrx_word' id='word_1_909' title='bbox 2189 5533 2397 5579; x_wconf 88' lang='grc' dir='ltr'>στασιν,</span> <span class='ocrx_word' id='word_1_910' title='bbox 2427 5513 2612 5566; x_wconf 81' lang='grc' dir='ltr'>οὑκέτι</span> <span class='ocrx_word' id='word_1_911' title='bbox 2645 5513 2703 5566; x_wconf 78' lang='grc' dir='ltr'>ὲν</span> <span class='ocrx_word' id='word_1_912' title='bbox 2732 5510 2945 5582; x_wconf 75' lang='grc' dir='ltr'>δουλείᾳ</span> <span class='ocrx_word' id='word_1_913' title='bbox 2977 5509 3085 5563; x_wconf 86' lang='grc' dir='ltr'><strong>τῶν</strong></span> <span class='ocrx_word' id='word_1_914' title='bbox 3114 5506 3418 5578; x_wconf 81' lang='grc' dir='ltr'>ἀνθρώπων</span> <span class='ocrx_word' id='word_1_915' title='bbox 3446 5506 3619 5570; x_wconf 77' lang='grc' dir='ltr'>ὄντες,</span> <span class='ocrx_word' id='word_1_916' title='bbox 3655 5505 3772 5558; x_wconf 87' lang='grc' dir='ltr'>ἀλλ’</span> 
     </span>
    </p>
   </div>
   <div class='ocr_carea' id='block_1_115' title="bbox 2185 5599 3775 5679">
    <p class='ocr_par' dir='ltr' id='par_1_115' title="bbox 2185 5599 3775 5679">
     <span class='ocr_line' id='line_1_115' title="bbox 2185 5599 3775 5679; baseline -0.008 -17"><span class='ocrx_word' id='word_1_917' title='bbox 2185 5607 2461 5679; x_wconf 82' lang='grc' dir='ltr'>ἄνθρωποι</span> <span class='ocrx_word' id='word_1_918' title='bbox 2491 5604 2867 5675; x_wconf 84' lang='grc' dir='ltr'>γεγενημένοι,</span> <span class='ocrx_word' id='word_1_919' title='bbox 2891 5600 3076 5672; x_wconf 87' lang='grc' dir='ltr'>ὲροῦσι</span> <span class='ocrx_word' id='word_1_920' title='bbox 3105 5599 3266 5654; x_wconf 80' lang='grc' dir='ltr'>πάλιν</span> <span class='ocrx_word' id='word_1_921' title='bbox 3291 5599 3550 5662; x_wconf 74' lang='grc' dir='ltr'>ἕκαστος’</span> <span class='ocrx_word' id='word_1_922' title='bbox 3595 5599 3775 5652; x_wconf 84' lang='grc' dir='ltr'>Ἠτοί-</span> 
     </span>
    </p>
   </div>
   <div class='ocr_carea' id='block_1_116' title="bbox 2180 5690 3778 5773">
    <p class='ocr_par' dir='ltr' id='par_1_116' title="bbox 2180 5690 3778 5773">
     <span class='ocr_line' id='line_1_116' title="bbox 2180 5690 3778 5773; baseline -0.006 -18"><span class='ocrx_word' id='word_1_923' title='bbox 2180 5716 2386 5773; x_wconf 82' lang='grc' dir='ltr'>μασας</span> <span class='ocrx_word' id='word_1_924' title='bbox 2407 5699 2664 5756; x_wconf 81' lang='grc' dir='ltr'>ἐνώπιόν</span> <span class='ocrx_word' id='word_1_925' title='bbox 2689 5714 2806 5768; x_wconf 82' lang='grc' dir='ltr'><strong>μου</strong></span> <span class='ocrx_word' id='word_1_926' title='bbox 2837 5693 3127 5764; x_wconf 75' lang='grc' dir='ltr'>τράπεζαν</span> <span class='ocrx_word' id='word_1_927' title='bbox 3148 5691 3498 5758; x_wconf 77' lang='grc' dir='ltr'>ἐξεναντίας</span> <span class='ocrx_word' id='word_1_928' title='bbox 3522 5690 3638 5747; x_wconf 82' lang='grc' dir='ltr'>τῶν</span> <span class='ocrx_word' id='word_1_929' title='bbox 3655 5693 3778 5746; x_wconf 70' lang='grc' dir='ltr'>θλι-</span> 
     </span>
    </p>
   </div>
  </div>
