4102 6396
402 427 542 484 ηπ
1527 419 2038 477 COMMENTARIA
2079 418 2146 475 ΙΝ
2183 419 2524 477 PSALMOS.
3508 423 3649 480 {278

398 549 622 601 δόντων
644 561 717 614 με
739 561 750 574 ’
781 543 1072 608 ἑλίπανας
1095 543 1166 594 ἐν
1193 540 1374 606 ἐλαίῳ
1396 539 1512 609 τὴν
1537 539 1809 610 κεφαλήν
1831 557 1972 609 μου,

2095 556 2198 594 ὐῐη
2227 540 2411 594 dicent
2459 559 2471 593 :
2512 537 2733 592 Parasti
2758 539 2810 592 in
2845 548 3117 608 conspectu
3151 557 3263 596 meo
3303 557 3535 594 mensam
3560 541 3654 595 ad-

397 639 495 692 καὶ
528 637 594 689 τὸ
621 634 904 703 ποτήριόν
920 652 1040 703 μου
1064 634 1374 702 μεθύσκον
1391 633 1470 698 ὡς
1500 631 1844 700 κράτιστον.
1862 631 1971 684 Καὶ

2095 646 2256 684 tersus
2289 646 2374 684 eos
2403 630 2492 700 qui
2523 628 2779 682 tribulant
2818 644 2940 694 me;
2971 631 3311 701 impinguasti
3347 633 3402 684 in
3431 631 3542 685 oleo
3567 647 3656 686 ca-

399 732 464 786 τὸ
497 730 669 794 ἔλεός
693 745 810 782 σου
841 725 1266 789 καταδιώξεταί
1290 741 1366 792 με
1391 723 1593 788 πάσας
1616 723 1721 788 τὰς
1753 721 1974 790 ἡμέρας

2095 731 2170 775 mt
2203 737 2394 785 meum,
2430 730 2481 775 et
2515 721 2657 774 calix
2688 737 2831 774 meus
2855 721 3140 788 inebrians,
3177 740 3336 793 quam
3361 725 3654 791 prwclarus

399 819 510 887 τῆς
535 817 682 885 ζωῆς
698 835 838 885 μου,
861 817 958 868 καὶ
985 815 1048 868 τὸ
1077 813 1374 868 κατοικεῖν
1397 831 1474 883 με
1496 814 1566 866 ἐν
1590 813 1732 878 οἴκῳ
1753 813 1975 880 Κυρίου

2095 820 2176 866 est.
2223 811 2293 868 Et
2335 811 2701 866 misericordia
2762 822 2854 865 tua
2913 813 3250 883 subsequetur
3283 831 3364 868 me
3411 811 3654 867 omnibus

399 913 486 975 είς
505 910 848 978 μακρότητα
878 904 1130 975 ἡμερῶν.

476 1085 586 1139 Τοῦ
649 1083 963 1154 ἐξαγαγεῖν
1023 1084 1201 1151 ἄρτον
1240 1083 1309 1136 ἐκ
1347 1081 1457 1149 τῆς
1500 1080 1631 1152 γῆς,
1680 1081 1778 1133 καί
1815 1075 2012 1144 οἶνος.

400 1178 703 1245 εὐφραίνει
741 1177 991 1244 καρδίαν
1026 1175 1372 1242 ἀνθρώπου·
1393 1175 1497 1228 τοῦ
1531 1173 1806 1241 ἱλαρῦναι
1838 1173 1978 1239 πρό-

402 1285 610 1324 σωπον
657 1269 728 1322 ἐν
773 1269 974 1334 ἐλαίῳ,
1019 1269 1117 1322 καὶ
1148 1267 1326 1335 ἄρτος
1373 1266 1622 1335 καρδίαν
1666 1264 1978 1333 ἀνθρώπου

403 1360 677 1428 στηρίξει.
710 1361 893 1427 Ἀξιον
932 1360 1166 1413 ἐνταῦθα
1199 1359 1430 1431 ζητῆσαι
1463 1360 1606 1422 τίνος
1627 1359 1784 1430 χάριν
1812 1357 1980 1411 εἰπὼν

402 1454 432 1504 ὁ
461 1451 640 1516 Δαυῖδ,
664 1455 693 1506 ὁ
722 1452 1088 1519 ὲξανατέλλων
1149 1451 1341 1524 χόρτον
1386 1453 1499 1514 τοῖς
1532 1452 1808 1521 κτήνεσιν,
1847 1450 1984 1520 ἐπή-

403 1566 573 1618 γαγε·
612 1549 721 1603 Τοῦ
765 1548 1078 1618 ἐξαγαγεῖν
1104 1547 1286 1615 ἄρτον
1312 1548 1380 1601 ἐκ
1425 1545 1535 1614 τῆς
1575 1545 1709 1615 γῆς,
1751 1543 1859 1598 ἀπὸ
1887 1541 1981 1596 τοῦ

405 1641 554 1695 σίτου
592 1641 791 1712 δηλαδὴ
823 1639 1386 1710 κατασκευαζόμενον.
1419 1639 1484 1691 Τί
1511 1637 1641 1690 ποτέ
1668 1638 1818 1689 ἐστιν
1848 1635 1985 1705 ὅπερ

405 1733 710 1798 αἰνίξασθαι
757 1733 1036 1804 βούλεται;
1089 1735 1210 1786 Ὅτι
1261 1732 1322 1784 τὸ
1375 1729 1506 1784 αὐτὸ
1561 1728 1785 1800 σπέρμα
1829 1729 1984 1796 κοινὴ

405 1826 612 1896 γίνεται
645 1827 813 1898 ἐδωδὴ
864 1827 960 1879 καὶ
988 1825 1204 1894 ἀλόγοις
1233 1824 1328 1879 καὶ
1366 1821 1692 1894 ἀνθρώποις,
1735 1820 1794 1874 οὒ
1843 1818 1988 1874 κατὰ

404 1919 469 1971 τὸ
497 1919 647 1971 αὑτό.
691 1896 810 1972 Καὶ*
828 1917 985 1971 τοῦτο
1016 1917 1073 1971 δὲ
1104 1917 1205 1988 τῆς
1236 1916 1331 1970 τοῦ
1366 1915 1501 1970 Θεοῦ
1535 1914 1744 1983 σοφίας.
1782 1911 1981 1965 Σκόπει
2017 1896 2064 1954 Β

403 2009 493 2063 δέ·
540 2009 950 2064 Καταόάλλεται
998 2011 1164 2072 σῖτος,
1217 2009 1354 2072 τέως
1389 2008 1490 2078 μὲν
1536 2007 1839 2079 ἀνθρώπων
1870 2009 1987 2060 ἐστὶ

405 2101 580 2171 τροφὴ
627 2101 814 2171 μόνον·
857 2099 1076 2154 ἐπειδὰν
1117 2101 1174 2153 δὲ
1210 2099 1503 2172 βλαστάνῃ,
1536 2099 1708 2154 ἄνεισι
1749 2100 1846 2153 καὶ
1889 2099 1987 2170 τὴν

404 2194 514 2247 τῶν
540 2194 748 2263 ἀλόγων
777 2193 914 2263 ἔχων
947 2192 1176 2265 τροφήν.
1214 2195 1422 2264 Ὥσπερ
1454 2193 1564 2265 γὰρ
1595 2193 1729 2247 αὐτὸ
1761 2194 1820 2246 τὸ
1851 2189 1988 2247 εἶναι

405 2285 472 2338 δι’
503 2287 649 2355 ἡμᾶς
679 2286 835 2338 ἔλαϐε
868 2285 936 2338 τὰ
970 2285 1104 2350 ζῶα,
1135 2284 1276 2338 οὓτω
1311 2285 1406 2339 καὶ
1434 2287 1466 2355 ἡ
1499 2284 1672 2356 τροφὴ
1718 2284 1898 2340 αὐτῶν
1924 2286 1990 2338 ὲκ

364 2399 368 2401 ’
408 2381 507 2450 τῆς
534 2379 808 2451 ἡμετέρας
850 2380 1055 2452 τροφῆς
1085 2379 1195 2451 ἔχει
1227 2379 1324 2450 τὴν
1368 2380 1562 2451 ἀρχήν.
1611 2379 1675 2432 Ἦ
1706 2379 1815 2450 γὰρ
1858 2378 1988 2448 χλόη

406 2469 501 2523 διὰ
529 2469 685 2523 τοῦτο
715 2470 1144 2541 προηγουμένως
1171 2469 1414 2538 γέγονεν,
1453 2469 1540 2522 ἵνα
1584 2468 1676 2521 τὸν
1701 2472 1845 2522 σῖτον
1871 2469 1989 2521 δια-

406 2565 571 2632 τηρῇ.
602 2558 756 2624 Εἶδες
787 2557 880 2614 οὖν
907 2561 977 2613 τὰ
1005 2560 1175 2628 ἄλογα
1203 2562 1264 2614 οὐ
1302 2560 1461 2631 μόνον
1485 2562 1616 2630 ἡμῖν
1649 2559 1987 2622 δουλεύοντα,

409 2652 546 2706 ἀλλά
569 2652 663 2703 καὶ
688 2649 788 2721 τὴν
819 2651 1023 2721 τροφὴν
1057 2652 1163 2706 τῶν
1193 2652 1400 2719 ἀλόγων
1432 2652 1498 2720 τῇ
1534 2650 1784 2722 ἡμετέρᾳ
1815 2654 1988 2723 τροφῇ

409 2742 880 2813 ὑπηρετουμένην,
921 2742 1016 2794 καὶ
1046 2743 1114 2812 τῇ
1149 2743 1300 2808 τάξει
1352 2742 1514 2796 πάλιν
1562 2743 1622 2796 τὸ
1668 2743 1798 2795 αὐτὸ
1835 2743 1992 2796 τοῦτο

414 2831 775 2902 μιμουμένην.
813 2833 1025 2902 Ὥσπερ
1054 2833 1159 2900 γὰρ
1204 2831 1468 2903 πρότερον
1508 2832 1698 2900 ἄλογα,
1735 2832 1829 2887 καὶ
1868 2833 1990 2886 τότε

409 2923 716 2994 ἄνθρωπος,
750 2923 937 2994 ἐπειδὴ
969 2923 1058 2976 διὰ
1087 2923 1176 2976 τὸν
1205 2923 1490 2994 ἄνθρωπον
1519 2923 1588 2978 τά
1615 2924 1815 2992 ἄλογαο
1851 2923 1993 2977 οὕτω

411 3015 503 3067 καὶ
525 3013 739 3086 πρῶτον
760 3015 913 3086 χλόη,
935 3014 1030 3066 καὶ
1051 3016 1171 3068 τότε
1197 3017 1340 3077 σῖτος
1369 3017 1426 3068 ὲν
1452 3017 1519 3086 τῇ
1549 3015 1775 3088 βλάστῃ,
1803 3015 1990 3086 ἐπειδὴ

409 3107 500 3160 διὰ
526 3107 616 3160 τὸν
649 3108 791 3160 σῖτον
821 3109 855 3179 ὴ
886 3107 1037 3178 χλόη.
1071 3107 1180 3161 Καὶ
1209 3104 1373 3174 οἶνος
1405 3109 1711 3176 εὐφραίνει
1741 3108 1994 3176 καρδίαν

411 3197 746 3266 ἀνθρώπου.
777 3199 855 3254 Οὐ
900 3202 1030 3264 πᾶς,
1057 3199 1090 3270 ἢ
1126 3199 1286 3270 μόνος
1327 3201 1356 3253 ό
1385 3199 1483 3270 τὴν
1523 3199 1735 3268 γένεσιν
1765 3199 1902 3269 έχων
1931 3200 1999 3255 ὲκ.

411 3288 506 3340 τοῦ
551 3290 827 3354 εἰπόντος·
890 3290 1037 3360 Ἐγώ
1067 3293 1184 3360 ειμι
1231 3291 1271 3359 ἠ
1317 3289 1586 3359 ἄμπελος
1627 3291 1666 3358 ἠ
1713 3288 1990 3358 ἀληθινή.

425 3382 562 3436 Ἀλλ’
604 3384 727 3436 ἐπεὶ
757 3384 828 3438 τὰ
871 3384 1106 3455 αἰσθητά
1135 3385 1316 3438 πάντα
1341 3384 1414 3453 γῆ
1442 3384 1531 3438 διὰ
1561 3384 1621 3438 τὸ
1657 3384 1838 3438 ὑλικὸν
1877 3385 1996 3438 ὀνο-

415 3475 663 3547 μάζεται,
689 3479 768 3540 είς
791 3477 980 3530 τοῦτον
1000 3478 1057 3530 δὲ
1078 3476 1262 3530 λαϐεῖν
1283 3479 1400 3530 ἐστι
1423 3477 1579 3546 λόγον
1603 3477 1998 3542 ἀναϐιϐάζοντα

410 3571 501 3623 διά
526 3587 667 3634 τινος
700 3569 990 3638 ἀναλογίας
1016 3572 1108 3623 ἐπὶ
1137 3571 1206 3625 τά
1241 3571 1438 3644 νοητά⁶
1475 3570 1571 3622 καὶ
1601 3566 1754 3633 οὗτος
1786 3571 1814 3622 ὁ
1842 3570 2000 3638 λόγος

412 3663 578 3733 ἄρτος
606 3663 754 3714 ἐστὶν
783 3662 850 3715 ἐκ
892 3663 989 3731 τῆς
1021 3663 1125 3732 γῆς
1170 3662 1519 3731 ἐξαγόμενος,
1554 3663 1646 3714 ἐπὶ
1679 3663 1741 3714 τὸ
1779 3661 1998 3731 τρέφειν

413 3753 507 3805 τὸν
540 3753 686 3806 ἔνδον
725 3754 819 3805 καὶ
861 3753 920 3806 ἐν
967 3751 1198 3823 κρυπτῷ
1242 3752 1548 3825 ἄνθρωπον,
1590 3752 1686 3811 καὶ
1731 3753 1839 3806 ἀπὸ
1887 3752 1998 3805 τῶν

418 3843 749 3912 σωματικῶν
778 3843 835 3896 δὲ
862 3844 960 3914 τῆς
994 3843 1211 3914 γραφῆς
1247 3843 1601 3914 διηγημάτων
1629 3843 1718 3896 διά
1751 3843 1812 3896 τὸ
1852 3845 1996 3896 ιστο-

416 3936 567 4006 ρικὸν
602 3937 673 4007 γῆ
721 3937 1026 4008 εἰρημένον.
1064 3937 1261 4006 Ἀρτος
1299 3935 1626 4006 ἐξαγόμενος
1671 3936 1700 3987 ό
1737 3935 2000 4006 μυστικός

414 4029 531 4080 ἐστι
561 4026 736 4094 λόγος.
786 4026 900 4080 Τοῦ
927 4025 1276 4094 ἐειλαρῦναι
1321 4027 1648 4095 πρόσωπον
1679 4026 1748 4079 ἐν
1792 4025 1996 4090 ἐλαίῳ,

415 4119 514 4173 καὶ
556 4119 735 4188 ἄρτος
774 4119 1027 4188 καρδίαν
1053 4119 1368 4188 ἀνθρώπου
1399 4118 1678 4188 στηρίξει.
1724 4119 1997 4192 Ἱλαρύνε-

413 4231 505 4266 ται
532 4213 587 4268 δὲ
620 4214 715 4266 καὶ
745 4212 1095 4286 φαιδρύνεται
1121 4213 1181 4266 τὸ
1214 4213 1502 4282 πρόσωπον
1533 4211 1626 4264 τοῦ
1658 4211 1766 4266 ἔσω
1791 4209 2000 4283 ἀνθρὼ-

415 4323 520 4358 που
552 4305 717 4376 ἐλαίῳ
747 4304 827 4375 τῷ
864 4303 1141 4376 Θρεπτικῴ
1171 4302 1263 4356 τοῦ
1301 4301 1446 4356 Θείου
1472 4302 1668 4370 φωτὸς,
1701 4302 1796 4355 καὶ
1820 4301 1998 4355 λύοντι

415 4399 514 4463 τὰς
542 4399 729 4463 νόσους
756 4397 852 4452 καὶ
877 4399 1005 4462 τοὺς
1034 4397 1228 4460 πόνους
1256 4396 1354 4467 τῆς
1381 4396 1582 4466 ψυχῆς,
1616 4395 1829 4467 ἐπινοίᾳ
1863 4394 1997 4466 μόνῃ

2082 903 2264 959 diebus
2305 906 2424 958 vita:
2454 921 2602 970 meae,
2632 914 2680 957 et
2710 913 2764 956 ut
2789 904 3075 960 inhabilem
3095 907 3149 959 in
3174 905 3328 961 domo
3357 907 3572 962 Domini
3600 907 3657 959 in

2081 996 2457 1066 longitudinem
2491 997 2693 1050 dierum
2709 999 2774 1051 3’.

2159 1087 2226 1141 Ut
2261 1088 2452 1143 educas
2480 1104 2671 1157 panem
2701 1087 2767 1143 de
2805 1098 2969 1153 terra,
3004 1099 3054 1143 et
3092 1089 3266 1144 uinum
3303 1091 3539 1162 lwtiﬁcat
3567 1111 3658 1148 cor

2084 1177 2351 1241 hominis;
2376 1187 2433 1230 ut
2464 1177 2722 1232 exhilaret
2751 1177 2943 1246 [aciem
2974 1179 3030 1232 in
3058 1179 3191 1245 oleo,
3215 1189 3264 1234 et
3287 1182 3438 1249 panis
3461 1199 3550 1236 cor
3573 1184 3660 1237 ho-

2082 1269 2247 1322 minis
2279 1271 2581 1340 conﬁrmat.
2616 1269 2716 1324 Hic
2751 1277 3060 1339 Opportune
3102 1281 3402 1342 quaeratur,
3439 1289 3544 1343 qua
3587 1273 3654 1328 de

2083 1375 2253 1416 causa
2287 1377 2412 1416 cum
2444 1361 2676 1418 dixisset
2736 1361 2904 1416 David
2939 1383 2950 1417 :
2989 1361 3294 1417 Producens
3348 1364 3525 1432 fenum
3572 1364 3662 1430 iu-

2087 1454 2276 1508 mentis
2301 1468 2321 1516 ,°
2351 1453 2721 1523 subjunxerit.
2753 1453 2821 1508 Ut
2858 1453 3052 1509 educas
3084 1472 3272 1520 panem
3295 1455 3359 1510 de
3405 1467 3566 1522 terra,
3595 1473 3665 1513 ex

2086 1548 2362 1604 frumento
2395 1565 2592 1620 nempe
2621 1550 2954 1605 confectum.
2991 1550 3131 1618 Quid
3164 1559 3347 1608 autem
3381 1560 3469 1609 est
3519 1554 3667 1623 quod

2085 1640 2378 1696 insinuare
2428 1641 2583 1694 vult?
2618 1638 2763 1694 ldem
2821 1641 3036 1697 scilicet
3085 1657 3271 1698 semen
3319 1659 3666 1700 communem

2085 1747 2269 1789 escam
2299 1746 2422 1788 esse
2450 1739 2562 1786 tam
2602 1731 2782 1788 brutis
2835 1747 2998 1802 quam
3034 1733 3368 1802 hominibus,
3403 1736 3500 1791 sed
3556 1751 3668 1793 non

2091 1826 2277 1881 eadem
2309 1826 2542 1881 ratione.
2579 1824 2757 1894 Atque
2794 1825 2928 1880 illud
2978 1825 3073 1880 Dei
3105 1826 3387 1896 sapientiae
3432 1826 3558 1881 fuit.
3602 1827 3669 1882 Et

2093 1932 2224 1972 vero
2249 1918 2300 1972 id
2332 1915 2740 1970 animadvertas
2771 1915 2969 1970 velim:
3001 1917 3278 1986 spargitur
3305 1914 3666 1982 frumentum,

2093 2020 2256 2082 atque
2281 2011 2550 2065 hactenus
2594 2009 2817 2080 quidem
2862 2008 3144 2063 hominum
3197 2016 3282 2064 est
3324 2008 3514 2076 cibus;
3542 2025 3668 2064 cum

2093 2113 2280 2163 autem
2311 2103 2718 2175 germinaverit,
2784 2104 3052 2173 exsurgit,
3097 2101 3386 2156 brulorum
3449 2117 3670 2173 quoque

2091 2197 2413 2252 alimentum
2446 2193 2757 2264 proferens.
2791 2192 3258 2260 Quemadmodum
3289 2195 3434 2248 enim
3460 2193 3671 2248 anima-

2090 2287 2164 2344 lia
2194 2287 2246 2341 id
2278 2286 2450 2341 nostri
2501 2299 2668 2340 causa
2723 2290 3056 2354 acceperunt
3086 2283 3232 2353 quod
3273 2284 3562 2348 exsistant,
3594 2282 3671 2336 ita

2092 2387 2148 2435 et
2175 2393 2303 2433 esca
2336 2378 2554 2431 illorum
2580 2391 2611 2431 a
2641 2384 2835 2430 nostra
2866 2375 3083 2430 initium
3116 2377 3298 2432 habet.
3333 2373 3468 2430 Nam
3501 2373 3671 2429 herba

2093 2473 2218 2528 ideo
2251 2476 2488 2526 maxime
2515 2470 2860 2542 producitur,
2897 2478 2958 2525 ut
2990 2471 3324 2526 frumentum
3357 2476 3666 2526 conservet.

2093 2564 2262 2620 Vides
2287 2563 2454 2635 igitur
2495 2579 2605 2619 non
2637 2564 2816 2619 solum
2848 2563 3011 2618 bruta
3059 2564 3219 2619 nobis
3265 2562 3542 2628 famulari,
3578 2578 3674 2618 ve—

2095 2672 2217 2711 rum
2247 2657 2410 2712 etiam
2446 2657 2630 2711 cibum
2680 2671 2871 2710 eorum
2903 2657 3028 2710 cibo
3073 2665 3266 2712 nostro
3319 2655 3558 2717 servire,
3588 2662 3673 2710 at-

2095 2766 2202 2821 que
2225 2749 2417 2804 eodem
2445 2748 2641 2804 ordine
2665 2756 2718 2803 et
2740 2748 2953 2804 ratione
2974 2747 3029 2802 id
3060 2748 3239 2819 ipsum
3269 2762 3448 2819 agere.
3475 2747 3677 2814 Quem-

2093 2839 2390 2894 admodum
2435 2839 2580 2894 enim
2618 2839 2773 2910 prius
2820 2838 3004 2905 bruta,
3055 2837 3252 2894 deinde
3303 2839 3486 2903 homo,
3541 2837 3670 2908 quia

2094 2937 2321 3000 prapter
2354 2930 2630 2984 hominem
2688 2929 2886 2997 bruta;
2941 2929 3023 2984 sic
3086 2929 3266 2999 primo
3312 2929 3508 2993 herba,
3543 2943 3668 2981 mox

2096 3019 2432 3075 frumentum
2467 3021 2522 3074 in
2579 3020 2842 3090 germine,
2873 3021 3001 3090 quia
3057 3026 3284 3090 propter
3335 3017 3671 3072 frumentum

2095 3111 2288 3170 herba.
2325 3110 2395 3164 Et
2431 3112 2610 3165 vinum
2646 3111 2884 3180 ltetiﬁcat
2934 3127 3024 3165 cor
3064 3111 3290 3165 hominis
3326 3125 3344 3163 :
3374 3125 3482 3163 non
3515 3123 3676 3164 omne

2095 3202 2304 3269 vinum,
2332 3202 2428 3258 sed
2458 3201 2592 3256 illud
2615 3201 2791 3256 solum
2819 3202 2964 3271 quod
2992 3210 3174 3256 ortum
3195 3201 3362 3257 habet
3392 3201 3460 3255 ab
3481 3215 3545 3255 eo
3575 3199 3670 3270 qui

2097 3293 2268 3348 dicit:
2296 3293 2408 3364 Ego
2438 3309 2558 3348 sum
2588 3293 2709 3348 vitis
2736 3293 2941 3348 vero“.
2961 3293 3069 3349 Sed
3097 3295 3224 3364 quia
3249 3294 3472 3349 sensilia
3493 3293 3677 3348 omnia

2099 3387 2170 3443 ob
2200 3388 2488 3443 materiam
2541 3397 2687 3443 terra
2720 3395 3009 3453 vocantur,
3063 3396 3226 3458 atque
3279 3387 3346 3443 de
3391 3387 3485 3442 illo
3535 3385 3678 3440 acci-

2100 3481 2334 3552 piendus
2359 3495 2541 3537 sermo
2566 3491 2671 3548 est,
2703 3481 2794 3552 qui
2825 3481 3057 3550 quadam
3099 3481 3312 3534 ratione
3351 3486 3405 3534 et
3446 3494 3678 3550 propor-

2102 3574 2251 3628 tione
2277 3573 2342 3626 ad
2375 3573 2683 3644 spiritualia
2707 3573 2904 3627 deinde
2925 3572 3119 3640 erigit;
3151 3572 3238 3625 hic
3266 3587 3484 3642 quoque
3499 3586 3680 3626 sermo

2100 3663 2261 3732 panis
2291 3670 2376 3717 est
2403 3663 2470 3717 de
2494 3670 2639 3718 terra
2669 3661 2925 3725 eductus,
2961 3669 3022 3714 ut
3044 3661 3361 3715 interiorem
3390 3668 3444 3716 et
3493 3660 3679 3716 occul-

2099 3763 2219 3810 tum
2247 3754 2526 3810 hominem
2557 3755 2765 3810 nutriat
2797 3771 2810 3808 :
2847 3762 3011 3825 atque
3045 3769 3075 3808 a
3097 3756 3377 3826 corporeis
3430 3754 3680 3825 Scriptu-

2101 3861 2176 3900 ra:
2210 3846 2648 3911 narrationibus,
2683 3846 2755 3902 ob
2787 3847 3095 3902 naturalem
3123 3849 3363 3903 historia:
3383 3848 3675 3908 rationem,

2099 3947 2245 3994 terra
2282 3938 2508 3993 dicitur.
2559 3937 2724 3993 Panis
2759 3938 2961 4009 quippe
3002 3939 3258 4003 eductus,
3298 3946 3383 3994 est
3411 3937 3677 4008 mysticus

2100 4045 2306 4085 sermo.
2341 4028 2409 4084 Ut
2435 4029 2694 4083 exhilaret
2727 4029 2916 4098 faciem
2959 4030 3012 4083 in
3046 4029 3182 4094 oleo,
3213 4037 3263 4084 et
3287 4030 3442 4097 panis
3473 4045 3564 4082 cor
3584 4031 3679 4082 ho-

2098 4121 2256 4174 minis
2281 4121 2584 4190 conﬁrmat.
2606 4120 2957 4177 Exhilaratur
2977 4136 3143 4191 porro
3166 4135 3229 4175 ac
3255 4121 3562 4175 illustratur
3595 4121 3681 4174 in-

2100 4213 2320 4269 terioris
2354 4213 2596 4266 hominis
2625 4212 2795 4268 facies
2830 4213 2972 4277 oleo,
3005 4212 3152 4283 quod
3178 4212 3418 4267 divinam
3461 4213 3556 4265 alit
3596 4213 3674 4266 lu-

2100 4321 2243 4371 cem,
2271 4321 2335 4360 ac
2370 4306 2595 4360 morbos
2628 4306 2956 4377 laboresque
2992 4306 3189 4361 anima:
3226 4306 3409 4368 solvit,
3455 4306 3681 4376 solaque

2106 4397 2445 4468 intelligendi
2499 4399 2716 4453 ratione
2743 4413 2774 4452 a
2805 4407 3113 4454 memorato
3160 4399 3289 4454 vino
3332 4397 3532 4452 differt.
3585 4398 3679 4452 Dei

419 4491 674 4563 διαφέρον
723 4487 820 4544 τοῦ
873 4489 1228 4554 ἀποδοθέντος
1268 4488 1434 4542 οἴνου.
1488 4487 1546 4541 '0
1593 4487 1700 4558 γὰρ
1732 4484 1826 4540 τοῦ
1861 4484 1996 4538 Θεοῦ

2102 4487 2303 4559 quippe
2326 4489 2576 4550 verbum,
2612 4496 2670 4541 ut
2695 4487 2846 4550 vitis,
2881 4487 2960 4540 ita
2993 4496 3046 4541 et
3094 4486 3238 4540 oliva
3279 4495 3381 4541 est.
3419 4484 3552 4555 Ego,
3595 4485 3680 4537 in-

417 4583 574 4653 λόγος
601 4583 788 4655 ὥσπερ
817 4581 1080 4653 ἄμπελος,
1115 4581 1258 4636 οὕτω
1300 4583 1393 4634 καὶ
1422 4579 1580 4634 ἐλαία
1608 4579 1783 4632 ἐστίν·
1830 4579 1996 4648 Ἐγὼ,

2105 4582 2246 4650 quit,
2281 4580 2416 4634 sicut
2468 4579 2607 4633 oliva
2655 4578 2940 4648 fructifera
2989 4579 3046 4632 in
3109 4578 3264 4632 domo
3322 4577 3506 4632 Dei“.
3543 4575 3677 4630 Nam

418 4678 616 4746 φησιν,
662 4675 806 4729 ὡσεί
857 4674 1033 4728 ἐλαία
1077 4671 1460 4742 κατάκαρπος
1485 4671 1555 4725 ἐν
1599 4669 1680 4736 τῷ
1713 4669 1856 4740 οἴκῳ
1889 4669 1995 4722 τοῦ

2107 4672 2229 4742 ejus
2259 4671 2508 4726 doctrina
2539 4672 2842 4727 secundum
2873 4671 3146 4726 diversam
3189 4671 3476 4734 rationem,
3506 4675 3560 4722 et
3595 4666 3670 4721 vi.

419 4765 590 4820 Θεοῦ.
637 4761 699 4817 Ἦ
729 4763 837 4835 γὰρ
865 4762 1030 4818 αὐτοῦ
1061 4761 1378 4816 διδασκαλία
1403 4760 1544 4815 κατὰ
1575 4759 1831 4830 διάφορον
1875 4759 1997 4830 σχέ-

419 4874 502 4912 σιν
527 4854 668 4922 οἷνός
698 4875 759 4911 τε
791 4858 887 4912 καὶ
917 4855 1092 4911 ἔλαιόν
1119 4858 1233 4909 ἐστι
1257 4855 1351 4909 καὶ
1385 4855 1570 4927 ἄρτος.

486 4951 970 5022 Χορτασθήσεται
999 4951 1074 5004 τὰ
1106 4950 1264 5014 ξύλα
1295 4949 1402 5004 τοῦ
1433 4947 1666 5012 πεδίου,
1703 4949 1763 5000 αί
1797 4944 1994 5016 κέδροι

417 5049 525 5103 τοῦ
551 5045 808 5102 Λιϐάνου
835 5043 907 5110 ἂς
930 5044 1274 5112 ἐφύτευσας
1289 5059 1304 5072 ο
1335 5040 1464 5095 ἐκεῖ
1479 5041 1766 5108 στρουθία
1785 5041 1996 5094 ἐννοσ-

418 5142 736 5195 σεύσουσι.
776 5137 886 5192 Τοῦ
917 5134 1164 5204 ἐρωδιοῦ
1212 5135 1252 5204 ἡ
1303 5134 1462 5188 οἰκία
1493 5134 1718 5204 ἡγεῖται
1767 5132 1992 5187 αὐτῶν·

423 5234 529 5303 ὅρη
556 5233 626 5288 τὰ
658 5230 869 5301 ὑψηλὰ
891 5229 1022 5297 ταῖς
1041 5228 1308 5298 ἐλάφοις,
1333 5226 1519 5294 πέτρα
1538 5224 1850 5295 καταφυγὴ
1873 5224 1996 5290 τοῖς

423 5325 918 5396 χοιρογρυλλίοις.
969 5322 1028 5376 '0
1071 5320 1319 5392 Ἑϐραῖος
1378 5319 1472 5372 καὶ
1521 5319 1569 5371 οἱ
1611 5317 1810 5384 λοιποὶ,
1844 5316 2002 5380 ξύλα

424 5419 531 5472 τοῦ
582 5417 838 5484 Κυρίου,
888 5413 1186 5468 τεθείκασι.
1234 5409 1529 5476 Διεξελθὼν
1579 5408 1648 5462 τὰ
1700 5407 2000 5480 κάρπιμα,

425 5507 738 5577 ἀναγκαίως
770 5504 1093 5577 μνημονεύει
1141 5504 1236 5557 καὶ
1265 5503 1373 5556 τῶν
1402 5502 1686 5575 ἀκάρπων,
1717 5501 1792 5565 ὡς
1837 5500 2003 5568 ἀναγ-

427 5600 586 5654 καίαν
637 5597 945 5668 ἀνθρώποις
996 5597 1092 5650 καὶ
1145 5595 1325 5648 αὐτῶν
1380 5593 1728 5666 παρεχόντων
1789 5591 1998 5663 χρείαν.

427 5695 524 5750 Διά
549 5692 706 5748 τοῦτο
733 5691 826 5744 καὶ
851 5687 1057 5761 Κυρίου
1099 5687 1239 5742 αὑτά
1270 5687 1726 5760 προσηγόρευσεν,
1750 5683 1825 5748 ὡς
1847 5684 2005 5737 αὐτο-

495 5849 542 5883 ⁸⁹
570 5848 712 5905 Psal.
744 5864 876 5917 un,
912 5848 1024 5903 5-7.
1103 5848 1147 5879 ⁸ο
1185 5843 1343 5903 Joan.
1382 5861 1469 5912 xv,
1506 5845 1554 5900 l.
1633 5844 1674 5876 “
1715 5841 1860 5900 Psal.
1896 5856 1971 5909 ιι,
2006 5840 2092 5899 ιο.

2103 4779 2234 4818 num
2262 4773 2318 4819 et
2355 4764 2534 4820 oleum
2561 4772 2616 4819 et
2651 4763 2810 4835 panis
2836 4769 2944 4820 est.

2174 4942 2342 4998 Vens.
2377 4941 2564 4999 16-18.
2597 4939 2996 4998 Saturabuntur
3030 4941 3174 5011 ligna
3197 4941 3390 5009 campi,
3417 4939 3558 4994 cedri
3588 4937 3676 4993 Li-

2105 5035 2250 5099 bani,
2273 5053 2404 5106 quas
2435 5035 2713 5104 pluntasti,
2746 5033 2856 5086 illic
2883 5049 3120 5102 passeres
3152 5029 3518 5102 nidiﬁcabunt.
3541 5029 3669 5083 Ero-

2107 5126 2183 5180 dii
2213 5127 2401 5181 domus
2450 5127 2560 5180 dua:
2604 5134 2682 5180 est
2731 5140 2961 5179 eorum:
2993 5132 3192 5177 montes
3245 5121 3438 5176 excelsi
3489 5122 3675 5186 cervis,

2103 5229 2253 5290 petra
2298 5219 2559 5290 refugium
2600 5217 2904 5275 herinaciis.
2964 5215 3292 5271 Hebraicum
3321 5213 3600 5284 exemplar
3622 5220 3678 5267 et

2103 5313 2302 5382 reliqui
2366 5312 2720 5383 interpretes,
2785 5310 2932 5381 ligna
2989 5307 3228 5372 Domini,
3269 5306 3492 5362 habent.
3537 5304 3677 5359 Cum

2099 5405 2392 5462 fructifera
2446 5404 2846 5472 recensuisset,
2898 5403 3210 5458 necessario
3277 5399 3442 5455 etiam
3494 5396 3676 5452 fructu

2101 5499 2343 5554 carentia
2376 5506 2663 5563 memorat,
2696 5504 2885 5568 utpote
2912 5511 3031 5567 qua:
3066 5493 3380 5549 hominibus
3409 5491 3476 5547 ad
3511 5505 3674 5547 usum

2103 5591 2418 5646 necessaria
2447 5591 2577 5645 sint.
2608 5589 2844 5660 Ideoque
2882 5589 3000 5659 ipsa
3056 5585 3272 5644 Domini
3312 5583 3672 5656 nuncupavit.

2107 5689 2166 5737 ut
2201 5689 2394 5753 sponte
2416 5682 2724 5750 nascentia,
2749 5697 2927 5753 neque
2966 5696 3131 5738 manu
3157 5680 3340 5748 culta;
3365 5676 3461 5735 sed
3485 5676 3672 5736 divino
