4102 6436
467 430 606 487 1279

1132 425 1402 482 EUSEBII
1439 418 1917 480 CIESARIENSIS
1955 417 2105 473 OPP.
2145 413 2325 470 PARS
2354 411 2437 468 lll.
2462 441 2534 454 --
2571 407 2980 465 EXEGETICA.

3595 405 3619 460 1
3635 407 3736 461 280

467 542 637 596 verbo
688 535 1076 610 germinantia.
1137 535 1294 592 Cedri
1349 533 1542 588 Libani
1571 518 1718 604 quas.
1765 528 2043 601 plantasti.

2165 526 2260 595 ρυᾶ
2288 524 2382 578 καὶ
2408 523 2467 575 οὐ
2499 519 2859 592 χειρόκμητα,
2888 518 3024 572 ἀλλά
3170 517 3298 587 θείῳ
3329 517 3472 590 λόγῳ
3500 517 3553 588 β)
3566 521 3735 590 αστή-

470 631 708 686 Pulchre
765 627 1059 684 cedrorum
1118 626 1515 698 plantationem
1581 622 1692 678 Deo
1763 620 2044 690 ascripsit,

470 723 599 796 quia
625 723 743 778 sine
771 721 882 776 ulla
944 719 1185 774 humana
1233 732 1366 774 cura
1411 718 1468 772 in
1505 723 1712 771 tantam
1767 713 2050 770 celsitudi-

426 812 428 814 ’
470 832 595 872 nem
626 819 1014 870 excreverunt.
1059 809 1180 866 Non
1227 809 1375 865 enim
1427 808 1693 880 lignarius
1723 805 1922 876 aliquis
1959 819 2054 860 ea-

470 922 594 961 rum
625 906 806 960 cultor
841 903 943 956 fuit
967 921 981 967 ;
1007 901 1104 956 scd
1131 900 1376 956 divinum
1401 899 1629 954 verbum
1661 897 1928 952 montium
1959 909 2052 950 ca-

473 998 694 1053 cumina
725 996 813 1051 bis
842 1009 1014 1066 opaca
1048 993 1197 1048 fecit.
1237 990 1392 1058 Quod
1446 989 1491 1044 si
1538 989 1657 1060 ipse
1700 986 2050 1060 plantaverit,

472 1106 605 1146 sane
632 1089 794 1144 utiles
829 1093 998 1143 sunt:
1037 1085 1244 1156 optima
1293 1084 1495 1154 quippe
1539 1088 1670 1137 sunt
1715 1093 2054 1151 quaecunque

472 1183 618 1238 Deus
641 1179 840 1237 effecit.
864 1178 1000 1233 Cum
1019 1192 1182 1248 porro
1198 1175 1394 1231 Libani
1421 1185 1684 1245 tanquam
1707 1170 2054 1227 celeberrimi

473 1275 809 1330 mentionem
872 1272 1022 1336 fecit,
1078 1285 1295 1327 necnon
1361 1269 1657 1325 cedrorum
1714 1265 1858 1336 ejus,
1915 1264 2054 1320 alios

472 1369 636 1422 etiam
663 1375 876 1422 montes
906 1373 960 1420 et
989 1365 1215 1419 arbores
1251 1363 1337 1418 his
1371 1360 1724 1432 significavit.
1762 1357 1891 1413 Illic
1926 1372 2052 1426 pas-

472 1475 611 1513 seres
657 1456 1027 1528 nidiﬁcabunt.
1073 1454 1264 1510 Erodii
1319 1454 1508 1510 domus
1551 1454 1662 1510 dua:
1727 1462 1806 1508 est
1847 1469 2051 1508 eorum.

471 1549 669 1620 Aquila
716 1550 796 1606 sic
832 1549 1000 1605 habet
1039 1565 1052 1602 :
1087 1548 1210 1604 Illic
1273 1565 1390 1603 aves
1443 1547 1816 1618 nidiﬁcabunt.
1853 1544 2055 1599 Erodio

473 1641 670 1698 abietes
699 1641 885 1697 domus
924 1643 1046 1711 ipsi.
1091 1640 1230 1697 Nam
1287 1641 1371 1697 hae
1421 1641 1554 1713 ipsa:
1607 1639 1835 1696 arbores
1887 1638 2056 1692 alium

473 1733 696 1801 quidem
742 1735 1080 1802 hominibus,
1112 1734 1279 1790 alium
1311 1749 1442 1791 vero
1477 1732 1672 1789 avibus
1714 1746 1875 1788 usum
1917 1745 2058 1802 prae-

470 1823 624 1879 bent.

543 1998 715 2058 Vaas.
767 2001 854 2057 19.
894 2000 1047 2058 Fecit
1081 2002 1264 2057 lunam
1293 2003 1348 2057 in
1370 2012 1606 2074 tempora
1639 2021 1657 2060 :
1691 2004 1773 2061 sol
1817 2005 2052 2076 cognovit

472 2108 720 2148 occasum
750 2110 926 2149 suum.
953 2095 1092 2150 Cum
1153 2103 1370 2153 terrena
1427 2097 1611 2152 omnia
1657 2097 2056 2163 recensuisset,

470 2183 941 2257 invisibiliumque
970 2193 1291 2243 naturarum
1339 2189 1670 2244 creationem
1694 2188 2056 2254 exhibuisset,

473 2276 743 2330 caelorum
777 2277 908 2331 item
939 2278 1220 2348 opiﬁcium
1265 2277 1693 2344 subindicasset,
1721 2295 1869 2334 nunc
1894 2279 2058 2334 lumi-

473 2367 693 2420 narium
726 2367 1060 2423 mentionem
1093 2368 1243 2435 facit,
1275 2384 1396 2440 quae
1442 2379 1639 2440 quarto
1695 2369 1786 2426 die
1833 2369 2060 2425 condita

475 2465 627 2512 sunt.
659 2456 772 2513 Nec
806 2459 926 2514 sine
955 2460 1190 2516 consilio
1231 2460 1471 2515 arbitror
1509 2477 1573 2516 ea
1624 2477 1745 2532 quae
1801 2463 2057 2533 superius

472 2548 842 2618 praetermissa
862 2548 1209 2614 videbantur,
1245 2549 1467 2620 quando
1502 2549 1571 2605 de
1601 2551 1765 2607 rebus
1817 2547 2058 2608 ctelestié

470 2638 600 2704 bus,
633 2639 701 2695 de
733 2639 975 2696 nubibus
998 2648 1053 2697 et
1076 2641 1254 2698 ventis
1266 2642 1436 2698 verba
1457 2641 1680 2710 fecerat,
1701 2659 1850 2698 nunc
1876 2658 2059 2700 sermo

471 2731 742 2797 resumit,
800 2747 864 2789 ea
913 2740 1037 2804 post
1091 2741 1174 2788 tot
1221 2733 1330 2788 alia
1371 2733 1649 2789 recensita
1714 2750 2057 2804 memorans;

473 2837 664 2877 verum
686 2830 747 2877 ut
765 2823 960 2880 doceat
1000 2825 1115 2880 haec
1142 2842 1362 2898 quoque
1394 2827 1462 2882 ad
1497 2827 1793 2883 utilitatem
1836 2827 2059 2884 condita

475 2909 670 2968 fuisse.
698 2911 951 2968 Forsitan
1007 2916 1153 2970 enim
1181 2918 1226 2972 si
1267 2917 1380 2972 haec
1422 2916 1602 2988 primo
1653 2919 1776 2975 loco
1816 2933 2059 2976 comme-

475 3012 768 3073 morasset,
801 3006 1024 3062 occasio
1052 3009 1305 3079 quaedam
1366 3012 1561 3067 relicta
1611 3011 1680 3068 iis
1710 3010 1931 3075 fuisset,
1963 3010 2058 3081 qui

475 3095 636 3166 quasi
664 3095 854 3153 divina
883 3105 938 3153 et
966 3106 1226 3170 tanquam
1258 3116 1483 3160 causam
1517 3103 1902 3174 productionis
1940 3102 2061 3156 ani-

2153 633 2339 671 σαντα.
2371 617 2439 670 Αἱ
2468 613 2666 681 κέδροι
2705 612 2810 665 τοῦ
2843 611 3102 666 Λιϐάνου
3130 610 3204 677 ἅς
3234 611 3593 680 ἐφύτευσας.
3621 612 3738 666 Κα-

2150 708 2256 774 λῶς
2292 707 2369 778 τῷ
2407 706 2526 778 Θεῷ
2571 703 2922 778 προσέγραψε
2966 703 3072 756 τῶν
3107 703 3314 774 κέδρων
3346 702 3444 774 τὴν
3473 703 3732 768 φυτείαν*

2149 801 2229 855 ὅτι
2257 799 2411 863 ἐκτὸς
2441 797 2784 870 ἀνθρωπίνης
2809 795 3125 868 ἐπιμελείας
3171 795 3263 848 ἐπὶ
3290 795 3542 848 τοσοῦτον
3568 793 3738 867 ηὐξή-

2152 892 2341 963 θησαν.
2374 892 2448 946 υύ
2477 891 2586 962 γὰρ
2612 891 2914 962 ἀλσοκόμος
2938 907 3022 953 τις
3051 887 3256 942 τούτων
3280 888 3472 958 γέγονε
3501 905 3738 960 φυτουρ-

2151 984 2276 1052 γός·
2305 981 2420 1038 ἀλλ’
2445 984 2473 1036 6
2505 982 2645 1046 θεῖος
2693 982 2885 1050 Λόγος,
2927 980 3258 1052 ἀμφιλαφεῖς
3295 981 3394 1044 τὰς
3440 981 3550 1033 τῶν
3595 981 3738 1053 ὀρῶν

2153 1076 2447 1147 εἰργάσατο
2492 1076 2756 1149 κορυφάς.
2807 1076 2871 1128 Εἰ
2902 1075 2959 1128 δὲ
2992 1074 3153 1137 αὐτὸς
3198 1073 3483 1144 ἐφύτευσε,
3520 1073 3740 1138 πάντως

2152 1168 2234 1222 ὅτι
2269 1170 2547 1240 χρήσιμα·
2585 1169 2761 1222 πάντα
2799 1168 2908 1240 γὰρ
2939 1169 3039 1221 ὅσα
3075 1166 3329 1237 εποίησεν
3359 1169 3387 1220 6
3413 1165 3566 1231 Θεὸς,
3599 1167 3740 1220 καλά

2153 1260 2294 1316 λίαν.
2327 1260 2434 1314 Τοῦ
2478 1260 2580 1333 μὲν
2622 1261 2854 1316 Λιϐάνου
2898 1260 2974 1324 ὼς
3016 1259 3292 1330 ἐπισήμου
3339 1258 3734 1331 μνημονεύσας,

2154 1353 2249 1406 καὶ
2277 1350 2385 1406 τῶν
2415 1353 2487 1406 ἐν’
2515 1351 2664 1423 αὐτῷ
2691 1353 2921 1424 κέὸρων,
2956 1351 3051 1406 καὶ
3079 1351 3148 1406 τὰ
3176 1350 3311 1404 ἄλλα
3339 1351 3440 1422 ὅρη
3487 1351 3581 1404 καὶ
3621 1349 3735 1402 δέν-

2155 1446 2258 1516 δρα
2302 1444 2390 1498 διά
2439 1445 2643 1499 τούτων
2686 1445 2975 1517 ἐδήλωσεν.
3014 1444 3180 1498 Ἐκεῖ
3202 1444 3492 1512 στρουθία
3523 1445 3739 1496 ἐννοσ-

2154 1538 2475 1592 σεύσουσι.
2504 1537 2616 1592 Τοῦ
2639 1537 2883 1606 ἐρωδιοῦ
2912 1537 2950 1605 ἡ
2983 1537 3141 1591 οἰκία
3170 1535 3398 1606 ἡγεῖται
3425 1534 3644 1591 αὐτῶν.
3683 1536 3742 1588 '0

2169 1630 2399 1696 Ἀκύλας
2427 1629 2598 1695 οὓτως
2634 1630 2750 1701 ἔχει
2770 1647 2783 1660 °
2838 1630 3001 1685 Ἐκεῖ
3038 1629 3216 1699 ὄρνεα
3255 1629 3737 1684 νοσσεύσουσιν.

2168 1720 2421 1790 Ἐρωδιῷ
2453 1719 2662 1776 ἐλάται
2691 1716 2856 1787 οἷκος
2888 1719 3067 1785 αὐτῷ.
3101 1720 3180 1773 Τά
3213 1720 3321 1792 γὰρ
3371 1719 3524 1774 αὐτὰ.
3551 1719 3742 1791 δένδρα

2157 1813 2324 1884 ἀλλην
2375 1812 2476 1885 μὲν
2517 1809 2827 1885 ἀνθρώποις
2866 1811 3076 1884 χρείαν,
3107 1810 3274 1882 ἀλλην
3303 1810 3358 1864 δὲ
3398 1812 3510 1875 τοῖς
3536 1809 3744 1881 ὀρνέοις

2161 1905 2405 1978 παρέχει.

2242 1999 2524 2070 Ἐποίησε
2553 1997 2829 2066 σελήνην
2864 2001 2952 2066 εὶς
2995 1998 3260 2070 καιρούς·
3309 1999 3342 2051 ὀ
3377 1996 3552 2065 ἣλιος
3590 1998 3745 2067 ἔγνω

2157 2091 2273 2161 τὴν
2302 2091 2483 2146 δύσιν
2512 2089 2720 2145 αὑτοῦ.
2748 2090 2828 2145 Τά
2871 2090 3013 2146 κατά
3050 2091 3155 2162 γῆν
3184 2089 3401 2144 ἅπαντα
3435 2087 3742 2156 διεξελθὼν,

2159 2185 2253 2238 καὶ
2293 2183 2400 2238 τῶν
2445 2184 2694 2255 ἀοράτων
2733 2183 2950 2253 φύσεων
2988 2185 3089 2255 τὴν
3125 2180 3490 2254 δημιουργίαν
3531 2180 3742 2246 δείξας,

2158 2277 2254 2330 καὶ
2277 2274 2384 2329 τῶν
2411 2274 2654 2346 οὐρανῶν
2680 2273 2967 2341 ὑποδείξας
2995 2274 3095 2345 τὴν
3121 2272 3359 2343 ποίησιν,
3392 2270 3488 2324 νῦν
3515 2271 3611 2324 καὶ
3638 2269 3747 2325 τῶν

2160 2370 2463 2441 φωστήρων
2497 2370 2732 2422 ποιεῖται
2757 2368 2858 2440 τὴν
2892 2367 3134 2438 μνήμην,
3164 2366 3213 2418 οἳ
3250 2363 3392 2419 κατά
3415 2363 3514 2435 τὴν
3550 2363 3749 2435 τετάρ-

2159 2480 2257 2534 την
2283 2460 2495 2533 ἡμέραν
2530 2459 2796 2529 ἐγένοντο.
2827 2458 2944 2514 Οὐκ
2970 2459 3230 2522 ἀσκόπως
3251 2457 3327 2520 δὲ,
3360 2451 3514 2526 οἶμαι
3558 2456 3630 2509 τὰ
3664 2456 3750 2508 δό-

2161 2555 2326 2620 ξαντα
2355 2554 2411 2607 ἐν
2443 2554 2555 2616 τοῖς
2586 2552 2701 2607 ἄνω
2743 2549 3192 2623 παραλελεῖφθαι,
3223 2550 3313 2604 ὅτε
3341 2549 3410 2603 τά
3434 2550 3554 2603 κατ’
3583 2549 3750 2620 οὐρα-

2160 2643 2250 2698 νὸν
2277 2644 2373 2697 καὶ
2421 2641 2491 2696 τὰ
2529 2642 2658 2713 περὶ
2695 2642 2884 2714 νεφῶν·
2918 2641 3012 2696 καὶ
3047 2641 3282 2713 ἀνέμων·
3309 2639 3549 2709 ἐλέγετο,
3592 2637 3687 2698 νῦν
3719 2639 3749 2691 6

2159 2735 2317 2806 λόγος
2376 2733 2819 2807 ὲπαναλαμὸάνει
2843 2775 2859 2802 ,
2879 2789 2884 2793 ,
2906 2732 3044 2806 μετά
3091 2731 3325 2786 τοσαῦτα
3369 2729 3750 2803 μνημονεύσας

2160 2826 2361 2893 αὐτῶν,
2401 2827 2518 2880 ἀλλ’
2551 2826 2693 2899 ὑπὲρ
2724 2825 2817 2880 τοῦ
2855 2825 3090 2892 διδάξαι,
3120 2826 3201 2880 δτι
3235 2824 3330 2879 καὶ
3361 2823 3537 2879 ταῦτα
3562 2823 3750 2895 χρείας

2160 2917 2344 2971 ἕνεκεν
2372 2918 2602 2989 ὑπέστη.
2631 2917 2785 2988 Τάχα
2811 2916 2941 2988 γὰρ,
2972 2919 3022 2970 εἰ
3056 2916 3271 2988 πρῶτον
3301 2915 3483 2970 αὐτῶν
3509 2913 3752 2986 ἐμνημό-

2161 3011 2602 3082 νευσεν,ἀφορμή
2625 3027 2711 3074 τις
2738 3009 3092 3063 κατελείπετο
3105 3011 3220 3073 τοῖς
3243 3008 3319 3072 ὡς
3345 3007 3464 3061 θεῖα
3486 3007 3596 3062 δεῖν
3613 3004 3752 3060 αὐτά

2164 3106 2341 3162 σέϐειν
2385 3107 2731 3179 ἡγουμένοις,
2784 3106 2880 3159 καὶ¹
2922 3106 2998 3170 ὡς
3051 3107 3198 3158 αἴτια
3245 3104 3344 3174 τῆς
3375 3102 3483 3157 τῶν
3513 3103 3608 3157 ἐπὶ
3646 3102 3752 3172 γῆς

475 3185 702 3241 malium
767 3197 821 3244 et
885 3189 1166 3245 fructuum
1215 3199 1396 3259 terrag,
1457 3195 1577 3264 ipsa
1645 3193 1876 3250 colenda
1937 3207 2060 3248 esse

2165 3197 2317 3263 ζώων
2355 3216 2416 3251 τε
2460 3199 2555 3252 καὶ
2589 3197 2817 3268 καρπῶν
2851 3198 3180 3259 συστάσεως.
3220 3197 3392 3250 Τοῦτο
3421 3195 3553 3265 γοῦν
3577 3197 3626 3248 oi
3652 3196 3753 3265 τῆς

476 3275 771 3334 duxerunt.
797 3277 915 3336 Hoc
959 3296 1154 3354 nempe
1175 3299 1301 3341 cum
1336 3284 1414 3340 illi
1442 3285 1536 3356 qui
1568 3300 1600 3339 a
1648 3285 1850 3356 pietate
1895 3285 2059 3339 alieni

475 3377 635 3424 erant
681 3371 1098 3442 existimarent;
1133 3376 1375 3430 animum
1407 3377 1738 3448 appulerunt
1775 3385 1836 3431 ut
1889 3376 2061 3432 solem

476 3465 534 3512 et
571 3459 778 3529 lunam,
806 3469 1070 3532 tanquam
1103 3463 1237 3523 deos
1295 3466 1692 3535 generationis,
1730 3465 1976 3520 alimenti
2008 3473 2063 3521 et

479 3551 803 3609 incrementi
846 3555 1023 3611 nostri
1055 3565 1334 3626 auctores,
1373 3559 1636 3614 colerent.
1678 3557 1783 3614 Sed
1844 3558 2064 3615 divinus

479 3661 662 3702 sermo
690 3647 745 3703 id
775 3649 1002 3706 minime
1031 3653 1229 3722 probat
1263 3671 1276 3706 :
1311 3652 1594 3708 enimvero
1625 3650 1875 3716 afﬁrmat,
1897 3651 2064 3707 etiam

480 3738 619 3794 citra
647 3739 857 3804 isthaec,
885 3741 1254 3799 universalem
1302 3743 1452 3798 illam
1497 3742 1593 3801 Dei
1640 3743 2065 3815 providentiam,

482 3844 594 3885 non
621 3830 801 3886 solum
829 3847 951 3902 quae
981 3833 1037 3888 in
1071 3835 1249 3900 caelis,
1282 3834 1379 3891 sed
1410 3833 1578 3892 etiam
1617 3852 1742 3908 qua:
1798 3837 1854 3891 in
1897 3845 2064 3903 terra,

483 3921 743 3977 animalia
771 3939 966 3996 nempe
983 3925 1329 3998 plantasque,
1361 3927 1718 3998 produxisse.
1766 3926 1893 3984 Haec
1937 3929 2068 3983 item

483 4010 702 4085 Moyses
725 4021 785 4070 ut
803 4015 1046 4082 doceret,
1064 4019 1243 4088 primo
1270 4021 1586 4091 plantarum
1608 4022 1954 4077 terrestrium
1978 4035 2070 4076 or-

482 4112 624 4172 tum,
643 4105 840 4163 deinde
854 4107 1204 4164 luminarium
1224 4109 1641 4180 productionem
1660 4109 1894 4165 induxit.
1912 4109 2069 4167 Nunc

484 4196 614 4252 item
646 4198 816 4255 David
838 4200 1020 4256 denuo
1039 4204 1277 4259 recurrit
1297 4202 1363 4257 ad
1386 4203 1696 4259 caelestium
1717 4203 1865 4258 illam
1887 4204 2071 4274 provi-

486 4289 752 4362 dentiam,
785 4310 851 4350 ac
875 4297 1027 4350 nulla
1077 4297 1185 4351 alia
1240 4297 1309 4352 de
1350 4312 1521 4353 causa
1569 4298 1849 4353 conditam
1881 4298 2068 4352 lunam

487 4383 660 4442 fuisse
686 4387 782 4452 ait,
796 4403 960 4457 quam
982 4387 1051 4442 ad
1072 4390 1542 4446 enumerationem
1569 4399 1624 4445 et
1643 4389 1894 4444 notitiam
1918 4405 2071 4444 men-

489 4479 633 4534 sium
657 4488 712 4534 et
728 4478 939 4533 dierum
960 4494 973 4530 :
991 4493 1116 4533 nam
1134 4479 1288 4548 illud,
1308 4483 1360 4536 in
1378 4489 1630 4550 tempora,
1647 4481 1882 4552 idipsum
1899 4480 2070 4550 signi—

2165 3289 2447 3353 εὐσεϐείας
2469 3289 2738 3359 ἀλλότριοι
2764 3288 3085 3358 νομίσαντες
3109 3287 3444 3358 ὡρμήθησαν
3470 3286 3648 3339 σέϐειν
3674 3285 3751 3348 ὡς

2165 3383 2320 3446 θεοὺς
2350 3383 2498 3453 ἥλιον
2525 3383 2620 3435 καὶ
2665 3381 2916 3452 σελήνην,
2948 3379 3024 3443 ὡς
3050 3379 3115 3432 ἂν
3162 3379 3261 3450 τῆς
3295 3377 3570 3450 ἡμετέρας
3598 3379 3751 3444 γενέ-

2167 3471 2306 3537 σεώς
2351 3490 2410 3526 τε
2462 3473 2557 3526 καὶ
2601 3471 2808 3544 τροφῆς
2854 3472 2947 3524 καὶ
2991 3471 3269 3542 αὐξήσεως
3315 3469 3540 3532 αἰτίους.
3607 3467 3747 3520 Ἀλλ’

2165 3562 2401 3617 οὐκέτιὸ
2429 3562 2572 3626 θεῖος
2610 3563 2767 3632 λόγος
2803 3562 2961 3617 τοῦτο
3002 3563 3354 3637 παρίστησιν,
3386 3561 3498 3615 ἀλλ’
3537 3562 3620 3615 ὅτι
3657 3560 3751 3614 καὶ

2165 3653 2370 3709 τούτων
2426 3656 2583 3719 ὲκτὸς
2608 3657 2642 3726 ἡ
2672 3653 2904 3708 καθόλου
2940 3654 3164 3725 πρόνοια
3196 3653 3294 3708 τοῦ
3327 3652 3462 3708 Θεοῦ
3503 3653 3564 3707 οὐ
3596 3654 3754 3724 μόνον

2165 3743 2236 3798 τὰ
2276 3747 2394 3799 κατ’
2439 3747 2688 3818 οὐρανὸν,
2734 3745 2871 3800 ἀλλά
2911 3746 3006 3800 καὶ
3035 3745 3104 3799 τὰ
3127 3746 3222 3799 ἐπὶ
3247 3745 3350 3816 γῆς
3389 3749 3753 3818 συνεστήσατο

2169 3838 2284 3904 ζῶά
2305 3857 2364 3894 τε
2387 3841 2480 3895 καὶ
2499 3841 2661 3910 φυτά.
2680 3839 2853 3894 Τοῦτο
2877 3841 2972 3894 καὶ
2993 3839 3197 3910 Μωσῆς
3219 3838 3432 3906 διδάξαι
3451 3839 3752 3910 βουληθεὶς,

2167 3930 2389 4004 πρῶτον
2425 3933 2690 4005 εἰσήγαγε
2725 3933 2824 4004 τὴν
2859 3932 2968 3985 τῶν
3013 3930 3123 3985 ἀπὸ
3157 3931 3261 4002 γῆς
3302 3931 3486 4001 φυτῶν
3518 3932 3752 4000 γένεσιν,

2169 4022 2268 4079 εἷθ’
2294 4027 2466 4091 οὕτως
2493 4026 2592 4098 τὴν
2617 4025 2728 4080 τῶν
2753 4027 3057 4096 φωστήρων
3085 4023 3364 4078 σύστασιν.
3406 4025 3517 4078 Καὶ
3560 4025 3654 4078 νῦν
3698 4024 3756 4078 δὲ

2167 4123 2196 4174 6
2217 4118 2379 4173 Δαυῒδ
2406 4119 2696 4190 ἀνατρέχει
2719 4118 2881 4173 πάλιν
2901 4117 2993 4170 ἐπὶ
3014 4116 3112 4187 τὴν
3133 4116 3192 4169 ὲν
3212 4117 3460 4188 οὐρανοῖς
3479 4119 3754 4189 πρόνοιαν,

2167 4212 2234 4266 δι’
2276 4211 2429 4265 οὐδὲν
2475 4211 2664 4281 ἓτερον
2708 4210 2808 4282 τὴν
2853 4210 3085 4283 σελήνην
3134 4209 3462 4281 γεγενῆσθαι
3487 4211 3682 4279 λέγων,
3718 4212 3753 4282 ἢ

2169 4303 2306 4375 πρὸς
2335 4303 2569 4376 ἀριθμὸν
2611 4304 2704 4356 καὶ
2749 4303 3036 4370 διάγνωσιν
3083 4302 3352 4373 μηνῶν-τε
3380 4307 3473 4356 καὶ
3500 4303 3720 4375 ἡμερῶν
3738 4319 3752 4333 ·

2170 4393 2229 4446 τὸ
2266 4394 2504 4465 γάρ,εῑς
2526 4392 2796 4462 καιροὺς,
2828 4393 2986 4447 τοῦτο
3021 4393 3203 4465 δηλοῖ⁸
3247 4393 3544 4459 τουτέστιν,
3573 4396 3653 4458 εἰς
3695 4393 3757 4446 τὸ

2171 4483 2549 4552 διαγινώσκειν
2573 4483 2661 4537 διὰ
2685 4485 2792 4538 τῶν
2816 4486 2872 4537 ὲν
2896 4485 3032 4557 αὐτῇ
3054 4485 3272 4557 τροπῶν
3296 4484 3394 4548 τὰς
3419 4485 3527 4540 τῶν
3551 4485 3757 4556 καιρῶν

491 4571 653 4639 ﬂeat;
686 4572 740 4626 id
773 4579 877 4638 est,
912 4573 1447 4629 utconversionibus
1470 4573 1590 4643 ejus
1628 4583 1933 4642 temporum
1957 4587 2064 4626 mu-

2177 4575 2499 4645 μεταὸολάς,
2534 4577 2614 4639 εἰς
2639 4577 2701 4629 τὸ
2746 4577 2922 4646 μῆνας
2949 4577 3200 4647 ἀριθμεῖν
3232 4577 3326 4632 καὶ
3359 4577 3656 4640 ἐνιαυτούς.
3691 4577 3757 4631 Ai

488 4663 731 4718 tationes
773 4661 1198 4735 dignoscantur,
1245 4679 1311 4719 ac
1355 4679 1572 4720 menses
1615 4672 1975 4719 numerentur
2016 4671 2072 4719 et

491 4754 802 4812 anni.Nam
851 4758 996 4813 lunae
1045 4759 1379 4814 variationes
1407 4757 1463 4813 id
1502 4765 1785 4829 praestant,
1819 4765 1878 4812 ut
1902 4758 2075 4828 possit

489 4855 710 4919 tempus
762 4852 1323 4909 numerarizmensis
1373 4853 1574 4924 quippe
1614 4867 1932 4908 mensuram
1981 4852 2076 4906 illa

492 4941 835 4998 incremento
854 4943 1346 5017 imminutioneque
1381 4960 1482 5001 sua
1512 4943 1713 5012 efficit;
1745 4945 1821 4999 ita
1849 4953 1910 5000 ut
1931 4945 2075 5001 luna:

491 5035 700 5090 creatio
750 5035 816 5091 ad
875 5044 1184 5107 temporum
1236 5037 1546 5094 doctrinam
1577 5037 1722 5092 facta
1754 5037 1846 5093 sit.
1890 5035 2076 5108 Neque

493 5125 709 5182 modica
735 5127 864 5183 hinc
893 5128 1102 5184 utilitas
1129 5130 1332 5195 evenit,
1357 5127 1506 5201 quod
1547 5128 1757 5184 scilicet
1782 5137 2076 5201 tempesta-

493 5229 578 5277 tes
638 5219 1067 5293 dignoscantur,
1128 5230 1184 5278 et
1243 5223 1311 5278 ad
1354 5223 1539 5278 omnia
1601 5221 1899 5294 quemlibet
1955 5236 2075 5278 sese

496 5311 766 5370 adornare
822 5312 1057 5371 facultas
1097 5316 1190 5372 sit.
1235 5315 1292 5370 Si
1327 5315 1474 5371 enim
1506 5330 1614 5370 non
1654 5315 1728 5370 ita
1764 5329 1822 5370 se
1859 5329 1948 5370 res
1978 5314 2078 5367 ba-

496 5405 672 5473 beret,
701 5407 890 5463 omnia
912 5417 1138 5466 ruerent
1166 5408 1222 5463 in
1266 5407 1495 5465 exitium
1521 5425 1538 5477 ;
1568 5422 1694 5463 cum
1726 5422 1903 5479 neque
1935 5407 2079 5478 agri-

497 5499 636 5566 cola,
679 5517 858 5574 neque
903 5510 1094 5568 nauta,
1129 5504 1213 5558 vel
1265 5509 1468 5559 terram
1503 5501 1589 5559 vel
1638 5516 1789 5556 mare
1830 5499 2079 5556 sulcandi

502 5601 874 5661 opportunum
929 5603 1147 5669 tempus
1195 5597 1570 5654 internoscere
1628 5596 1891 5651 valerent.
1954 5594 2081 5650 Haec

503 5695 669 5752 porro
694 5693 1001 5756 temporum
1037 5688 1252 5752 notitia,
1293 5703 1404 5743 non
1433 5687 1748 5744 hominibus
1775 5686 1960 5751 modo,
1985 5684 2082 5741 sed

504 5772 667 5828 etiam
702 5773 881 5829 brutis
923 5777 1119 5832 idonea
1163 5778 1563 5848 utilissimaque
1590 5785 1694 5834 est.
1738 5777 1812 5832 De
1849 5777 2084 5832 lumina-

507 5864 656 5923 ribus
700 5865 864 5922 etiam
919 5867 974 5922 in
1011 5867 1209 5925 Genesi
1253 5869 1491 5926 dicitur:
1523 5869 1642 5927 Sim
1678 5870 1729 5925 in
1754 5869 1903 5938 signa
1946 5879 1994 5924 et
2029 5871 2084 5924 in

2176 4669 2285 4739 γὰρ
2325 4669 2424 4739 τῆς
2465 4669 2694 4740 σελήνης
2740 4667 3052 4732 ἀλλοιώσεις
3081 4670 3397 4741 μετρεῖσθαι
3432 4669 3524 4722 τὸν
3570 4671 3761 4743 χρόνον

2176 4761 2653 4833 παρασκευάζουσι
2669 4778 2682 4791 ⁸
2711 4760 2804 4815 τοῦ
2827 4760 2936 4833 γὰρ
2961 4762 3127 4833 μηνὸς
3147 4763 3208 4816 τὸ
3229 4762 3428 4834 μέτρον
3452 4761 3589 4833 αὕτη
3616 4765 3764 4818 ποιεῖ

2174 4855 2233 4906 ἐν
2270 4854 2560 4918 τοσαύταις
2603 4853 2838 4926 ἡμέραις
2884 4853 3193 4920 αὐξάνουσά
3231 4872 3294 4908 τε
3330 4855 3428 4910 καὶ
3459 4854 3717 4924 φθίνουσα
3742 4873 3756 4886 ·

2176 4943 2318 4998 ὥστε
2341 4946 2376 5014 ή
2415 4943 2516 5014 τῆς
2561 4943 2788 5015 σελήνης
2817 4943 3149 5014 δημιουργία
3177 4945 3264 4998 διὰ
3288 4945 3389 5016 τὴν
3415 4945 3522 4998 τῶν
3550 4945 3762 5019 καιρῶν

2175 5035 2523 5091 διδασκαλίαν
2552 5034 2793 5104 γέγονεν·
2825 5035 2937 5106 οὐχ
2971 5037 3004 5106 ἡ
3038 5034 3274 5106 τυχοῦσα
3306 5036 3364 5090 δὲ
3395 5037 3552 5108 χρεία
3577 5037 3765 5091 ἐντεῦ-

2176 5131 2267 5184 θεν
2292 5128 2512 5184 ἀνύεται
2548 5131 2612 5182 ἐκ
2639 5128 2734 5182 τοῦ
2769 5131 2993 5200 καιροὺς
3035 5130 3235 5183 εἰδέναι
3280 5130 3376 5183 καὶ
3404 5119 3762 5200 παρασκευᾶ-

2177 5222 2366 5288 ζεσθαι
2395 5222 2531 5295 πρὸς
2564 5221 2806 5276 ἀπανταο
2848 5221 2945 5285 ὼς,
2975 5223 3023 5274 εἰ
3053 5224 3127 5293 μὴ
3167 5220 3325 5274 τοῦτο
3351 5216 3440 5292 ἦν,
3484 5221 3663 5276 πάντα
3695 5222 3764 5276 ἂν

2177 5314 2467 5378 ἀπολώλει,
2495 5313 2620 5368 οὐτε
2657 5313 2928 5386 γεωργοῦ,
2969 5311 3094 5365 οὐτε
3125 5312 3344 5377 ναύτου,
3377 5311 3473 5366 τοῦ
3525 5313 3624 5384 μὲν
3663 5316 3765 5387 τὴν

2177 5406 2280 5477 γῆν
2307 5405 2646 5476 ἀνατέμνειν,
2670 5402 2764 5458 τοῦ
2790 5404 2848 5457 δὲ
2869 5403 2968 5474 τὴν
2991 5402 3266 5456 θάλασσαν
3288 5402 3487 5466 εἰδότος
3507 5405 3566 5457 ὲν
3586 5405 3765 5477 καιρῷ

2180 5494 2256 5566 τῷ
2292 5496 2646 5566 προσήκοντι..
2673 5493 2821 5566 Αὕτη
2857 5495 2893 5566 ἡ
2923 5496 2989 5549 ὲκ
3014 5495 3122 5549 τῶν
3151 5493 3362 5569 καιρῶν
3382 5495 3588 5550 τούτων
3620 5497 3765 5567 γνῶ-

2183 5606 2266 5653 σις
2294 5589 2395 5642 οὐκ
2422 5587 2732 5660 ἀνθρώποις
2766 5587 2945 5659 μόνον,
2973 5587 3108 5642 ἀλλά
3135 5590 3230 5643 καὶ
3249 5588 3462 5658 ἀλόγοις
3485 5590 3769 5661 ἐπιτηδεία

2183 5687 2280 5740 καὶ
2331 5684 2754 5757 χρησιμωτάτη.
2789 5682 2927 5753 Περὶ
2966 5681 3076 5734 τῶν
3117 5681 3421 5751 φωστήρων
3464 5681 3560 5735 καὶ
3596 5684 3656 5736 ἐν
3696 5686 3766 5755 τῇ

2182 5776 2396 5831 Γενέσει
2430 5776 2665 5846 εἴρηται·
2711 5773 3023 5826 Ἔστωσαν·
3045 5773 3131 5836 εὶς
3157 5769 3378 5839 σημεῖα
3406 5771 3503 5824 καὶ
3527 5772 3614 5837 είς
3641 5786 3770 5824 και·-

2177 5867 2347 5937 ροὺς,
2393 5867 2491 5921 καὶ
2533 5870 2618 5932 εἰς
2653 5866 2876 5936 ἡμέρας
2907 5865 3006 5918 καὶ
3042 5867 3128 5930 εις
3167 5864 3511 5927 ἐνιαυτούς·
3544 5865 3624 5926 εἰς
3666 5879 3766 5933 σητ-
3871 5896 3876 5902 .
