4102 6394
400 352 531 408 1281

1451 349 1951 407 COMMENTARIA
1991 347 2055 401 IN
2095 347 2430 404 PSALMOS.

3495 346 3634 400 i282

398 468 524 534 μεῖα
558 465 654 536 μὲν
679 464 1004 537 ἐπομϐρίας,
1040 464 1284 536 αὐχμῶν,
1311 466 1634 536 πνευμάτων
1665 467 1960 536 κινήσεως’

2072 473 2323 532 tempora,
2356 461 2410 514 in
2447 460 2557 514 dies
2590 467 2637 515 et
2683 476 2847 516 annos
2891 461 2968 528 ";
3004 461 3057 514 in
3094 460 3249 531 signa
3271 459 3492 530 quidem
3537 460 3638 513 im-

394 557 474 617 εἰς
502 557 723 627 καιροὺς
755 556 830 620 δὲ,
866 555 963 618 τὰς
990 555 1097 608 τῶν
1121 555 1297 625 ἀέρων
1331 555 1647 624 ἐναλλαγὰς,
1675 554 1962 634 χειμῶνος,

393 645 573 717 ἔαρος,
611 646 818 717 θέρους,
871 646 1188 718 μετοπώρου
1213 665 1226 677 ο
1261 647 1327 710 ἃς
1358 647 1633 711 εὐτάκτως
1679 649 1825 717 ἡμᾶς
1871 664 1968 700 πε-

398 738 654 807 ριοδεύειν
681 739 742 790 τὸ
770 737 1098 808 τεταγμένον
1123 739 1221 809 τῆς
1241 740 1506 810 κινήσεως
1527 740 1634 792 τῶν
1664 741 1850 811 φωστή
1860 757 1966 811 ρων

397 828 658 898 παρέχειο
693 830 772 892 είς
802 829 1011 899 ἡμέρας
1042 830 1119 893 δὲ,
1167 831 1265 900 οὐχ
1313 829 1453 884 ὥστε
1502 831 1715 901 ἡμέρας
1759 834 1961 885 ποιεῖν·

393 921 575 992 ἡμέρα
608 920 716 991 γὰρ
760 922 854 974 καὶ
882 921 988 992 ⁵νὺξ
1024 921 1368 994 πρεσϐύτερα
1392 923 1492 994 τῆς
1523 924 1630 976 τῶν
1664 925 1966 996 φωστήρων

393 1009 689 1076 γενέσεως·
738 1010 852 1063 ἀλλ’
900 1011 1039 1064 ὥστε
1087 1012 1380 1084 κατάρχειν
1429 1013 1541 1066 τῶν
1586 1013 1851 1084 ἡμερῶν⁶
1887 1017 1967 1078 εἰς

394 1098 671 1160 ἐνιαυτοὺς
698 1098 772 1164 δέ,
807 1099 889 1152 ὅτι
920 1100 1113 1170 σελήνη
1150 1099 1268 1171 μὲν,
1309 1101 1527 1154 ἐπειδὰν
1556 1101 1851 1166 δωδεκάκις
1879 1104 1966 1157 τὸν

394 1191 592 1260 ἑαυτῆς
639 1190 896 1264 ἐκτελέσῃ
947 1191 1165 1263 δρόμον,
1208 1193 1452 1246 ἐνιαυτοῦ
1502 1195 1618 1247 ἐστι
1669 1197 1962 1266 ποιητική·

395 1281 614 1351 ὴλιακὸς
643 1281 700 1334 δέ
742 1283 888 1335 ἐστιν
927 1283 1170 1347 ἐνιαυτὸς
1203 1286 1236 1355 ἡ
1276 1285 1384 1338 ἀπὸ
1415 1286 1508 1337 τοῦ
1543 1286 1706 1339 αὐτοῦ
1739 1287 1965 1358 σημείου

392 1371 486 1424 ἐπὶ
513 1371 574 1424 τὸ
599 1373 728 1426 αὐτὸ
756 1378 977 1444 σημεῖον
1003 1375 1097 1428 τοῦ
1126 1377 1276 1447 ⁴ίιλίου
1306 1377 1768 1441 ἀποκατάστασις.

476 1465 538 1517 '0
568 1465 739 1533 ἣλιος
757 1469 909 1537 ἔγνω
930 1467 1042 1536 τὴν
1068 1469 1250 1522 δύσιν
1274 1469 1482 1524 αὑτοῦ.
1513 1471 1686 1524 Ἔθου
1721 1473 1962 1538 σκότος,

395 1552 491 1605 καὶ
527 1553 761 1622 ἐγένετο
789 1556 904 1620 νύξ
925 1572 939 1586 ο
970 1557 1040 1609 ἐν
1061 1555 1215 1626 αὐτῇ
1239 1557 1652 1612 διελεύσονται
1677 1559 1874 1612 πάντα
1895 1562 1967 1614 τὰ

394 1643 568 1711 θηρία
601 1646 706 1700 τοῦ
753 1645 1000 1716 δρυμοῦ.
1027 1649 1285 1718 Σκύμνοι
1311 1648 1634 1720 ὠρυόμενοι
1677 1650 1962 1720 ἁρπάσαι,

393 1737 491 1790 καί
537 1737 784 1808 ζητῆσαι
839 1741 999 1808 παρὰ
1057 1741 1164 1795 τοῦ
1219 1742 1368 1796 Θεοῦ
1440 1742 1675 1812 βρῶσιν
1738 1746 1960 1811 αὐτοῖς.

407 1806 735 1883 Ἀνέτειλεν
762 1831 797 1883 ό
831 1806 1002 1898 ἣλιος
1020 1872 1034 1895 ,
1084 1830 1182 1884 καὶ
1215 1806 1707 1900 συναχθήσονται
1727 1871 1740 1896 ,
1771 1832 1870 1885 καὶ
1995 1806 2038 1862 Β

393 1918 521 1985 ταῖς
554 1919 848 1989 μάνδραις
885 1921 1083 1976 αὐτῶν
1131 1922 1650 1989 κοιτασθήσονται.
1695 1924 1964 1989 Ἐξελεύ-

393 2027 563 2065 σεται
588 2011 897 2080 ἄνθρωπος
921 2014 1021 2067 ἐπὶ
1051 2015 1113 2068 τὸ
1139 2014 1318 2084 ἔργον
1354 2016 1560 2077 αὑτοῦ,
1597 2016 1695 2070 καί
1723 2017 1820 2072 ἐπὶ
1851 2019 1967 2088 τὴν

391 2103 682 2171 ἐργασίαν
710 2104 895 2163 αὐτοῦ
920 2104 1030 2172 ἕως
1053 2104 1333 2174 ἑσπέρας.
1374 2105 1469 2174 Ὠς
1495 2106 1868 2178 ἐμεγαλύνθη
1896 2109 1967 2164 τὰ

391 2194 537 2265 ἔργα
587 2211 724 2263 σου,
785 2198 993 2265 Κύριε]
1044 2197 1238 2252 πάντα
1274 2200 1343 2253 ἐν
1388 2201 1576 2268 σοφίᾳ
1635 2201 1962 2270 ἐποίησας’

390 2289 708 2357 ἐπληρώθη
734 2291 772 2358 ἡ
795 2289 869 2360 γῆ
904 2293 1014 2359 τῆς
1066 2289 1314 2357 κτίσεώς
1349 2306 1485 2346 σου.
1536 2293 1594 2346 '0
1633 2293 1782 2363 ἥλιος
1827 2294 1968 2363 ἔγνω

393 2381 492 2451 τὴν
536 2381 685 2436 δύσιν
732 2382 918 2448 αὑτοῦ,
960 2383 1202 2437 τουτέστι
1240 2385 1338 2456 τὴν
1378 2385 1482 2438 ὑπὸ
1523 2384 1617 2438 τοῦ
1664 2386 1968 2458 κρείττονος

393 2473 543 2544 αύτῷ
582 2475 1029 2547 διατεταγμένην.
1077 2478 1251 2532 Μόνον
1295 2477 1404 2550 γὰρ
1463 2479 1717 2548 φωτίζειν
1767 2480 1968 2551 ἔμαθεν

394 2567 582 2636 ἥλιος·
634 2569 756 2620 Οὐδ’
807 2569 896 2622 ἀεὶ
962 2569 1058 2621 καὶ
1113 2569 1436 2635 διαπαντὸς,
1481 2571 1581 2642 τῆς
1645 2571 1703 2624 δὲ
1757 2573 1967 2642 ἡμέρας

397 2659 590 2728 ἀρχὴν,
619 2658 753 2711 ἀλλὰ
779 2659 870 2712 καὶ
905 2661 964 2713 ἐν
995 2663 1149 2715 νυκτὶ
1197 2665 1310 2725 τοῖς
1364 2664 1424 2716 ἐν
1469 2663 1640 2735 ταύτῃ
1691 2663 1968 2733 φαίνουσιν

391 2746 618 2816 ἄστροις
659 2752 1008 2820 παραχωρεῖν
1036 2751 1128 2804 τὸν
1175 2754 1370 2807 οἰκεῖον
1402 2752 1679 2807 ἀποτελεῖν
1724 2754 1923 2826 δρόμον
1949 2771 1965 2787 ο

390 2838 543 2902 ὅπως
579 2841 768 2905 νυκτὸς
801 2841 1117 2913 γενομένης,
1139 2843 1233 2898 καὶ
1259 2843 1690 2910 ἐπιπολάσαντος
1715 2845 1812 2899 τοῦ
1843 2846 1970 2900 σκό-

395 2945 518 2993 τους
554 2932 620 3002 τῇ
659 2933 752 3002 γῇ,
805 2933 1169 3005 ὑποσταλῆναι
1214 2935 1312 3006 μὲν
1361 2938 1456 2991 καὶ
1505 2938 1858 3010 ἀναχωρῆσαι
1900 2937 1970 2993 τά

394 3021 578 3094 ἥμερα
608 3021 716 3076 τῶν
743 3021 918 3092 ζώων,
965 3027 1068 3079 ὅσα
1096 3025 1154 3079 δέ
1184 3027 1333 3081 ἐστιν
1378 3027 1545 3100 ἄγρια
1573 3028 1762 3101 θηρία,
1795 3030 1970 3086 ταῦτα

2064 554 2264 621 brium,
2293 561 2522 609 testuum
2551 567 2614 607 ac
2633 562 2916 608 ventorum
2941 553 3259 609 mutationis
3279 569 3294 620 ;
3313 553 3368 606 in
3389 559 3639 622 tempora

2064 659 2194 701 vero
2244 645 2387 700 aeris
2432 645 2796 700 mutationum
2821 686 2838 713 ,
2877 645 3093 710 hiemis,
3131 645 3300 711 veris,
3339 645 3546 700 aestatis
3583 652 3642 699 et

2067 737 2346 803 autumni;
2378 751 2498 808 quae
2519 743 2579 790 ut
2599 736 2790 791 ordine
2810 737 3062 807 periodos
3101 745 3263 807 agant
3293 746 3531 794 statutus
3559 739 3641 793 lu-

2065 827 2355 882 minarium
2400 835 2583 884 motus
2625 827 2782 883 nobis
2815 828 3091 883 eﬂicitzin
3131 831 3249 886 dies
3277 842 3487 895 autem,
3523 848 3636 887 non

2066 921 2140 974 ita
2162 927 2224 974 ut
2258 919 2375 975 dies
2430 919 2685 984 elﬁciant,
2713 920 2830 977 dies
2873 921 3017 976 enim
3052 933 3105 976 et
3137 938 3243 976 nox
3282 923 3636 980 luminarium

2066 1010 2283 1066 conditu
2317 1012 2652 1082 antiquiores
2683 1020 2849 1080 sunt;
2899 1013 2998 1068 sed
3025 1020 3082 1067 ut
3104 1013 3211 1068 diei
3252 1013 3635 1072 dominentur:

2065 1102 2120 1157 in
2151 1117 2325 1158 annos
2354 1101 2594 1168 demum,
2623 1104 2752 1173 quia
2784 1104 2911 1158 luna
2940 1103 3159 1174 quidem
3190 1120 3317 1158 cum
3347 1105 3641 1162 duodecies

2065 1207 2288 1249 cursum
2335 1209 2494 1248 suum
2540 1193 2806 1264 perﬁciat,
2859 1196 2990 1249 anni
3037 1203 3123 1249 est
3169 1203 3407 1251 auctor:
3443 1197 3640 1253 solaris

2066 1285 2194 1340 item
2232 1292 2317 1342 est
2377 1301 2574 1348 annus,
2610 1301 2804 1355 nempe
2834 1287 2903 1340 ab
2936 1285 3127 1341 eodem
3176 1287 3338 1359 signo
3385 1287 3452 1343 ad
3495 1288 3640 1343 idem

2067 1378 2246 1448 ipsum
2284 1376 2500 1448 signum
2540 1376 2676 1433 solis
2715 1377 3003 1432 revolutio.

2135 1466 2506 1524 νεκε.⁶ὶΟ-24.
2529 1466 2625 1522 Sol
2651 1467 2888 1537 cognouit
2919 1484 3166 1522 occasum
3190 1485 3365 1522 suum.
3399 1468 3641 1523 Posuisti

2067 1557 2330 1624 tenebras,
2383 1567 2432 1614 et
2475 1558 2619 1628 facta
2671 1568 2748 1613 est
2798 1574 2928 1620 nox,
2980 1560 3034 1613 in
3087 1561 3205 1629 ipsa
3245 1560 3643 1629 pertransibunt

2066 1665 2243 1702 omnes
2275 1649 2454 1704 bestia:
2493 1647 2660 1703 silvae.
2703 1647 2881 1702 Catuli
2922 1648 3129 1704 leonum
3172 1649 3433 1719 rugientes
3462 1659 3520 1702 ut
3549 1666 3644 1703 ra-

2064 1738 2231 1804 piant,
2265 1747 2316 1792 et
2373 1746 2615 1808 quierant
2641 1755 2675 1791 a
2709 1737 2818 1792 Deo
2843 1754 3018 1792 escam
3061 1739 3182 1792 sibi.
3229 1736 3393 1794 Ortus
3420 1749 3498 1794 est
3535 1740 3639 1807 sol,

2065 1839 2112 1882 et
2154 1830 2626 1900 congregabantur,
2673 1837 2722 1882 et
2754 1829 2808 1882 in
2852 1828 3111 1884 cubilibus
3152 1832 3263 1883 suis
3301 1831 3642 1886 collocaban-

2067 1929 2174 1975 tur.
2210 1921 2391 1975 Exibit
2423 1921 2577 1975 homo
2604 1921 2673 1975 ad
2706 1937 2834 1990 opus
2884 1937 3060 1987 suum,
3093 1932 3144 1976 et
3180 1923 3249 1976 ad
3284 1928 3644 1993 operationem

2065 2030 2220 2068 suam
2257 2030 2419 2083 usque
2470 2014 2538 2068 ad
2588 2031 2875 2084 uesperum.
2924 2016 3097 2083 Quam
3141 2017 3485 2088 magniﬁcam
3520 2025 3645 2070 sunt

2067 2119 2224 2173 opera
2260 2115 2372 2170 tua,
2417 2105 2673 2160 Domine!
2703 2107 2962 2160 omniain
2993 2107 3254 2175 sapientia
3301 2107 3505 2175 fecisti,
3543 2108 3646 2160 im-

2066 2197 2206 2265 pleta
2235 2205 2310 2252 est
2341 2206 2483 2252 terra
2529 2191 2791 2252 creatione
2834 2208 2946 2251 tua.
2985 2195 3078 2251 Sol
3111 2198 3366 2268 cognovit
3385 2212 3644 2253 occasum

2069 2305 2252 2357 suum,
2293 2290 2502 2346 scilicet
2525 2305 2649 2346 eum
2682 2291 2775 2362 qui
2817 2291 2920 2348 sibi
2955 2306 2985 2345 a
3015 2290 3126 2346 Deo
3155 2292 3506 2362 praescriptus
3535 2297 3642 2347 est.

2071 2379 2165 2435 Sol
2201 2381 2402 2451 quippe
2431 2382 2614 2435 lucere
2650 2389 2862 2436 tantum
2907 2381 3091 2448 novit;
3123 2397 3298 2452 neque
3343 2382 3397 2436 id
3431 2398 3648 2454 semper

2070 2485 2133 2526 ac
2167 2479 2465 2543 perpetuo;
2512 2473 2608 2528 sed
2657 2474 2750 2527 uni
2791 2489 3028 2544 praesse
3073 2473 3205 2541 diei,
3235 2475 3291 2530 in
3327 2484 3489 2530 nocte
3517 2491 3648 2532 vero

2069 2563 2244 2620 stellis
2268 2571 2400 2618 tunc
2432 2565 2824 2634 apparentibus
2857 2565 3160 2622 concedere
3183 2567 3362 2622 locum
3392 2568 3566 2633 solet,
3588 2578 3649 2624 ut

2070 2656 2352 2725 proprium
2405 2654 2512 2710 sibi
2555 2669 2781 2710 cursum
2840 2654 3158 2723 conﬁciant,
3211 2665 3270 2712 ut
3324 2657 3650 2714 adveniente

2070 2750 2231 2798 nocte
2269 2757 2334 2798 ac
2368 2743 2610 2798 tenebris
2656 2751 2816 2798 terrzr
2853 2743 3160 2814 superﬁciei
3199 2743 3647 2814 imminentibus,

2070 2833 2291 2888 mitiora
2318 2834 2536 2905 quidem
2587 2844 2641 2890 ct
2676 2837 3052 2891 mansuetiora
3082 2835 3338 2891 animalia
3366 2845 3650 2910 receptum

2071 2925 2309 2981 habeant
2347 2933 2405 2981 et
2453 2925 2752 2994 secedant;
2796 2925 2927 2982 fera:
2965 2943 3096 2984 vero
3125 2927 3380 2999 quaelibet
3420 2928 3490 2984 ad
3521 2945 3651 3000 pro-

2075 3016 2253 3087 prium
2287 3016 2649 3088 quaerendum
2680 3019 2867 3075 cibum
2908 3027 3125 3086 exeant,
3159 3020 3214 3076 in
3244 3022 3468 3092 proprio
3497 3023 3650 3078 scili-

397 3113 682 3184 προσέλθοι
723 3117 816 3170 ἐπὶ
851 3117 951 3188 τὴν
994 3118 1200 3173 οἰκείαν
1241 3120 1487 3192 τροφήνο
1542 3123 1600 3176 ἐν
1631 3123 1815 3193 οἰκείῳ
1863 3123 1971 3196 γὰρ

2075 3114 2163 3162 cet
2196 3122 2261 3162 ac
2291 3108 2617 3179 congruenti
2645 3109 2752 3164 sibi
2776 3120 3018 3181 tempore
3034 3126 3098 3166 ac
3126 3112 3310 3168 noctis
3339 3113 3648 3170 intervallo.

397 3206 690 3277 άρμόξοντι
719 3211 900 3274 αὐτοῖς
927 3210 1121 3282 χρόνῳ,
1155 3211 1233 3284 τῷ
1266 3213 1366 3285 τῆς
1401 3214 1594 3279 νυκτὸς
1624 3215 1967 3289 διαστήματι.

397 3301 656 3367 Σκύμνοι
693 3300 1013 3370 ὠρυόμενοι
1058 3303 1348 3371 ἁρπάσαι,
1398 3307 1496 3361 καὶ
1529 3306 1776 3377 ζητῆσαι
1813 3313 1974 3379 παρὰ

395 3388 505 3442 τοῦ
534 3388 681 3443 Θεοῦ
706 3389 940 3458 βρῶσιν
968 3393 1174 3460 αὐτοῖς
1197 3411 1210 3424 ·
1239 3395 1320 3448 ὅτι
1343 3394 1418 3467 μὴ
1454 3398 1549 3451 καὶ
1571 3397 1756 3462 αὐτοῖς
1785 3399 1973 3464 ἐξανέ-

396 3479 572 3534 τειλεν
600 3483 634 3550 ὴ
666 3481 739 3551 γῆ
773 3482 964 3552 χόρτον
999 3483 1186 3557 ὥσπερ
1217 3489 1330 3552 τοῖς
1371 3489 1591 3560 κτήνεσι
1615 3529 1630 3554 ,
1671 3492 1765 3544 καὶ
1811 3491 1975 3564 χλόην

396 3573 462 3642 τῇ
498 3571 712 3644 δουλείᾳ
737 3573 844 3627 τῶν
868 3574 1187 3646 ἀνθρώπων.
1232 3577 1289 3632 '0
1317 3579 1448 3644 Θεὸς
1471 3580 1548 3644 ὡς
1577 3582 1684 3635 τῶν
1717 3584 1974 3638 ἁπάντων

398 3663 672 3736 κηδεμὼν,
704 3667 798 3720 καὶ
821 3668 918 3737 τῆς
944 3667 1052 3720 τῶν
1088 3669 1305 3723 πάντων
1331 3669 1590 3744 διαμονῆς
1611 3690 1670 3725 τε
1705 3675 1800 3728 καὶ
1830 3675 1973 3746 ζωῆς

399 3757 656 3826 πρόνοιαν
687 3758 952 3829 εἰσφέρων
971 3798 986 3824 ,
1015 3759 1082 3812 τὰ
1113 3761 1210 3830 μὲν
1259 3760 1575 3816 ἐλαύνεσθαι
1597 3765 1702 3818 ὑπὸ
1741 3764 1850 3819 τῶν
1878 3765 1973 3819 τοῦ

398 3847 552 3918 ἡλίου
589 3848 960 3920 μαρμαρυγιῖΝ
984 3886 999 3913 ,
1045 3851 1140 3904 καὶ
1182 3849 1372 3923 ὥσπερ
1418 3852 1610 3924 ἐχθρὸν
1663 3853 1883 3924 φεύγειν
1914 3855 1974 3908 τὸ

401 3940 516 4010 φῶς
545 3940 932 4012 ᾠκονομήσατο
954 3959 968 3972 ο
1008 3943 1076 3996 τὰ
1101 3943 1158 3996 δὲ
1199 3943 1276 4008 ὡς
1305 3943 1402 3997 τοῦ
1443 3946 1620 4014 φωτὸς
1651 3947 1886 4017 συγγενῆ
1915 3951 1973 4001 ἐν

400 4029 583 4102 ἡμέρᾳ
611 4031 876 4100 προϊέναι,
902 4032 997 4084 καὶ
1022 4032 1112 4085 τὸν
1153 4033 1264 4104 βίον
1297 4033 1475 4087 αὐτῶν
1500 4035 1559 4087 ἐν
1583 4035 1662 4106 τῷ
1684 4037 1822 4104 φωτὶ
1851 4036 1973 4090 διά-

401 4134 517 4184 γειν
547 4118 921 4190 συνεχώρησεο
965 4119 1073 4174 τῶν
1107 4122 1204 4190 μὲν
1249 4121 1452 4194 θηρίων
1484 4126 1563 4187 εἰς
1608 4124 1707 4188 τὰς
1733 4125 1974 4195 μάνδρας

401 4210 580 4264 αὐτῶν
605 4212 1020 4284 κοιταζομένων,
1054 4214 1148 4267 τοῦ
1191 4215 1248 4268 δὲ
1279 4215 1497 4284 λογικοῦ
1528 4215 1666 4282 ζώου
1695 4220 1754 4272 έν
1791 4221 1974 4292 ἡμέρᾳ

402 4303 494 4354 καὶ
515 4303 653 4372 φωτὶ
679 4303 958 4374 προίόντος
991 4306 1082 4358 ἐπὶ
1112 4306 1173 4358 τὸ
1193 4306 1354 4378 ἔργον
1391 4308 1555 4362 αὑτοῦ
1594 4310 1688 4363 καὶ
1733 4312 1828 4364 ἐπὶ
1873 4310 1972 4384 τὴν

402 4393 663 4464 ἐργασίαν
691 4395 856 4448 αὐτοῦ
881 4395 986 4459 ἔως
1011 4397 1272 4469 ἐσπέρας.

2078 3197 2258 3254 Catuli
2289 3201 2496 3256 leonum
2524 3202 2786 3272 rugientes
2812 3211 2870 3256 ιιι
2886 3203 3122 3272 rapiant,
3144 3213 3195 3258 et
3213 3214 3454 3274 quierant
3485 3222 3518 3260 a
3543 3206 3652 3260 Deo

2073 3306 2249 3346 escam
2303 3291 2438 3357 sibi,
2484 3293 2615 3364 quia
2665 3309 2858 3363 nempe
2916 3302 3060 3350 terra
3106 3310 3220 3350 non
3254 3295 3389 3365 ipsis
3429 3297 3655 3367 perinde

2075 3395 2241 3456 atque
2260 3385 2522 3457 jumentis
2553 3384 2737 3441 fenum
2767 3385 3046 3457 produxit,
3065 3398 3119 3443 et
3145 3387 3371 3444 herbam
3400 3391 3653 3447 servituti

2076 3475 2378 3534 hominum.
2418 3476 2564 3534 Deus
2611 3485 2796 3548 utpote
2838 3479 3080 3534 omnium
3128 3494 3318 3535 curam
3351 3495 3556 3552 agens,
3586 3497 3654 3538 ac

2073 3566 2316 3622 omnium
2340 3568 2746 3624 conservationi
2780 3583 2844 3623 ac
2867 3569 2992 3624 vita:
3021 3571 3382 3641 prospiciens,
3411 3573 3486 3627 ita
3519 3589 3653 3644 pro-

2073 3659 2232 3724 vidit,
2263 3666 2325 3714 ut
2358 3659 2464 3713 alia
2512 3659 2734 3730 quidem
2764 3675 2795 3714 a
2820 3661 2955 3717 solis
2991 3661 3164 3718 radiis
3193 3663 3549 3733 pellerentur,
3588 3681 3656 3722 ac

2075 3750 2250 3806 lucem
2301 3758 2362 3804 ut
2407 3749 2687 3805 inimicam
2739 3751 2843 3808 sibi
2885 3751 3168 3824 fugerent;
3201 3754 3308 3809 alia
3341 3770 3492 3824 vero,
3527 3767 3654 3812 tau-

2074 3855 2236 3911 quam
2301 3840 2410 3896 luci
2470 3840 2687 3907 aﬂinia,
2732 3841 2790 3898 in
2829 3844 2918 3900 die
2963 3845 3369 3915 procederent:
3405 3849 3652 3920 ipsisque

2072 3933 2350 3989 concessit
2377 3945 2438 3988 ut
2471 3935 2527 3989 in
2571 3933 2693 3990 luce
2729 3935 2898 3990 vitam
2929 3937 3209 4008 degerent,
3250 3938 3384 3996 feris
3429 3941 3653 4012 quidem

2075 4026 2128 4080 in
2160 4026 2352 4082 lustris
2391 4027 2508 4083 suis
2537 4028 2892 4093 cubantibus,
2925 4031 3236 4086 rationabili
3269 4047 3402 4088 vero
3425 4033 3653 4090 animali

2075 4117 2131 4171 in
2161 4116 2248 4172 die
2273 4131 2338 4172 ac
2370 4117 2490 4173 luce
2527 4117 2831 4188 prodeunte
2865 4121 2933 4175 ad
2958 4135 3097 4192 opus
3129 4136 3312 4189 suum,
3339 4131 3395 4180 et
3425 4123 3494 4180 ad
3518 4139 3652 4195 ope-t

2074 4208 2340 4264 rationem
2369 4223 2528 4266 suam
2565 4224 2738 4280 usque
2765 4209 2835 4266 ad
2860 4226 3170 4282 vesperum.

470 4487 631 4553 Αὕτη
661 4488 699 4576 ᾗ
724 4485 1005 4542 θάλασσα
1032 4490 1070 4557 ἠ
1091 4490 1324 4560 μεγάλη
1350 4491 1448 4545 καὶ
1474 4493 1829 4576 εὐρύχωρος,
1849 4494 1971 4550 ἐκεῖ

2145 4493 2310 4550 Vens.
2341 4492 2542 4561 25,26.
2567 4492 2682 4548 Hoc
2703 4509 2848 4548 mare
2881 4509 3132 4564 magnum
3161 4503 3212 4548 et
3242 4495 3557 4564 spatiosum,
3578 4497 3649 4550 il-

396 4578 616 4646 ἑρπετὰ
652 4572 740 4632 ὧν
783 4581 894 4633 οὐκ
929 4579 1102 4634 ἔστιν
1129 4582 1374 4653 ἀριθμός
1393 4602 1405 4615 ·
1599 4589 1782 4656 μικρὰ
1821 4592 1975 4659 μετὰ

395 4667 691 4740 μεγάλων.
746 4671 836 4724 Ἐν
876 4670 1086 4735 τούτοις
1124 4675 1485 4746 παρίστησιν,
1523 4678 1638 4745 ὅτι,
1681 4678 1868 4753 ὥσπερ
1912 4682 1975 4736 τὸ

399 4762 500 4832 τῆς
532 4762 632 4833 γῆς
664 4765 922 4832 στοιχεῖον
953 4764 1162 4817 πολλῶν
1192 4766 1308 4819 ἐστι
1338 4767 1492 4831 ζώων
1533 4773 1846 4841 γεννητικὸν
1869 4775 1966 4829 καὶ

403 4849 712 4921 θρεπτικὸν,
746 4853 837 4906 τὸν
860 4852 1021 4906 αὑτὸν
1054 4855 1254 4925 τρόπον
1286 4859 1380 4910 καὶ
1408 4859 1440 4930 ἡ
1467 4861 1607 4932 ὑγρά
1630 4862 1786 4917 οὐσία
1821 4881 1972 4936 παμ-

401 4940 578 5012 πληθῆ
600 4941 730 5012 γένη
756 4940 910 5005 ζώων
934 4941 1140 5013 τρέφει.
1165 4943 1240 4996 Ού
1268 4944 1374 5017 γὰρ
1400 4948 1589 5012 κενοὺς
1612 4949 1737 5013 τοὺς
1763 4950 1973 5023 χώρους

402 5036 432 5087 ὁ
472 5034 602 5098 Θεὸς
632 5035 916 5105 ἐποίησεν,
963 5036 1098 5090 ἀλλὰ
1142 5035 1296 5100 ζώων
1344 5039 1518 5094 πάντα
1569 5042 1832 5116 ἐνέπλησε
1883 5045 1972 5100 τὸν

403 5127 562 5196 ἀέρα,
588 5127 684 5197 τὴν
705 5127 827 5197 γῆν,
849 5127 947 5199 τὴν
973 5127 1246 5183 θάλασσαν
1264 5147 1278 5160 ’
1302 5131 1394 5184 τὸν
1423 5132 1522 5203 μὲν
1539 5134 1768 5205 ὀρνίθων
1791 5137 1970 5207 μόνον,

401 5218 500 5287 τὴν
528 5216 585 5269 δὲ
611 5219 954 5288 τετραπόδων
1009 5222 1103 5274 καὶ
1151 5223 1463 5294 πτερωτῶν,
1494 5224 1592 5296 τὴν
1622 5225 1681 5279 δὲ
1731 5227 1973 5300 ἀπείρων

405 5307 634 5378 ἰχθύων·
695 5302 769 5362 ὧν
821 5310 870 5363 oi
911 5310 1009 5380 μὲν
1047 5310 1296 5380 μείζους,
1347 5313 1398 5365 oi
1442 5312 1499 5366 δὲ
1540 5313 1830 5380 ἐλάττους,
1879 5315 1974 5370 καὶ

399 5399 575 5471 τροφὴ
628 5402 738 5463 τοῖς
778 5400 1019 5470 μείζοσιν
1054 5403 1103 5456 οἰ
1151 5403 1449 5470 ἐλάττονες,
1497 5405 1676 5459 καὶτὸ
1719 5408 1874 5476 γένος
1909 5408 1971 5461 οὐ

399 5491 722 5542 δαπανᾶται.
751 5491 860 5543 Καὶ
895 5490 1052 5545 τοῦτο
1074 5493 1132 5547 δέ
1161 5494 1260 5566 τῆς
1291 5493 1444 5560 θείας
1481 5497 1804 5568 κηδεμονίας
1847 5515 1973 5552 τεκ-

406 5583 624 5655 μήριον,
647 5581 708 5634 τὸ
735 5581 804 5634 τὰ
833 5583 1039 5656 σμικρά
1068 5585 1199 5660 γένη
1225 5589 1343 5659 ¹τοῖς
1367 5588 1621 5660 μεγάλοις
1659 5589 2042 5677 συνδιαιτᾶομῃ

477 5763 523 5795 δ’
557 5763 693 5819 Gen.
733 5781 782 5831 ι,
816 5764 900 5820 Η.

2081 4589 2150 4644 lic
2181 4589 2415 4657 reptilia,
2435 4603 2657 4658 quorum
2688 4603 2794 4643 non
2829 4596 2910 4641 est
2945 4601 3195 4642 numerus
3218 4605 3238 4641 :
3263 4589 3523 4644 animalia
3550 4607 3652 4659 pu-

2079 4681 2207 4736 silla
2237 4697 2356 4735 cum
2403 4681 2631 4752 magnis.
2685 4678 2783 4734 His
2825 4679 3086 4741 declarat,
3139 4679 3282 4734 sicut
3327 4688 3487 4734 terra:
3536 4681 3650 4735 ele.

2080 4777 2322 4826 mentum
2356 4771 2528 4825 multa
2561 4769 2919 4824 animantium
2948 4783 3147 4839 genera
3173 4770 3428 4839 producit
3448 4779 3502 4826 et
3521 4770 3648 4838 alit;

2080 4863 2154 4916 ita
2193 4862 2470 4916 humidam
2504 4861 2892 4924 substantiam,
2922 4862 3188 4931 permulta
3212 4862 3526 4917 animalium
3558 4877 3652 4934 ge-

2080 4967 2214 5008 nera
2243 4953 2505 5008 enutrirc.
2541 4950 2728 5022 Neque
2755 4955 2902 5008 enim
2947 4951 3092 5008 Deus
3137 4965 3309 5008 vacua
3347 4953 3466 5007 loca
3499 4953 3647 5017 fecit,

2082 5043 2177 5100 sed
2208 5044 2536 5099 animalibus
2589 5045 2775 5098 omnia
2821 5043 3070 5113 replevit,
3103 5057 3310 5107 aerem,
3344 5053 3565 5111 terram,
3597 5055 3652 5100 et

2079 5150 2265 5204 mare;
2296 5150 2476 5192 aerem
2513 5137 2731 5207 quidem
2762 5135 2956 5191 avibus
2990 5143 3236 5203 tantum;
3281 5144 3484 5191 terram
3523 5151 3654 5207 qua-

2081 5227 2415 5299 drupedibus
2435 5235 2490 5283 et
2508 5227 2760 5300 aligeris;
2796 5241 2946 5284 mare
2961 5227 3191 5284 inﬁnitis
3206 5228 3450 5300 piscibus
3479 5247 3492 5284 :
3516 5244 3654 5299 quo-

2080 5335 2204 5374 rum
2235 5319 2342 5375 alia
2361 5320 2594 5390 majora,
2621 5321 2833 5375 minora
2857 5319 2962 5374 alia
2999 5327 3160 5388 sunt;
3190 5335 3255 5375 ac
3287 5320 3501 5376 minora
3535 5335 3655 5376 ma-

2077 5412 2292 5482 joribus
2311 5412 2366 5467 in
2387 5427 2572 5469 escam
2601 5413 2820 5479 dantur,
2856 5419 2912 5468 et
2946 5419 3130 5468 tamen
3159 5427 3331 5484 genus
3352 5427 3464 5467 non
3493 5413 3653 5468 absu-

2081 5505 2270 5557 mitur.
2305 5501 2482 5573 Atque
2503 5503 2636 5559 illud
2657 5503 2856 5559 divinae
2881 5503 3238 5574 providentia
3258 5504 3520 5560 indicium
3542 5513 3648 5566 est,

2081 5595 2229 5668 quod
2276 5609 2400 5652 cum
2454 5609 2623 5668 parva
2674 5597 2995 5655 animalium
3044 5613 3246 5672 genera
3285 5614 3409 5656 cum
3441 5598 3652 5673 magnis
