4102 6396
441 316 580 373 1283

1124 319 1393 377 EUSEBII
1428 318 1901 376 CAESARIENSIS
1937 319 2087 376 OPP.
2127 319 2310 376 PARS
2345 320 2522 376 Ill.—
2561 319 2964 377 EXEGETICA.

3551 322 3694 378 H34

441 440 734 488 versentur
761 477 776 501 ,
807 450 914 489 non
940 433 1185 492 funditus
1219 437 1288 492 ab
1314 437 1423 492 illis
1468 436 1860 504 absumantur;
1888 451 2012 491 nam

2133 436 2260 501 τθαι,
2284 437 2380 490 καὶ
2407 437 2482 509 μὴ
2508 435 2784 500 παντελῶς
2809 437 2899 490 ὑπ’
2925 434 3147 490 ἐκείνων
3172 435 3691 491 καταναλίσκεσθαι·

442 524 709 579 validiora
730 525 948 581 inﬁrma
981 527 1264 593 devorant,
1297 543 1399 584 nec
1428 529 1646 597 penitus
1676 529 1967 583 destruunt
1999 548 2013 584 :

443 615 575 686 quia
604 625 902 686 proventus
929 635 1223 690 expensam
1248 629 1488 692 superat.
1519 621 1616 678 llis
1641 621 1849 677 similes
1894 630 2022 676 sunt

444 715 716 778 quotquot
747 709 892 766 inter
924 711 1173 768 homines
1201 727 1297 768 eos
1325 714 1418 783 qui
1447 712 1735 768 inferiores
1757 712 1862 768 sibi
1893 719 2022 769 sunt

445 797 728 855 devorant.
780 801 984 858 Verum
1035 805 1126 858 illa
1161 804 1382 875 quidem
1429 807 1590 876 culpa
1625 806 2021 862 vacant:illud

445 892 592 947 enim
644 909 712 949 ex
755 902 956 950 natura
1005 897 1294 968 contingit,
1340 905 1400 952 tu
1441 915 1571 954 vero
1622 913 1694 955 ne
1734 900 2020 955 minimam

445 987 669 1058 quidem
694 988 774 1043 tui
804 989 1071 1060 purgandi
1112 990 1254 1045 viam
1279 993 1539 1062 reperias,
1573 993 1668 1063 qui
1701 1007 1828 1047 cum
1851 1001 1906 1049 et
1931 1008 2022 1047 ra-

445 1077 597 1133 tione
617 1086 672 1134 et
702 1081 820 1150 lege
848 1081 1149 1138 honoratus
1178 1083 1274 1148 sis,
1299 1083 1368 1138 ad
1399 1084 1544 1137 illam
1569 1084 1855 1140 brutorum
1885 1101 2036 1140 con-

445 1167 723 1227 fusionem
751 1172 961 1228 ordinis
986 1174 1250 1230 declinas.
1281 1174 1548 1231 Caeterum
1580 1177 1792 1247 reptilia
1845 1178 2024 1248 pisces

445 1266 606 1314 vocat
632 1275 645 1311 :
668 1259 799 1330 quia
824 1261 1056 1332 pedibus
1079 1273 1272 1318 carent
1287 1269 1341 1319 et
1354 1267 1513 1334 quasi
1543 1265 1600 1320 in
1618 1268 1755 1321 mari
1783 1275 2022 1338 reptant,

449 1357 508 1404 ut
536 1352 754 1422 reptilia
782 1353 838 1406 in
865 1360 1031 1409 terra.

519 1443 647 1498 Illic
675 1461 830 1499 naves
876 1455 1268 1515 pertranseunt,
1304 1446 1360 1503 in
1394 1448 1532 1503 mari
1564 1449 1839 1506 videlicet.
1884 1449 2024 1506 Cum

444 1536 782 1593 declarasset
829 1547 1088 1608 quantam
1143 1540 1458 1610 progeniem
1511 1555 1661 1596 mare
1699 1541 2027 1607 nutriat,et

444 1629 591 1700 quod
612 1643 788 1700 neque
803 1630 1060 1684 animalia
1077 1631 1194 1701 ejus
1213 1648 1462 1698 numero,
1483 1649 1660 1705 neque
1677 1634 1855 1705 ipsum
1872 1650 2027 1691 men-

444 1733 576 1774 sura
603 1718 863 1773 aestimari
892 1720 1104 1783 valeat;
1131 1720 1246 1790 jam
1283 1730 1508 1777 enarrat
1541 1739 1704 1793 quam
1740 1724 1812 1780 sit
1845 1725 2024 1795 ipsum

2124 527 2405 598 βόσκονται
2432 528 2542 601 γὰρ
2577 529 2626 582 οἱ
2667 528 3023 601 δυνατώτεροι
3059 530 3186 592 τοὺς
3215 528 3715 600 καταδεεστέρους,,

2122 621 2216 674 καὶ
2238 622 2338 674 οὑκ
2369 620 2734 693 ἀνηλώκασιν,
2762 619 2896 673 ἀλλά
2922 621 3046 690 νικᾷ
3068 619 3166 691 τὴν
3189 620 3434 690 δαπάνην
3465 621 3499 690 ἡ
3529 619 3697 690 πρόσ-

2121 713 2258 777 οδος.
2325 713 2548 777 Τούτοις
2599 713 2837 766 ἐοίκασιν
2883 713 2998 766 ὅσοι
3054 713 3164 766 τῶν
3218 712 3522 784 ἀνθρώπων
3572 713 3697 775 τοὺς

2123 805 2573 877 καταδεεστέρους
2629 804 3037 858 καταπίνουσιν.
3088 803 3225 856 Ἀλλ’
3278 805 3394 856 ἐκεῖ
3447 803 3548 874 μὲν
3598 803 3699 856 ούκ

2123 896 2372 968 ἔγκλημα
2411 896 2472 949 τὸ
2527 896 2806 966 γινόμενον
2831 912 2844 926 ·
2901 893 3114 964 φύσεως
3151 894 3260 965 γάρ
3303 895 3419 947 ἐστι
3464 894 3523 947 τὸ
3557 911 3689 964 συμ-

2124 989 2303 1042 ϐαῖνον
2321 1003 2335 1017 ·
2377 987 2439 1040 σὺ
2466 985 2523 1040 δέ
2560 985 2680 1040 οὐδὲ
2709 985 2836 1056 μίαν
2866 983 3006 1050 seu;
3033 981 3350 1052 ἀπολογίαν,
3379 985 3406 1035 ὁ
3435 983 3576 1052 λόγῳ
3606 983 3700 1036 καὶ

2123 1081 2272 1151 νόμῳ
2295 1078 2656 1149 τετιμημένος
2682 1075 2928 1146 καὶπρὸς
2949 1077 3048 1146 τὴν
3072 1075 3178 1128 τῶν
3203 1075 3411 1144 ἀλόγων
3439 1075 3700 1146 σύγχυσιν

2125 1171 2314 1226 ἐαυτὸν
2339 1171 2569 1238 ἐξάγων.
2606 1169 2849 1240 Ἐρπετά
2877 1184 2940 1235 γε
2982 1167 3088 1238 μὴν
3124 1167 3249 1229 τοὺς
3276 1166 3464 1236 ίχθύας
3501 1165 3700 1236 ὀνομά-

2125 1263 2226 1328 ζει,
2275 1263 2362 1315 διὰ
2409 1263 2470 1316 τὸ
2517 1261 2720 1324 ἄποδας
2769 1261 2966 1323 αὐτοὺς
3025 1259 3186 1313 οἱονεὶ
3226 1257 3582 1328 ἐπισύρεσθαι
3624 1257 3705 1328 τῷ

2126 1355 2299 1419 ὕδατι,
2328 1353 2403 1418 ὡς
2432 1353 2500 1407 τὰ
2525 1351 2832 1424 ἐρπυστικά
2858 1355 2924 1423 τῇ
2956 1355 3048 1423 γῇ.

2207 1447 2362 1501 Ἐκεῖ
2410 1445 2591 1500 πλοῖα
2645 1445 3130 1513 διαπορεύονταιο
3193 1445 3280 1498 Ἐν
3341 1445 3407 1514 τῇ
3458 1442 3705 1514 θαλάσσῃ

2124 1541 2346 1612 δηλαδή.
2387 1538 2568 1592 Εἰπὼν
2595 1539 2726 1608 ὅσην
2749 1540 2783 1609 ἡ
2825 1537 3067 1590 θάλασσα
3095 1536 3352 1608 ἐκτρέφει
3381 1534 3572 1604 γονὴν,
3609 1534 3705 1587 καὶ

2126 1633 2206 1686 ὅτι
2231 1631 2352 1685 οὕτε
2386 1631 2456 1684 τὰ
2498 1629 3012 1702 ζώαηάριθμεῖται,
3057 1626 3182 1682 οὔτε
3223 1628 3360 1695 αὑτὴ
3402 1629 3699 1698 μετρεῖτει,

2127 1725 2274 1792 λέγει
2313 1724 2407 1777 καὶ
2431 1723 2554 1776 ὅσον
2588 1722 2754 1792 αὐτῆς
2803 1722 3068 1791 χρήσιμον
3109 1721 3190 1783 είς
3230 1718 3571 1791 ἀνθρώπους.
3603 1717 3702 1770 Διά

455 1807 772 1864 hominibus
820 1808 973 1864 utile.
1020 1807 1124 1864 Per
1169 1811 1446 1866 nauticam
1497 1813 1697 1883 quippe
1755 1821 1930 1869 artem
1975 1821 2029 1869 et

2133 1813 2474 1886 ναυπηγικῆς
2501 1812 2609 1885 γάρ
2630 1813 2823 1883 τέχνης
2853 1813 2947 1865 καὶ
2969 1811 3366 1884 κυϐερνητικῆς
3393 1811 3705 1880 ἐπιστήμης

445 1901 788 1973 gubernandi
833 1903 1111 1973 peritiam,
1176 1905 1490 1960 necessaria
1529 1913 1722 1960 mutuo
1777 1922 2026 1961 commu-

445 1995 718 2058 nicamus,
750 1992 1078 2064 fructusque
1115 1993 1173 2048 in
1201 2001 1348 2049 terra
1375 2004 1565 2051 nostra
1585 2005 1874 2054 nascentes
1903 1999 2026 2054 aliis

444 2077 960 2150 subministramus,
989 2087 1060 2142 ab
1091 2086 1270 2156 iisque
1291 2088 1595 2158 accipimus
1617 2105 1782 2156 suos;
1805 2091 1878 2145 ita
1895 2098 1954 2145 ut
1972 2101 2028 2145 et

443 2175 593 2246 quod
633 2173 966 2246 superfluum
1012 2183 1097 2232 est
1133 2192 1243 2232 non
1271 2177 1465 2233 inutile
1488 2180 1578 2246 sit,
1602 2187 1656 2234 et
1676 2180 1821 2249 quod
1851 2179 2025 2245 deest,

445 2267 643 2322 advehi
660 2266 854 2337 possit.
883 2265 1200 2322 Sublimiori
1232 2278 1413 2324 autem
1443 2271 1656 2326 ratione
1685 2271 1811 2326 navi
1840 2270 2028 2326 Eccle-

444 2359 587 2416 siam
613 2359 858 2427 confert;
895 2359 1034 2414 mari
1066 2375 1196 2415 vero
1217 2361 1511 2416 humanam
1539 2363 1728 2428 vitam,
1757 2364 1905 2434 quod
1938 2378 2028 2418 res

444 2450 568 2520 ejus
599 2451 887 2508 instabiles
916 2465 984 2506 ac
1022 2467 1238 2523 semper
1280 2453 1336 2507 in
1368 2463 1518 2508 motu
1554 2455 1684 2509 sint.
1715 2454 2030 2512 innumera-

446 2541 558 2598 bile
583 2557 749 2612 porro
781 2543 1056 2613 reptilium
1084 2560 1282 2616 genus,
1305 2547 1711 2602 multitudinem
1743 2547 2026 2603 hominum

447 2644 631 2704 vocat,
662 2644 717 2694 et
748 2637 922 2693 forma
946 2647 1000 2692 et
1027 2655 1262 2709 persona
1285 2640 1443 2710 quasi
1485 2640 1928 2712 discrepantem;
1953 2643 2028 2698 ita

448 2738 510 2785 ut
531 2729 834 2787 differentia
862 2747 930 2787 ex
957 2731 1224 2787 varietate
1241 2731 1532 2787 affectuum
1545 2735 1864 2790 aestimetur.
1890 2732 2030 2788 Nam

446 2832 646 2877 natura
687 2821 909 2894 quidem
937 2821 1192 2878 omnibus
1225 2829 1311 2877 est
1333 2837 1461 2891 una,
1499 2837 1600 2878 nec
1628 2822 1842 2879 diversa
1875 2831 2030 2879 ortus

447 2917 631 2971 ratio:
659 2931 819 2972 mens
851 2923 1034 2972 autem
1087 2918 1236 2972 varie
1259 2917 1638 2987 distinguitur,
1675 2931 1882 2987 corque
1925 2931 2029 2972 no-

448 3015 631 3064 strum
685 3006 1060 3064 diversitatem
1113 3008 1510 3064 sententiarum
1566 3007 1820 3062 admittit.
1871 3005 2031 3074 Quod

447 3114 575 3154 cum
602 3105 792 3155 nosset
825 3098 1124 3169 quispiam,
1153 3098 1329 3153 dixit:
1359 3097 1830 3164 Quemadmodum
1863 3097 2032 3153 facies

448 3191 696 3248 faciebus
727 3191 934 3248 similes
957 3204 1066 3244 non
1081 3199 1241 3257 sunt;
1266 3189 1348 3246 sic
1363 3206 1463 3246 nec
1481 3197 1694 3245 mentes
1725 3189 2028 3244 hominum.
2059 3173 2106 3235 Ο

449 3284 632 3340 Naves
659 3291 841 3337 autem
868 3281 1104 3338 dicimus
1132 3297 1255 3338 esse
1281 3297 1378 3338 eas
1409 3297 1530 3353 quae
1549 3281 1602 3336 in
1623 3283 1726 3338 hoc
1757 3281 2033 3352 Spirituali

447 3376 590 3432 mari
617 3384 1026 3445 pertranseunt,
1046 3385 1104 3429 ut
1133 3374 1396 3445 scriptum
1423 3383 1508 3430 est
1523 3373 1592 3438 “,
1619 3375 1871 3429 videlicet
1903 3387 2034 3429 san-

450 3476 570 3524 ctas
621 3467 930 3524 Servatoris
969 3467 1143 3522 nostri
1189 3464 1488 3529 Ecclesias,
1536 3481 1658 3538 quae
1709 3466 1930 3536 quidem
1978 3464 2036 3519 in

449 3562 678 3626 mundo,
730 3559 826 3616 sed
866 3559 1182 3630 superiores
1226 3557 1432 3613 mundo
1478 3566 1637 3624 sunt;
1675 3558 1820 3614 sicut
1845 3570 2037 3612 revera

448 3654 736 3710 onerarias
764 3653 950 3710 videre
979 3662 1084 3720 est,
1121 3654 1178 3708 in
1227 3668 1368 3724 aqua
1399 3667 1554 3717 sane,
1586 3650 1684 3708 sed
1724 3649 2036 3720 superiores

451 3745 636 3816 aquis.
679 3743 939 3801 Ecclesiae
983 3745 1150 3816 igitur
1190 3745 1428 3801 navibus
1463 3743 1707 3812 similes,
1754 3743 2036 3814 spirituale

450 3851 605 3891 mare
633 3836 991 3906 trajicientes,
1009 3835 1196 3892 fideles
1211 3836 1463 3892 homines
1485 3835 1777 3906 recipiunt,
1800 3843 1855 3891 et
1873 3834 2037 3906 quasi

450 3927 510 3984 in
541 3929 705 3984 aliam
738 3936 941 3984 terram
981 3936 1076 3984 aut
1104 3929 1382 4008 regionem
1421 3927 1784 3990 transferunt,
1827 3928 2038 3985 scilicet

451 4021 524 4077 ad
557 4037 784 4094 regnum
809 4022 1098 4088 caelorum,
1130 4023 1198 4077 ad
1225 4037 1378 4092 spem
1400 4021 1454 4075 in
1477 4019 1700 4075 Christo
1729 4020 2032 4086 fundatam,

453 4114 524 4169 ad
555 4113 1048 4172 sanctificationem
1101 4116 1348 4186 spiritus,
1396 4123 1452 4170 et
1495 4114 1566 4169 ad
1599 4115 1878 4182 virtutem,
1915 4129 2038 4185 quae

453 4214 772 4263 sanctorum
820 4209 998 4279 patria
1040 4216 1148 4264 est.
1191 4207 1330 4262 Nam
1382 4222 1530 4274 cum,
1581 4207 1726 4262 sicut
1771 4207 2036 4278 scriptum

452 4307 560 4366 est,
595 4300 818 4356 advena:
864 4308 920 4356 et
968 4301 1241 4372 peregrini
1294 4301 1404 4357 sint
1451 4317 1616 4372 super
1664 4307 1887 4365 terram,
1927 4314 2040 4354 non

453 4391 658 4447 habent
711 4391 800 4446 hic
849 4400 1160 4447 manentem
1204 4393 1478 4449 civitatem
1498 4395 1544 4426 “
1589 4413 1602 4448 :
1649 4393 1744 4450 sed
1779 4392 1847 4448 ad
1888 4392 2037 4446 illam

455 4482 740 4548 festinant,
771 4483 932 4554 cujus
961 4483 1158 4538 artifex
1185 4492 1240 4540 et
1279 4493 1497 4540 creator
1524 4492 1610 4542 est
1643 4485 1786 4540 Deus
1802 4483 1869 4539 ⁸⁸.
1898 4483 2034 4537 Cum
2066 4519 2115 4576 υ

453 4592 586 4647 ergo
617 4577 854 4632 mundus
880 4576 973 4631 hic
1005 4582 1190 4632 noster
1210 4578 1460 4648 exemplo
1488 4577 1658 4634 maris
1681 4575 2034 4646 intelligatur,

457 4684 559 4740 pro
589 4670 783 4742 cymba
823 4677 878 4725 et
911 4670 1165 4724 navicula
1203 4667 1450 4726 Ecclesia
1495 4668 1894 4732 aestimabitur,
1934 4681 2036 4737 pro

456 4757 642 4814 nautis
675 4757 883 4814 habens
910 4759 1296 4824 sanctificatos,
1327 4760 1446 4830 qui,
1483 4759 1630 4829 quod
1656 4757 1814 4812 fidem
1847 4772 2040 4813 susce-

457 4851 662 4924 perint,
696 4849 980 4906 Christum
1007 4867 1195 4908 secum
1223 4859 1532 4908 versantem
1567 4866 1782 4920 semper
1809 4849 2036 4914 habent,

459 4945 876 5016 tranquillitatis
929 4953 1229 5002 auctorem.
1279 4944 1397 5000 Alia
1445 4946 1573 5000 item
1626 4945 1840 4999 ratione
1870 4957 2039 4998 naves

458 5043 740 5108 nuncupat
780 5051 898 5102 eos,
941 5037 1036 5108 qui
1083 5038 1139 5091 in
1179 5052 1411 5107 corpore
1459 5051 1595 5102 suo,
1639 5036 1868 5106 hujusce
1911 5037 2036 5090 vitae

461 5128 625 5184 salsis
653 5136 708 5184 et
735 5129 1056 5185 decumanis
1089 5128 1346 5184 fluctibus
1377 5129 1671 5199 agitantur.
1719 5127 2037 5183 Laudantur

462 5236 626 5292 pOI‘l'O
653 5237 822 5278 naves
849 5238 970 5294 quae
1007 5238 1158 5278 mare
1185 5229 1593 5293 pertranseunt,
1625 5237 1736 5276 non
1768 5237 1898 5276 vero
1916 5237 2038 5290 quae

462 5313 536 5370 ibi
569 5321 907 5384 permanent,
934 5314 1018 5370 vel
1038 5329 1160 5386 quae
1181 5312 1438 5369 fluctibus
1465 5313 1879 5385 demerguntur.
1900 5312 2041 5366 Nam

461 5405 556 5473 qui
595 5404 648 5459 in
675 5419 838 5461 carne
859 5416 1010 5469 sunt,
1040 5421 1142 5462 nec
1180 5405 1481 5462 secundum
1512 5420 1732 5461 carnem
1780 5404 2038 5467 militant,

462 5493 588 5548 vitae
613 5494 839 5550 fluctum
887 5495 1189 5561 calcantes,
1228 5511 1402 5566 eoque
1446 5493 1782 5565 superiores,
1827 5493 2040 5548 faciunt

464 5585 834 5653 operationem
863 5587 918 5642 in
948 5587 1106 5657 aquis
1139 5587 1344 5653 multis,
1376 5601 1440 5642 ac
1472 5584 1848 5650 descendunt,
1876 5591 1936 5638 ut
1967 5599 2036 5638 ex

2131 1903 2261 1976 παρ’
2320 1903 2562 1975 ἀλλήλων
2617 1901 2956 1972 κομιζόμεθα
3011 1899 3080 1954 τά
3137 1901 3417 1964 ἐνδέοντα,
3478 1900 3573 1954 καὶ
3615 1901 3707 1954 τὸν

2129 1997 2258 2067 παρ’
2281 1995 2412 2065 ἡμῖν
2441 1994 2710 2064 φυόμενον
2740 1993 2954 2064 καρπὸν
2979 1990 3321 2065 χορηγοῦμεν
3357 1990 3586 2062 ἑτέροις,
3611 1993 3706 2045 καὶ

2127 2086 2394 2158 δεχόμεθα
2428 2086 2488 2139 τὸ
2541 2088 2671 2158 παρ’
2713 2085 2941 2146 ἐκείνοις
2996 2083 3309 2154 γινόμενον·
3347 2081 3487 2136 ὥστε
3537 2082 3612 2154 μὴ
3647 2083 3708 2136 τὸ

2129 2179 2445 2253 περιττεῦον
2485 2174 2624 2232 εἶναι
2660 2178 2949 2249 ἀνόνητον,
2987 2177 3125 2248 μήτε
3156 2175 3216 2230 τὸ
3242 2174 3419 2228 ἐνδέον
3458 2176 3709 2231 ἀνεπινό-

2129 2291 2306 2344 νητον.
2363 2270 2721 2343 ’Υψηλότερον
2761 2270 2818 2322 δέ
2863 2269 3032 2339 πλοίῳ
3076 2267 3402 2340 παρεικάζει
3439 2267 3540 2339 τὴν
3584 2269 3708 2322 Ἐκ-

2129 2367 2390 2437 κλησίαν,
2435 2364 2672 2436 θαλάττῃ
2701 2364 2758 2418 δὲ
2799 2362 2892 2416 τὸν
2935 2361 3274 2434 ἀνθρώπινον
3321 2361 3473 2431 βίον,
3517 2361 3606 2415 διά
3645 2363 3706 2417 τὸ

2129 2463 2477 2532 ἀστάθμητον
2506 2462 2600 2514 καὶ
2623 2458 2926 2529 ἀεικίνητον
2948 2456 3057 2511 τῶν
3081 2457 3140 2509 ἐν
3170 2454 3320 2526 αὐτῷ
3343 2457 3706 2527 πραγμάτων.

2142 2553 2417 2625 Ἑρπετῶν
2445 2553 2502 2605 δὲ
2530 2551 2593 2605 τὸ
2621 2552 2776 2619 γένος
2808 2550 2870 2602 τὸ
2907 2549 3276 2620 ἀναρίθμητον
3312 2546 3412 2618 τὴν
3455 2548 3705 2620 πολυειδῆ

2131 2647 2225 2699 καὶ
2248 2645 2410 2698 οἱονεὶ
2445 2642 2872 2713 πολυπρόσωπον
2904 2639 3012 2693 τῶν
3045 2638 3347 2712 ἀνθρώπων
3376 2638 3524 2708 λέγει
3572 2639 3709 2712 πλη-

2132 2741 2266 2803 θὺν,
2323 2742 2401 2803 είς
2444 2737 2544 2808 τὴν
2581 2738 2682 2807 τῆς
2727 2733 2894 2799 ’έξεως
2945 2733 3220 2788 ποικιλίαν
3273 2733 3570 2803 νοουμένης
3612 2733 3708 2803 τῆς

2131 2831 2449 2900 ἐξαλλαγῆς.
2489 2829 2653 2892 Φύσις
2689 2827 2787 2898 μὲν
2815 2825 2925 2898 γὰρ
2968 2827 3133 2882 πᾶσιν
3161 2827 3197 2898 ἡ
3238 2826 3396 2895 αὐτὴ,
3433 2826 3527 2878 καὶ
3552 2827 3581 2878 ὁ
3609 2825 3708 2895 τῆς

2131 2923 2398 2992 γενέσεως
2439 2921 2639 2992 τρόπος
2675 2921 2774 2990 οὐχ
2802 2921 3067 2991 ἑτεροῖος,
3106 2916 3430 2989 πολυσχιδὴς
3455 2916 3514 2970 δὲ
3561 2916 3708 2980 νοῦς,

2133 3016 2228 3069 καὶ
2271 3011 2643 3083 πολυγνώμων
2687 3013 2746 3066 ἐν
2789 3013 2921 3083 ἡμῖν
2954 3011 3170 3082 καρδία.
3202 3010 3314 3064 Καὶ
3353 3010 3512 3063 τοῦτο
3557 3009 3709 3073 εἰδώς

2131 3125 2217 3172 τις
2248 3107 2485 3176 ἔφασκεν
2503 3123 2515 3136 ο
2539 3105 2752 3174 Ὠσπερ
2775 3105 2872 3174 οὐχ
2897 3104 3058 3175 ὅμοια
3079 3102 3349 3174 πρόσωπα
3376 3103 3707 3175 προσώποις,

2134 3201 2305 3263 οὕτως
2346 3199 2468 3252 οὐδὲ
2521 3199 2576 3252 al
2629 3197 2856 3252 διάνοιαι
2909 3197 3017 3250 τῶν
3063 3195 3386 3268 ἀνθρώπων.
3441 3197 3610 3252 Πλοῑα
3651 3197 3712 3250 δὲ

2134 3286 2274 3345 εἷναί
2303 3305 2504 3359 φαμεν,
2553 3287 2589 3342 ἃ
2622 3287 2716 3340 καὶ
2755 3288 2813 3340 ἐν
2839 3285 2962 3357 τῇδε
2989 3288 3055 3357 τῇ
3100 3287 3262 3357 νοητῇ
3309 3284 3548 3355 θαλάσσῃ
3590 3286 3710 3338 δια-

2135 3383 2462 3455 πορεύεται,
2505 3381 2648 3436 κατά
2677 3380 2742 3434 τὸ
2788 3380 3211 3451 γεγραμμένον,
3261 3378 3358 3442 τάς
3405 3378 3566 3446 ἁγίας
3613 3377 3710 3432 τοῦ

2135 3476 2385 3546 Σωτῆρος
2405 3475 2437 3544 ἡ
2446 3474 2561 3545 μῶν
2588 3472 2912 3543 Ἐκκλησίας
2929 3471 3096 3536 οὔσας
3118 3472 3214 3542 μὲν
3247 3471 3304 3524 ὲν
3331 3469 3542 3540 κόσμῳ,
3575 3469 3711 3541 πλὴν

2134 3567 2392 3639 ἀνωτέρω
2442 3565 2536 3620 τοῦ
2582 3565 2828 3637 κόσμου,
2888 3565 3139 3638 καθάπερ
3197 3565 3390 3637 ἀμέλει
3448 3565 3546 3619 καὶ
3615 3565 3714 3630 τὰς

2134 3657 2366 3724 ὁλκάδας
2392 3659 2541 3712 ἐστὶν
2569 3659 2719 3730 ὁρᾷν,
2740 3655 2904 3722 οὔσας
2935 3658 3033 3729 μὲν
3065 3659 3123 3710 ἐν
3149 3657 3323 3721 ῦδατι,
3350 3657 3488 3729 πλὴν
3509 3657 3717 3712 ὑδάτων

2136 3749 2431 3821 ἀνωτέρας.
2449 3749 2514 3802 Ai
2529 3749 2706 3801 τοίνυν
2723 3747 2929 3802 ὑδάτων
2947 3747 3022 3818 (3)
3042 3747 3240 3801 πλοίων
3269 3747 3554 3818 ἐκκλησίαι
3574 3786 3589 3810 ,
3618 3745 3716 3818 τὴν

2135 3840 2330 3912 νοητὴν
2381 3839 2766 3912 διανηχόμεναι
2810 3837 3082 3891 θάλασσαν
3106 3875 3120 3901 ,
3159 3836 3403 3908 δέχονται
3451 3836 3552 3907 μὲν
3589 3835 3717 3897 τοὺς

2138 3930 2525 3994 πιστεύοντας,
2575 3927 2972 4000 ἀποκομίζουσι
3012 3926 3070 3980 δὲ
3115 3925 3367 3996 καθάπερ
3398 3926 3479 3988 είς
3523 3925 3717 3997 ἐτέραν

2135 4021 2259 4075 τινὰ
2294 4023 2399 4092 γῆν
2427 4020 2460 4090 ἢ
2486 4019 2671 4091 χώραν
2703 4018 2800 4090 τὴν
2846 4014 2956 4071 τῶν
2985 4016 3230 4088 οὐρανῶν
3267 4015 3580 4086 βασιλείαν,
3624 4014 3718 4066 καὶ

2138 4111 2328 4166 ἐλπίδα
2350 4110 2448 4181 τὴν
2476 4111 2534 4163 ἐν
2581 4108 2800 4181 Χριστῷ
2838 4110 2932 4164 καὶ
2962 4111 3042 4172 είς
3067 4107 3338 4176 ἁγιασμὸν
3363 4105 3453 4157 τὸν
3485 4104 3572 4156 διὰ
3619 4103 3714 4156 τοῦ

2137 4203 2456 4274 Πνεύματος
2483 4243 2498 4268 ,
2553 4202 2648 4254 καὶ
2701 4203 2782 4264 είς
2832 4201 2928 4268 τὴν
2972 4201 3082 4255 τῶν
3128 4200 3298 4268 ἁγίων
3341 4195 3573 4268 πατρίδα
3615 4195 3716 4265 τὴν

2139 4295 2363 4367 ἀρετήν.
2399 4293 2663 4364 Πάροικοι
2697 4291 2806 4362 γὰρ
2834 4291 2985 4353 ὄντες
3018 4291 3112 4344 xal.
3135 4286 3527 4359 παρεπίδημοι,
3575 4283 3716 4337 κατά

2139 4387 2200 4440 τὸ
2227 4386 2634 4458 γεγραμμένον,
2660 4384 2752 4440 ἐπὶ
2781 4384 2881 4453 τῆς
2917 4383 3040 4452 γῆς,
3091 4382 3192 4436 οὐκ
3228 4379 3440 4451 ἔχουσιν
3479 4371 3581 4432 ὦδε
3616 4378 3716 4449 μέ-

2140 4496 2334 4534 νουσαν
2353 4477 2506 4532 πόλιν
2524 4493 2536 4506 ·
2561 4475 2870 4544 ἐπείγονται
2892 4473 2949 4526 δὲ
2971 4473 3106 4545 πρὸς
3127 4472 3363 4543 ἐκείνην,
3381 4465 3448 4542 ἧς
3468 4468 3718 4540 τεχνίτης

2139 4574 2236 4628 καὶ
2270 4570 2600 4644 δημιουργὸς
2639 4571 2668 4622 ὁ
2714 4567 2864 4630 Θεός.
2910 4567 2998 4620 Ἐν
3043 4566 3284 4636 σχήματι
3317 4559 3410 4617 οὖν
3444 4562 3718 4632 θαλάσσης

2139 4661 2291 4716 τοῦδε
2333 4660 2425 4714 τοῦ
2471 4659 2592 4713 καθ’
2623 4658 2770 4729 ἡμᾶς
2815 4656 3102 4726 νοουμένου
3137 4654 3370 4724 κόσμου,
3429 4653 3634 4721 σκάφος
3683 4650 3716 4722 ἢ

2143 4752 2324 4806 πλοῖον
2359 4753 2393 4822 ἡ
2446 4748 2742 4820 Ἐκκλησία
2772 4748 3134 4819 νοηθήσεται,
3185 4745 3476 4815 πλωτῆρας
3523 4743 3722 4813 ἔχουσα

2139 4846 2267 4909 τοὺς
2289 4844 2675 4916 ὴγιασμένους,
2711 4841 2761 4894 οἶ
2811 4843 2903 4895 καὶ
2931 4841 3018 4894 διὰ
3063 4839 3156 4892 τοῦ
3192 4836 3588 4902 καταδέξασθαι
3621 4836 3722 4906 τὴν

2142 4938 2324 4990 πίστιν
2355 4935 2580 4990 συνόντα
2609 4933 2699 4987 διὰ
2733 4933 2931 4996 παντὸς
2961 4931 3142 5002 έχουσι
3162 4931 3253 4984 τὸν
3284 4928 3517 5001 Χριστὸν
3543 4927 3723 4981 εὐδίαν

2142 5028 2418 5084 ἁπλοῦντα
2459 5027 2557 5098 τὴν
2599 5026 2834 5097 ἁπαλήν.
2886 5024 3116 5094 Ἑτέρως
3153 5023 3210 5076 δὲ
3262 5021 3422 5075 πλοῖα
3465 5019 3722 5091 ὀνομάζει
3828 5043 3832 5047 ·

2141 5124 2267 5186 τοὺς
2297 5121 2384 5175 διά
2419 5120 2527 5173 τῶν
2571 5117 2837 5190 σωμάτων
2867 5120 2924 5171 ἐν
2957 5115 3034 5186 τῷ
3083 5114 3311 5186 ἁλμυρῷ
3351 5113 3580 5167 κλύδωνι
3626 5112 3720 5166 τοῦ

2148 5213 2262 5284 βίου
2306 5213 2496 5267 τούτου
2553 5211 2965 5282 σαλευομένους.
3013 5209 3122 5262 Καὶ
3159 5209 3306 5261 ἐστιν
3356 5205 3722 5276 ἐπαινούμενα

2147 5301 2401 5360 πλοῖατά
2443 5303 2784 5358 διαϐαίνοντα
2814 5302 2910 5373 τὴν
2950 5302 3224 5356 θάλασσαν
3247 5340 3260 5365 ,
3303 5298 3440 5352 ἀλλά
3479 5299 3553 5370 μὴ
3601 5301 3726 5352 ἐνα-

2145 5398 2449 5451 ποαένοντα
2475 5398 2638 5467 αὐτῇ,
2671 5395 2806 5467 μηδέ
2840 5392 3354 5463 καταδαπτιζόμενα
3396 5393 3509 5453 τοῖς
3545 5388 3728 5460 κύμα-

2149 5507 2251 5544 σιν.
2286 5493 2350 5544 Οἱ
2382 5489 2491 5561 γάρ
2532 5492 2590 5544 ἐν
2635 5489 2802 5558 σαρκὶ
2845 5487 3029 5553 ὄντες,
3085 5487 3181 5541 καὶ
3227 5486 3304 5558 μὴ
3353 5483 3497 5538 κατά
3545 5483 3726 5555 σάρκα

2147 5583 2589 5656 στρατευόμενοι,
2617 5581 3054 5644 καταπατοῦντες
3072 5578 3166 5636 ,τὸν
3191 5577 3437 5633 κλύδωνα
3467 5574 3561 5630 τοῦ
3583 5575 3723 5647 βίου,

535 5679 582 5711 ⁸³
618 5679 638 5734 1
670 5681 799 5740 Cor.
830 5699 894 5751 ι,
925 5684 977 5740 1.
1054 5684 1101 5718 ⁸⁵
1138 5683 1304 5742 Hebr.
1341 5698 1476 5751 xm,
1513 5682 1602 5740 14.
1679 5683 1725 5716 ⁸⁸
1764 5677 1929 5739 Hebr.
1965 5696 2042 5748 nt,
2077 5679 2166 5736 10.

538 5772 616 5846 (5)
648 5771 738 5831 Sic
