4102 6424
391 349 532 407 1285

1452 343 1959 400 COMMENTARIA
1999 345 2068 400 IN
2105 346 2444 410 PSALMOS.

3515 366 3653 423 £286

383 466 482 521 καὶ
513 466 833 538 ὑψηλότεροι
885 461 1048 519 αὑτοῦ
1096 461 1268 527 ὄντες,
1308 461 1551 516 ποιοῦσιν
1592 463 1856 534 ἐργασίαν
1909 465 1946 516 ἐπ

2069 464 2338 522 demersis
2365 466 2579 538 aliquos
2616 469 2920 531 lucrentur.
2955 476 3293 551 Insuperque
3331 481 3496 553 hujus
3529 486 3655 541 vitae

383 556 539 614 ὕδασι
581 559 818 622 πολλοῖς,
865 553 1391 624 συγκαταϐαίνοντες
1434 553 1530 607 ἐπὶ
1578 553 1657 624 τῷ
1704 554 1966 624 κερδῆσαί

381 668 537 713 τινας
595 650 705 704 τῶν
771 647 1198 719 βεὸυθισμένων.
1247 647 1368 698 Ἔτι
1416 645 1506 698 τὸν
1545 645 1671 716 τῇδε
1714 644 1809 698 τοῦ
1852 645 1966 716 βίου

380 742 790 817 δηρισπασμὸν,
818 741 912 794 καὶ
940 739 1039 812 τὴν
1072 739 1130 791 ἐν
1169 737 1318 809 αὐτῷ
1346 735 1455 790 τῶν
1496 737 1836 808 πραγμάτων
1877 755 1968 790 πι-

383 835 524 905 κρὰν
554 835 816 906 ἀνάχυσιν
876 832 972 886 καὶ
1003 831 1094 885 τὸν
1138 831 1480 902 ἁναφυρμὸν,
1518 830 1796 902 σημαίνων
1835 833 1966 900 ἡμῖν

380 927 611 990 ἀστείως
642 927 671 978 ὁ
707 924 960 997 μελῳδὸς,
1008 923 1168 990 Αὕτη
1201 923 1239 990 ἡ
1275 921 1578 989 θάλασσα,
1614 923 1810 992 φησὶν,
1845 922 1975 976 ἐκεῖ

379 1019 620 1088 ἑρπετὰ,
655 1013 744 1074 ὧν
771 1019 883 1072 οὐκ
933 1016 1104 1071 ἔστιν
1136 1017 1401 1086 ἀριθμὸς,
1432 1015 1544 1076 ζῶα
1587 1015 1771 1085 μικρὰ
1816 1018 1969 1086 μετὰ

375 1109 674 1182 μεγάλων.
724 1110 928 1180 Ἰχθύσι
974 1110 1085 1181 γὰρ
1124 1109 1524 1182 παρεικαστὲον
1557 1105 1618 1162 εὖ
1656 1109 1801 1180 μάλα
1839 1109 1966 1173 τοὺς

377 1204 468 1257 ἐπ’
513 1203 692 1257 οὐδενὶ
739 1203 839 1272 μὲν
873 1201 983 1256 ἔσθ’
1013 1204 1102 1255 ὅτε
1153 1203 1264 1256 τῶν
1306 1202 1616 1271 ἀναγκαίων
1659 1204 1739 1266 είς
1780 1201 1966 1274 ὅνησιν

376 1297 507 1368 τῇδε
537 1297 759 1349 κάκεῖσε
797 1295 1139 1366 διᾴττοντας,
1183 1295 1277 1349 καὶ
1319 1297 1457 1367 μόνα
1509 1294 1863 1362 συλλέγοντας
1896 1294 1963 1347 τὰ

374 1391 588 1459 ὅσαπερ
616 1389 680 1442 ἂν
713 1389 987 1460 ἀποφῆναι
1041 1389 1336 1460 σαρκικοὺς
1356 1429 1373 1455 ,
1423 1388 1519 1442 καὶ
1550 1387 1789 1451 εἰκαίους
1835 1389 1966 1441 ἀνα-

377 1479 568 1549 τλῆναι
602 1477 1014 1548 παρασκευάζει
1051 1479 1266 1542 πόνους.
1310 1477 1520 1532 υύκοῦν
1555 1477 1752 1549 ἰχθύων
1783 1477 1965 1550 διανη-

375 1571 585 1644 χόμεθα
625 1570 780 1642 δίκην
810 1571 908 1644 τὴν
960 1571 1219 1627 πλατεῖαν
1259 1572 1463 1643 ταύτην
1511 1571 1607 1626 καὶ
1651 1572 1966 1643 εὐρύχωρον

369 1669 404 1720 ὸ
428 1665 658 1720 ἑκάστου
685 1661 818 1734 βίος.

2067 558 2510 624 distractionem,
2541 568 2596 616 et
2622 575 2865 618 amaram
2897 566 3046 623 illam
3089 587 3272 626 rerum
3300 573 3423 644 ejus
3452 575 3650 631 confu-

2067 651 2277 706 sionem
2320 653 2874 728 commistionemque
2914 663 3124 717 urbane
3187 665 3349 723 nobis
3397 667 3652 726 indicans

2069 743 2391 813 Psalmista,
2430 745 2547 801 Hoc
2581 765 2750 818 mare,
2783 751 2981 822 inquit,
3018 755 3128 808 illic
3151 757 3384 826 reptilia,
3426 777 3653 830 quorum

2071 852 2176 889 non
2210 844 2288 890 est
2318 853 2592 904 numerus,
2626 847 2731 895 etc.
2768 839 2904 895 Nam
2945 843 3189 913 piscibus
3238 850 3482 920 apposite
3518 867 3652 908 con-

2070 924 2339 994 ferantur,
2368 928 2471 997 qui
2495 927 2562 982 ad
2593 931 2992 998 comparandas
3015 936 3115 990 sibi
3137 951 3226 992 res
3251 956 3428 1011 neque
3457 959 3652 999 ncces-

2070 1019 2269 1082 sarias,
2312 1034 2492 1089 neque
2537 1021 2721 1081 utiles,
2773 1023 2880 1078 huc
2921 1025 3053 1081 illuc
3091 1030 3428 1100 transiliunt,
3464 1041 3519 1089 et
3557 1036 3650 1089 illa

2067 1108 2184 1163 sola
2212 1108 2496 1179 colligunt,
2533 1123 2654 1179 quae
2675 1110 2798 1166 illos
2830 1113 3080 1169 carnales
3105 1130 3229 1171 esse
3253 1115 3551 1185 declarent,
3585 1135 3652 1175 ac

2068 1200 2289 1256 labores
2334 1214 2528 1255 eorum
2562 1216 2735 1258 vanos
2769 1202 3071 1275 irritosque
3101 1206 3328 1261 faciant.
3353 1206 3523 1279 Igitur
3569 1210 3652 1279 pi-

2071 1293 2247 1349 scium
2274 1292 2448 1348 instar
2471 1292 2578 1348 hoc
2593 1309 2744 1348 mare
2771 1310 3027 1367 magnum
3051 1304 3105 1352 et
3133 1299 3434 1367 spatiosum
3466 1308 3660 1354 trana—

2071 1399 2218 1447 mus,
2253 1383 2510 1438 videlicet
2553 1385 2821 1441 mundum
2852 1404 2866 1442 :
2899 1401 3027 1442 nam
3057 1387 3328 1460 cujusque
3354 1391 3464 1446 vita
3497 1394 3652 1449 varia

2071 1474 2442 1545 diﬂ‘erensque
2469 1482 2576 1530 est.

2024 1569 2322 1636 θάλασσαν,
2382 1568 2630 1623 τουτέστι
2664 1569 2758 1624 τὸν
2792 1570 3030 1644 κόσμον·
3082 1571 3337 1646 διάφορος
3383 1575 3491 1646 γάρ
3533 1591 3651 1639 πως

444 1827 684 1898 Δράκων
736 1820 936 1891 οὗτος,
988 1825 1060 1879 ὃν
1106 1824 1384 1890 ἔπλασας
1420 1821 1725 1894 ἐμπαίζειν
1775 1821 1946 1888 αὐτῷ,

2137 1810 2302 1868 Vens.
2328 1809 2520 1866 27-29.
2566 1811 2742 1867 Draco
2772 1814 2892 1880 iste,
2945 1830 3095 1885 quem
3134 1816 3382 1886 formasti
3414 1821 3483 1874 ad
3521 1823 3650 1877 illu-

373 1919 578 1974 Πάντα
601 1918 751 1990 πρὸς
780 1918 857 1973 σὲ
894 1915 1295 1988 προσδοκῶσι,
1326 1916 1536 1972 δοῦναι
1575 1914 1690 1984 τὴν
1726 1915 1956 1985 τροφὴν

367 2010 578 2078 αὐτοῖς
620 2011 918 2081 εὔκαιρον.
979 2011 1199 2074 Δόντος
1249 2024 1366 2065 σου
1423 2009 1628 2075 αὐτοῖς
1654 2048 1669 2073 ,
1731 2007 1949 2061 συλλέ-

370 2101 582 2166 ξουσιο
628 2100 985 2166 ἀνοίξαντος
1030 2097 1097 2153 δέ
1141 2115 1258 2153 σου
1299 2097 1416 2168 τὴν
1467 2097 1658 2168 χεῖρα,
1697 2097 1769 2151 τὰ
1801 2097 1955 2166 σύμ-

365 2206 567 2245 παντα
589 2190 1050 2260 πλησθήσονται
1071 2191 1500 2261 χρηστότητος.
1523 2190 1666 2261 Ὅρα
1681 2190 1729 2241 εί
1749 2188 1957 2261 δυνήσῃ

369 2281 656 2336 καθολικὸν
679 2283 788 2336 ἀπὸ
803 2283 992 2336 τούτου
1023 2281 1270 2335 ἐκλαϐεῖν
1293 2281 1490 2353 δόγμα,
1508 2281 1583 2344 ὡς
1612 2280 1828 2335 πάντων
1849 2279 1959 2332 τῶν

367 2373 613 2444 γενητῶν
634 2374 972 2446 πενομένων,
995 2372 1333 2444 λειπομένων
1361 2391 1420 2425 τε
1452 2373 1546 2426 ναὶ
1568 2371 1836 2444 δεομένων
1859 2374 1958 2444 τῆς

364 2465 520 2539 παρὰ
543 2465 642 2520 τοῦ
677 2466 811 2521 Θεοῦ
841 2466 1126 2539 χορηγίας,
1157 2461 1225 2538 ἧς
1271 2465 1642 2538 μεταλαϐόντα
1684 2464 1954 2535 δυναμοῦ-

364 2576 455 2615 ται
493 2559 588 2612 καὶ
619 2559 813 2630 ίσχύει,
845 2558 1035 2631 ὥσπερ
1059 2559 1147 2612 διὰ
1177 2558 1382 2630 τροφῆς
1419 2557 1723 2630 ζωούμενα.
1751 2556 1954 2611 Πάντα

362 2648 516 2724 πρὸς
546 2649 624 2702 σὲ
655 2648 1099 2718 προσδοκῶσιν,
1118 2648 1330 2702 δοῦναι
1367 2649 1482 2718 τὴν
1501 2649 1732 2719 τροφὴν
1749 2647 1954 2714 αὐτοῖς

361 2740 663 2808 εὔκαιρον.
707 2739 1000 2794 Τὰ.πάντα
1035 2739 1092 2792 δὲ
1127 2742 1308 2811 φήσας
1337 2743 1366 2794 ό
1409 2741 1566 2810 λόγος
1599 2741 1952 2812 περιείληφεν

360 2832 498 2904 ὁμοῦ
530 2831 630 2896 τὰς
661 2831 858 2904 νοητὰς
886 2831 983 2885 καὶ¹
1016 2832 1177 2900 ἁγίας
1209 2830 1488 2901 δυνάμεις,
1531 2831 1631 2894 τάς
1665 2847 1725 2882 τε
1760 2829 1951 2899 αἰσθη-

360 2923 461 2988 τάς
485 2925 581 2978 καὶ
612 2924 711 2990 τὰς
737 2927 800 2978 ἐν
833 2923 1049 2996 θνητοῖς
1089 2922 1357 2994 σώμασιν.
1405 2922 1562 2977 Οὕτω
1598 2923 1708 2995 γάρ
1743 2921 1944 2993 μᾶλλον

2063 1903 2293 1959 dendum
2323 1905 2392 1958 ei.
2423 1902 2617 1958 Omnia
2659 1922 2691 1958 a
2722 1914 2768 1958 te
2797 1916 3100 1976 exspectant
3129 1919 3186 1962 ut
3219 1908 3309 1963 des
3338 1910 3449 1965 illis
3472 1928 3649 1968 escam

2063 1997 2119 2051 in
2152 2006 2397 2066 tempore.
2428 1994 2605 2050 Dante
2638 2004 2685 2050 te
2716 1997 2826 2051 illis
2854 1999 3123 2070 colligant,
3158 2005 3418 2070 aperiente
3441 2013 3489 2058 te
3527 2023 3646 2060 ma-

2064 2105 2190 2144 num
2230 2087 2410 2142 omnia
2464 2089 2825 2158 implebantur
2876 2091 3124 2146 bonitate.
3169 2092 3305 2150 Vide
3351 2111 3420 2150 an
3465 2100 3648 2168 possis

2064 2181 2193 2235 hinc
2227 2181 2422 2251 dogma
2466 2181 2802 2236 catholicum
2843 2184 3117 2252 excipere,
3151 2184 3299 2258 quod
3334 2200 3528 2244 omnes
3555 2205 3648 2246 res

2063 2282 2262 2328 creata:
2305 2272 2499 2342 inopes
2551 2270 2664 2327 sint
2724 2288 2788 2327 ac
2825 2273 2924 2329 Dei
2951 2276 3242 2348 largitione
3291 2288 3504 2349 egeant,
3537 2297 3646 2352 qua

2061 2373 2287 2434 accepta
2311 2364 2648 2421 roborantur
2675 2381 2741 2420 ac
2773 2367 2975 2438 vigent,
2997 2378 3187 2440 utpote
3203 2386 3328 2427 esca
3358 2373 3526 2428 vitam
3558 2390 3646 2430 ac-

2059 2459 2349 2530 cipientes.
2387 2456 2582 2512 Omnia
2618 2466 2721 2512 ate
2754 2469 3082 2529 exspectant,
3113 2473 3170 2515 ut
3200 2462 3292 2518 des
3320 2465 3430 2519 illis
3468 2482 3646 2520 escam

2057 2553 2114 2606 in
2145 2561 2395 2622 tempore.
2444 2550 2584 2607 Cum
2628 2567 2796 2623 porro
2838 2555 3018 2608 omnia
3064 2555 3285 2624 dixerit,
3330 2561 3645 2630 spirituales

2056 2651 2112 2702 et
2134 2652 2357 2700 sanctas
2380 2643 2638 2708 virtutes,
2671 2660 2888 2700 necnon
2921 2647 3231 2714 sensibiles,
3267 2666 3386 2720 quae
3410 2654 3462 2706 in
3495 2668 3646 2708 mor-

2059 2735 2258 2792 talibus
2315 2735 2643 2805 corporibus
2691 2746 2840 2800 sunt,
2869 2752 2979 2791 una
3017 2740 3340 2810 complexus
3368 2751 3471 2797 est.
3505 2741 3645 2799 Nam

2053 2829 2130 2884 ita
2171 2829 2268 2884 Dei
2308 2828 2529 2884 bonitas
2575 2828 2749 2898 magis
2780 2829 3059 2896 elucescit,
3109 2831 3256 2901 quod
3285 2840 3394 2888 tam
3442 2835 3642 2908 dignis,

2050 2935 2214 2991 quam
2240 2921 2504 2992 indignis,
2539 2935 2696 2976 suam
2739 2920 3018 2990 impertiat
3046 2922 3460 2995 benignitatem.

362 3016 626 3089 μειζόνως
648 3019 682 3089 ἠ
715 3016 987 3088 ἀναθότης
1014 3015 1329 3087 διαλάμπει,
1357 3015 1437 3088 τῷ
1464 3017 1559 3070 καὶ
1592 3017 1762 3084 ἀξίοις
1788 3017 1879 3071 καὶ
1910 3015 1985 3088 μὴ
2018 3015 2189 3080 ἀξίοις
2225 3015 2325 3086 τῆς
2356 3015 2486 3087 παρ’
2514 3014 2680 3068 αὑτοῦ
2714 3015 3080 3090 χρηστότητος
3114 3019 3454 3088 μεταδοῦναι.

442 3177 808 3245 Ἀντανελεῖς
830 3177 897 3232 τὸ
926 3178 1163 3249 πνεῦμα
1191 3175 1390 3232 αὐτῶν
1422 3176 1522 3230 καὶ
1556 3177 1937 3245 ἐκλείψουσι,

2115 3174 2284 3229 Vens.
2314 3170 2404 3228 '50.
2436 3174 2656 3242 Auferes
2687 3174 2932 3242 spiritum
2965 3189 3170 3239 eorum,
3198 3184 3248 3229 et
3277 3177 3542 3247 deﬁcient,
3588 3191 3642 3238 et

353 3271 456 3324 καί
473 3273 560 3335 εὶς
581 3270 689 3325 τὸν
718 3271 872 3339 χοῦν
895 3270 1094 3327 αὐτῶν
1107 3269 1568 3339 ἐπιστρέφουσι.
1587 3269 1945 3334 Ἐξαποστε-

356 3361 486 3428 λεῖς
502 3361 570 3416 τὸ
587 3361 980 3433 πνεῦμάξσου,
999 3363 1099 3418 καὶ
1116 3362 1568 3432 κτισθήσονται,
1594 3361 1692 3415 καὶ
1709 3362 1947 3416 ἀνακαι-

356 3453 505 3520 νιεῖς
531 3454 598 3508 τὸ
631 3456 961 3524 πρόσωπον
991 3454 1104 3524 τῆς
1135 3454 1268 3525 γῆς.
1306 3455 1442 3528 Περὶ
1475 3453 1780 3526 ἀνθρώπων
1829 3453 1886 3506 δὲ
1915 3453 1945 3505 ό

356 3541 534 3612 λόγος,
571 3543 666 3597 καὶ
709 3539 862 3613 οἶμαί
902 3561 967 3614 γε
1017 3544 1104 3598 διὰ
1143 3545 1350 3599 τούτων
1382 3546 1482 3617 τὴν
1535 3544 1627 3598 τοῦ
1676 3544 1946 3616 παρόντος

357 3634 552 3698 αἰῶνος
574 3633 863 3707 δηλοῦσθαι
898 3636 1210 3691 συντέλειαν
1235 3677 1249 3701 ,
1281 3638 1378 3691 καὶ
1405 3637 1504 3708 τὴν
1529 3636 1621 3690 τοῦ
1655 3637 1942 3708 μέλλοντος

352 3725 670 3779 ἀνανέωσιν·
696 3725 772 3790 ὡς
801 3725 866 3780 ἂν
899 3727 970 3798 μή
989 3745 1075 3790 τις
1107 3729 1381 3801 ὑπονοήσῃ
1405 3728 1485 3791 είς
1513 3729 1738 3798 ἄπειρον
1770 3744 1942 3781 κατα-

353 3819 550 3870 τείνειν
571 3818 668 3890 τὴν
696 3817 978 3891 παροῦσαν
999 3819 1094 3872 τοῦ
1119 3820 1328 3890 κόσμου
1359 3819 1636 3883 σύστασιν,
1660 3819 1776 3873 ἁλλ’
1798 3817 1940 3889 ἔχοι-

354 3922 458 3975 μεν
484 3905 702 3971 ἐλπίδας
731 3909 810 3971 είς
844 3908 1050 3961 ἐκεῖνον
1077 3909 1167 3962 τὸν
1200 3909 1317 3962 νέον
1354 3907 1528 3962 αἰῶνα
1555 3909 1649 3962 καὶ
1681 3909 1779 3982 τὴν
1804 3908 1938 3962 ἀνά-

355 4011 565 4059 στασιν,
591 3998 656 4067 ἢν
685 3999 713 4051 ό
741 3997 897 4066 λόγος
929 3999 1228 4070 παρίστησι
1259 3998 1394 4071 μετὰ
1417 3999 1476 4052 τὸ
1499 3999 1684 4068 φάναι,
1705 4001 1810 4064 Εἰς
1831 4001 1941 4054 τόν

351 4087 508 4155 χοῦν
532 4087 732 4142 αὐτῶν
778 4089 1254 4159 ἐπιστρέφουσιν
1273 4131 1288 4154 ,
1324 4090 1618 4160 ἐπαγαγὼν
1638 4109 1652 4121 ο
1697 4091 1940 4156 Ἐξαπο-

351 4179 591 4244 στελεῖς
626 4181 694 4233 τὸ
729 4181 965 4253 πνεῦμά
994 4198 1110 4236 σου
1147 4182 1208 4236 τὸ
1242 4183 1526 4250 ζωοποιδν,
1559 4183 1659 4237 καὶ
1694 4182 1938 4251 κτισθή-

350 4285 584 4338 σονται,
618 4257 682 4326 ἐκ
735 4273 840 4344 γῆς
893 4274 1281 4346 ἀνιστάμενοι,
1329 4275 1429 4328 καὶ
1472 4275 1839 4341 ἀνακαινιεῖς
1868 4275 1936 4330 τὸ

345 4365 678 4433 πρόσωπον
701 4365 813 4435 τῆς
841 4366 974 4438 γῆς,
1000 4367 1060 4420 τὸ
1087 4367 1282 4431 κάλλος
1312 4367 1414 4438 τῆς
1438 4368 1561 4437 γῆς,
1589 4367 1788 4439 δηλαδὴ
1811 4369 1937 4433 τοὺς

348 4460 460 4513 ἀπὸ
532 4458 638 4530 γῆς
685 4459 1024 4524 πλασθέντας
1089 4459 1429 4531 ἀνθρώπους.
1513 4460 1779 4514 Ἐνταῦθα
1840 4477 1936 4514 σα-

2048 3268 2103 3321 in
2155 3267 2421 3336 pulverem
2485 3281 2643 3321 suum
2697 3276 3041 3321 revertentur.
3093 3266 3318 3322 Emittes
3390 3273 3640 3340 spiritum

2050 3365 2219 3421 tuum,
2235 3366 2287 3411 et
2307 3356 2649 3421 creabantur,
2681 3365 2730 3411 et
2761 3356 3036 3412 renouabis
3067 3357 3258 3427 faciem
3283 3361 3640 3420 terrw.AEsti-

2047 3465 2138 3504 mo
2157 3449 2226 3505 de
2251 3449 2571 3505 hominibus
2605 3448 2695 3504 hic
2721 3464 3032 3505 sermonem
3057 3449 3272 3515 haberi,
3307 3466 3372 3507 ac
3393 3468 3640 3523 praesen-

2045 3542 2118 3598 tis
2138 3541 2327 3598 seaculi
2359 3540 2888 3597 consummationem
2919 3541 3202 3613 futurique
3224 3546 3635 3603 renovationem

2045 3631 2133 3686 his
2159 3629 2494 3703 signiﬁcari;
2526 3636 2588 3684 ut
2621 3644 2691 3684 ne
2715 3632 2840 3700 quis
2857 3632 3235 3702 suspicaretur
3253 3633 3418 3705 hujus
3442 3636 3636 3692 mundi

2045 3731 2249 3779 statum
2289 3723 2346 3778 in
2375 3729 2645 3778 aeternum
2673 3737 2998 3778 mansurum
3032 3740 3187 3793 esse;
3225 3727 3322 3782 sed
3357 3743 3508 3799 spem
3531 3729 3633 3785 ha-

2042 3813 2300 3871 beremus
2330 3813 2385 3868 in
2421 3813 2556 3868 illud
2589 3827 2794 3868 novum
2841 3814 3126 3881 saeculum,
3162 3832 3228 3872 ac
3273 3820 3634 3876 resurrectio-

2042 3921 2169 3962 nem
2199 3922 2364 3977 quam
2394 3923 2578 3964 sermo
2603 3907 2867 3972 declarat,
2903 3924 3026 3963 cum
3061 3917 3418 3982 posteaquam
3467 3913 3630 3979 dixit,

2042 3997 2110 4054 In
2128 3999 2392 4068 pulverem
2423 4015 2578 4054 suum
2604 4007 2946 4064 revertentur,
2972 4000 3219 4069 subjicit,
3246 4000 3474 4056 Emittes
3504 4005 3621 4071 spi-

2041 4094 2202 4147 ritum
2227 4102 2376 4146 tuum
2405 4091 2704 4156 viviﬁcum,
2732 4101 2783 4146 et
2810 4090 3151 4156 creabantur,
3184 4107 3251 4147 ex
3278 4101 3424 4146 terra
3450 4110 3633 4150 resur-

2041 4192 2254 4256 gentes,
2291 4195 2342 4240 et
2383 4183 2658 4238 renovabis
2703 4183 2898 4254 faciem
2941 4193 3118 4246 terrae,
3161 4183 3629 4254 pulchritudinem

2039 4276 2291 4331 videlicet
2317 4283 2496 4340 terrae,
2522 4275 2577 4329 id
2604 4283 2710 4340 est,
2732 4275 2986 4330 homines
3011 4290 3079 4330 ex
3111 4283 3258 4330 terra
3287 4277 3625 4335 eﬁormatos.

2040 4366 2141 4422 Hic
2187 4367 2338 4423 clare
2379 4366 2542 4421 nobis
2578 4365 3071 4432 resurrectionem,
3116 4381 3317 4420 novam
3365 4382 3464 4437 per
3495 4380 3627 4424 san-

2039 4458 2349 4515 ctissimum
2380 4455 2648 4527 Spiritum
2683 4457 2874 4521 vitam,
2911 4471 2976 4511 ac
3005 4457 3373 4513 humanorum
3423 4473 3625 4528 corpo-

293 4573 301 4579 ·
350 4551 466 4622 φῶς
515 4553 647 4624 ἡμῖν
678 4550 772 4604 καὶ
804 4551 901 4622 τὴν
940 4552 1234 4606 ἀνάστασιν
1276 4551 1651 4625 προεκήρυξε,
1691 4553 1786 4605 καὶ
1835 4552 1936 4624 τὴν

2048 4567 2162 4608 rum
2192 4551 2249 4606 in
2273 4549 2578 4606 novissimo
2609 4550 2796 4604 saeculi
2827 4556 3073 4620 tempore
3099 4551 3154 4604 in
3182 4550 3476 4621 pristinam
3510 4550 3625 4606 lor-

347 4644 439 4700 διὰ
467 4643 564 4699 τοῦ
610 4643 875 4713 παναγίου
917 4645 1237 4717 Πνεύματος
1271 4645 1592 4710 ἀναϐίωσιν,
1621 4647 1718 4699 καὶ
1749 4645 1842 4698 τὸν
1876 4647 1934 4700 ἐν

349 4738 601 4810 ἐσχάτοις
633 4737 728 4791 τοῦ
757 4737 951 4801 αἰῶνος
980 4741 1192 4810 καιροῖς
1214 4738 1324 4791 τῶν
1357 4737 1713 4811 ἀνθρωπίνων
1747 4738 1935 4808 σωμά-

347 4849 478 4896 των,
515 4830 903 4902 ἀναπλασμόνο
934 4831 1033 4902 τήν
1066 4848 1124 4883 τε
1153 4833 1233 4894 είς
1275 4828 1335 4884 τὸ
1378 4827 1532 4896 αὖθις
1564 4827 1702 4885 εἶναι
1755 4847 1934 4902 παρα-

348 4924 556 4994 γωγήν.
582 4925 689 4977 Καὶ
723 4924 1016 4988 δείκνυσιν,
1044 4923 1118 4988 ὡς
1144 4924 1304 4988 αὐτός
1331 4926 1476 4979 ἐστιν
1505 4928 1534 4978 ὁ
1571 4927 1666 4981 δια)⁵
1697 4925 1928 4980 θανάτου

347 5014 444 5068 καὶ
465 5014 611 5084 ζωῆς
634 5015 1006 5086 δεσπότης.ού
1035 5015 1143 5087 γάρ
1175 5013 1421 5085 βούλεται
1452 5018 1563 5080 τοῖς
1587 5015 1929 5086 σκυθρωποῖς

347 5105 721 5177 ἐνδιατρίϐειν,
740 5107 878 5161 ἀλλὰ
908 5106 1164 5161 τοσοῦτον
1191 5105 1358 5160 εἰπὼν
1385 5108 1509 5161 ὅσον
1538 5107 1796 5179 φοϐῆσαι,
1823 5107 1929 5161 πά-

345 5195 432 5250 λιν
458 5197 550 5251 ἐπὶ
573 5197 641 5251 τὰ
656 5196 867 5270 χρηστά
892 5198 1156 5266 ἐπανάγει
1172 5196 1263 5249 τὸν
1282 5196 1459 5264 λόγον,
1479 5197 1573 5250 καὶ
1601 5197 1738 5268 ὅπερ
1760 5196 1927 5250 ἅλλα-

345 5287 445 5360 χοῦ
465 5288 698 5362 εἴρηται,
721 5291 802 5344 ὅτι
832 5291 926 5343 καὶ
942 5289 1172 5343 θανάτου
1203 5289 1298 5343 καὶ
1321 5287 1468 5360 ζωῆς
1495 5287 1660 5352 αὐτός
1689 5290 1805 5342 ἐστι
1822 5287 1930 5342 Κύ-

347 5378 658 5452 ριος,τοῦτο
674 5379 908 5434 ἐνταῦθα
931 5379 1098 5452 δηλοῖ,
1133 5381 1225 5434 καί
1255 5395 1388 5452 φησι
1415 5378 1543 5442 τοὺς
1569 5380 1651 5442 είς
1681 5379 1772 5433 τὸν
1795 5378 1926 5449 χοῦν

345 5469 780 5543 ἐπιστρέψαντας
795 5471 899 5526 ὑπὸ
914 5471 1006 5525 τοῦ
1024 5471 1164 5525 Πνεύ
1171 5489 1342 5543 ματος
1371 5471 1672 5537 κτίζεσθαι,
1690 5473 1785 5526 καὶ
1801 5475 1925 5527 άνα-

301 5611 307 5632 ς
343 5562 684 5628 καινίζεσθαι
715 5565 822 5617 τῶν
848 5564 1149 5636 ἀνθρώπων
1177 5564 1238 5617 τὸ
1270 5565 1424 5632 γένος
1449 5581 1461 5594 ·
1495 5566 1527 5634 ή
1558 5565 1665 5634 γὰρ
1691 5565 1926 5618 ἀνάστα-

306 5638 321 5654 "
347 5671 432 5719 σις
451 5655 531 5718 είς
553 5654 613 5707 τὸ
645 5655 871 5726 ἀρχαῖόν
905 5657 1052 5708 ἐστιν
1091 5656 1551 5718 ἀποκατάστασις.
1598 5655 1926 5726 Ἀποστολὴν

343 5744 401 5798 δὲ
438 5745 596 5800 καλεῖ
621 5746 714 5800 τοῦ
750 5745 1066 5817 Πνεύματος
1097 5747 1198 5817 τὴν
1231 5747 1368 5819 πρὸς
1393 5747 1454 5800 τὸ
1481 5748 1726 5818 ἐνεργεῖν
1759 5747 1924 5800 αὑτοῦ

342 5840 766 5909 συγκατάόασιν,
792 5840 852 5894 οὐ
882 5839 980 5912 τὴν
1005 5841 1067 5894 ἐκ
1096 5840 1262 5893 τόπου
1293 5842 1370 5905 είς
1397 5841 1563 5894 τόπον
1591 5839 1921 5912 μετάϐασινο

2035 4658 2182 4698 mam
2239 4641 2669 4707 restitutionem,
2716 4642 3050 4712 praenuntiat
3083 4659 3096 4696 :
3137 4641 3380 4713 itemque
3416 4643 3624 4715 produ-

2035 4733 2272 4787 ctionem
2302 4731 2452 4786 illam
2495 4739 2558 4786 ut
2601 4747 2824 4788 rursum
2862 4732 3212 4788 exsistamus.
3259 4732 3625 4804 Ostenditque

2035 4823 2217 4894 ipsum
2249 4837 2373 4879 esse
2415 4829 2470 4877 et
2501 4824 2697 4878 mortis
2723 4832 2776 4879 et
2816 4823 2941 4877 vitae
2980 4821 3296 4882 Dominum.
3337 4823 3460 4879 Non
3504 4827 3622 4882 vult

2033 4916 2180 4972 enim
2228 4929 2332 4971 nos
2368 4914 2426 4969 in
2469 4914 2724 4971 tristibus
2771 4929 3130 4986 permanere;
3179 4916 3275 4971 sed
3325 4925 3620 4988 postquam

2031 5016 2262 5065 eatenus
2285 5009 2377 5062 illa
2403 5007 2564 5075 dixit,
2597 5016 2874 5079 quatenus
2900 5024 3004 5064 nos
3031 5007 3518 5080 perterrefaceret;
3550 5011 3618 5064 ad

2017 5099 2253 5154 'mitiora
2289 5114 2512 5155 rursum
2547 5115 2860 5156 sermonem
2905 5100 3160 5156 reducit:
3191 5109 3246 5158 et
3291 5102 3440 5172 quod
3484 5102 3614 5178 alibi

2031 5190 2242 5247 dictum
2268 5199 2374 5258 est,
2403 5193 2667 5264 quoniam
2713 5194 2839 5248 vita
2881 5199 2937 5248 et
2978 5194 3174 5248 mortis
3206 5195 3324 5265 ipse
3347 5193 3616 5250 Dominus

2031 5291 2136 5352 est,
2166 5284 2406 5356 idipsum
2432 5285 2548 5356 jam
2576 5285 2786 5342 indicat
2812 5292 2868 5341 et
2896 5286 2996 5353 ait,
3013 5301 3109 5342 eos
3132 5288 3227 5358 qui
3251 5288 3307 5342 in
3333 5287 3615 5357 pulverem

2029 5377 2236 5433 reversi
2253 5385 2383 5433 sunt
2406 5394 2436 5433 a
2463 5360 2670 5450 Spiritu
2687 5378 3055 5442 creandos,ac
3084 5380 3461 5435 renovandum
3489 5393 3614 5434 esse

2030 5483 2203 5539 genus
2235 5470 2536 5526 humanum
2565 5486 2725 5526 :nam
2755 5473 3087 5527 resurrectio
3128 5481 3213 5528 est
3240 5474 3296 5528 in
3316 5471 3613 5544 pristinum

2028 5562 2328 5618 restitutio.
2374 5561 2740 5618 Emissionem
2793 5557 2975 5619 autem
3035 5564 3274 5635 Spiritus
3331 5574 3614 5637 nuncupat

2029 5655 2150 5724 ejus
2181 5653 2248 5708 ad
2282 5654 2620 5723 operandum
2643 5654 2994 5720 descensum,
3024 5672 3136 5711 non
3174 5672 3306 5713 vero
3351 5658 3614 5712 mutatio-

2028 5764 2155 5804 nem
2185 5763 2216 5802 a
2250 5748 2373 5803 loco
2413 5747 2470 5802 in
2502 5746 2707 5812 locum,
2741 5749 2872 5818 quia
2899 5747 3135 5819 Spiritus
3167 5748 3377 5804 Domini
3397 5749 3612 5820 repleuit

2035 5839 2214 5896 orbem
2238 5849 2526 5909 terrarum,
2561 5858 2591 5896 a
2621 5857 2730 5914 quo
2755 5841 2924 5900 facies
2952 5851 3115 5900 terrae
3173 5854 3489 5904 renovatur.
3518 5841 3612 5899 Et-
