4102 6390
456 336 594 390 1287

1091 329 1356 386 EUSEBII
1395 298 1874 385 CzESARlENSIS
1910 325 2063 382 OPP.
2120 326 2299 382 PARS
2340 324 2425 382 ΙΙΙ.
2467 356 2539 366 —
2577 319 2984 384 EXEGETICA',

3567 328 3704 386 1288

453 455 596 510 enim
617 451 731 505 hace
746 456 830 504 est
853 456 1012 503 terra:
1042 447 1413 518 pulchritudo,
1442 445 1700 499 animalia
1731 460 1853 516 qua:
1882 446 1936 498 in
1965 458 2026 498 ca

2137 443 2211 496 ὅτι
2249 443 2492 512 Πνεῦμα
2525 443 2745 512 Κυρίου
2790 443 3144 512 πεπλήρωκε
3179 443 3294 512 τὴν
3323 444 3703 514 οίκουμένην,

455 552 605 608 sunt,
649 543 871 613 plantae,
919 547 974 594 et
1024 539 1307 595 hominum
1349 552 1542 608 genus.
1588 534 1660 592 Ut
1700 545 1882 591 autem
1935 536 2025 589 illa

454 637 882 696 constituantur,
917 631 1227 686 necessaria
1263 637 1347 684 est
1373 629 1599 699 spiratio
1621 635 1675 683 et
1697 627 1806 681 vita
1838 628 1906 682 ab
1935 627 2028 680 illo

454 729 601 790 data,
649 741 813 796 quam
843 732 898 781 et
929 724 1060 778 dare
1103 729 1157 776 et
1187 719 1433 790 accipere
1477 720 1579 788 ipsi
1629 717 1890 788 perfacile
1921 725 2026 784 est,

455 828 617 888 atque
645 817 760 870 haec
786 815 969 869 omnia
996 819 1225 883 repente
1248 825 1312 865 ac
1341 810 1493 864 nullo
1522 809 1742 879 negotio
1776 809 1988 878 peragit
2011 827 2024 861 :

455 913 508 963 id
538 911 683 964 eiiim
731 908 817 962 vel
867 905 1165 960 maximum
1215 911 1299 958 est
1331 901 1550 956 virtutis
1583 900 1704 971 ejus
1741 914 2030 970 argumen-

456 1005 590 1049 tum.
635 993 799 1048 Vides
842 992 1006 1048 etiam
1034 993 1089 1046 in
1124 990 1376 1061 praesenti
1407 991 1517 1044 vita
1548 989 2027 1053 resurrectionem,

457 1089 512 1140 in
549 1086 881 1149 seminibus,
923 1083 980 1137 in
1018 1083 1240 1153 plantis,
1280 1089 1442 1151 atque
1480 1081 1532 1135 in
1582 1082 1702 1150 ipso
1747 1081 2029 1135 hominum

460 1195 657 1252 genere
691 1192 1005 1249 expressam
1046 1176 1114 1230 ad
1152 1173 1542 1230 meditandum.
1593 1174 1870 1244 Siquidem
1913 1172 2032 1228 ani-

459 1275 622 1327 malia
653 1280 708 1327 et
739 1273 935 1342 planta
967 1277 1264 1324 extremam
1304 1267 1427 1323 vita:
1457 1270 1724 1323 rationem
1755 1269 2027 1331 obtinent,

457 1381 564 1434 qua
595 1365 830 1427 sublata,
858 1369 918 1416 ut
946 1361 1148 1414 dictum
1179 1366 1285 1425 est,
1311 1367 1424 1414 tota
1456 1362 1566 1414 vita
1594 1359 1776 1416 deﬁcit
1803 1379 1816 1414 :
1840 1365 1894 1415 et
1910 1374 2031 1430 quae

456 1456 674 1512 residua
703 1461 852 1519 sunt,
888 1454 1030 1524 quod
1068 1468 1178 1524 pra:
1224 1452 1541 1508 inﬁrmitate
1585 1453 1750 1506 vitam
1801 1465 2029 1507 conser-

455 1566 585 1605 vare
612 1564 722 1603 non
771 1549 1003 1618 possint,
1036 1545 1104 1600 ad
1149 1560 1318 1600 unum
1357 1553 1412 1600 et
1460 1545 1603 1599 idem
1643 1551 2028 1609 revertuntur;

456 1657 520 1697 ac
565 1655 759 1696 rursus
800 1637 1059 1693 animalia
1108 1636 1265 1692 fiunt.
1307 1634 1573 1706 Quodque
1625 1634 2028 1690 divinissimum

454 1744 562 1800 est,
591 1749 694 1788 nos
736 1748 804 1787 ex
833 1738 973 1796 toto,
1001 1729 1258 1785 videlicet
1290 1729 1504 1784 animas
1531 1735 1585 1783 et
1627 1728 1763 1798 ipsis
1796 1727 2031 1795 conjun-

2134 537 2224 604 ὑφ’
2261 529 2322 590 οὗ
2347 535 2408 589 τὸ
2459 535 2748 607 πρόσωπον
2780 535 2878 606 τῆς
2906 535 3010 606 γῆς
3064 535 3490 599 ἀνακαινίζεται.
3537 536 3710 590 Τοῦτο

2133 629 2243 703 γὰρ
2275 630 2469 694 κάλλος
2491 670 2504 692 ,
2559 629 2658 699 τῆς
2692 628 3015 700 οἰκουμένης
3063 629 3132 683 τὰ
3184 628 3302 694 ζῶα
3332 629 3403 682 τὰ
3438 631 3498 681 ὲν
3535 630 3670 700 αὐτῇ
3693 670 3706 692 ,

2132 725 2200 778 τά
2230 723 2391 794 φυτά,
2435 723 2543 776 τῶν
2583 720 2884 793 ἀνθρώπων
2923 721 2986 775 τὸ
3036 722 3220 790 γένος·
3255 722 3398 776 ὥστε
3435 722 3494 775 δὲ
3535 722 3712 778 ταῦτα

2137 815 2427 887 συστῆναι,
2484 817 2583 886 τῆς
2631 815 2759 884 παρ’
2808 812 2974 867 αὑτοῦ
3011 813 3293 885 διδομένης
3343 813 3504 886 χρεία
3543 813 3709 885 πνοῆς

2134 909 2228 961 καὶ
2262 906 2407 978 ζωῆς
2431 922 2444 938 ⁸
2474 908 2542 979 ῆν
2593 907 2686 961 καὶ
2713 905 2894 960 δοῦναι
2937 905 3029 959 καὶ
3063 905 3244 959 λαϐεῖν
3295 906 3444 974 αὐτῷ
3493 907 3708 977 ῥᾴδιον,

2135 1000 2230 1054 καὶ
2276 999 2453 1053 πάντα
2511 999 2650 1071 μετὰ
2686 1001 2883 1070 τάχους
2927 998 3023 1051 καὶ
3075 998 3341 1063 εὐκολίας.
3396 999 3506 1052 Καὶ
3555 997 3713 1051 τοῦτο

2137 1089 2374 1160 μάλιστα
2405 1088 2677 1143 δείκνυσιν
2699 1089 2864 1142 αὐτοῦ
2890 1089 2990 1161 τὴν
3019 1088 3193 1159 ἰσχύν.
3238 1089 3402 1160 Ὀρᾷς
3433 1089 3527 1142 καὶ
3550 1089 3608 1141 ὲν
3634 1087 3714 1158 τῷ

2136 1181 2365 1254 παρόντι
2430 1180 2530 1252 βίῳ
2585 1181 2964 1252 μελετωμένην
2996 1181 3094 1252 τὴν
3155 1181 3453 1235 ἀνάστασιν
3499 1182 3558 1234 ὲν
3602 1182 3715 1244 τοῖς

2136 1274 2478 1346 σπέρμασιν,
2531 1276 2590 1327 ἐν
2615 1277 2728 1338 τοῖς
2769 1278 2956 1344 φυτοῖς
2977 1315 2992 1338 ,
3025 1274 3118 1327 καὶ
3167 1274 3225 1326 ὲν
3271 1271 3422 1342 αὺτῷ
3450 1272 3531 1344 τῷ
3567 1271 3715 1341 γένει

2134 1365 2243 1418 τῶν
2268 1364 2588 1438 ἀνθρώπων.
2615 1368 2726 1420 Καὶ
2762 1363 2876 1429 ζῶα
2901 1365 3011 1437 γὰρ
3037 1366 3130 1418 καὶ
3163 1363 3306 1433 φυτὰ
3337 1365 3460 1418 κατ’
3487 1363 3716 1434 ἔσχατον

2135 1459 2404 1529 άπήχημα
2431 1457 2532 1529 τῆς
2571 1457 2716 1529 ζωῆς
2741 1457 2921 1529 ἔχουσι
2961 1457 3023 1509 τὸ
3053 1454 3209 1516 εἶναι.
3249 1452 3318 1528 ῆς
3360 1457 3716 1526 άνταναιρου-

2139 1548 2308 1618 μένης
2340 1547 2481 1602 κατὰ
2509 1547 2570 1601 τὸ
2594 1547 2795 1616 λόγιον,
2841 1546 3081 1601 ἐκλείπει
3109 1548 3258 1600 πᾶσα
3284 1545 3419 1617 ζωὴ,
3448 1545 3543 1598 καὶ
3576 1545 3716 1616 πρὸς

2136 1638 2194 1692 ἓν
2221 1639 2291 1693 τὰ
2315 1639 2666 1694 ἐκλελοιπότα
2695 1642 2761 1711 τῇ
2797 1639 2933 1710 πρὸς
2955 1640 3016 1693 τὸ
3063 1639 3312 1710 μετέχειν
3344 1638 3514 1708 αὐτῆς
3554 1636 3716 1690 άσθε-

2135 1731 2254 1805 νείᾳ
2296 1732 2458 1786 πάλιν
2513 1731 2948 1804 ὲπιστρεφόμενα
2975 1772 2989 1796 ,
3020 1731 3182 1785 πάλιν
3213 1731 3327 1796 ζῶα
3361 1728 3589 1800 γίνεται.
3640 1729 3716 1782 Τὸ

457 1835 545 1880 cta
575 1837 826 1894 corpora,
855 1821 922 1875 ad
958 1818 1327 1874 omnimodam
1371 1819 1536 1873 vitam
1565 1826 1620 1874 et
1654 1818 2034 1873 immortalita-

2137 1821 2194 1874 δὲ
2244 1821 2540 1885 θειότατον,
2571 1823 2654 1875 ﬁt
2692 1822 2787 1876 καὶ
2831 1821 2966 1886 ὅλως
2999 1823 3168 1894 ἡμᾶς,
3222 1821 3401 1892 ψυχάς
3434 1838 3578 1891 φημι
3617 1823 3716 1875 καὶ

455 1925 566 1972 tem
596 1913 1010 1972 transferendos
1033 1927 1155 1968 esse
1184 1911 1239 1965 in
1272 1911 1561 1981 promissis
1582 1910 1880 1966 habemus:
1910 1925 2031 1980 quae

456 2025 546 2064 res
591 2022 722 2063 sane
767 2004 1012 2076 antiquis
1057 2011 1253 2073 praeter
1282 2011 1535 2056 naturam
1578 2017 1701 2058 esse
1736 2000 1878 2056 forte
1912 2002 2031 2056 visa

457 2097 622 2154 luerit
651 2112 665 2150 :
695 2111 759 2150 ac
803 2108 992 2149 revera
1025 2100 1079 2146 et
1105 2093 1346 2147 divinum
1371 2107 1510 2162 opus
1537 2099 1624 2147 est
1653 2099 1708 2146 et
1734 2106 1899 2162 supra
1931 2105 2030 2144 na-

455 2197 668 2255 turam;
699 2193 971 2247 naturam,
1011 2183 1254 2253 inquam,
1287 2192 1554 2248 nostram,
1586 2197 1693 2237 non
1723 2197 1853 2237 vero
1885 2183 2032 2236 illam

457 2281 607 2338 omni
633 2281 836 2333 virtute
875 2276 1126 2346 plenam:
1162 2274 1292 2328 huic
1324 2275 1469 2329 enim
1517 2274 1667 2329 nulla
1700 2274 1810 2330 vita
1838 2282 2034 2344 praeter

457 2382 710 2430 naturam
758 2377 852 2424 aut
884 2383 1050 2439 supra
1092 2375 1342 2421 naturam
1385 2375 1498 2433 est;
1527 2366 1712 2437 itaque
1757 2365 1886 2421 hinc
1919 2380 2036 2421 ser-

457 2478 676 2527 mones,
705 2458 1007 2516 secundum
1027 2454 1270 2509 Simonis
1294 2453 1563 2508 insaniam
1590 2452 1876 2507 adversum
1908 2467 2035 2522 pro-

458 2556 578 2618 lati,
621 2551 998 2622 repudientur.
1035 2547 1268 2614 Quidam
1302 2561 1434 2602 vero
1463 2547 1543 2601 sic
1583 2544 1749 2598 hosce
1789 2544 2035 2598 versicu-

457 2649 541 2704 los
571 2646 849 2716 explicant
877 2661 889 2696 :
926 2639 1148 2694 Emittes
1170 2637 1432 2709 Spiritum
1462 2645 1630 2702 tuum,
1663 2634 1758 2705 qui
1799 2649 1898 2704 per
1935 2632 2035 2688 ba-

456 2741 720 2812 ptismum
751 2732 984 2799 accedit,
1011 2741 1065 2787 et
1107 2721 1442 2786 creabuntur
1485 2729 1542 2784 in
1571 2742 1766 2784 novam
1818 2731 2036 2781 creatu-

456 2847 599 2896 ram,
631 2829 688 2886 in
710 2842 908 2884 novum
932 2825 1228 2898 populum;
1261 2824 1336 2879 ita
1366 2830 1425 2878 ut
1441 2822 1592 2893 prior
1617 2820 1834 2893 quidem
1865 2819 2038 2874 inter-

457 2923 694 2996 pretatio
741 2920 1079 2992 intelligatur
1122 2917 1190 2973 de
1231 2914 1638 2972 resurrectione
1668 2928 1735 2969 ex
1780 2912 2034 2976 mortuis,

459 3015 680 3087 quando
717 3022 864 3069 terra
900 3012 1273 3075 renovabitur,
1337 3016 1393 3063 et
1429 3006 1748 3062 liberabitur
1781 3019 1811 3059 a
1843 3018 2038 3059 corru-

461 3110 690 3182 ptione;
724 3105 970 3164 secunda
996 3121 1152 3171 vero,
1185 3103 1256 3159 de
1294 3100 1705 3172 regeneratione
1733 3112 1832 3171 per
1856 3095 2037 3167 bapti-

459 3217 660 3260 smum.

535 3315 698 3371 Vnus.
723 3314 917 3369 51-35.
948 3311 1032 3368 Sit
1056 3310 1228 3380 gloria
1251 3308 1467 3364 Domini
1492 3307 1550 3362 in
1576 3305 1852 3370 swculum,
1886 3304 2040 3358 laeta-

462 3410 603 3463 bitur
633 3408 892 3462 Dominus
921 3407 974 3459 in
1004 3402 1246 3473 operibus
1272 3403 1406 3457 suis.
1430 3400 1538 3468 Qui
1568 3398 1782 3468 respicit
1814 3408 2036 3462 terram,

459 3509 510 3554 et
537 3498 668 3567 facit
701 3512 819 3552 eam
848 3504 1088 3559 tremere,
1116 3493 1206 3564 qui
1234 3491 1405 3562 tangit
1435 3497 1636 3544 montes
1669 3499 1718 3543 et
1750 3487 2034 3557 fumigant.

461 3588 703 3646 Cantabo
756 3585 988 3642 Domino
1037 3585 1094 3638 in
1139 3584 1248 3638 vita
1294 3597 1431 3646 mea,
1484 3580 1718 3650 psallam
1765 3579 1877 3634 Deo
1923 3594 2038 3632 meo

459 3681 696 3752 quandiu
720 3695 858 3734 sum.
882 3674 1357 3746 Quandoquidem,
1383 3673 1479 3738 ait,
1521 3672 1637 3728 haec
1661 3670 1885 3736 edidici,
1912 3670 2038 3726 ideo

459 3776 630 3826 totam
669 3771 832 3824 vitam
868 3783 1044 3823 meam
1077 3767 1134 3821 in
1163 3766 1394 3837 hymnos
1414 3771 1469 3820 et
1500 3763 1718 3819 laudern
1758 3763 2038 3819 Creatoris

459 3862 736 3918 insumam
764 3875 780 3916 :
814 3866 869 3915 et
897 3857 1138 3929 quandiu
1161 3855 1420 3911 vivam.et
1449 3853 1507 3909 in
1544 3854 1647 3909 hac
1679 3853 1790 3908 vita
1817 3853 2036 3924 degam,

461 3953 704 4010 debitum
732 3951 1003 4023 psalmum
1029 3947 1253 4004 reddam
1288 3945 1401 4002 Deo
1427 3959 1572 4000 meo.
1600 3943 1714 3999 Hoc
1742 3958 1908 4015 porro
1940 3943 2037 3998 ad-

459 4046 816 4100 ditamentum
851 4055 1105 4113 magnum
1138 4039 1356 4094 exhibet
1382 4036 1636 4093 allectum
1665 4043 1720 4093 et
1749 4035 2035 4091 familiari-

459 4143 628 4192 tatem
655 4150 780 4190 cum
809 4133 941 4189 Deo.
967 4131 1089 4187 Non
1118 4131 1258 4186 dixit
1289 4129 1456 4194 enim,
1480 4129 1710 4199 psallam
1746 4127 1880 4195 Deo,
1912 4136 2038 4182 tan-

459 4235 599 4292 tum,
635 4226 752 4290 sed,
794 4225 902 4279 Deo
930 4241 1064 4280 meo.
1097 4222 1325 4278 Videtur
1363 4236 1598 4291 namque
1624 4219 1828 4285 dicere,
1861 4221 1911 4276 ei
1939 4219 2035 4290 qui

459 4333 550 4373 me
570 4318 796 4379 creavit,
831 4331 897 4370 ac
926 4315 1209 4380 enutrivit,
1236 4313 1594 4383 omniumque
1625 4313 1894 4368 bonorum
1933 4327 2034 4366 au-

459 4416 580 4465 ctor
609 4409 741 4464 mihi
779 4406 899 4461 fuit.
943 4405 1042 4460 Hic
1067 4414 1247 4461 autem
1282 4404 1557 4459 canticum
1591 4404 1743 4469 dicit,
1774 4419 1886 4460 non
1916 4419 2035 4458 ver-

2137 1911 2204 1966 τὰ
2233 1912 2440 1984 συζυγῆ
2469 1911 2716 1984 σώματα,
2751 1913 2889 1986 πρὸς
2919 1913 3155 1984 παντελῆ
3185 1913 3332 1985 ζωὴν
3373 1914 3468 1967 καὶ
3507 1913 3715 1968 ἀθανα-

2139 2004 2260 2058 σίαν
2285 2005 2615 2076 ἐπήγγελται
2644 2007 2999 2078 μεταθήσειν·
3031 2008 3264 2078 πρᾶγμα
3284 2008 3351 2077 τῇ
3390 2005 3715 2074 παλαιότητι

2141 2097 2240 2168 μὲν
2265 2096 2392 2159 ἴσως
2416 2097 2566 2168 παρὰ
2596 2096 2755 2166 φύσιν
2787 2097 2998 2161 δοκοῦν,
3031 2101 3097 2170 τῇ
3119 2099 3175 2152 δὲ
3199 2097 3429 2170 ἀληθείᾳ
3453 2098 3548 2151 καὶ
3571 2098 3715 2152 θεῖον

2139 2190 2234 2242 καὶ
2272 2189 2412 2261 ὑπὲρ
2441 2187 2602 2257 φύσιν
2628 2189 2725 2259 τὴν
2763 2187 2886 2242 καθ’
2913 2189 3096 2259 ἡμᾶς,
3139 2189 3200 2243 οὐ
3253 2187 3352 2259 τὴν
3401 2189 3713 2260 πανσθενῆο

2139 2280 2273 2350 αὐτῇ
2306 2278 2414 2350 γὰρ
2443 2279 2564 2332 οὐδὲ
2599 2279 2696 2350 μία
2729 2278 2842 2349 ζωὴ
2882 2278 3032 2350 παρὰ
3067 2279 3305 2349 quioth
3343 2279 3484 2350 ὑπὲρ
3527 2278 3714 2349 φύσιν,

2139 2369 2278 2422 ὥστε
2308 2369 2357 2422 oi
2404 2369 2532 2440 περὶ
2563 2367 2767 2422 τούτων
2801 2368 2902 2437 τῆς
2935 2369 3222 2440 παροινίας
3253 2369 3496 2440 Σίμωνος
3528 2370 3716 2442 ἀντιρ-

2142 2463 2352 2534 ρητικοὶ
2378 2463 2526 2531 λόγοι
2564 2461 3046 2534 άπεληλάσθωσανέ
3092 2463 3250 2525 Τινὲς
3274 2463 3331 2516 δὲ
3361 2462 3505 2517 οὕτω
3534 2463 3715 2517 νοοῦσι

2140 2557 2264 2619 τοὺς
2292 2555 2507 2626 στίχους
2524 2572 2536 2585 ·
2580 2554 2923 2618 Ἀποστελεῖς
2955 2555 3014 2608 τὸ
3038 2554 3261 2626 Πνεῦμά
3288 2572 3403 2622 σου,
3427 2555 3485 2608 τὸ
3507 2556 3595 2609 διὰ
3618 2555 3714 2609 τοῦ

2142 2649 2294 2718 ἁγίου
2327 2648 2699 2720 βαπτίσματος
2726 2649 3048 2717 ἐπιφοιτῶν,
3077 2648 3172 2701 καὶ
3210 2649 3591 2720 κτισθήσονται
3635 2649 3717 2712 είς

2142 2740 2334 2810 καινὴν
2373 2740 2570 2807 κτίσιν,
2609 2741 2690 2804 είς
2723 2739 2842 2793 νέον
2891 2738 3053 2793 λαόν·
3089 2738 3166 2802 ὡς
3201 2739 3438 2794 νοεῖσθαι
3469 2738 3568 2812 τὴν
3617 2740 3717 2811 μὲν

2141 2832 2411 2904 προτέραν
2442 2831 2738 2904 ἑρμηνείαν
2783 2833 2912 2904 ’περὶ¹
2961 2835 3061 2904 τῆς
3093 2833 3162 2886 ὲκ
3209 2831 3420 2904 νεκρῶν
3476 2833 3715 2886 ἀναστά-

2144 2939 2299 2988 σεως,
2328 2923 2418 2977 ὅτε
2465 2923 2558 2976 καὶ
2587 2923 2622 2994 ἡ
2668 2924 2738 2994 γῆ
2792 2922 3304 2995 ἀνακαινισθήσεται
3333 2925 3428 2978 καὶ
3473 2923 3720 2979 ἀπαλλαο

2142 3016 2366 3086 γήσεται
2395 3015 2496 3088 τῆς
2531 3014 2773 3085 φθορᾶς,
2819 3014 2918 3087 τὴν
2948 3015 3005 3070 δὲ
3046 3016 3305 3090 δευτέραν
3340 3016 3469 3089 περὶ
3515 3017 3613 3088 τῆς
3652 3018 3718 3070 ἐκ

2146 3105 2524 3177 βαπτίσματος
2563 3106 3003 3176 παλιγγενεσίας.

2214 3290 2370 3342 Ἦτω
2399 3289 2438 3358 ἠ
2475 3287 2625 3352 δόξα
2654 3289 2878 3357 Κυρίου
2915 3290 3002 3356 είς
3047 3289 3153 3343 τὸν
3200 3287 3417 3342 αιῶνω
3460 3291 3719 3360 εὐφραν-

2140 3379 2391 3446 θήσεται
2426 3380 2642 3449 Κύριος
2685 3379 2786 3434 ἐπὶ
2839 3380 2965 3447 τοῖς
3009 3380 3203 3450 ἔργοις
3240 3381 3446 3435 αὐτοῦ.
3491 3382 3554 3436 '0
3589 3383 3716 3437 ἐπι-

2140 3470 2376 3527 ϐλέπων
2397 3471 2496 3525 ἐπὶ
2526 3470 2643 3541 τὴν
2673 3471 2790 3542 τῆν
2817 3471 2918 3526 καὶ
2947 3471 3134 3526 ποιῶν
3173 3471 3366 3540 αὐτὴν
3394 3472 3646 3543 τρέμειν,
3681 3478 3716 3529 ό

2139 3566 2472 3635 ἁπτόμενος
2502 3565 2622 3622 τῶν
2660 3565 2845 3636 ὀρέων
2873 3568 2972 3621 καὶ
3002 3565 3403 3627 καπνίζονται.
3437 3569 3600 3638 ’ᾼσω
3635 3567 3717 3634 τῷ

2138 3655 2334 3724 Κυρίῳ
2371 3655 2444 3710 ἐν
2485 3655 2562 3725 τῇ
2605 3655 2715 3726 ζωῇ
2756 3676 2896 3728 μου,
2935 3658 3112 3728 ψαλῶ
3152 3657 3232 3724 τῷ
3272 3656 3392 3724 Θεῷ
3435 3676 3556 3728 μου
3606 3659 3716 3726 ἕως

2136 3745 2405 3817 ὑπάρχω.
2446 3748 2662 3820 Ἐπειδὴ
2696 3749 2870 3803 ταῦτα
2913 3751 3262 3822 ὃεδίδαγμαι,
3312 3750 3475 3823 φησὶ,
3527 3749 3716 3805 τούτου

2139 3843 2296 3915 χάριν
2329 3844 2509 3896 πᾶσαν
2546 3841 2645 3915 τὴν
2683 3841 2827 3914 ζωήν
2873 3859 2972 3913 μου
3015 3845 3095 3906 είς
3140 3841 3307 3914 ὕμνον
3350 3841 3718 3897 καταναλώσω

2135 3932 2214 4004 τῷ
2240 3934 2586 4007 δημιουργῷο
2622 3933 2718 3986 καὶ
2757 3933 2863 3996 ἕως
2902 3933 2968 3987 ἂν
3005 3933 3082 3998 ζῶ
3123 3935 3219 3986 καί⁵
3265 3933 3494 4005 ὑπάρχω
3536 3934 3594 3986 ἐν
3639 3931 3719 4003 τῷ

2139 4026 2239 4098 βίῳ
2270 4028 2443 4098 τούτῳ
2471 4027 2562 4080 τὸν
2588 4024 2930 4096 ὀφειλόμενον
2954 4025 3167 4096 ψαλμὸν
3201 4024 3464 4078 ἀποδώσω
3493 4025 3570 4095 τῷ
3598 4025 3719 4096 Θεῷ

2141 4134 2261 4188 μου.
2293 4117 2500 4187 Πολλὴν
2527 4117 2583 4170 δὲ
2611 4116 2862 4187 ἐμφαίνει
2893 4115 3130 4169 διάθεσιν
3158 4115 3252 4167 καὶ
3276 4113 3549 4166 οίκείωσιν
3577 4113 3718 4184 πρὸς

2135 4209 2226 4264 τὸν
2250 4209 2380 4262 Θεὸν
2411 4211 2445 4279 ὴ
2471 4208 2776 4279 προσθήκη.
2811 4209 2884 4260 Οὐ
2923 4206 3032 4277 γὰρ
3065 4202 3182 4258 εἷπε
3203 4243 3218 4267 ,
3252 4203 3430 4272 ψαλῶ
3455 4202 3536 4268 τῷ
3571 4203 3714 4270 Θεῷ,

2135 4301 2290 4366 ἀλλὰ,
2322 4301 2401 4368 τῷ
2432 4300 2552 4366 Θεῷ
2575 4318 2714 4370 μου.
2749 4301 2930 4352 Ἐοικε
2958 4299 3066 4370 γὰρ
3093 4298 3340 4366 φάσκειν,
3364 4297 3442 4368 τῷ
3470 4298 3718 4351 κτίσαντί

2139 4412 2205 4465 με
2235 4394 2328 4446 καὶ
2359 4393 2618 4463 θρέψαντα.
2644 4393 2736 4445 καὶ
2769 4392 2983 4445 πάντων
3008 4390 3163 4460 αἰτίῳ
3200 4406 3289 4460 μοι
3308 4372 3564 4458 ’γεγονότι
3606 4389 3716 4444 τῶν

460 4499 549 4554 his
603 4498 788 4563 modo,
837 4497 932 4553 sed
977 4505 1030 4553 et
1081 4497 1340 4568 operibus
1389 4497 1827 4567 persolvendum.
1876 4495 2032 4562 Quod

2139 4481 2376 4552 ἀγαθῶν.
2417 4481 2570 4553 ᾭδὴν
2623 4480 2680 4534 δὲ
2722 4479 2953 4535 ἐνταῦθα
2999 4480 3144 4549 λέγει
3205 4480 3267 4532 οὐ
3308 4478 3408 4550 τὴν
3467 4478 3557 4532 διὰ
3610 4479 3717 4532 τῶν

459 4592 604 4645 enim
629 4605 753 4646 sese
778 4591 888 4645 Deo
915 4588 1210 4644 multorum
1236 4589 1536 4646 debitorem
1559 4597 1904 4659 agnosceret,
1930 4602 2030 4643 ne-

455 4693 568 4751 que
593 4681 810 4751 dignam
832 4679 1071 4750 aliquam
1092 4681 1506 4737 retributionem
1533 4680 1781 4752 proferre
1805 4679 2030 4744 valeret,

461 4787 624 4843 quam
670 4771 852 4836 habet,
883 4771 1026 4826 hanc
1059 4771 1304 4841 deponit,
1337 4779 1398 4827 ut
1431 4773 1642 4828 scilicet
1673 4787 1797 4826 eum
1839 4785 2034 4841 perpe—

460 4873 558 4919 tuo
586 4863 801 4933 hymnis
823 4863 1080 4928 celebret,
1107 4878 1170 4917 ac
1192 4878 1258 4920 ea
1277 4864 1332 4918 in
1356 4879 1415 4918 re
1443 4870 1613 4918 totam
1639 4863 1806 4917 vitam
1833 4863 2036 4918 transi-

460 4962 571 5027 gat.
603 4953 842 5008 Audiant
872 4955 965 5024 qui
999 4961 1110 5009 tota
1134 4955 1222 5010 die
1247 4955 1300 5008 in
1328 4953 1794 5025 negotiationibus
1825 4963 1879 5009 et
1899 4969 2032 5009 cau-

461 5047 622 5118 ponis
655 5055 1067 5101 versanturzac
1113 5059 1182 5100 ne
1221 5044 1307 5099 vel
1350 5044 1521 5099 semel
1564 5044 1631 5098 ad
1676 5059 1868 5113 preces
1913 5059 2037 5100 sese

461 5142 807 5202 convertunt,
855 5143 1185 5206 quantorum
1241 5147 1536 5192 munerum
1591 5133 1867 5190 debitores
1924 5131 2035 5189 Deo

465 5230 595 5286 sint.
630 5227 745 5283 Hoc
780 5228 905 5283 vitae
934 5227 1147 5283 lucrum
1176 5236 1282 5291 est,
1326 5225 1438 5280 Deo
1480 5221 1831 5286 benedicere.
1871 5233 2036 5296 atque

465 5320 568 5374 hac
596 5319 652 5374 in
694 5333 752 5373 re
782 5319 948 5373 vitam
986 5332 1145 5388 agere
1173 5317 1395 5388 dignum
1425 5316 1530 5372 εει.
1556 5313 1688 5371 Iure
1717 5322 1899 5370 autem
1940 5315 2037 5369 ad-

461 5411 593 5480 jecit
633 5408 788 5474 illud,
843 5406 911 5462 In
958 5409 1065 5463 vita
1113 5424 1263 5472 mea;
1313 5415 1368 5463 et
1415 5407 1572 5472 illud,
1614 5406 1870 5474 Quandiu
1917 5422 2034 5461 sum

460 5499 690 5568 psallam
729 5501 856 5554 Deo.
884 5497 1071 5568 Neque
1113 5499 1259 5553 enim
1301 5506 1388 5554 est
1422 5497 1697 5569 quispiam
1746 5498 1803 5552 in
1839 5506 2033 5561 morte,

462 5588 556 5658 qui
581 5604 790 5644 memor
828 5589 901 5645 sit
927 5590 1069 5660 ejus,
1107 5589 1160 5644 in
1187 5588 1402 5644 inferno
1435 5599 1619 5644 autem
1649 5588 1774 5659 quis
1801 5587 2034 5642 conﬁte-

464 5677 650 5733 bitur?
678 5677 772 5734 Sic
801 5678 967 5735 fatuis
999 5680 1299 5750 virginibus
1322 5679 1583 5751 nuptialis
1604 5679 1842 5735 cubiculi
1866 5678 2035 5748 janua

465 5771 652 5826 clausa
678 5780 785 5832 est.
815 5769 946 5840 quia
977 5784 1188 5840 tempus
1238 5773 1383 5834 quod
1418 5774 1473 5829 in
1513 5771 1751 5829 ferendis
1778 5770 2035 5840 lampadi-
2059 5835 2096 5851 ,Α

2139 4575 2418 4648 ῥημάτων,
2446 4573 2582 4632 ἀλλὰ
2609 4573 2703 4627 καὶ
2733 4573 2832 4644 τὴν
2858 4572 2946 4626 διὰ
2981 4572 3088 4626 τῶν
3124 4572 3319 4643 ἔργων.
3359 4573 3575 4646 Ἐπειδὴ
3609 4574 3719 4645 γὰρ

2135 4663 2291 4742 εὗρεν
2329 4665 2519 4722 ἑαυτὸν
2554 4665 2764 4720 πολλῶν
2804 4666 2932 4719 ὄντα
2978 4666 3277 4721 ὑπεύθυνον
3313 4669 3392 4739 τῷ
3432 4666 3570 4738 Θεῷ,
3625 4667 3720 4720 καὶ

2134 4761 2398 4815 ἀντίδοσιν
2429 4759 2683 4830 οὐδεμίαν
2729 4758 2886 4824 ἀξίαν
2917 4758 3210 4830 δυνάμενον
3257 4759 3583 4814 καταθαλεῖν
3602 4799 3617 4824 ,
3651 4760 3720 4831 ἣν

2136 4853 2267 4924 ἔχει,
2302 4851 2506 4922 ταύτην
2528 4851 2871 4922 κατατίθησι,
2897 4851 2959 4904 τὸ
2997 4851 3256 4922 διηνεκῶς
3289 4853 3498 4922 ὑμνεῖν,
3525 4851 3586 4904 τὸ
3614 4854 3720 4903 πᾶ-

2137 4963 2234 4999 σαν
2266 4948 2345 5010 είς
2383 4944 2540 4998 τοῦτο
2568 4945 2871 5013 δαπανῆσαι
2916 4944 3016 5014 τὴν
3063 4942 3228 5015 ζωήν.
3269 4944 3638 4996 Ἀκουέτωσαν
3668 4944 3718 4996 oi

2136 5035 2540 5108 πραγματείαις
2570 5036 2663 5089 καὶ
2702 5034 3026 5105 καπηλείαις
3059 5034 3147 5088 διὰ
3188 5034 3368 5105 πάσης
3399 5035 3716 5103 κατασηπό-

2140 5146 2289 5200 μενοι
2315 5131 2414 5200 τῆς
2447 5127 2679 5200 ἡμέρας,
2711 5128 2806 5180 καὶ⁵
2847 5127 2966 5182 οὐδὲ
3009 5124 3156 5190 ἅπαξ
3193 5127 3273 5189 είς
3318 5125 3482 5195 εὐχὴν
3515 5125 3714 5195 τρεπό-

2138 5238 2310 5294 μενοι,
2333 5222 2456 5276 ὅσον
2490 5219 2627 5275 εἰσὶν
2653 5219 2940 5274 ὑπεύθυνοι
2977 5218 3056 5290 τῷ
3085 5218 3203 5286 Θεῷ
3222 5234 3234 5245 ·
3263 5217 3416 5270 τοῦτο
3439 5217 3539 5286 τῆς
3568 5217 3714 5286 ζωῆς

2135 5313 2197 5366 τὸ
2223 5313 2435 5384 κέρδος,
2471 5312 2530 5365 τὸ
2567 5313 2806 5380 εὐλογεῖν
2847 5311 2939 5364 τὸν
2983 5310 3136 5374 Θεὸν,
3172 5309 3262 5362 ἐπὶ
3293 5309 3467 5380 τούτῳ
3495 5308 3720 5377 καὶζῆν

2136 5403 2302 5471 ἄξιον.
2338 5405 2575 5469 Εἰκότως
2613 5404 2669 5458 δὲ
2702 5403 3031 5475 προσέθηκε,
3076 5404 3149 5456 ἐν
3183 5401 3259 5470 τῇ
3298 5399 3410 5468 ζωῇ
3443 5419 3583 5471 μου,
3624 5402 3721 5454 καὶ

2133 5498 2216 5562 τὸ,
2243 5497 2352 5564 ἕως
2390 5497 2660 5566 ὑπάρχω,
2699 5495 2878 5566 ψαλῶ
2923 5495 3003 5561 τῷ
3047 5494 3188 5562 Θεῷ.
3219 5496 3293 5549 Οὐ
3327 5495 3436 5566 γάρ
3474 5495 3621 5550 ἐστιν
3663 5495 3721 5545 ἐν

2137 5589 2352 5658 θανάτῳ
2399 5591 2426 5642 ὁ
2487 5589 2839 5659 μνημονεύων
2900 5587 3064 5641 αὐτοῦ
3089 5627 3102 5652 ,
3167 5590 3225 5640 ὲν
3276 5587 3333 5640 δὲ
3378 5584 3456 5656 τῷ
3499 5585 3598 5657 ᾄδῃ
3638 5585 3722 5646 τίς

2137 5678 2620 5750 ἐξομολογήσεται;
2671 5678 2857 5742 Οὕτως
2917 5677 3248 5748 ἀπεκλείσθη
3319 5680 3438 5740 ταῖς
3511 5679 3722 5748 μωραῖς

2139 5769 2429 5842 παρθένοις
2460 5770 2554 5823 τοῦ
2588 5770 2873 5840 νυμφῶνος
2928 5770 3150 5842 ήθύρα,
3207 5771 3298 5823 τὸν
3351 5771 3450 5840 τῆς
3498 5769 3721 5840 λαμπα-
