4102 6400
393 357 410 408 i
423 355 524 410 289

1541 338 2043 402 COMMENTARIA
2081 339 2146 397 IN
2186 341 2524 398 PSALMOS.

3495 341 3629 400 129.1

381 473 640 545 δηφορίας
706 472 893 543 καιρὸν
969 472 1045 533 εἰς
1101 467 1396 542 ἀγορασίαν
1463 467 1640 519 ἐλαίου
1710 463 1958 517 δαπανώ-

2067 463 2164 518 bus
2189 462 2494 532 transigere
2521 459 2810 522 debebant,
2854 460 2908 513 in
2941 460 3062 515 oleo
3107 459 3337 514 emendo
3377 475 3628 514 consum-

387 581 526 629 σαις.

465 679 774 746 Ἠδυνθείη
795 675 954 742 αὐτῷ
977 678 1015 744 ἡ
1039 672 1288 744 διαλογὴ
1308 690 1426 742 μου
1447 686 1459 698 ·
1485 670 1601 740 ἐγὼ
1623 668 1690 722 δὲ
1712 672 1958 737 εὐφραν·

382 771 640 840 θήσομαι
666 771 764 823 ἐπὶ
792 768 872 835 τῷ
900 769 1109 836 Κυρίῳ.
1141 766 1262 837 Εἵη,
1293 766 1444 836 φησὶ,
1479 763 1705 817 τοιαῦτά
1738 780 1803 834 με
1831 760 1958 833 ᾆσαι

383 862 478 915 καὶ
508 861 694 930 ψάλαι,
728 860 801 924 ὡς
827 860 1117 932 ήδυνθῆναι
1147 857 1295 928 αὐτῷ
1328 855 1416 910 τὸν
1444 855 1578 925 ὲμοῦ
1603 855 1834 924 καρπὸν,
1863 855 1959 925 τὴν

381 952 633 1024 διαλογήν
684 968 784 1023 μου
806 969 820 984 ο
864 949 1110 1004 τουτέστι
1147 951 1248 1022 τὴν
1280 949 1508 1013 διάλεξίν
1544 965 1665 1018 μου,
1704 947 1800 1017 τὴν
1834 947 1957 1015 ὁμι-

382 1040 498 1095 λίαν
533 1059 654 1112 μου,
688 1045 786 1113 τὴν
814 1040 1050 1094 αἵνεσιν·
1087 1043 1115 1094 ὁ
1169 1041 1274 1112 γὰρ
1315 1041 1531 1110 ψάλλων
1559 1039 1678 1110 Θεῷ
1719 1039 1959 1107 διαλέγε-

381 1149 491 1186 ται.
524 1133 589 1185 Τί
618 1133 676 1186 δέ
718 1135 888 1199 ἐστιν,
941 1133 1242 1201 Ἡδυνθείη
1279 1133 1438 1199 αὐτῷ
1466 1134 1504 1200 ἡ
1535 1131 1784 1202 διαλογὴ
1809 1149 1958 1200 μους

381 1223 784 1294 εὐπρόσδεκτος,
817 1225 1052 1292 γένοιτο,
1106 1224 1298 1296 ἀρέσαι
1347 1225 1581 1296 δεχθείη,
1628 1225 1816 1297 ἡδίστη
1868 1226 1960 1276 καὶ

379 1317 717 1386 τερπνοτάτη
776 1316 962 1386 ὀφθείη
1019 1316 1097 1388 τῷ
1141 1315 1279 1387 Θεῷ.
1332 1317 1472 1388 ’Ἄρα
1521 1319 1554 1388 ἠ
1613 1317 1747 1387 εὐχὴ
1810 1313 1959 1370 οὐδὲν

378 1408 566 1475 ἕτερόν
593 1409 738 1460 ἐστιν
775 1407 807 1478 ἢ
844 1408 1076 1472 διάλεξις
1109 1407 1245 1481 πρὸς
1279 1409 1429 1463 Θεόν.
1470 1408 1748 1478 Ἐννόησον
1783 1406 1959 1461 τοίνυν

378 1496 476 1568 τὴν
500 1495 837 1567 ψαλμῳδίαν,
863 1501 921 1551 ἐν
944 1500 1075 1570 αὐτῇ
1103 1504 1199 1570 τὴν
1226 1491 1732 1571 ἀμοιϐὴνὲχουσαν.
1757 1499 1822 1551 Τί
1850 1499 1960 1568 γὰρ

381 1589 493 1642 ἴσον
538 1589 730 1658 γένοιτ’
766 1591 832 1643 ἂν
874 1589 968 1644 τοῦ
1007 1589 1127 1662 Θεῷ
1173 1592 1552 1661 διαλέγεσθαι;
1620 1589 1682 1644 Ἡ
1734 1591 1958 1660 τοιαύτη

379 1679 624 1751 θορύϐων
659 1681 1058 1736 ἀπαλλάττεται
1103 1682 1273 1753 ψυχὴ,
1315 1685 1393 1746 είς
1438 1683 1529 1736 τὸν
1563 1683 1786 1753 οὐρανὸν
1833 1681 1962 1752 p.50-

379 1769 616 1834 ίσταται,
640 1770 748 1823 τῶν
766 1771 1075 1842 συνδέσμων
1096 1771 1190 1824 τοῦ
1216 1771 1464 1844 σώματος
1487 1773 1798 1836 ἀπολύεται,
1833 1789 1961 1824 πτε-

381 1861 586 1931 ροῦται,
628 1862 929 1933 κουφοτέρα
965 1863 1305 1928 καθίσταται,
1339 1864 1651 1918 ἀποτίθεται
1683 1865 1753 1917 τὰ
1783 1864 1954 1934 πάθη,

378 1952 668 2006 ἀποδύεται
694 1955 762 2009 τά
790 1957 1085 2026 νοσήματα.
1139 1958 1200 2010 El
1228 1956 1335 2027 γὰρ
1357 1957 1625 2030 ἀνθρώπῳ
1645 1975 1729 2021 τις
1756 1957 1959 2026 συνετῷ

377 2045 474 2097 καὶ
520 2044 645 2099 νοῦν
692 2046 866 2116 ἔχοντι
912 2048 1323 2119 διαλεγόμενος,
1369 2051 1477 2104 ἀπὸ
1518 2051 1616 2121 τῆς
1657 2050 1871 2120 ὁμιλίας
1908 2069 1962 2103 τι

379 2135 646 2207 κερδάνας
689 2135 1008 2209 ἀπέρχεται,
1038 2141 1066 2192 ὁ
1114 2136 1252 2210 πρὸς
1306 2139 1398 2194 τὸν
1454 2140 1586 2193 Θεὸν
1626 2140 1851 2210 ὁμιλῶν,
1881 2156 1964 2193 εν-

379 2229 570 2300 νόησον
614 2229 786 2300 πόσην
836 2228 1188 2302 καρπώσεται
1230 2229 1328 2302 τὴν
1365 2231 1587 2303 ἀρετήν.
1615 2233 1760 2304 ’Δρα
1795 2231 1964 2302 ’ύμνος

378 2320 534 2375 τοῦτό
578 2324 723 2375 ἐστιν
765 2322 797 2394 ή
845 2323 980 2394 πρὸς
1021 2322 1153 2377 Θεὸν
1203 2323 1406 2394 ὁμιλία.
1455 2320 1582 2387 Πῶς
1616 2325 1660 2378 δ’
1712 2326 1780 2378 ἂν
1826 2323 1962 2391 αὕτη

378 2412 629 2484 ἡδυνθείη
670 2413 746 2483 τῷ
788 2413 944 2484 Θεῷ;
981 2415 1042 2467 Εἰ
1079 2415 1188 2478 βίος
1226 2415 1310 2484 εἴη
1334 2414 1593 2485 καθαρὸς,
1627 2417 1673 2468 εί
1703 2415 1847 2486 ψυχὴ
1874 2433 1964 2485 φι-

379 2496 702 2576 λοσοφοῦσα.
732 2508 901 2561 Ὅταν
935 2508 1044 2580 γὰρ
1085 2511 1265 2562 πᾶσαν
1302 2507 1586 2580 ἁναλώσῃς
1627 2509 1723 2581 τὴν
1754 2509 1965 2581 ἡμέραν

381 2595 697 2666 εὐχόμενος,
732 2597 833 2666 τῆς
867 2599 1140 2661 πολιτείας
1165 2600 1648 2670 ἀντιπραττούσης,
1677 2601 1775 2654 οὐκ
1802 2603 1966 2655 ἀκου-

384 2684 555 2756 σθήσῃ
592 2685 808 2756 ῥᾳδίως,
835 2688 894 2740 ού
930 2689 1091 2758 μόνον
1117 2690 1296 2754 αὐτὸς,
1329 2691 1442 2744 ἀλλ’
1474 2693 1582 2744 οὐδ’
1611 2693 1796 2763 ἔτερος
1821 2693 1962 2764 ὑπὲρ

383 2776 477 2828 σοῦ
505 2775 662 2829 τοῦτο
687 2777 877 2831 ποιῶν.
911 2779 1096 2834 Ταῦτα
1116 2781 1172 2833 δὲ
1203 2780 1364 2850 λέγω,
1407 2782 1506 2852 οὐχ
1549 2783 1636 2836 ἵνα
1685 2784 1758 2854 μὴ
1802 2800 1967 2854 προσ-

380 2867 694 2938 ευχώμεθα,
730 2869 839 2922 οὐδ’
870 2870 954 2924 ἵνα
991 2871 1064 2942 μὴ
1093 2871 1402 2942 ψάλλωμεν,
1435 2873 1552 2926 ἀλλ’
1589 2875 1674 2927 ἵνα
1703 2875 1839 2945 μετά
1869 2875 1963 2928 τοῦ

379 2957 601 3026 ψάλλειν
627 2959 722 3010 καὶ
746 2958 859 3028 βίου
889 2960 984 3013 καὶ
1008 2960 1280 3024 πολιτείας
1300 2963 1708 3034 ἐπιμελώμεθα.
1732 2965 1965 3035 Νοὴσεις

380 3049 437 3102 δὲ
479 3051 572 3103 τὸν
607 3049 788 3120 στίχον
829 3051 924 3105 καὶ
965 3051 1165 3116 οὕτως·
1193 3052 1386 3107 Πολλοὶ
1418 3055 1558 3110 κατά
1610 3057 1964 3128 συναρπαγὴν

2063 568 2311 630 pserunt.

2133 670 2298 728 Vens.
2361 667 2451 724 54.
2513 669 2818 722 Iucundum
2873 671 2939 722 sit
2990 671 3037 723 ei
3089 670 3352 740 eloquium
3394 686 3564 722 meum
3612 686 3629 721 :

2061 780 2150 834 ego
2186 779 2304 817 vero
2334 760 2632 816 delectabar
2668 761 2724 814 in
2762 759 3010 815 Domino.
3047 759 3287 824 Utinam,
3322 762 3521 831 inquit,
3557 762 3630 813 ita

2062 863 2277 909 cantem
2307 862 2359 907 et
2392 853 2644 922 psallam,
2695 861 2752 905 ut
2786 850 3000 905 fructus
3046 866 3199 905 meus
3242 852 3345 921 ipsi
3385 852 3629 922 placeat;

2061 945 2336 1016 eloquium
2366 944 2638 1007 videlicet,
2673 924 2789 998 siv.e
2812 943 3143 1012 colloquium
3170 958 3372 1007 meum,
3404 957 3632 998 conver-

2063 1035 2204 1091 satio
2229 1042 2284 1090 et
2324 1035 2441 1088 laus
2468 1049 2587 1090 mea
2614 1053 2635 1088 ἐ
2670 1048 2795 1088 nam
2824 1033 2917 1104 qui
2946 1034 3150 1102 psallit,
3186 1032 3354 1088 Deum
3395 1035 3631 1102 alloqui-

2063 1133 2172 1180 tur.
2201 1125 2344 1192 Quid
2367 1131 2549 1179 autem
2571 1135 2655 1179 est
2676 1121 2833 1188 illud,
2857 1122 3164 1177 Jucundum
3187 1124 3256 1176 sit
3288 1124 3335 1176 ei
3367 1124 3632 1193 eloquium

2063 1217 2277 1270 meum?
2306 1214 2360 1269 id
2387 1222 2472 1270 est
2501 1213 2832 1284 acceptabile
2860 1215 2931 1269 sit
2954 1213 3080 1284 ipsi,
3105 1215 3314 1284 placeat.
3341 1215 3411 1281 ei,
3433 1219 3634 1283 jucun-

2063 1303 2354 1360 dissimum
2391 1318 2457 1358 ac
2502 1303 2936 1373 placidissimum
2979 1303 3090 1358 Deo
3135 1303 3404 1358 videatur.
3448 1301 3634 1357 Oratio

2063 1395 2248 1464 itaque
2291 1393 2428 1448 nihil
2462 1393 2611 1447 aliud
2638 1400 2742 1460 est,
2774 1407 2937 1462 quam
2971 1393 3306 1462 colloquium
3339 1409 3465 1448 cum
3498 1391 3632 1449 Deo.

2063 1484 2449 1540 Animadverte
2497 1485 2663 1554 igitur
2704 1484 3065 1553 psalmodiam
3108 1484 3166 1538 in
3217 1499 3276 1539 se
3317 1485 3636 1539 retributio-

2063 1592 2186 1632 nem
2217 1578 2518 1631 continere.
2545 1574 2686 1641 Quid
2711 1575 2855 1629 enim
2885 1575 3122 1644 alloquio
3153 1574 3247 1630 Dei
3277 1575 3481 1646 aequari
3517 1591 3638 1645 pos-

2065 1670 2170 1724 sit?
2201 1667 2529 1737 Hujusmodi
2579 1669 2762 1721 anima
2797 1682 2828 1720 a
2869 1667 3200 1722 tumultibus
3247 1667 3532 1731 liberatur,
3581 1669 3636 1719 in

2063 1763 2262 1816 caelum
2289 1759 2640 1824 transfertur,
2688 1758 2920 1814 vinculis
2967 1759 3213 1830 corporis
3251 1755 3504 1822 solvitur,
3535 1758 3638 1810 alis

2063 1853 2380 1921 instruitur,
2424 1852 2596 1907 levior
2637 1851 2890 1916 eﬂicitur,
2938 1849 3166 1905 affectus
3202 1849 3445 1920 deponit,
3487 1866 3637 1903 mor-

2063 1945 2166 1999 bus
2199 1943 2371 1998 exuit.
2401 1942 2537 1996 Nam
2566 1944 2611 1998 si
2641 1957 2708 1998 ex
2743 1942 3028 2012 prudentis
3058 1941 3160 1995 viri
3203 1941 3478 2010 colloquio
3512 1940 3638 2010 quis

2062 2038 2276 2090 lucrum
2305 2040 2592 2103 reportans
2623 2031 2890 2098 abscedit,
2927 2032 3101 2102 cogita
3124 2039 3387 2100 quantum
3415 2031 3637 2085 virtutis

2063 2135 2229 2182 metet
2252 2142 2319 2182 ex
2347 2126 2440 2180 Dei
2473 2126 2767 2195 colloquio.
2799 2123 3042 2196 Hymnus
3075 2138 3204 2194 ergo
3229 2130 3314 2178 est
3342 2123 3638 2178 collocutia

2063 2235 2189 2276 cum
2220 2219 2352 2276 Deo.
2393 2219 2680 2286 Quomodo
2712 2227 2895 2273 autem
2936 2217 3051 2272 haec
3090 2215 3203 2272 Deo
3230 2215 3473 2286 jucunda
3513 2216 3635 2270 fne-

2063 2315 2174 2367 rit?
2203 2311 2264 2367 Si
2302 2313 2413 2366 vita
2437 2313 2510 2368 sit
2547 2327 2706 2382 pura,
2739 2311 2785 2365 si
2821 2310 3001 2364 anima
3032 2310 3464 2380 philosophetur.
3499 2308 3637 2362 Nam

2064 2405 2112 2460 si
2159 2412 2327 2459 totam
2378 2403 2522 2458 diem
2565 2403 2775 2458 orando
2817 2404 3113 2473 transigas,
3162 2402 3290 2456 dum
3336 2402 3460 2456 vitm
3497 2403 3638 2455 ratio

2065 2498 2298 2552 orationi
2328 2505 2614 2566 repugnat,
2638 2511 2749 2550 non
2781 2493 2939 2550 facile
2963 2494 3307 2559 exaudiaris;
3343 2509 3453 2550 non
3476 2495 3639 2548 modo

2065 2596 2126 2642 tu
2159 2588 2298 2658 ipse,
2327 2588 2424 2642 sed
2453 2588 2618 2641 etiam
2639 2585 2820 2656 quivis
2859 2586 2998 2640 alius
3026 2584 3121 2654 qui
3150 2599 3250 2655 pro
3281 2593 3333 2639 te
3361 2595 3635 2655 precetur.

2067 2680 2192 2736 llaec
2224 2694 2390 2751 porro
2417 2678 2562 2744 dico,
2599 2694 2708 2732 non
2748 2685 2808 2732 ut
2846 2693 2915 2732 ne
2951 2693 3170 2733 oremus
3218 2691 3393 2746 neque
3436 2677 3640 2746 psalla-

2066 2788 2212 2841 mus,
2246 2771 2341 2828 sed
2376 2777 2438 2824 ut
2466 2779 2590 2840 post
2627 2771 2868 2839 psalmos
2901 2767 3110 2825 de'vita
3137 2779 3192 2825 et
3220 2769 3640 2824 conversatione

2067 2874 2253 2921 nostra
2282 2864 2506 2919 solliciti
2536 2863 2731 2917 simus.
2765 2861 2878 2916 Hac
2907 2871 3037 2917 item
3069 2862 3279 2918 ratione
3304 2862 3638 2916 versiculum

2066 2957 2216 3014 hunc
2243 2956 2484 3028 explices
2509 2973 2524 3009 :
2553 2953 2708 3008 Multi
2743 2963 2986 3025 quaestus
3012 2968 3180 3009 causa
3208 2968 3467 3024 perverse
3486 2953 3640 3022 judi~

2067 3052 2152 3106 cia
2187 3051 2392 3112 ferunt,
2418 3046 2514 3104 sed
2541 3054 2596 3102 et
2623 3052 2914 3117 antequam
2940 3061 3037 3115 per
3060 3051 3376 3100 accuratum
3409 3059 3638 3098 examen

381 3141 849 3212 παρηλλαγμένως
887 3140 985 3205 τάς
1023 3143 1231 3212 κρίσεις
1269 3144 1582 3216 ἐκφέρουσι,
1631 3149 1738 3217 πρὸ
1792 3165 1964 3201 κατα-

2067 3154 2121 3200 et
2153 3143 2628 3216 perquisitionem,
2653 3155 2760 3211 qua
2794 3140 2862 3195 de
2890 3154 2950 3196 re
2978 3145 3172 3209 agatur
3203 3137 3526 3210 intelligant,
3559 3145 3641 3189 te-

382 3232 596 3307 λήψεως
633 3234 733 3302 τῆς
771 3233 832 3296 ἐξ
879 3233 1063 3287 ἱκανοῦ
1103 3235 1281 3303 λόγου,
1316 3239 1406 3291 καὶ
1437 3238 1713 3291 ἐπιπλεῖον
1741 3241 1964 3310 ἐρευνη-

384 3324 588 3390 θέντος,
624 3323 1001 3396 ἐγγινομένης.
1029 3322 1403 3389 ἀϐασανίστως
1444 3327 1587 3380 κατά
1633 3328 1963 3398 προπέτειαν

381 3416 496 3480 τὰς·
523 3417 648 3487 περὶ
697 3417 927 3471 ἑκάστου
971 3419 1242 3489 δόγματος
1273 3417 1589 3488 ῥιπτοῦντες
1623 3419 1962 3487 συγκαταθέ-

384 3525 515 3571 σεις.
563 3509 629 3560 Ἦ
651 3509 706 3561 δὲ
730 3509 830 3578 τῆς
855 3509 1198 3580 διαλεκτικῆς
1223 3509 1383 3579 φύσις
1413 3511 1647 3581 μάλιστα
1672 3511 1966 3564 πεπίστευ-

381 3609 472 3651 ται
505 3595 677 3649 ταῦτα
721 3597 981 3668 παρέχειν
1012 3599 1291 3662 δύνασθαι,
1332 3600 1559 3670 διαιρεῖν
1590 3599 1835 3668 ἀκριϐῶς
1864 3599 1963 3663 τὰς

383 3688 491 3739 τῶν
524 3686 871 3756 πραγμάτων
899 3687 1087 3757 φύσεις
1123 3689 1215 3741 καὶ
1244 3690 1313 3743 τὰ
1340 3690 1502 3760 ὃμοια
1534 3690 1842 3761 γνωρίζειν,
1871 3690 1966 3743 καὶ

385 3778 453 3831 τὰ
494 3779 689 3850 ἑαυτῆς
741 3778 1056 3849 διακρίνειν.
1099 3779 1302 3850 Διόπερ
1352 3780 1606 3843 συνειδὼς
1654 3779 1832 3852 ἑαυτῷ
1867 3781 1965 3852 τὴν

386 3867 535 3921 θείαν
563 3868 902 3940 διαλεκτικὴν
925 3869 1122 3940 ἔχοντι,
1153 3869 1337 3938 ἔλεγεν
1375 3872 1404 3923 ὁ
1441 3871 1603 3924 Δαυῒδ
1633 3872 1714 3936 τὸ,
1762 3871 1967 3927 Ἠὸυν-

2068 3252 2215 3290 mene
2262 3235 2494 3305 singulis
2528 3233 2814 3290 sententiis
2851 3247 3142 3288 assensum
3172 3222 3448 3300 praebent:
3475 3230 3544 3282 At
3575 3245 3640 3285 ea

2066 3325 2364 3379 dialecticae
2406 3333 2599 3378 natura
2659 3330 2761 3388 est,
2797 3329 2858 3376 ut
2883 3337 3067 3376 rerum
3115 3330 3340 3376 naturas
3383 3330 3641 3375 accurate

2067 3414 2462 3486 distinguendi,
2514 3413 2716 3468 similia
2770 3411 3156 3484 cognoscendi,
3215 3420 3271 3466 et
3315 3425 3437 3482 quae
3473 3411 3542 3466 ad
3580 3426 3642 3466 se

2066 3508 2374 3578 pertineant
2416 3505 2790 3571 discernendi,
2840 3504 3154 3559 facultatem
3186 3511 3448 3574 praestare
3478 3519 3642 3574 posse

2066 3608 2308 3669 putetur.
2338 3599 2701 3664 Quamobrem
2721 3595 2889 3650 David
2907 3610 3031 3650 cum
3062 3609 3121 3649 se
3149 3593 3332 3650 divina
3353 3593 3639 3649 dialectica

2067 3694 2396 3748 instructum
2414 3705 2537 3746 esse
2556 3695 2931 3760 cognosceret,
2956 3687 3170 3742 dicebat
3196 3706 3209 3740 :
3240 3684 3544 3740 Iucundum
3567 3687 3639 3740 sit

2067 3784 2161 3838 tibi
2200 3784 2464 3854 eloquium
2492 3798 2684 3844 meum,
2715 3781 2829 3836 sive
2865 3781 3153 3836 dialectica
3178 3796 3320 3837 mea.
3345 3778 3481 3834 Nam
3520 3780 3641 3834 dia-

2067 3875 2259 3929 lectica
2294 3889 2482 3929 eorum
2521 3873 2614 3943 qui
2645 3872 2942 3927 altercandi
2978 3887 3041 3926 ac
3069 3871 3430 3928 contendendi
3457 3873 3642 3927 animo

385 3959 512 4026 θείη
546 3973 646 4014 σοι
671 3961 711 4029 ἡ
741 3959 991 4031 διαλογὴ
1016 3978 1156 4030 μου.
1191 3962 1255 4014 Ἡ
1287 3961 1394 4034 γὰρ
1425 3963 1534 4017 τῶν
1559 3964 1846 4034 ἐριστικῶς
1872 3965 1964 4018 καὶ

2067 3981 2155 4022 res
2193 3965 2604 4036 aggrediamur,
2637 3979 2746 4019 non
2771 3964 3032 4035 jucunda,
3074 3963 3170 4019 sed
3203 3962 3388 4034 potius
3411 3979 3642 4034 eanpc-

387 4050 702 4119 φιλονείκως
726 4051 1161 4123 ἐπεμϐαινόντων
1181 4057 1292 4118 τοῖς
1315 4055 1601 4126 πράγμασι
1627 4055 1963 4126 διαλεκτικὴ,

2067 4072 2196 4110 rans
2229 4063 2332 4110 est.
2373 4054 2530 4120 Quod
2576 4062 2756 4134 autem
2794 4066 2975 4109 sermo
3006 4054 3316 4122 aequitatem
3361 4062 3640 4124 spectans,

387 4144 484 4214 οὐχ
513 4144 683 4214 ἡδεῖα,
713 4143 849 4197 ἀλλά
881 4147 1394 4217 παραπικραίνουσά
1415 4149 1498 4211 τίς
1522 4151 1688 4202 ἐστιν.
1716 4149 1838 4202 Ὅτι
1867 4149 1964 4219 μὲν

2067 4149 2339 4221 iucundus
2369 4149 2479 4204 Deo
2511 4148 2601 4213 sit,
2632 4149 2748 4218 ipse
2791 4149 2845 4202 in
2886 4147 3104 4202 cantico
3134 4147 3364 4201 afﬁrmat
3389 4163 3405 4200 :
3433 4144 3642 4202 Fanum

387 4230 480 4288 οὖν
507 4235 633 4306 ἡδὺς
665 4235 783 4307 Θεῷ
808 4235 964 4306 λόγος
1000 4239 1030 4291 ὁ
1057 4239 1136 4301 εἰς
1167 4237 1432 4309 ὀρθότητα
1459 4238 1692 4308 βλέπων,
1723 4241 1884 4304 αὐτὸς
1908 4243 1964 4294 ὲν

2067 4243 2332 4296 distillant
2365 4241 2510 4295 labia
2531 4249 2646 4304 tua,
2672 4256 2825 4294 soror
2853 4257 2968 4294 mea
2988 4254 3180 4308 sponsa
3207 4239 3346 4293 :mel
3367 4249 3417 4295 et
3440 4241 3522 4294 lac
3545 4239 3642 4293 sub

387 4325 466 4396 τῷ
503 4326 705 4397 ᾅσματι
729 4327 908 4396 λέγει’
936 4329 1159 4397 Κηρίον
1186 4328 1596 4390 ἀποστάζουσι
1625 4333 1797 4401 χείλη
1827 4346 1964 4399 σου,

388 4416 620 4486 ἀδελφή
637 4437 755 4488 μου
777 4421 980 4489 νύμφη
1003 4435 1016 4450 ⁸
1037 4419 1177 4490 μέλι
1202 4422 1298 4475 καὶ
1323 4421 1474 4491 γάλα
1503 4422 1620 4477 ὑπὸ
1650 4423 1762 4491 τὴν
1784 4422 1970 4493 γλῶσ-

2070 4335 2250 4405 lingua
2283 4345 2375 4388 tua
2400 4335 2465 4388 “.
2501 4333 2656 4401 Quod
2683 4348 2811 4388 vero
2844 4333 2935 4403 qui
2964 4332 3161 4403 frigida
3189 4341 3244 4388 et
3271 4332 3450 4388 futilis
3477 4333 3642 4387 verba

2069 4429 2220 4497 loqui
2252 4428 2410 4491 solet,
2443 4426 2776 4497 injucundus
2813 4426 2906 4490 sit,
2938 4425 2990 4480 id
3038 4425 3340 4496 psalmodia
3377 4425 3642 4491 declarat,

388 4504 511 4559 σάν
535 4523 674 4561 σου.
709 4508 828 4560 Ὅτι
851 4507 908 4560 δὲ
943 4509 972 4560 ὁ
1015 4509 1368 4580 ψυχρολογεῖν
1416 4511 1620 4576 εἰωθὼς
1647 4512 1906 4584 ἀκαλλὴς,
1935 4515 1964 4584 ἡ

2073 4535 2197 4574 cum
2227 4520 2302 4574 ait
2338 4536 2351 4572 :
2392 4518 2704 4588 Sepulcrum
2729 4527 2910 4586 patens
2935 4526 3012 4572 est
3037 4527 3217 4588 guttur
3247 4533 3426 4571 eorum
3440 4516 3506 4568 ⁵⁷.
3535 4517 3644 4587 Ego

389 4597 678 4669 ψαλμῳδία
705 4599 1032 4670 παρίστησι·
1067 4599 1256 4670 Τάφος
1286 4601 1414 4674 γὰρ,
1451 4603 1636 4674 φησὶν,
1675 4603 1970 4675 ἀνεῳγμέ-

390 4706 498 4756 νος
545 4693 579 4744 ὁ
626 4689 858 4759 λάρυγξ
906 4689 1124 4745 αὐτῶν.
1166 4693 1306 4762 Ἐγὼ
1361 4692 1430 4746 δὲ
1483 4696 1970 4767 εὐφρανθήσομαι

392 4781 492 4834 ἐπὶ
518 4775 596 4848 τῷ
614 4783 829 4850 Κυρίῳ.
851 4783 1114 4855 Εύχομαι,
1139 4786 1294 4857 φησὶ,
1316 4786 1520 4860 ταύτην
1543 4806 1642 4860 μου
1667 4789 1764 4862 τὴν
1791 4789 1821 4841 ὑ
1829 4807 1970 4859 μνῳ-

391 4875 511 4929 δίαν
542 4875 635 4928 καὶ
679 4875 910 4943 διάλεξιν
947 4877 1168 4949 ἡδίστην
1201 4879 1430 4950 ὀφθῆναι
1473 4880 1551 4950 τῷ
1588 4881 1724 4951 Θεῷ.
1769 4879 1969 4934 Τούτου

393 4967 501 5040 γὰρ
530 4967 841 5039 γενομένου,
877 4969 986 5038 ἐγὼ
1026 4970 1123 5041 τὴν
1165 4971 1418 5025 ἐντεῦθεν
1459 4973 1722 5044 εὐθυμίαν
1745 4972 1962 5044 καρπώ-

394 5075 578 5129 σομαι,
613 5062 705 5114 καὶ
737 5062 1178 5136 εὑφρανθήσομαι
1211 5062 1302 5118 ἐπὶ
1331 5066 1410 5136 τῷ
1451 5067 1658 5138 Κυρίῳ,
1697 5067 1975 5120 τουτέστιν

393 5152 486 5204 ἐπὶ
515 5155 581 5222 τῇ
616 5152 858 5225 λατρεία,
891 5155 983 5207 ἐπὶ
1016 5158 1082 5226 τῇ
1124 5158 1490 5228 προσκυνήσει
1524 5159 1617 5212 καὶ
1649 5163 1762 5222 τοῖς
1787 5159 1974 5212 ἐπιτά-

393 5257 564 5311 γμασι
609 5245 712 5307 τοῖς
744 5245 928 5310 αὑτοῦ,
965 5246 1058 5299 ἐπὶ
1101 5247 1178 5318 τῷ
1225 5248 1460 5303 τοιοῦτον
1501 5251 1644 5321 ἔχειν
1682 5251 1968 5322 δεσπότην.

395 5334 550 5393 Καλὰ
582 5335 677 5405 μὲν
713 5335 818 5406 γὰρ
850 5340 945 5390 καὶ
985 5337 1052 5392 τά
1085 5339 1354 5410 ὁρώμενα,
1389 5342 1483 5394 καὶ
1519 5343 1709 5413 τέρπει
1744 5345 1773 5396 ό
1810 5344 1972 5414 ούρα-

395 5424 511 5489 νὸς,
552 5428 644 5480 καὶ
686 5429 962 5499 εὐφραίνει
1006 5431 1035 5482 ὁ
1080 5431 1263 5502 ἥλιος,
1319 5435 1410 5485 καὶ
1455 5434 1526 5502 γῆ
1573 5435 1752 5506 ἀνίησι
1808 5436 1973 5507 σπέρ-

2076 4630 2194 4668 vero
2239 4614 2538 4668 delectabar
2577 4615 2630 4667 in
2681 4613 2927 4667 Domino.
2958 4611 3178 4678 Precor,
3214 4611 3409 4681 inquit,
3449 4620 3510 4665 ut
3545 4612 3646 4682 hy-

2077 4721 2238 4759 mnus
2279 4713 2332 4760 et
2378 4705 2653 4775 eloquium
2701 4704 2868 4768 istud,
2907 4703 3366 4770 jucundissimum
3407 4702 3516 4757 Deo
3559 4703 3643 4756 vi-

2075 4796 2286 4851 deatur.
2324 4795 2379 4850 Id
2418 4798 2562 4850 enim
2601 4796 2646 4850 si
2690 4800 2802 4862 liat,
2846 4796 2974 4849 hinc
3009 4809 3108 4866 ego
3139 4795 3466 4848 hilaritatem
3512 4809 3645 4848 con-

2077 4897 2382 4957 sequar,ret
2407 4887 2716 4943 delectabor
2738 4887 2793 4940 in
2821 4885 3072 4950 Domino,
3105 4885 3153 4937 id
3182 4893 3286 4944 est.
3314 4885 3366 4938 in
3390 4885 3562 4951 cultu,
3588 4885 3644 4937 in

2072 4978 2410 5043 adoratione,
2443 4979 2497 5033 in
2541 4979 2824 5047 praeceptis
2852 4978 2992 5047 ejus,
3026 4977 3171 5047 quod
3201 4977 3324 5032 talis
3355 4976 3486 5028 mihi
3531 4974 3644 5027 Do-

2075 5070 2256 5124 minus
2283 5070 2372 5124 sit.
2401 5068 2536 5123 Nam
2569 5084 2690 5138 qua:
2715 5071 2818 5124 sub
2852 5079 3129 5138 aspectum
3155 5069 3374 5132 cadunt,
3415 5067 3644 5138 pulchra

2075 5163 2293 5232 quidem
2347 5170 2493 5226 sunt,
2526 5162 2724 5216 caelum
2774 5163 3019 5225 delectat,
3065 5176 3145 5218 sm
3195 5162 3448 5225 laetiﬁcat,
3500 5170 3648 5214 terra

2080 5255 2285 5307 semina
2314 5255 2634 5324 plantasque
2673 5254 2913 5323 profert;
2947 5263 3001 5308 at
3036 5269 3137 5322 ego
3174 5253 3296 5322 plus
3324 5253 3560 5306 delector
3590 5251 3645 5303 in

2078 5345 2358 5407 Creatore,
2382 5362 2544 5416 quam
2573 5352 2626 5400 in
2657 5346 2745 5402 his
2770 5347 3044 5400 omnibus.
3070 5344 3196 5400 Haec
3219 5345 3350 5398 mihi
3375 5345 3646 5412 voluptas,

2081 5435 2194 5490 hac
2219 5435 2424 5501 laetitia,
2452 5437 2532 5490 hae
2557 5437 2780 5500 dclicim,
2807 5436 2920 5491 hanc
2942 5436 3150 5490 inﬁnita
3174 5437 3313 5490 bona
3342 5434 3473 5488 mihi
3497 5443 3648 5488 sunt.

399 5539 542 5592 ματα
587 5523 682 5576 καὶ
722 5530 896 5594 φυτάο
935 5527 1048 5580 ἀλλ’
1098 5530 1209 5596 ἐγὼ
1281 5531 1485 5584 τούτων
1533 5533 1751 5585 πάντων
1795 5533 1887 5586 ἐπὶ
1931 5532 2009 5603 τῷ
2076 5535 2358 5604 ποιήσαντι
2415 5533 2573 5586 πλέον
2621 5533 3001 5606 εὐφραίνομαι.
3068 5532 3236 5586 Τοῦτό
3295 5550 3382 5603 μοι
3433 5530 3652 5602 τρυφὴ,

394 5612 552 5666 τοῦτό
581 5632 668 5685 μοι
707 5615 1030 5686 εὐφροσύνη,
1066 5619 1222 5671 τοῦτο
1256 5620 1447 5691 ἡδονὴ,
1489 5622 1642 5676 τοῦτο
1680 5623 1747 5677 τὰ
1783 5625 1950 5695 μυρία
1976 5624 2174 5692 ἀγαθά.

468 5767 513 5800 ⁴⁸
551 5769 709 5825 Cant.
752 5787 824 5832 IV,
868 5770 950 5824 12.
1029 5773 1072 5803 ⁸⁷
1115 5773 1257 5827 Psal.
1294 5791 1346 5837 ν,
1384 5775 1470 5830 il.

687 5862 961 5922 PATROL.
997 5865 1112 5924 Gn.
1173 5865 1411 5926 XXIII.

3264 5872 3337 5930 Μ
