4102 6394
451 336 589 395 1291
1131 334 1402 395 EUSEBII
1437 337 1922 420 ICIESARIENSIS
1959 338 2108 396 OPP.
2149 339 2332 398 PARS
2368 341 2459 397 ΠΙ.
2496 371 2570 386 -
2605 344 3038 402 EXEGE'I‘ICA.‘

523 447 692 504 Vens.
718 448 808 505 35.
836 448 1101 521 Deﬁciunt
1131 459 1429 520 peccatores
1462 467 1496 504 a
1525 459 1670 505 terra
1685 461 1734 506 et
1755 452 2042 522 iniqui,ita
2071 459 2118 517 Α

446 553 504 596 ιιι
538 560 640 596 non
677 545 806 598 sint.
839 541 899 598 In
924 543 1018 598 illo
1045 542 1301 598 videlicet
1326 552 1592 614 tempore,
1623 558 1736 613 quo
1763 545 1988 598 audient
2015 562 2028 597 :

445 634 713 689 Discedite
743 651 777 688 a
803 652 905 699 me,
942 634 1235 695 maledicti,
1268 634 1323 688 in
1354 635 1527 704 ignem
1559 643 1836 699 mlernum,
1866 650 2030 704 para-

444 736 556 780 tum
581 726 794 781 diabolo
824 733 875 781 et
895 726 1098 796 angelis
1125 741 1263 794 ejus.
1291 723 1505 779 Esurivi
1530 726 1693 789 enim,
1726 735 1774 780 et
1803 743 1910 780 non
1938 727 2031 781 de-

441 819 598 873 distis
637 819 767 872 mihi
807 819 1168 882 manducare;
1208 817 1371 882 sitivi,
1407 826 1458 871 et
1499 834 1604 871 non
1643 818 1867 884 potaslis
1909 835 2026 884 me;

3560 355 3583 409 1
3593 353 3706 410 292

2229 453 2618 510 Ἐκλίποισαν
2647 459 2979 527 ἁμαρτωλοί
3009 459 3129 515 ἀπὸ
3167 461 3279 531 τῆς
3305 461 3417 534 γῆς
3443 466 3543 520 καὶ
3583 468 3725 523 ἄνο-

2134 559 2258 612 μοι,
2295 542 2450 598 ὥστε
2475 544 2564 615 μὴ
2598 548 2895 616 ὑπάρχειν
2921 551 3165 618 αὐτούς.
3207 554 3295 606 Ἐν
3325 556 3518 628 ἐκείνῳ
3540 557 3724 627 δηλον-

2138 636 2321 705 ότιτῷ
2344 638 2540 710 καιρῷ,
2563 639 2884 694 ἀκούσονται
2914 643 3040 713 γὰρ,
3066 646 3402 714 Πορεύεσθε
3426 648 3527 702 ἀπ’
3552 649 3724 718 ἐμοῦ,

2138 727 2194 779 οἱ
2231 729 2645 798 κατηραμένοι,
2683 732 2770 797 είς
2798 731 2865 784 τὸ
2909 733 3029 802 πῦρ
3071 734 3140 786 τὸ
3168 735 3429 805 αἰώνιον,
3460 739 3528 793 τὸ
3565 741 3723 809 ἡτοι-

2131 819 2447 889 μασμένον
2491 820 2572 887 τῷ
2607 821 2861 890 διαϐόλῳ
2903 825 3001 878 καὶ
3039 826 3166 893 τοῖς
3197 827 3476 899 ἀγγέλοις
3511 831 3723 887 αὐτοῦ.

441 911 626 978 hospes
654 925 824 974 eram,
871 918 921 964 et
974 925 1078 962 non
1123 907 1408 978 collegistis
1450 923 1569 971 me;
1617 907 1812 972 nudus,
1848 917 1897 961 et
1927 925 2016 964 nor

2150 916 2476 968 Ἐπείνασα
2527 913 2660 983 γὰρ,
2717 914 2818 968 καὶ
2869 917 2980 968 οὐκ
3023 917 3281 972 ἐδώκατέ
3316 938 3420 990 μοι
3473 922 3723 992 φαγεῖν·

440 1001 791 1071 cooperuistis
827 1015 942 1064 me;
974 1001 1220 1068 inﬁrmus
1251 1008 1300 1052 et
1327 1001 1380 1053 in
1411 1015 1620 1053 carcere
1641 1038 1656 1064 ,
1688 1009 1740 1054 et
1773 1017 1878 1054 non
1907 1001 2016 1055 risit

2133 1005 2420 1074 ἐδίψησα,
2439 1004 2538 1060 καὶ
2570 1007 2682 1060 οὐκ
2713 1005 3034 1061 ἐποτίσατέ
3056 1024 3134 1077 με
3156 1025 3170 1038 ·
3207 1008 3384 1076 ξένος
3415 1011 3600 1080 ἥμην,
3623 1010 3724 1066 καὶ

441 1095 595 1148 tastis
625 1109 706 1146 me
734 1093 821 1146 ‘3:
859 1099 914 1146 et
962 1107 1072 1146 non
1105 1099 1267 1146 erunt
1307 1092 1364 1145 in
1412 1091 1662 1161 portione
1709 1107 1898 1147 eorum
1937 1109 2016 1164 qu

2135 1099 2207 1152 οὐ
2246 1095 2621 1167 συνηγάγετέ
2658 1113 2734 1166 με
2753 1114 2766 1127 ·
2809 1098 3055 1167 γυμνὸς,
3097 1099 3196 1153 καὶ
3235 1101 3307 1153 οὺ
3345 1100 3724 1169 περιεϐάλετέ

438 1185 552 1241 Deo
580 1184 932 1239 benedicunt.
956 1181 1026 1236 At
1051 1183 1173 1253 quis
1205 1183 1346 1238 forte
1376 1183 1524 1237 dicat
1553 1203 1568 1239 :
1598 1182 1813 1254 Ergone
1840 1185 2016 1241 beatus

2128 1207 2236 1259 με·
2270 1189 2536 1257 ἀσθενὴς
2568 1189 2666 1244 καὶ
2697 1191 2766 1243 ἐν
2794 1190 3062 1260 φυλακῇ,
3100 1192 3197 1246 καί
3241 1195 3354 1246 οὐκ
3381 1194 3723 1263 ἐπεσκέψα-

435 1275 710 1347 Propheta
739 1276 1075 1346 imprecatur
1107 1275 1175 1330 iis
1199 1275 1295 1346 qui
1347 1275 1404 1330 in
1455 1277 1700 1348 peccatis
1732 1285 1883 1345 sunt,
1914 1293 2016 1333 om-

2132 1284 2243 1336 σθέ
2275 1299 2380 1350 με·
2429 1281 2524 1334 καὶ
2573 1283 2672 1334 οὐκ
2720 1282 2931 1362 ἔσονται
2975 1283 3034 1335 ἐν
3078 1285 3145 1355 τῇ
3196 1284 3375 1356 μερίδι
3413 1285 3526 1339 τῶν
3569 1287 3723 1340 εὐλο-

434 1383 647 1439 nesque
697 1370 814 1421 vult
869 1367 1046 1437 perire
1081 1382 1146 1422 ac
1186 1367 1430 1423 destrui?
1486 1367 1555 1422 At
1608 1369 1795 1424 decuit
1845 1370 2016 1440 potius

2131 1374 2370 1444 γούντων
2397 1376 2486 1428 τὸν
2516 1375 2669 1428 Θεόν.
2713 1375 2850 1427 Ἀλλ’
2895 1378 3012 1446 ἐρεῖ
3045 1393 3130 1440 τις
3174 1378 3335 1447 τυχόν
3354 1393 3370 1408 ·
3399 1373 3526 1449 ’Ἆρ’
3559 1375 3654 1433 οὖν
3691 1380 3724 1434 ὁ

432 1459 618 1512 virum
653 1465 903 1513 sanctum
955 1471 1021 1511 ac
1073 1457 1414 1526 spiritualem
1461 1473 1560 1528 pro
1619 1457 2016 1516 infirmantibus

2133 1468 2401 1540 μακάριος
2434 1469 2726 1538 Προφήτης
2754 1467 3078 1538 κατεύχεται
3105 1467 3213 1523 τῶν
3240 1469 3407 1524 ὄντων
3436 1472 3493 1523 ἐν
3531 1471 3719 1544 ἁμαρ-

433 1547 671 1618 precari.
728 1545 1000 1602 Caeterum
1041 1546 1204 1612 audi,
1261 1548 1453 1617 paucis
1505 1547 1652 1602 enim
1698 1547 2016 1605 absolvam:

2127 1561 2290 1624 τίαις,
2334 1560 2427 1613 καὶ
2464 1560 2674 1622 πάντας
2711 1559 3006 1614 ἀπολέσθαι
3050 1562 3142 1615 καὶ
3188 1560 3548 1634 ἀφανισθῆναι
3592 1562 3720 1632 pos—

433 1641 575 1697 Ante
605 1640 915 1696 Servatoris
965 1639 1260 1695 adventum
1306 1654 1499 1694 omnes
1531 1641 1586 1694 in
1615 1641 1860 1710 peccatis
1897 1655 2016 1696 era-

2128 1654 2310 1718 λεται;
2345 1652 2538 1707 Καίτοι
2569 1652 2767 1722 μᾶλλον
2801 1653 2966 1724 ἐχρῆν
2991 1654 3145 1721 ἅγιον
3181 1653 3311 1708 ὄντα
3345 1655 3438 1708 καὶ
3467 1671 3717 1725 πνευμα-

433 1748 578 1797 mus,
610 1739 768 1787 terra
790 1731 1094 1802 imperabat
1117 1729 1374 1796 Satanas,
1396 1747 1505 1788 non
1530 1740 1648 1788 erat
1672 1733 1766 1803 qui
1816 1732 2016 1789 faceret

2123 1742 2352 1813 τοφόρον
2385 1741 2782 1813 ὑπερεύχεσθαι
2814 1742 2923 1795 τῶν
2953 1743 3351 1813 ἡσθενηκότων.
3372 1733 3577 1799 ’Ἄκουε
3603 1744 3716 1800 λοιά

433 1826 663 1891 bonum,
691 1841 801 1881 non
833 1832 952 1881 erat
998 1839 1172 1894 usque
1205 1823 1274 1878 ad
1305 1840 1476 1879 unum
1510 1843 1524 1880 :
1555 1840 1747 1881 omnes
1775 1825 2016 1892 declina:

2119 1831 2238 1897 πὺν,
2273 1829 2384 1902 ἐρῶ
2413 1829 2522 1902 γὰρ
2552 1831 2640 1884 διὰ
2667 1830 2940 1904 βραχέων·
2979 1833 3086 1905 πρὸ
3135 1834 3234 1903 μὲν
3279 1833 3380 1905 τῆς
3408 1833 3500 1888 τοῦ
3537 1835 3717 1906 Σωτῆ-

431 1927 642 1984 verant,
669 1918 831 1975 simul
867 1918 1088 1975 inutiles
1122 1917 1252 1972 facti
1303 1925 1481 1974 erant.
1523 1916 1659 1971 Nam
1692 1917 1868 1974 Graeci
1897 1919 2022 1990 qui-

431 2013 557 2069 dem
596 2013 868 2069 idolorum
910 2013 1152 2068 cultores
1173 2052 1186 2075 ,
1216 2012 1494 2082 aequitatis
1522 2013 1744 2067 modum
1795 2014 2021 2084 ignora-

429 2105 603 2171 bant,
659 2107 814 2162 bonae
846 2106 971 2160 vita:
1019 2105 1214 2160 callem
1265 2105 1622 2172 nesciebant;
1666 2105 1778 2160 imo
1837 2107 2020 2176 potius

430 2201 679 2255 omnium
733 2214 919 2256 rerum
959 2197 1209 2268 opilicem
1258 2205 1313 2252 et
1347 2195 1689 2252 Salvatorem
1734 2198 2018 2254 Christum

429 2291 748 2346 nullatenus
778 2289 1205 2360 cognoscebant.
1236 2285 1410 2342 Judaei
1436 2287 1566 2342 item
1598 2287 1770 2359 legem
1794 2288 2018 2360 quidem

429 2383 707 2441 habebant
756 2397 855 2452 pro
890 2381 1226 2452 paedagogo:
1260 2389 1316 2435 at
1373 2395 1484 2435 non
1533 2389 1748 2451 poterat
1799 2397 1868 2437 ex
1903 2382 2018 2454 lege

428 2473 597 2530 homo
619 2474 911 2546 justiﬁcari
949 2493 962 2528 :
993 2488 1186 2530 omnes
1219 2474 1385 2546 igitur
1413 2473 1470 2528 in
1501 2475 1744 2544 peccatis
1773 2490 2014 2542 eramus,

427 2576 578 2628 terra
605 2567 888 2638 iniquitate
933 2567 1095 2637 plena
1131 2574 1270 2622 erat.
1309 2565 1608 2637 Postquam
1633 2575 1815 2622 autem
1848 2582 2016 2638 appa-

429 2660 542 2714 ruit
567 2659 910 2730 unigenitum
940 2657 1033 2714 Dei
1057 2656 1319 2723 Verbum,
1352 2665 1407 2713 et
1451 2659 1653 2713 factum
1697 2667 1780 2714 est
1814 2659 2012 2726 homo,

426 2762 561 2810 tunc
611 2753 939 2810 defecerunt
972 2762 1313 2825 peccatores,
1350 2753 1669 2812 defecerunt
1722 2754 1759 2808 ii
1809 2756 1904 2825 qui
1956 2755 2015 2811 in

429 2847 718 2919 iniquitate
754 2848 1135 2904 versabantur.
1163 2847 1450 2915 Quomodo
1478 2857 1573 2903 aut
1613 2863 1722 2920 qua
1763 2851 2015 2906 ratione?

428 2954 618 2994 amnes
645 2938 847 3009 quippe
881 2938 1300 3009 justiﬂcaverat,
1333 2952 1364 2992 a
1403 2938 1705 2995 sceleribus
1746 2939 2014 2995 liberave-

429 3039 536 3098 rat,
560 3047 753 3088 omnes
787 3031 1017 3099 liberos,
1041 3046 1213 3102 puros
1258 3047 1325 3087 ac
1357 3040 1535 3087 tersos
1566 3031 1840 3087 effecerat.
1875 3031 2014 3088 Hinc

429 3129 560 3193 ergo
588 3121 836 3192 sequitur
855 3135 1059 3192 paucos
1084 3123 1140 3176 in
1181 3123 1423 3192 peccatis
1453 3122 1785 3178 remansisse
1803 3161 1819 3186 ,
1870 3123 2011 3177 mul-

2124 1941 2216 1996 ρος
2265 1923 2556 1995 ἐπιδημίας
2611 1925 2851 1990 ἅπαντες
2890 1922 3030 1998 ἦμεν
3069 1928 3128 1980 ἐν
3177 1926 3502 1998 ἁμαρτίαις,
3550 1943 3714 1980 κατε-

2120 2014 2313 2086 κρὰτει
2355 2015 2453 2086 τῆς
2478 2014 2570 2067 ὑπ’
2598 2015 2825 2088 οὐρανὸν
2870 2017 2898 2069 ὁ
2943 2017 3207 2083 Σατανᾶς,
3235 2017 3336 2071 οὐκ
3376 2013 3444 2088 ἦν
3473 2019 3502 2070 ὁ
3540 2016 3712 2070 ποιῶν

2120 2106 2483 2177 χρηστότητα,
2547 2107 2648 2160 οὐκ
2696 2101 2765 2178 ἦν
2811 2107 2918 2172 ἕως
2963 2109 3113 2172 ἐνός·
3162 2108 3362 2171 πάντες
3407 2105 3711 2172 ἐξέκλιναν,

2120 2199 2236 2270 ἅμα
2261 2199 2659 2272 ὴχρειώθησαν.
2685 2198 2944 2270 Ἕλληνες
2981 2199 3078 2270 μὲν
3115 2198 3224 2270 γὰρ
3255 2201 3306 2252 οί
3338 2198 3445 2252 τῶν
3476 2197 3713 2253 εἰδώλων

2119 2292 2642 2364 προσκυνηταὶ,τοὺς
2658 2293 2758 2363 τῆς
2778 2293 3075 2356 ἐπιεικείας
3091 2293 3192 2345 οὐκ
3213 2292 3432 2362 ᾔδεισαν
3452 2290 3708 2361 τρόπους,

2117 2386 2214 2456 τῆς
2239 2385 2472 2450 εύζωῖας
2507 2385 2606 2455 τὴν
2635 2384 2751 2438 ὁδὸν
2780 2385 2881 2438 οὐκ
2910 2384 3234 2453 ἠπίσταντο·
3271 2382 3472 2452 μᾶλλον
3500 2383 3556 2436 δὲ
3588 2383 3711 2438 οὐδὲ

2117 2477 2279 2531 αὐτὸν
2304 2477 2597 2545 ἐγίνωσκον
2628 2475 2765 2539 ὅλως
2791 2475 2881 2528 τὸν
2909 2475 3016 2528 τῶν
3043 2475 3179 2528 ὅλων
3203 2475 3584 2546 γενεσιουργὸν
3613 2473 3710 2528 καὶ

2117 2568 2345 2640 Σωτῆρα
2375 2567 2638 2640 Χριστόν·
2681 2565 2921 2620 Ἰουδαῖοι
2951 2565 3006 2618 δέ
3037 2565 3196 2619 πάλιν
3230 2561 3373 2636 εἶχον
3410 2566 3509 2636 μὲν
3545 2565 3706 2636 νόμον

2116 2658 2207 2714 τὸν
2237 2659 2609 2729 παιδαγωγόν·
2656 2658 2772 2712 ἀλλ’
2804 2660 2904 2712 οὐκ
2944 2653 3012 2730 ἦν
3058 2661 3116 2712 ἐν
3159 2659 3308 2729 νόμῳ
3349 2656 3707 2727 δικαιωθῆναι

2115 2753 2207 2806 τὸν
2235 2752 2538 2824 ἄνθρωπον.
2572 2752 2778 2806 Οὐκοῦν
2822 2750 3060 2814 ἅπαντες
3107 2746 3248 2822 ἦμεν
3281 2752 3338 2805 ἐν
3387 2749 3704 2822 ἁμαρτίαις,

2115 2845 2346 2914 ἀνομίας
2370 2841 2438 2916 ἦν
2472 2844 2686 2915 πλήρης
2710 2846 2744 2915 ἡ
2777 2845 2869 2914 γῆ.
2921 2843 3134 2914 Ἐπειδὴ
3163 2844 3220 2896 δὲ
3256 2842 3523 2913 ἐπέφανεν
3551 2844 3579 2894 ὁ
3609 2858 3706 2912 μοι

2115 2937 2338 3009 νογενὴς
2361 2936 2455 2989 τοῦ
2483 2934 2616 2990 Θεοῦ
2633 2936 2826 3006 Λόγος,
2847 2936 2941 2988 καὶ
2966 2935 3184 3004 γέγονεν
3211 2934 3514 3005 ἄνθρωπος,
3541 2932 3708 3000 ἐξέλιι

2115 3046 2214 3082 πον
2237 3029 2287 3082 οἱ
2309 3027 2644 3099 ἁμαρτωλοὶ,
2688 3025 3064 3080 ἐκλελοίπασιν
3093 3027 3141 3078 οἱ
3173 3025 3322 3089 ὄντες
3343 3028 3404 3080 ἐν
3427 3027 3701 3097 ἁνομίαις.

2114 3120 2238 3184 Πῶς
2268 3120 2302 3191 ἦ
2327 3120 2448 3173 τίνα
2476 3119 2712 3191 τρόπον;
2740 3117 3058 3173 δεδικαίωκε
3094 3118 3202 3190 γὰρ
3232 3118 3500 3185 ἅπαντας,
3530 3121 3706 3193 ἀπήλ-

429 3224 516 3270 tos
537 3220 718 3268 autem
749 3213 1080 3282 justiﬁeatos
1102 3229 1244 3269 esse.
1281 3213 1465 3284 Itaque
1502 3214 1591 3268 hic
1619 3231 1731 3270 non
1760 3225 2012 3270 naturam

2117 3212 2242 3280 λαξε
2292 3211 2400 3266 τῶν
2449 3210 3034 3283 πεπλημμελημένων,
3087 3209 3404 3282 ἐλευθέρους
3450 3211 3706 3284 ἀπέφηνε

427 3304 641 3362 destrui
672 3312 850 3376 rogat,
877 3321 1054 3376 neque
1076 3306 1324 3362 homines
1352 3305 1603 3362 funditus
1631 3309 1797 3364 exitio
1829 3308 1970 3363 tradi
1994 3325 2012 3376 ;

430 3397 527 3455 sed
551 3405 828 3469 precatur,
858 3404 917 3451 ut
947 3405 1205 3468 peccator
1238 3398 1503 3452 malitiam
1535 3399 1775 3466 deserat,
1807 3407 1870 3454 ut
1902 3414 2014 3455 non

429 3494 572 3546 ultra
599 3499 856 3562 peccator
882 3492 974 3557 sit,
1014 3491 1108 3548 sed
1136 3492 1488 3560 immuteturﬂ;
1527 3508 1593 3549 ne
1649 3494 1723 3550 sit
1755 3495 2011 3566 iniquus,

429 3585 524 3640 sed
552 3585 858 3654 resipiscat.
910 3581 1238 3640 Sanctorum
1273 3585 1477 3655 quippe
1505 3585 1704 3642 anima:
1752 3603 1862 3642 non
1912 3603 2014 3659 pro

429 3677 624 3746 seipsis
655 3683 889 3742 tantum,
916 3677 1011 3732 sed
1037 3692 1136 3746 pro
1183 3677 1441 3732 universo
1463 3676 1597 3733 orbe
1628 3679 1906 3735 orationes
1933 3679 2010 3735 ef-

428 3769 613 3826 ferunt
665 3782 814 3826 suas.
866 3767 1024 3823 Nunc
1077 3770 1243 3841 igitur
1291 3768 1494 3835 David,
1532 3786 1764 3827 arcanas
1817 3772 2015 3827 divinae

426 3861 856 3934 pulchritudinis
906 3860 1164 3926 divitias,
1202 3861 1384 3932 quoad
1421 3862 1673 3918 humanae
1731 3863 2013 3922 facultatis

425 3959 566 4018 erat,
591 3953 906 4023 explorans,
935 3967 1128 4008 omnes
1157 3952 1406 4008 homines
1451 3954 1600 4024 paris
1637 3955 1846 4009 notitia:
1881 3969 2013 4010 con-

427 4049 606 4100 sortes
642 4057 764 4098 esse
789 4045 1132 4113 peroptabat,
1168 4051 1628 4115 peccatorumque
1655 4055 1859 4102 sortem
1887 4061 2013 4102 om-

425 4134 559 4189 nino
589 4134 824 4189 delicere
868 4133 1228 4204 precabatur;
1292 4150 1402 4190 non
1440 4127 1516 4190 ut
1543 4145 1768 4205 pereant
1817 4147 2012 4207 postu-

425 4229 569 4297 lans,
602 4227 697 4284 sed
720 4236 781 4282 ut
813 4228 1172 4298 resipiscam,
1213 4234 1381 4298 utque
1405 4243 1596 4283 eorum
1626 4238 1825 4295 coetus,
1858 4239 2012 4301 post-

424 4335 590 4390 quam
639 4320 929 4390 pristinam
983 4319 1305 4376 divinorum.
1336 4320 1585 4375 notitiam
1623 4334 1926 4392 posuerunt
1957 4334 2013 4379 et

425 4411 776 4481 abjecerunt,
824 4411 1090 4465 deleatur.
1127 4408 1278 4465 Vane
1305 4411 1468 4481 igitur
1493 4413 1823 4468 contentiosi
1848 4413 1925 4466 illi
1953 4413 2012 4468 in

423 4503 804 4561 obdurationis
826 4518 939 4559 suae
960 4502 1324 4573 patrocinium
1368 4503 1683 4573 hujusmodi
1717 4521 1880 4561 voces
1910 4522 2009 4577 op-

2116 3304 2211 3359 καὶ
2261 3302 2713 3375 διεσμηγμένους.
2760 3301 2971 3356 Οὐκοῦν
3011 3301 3179 3370 ὀλίγοι
3223 3301 3509 3370 γεγόνασιν
3541 3305 3594 3356 οί
3639 3304 3703 3357 ἐν

2114 3394 2432 3466 ἁμαρτίαις,
2481 3392 2666 3447 πολλοὶ
2711 3391 2768 3445 δὲ
2809 3391 2930 3445 λίαν
2969 3393 3016 3445 oi
3060 3389 3500 3460 δεδικαιωμένοι.·
3553 3389 3699 3443 ὥστε

2114 3485 2349 3541 ἐνταῦθα
2404 3486 2464 3539 ού
2519 3484 2618 3557 τὴν
2660 3484 2846 3538 οὐσίαν
2882 3481 3244 3554 ἀφανισθῆναι
3285 3480 3525 3552 εὔχεται,
3571 3480 3699 3536 οὕτε

2112 3581 2240 3644 τοὺς
2268 3578 2588 3651 ἀνθρώπους
2631 3577 2960 3649 πανολεθρίᾳ
3000 3574 3394 3648 παραδοθῆναι·
3432 3573 3570 3628 ἀλλὰ
3599 3574 3700 3647 τὴν

2115 3671 2377 3745 πονηρίαν
2405 3671 2615 3725 ἐκλίποι
2646 3669 2987 3742 ἁμαρτωλὸς,
3019 3667 3160 3722 ὥστε
3188 3667 3261 3739 μὴ
3283 3662 3420 3721 εἶναι
3449 3667 3704 3738 ἁμαρτω-

2113 3766 2223 3831 λὸς,
2261 3765 2397 3820 ἀλλά
2443 3763 2830 3836 μετατεθῆναι·
2865 3763 2939 3834 μὴ
2965 3762 3200 3833 ὑπάρχοι
3239 3764 3269 3815 ὁ
3311 3761 3530 3831 ἄνομος,
3563 3759 3701 3814 ἀλλὰ

2117 3861 2540 3934 μεταϐληθῆναι.
2587 3860 2854 3924 Τοιαύτας
2899 3861 3009 3930 γὰρ
3063 3861 3119 3912 αἱ
3173 3858 3281 3911 τῶν
3316 3858 3489 3925 ἁγίων
3529 3857 3697 3927 ψυχαὶ

2114 3956 2211 4027 οὐχ
2243 3956 2382 4027 ὑπὲρ
2409 3954 2616 4009 ἑαυτῶν
2661 3953 2840 4025 μόνον,
2890 3951 3005 4006 ἀλλ’
3046 3950 3185 4023 ὑπὲρ
3236 3949 3336 4022 τῆς
3376 3949 3698 4021 οἰκουμένης

2115 4048 2334 4120 ἁπάσης
2382 4047 2481 4110 τὰς
2522 4046 2734 4117 δεήσεις
2778 4043 3128 4116 ἀναφέρουσι.
3183 4043 3291 4096 Καὶ
3331 4040 3430 4096 νῦν
3468 4041 3644 4094 τοίνυν
3669 4042 3698 4095 ὁ

2113 4140 2296 4208 Δαυῒδ,
2327 4139 2387 4194 τὸ
2413 4139 2554 4193 θεῖον
2578 4137 2772 4202 κάλλος
2804 4135 2946 4191 κατὰ
2987 4135 3077 4190 τὸν
3112 4135 3419 4207 ἀπόρρητον
3445 4132 3695 4198 πλοῦτον,

2113 4232 2190 4295 ὡς
2216 4231 2345 4302 ἐνῆν
2379 4228 2693 4300 ἀνθρωπεία
2723 4227 2882 4296 φύσει
2910 4224 3212 4291 διεξελθὼν,
3248 4226 3455 4287 πάντας
3487 4221 3694 4295 ἀνθρὼ-

2113 4339 2247 4387 πους
2289 4323 2527 4393 ἱμείρετο
2567 4319 2668 4391 τῆς
2704 4319 2873 4389 αὐτῆς
2923 4318 3241 4389 μεταλαχεῖν
3280 4315 3554 4384 γνώσεως,
3604 4317 3698 4368 καὶ

2111 4414 2209 4486 τὴν
2249 4414 2360 4467 τῶν
2413 4409 2755 4483 ἁμαρτωλῶν
2808 4410 3040 4481 πάμπαν
3095 4407 3339 4476 ἐκλεῖψαι
3387 4406 3700 4478 συμμορίαν

2114 4506 2372 4561 ἱκετεύει·
2417 4506 2518 4558 οὐκ
2565 4504 2762 4566 αὐτοὺς
2810 4500 3105 4555 ἀπολέσθαι
3156 4498 3521 4570 παρακαλῶν,
3560 4496 3698 4554 ἀλλά

424 4605 668 4670 ponunt;
709 4599 853 4668 quod
887 4596 1057 4651 David
1110 4595 1364 4651 videlicet
1401 4595 1634 4652 deﬁcere
1665 4610 2008 4666 peccatorem

2117 4597 2521 4671 μεταϐληθῆναι
2563 4597 2842 4666 δεόμενος,
2895 4595 2990 4647 καὶ
3038 4592 3350 4647 παύσασθαι
3402 4591 3580 4646 αὐτῶν
3634 4592 3697 4645 τὸ

424 4697 664 4761 exoptet,
691 4705 756 4745 ac
788 4689 1070 4744 infamiam
1111 4685 1600 4758 confusionemque
1634 4688 1871 4745 inimicis
1901 4690 2006 4744 im-

425 4789 714 4854 precetur;
745 4782 890 4852 quod
919 4779 1187 4836 Jeremias
1218 4780 1485 4835 ultionem
1517 4796 1549 4834 a
1601 4780 1714 4837 Deo
1741 4784 2004 4838 adversa-

424 4875 528 4930 riis
548 4875 662 4930 suis
696 4874 957 4929 inllictam
991 4873 1179 4929 videre
1230 4874 1463 4946 cupidus
1493 4874 1593 4941 sit;
1646 4875 1793 4946 quod
1841 4874 2002 4940 Osee,

423 4979 488 5024 ut
512 4967 805 5024 infecunda
835 4969 998 5022 vulva
1024 4982 1382 5039 mammaeque
1403 4967 1572 5023 aridae
1605 4968 1846 5023 inimicis
1873 4967 2008 5023 den-

423 5068 516 5116 tur
554 5061 863 5132 supplicet:
915 5073 980 5114 ae
1041 5057 1243 5113 similia
1287 5060 1427 5114 bene
1476 5060 1646 5114 multa
1699 5059 1754 5114 in
1806 5057 2008 5116 divinis

424 5151 730 5226 Scripturis
771 5153 979 5224 passim
1031 5151 1208 5220 posita
1252 5150 1547 5221 colligunt,
1593 5158 1653 5205 ut
1681 5151 1811 5205 hinc
1839 5151 1998 5204 evin—

423 5256 572 5314 cant,
608 5247 843 5302 inimicis
877 5245 1165 5316 imprecari
1210 5243 1292 5300 fas
1323 5259 1465 5308 esse,
1495 5251 1659 5313 atque
1693 5243 1773 5298 sic
1797 5245 2008 5299 acerbi-

422 5343 552 5398 tatis
573 5357 688 5397 sua:
707 5339 802 5396 Dei
837 5341 1134 5396 bonitatem
1160 5336 1429 5394 vindicem
1462 5335 1684 5390 faciant.

2115 4692 2302 4762 στίφος
2332 4688 2646 4753 ἀντιϐολῶν,
2697 4685 3152 4756 μεταταξαμένων
3207 4683 3300 4738 καὶ
3357 4681 3698 4754 μεταμιιθόν-

2109 4802 2220 4837 των
2260 4783 2330 4837 τὰ
2372 4783 2510 4834 θεῖα.
2546 4781 2709 4862 Ὥστε
2745 4779 2921 4850 μάτην
2961 4778 3009 4830 οἱ
3053 4777 3319 4848 ἐριστικοὶ
3357 4777 3438 4840 είς
3472 4792 3699 4846 συνηγο-

2117 4877 2236 4948 ρίαν
2263 4877 2360 4950 τῆς
2381 4873 2589 4928 ἐαυτῶν
2614 4871 2840 4943 πικρίας
2877 4869 2976 4934 τὰς
3018 4869 3272 4934 τοιαύτας
3303 4867 3486 4938 φωνὰς
3520 4885 3700 4940 παρα-

2111 4966 2379 5021 τίθενται·
2407 4965 2498 5018 τὺν
2526 4960 2686 5016 Δαυῒδ
2714 4961 2985 5016 ἐκλείπειν
3015 4959 3106 5013 τὸν
3129 4959 3452 5032 ἁμαρτωλὸν
3481 4957 3702 5014 ποθοῦνο

2113 5076 2203 5124 τα,
2245 5059 2340 5113 καὶ
2372 5053 2632 5126 αἰσχύνην
2675 5054 2769 5106 καὶ
2804 5051 3070 5122 ἐντροπὴν
3109 5050 3217 5104 τῶν
3249 5049 3459 5122 ἐχθρῶν
3502 5067 3700 5104 κατευ-

2115 5151 2370 5222 χόμενον·
2401 5147 2490 5201 τὸν
2535 5145 2802 5218 Ἱερεμίαν
2851 5145 2976 5198 ἰδεῖν
3005 5142 3103 5213 τὴν
3136 5142 3287 5214 παρὰ
3314 5141 3407 5194 τοῦ
3439 5141 3572 5195 Θεοῦ
3607 5143 3702 5195 ἐκ-

2113 5244 2326 5314 δίκησιν
2377 5242 2442 5294 ἐκ
2486 5239 2596 5292 τῶν
2639 5238 2898 5292 ἐναντίων
2942 5234 3342 5306 ἐπιθυμοῦντα·
3393 5234 3486 5286 τὸν
3539 5233 3701 5306 Ὠσηὲ

2117 5337 2327 5408 μήτραν
2358 5329 2687 5387 ἀτεκνοῦσαν
2719 5331 2814 5386 καὶ
2840 5327 3078 5401 μαστοὺς
3117 5327 3313 5398 ξηροὺς
3341 5324 3558 5396 δοθῆναι
3586 5327 3700 5388 τοῖς

422 5437 640 5510 ἐχθροῖς
678 5437 964 5507 δεόμενον·
1006 5437 1100 5491 καλ⁸
1141 5433 1312 5489 πολλά
1368 5431 1594 5486 τοιαῦτα
1648 5429 1921 5503 σποράδην
1962 5429 2260 5500 ἐγκείμενα
2321 5431 2439 5493 ταῖς
2502 5427 2675 5490 θείαις
2713 5427 2754 5479 Γ
2758 5427 2957 5497 ραφαίς
3015 5422 3394 5510 ἀναλέγονται,
3443 5421 3698 5475 συνιστάο

427 5507 579 5602 μενοι
648 5533 726 5603 τῷ
779 5533 888 5586 δεῖν
935 5533 1043 5586 τῶν
1094 5529 1347 5592 ἐναντίων
1417 5527 1810 5599 κατεύχεσθαι,
1848 5525 1938 5581 καὶ
1963 5526 2060 5596 τῆς
2094 5525 2300 5580 ἑαυτῶν
2352 5523 2578 5595 πικρίας
2625 5521 2891 5594 συνεργὸν
2940 5507 3213 5574 ποιεῖσθαι
3261 5516 3362 5591 τὴν
3409 5515 3505 5572 τοῦ
3561 5513 3699 5571 Θεοῦ

423 5623 768 5696 ἀγαθότητα.,

498 5799 545 5833 ⁸⁸
588 5796 778 5852 Matth.
821 5813 944 5863 xxv,
985 5795 1171 5851 “4'5.
