4102 6384
387 364 531 421 1293

1510 355 2014 415 COMMENTARIA
2051 355 2117 410 IN
2157 356 2496 414 PSALMOS.

3485 362 3625 420 1294

465 478 604 532 Ἀλλ’
630 476 804 540 οὐδεὶς
826 475 933 530 τῶν
963 473 1179 545 ἀληθῶς
1206 471 1392 541 ἁγίων,
1413 465 1488 527 ὧν
1515 475 1570 528 αἱ
1603 474 1789 544 ῥήσεις
1814 471 1956 526 κατά

2127 471 2329 528 Verum
2361 486 2523 526 nemo
2550 485 2740 526 eorum
2768 471 2862 541 qui
2894 488 3019 529 vere
3061 472 3238 530 sancti
3282 482 3445 541 sunt,
3490 490 3630 546 quo~

385 573 536 626 θείαν
574 569 880 640 οἰκονομίαν
916 570 995 630 εἰς
1036 566 1315 620 νουθεσίαν
1347 565 1454 619 τῶν
1496 564 1690 637 ἐφεξῆς
1732 564 1960 636 ἀνεγρά-

384 681 583 736 φησαν,
614 663 705 715 ἐπί
731 679 838 715 τινι
865 659 1018 730 κακῷ
1043 659 1140 732 τὴν
1167 658 1398 729 σπουδὴν
1422 657 1558 730 έχων
1589 657 1960 726 ἐπιδειχθήσε-

383 772 492 819 ται,
523 752 657 808 ἀλλὰ
681 755 789 816 πᾶς
818 753 998 815 αὐτοῖς
1023 753 1052 804 ό
1083 750 1280 813 σκοπὸς
1307 749 1416 804 τῶν
1455 749 1626 818 λόγων
1660 748 1795 820 πρὸς
1824 748 1961 820 διόρ-

385 847 549 901 θωσιν
577 845 678 916 τῆς
710 842 1198 916 ἐμπολιτευομένης
1227 845 1292 914 τῇ
1323 842 1480 910 φύσει
1523 841 1719 904 κακίας
1753 839 1956 910 βλέπει.

387 938 595 1008 ’Ὠσπερ
642 936 818 990 τοίνυν
867 936 895 988 ό
939 934 1228 1006 εὐχόμενος
1268 934 1341 1004 μὴ
1375 928 1514 986 εἶναι
1542 932 1847 996 νοσοῦντας,
1887 932 1961 1004 μὴ

386 1025 524 1080 εἶναι
571 1024 979 1096 πτωχεύοντας,
1025 1024 1084 1077 ού
1137 1023 1244 1077 τῶν
1297 1020 1598 1094 ἀνθρώπων
1652 1022 1960 1093 ἀναίρεσιν,

386 1119 522 1171 ἀλλά
547 1118 646 1188 τῆς
676 1117 831 1171 νόσου
871 1118 966 1170 καὶ
1010 1116 1109 1186 τῆς
1140 1115 1410 1185 πτωχείας
1437 1113 1738 1184 ἀφανισμὸν
1779 1113 1965 1167 ἐπιθυ-

391 1213 484 1282 μεῖ
522 1210 807 1278 γενέσθαιο
847 1207 990 1262 οὕτω
1037 1207 1130 1262 καὶ
1178 1207 1284 1260 τῶν
1322 1205 1494 1275 ἁγίων
1540 1207 1767 1270 ἕκαστος
1803 1206 1861 1260 τὸ
1895 1209 1962 1278 τῇ

389 1302 546 1373 φύσει
605 1301 902 1370 πολέμιον,
962 1299 1043 1363 εἰς
1105 1298 1408 1369 ἀφανισμὸν
1464 1298 1635 1352 ἐλθεῖν
1694 1297 1960 1370 εὔχονται.

391 1397 559 1448 Ὅταν
602 1393 709 1463 γὰρ
758 1394 787 1445 ὁ
813 1391 1116 1462 Ψαλμῳδδς
1164 1392 1292 1464 εἴπῃ
1315 1407 1326 1418 ·
1373 1391 1758 1444 Ἐκλίποισαν
1786 1391 1968 1460 ἁμαρ-

387 1484 562 1538 τωλοὶ
601 1481 719 1537 ἀπὸ
760 1480 870 1549 τῆς
904 1478 1017 1550 γῆς
1059 1480 1156 1532 καὶ
1190 1477 1420 1548 ἄνομοι,
1459 1476 1616 1531 ὥστε
1649 1476 1734 1546 μὴ
1779 1476 1967 1546 ὑπάρ-

390 1594 522 1646 χειν
549 1575 788 1641 αὐτοὺς,
814 1573 911 1645 τὴν
931 1573 1203 1644 ἁμαρτίαν
1227 1571 1467 1625 ἐκλιπεῖν
1494 1571 1588 1623 καὶ
1615 1571 1714 1640 τὴν
1736 1571 1966 1642 ἀνομίαν

390 1669 627 1740 εὔχεται.
660 1669 733 1722 Ού
764 1667 873 1738 γὰρ
913 1666 1197 1737 ἄνθρωπος
1231 1663 1500 1736 ἀνθρώπῳ
1543 1664 1818 1735 πολέμιος,
1852 1663 1966 1719 ἀλλ’

388 1765 422 1833 ἡ
457 1761 598 1815 κατά
631 1760 828 1813 κακίαν
859 1759 956 1830 τῆς
996 1756 1367 1829 προαιρέσεως
1395 1758 1608 1828 κίνησις
1648 1759 1728 1820 εἰς
1772 1756 1965 1828 ἐχθροῦ

2059 580 2179 619 rum
2211 563 2357 618 dicta
2382 579 2451 618 ex
2492 562 2674 617 divina
2721 562 3126 633 dispensatione
3167 567 3237 622 ad
3285 578 3628 638 posterorum

2061 656 2464 711 institutionem
2490 657 2804 726 conscripta
2854 657 3004 713 fuere
3029 697 3044 721 ,
3105 659 3172 713 ad
3205 660 3409 715 malum
3454 661 3632 731 quod-

2060 748 2204 820 piam
2229 747 2472 802 studium
2495 761 2657 804 suum
2689 749 2987 805 contulisse
3017 749 3508 820 demonstrabitur;
3535 750 3631 809 sed

2062 848 2210 896 totus
2227 855 2415 896 eorum
2450 853 2652 911 scopus
2681 839 2750 894 ad
2781 839 3142 911 improbitatis
3173 842 3227 897 in
3271 843 3508 898 humana
3532 858 3634 898 na-

2061 940 2185 988 tura
2208 933 2477 988 versantia
2517 933 2952 988 emendationem
2987 934 3229 1004 respicit.
3277 935 3638 1002 Quemadmo-

2063 1026 2191 1080 dum
2221 1026 2267 1080 is
2288 1026 2378 1096 qui
2404 1036 2657 1096 precatur
2669 1041 2778 1081 non
2794 1042 2917 1084 esse
2938 1027 3206 1092 inﬁrmos,
3231 1043 3338 1083 non
3358 1044 3482 1084 esse
3499 1044 3636 1099 pau-

2064 1135 2241 1190 peres,
2275 1136 2384 1175 non
2409 1120 2691 1175 hominum
2724 1121 3172 1183 destructionem.
3218 1119 3314 1176 sed
3355 1121 3640 1176 infirmita-

2064 1218 2175 1266 tem
2227 1221 2707 1283 paupertatemque
2761 1212 2967 1268 aboleri
3019 1213 3254 1282 expetit;
3306 1212 3382 1268 ita
3436 1213 3640 1284 singuli

2067 1311 2381 1358 sanctorum
2411 1304 2556 1374 quod
2604 1312 2818 1359 naturae
2847 1305 3168 1361 adversatur
3199 1306 3267 1360 de
3311 1305 3490 1361 medio
3521 1307 3641 1362 tolli

2067 1394 2362 1464 postulant.
2388 1393 2523 1449 Nam
2560 1409 2683 1448 cum
2717 1394 3004 1450 Psalmista
3037 1395 3132 1460 ait,
3171 1395 3435 1466 Deﬁciunt
3457 1413 3643 1466 pecca-

2068 1492 2204 1538 tores
2238 1501 2272 1536 a
2305 1493 2445 1539 terra
2465 1493 2512 1538 et
2540 1485 2727 1555 iniqui,
2756 1485 2833 1538 ita
2866 1494 2922 1538 ut
2952 1502 3056 1539 non
3084 1487 3190 1540 sint
3211 1529 3226 1554 ,
3275 1498 3556 1556 peccatum
3587 1497 3645 1544 et

2067 1573 2410 1644 iniquitatem
2438 1574 2669 1631 deﬁcere
2698 1584 2975 1647 precatur.
3015 1576 3136 1633 Non
3165 1579 3312 1634 enim
3345 1580 3510 1636 homo
3543 1580 3645 1638 lio--

2067 1665 2204 1721 mini
2227 1667 2486 1723 inimicus
2509 1676 2626 1735 est;
2671 1669 2768 1725 sed
2799 1677 2984 1724 motus
3031 1671 3332 1727 voluntatis
3376 1672 3444 1727 ad
3484 1673 3646 1726 mali-

2067 1758 2222 1824 tiam,
2255 1759 2398 1829 quod
2427 1767 2623 1814 natura
2651 1761 3008 1830 conjunctum
3038 1769 3157 1818 erat
3184 1763 3253 1818 ad
3297 1763 3643 1819 inimicitiam

389 1853 542 1919 τάξιν
569 1853 630 1905 τὸ
657 1854 722 1923 τῇ
766 1851 923 1920 φύσει
969 1849 1310 1920 συνημμένον
1346 1849 1664 1919 κατέστησε.
1697 1848 1770 1902 Τὸ
1799 1846 1967 1902 κακὸν

2073 1851 2315 1907 deduxit.
2368 1851 2566 1907 Malum
2598 1853 2764 1924 igitur
2789 1855 3020 1912 deﬁcere
3064 1863 3359 1927 precatur:
3390 1865 3446 1911 at
3479 1857 3647 1913 homo

392 1946 568 2002 τοίνυν
619 1944 858 1998 ἐκλιπεῖν
896 1941 1145 2011 εὔχεται*
1188 1943 1216 1995 ό
1257 1940 1313 1993 δέ
1350 1939 1632 2012 ἄνθρωπος
1675 1939 1842 1993 κακὸν
1867 1939 1968 1991 οὐκ

391 2037 525 2092 ἔστι.
559 2036 683 2101 Πῶς
709 2035 818 2108 γὰρ
849 2035 914 2090 ἂν
943 2033 1028 2105 εἴη
1056 2033 1223 2087 κακὸν
1251 2031 1346 2086 τοῦ
1374 2031 1578 2102 ἀγαθοῦ
1605 2031 1664 2084 τὸ
1689 2030 1967 2102 ὁμοίωμα;

393 2129 581 2193 Οὖτως
614 2128 716 2183 κᾶν
745 2126 1005 2199 αἰσχύνην
1035 2127 1129 2180 καὶ
1159 2125 1426 2197 ἐντροπὴν
1452 2124 1561 2178 τῶν
1598 2123 1806 2195 ἐχθρῶν
1839 2139 1970 2176 κατ-

393 2223 652 2293 εύχηται,
703 2220 1065 2274 δείκνυσίσοι
1111 2218 1172 2272 τὸ
1222 2217 1406 2287 στίφος
1443 2215 1552 2270 τῶν
1599 2214 1873 2280 ἐναντίων,
1907 2215 1971 2267 ἐκ

391 2317 486 2371 τοῦ
520 2317 750 2386 ἀοράτου
804 2315 869 2385 τῇ
915 2312 1228 2386 ἀνθρωπίνῃ
1280 2309 1800 2383 προσπολεμούντων
1835 2306 1967 2378 ζωῇ.

395 2410 517 2462 Ὅτι
565 2408 621 2461 δέ
663 2409 762 2461 οὐκ
804 2405 1125 2478 ἀνθρώπων,
1154 2405 1286 2458 ἀλλά
1318 2404 1583 2475 δαιμόνων
1627 2401 1969 2472 κατεύχεται,

392 2502 542 2574 δηλοῖ
565 2501 664 2572 τῆς
691 2500 854 2572 εὐχῆς
886 2499 944 2553 τὸ
968 2495 1104 2562 εἶδος
1133 2515 1144 2527 ’
1174 2495 1684 2566 Αἱσχυνθήτωσαν
1711 2493 1841 2565 γάρ,
1869 2510 1975 2565 φησι

397 2596 504 2659 σὶν,
536 2597 588 2647 οἱ
627 2591 941 2660 ζητοῦντες
969 2591 1084 2660 τὴν
1113 2588 1325 2659 ψυχήν
1349 2607 1490 2658 μου,
1514 2587 1620 2642 τοῦ
1643 2586 1849 2656 ἐξᾶραι
1877 2587 1977 2640 αὺ-

394 2686 528 2753 τήν.
569 2682 1145 2753 Ἀποστραφήτωσαν
1171 2685 1258 2748 εις
1296 2683 1367 2735 τὰ
1406 2681 1598 2734 ὀπίσω
1642 2680 1738 2733 καὶ
1767 2679 1973 2746 ἐντρα-

395 2779 685 2847 πήτωσαν
725 2781 779 2832 οἱ
818 2774 1095 2841 θέλοντές
1138 2793 1238 2844 μοι
1281 2773 1456 2827 κακά.
1496 2772 1975 2842 Κομισάσθωσαν

397 2871 756 2942 παραχρῄια
804 2868 1108 2940 αἰσχύνην
1158 2866 1354 2922 αὐτῶν
1393 2868 1448 2920 οι
1499 2863 1780 2934 λέγοντές
1829 2881 1930 2933 μοι
1957 2904 1971 2928 ,

399 2962 576 3036 Εὖγε,
619 2960 776 3034 εὖγε.
817 2961 1299 3034 Ἀγαλλιάσαιντο
1347 2959 1442 3012 καὶ
1499 2958 1990 3028 εὐρρανθείησαν

395 3058 494 3112 ἐπὶ
520 3057 618 3111 σοὶ
645 3055 866 3122 πάντες
892 3057 945 3108 οἱ
975 3052 1286 3122 ζητοῦντές
1320 3065 1414 3117 σε,
1449 3052 1648 3120 Κύριε,
1679 3049 1777 3104 καὶ
1813 3048 1975 3103 εἰπά-

397 3166 601 3204 τωσαν
651 3146 1006 3212 διαπαντὸς,
1064 3143 1508 3214 Μεγαλυνθήτω
1564 3147 1597 3196 ὁ
1653 3143 1884 3210 Κύριος,
1923 3144 1976 3196 οὶ

2069 1959 2180 1999 non
2214 1947 2416 1999 malum
2446 1947 2727 2022 quidpiam
2758 1955 2863 2003 est.
2911 1947 3194 2015 Quomodo
3237 1950 3382 2005 enim
3439 1949 3645 2004 malum

2069 2037 2200 2092 boni
2245 2038 2546 2093 similitudo
2594 2039 2791 2095 fuerit?
2843 2039 2922 2094 lta
2953 2041 3203 2112 quamvis
3257 2040 3539 2096 infamiam
3591 2049 3650 2098 et

2071 2131 2446 2187 confusionem
2471 2132 2711 2188 inimicis
2739 2143 3008 2203 precetur,
3039 2133 3132 2188 hic
3163 2134 3263 2189 tibi
3314 2135 3649 2190 adversarioo

2071 2237 2214 2287 rum,
2245 2222 2336 2291 qui
2363 2223 2415 2276 in
2447 2222 2664 2277 occulto
2686 2222 2982 2277 humanam
3009 2231 3264 2278 naturam
3289 2233 3603 2296 oppugnant
3628 2266 3646 2290 ,

2073 2321 2273 2367 cretum
2292 2314 2554 2369 declarat.
2584 2314 2741 2380 Quod
2760 2323 2943 2371 autem
2975 2315 3315 2372 daemonibus
3333 2333 3442 2372 non
3471 2318 3650 2372 homi-

2071 2404 2236 2458 nibus
2265 2403 2616 2474 imprecetur,
2643 2404 2761 2475 ipsa
2795 2405 3063 2461 orationis
3093 2405 3266 2461 forma
3304 2408 3647 2478 comprobat:

2074 2493 2506 2565 Confundantur,
2534 2497 2731 2568 inquit,
2764 2499 2856 2568 qui
2894 2509 3136 2568 quwrunt
3166 2500 3400 2554 animam
3438 2516 3608 2555 meam
3629 2539 3648 2566 ,

2073 2597 2131 2642 ut
2163 2589 2408 2658 auferant
2450 2607 2588 2644 eam.
2638 2589 3024 2647 Convertuntur
3062 2602 3355 2647 retrorsum
3389 2602 3438 2647 et
3468 2593 3654 2649 erube—

2074 2688 2224 2732 scant
2248 2681 2336 2750 qui
2365 2682 2542 2735 volunt
2573 2682 2700 2735 mihi
2725 2684 2891 2737 mala.
2931 2682 3132 2738 Ferant
3163 2685 3441 2754 confestim
3466 2686 3657 2755 confu-

2074 2770 2272 2824 sionem
2301 2787 2454 2824 suam
2481 2773 2570 2842 qui
2599 2771 2779 2827 dicunt
2808 2775 2968 2841 mihi,
3004 2774 3170 2846 Euge,
3196 2793 3343 2849 euge.
3374 2777 3656 2834 Exsuitent

2073 2871 2122 2916 et
2144 2862 2386 2917 lwtenlur
2415 2865 2466 2918 in
2498 2875 2545 2919 te
2571 2882 2748 2921 omnes
2785 2868 2874 2937 qui
2915 2877 3155 2939 quwrunt
3199 2881 3266 2938 te,
3309 2871 3533 2928 Domine
3556 2913 3571 2939 ,
3605 2883 3657 2927 et

2077 2954 2254 3009 dicant
2279 2972 2510 3026 semper,
2562 2956 2936 3029 Magniﬁcetur
2965 2960 3248 3031 Dominus,
3290 2966 3380 3036 qui
3425 2965 3658 3038 diligunt

2078 3048 2315 3103 salutare
2347 3061 2496 3104 tuum
2518 3049 2583 3105 ⁸⁵.
2618 3048 2730 3107 Soli
2763 3053 2963 3124 quippe
2991 3054 3266 3112 daemones
3306 3057 3502 3113 animm
3529 3059 3660 3115 insi-

2081 3140 2303 3195 diantur
2335 3161 2347 3194 :
2385 3140 2580 3196 animae
2609 3149 2789 3197 autem
2814 3143 3026 3200 insidiae
3051 3153 3179 3200 sunt
3208 3146 3464 3204 alienatio
3494 3164 3523 3202 a
3547 3147 3661 3206 Deo

398 3239 747 3311 ἀγαπῶντες
772 3239 838 3293 τὸ
867 3237 1166 3306 σωτήριόν
1195 3253 1332 3290 σου.
1364 3237 1529 3290 Μόνοι
1561 3236 1669 3306 γὰρ
1710 3237 1759 3289 oi
1791 3237 1972 3307 δαίμο-

2080 3234 2148 3289 ob
2169 3251 2395 3305 pravum
2429 3236 2596 3291 animi
2628 3235 2900 3292 affectum.
2940 3236 3010 3292 Ut
3041 3254 3171 3311 ergo
3195 3238 3250 3294 in
3282 3241 3396 3296 haec
3429 3257 3540 3296 non
3577 3243 3662 3298 in—

398 3350 489 3397 νες
538 3334 618 3396 είς
671 3331 850 3404 ψυχὴν
894 3330 1328 3386 ἐπιϐουλεύουσιο
1381 3330 1557 3401 ψυχῆς
1611 3330 1667 3383 δέ
1722 3329 1978 3402 ἐπιϐουλὴ

399 3422 534 3477 Θεοῦ
581 3423 928 3495 ἀλλοτρίωσις
975 3422 1063 3476 διά
1101 3422 1201 3493 τῆς
1240 3420 1519 3492 ἐμπαθοῦς
1550 3423 1838 3493 γινομένης
1868 3422 1982 3475 διας

401 3516 618 3580 θέσεως.
665 3516 752 3578 Ὦς
796 3515 862 3568 ἂν
908 3510 998 3569 οὖν
1049 3515 1123 3587 μὴ
1165 3515 1323 3569 τοῦτο
1368 3514 1549 3579 πάθοι,
1588 3515 1848 3588 αἰσχύνην
1876 3515 1981 3569 τῶν

402 3607 862 3662 ἀντιπαλαιόντων
912 3606 1150 3678 εΰχεται.
1192 3606 1362 3660 Τοῦτο
1391 3607 1448 3660 δὲ
1479 3607 1631 3662 οὐδὲν
1673 3607 1800 3662 ἄλλο
1835 3608 1982 3661 ἐστὶν

402 3699 643 3774 ἣέαυτῷ
689 3700 845 3772 νίκην
893 3699 1032 3753 κατά
1077 3699 1185 3755 τῶν
1229 3699 1503 3770 πολεμίων
1542 3699 1899 3766 ἐπεύξασθαι·
1933 3699 1983 3752 οἱ

403 3794 462 3848 δέ
495 3794 745 3866 πολέμιοι
793 3792 861 3847 τά
902 3792 1046 3864 πάθη
1090 3793 1245 3847 εἰσίν.
1283 3792 1470 3856 Οὕτως
1508 3793 1777 3864 Ἱερεμίας
1823 3790 1982 3863 ζῆλον

404 3887 502 3958 τῆς
535 3886 839 3948 θεοσεϐείας
867 3885 1024 3955 ἔχων,
1060 3884 1563 3956 εἰδωλολατροῦντος
1595 3884 1690 3937 τοῦ
1724 3884 1986 3954 βασιλέως

405 3977 501 4030 καὶ
555 3975 649 4029 τοῦ
700 3974 852 4038 λαοῦ,
882 3974 980 4026 οὐκ
1031 3973 1160 4027 ἴδιόν
1211 3993 1262 4027 τι
1308 3971 1597 4043 θεραπεύει
1645 3971 1832 4035 πάθος,
1868 3971 1983 4026 ἀλλ’

407 4064 548 4136 ὑπὲρ
590 4064 684 4118 τοῦ
739 4063 916 4117 κοινοῦ
961 4063 1069 4116 τῶν
1117 4062 1417 4135 ἀνθρώπων
1462 4062 1727 4134 προσάγει
1758 4061 1836 4132 τῷ
1867 4060 1986 4133 Θεῷ

406 4157 504 4231 τὴν
542 4156 743 4229 δέησιν,
783 4159 850 4228 τῇ
901 4154 1042 4209 κατά
1070 4154 1177 4208 τῶν
1222 4154 1606 4226 ἀσεϐησάντων
1654 4155 1796 4226 ὁρμῇ
1843 4153 1986 4207 ἀπαν

410 4250 839 4322 σωφρονισθῆναι
885 4248 1049 4314 ἀξιῶν
1090 4247 1149 4301 τὺ
1199 4246 1554 4319 ἀνθρώπινον.
1592 4247 1703 4300 Καὶ
1743 4246 1988 4319 Ὠσηὲδέ

408 4341 807 4412 πολυγονοῦσαν
838 4342 960 4395 τότε
993 4339 1088 4412 τὴν
1138 4339 1335 4393 κακίαν
1381 4340 1440 4393 ἐν
1482 4341 1594 4402 τοῖς
1631 4337 1989 4409 Ἰσραηλίταις

2082 3327 2246 3392 cidat,
2274 3329 2603 3385 adversariis
2661 3329 2943 3384 infamiam
2993 3339 3268 3401 precatur.
3327 3334 3466 3389 Illud
3527 3352 3661 3393 vero

2082 3420 2221 3475 nihil
2253 3421 2402 3475 aliud
2436 3429 2542 3486 est,
2575 3437 2739 3492 quam
2769 3421 3055 3477 victoriam
3090 3423 3196 3477 sibi
3229 3423 3298 3480 de
3328 3425 3664 3483 adversariis

2083 3513 2404 3584 postulare:
2453 3513 2660 3568 inimici
2711 3529 2838 3568 vero
2892 3521 3021 3570 sunt
3062 3513 3230 3568 animi
3279 3514 3527 3572 aifectus.
3571 3515 3665 3572 Sic

2082 3603 2349 3660 Jeremias
2396 3605 2512 3659 zelo
2543 3604 2823 3674 religionis
2865 3605 3187 3674 instructus,
3220 3621 3348 3677 rege
3379 3615 3432 3663 et
3460 3609 3665 3679 populo

2084 3696 2229 3752 idola
2259 3696 2585 3762 colentibus,
2618 3711 2727 3750 non
2784 3697 3115 3766 peculiarem
3161 3697 3451 3770 quemdam
3496 3699 3665 3754 animi

2085 3788 2335 3842 morbum
2375 3797 2551 3854 curat,
2583 3787 2677 3844 sed
2708 3803 2808 3858 pro
2833 3791 3108 3844 communi
3135 3790 3420 3846 hominum
3456 3791 3667 3862 suppli-

2086 3879 2356 3936 cationem
2386 3880 2494 3936 Deo
2519 3879 2696 3949 oﬂert,
2723 3896 2924 3952 rogans
2948 3891 3007 3936 ut
3034 3891 3226 3939 contra
3265 3884 3462 3954 impios
3492 3883 3665 3955 impe-

2086 3978 2203 4028 tum
2237 3972 2434 4041 faciat,
2481 3981 2535 4028 et
2586 3973 2667 4029 sic
2717 3989 2908 4029 omnes
2960 3974 3211 4031 homines
3262 3974 3332 4030 ad
3383 3975 3664 4031 meliorem

2087 4063 2300 4137 frugem
2327 4075 2673 4122 revocentur.
2711 4065 2775 4120 Et
2805 4065 2944 4122 Osee
2973 4067 3237 4122 malitiam
3267 4073 3400 4121 tunc
3421 4067 3562 4137 apud
3588 4065 3668 4123 ls-

2087 4159 2312 4216 raelitas
2350 4174 2471 4216 sese
2499 4158 2977 4228 multiplicantem,
3010 4157 3393 4214 infecunditati
3421 4158 3666 4224 damnat,

2088 4257 2142 4304 et
2168 4248 2395 4306 acerbas
2425 4250 2637 4322 peccati
2659 4264 2924 4305 mammas
2951 4249 3222 4305 exsiccari
3271 4251 3477 4320 expetit
3510 4249 3578 4314 '°,
3607 4257 3669 4304 ut

2089 4356 2160 4395 ne
2189 4341 2390 4395 malum
2424 4341 2571 4412 apud
2599 4341 2848 4398 homines
2903 4344 2990 4397 vel
3041 4343 3292 4414 gignatur
3323 4343 3409 4397 vel
3465 4343 3665 4398 alatur.

408 4437 474 4508 τῇ
507 4434 731 4506 ἀτεκνίᾳ
773 4433 1145 4498 καταδικάζει,
1187 4430 1410 4496 καὶτὰς
1453 4430 1656 4502 πικρὰς
1698 4429 1867 4503 θηλὰς
1892 4430 1972 4501 τῆς

2091 4432 2168 4486 Ac
2198 4432 2242 4487 si
2279 4432 2402 4502 quis
2431 4433 2572 4490 alius
2606 4433 2751 4506 apud
2801 4442 3024 4490 sanctos
3049 4435 3199 4490 viros
3233 4435 3432 4493 similis
3461 4450 3666 4500 sermo,

409 4526 684 4598 ἁμαρτίας
713 4525 1044 4598 ξηρανθῆναι
1091 4523 1358 4594 βούλεται,
1387 4523 1461 4586 ὡς
1493 4522 1558 4576 ἂν
1591 4523 1728 4593 μήτε
1755 4522 1972 4576 τίκτοιτι

2093 4525 2189 4579 ine
2221 4527 2457 4596 speciem
2514 4527 2839 4597 prmferens,
2887 4527 3343 4600 deprehenditur,
3403 4527 3471 4583 ad
3527 4528 3673 4584 hanc

411 4622 469 4674 ἐν
492 4622 601 4684 τοῖς
629 4617 934 4690 ἀνθρώποις
955 4617 1016 4670 τὸ
1035 4617 1226 4682 κακὸν,
1255 4616 1390 4688 μήτε
1417 4615 1686 4686 τρέφοιτο.
1706 4616 1816 4669 Καὶ
1841 4613 1972 4678 εἴτις

2093 4632 2322 4686 prorsus
2356 4625 2591 4673 mentem
2635 4620 2894 4691 respicit;
2928 4621 3138 4676 scilicet
3166 4621 3367 4674 malum
3401 4619 3671 4686 eliminat,

411 4712 568 4775 ἄλλος
616 4711 854 4774 τοιοῦτος
897 4712 954 4763 ἐν
1002 4712 1111 4773 τοῖς
1161 4708 1333 4778 ἁγίοις
1375 4708 1572 4779 εὑρεθῇ
1623 4707 1778 4776 λόγος
1814 4706 1972 4778 θυμοῖ

2095 4708 2367 4766 hominem
2398 4727 2526 4766 vero
2549 4727 2654 4767 non
2686 4715 2889 4768 atterit.

412 4808 649 4880 ἔμφασιν
691 4807 848 4879 ἔχων,
903 4806 1040 4878 πρὸς
1085 4805 1180 4878 τὴν
1216 4803 1471 4876 τοιαύτην
1504 4804 1718 4868 πάντως
1749 4803 1987 4859 διάνοιαν
2018 4803 2229 4874 βλέπει,
2263 4807 2296 4878 ἢ
2358 4807 2588 4880 ἐξορίζει
2630 4808 2693 4860 τὸ
2739 4809 2935 4863 κακόν·
2969 4809 3068 4863 οὐκ
3129 4808 3393 4881 ἐπιτρίὸει
3438 4807 3530 4863 τὴν
3582 4808 3675 4863 ἀν-

414 4905 647 4978 θρωπον.

486 5026 548 5078 Εἰ
569 5025 626 5077 δέ
654 5041 737 5086 τις
765 5023 966 5094 ἑτέρως
1000 5021 1066 5075 τὰ
1115 5021 1209 5074 τοῦ
1256 5021 1418 5075 Δαυῖδ
1457 5024 1596 5076 νοεῖν
1627 5022 1893 5093 βούλεται,
1921 5022 1972 5074 ὡς

2165 5019 2319 5088 Quod
2353 5020 2399 5075 si
2443 5020 2569 5090 quis
2599 5019 2702 5073 alia
2751 5019 2964 5074 ratione
3021 5017 3245 5075 Davidis
3283 5019 3429 5074 dicta
3474 5020 3679 5077 intelli‘

415 5113 509 5167 τοῦ
548 5115 836 5185 Προφήτω
876 5114 1000 5176 τοὺς
1049 5113 1338 5184 δυσσεϐείᾳ
1373 5114 1651 5178 συζῶντας
1679 5115 1838 5185 ἀραῖς
1868 5113 1972 5166 ὑπο

2093 5126 2221 5182 gere
2259 5110 2406 5173 velit,
2437 5109 2512 5164 ita
2544 5118 2602 5163 ut
2627 5108 2896 5180 Propheta
2921 5123 3016 5166 eos
3058 5110 3152 5179 qui
3199 5109 3254 5164 in
3285 5109 3564 5181 impietate
3591 5111 3679 5165 vi-

417 5207 699 5270 6ἀλλοντος
722 5225 735 5238 ο
772 5206 865 5260 καὶ
896 5206 1068 5269 οὕτως
1106 5207 1330 5278 εὑρήσει
1369 5209 1434 5278 τῇ
1474 5206 1805 5278 ἁποστολικῇ
1851 5206 1967 5260 διδα

2098 5211 2230 5258 νυηι
2279 5202 2644 5258 exsecrationi
2696 5200 2990 5270 subjiciat:
3044 5201 3117 5256 ita
3163 5216 3382 5272 quoque
3437 5202 3682 5258 inveniet

421 5298 614 5369 σκαλίᾳ
644 5299 743 5370 τὴν
781 5299 1120 5370 προφητείαν
1162 5299 1586 5370 συμϐαίνουσαν.
1635 5299 1843 5364 Παῦλος
1888 5299 1972 5370 γάι

2095 5295 2438 5368 prophetiam
2462 5310 2587 5350 cum
2617 5295 2918 5364 apostolica
2942 5293 3192 5350 doctrina
3213 5295 3501 5363 quadrare.
3533 5293 3679 5348 Pau-

418 5389 722 5461 Κορινθίοις
751 5391 1096 5455 ἐπιστέλλων,
1129 5390 1368 5444 τοιοῦτον
1396 5391 1800 5463 ἀκροτελεύτιον
1827 5391 1972 5445 τέθει

2094 5391 2182 5444 lus
2218 5390 2420 5461 quippe
2458 5389 2759 5445 Corinthiis
2797 5388 3067 5452 scribens,
3094 5388 3197 5443 hoc
3227 5387 3389 5442 modo
3423 5387 3629 5442 claudit
3661 5408 3677 5444 :

418 5502 533 5539 κεν·
556 5485 631 5537 Et
650 5502 740 5549 τις
765 5488 836 5539 οὐ
860 5485 1027 5555 φιλεῖ
1044 5485 1150 5540 τόν
1174 5488 1393 5554 Κύριον
1423 5487 1676 5554 Ἰησοῦν,
1705 5485 1826 5554 ἤτω
1853 5485 1972 5539 ἀνά

2102 5482 2164 5538 Si
2190 5485 2306 5555 quis
2333 5500 2437 5538 non
2469 5494 2614 5537 amat
2640 5483 2927 5537 Dominum
2969 5481 3172 5546 Iesum,
3201 5481 3485 5535 anathema
3517 5479 3585 5534 sit
3611 5481 3678 5538 ".

419 5581 583 5647 θεμα.
615 5577 772 5630 Ἰδιον
809 5576 918 5648 γάρ
945 5577 1052 5633 τῶν
1086 5577 1304 5649 θερμῶς
1343 5577 1679 5648 ἀγαπώντων
1719 5577 1780 5630 τὸ
1819 5579 1972 5648 μισεῖ·

2103 5574 2238 5628 Nam
2287 5590 2476 5630 eorum
2534 5575 2627 5647 qui
2691 5574 2942 5630 ardenter
2990 5581 3171 5628 amant
3230 5572 3508 5643 proprium
3556 5579 3682 5638 est,

417 5671 542 5732 τοὺς
597 5666 885 5740 μισοῦντας
915 5668 1005 5722 τὸν
1067 5669 1447 5740 ἀγαπώμενον.
1485 5671 1635 5740 Τάχα
1672 5669 1728 5722 δέ
1765 5669 1859 5723 καὶ⁵
1898 5668 1972 5740 τὴ

2105 5667 2287 5723 odisse
2317 5681 2411 5722 eos
2443 5666 2536 5737 qui
2566 5665 2824 5722 dilectum
2854 5665 2979 5722 odio
3010 5665 3230 5722 habent.
3262 5661 3519 5720 Fortasse
3554 5662 3684 5718 item

493 5824 536 5857 "
575 5823 718 5882 Psal.
753 5841 955 5893 nux,
993 5827 1175 5883 M-l7.
1253 5830 1296 5860 ⁵ο
1337 5827 1462 5883 Ose.
1501 5845 1588 5892 ιι,
1625 5827 1706 5884 Μ.
1785 5828 1826 5860 δι
1873 5825 1889 5880 l
1923 5826 1972 5882 Cl

2087 5841 2172 5879 xu
2197 5865 2209 5886 ,
2254 5821 2343 5875 22.
