2051 3200
196 180 265 208 Ιὲθὸ

195 243 296 269 statum
311 239 359 275 qui
381 243 444 275 post
468 239 700 268 resurrectionem
717 239 827 269 futurus
853 244 912 274 est,
939 241 985 269 hic
999 245 1021 273 Α

194 286 279 314 David
294 285 441 322 signiﬁcat,
458 285 568 321 quando
591 286 658 313 dicit
687 286 771 313 lzetari
795 287 940 314 Dominum
957 288 983 314 in

194 333 322 367 operibus
351 333 426 364 suis,
449 332 639 360 deﬁcientibus
667 333 856 367 peccatoribus
870 341 883 360 a
902 337 982 361 terra.

194 378 335 413 Quomodo
350 379 423 406 enim
452 378 515 413 quis
543 385 560 404 a
591 381 703 412 peccato
722 377 931 412 denominetur,
960 378 983 406 si

193 429 336 461 peccatum
367 432 421 452 non
452 424 551 451 fuerit?
575 423 637 450 Haec
665 427 694 451 tu
717 431 826 459 quoque
854 431 982 459 precare:

193 472 286 507 Aperi,
304 471 426 504 Domine,
443 471 554 498 divitem
575 478 683 497 manum
698 475 770 497 tuam
785 471 818 497 ad
833 471 983 506 spiritualis

193 517 316 545 beneﬁcii
330 516 578 552 dispensationem;
596 519 625 542 nt
635 515 806 543 amarissima
821 520 847 543 et
864 515 983 543 crudelis

192 564 283 590 anima
313 570 372 590 mea
400 562 545 597 impleatur
575 562 720 589 bonitate:
751 561 828 589 mitte
850 560 982 597 Spiritum

192 614 318 636 sanctum
336 614 423 641 tuum,
435 613 462 636 et
475 615 577 635 renova
592 612 747 642 corruptam
761 611 861 634 terram
877 615 981 641 meam;

192 660 222 681 nt
242 659 306 681 tunc
319 654 393 681 laeter
407 654 433 680 in
449 654 578 688 operibus
598 653 662 684 tuis,
677 653 820 681 diabolicis
837 654 982 690 praestigiis

192 702 219 728 in
236 701 318 728 corde
335 708 394 727 meo
409 700 607 727 deﬁcientibus.

228 791 350 824 Benedic,
366 792 455 817 anima
471 799 538 820 mea.
551 790 674 817 Domino.
684 790 817 818 Omnibus
828 798 889 818 cum
901 791 981 819 laude

191 837 337 868 absolutis,
363 837 390 863 iu
416 836 513 863 eodem
539 836 676 863 versiculo
701 836 835 871 psalmum
869 836 981 864 benedi-

191 885 280 911 ctione
295 883 408 916 claudit,
424 890 456 910 ac
472 886 534 917 post
549 883 653 917 jactum
676 882 901 916 fundamentum,
920 890 980 910 ser-

191 930 265 957 moni
281 933 383 963 tectum
400 929 550 964 imposuit,
567 936 600 956 ac
622 928 756 963 prooemio
783 932 979 964 congruentem

190 976 271 1003 ﬁnem
288 975 407 1002 induxit.
423 974 465 1001 Tu
479 974 565 1006 enim,
585 974 686 1009 inquit,
704 981 720 1000 0
737 974 828 1001 anima
856 974 981 1009 opiﬁcem

190 1028 222 1048 ac
234 1020 404 1048 Salvatorem
418 1024 495 1047 tuum
510 1020 621 1047 assidue
637 1020 745 1055 hymnis
761 1020 908 1047 celebrato.
922 1019 981 1054 lpse

190 1075 308 1102 namque
326 1071 352 1094 te
372 1074 387 1094 a
404 1070 479 1094 sorte
501 1066 688 1101 improborum
704 1066 850 1096 amovebit,
873 1071 899 1093 ct
915 1074 980 1093 san-

189 1121 298 1141 ctorum
313 1114 455 1142 consortio
470 1113 580 1149 dignam
596 1113 704 1141 eﬁiciet.
720 1112 789 1140 Tum
807 1114 834 1140 in
853 1113 979 1145 exordio,

190 1168 247 1190 tum
270 1163 297 1190 in
327 1163 380 1190 ﬁne
403 1163 539 1190 sermonis
558 1162 610 1197 ipsi
629 1162 847 1190 benedictionem
871 1163 981 1189 emittas

189 1210 256 1237 Nam
269 1209 381 1237 assidua
407 1208 454 1235 Dei
469 1208 623 1236 benedictio
640 1208 675 1235 ad
697 1211 804 1235 rectum
824 1208 980 1235 institutum

189 1256 272 1284 vitam
286 1255 434 1282 concinnat
452 1258 587 1281 nostram.

455 1310 640 1339 ALLELUIA.
662 1309 730 1339 CIV.

223 1357 306 1386 Vens.
326 1359 352 1389 1,
368 1358 395 1386 2.
416 1357 586 1393 (Σοηβιιηιίηἱ
613 1358 735 1389 Domino.
750 1361 774 1384 ct
791 1358 910 1385 invecate
931 1366 980 1385 no-

187 1413 246 1431 men
259 1404 326 1439 ejus,
336 1405 493 1430 annuntiate
508 1404 577 1430 inter
592 1408 680 1439 gentes
692 1411 771 1438 opera
786 1404 852 1438 ejus.
865 1403 979 1431 Caritate

187 1451 211 1478 ei
228 1456 251 1477 et
276 1449 385 1484 psallite
408 1450 442 1482 ei,
453 1454 562 1477 narrate
584 1450 672 1476 omnia
686 1449 823 1476 mirabilia
838 1450 905 1484 ejus.
928 1449 978 1478 llic

187 1496 310 1529 psalmus
326 1496 433 1531 primus
447 1503 542 1522 eorum
563 1499 606 1523 est
621 1495 667 1531 qui
690 1496 807 1522 Alleluia
822 1496 977 1523 inscribun-

187 1548 241 1569 tur.
264 1542 311 1570 Est
343 1546 434 1569 autem
464 1542 581 1569 Alleluia
615 1542 772 1569 adhortatio
799 1544 925 1579 mystica,
942 1544 976 1570 ad

186 1592 270 1617 Deum
292 1588 460 1616 laudandum
476 1596 571 1616 aurem
590 1588 732 1621 excitans,
754 1589 792 1615 ita
809 1593 839 1616 ut
857 1589 915 1616 haec
940 1590 976 1616 sit

185 1637 246 1671 ejus
259 1635 435 1671 signiﬁcatio,
449 1634 571 1662 Laudate
583 1634 737 1663 Dominum.
750 1635 817 1662 Nam
833 1635 860 1662 in
875 1635 975 1670 quibus

186 1686 289 1710 sancta:
316 1681 466 1716 Scriptura:
494 1681 621 1716 partibus
643 1681 701 1708 ba:c
729 1689 780 1708 vox
810 1682 974 1716 apponitur,

186 1728 307 1755 [κατέκλαιε
329 1726 488 1759 Dominum,
512 1726 655 1754 Hebraicis
676 1727 767 1754 verbis
788 1734 836 1762 per
859 1727 976 1753 Alleluia

185 1771 358 1808 exprimitur.
374 1771 425 1799 Per
439 1771 506 1799 illud
522 1771 595 1799 cnim
612 1772 709 1805 Allelu,
725 1773 784 1799 laus
800 1772 974 1808 intelligitur,

184 1827 245 1854 qua:
260 1818 293 1846 ad
314 1818 398 1846 Deum
412 1818 546 1852 refertur;
572 1818 638 1845 illud
656 1823 747 1846 autem
764 1819 808 1851 Ia,
826 1827 912 1846 mmm
933 1823 976 1847 est

183 1873 217 1892 ex
244 1865 405 1892 nominibus
431 1865 510 1900 queis
541 1865 633 1892 divina
665 1869 763 1892 natura
792 1866 973 1901 signiﬁcatur.

184 1910 282 1937 Totum
312 1917 375 1937 vero
400 1910 516 1937 Alleluia
546 1911 700 1945 explicatur
730 1912 789 1938 laus
821 1911 878 1938 Dei.
904 1912 973 1939 Cum

183 1956 276 1991 itaque
300 1957 351 1983 hoc
376 1963 477 1984 nomen
502 1957 665 1992 inscriptum
680 1958 708 1985 in
729 1958 882 1993 psalmodia
897 1966 975 1994 repe-

183 2003 268 2035 ritur,
285 2006 352 2029 tunc
371 2002 577 2039 intelligendum
589 2008 631 2032 est
648 2004 675 2032 id
698 2005 772 2040 quod
798 2005 975 2040 subjungitur

182 2048 215 2075 ad
231 2049 338 2076 laudem
355 2049 402 2077 Dei
418 2056 577 2085 provocare.
591 2050 638 2078 Sic
655 2052 680 2078 in
698 2052 845 2086 postremis
857 2052 974 2079 maxime

183 2094 245 2121 libri
265 2095 390 2130 psalmis,
405 2096 483 2123 multi
509 2086 667 2131 hujusmodi
690 2098 760 2124 tituli
780 2099 973 2133 reperiuntur:

181 2139 260 2174 queis
278 2140 430 2176 intelligere
442 2141 506 2168 licet
518 2142 570 2173 eis,
589 2142 635 2177 qui
653 2142 687 2169 ad
703 2143 814 2170 virtutis
831 2143 975 2178 perfectio-

182 2194 244 2213 nem
260 2186 317 2222 jam
336 2186 507 2214 devenerunt
521 2192 548 2215 et
560 2189 606 2223 qui
623 2196 638 2215 a
656 2189 875 2223 praccdentibus
899 2189 974 2225 psal-

181 2233 279 2261 modia:
309 2234 453 2269 partibus,
481 2235 632 2262 seCundum
665 2236 829 2263 sententiam
864 2235 973 2271 purgati

181 2284 256 2313 sunt,
274 2280 323 2307 Dei
348 2280 443 2308 laudes
461 2281 632 2308 convenire:
657 2285 739 2316 atque
760 2289 792 2309 ea
814 2282 973 2309 conditione

181 2325 243 2353 illos
259 2333 321 2353 esse
332 2333 386 2361 qua
400 2326 560 2361 angelorum
576 2331 673 2353 natura
685 2315 746 2354 esse
759 2327 891 2354 creditur.
903 2326 971 2354 an-
989 2315 1011 2343 θ

180 2372 234 2398 lam
261 2372 335 2399 enim
359 2372 440 2399 aliam
471 2380 566 2400 eorum
593 2373 801 2408 occupationem
824 2374 972 2402 didicimus

179 2424 253 2449 esse.
266 2425 347 2452 quam
358 2417 444 2446 Deum
456 2419 586 2453 laudare;
602 2428 691 2455 neque
708 2420 743 2448 iis
761 2421 808 2456 qui
825 2421 853 2448 in
870 2421 971 2449 virtute

179 2463 292 2498 perfecti
318 2468 382 2491 sunt
396 2464 449 2492 alia
470 2473 534 2493 cura
552 2470 579 2493 et
602 2467 724 2494 studium
754 2471 815 2500 est,
832 2475 916 2508 quam
942 2472 971 2495 ut

178 2510 297 2538 efﬁciant
306 2515 391 2538 totam
405 2511 490 2538 vitam
515 2519 592 2539 suam
608 2512 656 2540 Dei
676 2513 783 2541 laudem
808 2521 881 2542 esse.
893 2513 969 2547 Quo-

179 2557 254 2584 niam
276 2557 360 2593 igitur
384 2557 403 2584 ii
425 2557 524 2593 psalmi
548 2559 595 2594 qui
621 2560 828 2595 inscriptionem
854 2560 967 2592 habent,

178 2604 307 2637 Alleluia,
324 2613 420 2633 omnes
437 2604 496 2633 fere
511 2605 538 2633 in
562 2610 701 2641 postrema
718 2607 876 2642 psalmodiaa
891 2613 969 2642 parte

178 2650 432 2686 deprehenduntur,
452 2652 517 2679 hinc
538 2652 690 2687 intelligere
705 2653 780 2684 licet,
796 2652 910 2681 sublimi
927 2653 967 2680 illi

178 2697 316 2730 ascensui,
346 2698 393 2733 qui
417 2698 447 2725 in
473 2698 587 2734 psalmis
612 2699 762 2733 reperitur,
789 2699 969 2734 praeminere

176 2747 344 2778 postremam
367 2744 527 2779 psalmodiis
550 2749 671 2781 partem,
695 2745 724 2772 in
748 2753 819 2779 qua,
837 2750 867 2772 ut
881 2745 969 2781 pluri-

177 2795 263 2821 mum,
282 2790 343 2817 laus
357 2790 417 2823 Dei,
435 2791 493 2819 sive
507 2791 664 2819 adhortatio
687 2792 721 2819 ad
741 2790 827 2819 Deum
851 2791 968 2819 laudan-

176 2835 253 2868 dum,
272 2835 472 2870 frequentatur.
496 2837 525 2865 In
549 2838 602 2865 hoc
626 2845 691 2873 ergo
711 2839 816 2873 psalmo
833 2837 967 2873 apostolis

177 2882 298 2917 praecipit
312 2881 431 2917 Spiritus
446 2887 571 2915 sanctus,
588 2887 618 2910 ut
632 2884 723 2911 omnia
741 2884 889 2916 mirabilia,
905 2892 967 2919 quae

175 2928 205 2956 in
218 2935 269 2957 suo
286 2928 404 2957 adventu
421 2929 486 2958 fecit
503 2929 646 2963 Dominus,
668 2931 768 2963 populo
787 2939 820 2959 ex
838 2931 965 2964 gentibus

547 179 592 208 Εἰ]
597 180 683 209 SEBII
702 181 940 210 CAESARIENSIS
959 181 1034 210 OPP.

1055 181 1145 210 PARS
1164 182 1210 212 ill».
1231 198 1262 204 —
1284 182 1492 213 EXEGETICA.
1761 187 1833 215 £296

1038 241 1107 277 μετὰ
1135 241 1185 277 τὴν
1204 241 1353 268 ἀνάστασιν
1376 241 1420 269 διὰ
1440 242 1545 270 τούτων
1568 242 1583 270 ὁ
1601 242 1683 270 Δαυῒδ
1705 245 1834 280 σημαίνει

1036 288 1214 319 κατάστασιν,
1232 289 1277 315 ὅτε
1301 289 1348 315 καὶ
1374 289 1565 325 εὐφραίνεσθαι
1591 290 1637 316 τὸν
1664 290 1767 326 Κύριον
1786 291 1834 318 ἐπὶ

1035 335 1091 365 τοῖς
1108 333 1199 369 ἔργοις
1212 334 1294 361 αὑτοῦ
1309 335 1394 368 λέγει,
1413 335 1578 362 ἐκλιπόντων
1594 336 1648 362 τῶν
1662 336 1833 372 ἁμαρτωλῶν

1035 379 1088 405 ἀπὸ
1100 380 1150 415 τῆς
1166 380 1228 415 γῆς.
1246 380 1308 412 Πῶς
1321 380 1375 416 γάρ
1388 390 1430 413 τις
1449 380 1479 413 ὲξ
1493 380 1631 416 ἁμαρτίας
1645 382 1832 419 ὀνομασθήσε-

1034 434 1090 458 ται,
1119 426 1169 461 τῆς
1188 427 1325 462 ἁμαρτίας
1348 427 1398 453 οὐκ
1429 427 1531 462 οὖσης;
1555 427 1672 454 Τοιαῦτα
1689 427 1769 463 εὔχου
1785 428 1834 455 καὶ

1036 473 1068 499 σύ
1078 482 1084 488 ⁸
1097 472 1231 506 Ἀνοιξον,
1241 473 1338 510 Κύριε,
1347 474 1396 510 τὴν
1408 474 1537 500 πλουσίαν
1551 483 1597 500 σου
1606 476 1683 510 χεῖρα
1695 476 1736 507 είς
1748 484 1832 511 χορη-

1034 519 1096 553 γίαν
1113 520 1301 555 πνευματικῆς
1321 520 1480 556 εὐεργεσίας
1492 528 1498 535 ·
1517 521 1562 548 ἴνα
1577 522 1593 556 ἡ
1616 522 1768 557 πικροτάτη
1785 522 1834 549 καὶ

1033 566 1141 602 ἀπηνής
1156 574 1205 602 μου
1226 566 1300 603 ψυχὴ
1320 567 1428 604 πλησθῇ
1448 568 1641 604 χρηστότητος.
1660 569 1833 596 Ἀπόστειλον

1033 611 1063 638 τὸ
1081 611 1193 647 Πνεῦμά
1205 621 1251 639 σου
1270 613 1301 639 τὸ
1316 613 1404 647 ἅγιον,
1421 613 1468 640 καὶ
1489 613 1663 639 ἀνακαίνισον
1682 613 1731 649 τὴν
1750 622 1832 640 κατε-

1034 657 1192 694 φθαρμένην
1208 667 1259 693 μου
1274 660 1336 694 γῆν,
1352 659 1395 686 ἵνα
1416 659 1477 686 τότε
1499 659 1642 694 εὐφρανθῶ
1656 659 1702 685 ἐπὶ
1713 661 1769 691 τοῖς
1784 659 1832 695 ἔρ-

1033 711 1091 737 γοις
1105 712 1161 735 σου,
1179 704 1233 731 τῶν
1254 705 1420 740 δαιμονικῶν
1446 706 1684 740 μαγγανευμάτων
1707 706 1833 733 ἐκλιπόν-

1032 758 1086 776 των
1101 750 1155 776 ἀπὸ
1168 750 1216 786 τῆς
1232 749 1344 786 καρδίας
1361 760 1421 787 μου.

1066 796 1200 831 Εὐλόγει,
1214 796 1233 830 ἡ
1247 797 1332 832 ψυχή
1345 806 1414 831 μου,
1431 797 1484 824 τὸν
1497 798 1617 832 Κύριον.
1634 797 1765 824 Ἐνταῦθα
1780 805 1830 824 xa-

1032 840 1151 873 ταλύσας
1167 842 1197 868 τὸ
1213 843 1267 868 πᾶν
1285 843 1324 874 είς
1340 843 1503 877 δοξολογίαν⁷
1520 845 1560 874 είς
1573 843 1711 878 εὐφημίαν
1725 842 1764 878 τῷ
1780 843 1831 869 αὐ-

1031 886 1071 921 τῷ
1087 886 1171 923 στίχῳ
1189 887 1326 922 συγκλείει
1343 889 1388 915 τὸν
1401 889 1519 924 ψαλμὸν,
1548 889 1655 924 ἀσφαλῆ
1683 888 1753 924 μετά
1781 887 1832 915 τοῦ

1033 932 1159 968 θεμελίου
1171 933 1217 959 τὸν
1234 934 1333 970 ὄροφον
1346 934 1449 966 ἐπιθεὶς
1463 935 1501 970 τῷ
1519 935 1601 970 λόγῳ,
1616 935 1664 961 καὶ
1679 934 1718 970 τῷ
1735 943 1831 970 προοι-

1034 979 1087 1015 μίῳ
1100 980 1187 1012 ἐοικὸς
1197 980 1227 1006 τὸ
1238 980 1313 1012 τέλος
1327 981 1484 1014 ἐπαγαγών.
1498 980 1533 1007 Σὺ
1550 981 1615 1017 γὰρ,
1633 981 1725 1016 φησὶν,
1742 977 1765 1007 ὦ
1778 980 1832 1015 ψυ-

1031 1026 1076 1061 χὴ,
1095 1026 1240 1061 ἐνδελεχῶς
1257 1027 1301 1053 τὸν
1317 1027 1362 1053 σὸν
1371 1027 1450 1062 ὕμνει
1462 1027 1627 1063 δημιουργὸν
1641 1027 1687 1054 καὶ
1702 1026 1828 1062 Σωτῆρα.

1031 1071 1116 1103 Αὐτὸς
1131 1072 1186 1107 γὰρ
1196 1072 1243 1098 καὶ
1261 1072 1308 1098 τοῦ
1322 1072 1375 1098 τῶν
1397 1072 1524 1108 πονηρῶν
1540 1072 1691 1107 ἀποστήσει
1713 1071 1830 1107 κλήρου,

1031 1119 1079 1145 καὶ
1093 1118 1148 1144 τῶν
1157 1119 1242 1152 ἁγίων
1258 1118 1398 1150 ἀξιοῦσθαι
1412 1120 1530 1154 ποιήσει.
1547 1119 1603 1145 Καὶ
1621 1118 1707 1154 ἀρχὴν
1723 1118 1769 1145 τοῦ
1784 1119 1831 1146 λό-

1031 1173 1080 1199 γου
1097 1165 1144 1191 καὶ
1159 1164 1234 1196 τέλος
1250 1165 1300 1200 τὴν
1314 1166 1354 1197 εἰς
1370 1165 1452 1192 αὑτὸν
1469 1165 1593 1200 εὐλογίαν
1609 1165 1696 1192 ποιοῦ.
1711 1165 1831 1200 Εὐλογία

1030 1209 1083 1244 γὰρ
1096 1209 1163 1236 Θεοῦ
1177 1209 1303 1245 διηνεκὴς
1319 1211 1359 1242 είς
1373 1209 1490 1242 εὐζωῖαν
1502 1210 1628 1246 ῥυθμίζει
1640 1210 1830 1247 τὸνὴμὲτερον

1031 1255 1101 1290 βίον.

1260 1312 1471 1339 ἈΛΛΗΛΟΥΙΛ
1477 1333 1483 1340 .
1501 1314 1561 1341 PA’.

1071 1358 1316 1393 Ἐξομολογεῖσθε
1332 1358 1373 1391 τῷ
1388 1360 1496 1393 Κιιοίῳ,
1510 1359 1559 1386 καὶ
1579 1359 1773 1388 ἐπικαλεῖσθε
1792 1360 1827 1388 τὸ

1030 1404 1124 1439 ὄνομα
1137 1404 1242 1431 αὑτοῦ·
1257 1405 1457 1440 ἀπμγιγείλατε
1467 1406 1501 1432 ἐν
1517 1405 1579 1438 τοῖς
1592 1405 1695 1433 ἔθνεσι
1708 1406 1744 1433 τὰ
1754 1406 1828 1441 ἔργα

1029 1450 1130 1477 αὐτοῦ.
1161 1451 1271 1485 ’ᾼσατε
1301 1451 1380 1484 αὐτῷ
1409 1451 1455 1478 καί
1470 1451 1588 1486 ψάλατε
1603 1445 1705 1485 nom”):
1723 1447 1826 1488 διηγή-

1028 1498 1124 1523 σασθε
1137 1495 1235 1522 πάντα
1245 1498 1280 1523 τὰ
1298 1497 1449 1531 θαυμάσια
1463 1498 1566 1524 αὑτοῦ.
1577 1498 1638 1525 Τῶν
1654 1498 1827 1534 ἐπιγεγραμ-

1030 1542 1119 1577 μένων
1136 1543 1319 1575 Ἀλληλούτα
1328 1543 1435 1578 πρῶτος
1442 1545 1455 1570 ὁ
1462 1543 1557 1579 παρὼν
1567 1544 1698 1580 τυγχάνει
1707 1544 1825 1580 ψαλμός.

1030 1588 1107 1614 Ἔστι
1119 1588 1146 1615 δὲ
1155 1588 1185 1614 τὸ
1195 1588 1352 1624 Ἀλληλούῖα
1364 1590 1563 1625 παρακέλευσις
1571 1591 1690 1628 μυστικὴ
1699 1591 1767 1627 πρὸς
1775 1591 1825 1628 τὴν

1027 1634 1073 1661 τοῦ
1090 1634 1158 1661 Θεοῦ
1176 1635 1312 1670 ὑμνῳδίαν
1326 1635 1374 1671 τὴν
1386 1636 1470 1671 ἀκοὴν
1479 1636 1669 1673 ὲπεγείρουσα¹
1683 1636 1727 1664 ῐνα
1738 1636 1824 1664 τοιοῦ-

1027 1679 1101 1717 τονῇ
1123 1680 1218 1706 τούτου
1238 1681 1268 1707 τὸ
1283 1681 1490 1717 σημαινόμενον,
1507 1682 1620 1709 Αἰνεῖτε
1631 1682 1684 1709 τὸν
1702 1682 1822 1716 Κύριον.

1033 1725 1077 1752 Ἐν
1087 1723 1127 1757 οἷς
1143 1726 1197 1762 γὰρ
1215 1726 1309 1761 μέρεσι
1323 1726 1372 1762 τῆς
1385 1727 1465 1761 ἁγίας
1482 1728 1592 1765 Γραφῆς
1604 1727 1675 1764 αὕτη
1688 1729 1820 1764 πρόσκει-

1026 1780 1072 1797 ται
1101 1773 1117 1807 ἡ
1141 1772 1257 1807 φωνὴ,ἡ
1279 1771 1407 1806 λέγουσα,
1430 1773 1544 1800 Αἰνεῖτε
1560 1774 1614 1801 τὸν
1635 1774 1755 1809 Κύριον,
1779 1774 1825 1801 διὰ

1025 1819 1074 1846 τοῦ
1088 1820 1270 1853 Ἀλληλούϊα
1287 1821 1315 1845 ὲν
1327 1822 1388 1852 ταῖς
1408 1820 1567 1857 Ἑϐραϊκαῖς
1579 1822 1681 1856 φωναῖς
1692 1822 1723 1849 τὸ
1735 1821 1824 1849 τοιοῦ-

1025 1873 1071 1891 τον
1082 1866 1253 1901 σημαίνεται.
1265 1866 1301 1892 Τὸ
1311 1866 1360 1901 μὲν
1378 1867 1528 1901 Ἀλληλοὺ
1540 1865 1614 1899 αἶνος
1625 1869 1735 1901 νοεῖται,
1747 1868 1776 1900 ὃς
1784 1868 1824 1900 είς

1025 1911 1092 1938 Θεὸν
1107 1912 1156 1948 τὴν
1173 1912 1310 1948 ἀναφορὰν
1321 1913 1385 1948 ἔχει·
1401 1914 1430 1940 τὸ
1438 1914 1466 1940 δὲ
1484 1915 1530 1942 Ἰα
1546 1914 1574 1941 ἓν
1590 1914 1644 1941 τῶν
1661 1915 1823 1951 ἑρμηνευτι-

1025 1958 1082 1984 κῶν
1106 1959 1156 1994 τῆς
1176 1959 1284 1994 φύσεως
1307 1959 1358 1994 τῆς
1387 1959 1462 1992 θείας
1479 1960 1553 1987 ἐστὶν
1574 1961 1670 1996 ὄνομα.
1693 1961 1773 1988 Ὄλον
1793 1961 1824 1988 δὲ

1025 2005 1101 2040 κοινῇ
1110 2004 1151 2036 τὸ,
1161 2005 1349 2039 Ἁλληλούΐα,
1359 2003 1449 2039 Ᾱῒνος
1457 2006 1531 2033 Θεοῦ
1540 2006 1729 2043 ἑρμηνεύεται.
1738 2008 1824 2035 Ὅταν

1024 2050 1114 2077 τοίνυν
1124 2050 1203 2077 τοῦτο
1215 2051 1245 2077 τὸ
1260 2051 1335 2087 ῥῆμα
1352 2052 1602 2088 προγεγραμμένον
1643 2053 1693 2089 τῆς
1704 2053 1820 2089 ψαλμῳ-

1024 2096 1093 2128 δίας,
1109 2096 1217 2132 νοητέον
1231 2096 1263 2123 ἂν
1288 2097 1329 2134 εἴη
1345 2098 1378 2124 τὸ
1395 2098 1450 2125 δεῖν
1467 2098 1576 2131 πάντως
1589 2097 1619 2125 σὺ
1639 2099 1823 2134 ὑποκείμενεν

1024 2143 1065 2174 είς
1080 2142 1233 2177 δοξολογίαν
1244 2143 1321 2178 ἄγειν
1336 2143 1415 2170 Θεοῦ.
1431 2143 1509 2171 Οὕτω
1523 2145 1570 2171 καὶ
1586 2145 1643 2177 τοῖς
1656 2144 1821 2175 τελευταίοις

1026 2189 1142 2224 μάλιστα
1151 2191 1200 2225 τῆς
1217 2190 1308 2226 βίϐλου
1318 2191 1371 2217 τῶν
1384 2191 1498 2227 ψαλμῶν
1513 2191 1542 2218 αἱ
1557 2191 1653 2217 πολλαὶ
1669 2183 1724 2218 τῶν
1733 2191 1821 2218 τοιού-

1024 2244 1077 2262 των
1088 2236 1242 2273 ἐπιγραφαὶ
1263 2238 1484 2273 ἐφευρίσκονται,
1502 2238 1534 2264 δι’
1551 2234 1588 2265 ὧν
1610 2237 1685 2264 ἐστιν
1709 2239 1821 2270 ἐννοεῖν,

1024 2286 1129 2318 ὄτιτοῐς
1144 2285 1194 2321 ἤδη
1211 2284 1279 2320 πρὸς
1291 2284 1322 2310 τὸ
1331 2284 1434 2311 τέλειον
1444 2283 1563 2319 φθάσασι
1575 2283 1626 2320 τῆς
1642 2285 1702 2311 κατ’
1719 2284 1819 2320 ἀρετὴν

1024 2332 1171 2363 πολιτείας,
1191 2331 1238 2358 καὶ
1257 2329 1302 2357 διὰ
1318 2330 1371 2357 τῶν
1392 2330 1582 2366 προλαϐόντων
1599 2331 1648 2366 σῆς
1662 2329 1821 2366 ψαλμῳδίας

1023 2377 1174 2413 τμημάτων
1202 2376 1273 2403 κατὰ
1300 2375 1349 2412 τὴν
1374 2376 1514 2412 νοηθεῖσαν
1531 2377 1575 2403 ἐπ’
1591 2376 1682 2403 αὐτῶν
1701 2375 1819 2412 θεωριαν

1023 2423 1244 2459 ὲκκαθαρθεῖσιν,
1270 2421 1386 2458 ἁρμόζει
1406 2422 1437 2449 τὸ
1459 2423 1545 2449 αἰνεῖν
1563 2422 1609 2449 τὸν
1626 2422 1702 2454 Θεὸν,
1725 2422 1773 2449 καὶ
1789 2422 1818 2448 ὲν

1022 2467 1128 2500 τούτοις
1139 2465 1220 2500 εἶναι,
1236 2468 1264 2494 ἐν
1282 2464 1323 2499 οἷς
1342 2467 1389 2494 καὶ
1405 2468 1422 2503 ή
1435 2467 1488 2494 τῶν
1501 2466 1625 2501 ἀγγέλων
1637 2468 1718 2502 φύσις
1747 2463 1818 2492 εἷναι

1023 2514 1210 2541 πεπίστευται.
1234 2513 1304 2540 Οὔτε
1320 2514 1374 2550 γὰρ
1394 2514 1505 2541 ἐκείνων
1522 2513 1721 2549 μεμαθήκαμεν
1735 2513 1819 2548 ἀσχο-

1022 2559 1082 2586 λίαν
1097 2560 1180 2596 ᾶλλην
1197 2560 1256 2588 τινὰ
1277 2560 1345 2596 πλὴν
1363 2560 1409 2587 τοῦ
1425 2561 1510 2587 αἰνεῖν
1527 2559 1573 2586 τὸν
1589 2559 1665 2591 Θεὸν,
1683 2558 1745 2585 οὔτε
1762 2559 1818 2590 τοῖς

1022 2607 1082 2633 κατ’
1095 2607 1194 2643 ἀρετὴν
1217 2607 1328 2639 τελείοις
1343 2607 1438 2643 ἔτερόν
1449 2616 1476 2634 τι
1496 2605 1676 2638 σπουδάζεται
1689 2605 1706 2641 ἢ
1721 2605 1752 2631 τὸ
1767 2604 1818 2640 τὴν

1022 2653 1094 2689 ζωὴν
1115 2654 1210 2681 ἑαυτοῦ
1231 2652 1305 2681 αἶνον
1326 2652 1395 2680 εἶναι
1407 2653 1475 2680 Θεοῦ
1495 2653 1714 2689 παρασκευάσαι.
1740 2651 1818 2678 Ἐπεὶ

1020 2699 1110 2726 τοίνυν
1132 2701 1157 2726 οἱ
1181 2700 1231 2736 τὴν
1252 2700 1408 2736 ἐπιγραφὴν
1431 2700 1539 2735 ἔχοντες
1556 2699 1604 2726 τοῦ
1623 2699 1818 2733 Ἀλληλούιϊι,

1021 2746 1121 2778 πάντες
1138 2747 1230 2782 σχεδὸν
1246 2747 1285 2782 τῷ
1301 2746 1448 2781 τελευταίῳ
1462 2747 1587 2782 τμήματι
1595 2745 1646 2780 τῆς
1656 2743 1816 2780 ψαλμῳδίας

1020 2792 1202 2827 εὑρίσκονται,
1223 2793 1318 2827 σαφῶς
1333 2792 1390 2819 ἐστι
1403 2793 1580 2827 κατανοῆσαι,
1598 2791 1645 2819 καὶ
1665 2791 1706 2817 ὅτι
1723 2791 1816 2825 πάσης

1020 2837 1181 2874 ὑπέρκειται
1195 2839 1243 2874 τῆς
1258 2838 1363 2874 ὑψηλῆς
1387 2838 1431 2866 διὰ
1444 2838 1499 2865 τῶν
1521 2837 1639 2873 ψαλμῶν
1656 2835 1815 2868 ἀναϐάσεως

1018 2884 1049 2910 τὸ
1063 2884 1216 2911 τελευταῖον
1232 2885 1331 2920 τμῆμα
1340 2885 1390 2920 τῆς
1404 2884 1573 2921 ψαλμῳδίας,
1583 2885 1612 2910 ἐν
1620 2880 1680 2918 ᾧντὸ
1691 2882 1816 2909 πλεῖστον

1019 2932 1086 2960 Θεοῦ
1105 2930 1178 2964 αἶνος
1191 2933 1276 2965 ἐστιν,
1300 2933 1359 2966 ἦτοι
1375 2933 1415 2964 είς
1431 2932 1463 2959 τὸ
1473 2932 1559 2958 αἰνεῖν
1574 2930 1620 2958 τὸν
1642 2929 1708 2957 Θεὸν
1723 2937 1813 2964 παρα-
