  <div class='ocr_page' id='page_1' title='image "/cluster/home/n/w/nwhite01/storage/ocr_20150623/23:no.5/coo.31924054873033/664.png"; bbox 0 0 4102 6388; ppageno 0'>
   <div class='ocr_carea' id='block_1_1' title="bbox 385 454 519 508">
    <p class='ocr_par' dir='ltr' id='par_1_1' title="bbox 385 454 519 508">
     <span class='ocr_line' id='line_1_1' title="bbox 385 454 519 508; baseline 0.007 -2"><span class='ocrx_word' id='word_1_1' title='bbox 385 454 519 508; x_wconf 62' lang='grc'><strong>1297</strong></span> 
     </span>
    </p>
   </div>
   <div class='ocr_carea' id='block_1_2' title="bbox 1504 453 2486 510">
    <p class='ocr_par' dir='ltr' id='par_1_2' title="bbox 1504 453 2486 510">
     <span class='ocr_line' id='line_1_2' title="bbox 1504 453 2486 510; baseline 0.001 -1"><span class='ocrx_word' id='word_1_2' title='bbox 1504 453 2007 510; x_wconf 81' lang='lat' dir='ltr'><strong>COMMENTARlA</strong></span> <span class='ocrx_word' id='word_1_3' title='bbox 2046 455 2112 509; x_wconf 83' lang='lat' dir='ltr'><strong>IN</strong></span> <span class='ocrx_word' id='word_1_4' title='bbox 2150 454 2486 510; x_wconf 85' lang='lat' dir='ltr'><strong>PSALMOS.</strong></span> 
     </span>
    </p>
   </div>
   <div class='ocr_carea' id='block_1_3' title="bbox 3501 460 3638 516">
    <p class='ocr_par' dir='ltr' id='par_1_3' title="bbox 3501 460 3638 516">
     <span class='ocr_line' id='line_1_3' title="bbox 3501 460 3638 516; baseline 0.007 -3"><span class='ocrx_word' id='word_1_5' title='bbox 3501 460 3638 516; x_wconf 68' lang='lat'><strong>1298</strong></span> 
     </span>
    </p>
   </div>
   <div class='ocr_carea' id='block_1_4' title="bbox 387 573 1962 648">
    <p class='ocr_par' dir='ltr' id='par_1_4' title="bbox 387 573 1962 645">
     <span class='ocr_line' id='line_1_4' title="bbox 387 573 1962 645; baseline -0.001 -17"><span class='ocrx_word' id='word_1_6' title='bbox 387 573 649 636; x_wconf 81' lang='grc' dir='ltr'><strong>κέλευσις.</strong></span> <span class='ocrx_word' id='word_1_7' title='bbox 679 574 1008 645; x_wconf 87' lang='grc' dir='ltr'>Προστάττει</span> <span class='ocrx_word' id='word_1_8' title='bbox 1037 573 1217 643; x_wconf 89' lang='grc' dir='ltr'>μέντοι</span> <span class='ocrx_word' id='word_1_9' title='bbox 1242 574 1300 626; x_wconf 90' lang='grc' dir='ltr'><strong>ἐν</strong></span> <span class='ocrx_word' id='word_1_10' title='bbox 1332 573 1409 644; x_wconf 87' lang='grc' dir='ltr'><strong>τῷ</strong></span> <span class='ocrx_word' id='word_1_11' title='bbox 1439 574 1574 644; x_wconf 71' lang='grc' dir='ltr'>μετὰ</span> <span class='ocrx_word' id='word_1_12' title='bbox 1607 577 1796 645; x_wconf 87' lang='grc' dir='ltr'>χεῖρας</span> <span class='ocrx_word' id='word_1_13' title='bbox 1824 574 1962 643; x_wconf 71' lang='grc' dir='ltr'>ψαλ-</span> 
     </span>
    </p>
   </div>
   <div class='ocr_carea' id='block_1_5' title="bbox 2066 573 3641 648">
    <p class='ocr_par' dir='ltr' id='par_1_5' title="bbox 2072 575 3641 648">
     <span class='ocr_line' id='line_1_5' title="bbox 2072 575 3641 648; baseline 0.004 -20"><span class='ocrx_word' id='word_1_14' title='bbox 2072 575 2434 644; x_wconf 86' lang='lat' dir='ltr'><strong>patefaciant:</strong></span> <span class='ocrx_word' id='word_1_15' title='bbox 2468 580 2704 644; x_wconf 91' lang='lat' dir='ltr'><strong>itemque</strong></span> <span class='ocrx_word' id='word_1_16' title='bbox 2736 582 2958 630; x_wconf 89' lang='lat' dir='ltr'><strong>narrent</strong></span> <span class='ocrx_word' id='word_1_17' title='bbox 2995 593 3115 646; x_wconf 83' lang='lat' dir='ltr'><strong>quae</strong></span> <span class='ocrx_word' id='word_1_18' title='bbox 3162 577 3426 634; x_wconf 87' lang='lat' dir='ltr'><strong>beneﬁcia</strong></span> <span class='ocrx_word' id='word_1_19' title='bbox 3455 579 3641 648; x_wconf 90' lang='lat' dir='ltr'><strong>prisco</strong></span> 
     </span>
    </p>
   </div>
   <div class='ocr_carea' id='block_1_6' title="bbox 391 666 1962 737">
    <p class='ocr_par' dir='ltr' id='par_1_6' title="bbox 391 666 1962 737">
     <span class='ocr_line' id='line_1_6' title="bbox 391 666 1962 737; baseline 0 -19"><span class='ocrx_word' id='word_1_20' title='bbox 391 666 477 737; x_wconf 83' lang='grc' dir='ltr'>μῷ</span> <span class='ocrx_word' id='word_1_21' title='bbox 497 668 609 729; x_wconf 85' lang='grc' dir='ltr'>τοῖς</span> <span class='ocrx_word' id='word_1_22' title='bbox 635 666 809 734; x_wconf 82' lang='grc' dir='ltr'><strong>ἁγίοις</strong></span> <span class='ocrx_word' id='word_1_23' title='bbox 843 666 1158 729; x_wconf 76' lang='grc' dir='ltr'><strong>ἀποστόλοις</strong></span> <span class='ocrx_word' id='word_1_24' title='bbox 1183 666 1245 718; x_wconf 88' lang='grc' dir='ltr'><strong>τὸ</strong></span> <span class='ocrx_word' id='word_1_25' title='bbox 1271 666 1492 736; x_wconf 79' lang='grc' dir='ltr'>Πνεῦμα</span> <span class='ocrx_word' id='word_1_26' title='bbox 1514 668 1576 720; x_wconf 84' lang='grc' dir='ltr'><strong>τὸ</strong></span> <span class='ocrx_word' id='word_1_27' title='bbox 1617 667 1771 734; x_wconf 77' lang='grc' dir='ltr'>ἅγιον</span> <span class='ocrx_word' id='word_1_28' title='bbox 1799 666 1886 736; x_wconf 53' lang='grc' dir='ltr'>τῷν</span> <span class='ocrx_word' id='word_1_29' title='bbox 1904 666 1962 732; x_wconf 80' lang='grc' dir='ltr'><strong>ἐξ</strong></span> 
     </span>
    </p>
   </div>
   <div class='ocr_carea' id='block_1_7' title="bbox 387 756 1962 829">
    <p class='ocr_par' dir='ltr' id='par_1_7' title="bbox 387 756 1962 829">
     <span class='ocr_line' id='line_1_7' title="bbox 387 756 1962 829; baseline 0 -19"><span class='ocrx_word' id='word_1_30' title='bbox 387 756 554 810; x_wconf 87' lang='grc' dir='ltr'>ἐθνῶν</span> <span class='ocrx_word' id='word_1_31' title='bbox 601 756 713 826; x_wconf 85' lang='grc' dir='ltr'>λαῴ</span> <span class='ocrx_word' id='word_1_32' title='bbox 751 759 988 828; x_wconf 78' lang='grc' dir='ltr'>φανεράς</span> <span class='ocrx_word' id='word_1_33' title='bbox 1020 758 1241 826; x_wconf 82' lang='grc' dir='ltr'>ποιῆσαι</span> <span class='ocrx_word' id='word_1_34' title='bbox 1271 759 1450 820; x_wconf 89' lang='grc' dir='ltr'>πάσας</span> <span class='ocrx_word' id='word_1_35' title='bbox 1477 758 1576 820; x_wconf 79' lang='grc' dir='ltr'>τὰς</span> <span class='ocrx_word' id='word_1_36' title='bbox 1619 759 1962 829; x_wconf 80' lang='grc' dir='ltr'>θαυματουρ-</span> 
     </span>
    </p>
   </div>
   <div class='ocr_carea' id='block_1_8' title="bbox 385 849 1962 920">
    <p class='ocr_par' dir='ltr' id='par_1_8' title="bbox 385 849 1962 920">
     <span class='ocr_line' id='line_1_8' title="bbox 385 849 1962 920; baseline 0.001 -19"><span class='ocrx_word' id='word_1_37' title='bbox 385 849 535 917; x_wconf 88' lang='grc' dir='ltr'>γίας,</span> <span class='ocrx_word' id='word_1_38' title='bbox 572 849 637 912; x_wconf 81' lang='grc' dir='ltr'>ἃς</span> <span class='ocrx_word' id='word_1_39' title='bbox 659 849 948 918; x_wconf 83' lang='grc' dir='ltr'>πεποίηται</span> <span class='ocrx_word' id='word_1_40' title='bbox 982 849 1075 902; x_wconf 78' lang='grc' dir='ltr'><strong>ἐπὶ</strong></span> <span class='ocrx_word' id='word_1_41' title='bbox 1105 850 1204 918; x_wconf 81' lang='grc' dir='ltr'>τῆς</span> <span class='ocrx_word' id='word_1_42' title='bbox 1237 849 1401 903; x_wconf 90' lang='grc' dir='ltr'>αὐτοῦ</span> <span class='ocrx_word' id='word_1_43' title='bbox 1438 851 1740 920; x_wconf 78' lang='grc' dir='ltr'><strong>παρουσίας</strong></span> <span class='ocrx_word' id='word_1_44' title='bbox 1772 851 1800 902; x_wconf 84' lang='grc' dir='ltr'>ὁ</span> <span class='ocrx_word' id='word_1_45' title='bbox 1846 849 1962 902; x_wconf 83' lang='grc' dir='ltr'><strong>Κύ-</strong></span> 
     </span>
    </p>
   </div>
   <div class='ocr_carea' id='block_1_9' title="bbox 389 940 1965 1012">
    <p class='ocr_par' dir='ltr' id='par_1_9' title="bbox 389 940 1965 1012">
     <span class='ocr_line' id='line_1_9' title="bbox 389 940 1965 1012; baseline -0.001 -18"><span class='ocrx_word' id='word_1_46' title='bbox 389 956 521 1012; x_wconf 85' lang='grc' dir='ltr'>ριος·</span> <span class='ocrx_word' id='word_1_47' title='bbox 547 941 636 994; x_wconf 74' lang='grc' dir='ltr'>ναὶ</span> <span class='ocrx_word' id='word_1_48' title='bbox 668 940 773 1010; x_wconf 82' lang='grc' dir='ltr'>μὴν</span> <span class='ocrx_word' id='word_1_49' title='bbox 804 943 897 994; x_wconf 76' lang='grc' dir='ltr'>καὶ</span> <span class='ocrx_word' id='word_1_50' title='bbox 916 942 1016 994; x_wconf 78' lang='grc' dir='ltr'><strong>ὅσα</strong></span> <span class='ocrx_word' id='word_1_51' title='bbox 1038 940 1370 1011; x_wconf 77' lang='grc' dir='ltr'><strong>εὐηργέτησε</strong></span> <span class='ocrx_word' id='word_1_52' title='bbox 1394 941 1487 993; x_wconf 83' lang='grc' dir='ltr'><strong>τὸν</strong></span> <span class='ocrx_word' id='word_1_53' title='bbox 1506 941 1670 997; x_wconf 88' lang='grc' dir='ltr'>πάλαι</span> <span class='ocrx_word' id='word_1_54' title='bbox 1690 941 1837 1004; x_wconf 82' lang='grc' dir='ltr'>λαὸν,</span> <span class='ocrx_word' id='word_1_55' title='bbox 1870 941 1965 994; x_wconf 80' lang='grc' dir='ltr'><strong>καὶ</strong></span> 
     </span>
    </p>
   </div>
   <div class='ocr_carea' id='block_1_10' title="bbox 385 1025 1960 1100">
    <p class='ocr_par' dir='ltr' id='par_1_10' title="bbox 385 1025 1960 1100">
     <span class='ocr_line' id='line_1_10' title="bbox 385 1025 1960 1100; baseline -0.001 -18"><span class='ocrx_word' id='word_1_56' title='bbox 385 1025 496 1083; x_wconf 76' lang='grc' dir='ltr'>οἷον</span> <span class='ocrx_word' id='word_1_57' title='bbox 529 1030 644 1083; x_wconf 86' lang='grc' dir='ltr'>ἀνθ’</span> <span class='ocrx_word' id='word_1_58' title='bbox 674 1030 787 1084; x_wconf 77' lang='grc' dir='ltr'>οἴου</span> <span class='ocrx_word' id='word_1_59' title='bbox 820 1031 1093 1100; x_wconf 88' lang='grc' dir='ltr'>ἐποίησεν.</span> <span class='ocrx_word' id='word_1_60' title='bbox 1130 1032 1250 1084; x_wconf 86' lang='grc' dir='ltr'><strong>Ἔτι</strong></span> <span class='ocrx_word' id='word_1_61' title='bbox 1270 1031 1326 1083; x_wconf 84' lang='grc' dir='ltr'><strong>δὲ</strong></span> <span class='ocrx_word' id='word_1_62' title='bbox 1349 1033 1405 1082; x_wconf 84' lang='grc' dir='ltr'><strong>ἐν</strong></span> <span class='ocrx_word' id='word_1_63' title='bbox 1438 1029 1614 1100; x_wconf 86' lang='grc' dir='ltr'>τούτῳ</span> <span class='ocrx_word' id='word_1_64' title='bbox 1644 1031 1738 1082; x_wconf 74' lang='grc' dir='ltr'><strong>καὶ</strong></span> <span class='ocrx_word' id='word_1_65' title='bbox 1772 1033 1960 1100; x_wconf 81' lang='grc' dir='ltr'><strong>μνήμη</strong></span> 
     </span>
    </p>
   </div>
   <div class='ocr_carea' id='block_1_11' title="bbox 386 1120 1963 1194">
    <p class='ocr_par' dir='ltr' id='par_1_11' title="bbox 386 1120 1963 1194">
     <span class='ocr_line' id='line_1_11' title="bbox 386 1120 1963 1194; baseline 0.001 -21"><span class='ocrx_word' id='word_1_66' title='bbox 386 1120 494 1173; x_wconf 82' lang='grc' dir='ltr'><strong>τῶν</strong></span> <span class='ocrx_word' id='word_1_67' title='bbox 525 1121 660 1192; x_wconf 80' lang='grc' dir='ltr'>πρὸς</span> <span class='ocrx_word' id='word_1_68' title='bbox 692 1122 816 1186; x_wconf 75' lang='grc' dir='ltr'>τοὺς</span> <span class='ocrx_word' id='word_1_69' title='bbox 858 1123 1198 1194; x_wconf 79' lang='grc' dir='ltr'><strong>πατριάρχας</strong></span> <span class='ocrx_word' id='word_1_70' title='bbox 1226 1124 1330 1175; x_wconf 79' lang='grc' dir='ltr'><strong>ὐπὸ</strong></span> <span class='ocrx_word' id='word_1_71' title='bbox 1358 1121 1451 1175; x_wconf 89' lang='grc' dir='ltr'><strong>τοῦ</strong></span> <span class='ocrx_word' id='word_1_72' title='bbox 1490 1121 1624 1175; x_wconf 84' lang='grc' dir='ltr'>Θεοῦ</span> <span class='ocrx_word' id='word_1_73' title='bbox 1661 1121 1963 1192; x_wconf 87' lang='grc' dir='ltr'>γεγενημέ-</span> 
     </span>
    </p>
   </div>
   <div class='ocr_carea' id='block_1_12' title="bbox 387 1213 1961 1285">
    <p class='ocr_par' dir='ltr' id='par_1_12' title="bbox 387 1213 1961 1285">
     <span class='ocr_line' id='line_1_12' title="bbox 387 1213 1961 1285; baseline 0 -17"><span class='ocrx_word' id='word_1_74' title='bbox 387 1231 492 1268; x_wconf 88' lang='grc' dir='ltr'><strong>νων</strong></span> <span class='ocrx_word' id='word_1_75' title='bbox 514 1215 875 1285; x_wconf 81' lang='grc' dir='ltr'><strong>ὑποσχέσεων,</strong></span> <span class='ocrx_word' id='word_1_76' title='bbox 924 1217 1018 1268; x_wconf 57' lang='grc' dir='ltr'><strong>καὶ⁸</strong></span> <span class='ocrx_word' id='word_1_77' title='bbox 1049 1215 1156 1268; x_wconf 91' lang='grc' dir='ltr'><strong>τῶν</strong></span> <span class='ocrx_word' id='word_1_78' title='bbox 1182 1214 1248 1267; x_wconf 87' lang='grc' dir='ltr'>δι’</span> <span class='ocrx_word' id='word_1_79' title='bbox 1283 1215 1523 1276; x_wconf 77' lang='grc' dir='ltr'><strong>ἐκείνους</strong></span> <span class='ocrx_word' id='word_1_80' title='bbox 1549 1215 1640 1266; x_wconf 83' lang='grc' dir='ltr'>ὐπ’</span> <span class='ocrx_word' id='word_1_81' title='bbox 1664 1213 1826 1268; x_wconf 87' lang='grc' dir='ltr'>αὐτοῦ</span> <span class='ocrx_word' id='word_1_82' title='bbox 1856 1232 1961 1268; x_wconf 85' lang='grc' dir='ltr'>πα-</span> 
     </span>
    </p>
   </div>
   <div class='ocr_carea' id='block_1_13' title="bbox 389 1305 1959 1377">
    <p class='ocr_par' dir='ltr' id='par_1_13' title="bbox 389 1305 1959 1377">
     <span class='ocr_line' id='line_1_13' title="bbox 389 1305 1959 1377; baseline 0.002 -21"><span class='ocrx_word' id='word_1_83' title='bbox 389 1306 757 1376; x_wconf 79' lang='grc' dir='ltr'>ρασχεθέντων</span> <span class='ocrx_word' id='word_1_84' title='bbox 804 1305 1022 1374; x_wconf 90' lang='grc' dir='ltr'>ἀγαθῶν</span> <span class='ocrx_word' id='word_1_85' title='bbox 1053 1309 1166 1369; x_wconf 83' lang='grc' dir='ltr'>τοῖς</span> <span class='ocrx_word' id='word_1_86' title='bbox 1213 1307 1437 1367; x_wconf 81' lang='grc' dir='ltr'>ἐκείνων</span> <span class='ocrx_word' id='word_1_87' title='bbox 1468 1305 1729 1374; x_wconf 76' lang='grc' dir='ltr'>ἐκγόνοις.</span> <span class='ocrx_word' id='word_1_88' title='bbox 1780 1305 1959 1377; x_wconf 85' lang='grc' dir='ltr'>Ἰκανὴ</span> 
     </span>
    </p>
   </div>
   <div class='ocr_carea' id='block_1_14' title="bbox 387 1398 1966 1470">
    <p class='ocr_par' dir='ltr' id='par_1_14' title="bbox 387 1398 1966 1470">
     <span class='ocr_line' id='line_1_14' title="bbox 387 1398 1966 1470; baseline 0.001 -20"><span class='ocrx_word' id='word_1_89' title='bbox 387 1398 494 1469; x_wconf 86' lang='grc' dir='ltr'>γὰρ</span> <span class='ocrx_word' id='word_1_90' title='bbox 525 1399 724 1451; x_wconf 87' lang='grc' dir='ltr'>τούτων</span> <span class='ocrx_word' id='word_1_91' title='bbox 755 1401 786 1468; x_wconf 83' lang='grc' dir='ltr'>ἡ</span> <span class='ocrx_word' id='word_1_92' title='bbox 819 1400 1006 1470; x_wconf 84' lang='grc' dir='ltr'>μνήμη</span> <span class='ocrx_word' id='word_1_93' title='bbox 1027 1399 1154 1461; x_wconf 84' lang='grc' dir='ltr'>τοὺς</span> <span class='ocrx_word' id='word_1_94' title='bbox 1185 1398 1454 1452; x_wconf 82' lang='grc' dir='ltr'>τοσούτων</span> <span class='ocrx_word' id='word_1_95' title='bbox 1487 1399 1814 1469; x_wconf 78' lang='grc' dir='ltr'>εὐεργεσιῶν</span> <span class='ocrx_word' id='word_1_96' title='bbox 1839 1400 1966 1451; x_wconf 85' lang='grc' dir='ltr'>ἀπο-</span> 
     </span>
    </p>
   </div>
   <div class='ocr_carea' id='block_1_15' title="bbox 385 1489 1966 1562">
    <p class='ocr_par' dir='ltr' id='par_1_15' title="bbox 385 1489 1966 1562">
     <span class='ocr_line' id='line_1_15' title="bbox 385 1489 1966 1562; baseline 0 -20"><span class='ocrx_word' id='word_1_97' title='bbox 385 1489 686 1553; x_wconf 90' lang='grc' dir='ltr'>λαύσαντας</span> <span class='ocrx_word' id='word_1_98' title='bbox 731 1493 809 1554; x_wconf 87' lang='grc' dir='ltr'><strong>είς</strong></span> <span class='ocrx_word' id='word_1_99' title='bbox 831 1489 991 1561; x_wconf 80' lang='grc' dir='ltr'>ζῆλον</span> <span class='ocrx_word' id='word_1_100' title='bbox 1019 1492 1117 1560; x_wconf 85' lang='grc' dir='ltr'>τῆς</span> <span class='ocrx_word' id='word_1_101' title='bbox 1143 1491 1250 1544; x_wconf 84' lang='grc' dir='ltr'><strong>τῶν</strong></span> <span class='ocrx_word' id='word_1_102' title='bbox 1269 1492 1548 1562; x_wconf 86' lang='grc' dir='ltr'>προγόνων</span> <span class='ocrx_word' id='word_1_103' title='bbox 1570 1491 1770 1562; x_wconf 83' lang='grc' dir='ltr'>ἀρετῆς</span> <span class='ocrx_word' id='word_1_104' title='bbox 1799 1491 1966 1561; x_wconf 85' lang='grc' dir='ltr'>ἐρεθί-</span> 
     </span>
    </p>
   </div>
   <div class='ocr_carea' id='block_1_16' title="bbox 386 1581 1965 1651">
    <p class='ocr_par' dir='ltr' id='par_1_16' title="bbox 386 1581 1965 1651">
     <span class='ocr_line' id='line_1_16' title="bbox 386 1581 1965 1651; baseline 0 -19"><span class='ocrx_word' id='word_1_105' title='bbox 386 1597 496 1634; x_wconf 89' lang='grc' dir='ltr'>σαι.</span> <span class='ocrx_word' id='word_1_106' title='bbox 529 1581 780 1634; x_wconf 79' lang='grc' dir='ltr'>Διδάσκει</span> <span class='ocrx_word' id='word_1_107' title='bbox 801 1581 858 1634; x_wconf 83' lang='grc' dir='ltr'><strong>δὲ</strong></span> <span class='ocrx_word' id='word_1_108' title='bbox 897 1581 1036 1635; x_wconf 84' lang='grc' dir='ltr'><strong>κατά</strong></span> <span class='ocrx_word' id='word_1_109' title='bbox 1062 1583 1225 1636; x_wconf 86' lang='grc' dir='ltr'><strong>ταύτὸ</strong></span> <span class='ocrx_word' id='word_1_110' title='bbox 1252 1582 1456 1634; x_wconf 76' lang='grc' dir='ltr'>καὶτὸν</span> <span class='ocrx_word' id='word_1_111' title='bbox 1482 1581 1601 1634; x_wconf 91' lang='grc' dir='ltr'>νέον</span> <span class='ocrx_word' id='word_1_112' title='bbox 1633 1581 1781 1644; x_wconf 82' lang='grc' dir='ltr'>λαὸν,</span> <span class='ocrx_word' id='word_1_113' title='bbox 1801 1581 1965 1651; x_wconf 74' lang='grc' dir='ltr'>ἤγουν</span> 
     </span>
    </p>
   </div>
   <div class='ocr_carea' id='block_1_17' title="bbox 384 1672 1966 1743">
    <p class='ocr_par' dir='ltr' id='par_1_17' title="bbox 384 1672 1966 1743">
     <span class='ocr_line' id='line_1_17' title="bbox 384 1672 1966 1743; baseline 0.001 -20"><span class='ocrx_word' id='word_1_114' title='bbox 384 1673 510 1735; x_wconf 81' lang='grc' dir='ltr'><strong>τούς</strong></span> <span class='ocrx_word' id='word_1_115' title='bbox 542 1672 598 1739; x_wconf 80' lang='grc' dir='ltr'><strong>ἐξ</strong></span> <span class='ocrx_word' id='word_1_116' title='bbox 627 1672 796 1726; x_wconf 89' lang='grc' dir='ltr'>ἐθνῶν</span> <span class='ocrx_word' id='word_1_117' title='bbox 823 1673 898 1736; x_wconf 86' lang='grc' dir='ltr'>ὡς</span> <span class='ocrx_word' id='word_1_118' title='bbox 925 1674 1025 1726; x_wconf 88' lang='grc' dir='ltr'><strong>οὐκ</strong></span> <span class='ocrx_word' id='word_1_119' title='bbox 1051 1673 1252 1736; x_wconf 81' lang='grc' dir='ltr'>ἀδίκως</span> <span class='ocrx_word' id='word_1_120' title='bbox 1283 1673 1372 1726; x_wconf 89' lang='grc' dir='ltr'><strong>τὸν</strong></span> <span class='ocrx_word' id='word_1_121' title='bbox 1419 1673 1716 1743; x_wconf 83' lang='grc' dir='ltr'>ἀχάριστον</span> <span class='ocrx_word' id='word_1_122' title='bbox 1761 1674 1966 1725; x_wconf 86' lang='grc' dir='ltr'>ἐκεῖνον</span> 
     </span>
    </p>
   </div>
   <div class='ocr_carea' id='block_1_18' title="bbox 2069 667 3641 742">
    <p class='ocr_par' dir='ltr' id='par_1_18' title="bbox 2069 667 3641 742">
     <span class='ocr_line' id='line_1_18' title="bbox 2069 667 3641 742; baseline 0.003 -21"><span class='ocrx_word' id='word_1_123' title='bbox 2069 667 2147 721; x_wconf 86' lang='lat' dir='ltr'><strong>illi</strong></span> <span class='ocrx_word' id='word_1_124' title='bbox 2200 669 2398 737; x_wconf 90' lang='lat' dir='ltr'><strong>popqu</strong></span> <span class='ocrx_word' id='word_1_125' title='bbox 2443 667 2786 729; x_wconf 80' lang='lat' dir='ltr'><strong>exhibuerit,</strong></span> <span class='ocrx_word' id='word_1_126' title='bbox 2837 676 2891 722; x_wconf 90' lang='lat' dir='ltr'><strong>et</strong></span> <span class='ocrx_word' id='word_1_127' title='bbox 2957 684 3119 737; x_wconf 88' lang='lat' dir='ltr'><strong>quam</strong></span> <span class='ocrx_word' id='word_1_128' title='bbox 3180 671 3351 726; x_wconf 90' lang='lat' dir='ltr'><strong>vicem</strong></span> <span class='ocrx_word' id='word_1_129' title='bbox 3409 672 3641 742; x_wconf 80' lang='lat' dir='ltr'><strong>singulis</strong></span> 
     </span>
    </p>
   </div>
   <div class='ocr_carea' id='block_1_19' title="bbox 2069 755 3640 829">
    <p class='ocr_par' dir='ltr' id='par_1_19' title="bbox 2069 755 3640 829">
     <span class='ocr_line' id='line_1_19' title="bbox 2069 755 3640 829; baseline 0.002 -18"><span class='ocrx_word' id='word_1_130' title='bbox 2069 772 2257 811; x_wconf 89' lang='lat' dir='ltr'><strong>eorum</strong></span> <span class='ocrx_word' id='word_1_131' title='bbox 2291 756 2459 826; x_wconf 86' lang='lat' dir='ltr'><strong>gestis</strong></span> <span class='ocrx_word' id='word_1_132' title='bbox 2489 756 2804 809; x_wconf 84' lang='lat' dir='ltr'><strong>reddiderit.</strong></span> <span class='ocrx_word' id='word_1_133' title='bbox 2837 755 3062 825; x_wconf 89' lang='lat' dir='ltr'><strong>Insuper</strong></span> <span class='ocrx_word' id='word_1_134' title='bbox 3096 758 3183 812; x_wconf 92' lang='lat' dir='ltr'><strong>hic</strong></span> <span class='ocrx_word' id='word_1_135' title='bbox 3212 760 3640 829; x_wconf 80' lang='lat' dir='ltr'><strong>promissionum</strong></span> 
     </span>
    </p>
   </div>
   <div class='ocr_carea' id='block_1_20' title="bbox 2069 844 3642 916">
    <p class='ocr_par' dir='ltr' id='par_1_20' title="bbox 2069 844 3642 916">
     <span class='ocr_line' id='line_1_20' title="bbox 2069 844 3642 916; baseline 0.002 -17"><span class='ocrx_word' id='word_1_136' title='bbox 2069 861 2100 899; x_wconf 91' lang='lat' dir='ltr'><strong>a</strong></span> <span class='ocrx_word' id='word_1_137' title='bbox 2139 845 2250 901; x_wconf 89' lang='lat' dir='ltr'><strong>Deo</strong></span> <span class='ocrx_word' id='word_1_138' title='bbox 2286 846 2617 916; x_wconf 89' lang='lat' dir='ltr'><strong>patriarchis</strong></span> <span class='ocrx_word' id='word_1_139' title='bbox 2684 844 2955 900; x_wconf 88' lang='lat' dir='ltr'><strong>factarum</strong></span> <span class='ocrx_word' id='word_1_140' title='bbox 3015 849 3219 902; x_wconf 86' lang='lat' dir='ltr'><strong>mentio</strong></span> <span class='ocrx_word' id='word_1_141' title='bbox 3279 850 3541 915; x_wconf 90' lang='lat' dir='ltr'><strong>habetur,</strong></span> <span class='ocrx_word' id='word_1_142' title='bbox 3585 856 3642 903; x_wconf 90' lang='lat' dir='ltr'><strong>et</strong></span> 
     </span>
    </p>
   </div>
   <div class='ocr_carea' id='block_1_21' title="bbox 2068 936 3640 1008">
    <p class='ocr_par' dir='ltr' id='par_1_21' title="bbox 2068 936 3640 1008">
     <span class='ocr_line' id='line_1_21' title="bbox 2068 936 3640 1008; baseline 0.003 -18"><span class='ocrx_word' id='word_1_143' title='bbox 2068 945 2270 1008; x_wconf 86' lang='lat' dir='ltr'><strong>quanta</strong></span> <span class='ocrx_word' id='word_1_144' title='bbox 2310 937 2552 1007; x_wconf 86' lang='lat' dir='ltr'><strong>ipsorum</strong></span> <span class='ocrx_word' id='word_1_145' title='bbox 2584 936 2761 1006; x_wconf 88' lang='lat' dir='ltr'><strong>gratia</strong></span> <span class='ocrx_word' id='word_1_146' title='bbox 2789 937 3077 1006; x_wconf 85' lang='lat' dir='ltr'><strong>nepotibus</strong></span> <span class='ocrx_word' id='word_1_147' title='bbox 3115 953 3298 992; x_wconf 87' lang='lat' dir='ltr'><strong>eorum</strong></span> <span class='ocrx_word' id='word_1_148' title='bbox 3334 942 3471 993; x_wconf 86' lang='lat' dir='ltr'><strong>bona</strong></span> <span class='ocrx_word' id='word_1_149' title='bbox 3504 956 3640 994; x_wconf 90' lang='lat' dir='ltr'><strong>con-</strong></span> 
     </span>
    </p>
   </div>
   <div class='ocr_carea' id='block_1_22' title="bbox 2064 1026 3642 1099">
    <p class='ocr_par' dir='ltr' id='par_1_22' title="bbox 2064 1026 3642 1099">
     <span class='ocr_line' id='line_1_22' title="bbox 2064 1026 3642 1099; baseline 0.001 -15"><span class='ocrx_word' id='word_1_150' title='bbox 2064 1044 2221 1084; x_wconf 91' lang='lat' dir='ltr'><strong>cessa</strong></span> <span class='ocrx_word' id='word_1_151' title='bbox 2254 1028 2477 1084; x_wconf 90' lang='lat' dir='ltr'><strong>fuerint.</strong></span> <span class='ocrx_word' id='word_1_152' title='bbox 2510 1026 2720 1083; x_wconf 82' lang='lat' dir='ltr'><strong>[lorum</strong></span> <span class='ocrx_word' id='word_1_153' title='bbox 2749 1029 2952 1099; x_wconf 88' lang='lat' dir='ltr'><strong>quippe</strong></span> <span class='ocrx_word' id='word_1_154' title='bbox 2985 1033 3434 1085; x_wconf 80' lang='lat' dir='ltr'><strong>commenmratio</strong></span> <span class='ocrx_word' id='word_1_155' title='bbox 3455 1039 3542 1086; x_wconf 89' lang='lat' dir='ltr'><strong>est</strong></span> <span class='ocrx_word' id='word_1_156' title='bbox 3572 1031 3642 1086; x_wconf 89' lang='lat' dir='ltr'><strong>ad</strong></span> 
     </span>
    </p>
   </div>
   <div class='ocr_carea' id='block_1_23' title="bbox 2063 1121 3643 1181">
    <p class='ocr_par' dir='ltr' id='par_1_23' title="bbox 2063 1121 3643 1181">
     <span class='ocr_line' id='line_1_23' title="bbox 2063 1121 3643 1181; baseline 0.002 -4"><span class='ocrx_word' id='word_1_157' title='bbox 2063 1121 2328 1177; x_wconf 89' lang='lat' dir='ltr'><strong>beneﬁcio</strong></span> <span class='ocrx_word' id='word_1_158' title='bbox 2344 1121 2576 1178; x_wconf 88' lang='lat' dir='ltr'><strong>donatos</strong></span> <span class='ocrx_word' id='word_1_159' title='bbox 2595 1122 2754 1177; x_wconf 73' lang='lat' dir='ltr'><strong>avita:</strong></span> <span class='ocrx_word' id='word_1_160' title='bbox 2777 1123 2996 1179; x_wconf 90' lang='lat' dir='ltr'><strong>virtutis</strong></span> <span class='ocrx_word' id='word_1_161' title='bbox 3019 1123 3203 1179; x_wconf 90' lang='lat' dir='ltr'><strong>studio</strong></span> <span class='ocrx_word' id='word_1_162' title='bbox 3225 1124 3643 1181; x_wconf 82' lang='lat' dir='ltr'><strong>inflammandos</strong></span> 
     </span>
    </p>
   </div>
   <div class='ocr_carea' id='block_1_24' title="bbox 2063 1211 3702 1286">
    <p class='ocr_par' dir='ltr' id='par_1_24' title="bbox 2063 1211 3702 1286">
     <span class='ocr_line' id='line_1_24' title="bbox 2063 1211 3702 1286; baseline 0.001 -16"><span class='ocrx_word' id='word_1_163' title='bbox 2063 1214 2220 1270; x_wconf 87' lang='lat' dir='ltr'><strong>satis.</strong></span> <span class='ocrx_word' id='word_1_164' title='bbox 2250 1211 2450 1269; x_wconf 89' lang='lat' dir='ltr'><strong>Postea</strong></span> <span class='ocrx_word' id='word_1_165' title='bbox 2489 1228 2618 1270; x_wconf 87' lang='lat' dir='ltr'><strong>vero</strong></span> <span class='ocrx_word' id='word_1_166' title='bbox 2667 1214 2830 1270; x_wconf 86' lang='lat' dir='ltr'><strong>docet</strong></span> <span class='ocrx_word' id='word_1_167' title='bbox 2862 1231 3066 1270; x_wconf 90' lang='lat' dir='ltr'><strong>novum</strong></span> <span class='ocrx_word' id='word_1_168' title='bbox 3110 1217 3393 1286; x_wconf 90' lang='lat' dir='ltr'><strong>p0pulum,</strong></span> <span class='ocrx_word' id='word_1_169' title='bbox 3430 1215 3644 1271; x_wconf 82' lang='lat' dir='ltr'><strong>scilicet</strong></span> <span class='ocrx_word' id='word_1_170' title='bbox 3690 1259 3702 1270; x_wconf 94' lang='lat'><strong>.</strong></span> 
     </span>
    </p>
   </div>
   <div class='ocr_carea' id='block_1_25' title="bbox 2067 1305 3644 1379">
    <p class='ocr_par' dir='ltr' id='par_1_25' title="bbox 2067 1305 3644 1379">
     <span class='ocr_line' id='line_1_25' title="bbox 2067 1305 3644 1379; baseline 0.001 -18"><span class='ocrx_word' id='word_1_171' title='bbox 2067 1321 2132 1362; x_wconf 81' lang='lat' dir='ltr'><strong>ex</strong></span> <span class='ocrx_word' id='word_1_172' title='bbox 2162 1305 2438 1376; x_wconf 80' lang='lat' dir='ltr'><strong>gentibus,</strong></span> <span class='ocrx_word' id='word_1_173' title='bbox 2462 1321 2521 1362; x_wconf 85' lang='lat' dir='ltr'><strong>se</strong></span> <span class='ocrx_word' id='word_1_174' title='bbox 2570 1307 2837 1376; x_wconf 76' lang='lat' dir='ltr'><strong>ingratam</strong></span> <span class='ocrx_word' id='word_1_175' title='bbox 2877 1309 3022 1362; x_wconf 90' lang='lat' dir='ltr'><strong>illam</strong></span> <span class='ocrx_word' id='word_1_176' title='bbox 3067 1316 3282 1379; x_wconf 81' lang='lat' dir='ltr'><strong>gentem</strong></span> <span class='ocrx_word' id='word_1_177' title='bbox 3306 1308 3487 1362; x_wconf 90' lang='lat' dir='ltr'><strong>divina</strong></span> <span class='ocrx_word' id='word_1_178' title='bbox 3518 1323 3644 1378; x_wconf 92' lang='lat' dir='ltr'><strong>pro-</strong></span> 
     </span>
    </p>
   </div>
   <div class='ocr_carea' id='block_1_26' title="bbox 2068 1397 3643 1470">
    <p class='ocr_par' dir='ltr' id='par_1_26' title="bbox 2068 1397 3643 1470">
     <span class='ocr_line' id='line_1_26' title="bbox 2068 1397 3643 1470; baseline 0.002 -19"><span class='ocrx_word' id='word_1_179' title='bbox 2068 1397 2310 1452; x_wconf 88' lang='lat' dir='ltr'><strong>videntia</strong></span> <span class='ocrx_word' id='word_1_180' title='bbox 2341 1413 2450 1454; x_wconf 91' lang='lat' dir='ltr'><strong>non</strong></span> <span class='ocrx_word' id='word_1_181' title='bbox 2478 1399 2680 1469; x_wconf 88' lang='lat' dir='ltr'><strong>injuste</strong></span> <span class='ocrx_word' id='word_1_182' title='bbox 2704 1401 2992 1470; x_wconf 83' lang='lat' dir='ltr'><strong>spoliasse,</strong></span> <span class='ocrx_word' id='word_1_183' title='bbox 3013 1409 3072 1454; x_wconf 94' lang='lat' dir='ltr'><strong>ut</strong></span> <span class='ocrx_word' id='word_1_184' title='bbox 3105 1402 3308 1470; x_wconf 88' lang='lat' dir='ltr'><strong>pariter</strong></span> <span class='ocrx_word' id='word_1_185' title='bbox 3339 1417 3403 1456; x_wconf 86' lang='lat' dir='ltr'><strong>ex</strong></span> <span class='ocrx_word' id='word_1_186' title='bbox 3428 1401 3643 1470; x_wconf 90' lang='lat' dir='ltr'><strong>jnstitia</strong></span> 
     </span>
    </p>
   </div>
   <div class='ocr_carea' id='block_1_27' title="bbox 2073 1491 3646 1564">
    <p class='ocr_par' dir='ltr' id='par_1_27' title="bbox 2073 1491 3646 1564">
     <span class='ocr_line' id='line_1_27' title="bbox 2073 1491 3646 1564; baseline 0.003 -20"><span class='ocrx_word' id='word_1_187' title='bbox 2073 1491 2355 1545; x_wconf 65' lang='lat' dir='ltr'><strong>sententiae</strong></span> <span class='ocrx_word' id='word_1_188' title='bbox 2386 1501 2578 1545; x_wconf 90' lang='lat' dir='ltr'><strong>contra</strong></span> <span class='ocrx_word' id='word_1_189' title='bbox 2614 1493 2736 1549; x_wconf 91' lang='lat' dir='ltr'><strong>illos</strong></span> <span class='ocrx_word' id='word_1_190' title='bbox 2767 1493 2911 1556; x_wconf 67' lang='lat' dir='ltr'><strong>latae,</strong></span> <span class='ocrx_word' id='word_1_191' title='bbox 2941 1493 3058 1549; x_wconf 87' lang='lat' dir='ltr'><strong>viso</strong></span> <span class='ocrx_word' id='word_1_192' title='bbox 3085 1495 3283 1564; x_wconf 81' lang='lat' dir='ltr'><strong>ingrati</strong></span> <span class='ocrx_word' id='word_1_193' title='bbox 3314 1494 3480 1548; x_wconf 88' lang='lat' dir='ltr'><strong>animi</strong></span> <span class='ocrx_word' id='word_1_194' title='bbox 3510 1509 3646 1564; x_wconf 67' lang='lat' dir='ltr'><strong>pra:-</strong></span> 
     </span>
    </p>
   </div>
   <div class='ocr_carea' id='block_1_28' title="bbox 2074 1579 3649 1652">
    <p class='ocr_par' dir='ltr' id='par_1_28' title="bbox 2074 1579 3649 1652">
     <span class='ocr_line' id='line_1_28' title="bbox 2074 1579 3649 1652; baseline 0.004 -19"><span class='ocrx_word' id='word_1_195' title='bbox 2074 1579 2208 1641; x_wconf 87' lang='lat' dir='ltr'><strong>mio,</strong></span> <span class='ocrx_word' id='word_1_196' title='bbox 2240 1589 2568 1637; x_wconf 86' lang='lat' dir='ltr'><strong>moneantur</strong></span> <span class='ocrx_word' id='word_1_197' title='bbox 2597 1598 2665 1636; x_wconf 90' lang='lat' dir='ltr'><strong>ne</strong></span> <span class='ocrx_word' id='word_1_198' title='bbox 2699 1583 2753 1636; x_wconf 90' lang='lat' dir='ltr'><strong>in</strong></span> <span class='ocrx_word' id='word_1_199' title='bbox 2788 1582 2978 1637; x_wconf 90' lang='lat' dir='ltr'><strong>eadem</strong></span> <span class='ocrx_word' id='word_1_200' title='bbox 3012 1599 3118 1652; x_wconf 91' lang='lat' dir='ltr'><strong>qua</strong></span> <span class='ocrx_word' id='word_1_201' title='bbox 3151 1582 3321 1638; x_wconf 71' lang='lat' dir='ltr'><strong>Judmi</strong></span> <span class='ocrx_word' id='word_1_202' title='bbox 3372 1584 3457 1637; x_wconf 88' lang='lat' dir='ltr'><strong>via</strong></span> <span class='ocrx_word' id='word_1_203' title='bbox 3494 1583 3649 1639; x_wconf 82' lang='lat' dir='ltr'><strong>ince-</strong></span> 
     </span>
    </p>
   </div>
   <div class='ocr_carea' id='block_1_29' title="bbox 2073 1670 3116 1736">
    <p class='ocr_par' dir='ltr' id='par_1_29' title="bbox 2073 1670 3116 1736">
     <span class='ocr_line' id='line_1_29' title="bbox 2073 1670 3116 1736; baseline 0.007 -12"><span class='ocrx_word' id='word_1_204' title='bbox 2073 1670 2234 1736; x_wconf 88' lang='lat' dir='ltr'><strong>dant,</strong></span> <span class='ocrx_word' id='word_1_205' title='bbox 2277 1672 2373 1727; x_wconf 90' lang='lat' dir='ltr'><strong>sed</strong></span> <span class='ocrx_word' id='word_1_206' title='bbox 2405 1673 2460 1727; x_wconf 93' lang='lat' dir='ltr'><strong>in</strong></span> <span class='ocrx_word' id='word_1_207' title='bbox 2493 1681 2645 1729; x_wconf 88' lang='lat' dir='ltr'><strong>recto</strong></span> <span class='ocrx_word' id='word_1_208' title='bbox 2671 1675 2807 1730; x_wconf 90' lang='lat' dir='ltr'><strong>calle</strong></span> <span class='ocrx_word' id='word_1_209' title='bbox 2839 1675 3116 1731; x_wconf 85' lang='lat' dir='ltr'><strong>insistant.</strong></span> 
     </span>
    </p>
   </div>
   <div class='ocr_carea' id='block_1_30' title="bbox 386 1762 3649 1838">
    <p class='ocr_par' dir='ltr' id='par_1_30' title="bbox 386 1762 3649 1838">
     <span class='ocr_line' id='line_1_30' title="bbox 386 1762 3649 1838; baseline 0.001 -23"><span class='ocrx_word' id='word_1_210' title='bbox 386 1762 512 1817; x_wconf 87' lang='grc' dir='ltr'>λαὸν</span> <span class='ocrx_word' id='word_1_211' title='bbox 537 1767 636 1836; x_wconf 83' lang='grc' dir='ltr'>τῆς</span> <span class='ocrx_word' id='word_1_212' title='bbox 659 1765 862 1830; x_wconf 80' lang='grc' dir='ltr'>οἰκείας</span> <span class='ocrx_word' id='word_1_213' title='bbox 891 1767 1211 1837; x_wconf 84' lang='grc' dir='ltr'>κηδεμονίας</span> <span class='ocrx_word' id='word_1_214' title='bbox 1236 1766 1570 1837; x_wconf 75' lang='grc' dir='ltr'>ἐγύμνωσεν,</span> <span class='ocrx_word' id='word_1_215' title='bbox 1600 1765 1674 1829; x_wconf 84' lang='grc' dir='ltr'><strong>ὡς</strong></span> <span class='ocrx_word' id='word_1_216' title='bbox 1714 1764 1846 1835; x_wconf 83' lang='grc' dir='ltr'>ὁμοῦ</span> <span class='ocrx_word' id='word_1_217' title='bbox 1897 1766 1962 1816; x_wconf 84' lang='grc' dir='ltr'><strong>ἐκ</strong></span> <span class='ocrx_word' id='word_1_218' title='bbox 1990 1765 2090 1834; x_wconf 81' lang='grc' dir='ltr'><strong>τῆς</strong></span> <span class='ocrx_word' id='word_1_219' title='bbox 2114 1767 2234 1818; x_wconf 85' lang='grc' dir='ltr'>κατ’</span> <span class='ocrx_word' id='word_1_220' title='bbox 2262 1766 2486 1821; x_wconf 86' lang='grc' dir='ltr'>ἐκείνων</span> <span class='ocrx_word' id='word_1_221' title='bbox 2509 1767 2883 1838; x_wconf 80' lang='grc' dir='ltr'>ἐξενεχθείσης</span> <span class='ocrx_word' id='word_1_222' title='bbox 2903 1769 3086 1838; x_wconf 80' lang='grc' dir='ltr'>ψήφου</span> <span class='ocrx_word' id='word_1_223' title='bbox 3125 1768 3186 1820; x_wconf 87' lang='grc' dir='ltr'>τὸ</span> <span class='ocrx_word' id='word_1_224' title='bbox 3217 1767 3423 1821; x_wconf 86' lang='grc' dir='ltr'>δίκαιον</span> <span class='ocrx_word' id='word_1_225' title='bbox 3480 1781 3649 1820; x_wconf 85' lang='grc' dir='ltr'>κατα-</span> 
     </span>
    </p>
   </div>
   <div class='ocr_carea' id='block_1_31' title="bbox 387 1859 3648 1934">
    <p class='ocr_par' dir='ltr' id='par_1_31' title="bbox 387 1859 3648 1934">
     <span class='ocr_line' id='line_1_31' title="bbox 387 1859 3648 1934; baseline 0.001 -22"><span class='ocrx_word' id='word_1_226' title='bbox 387 1860 630 1930; x_wconf 89' lang='grc' dir='ltr'>μάθοιεν,</span> <span class='ocrx_word' id='word_1_227' title='bbox 667 1863 884 1933; x_wconf 73' lang='grc' dir='ltr'>καὶτῆς</span> <span class='ocrx_word' id='word_1_228' title='bbox 922 1861 1244 1932; x_wconf 83' lang='grc' dir='ltr'>ἀχαριστίας</span> <span class='ocrx_word' id='word_1_229' title='bbox 1299 1860 1534 1932; x_wconf 81' lang='grc' dir='ltr'>ὁρῶντες</span> <span class='ocrx_word' id='word_1_230' title='bbox 1562 1859 1631 1914; x_wconf 75' lang='grc' dir='ltr'><strong>τά</strong></span> <span class='ocrx_word' id='word_1_231' title='bbox 1680 1859 1953 1931; x_wconf 82' lang='grc' dir='ltr'>ἐπίχειρα,</span> <span class='ocrx_word' id='word_1_232' title='bbox 1989 1859 2064 1932; x_wconf 81' lang='grc' dir='ltr'>μὴ</span> <span class='ocrx_word' id='word_1_233' title='bbox 2095 1861 2196 1930; x_wconf 83' lang='grc' dir='ltr'>τὴν</span> <span class='ocrx_word' id='word_1_234' title='bbox 2245 1861 2415 1934; x_wconf 84' lang='grc' dir='ltr'>αὐτὴν</span> <span class='ocrx_word' id='word_1_235' title='bbox 2457 1863 2728 1927; x_wconf 82' lang='grc' dir='ltr'>Ἰουδαίοις</span> <span class='ocrx_word' id='word_1_236' title='bbox 2777 1863 3065 1934; x_wconf 79' lang='grc' dir='ltr'>βαδίζοιεν,</span> <span class='ocrx_word' id='word_1_237' title='bbox 3099 1864 3236 1919; x_wconf 85' lang='grc' dir='ltr'><strong>ἀλλά</strong></span> <span class='ocrx_word' id='word_1_238' title='bbox 3293 1864 3392 1934; x_wconf 84' lang='grc' dir='ltr'><strong>τὴν</strong></span> <span class='ocrx_word' id='word_1_239' title='bbox 3433 1861 3648 1916; x_wconf 74' lang='grc' dir='ltr'>εὐθεῖαν</span> 
     </span>
    </p>
   </div>
   <div class='ocr_carea' id='block_1_32' title="bbox 383 1953 786 2007">
    <p class='ocr_par' dir='ltr' id='par_1_32' title="bbox 383 1953 786 2007">
     <span class='ocr_line' id='line_1_32' title="bbox 383 1953 786 2007; baseline 0 -1"><span class='ocrx_word' id='word_1_240' title='bbox 383 1953 503 2006; x_wconf 75' lang='grc' dir='ltr'>ὁδὸν</span> <span class='ocrx_word' id='word_1_241' title='bbox 529 1953 786 2007; x_wconf 86' lang='grc' dir='ltr'>όδεύοιεν.</span> 
     </span>
    </p>
   </div>
   <div class='ocr_carea' id='block_1_33' title="bbox 467 2098 1962 2173">
    <p class='ocr_par' dir='ltr' id='par_1_33' title="bbox 467 2099 1962 2173">
     <span class='ocr_line' id='line_1_33' title="bbox 467 2099 1962 2173; baseline -0.001 -19"><span class='ocrx_word' id='word_1_242' title='bbox 467 2100 950 2173; x_wconf 74' lang='grc' dir='ltr'>Ἐξομολογεῖσθε</span> <span class='ocrx_word' id='word_1_243' title='bbox 975 2099 1055 2166; x_wconf 80' lang='grc' dir='ltr'>τῷ</span> <span class='ocrx_word' id='word_1_244' title='bbox 1093 2101 1305 2168; x_wconf 76' lang='grc' dir='ltr'>Κυρίῳ,</span> <span class='ocrx_word' id='word_1_245' title='bbox 1336 2102 1431 2156; x_wconf 77' lang='grc' dir='ltr'>καὶ</span> <span class='ocrx_word' id='word_1_246' title='bbox 1469 2101 1853 2155; x_wconf 71' lang='grc' dir='ltr'>ἐπικαλεῖσθε</span> <span class='ocrx_word' id='word_1_247' title='bbox 1903 2101 1962 2154; x_wconf 74' lang='grc' dir='ltr'>τι]</span> 
     </span>
    </p>
   </div>
   <div class='ocr_carea' id='block_1_34' title="bbox 2066 2098 3645 2173">
    <p class='ocr_par' dir='ltr' id='par_1_34' title="bbox 2141 2098 3645 2167">
     <span class='ocr_line' id='line_1_34' title="bbox 2141 2098 3645 2167; baseline 0.005 -14"><span class='ocrx_word' id='word_1_248' title='bbox 2141 2098 2476 2167; x_wconf 79' lang='lat' dir='ltr'><strong>Con/itemini</strong></span> <span class='ocrx_word' id='word_1_249' title='bbox 2512 2100 2758 2161; x_wconf 80' lang='lat' dir='ltr'><strong>Domino,</strong></span> <span class='ocrx_word' id='word_1_250' title='bbox 2792 2110 2840 2153; x_wconf 81' lang='lat' dir='ltr'><strong>et</strong></span> <span class='ocrx_word' id='word_1_251' title='bbox 2871 2102 3107 2155; x_wconf 82' lang='lat' dir='ltr'><strong>invocate</strong></span> <span class='ocrx_word' id='word_1_252' title='bbox 3138 2119 3324 2157; x_wconf 83' lang='lat' dir='ltr'><strong>nomen</strong></span> <span class='ocrx_word' id='word_1_253' title='bbox 3357 2105 3645 2164; x_wconf 78' lang='lat' dir='ltr'><strong>eius.Cum</strong></span> 
     </span>
    </p>
   </div>
   <div class='ocr_carea' id='block_1_35' title="bbox 383 2191 1964 2266">
    <p class='ocr_par' dir='ltr' id='par_1_35' title="bbox 383 2191 1964 2266">
     <span class='ocr_line' id='line_1_35' title="bbox 383 2191 1964 2266; baseline 0 -20"><span class='ocrx_word' id='word_1_254' title='bbox 383 2197 569 2265; x_wconf 80' lang='grc' dir='ltr'>ὄνομα</span> <span class='ocrx_word' id='word_1_255' title='bbox 599 2196 806 2249; x_wconf 81' lang='grc' dir='ltr'>αὐτοῦ.</span> <span class='ocrx_word' id='word_1_256' title='bbox 832 2193 1036 2262; x_wconf 76' lang='grc' dir='ltr'>Διπλῆς</span> <span class='ocrx_word' id='word_1_257' title='bbox 1064 2191 1230 2263; x_wconf 77' lang='grc' dir='ltr'>οὔσης</span> <span class='ocrx_word' id='word_1_258' title='bbox 1259 2195 1314 2246; x_wconf 88' lang='grc' dir='ltr'><strong>ἐν</strong></span> <span class='ocrx_word' id='word_1_259' title='bbox 1341 2198 1404 2266; x_wconf 81' lang='grc' dir='ltr'>τῇ</span> <span class='ocrx_word' id='word_1_260' title='bbox 1433 2198 1672 2266; x_wconf 76' lang='grc' dir='ltr'>γραφικῇ</span> <span class='ocrx_word' id='word_1_261' title='bbox 1708 2195 1964 2266; x_wconf 66' lang='grc' dir='ltr'>συνηθείᾳ.</span> 
     </span>
    </p>
   </div>
   <div class='ocr_carea' id='block_1_36' title="bbox 381 2286 1963 2360">
    <p class='ocr_par' dir='ltr' id='par_1_36' title="bbox 381 2286 1963 2360">
     <span class='ocr_line' id='line_1_36' title="bbox 381 2286 1963 2360; baseline 0.001 -23"><span class='ocrx_word' id='word_1_262' title='bbox 381 2288 479 2357; x_wconf 82' lang='grc' dir='ltr'>τῆς</span> <span class='ocrx_word' id='word_1_263' title='bbox 527 2287 645 2340; x_wconf 88' lang='grc' dir='ltr'>κατ’</span> <span class='ocrx_word' id='word_1_264' title='bbox 690 2286 1077 2360; x_wconf 79' lang='grc' dir='ltr'>ἐξομολόγησιν</span> <span class='ocrx_word' id='word_1_265' title='bbox 1126 2287 1420 2358; x_wconf 77' lang='grc' dir='ltr'>σημασίας,</span> <span class='ocrx_word' id='word_1_266' title='bbox 1468 2287 1562 2339; x_wconf 74' lang='grc' dir='ltr'><strong>καὶ</strong></span> <span class='ocrx_word' id='word_1_267' title='bbox 1602 2286 1696 2339; x_wconf 87' lang='grc' dir='ltr'><strong>νῦν</strong></span> <span class='ocrx_word' id='word_1_268' title='bbox 1736 2287 1832 2357; x_wconf 80' lang='grc' dir='ltr'><strong>μὲν</strong></span> <span class='ocrx_word' id='word_1_269' title='bbox 1866 2286 1963 2357; x_wconf 81' lang='grc' dir='ltr'>τὴν</span> 
     </span>
    </p>
   </div>
   <div class='ocr_carea' id='block_1_37' title="bbox 382 2376 1960 2452">
    <p class='ocr_par' dir='ltr' id='par_1_37' title="bbox 382 2376 1960 2452">
     <span class='ocr_line' id='line_1_37' title="bbox 382 2376 1960 2452; baseline 0 -22"><span class='ocrx_word' id='word_1_270' title='bbox 382 2378 751 2450; x_wconf 77' lang='grc' dir='ltr'>ἐξαγόρευσιν,</span> <span class='ocrx_word' id='word_1_271' title='bbox 773 2376 928 2444; x_wconf 81' lang='grc' dir='ltr'>αὖθις</span> <span class='ocrx_word' id='word_1_272' title='bbox 950 2380 1008 2433; x_wconf 82' lang='grc' dir='ltr'>δὲ</span> <span class='ocrx_word' id='word_1_273' title='bbox 1027 2380 1126 2452; x_wconf 78' lang='grc' dir='ltr'><strong>τὴν</strong></span> <span class='ocrx_word' id='word_1_274' title='bbox 1150 2378 1499 2450; x_wconf 82' lang='grc' dir='ltr'>εὐχαριστίαν</span> <span class='ocrx_word' id='word_1_275' title='bbox 1531 2377 1960 2448; x_wconf 80' lang='grc' dir='ltr'>ἐνδεικνυμένης,</span> 
     </span>
    </p>
   </div>
   <div class='ocr_carea' id='block_1_38' title="bbox 382 2471 1963 2546">
    <p class='ocr_par' dir='ltr' id='par_1_38' title="bbox 382 2471 1963 2546">
     <span class='ocr_line' id='line_1_38' title="bbox 382 2471 1963 2546; baseline 0 -23"><span class='ocrx_word' id='word_1_276' title='bbox 382 2472 615 2526; x_wconf 81' lang='grc' dir='ltr'>ἐνταῦθα</span> <span class='ocrx_word' id='word_1_277' title='bbox 663 2476 781 2526; x_wconf 85' lang='grc' dir='ltr'>κατ’</span> <span class='ocrx_word' id='word_1_278' title='bbox 815 2474 1131 2546; x_wconf 82' lang='grc' dir='ltr'>ἀμφοτέρας</span> <span class='ocrx_word' id='word_1_279' title='bbox 1166 2472 1263 2536; x_wconf 79' lang='grc' dir='ltr'>τὰς</span> <span class='ocrx_word' id='word_1_280' title='bbox 1294 2472 1500 2536; x_wconf 75' lang='grc' dir='ltr'>ἐννοίας</span> <span class='ocrx_word' id='word_1_281' title='bbox 1534 2473 1670 2544; x_wconf 75' lang='grc' dir='ltr'>πρὸς</span> <span class='ocrx_word' id='word_1_282' title='bbox 1704 2472 1793 2524; x_wconf 86' lang='grc' dir='ltr'><strong>τὸν</strong></span> <span class='ocrx_word' id='word_1_283' title='bbox 1843 2471 1963 2524; x_wconf 89' lang='grc' dir='ltr'>κατ’</span> 
     </span>
    </p>
   </div>
   <div class='ocr_carea' id='block_1_39' title="bbox 379 2563 1964 2639">
    <p class='ocr_par' dir='ltr' id='par_1_39' title="bbox 379 2563 1964 2639">
     <span class='ocr_line' id='line_1_39' title="bbox 379 2563 1964 2639; baseline -0.001 -23"><span class='ocrx_word' id='word_1_284' title='bbox 379 2565 584 2635; x_wconf 83' lang='grc' dir='ltr'>ἀρετὴν</span> <span class='ocrx_word' id='word_1_285' title='bbox 629 2564 742 2634; x_wconf 86' lang='grc' dir='ltr'>βίον</span> <span class='ocrx_word' id='word_1_286' title='bbox 771 2565 1276 2637; x_wconf 87' lang='grc' dir='ltr'>χειραγωγούμεθα·</span> <span class='ocrx_word' id='word_1_287' title='bbox 1307 2567 1342 2636; x_wconf 79' lang='grc' dir='ltr'>ἦ</span> <span class='ocrx_word' id='word_1_288' title='bbox 1393 2583 1451 2616; x_wconf 86' lang='grc' dir='ltr'><strong>τε</strong></span> <span class='ocrx_word' id='word_1_289' title='bbox 1479 2563 1587 2639; x_wconf 79' lang='grc' dir='ltr'>γὰρ</span> <span class='ocrx_word' id='word_1_290' title='bbox 1617 2564 1964 2634; x_wconf 81' lang='grc' dir='ltr'>ἐξαγόρευσις</span> 
     </span>
    </p>
   </div>
   <div class='ocr_carea' id='block_1_40' title="bbox 383 2652 1966 2728">
    <p class='ocr_par' dir='ltr' id='par_1_40' title="bbox 383 2652 1966 2728">
     <span class='ocr_line' id='line_1_40' title="bbox 383 2652 1966 2728; baseline 0.001 -23"><span class='ocrx_word' id='word_1_291' title='bbox 383 2655 659 2726; x_wconf 86' lang='grc' dir='ltr'>χωρισμόν</span> <span class='ocrx_word' id='word_1_292' title='bbox 686 2673 809 2709; x_wconf 84' lang='grc' dir='ltr'>τινα</span> <span class='ocrx_word' id='word_1_293' title='bbox 837 2658 930 2710; x_wconf 72' lang='grc' dir='ltr'>καὶ</span> <span class='ocrx_word' id='word_1_294' title='bbox 945 2657 1298 2728; x_wconf 77' lang='grc' dir='ltr'>ἀλλοτρίωσιν</span> <span class='ocrx_word' id='word_1_295' title='bbox 1321 2655 1434 2708; x_wconf 89' lang='grc' dir='ltr'><strong>τῶν</strong></span> <span class='ocrx_word' id='word_1_296' title='bbox 1457 2654 1642 2711; x_wconf 87' lang='grc' dir='ltr'>κακῶν</span> <span class='ocrx_word' id='word_1_297' title='bbox 1658 2652 1966 2726; x_wconf 81' lang='grc' dir='ltr'>ἀπεργάζε-</span> 
     </span>
    </p>
   </div>
   <div class='ocr_carea' id='block_1_41' title="bbox 383 2746 1962 2819">
    <p class='ocr_par' dir='ltr' id='par_1_41' title="bbox 383 2746 1962 2819">
     <span class='ocr_line' id='line_1_41' title="bbox 383 2746 1962 2819; baseline 0 -21"><span class='ocrx_word' id='word_1_298' title='bbox 383 2764 494 2808; x_wconf 86' lang='grc' dir='ltr'>ται,</span> <span class='ocrx_word' id='word_1_299' title='bbox 530 2747 589 2798; x_wconf 92' lang='grc' dir='ltr'><strong>τό</strong></span> <span class='ocrx_word' id='word_1_300' title='bbox 611 2763 669 2798; x_wconf 89' lang='grc' dir='ltr'><strong>τε</strong></span> <span class='ocrx_word' id='word_1_301' title='bbox 700 2747 836 2817; x_wconf 83' lang='grc' dir='ltr'>πρὸς</span> <span class='ocrx_word' id='word_1_302' title='bbox 869 2749 966 2819; x_wconf 81' lang='grc' dir='ltr'>τὴν</span> <span class='ocrx_word' id='word_1_303' title='bbox 985 2748 1336 2819; x_wconf 80' lang='grc' dir='ltr'>εὐχαριστίαν</span> <span class='ocrx_word' id='word_1_304' title='bbox 1359 2746 1636 2818; x_wconf 85' lang='grc' dir='ltr'>πρόθυμον</span> <span class='ocrx_word' id='word_1_305' title='bbox 1659 2746 1962 2810; x_wconf 82' lang='grc' dir='ltr'>πλεονάζει,</span> 
     </span>
    </p>
   </div>
   <div class='ocr_carea' id='block_1_42' title="bbox 383 2837 1965 2909">
    <p class='ocr_par' dir='ltr' id='par_1_42' title="bbox 383 2837 1965 2909">
     <span class='ocr_line' id='line_1_42' title="bbox 383 2837 1965 2909; baseline 0.001 -19"><span class='ocrx_word' id='word_1_306' title='bbox 383 2839 476 2891; x_wconf 75' lang='grc' dir='ltr'><strong>καὶ</strong></span> <span class='ocrx_word' id='word_1_307' title='bbox 491 2837 589 2909; x_wconf 83' lang='grc' dir='ltr'>τὴν</span> <span class='ocrx_word' id='word_1_308' title='bbox 617 2838 744 2909; x_wconf 78' lang='grc' dir='ltr'>περὶ</span> <span class='ocrx_word' id='word_1_309' title='bbox 772 2838 866 2891; x_wconf 92' lang='grc' dir='ltr'><strong>τοῦ</strong></span> <span class='ocrx_word' id='word_1_310' title='bbox 882 2841 1171 2908; x_wconf 86' lang='grc' dir='ltr'>εὐεργέτου</span> <span class='ocrx_word' id='word_1_311' title='bbox 1195 2839 1352 2909; x_wconf 87' lang='grc' dir='ltr'>χάριν</span> <span class='ocrx_word' id='word_1_312' title='bbox 1372 2839 1463 2890; x_wconf 82' lang='grc' dir='ltr'><strong>ἐπὶ</strong></span> <span class='ocrx_word' id='word_1_313' title='bbox 1487 2837 1594 2891; x_wconf 86' lang='grc' dir='ltr'><strong>τῶν</strong></span> <span class='ocrx_word' id='word_1_314' title='bbox 1629 2838 1965 2908; x_wconf 81' lang='grc' dir='ltr'>εὐαισθήτως</span> 
     </span>
    </p>
   </div>
   <div class='ocr_carea' id='block_1_43' title="bbox 379 2929 1965 3003">
    <p class='ocr_par' dir='ltr' id='par_1_43' title="bbox 379 2929 1965 3003">
     <span class='ocr_line' id='line_1_43' title="bbox 379 2929 1965 3003; baseline -0.001 -19"><span class='ocrx_word' id='word_1_315' title='bbox 379 2933 679 3002; x_wconf 84' lang='grc' dir='ltr'>δεχομένων</span> <span class='ocrx_word' id='word_1_316' title='bbox 695 2932 792 2995; x_wconf 79' lang='grc' dir='ltr'><strong>τὰς</strong></span> <span class='ocrx_word' id='word_1_317' title='bbox 808 2933 1071 2996; x_wconf 85' lang='grc' dir='ltr'>εὐποιίας.</span> <span class='ocrx_word' id='word_1_318' title='bbox 1102 2931 1543 3003; x_wconf 78' lang='grc' dir='ltr'>Παρακελεύεται</span> <span class='ocrx_word' id='word_1_319' title='bbox 1560 2930 1737 2982; x_wconf 91' lang='grc' dir='ltr'>τοίνυν</span> <span class='ocrx_word' id='word_1_320' title='bbox 1765 2931 1792 2982; x_wconf 89' lang='grc' dir='ltr'>ὁ</span> <span class='ocrx_word' id='word_1_321' title='bbox 1808 2929 1965 2998; x_wconf 86' lang='grc' dir='ltr'>λόγος</span> 
     </span>
    </p>
   </div>
   <div class='ocr_carea' id='block_1_44' title="bbox 379 3020 1965 3096">
    <p class='ocr_par' dir='ltr' id='par_1_44' title="bbox 379 3020 1965 3096">
     <span class='ocr_line' id='line_1_44' title="bbox 379 3020 1965 3096; baseline -0.001 -20"><span class='ocrx_word' id='word_1_322' title='bbox 379 3024 478 3094; x_wconf 85' lang='grc' dir='ltr'>τὴν</span> <span class='ocrx_word' id='word_1_323' title='bbox 516 3025 930 3096; x_wconf 86' lang='grc' dir='ltr'>εὐχαριστήριον</span> <span class='ocrx_word' id='word_1_324' title='bbox 959 3023 1232 3096; x_wconf 79' lang='grc' dir='ltr'>ὑμνῳδίαν</span> <span class='ocrx_word' id='word_1_325' title='bbox 1257 3022 1608 3094; x_wconf 82' lang='grc' dir='ltr'>προσφέρειν,</span> <span class='ocrx_word' id='word_1_326' title='bbox 1635 3021 1729 3074; x_wconf 75' lang='grc' dir='ltr'>καὶ</span> <span class='ocrx_word' id='word_1_327' title='bbox 1761 3020 1965 3091; x_wconf 73' lang='grc' dir='ltr'>διηγεῖ-</span> 
     </span>
    </p>
   </div>
   <div class='ocr_carea' id='block_1_45' title="bbox 385 3112 1961 3186">
    <p class='ocr_par' dir='ltr' id='par_1_45' title="bbox 385 3112 1961 3186">
     <span class='ocr_line' id='line_1_45' title="bbox 385 3112 1961 3186; baseline -0.004 -15"><span class='ocrx_word' id='word_1_328' title='bbox 385 3118 505 3171; x_wconf 86' lang='grc' dir='ltr'>σθαι</span> <span class='ocrx_word' id='word_1_329' title='bbox 557 3117 659 3181; x_wconf 87' lang='grc' dir='ltr'><strong>τάς</strong></span> <span class='ocrx_word' id='word_1_330' title='bbox 703 3117 850 3182; x_wconf 86' lang='grc' dir='ltr'>θείας</span> <span class='ocrx_word' id='word_1_331' title='bbox 901 3116 1240 3185; x_wconf 88' lang='grc' dir='ltr'>εὐεργεσίας.</span> <span class='ocrx_word' id='word_1_332' title='bbox 1299 3116 1372 3167; x_wconf 84' lang='grc' dir='ltr'>Τὸ</span> <span class='ocrx_word' id='word_1_333' title='bbox 1404 3115 1512 3186; x_wconf 89' lang='grc' dir='ltr'><strong>γάρ</strong></span> <span class='ocrx_word' id='word_1_334' title='bbox 1561 3112 1961 3176; x_wconf 69' lang='grc' dir='ltr'>ἐπικαλεῖσθε,</span> 
     </span>
    </p>
   </div>
   <div class='ocr_carea' id='block_1_46' title="bbox 383 3205 1967 3278">
    <p class='ocr_par' dir='ltr' id='par_1_46' title="bbox 383 3205 1967 3278">
     <span class='ocr_line' id='line_1_46' title="bbox 383 3205 1967 3278; baseline -0.004 -16"><span class='ocrx_word' id='word_1_335' title='bbox 383 3210 721 3278; x_wconf 83' lang='grc' dir='ltr'>κηρύσσετε</span> <span class='ocrx_word' id='word_1_336' title='bbox 765 3211 792 3262; x_wconf 87' lang='grc' dir='ltr'>ὁ</span> <span class='ocrx_word' id='word_1_337' title='bbox 826 3207 1121 3278; x_wconf 80' lang='grc' dir='ltr'>Σύμμαχος</span> <span class='ocrx_word' id='word_1_338' title='bbox 1164 3208 1528 3277; x_wconf 73' lang='grc' dir='ltr'>ήρμήνευσεψ</span> <span class='ocrx_word' id='word_1_339' title='bbox 1576 3205 1761 3276; x_wconf 74' lang='grc' dir='ltr'>ἕτερος</span> <span class='ocrx_word' id='word_1_340' title='bbox 1792 3205 1848 3257; x_wconf 83' lang='grc' dir='ltr'><strong>δὲ</strong></span> <span class='ocrx_word' id='word_1_341' title='bbox 1878 3207 1967 3276; x_wconf 86' lang='grc' dir='ltr'>ἐρ-</span> 
     </span>
    </p>
   </div>
   <div class='ocr_carea' id='block_1_47' title="bbox 386 3298 1961 3372">
    <p class='ocr_par' dir='ltr' id='par_1_47' title="bbox 386 3298 1961 3372">
     <span class='ocr_line' id='line_1_47' title="bbox 386 3298 1961 3372; baseline 0 -20"><span class='ocrx_word' id='word_1_342' title='bbox 386 3301 656 3372; x_wconf 83' lang='grc' dir='ltr'>μηνευτής</span> <span class='ocrx_word' id='word_1_343' title='bbox 687 3318 840 3370; x_wconf 86' lang='grc' dir='ltr'>φησι,</span> <span class='ocrx_word' id='word_1_344' title='bbox 868 3300 976 3353; x_wconf 80' lang='grc' dir='ltr'><strong>Καὶ</strong></span> <span class='ocrx_word' id='word_1_345' title='bbox 1005 3299 1382 3354; x_wconf 74' lang='grc' dir='ltr'>ἐπικαλεῖσθε</span> <span class='ocrx_word' id='word_1_346' title='bbox 1406 3299 1472 3352; x_wconf 68' lang='grc' dir='ltr'><strong>ἐν</strong></span> <span class='ocrx_word' id='word_1_347' title='bbox 1486 3300 1727 3368; x_wconf 72' lang='grc' dir='ltr'>ὀνόματι</span> <span class='ocrx_word' id='word_1_348' title='bbox 1755 3298 1961 3352; x_wconf 83' lang='grc' dir='ltr'>αὐτοῦ’</span> 
     </span>
    </p>
   </div>
   <div class='ocr_carea' id='block_1_48' title="bbox 387 3389 1963 3463">
    <p class='ocr_par' dir='ltr' id='par_1_48' title="bbox 387 3389 1963 3463">
     <span class='ocr_line' id='line_1_48' title="bbox 387 3389 1963 3463; baseline -0.003 -17"><span class='ocrx_word' id='word_1_349' title='bbox 387 3393 529 3463; x_wconf 90' lang='grc' dir='ltr'>μέγα</span> <span class='ocrx_word' id='word_1_350' title='bbox 558 3410 609 3445; x_wconf 86' lang='grc' dir='ltr'><strong>τι</strong></span> <span class='ocrx_word' id='word_1_351' title='bbox 639 3393 1027 3462; x_wconf 81' lang='grc' dir='ltr'>αἰνιττόμενος.</span> <span class='ocrx_word' id='word_1_352' title='bbox 1062 3391 1159 3444; x_wconf 78' lang='grc' dir='ltr'>Ἂν</span> <span class='ocrx_word' id='word_1_353' title='bbox 1209 3389 1318 3462; x_wconf 79' lang='grc' dir='ltr'>γὰρ</span> <span class='ocrx_word' id='word_1_354' title='bbox 1358 3391 1750 3462; x_wconf 80' lang='grc' dir='ltr'>ἐξομολογήσῃ,</span> <span class='ocrx_word' id='word_1_355' title='bbox 1808 3391 1963 3460; x_wconf 80' lang='grc' dir='ltr'>φησὶ,</span> 
     </span>
    </p>
   </div>
   <div class='ocr_carea' id='block_1_49' title="bbox 383 3458 2037 3556">
    <p class='ocr_par' dir='ltr' id='par_1_49' title="bbox 383 3458 2037 3556">
     <span class='ocr_line' id='line_1_49' title="bbox 383 3458 2037 3556; baseline -0.004 -17"><span class='ocrx_word' id='word_1_356' title='bbox 383 3458 480 3539; x_wconf 65' lang='grc' dir='ltr'><strong>καί</strong></span> <span class='ocrx_word' id='word_1_357' title='bbox 497 3483 706 3554; x_wconf 87' lang='grc' dir='ltr'>ἀποθῇς</span> <span class='ocrx_word' id='word_1_358' title='bbox 732 3484 798 3536; x_wconf 84' lang='grc' dir='ltr'><strong>τά</strong></span> <span class='ocrx_word' id='word_1_359' title='bbox 825 3458 1465 3556; x_wconf 38' lang='grc' dir='ltr'>ἀμαρτήματαξδυνήσῃ,</span> <span class='ocrx_word' id='word_1_360' title='bbox 1496 3458 1964 3554; x_wconf 21' lang='grc' dir='ltr'>μετάτπαῤῥησίας</span> <span class='ocrx_word' id='word_1_361' title='bbox 1993 3458 2037 3516; x_wconf 73' lang='lat' dir='ltr'><strong>C</strong></span> 
     </span>
    </p>
   </div>
   <div class='ocr_carea' id='block_1_50' title="bbox 377 3573 1959 3648">
    <p class='ocr_par' dir='ltr' id='par_1_50' title="bbox 377 3573 1959 3648">
     <span class='ocr_line' id='line_1_50' title="bbox 377 3573 1959 3648; baseline -0.002 -17"><span class='ocrx_word' id='word_1_362' title='bbox 377 3579 441 3631; x_wconf 74' lang='grc' dir='ltr'>τὸ</span> <span class='ocrx_word' id='word_1_363' title='bbox 454 3579 623 3648; x_wconf 79' lang='grc' dir='ltr'>ὄνομα</span> <span class='ocrx_word' id='word_1_364' title='bbox 656 3575 818 3630; x_wconf 86' lang='grc' dir='ltr'>αὐτοῦ</span> <span class='ocrx_word' id='word_1_365' title='bbox 850 3575 1108 3639; x_wconf 82' lang='grc' dir='ltr'>καλέσας,</span> <span class='ocrx_word' id='word_1_366' title='bbox 1151 3575 1362 3646; x_wconf 86' lang='grc' dir='ltr'>μεγάλα</span> <span class='ocrx_word' id='word_1_367' title='bbox 1399 3574 1735 3645; x_wconf 88' lang='grc' dir='ltr'>ἐργάσασθαι</span> <span class='ocrx_word' id='word_1_368' title='bbox 1761 3573 1959 3641; x_wconf 85' lang='grc' dir='ltr'>ἀγαθά.</span> 
     </span>
    </p>
   </div>
   <div class='ocr_carea' id='block_1_51' title="bbox 379 3664 1962 3740">
    <p class='ocr_par' dir='ltr' id='par_1_51' title="bbox 379 3664 1962 3740">
     <span class='ocr_line' id='line_1_51' title="bbox 379 3664 1962 3740; baseline -0.004 -18"><span class='ocrx_word' id='word_1_369' title='bbox 379 3671 457 3722; x_wconf 92' lang='grc' dir='ltr'>Οὐ</span> <span class='ocrx_word' id='word_1_370' title='bbox 487 3669 660 3740; x_wconf 84' lang='grc' dir='ltr'>μάτην</span> <span class='ocrx_word' id='word_1_371' title='bbox 688 3667 743 3719; x_wconf 81' lang='grc' dir='ltr'><strong>δέ</strong></span> <span class='ocrx_word' id='word_1_372' title='bbox 771 3666 1204 3736; x_wconf 81' lang='grc' dir='ltr'>ἐξομολογεῖσθαι</span> <span class='ocrx_word' id='word_1_373' title='bbox 1253 3667 1537 3737; x_wconf 83' lang='grc' dir='ltr'>πρότερον,</span> <span class='ocrx_word' id='word_1_374' title='bbox 1575 3666 1670 3718; x_wconf 75' lang='grc' dir='ltr'>καὶ</span> <span class='ocrx_word' id='word_1_375' title='bbox 1711 3664 1962 3735; x_wconf 90' lang='grc' dir='ltr'>δεύτερον</span> 
     </span>
    </p>
   </div>
   <div class='ocr_carea' id='block_1_52' title="bbox 377 3754 1962 3830">
    <p class='ocr_par' dir='ltr' id='par_1_52' title="bbox 377 3754 1962 3830">
     <span class='ocr_line' id='line_1_52' title="bbox 377 3754 1962 3830; baseline -0.007 -15"><span class='ocrx_word' id='word_1_376' title='bbox 377 3759 1035 3830; x_wconf 82' lang='grc' dir='ltr'>ἐπικαλεῖσθαιβούλεται·</span> <span class='ocrx_word' id='word_1_377' title='bbox 1073 3757 1187 3810; x_wconf 85' lang='grc' dir='ltr'>ἀλλ’</span> <span class='ocrx_word' id='word_1_378' title='bbox 1218 3756 1325 3820; x_wconf 86' lang='grc' dir='ltr'>ἵνα,</span> <span class='ocrx_word' id='word_1_379' title='bbox 1365 3755 1595 3825; x_wconf 75' lang='grc' dir='ltr'>καθαροὶ</span> <span class='ocrx_word' id='word_1_380' title='bbox 1629 3754 1718 3807; x_wconf 75' lang='grc' dir='ltr'>διὰ</span> <span class='ocrx_word' id='word_1_381' title='bbox 1748 3754 1847 3823; x_wconf 78' lang='grc' dir='ltr'><strong>τῆς</strong></span> <span class='ocrx_word' id='word_1_382' title='bbox 1878 3755 1962 3820; x_wconf 61' lang='grc' dir='ltr'><strong>ἐξ-</strong></span> 
     </span>
    </p>
   </div>
   <div class='ocr_carea' id='block_1_53' title="bbox 2073 2189 3647 2268">
    <p class='ocr_par' dir='ltr' id='par_1_53' title="bbox 2073 2189 3647 2268">
     <span class='ocr_line' id='line_1_53' title="bbox 2073 2189 3647 2268; baseline 0.003 -25"><span class='ocrx_word' id='word_1_383' title='bbox 2073 2189 2354 2259; x_wconf 84' lang='lat' dir='ltr'><strong>Scriptura</strong></span> <span class='ocrx_word' id='word_1_384' title='bbox 2409 2191 2581 2243; x_wconf 86' lang='lat' dir='ltr'><strong>soleat</strong></span> <span class='ocrx_word' id='word_1_385' title='bbox 2632 2190 2834 2260; x_wconf 86' lang='lat' dir='ltr'><strong>duplici</strong></span> <span class='ocrx_word' id='word_1_386' title='bbox 2869 2208 3033 2247; x_wconf 87' lang='lat' dir='ltr'><strong>sensu</strong></span> <span class='ocrx_word' id='word_1_387' title='bbox 3077 2190 3478 2248; x_wconf 79' lang='lat' dir='ltr'><strong>confessionem</strong></span> <span class='ocrx_word' id='word_1_388' title='bbox 3518 2209 3647 2268; x_wconf 69' lang='lat' dir='ltr'><strong>pro-</strong></span> 
     </span>
    </p>
   </div>
   <div class='ocr_carea' id='block_1_54' title="bbox 2071 2281 3648 2355">
    <p class='ocr_par' dir='ltr' id='par_1_54' title="bbox 2071 2281 3648 2355">
     <span class='ocr_line' id='line_1_54' title="bbox 2071 2281 3648 2355; baseline 0.005 -20"><span class='ocrx_word' id='word_1_389' title='bbox 2071 2281 2234 2348; x_wconf 87' lang='lat' dir='ltr'><strong>ferre,</strong></span> <span class='ocrx_word' id='word_1_390' title='bbox 2280 2297 2345 2337; x_wconf 92' lang='lat' dir='ltr'><strong>ac</strong></span> <span class='ocrx_word' id='word_1_391' title='bbox 2398 2283 2560 2337; x_wconf 90' lang='lat' dir='ltr'><strong>modo</strong></span> <span class='ocrx_word' id='word_1_392' title='bbox 2592 2283 2694 2338; x_wconf 89' lang='lat' dir='ltr'><strong>hac</strong></span> <span class='ocrx_word' id='word_1_393' title='bbox 2733 2300 2866 2340; x_wconf 89' lang='lat' dir='ltr'><strong>voce</strong></span> <span class='ocrx_word' id='word_1_394' title='bbox 2898 2294 3248 2355; x_wconf 83' lang='lat' dir='ltr'><strong>peccatorum</strong></span> <span class='ocrx_word' id='word_1_395' title='bbox 3280 2287 3648 2343; x_wconf 86' lang='lat' dir='ltr'><strong>denuntiatio-</strong></span> 
     </span>
    </p>
   </div>
   <div class='ocr_carea' id='block_1_55' title="bbox 2070 2372 3646 2450">
    <p class='ocr_par' dir='ltr' id='par_1_55' title="bbox 2070 2372 3646 2450">
     <span class='ocr_line' id='line_1_55' title="bbox 2070 2372 3646 2450; baseline 0.007 -23"><span class='ocrx_word' id='word_1_396' title='bbox 2070 2388 2215 2440; x_wconf 88' lang='lat' dir='ltr'><strong>nem,</strong></span> <span class='ocrx_word' id='word_1_397' title='bbox 2251 2372 2414 2428; x_wconf 89' lang='lat' dir='ltr'><strong>modo</strong></span> <span class='ocrx_word' id='word_1_398' title='bbox 2447 2377 2746 2446; x_wconf 82' lang='lat' dir='ltr'><strong>gratiarum</strong></span> <span class='ocrx_word' id='word_1_399' title='bbox 2782 2379 3050 2434; x_wconf 87' lang='lat' dir='ltr'><strong>actionem</strong></span> <span class='ocrx_word' id='word_1_400' title='bbox 3095 2381 3397 2450; x_wconf 83' lang='lat' dir='ltr'><strong>significet;</strong></span> <span class='ocrx_word' id='word_1_401' title='bbox 3430 2381 3517 2435; x_wconf 89' lang='lat' dir='ltr'><strong>hic</strong></span> <span class='ocrx_word' id='word_1_402' title='bbox 3551 2399 3646 2438; x_wconf 89' lang='lat' dir='ltr'><strong>se-</strong></span> 
     </span>
    </p>
   </div>
   <div class='ocr_carea' id='block_1_56' title="bbox 2069 2465 3647 2537">
    <p class='ocr_par' dir='ltr' id='par_1_56' title="bbox 2069 2465 3647 2537">
     <span class='ocr_line' id='line_1_56' title="bbox 2069 2465 3647 2537; baseline 0.006 -17"><span class='ocrx_word' id='word_1_403' title='bbox 2069 2465 2306 2520; x_wconf 89' lang='lat' dir='ltr'><strong>cundum</strong></span> <span class='ocrx_word' id='word_1_404' title='bbox 2334 2475 2622 2537; x_wconf 89' lang='lat' dir='ltr'><strong>utramque</strong></span> <span class='ocrx_word' id='word_1_405' title='bbox 2652 2471 2942 2535; x_wconf 85' lang='lat' dir='ltr'><strong>rationem,</strong></span> <span class='ocrx_word' id='word_1_406' title='bbox 2977 2471 3043 2527; x_wconf 85' lang='lat' dir='ltr'><strong>ad</strong></span> <span class='ocrx_word' id='word_1_407' title='bbox 3084 2472 3249 2526; x_wconf 86' lang='lat' dir='ltr'><strong>vitam</strong></span> <span class='ocrx_word' id='word_1_408' title='bbox 3283 2489 3408 2528; x_wconf 91' lang='lat' dir='ltr'><strong>cum</strong></span> <span class='ocrx_word' id='word_1_409' title='bbox 3443 2475 3647 2530; x_wconf 87' lang='lat' dir='ltr'><strong>virtute</strong></span> 
     </span>
    </p>
   </div>
   <div class='ocr_carea' id='block_1_57' title="bbox 2070 2556 3648 2627">
    <p class='ocr_par' dir='ltr' id='par_1_57' title="bbox 2070 2556 3648 2627">
     <span class='ocr_line' id='line_1_57' title="bbox 2070 2556 3648 2627; baseline 0.008 -19"><span class='ocrx_word' id='word_1_410' title='bbox 2070 2556 2331 2627; x_wconf 84' lang='lat' dir='ltr'><strong>agendam</strong></span> <span class='ocrx_word' id='word_1_411' title='bbox 2364 2556 2718 2612; x_wconf 90' lang='lat' dir='ltr'><strong>instituimur.</strong></span> <span class='ocrx_word' id='word_1_412' title='bbox 2751 2558 2886 2614; x_wconf 88' lang='lat' dir='ltr'><strong>Nam</strong></span> <span class='ocrx_word' id='word_1_413' title='bbox 2931 2560 3256 2616; x_wconf 85' lang='lat' dir='ltr'><strong>confessio&#39;a</strong></span> <span class='ocrx_word' id='word_1_414' title='bbox 3287 2563 3445 2618; x_wconf 91' lang='lat' dir='ltr'><strong>malis</strong></span> <span class='ocrx_word' id='word_1_415' title='bbox 3467 2563 3648 2620; x_wconf 85' lang='lat' dir='ltr'><strong>homi-</strong></span> 
     </span>
    </p>
   </div>
   <div class='ocr_carea' id='block_1_58' title="bbox 2069 2651 3644 2727">
    <p class='ocr_par' dir='ltr' id='par_1_58' title="bbox 2069 2651 3644 2727">
     <span class='ocr_line' id='line_1_58' title="bbox 2069 2651 3644 2727; baseline 0.006 -25"><span class='ocrx_word' id='word_1_416' title='bbox 2069 2664 2194 2702; x_wconf 88' lang='lat' dir='ltr'><strong>nem</strong></span> <span class='ocrx_word' id='word_1_417' title='bbox 2225 2657 2466 2704; x_wconf 90' lang='lat' dir='ltr'><strong>semovet</strong></span> <span class='ocrx_word' id='word_1_418' title='bbox 2519 2659 2572 2704; x_wconf 87' lang='lat' dir='ltr'><strong>et</strong></span> <span class='ocrx_word' id='word_1_419' title='bbox 2605 2651 2670 2705; x_wconf 89' lang='lat' dir='ltr'><strong>iis</strong></span> <span class='ocrx_word' id='word_1_420' title='bbox 2703 2652 2939 2707; x_wconf 90' lang='lat' dir='ltr'><strong>alienum</strong></span> <span class='ocrx_word' id='word_1_421' title='bbox 2969 2652 3129 2708; x_wconf 80' lang='lat' dir='ltr'><strong>elﬁcit</strong></span> <span class='ocrx_word' id='word_1_422' title='bbox 3157 2674 3169 2708; x_wconf 93' lang='lat'><strong>:</strong></span> <span class='ocrx_word' id='word_1_423' title='bbox 3217 2655 3516 2727; x_wconf 79' lang='lat' dir='ltr'><strong>gratiarum</strong></span> <span class='ocrx_word' id='word_1_424' title='bbox 3547 2672 3644 2711; x_wconf 90' lang='lat' dir='ltr'><strong>au-</strong></span> 
     </span>
    </p>
   </div>
   <div class='ocr_carea' id='block_1_59' title="bbox 2073 2741 3643 2818">
    <p class='ocr_par' dir='ltr' id='par_1_59' title="bbox 2073 2741 3643 2818">
     <span class='ocr_line' id='line_1_59' title="bbox 2073 2741 3643 2818; baseline 0.006 -26"><span class='ocrx_word' id='word_1_425' title='bbox 2073 2747 2179 2793; x_wconf 91' lang='lat' dir='ltr'><strong>tem</strong></span> <span class='ocrx_word' id='word_1_426' title='bbox 2222 2741 2451 2794; x_wconf 83' lang='lat' dir='ltr'><strong>actionis</strong></span> <span class='ocrx_word' id='word_1_427' title='bbox 2513 2741 2751 2796; x_wconf 88' lang='lat' dir='ltr'><strong>studium</strong></span> <span class='ocrx_word' id='word_1_428' title='bbox 2794 2745 2955 2814; x_wconf 75' lang='lat' dir='ltr'><strong>apud‘</strong></span> <span class='ocrx_word' id='word_1_429' title='bbox 2981 2744 3280 2801; x_wconf 86' lang='lat' dir='ltr'><strong>beneﬁcum</strong></span> <span class='ocrx_word' id='word_1_430' title='bbox 3324 2756 3483 2818; x_wconf 89' lang='lat' dir='ltr'><strong>auget</strong></span> <span class='ocrx_word' id='word_1_431' title='bbox 3516 2763 3643 2818; x_wconf 89' lang='lat' dir='ltr'><strong>gra-</strong></span> 
     </span>
    </p>
   </div>
   <div class='ocr_carea' id='block_1_60' title="bbox 2070 2831 3638 2906">
    <p class='ocr_par' dir='ltr' id='par_1_60' title="bbox 2070 2831 3638 2906">
     <span class='ocr_line' id='line_1_60' title="bbox 2070 2831 3638 2906; baseline 0.008 -22"><span class='ocrx_word' id='word_1_432' title='bbox 2070 2831 2201 2885; x_wconf 87' lang='lat' dir='ltr'><strong>tiam</strong></span> <span class='ocrx_word' id='word_1_433' title='bbox 2233 2849 2358 2903; x_wconf 87' lang='lat' dir='ltr'><strong>erga</strong></span> <span class='ocrx_word' id='word_1_434' title='bbox 2389 2849 2485 2888; x_wconf 92' lang='lat' dir='ltr'><strong>eos</strong></span> <span class='ocrx_word' id='word_1_435' title='bbox 2515 2836 2608 2904; x_wconf 87' lang='lat' dir='ltr'><strong>qui</strong></span> <span class='ocrx_word' id='word_1_436' title='bbox 2635 2844 2790 2906; x_wconf 86' lang='lat' dir='ltr'><strong>grato</strong></span> <span class='ocrx_word' id='word_1_437' title='bbox 2821 2837 3002 2890; x_wconf 90' lang='lat' dir='ltr'><strong>animo</strong></span> <span class='ocrx_word' id='word_1_438' title='bbox 3024 2837 3284 2895; x_wconf 87' lang='lat' dir='ltr'><strong>beneﬁcia</strong></span> <span class='ocrx_word' id='word_1_439' title='bbox 3317 2841 3462 2895; x_wconf 84' lang='lat' dir='ltr'><strong>nacti</strong></span> <span class='ocrx_word' id='word_1_440' title='bbox 3492 2848 3638 2897; x_wconf 92' lang='lat' dir='ltr'><strong>sunt.</strong></span> 
     </span>
    </p>
   </div>
   <div class='ocr_carea' id='block_1_61' title="bbox 2072 2920 3643 3001">
    <p class='ocr_par' dir='ltr' id='par_1_61' title="bbox 2072 2920 3643 3001">
     <span class='ocr_line' id='line_1_61' title="bbox 2072 2920 3643 3001; baseline 0.006 -26"><span class='ocrx_word' id='word_1_441' title='bbox 2072 2920 2332 2977; x_wconf 84' lang='lat' dir='ltr'><strong>Hortatur</strong></span> <span class='ocrx_word' id='word_1_442' title='bbox 2365 2925 2546 2995; x_wconf 89' lang='lat' dir='ltr'><strong>itaque</strong></span> <span class='ocrx_word' id='word_1_443' title='bbox 2568 2943 2748 2981; x_wconf 87' lang='lat' dir='ltr'><strong>sermo</strong></span> <span class='ocrx_word' id='word_1_444' title='bbox 2781 2929 2847 2982; x_wconf 87' lang='lat' dir='ltr'><strong>ad</strong></span> <span class='ocrx_word' id='word_1_445' title='bbox 2884 2929 3113 3000; x_wconf 82' lang='lat' dir='ltr'><strong>hymnos</strong></span> <span class='ocrx_word' id='word_1_446' title='bbox 3142 2931 3438 3001; x_wconf 81' lang='lat' dir='ltr'><strong>gratiarum</strong></span> <span class='ocrx_word' id='word_1_447' title='bbox 3472 2932 3643 2986; x_wconf 85' lang='lat' dir='ltr'><strong>actio-</strong></span> 
     </span>
    </p>
   </div>
   <div class='ocr_carea' id='block_1_62' title="bbox 2071 3017 3644 3081">
    <p class='ocr_par' dir='ltr' id='par_1_62' title="bbox 2071 3017 3644 3081">
     <span class='ocr_line' id='line_1_62' title="bbox 2071 3017 3644 3081; baseline 0.006 -11"><span class='ocrx_word' id='word_1_448' title='bbox 2071 3017 2157 3071; x_wconf 90' lang='lat' dir='ltr'><strong>nis</strong></span> <span class='ocrx_word' id='word_1_449' title='bbox 2179 3017 2503 3081; x_wconf 84' lang='lat' dir='ltr'><strong>ell‘erendos,</strong></span> <span class='ocrx_word' id='word_1_450' title='bbox 2530 3028 2584 3074; x_wconf 91' lang='lat' dir='ltr'><strong>et</strong></span> <span class='ocrx_word' id='word_1_451' title='bbox 2605 3021 2670 3075; x_wconf 90' lang='lat' dir='ltr'><strong>ad</strong></span> <span class='ocrx_word' id='word_1_452' title='bbox 2696 3020 2879 3075; x_wconf 85' lang='lat' dir='ltr'><strong>divina</strong></span> <span class='ocrx_word' id='word_1_453' title='bbox 2904 3023 3162 3077; x_wconf 87' lang='lat' dir='ltr'><strong>beneﬁcia</strong></span> <span class='ocrx_word' id='word_1_454' title='bbox 3195 3026 3485 3078; x_wconf 88' lang='lat' dir='ltr'><strong>narranda.</strong></span> <span class='ocrx_word' id='word_1_455' title='bbox 3508 3024 3644 3079; x_wconf 86' lang='lat' dir='ltr'><strong>Nam</strong></span> 
     </span>
    </p>
   </div>
   <div class='ocr_carea' id='block_1_63' title="bbox 2071 3105 3645 3180">
    <p class='ocr_par' dir='ltr' id='par_1_63' title="bbox 2071 3105 3645 3180">
     <span class='ocr_line' id='line_1_63' title="bbox 2071 3105 3645 3180; baseline 0.006 -22"><span class='ocrx_word' id='word_1_456' title='bbox 2071 3105 2226 3169; x_wconf 89' lang='lat' dir='ltr'><strong>illud,</strong></span> <span class='ocrx_word' id='word_1_457' title='bbox 2257 3107 2510 3172; x_wconf 75' lang='lat' dir='ltr'><strong>invocata,</strong></span> <span class='ocrx_word' id='word_1_458' title='bbox 2543 3108 2925 3180; x_wconf 88' lang='lat' dir='ltr'><strong>Symmachus,</strong></span> <span class='ocrx_word' id='word_1_459' title='bbox 2959 3112 3243 3179; x_wconf 77' lang='lat' dir='ltr'><strong>prwdicale</strong></span> <span class='ocrx_word' id='word_1_460' title='bbox 3276 3114 3436 3166; x_wconf 88' lang='lat' dir='ltr'><strong>vertit</strong></span> <span class='ocrx_word' id='word_1_461' title='bbox 3463 3133 3474 3167; x_wconf 95' lang='lat'>:</span> <span class='ocrx_word' id='word_1_462' title='bbox 3505 3113 3645 3168; x_wconf 86' lang='lat' dir='ltr'><strong>alius</strong></span> 
     </span>
    </p>
   </div>
   <div class='ocr_carea' id='block_1_64' title="bbox 2072 3200 3642 3276">
    <p class='ocr_par' dir='ltr' id='par_1_64' title="bbox 2072 3200 3642 3276">
     <span class='ocr_line' id='line_1_64' title="bbox 2072 3200 3642 3276; baseline 0.005 -25"><span class='ocrx_word' id='word_1_463' title='bbox 2072 3209 2249 3252; x_wconf 86' lang='lat' dir='ltr'><strong>autem</strong></span> <span class='ocrx_word' id='word_1_464' title='bbox 2290 3200 2557 3269; x_wconf 83' lang='lat' dir='ltr'><strong>interpres</strong></span> <span class='ocrx_word' id='word_1_465' title='bbox 2608 3202 2702 3263; x_wconf 89' lang='lat' dir='ltr'><strong>ait,</strong></span> <span class='ocrx_word' id='word_1_466' title='bbox 2757 3201 2820 3254; x_wconf 83' lang='lat' dir='ltr'><strong>Et</strong></span> <span class='ocrx_word' id='word_1_467' title='bbox 2868 3202 3099 3256; x_wconf 82' lang='lat' dir='ltr'><strong>invocate</strong></span> <span class='ocrx_word' id='word_1_468' title='bbox 3145 3205 3200 3257; x_wconf 81' lang='lat' dir='ltr'><strong>in</strong></span> <span class='ocrx_word' id='word_1_469' title='bbox 3242 3206 3450 3259; x_wconf 83' lang='lat' dir='ltr'><strong>nomine</strong></span> <span class='ocrx_word' id='word_1_470' title='bbox 3492 3206 3642 3276; x_wconf 80' lang='lat' dir='ltr'><strong>ejus;</strong></span> 
     </span>
    </p>
   </div>
   <div class='ocr_carea' id='block_1_65' title="bbox 2073 3294 3645 3364">
    <p class='ocr_par' dir='ltr' id='par_1_65' title="bbox 2073 3294 3645 3364">
     <span class='ocr_line' id='line_1_65' title="bbox 2073 3294 3645 3364; baseline 0.006 -20"><span class='ocrx_word' id='word_1_471' title='bbox 2073 3307 2326 3362; x_wconf 89' lang='lat' dir='ltr'><strong>magnum</strong></span> <span class='ocrx_word' id='word_1_472' title='bbox 2360 3294 2636 3364; x_wconf 86' lang='lat' dir='ltr'><strong>quidpiam</strong></span> <span class='ocrx_word' id='word_1_473' title='bbox 2691 3295 3069 3350; x_wconf 82' lang='lat' dir='ltr'><strong>subindicans.</strong></span> <span class='ocrx_word' id='word_1_474' title='bbox 3111 3297 3177 3350; x_wconf 82' lang='lat' dir='ltr'><strong>At</strong></span> <span class='ocrx_word' id='word_1_475' title='bbox 3215 3299 3359 3352; x_wconf 91' lang='lat' dir='ltr'><strong>enim</strong></span> <span class='ocrx_word' id='word_1_476' title='bbox 3409 3300 3455 3354; x_wconf 91' lang='lat' dir='ltr'><strong>si</strong></span> <span class='ocrx_word' id='word_1_477' title='bbox 3513 3316 3645 3354; x_wconf 87' lang='lat' dir='ltr'><strong>con-</strong></span> 
     </span>
    </p>
   </div>
   <div class='ocr_carea' id='block_1_66' title="bbox 2074 3383 3644 3460">
    <p class='ocr_par' dir='ltr' id='par_1_66' title="bbox 2074 3383 3644 3460">
     <span class='ocr_line' id='line_1_66' title="bbox 2074 3383 3644 3460; baseline 0.008 -24"><span class='ocrx_word' id='word_1_478' title='bbox 2074 3383 2253 3439; x_wconf 89' lang='lat' dir='ltr'><strong>fessus</strong></span> <span class='ocrx_word' id='word_1_479' title='bbox 2289 3385 2489 3450; x_wconf 84' lang='lat' dir='ltr'><strong>fueris,</strong></span> <span class='ocrx_word' id='word_1_480' title='bbox 2547 3387 2655 3451; x_wconf 92' lang='lat' dir='ltr'><strong>ait,</strong></span> <span class='ocrx_word' id='word_1_481' title='bbox 2703 3394 2757 3442; x_wconf 89' lang='lat' dir='ltr'><strong>et</strong></span> <span class='ocrx_word' id='word_1_482' title='bbox 2793 3399 3012 3456; x_wconf 89' lang='lat' dir='ltr'><strong>peccata</strong></span> <span class='ocrx_word' id='word_1_483' title='bbox 3043 3389 3396 3460; x_wconf 88' lang='lat' dir='ltr'><strong>deposueris,</strong></span> <span class='ocrx_word' id='word_1_484' title='bbox 3443 3408 3644 3448; x_wconf 82' lang='lat' dir='ltr'><strong>nomen</strong></span> 
     </span>
    </p>
   </div>
   <div class='ocr_carea' id='block_1_67' title="bbox 2069 3477 3643 3553">
    <p class='ocr_par' dir='ltr' id='par_1_67' title="bbox 2069 3477 3643 3553">
     <span class='ocr_line' id='line_1_67' title="bbox 2069 3477 3643 3553; baseline 0.006 -24"><span class='ocrx_word' id='word_1_485' title='bbox 2069 3477 2188 3546; x_wconf 89' lang='lat' dir='ltr'><strong>ejus</strong></span> <span class='ocrx_word' id='word_1_486' title='bbox 2245 3493 2369 3532; x_wconf 91' lang='lat' dir='ltr'><strong>cum</strong></span> <span class='ocrx_word' id='word_1_487' title='bbox 2431 3477 2628 3533; x_wconf 87' lang='lat' dir='ltr'><strong>ﬁducia</strong></span> <span class='ocrx_word' id='word_1_488' title='bbox 2673 3478 2979 3533; x_wconf 77' lang='lat' dir='ltr'><strong>invocanda</strong></span> <span class='ocrx_word' id='word_1_489' title='bbox 3021 3497 3218 3551; x_wconf 84' lang='lat' dir='ltr'><strong>magna</strong></span> <span class='ocrx_word' id='word_1_490' title='bbox 3269 3483 3430 3537; x_wconf 90' lang='lat' dir='ltr'><strong>edere</strong></span> <span class='ocrx_word' id='word_1_491' title='bbox 3479 3498 3643 3553; x_wconf 86' lang='lat' dir='ltr'><strong>opera</strong></span> 
     </span>
    </p>
   </div>
   <div class='ocr_carea' id='block_1_68' title="bbox 2069 3568 3642 3646">
    <p class='ocr_par' dir='ltr' id='par_1_68' title="bbox 2069 3568 3642 3646">
     <span class='ocr_line' id='line_1_68' title="bbox 2069 3568 3642 3646; baseline 0.005 -24"><span class='ocrx_word' id='word_1_492' title='bbox 2069 3568 2297 3624; x_wconf 84' lang='lat' dir='ltr'><strong>valebis.</strong></span> <span class='ocrx_word' id='word_1_493' title='bbox 2333 3568 2519 3638; x_wconf 84' lang='lat' dir='ltr'><strong>Neque</strong></span> <span class='ocrx_word' id='word_1_494' title='bbox 2549 3570 2669 3625; x_wconf 89' lang='lat' dir='ltr'><strong>sine</strong></span> <span class='ocrx_word' id='word_1_495' title='bbox 2699 3585 2862 3624; x_wconf 89' lang='lat' dir='ltr'><strong>causa</strong></span> <span class='ocrx_word' id='word_1_496' title='bbox 2910 3572 3086 3639; x_wconf 88' lang='lat' dir='ltr'><strong>primo</strong></span> <span class='ocrx_word' id='word_1_497' title='bbox 3132 3575 3414 3640; x_wconf 87' lang='lat' dir='ltr'><strong>confiteri,</strong></span> <span class='ocrx_word' id='word_1_498' title='bbox 3452 3583 3642 3646; x_wconf 86' lang='lat' dir='ltr'><strong>postea</strong></span> 
     </span>
    </p>
   </div>
   <div class='ocr_carea' id='block_1_69' title="bbox 2069 3659 3639 3738">
    <p class='ocr_par' dir='ltr' id='par_1_69' title="bbox 2069 3659 3639 3738">
     <span class='ocr_line' id='line_1_69' title="bbox 2069 3659 3639 3738; baseline 0.006 -26"><span class='ocrx_word' id='word_1_499' title='bbox 2069 3659 2326 3718; x_wconf 86' lang='lat' dir='ltr'><strong>invocare</strong></span> <span class='ocrx_word' id='word_1_500' title='bbox 2353 3668 2605 3729; x_wconf 81' lang='lat' dir='ltr'><strong>exoptat;</strong></span> <span class='ocrx_word' id='word_1_501' title='bbox 2633 3660 2727 3714; x_wconf 90' lang='lat' dir='ltr'><strong>sed</strong></span> <span class='ocrx_word' id='word_1_502' title='bbox 2761 3670 2817 3714; x_wconf 93' lang='lat' dir='ltr'><strong>ut</strong></span> <span class='ocrx_word' id='word_1_503' title='bbox 2849 3678 2944 3730; x_wconf 91' lang='lat' dir='ltr'><strong>per</strong></span> <span class='ocrx_word' id='word_1_504' title='bbox 2966 3663 3368 3719; x_wconf 82' lang='lat' dir='ltr'><strong>confessionem</strong></span> <span class='ocrx_word' id='word_1_505' title='bbox 3399 3668 3639 3738; x_wconf 82' lang='lat' dir='ltr'><strong>purgati,</strong></span> 
     </span>
    </p>
   </div>
   <div class='ocr_carea' id='block_1_70' title="bbox 2068 3751 3323 3823">
    <p class='ocr_par' dir='ltr' id='par_1_70' title="bbox 2068 3751 3323 3823">
     <span class='ocr_line' id='line_1_70' title="bbox 2068 3751 3323 3823; baseline 0.006 -19"><span class='ocrx_word' id='word_1_506' title='bbox 2068 3766 2132 3804; x_wconf 83' lang='lat' dir='ltr'><strong>ex</strong></span> <span class='ocrx_word' id='word_1_507' title='bbox 2165 3766 2300 3818; x_wconf 90' lang='lat' dir='ltr'><strong>puro</strong></span> <span class='ocrx_word' id='word_1_508' title='bbox 2333 3751 2698 3808; x_wconf 86' lang='lat' dir='ltr'><strong>instrumento</strong></span> <span class='ocrx_word' id='word_1_509' title='bbox 2726 3753 2988 3823; x_wconf 78' lang='lat' dir='ltr'><strong>hymnum</strong></span> <span class='ocrx_word' id='word_1_510' title='bbox 3009 3755 3323 3814; x_wconf 69' lang='lat' dir='ltr'><strong>offeramus.</strong></span> 
     </span>
    </p>
   </div>
   <div class='ocr_carea' id='block_1_71' title="bbox 373 3842 2472 3925">
    <p class='ocr_par' dir='ltr' id='par_1_71' title="bbox 373 3842 2472 3925">
     <span class='ocr_line' id='line_1_71' title="bbox 373 3842 2472 3925; baseline -0.005 -19"><span class='ocrx_word' id='word_1_511' title='bbox 373 3851 723 3925; x_wconf 84' lang='grc' dir='ltr'>αγορεύσεως</span> <span class='ocrx_word' id='word_1_512' title='bbox 747 3851 1049 3920; x_wconf 90' lang='grc' dir='ltr'>γενόμενοι,</span> <span class='ocrx_word' id='word_1_513' title='bbox 1078 3849 1142 3901; x_wconf 82' lang='grc' dir='ltr'><strong>ἐκ</strong></span> <span class='ocrx_word' id='word_1_514' title='bbox 1159 3845 1399 3918; x_wconf 88' lang='grc' dir='ltr'>καθαροῦ</span> <span class='ocrx_word' id='word_1_515' title='bbox 1423 3847 1656 3917; x_wconf 80' lang='grc' dir='ltr'>ὀργάνου</span> <span class='ocrx_word' id='word_1_516' title='bbox 1678 3842 1772 3898; x_wconf 83' lang='grc' dir='ltr'><strong>τὸν</strong></span> <span class='ocrx_word' id='word_1_517' title='bbox 1795 3845 1964 3916; x_wconf 78' lang='grc' dir='ltr'>ὖμνόν</span> <span class='ocrx_word' id='word_1_518' title='bbox 1995 3843 2472 3915; x_wconf 85' lang='grc' dir='ltr'>προσενέγκωμεν.</span> 
     </span>
    </p>
   </div>
   <div class='ocr_carea' id='block_1_72' title="bbox 463 3984 1962 4060">
    <p class='ocr_par' dir='ltr' id='par_1_72' title="bbox 463 3984 1962 4060">
     <span class='ocr_line' id='line_1_72' title="bbox 463 3984 1962 4060; baseline -0.003 -18"><span class='ocrx_word' id='word_1_519' title='bbox 463 3989 879 4060; x_wconf 66' lang='grc' dir='ltr'>Ἰἰπαγγείλατε</span> <span class='ocrx_word' id='word_1_520' title='bbox 906 3989 975 4041; x_wconf 78' lang='grc' dir='ltr'>ἐν</span> <span class='ocrx_word' id='word_1_521' title='bbox 1001 3986 1127 4052; x_wconf 84' lang='grc' dir='ltr'>τοῖς</span> <span class='ocrx_word' id='word_1_522' title='bbox 1154 3986 1355 4040; x_wconf 75' lang='grc' dir='ltr'>ἔθνεσι</span> <span class='ocrx_word' id='word_1_523' title='bbox 1383 3985 1454 4038; x_wconf 85' lang='grc' dir='ltr'>τὰ</span> <span class='ocrx_word' id='word_1_524' title='bbox 1479 3985 1624 4053; x_wconf 71' lang='grc' dir='ltr'>ἔργα</span> <span class='ocrx_word' id='word_1_525' title='bbox 1653 3984 1859 4039; x_wconf 76' lang='grc' dir='ltr'>αὐτοῦ.</span> <span class='ocrx_word' id='word_1_526' title='bbox 1905 3984 1962 4038; x_wconf 90' lang='lat'><strong>&#39;0</strong></span> 
     </span>
    </p>
   </div>
   <div class='ocr_carea' id='block_1_73' title="bbox 381 4075 1962 4156">
    <p class='ocr_par' dir='ltr' id='par_1_73' title="bbox 381 4075 1962 4156">
     <span class='ocr_line' id='line_1_73' title="bbox 381 4075 1962 4156; baseline -0.004 -21"><span class='ocrx_word' id='word_1_527' title='bbox 381 4081 521 4156; x_wconf 82' lang='grc' dir='ltr'>μετὰ</span> <span class='ocrx_word' id='word_1_528' title='bbox 541 4083 729 4153; x_wconf 81' lang='grc' dir='ltr'>χεῖρας</span> <span class='ocrx_word' id='word_1_529' title='bbox 760 4075 908 4142; x_wconf 79' lang='grc' dir='ltr'>αἶνος</span> <span class='ocrx_word' id='word_1_530' title='bbox 943 4079 1041 4149; x_wconf 85' lang='grc' dir='ltr'><strong>τὴν</strong></span> <span class='ocrx_word' id='word_1_531' title='bbox 1081 4078 1322 4148; x_wconf 84' lang='grc' dir='ltr'>ἱστορίαν</span> <span class='ocrx_word' id='word_1_532' title='bbox 1350 4076 1699 4146; x_wconf 87' lang='grc' dir='ltr'>ἐπιτέμνεται</span> <span class='ocrx_word' id='word_1_533' title='bbox 1722 4075 1820 4146; x_wconf 82' lang='grc' dir='ltr'>τὴν</span> <span class='ocrx_word' id='word_1_534' title='bbox 1854 4075 1962 4128; x_wconf 83' lang='grc' dir='ltr'><strong>ἀπὸ</strong></span> 
     </span>
    </p>
   </div>
   <div class='ocr_carea' id='block_1_74' title="bbox 391 4167 1962 4247">
    <p class='ocr_par' dir='ltr' id='par_1_74' title="bbox 391 4167 1962 4247">
     <span class='ocr_line' id='line_1_74' title="bbox 391 4167 1962 4247; baseline -0.005 -19"><span class='ocrx_word' id='word_1_535' title='bbox 391 4174 644 4247; x_wconf 78' lang='grc' dir='ltr'>Ἀϐραὰμ</span> <span class='ocrx_word' id='word_1_536' title='bbox 671 4173 766 4226; x_wconf 76' lang='grc' dir='ltr'>καὶ</span> <span class='ocrx_word' id='word_1_537' title='bbox 819 4173 911 4225; x_wconf 71' lang='grc' dir='ltr'><strong>ἐπὶ</strong></span> <span class='ocrx_word' id='word_1_538' title='bbox 948 4171 1123 4236; x_wconf 81' lang='grc' dir='ltr'>ἔξοδον</span> <span class='ocrx_word' id='word_1_539' title='bbox 1167 4169 1274 4224; x_wconf 87' lang='grc' dir='ltr'><strong>τῶν</strong></span> <span class='ocrx_word' id='word_1_540' title='bbox 1319 4168 1448 4222; x_wconf 84' lang='grc' dir='ltr'>υἱῶν</span> <span class='ocrx_word' id='word_1_541' title='bbox 1489 4167 1706 4239; x_wconf 78' lang='grc' dir='ltr'>Ἰσραὴλ</span> <span class='ocrx_word' id='word_1_542' title='bbox 1729 4167 1828 4238; x_wconf 84' lang='grc' dir='ltr'>τὴν</span> <span class='ocrx_word' id='word_1_543' title='bbox 1855 4167 1962 4220; x_wconf 86' lang='grc' dir='ltr'><strong>ἀπὸ</strong></span> 
     </span>
    </p>
   </div>
   <div class='ocr_carea' id='block_1_75' title="bbox 376 4259 1961 4336">
    <p class='ocr_par' dir='ltr' id='par_1_75' title="bbox 376 4259 1961 4336">
     <span class='ocr_line' id='line_1_75' title="bbox 376 4259 1961 4336; baseline -0.005 -16"><span class='ocrx_word' id='word_1_544' title='bbox 376 4267 675 4336; x_wconf 77' lang='grc' dir='ltr'>Αἰγύπτου·</span> <span class='ocrx_word' id='word_1_545' title='bbox 707 4265 773 4335; x_wconf 82' lang='grc' dir='ltr'>ἢν</span> <span class='ocrx_word' id='word_1_546' title='bbox 822 4264 917 4317; x_wconf 79' lang='grc' dir='ltr'><strong>καὶ</strong></span> <span class='ocrx_word' id='word_1_547' title='bbox 963 4261 1316 4331; x_wconf 84' lang='grc' dir='ltr'>ἐπαγγέλλειν</span> <span class='ocrx_word' id='word_1_548' title='bbox 1365 4263 1478 4324; x_wconf 87' lang='grc' dir='ltr'>τοῖς</span> <span class='ocrx_word' id='word_1_549' title='bbox 1519 4259 1695 4312; x_wconf 75' lang='grc' dir='ltr'>ἔθνεσι</span> <span class='ocrx_word' id='word_1_550' title='bbox 1718 4259 1780 4312; x_wconf 82' lang='grc' dir='ltr'><strong>τὸ</strong></span> <span class='ocrx_word' id='word_1_551' title='bbox 1821 4259 1961 4312; x_wconf 81' lang='grc' dir='ltr'>θεῖον</span> 
     </span>
    </p>
   </div>
   <div class='ocr_carea' id='block_1_76' title="bbox 377 4351 1958 4429">
    <p class='ocr_par' dir='ltr' id='par_1_76' title="bbox 377 4351 1958 4429">
     <span class='ocr_line' id='line_1_76' title="bbox 377 4351 1958 4429; baseline -0.005 -15"><span class='ocrx_word' id='word_1_552' title='bbox 377 4359 606 4429; x_wconf 80' lang='grc' dir='ltr'>Πνεῦμα</span> <span class='ocrx_word' id='word_1_553' title='bbox 633 4355 1086 4428; x_wconf 81' lang='grc' dir='ltr'>παρακελεύεται,</span> <span class='ocrx_word' id='word_1_554' title='bbox 1105 4355 1244 4408; x_wconf 83' lang='grc' dir='ltr'>ὥστε</span> <span class='ocrx_word' id='word_1_555' title='bbox 1260 4352 1347 4406; x_wconf 89' lang='grc' dir='ltr'><strong>διά</strong></span> <span class='ocrx_word' id='word_1_556' title='bbox 1372 4351 1573 4406; x_wconf 87' lang='grc' dir='ltr'>τούτων</span> <span class='ocrx_word' id='word_1_557' title='bbox 1599 4351 1770 4419; x_wconf 85' lang='grc' dir='ltr'>δηλῶν</span> <span class='ocrx_word' id='word_1_558' title='bbox 1792 4353 1958 4416; x_wconf 83' lang='grc' dir='ltr'>ἐστιν,</span> 
     </span>
    </p>
   </div>
   <div class='ocr_carea' id='block_1_77' title="bbox 376 4442 1960 4522">
    <p class='ocr_par' dir='ltr' id='par_1_77' title="bbox 376 4442 1960 4522">
     <span class='ocr_line' id='line_1_77' title="bbox 376 4442 1960 4522; baseline -0.008 -14"><span class='ocrx_word' id='word_1_559' title='bbox 376 4456 456 4517; x_wconf 85' lang='grc' dir='ltr'>ὡς</span> <span class='ocrx_word' id='word_1_560' title='bbox 471 4453 662 4522; x_wconf 75' lang='grc' dir='ltr'>ὄνησιν.</span> <span class='ocrx_word' id='word_1_561' title='bbox 685 4451 786 4503; x_wconf 91' lang='grc' dir='ltr'><strong>οὐκ</strong></span> <span class='ocrx_word' id='word_1_562' title='bbox 816 4448 1090 4510; x_wconf 85' lang='grc' dir='ltr'>Ἰουδαίοις</span> <span class='ocrx_word' id='word_1_563' title='bbox 1120 4446 1299 4516; x_wconf 90' lang='grc' dir='ltr'>μόνον,</span> <span class='ocrx_word' id='word_1_564' title='bbox 1315 4442 1452 4496; x_wconf 86' lang='grc' dir='ltr'><strong>ἀλλά</strong></span> <span class='ocrx_word' id='word_1_565' title='bbox 1479 4455 1574 4498; x_wconf 75' lang='grc' dir='ltr'><strong>και</strong></span> <span class='ocrx_word' id='word_1_566' title='bbox 1592 4445 1702 4506; x_wconf 85' lang='grc' dir='ltr'>τοῖς</span> <span class='ocrx_word' id='word_1_567' title='bbox 1719 4443 1776 4509; x_wconf 78' lang='grc' dir='ltr'><strong>ἐξ</strong></span> <span class='ocrx_word' id='word_1_568' title='bbox 1792 4443 1960 4499; x_wconf 85' lang='grc' dir='ltr'>ἐθνῶν</span> 
     </span>
    </p>
   </div>
   <div class='ocr_carea' id='block_1_78' title="bbox 380 4533 1962 4615">
    <p class='ocr_par' dir='ltr' id='par_1_78' title="bbox 380 4533 1962 4615">
     <span class='ocr_line' id='line_1_78' title="bbox 380 4533 1962 4615; baseline -0.009 -16"><span class='ocrx_word' id='word_1_569' title='bbox 380 4541 855 4615; x_wconf 75' lang='grc' dir='ltr'>πραγματεύεται,</span> <span class='ocrx_word' id='word_1_570' title='bbox 887 4538 983 4591; x_wconf 89' lang='grc' dir='ltr'><strong>τοῦ</strong></span> <span class='ocrx_word' id='word_1_571' title='bbox 1011 4537 1325 4606; x_wconf 82' lang='grc' dir='ltr'>Πνεύματος</span> <span class='ocrx_word' id='word_1_572' title='bbox 1355 4535 1482 4597; x_wconf 77' lang='grc' dir='ltr'>τοὺς</span> <span class='ocrx_word' id='word_1_573' title='bbox 1527 4533 1634 4586; x_wconf 88' lang='grc' dir='ltr'><strong>τῶν</strong></span> <span class='ocrx_word' id='word_1_574' title='bbox 1654 4533 1822 4586; x_wconf 81' lang='grc' dir='ltr'>ἐθνῶν</span> <span class='ocrx_word' id='word_1_575' title='bbox 1855 4533 1962 4586; x_wconf 79' lang='grc' dir='ltr'>διε-</span> 
     </span>
    </p>
   </div>
   <div class='ocr_carea' id='block_1_79' title="bbox 375 4625 1961 4709">
    <p class='ocr_par' dir='ltr' id='par_1_79' title="bbox 375 4625 1961 4709">
     <span class='ocr_line' id='line_1_79' title="bbox 375 4625 1961 4709; baseline -0.009 -19"><span class='ocrx_word' id='word_1_576' title='bbox 375 4637 656 4709; x_wconf 87' lang='grc' dir='ltr'>γείροντος</span> <span class='ocrx_word' id='word_1_577' title='bbox 695 4634 942 4704; x_wconf 87' lang='grc' dir='ltr'>κήρυκας</span> <span class='ocrx_word' id='word_1_578' title='bbox 976 4632 1054 4692; x_wconf 86' lang='grc' dir='ltr'>εἰς</span> <span class='ocrx_word' id='word_1_579' title='bbox 1080 4629 1142 4681; x_wconf 84' lang='grc' dir='ltr'><strong>τὸ</strong></span> <span class='ocrx_word' id='word_1_580' title='bbox 1172 4628 1352 4698; x_wconf 75' lang='grc' dir='ltr'>ζητεῖν</span> <span class='ocrx_word' id='word_1_581' title='bbox 1374 4625 1465 4678; x_wconf 79' lang='grc' dir='ltr'><strong>τὸν</strong></span> <span class='ocrx_word' id='word_1_582' title='bbox 1495 4626 1698 4695; x_wconf 84' lang='grc' dir='ltr'>Κύριον</span> <span class='ocrx_word' id='word_1_583' title='bbox 1739 4625 1832 4677; x_wconf 77' lang='grc' dir='ltr'><strong>καὶ</strong></span> <span class='ocrx_word' id='word_1_584' title='bbox 1860 4642 1961 4696; x_wconf 81' lang='grc' dir='ltr'>κη-</span> 
     </span>
    </p>
   </div>
   <div class='ocr_carea' id='block_1_80' title="bbox 379 4715 1956 4802">
    <p class='ocr_par' dir='ltr' id='par_1_80' title="bbox 379 4715 1956 4802">
     <span class='ocr_line' id='line_1_80' title="bbox 379 4715 1956 4802; baseline -0.008 -21"><span class='ocrx_word' id='word_1_585' title='bbox 379 4729 599 4802; x_wconf 85' lang='grc' dir='ltr'>ρύσσειν</span> <span class='ocrx_word' id='word_1_586' title='bbox 630 4725 699 4778; x_wconf 81' lang='grc' dir='ltr'><strong>τά</strong></span> <span class='ocrx_word' id='word_1_587' title='bbox 726 4723 855 4794; x_wconf 56' lang='grc' dir='ltr'><strong>περὶ⁸</strong></span> <span class='ocrx_word' id='word_1_588' title='bbox 893 4719 1057 4775; x_wconf 85' lang='grc' dir='ltr'>αὐτοῦ</span> <span class='ocrx_word' id='word_1_589' title='bbox 1101 4719 1434 4788; x_wconf 81' lang='grc' dir='ltr'>διηγήματα.</span> <span class='ocrx_word' id='word_1_590' title='bbox 1479 4716 1588 4768; x_wconf 73' lang='grc' dir='ltr'>Καὶ</span> <span class='ocrx_word' id='word_1_591' title='bbox 1617 4715 1790 4768; x_wconf 88' lang='grc' dir='ltr'>ταῦτα</span> <span class='ocrx_word' id='word_1_592' title='bbox 1835 4715 1956 4786; x_wconf 86' lang='grc' dir='ltr'>μεθ’</span> 
     </span>
    </p>
   </div>
   <div class='ocr_carea' id='block_1_81' title="bbox 377 4806 1951 4891">
    <p class='ocr_par' dir='ltr' id='par_1_81' title="bbox 377 4806 1951 4891">
     <span class='ocr_line' id='line_1_81' title="bbox 377 4806 1951 4891; baseline -0.011 -17"><span class='ocrx_word' id='word_1_593' title='bbox 377 4821 584 4891; x_wconf 82' lang='grc' dir='ltr'>ὐμνων·</span> <span class='ocrx_word' id='word_1_594' title='bbox 605 4816 738 4888; x_wconf 80' lang='grc' dir='ltr'>φησὶ</span> <span class='ocrx_word' id='word_1_595' title='bbox 751 4811 898 4882; x_wconf 72' lang='grc' dir='ltr'>γοῦνο</span> <span class='ocrx_word' id='word_1_596' title='bbox 931 4814 1152 4881; x_wconf 84' lang='grc' dir='ltr'>’ᾼσατε</span> <span class='ocrx_word' id='word_1_597' title='bbox 1189 4807 1349 4873; x_wconf 82' lang='grc' dir='ltr'>αὐτῷ</span> <span class='ocrx_word' id='word_1_598' title='bbox 1375 4807 1475 4860; x_wconf 71' lang='grc' dir='ltr'>καὶ</span> <span class='ocrx_word' id='word_1_599' title='bbox 1506 4806 1740 4874; x_wconf 64' lang='grc' dir='ltr'>ψὰλατε</span> <span class='ocrx_word' id='word_1_600' title='bbox 1775 4806 1951 4871; x_wconf 84' lang='grc' dir='ltr'>αὐτῷ·</span> 
     </span>
    </p>
   </div>
   <div class='ocr_carea' id='block_1_82' title="bbox 376 4897 1956 4982">
    <p class='ocr_par' dir='ltr' id='par_1_82' title="bbox 376 4897 1956 4982">
     <span class='ocr_line' id='line_1_82' title="bbox 376 4897 1956 4982; baseline -0.009 -14"><span class='ocrx_word' id='word_1_601' title='bbox 376 4914 502 4982; x_wconf 62' lang='grc' dir='ltr'>διη)</span> <span class='ocrx_word' id='word_1_602' title='bbox 516 4911 748 4978; x_wconf 78' lang='grc' dir='ltr'>ήσασθε</span> <span class='ocrx_word' id='word_1_603' title='bbox 771 4905 965 4959; x_wconf 79' lang='grc' dir='ltr'>πάντα</span> <span class='ocrx_word' id='word_1_604' title='bbox 997 4901 1069 4956; x_wconf 83' lang='grc' dir='ltr'>τὰ</span> <span class='ocrx_word' id='word_1_605' title='bbox 1114 4897 1415 4970; x_wconf 79' lang='grc' dir='ltr'>θαυμάσια</span> <span class='ocrx_word' id='word_1_606' title='bbox 1457 4899 1665 4954; x_wconf 72' lang='grc' dir='ltr'>αὑτοῦ.</span> <span class='ocrx_word' id='word_1_607' title='bbox 1701 4898 1956 4953; x_wconf 84' lang='grc' dir='ltr'>Βούλεται</span> 
     </span>
    </p>
   </div>
   <div class='ocr_carea' id='block_1_83' title="bbox 375 4990 1957 5071">
    <p class='ocr_par' dir='ltr' id='par_1_83' title="bbox 375 4990 1957 5071">
     <span class='ocr_line' id='line_1_83' title="bbox 375 4990 1957 5071; baseline -0.009 -14"><span class='ocrx_word' id='word_1_608' title='bbox 375 4999 790 5071; x_wconf 84' lang='grc' dir='ltr'>ἀπαγγελθῆναι</span> <span class='ocrx_word' id='word_1_609' title='bbox 829 4997 940 5059; x_wconf 85' lang='grc' dir='ltr'>τοῖς</span> <span class='ocrx_word' id='word_1_610' title='bbox 969 4993 1195 5055; x_wconf 77' lang='grc' dir='ltr'>ἔθνεσιν,</span> <span class='ocrx_word' id='word_1_611' title='bbox 1223 4991 1297 5054; x_wconf 87' lang='grc' dir='ltr'>ὡς</span> <span class='ocrx_word' id='word_1_612' title='bbox 1323 4990 1574 5058; x_wconf 87' lang='grc' dir='ltr'>ἀγνοοῦσι</span> <span class='ocrx_word' id='word_1_613' title='bbox 1607 4991 1700 5045; x_wconf 72' lang='grc' dir='ltr'><strong>καὶ</strong></span> <span class='ocrx_word' id='word_1_614' title='bbox 1731 4990 1957 5062; x_wconf 83' lang='grc' dir='ltr'>μηδέπω</span> 
     </span>
    </p>
   </div>
   <div class='ocr_carea' id='block_1_84' title="bbox 383 5081 1954 5167">
    <p class='ocr_par' dir='ltr' id='par_1_84' title="bbox 383 5081 1954 5167">
     <span class='ocr_line' id='line_1_84' title="bbox 383 5081 1954 5167; baseline -0.01 -19"><span class='ocrx_word' id='word_1_615' title='bbox 383 5091 774 5167; x_wconf 85' lang='grc' dir='ltr'>μεμαθηκόσιν,</span> <span class='ocrx_word' id='word_1_616' title='bbox 822 5087 1008 5145; x_wconf 83' lang='grc' dir='ltr'>ὁποίας</span> <span class='ocrx_word' id='word_1_617' title='bbox 1052 5084 1217 5139; x_wconf 62' lang='grc' dir='ltr'>πάλαι</span> <span class='ocrx_word' id='word_1_618' title='bbox 1267 5083 1529 5154; x_wconf 82' lang='grc' dir='ltr'>πρότερον</span> <span class='ocrx_word' id='word_1_619' title='bbox 1577 5081 1894 5152; x_wconf 85' lang='grc' dir='ltr'>εὐεργεσίας</span> <span class='ocrx_word' id='word_1_620' title='bbox 1926 5081 1954 5132; x_wconf 88' lang='grc' dir='ltr'><strong>ό</strong></span> 
     </span>
    </p>
   </div>
   <div class='ocr_carea' id='block_1_85' title="bbox 375 5173 1954 5253">
    <p class='ocr_par' dir='ltr' id='par_1_85' title="bbox 375 5173 1954 5253">
     <span class='ocr_line' id='line_1_85' title="bbox 375 5173 1954 5253; baseline -0.008 -14"><span class='ocrx_word' id='word_1_621' title='bbox 375 5185 513 5248; x_wconf 77' lang='grc' dir='ltr'>Θεὸς</span> <span class='ocrx_word' id='word_1_622' title='bbox 538 5183 616 5253; x_wconf 83' lang='grc' dir='ltr'>τῷ</span> <span class='ocrx_word' id='word_1_623' title='bbox 648 5183 896 5252; x_wconf 80' lang='grc' dir='ltr'>προτέρῳ</span> <span class='ocrx_word' id='word_1_624' title='bbox 921 5177 1033 5248; x_wconf 82' lang='grc' dir='ltr'>λαῷ</span> <span class='ocrx_word' id='word_1_625' title='bbox 1063 5176 1383 5248; x_wconf 81' lang='grc' dir='ltr'>παρέσχετο’</span> <span class='ocrx_word' id='word_1_626' title='bbox 1419 5176 1514 5228; x_wconf 61' lang='grc' dir='ltr'>’καὶ</span> <span class='ocrx_word' id='word_1_627' title='bbox 1543 5175 1708 5238; x_wconf 79' lang='grc' dir='ltr'>ὅπως,</span> <span class='ocrx_word' id='word_1_628' title='bbox 1745 5173 1954 5245; x_wconf 81' lang='grc' dir='ltr'>μυρίων</span> 
     </span>
    </p>
   </div>
   <div class='ocr_carea' id='block_1_86' title="bbox 375 5267 1956 5346">
    <p class='ocr_par' dir='ltr' id='par_1_86' title="bbox 375 5267 1956 5346">
     <span class='ocr_line' id='line_1_86' title="bbox 375 5267 1956 5346; baseline -0.008 -15"><span class='ocrx_word' id='word_1_629' title='bbox 375 5276 601 5346; x_wconf 87' lang='grc' dir='ltr'>ἀγαθῶν</span> <span class='ocrx_word' id='word_1_630' title='bbox 628 5273 778 5344; x_wconf 88' lang='grc' dir='ltr'><strong>παρά</strong></span> <span class='ocrx_word' id='word_1_631' title='bbox 798 5272 891 5326; x_wconf 86' lang='grc' dir='ltr'><strong>τοῦ</strong></span> <span class='ocrx_word' id='word_1_632' title='bbox 914 5270 1047 5324; x_wconf 88' lang='grc' dir='ltr'>Θεοῦ</span> <span class='ocrx_word' id='word_1_633' title='bbox 1069 5269 1447 5340; x_wconf 78' lang='grc' dir='ltr'>τετυχηκότες,</span> <span class='ocrx_word' id='word_1_634' title='bbox 1486 5267 1808 5340; x_wconf 79' lang='grc' dir='ltr'>παρέϐησαν</span> <span class='ocrx_word' id='word_1_635' title='bbox 1829 5268 1956 5320; x_wconf 83' lang='grc' dir='ltr'>ἀσε-</span> 
     </span>
    </p>
   </div>
   <div class='ocr_carea' id='block_1_87' title="bbox 377 5359 1954 5438">
    <p class='ocr_par' dir='ltr' id='par_1_87' title="bbox 377 5359 1954 5438">
     <span class='ocr_line' id='line_1_87' title="bbox 377 5359 1954 5438; baseline -0.008 -16"><span class='ocrx_word' id='word_1_636' title='bbox 377 5368 665 5438; x_wconf 66' lang='grc' dir='ltr'>ϐήσαντες</span> <span class='ocrx_word' id='word_1_637' title='bbox 707 5364 801 5415; x_wconf 76' lang='grc' dir='ltr'><strong>καὶ</strong></span> <span class='ocrx_word' id='word_1_638' title='bbox 843 5362 930 5424; x_wconf 65' lang='grc' dir='ltr'>ὡς</span> <span class='ocrx_word' id='word_1_639' title='bbox 960 5361 1048 5414; x_wconf 84' lang='grc' dir='ltr'><strong>διὰ</strong></span> <span class='ocrx_word' id='word_1_640' title='bbox 1090 5360 1190 5424; x_wconf 80' lang='grc' dir='ltr'>τὰς</span> <span class='ocrx_word' id='word_1_641' title='bbox 1241 5361 1584 5432; x_wconf 83' lang='grc' dir='ltr'>παρανομίας</span> <span class='ocrx_word' id='word_1_642' title='bbox 1632 5360 1810 5412; x_wconf 87' lang='grc' dir='ltr'>αὐτῶν</span> <span class='ocrx_word' id='word_1_643' title='bbox 1853 5359 1954 5430; x_wconf 83' lang='grc' dir='ltr'>τῆς</span> 
     </span>
    </p>
   </div>
   <div class='ocr_carea' id='block_1_88' title="bbox 377 5452 1957 5524">
    <p class='ocr_par' dir='ltr' id='par_1_88' title="bbox 377 5452 1957 5524">
     <span class='ocr_line' id='line_1_88' title="bbox 377 5452 1957 5524; baseline -0.006 -12"><span class='ocrx_word' id='word_1_644' title='bbox 377 5458 534 5520; x_wconf 85' lang='grc' dir='ltr'>θείας</span> <span class='ocrx_word' id='word_1_645' title='bbox 590 5454 890 5524; x_wconf 81' lang='grc' dir='ltr'>ἐπισκοπῆς</span> <span class='ocrx_word' id='word_1_646' title='bbox 948 5453 1354 5507; x_wconf 80' lang='grc' dir='ltr'>ἐκπεπτώκασι.</span> <span class='ocrx_word' id='word_1_647' title='bbox 1392 5452 1618 5506; x_wconf 84' lang='grc' dir='ltr'>Κελεύει</span> <span class='ocrx_word' id='word_1_648' title='bbox 1651 5452 1709 5506; x_wconf 79' lang='grc' dir='ltr'>δὲ</span> <span class='ocrx_word' id='word_1_649' title='bbox 1740 5453 1832 5506; x_wconf 78' lang='grc' dir='ltr'>καὶ</span> <span class='ocrx_word' id='word_1_650' title='bbox 1869 5453 1957 5523; x_wconf 75' lang='grc' dir='ltr'>ἐρο</span> 
     </span>
    </p>
   </div>
   <div class='ocr_carea' id='block_1_89' title="bbox 381 5544 1958 5624">
    <p class='ocr_par' dir='ltr' id='par_1_89' title="bbox 381 5544 1958 5624">
     <span class='ocr_line' id='line_1_89' title="bbox 381 5544 1958 5624; baseline -0.003 -21"><span class='ocrx_word' id='word_1_651' title='bbox 381 5548 588 5624; x_wconf 84' lang='grc' dir='ltr'>μηνέας</span> <span class='ocrx_word' id='word_1_652' title='bbox 623 5545 869 5614; x_wconf 89' lang='grc' dir='ltr'>γίνεσθαι</span> <span class='ocrx_word' id='word_1_653' title='bbox 907 5544 1000 5599; x_wconf 78' lang='grc' dir='ltr'><strong>καὶ</strong></span> <span class='ocrx_word' id='word_1_654' title='bbox 1041 5545 1375 5617; x_wconf 84' lang='grc' dir='ltr'>σαφηνιστάς</span> <span class='ocrx_word' id='word_1_655' title='bbox 1408 5545 1517 5602; x_wconf 90' lang='grc' dir='ltr'><strong>τῶν</strong></span> <span class='ocrx_word' id='word_1_656' title='bbox 1555 5547 1613 5599; x_wconf 93' lang='grc' dir='ltr'><strong>ἐν</strong></span> <span class='ocrx_word' id='word_1_657' title='bbox 1637 5547 1749 5609; x_wconf 82' lang='grc' dir='ltr'>τοῖς</span> <span class='ocrx_word' id='word_1_658' title='bbox 1787 5544 1958 5608; x_wconf 81' lang='grc' dir='ltr'>θείοις</span> 
     </span>
    </p>
   </div>
   <div class='ocr_carea' id='block_1_90' title="bbox 376 5636 1954 5708">
    <p class='ocr_par' dir='ltr' id='par_1_90' title="bbox 376 5636 1954 5708">
     <span class='ocr_line' id='line_1_90' title="bbox 376 5636 1954 5708; baseline -0.005 -12"><span class='ocrx_word' id='word_1_659' title='bbox 376 5639 583 5708; x_wconf 81' lang='grc' dir='ltr'>λογίοις</span> <span class='ocrx_word' id='word_1_660' title='bbox 616 5636 959 5708; x_wconf 62' lang='grc' dir='ltr'>ἀπορρήτων</span> <span class='ocrx_word' id='word_1_661' title='bbox 1011 5636 1155 5707; x_wconf 77' lang='grc' dir='ltr'>άπερ</span> <span class='ocrx_word' id='word_1_662' title='bbox 1198 5636 1264 5690; x_wconf 82' lang='grc' dir='ltr'>ἂν</span> <span class='ocrx_word' id='word_1_663' title='bbox 1293 5637 1378 5707; x_wconf 83' lang='grc' dir='ltr'>εἵη</span> <span class='ocrx_word' id='word_1_664' title='bbox 1423 5637 1493 5691; x_wconf 84' lang='grc' dir='ltr'>τὰ</span> <span class='ocrx_word' id='word_1_665' title='bbox 1538 5636 1816 5707; x_wconf 86' lang='grc' dir='ltr'>θαυμάσια</span> <span class='ocrx_word' id='word_1_666' title='bbox 1853 5637 1954 5690; x_wconf 89' lang='grc' dir='ltr'>αὐ-</span> 
     </span>
    </p>
   </div>
   <div class='ocr_carea' id='block_1_91' title="bbox 376 5727 1958 5798">
    <p class='ocr_par' dir='ltr' id='par_1_91' title="bbox 376 5727 1958 5798">
     <span class='ocr_line' id='line_1_91' title="bbox 376 5727 1958 5798; baseline -0.003 -12"><span class='ocrx_word' id='word_1_667' title='bbox 376 5731 496 5787; x_wconf 84' lang='grc' dir='ltr'>τοῦ·</span> <span class='ocrx_word' id='word_1_668' title='bbox 533 5729 628 5784; x_wconf 81' lang='grc' dir='ltr'>καὶ</span> <span class='ocrx_word' id='word_1_669' title='bbox 659 5727 844 5790; x_wconf 81' lang='grc' dir='ltr'>ἁπλῶς</span> <span class='ocrx_word' id='word_1_670' title='bbox 880 5727 1174 5798; x_wconf 81' lang='grc' dir='ltr'>ὑμνῳδίαις</span> <span class='ocrx_word' id='word_1_671' title='bbox 1215 5727 1375 5782; x_wconf 84' lang='grc' dir='ltr'>αὐτὸν</span> <span class='ocrx_word' id='word_1_672' title='bbox 1400 5728 1723 5798; x_wconf 79' lang='grc' dir='ltr'>ἀμείϐεσθαι</span> <span class='ocrx_word' id='word_1_673' title='bbox 1758 5729 1849 5782; x_wconf 80' lang='grc' dir='ltr'>καὶ</span> <span class='ocrx_word' id='word_1_674' title='bbox 1889 5729 1958 5782; x_wconf 84' lang='grc' dir='ltr'>τὰ</span> 
     </span>
    </p>
   </div>
   <div class='ocr_carea' id='block_1_92' title="bbox 379 5818 1959 5894">
    <p class='ocr_par' dir='ltr' id='par_1_92' title="bbox 379 5818 1959 5894">
     <span class='ocr_line' id='line_1_92' title="bbox 379 5818 1959 5894; baseline 0 -17"><span class='ocrx_word' id='word_1_675' title='bbox 379 5826 514 5894; x_wconf 84' lang='grc' dir='ltr'>παρ’</span> <span class='ocrx_word' id='word_1_676' title='bbox 544 5820 706 5876; x_wconf 85' lang='grc' dir='ltr'>αὐτοῦ</span> <span class='ocrx_word' id='word_1_677' title='bbox 741 5818 1006 5890; x_wconf 87' lang='grc' dir='ltr'>γενόμενα</span> <span class='ocrx_word' id='word_1_678' title='bbox 1049 5821 1175 5882; x_wconf 85' lang='grc' dir='ltr'><strong>τούς</strong></span> <span class='ocrx_word' id='word_1_679' title='bbox 1213 5819 1537 5893; x_wconf 82' lang='grc' dir='ltr'>ἀγνοοῦντας</span> <span class='ocrx_word' id='word_1_680' title='bbox 1571 5821 1779 5888; x_wconf 86' lang='grc' dir='ltr'>διδάξαι</span> <span class='ocrx_word' id='word_1_681' title='bbox 1828 5821 1959 5878; x_wconf 82' lang='grc' dir='ltr'>θαυ-</span> 
     </span>
    </p>
   </div>
   <div class='ocr_carea' id='block_1_93' title="bbox 388 5931 582 5990">
    <p class='ocr_par' dir='ltr' id='par_1_93' title="bbox 388 5931 582 5990">
     <span class='ocr_line' id='line_1_93' title="bbox 388 5931 582 5990; baseline -0.015 -17"><span class='ocrx_word' id='word_1_682' title='bbox 388 5931 582 5990; x_wconf 62' lang='lat' dir='ltr'><strong>uasta.</strong></span> 
     </span>
    </p>
   </div>
   <div class='ocr_carea' id='block_1_94' title="bbox 2135 3981 3638 4055">
    <p class='ocr_par' dir='ltr' id='par_1_94' title="bbox 2135 3981 3638 4055">
     <span class='ocr_line' id='line_1_94' title="bbox 2135 3981 3638 4055; baseline 0.007 -21"><span class='ocrx_word' id='word_1_683' title='bbox 2135 3981 2461 4037; x_wconf 76' lang='lat' dir='ltr'><strong>Annuntiate</strong></span> <span class='ocrx_word' id='word_1_684' title='bbox 2507 3983 2645 4037; x_wconf 75' lang='lat' dir='ltr'><strong>inter</strong></span> <span class='ocrx_word' id='word_1_685' title='bbox 2687 3993 2862 4054; x_wconf 78' lang='lat' dir='ltr'><strong>gentes</strong></span> <span class='ocrx_word' id='word_1_686' title='bbox 2911 3999 3069 4052; x_wconf 83' lang='lat' dir='ltr'><strong>opera</strong></span> <span class='ocrx_word' id='word_1_687' title='bbox 3124 3986 3260 4055; x_wconf 77' lang='lat' dir='ltr'><strong>ejus.</strong></span> <span class='ocrx_word' id='word_1_688' title='bbox 3319 3985 3446 4043; x_wconf 63' lang='lat' dir='ltr'><strong>Haec</strong></span> <span class='ocrx_word' id='word_1_689' title='bbox 3496 3988 3638 4055; x_wconf 83' lang='lat' dir='ltr'><strong>laus.</strong></span> 
     </span>
    </p>
   </div>
   <div class='ocr_carea' id='block_1_95' title="bbox 2065 4076 3640 4147">
    <p class='ocr_par' dir='ltr' id='par_1_95' title="bbox 2065 4076 3640 4147">
     <span class='ocr_line' id='line_1_95' title="bbox 2065 4076 3640 4147; baseline 0.004 -20"><span class='ocrx_word' id='word_1_690' title='bbox 2065 4089 2226 4143; x_wconf 84' lang='lat' dir='ltr'><strong>quam</strong></span> <span class='ocrx_word' id='word_1_691' title='bbox 2275 4081 2612 4140; x_wconf 87' lang='lat' dir='ltr'><strong>tractamus,</strong></span> <span class='ocrx_word' id='word_1_692' title='bbox 2664 4076 2948 4132; x_wconf 88' lang='lat' dir='ltr'><strong>historiam</strong></span> <span class='ocrx_word' id='word_1_693' title='bbox 2998 4079 3325 4147; x_wconf 88' lang='lat' dir='ltr'><strong>compendio</strong></span> <span class='ocrx_word' id='word_1_694' title='bbox 3372 4088 3558 4134; x_wconf 82' lang='lat' dir='ltr'><strong>narrat</strong></span> <span class='ocrx_word' id='word_1_695' title='bbox 3607 4097 3640 4134; x_wconf 89' lang='lat' dir='ltr'><strong>a</strong></span> 
     </span>
    </p>
   </div>
   <div class='ocr_carea' id='block_1_96' title="bbox 2065 4165 3639 4234">
    <p class='ocr_par' dir='ltr' id='par_1_96' title="bbox 2065 4165 3639 4234">
     <span class='ocr_line' id='line_1_96' title="bbox 2065 4165 3639 4234; baseline 0.005 -14"><span class='ocrx_word' id='word_1_696' title='bbox 2065 4172 2308 4234; x_wconf 88' lang='lat' dir='ltr'><strong>tempore</strong></span> <span class='ocrx_word' id='word_1_697' title='bbox 2364 4165 2662 4220; x_wconf 82' lang='lat' dir='ltr'><strong>Abrahami</strong></span> <span class='ocrx_word' id='word_1_698' title='bbox 2709 4168 2778 4222; x_wconf 87' lang='lat' dir='ltr'><strong>ad</strong></span> <span class='ocrx_word' id='word_1_699' title='bbox 2825 4169 3030 4224; x_wconf 82' lang='lat' dir='ltr'><strong>exitum</strong></span> <span class='ocrx_word' id='word_1_700' title='bbox 3063 4169 3303 4226; x_wconf 89' lang='lat' dir='ltr'><strong>ﬁliorum</strong></span> <span class='ocrx_word' id='word_1_701' title='bbox 3350 4171 3518 4226; x_wconf 89' lang='lat' dir='ltr'><strong>Israel</strong></span> <span class='ocrx_word' id='word_1_702' title='bbox 3571 4187 3639 4228; x_wconf 81' lang='lat' dir='ltr'><strong>ex</strong></span> 
     </span>
    </p>
   </div>
   <div class='ocr_carea' id='block_1_97' title="bbox 2064 4255 3639 4333">
    <p class='ocr_par' dir='ltr' id='par_1_97' title="bbox 2064 4255 3639 4333">
     <span class='ocr_line' id='line_1_97' title="bbox 2064 4255 3639 4333; baseline 0.006 -22"><span class='ocrx_word' id='word_1_703' title='bbox 2064 4255 2332 4328; x_wconf 63' lang='lat' dir='ltr'><strong>Aﬂgypto;</strong></span> <span class='ocrx_word' id='word_1_704' title='bbox 2356 4273 2520 4328; x_wconf 86' lang='lat' dir='ltr'><strong>quam</strong></span> <span class='ocrx_word' id='word_1_705' title='bbox 2553 4259 2806 4328; x_wconf 86' lang='lat' dir='ltr'><strong>gentibus</strong></span> <span class='ocrx_word' id='word_1_706' title='bbox 2850 4262 3178 4316; x_wconf 90' lang='lat' dir='ltr'><strong>annuntiare</strong></span> <span class='ocrx_word' id='word_1_707' title='bbox 3213 4263 3368 4331; x_wconf 91' lang='lat' dir='ltr'><strong>jubet</strong></span> <span class='ocrx_word' id='word_1_708' title='bbox 3400 4263 3639 4333; x_wconf 80' lang='lat' dir='ltr'><strong>Spiritus</strong></span> 
     </span>
    </p>
   </div>
   <div class='ocr_carea' id='block_1_98' title="bbox 2065 4348 3635 4422">
    <p class='ocr_par' dir='ltr' id='par_1_98' title="bbox 2065 4348 3635 4422">
     <span class='ocr_line' id='line_1_98' title="bbox 2065 4348 3635 4422; baseline 0.006 -21"><span class='ocrx_word' id='word_1_709' title='bbox 2065 4348 2318 4416; x_wconf 90' lang='lat' dir='ltr'><strong>divinus;</strong></span> <span class='ocrx_word' id='word_1_710' title='bbox 2348 4350 2422 4403; x_wconf 87' lang='lat' dir='ltr'><strong>ita</strong></span> <span class='ocrx_word' id='word_1_711' title='bbox 2461 4358 2518 4404; x_wconf 94' lang='lat' dir='ltr'><strong>ut</strong></span> <span class='ocrx_word' id='word_1_712' title='bbox 2554 4350 2638 4406; x_wconf 90' lang='lat' dir='ltr'><strong>his</strong></span> <span class='ocrx_word' id='word_1_713' title='bbox 2674 4351 2914 4407; x_wconf 85' lang='lat' dir='ltr'><strong>declaret</strong></span> <span class='ocrx_word' id='word_1_714' title='bbox 2960 4368 3069 4407; x_wconf 86' lang='lat' dir='ltr'><strong>non</strong></span> <span class='ocrx_word' id='word_1_715' title='bbox 3102 4353 3416 4408; x_wconf 63' lang='lat' dir='ltr'><strong>Iudaeorum</strong></span> <span class='ocrx_word' id='word_1_716' title='bbox 3447 4355 3635 4422; x_wconf 91' lang='lat' dir='ltr'><strong>modo,</strong></span> 
     </span>
    </p>
   </div>
   <div class='ocr_carea' id='block_1_99' title="bbox 2065 4448 3638 4521">
    <p class='ocr_par' dir='ltr' id='par_1_99' title="bbox 2065 4448 3638 4521">
     <span class='ocr_line' id='line_1_99' title="bbox 2065 4448 3638 4521; baseline 0.001 -17"><span class='ocrx_word' id='word_1_717' title='bbox 2065 4448 2161 4504; x_wconf 90' lang='lat' dir='ltr'><strong>sed</strong></span> <span class='ocrx_word' id='word_1_718' title='bbox 2187 4449 2351 4503; x_wconf 89' lang='lat' dir='ltr'><strong>etiam</strong></span> <span class='ocrx_word' id='word_1_719' title='bbox 2386 4449 2624 4518; x_wconf 85' lang='lat' dir='ltr'><strong>gentium</strong></span> <span class='ocrx_word' id='word_1_720' title='bbox 2660 4451 2949 4508; x_wconf 85' lang='lat' dir='ltr'><strong>utilitatem</strong></span> <span class='ocrx_word' id='word_1_721' title='bbox 2984 4452 3169 4506; x_wconf 90' lang='lat' dir='ltr'><strong>curari</strong></span> <span class='ocrx_word' id='word_1_722' title='bbox 3197 4471 3208 4506; x_wconf 89' lang='lat'>:</span> <span class='ocrx_word' id='word_1_723' title='bbox 3244 4451 3449 4521; x_wconf 86' lang='lat' dir='ltr'><strong>Spiritu</strong></span> <span class='ocrx_word' id='word_1_724' title='bbox 3486 4452 3638 4508; x_wconf 91' lang='lat' dir='ltr'><strong>scili-</strong></span> 
     </span>
    </p>
   </div>
   <div class='ocr_carea' id='block_1_100' title="bbox 2064 4543 3636 4615">
    <p class='ocr_par' dir='ltr' id='par_1_100' title="bbox 2064 4543 3636 4615">
     <span class='ocr_line' id='line_1_100' title="bbox 2064 4543 3636 4615; baseline 0 -18"><span class='ocrx_word' id='word_1_725' title='bbox 2064 4549 2150 4597; x_wconf 89' lang='lat' dir='ltr'><strong>cet</strong></span> <span class='ocrx_word' id='word_1_726' title='bbox 2208 4555 2488 4611; x_wconf 64' lang='lat' dir='ltr'><strong>praacones</strong></span> <span class='ocrx_word' id='word_1_727' title='bbox 2537 4543 2781 4613; x_wconf 88' lang='lat' dir='ltr'><strong>gentium</strong></span> <span class='ocrx_word' id='word_1_728' title='bbox 2833 4544 3108 4600; x_wconf 83' lang='lat' dir='ltr'><strong>excitante</strong></span> <span class='ocrx_word' id='word_1_729' title='bbox 3161 4545 3228 4600; x_wconf 88' lang='lat' dir='ltr'><strong>ad</strong></span> <span class='ocrx_word' id='word_1_730' title='bbox 3278 4545 3636 4615; x_wconf 65' lang='lat' dir='ltr'><strong>qumrendum</strong></span> 
     </span>
    </p>
   </div>
   <div class='ocr_carea' id='block_1_101' title="bbox 2062 4619 3637 4708">
    <p class='ocr_par' dir='ltr' id='par_1_101' title="bbox 2062 4619 3637 4708">
     <span class='ocr_line' id='line_1_101' title="bbox 2062 4619 3637 4708; baseline 0.003 -22"><span class='ocrx_word' id='word_1_731' title='bbox 2062 4619 2351 4688; x_wconf 81' lang='lat' dir='ltr'><strong>Dominum</strong></span> <span class='ocrx_word' id='word_1_732' title='bbox 2397 4642 2451 4690; x_wconf 87' lang='lat' dir='ltr'><strong>et</strong></span> <span class='ocrx_word' id='word_1_733' title='bbox 2475 4637 2542 4691; x_wconf 89' lang='lat' dir='ltr'><strong>ad</strong></span> <span class='ocrx_word' id='word_1_734' title='bbox 2573 4635 2915 4707; x_wconf 64' lang='lat' dir='ltr'><strong>praedicanda</strong></span> <span class='ocrx_word' id='word_1_735' title='bbox 2948 4638 3069 4708; x_wconf 87' lang='lat' dir='ltr'><strong>ejus</strong></span> <span class='ocrx_word' id='word_1_736' title='bbox 3097 4652 3280 4708; x_wconf 89' lang='lat' dir='ltr'><strong>opera.</strong></span> <span class='ocrx_word' id='word_1_737' title='bbox 3313 4635 3479 4706; x_wconf 81' lang='lat' dir='ltr'><strong>quue</strong></span> <span class='ocrx_word' id='word_1_738' title='bbox 3510 4652 3637 4691; x_wconf 90' lang='lat' dir='ltr'><strong>cum</strong></span> 
     </span>
    </p>
   </div>
   <div class='ocr_carea' id='block_1_102' title="bbox 2062 4726 3636 4798">
    <p class='ocr_par' dir='ltr' id='par_1_102' title="bbox 2062 4726 3636 4798">
     <span class='ocr_line' id='line_1_102' title="bbox 2062 4726 3636 4798; baseline 0.003 -19"><span class='ocrx_word' id='word_1_739' title='bbox 2062 4726 2280 4798; x_wconf 87' lang='lat' dir='ltr'><strong>hymnis</strong></span> <span class='ocrx_word' id='word_1_740' title='bbox 2311 4727 2578 4796; x_wconf 87' lang='lat' dir='ltr'><strong>agendum</strong></span> <span class='ocrx_word' id='word_1_741' title='bbox 2629 4728 2825 4793; x_wconf 88' lang='lat' dir='ltr'><strong>docet,</strong></span> <span class='ocrx_word' id='word_1_742' title='bbox 2880 4730 2957 4784; x_wconf 91' lang='lat' dir='ltr'><strong>ait</strong></span> <span class='ocrx_word' id='word_1_743' title='bbox 3003 4730 3147 4785; x_wconf 90' lang='lat' dir='ltr'><strong>enim</strong></span> <span class='ocrx_word' id='word_1_744' title='bbox 3183 4749 3195 4784; x_wconf 92' lang='lat'>:</span> <span class='ocrx_word' id='word_1_745' title='bbox 3252 4727 3478 4784; x_wconf 85' lang='lat' dir='ltr'><strong>Cantate</strong></span> <span class='ocrx_word' id='word_1_746' title='bbox 3505 4729 3554 4782; x_wconf 82' lang='lat' dir='ltr'><strong>ei</strong></span> <span class='ocrx_word' id='word_1_747' title='bbox 3584 4737 3636 4783; x_wconf 84' lang='lat' dir='ltr'><strong>et</strong></span> 
     </span>
    </p>
   </div>
   <div class='ocr_carea' id='block_1_103' title="bbox 2061 4819 3637 4893">
    <p class='ocr_par' dir='ltr' id='par_1_103' title="bbox 2061 4819 3637 4893">
     <span class='ocr_line' id='line_1_103' title="bbox 2061 4819 3637 4893; baseline 0.003 -21"><span class='ocrx_word' id='word_1_748' title='bbox 2061 4819 2272 4887; x_wconf 80' lang='lat' dir='ltr'><strong>psallite</strong></span> <span class='ocrx_word' id='word_1_749' title='bbox 2300 4820 2370 4885; x_wconf 73' lang='grc' dir='ltr'>οἱ,</span> <span class='ocrx_word' id='word_1_750' title='bbox 2408 4829 2625 4876; x_wconf 80' lang='lat' dir='ltr'><strong>narrate</strong></span> <span class='ocrx_word' id='word_1_751' title='bbox 2651 4823 2831 4875; x_wconf 84' lang='lat' dir='ltr'><strong>omnia</strong></span> <span class='ocrx_word' id='word_1_752' title='bbox 2877 4821 3148 4876; x_wconf 76' lang='lat' dir='ltr'><strong>mirabilia</strong></span> <span class='ocrx_word' id='word_1_753' title='bbox 3177 4821 3312 4891; x_wconf 78' lang='lat' dir='ltr'><strong>ejus.</strong></span> <span class='ocrx_word' id='word_1_754' title='bbox 3344 4819 3471 4876; x_wconf 83' lang='lat' dir='ltr'><strong>Vult</strong></span> <span class='ocrx_word' id='word_1_755' title='bbox 3504 4838 3637 4893; x_wconf 88' lang='lat' dir='ltr'><strong>gen-</strong></span> 
     </span>
    </p>
   </div>
   <div class='ocr_carea' id='block_1_104' title="bbox 2062 4911 3630 4983">
    <p class='ocr_par' dir='ltr' id='par_1_104' title="bbox 2062 4911 3630 4983">
     <span class='ocr_line' id='line_1_104' title="bbox 2062 4911 3630 4983; baseline 0.003 -19"><span class='ocrx_word' id='word_1_756' title='bbox 2062 4911 2244 4975; x_wconf 89' lang='lat' dir='ltr'><strong>tibus,</strong></span> <span class='ocrx_word' id='word_1_757' title='bbox 2299 4917 2487 4982; x_wconf 89' lang='lat' dir='ltr'><strong>utpote</strong></span> <span class='ocrx_word' id='word_1_758' title='bbox 2534 4913 2916 4983; x_wconf 88' lang='lat' dir='ltr'><strong>ignorantibus</strong></span> <span class='ocrx_word' id='word_1_759' title='bbox 2963 4929 3028 4967; x_wconf 90' lang='lat' dir='ltr'><strong>ac</strong></span> <span class='ocrx_word' id='word_1_760' title='bbox 3079 4913 3324 4970; x_wconf 83' lang='lat' dir='ltr'><strong>nondum</strong></span> <span class='ocrx_word' id='word_1_761' title='bbox 3377 4914 3630 4980; x_wconf 89' lang='lat' dir='ltr'><strong>edoctis,</strong></span> 
     </span>
    </p>
   </div>
   <div class='ocr_carea' id='block_1_105' title="bbox 2062 5004 3633 5077">
    <p class='ocr_par' dir='ltr' id='par_1_105' title="bbox 2062 5004 3633 5077">
     <span class='ocr_line' id='line_1_105' title="bbox 2062 5004 3633 5077; baseline 0.004 -21"><span class='ocrx_word' id='word_1_762' title='bbox 2062 5004 2374 5060; x_wconf 78' lang='lat' dir='ltr'><strong>annuntiari</strong></span> <span class='ocrx_word' id='word_1_763' title='bbox 2404 5012 2607 5073; x_wconf 87' lang='lat' dir='ltr'><strong>quanta</strong></span> <span class='ocrx_word' id='word_1_764' title='bbox 2661 5007 2789 5061; x_wconf 90' lang='lat' dir='ltr'><strong>olim</strong></span> <span class='ocrx_word' id='word_1_765' title='bbox 2837 5007 3100 5060; x_wconf 88' lang='lat' dir='ltr'><strong>beneﬁcia</strong></span> <span class='ocrx_word' id='word_1_766' title='bbox 3145 5008 3287 5062; x_wconf 87' lang='lat' dir='ltr'><strong>Deus</strong></span> <span class='ocrx_word' id='word_1_767' title='bbox 3318 5007 3501 5077; x_wconf 88' lang='lat' dir='ltr'><strong>prisco</strong></span> <span class='ocrx_word' id='word_1_768' title='bbox 3530 5023 3633 5076; x_wconf 87' lang='lat' dir='ltr'><strong>po-</strong></span> 
     </span>
    </p>
   </div>
   <div class='ocr_carea' id='block_1_106' title="bbox 2061 5097 3633 5169">
    <p class='ocr_par' dir='ltr' id='par_1_106' title="bbox 2061 5097 3633 5169">
     <span class='ocr_line' id='line_1_106' title="bbox 2061 5097 3633 5169; baseline 0.002 -19"><span class='ocrx_word' id='word_1_769' title='bbox 2061 5097 2189 5166; x_wconf 88' lang='lat' dir='ltr'><strong>pulo</strong></span> <span class='ocrx_word' id='word_1_770' title='bbox 2235 5098 2595 5167; x_wconf 82' lang='lat' dir='ltr'><strong>impertierit;</strong></span> <span class='ocrx_word' id='word_1_771' title='bbox 2637 5114 2703 5153; x_wconf 92' lang='lat' dir='ltr'><strong>ac</strong></span> <span class='ocrx_word' id='word_1_772' title='bbox 2753 5100 3028 5169; x_wconf 87' lang='lat' dir='ltr'><strong>quomodo</strong></span> <span class='ocrx_word' id='word_1_773' title='bbox 3059 5100 3135 5153; x_wconf 90' lang='lat' dir='ltr'><strong>illi</strong></span> <span class='ocrx_word' id='word_1_774' title='bbox 3184 5100 3392 5154; x_wconf 89' lang='lat' dir='ltr'><strong>inﬁnita</strong></span> <span class='ocrx_word' id='word_1_775' title='bbox 3437 5115 3467 5151; x_wconf 92' lang='lat' dir='ltr'><strong>a</strong></span> <span class='ocrx_word' id='word_1_776' title='bbox 3522 5098 3633 5153; x_wconf 89' lang='lat' dir='ltr'><strong>Deo</strong></span> 
     </span>
    </p>
   </div>
   <div class='ocr_carea' id='block_1_107' title="bbox 2062 5191 3636 5262">
    <p class='ocr_par' dir='ltr' id='par_1_107' title="bbox 2062 5191 3636 5262">
     <span class='ocr_line' id='line_1_107' title="bbox 2062 5191 3636 5262; baseline 0.002 -20"><span class='ocrx_word' id='word_1_777' title='bbox 2062 5205 2288 5244; x_wconf 88' lang='lat' dir='ltr'><strong>munera</strong></span> <span class='ocrx_word' id='word_1_778' title='bbox 2310 5192 2611 5254; x_wconf 86' lang='lat' dir='ltr'><strong>consecuti,</strong></span> <span class='ocrx_word' id='word_1_779' title='bbox 2649 5191 2810 5261; x_wconf 88' lang='lat' dir='ltr'><strong>impie</strong></span> <span class='ocrx_word' id='word_1_780' title='bbox 2839 5193 3168 5262; x_wconf 87' lang='lat' dir='ltr'><strong>transgressi</strong></span> <span class='ocrx_word' id='word_1_781' title='bbox 3201 5193 3344 5258; x_wconf 89' lang='lat' dir='ltr'><strong>sint;</strong></span> <span class='ocrx_word' id='word_1_782' title='bbox 3370 5207 3478 5260; x_wconf 81' lang='lat' dir='ltr'><strong>qua</strong></span> <span class='ocrx_word' id='word_1_783' title='bbox 3501 5192 3636 5245; x_wconf 90' lang='lat' dir='ltr'><strong>item</strong></span> 
     </span>
    </p>
   </div>
   <div class='ocr_carea' id='block_1_108' title="bbox 2058 5281 3636 5353">
    <p class='ocr_par' dir='ltr' id='par_1_108' title="bbox 2058 5281 3636 5353">
     <span class='ocr_line' id='line_1_108' title="bbox 2058 5281 3636 5353; baseline 0 -19"><span class='ocrx_word' id='word_1_784' title='bbox 2058 5281 2270 5336; x_wconf 75' lang='lat' dir='ltr'><strong>ratione</strong></span> <span class='ocrx_word' id='word_1_785' title='bbox 2302 5283 2373 5336; x_wconf 92' lang='lat' dir='ltr'><strong>ob</strong></span> <span class='ocrx_word' id='word_1_786' title='bbox 2405 5283 2722 5352; x_wconf 91' lang='lat' dir='ltr'><strong>iniquitates</strong></span> <span class='ocrx_word' id='word_1_787' title='bbox 2754 5297 2882 5337; x_wconf 87' lang='lat' dir='ltr'><strong>suas</strong></span> <span class='ocrx_word' id='word_1_788' title='bbox 2909 5299 2939 5336; x_wconf 90' lang='lat' dir='ltr'><strong>a</strong></span> <span class='ocrx_word' id='word_1_789' title='bbox 2975 5282 3069 5336; x_wconf 89' lang='lat' dir='ltr'><strong>Dei</strong></span> <span class='ocrx_word' id='word_1_790' title='bbox 3114 5283 3451 5353; x_wconf 87' lang='lat' dir='ltr'><strong>providentia</strong></span> <span class='ocrx_word' id='word_1_791' title='bbox 3493 5282 3636 5351; x_wconf 71' lang='lat' dir='ltr'><strong>lapsi»</strong></span> 
     </span>
    </p>
   </div>
   <div class='ocr_carea' id='block_1_109' title="bbox 2059 5369 3634 5441">
    <p class='ocr_par' dir='ltr' id='par_1_109' title="bbox 2059 5369 3634 5441">
     <span class='ocr_line' id='line_1_109' title="bbox 2059 5369 3634 5441; baseline -0.003 -15"><span class='ocrx_word' id='word_1_792' title='bbox 2059 5371 2188 5426; x_wconf 88' lang='lat' dir='ltr'><strong>sint.</strong></span> <span class='ocrx_word' id='word_1_793' title='bbox 2220 5369 2379 5427; x_wconf 75' lang='lat' dir='ltr'><strong>lubet</strong></span> <span class='ocrx_word' id='word_1_794' title='bbox 2397 5383 2575 5428; x_wconf 83' lang='lat' dir='ltr'><strong>autem</strong></span> <span class='ocrx_word' id='word_1_795' title='bbox 2603 5388 2697 5427; x_wconf 87' lang='lat' dir='ltr'><strong>eos</strong></span> <span class='ocrx_word' id='word_1_796' title='bbox 2724 5379 2780 5426; x_wconf 86' lang='lat' dir='ltr'><strong>et</strong></span> <span class='ocrx_word' id='word_1_797' title='bbox 2799 5373 3126 5441; x_wconf 85' lang='lat' dir='ltr'><strong>interpretes</strong></span> <span class='ocrx_word' id='word_1_798' title='bbox 3151 5382 3203 5426; x_wconf 89' lang='lat' dir='ltr'><strong>et</strong></span> <span class='ocrx_word' id='word_1_799' title='bbox 3249 5371 3634 5441; x_wconf 80' lang='lat' dir='ltr'><strong>explanatores</strong></span> 
     </span>
    </p>
   </div>
   <div class='ocr_carea' id='block_1_110' title="bbox 2058 5461 3627 5532">
    <p class='ocr_par' dir='ltr' id='par_1_110' title="bbox 2058 5461 3627 5532">
     <span class='ocr_line' id='line_1_110' title="bbox 2058 5461 3627 5532; baseline -0.002 -16"><span class='ocrx_word' id='word_1_800' title='bbox 2058 5476 2181 5517; x_wconf 89' lang='lat' dir='ltr'><strong>esse</strong></span> <span class='ocrx_word' id='word_1_801' title='bbox 2200 5476 2530 5517; x_wconf 82' lang='lat' dir='ltr'><strong>arcanorum</strong></span> <span class='ocrx_word' id='word_1_802' title='bbox 2559 5477 2680 5530; x_wconf 74' lang='lat' dir='ltr'><strong>qua:</strong></span> <span class='ocrx_word' id='word_1_803' title='bbox 2702 5461 2884 5515; x_wconf 88' lang='lat' dir='ltr'><strong>divina</strong></span> <span class='ocrx_word' id='word_1_804' title='bbox 2906 5462 3120 5532; x_wconf 90' lang='lat' dir='ltr'><strong>eloquia</strong></span> <span class='ocrx_word' id='word_1_805' title='bbox 3148 5462 3586 5530; x_wconf 80' lang='lat' dir='ltr'><strong>complectuntur</strong></span> <span class='ocrx_word' id='word_1_806' title='bbox 3609 5477 3627 5513; x_wconf 88' lang='lat'><strong>:</strong></span> 
     </span>
    </p>
   </div>
   <div class='ocr_carea' id='block_1_111' title="bbox 2057 5552 3640 5623">
    <p class='ocr_par' dir='ltr' id='par_1_111' title="bbox 2057 5552 3640 5623">
     <span class='ocr_line' id='line_1_111' title="bbox 2057 5552 3640 5623; baseline -0.003 -16"><span class='ocrx_word' id='word_1_807' title='bbox 2057 5569 2179 5623; x_wconf 69' lang='lat' dir='ltr'><strong>qum</strong></span> <span class='ocrx_word' id='word_1_808' title='bbox 2231 5568 2362 5608; x_wconf 90' lang='lat' dir='ltr'><strong>sane</strong></span> <span class='ocrx_word' id='word_1_809' title='bbox 2410 5553 2683 5607; x_wconf 76' lang='lat' dir='ltr'><strong>mirabilia</strong></span> <span class='ocrx_word' id='word_1_810' title='bbox 2712 5553 2834 5623; x_wconf 89' lang='lat' dir='ltr'><strong>ejus</strong></span> <span class='ocrx_word' id='word_1_811' title='bbox 2873 5553 3114 5607; x_wconf 90' lang='lat' dir='ltr'><strong>fuerint:</strong></span> <span class='ocrx_word' id='word_1_812' title='bbox 3151 5569 3216 5608; x_wconf 88' lang='lat' dir='ltr'><strong>ac</strong></span> <span class='ocrx_word' id='word_1_813' title='bbox 3253 5552 3528 5623; x_wconf 66' lang='lat' dir='ltr'><strong>praecipit,</strong></span> <span class='ocrx_word' id='word_1_814' title='bbox 3573 5559 3640 5604; x_wconf 73' lang='lat' dir='ltr'><strong>ut.</strong></span> 
     </span>
    </p>
   </div>
   <div class='ocr_carea' id='block_1_112' title="bbox 2059 5645 3644 5718">
    <p class='ocr_par' dir='ltr' id='par_1_112' title="bbox 2059 5645 3644 5718">
     <span class='ocr_line' id='line_1_112' title="bbox 2059 5645 3644 5718; baseline 0.003 -20"><span class='ocrx_word' id='word_1_815' title='bbox 2059 5645 2276 5716; x_wconf 85' lang='lat' dir='ltr'><strong>hymnis</strong></span> <span class='ocrx_word' id='word_1_816' title='bbox 2335 5645 2439 5716; x_wconf 89' lang='lat' dir='ltr'><strong>ipsi</strong></span> <span class='ocrx_word' id='word_1_817' title='bbox 2495 5645 2667 5700; x_wconf 89' lang='lat' dir='ltr'><strong>vicem</strong></span> <span class='ocrx_word' id='word_1_818' title='bbox 2716 5646 3051 5718; x_wconf 86' lang='lat' dir='ltr'><strong>rependant,</strong></span> <span class='ocrx_word' id='word_1_819' title='bbox 3083 5655 3136 5702; x_wconf 91' lang='lat' dir='ltr'><strong>et</strong></span> <span class='ocrx_word' id='word_1_820' title='bbox 3169 5647 3268 5702; x_wconf 86' lang='lat' dir='ltr'><strong>abs</strong></span> <span class='ocrx_word' id='word_1_821' title='bbox 3300 5661 3361 5702; x_wconf 87' lang='lat' dir='ltr'><strong>se</strong></span> <span class='ocrx_word' id='word_1_822' title='bbox 3416 5651 3644 5716; x_wconf 61' lang='lat' dir='ltr'><strong>patrata:</strong></span> 
     </span>
    </p>
   </div>
   <div class='ocr_carea' id='block_1_113' title="bbox 2060 5737 3052 5809">
    <p class='ocr_par' dir='ltr' id='par_1_113' title="bbox 2060 5737 3052 5809">
     <span class='ocr_line' id='line_1_113' title="bbox 2060 5737 3052 5809; baseline 0 -17"><span class='ocrx_word' id='word_1_823' title='bbox 2060 5737 2331 5792; x_wconf 88' lang='lat' dir='ltr'><strong>mirabilia</strong></span> <span class='ocrx_word' id='word_1_824' title='bbox 2363 5737 2745 5808; x_wconf 77' lang='lat' dir='ltr'><strong>ignorantibus</strong></span> <span class='ocrx_word' id='word_1_825' title='bbox 2777 5755 2799 5789; x_wconf 68' lang='grc' dir='ltr'><em>τ</em></span> <span class='ocrx_word' id='word_1_826' title='bbox 2816 5738 3052 5809; x_wconf 67' lang='lat' dir='ltr'><strong>perierit.</strong></span> 
     </span>
    </p>
   </div>
  </div>
