4102 6404
466 461 603 516 1299

1104 460 1401 528 (EUSEBII
1453 461 1940 518 CESARIENSIS
1968 459 2119 518 OPP.
2164 456 2344 515 PARS
2369 456 2458 513 Ill.
2481 455 2978 514 —EXEGETICA.

3593 451 3755 513 1500

540 577 700 634 Vens.
735 579 768 632 5
817 578 870 631 li.
917 576 1242 634 Laudamini
1293 580 1348 632 in
1404 581 1610 632 nomine
1657 585 1840 631 sancto
1873 576 1986 643 eius
2025 591 2042 628 :

2233 573 2601 629 Ἐπαινεῖσθε
2629 574 2701 626 ἐν
2723 571 2804 637 τῷ
2831 573 3075 640 ὀνόματι
3103 568 3182 636 τῷ
3219 569 3368 640 ἁγίῳ
3394 568 3604 624 αὐτοῦ·
3638 571 3750 624 εὐ-

464 672 676 727 lwtetur
707 687 797 726 cor
833 672 1183 742 quwrentium
1231 671 1542 726 Dominum.
1593 670 1828 737 Quazrite
1864 669 2048 723 Domi-

465 781 613 832 num,
648 774 697 819 et
731 765 1147 836 conﬁrmamini,
1183 765 1403 835 quwrite
1455 763 1644 832 faciem
1678 762 1793 832 ejus
1826 778 2044 828 semper.

465 855 611 914 Laus
678 862 824 914 enim
867 866 922 914 et
969 858 1141 930 gloria
1196 858 1263 913 iis
1325 864 1411 913 est
1462 855 1556 928 qui
1622 855 1718 910 Dei
1789 855 2050 911 virtutem

464 959 744 1008 enarrant.
775 951 975 1024 Aquila
1016 967 1146 1008 vero
1191 951 1313 1006 loco
1359 951 1526 1014 illius,
1583 949 1905 1013 laudamini,
1964 949 2051 1003 in-

465 1052 819 1116 terpretatur,
854 1044 1181 1115 gloriamini.
1215 1042 1468 1115 Praecipit
1499 1052 1681 1098 autem
1711 1057 1893 1098 sermo
1919 1056 2050 1112 apo-

464 1132 624 1189 stolis
647 1148 947 1204 eorumque
975 1134 1413 1198 successoribus,
1445 1140 1504 1187 ut
1533 1149 1602 1188 ne
1650 1133 1706 1187 in
1733 1131 1964 1196 divitiis,
1992 1131 2048 1185 in

464 1224 690 1290 robore,
723 1225 778 1279 in
803 1228 1068 1296 potentia,
1103 1228 1272 1281 altum
1305 1226 1519 1297 sapiant
1545 1244 1560 1282 :
1592 1225 1689 1282 sed
1719 1227 1775 1281 in
1806 1227 1921 1281 veri
1950 1224 2047 1281 Dei

463 1319 780 1390 cognitione
807 1327 861 1374 et
890 1319 1254 1391 providentia,
1291 1334 1355 1374 ac
1391 1323 1444 1373 in
1479 1335 1545 1374 eo
1577 1318 1722 1389 quod
1747 1317 2048 1374 Christiani

465 1391 753 1466 vocentur.
788 1409 904 1466 Hoc
954 1416 1084 1465 item
1110 1412 1266 1480 jubet
1298 1411 1520 1465 divinus
1550 1410 1866 1480 Apostolus,
1917 1409 2048 1463 dum

465 1503 544 1557 ait
577 1523 590 1558 :
619 1503 723 1570 Qui
762 1505 1044 1574 gloriatur,
1074 1506 1129 1559 in
1163 1504 1386 1558 Domino
1427 1505 1683 1574 glorietur
1712 1519 1731 1557 :
1769 1519 1871 1556 non
1911 1502 2050 1556 enim

464 1596 556 1665 qui
583 1596 812 1664 seipsum
857 1597 1187 1650 commendat
1231 1597 1321 1652 ille
1348 1597 1601 1666 probatus
1628 1605 1738 1662 est,
1777 1595 1868 1650 sed
1897 1611 2049 1666 quem

464 1687 725 1744 Dominus
747 1688 1076 1743 commendat
1094 1691 1160 1744 ⁸³.
1187 1689 1424 1760 ldipsum
1444 1689 1731 1754 Jeremias,
1754 1689 1806 1743 id
1831 1689 2051 1760 sapien-

2151 665 2466 738 φρανθήτω
2511 663 2723 734 καρδία
2774 663 3108 732 ζητούντων
3144 661 3250 715 τὸν
3274 663 3513 730 Κύριον.
3545 661 3748 730 Ζητή-

2150 775 2299 812 σατε
2344 757 2453 811 τόν
2489 757 2729 825 Κύριον,
2759 755 2862 809 καί
2893 752 3305 823 κραταιώθητε·
3327 751 3623 821 ζητήσατε
3669 752 3749 806 τὸ

2151 852 2476 921 πρόσωπον
2496 849 2682 904 αὐτοῦ
2699 847 3044 912 διαπαντός.
3072 847 3331 908 Ἐπαινος
3361 843 3469 916 γὰρ
3496 845 3591 897 xui.
3608 843 3747 908 δόξα

2150 946 2262 1007 τοίς
2280 941 2380 1014 τὴν
2397 940 2597 1013 ἀρετὴν
2625 939 2720 993 τοῦ
2739 939 2874 993 Θεοῦ
2903 937 3300 1010 διηγουμένοις.
3334 938 3392 989 '0
3406 937 3465 991 δὲ
3503 935 3747 1000 Ἀκύλας

2151 1034 2273 1089 ἀντὶ
2311 1032 2402 1086 τοῦ
2457 1031 2820 1097 ἐπαινεῖσθε,
2865 1027 3175 1098 καυχᾶσθε
3217 1027 3453 1083 τέθεικε.
3483 1031 3746 1102 Παρακε-

2151 1126 2366 1179 λεύεται
2391 1123 2448 1177 δέ
2473 1125 2501 1176 ό
2533 1123 2688 1192 λόγος
2706 1125 2820 1187 τοῖς
2858 1122 3178 1184 ἀποστόλοις
3211 1122 3307 1176 xui.
3333 1125 3446 1186 τοῖς
3471 1122 3746 1193 διαδόχοις

2152 1217 2353 1282 αὐτῶν,
2393 1217 2467 1289 μὴ
2511 1216 2605 1270 ἐπὶ
2634 1214 2870 1286 πλούτῳ,
2917 1215 2991 1286 μὴ
3016 1214 3108 1267 ἐπὶ
3144 1214 3323 1288 ῥώμῃ,
3349 1213 3425 1286 μὴ
3442 1214 3537 1266 ἐτι)⁹
3571 1214 3744 1266 δυνα-

2155 1313 2327 1384 στείᾳ,
2378 1313 2520 1383 μέγα
2544 1311 2781 1381 φρονεῖν·
2813 1307 2926 1361 ἀλλ’
2971 1310 3030 1362 ἐν
3074 1310 3138 1378 τῇ
3177 1307 3270 1360 τοῦ
3315 1306 3569 1379 ἀληθινοῦ
3599 1305 3746 1360 Θεοῦ

2153 1406 2349 1476 γνώσει
2377 1403 2472 1459 xui.
2497 1401 2808 1475 προμηθείᾳ
2833 1401 2928 1454 καὶ
2951 1398 3028 1470 τῷ
3047 1399 3328 1454 καλεῖσθαι
3353 1397 3745 1472 Χριστιανούς.

2152 1497 2327 1552 Τοῦτο
2351 1494 2712 1568 παρηγγύησε
2732 1493 2826 1548 καὶ
2841 1495 2869 1546 ὁ
2891 1493 3035 1556 θεῖος
3069 1490 3405 1553 Ἀπόστολος·
3436 1491 3488 1543 Ὁ
3504 1487 3749 1559 καυχώ-

2147 1609 2334 1662 μενος
2363 1590 2492 1660 γάρ,
2533 1589 2717 1657 φησιν,
2743 1586 2814 1638 ἐν
2834 1585 3027 1654 Κυρίῳ
3067 1581 3409 1652 καυχάσθωθ
3440 1584 3513 1636 οὐ
3556 1582 3669 1653 γὰρ
3712 1585 3751 1638 ό

2152 1683 2371 1741 ἑαυτὸν
2397 1680 2705 1737 συνιστῶν
2728 1678 2957 1744 ἐκεῖνος
2984 1678 3246 1746 δόκιμος,
3287 1677 3425 1731 ἀλλ’
3459 1676 3533 1730 ὃν
3560 1679 3594 1730 ό
3624 1675 3749 1730 Κύ-

465 1783 674 1837 tissima
697 1783 855 1837 Anna
881 1784 1243 1853 pronuntiant
1275 1802 1287 1837 :
1317 1781 1441 1838 Non
1473 1783 1731 1853 glorietur
1756 1783 1966 1851 sapiens
1995 1783 2051 1836 in

2152 1793 2278 1846 ριος
2311 1773 2662 1840 συνίστησι.
2714 1769 2898 1825 Ταῦτα
2926 1769 3020 1822 xui.
3053 1765 3324 1838 Ἱερεμίας
3361 1765 3455 1820 xui.
3490 1766 3525 1837 ὴ
3563 1780 3750 1835 σοφω-

463 1874 726 1943 sapientia
759 1891 878 1942 sua,
913 1883 964 1930 et
1002 1891 1106 1928 non
1153 1875 1412 1945 glorietur
1456 1874 1612 1944 fortis
1649 1875 1704 1927 in
1735 1871 2052 1942 fortitudine

2151 1869 2288 1938 τάτη
2327 1868 2495 1920 Ἀννα
2524 1863 2762 1932 διέξεισι’
2794 1862 2892 1930 Μὴ
2938 1859 3264 1929 καυχάσθω
3294 1862 3327 1914 ό
3355 1859 3551 1928 σοφὸς
3577 1856 3748 1926 ἐντῇ

463 1983 584 2031 sua,
616 1976 666 2020 et
696 1983 798 2020 non
849 1966 1106 2037 glorietur
1153 1965 1297 2019 dives
1341 1967 1397 2018 in
1450 1964 1653 2019 divitiis
1688 1965 1799 2018 suis
1827 1978 1844 2016 :
1876 1961 1966 2018 sed
1993 1964 2049 2017 in

2152 1961 2339 2030 σοφίᾳ
2361 1957 2568 2025 αὑτοῦ,
2604 1955 2702 2011 καί
2723 1954 2808 2026 μὴ
2839 1953 3164 2022 καυχάσθω
3201 1955 3234 2007 ό
3266 1952 3522 2020 ἰσχυρὸς
3552 1950 3626 2004 ἐν
3666 1948 3752 2018 τῇ

462 2057 560 2112 hoc
587 2058 845 2129 glorietur
873 2059 963 2130 qui
985 2059 1270 2129 gloriatur,
1297 2057 1637 2129 intelligendo
1662 2066 1712 2111 et
1735 2072 2050 2128 cognoscen-

461 2151 552 2217 do,
574 2153 700 2223 quia
722 2169 815 2224 ego
843 2168 961 2206 sum
993 2151 1276 2216 Dominus,
1310 2151 1401 2220 qui
1439 2151 1580 2220 facio
1628 2148 2048 2205 misericordiam

462 2253 513 2299 et
535 2245 809 2314 justitiam
835 2247 890 2299 in
921 2255 1066 2299 terra
1105 2245 1173 2298 ⁵³.
1199 2243 1432 2300 Laetetur
1455 2262 1547 2300 cor
1565 2245 1915 2316 quwrentium
1934 2242 2047 2299 Do-

463 2338 694 2402 minum,
729 2336 784 2392 id
812 2343 918 2402 est,
951 2337 1324 2393 invocantium
1345 2353 1469 2393 eum
1496 2338 1563 2393 ad
1595 2353 1774 2408 opem,
1793 2337 1908 2393 sive
1937 2339 2050 2390 vir-

464 2437 582 2484 tute
620 2429 687 2483 ad
723 2445 847 2484 eum
886 2430 1248 2498 tendentium,
1273 2446 1304 2485 a
1329 2431 1530 2502 quibus
1560 2431 1726 2485 etiam
1752 2428 2045 2484 invenitur.

464 2522 632 2580 Docet
673 2531 854 2579 autem
881 2532 1085 2596 quanta
1119 2526 1329 2582 utilitas
1352 2541 1421 2582 ex
1461 2523 1809 2580 confessione
1850 2538 2045 2593 prove-

463 2615 595 2671 niet.
631 2615 769 2671 Nam
793 2617 938 2688 quod
980 2618 1331 2688 quaesivistis,
1368 2617 1466 2681 ait,
1512 2617 1567 2672 id
1606 2614 1819 2671 accidet
1859 2615 2048 2682 vobis;

463 2707 717 2763 videlicet
749 2709 916 2764 animi
962 2710 1148 2766 laatitia
1180 2729 1194 2764 :
1229 2710 1321 2765 illa
1363 2710 1564 2782 quippe
1598 2709 1713 2780 spei
1745 2709 1856 2764 Deo
1891 2724 2050 2779 repo-

465 2800 585 2855 sita:
628 2799 843 2857 fructus
892 2809 998 2858 est.
1043 2802 1430 2859 Animadverte
1475 2810 1654 2858 autem
1703 2803 1978 2874 quomodo
2017 2817 2050 2856 a

467 2892 819 2950 confessione
871 2894 1158 2965 inceperit,
1200 2903 1254 2950 et
1279 2894 1334 2949 in
1367 2895 1613 2949 laetitiam
1649 2893 1881 2950 desinat.
1911 2891 2049 2946 Nam

464 2986 744 3058 profectus
784 2987 1086 3043 secundum
1134 2985 1305 3042 Deum
1352 2987 1571 3042 initium
1613 2985 1890 3042 confessio
1922 2992 2048 3052 est;

465 3075 592 3130 ﬁnis
619 3083 801 3130 autem
838 3076 1022 3130 laetitia
1069 3075 1368 3132 secundum
1421 3076 1590 3132 Deum
1618 3095 1631 3131 :
1655 3076 1888 3146 plurima
1919 3089 2052 3130 vero

467 3174 597 3223 sunt
615 3167 673 3222 in
690 3167 870 3223 medio
895 3169 1091 3222 horum
1123 3169 1324 3238 posita.
1352 3167 1582 3239 Oportet
1605 3168 1770 3239 igitur
1801 3167 2050 3222 homines

467 3260 648 3330 primo
678 3257 926 3313 conﬁteri
956 3257 1188 3312 Domino
1218 3274 1317 3328 per
1343 3261 1613 3313 sinceram
1647 3258 2046 3328 paenitentiam,

469 3365 536 3404 ac
585 3365 682 3422 per
723 3350 936 3405 fructus
985 3349 1315 3405 confessioni
1378 3357 1741 3420 congruentes
1791 3363 1808 3399 :
1856 3348 2053 3404 deinde

467 3457 601 3496 vero
638 3442 703 3496 ad
739 3442 966 3497 meliora
993 3440 1266 3512 profectos
1296 3441 1570 3497 conlidere
1595 3448 1649 3496 et
1674 3442 1929 3496 invocare
1954 3457 2055 3496 no-

467 3551 592 3590 men
621 3534 741 3605 ejus
775 3553 788 3590 :
817 3534 1007 3606 sicque
1033 3534 1125 3590 ubi
1153 3544 1279 3606 post
1307 3532 1717 3589 confessionem
1757 3534 2054 3590 invocave-

467 3629 579 3683 rint
605 3643 755 3692 eum,
804 3628 1008 3684 divinis
1059 3626 1485 3683 charismatibus
1525 3624 1760 3695 donari;
1806 3625 1910 3681 sub
1941 3625 2056 3682 haec

467 3721 557 3778 his
581 3722 842 3792 acceptis,
875 3736 1042 3791 opera
1063 3737 1185 3792 quae
1215 3719 1525 3776 didicerunt
1553 3720 1810 3774 omnibus
1840 3735 2056 3775 annun-

468 3814 680 3880 tiando,
701 3813 825 3870 aliis
855 3828 1072 3883 quoque
1100 3813 1261 3867 utiles
1284 3826 1405 3867 esse
1439 3829 1452 3865 :
1481 3825 1546 3864 ac
1576 3821 1772 3880 praeter
1792 3810 1907 3865 haec
1937 3825 2057 3866 om-

470 3908 586 3970 nia,
619 3913 807 3977 utpotc
857 3906 1044 3960 lmtitia
1081 3905 1196 3970 illa,
1237 3920 1361 3976 qua:
1408 3905 1715 3959 secundum
1747 3904 1915 3958 Deum
1947 3911 2053 3972 est,

470 4000 746 4071 dignatas,
776 4008 1001 4055 cantare
1041 3999 1090 4055 ei
1119 4005 1174 4054 et
1196 3999 1428 4069 psallere
1451 3999 1498 4053 ei
1534 4017 1548 4053 :
1579 3996 1881 4054 secundum
1917 3997 2053 4061 haec,

469 4094 854 4164 explanatores
875 4109 998 4149 esse
1025 4108 1373 4159 arcanorum,
1405 4108 1525 4164 qua:
1554 4094 1606 4146 in
1629 4090 1831 4146 divinis
1853 4104 2058 4145 sermo-

469 4186 635 4240 nibus
661 4186 1049 4253 continentur;
1078 4187 1228 4250 hinc,
1260 4193 1449 4256 utpote
1481 4185 1573 4255 qui
1605 4184 1720 4238 haec
1755 4183 1938 4238 omnia
1970 4197 2057 4237 re-

469 4285 559 4333 cte
582 4277 916 4348 peregerint,
945 4278 1157 4332 laudari
1187 4279 1242 4332 in
1268 4278 1490 4333 nomine
1512 4277 1665 4347 ejus;
1691 4276 1910 4331 demum
1934 4284 2057 4345 post

469 4370 589 4425 haec
645 4371 831 4425 omnia
896 4371 1076 4426 anima
1135 4371 1328 4435 lactari,
1373 4387 1496 4442 quae
1543 4385 1640 4426 cor
1673 4369 1894 4424 dicitur.
1932 4367 2058 4424 Haec

470 4478 637 4535 porro
664 4479 786 4534 quae
815 4462 1103 4518 Dominum
1138 4464 1410 4534 quaesivit,
1439 4471 1556 4518 tum
1586 4478 1652 4518 ex
1685 4463 1802 4533 ipsa
1834 4461 2058 4532 perqui-

469 4553 696 4616 sitione,
722 4560 838 4606 tum
871 4553 1019 4623 quod
1047 4553 1344 4622 quaerendo
1391 4553 1654 4624 reperiat,
1706 4567 1771 4609 ea
1814 4568 1936 4623 quae
1970 4568 2059 4609 se-

471 4645 712 4701 cundum
738 4642 910 4700 Deum
943 4651 1029 4700 est
1060 4645 1247 4699 laetitia
1281 4644 1517 4700 fruatur.

543 4828 736 4885 Istbrec
767 4843 899 4884 vero
923 4827 1109 4882 omnia
1140 4826 1353 4883 aestimo
1382 4828 1452 4884 ad
1500 4843 1793 4900 personam
1826 4841 2053 4903 aposto-

472 4922 653 4978 lorum
683 4935 713 4974 a
738 4920 946 4992 Spiritu
978 4929 1172 4977 sancto
1199 4920 1417 4978 referri.
1445 4921 1580 4978 Nam
1613 4923 1747 4979 illud
1783 4941 1796 4978 :
1826 4925 2054 4981 Annuu-

473 5017 603 5070 tiate
629 5017 683 5069 in
710 5013 949 5084 gentibus
979 5031 1139 5085 opera
1166 5015 1302 5084 ejus,
1327 5030 1438 5071 non
1475 5016 1598 5071 aliis
1631 5016 1814 5073 dicere
1855 5033 2057 5076 conve-

471 5109 556 5165 nit
576 5122 740 5180 quam
761 5107 890 5162 illis.
917 5105 1199 5163 Sermonis
1227 5123 1392 5179 porro
1412 5108 1698 5163 veritatem
1719 5109 1838 5180 ipse
1866 5125 2052 5166 rerum

470 5209 704 5259 eventus
733 5200 1082 5256 testiﬁcatur.
1113 5198 1328 5256 Etenim
1365 5201 1403 5258 ii
1438 5201 1542 5257 soli
1565 5202 1622 5255 in
1645 5203 1902 5272 gentibus
1929 5219 2053 5274 quae

473 5313 572 5353 sua
604 5310 771 5366 opera
816 5294 1198 5351 universorum
1249 5292 1419 5350 Deum
1453 5304 1848 5367 cognoverunt,
1883 5312 2048 5367 opera

472 5387 572 5444 Dei
610 5385 1100 5449 annuntiaverunt,
1131 5367 1270 5454 quas
1317 5392 1508 5456 gentes
1561 5386 1815 5454 superius
1859 5402 2053 5442 novam

473 5477 878 5549 generationem
924 5483 980 5531 et
1027 5463 1286 5546 populum
1317 5477 1408 5547 qui
1448 5483 1668 5531 creatur
1699 5479 2054 5548 nuncupavit.

474 5569 613 5625 Eum
646 5569 832 5639 itaque
864 5568 960 5638 qui
993 5567 1281 5623 Dominum
1310 5567 1642 5639 quaesiturus
1671 5578 1777 5635 est,
1809 5585 1947 5639 opus
1975 5580 2060 5625 est

475 5659 655 5730 primo
673 5672 770 5728 per
791 5658 1064 5714 sinceram
1083 5657 1464 5726 pmnitentiam
1486 5663 1542 5712 et
1560 5671 1657 5726 per
1677 5656 1890 5712 fructus
1908 5655 2060 5724 ejus-

476 5749 604 5805 dem
649 5746 899 5803 conllteri
941 5765 959 5806 :
999 5762 1129 5803 nam
1165 5746 1261 5816 qui
1295 5745 1421 5800 talis
1448 5753 1556 5810 est,
1587 5745 1757 5801 Deum
1789 5761 2055 5816 quaerere,

550 5906 597 5939 "
637 5905 681 5965 11
713 5904 842 5962 Cor.
877 5919 947 5973 ι,
982 5905 1072 5972 i7,
1107 5903 1195 5959 18.
1273 5902 1320 5936 ⁸³
1358 5900 1465 5957 Jer.
1506 5917 1580 5971 Ix,
1613 5901 1717 5972 23,
1753 5902 1842 5958 24.

2151 2054 2324 2122 ἰσχύϊ
2341 2049 2549 2115 αὐτοῦ,
2583 2050 2680 2104 καί
2711 2047 2797 2119 μὴ
2825 2046 3146 2117 καυχάσθω
3176 2048 3210 2100 ὁ
3243 2045 3540 2110 πλούσιος
3567 2044 3641 2097 ἐν
3664 2043 3754 2110 τῷ

2150 2145 2390 2215 πλούτῳ
2419 2141 2629 2200 αὐτοῦ·
2655 2143 2792 2198 ἀλλ’
2823 2141 2860 2210 ἢ
2878 2141 2947 2194 ἐν
2965 2140 3154 2206 τούτῳ
3185 2135 3509 2206 καυχάσθω
3539 2138 3572 2189 ὁ
3593 2152 3748 2190 καυ-

2149 2241 2436 2310 χώμενος,
2475 2236 2712 2292 συνιεῖν
2758 2234 2856 2290 καὶ
2907 2233 3242 2306 γινώσκειν,
3289 2230 3378 2284 ὅτι
3425 2228 3540 2300 ἐγώ
3568 2230 3688 2299 ειμι
3715 2231 3750 2283 ό

2149 2333 2364 2400 Κύριος
2395 2333 2428 2385 ὀ
2455 2328 2642 2384 ποιῶν
2671 2328 2846 2394 ἕλεος
2889 2326 2989 2381 καὶ
3042 2325 3440 2394 δικαιοσύνην
3477 2322 3578 2377 ἐπὶ
3635 2320 3750 2392 τῆς

2151 2424 2284 2496 γῆς.
2315 2422 2721 2494 Εὐφρανθήτω
2750 2420 2964 2490 καρδία
2994 2418 3328 2486 ζητούντων
3362 2416 3472 2472 τὸν
3499 2418 3744 2486 Κύριον

2148 2519 2426 2572 τουτέστιν
2465 2513 2909 2586 ἐπικαλουμένων
2958 2511 3122 2565 αὑτὸν
3170 2511 3250 2574 εἰς
3295 2510 3574 2581 βοήθειαν,
3607 2509 3642 2583 ἢ
3676 2509 3746 2564 δι’

2151 2612 2354 2685 ἀρετῆς
2388 2609 2525 2682 πρὸς
2554 2607 2713 2662 αὑτὸν
2732 2605 3046 2669 ὁδευόντων,
3073 2596 3156 2667 οἷς
3173 2601 3268 2656 xui.
3285 2600 3620 2673 εὑρίσκεται,
3649 2602 3740 2654 Δι-

2149 2706 2339 2761 δάσκει
2364 2703 2420 2756 δέ
2438 2701 2602 2754 πόσον
2634 2699 2823 2769 ὄφελος
2851 2695 3018 2750 ἐκτοῦ
3037 2694 3478 2767 ἐξομολογεῖσθαι
3512 2695 3744 2766 γενήσε-

2149 2815 2261 2851 ται.
2302 2797 2367 2850 ‘0
2385 2795 2494 2866 γὰρ
2515 2793 2838 2864 ἐζητήσατε,
2857 2790 3011 2861 φησι,
3037 2787 3198 2842 τοῦτο
3213 2786 3572 2858 ⁸συμϐήσεται
3588 2786 3742 2858 ὑμῖν,

2149 2894 2183 2965 ἡ
2215 2891 2343 2962 περὶ
2373 2887 2464 2944 τὸν
2491 2887 2614 2941 νοῦν
2642 2883 2970 2956 εὐφροσύναι-ι’
3001 2882 3104 2954 τῆς
3129 2881 3239 2954 γὰρ
3265 2883 3346 2945 είς
3370 2879 3502 2934 Θεὸν
3527 2877 3746 2944 ἐλπίδος

2151 2984 2292 3056 αὕτη
2319 2983 2549 3054 καρπός.
2581 2980 2688 3034 Θέα
2713 2978 2769 3032 δὲ
2792 2979 2939 3041 ὃπως
2971 2975 3079 3030 ἀπὸ
3111 2974 3555 3046 ἐξομολογήσεως
3571 2971 3742 3044 ἧρξα-

2149 3097 2232 3143 το,
2276 3077 2371 3132 καὶ
2408 3073 2703 3146 κατέληξεν
2731 3073 2811 3135 είς
2859 3069 3219 3140 εὐφροσύνην.
3262 3066 3432 3138 Ἀρχὴ
3485 3067 3584 3138 μὲν
3633 3064 3744 3135 γὰρ

2150 3171 2252 3242 τῆς
2302 3167 2445 3223 κατά
2483 3165 2615 3219 Θεὸν
2658 3161 2941 3236 προκοπῆς
2983 3157 3389 3230 ἐξομολόγησιςο
3432 3154 3586 3218 τέλος
3615 3152 3672 3206 δέ
3708 3155 3743 3223 ὴ

2154 3261 2298 3318 κατὰ
2321 3260 2454 3313 Θεὸν
2473 3255 2799 3329 εὐφροσύνη·
2820 3254 3048 3307 πλεῖστα
3079 3252 3136 3305 δέ
3169 3249 3238 3304 τά
3273 3248 3475 3321 μεταξὺ
3512 3250 3740 3301 τούτων.

2155 3354 2348 3424 Δεήσει
2378 3349 2558 3403 τοίνυν
2599 3345 2815 3419 πρῶτον
2848 3341 3283 3417 ἐξομολογεῖσθαι
3315 3337 3392 3414 τῷ
3423 3337 3614 3414 Κυρίῳ
3649 3337 3741 3390 διά

2154 3444 2384 3516 γνησίας
2412 3439 2718 3512 μετανοίας,
2750 3437 2846 3492 xui.
2875 3434 3102 3508 καρπῶν
3123 3431 3435 3510 πρεπόντων
3549 3427 3738 3500 ἐξομο-

2154 3539 2394 3608 λογήσει·
2431 3534 2618 3588 ἔπειτα
2654 3529 3041 3604 βελτιωθέντας
3067 3527 3303 3600 θαρρεῖν·
3327 3525 3422 3580 xui.
3461 3521 3742 3577 ἐπικαλεῖ-

2158 3628 2282 3685 σθαι
2311 3626 2373 3679 τὸ
2399 3625 2572 3695 ὄνομα
2605 3620 2792 3687 αὑτοῦ,
2809 3619 2904 3673 xui.
2929 3617 3103 3681 οὕτως
3140 3615 3279 3689 μετὰ
3299 3614 3397 3685 τὴν
3429 3613 3747 3685 ἐξομολόγη-

2159 3739 2242 3775 σιν
2274 3715 2731 3788 ἐπικαλουμένους
2759 3709 3152 3778 καταξιοῦσθαι
3185 3708 3293 3762 τῶν
3327 3706 3482 3780 παρά
3499 3705 3592 3760 τοῦ
3608 3705 3746 3759 Θεοῦ

2156 3813 2531 3886 χαρισμάτωψ
2561 3804 2680 3862 εἶτα
2711 3805 2918 3860 τούτων
2961 3802 3236 3875 τυχόντες,
3267 3800 3489 3872 ἐτέρους
3516 3798 3748 3868 ὠφελεῖν

2155 3904 2244 3960 διὰ
2271 3902 2364 3956 τοῦ
2390 3899 2757 3970 ἀπαγγέλλειν
2777 3899 2858 3962 εἰς
2883 3897 3151 3960 ἅπαντας,
3180 3893 3324 3966 ἅπερ
3359 3890 3747 3964 μεμαθήκασιν

2156 3999 2296 4070 ἔργα
2343 3994 2527 4052 αὑτοῦ·
2562 3995 2657 4048 καὶ
2705 3993 2798 4046 ἐπὶ
2849 3989 3060 4052 τούτοις
3087 3987 3165 4052 ὡς
3199 3986 3265 4042 ἂν
3312 3983 3748 4052 καταξιωθέντας

2155 4092 2259 4163 τῆς
2283 4089 2426 4145 κατά
2440 4087 2572 4141 Θεὸν
2597 4085 2883 4158 θυμηδίας,
2907 4083 3055 4156 ᾅδειν
3085 4080 3233 4151 αὐτῷ
3269 4078 3366 4132 καὶ
3393 4076 3634 4148 ψάλλεινσ
3653 4075 3749 4128 xui.

2162 4181 2302 4255 μετά
2352 4178 2530 4234 ταῦτα
2559 4175 2897 4248 σαφηνιστάς
2926 4171 3172 4244 γίνεσθαι
3211 4169 3320 4224 τῶν
3346 4171 3405 4222 ἐν
3437 4169 3549 4231 τοῖς
3583 4165 3749 4230 θείοις

2157 4273 2357 4343 λογίοις
2383 4271 2734 4344 ἀπορρήτων·
2753 4264 2849 4322 εἶτ’
2877 4267 2977 4338 ἤδη
2999 4263 3434 4336 κατωρθωκότας
3465 4261 3532 4316 τὰ
3553 4257 3750 4314 τοσαῦ-

2156 4384 2226 4420 τα
2255 4363 2596 4418 ἐπαινεῖσθαι
2627 4363 2685 4415 ἐν
2707 4358 2786 4430 τῷ
2815 4358 3036 4430 ὀνόματι
3064 4354 3249 4410 αὐτοῦ·
3293 4355 3388 4409 xui.
3421 4353 3574 4417 τέλος
3610 4351 3748 4424 μετά

2159 4457 2357 4519 πάντα,
2387 4451 2773 4526 εὐφραίνεσθαι
2793 4448 2934 4504 κατὰ
2951 4447 3210 4510 διάνοιαν,
3229 4444 3457 4517 καρδίαν
3490 4442 3750 4514 ὀνομαζο-

2162 4551 2350 4623 μένην.
2401 4546 2562 4618 Αὕτη,
2590 4546 2681 4598 τὸν
2731 4541 2934 4612 Κύριον
2993 4537 3322 4607 ἐκζητοῦσα,
3359 4536 3417 4603 ἐξ
3453 4535 3624 4605 αὐτῆς
3648 4537 3749 4605 τῆς

2084 4662 2130 4717 ι)
2160 4644 2442 4715 ζητήσεως
2473 4639 2567 4694 xui.
2593 4638 2690 4709 τῆς
2705 4633 3088 4706 ἐπιγινομένης
3103 4635 3170 4704 τῇ
3193 4631 3418 4703 ζητήσει
3451 4627 3750 4700 εὑρέσεως,

2160 4733 2482 4790 ἀπολαυέτω
2499 4732 2599 4802 τῆς
2623 4728 2766 4784 κατά
2792 4726 2924 4782 Θεὸν
2949 4724 3308 4798 εὐφροσύνης.

2231 4826 2419 4880 Ταῦτα
2461 4825 2519 4878 δέ
2551 4823 2729 4878 πάντα
2759 4821 3002 4894 ἡγοῦμαι
3035 4820 3114 4884 είς
3156 4817 3446 4890 πρόσωπον
3470 4811 3582 4866 τῶν
3609 4811 3749 4865 ἀπο-

2163 4919 2366 4977 στόλων
2393 4918 2498 4972 ὐπὸ
2540 4915 2636 4971 τοῦ
2686 4916 2842 4986 ἁγίου
2884 4913 3202 4985 Πνεύματος
3251 4904 3642 4980 ἀναφέρεσθαι.
3677 4903 3752 4956 Τὸ

2161 5014 2289 5086 γὰρ,
2315 5010 2729 5081 Ἀπαγγείλατε
2767 5009 2839 5063 ἐν
2875 5007 3001 5074 τοῖς
3029 5005 3234 5060 ἔθνεσι
3273 5003 3347 5057 τὰ
3375 5001 3519 5072 ἔργα
3538 4998 3749 5063 αὑτοῦ,

2160 5106 2262 5158 οὐκ
2283 5102 2464 5167 ἄλλοις
2500 5100 2728 5172 ἁρμόζει
2757 5098 3013 5169 λέγεσθαι
3057 5096 3092 5168 ἢ
3126 5096 3330 5160 αὐτοῖς.
3370 5091 3660 5163 Μαρτυρεῖ
3694 5086 3752 5141 δέ

2159 5194 2238 5264 τῷ
2269 5192 2415 5264 λόγῳ
2445 5193 2508 5246 τὸ
2541 5191 2910 5262 ἀποτέλεσμα·
2951 5187 3102 5260 μόνοι
3134 5184 3253 5258 ,γὰρ
3287 5180 3631 5254 ἀπήγγειλαν
3653 5177 3749 5232 τοῦ

2157 5284 2293 5339 Θεοῦ
2338 5285 2409 5338 τὰ
2435 5284 2574 5357 ἔργα
2600 5287 2658 5338 ἐν
2700 5285 2812 5347 τοῖς
2849 5281 3026 5336 ἔθνεσι
3051 5282 3164 5344 τοῖς
3207 5279 3272 5332 δι’
3298 5275 3482 5330 αὐτῶν
3503 5274 3594 5328 τὸν
3638 5272 3752 5326 τῶν

2155 5379 2294 5433 ὅλων
2326 5377 2458 5432 Θεὸν
2491 5375 2880 5445 ἐπεγνωκόσιν,
2914 5372 3007 5436 οὒς
3037 5371 3296 5442 ἀνωτέρω
3321 5366 3517 5438 καινὴν
3550 5364 3750 5434 γενεὰν

2159 5470 2256 5524 καὶ
2282 5470 2408 5523 λαὸν
2438 5469 2754 5540 κτιζόμενον
2812 5465 3245 5539 προσηγόρευσε.
3300 5463 3392 5514 Δεῖ
3432 5458 3612 5513 τοίνυν
3655 5455 3751 5508 τὸν

2162 5563 2423 5634 μέλλοντα
2455 5562 2640 5635 ζητεῖν
2669 5563 2761 5616 τὸν
2787 5561 2993 5632 Κύριον
3014 5555 3453 5627 ἐξομολογεῖσθαι
3482 5551 3750 5623 πρότερον

2157 5655 2226 5708 δι’
2253 5655 2578 5727 εἰλικρινοῦς
2629 5654 2919 5726 μετανοίας
2966 5652 3060 5707 καὶ
3085 5649 3193 5704 τῶν
3221 5647 3428 5717 ταύτης
3460 5642 3691 5714 καρπῶν
3727 5655 3745 5671 ο

2159 5749 2189 5801 ό
2217 5748 2326 5819 γὰρ
2377 5745 2615 5812 τοιοῦτος
2654 5748 2748 5801 xui.
2781 5744 2967 5818 ζητεῖν
3015 5741 3262 5806 δύναται,
3317 5739 3411 5794 καὶ
3447 5733 3627 5810 ζητῶν
3659 5732 3749 5789 tito
