4102 6412
397 446 532 502 4501

1502 439 2105 536 (ΞΟΜΜΕΝἝΑΙΠΔΞΙῌ
2145 436 2482 494 PSALMOS.

3505 439 3527 492 i
3538 435 3643 493 30%

399 565 531 623 ρεῖν.
565 563 628 616 El
659 562 768 635 γὰρ
823 562 916 616 ἐπὶ
964 561 1124 616 λίθων
1155 579 1351 634 τιμιων
1381 564 1490 616 τῶν
1537 563 1754 616 εἰδότων
1790 561 1964 632 χρεία,

2072 566 2126 613 et
2151 557 2448 629 quaerendo
2472 556 2720 612 invenire
2744 565 2945 626 potest.
2968 555 3099 610 Nam
3127 557 3172 612 si
3206 571 3328 611 cum
3352 555 3418 612 de
3446 557 3642 626 lapidi-

395 658 489 710 καὶ
507 657 598 710 ἐπὶ
621 656 978 728 κολυμϐητῶν
1002 656 1200 728 πολλῆς
1225 657 1323 727 τῆς
1347 657 1654 728 ἐπιστήμης
1675 656 1774 720 δεῖ,
1795 653 1972 724 πολλῷ

397 749 596 818 μᾶλλον
622 748 714 801 ἐπὶ
745 749 900 802 Θεοῦ.
929 750 1105 804 Πολλὰ
1128 752 1237 822 γάρ
1274 753 1390 804 ἐστι
1414 749 1491 803 τὰ.
1507 749 1783 803 κωλύοντα
1811 747 1972 802 αὑτὸν

393 839 595 909 εὑρεῖν,
625 840 720 895 καὶ
753 841 1290 914 πραγμάτωνςδχλος,
1323 843 1417 897 καὶ
1450 841 1652 914 σαρκὸς
1669 841 1973 894 ἐπαναστά-

396 948 529 995 σεις,
574 933 669 992 καὶ
699 934 1204 1004 νοσήματαμψῡχῶν,
1237 933 1331 987 καὶ
1364 933 1631 1004 δαιμόνων
1665 930 1969 994 ἐπιϐουλαὶ,

393 1021 488 1074 καὶ
538 1021 780 1094 ῥᾳθυμία
839 1023 1084 1095 γνώμης.
1153 1025 1268 1078 Κᾶν
1301 1023 1704 1095 ἀπαλλαγῶμεν
1764 1022 1970 1076 τούτων

390 1112 670 1178 ἁπάντων,
707 1118 915 1186 ταχέως
949 1119 1124 1182 αὑτὸν
1153 1119 1478 1191 εὑρήσομεν,
1513 1119 1611 1171 καὶ
1641 1117 1739 1188 τὴν
1771 1118 1970 1171 κακίαν

392 1204 791 1277 ἀποδυσόμεθα,
844 1211 938 1263 καὶ
989 1210 1089 1280 τὴν
1133 1211 1333 1282 ἀρετὴν
1363 1210 1626 1281 ἑλώμεθα.
1678 1207 1824 1279 Αὕτη
1859 1207 1967 1279 γάρ

391 1297 539 1352 ἐστιν
570 1299 604 1368 ἡ
647 1301 763 1353 ἐκεῖ
787 1301 1028 1374 φέρουσα
1061 1303 1198 1368 ὁδός.
1235 1299 1418 1357 Τίδοῦν
1445 1304 1560 1356 ἐστι
1593 1302 1854 1372 ζήτησις
1909 1300 1968 1353 τὸ

392 1392 630 1461 συνεχῶς
646 1393 850 1448 ἐκεῖνον
872 1398 1071 1449 ἐννοεῖν
1099 1397 1192 1450 καὶ
1225 1395 1548 1465 λογίζεσθαιο
1589 1398 1617 1448 6
1649 1395 1757 1466 γὰρ
1791 1393 1967 1466 ζητῶν

389 1481 482 1536 ἐπὶ
503 1482 739 1550 διανοίας
762 1486 872 1545 ἔγει
896 1487 957 1540 τὸ
983 1488 1327 1550 ζττούιιενον.

459 1657 769 1728 Ζητήσατε
810 1663 916 1717 τὸν
951 1665 1168 1734 Κύριον
1210 1667 1309 1720 και
1342 1665 1753 1734 κραταιώθητε·
1794 1664 1962 1733 ζητή-

387 1760 539 1804 σητε
564 1749 630 1809 τὸ
657 1755 995 1821 πρόσωπον
1023 1758 1209 1812 αὐτοῦ
1254 1759 1599 1825 διαπαντός.
1636 1759 1701 1811 Τί
1726 1759 1841 1812 ἐστι
1903 1758 1966 1812 τὸ

388 1844 573 1915 ζητεῖν
597 1849 690 1899 τὸν
722 1845 924 1917 Κύριον
945 1863 960 1911 ;
983 1847 1044 1901 τὸ
1077 1847 1145 1902 τὰ
1167 1847 1375 1908 ἐκείνου
1403 1851 1639 1919 φρονεῖν,
1664 1849 1724 1902 τὸ
1749 1850 1836 1902 ἀεὶ
1864 1850 1962 1902 αὑ-

387 1937 480 1990 τὸν
513 1937 840 2006 λογίζεσθαι,
885 1939 948 1992 τὸ
970 1940 1056 1992 ἀεὶ
1085 1941 1144 1994 ὲν
1187 1940 1392 2012 διανοίᾳ
1419 1940 1582 2012 ἔχειν,
1606 1939 1666 1993 τὺ
1701 1941 1964 2010 μηδέποτε

390 2025 660 2082 παύεσθαι
692 2026 980 2097 ὁμιλοῦντα
1005 2027 1152 2099 αὑτῷ
1179 2029 1265 2084 διὰ
1290 2029 1389 2099 τῆς
1413 2027 1718 2100 προσευχῆς
1738 2028 1831 2081 καὶ
1858 2026 1966 2080 τῶν

389 2117 612 2186 ἀγαθῶν
642 2119 912 2190 πράξεων.
961 2121 1195 2192 ’Δμαχοι
1226 2121 1282 2175 δὲ
1317 2122 1367 2174 οἱ
1425 2117 1712 2191 ζητοῦντες
1756 2119 1966 2173 ἔσονται

392 2210 487 2264 καὶ
515 2209 792 2281 ἀήττητοι.
827 2211 1197 2283 Παρορμήσας
1231 2211 1413 2282 μέντοι
1455 2209 1671 2278 ό,λόγος
1704 2211 1831 2272 τοὺς
1858 2209 1966 2263 τῶν

391 2302 562 2356 ἐθνῶν
595 2304 842 2374 κήρυκας
875 2305 968 2361 ἐπὶ
992 2305 1054 2358 τὸ
1088 2303 1382 2376 προθύμως
1405 2303 1704 2374 ὲῆητῆσαι
1739 2303 1831 2357 τὸν
1849 2302 1965 2357 Κύ-

390 2411 528 2464 ριον,
552 2393 633 2447 ῑτι
651 2394 850 2465 μᾶλλον
872 2396 1066 2460 αὑτοὺς
1077 2395 1442 2469 ἐπιρρώννυσι
1469 2394 1664 2463 λέγων,
1683 2393 1968 2464 Κραταιώο

393 2486 554 2551 θητε,
582 2485 850 2550 τουτέστι,
896 2483 990 2556 Μὴ
1017 2483 1310 2555 χαυνοῦσθε
1349 2486 1430 2547 είς
1461 2485 1522 2538 τὸ
1572 2484 1756 2556 ζητεῖν
1782 2483 1962 2539 αὑτόν.

391 2573 563 2629 Τοῦτο
613 2576 671 2629 δὲ
708 2580 1021 2648 προσφωνεῖ
1067 2577 1270 2641 αὑτοῖς,
1321 2578 1397 2641 ὡς
1431 2575 1704 2648 δεομένοις
1733 2575 1964 2647 κράτους

392 2665 488 2724 καὶ
540 2667 822 2738 δυνάμεως
870 2669 951 2731 είς
1003 2668 1063 2720 τὸ
1113 2667 1328 2737 ἰσχῦσαι
1379 2665 1442 2719 τὸ
1499 2663 1964 2737 προστεταγμένον

392 2755 635 2826 ποιῆσαι·
665 2756 804 2828 ὅπερ
834 2753 901 2828 ἦν
927 2757 988 2810 τὸ
1022 2756 1201 2810 ἔθνεσι
1226 2755 1481 2826 κηρύξαι,
1518 2753 1742 2824 Ἕλλησί
1774 2770 1834 2806 τε
1867 2754 1963 2807 καὶ⁵

390 2845 707 2919 βαρϐάροις,
735 2847 877 2906 κατὰ
907 2848 987 2910 τὸ,
1025 2849 1238 2915 Κύριος
1253 2846 1430 2902 δώσει
1458 2844 1624 2914 ῥῆμα
1647 2843 1770 2911 τοῖς
1798 2846 1966 2910 sabar-

388 2936 782 3007 τελιζομένοις
814 2937 1064 3006 δυνάμει
1089 2935 1310 3006 πολλῇ.
1350 2937 1624 2993 Διδάσκων
1651 2934 1707 2987 δὲ
1734 2933 1849 2998 πῶς
1884 2933 1965 2986 δεῖ

387 3029 450 3083 τὸ
471 3029 651 3102 ζητεῖν
681 3035 872 3097 ποιεῖν,
895 3032 988 3085 καὶ
1025 3032 1104 3084 ὅτι
1126 3030 1225 3101 οὐχ
1257 3029 1406 3095 ἅπαξ
1439 3029 1472 3100 ἢ
1499 3029 1600 3093 δίς,
1645 3026 1779 3081 ἀλλὰ
1811 3025 1964 3098 παρὰ

388 3122 566 3176 πάντα
590 3123 680 3176 τὸν
704 3122 816 3192 βίον
841 3122 941 3194 τήν
967 3121 1172 3187 ἄνωθεν
1209 3120 1526 3190 ἐπικουρίαν
1564 3121 1830 3191 προσήκει
1862 3119 1961 3189 ζη-

387 3215 500 3266 τεῖν
527 3213 620 3266 καὶ
648 3213 746 3284 τὴν
781 3213 1042 3288 ὠφέλειαν
1089 3211 1452 3283 καρποῦσθαι,
1481 3212 1746 3282 ἐπήγαγεο
1772 3210 1962 3279 Ζητή-
1986 3239 2030 3298 c

387 3317 536 3364 σατε
584 3302 651 3357 τὸ
683 3304 1007 3372 πρόσωπον
1055 3303 1239 3357 αὐτοῦ
1282 3302 1626 3369 διαπαντός·
1661 3301 1721 3355 οὑ
1779 3301 1961 3373 τρίτον

386 3393 480 3451 τοῦ
506 3394 774 3459 ἐνιαυτοῦ,
802 3395 943 3448 κατὰ
979 3393 1068 3448 τὸν
1097 3394 1202 3448 ὑπὸ
1232 3395 1509 3458 Μωῦσὲως
1540 3393 1760 3447 δοθέντα
1798 3393 1961 3466 νόμον

386 3485 617 3550 ἐνώπιον
645 3485 808 3540 αὑτοῦ
835 3486 1166 3557 φαινόμενοι,
1188 3485 1320 3540 ἀλλὰ
1347 3486 1496 3557 παρὰ
1519 3485 1695 3540 πάντα
1708 3486 1798 3538 τὸν
1827 3484 1958 3556 βίον.

388 3579 682 3650 Πρόσωπον
709 3579 765 3631 δὲ
782 3577 1014 3631 ἐνταῦθα
1042 3578 1142 3649 τὴν
1162 3578 1480 3647 ἐπιφάνειαν
1508 3577 1670 3632 αὑτοῦ
1692 3578 1845 3649 φησὶ,
1864 3575 1961 3648 τὴν

387 3663 706 3735 ἐπισκοπὴν,
737 3663 834 3735 τὴν
867 3663 1142 3735 πρόνοιαν,
1184 3663 1282 3736 τὴν
1312 3665 1656 3736 κηδεμονίαν,
1690 3665 1787 3736 τὴν
1834 3665 1962 3736 βοή-

388 3753 559 3818 θειαν,
585 3752 682 3824 τὴν
707 3753 1040 3825 συμμαχίαν,
1065 3754 1164 3824 τὴν
1185 3753 1400 3808 ἔννοιαν
1417 3754 1515 3826 τὴν
1538 3757 1664 3827 περὶ
1684 3755 1864 3808 αὐτόν.
1890 3754 1962 3808 Τὸ

388 3845 494 3915 γὰρ
526 3846 622 3916 τῆς
643 3846 831 3910 οὐσίας
869 3846 1156 3917 πρόσωπον
1176 3845 1348 3908 οὐδεὶς
1370 3828 1558 3920 ὄψεται
1584 3846 1677 3900 καὶ
1719 3845 1959 3918 ζήσεται.

389 3937 685 4007 Πρόσωπον
714 3937 772 3990 δὲ
799 3935 963 3990 αὑτοῦ
997 3937 1091 3990 καὶ
1118 3938 1148 3990 6
1176 3936 1325 4001 Υίός.
1772 3972 1785 3990 .

457 4024 775 4095 Μνήσθητε
814 4025 931 4080 τῶν
961 4027 1308 4097 θαυμασίων
1349 4027 1537 4083 αὐτοῦ
1574 4021 1660 4082 ὧν
1688 4027 1959 4096 ἐποίησε,

388 4117 462 4170 τὰ
490 4116 704 4186 τέρατα
729 4118 920 4173 αὐτοῦ
957 4119 1063 4174 καὶ
1103 4118 1175 4174 τὰ
1217 4121 1468 4190 κρίματα
1509 4120 1617 4174 τοῦ
1665 4120 1962 4190 στόματος

390 4209 607 4272 αὐτοῦ·
641 4211 750 4264 εἴτε
789 4210 898 4265 τῶν
930 4211 988 4266 ἐν
1021 4214 1089 4283 τῇ
1122 4211 1339 4284 Παλαιᾷ
1365 4211 1580 4284 Γραφῇ,
1611 4213 1719 4265 εἴτε
1755 4210 1864 4264 τῶν
1903 4214 1960 4266 ὲν

390 4303 502 4365 τοῖς
540 4301 914 4371 Εὑαγγελίοις.
947 4301 1132 4356 Ταῦτα
1161 4303 1267 4374 γὰρ
1296 4303 1478 4374 δεήσει
1513 4304 1656 4373 ὑμᾶς
1690 4303 1816 4368 τοὺς
1852 4303 1960 4357 τῶν

392 4392 559 4446 ἐθνῶν
586 4395 833 4466 κήρυκας
871 4395 952 4460 είς
992 4396 1170 4450 πάντα
1212 4394 1281 4448 τά
1320 4395 1447 4465 ἔθνη
1488 4393 1792 4448 διαδοῦναιο
1840 4395 1962 4448 ἐπεὶ

395 4484 469 4555 μὴ
509 4484 770 4556 πρότερον
811 4484 949 4539 αὑτὰ
989 4485 1141 4558 παρά
1177 4503 1322 4550 τινος
1366 4485 1523 4541 ἄλλου
1558 4486 1955 4558 μεμαθήκασιν.

2072 653 2174 706 bus
2206 652 2463 721 pretiosis
2487 648 2687 720 agitur,
2723 648 2910 717 peritis
2937 657 3022 703 est
3045 664 3204 719 opus,
3235 657 3290 704 et
3315 649 3363 703 si
3395 650 3641 703 urinato-

2070 760 2161 800 res
2192 744 2364 798 multa
2397 742 2630 798 scientia
2659 748 2856 811 egent,
2885 741 3060 795 multo
3079 741 3250 812 magis
3277 757 3400 795 cum
3432 741 3499 795 de
3529 741 3639 796 Deo

2071 837 2268 906 agitur.
2311 833 2476 888 Multa
2501 833 2647 888 enim
2675 832 3060 907 impedimento
3080 841 3207 888 sunt
3230 832 3524 902 quominus
3549 831 3645 906 ἰπὶ-1

2070 926 2344 991 veniatur,
2403 925 2745 996 negotiorum
2803 923 3095 987 tumultus,
3143 925 3327 978 carnis
3375 913 3646 985 insultus,‘

2070 1021 2374 1074 animarum
2417 1019 2615 1082 morbi,
2661 1015 3232 1081 daemonuminsidiaa,
3263 1017 3427 1070 animi
3457 1016 3639 1086 segni-

2071 1111 2208 1178 ties;
2234 1111 2280 1166 si
2307 1111 2392 1166 bis
2413 1109 2668 1164 omnibus
2694 1109 3014 1172 liberemur,
3034 1109 3434 1178 quamprimum
3457 1110 3638 1179 ipsum

2069 1202 2430 1268 inveniemus,
2488 1200 2750 1256 malitiam
2790 1215 3077 1270 ponemus,
3119 1206 3174 1253 et
3223 1201 3477 1254 virtutem
3523 1184 3646 1254 am?

2067 1295 2428 1365 plexabimur.
2464 1292 2590 1348 Hac
2621 1292 2822 1363 quippe
2850 1290 2939 1344 via
2967 1297 3052 1346 est
3081 1290 3174 1345 illo
3216 1291 3467 1346 tendens.
3499 1289 3641 1356 Quid

2066 1401 2198 1457 ergo
2219 1394 2307 1442 est
2359 1384 2452 1439 illa
2505 1382 2830 1454 inquisitio?
2863 1381 3180 1451 frequenter
3217 1381 3370 1435 illum
3398 1379 3640 1450 cogitare

2065 1485 2122 1536 et
2141 1478 2336 1532 animo
2351 1492 2575 1533 versare
2608 1495 2622 1532 :
2655 1490 2782 1531 nam
2828 1474 2923 1545 qui
2955 1474 3170 1544 quaerit,
3221 1475 3278 1528 in
3313 1473 3431 1543 ipsa
3459 1478 3641 1527 mente

2065 1569 2211 1640 quod
2241 1568 2434 1639 quaerit
2474 1568 2656 1624 habet.

2137 1661 2316 1727 Quwri
2324 1671 2373 1714 te
2392 1660 2676 1714 Dominum
2692 1669 2740 1712 et
2757 1657 3145 1728 conﬁrmamini
3169 1669 3188 1708 :
3207 1656 3422 1726 quaerite
3447 1654 3642 1722 faciem

2063 1753 2178 1822 ejus
2206 1768 2426 1821 semper.
2459 1749 2602 1817 Quid
2630 1757 2720 1806 est-
2753 1749 3041 1805 Dominum
3095 1747 3382 1818 quaerere?
3414 1761 3536 1815 quae
3570 1746 3636 1799 ad

2066 1845 2217 1899 illum
2239 1843 2510 1913 pertinent
2536 1855 2749 1910 sapere,
2766 1839 2833 1896 de
2855 1840 2948 1893 illo
2971 1853 3188 1908 semper
3215 1824 3479 1907 cogitare,
3510 1851 3635 1889 eum

2066 1936 2120 1990 in
2149 1943 2328 1991 mente
2351 1947 2565 2003 semper
2587 1947 2827 1995 versare,
2858 1945 3136 2001 nunquam
3161 1944 3286 1984 cum
3308 1945 3375 1984 eo
3395 1943 3490 1997 per
3513 1943 3640 1980 ora-

2065 2026 2268 2080 tionem
2289 2033 2346 2080 et
2361 2023 2504 2078 bona
2531 2037 2695 2093 Opera
2726 2021 3089 2078 eonversandi
3116 2020 3278 2075 ﬁnem
3307 2019 3506 2074 facere.
3531 2017 3637 2084 Qui

2066 2125 2246 2171 autem
2303 2115 2480 2185 ipsum
2529 2113 2834 2184 inquirunt,
2876 2112 3063 2167 invicti
3128 2118 3183 2164 et
3236 2108 3638 2179 insuperabiles

2065 2211 2245 2275 erunt.
2281 2205 2417 2260 Cum
2468 2202 2633 2274 igitur
2677 2217 2859 2258 sermo
2909 2202 3151 2272 gentium
3190 2213 3469 2271 praecones
3499 2199 3638 2254 inci-

2065 2303 2236 2352 tasset
2267 2306 2327 2350 ut
2351 2294 2642 2352 Dominum
2679 2294 2937 2349 alacriter
2958 2293 3331 2364 exquirerent,
3355 2305 3504 2346 nunc
3529 2305 3640 2345 ma-

2065 2388 2148 2458 gis
2188 2387 2469 2458 magisque
2496 2386 2784 2441 conﬁrmat
2809 2386 2931 2442 illos
2952 2383 3180 2441 dicens:
3209 2383 3636 2454 Conﬁrmamini,

2065 2479 2122 2534 id
2153 2486 2258 2542 est,
2281 2476 2360 2533 Ne
2386 2478 2624 2532 molliter
2651 2475 2708 2532 in
2736 2476 2830 2532 illo
2857 2476 3151 2546 quaerendo
3179 2475 3380 2547 agatis.
3415 2472 3507 2528 Sic
3535 2487 3636 2527 au-

2063 2577 2174 2626 tem
2207 2569 2357 2642 ipsos
2386 2569 2704 2640 alloquitur,
2735 2575 2797 2623 ut
2825 2568 3025 2623 robbre
3046 2582 3112 2622 ac
3151 2567 3355 2622 virtute
3386 2563 3639 2634 indigen-

2063 2669 2169 2726 tes,
2202 2677 2310 2732 quo
2341 2662 2464 2717 illos
2502 2661 2568 2714 ad
2611 2661 2825 2731 jussum
2880 2659 3250 2731 peragendum
3293 2656 3634 2712 conﬁrmet-:

2061 2762 2180 2816 erat
2206 2768 2370 2826 porro
2397 2751 2554 2818 illud,
2583 2760 2639 2810 ut
2669 2751 2923 2824 gentibus
2945 2752 3326 2822 praedicarent,
3353 2747 3559 2803 Graecis
3582 2756 3640 2802 et

2063 2844 2333 2908 barbaris,
2379 2843 2681 2900 secundum
2718 2843 2852 2898 illud
2887 2859 2901 2895 :
2944 2842 3202 2899 Dominus
3247 2840 3394 2897 dabit
3421 2839 3634 2895 verbum

2060 2937 2535 3007 evangelizamibus
2553 2938 2743 3005 virtute
2773 2937 2944 2990 multa
2961 2935 3028 2990 ⁸⁸.
3045 2935 3321 3006 Docetque
3343 2949 3453 3004 quo
3470 2941 3635 3003 pacto

2061 3044 2304 3100 quaerere
2333 3028 2486 3083 illum
2522 3037 2791 3099 oporteat,
2839 3037 2892 3084 et
2918 3027 3063 3099 quod
3091 3041 3201 3082 non
3213 3025 3381 3082 semel
3403 3033 3496 3080 aut
3523 3023 3631 3088 bis,

2062 3121 2158 3178 sed
2183 3137 2280 3192 per
2311 3130 2479 3176 totam
2502 3122 2691 3187 vitam,
2722 3134 3021 3192 supernum
3055 3119 3319 3174 auxilium
3343 3116 3632 3188 exquirere

2062 3228 2200 3284 opus
2233 3213 2326 3282 sit,
2384 3222 2548 3284 atque
2589 3213 2718 3268 hinc
2763 3215 3052 3275 utilitatem
3090 3226 3306 3282 capere.
3346 3207 3634 3264 Subsumit

2062 3304 2257 3361 deinde
2283 3324 2297 3360 :
2323 3304 2556 3378 Quwrile
2591 3304 2780 3374 faciem
2809 3305 2922 3377 ejus
2950 3319 3167 3372 semper.
3187 3300 3307 3357 Non
3341 3313 3425 3356 ter
3453 3300 3509 3355 in
3536 3315 3635 3354 an-

2061 3410 2156 3460 no,
2179 3403 2240 3454 ut
2268 3395 2325 3450 in
2356 3395 2471 3467 lege
2489 3394 2690 3469 Moysis
2722 3394 3018 3462 ferebatur,
3045 3393 3098 3451 in
3129 3401 3486 3462 conspectum
3511 3390 3633 3461 ejus

2064 3489 2373 3555 venientes,
2415 3487 2511 3548 sed
2539 3504 2634 3562 per
2672 3494 2839 3543 totam
2869 3487 3052 3542 vitam.
3103 3484 3322 3539 Faciem
3368 3499 3499 3538 vero
3545 3481 3634 3537 hic

2062 3587 2220 3638 vocat
2247 3579 2368 3650 ejus
2423 3579 2738 3642 adventum,
2783 3577 3171 3640 visitationem,
3209 3574 3630 3646 providentiam,

2061 3685 2271 3738 curam,
2298 3669 2580 3734 auxilium,
2600 3669 2997 3736 commilitium,
3023 3667 3473 3722 benevolentiam.
3497 3663 3630 3719 Nam

2062 3763 2380 3818 substantiae
2401 3762 2521 3832 ejus
2551 3761 2741 3820 faciem
2769 3774 2930 3817 nemo.
2958 3758 3162 3815 videbit
3183 3765 3237 3816 et
3263 3758 3422 3813 vivet.
3440 3755 3632 3814 Facies

2060 3855 2190 3913 ium
2218 3855 2337 3926 ejus
2363 3863 2447 3913 est
2484 3852 2676 3910 Filius.

2140 4030 2306 4090 Vens.
2361 4032 2414 4088 5.
2454 4031 2766 4090 Mementote
2801 4030 3127 4085 mirabilium
3172 4031 3285 4102 ejus
3332 4045 3449 4101 qua:
3487 4029 3630 4099 fecit,

2059 4124 2299 4195 prodigia
2344 4124 2456 4201 ejus
2499 4133 2549 4179 et
2587 4123 2796 4194 judicia
2825 4124 2934 4177 oris
2983 4121 3273 4186 eius;sive
3296 4120 3385 4174 illa
3421 4133 3543 4189 quas
3575 4119 3630 4172 in

2061 4215 2241 4272 Veteri
2280 4216 2584 4288 Scriptura,
2611 4216 2724 4272 sive
2751 4216 2843 4270 illa
2860 4231 2982 4296 quae
3000 4216 3056 4270 in
3087 4213 3396 4286 Evangeliis
3427 4226 3634 4266 memo-

2010 4349 2018 4359 .
2060 4316 2272 4369 rantur.
2313 4306 2439 4363 Haec
2456 4309 2601 4363 enim
2626 4323 2764 4380 opus
2792 4309 2898 4365 erit
2939 4322 3039 4364 vos
3077 4305 3320 4379 gentium
3353 4317 3634 4375 praecones

2062 4399 2318 4455 omnibus
2366 4400 2616 4472 gentibus
2661 4400 2910 4468 tradere;
2945 4398 3165 4470 quando
3215 4395 3320 4452 illae
3366 4411 3430 4451 ea
3468 4409 3500 4447 a
3536 4409 3636 4448 ne-

2062 4494 2208 4549 mine
2255 4494 2485 4549 antehae
2520 4495 2882 4555 edidicerunt.
2938 4493 3285 4571 Quaecunque
3336 4489 3499 4560 igitur
3537 4485 3634 4543 Dei

393 4575 533 4629 ’Ὅσα
561 4576 740 4630 τοίνυν
782 4575 1209 4649 ὲνανθρωπήσας
1233 4578 1261 4631 6
1290 4577 1460 4647 Λόγος
1495 4577 1820 4651 διεπράξατο
1849 4581 1960 4641 τοῖς

2063 4581 2301 4645 Verbum
2318 4582 2659 4638 incarnatum
2677 4583 2904 4660 peregit,
2921 4597 3045 4642 cum
3060 4580 3296 4652 antiquis
3317 4577 3631 4648 conjuncta,

391 4666 642 4731 παλαιοῖς
691 4666 824 4738 ὁμοῦ
880 4667 1244 4738 συνάψαντες,
1303 4668 1575 4740 μνήσθητε
1625 4667 1960 4740 παραδοῦναι

389 4760 503 4823 τοῖς
546 4759 774 4814 ἔθνεσιν.
818 4759 1084 4816 Ἐνταῦθά
1128 4778 1218 4833 μοι
1243 4761 1390 4814 δοκεῖ
1413 4760 1510 4834 τὴν
1538 4760 1654 4814 όδδν
1690 4761 1961 4817 δεικνύναι

390 4851 458 4910 δι’
489 4844 558 4924 ἦς
587 4851 807 4906 δυνατὸν
831 4851 926 4906 καὶ
959 4850 1138 4923 ζητεῖν
1163 4853 1257 4907 καὶ
1287 4855 1464 4926 εὑρεῖν
1495 4853 1586 4908 τὸν
1613 4853 1764 4908 Θεόν,
1791 4853 1887 4916 Τίς
1904 4852 1963 4906 δὲ

391 4945 426 5015 ή
454 4943 598 5009 όδός;
620 4945 682 4997 τὸ
707 4944 968 5016 διηνεκῶς
1000 4945 1091 4999 ἐπὶ
1117 4946 1338 5019 μνήμης
1363 4947 1547 5020 φέρειν
1572 4946 1642 5000 τὰ
1682 4945 1962 5019 παράδοξα

395 5034 555 5091 αὑτοῦ
599 5034 755 5108 ἔργα,
798 5037 891 5090 καὶ
937 5036 1063 5100 τοὺς
1095 5036 1292 5108 νόμους
1335 5039 1429 5092 καὶ
1477 5039 1574 5103 τὰς
1601 5039 1847 5104 ἐντολάς·
1882 5039 1962 5092 διὸ

391 5127 605 5196 ἐπάγει,
641 5128 718 5182 Τὰ
741 5126 953 5201 τέρατα
981 5128 1169 5183 αὐτοῦ
1196 5128 1391 5184 καὶτὰ
1417 5129 1671 5200 κρίματα
1694 5131 1799 5186 τοῦ
1822 5131 1962 5186 atd-

392 5233 574 5284 ματος
614 5218 832 5273 αὑτοῦ·
879 5219 1078 5293 τέρατα
1126 5221 1224 5292 μὲν
1267 5219 1366 5286 τὰς
1409 5221 1736 5294 θεοσημείας
1767 5223 1960 5292 λέγων,

395 5307 632 5380 κρίματα
653 5309 711 5363 δὲ
750 5309 850 5375 τὰς
887 5311 1212 5382 ἀποφάσεις,
1243 5312 1343 5377 τὰς
1395 5312 1634 5378 ἐντολὰς,
1662 5313 1697 5386 ἢ
1730 5313 1799 5367 τὰ
1827 5314 1962 5369 ὲνδίμ-

395 5415 505 5462 κως
539 5399 636 5452 καὶ
673 5399 854 5472 κρίσει
892 5401 1076 5474 δικαίᾳ
1131 5402 1238 5457 ὑπὸ
1288 5402 1384 5457 τοῦ
1433 5401 1567 5458 Θεοῦ
1621 5403 1962 5477 γεγενημένα

394 5485 668 5559 θαύματα.
696 5491 832 5544 Ποῖα
851 5490 910 5544 δὲ
936 5491 1160 5564 τέρατα,
1191 5493 1313 5548 είπέ
1338 5511 1457 5565 μοι;
1481 5493 1563 5548 Τὰ
1581 5495 1639 5548 ὲν
1678 5494 1958 5566 Αἰγύπτῳ,

397 5577 462 5633 τά
510 5578 648 5650 μετὰ
681 5579 781 5653 τὴν
829 5583 1124 5652 Αἴγυπτον,
1161 5585 1232 5640 τά
1280 5587 1388 5658 πρὸ
1429 5587 1528 5659 τῆς
1571 5586 1866 5656 Αἰγύπτου,
1891 5587 1962 5642 τὰ

399 5669 537 5742 μετὰ
565 5670 666 5744 τήν
706 5675 1008 5746 παρουσίαν
1045 5677 1142 5750 τὴν
1187 5679 1372 5736 αὑτοῦ.
1410 5680 1597 5737 Πάντα
1638 5680 1749 5753 γὰρ
1787 5680 1959 5743 ταῦτα

466 5853 514 5896 ⁸⁵⁵
551 5853 690 5918 Βεει.
727 5873 910 5926 mn,
936 5858 1024 5915 12.

2062 4675 2314 4747 gentibus
2332 4675 2549 4731 tradere
2572 4658 2946 4738 memineritis.
2965 4674 3066 4730 Hic
3086 4674 3298 4729 videtur
3325 4669 3458 4724 mihi
3486 4669 3633 4722 viam

2061 4750 2349 4820 ostendere
2378 4779 2484 4844 qua
2517 4765 2791 4835 pessimus
2827 4764 2996 4820 Deum
3025 4776 3268 4835 quaerere
3289 4771 3348 4820 et.
3364 4759 3628 4814 invenire.

2062 4855 2317 4924 Quasnam
2337 4856 2427 4910 illa
2452 4857 2578 4911 via?
2601 4855 2870 4934 Perpetuo
2894 4855 2951 4910 in
2979 4853 3258 4915 memoria.
3281 4852 3500 4909 volvere
3522 4849 3631 4904 mi-

2061 4949 2253 5005 rabilia
2301 4949 2422 5019 ejus
2468 4964 2633 5021 opera
2658 4990 2674 5017 ,
2707 4950 2853 5031 leges
2887 4957 2943 5006 et
2964 4954 3270 5022 pracepta:
3303 4959 3472 5018 quare
3498 4943 3633 5000 sub-

2061 5038 2162 5104 dit,
2194 5039 2449 5110 Prodigia
2469 5040 2585 5111 ejus
2615 5050 2661 5097 et
2684 5041 2884 5105 iudicia
2911 5042 3019 5101 oris
3059 5040 3195 5111 ejus.
3228 5036 3484 5108 Prodigia
3517 5035 3632 5106 qui-

2061 5130 2184 5196 dem
2223 5131 2413 5194 divina,
2460 5133 2621 5204 signa
2667 5133 2886 5202 dicens;
2913 5131 3120 5206 judicia
3147 5146 3300 5195 vero,
3327 5129 3544 5185 decreta
3578 5136 3633 5183 et

2061 5237 2350 5295 praecepta,
2375 5224 2490 5281 sive
2517 5240 2605 5291 ea,
2645 5241 2767 5296 quas
2793 5225 2862 5280 ad
2892 5226 3153 5287 ultionem
3182 5223 3334 5297 justo
3370 5219 3577 5292 judicio
3599 5234 3632 5274 a

2061 5317 2172 5371 Deo
2197 5323 2407 5386 patrata
2431 5323 2580 5380 sunt,
2604 5301 2891 5373 mirabilia.
2914 5318 3044 5382 Quae
3060 5313 3328 5386 prodigia,
3353 5312 3443 5367 die
3461 5310 3655 5364 mihi?

2061 5408 2191 5474 Quae
2240 5410 2294 5461 in
2326 5408 2581 5480 Egypto,
2617 5423 2740 5478 qua:
2792 5416 2920 5464 ante
2964 5417 3021 5464 et
3054 5415 3179 5478 post
3223 5404 3523 5476 profectum
3573 5403 3630 5456 in

2062 5500 2376 5573 Egyptum,
2411 5517 2532 5572 quae
2580 5508 2706 5572 post
2755 5501 3046 5557 adventum
3088 5500 3229 5571 ejus.
3264 5498 3390 5573 Haec
3430 5497 3649 5566 quippe-

2061 5594 2244 5651 omnia
2271 5594 2590 5650 admiranda
2620 5602 2674 5651 et
2706 5596 2974 5666 stupenda
2999 5608 3165 5664 opera
3196 5597 3346 5655 sunt,
3370 5604 3492 5662 qua:
3531 5590 3628 5643 hu-

2061 5701 2284 5744 manum
2343 5694 2562 5759 captum
2618 5694 2899 5759 superant.
2960 5685 3085 5742 Sive
3106 5683 3353 5760 prodigia
3385 5681 3663 5763 quidem,“
