4102 6428
409 425 553 484 1505

1037 426 1310 483 EUSEBII
1343 426 1825 485 CIESAlllENSIS
1863 429 2013 486 OPP.
2056 430 2240 488 PARS
2279 431 2368 487 ιιι.
2408 463 2478 474 -
2516 431 2925 489 EXEGETICA.

3536 429 3684 486 1504

406 547 555 602 edita
615 548 902 612 miracula,
931 556 991 603 ιιι
1021 550 1304 607 ambulare
1327 564 1494 623 supra
1540 567 1711 618 mare,
1745 563 1992 610 mortuos

2102 555 2389 627 θαυμαστὰ
2420 558 2515 611 καὶ¹
2558 555 2835 627 παράδοξα
2863 554 3183 627 πράγματα,
3232 554 3328 607 καὶ
3354 551 3680 606 ἀκολουθίαν

409 639 702 705 suscitare,
730 651 785 695 et
813 641 1015 696 similia
1040 660 1056 709 ;
1082 642 1293 712 judicia
1316 651 1498 700 autem
1512 647 1627 700 oris
1649 645 1793 714 ejus,
1827 647 1993 703 verba

410 747 532 802 quae
555 732 773 787 dicebat
806 748 932 788 cum
985 734 1230 804 impuros
1260 735 1538 792 daemones
1564 752 1630 792 ex
1680 737 1993 793 hominibus

409 826 663 896 pelleret;
688 825 772 881 vel
799 834 1068 897 praecepta
1096 826 1233 882 Novi
1267 827 1623 887 Testamenti.
1664 829 1779 885 lmo
1810 832 1993 900 potius

411 919 517 971 hoc
560 918 681 973 loco
744 918 962 974 videtur
1010 919 1145 973 mihi
1172 920 1380 990 judicia
1418 936 1616 977 vocare
1644 923 1812 993 leges,
1858 938 1995 993 quas

411 1007 606 1063 sivein
660 1008 821 1075 coelo,
860 1008 976 1065 sive
1028 1009 1083 1064 in
1129 1019 1295 1075 terra,
1338 1011 1455 1066 sive
1502 1012 1559 1067 in
1605 1012 1742 1066 mari
1786 1014 1991 1083 posuit.

409 1099 601 1170 Neque
629 1101 776 1156 enim
808 1102 960 1156 solus
1000 1102 1162 1157 homo
1203 1103 1377 1173 legem
1397 1104 1640 1175 accepit;
1680 1105 1778 1161 sed
1812 1107 1998 1163 omnia

410 1192 687 1259 visibili’a;
733 1208 903 1257 mare,
941 1208 1009 1247 ne
1039 1207 1169 1249 oras
1208 1195 1715 1266 transgrederetur;
1758 1206 1995 1265 montes,

415 1295 474 1337 ut
502 1283 817 1353 ﬁgerentur.
851 1292 996 1340 terra
1031 1292 1090 1340 ut
1121 1295 1317 1354 staret,
1350 1288 1433 1345 sol
1472 1296 1533 1344 ut
1565 1298 1832 1359 curreret,
1868 1292 1998 1347 luna

412 1377 699 1447 proprium
718 1385 777 1432 ut
794 1377 1045 1433 ordinem
1079 1388 1360 1448 servaret;
1389 1382 1574 1438 varius
1594 1383 1689 1440 ille
1717 1385 1998 1443 stellarum

414 1469 640 1532 chorus,
665 1484 977 1540 corporum,
1009 1471 1344 1541 plantarum,
1378 1473 1665 1531 brutorum
1695 1484 1914 1543 natura,
1938 1483 2000 1533 ut

413 1568 471 1617 et
533 1562 765 1616 aliorum
834 1565 1114 1631 omnium,
1167 1565 1343 1637 legem
1406 1568 1619 1640 accepit
1674 1589 1689 1624 :
1741 1571 2000 1627 universa

413 1654 618 1725 quippe
671 1656 787 1711 suis
833 1657 1045 1727 legibus
1075 1658 1552 1717 administrantur.
1586 1661 1651 1717 Et
1677 1662 1791 1719 haec
1813 1664 1999 1720 omnia

414 1747 701 1820 praeceptis
759 1748 905 1805 facta
953 1759 1105 1816 sunt,
1137 1767 1259 1824 quas
1296 1768 1392 1810 ore
1435 1754 1807 1814 declarantur.
1840 1756 2001 1824 Quae.

414 1856 631 1910 cunque
680 1856 812 1913 ergo
872 1858 937 1899 os
994 1843 1190 1914 ipsius,
1215 1846 1333 1904 sive
1378 1862 1476 1918 per
1521 1847 1710 1917 Vetus,
1756 1850 1872 1906 sive
1903 1866 2002 1922 per

2093 648 2443 721 ἀνθρωπίνην
2479 648 2896 722 ὐπερὸαίνοντα.
2925 648 2998 701 ’Ἡ
3038 645 3243 716 τέρατα
3285 646 3384 717 μὲν
3418 644 3488 699 τὰ
3516 661 3683 714 γεγει-

2093 741 2302 812 νημένα
2328 741 2603 812 θαύματα,
2636 741 2713 804 ὼς
2739 740 2799 793 τὸ
2835 740 3206 812 περιπατῆσαι
3234 740 3327 792 ἐπὶ
3353 738 3452 810 τῆς
3477 736 3682 791 θαλάσ-

2096 851 2218 905 σης,
2245 835 2342 889 καὶ
2367 835 2561 907 νεκρὸν
2587 834 2913 907 ἀναστῆσαι,
2941 834 3036 889 καὶ
3058 832 3128 886 τὰ
3149 830 3404 889 τοιαῦταέ
3434 830 3684 900 κρίματα

2095 925 2154 979 δὲ
2173 924 2268 983 τοῦ
2295 925 2564 999 στόματος
2588 926 2754 981 αὐτοῦ
2789 927 2915 990 τοὺς
2946 925 3139 994 λόγους
3163 922 3259 987 οὒς
3293 921 3498 991 ἔλεγεν,
3524 920 3684 975 έλαύ-

2097 1035 2203 1073 νων
2229 1018 2338 1072 τῶν
2365 1018 2668 1092 ἀνθρώπων
2693 1019 2817 1084 τοὺς
2848 1018 3193 1088 ἀκαθάρτους
3222 1015 3501 1086 δαίμονας,
3528 1011 3563 1083 ἢ
3588 1012 3685 1071 nat

2095 1114 2196 1178 τὰς
2242 1113 2464 1176 ἐντολὰς
2495 1113 2594 1184 τῆς
2638 1113 2844 1184 Καινῆς
2877 1111 3171 1184 Διαθήκης.
3223 1109 3441 1164 Μᾶλλον
3487 1108 3546 1162 δὲ
3591 1108 3685 1164 ὲν-

2094 1204 2273 1260 ταῦθά
2307 1222 2396 1276 μοι
2423 1205 2572 1260 δοκεῖ
2605 1205 2852 1278 κρίματα
2889 1207 3018 1270 τοὺς
3065 1204 3264 1275 νόμους
3312 1200 3515 1272 λέγειν,
3554 1201 3687 1265 τοὺς

2096 1298 2156 1357 ἐν
2179 1298 2415 1371 οὐρανῷ,
2448 1299 2576 1362 τοὺς
2599 1299 2658 1355 ἐν
2695 1300 2790 1369 γῇ,
2824 1298 2951 1361 τοὺς
2988 1298 3046 1349 ὲν
3076 1295 3341 1368 θαλάσσῃ.
3371 1294 3447 1349 Οὐ
3480 1293 3595 1365 γὰρ
3616 1291 3687 1370 δὴ

2101 1389 2262 1460 μόνος
2319 1387 2605 1460 ἄνθρωπος
2663 1386 2824 1442 ἔλαϐε
2881 1386 3067 1457 νόμον,
3124 1384 3261 1438 ἀλλά
3307 1383 3377 1437 τὰ
3428 1380 3689 1453 ὁρώμενα

2099 1479 2314 1535 ἅπαντα
2336 1496 2351 1512 ο
2392 1482 2427 1552 ὴ
2458 1479 2701 1536 θάλασσα
2731 1479 2794 1533 τὸ
2827 1479 2903 1550 μὴ
2946 1476 3294 1549 ὑπερϐαίνειν
3333 1474 3460 1537 τοὺς
3504 1473 3688 1541 αἰγια-

2098 1573 2255 1636 λούς·
2288 1571 2358 1625 τὰ
2378 1571 2481 1644 ὅρη
2504 1570 2566 1625 τὸ
2594 1571 2924 1643 πεπηγέναι,
2955 1570 2989 1640 ἡ
3016 1568 3086 1639 γῆ
3113 1568 3173 1623 τὸ
3206 1565 3447 1629 ἑστάναι,
3474 1564 3504 1616 ὁ
3531 1561 3689 1633 ἣλιος

2098 1667 2161 1721 τὸ
2192 1666 2430 1738 τρέχειν,
2465 1665 2499 1735 ἡ
2535 1665 2735 1735 σελήνη
2760 1664 2862 1738 τὴν
2904 1662 3041 1717 ἰδίαν
3070 1659 3343 1727 εὐταξίαν,
3376 1660 3406 1711 ὁ
3439 1652 3689 1716 ποικίλος

2098 1759 2208 1816 τῶν
2242 1758 2488 1832 ἀστέρων
2513 1759 2693 1831 χορὸς,
2739 1759 2774 1829 ἡ
2813 1756 2990 1827 φύσις·
3011 1755 3121 1814 τῶν
3164 1753 3454 1826 σωμάτων,
3500 1750 3534 1819 ἡ
3577 1746 3690 1800 τῶν

2105 1852 2310 1923 φυτῶν,
2344 1854 2380 1924 ἠ
2423 1850 2535 1906 τῶν
2582 1851 2812 1921 ἀλόγων,
2850 1853 2887 1922 ἡ
2926 1849 3037 1905 τῶν
3077 1848 3252 1905 ἄλλων
3291 1845 3579 1901 ἁπάντων
3612 1842 3679 1893 oi-

412 1928 625 1987 Novum
659 1928 1072 1991 Testamentum
1090 1934 1380 2005 judicavit,
1408 1953 1473 1995 ea
1502 1941 1833 2008 connectite,
1863 1958 1998 2014 gen-

2104 1945 2272 2007 κείοις
2320 1940 2432 2012 γὰρ
2489 1943 2707 1997 ἅπαντα
2745 1941 3023 1996 διοικεῖται
3076 1939 3281 2011 νόμοις.
3339 1935 3451 1991 Καὶ
3513 1931 3687 1987 ταῦτα

411 2023 562 2085 tibus
580 2025 977 2095 praecipientes,
1001 2035 1063 2082 ut
1083 2028 1293 2099 judicia
1316 2031 1438 2103 ejus
1451 2033 1609 2104 quasi
1640 2035 1822 2106 regias
1853 2036 2003 2107 leges

413 2118 750 2173 custodiant.
801 2118 1015 2176 iudicia
1063 2138 1228 2194 porro
1265 2125 1537 2198 intelligas
1580 2143 1665 2196 ea,
1706 2144 1829 2201 quas
1852 2129 2004 2202 justo

413 2209 629 2266 calculo
674 2212 1003 2270 mirabiliter
1030 2216 1180 2271 edita
1203 2228 1352 2274 sunt.
1378 2217 1514 2274 Nam
1549 2220 1677 2291 quia
1707 2237 1771 2278 ea
1792 2238 1915 2294 qua:
1944 2224 2002 2279 in

414 2298 655 2373 Egypto
681 2312 834 2374 gesta
862 2313 993 2360 sunt
1025 2316 1355 2365 narraturus
1384 2318 1490 2373 est.
1527 2311 1800 2382 justitiam
1832 2314 2000 2371 ultio-

413 2393 504 2449 nis
537 2392 608 2447 de
656 2392 930 2466 IEgyptiis
975 2407 1205 2468 sumptae
1237 2399 1436 2457 docere
1471 2405 1791 2459 antevertit.
1825 2401 2002 2475 Opor-

413 2486 565 2543 tebat
591 2486 738 2542 enim
769 2502 982 2554 omnes,
1015 2490 1108 2560 qui
1134 2493 1193 2546 in
1214 2501 1358 2547 terra
1382 2500 1532 2559 sunt,
1571 2494 1844 2559 homines,
1878 2495 2000 2569 ejus

411 2578 639 2649 judiciis
669 2581 942 2646 subditos,
974 2576 1153 2654 nequ'e
1196 2592 1348 2656 gesta
1377 2585 1523 2656 ejus,
1561 2602 1739 2658 neque
1790 2588 1999 2658 judicia

414 2672 537 2743 ejus
570 2673 844 2745 ignorare.
879 2675 1093 2744 Quibus
1115 2676 1341 2747 judiciis
1375 2692 1485 2733 non
1506 2678 1684 2734 solum
1712 2678 1997 2736 Iudaicam

415 2771 652 2835 gentem,
671 2766 765 2821 sed
789 2768 957 2822 etiam
971 2782 1164 2825 omnes
1192 2767 1248 2823 in
1265 2776 1411 2825 terra
1440 2771 1691 2828 homines
1711 2773 2000 2831 vocatione

415 2869 518 2909 sua
546 2855 765 2927 dignari
791 2856 1055 2914 decrevit.

2104 2036 2321 2093 ἅπαντα
2359 2033 2695 2105 ἐπιτάγμασι
2723 2032 2970 2102 γέγονεν,
3015 2033 3153 2105 ὅπερ
3182 2027 3435 2101 δηλοῦται
3466 2025 3554 2080 διὰ
3594 2020 3691 2078 τοῦ

2106 2126 2391 2197 στόματος.
2425 2126 2566 2181 Ὅσα
2592 2126 2773 2180 τοίνυν
2805 2126 2867 2179 τὸ
2902 2123 3079 2195 στόμα
3118 2120 3282 2177 αὐτοῦ
3317 2119 3552 2191 ἔκρινεν,
3578 2116 3691 2170 εἴτε

2103 2218 2194 2275 διὰ
2218 2219 2317 2290 τῆς
2348 2218 2615 2285 Παλαιᾶς,
2641 2219 2752 2272 εἴτε
2778 2216 2868 2272 διὰ
2890 2216 2991 2287 τῆς
3020 2215 3166 2278 Νέας
3182 2212 3458 2283 Διαθήκης
3485 2209 3693 2281 ἔκρινε,

2104 2312 2495 2384 ἑπισυνάψατε,
2548 2313 2839 2384 φυλάττειν
2886 2311 2965 2375 ὼς
3011 2308 3210 2381 νόμους
3258 2304 3569 2377 βασιλικοὺς
3623 2301 3696 2355 τὰ

2105 2408 2351 2481 κρίματα
2384 2406 2550 2468 αὐτοῦ
2580 2409 2694 2472 τοῖς
2725 2407 2902 2460 ἔθνεσι
2936 2399 3426 2475 παραγγέλλοντες.
3455 2395 3695 2468 Νοήσεις

2103 2499 2162 2553 δὲ
2216 2499 2462 2571 κρίματα
2517 2497 2587 2553 τὰ
2645 2497 2835 2569 δικαίᾳ
2891 2495 3057 2568 ψήφῳ
3114 2487 3691 2564 θαυματουργηθέντα.

2113 2589 2332 2662 Ἐπειδὴ
2361 2589 2468 2662 γὰρ
2491 2588 2561 2644 τὰ
2586 2590 2644 2642 ἐν
2664 2588 2925 2659 Αἰγύπτῳ
2954 2583 3135 2659 μέλλει
3157 2579 3484 2654 διηγεῖσθαι,
3509 2578 3696 2650 προδι-

2101 2678 2291 2739 δάσκει
2313 2679 2415 2751 τῆς
2444 2677 2756 2749 Δίγυπτίων
2780 2676 3051 2748 τιμωρίας
3075 2673 3137 2728 τὸ
3159 2673 3389 2729 δίκαιον.
3414 2669 3563 2725 Ἔδει
3583 2667 3696 2740 γὰρ

2102 2771 2310 2837 πάντας
2349 2771 2477 2835 τοὺς
2512 2771 2608 2824 ἐπὶ
2644 2769 2751 2841 γῆς
2791 2768 3110 2841 ἀνθρώπους
3153 2763 3546 2836 ὑποκειμένους
3577 2763 3696 2824 τοῖς

2103 2860 2268 2921 αὐτοῦ
2301 2863 2532 2935 κρίμασι
2564 2863 2640 2934 μὴ
2669 2863 2885 2931 ἀγνοεῖν
2922 2862 3059 2932 μήτε
3084 2858 3153 2913 τά
3186 2856 3324 2930 ἔργα
3351 2853 3516 2909 αὐτοῦ
3551 2853 3694 2926 μήτε

413 2949 484 3006 τὰ
510 2942 757 3021 κρίματα
780 2952 968 3010 αὑτοῦ.
996 2953 1075 3006 Δι’
1097 2947 1173 3009 ὧν
1194 2957 1479 3029 χριμάτων
1502 2958 1562 3011 οὐ
1597 2958 1756 3030 μόνον
1781 2959 1843 3013 τὸ
1873 2958 2142 3015 Ἰουδαίων
2177 2957 2347 3025 ἔθνος,
2379 2957 2519 3013 ἀλλὰ
2557 2959 2652 3013 καὶ
2683 2958 2896 3021 πάντας
2931 2957 3058 3020 τοὺς
3096 2954 3191 3009 ἐπὶ
3220 2952 3327 3023 γῆς
3371 2947 3694 3022 ἀνθρώπους

413 3043 596 3116 ἔκρινε
624 3049 722 3120 τῆς
750 3050 917 3107 αὐτοῦ
944 3053 1191 3125 κλήσεως
1216 3052 1574 3119 καταξιῶσαι.

490 3164 653 3224 Vens.
683 3169 810 3234 6,7.
844 3169 1035 3228 Semen
1064 3171 1337 3226 Abraham
1373 3174 1510 3228 servi
1541 3173 1677 3243 ejus,
1710 3173 1813 3243 ﬁlii
1833 3169 2001 3227 Iacob

2178 3167 2420 3239 Σπέρμα
2478 3166 2726 3238 Ἀϐραὰμ
2778 3165 2989 3221 δοῦλοι
3043 3162 3254 3229 αὑτοῦ,
3312 3160 3434 3218 υἱοὶ
3496 3159 3695 3216 Ἰακὼᾶ

413 3257 564 3314 electi
591 3259 725 3328 ejus.
761 3258 885 3331 Ipse
914 3260 1173 3317 Dominus
1217 3259 1360 3317 Deus
1385 3272 1581 3319 noster.
1600 3262 1870 3331 Quoniam
1897 3281 1998 3318 non

2104 3261 2380 3323 ἐκλεκτοὶ
2426 3258 2636 3317 αὑτοῦ.
2687 3255 2884 3324 Αὐτὸς
2932 3256 3150 3329 Κύριος
3205 3256 3239 3308 ό
3292 3252 3438 3317 Θεὸς

415 3365 594 3404 omnes
623 3352 715 3422 qui
739 3367 805 3406 ea:
834 3351 1032 3419 Israel,
1090 3354 1130 3408 ii
1181 3364 1305 3408 sunt
1358 3353 1663 3422 Israelita,
1717 3373 1879 3429 neque
1908 3358 1999 3429 qui

2114 3356 2266 3410 Ἐπεὶ
2302 3354 2389 3425 μὴ
2427 3354 2651 3419 πάντες
2695 3354 2751 3408 οί
2789 3351 2859 3418 ἐξ
2910 3348 3171 3419 Ἰσραὴλ,
3213 3342 3377 3403 οὗτοι
3421 3341 3681 3411 Ἰσραὴλ,

415 3445 591 3499 semen
651 3455 776 3502 sunt
829 3445 1079 3513 Abralue,
1136 3463 1315 3502 omnes
1363 3447 1559 3517 ﬁlii";
1600 3449 1729 3520 jure
1773 3449 1998 3521 quidem

2102 3445 2252 3517 μηδὲ
2296 3444 2432 3499 ὅσοι
2479 3443 2600 3498 εισι
2642 3442 2884 3515 σπέρμα
2922 3439 3190 3510 Ἀϐραὰμ,
3226 3435 3447 3501 πάντες
3479 3431 3682 3521 ebura,

417 3534 670 3593 Salvator
699 3547 888 3597 noster
913 3540 1116 3599 ludatis
1142 3546 1239 3616 qui
1270 3560 1338 3602 ex
1369 3544 1579 3602 semine
1608 3542 1850 3599 ‘Abrabae
1877 3558 2002 3599 esse

414 3632 814 3702 gloriabantur,
833 3635 971 3691 dixit
993 3657 1003 3692 :
1023 3635 1146 3695 Scio
1162 3639 1290 3709 quia
1316 3654 1487 3693 semen
1512 3635 1742 3691 Abraha:
1772 3636 1900 3691 estis
1928 3634 1996 3703 ⁸⁶;

414 3730 471 3777 et
503 3722 721 3790 iterum,
752 3724 813 3781 Si
862 3726 968 3795 ﬁlii
1021 3727 1254 3784 Abralue
1291 3730 1440 3797 estis,
1464 3743 1623 3797 opera
1660 3726 1892 3783 Abrahae
1913 3727 2000 3797 fa-

416 3814 518 3867 cite
544 3813 615 3881 '7;
644 3812 720 3869 ita
754 3823 815 3870 ιιι
839 3817 1062 3886 quidam
1114 3818 1214 3874 ﬁlii
1265 3820 1376 3875 sint
1418 3818 1653 3874 Abrahae
1685 3833 1781 3889 per
1816 3817 2001 3871 imita-

416 3905 645 3968 tionem,
682 3906 775 3979 qui
824 3917 878 3962 et
906 3909 1066 3965 electi
1106 3920 1415 3971 vocantur;
1448 3925 1575 3965 cum
1608 3910 1775 3981 aliqui
1813 3924 2000 3967 semen

418 4008 632 4055 tantum
679 4001 799 4071 ejus
852 4003 984 4069 sint,
1018 4011 1185 4075 atque
1217 4005 1341 4061 ideo
1388 4004 1613 4062 minime
1641 4004 1801 4060 electi
1839 4019 1852 4055 :
1888 4017 1998 4057 non

415 4093 561 4148 enim
592 4109 778 4149 semen
803 4095 1038 4150 electum
1080 4095 1304 4168 dicitur,
1340 4097 1435 4153 sed
1478 4097 1596 4153 lilii.
1629 4095 1827 4151 Semen
1867 4109 2000 4151 vero

417 4193 547 4241 s.;nt
600 4186 743 4242 servi
773 4186 915 4257 ejus.
957 4187 1096 4242 Cum
1141 4187 1325 4259 itaque
1366 4188 1622 4261 discipuli
1665 4189 1999 4255 Servatoris,

417 4275 663 4342 gentium
718 4291 1003 4347 praecones
1051 4276 1254 4344 eﬂecti,
1299 4287 1595 4353 utrumque
1648 4280 1996 4346 obtinerent,

418 4373 607 4438 utpote
640 4369 733 4439 qui
762 4372 982 4445 etservi
1007 4382 1194 4429 essent
1221 4383 1275 4430 et
1303 4375 1492 4444 electi;
1528 4376 1650 4431 ideo
1674 4375 1881 4431 dictum
1915 4384 2001 4433 est

417 4457 486 4512 ad
510 4474 607 4514 eos
637 4479 648 4514 :
685 4457 873 4515 Semen
900 4462 1172 4520 Abraham
1201 4468 1337 4521 servi
1356 4467 1495 4536 ejus,
1527 4469 1629 4538 ﬁlii
1650 4466 1818 4522 Jacob
1851 4467 2003 4528 electi

414 4548 548 4613 eius.
583 4546 722 4605 Huic
754 4558 935 4606 autem
967 4553 1138 4621 dicto,
1169 4553 1339 4611 Electi
1369 4557 1502 4626 ejus,
1529 4572 1816 4629 compares
1841 4559 1998 4624 illud,

2100 3535 2327 3599 εἰκότως
2369 3534 2470 3607 μὲν
2494 3536 2522 3588 ὁ
2548 3531 2737 3605 Σωτὴρ
2768 3530 2926 3605 ἡμῶν
2959 3532 3073 3595 τοῖς
3112 3530 3178 3583 ὲκ
3203 3526 3516 3601 σπέρματος
3547 3517 3686 3585 εἶναι

2113 3626 2364 3699 Ἀϐραὰμ
2423 3626 2681 3701 αὐχοῦσιν
2743 3623 3020 3687 Ἰουδαίοις
3074 3620 3291 3691 ἔλεγεν·
3353 3615 3531 3686 Οἶδα,
3595 3617 3690 3673 ὅτι

2100 3718 2341 3789 σπέρμα
2373 3718 2621 3789 Ἀϐραάμ
2658 3718 2799 3772 ἐστε
2819 3733 2832 3749 ο
2871 3715 2969 3772 καὶ
3012 3713 3205 3775 πάλιν*
3239 3715 3311 3771 El
3348 3712 3534 3769 τέκνα
3577 3710 3686 3766 τοῦ

2115 3811 2362 3888 Ἀϐραὰμ
2399 3808 2524 3883 ἦτε,
2577 3809 2652 3864 τὰ
2685 3809 2832 3881 ἔργα
2874 3807 2984 3864 τοῦ
3027 3807 3274 3877 Ἀϐραὰμ
3319 3804 3541 3863 ποιεῖτε
3562 3822 3577 3835 ’
3612 3802 3687 3869 ὥς

2100 3923 2264 3965 τινων
2294 3906 2461 3963 τέκνα
2502 3905 2602 3977 μὲν
2636 3904 2806 3959 ὄντων
2829 3902 2931 3975 ιτοῦ
2967 3901 3220 3974 ’Δὸραὰμ
3262 3900 3352 3961 διὰ
3380 3901 3687 3973 μιμήσεως,

2103 3999 2152 4055 οἳ
2191 3978 2296 4053 καί
2328 3998 2575 4059 ἐκλεκτοὶ
2624 3998 2867 4070 εἴρηνται
2885 4013 2899 4028 ο
2939 3995 3102 4054 τινῶν
3144 3994 3203 4053 δὲ
3253 3993 3474 4067 σπέρμα
3526 3992 3688 4063 μόνον

2104 4089 2273 4150 ὄντων
2305 4089 2493 4157 αὐτοῦ,
2523 4090 2618 4144 καὶ
2644 4088 2733 4149 διά
2769 4088 2927 4144 τοῦτο
2968 4086 3239 4142 ἐκλεκτῶν
3267 4085 3371 4139 οὐκ
3391 4083 3579 4138 ὄντων.
3609 4083 3685 4136 Οὐ

2102 4182 2212 4255 γὰρ
2238 4181 2299 4234 τὸ
2331 4180 2553 4253 σπέρμα
2594 4177 2847 4235 ἐκλεκτὸν
2884 4176 3101 4248 ἐλέχθη,
3134 4174 3252 4229 ἀλλ’
3281 4175 3329 4228 οἱ
3358 4172 3483 4226 υἱοί.
3519 4169 3593 4223 Τὸ
3627 4169 3686 4223 δὲ

2106 4273 2331 4350 σπέρμα
2360 4271 2537 4326 δοῦλοι
2565 4270 2756 4331 αὐτοῦ.
2794 4270 2945 4329 Ἐπεὶ
2975 4268 3155 4324 τοίνυν
3197 4268 3247 4320 οἱ
3291 4262 3388 4320 τοῦ
3429 4260 3686 4333 Σωτῆρος

2108 4366 2366 4438 μαθηταὶ,
2391 4366 2439 4423 οἱ
2460 4364 2572 4419 τῶν
2596 4363 2765 4418 ὲθνῶν
2785 4364 3063 4436 γενόμενοι
3106 4360 3369 4431 κήρυκες,
3393 4355 3685 4429 ἀμφότερα

2106 4455 2271 4537 εἶχον,
2299 4458 2395 4517 ἆτε
2438 4459 2532 4512 καὶ
2559 4456 2735 4517 δοῦλοι
2766 4458 2917 4520 ὄντες
2956 4454 3052 4509 καὶ
3078 4450 3326 4507 ἐκλεκτοί
3345 4467 3358 4480 ·
3387 4449 3511 4504 ὅθεν
3550 4447 3689 4519 πρὸς

2108 4553 2305 4615 αὐτοὺς
2333 4551 2581 4609 λέλεκται
2602 4567 2616 4582 ο
2651 4550 2894 4623 Σπέρμα
2937 4549 3186 4619 Ἀϐραὰμ
3228 4545 3435 4603 δοῦλοι
3474 4542 3683 4606 αὐτοῦ,

418 4632 533 4694 Hos
561 4638 837 4699 duodecim
853 4643 1006 4714 elegit
1031 4642 1213 4712 Iesus,
1239 4655 1290 4700 et
1313 4647 1580 4717 apostolos
1612 4647 1905 4700 nominavit
1928 4646 1995 4714 '3;

2103 4645 2221 4700 υἱοί
2256 4646 2456 4699 Ἰακὼϐ
2480 4644 2754 4701 ἐκλεκτοὶ
2774 4642 2983 4700 αὐτοῦ.
3015 4640 3161 4713 Πρὸς
3184 4640 3242 4694 δὲ
3268 4639 3351 4704 τὸ,
3380 4636 3688 4692 Ἐκλεκτοι

414 4743 470 4786 et
498 4732 653 4798 illud,
687 4732 878 4790 Nonne
903 4752 996 4807 ego
1019 4753 1107 4791 vos
1122 4736 1397 4792 duodecim
1413 4738 1544 4809 elegi
1572 4738 1658 4793 "‘2
1687 4737 1997 4794 Electorum

414 4839 549 4879 vero
572 4827 944 4895 praestantiam
974 4814 1331 4899 intelligimus
1361 4844 1427 4884 ex
1463 4829 1581 4893 illo,
1610 4826 1774 4882 Multi
1802 4829 1994 4894 vocati,

416 4918 573 4984 pauci
596 4935 713 4973 vero
741 4920 972 4981 electi“.
995 4918 1116 4991 Ipse
1136 4920 1394 4976 Dominus
1424 4920 1564 4977 Deus
1594 4930 1790 4986 noster,
1810 4923 1864 4975 in
1885 4922 1999 4975 uni-

416 5025 567 5064 versa
597 5019 739 5065 terra
782 5010 994 5080 judicia
1044 5011 1329 5094 ejusqNon
1367 5013 1754 5082 ignorandum,
1796 5013 1994 5084 inquit,

414 5099 596 5169 ipsum
629 5118 753 5158 esse
776 5100 1068 5158 Dominum
1093 5103 1263 5158 Deum
1290 5114 1562 5171 nostrum,
1585 5104 1678 5175 qui
1710 5104 2003 5174 providen-

416 5196 491 5251 tia
537 5212 635 5251 sua
662 5195 977 5254 universum
1028 5196 1295 5251 mundum
1330 5196 1532 5251 divinis
1571 5196 1798 5266 judiciis
1828 5195 2003 5250 admi-

417 5289 650 5355 nistrat;
675 5289 748 5343 ita
786 5298 845 5345 ut
870 5291 1007 5345 nihil
1031 5290 1150 5347 sine
1179 5290 1410 5358 judicio,
1451 5290 1587 5345 nihil
1615 5290 1737 5346 sine
1765 5288 1860 5345 Dei
1876 5304 2003 5359 pro-

415 5382 657 5437 videntia
686 5382 921 5438 eveniat.

2104 4735 2310 4802 αὐτοῦ,
2344 4736 2685 4810 παραθήσεις
2724 4735 2804 4801 τὸ,
2851 4735 3111 4799 Τούτους
3144 4731 3285 4798 τοὺς
3319 4728 3547 4784 δώδεκα
3588 4726 3688 4791 ἐξα

2105 4827 2355 4894 ελέξατο
2385 4833 2418 4884 ό
2451 4828 2701 4898 Ἰησοῦς,
2727 4829 2826 4883 καὶ
2848 4827 3231 4901 ἀποστόλους
3254 4823 3531 4893 ὠνόμασε
3552 4837 3567 4852 ·
3593 4819 3687 4878 καὶ

2103 4920 2186 4987 τὸ,
2218 4923 2339 4976 οὐκ
2370 4921 2486 4992 ἐγὼ
2515 4919 2674 4991 ὑμᾶς
2714 4921 2859 4989 τοὺς
2901 4918 3133 4978 δώδεκα
3169 4913 3580 4985 ἐξελεξάμην;
3611 4911 3688 4991 Τὸ

2103 5013 2159 5073 δὲ
2192 5013 2469 5085 ἐξαίρετον
2502 5013 2608 5068 τῶν
2638 5012 2909 5073 ἐκλεκτῶν
2946 5012 3210 5083 νοήσομεν
3235 5008 3343 5064 ἀπὸ
3366 5006 3460 5063 τοῦ
3481 5023 3495 5036 ·
3527 5007 3687 5060 Πολς

2102 5106 2198 5159 λοι
2241 5106 2471 5175 κλητοὶ,
2513 5106 2705 5177 ὀλίγοι
2736 5104 2805 5159 δὲ
2848 5103 3144 5163 ἐκλεκτοί.
3176 5100 3372 5168 Αὐτὸς
3401 5099 3618 5167 Κύριος
3650 5098 3686 5151 d

2105 5198 2249 5265 Θεὸς
2289 5198 2476 5271 ἡμῶν,
2513 5200 2585 5259 ἐν
2619 5197 2788 5268 πάσῃ
2828 5196 2905 5268 τῇ
2935 5194 3014 5266 τῇ
3058 5194 3132 5250 τὰ
3172 5194 3428 5267 κρίματα
3471 5189 3681 5253 αὐτοῦ,

2105 5294 2217 5346 Οὐκ
2250 5292 2563 5363 ἀγνοητέον,
2588 5292 2770 5363 φησιν,
2790 5291 2873 5345 ὅτι
2902 5289 3064 5354 αὐτὸς
3092 5290 3203 5343 ἐστι
3244 5286 3448 5358 Κύριος
3483 5285 3513 5338 ὁ
3546 5281 3681 5347 Θεὸς

2101 5386 2282 5456 ἡμῶν,
2307 5385 2365 5449 ὃς
2401 5385 2629 5463 προνοίᾳ
2656 5384 2748 5439 τὸν
2784 5383 3081 5457 σύμπαντα
3112 5381 3316 5454 κόσμον
3352 5378 3517 5442 θείοις
3555 5375 3681 5447 κρί-

420 5491 555 5549 μασι
579 5474 792 5541 διοικεῖ,
831 5475 907 5539 ὼς
952 5475 1117 5547 μηδὲν
1150 5476 1411 5548 ἀκρίτως,
1442 5476 1577 5548 μηδὲ
1617 5478 1744 5531 ἄνευ
1772 5477 1873 5548 τῆς
1904 5475 1997 5530 τοῦ
2035 5477 2170 5530 Θεοῦ
2210 5478 2464 5549 προνοίας
2498 5477 2800 5548 γίγνεσθαι.

490 5584 657 5642 Vens.
692 5588 843 5643 8-15.
905 5587 1110 5644 Memor
1172 5588 1274 5658 fuit
1324 5589 1379 5643 in
1409 5589 1664 5645 saeculum
1698 5591 2000 5649 testamenti

418 5680 519 5739 sui,
550 5682 689 5734 verbi
720 5683 857 5750 quod
887 5682 1158 5738 mandavit
1186 5685 1240 5737 in
1267 5684 1413 5739 mille
1437 5686 1820 5754 generationes.
1844 5686 1998 5753 Quod

492 5902 534 5931 θ’
578 5900 732 5957 Rom.
771 5917 854 5970 ιι,
893 5901 1043 5977 6,7._
1096 5901 1311 5962 “loan.
1347 5919 1474 5970 Vlll,
1514 5905 1601 5958 37.
1681 5907 1723 5937 ⁸⁷
1767 5905 1895 5961 ibid.
1936 5907 2023 5961 59.

2186 5593 2492 5663 Ἐμνήσθη
2526 5595 2615 5660 εὶς
2641 5592 2750 5647 τὸν
2776 5591 2965 5648 αίῶγα
2998 5588 3290 5658 διαθήκης
3325 5588 3534 5651 αὐτοῦ,
3573 5588 3678 5642 λδ.

2106 5706 2213 5755 του
2241 5683 2333 5751 οὗ.
2359 5688 2695 5742 ἐνετείλατο
2729 5689 2818 5753 είς
2844 5686 3047 5755 χιλίας
3084 5684 3313 5756 γενεὰς,
3346 5683 3421 5738 ὃν
3453 5680 3681 5737 διέθετο

2103 5908 2142 5935 ⁸⁸³
2185 5907 2318 5963 Luc.
2353 5922 2438 5971 ιι,
2484 5908 2566 5964 13.
2644 5909 2688 5940 ⁵⁸
2728 5905 3130 5972 Ioan.vt,7i.‘
3168 5905 3211 5937 ⁸ο
3250 5902 3437 5960 Matth.
3479 5904 3675 5968 “.16.
