4102 6424
386 459 526 514 1505

1525 455 2030 512 COMMENTARIA
2061 457 2130 514 1N
2154 444 2492 516 PSALMOS.

3493 467 3515 520 1
3527 465 3630 523 506

383 579 464 645 τῷ
497 578 760 647 Ἀϐραὰμ,
793 576 889 630 καί
917 576 1022 630 τοῦ
1060 576 1240 645 ὅρκου
1259 575 1444 628 αυτοῦ
1475 574 1556 640 τῷ
1587 574 1785 630 Ἰσαάκ
1809 595 1821 606 ·
1856 577 1955 630 καὶ

2073 577 2316 647 lisposuit
2348 579 2416 632 ad
2445 578 2737 643 Abraham,
2765 587 2815 633 et
2835 579 3128 648 juramenti
3164 581 3248 634 sui
3279 579 3346 633 ad
3375 578 3555 643 Isaac,
3581 589 3631 635 et

387 671 652 738 ἔστησεν
675 667 860 722 αὑτὸν
883 667 963 732 τῷ
1001 667 1200 720 Ἰακὼό
1229 669 1316 732 εἰς
1349 668 1719 737 πρόσταγμα,
1754 669 1852 722 καὶ
1882 668 1962 734 τῷ

399 761 637 829 Ἰσραὴλ
665 763 751 825 εἰς
777 758 1069 825 διαθήκην
1094 758 1333 810 αἰώνιον
1350 797 1366 824 ,
1401 760 1595 828 λέγων
1613 776 1627 790 ·
1658 759 1761 813 Σοὶ
1790 759 1962 812 δώσω

387 856 503 923 τὴν
530 853 650 925 γῆν
680 851 942 916 Χαναὰν,
980 852 1310 919 σχοίνισμα
1339 851 1744 920 κληρονομίας
1771 849 1960 922 ὑμῶν.

401 949 501 1001 Ἐν
526 946 605 1011 τῷ
633 942 785 999 εἶναι
808 944 1028 1010 αὐτοὺς
1055 942 1277 1012 ἀριθμῷ
1313 943 1586 1012 βραχεῖς,
1609 943 1963 1012 ὀλιγοστοὺς

387 1038 486 1091 καὶ
532 1039 857 1107 παροίκους
889 1037 958 1089 ἐν
999 1035 1170 1103 αὐτῇ.
1215 1035 1327 1089 Καὶ
1354 1034 1606 1104 διῆλθον
1642 1036 1712 1100 ἐξ
1749 1037 1963 1104 ἔθνους

387 1133 477 1196 εἰς
518 1131 725 1196 ἔθνος,
765 1127 866 1182 καὶ
913 1129 982 1181 ἐκ
1024 1127 1350 1193 ,βασιλείας
1401 1128 1490 1191 εἰς
1537 1125 1692 1180 λαὸν
1734 1125 1960 1192 ἕτερον.

385 1225 507 1275 Οὐκ
530 1220 764 1290 ἀφῆκεν
785 1218 1097 1289 ἄνθρωπον
1117 1218 1400 1286 ἀδικῆσαι
1418 1219 1660 1283 αὐτοὺς,
1676 1218 1775 1272 καὶ
1793 1218 1964 1289 ἤλεγ-

389 1315 497 1380 ξεν
523 1315 674 1382 ὑπὲρ
701 1315 901 1368 αὐτῶν
935 1311 1238 1378 βασιλεῖς.
1267 1311 1365 1380 Μὴ
1413 1311 1674 1366 ἅπτεσθε
1703 1309 1823 1365 τῶν
1847 1329 1967 1380 χρι-

390 1407 554 1460 στῶν
577 1424 719 1476 μου,
756 1406 854 1459 καὶ
889 1405 960 1458 ἐν
990 1404 1114 1470 τοῖς
1142 1402 1476 1472 προφήταις
1514 1421 1633 1472 μου
1659 1402 1746 1472 μὴ
1780 1415 1967 1471 πονη-

387 1501 660 1567 ρεύεσθε.
706 1498 1039 1567 Ἐπιστήσας
1088 1493 1330 1566 ἀκριόῶς
1374 1495 1458 1558 τίς
1510 1490 1581 1565 ἦν
1635 1497 1664 1548 ὁ
1707 1493 1864 1562 λόγος
1907 1495 1966 1547 ὃν

392 1590 691 1643 ἐνετείλατο
734 1591 814 1652 εἰς
855 1587 1056 1650 πολλὰς
1099 1585 1290 1655 γενεὰς
1321 1583 1720 1655 ἐξικνούμενον,
1765 1584 1825 1636 οὑ
1859 1582 1968 1654 γὰρ

392 1681 529 1735 ἐτῶν
584 1681 836 1753 ἀριθμὸν,
890 1679 1024 1733 ἀλλά
1055 1678 1117 1731 τὸ
1147 1677 1392 1747 διηνεκὲς
1431 1676 1724 1730 αἰνίττεται
1775 1676 1868 1729 καὶ
1907 1673 1969 1727 τὸ

391 1773 614 1844 πλῆθος,
650 1772 726 1835 ὡς
752 1770 812 1824 τὸ
854 1771 1100 1835 ἑπτάκις,
1137 1769 1341 1836 Στεῖρα
1374 1767 1584 1822 ἔτεκεν
1608 1767 1779 1831 ἑπτὰ,
1813 1784 1969 1820 τουτ-

393 1867 508 1919 έστι
556 1863 747 1927 πολλὰ,
782 1864 897 1928 καὶ,
932 1861 1204 1927 Ἐπτάκις
1241 1860 1508 1915 πεσεῖται
1535 1863 1569 1914 ό
1594 1860 1840 1924 δίκαιος,
1869 1860 1967 1913 καί

393 1955 830 2023 ἀναστήσεται·
857 1956 1110 2026 εὑρήσεις
1137 1953 1297 2007 αὐτὸν
1325 1952 1612 2024 εἰρημένον
1643 1951 1813 2016 οὕτως
1835 1953 1972 2023 πρὸς
2001 1927 2045 1984 Β

406 2048 676 2120 Ἀϐραὰμ,
700 2047 811 2103 Kal
834 2045 1420 2117 ένευλοτηθήσονται
1447 2045 1517 2098 ἐν
1551 2043 1652 2098 σοὶ
1676 2042 1870 2098 πάντα
1897 2046 1972 2098 τὰ

393 2142 539 2210 ἔθνη
593 2139 704 2208 τῆς
748 2139 878 2209 γῆς.
933 2139 1063 2203 Καὶ,
1115 2135 1728 2206 Ἐνευλογηθήσονται
1773 2135 1845 2189 ἐν
1891 2134 1973 2202 τῷ

395 2230 692 2300 σπέρματί
725 2246 841 2285 σου
874 2229 1063 2284 πᾶσαι
1100 2231 1160 2282 al
1181 2228 1367 2298 εσυλαί
1395 2227 1507 2296 τῆς
1535 2227 1668 2296 γῆς,
1690 2227 1789 2280 καί
1817 2229 1972 2294 πλη-

396 2326 592 2380 θύνων
620 2323 908 2391 πληθυνῶ
938 2323 1003 2376 τὸ
1037 2323 1277 2392 σπέρμα
1312 2337 1449 2376 σου.
1489 2319 1685 2392 Εὖροις
1719 2321 1764 2374 δ’
1803 2320 1870 2374 ἂν
1905 2318 1976 2372 τά

396 2411 754 2484 παραπλήσια
802 2412 895 2465 καὶ
924 2410 1002 2481 τῷ
1050 2411 1232 2465 Ἰσαὰκ
1273 2409 1663 2481 ἐπηγγελμένα
1710 2408 1805 2462 καὶ
1847 2409 1975 2478 ὀμο-

397 2506 593 2558 σθέντα
638 2503 764 2576 περί
805 2521 870 2557 τε
918 2505 1018 2575 τῆς
1069 2504 1175 2574 γῆς
1230 2503 1325 2556 καὶ
1368 2501 1459 2554 τοῦ
1516 2499 1832 2572 πληθυσμοῦ
1880 2499 1973 2553 τοῦ

397 2596 730 2674 σπέρματος.
783 2594 970 2650 Ταῦτα
1009 2594 1065 2649 δὲ
1107 2593 1248 2666 μετὰ
1303 2593 1561 2655 πλείστας
1607 2593 1737 2656 ὅσας
1782 2591 1974 2660 γενεὰς

396 2687 699 2759 ἐπληροῦτο
721 2687 808 2740 διὰ
844 2688 942 2758 τῆς
973 2686 1296 2755 ἐπιφανείας
1327 2684 1563 2756 Χριστοῦ
1590 2684 1684 2738 τοῦ
1710 2685 1774 2740 ἐκ
1809 2684 1977 2754 σπέρ-

401 2795 567 2849 ματος
608 2777 876 2847 Ἀϐραὰμ,
906 2777 1198 2847 γενομένου
1222 2778 1472 2848 Σωτῆρος
1504 2775 1679 2846 ἡμῶν.
1711 2776 1894 2830 Εἰσέτι
1916 2792 1974 2828 τε

397 2869 494 2926 νῦν
521 2872 734 2942 ἐνεργεῖ
761 2871 854 2923 καὶ
887 2869 1129 2940 διαμένει
1169 2871 1202 2939 ἡ
1235 2869 1554 2937 ἐπαγγελία,
1596 2869 1788 2940 μέχρις
1815 2864 1876 2921 οὗ
1916 2868 1975 2921 τὸ

397 2961 674 3032 πλήρωμα
701 2961 806 3015 τῶν
833 2961 999 3015 ἐθνῶν
1021 2959 1256 3032 εἰσέλθῃ.
1286 2955 1451 3023 Οὗτος
1477 2956 1571 3014 οὖν
1599 2960 1735 3031 μετὰ
1766 2960 1974 3030 μακρὸν

398 3054 588 3116 αἰῶνα,
621 3055 715 3107 καὶ
749 3052 886 3124 μετά
930 3051 1187 3115 πλείστας
1231 3051 1436 3123 σφόδρα
1472 3051 1688 3120 γενεὰς,
1722 3050 1823 3114 τάς
1864 3053 1974 3123 γὰρ

399 3145 639 3214 χιλιάδας
680 3145 800 3198 ἀντὶ
838 3144 948 3198 τῶν
1000 3143 1212 3198 πολλῶν
1258 3143 1584 3215 παρείληφε,
1638 3144 1733 3198 καὶ
1770 3143 1976 3207 ταύτας

399 3239 638 3311 ἐπλήρου
690 3239 789 3303 τὰς
843 3239 980 3310 πρὸς
1035 3239 1160 3302 τοὺς
1209 3239 1555 3309 πατριάρχας
1617 3237 1971 3308 ἐπαγγελίας,

2061 675 2247 727 statuit
2286 671 2421 726 illud
2450 670 2615 726 Jacob
2645 673 2698 724 in
2737 681 3072 740 prteceptum,
3100 679 3150 726 et
3179 671 3352 726 Israel
3385 673 3440 726 in
3471 680 3632 726 testa-

2062 773 2292 818 mentum
2331 773 2606 827 veternum,
2654 763 2830 817 dicens
2871 778 2888 815 :
2923 763 3042 817 Tibi
3087 763 3222 817 dabo
3253 744 3448 818 terram
3486 763 3630 818 Cha-

2062 873 2225 920 naan,
2257 855 2555 925 funiculum
2588 854 2908 909 hmreditatis
2939 866 3138 911 vestrm.
3175 855 3306 910 Cum
3336 865 3504 910 essent
3535 872 3633 910 nu-

2062 967 2205 1004 mero
2235 949 2395 1012 brevi,
2436 949 2744 1018 paucissimi
2767 957 2815 1002 et
2842 949 3030 1002 incola:
3058 949 3110 1000 in
3149 965 3231 1004 ea.
3259 946 3326 1000 Et
3353 957 3631 1016 pertrans-

2061 1043 2236 1096 ierunt
2269 1041 2333 1096 de
2364 1050 2511 1111 gente
2538 1042 2592 1094 in
2634 1050 2855 1111 gentem,
2903 1049 2952 1094 et
2980 1040 3042 1092 de
3077 1056 3233 1108 regno
3273 1039 3339 1092 ad
3385 1040 3634 1108 populum

2065 1135 2310 1190 alterum.
2346 1131 2470 1187 Non
2500 1132 2710 1202 reliquit
2743 1131 3003 1186 hominem
3042 1147 3226 1186 nocere
3259 1133 3355 1196 eis,
3394 1141 3442 1184 et
3473 1132 3637 1184 corri-

2063 1227 2175 1295 puit
2205 1242 2299 1296 pro
2336 1227 2410 1280 eis
2467 1242 2630 1296 reges.
2677 1224 2859 1278 Nolite
2899 1233 3106 1294 tangere
3144 1223 3367 1277 christos
3398 1240 3558 1288 meos,
3590 1231 3638 1276 et

2064 1321 2122 1373 in
2151 1319 2412 1388 prophetis
2436 1319 2564 1372 meis
2600 1317 2760 1372 nolite
2795 1318 3100 1387 malignari.
3141 1315 3197 1370 Si
3229 1325 3482 1371 accurate
3519 1331 3642 1386 per-

2065 1413 2274 1482 pendas
2313 1410 2459 1480 quod
2514 1409 2647 1464 illud
2681 1409 2900 1464 verbum
2932 1408 3113 1472 fuerit,
3152 1408 3299 1478 quod
3339 1407 3640 1471 mandavit,

2069 1503 2124 1557 in
2177 1503 2381 1558 multas
2410 1501 2790 1572 generationes
2823 1501 3129 1571 pervadens
3167 1519 3180 1554 :
3214 1515 3323 1554 non
3355 1499 3501 1554 enim
3536 1515 3642 1552 nu-

2067 1611 2278 1650 merum
2335 1609 2623 1659 annorum,
2674 1593 2769 1650 sed
2818 1602 3138 1664 perpetuum
3184 1591 3498 1648 subindicat
3544 1606 3646 1644 nu-

2069 1704 2253 1744 merus
2284 1688 2620 1759 hujusmodi,
2657 1694 2716 1742 ut
2743 1703 2793 1740 v.
2821 1700 2873 1757 g.
2919 1686 3120 1756 septies
3142 1725 3157 1748 ,
3203 1682 3412 1739 Sterilis
3449 1684 3647 1752 peperit

2069 1789 2261 1848 septem
2285 1778 2354 1843 “,
2380 1779 2433 1834 id
2473 1786 2558 1834 est
2587 1777 2822 1842 multos;
2851 1784 2927 1840 et,
2965 1776 3166 1845 Septies
3197 1773 3349 1828 cadet
3362 1773 3544 1842 justus
3596 1781 3648 1828 et

2071 1881 2306 1942 resurget
2334 1873 2408 1937 ⁶¹;
2440 1871 2542 1925 hac
2568 1871 2778 1924 ratione
2804 1868 2935 1923 illud
2966 1867 3200 1922 Abrahae
3252 1865 3460 1920 dictum
3489 1878 3643 1918 com-

2072 1963 2274 2032 peries,
2307 1961 2373 2015 Et
2401 1960 2766 2016 benedicentur
2781 1962 2835 2014 in
2871 1969 2918 2014 te
2954 1975 3131 2014 omnes
3176 1966 3347 2028 gentes
3390 1964 3544 2008 terra:
3577 1954 3644 2007 ⁸³.

2073 2054 2161 2119 Et,
2193 2053 2574 2108 Benedicentur
2611 2054 2662 2106 in
2696 2053 2888 2106 semine
2937 2060 3024 2103 tuo
3053 2065 3229 2104 omnes
3260 2047 3424 2100 tribus
3471 2054 3644 2099 terra'.

2075 2145 2145 2199 Et
2171 2143 2528 2212 multiplicans
2558 2140 2920 2211 multiplicabo
2951 2156 3125 2196 semen
3157 2147 3303 2192 tuum
3337 2135 3402 2190 “.
3435 2133 3646 2188 Similia

2074 2236 2204 2291 item
2236 2235 2425 2290 lsaaco
2456 2233 2728 2305 promissa
2774 2231 3020 2302 reperias
3056 2225 3414 2300 jurejurando
3446 2222 3648 2279 conﬁr-

2073 2337 2239 2391 mata,
2269 2335 2378 2382 tam
2410 2327 2477 2382 de
2507 2334 2675 2389 terra,
2699 2339 2862 2394 quam
2893 2323 2961 2379 de
2997 2321 3448 2391 multiplicatione
3484 2315 3650 2372 semi-

2076 2421 2183 2475 nis.
2218 2417 2333 2473 Hoc
2361 2432 2527 2488 porro
2573 2424 2695 2487 post
2735 2408 3000 2486 plurimas
3049 2413 3428 2485 generationes
3459 2408 3650 2478 imple-

2075 2521 2192 2566 tum
2213 2517 2298 2566 est
2315 2510 2370 2565 in
2395 2510 2629 2564 adventu
2642 2508 2849 2564 Christi
2864 2523 2926 2563 ex
2940 2507 3149 2562 semine
3167 2505 3398 2559 Abrahae
3409 2501 3646 2559 oriundi.

2075 2605 2142 2658 Et
2162 2603 2228 2657 ad
2268 2603 2372 2656 hoc
2392 2616 2565 2671 usque
2602 2609 2818 2670 tempus
2842 2599 2987 2670 viget
3008 2590 3072 2653 ἐι
3107 2603 3388 2667 permanet
3415 2592 3650 2664 promis-

2075 2695 2178 2758 sio,
2214 2694 2389 2748 donec
2432 2689 2712 2762 plenitudo
2754 2693 2996 2761 gentium
3038 2689 3284 2758 ingressa
3333 2685 3514 2740 fuerit.
3550 2681 3650 2736 Hie.

2077 2787 2260 2856 itaque
2287 2785 2604 2840 diuturnum
2635 2791 2756 2854 post
2804 2797 3003 2845 aevum,
3063 2789 3116 2836 et
3150 2788 3273 2850 post
3317 2779 3516 2832 multas
3549 2791 3649 2830 ex-

2076 2883 2229 2931 actas
2258 2875 2660 2946 generationes,
2693 2887 2820 2928 nam
2856 2873 2945 2928 hic
2970 2873 3222 2926 millenas
3265 2885 3362 2940 pro
3397 2865 3649 2938 plurimis

2075 2968 2304 3038 accepit,
2353 2967 2474 3023 illas
2526 2967 2854 3037 patriarchis
2907 2965 3064 3022 datas
3109 2963 3503 3036 promissiones
3553 2974 3650 3029 per

2077 3056 2412 3112 Salvator-em
2445 3063 2694 3110 nostrum
2722 3053 2931 3121 Jesum,
2963 3069 3028 3109 ac
3064 3071 3159 3125 per
3192 3052 3312 3124 ejus
3341 3049 3647 3105 doctrinam

2076 3147 2337 3217 implevit,
2370 3145 2626 3202 omnibus
2665 3146 2918 3218 gentibus
2957 3145 3189 3200 Abrahae
3234 3140 3650 3214 promissionem

2077 3240 2412 3309 impertiens.

397 3330 487 3384 διά
518 3331 613 3385 τοῦ
645 3331 899 3402 Σωτῆρος
935 3331 1092 3402 ἡμῶν
1145 3330 1318 3402 Ἰησοῦ
1360 3332 1455 3384 καὶ
1505 3330 1594 3385 διὰ
1649 3332 1746 3402 τῆς
1798 3331 1962 3385 αὑτοῦ
2014 3332 2359 3396 διδασκαλίας
2403 3331 2538 3386 πᾶσι
2579 3331 2692 3393 τοῖς
2726 3329 2902 3382 ἔθνεσι
2933 3327 3032 3399 τὴν
3072 3326 3164 3381 τοῦ
3216 3325 3462 3398 Ἀϐραὰμ
3505 3324 3653 3377 εὐλο-

398 3420 523 3491 γίαν
547 3422 755 3492 δεδωρη
763 3422 940 3493 μένος.

471 3542 583 3596 Καὶ
608 3541 864 3594 ἐκάλεσε
893 3538 1070 3608 λιμόν
1093 3539 1192 3592 έπί
1224 3537 1338 3608 τὴν
1361 3538 1499 3608 γῆν,
1533 3536 1656 3592 πᾶν
1682 3536 1972 3607 στήριγμα

2149 3530 2315 3587 Vens.
2353 3530 2441 3585 16.
2479 3529 2548 3582 Ει
2586 3529 2786 3582 vocavit
2819 3527 3013 3600 [amem
3054 3541 3210 3594 super
3241 3537 3458 3593 terram,
3502 3544 3653 3585 omne

401 3636 582 3704 ἄρτου
617 3631 998 3700 συνέτριψεν.
1039 3630 1128 3682 Ἐν
1164 3629 1370 3692 τούτοις
1405 3631 1433 3682 ὁ
1460 3629 1616 3698 λόγος
1641 3629 1736 3682 καὶ
1769 3628 1895 3683 ἄλλο
1925 3646 1975 3681 τι

400 3727 622 3798 λεληθὸς
662 3726 788 3788 τοὺς
833 3721 1059 3784 πολλοὺς
1086 3721 1344 3777 διδάσκει.
1381 3719 1491 3792 Τὴν
1533 3720 1640 3791 γὰρ
1679 3719 1858 3772 αἰτίαν
1881 3718 1975 3771 τοῦ

402 3818 667 3890 κληθῆναι
699 3815 855 3885 δίκην
881 3811 1123 3884 ἐμψύχου
1155 3810 1290 3876 ζώου
1318 3811 1409 3863 τὸν
1431 3809 1590 3880 λιμὸν
1614 3810 1706 3862 ἐπὶ
1723 3808 1821 3880 τὴν
1849 3811 1974 3880 γῆν,

401 3908 543 3977 λέγω
566 3906 629 3976 δὴ
660 3904 757 3975 τὴν
780 3900 1132 3972 ὲνεργητικὴν
1161 3899 1386 3969 δύναμιν
1416 3895 1510 3952 τοῦ
1542 3897 1722 3968 λιμοῦ,
1762 3896 1973 3950 καὶτοῦ

405 3997 753 4068 συντριδῆναι
796 3996 905 4047 πᾶν
948 3993 1226 4064 στήριγμα
1269 3989 1455 4061 ἄρτου,
1490 3989 1835 4060 παρίστησιν,
1889 3987 1976 4040 ἴνα

403 4090 500 4144 καὶ
529 4088 705 4156 φανιεῖ
742 4101 845 4137 που
880 4082 1040 4154 ἄρτος
1072 4082 1145 4152 μὴ
1182 4078 1423 4150 στηρίζοι
1455 4081 1582 4142 τοὺς
1620 4077 1975 4150 ἐμπιπλαμέ-

402 4197 526 4243 νους
560 4178 618 4245 ἐξ
667 4175 852 4241 αὐτοῦ,
888 4175 1030 4228 κατά
1066 4174 1147 4236 τὸ,
1186 4173 1392 4240 Ἀρτος
1423 4169 1683 4238 στηρίξει
1726 4169 1976 4237 καρδίαν

402 4270 736 4339 ἀνθρώπου.
763 4266 933 4320 Τοῦτο
969 4265 1077 4337 γάρ
1108 4267 1254 4317 ἐστιν
1281 4263 1310 4316 ὃ
1343 4262 1574 4333 μάλιστα
1601 4261 1886 4331 συμϐαίνει
1915 4259 1974 4313 ὲν

402 4366 514 4426 τοῖς
543 4363 740 4433 λιμοῖς,
773 4361 892 4414 κατ’
926 4357 1093 4431 ὀργὴν
1119 4355 1252 4410 Θεοῦ
1277 4355 1616 4425 γιγνόμενον,
1641 4353 1700 4406 τὸ
1725 4353 1819 4406 καὶ
1849 4354 1975 4416 τοὺς

403 4456 680 4516 ἐσθίοντας
709 4451 782 4524 μὴ
812 4449 1179 4522 στηρίζεσθαι.

485 4543 857 4599 Ἀπέστειλεν
902 4541 1242 4611 ἔμπροσθεν
1284 4537 1483 4593 αὐτῶν
1525 4537 1855 4606 ἄνθρωπον,
1888 4541 1975 4603 εἰς

401 4638 626 4692 δοῦλον
663 4635 888 4705 ἐπράθη
926 4634 1157 4702 Ἰωσήφ.
1193 4632 1636 4688 Ἐταπείνωσαν
1673 4631 1741 4683 ἐν
1768 4629 1976 4696 πέδαις

401 4735 546 4801 τοὺς
579 4734 770 4800 πόδας
801 4731 1004 4795 αὐτοῦ,
1041 4730 1295 4799 σίδηρον
1326 4731 1573 4800 διῆλθεν
1611 4731 1651 4798 ἡ
1677 4727 1847 4798 ψυχὴ
1871 4730 1977 4782 αὑ-

405 4827 530 4892 τοῦ,
572 4826 746 4896 μέχρι
791 4823 897 4879 τοῦ
943 4823 1140 4879 ἐλθεῖν
1177 4826 1286 4878 τὸν
1313 4825 1500 4894 λόγον
1532 4822 1740 4877 αὐτοῦ.
1791 4821 1976 4874 Πάντα

401 4915 573 4968 ταῦτα
619 4914 880 4986 ὑπέμεινε
923 4912 1084 4984 μέχρι
1127 4911 1221 4965 τοῦ
1267 4911 1439 4964 ἐλθεῖν
1475 4912 1566 4964 τὸν
1596 4911 1751 4979 λόγον
1787 4909 1972 4974 αὐτοῦ,

401 5005 459 5059 ὃν
504 5005 596 5059 ἐπὶ
636 5006 746 5067 τοῖς
788 5005 1053 5074 δράμασιν
1099 5001 1219 5055 ἰδὼν
1246 5002 1427 5066 ἐξεῖπε
1471 5002 1550 5072 τῷ
1588 5000 1775 5056 ἐαυτοῦ
1807 5002 1976 5072 πατρὶ

402 5097 495 5150 καὶ
528 5099 640 5159 τοῖς
668 5096 913 5164 ἀδελφοῖς
947 5097 1140 5166 φήσας,
1167 5096 1470 5165 ἑωρακέναι
1498 5095 1660 5148 αὑτὸν
1684 5094 1975 5164 δράγματα

402 5189 494 5240 καὶ
536 5189 662 5250 τοὺς
708 5187 968 5256 ἀδελφοὺς
1002 5189 1201 5258 ὁμοίως
1244 5187 1622 5256 ἀναλέγοντας,
1668 5187 1856 5240 ἔπειτα
1904 5185 1975 5242 τὰ

401 5279 622 5333 ἐκείνων
653 5279 713 5331 τὸ
741 5276 931 5332 ἐαυτοῦ
970 5279 1466 5351 προσκεκυνηκέναι
1495 5278 1742 5350 δράγμα⁹
1771 5276 1974 5347 ὁμοίως

400 5369 458 5423 δὲ
483 5370 573 5424 τὸν
595 5370 764 5441 ἣλιον,
794 5371 886 5424 καὶ
913 5371 1012 5442 τὴν
1047 5370 1296 5443 σελήνην,
1327 5372 1420 5425 καὶ
1444 5372 1570 5434 τοὺς
1592 5370 1782 5425 ἕνδεκα
1815 5370 1974 5423 ἀστέ-

402 5477 503 5536 ρας
531 5463 852 5532 προσκυνεῖν
881 5460 1048 5532 αὐτῷ.
1077 5463 1264 5532 Μέχρι
1296 5462 1401 5516 τοῦ
1427 5462 1626 5516 ἐλθεῖν
1655 5462 1761 5516 τὸν
1787 5463 1972 5531 λόγον

399 5553 608 5608 αὐτοῦ.
661 5552 732 5607 Τὸ
775 5555 983 5623 λόγιον
1013 5555 1234 5622 Κυρίου
1265 5555 1575 5623 ἐπύρωσεν
1617 5555 1820 5608 αὐτόν.
1873 5553 1968 5614 Τὸ,

401 5645 616 5714 Λόγιον
638 5643 859 5711 Κυρίου
891 5643 1204 5713 ἐπύρωσεν
1234 5646 1437 5711 αὐτὸν,
1466 5645 1651 5717 ὅμοιον
1686 5643 1784 5715 τῷ,
1821 5645 1969 5713 Οὐχὶ

473 5823 514 5852 ⁶¹
558 5821 576 5873 l
614 5821 746 5889 Reg.
783 5837 852 5882 ιι.
889 5823 958 5878 5.-

416 5821 576 5902 “oi‘l
614 5821 746 5889 Reg,
783 5837 852 5902 nn,
889 5823 958 5878 5,-
1046 5826 1086 5856 θ’
1125 5821 1286 5883 Prov.
1354 5840 1514 5891 xxw,
1570 5823 1652 5878 ιθ.

413 5892 455 5923 ’⁵⁸
494 5892 625 5948 Gen.
666 5909 769 5960 xc,
807 5892 860 5950 8.

1817 5821 1947 5878 Ccn.
2019 5836 2123 5886 su,
2177 5819 2229 5873 5.

2079 3631 2470 3699 ﬁrmamentum
2485 3627 2638 3694 panis
2655 3623 2920 3678 contrivit.
2941 3621 2999 3675 In
3020 3621 3106 3677 his
3128 3637 3308 3677 sermo
3322 3622 3466 3677 aliud
3489 3625 3651 3693 quid-

2079 3723 2243 3791 piam,
2268 3718 2454 3773 multis
2478 3717 2776 3781 occultum,
2795 3714 3006 3770 edocet.
3035 3712 3270 3769 Causam
3295 3714 3438 3768 enim
3461 3730 3562 3770 cur
3580 3716 3655 3770 fa-

2077 3827 2241 3876 mem,
2259 3812 2431 3865 instar
2463 3808 2716 3864 animalis
2750 3805 3348 3877 cujusdam,vocaverit
3376 3817 3654 3876 superler-

2078 3919 2214 3968 ram,
2247 3903 2299 3957 id
2334 3911 2417 3964 est
2449 3903 2706 3955 virtutem
2731 3899 2892 3953 famis
2920 3897 3268 3964 eﬂectricem,
3297 3906 3351 3954 et
3374 3914 3472 3953 cur
3493 3914 3654 3955 omne

2077 3995 2476 4049 ﬁrmamentum
2523 3993 2680 4063 panis
2732 3991 3084 4053 contriverit,
3121 3990 3210 4044 hic
3272 3989 3545 4055 declarat,
3593 3997 3654 4044 ut

2077 4085 2366 4158 patefaciat
2397 4101 2505 4156 quo
2532 4085 2587 4138 in
2621 4098 2752 4140 casu
2791 4083 2945 4153 panis
2978 4096 3087 4136 non
3113 4081 3288 4135 ﬁrmet
3320 4096 3414 4136 eos
3435 4081 3524 4150 qui
3560 4081 3653 4136 illo

2076 4176 2374 4248 replentur,
2403 4175 2706 4232 secundum
2747 4173 2904 4238 illud,
2941 4172 3104 4228 Panis
3139 4189 3230 4226 cor
3273 4171 3497 4226 hominis
3526 4188 3654 4226 con-

2076 4271 2258 4340 firmat
2291 4270 2356 4320 “.
2395 4267 2452 4323 ld
2493 4268 2639 4324 enim
2677 4265 2915 4321 maxime
2949 4273 3197 4336 tempore
3251 4263 3410 4319 famis
3448 4265 3648 4332 evenit,

2076 4378 2140 4416 ex
2173 4363 2251 4415 ira
2282 4360 2374 4415 Dei
2404 4359 2736 4422 immissum,
2762 4365 2822 4414 ut
2855 4358 3063 4414 scilicet
3091 4358 3184 4427 qui
3215 4355 3508 4411 comedunt
3541 4372 3650 4412 non

2077 4453 2490 4507 conﬁrmentur.

2148 4543 2316 4599 Vens.
2366 4542 2551 4597 17-22.
2583 4541 2734 4595 Misit
2761 4551 2882 4595 ante
2911 4557 2998 4595 eos
3033 4540 3315 4602 hominem,
3353 4540 3405 4592 in
3447 4554 3649 4592 servum

2077 4635 2418 4689 venumdatus
2438 4643 2516 4686 est
2537 4631 2753 4701 Ioseph.
2789 4631 3214 4684 Humiliaverunt
3237 4630 3290 4682 in
3317 4627 3648 4696 compedibus

2074 4723 2368 4792 pedesejus,
2387 4722 2584 4791 ferrum
2600 4720 2905 4788 pertransiit
2927 4718 3104 4772 anima
3119 4717 3254 4786 ejus,
3279 4715 3439 4769 donec
3457 4715 3648 4768 veniret

2078 4816 2287 4870 verbum
2303 4813 2436 4884 ejus.
2454 4812 2577 4867 Haec
2601 4811 2783 4866 omnia
2806 4809 3048 4880 pertulit,
3085 4809 3256 4863 donec
3285 4807 3494 4862 veniret
3525 4820 3647 4860 ver-

2077 4910 2205 4965 bum
2223 4907 2363 4977 ejus,
2380 4907 2524 4976 quod
2543 4919 2666 4959 cum
2695 4902 2752 4956 in
2779 4900 3084 4956 visionibus
3109 4898 3407 4968 accepisset
3431 4895 3571 4966 patri
3593 4902 3649 4949 et

2079 4998 2340 5053 fratribus
2357 4997 2472 5052 suis
2486 4991 2840 5056 renuntiavit,
2854 4991 3043 5046 dicens
3057 4987 3260 5045 vidisse
3275 4987 3514 5056 seipsum
3539 4982 3648 5037 fra-

2077 5099 2296 5159 tresque
2315 5101 2445 5142 suos
2465 5084 2772 5154 manipulos
2785 5082 3123 5153 colligentes,
3142 5094 3207 5135 ac
3225 5079 3441 5133 illorum
3453 5074 3648 5130 deinde

2079 5180 2384 5250 manipulos
2396 5192 2556 5233 suum
2577 5175 2914 5246 manipulum
2940 5172 3229 5236 adorasse;
3249 5168 3648 5236 similiterquo-

2078 5286 2182 5340 quc
2202 5269 2372 5325 solem
2393 5277 2446 5324 et
2462 5267 2646 5321 lunam
2663 5272 2824 5334 atque
2843 5262 3091 5318 undecim
3117 5261 3302 5317 stellas
3323 5260 3499 5330 ipsum
3517 5257 3647 5311 ado-

2077 5377 2249 5418 rasse.
2279 5361 2456 5414 Donec
2489 5359 2682 5413 veniret
2707 5355 2919 5410 verbum
2939 5353 3072 5424 ejus.
3104 5352 3390 5422 Eloquium
3428 5347 3646 5402 Domini

2077 5453 2426 5524 inﬂammavit
2459 5467 2597 5506 eum.
2646 5448 2810 5511 Illud,
2850 5447 3132 5519 Eloquium
3173 5443 3385 5499 Domini
3426 5441 3643 5510 inﬂamo

2079 5547 2238 5601 movit
2285 5561 2426 5609 eum,
2458 5544 2638 5599 simile
2667 5551 2751 5598 est
2787 5542 2918 5598 huic
2951 5560 2964 5596 :
2997 5535 3188 5596 Nonne
3231 5555 3324 5609 per
3352 5536 3517 5591 Deum
3549 5533 3643 5588 deo

2077 5641 2301 5696 claratio
2344 5637 2557 5694 illorum
2587 5643 2666 5692 est
2695 5635 2785 5690 “3
2851 5633 3040 5704 Neque
3084 5635 3264 5698 enim,
3301 5631 3398 5696 ait,
3433 5627 3643 5686 somnia

2328 5816 2370 5849 ⁸⁸
2405 5812 2539 5871 Gen.
2605 5827 2753 5880 χχιι,
2818 5811 2902 5880 1⁸7,
2947 5813 3026 5866 l8.
3105 5813 3146 5843 εδ
3189 5809 3331 5867 Psal.
3389 5823 3515 5874 CIII,
3551 5805 3638 5868 15.
