  <div class='ocr_page' id='page_1' title='image "/cluster/home/n/w/nwhite01/storage/ocr_20150623/23:no.5/coo.31924054873033/669.png"; bbox 0 0 4102 6392; ppageno 0'>
   <div class='ocr_carea' id='block_1_1' title="bbox 429 387 3692 451">
    <p class='ocr_par' dir='ltr' id='par_1_1' title="bbox 429 387 3692 451">
     <span class='ocr_line' id='line_1_1' title="bbox 429 387 3692 451; baseline 0.002 -7"><span class='ocrx_word' id='word_1_1' title='bbox 429 387 570 444; x_wconf 74' lang='grc' dir='ltr'><strong><em>15θῖ</em></strong></span> <span class='ocrx_word' id='word_1_2' title='bbox 1091 387 1360 447; x_wconf 81' lang='lat' dir='ltr'><strong><em>EUSEBII</em></strong></span> <span class='ocrx_word' id='word_1_3' title='bbox 1396 389 1878 448; x_wconf 71' lang='lat' dir='ltr'><strong><em>CAESARIENSIS</em></strong></span> <span class='ocrx_word' id='word_1_4' title='bbox 1905 392 2056 450; x_wconf 88' lang='lat' dir='ltr'><strong><em>OPP.</em></strong></span> <span class='ocrx_word' id='word_1_5' title='bbox 2086 391 2268 451; x_wconf 77' lang='lat' dir='ltr'><strong><em>PARS</em></strong></span> <span class='ocrx_word' id='word_1_6' title='bbox 2303 391 2393 450; x_wconf 88' lang='grc'><strong>111.</strong></span> <span class='ocrx_word' id='word_1_7' title='bbox 2421 421 2499 436; x_wconf 86' lang='grc'><strong>--</strong></span> <span class='ocrx_word' id='word_1_8' title='bbox 2529 391 2943 450; x_wconf 78' lang='lat' dir='ltr'><strong><em>EXEGETICA.</em></strong></span> <span class='ocrx_word' id='word_1_9' title='bbox 3562 393 3692 451; x_wconf 74' lang='lat' dir='ltr'><strong>I308</strong></span> 
     </span>
    </p>
   </div>
   <div class='ocr_carea' id='block_1_2' title="bbox 428 505 2048 588">
    <p class='ocr_par' dir='ltr' id='par_1_2' title="bbox 428 505 2048 588">
     <span class='ocr_line' id='line_1_2' title="bbox 428 505 2048 588; baseline 0.004 -23"><span class='ocrx_word' id='word_1_10' title='bbox 428 505 704 565; x_wconf 75' lang='lat' dir='ltr'><strong><em>Pharaoni</em></strong></span> <span class='ocrx_word' id='word_1_11' title='bbox 767 508 1116 580; x_wconf 75' lang='lat' dir='ltr'><strong><em>explicasset,</em></strong></span> <span class='ocrx_word' id='word_1_12' title='bbox 1174 513 1283 568; x_wconf 87' lang='lat' dir='ltr'><strong><em>nisi</em></strong></span> <span class='ocrx_word' id='word_1_13' title='bbox 1333 511 1446 568; x_wconf 86' lang='lat' dir='ltr'><strong><em>Deo</em></strong></span> <span class='ocrx_word' id='word_1_14' title='bbox 1475 514 1641 570; x_wconf 89' lang='lat' dir='ltr'><strong><em>dante</em></strong></span> <span class='ocrx_word' id='word_1_15' title='bbox 1682 516 1801 586; x_wconf 89' lang='lat' dir='ltr'><strong><em>ipsa</em></strong></span> <span class='ocrx_word' id='word_1_16' title='bbox 1851 517 2048 588; x_wconf 36' lang='lat' dir='ltr'><strong><em>intel-‘</em></strong></span> 
     </span>
    </p>
   </div>
   <div class='ocr_carea' id='block_1_3' title="bbox 2075 505 3695 588">
    <p class='ocr_par' dir='ltr' id='par_1_3' title="bbox 2075 513 3695 587">
     <span class='ocr_line' id='line_1_3' title="bbox 2075 513 3695 587; baseline -0.001 -17"><span class='ocrx_word' id='word_1_17' title='bbox 2075 560 2084 587; x_wconf 44' lang='grc' dir='ltr'><strong>λ</strong></span> <span class='ocrx_word' id='word_1_18' title='bbox 2112 517 2211 570; x_wconf 84' lang='grc' dir='ltr'><strong><em>διὰ</em></strong></span> <span class='ocrx_word' id='word_1_19' title='bbox 2243 515 2350 570; x_wconf 86' lang='grc' dir='ltr'>τοῦ</span> <span class='ocrx_word' id='word_1_20' title='bbox 2383 516 2531 570; x_wconf 88' lang='grc' dir='ltr'><strong><em>Θεοῦ</em></strong></span> <span class='ocrx_word' id='word_1_21' title='bbox 2565 517 2603 584; x_wconf 78' lang='grc' dir='ltr'>ἡ</span> <span class='ocrx_word' id='word_1_22' title='bbox 2634 515 3004 585; x_wconf 66' lang='grc' dir='ltr'>διασάφησθς</span> <span class='ocrx_word' id='word_1_23' title='bbox 3030 513 3230 570; x_wconf 83' lang='grc' dir='ltr'>αὐτῶν</span> <span class='ocrx_word' id='word_1_24' title='bbox 3251 514 3456 577; x_wconf 83' lang='grc' dir='ltr'>ἐστιν;</span> <span class='ocrx_word' id='word_1_25' title='bbox 3480 514 3595 568; x_wconf 86' lang='grc' dir='ltr'>Οὐκ</span> <span class='ocrx_word' id='word_1_26' title='bbox 3627 515 3695 569; x_wconf 83' lang='grc' dir='ltr'>ἂν</span> 
     </span>
    </p>
   </div>
   <div class='ocr_carea' id='block_1_4' title="bbox 430 598 2050 682">
    <p class='ocr_par' dir='ltr' id='par_1_4' title="bbox 430 598 2013 676">
     <span class='ocr_line' id='line_1_4' title="bbox 430 598 2013 676; baseline 0.006 -24"><span class='ocrx_word' id='word_1_27' title='bbox 430 598 674 659; x_wconf 81' lang='lat' dir='ltr'><strong><em>lexisset.</em></strong></span> <span class='ocrx_word' id='word_1_28' title='bbox 704 598 850 654; x_wconf 78' lang='lat' dir='ltr'><strong><em>Misit</em></strong></span> <span class='ocrx_word' id='word_1_29' title='bbox 880 618 992 667; x_wconf 71' lang='lat' dir='ltr'><strong><em>rex,</em></strong></span> <span class='ocrx_word' id='word_1_30' title='bbox 1023 612 1072 656; x_wconf 87' lang='lat' dir='ltr'><strong><em>et</em></strong></span> <span class='ocrx_word' id='word_1_31' title='bbox 1091 604 1249 657; x_wconf 87' lang='lat' dir='ltr'><strong><em>solvit</em></strong></span> <span class='ocrx_word' id='word_1_32' title='bbox 1287 621 1428 670; x_wconf 88' lang='lat' dir='ltr'><strong><em>eum,</em></strong></span> <span class='ocrx_word' id='word_1_33' title='bbox 1461 607 1702 676; x_wconf 77' lang='lat' dir='ltr'><strong><em>princeps</em></strong></span> <span class='ocrx_word' id='word_1_34' title='bbox 1731 607 1934 676; x_wconf 84' lang='lat' dir='ltr'><strong><em>populi,</em></strong></span> <span class='ocrx_word' id='word_1_35' title='bbox 1962 603 2013 662; x_wconf 82' lang='lat' dir='ltr'><strong><em>et</em></strong></span> 
     </span>
    </p>
   </div>
   <div class='ocr_carea' id='block_1_5' title="bbox 2072 598 3692 682">
    <p class='ocr_par' dir='ltr' id='par_1_5' title="bbox 2113 603 3692 682">
     <span class='ocr_line' id='line_1_5' title="bbox 2113 603 3692 682; baseline -0.001 -20"><span class='ocrx_word' id='word_1_36' title='bbox 2113 609 2222 680; x_wconf 82' lang='grc' dir='ltr'><strong><em>γὰρ</em></strong></span> <span class='ocrx_word' id='word_1_37' title='bbox 2272 608 2427 661; x_wconf 75' lang='grc' dir='ltr'>ἔλυσε</span> <span class='ocrx_word' id='word_1_38' title='bbox 2473 609 2599 671; x_wconf 80' lang='grc' dir='ltr'>τοὺς</span> <span class='ocrx_word' id='word_1_39' title='bbox 2643 609 2886 682; x_wconf 80' lang='grc' dir='ltr'><strong><em>ὀνείρους</em></strong></span> <span class='ocrx_word' id='word_1_40' title='bbox 2928 608 3008 679; x_wconf 79' lang='grc' dir='ltr'><strong><em>τῷ</em></strong></span> <span class='ocrx_word' id='word_1_41' title='bbox 3035 606 3256 680; x_wconf 80' lang='grc' dir='ltr'>Φαραὼ,</span> <span class='ocrx_word' id='word_1_42' title='bbox 3302 607 3376 678; x_wconf 83' lang='grc' dir='ltr'>μὴ</span> <span class='ocrx_word' id='word_1_43' title='bbox 3423 603 3514 661; x_wconf 72' lang='grc' dir='ltr'>τοῦ</span> <span class='ocrx_word' id='word_1_44' title='bbox 3556 606 3692 662; x_wconf 84' lang='grc' dir='ltr'><strong><em>Θεοῦ</em></strong></span> 
     </span>
    </p>
   </div>
   <div class='ocr_carea' id='block_1_6' title="bbox 430 691 2050 773">
    <p class='ocr_par' dir='ltr' id='par_1_6' title="bbox 430 691 2010 766">
     <span class='ocr_line' id='line_1_6' title="bbox 430 691 2010 766; baseline 0.003 -16"><span class='ocrx_word' id='word_1_45' title='bbox 430 691 639 750; x_wconf 77' lang='lat' dir='ltr'><strong><em>dimisit</em></strong></span> <span class='ocrx_word' id='word_1_46' title='bbox 666 711 806 750; x_wconf 88' lang='lat' dir='ltr'><strong><em>eum.</em></strong></span> <span class='ocrx_word' id='word_1_47' title='bbox 833 694 1122 750; x_wconf 68' lang='lat' dir='ltr'><strong><em>Constituit</em></strong></span> <span class='ocrx_word' id='word_1_48' title='bbox 1167 713 1286 751; x_wconf 88' lang='lat' dir='ltr'><strong><em>eum</em></strong></span> <span class='ocrx_word' id='word_1_49' title='bbox 1333 697 1603 752; x_wconf 86' lang='lat' dir='ltr'><strong><em>dominum</em></strong></span> <span class='ocrx_word' id='word_1_50' title='bbox 1633 699 1820 754; x_wconf 82' lang='lat' dir='ltr'><strong><em>domus</em></strong></span> <span class='ocrx_word' id='word_1_51' title='bbox 1877 717 2010 766; x_wconf 64' lang='lat' dir='ltr'><strong><em>suae,</em></strong></span> 
     </span>
    </p>
   </div>
   <div class='ocr_carea' id='block_1_7' title="bbox 2073 691 3693 773">
    <p class='ocr_par' dir='ltr' id='par_1_7' title="bbox 2114 697 3693 773">
     <span class='ocr_line' id='line_1_7' title="bbox 2114 697 3693 773; baseline -0.001 -19"><span class='ocrx_word' id='word_1_52' title='bbox 2114 701 2486 773; x_wconf 84' lang='grc' dir='ltr'><strong><em>παρασχόντος</em></strong></span> <span class='ocrx_word' id='word_1_53' title='bbox 2540 700 2600 754; x_wconf 81' lang='grc' dir='ltr'>τὸ</span> <span class='ocrx_word' id='word_1_54' title='bbox 2658 700 2917 755; x_wconf 83' lang='grc' dir='ltr'>δύνασθαι</span> <span class='ocrx_word' id='word_1_55' title='bbox 2973 701 3212 755; x_wconf 84' lang='grc' dir='ltr'><strong><em>συνιέναι</em></strong></span> <span class='ocrx_word' id='word_1_56' title='bbox 3262 697 3476 761; x_wconf 75' lang='grc' dir='ltr'>αὐτούς.</span> <span class='ocrx_word' id='word_1_57' title='bbox 3531 699 3693 754; x_wconf 76' lang='grc' dir='ltr'><strong><em>’Ἀπέ-</em></strong></span> 
     </span>
    </p>
   </div>
   <div class='ocr_carea' id='block_1_8' title="bbox 429 786 2049 859">
    <p class='ocr_par' dir='ltr' id='par_1_8' title="bbox 429 786 2014 857">
     <span class='ocr_line' id='line_1_8' title="bbox 429 786 2014 857; baseline 0.006 -20"><span class='ocrx_word' id='word_1_58' title='bbox 429 793 482 844; x_wconf 86' lang='lat' dir='ltr'><strong><em>et</em></strong></span> <span class='ocrx_word' id='word_1_59' title='bbox 533 786 821 856; x_wconf 83' lang='lat' dir='ltr'><strong><em>principem</em></strong></span> <span class='ocrx_word' id='word_1_60' title='bbox 850 790 1018 842; x_wconf 88' lang='lat' dir='ltr'><strong><em>omnis</em></strong></span> <span class='ocrx_word' id='word_1_61' title='bbox 1073 791 1418 857; x_wconf 74' lang='lat' dir='ltr'><strong><em>possessionis</em></strong></span> <span class='ocrx_word' id='word_1_62' title='bbox 1460 808 1591 857; x_wconf 67' lang='lat' dir='ltr'><strong><em>suae,</em></strong></span> <span class='ocrx_word' id='word_1_63' title='bbox 1669 801 1725 844; x_wconf 87' lang='lat' dir='ltr'><strong><em>ut</em></strong></span> <span class='ocrx_word' id='word_1_64' title='bbox 1780 791 2014 848; x_wconf 89' lang='lat' dir='ltr'><strong><em>erudiret</em></strong></span> 
     </span>
    </p>
   </div>
   <div class='ocr_carea' id='block_1_9' title="bbox 2075 786 3695 859">
    <p class='ocr_par' dir='ltr' id='par_1_9' title="bbox 2115 789 3695 859">
     <span class='ocr_line' id='line_1_9' title="bbox 2115 789 3695 859; baseline -0.001 -13"><span class='ocrx_word' id='word_1_65' title='bbox 2115 795 2319 846; x_wconf 74' lang='grc' dir='ltr'>στειλε</span> <span class='ocrx_word' id='word_1_66' title='bbox 2357 792 2657 859; x_wconf 73' lang='grc' dir='ltr'>,βασιλεὺς</span> <span class='ocrx_word' id='word_1_67' title='bbox 2691 792 2787 846; x_wconf 82' lang='grc' dir='ltr'>καὶ</span> <span class='ocrx_word' id='word_1_68' title='bbox 2816 792 3043 847; x_wconf 78' lang='grc' dir='ltr'><strong><em>ἔλυσεν</em></strong></span> <span class='ocrx_word' id='word_1_69' title='bbox 3074 790 3280 854; x_wconf 82' lang='grc' dir='ltr'>αὐτὸν,</span> <span class='ocrx_word' id='word_1_70' title='bbox 3307 789 3508 859; x_wconf 79' lang='grc' dir='ltr'>ἄρχων</span> <span class='ocrx_word' id='word_1_71' title='bbox 3539 791 3695 845; x_wconf 87' lang='grc' dir='ltr'>λαοῦ</span> 
     </span>
    </p>
   </div>
   <div class='ocr_carea' id='block_1_10' title="bbox 433 879 2053 953">
    <p class='ocr_par' dir='ltr' id='par_1_10' title="bbox 433 879 2018 953">
     <span class='ocr_line' id='line_1_10' title="bbox 433 879 2018 953; baseline 0.005 -22"><span class='ocrx_word' id='word_1_72' title='bbox 433 879 698 949; x_wconf 84' lang='lat' dir='ltr'><strong><em>principes</em></strong></span> <span class='ocrx_word' id='word_1_73' title='bbox 729 880 864 949; x_wconf 80' lang='lat' dir='ltr'><strong><em>ejus,</em></strong></span> <span class='ocrx_word' id='word_1_74' title='bbox 926 881 1060 934; x_wconf 91' lang='lat' dir='ltr'><strong><em>sicut</em></strong></span> <span class='ocrx_word' id='word_1_75' title='bbox 1109 883 1465 952; x_wconf 88' lang='lat' dir='ltr'><strong><em>semetipsum,</em></strong></span> <span class='ocrx_word' id='word_1_76' title='bbox 1506 893 1556 938; x_wconf 88' lang='lat' dir='ltr'><strong><em>et</em></strong></span> <span class='ocrx_word' id='word_1_77' title='bbox 1597 900 1742 938; x_wconf 79' lang='lat' dir='ltr'><strong><em>senes</em></strong></span> <span class='ocrx_word' id='word_1_78' title='bbox 1787 884 1900 953; x_wconf 84' lang='lat' dir='ltr'><strong><em>ejus</em></strong></span> <span class='ocrx_word' id='word_1_79' title='bbox 1933 901 2018 940; x_wconf 88' lang='lat' dir='ltr'><strong><em>sa-</em></strong></span> 
     </span>
    </p>
   </div>
   <div class='ocr_carea' id='block_1_11' title="bbox 2075 879 3695 953">
    <p class='ocr_par' dir='ltr' id='par_1_11' title="bbox 2116 881 3695 953">
     <span class='ocr_line' id='line_1_11' title="bbox 2116 881 3695 953; baseline -0.003 -15"><span class='ocrx_word' id='word_1_80' title='bbox 2116 884 2213 938; x_wconf 79' lang='grc' dir='ltr'>καὶ</span> <span class='ocrx_word' id='word_1_81' title='bbox 2239 883 2474 953; x_wconf 74' lang='grc' dir='ltr'>ἀφῆκεν</span> <span class='ocrx_word' id='word_1_82' title='bbox 2493 885 2700 938; x_wconf 85' lang='grc' dir='ltr'>αὐτόν.</span> <span class='ocrx_word' id='word_1_83' title='bbox 2731 882 3119 951; x_wconf 79' lang='grc' dir='ltr'>Κατέστησεν</span> <span class='ocrx_word' id='word_1_84' title='bbox 3145 881 3332 937; x_wconf 85' lang='grc' dir='ltr'>αὐτὸν</span> <span class='ocrx_word' id='word_1_85' title='bbox 3358 882 3566 949; x_wconf 88' lang='grc' dir='ltr'>κύριον</span> <span class='ocrx_word' id='word_1_86' title='bbox 3587 881 3695 935; x_wconf 83' lang='grc' dir='ltr'>τοῦ</span> 
     </span>
    </p>
   </div>
   <div class='ocr_carea' id='block_1_12' title="bbox 434 970 2054 1048">
    <p class='ocr_par' dir='ltr' id='par_1_12' title="bbox 434 970 2017 1048">
     <span class='ocr_line' id='line_1_12' title="bbox 434 970 2017 1048; baseline 0.007 -25"><span class='ocrx_word' id='word_1_87' title='bbox 434 970 688 1039; x_wconf 86' lang='lat' dir='ltr'><strong><em>pientiam</em></strong></span> <span class='ocrx_word' id='word_1_88' title='bbox 719 970 948 1027; x_wconf 83' lang='lat' dir='ltr'><strong><em>doceret.</em></strong></span> <span class='ocrx_word' id='word_1_89' title='bbox 965 972 1100 1026; x_wconf 91' lang='lat' dir='ltr'><strong><em>Cum</em></strong></span> <span class='ocrx_word' id='word_1_90' title='bbox 1125 989 1156 1027; x_wconf 87' lang='lat' dir='ltr'><strong><em>a</em></strong></span> <span class='ocrx_word' id='word_1_91' title='bbox 1186 974 1581 1032; x_wconf 86' lang='lat' dir='ltr'><strong><em>tentationibus</em></strong></span> <span class='ocrx_word' id='word_1_92' title='bbox 1607 991 1707 1031; x_wconf 93' lang='lat' dir='ltr'><strong><em>ceu</em></strong></span> <span class='ocrx_word' id='word_1_93' title='bbox 1733 977 1856 1048; x_wconf 86' lang='lat' dir='ltr'><strong><em>igne</em></strong></span> <span class='ocrx_word' id='word_1_94' title='bbox 1881 978 2017 1034; x_wconf 88' lang='lat' dir='ltr'><strong><em>satis</em></strong></span> 
     </span>
    </p>
   </div>
   <div class='ocr_carea' id='block_1_13' title="bbox 2075 970 3695 1048">
    <p class='ocr_par' dir='ltr' id='par_1_13' title="bbox 2116 970 3695 1044">
     <span class='ocr_line' id='line_1_13' title="bbox 2116 970 3695 1044; baseline -0.004 -14"><span class='ocrx_word' id='word_1_95' title='bbox 2116 975 2289 1031; x_wconf 78' lang='grc' dir='ltr'>οἵκου</span> <span class='ocrx_word' id='word_1_96' title='bbox 2339 974 2548 1039; x_wconf 85' lang='grc' dir='ltr'>αὐτοῦ,</span> <span class='ocrx_word' id='word_1_97' title='bbox 2589 974 2698 1044; x_wconf 66' lang='grc' dir='ltr'><strong><em>χαὶ</em></strong></span> <span class='ocrx_word' id='word_1_98' title='bbox 2727 973 2992 1044; x_wconf 76' lang='grc' dir='ltr'>ἄρχοντα</span> <span class='ocrx_word' id='word_1_99' title='bbox 3034 972 3238 1040; x_wconf 83' lang='grc' dir='ltr'>πάσης</span> <span class='ocrx_word' id='word_1_100' title='bbox 3274 970 3386 1040; x_wconf 84' lang='grc' dir='ltr'>τῆς</span> <span class='ocrx_word' id='word_1_101' title='bbox 3426 970 3695 1037; x_wconf 78' lang='grc' dir='ltr'>κτήσεως</span> 
     </span>
    </p>
   </div>
   <div class='ocr_carea' id='block_1_14' title="bbox 435 1061 2055 1138">
    <p class='ocr_par' dir='ltr' id='par_1_14' title="bbox 435 1061 2018 1138">
     <span class='ocr_line' id='line_1_14' title="bbox 435 1061 2018 1138; baseline 0.006 -23"><span class='ocrx_word' id='word_1_102' title='bbox 435 1063 702 1131; x_wconf 81' lang='lat' dir='ltr'><strong><em>probatus</em></strong></span> <span class='ocrx_word' id='word_1_103' title='bbox 729 1061 922 1118; x_wconf 78' lang='lat' dir='ltr'><strong><em>fuisset</em></strong></span> <span class='ocrx_word' id='word_1_104' title='bbox 950 1061 1150 1134; x_wconf 85' lang='lat' dir='ltr'><strong><em>Joseph</em></strong></span> <span class='ocrx_word' id='word_1_105' title='bbox 1172 1104 1188 1130; x_wconf 94' lang='lat'><strong><em>,</em></strong></span> <span class='ocrx_word' id='word_1_106' title='bbox 1220 1072 1352 1120; x_wconf 91' lang='lat' dir='ltr'><strong><em>tunc</em></strong></span> <span class='ocrx_word' id='word_1_107' title='bbox 1380 1065 1491 1121; x_wconf 90' lang='lat' dir='ltr'><strong><em>Deo</em></strong></span> <span class='ocrx_word' id='word_1_108' title='bbox 1526 1077 1852 1138; x_wconf 80' lang='lat' dir='ltr'><strong><em>suggerente</em></strong></span> <span class='ocrx_word' id='word_1_109' title='bbox 1875 1067 2018 1124; x_wconf 86' lang='lat' dir='ltr'><strong><em>Pha-</em></strong></span> 
     </span>
    </p>
   </div>
   <div class='ocr_carea' id='block_1_15' title="bbox 2076 1061 3696 1138">
    <p class='ocr_par' dir='ltr' id='par_1_15' title="bbox 2117 1063 3696 1134">
     <span class='ocr_line' id='line_1_15' title="bbox 2117 1063 3696 1134; baseline -0.004 -12"><span class='ocrx_word' id='word_1_110' title='bbox 2117 1067 2326 1131; x_wconf 85' lang='grc' dir='ltr'>αὑτοῦ,</span> <span class='ocrx_word' id='word_1_111' title='bbox 2371 1067 2480 1121; x_wconf 84' lang='grc' dir='ltr'>τοῦ</span> <span class='ocrx_word' id='word_1_112' title='bbox 2525 1067 2846 1121; x_wconf 82' lang='grc' dir='ltr'>παιδεῦσαι</span> <span class='ocrx_word' id='word_1_113' title='bbox 2892 1065 3035 1131; x_wconf 83' lang='grc' dir='ltr'>τοὺς</span> <span class='ocrx_word' id='word_1_114' title='bbox 3065 1065 3364 1134; x_wconf 75' lang='grc' dir='ltr'>ἄρχοντας</span> <span class='ocrx_word' id='word_1_115' title='bbox 3393 1063 3696 1130; x_wconf 84' lang='grc' dir='ltr'>αὐτοῦ,ὠς</span> 
     </span>
    </p>
   </div>
   <div class='ocr_carea' id='block_1_16' title="bbox 435 1153 2055 1228">
    <p class='ocr_par' dir='ltr' id='par_1_16' title="bbox 435 1153 2017 1228">
     <span class='ocr_line' id='line_1_16' title="bbox 435 1153 2017 1228; baseline 0.006 -21"><span class='ocrx_word' id='word_1_116' title='bbox 435 1153 617 1216; x_wconf 90' lang='lat' dir='ltr'><strong><em>raoni,</em></strong></span> <span class='ocrx_word' id='word_1_117' title='bbox 648 1153 742 1223; x_wconf 88' lang='lat' dir='ltr'><strong><em>qui</em></strong></span> <span class='ocrx_word' id='word_1_118' title='bbox 778 1163 832 1210; x_wconf 81' lang='lat' dir='ltr'><strong><em>et</em></strong></span> <span class='ocrx_word' id='word_1_119' title='bbox 881 1171 977 1210; x_wconf 83' lang='lat' dir='ltr'><strong><em>rex</em></strong></span> <span class='ocrx_word' id='word_1_120' title='bbox 1006 1163 1061 1211; x_wconf 91' lang='lat' dir='ltr'><strong><em>et</em></strong></span> <span class='ocrx_word' id='word_1_121' title='bbox 1117 1157 1371 1228; x_wconf 87' lang='lat' dir='ltr'><strong><em>princeps</em></strong></span> <span class='ocrx_word' id='word_1_122' title='bbox 1413 1160 1502 1215; x_wconf 83' lang='lat' dir='ltr'><strong><em>hic</em></strong></span> <span class='ocrx_word' id='word_1_123' title='bbox 1532 1169 1778 1224; x_wconf 85' lang='lat' dir='ltr'><strong><em>vocatur,</em></strong></span> <span class='ocrx_word' id='word_1_124' title='bbox 1814 1176 1849 1214; x_wconf 88' lang='lat' dir='ltr'><strong><em>a</em></strong></span> <span class='ocrx_word' id='word_1_125' title='bbox 1893 1162 2017 1216; x_wconf 83' lang='lat' dir='ltr'><strong><em>vin-</em></strong></span> 
     </span>
    </p>
   </div>
   <div class='ocr_carea' id='block_1_17' title="bbox 2072 1153 3692 1228">
    <p class='ocr_par' dir='ltr' id='par_1_17' title="bbox 2117 1155 3692 1227">
     <span class='ocr_line' id='line_1_17' title="bbox 2117 1155 3692 1227; baseline -0.003 -15"><span class='ocrx_word' id='word_1_126' title='bbox 2117 1159 2356 1225; x_wconf 79' lang='grc' dir='ltr'>ἑαυτὸν,</span> <span class='ocrx_word' id='word_1_127' title='bbox 2394 1159 2492 1213; x_wconf 76' lang='grc' dir='ltr'>καὶ</span> <span class='ocrx_word' id='word_1_128' title='bbox 2529 1161 2671 1226; x_wconf 86' lang='grc' dir='ltr'>τοὺς</span> <span class='ocrx_word' id='word_1_129' title='bbox 2714 1157 3156 1227; x_wconf 77' lang='grc' dir='ltr'>πρεσϐυτέρους</span> <span class='ocrx_word' id='word_1_130' title='bbox 3196 1155 3382 1210; x_wconf 81' lang='grc' dir='ltr'>αὐτοῦ</span> <span class='ocrx_word' id='word_1_131' title='bbox 3419 1155 3692 1225; x_wconf 69' lang='grc' dir='ltr'>σοφίσαι.</span> 
     </span>
    </p>
   </div>
   <div class='ocr_carea' id='block_1_18' title="bbox 436 1243 2056 1322">
    <p class='ocr_par' dir='ltr' id='par_1_18' title="bbox 436 1243 2020 1322">
     <span class='ocr_line' id='line_1_18' title="bbox 436 1243 2020 1322; baseline 0.006 -24"><span class='ocrx_word' id='word_1_132' title='bbox 436 1243 580 1299; x_wconf 88' lang='lat' dir='ltr'><strong><em>culis</em></strong></span> <span class='ocrx_word' id='word_1_133' title='bbox 629 1245 883 1311; x_wconf 82' lang='lat' dir='ltr'><strong><em>solvitur,</em></strong></span> <span class='ocrx_word' id='word_1_134' title='bbox 937 1255 1102 1316; x_wconf 89' lang='lat' dir='ltr'><strong><em>atque</em></strong></span> <span class='ocrx_word' id='word_1_135' title='bbox 1137 1246 1333 1305; x_wconf 90' lang='lat' dir='ltr'><strong><em>domus</em></strong></span> <span class='ocrx_word' id='word_1_136' title='bbox 1376 1251 1523 1321; x_wconf 87' lang='lat' dir='ltr'><strong><em>regis</em></strong></span> <span class='ocrx_word' id='word_1_137' title='bbox 1566 1258 1621 1306; x_wconf 81' lang='lat' dir='ltr'><strong><em>et</em></strong></span> <span class='ocrx_word' id='word_1_138' title='bbox 1653 1253 1834 1306; x_wconf 89' lang='lat' dir='ltr'><strong><em>omnis</em></strong></span> <span class='ocrx_word' id='word_1_139' title='bbox 1891 1268 2020 1322; x_wconf 88' lang='lat' dir='ltr'><strong><em>pos-</em></strong></span> 
     </span>
    </p>
   </div>
   <div class='ocr_carea' id='block_1_19' title="bbox 2077 1243 3697 1322">
    <p class='ocr_par' dir='ltr' id='par_1_19' title="bbox 2119 1245 3697 1322">
     <span class='ocr_line' id='line_1_19' title="bbox 2119 1245 3697 1322; baseline -0.004 -16"><span class='ocrx_word' id='word_1_140' title='bbox 2119 1252 2249 1306; x_wconf 86' lang='grc' dir='ltr'>Ὅτε</span> <span class='ocrx_word' id='word_1_141' title='bbox 2283 1250 2570 1322; x_wconf 73' lang='grc' dir='ltr'><strong><em>αὐτάρκως</em></strong></span> <span class='ocrx_word' id='word_1_142' title='bbox 2604 1249 2859 1320; x_wconf 82' lang='grc' dir='ltr'>ὲπυρώθη</span> <span class='ocrx_word' id='word_1_143' title='bbox 2895 1247 3001 1301; x_wconf 78' lang='grc' dir='ltr'><strong><em>ὑπὸ</em></strong></span> <span class='ocrx_word' id='word_1_144' title='bbox 3029 1247 3137 1301; x_wconf 86' lang='grc' dir='ltr'><strong><em>τῶν</em></strong></span> <span class='ocrx_word' id='word_1_145' title='bbox 3169 1245 3491 1318; x_wconf 81' lang='grc' dir='ltr'><strong><em>πειρασμῶν</em></strong></span> <span class='ocrx_word' id='word_1_146' title='bbox 3518 1248 3547 1300; x_wconf 84' lang='grc' dir='ltr'>ὁ</span> <span class='ocrx_word' id='word_1_147' title='bbox 3581 1246 3697 1299; x_wconf 81' lang='grc' dir='ltr'><strong><em>Ἱω·</em></strong></span> 
     </span>
    </p>
   </div>
   <div class='ocr_carea' id='block_1_20' title="bbox 438 1336 2058 1413">
    <p class='ocr_par' dir='ltr' id='par_1_20' title="bbox 438 1336 2018 1409">
     <span class='ocr_line' id='line_1_20' title="bbox 438 1336 2018 1409; baseline 0.006 -21"><span class='ocrx_word' id='word_1_148' title='bbox 438 1336 718 1391; x_wconf 84' lang='lat' dir='ltr'><strong><em>sessionis.</em></strong></span> <span class='ocrx_word' id='word_1_149' title='bbox 753 1336 874 1407; x_wconf 84' lang='lat' dir='ltr'><strong><em>ejus</em></strong></span> <span class='ocrx_word' id='word_1_150' title='bbox 918 1339 1173 1409; x_wconf 86' lang='lat' dir='ltr'><strong><em>princeps</em></strong></span> <span class='ocrx_word' id='word_1_151' title='bbox 1212 1341 1585 1396; x_wconf 83' lang='lat' dir='ltr'><strong><em>constituitur.</em></strong></span> <span class='ocrx_word' id='word_1_152' title='bbox 1637 1342 1843 1397; x_wconf 84' lang='lat' dir='ltr'><strong><em>Extulit</em></strong></span> <span class='ocrx_word' id='word_1_153' title='bbox 1871 1345 2018 1398; x_wconf 89' lang='lat' dir='ltr'><strong><em>enim</em></strong></span> 
     </span>
    </p>
   </div>
   <div class='ocr_carea' id='block_1_21' title="bbox 2077 1336 3697 1413">
    <p class='ocr_par' dir='ltr' id='par_1_21' title="bbox 2121 1338 3697 1413">
     <span class='ocr_line' id='line_1_21' title="bbox 2121 1338 3697 1413; baseline -0.004 -18"><span class='ocrx_word' id='word_1_154' title='bbox 2121 1343 2251 1413; x_wconf 83' lang='grc' dir='ltr'>σὴφ,</span> <span class='ocrx_word' id='word_1_155' title='bbox 2272 1342 2394 1395; x_wconf 84' lang='grc' dir='ltr'>τότε</span> <span class='ocrx_word' id='word_1_156' title='bbox 2417 1342 2552 1395; x_wconf 85' lang='grc' dir='ltr'><strong><em>Θεοῦ</em></strong></span> <span class='ocrx_word' id='word_1_157' title='bbox 2583 1341 2943 1405; x_wconf 78' lang='grc' dir='ltr'>ὑποϐαλόντος</span> <span class='ocrx_word' id='word_1_158' title='bbox 2973 1339 3051 1412; x_wconf 84' lang='grc' dir='ltr'>τῷ</span> <span class='ocrx_word' id='word_1_159' title='bbox 3085 1339 3305 1412; x_wconf 74' lang='grc' dir='ltr'>Φαραὼ,</span> <span class='ocrx_word' id='word_1_160' title='bbox 3333 1339 3392 1393; x_wconf 83' lang='grc' dir='ltr'><strong><em>ὃν</em></strong></span> <span class='ocrx_word' id='word_1_161' title='bbox 3417 1339 3511 1392; x_wconf 77' lang='grc' dir='ltr'>καὶ</span> <span class='ocrx_word' id='word_1_162' title='bbox 3541 1338 3697 1408; x_wconf 84' lang='grc' dir='ltr'>βασι-</span> 
     </span>
    </p>
   </div>
   <div class='ocr_carea' id='block_1_22' title="bbox 435 1428 2055 1505">
    <p class='ocr_par' dir='ltr' id='par_1_22' title="bbox 435 1429 2024 1498">
     <span class='ocr_line' id='line_1_22' title="bbox 435 1429 2024 1498; baseline 0.003 -17"><span class='ocrx_word' id='word_1_163' title='bbox 435 1439 587 1490; x_wconf 89' lang='lat' dir='ltr'><strong><em>eum,</em></strong></span> <span class='ocrx_word' id='word_1_164' title='bbox 620 1433 679 1482; x_wconf 89' lang='lat' dir='ltr'><strong><em>ut</em></strong></span> <span class='ocrx_word' id='word_1_165' title='bbox 713 1429 1026 1498; x_wconf 86' lang='lat' dir='ltr'><strong><em>complures</em></strong></span> <span class='ocrx_word' id='word_1_166' title='bbox 1063 1429 1321 1495; x_wconf 79' lang='lat' dir='ltr'><strong><em>dixerint,</em></strong></span> <span class='ocrx_word' id='word_1_167' title='bbox 1357 1437 1417 1484; x_wconf 92' lang='lat' dir='ltr'><strong><em>ut</em></strong></span> <span class='ocrx_word' id='word_1_168' title='bbox 1474 1432 1684 1487; x_wconf 79' lang='lat' dir='ltr'><strong><em>fructus</em></strong></span> <span class='ocrx_word' id='word_1_169' title='bbox 1727 1432 1792 1486; x_wconf 87' lang='lat' dir='ltr'><strong><em>ad</em></strong></span> <span class='ocrx_word' id='word_1_170' title='bbox 1849 1432 2024 1486; x_wconf 90' lang='lat' dir='ltr'><strong><em>abun-</em></strong></span> 
     </span>
    </p>
   </div>
   <div class='ocr_carea' id='block_1_23' title="bbox 2073 1428 3693 1505">
    <p class='ocr_par' dir='ltr' id='par_1_23' title="bbox 2119 1428 3693 1505">
     <span class='ocr_line' id='line_1_23' title="bbox 2119 1428 3693 1505; baseline -0.003 -18"><span class='ocrx_word' id='word_1_171' title='bbox 2119 1433 2222 1487; x_wconf 88' lang='grc' dir='ltr'>λέα-</span> <span class='ocrx_word' id='word_1_172' title='bbox 2256 1434 2350 1487; x_wconf 80' lang='grc' dir='ltr'>καὶ</span> <span class='ocrx_word' id='word_1_173' title='bbox 2383 1433 2622 1505; x_wconf 77' lang='grc' dir='ltr'>ἄρχοντα</span> <span class='ocrx_word' id='word_1_174' title='bbox 2655 1433 2750 1486; x_wconf 82' lang='grc' dir='ltr'><strong><em>νῦν</em></strong></span> <span class='ocrx_word' id='word_1_175' title='bbox 2779 1435 2808 1486; x_wconf 87' lang='grc' dir='ltr'>ὁ</span> <span class='ocrx_word' id='word_1_176' title='bbox 2847 1431 3004 1501; x_wconf 84' lang='grc' dir='ltr'><strong><em>λόγος</em></strong></span> <span class='ocrx_word' id='word_1_177' title='bbox 3032 1430 3205 1495; x_wconf 85' lang='grc' dir='ltr'>καλεῖ,</span> <span class='ocrx_word' id='word_1_178' title='bbox 3246 1431 3430 1484; x_wconf 82' lang='grc' dir='ltr'><strong><em>λύεται</em></strong></span> <span class='ocrx_word' id='word_1_179' title='bbox 3479 1428 3588 1483; x_wconf 85' lang='grc' dir='ltr'><strong><em>τῶν</em></strong></span> <span class='ocrx_word' id='word_1_180' title='bbox 3614 1429 3693 1482; x_wconf 76' lang='grc' dir='ltr'><strong><em>δεσ</em></strong></span> 
     </span>
    </p>
   </div>
   <div class='ocr_carea' id='block_1_24' title="bbox 437 1515 2057 1595">
    <p class='ocr_par' dir='ltr' id='par_1_24' title="bbox 437 1515 2021 1590">
     <span class='ocr_line' id='line_1_24' title="bbox 437 1515 2021 1590; baseline 0.004 -21"><span class='ocrx_word' id='word_1_181' title='bbox 437 1515 681 1575; x_wconf 72' lang='lat' dir='ltr'><strong><em>dentiam</em></strong></span> <span class='ocrx_word' id='word_1_182' title='bbox 709 1519 1014 1590; x_wconf 77' lang='lat' dir='ltr'><strong><em>colligeret,</em></strong></span> <span class='ocrx_word' id='word_1_183' title='bbox 1054 1525 1109 1575; x_wconf 92' lang='lat' dir='ltr'><strong><em>et</em></strong></span> <span class='ocrx_word' id='word_1_184' title='bbox 1139 1520 1208 1575; x_wconf 86' lang='lat' dir='ltr'><strong><em>ad</em></strong></span> <span class='ocrx_word' id='word_1_185' title='bbox 1246 1526 1462 1590; x_wconf 87' lang='lat' dir='ltr'><strong><em>tempus</em></strong></span> <span class='ocrx_word' id='word_1_186' title='bbox 1503 1519 1667 1576; x_wconf 81' lang='lat' dir='ltr'><strong><em>famis</em></strong></span> <span class='ocrx_word' id='word_1_187' title='bbox 1703 1536 1800 1578; x_wconf 90' lang='lat' dir='ltr'><strong><em>eos</em></strong></span> <span class='ocrx_word' id='word_1_188' title='bbox 1831 1533 2021 1577; x_wconf 86' lang='lat' dir='ltr'><strong><em>custo-</em></strong></span> 
     </span>
    </p>
   </div>
   <div class='ocr_carea' id='block_1_25' title="bbox 2079 1515 3699 1595">
    <p class='ocr_par' dir='ltr' id='par_1_25' title="bbox 2123 1519 3699 1595">
     <span class='ocr_line' id='line_1_25' title="bbox 2123 1519 3699 1595; baseline -0.002 -19"><span class='ocrx_word' id='word_1_189' title='bbox 2123 1523 2298 1595; x_wconf 84' lang='grc' dir='ltr'>σμῶν,</span> <span class='ocrx_word' id='word_1_190' title='bbox 2337 1524 2434 1577; x_wconf 77' lang='grc' dir='ltr'>καὶ</span> <span class='ocrx_word' id='word_1_191' title='bbox 2465 1524 2649 1595; x_wconf 78' lang='grc' dir='ltr'>ἄρχων</span> <span class='ocrx_word' id='word_1_192' title='bbox 2677 1521 2772 1577; x_wconf 78' lang='grc' dir='ltr'><strong><em>τοῦ</em></strong></span> <span class='ocrx_word' id='word_1_193' title='bbox 2820 1525 2976 1576; x_wconf 82' lang='grc' dir='ltr'>οῐκου</span> <span class='ocrx_word' id='word_1_194' title='bbox 3003 1522 3095 1576; x_wconf 81' lang='grc' dir='ltr'>τοῦ</span> <span class='ocrx_word' id='word_1_195' title='bbox 3149 1521 3413 1593; x_wconf 82' lang='grc' dir='ltr'>βασιλέως</span> <span class='ocrx_word' id='word_1_196' title='bbox 3459 1522 3552 1575; x_wconf 79' lang='grc' dir='ltr'>καὶ</span> <span class='ocrx_word' id='word_1_197' title='bbox 3589 1519 3699 1573; x_wconf 83' lang='grc' dir='ltr'><strong><em>πά-</em></strong></span> 
     </span>
    </p>
   </div>
   <div class='ocr_carea' id='block_1_26' title="bbox 439 1605 2059 1686">
    <p class='ocr_par' dir='ltr' id='par_1_26' title="bbox 439 1605 2020 1684">
     <span class='ocr_line' id='line_1_26' title="bbox 439 1605 2020 1684; baseline 0.004 -23"><span class='ocrx_word' id='word_1_198' title='bbox 439 1606 602 1663; x_wconf 85' lang='lat' dir='ltr'><strong><em>diret.</em></strong></span> <span class='ocrx_word' id='word_1_199' title='bbox 639 1605 740 1664; x_wconf 85' lang='lat' dir='ltr'><strong><em>Hic</em></strong></span> <span class='ocrx_word' id='word_1_200' title='bbox 765 1617 946 1664; x_wconf 85' lang='lat' dir='ltr'><strong><em>autem</em></strong></span> <span class='ocrx_word' id='word_1_201' title='bbox 987 1625 1168 1668; x_wconf 88' lang='lat' dir='ltr'><strong><em>sermo</em></strong></span> <span class='ocrx_word' id='word_1_202' title='bbox 1200 1610 1378 1676; x_wconf 90' lang='lat' dir='ltr'><strong><em>docet,</em></strong></span> <span class='ocrx_word' id='word_1_203' title='bbox 1411 1626 1520 1665; x_wconf 94' lang='lat' dir='ltr'><strong><em>non</em></strong></span> <span class='ocrx_word' id='word_1_204' title='bbox 1567 1619 1676 1667; x_wconf 89' lang='lat' dir='ltr'><strong><em>tam</em></strong></span> <span class='ocrx_word' id='word_1_205' title='bbox 1710 1613 1782 1667; x_wconf 86' lang='lat' dir='ltr'><strong><em>ob</em></strong></span> <span class='ocrx_word' id='word_1_206' title='bbox 1804 1612 2020 1684; x_wconf 79' lang='lat' dir='ltr'><strong><em>frugum</em></strong></span> 
     </span>
    </p>
   </div>
   <div class='ocr_carea' id='block_1_27' title="bbox 2081 1605 3701 1686">
    <p class='ocr_par' dir='ltr' id='par_1_27' title="bbox 2123 1607 3701 1686">
     <span class='ocr_line' id='line_1_27' title="bbox 2123 1607 3701 1686; baseline -0.006 -17"><span class='ocrx_word' id='word_1_207' title='bbox 2123 1631 2224 1686; x_wconf 87' lang='grc' dir='ltr'><strong><em>σης</em></strong></span> <span class='ocrx_word' id='word_1_208' title='bbox 2259 1614 2356 1685; x_wconf 84' lang='grc' dir='ltr'>τῆς</span> <span class='ocrx_word' id='word_1_209' title='bbox 2387 1615 2634 1684; x_wconf 83' lang='grc' dir='ltr'>κτήσεως</span> <span class='ocrx_word' id='word_1_210' title='bbox 2666 1612 2832 1671; x_wconf 79' lang='grc' dir='ltr'>αὐτοῦ</span> <span class='ocrx_word' id='word_1_211' title='bbox 2881 1612 3224 1666; x_wconf 71' lang='grc' dir='ltr'><strong><em>καθίσταται.</em></strong></span> <span class='ocrx_word' id='word_1_212' title='bbox 3263 1610 3553 1682; x_wconf 81' lang='grc' dir='ltr'>Ἐξήνεγκε</span> <span class='ocrx_word' id='word_1_213' title='bbox 3591 1607 3701 1678; x_wconf 79' lang='grc' dir='ltr'><strong><em>γὰρ</em></strong></span> 
     </span>
    </p>
   </div>
   <div class='ocr_carea' id='block_1_28' title="bbox 439 1695 2059 1778">
    <p class='ocr_par' dir='ltr' id='par_1_28' title="bbox 439 1695 2020 1774">
     <span class='ocr_line' id='line_1_28' title="bbox 439 1695 2020 1774; baseline 0.003 -21"><span class='ocrx_word' id='word_1_214' title='bbox 439 1695 750 1753; x_wconf 82' lang='lat' dir='ltr'><strong><em>custodiam</em></strong></span> <span class='ocrx_word' id='word_1_215' title='bbox 799 1697 867 1752; x_wconf 90' lang='lat' dir='ltr'><strong><em>ad</em></strong></span> <span class='ocrx_word' id='word_1_216' title='bbox 900 1699 1268 1770; x_wconf 85' lang='lat' dir='ltr'><strong><em>principatum</em></strong></span> <span class='ocrx_word' id='word_1_217' title='bbox 1315 1708 1563 1756; x_wconf 82' lang='lat' dir='ltr'><strong><em>evectum</em></strong></span> <span class='ocrx_word' id='word_1_218' title='bbox 1611 1699 1803 1767; x_wconf 81' lang='lat' dir='ltr'><strong><em>fuisse,</em></strong></span> <span class='ocrx_word' id='word_1_219' title='bbox 1855 1718 2020 1774; x_wconf 89' lang='lat' dir='ltr'><strong><em>quam</em></strong></span> 
     </span>
    </p>
   </div>
   <div class='ocr_carea' id='block_1_29' title="bbox 2085 1695 3705 1778">
    <p class='ocr_par' dir='ltr' id='par_1_29' title="bbox 2122 1699 3705 1778">
     <span class='ocr_line' id='line_1_29' title="bbox 2122 1699 3705 1778; baseline -0.007 -16"><span class='ocrx_word' id='word_1_220' title='bbox 2122 1706 2303 1771; x_wconf 76' lang='grc' dir='ltr'>αὐτὸν,</span> <span class='ocrx_word' id='word_1_221' title='bbox 2338 1705 2414 1770; x_wconf 79' lang='grc' dir='ltr'>ὡς</span> <span class='ocrx_word' id='word_1_222' title='bbox 2447 1706 2546 1778; x_wconf 83' lang='grc' dir='ltr'>μὲν</span> <span class='ocrx_word' id='word_1_223' title='bbox 2577 1707 2719 1760; x_wconf 70' lang='grc' dir='ltr'>εἴποι</span> <span class='ocrx_word' id='word_1_224' title='bbox 2768 1706 2836 1762; x_wconf 82' lang='grc' dir='ltr'>ἂν</span> <span class='ocrx_word' id='word_1_225' title='bbox 2886 1707 2916 1760; x_wconf 84' lang='grc' dir='ltr'>ό</span> <span class='ocrx_word' id='word_1_226' title='bbox 2962 1705 3133 1769; x_wconf 84' lang='grc' dir='ltr'>πολὺς</span> <span class='ocrx_word' id='word_1_227' title='bbox 3173 1703 3478 1776; x_wconf 79' lang='grc' dir='ltr'>ἄνθρωπος,</span> <span class='ocrx_word' id='word_1_228' title='bbox 3517 1699 3604 1753; x_wconf 80' lang='grc' dir='ltr'><strong><em>διὰ</em></strong></span> <span class='ocrx_word' id='word_1_229' title='bbox 3640 1699 3705 1752; x_wconf 81' lang='grc' dir='ltr'>τὸ</span> 
     </span>
    </p>
   </div>
   <div class='ocr_carea' id='block_1_30' title="bbox 441 1786 2061 1869">
    <p class='ocr_par' dir='ltr' id='par_1_30' title="bbox 441 1786 2022 1863">
     <span class='ocr_line' id='line_1_30' title="bbox 441 1786 2022 1863; baseline 0.004 -23"><span class='ocrx_word' id='word_1_230' title='bbox 441 1786 512 1841; x_wconf 90' lang='lat' dir='ltr'><strong><em>ad</em></strong></span> <span class='ocrx_word' id='word_1_231' title='bbox 544 1787 837 1844; x_wconf 82' lang='lat' dir='ltr'><strong><em>utilitatem</em></strong></span> <span class='ocrx_word' id='word_1_232' title='bbox 870 1789 1066 1844; x_wconf 67' lang='lat' dir='ltr'><strong><em>anima:</em></strong></span> <span class='ocrx_word' id='word_1_233' title='bbox 1095 1805 1285 1845; x_wconf 88' lang='lat' dir='ltr'><strong><em>eorum</em></strong></span> <span class='ocrx_word' id='word_1_234' title='bbox 1321 1790 1414 1859; x_wconf 88' lang='lat' dir='ltr'><strong><em>qui</em></strong></span> <span class='ocrx_word' id='word_1_235' title='bbox 1446 1805 1542 1860; x_wconf 89' lang='lat' dir='ltr'><strong><em>per</em></strong></span> <span class='ocrx_word' id='word_1_236' title='bbox 1580 1790 1760 1863; x_wconf 89' lang='lat' dir='ltr'><strong><em>ipsum</em></strong></span> <span class='ocrx_word' id='word_1_237' title='bbox 1789 1791 2022 1847; x_wconf 90' lang='lat' dir='ltr'><strong><em>docendi</em></strong></span> 
     </span>
    </p>
   </div>
   <div class='ocr_carea' id='block_1_31' title="bbox 2084 1786 3704 1869">
    <p class='ocr_par' dir='ltr' id='par_1_31' title="bbox 2125 1791 3704 1869">
     <span class='ocr_line' id='line_1_31' title="bbox 2125 1791 3704 1869; baseline -0.005 -17"><span class='ocrx_word' id='word_1_238' title='bbox 2125 1800 2451 1867; x_wconf 82' lang='grc' dir='ltr'>συναγαγεῖν</span> <span class='ocrx_word' id='word_1_239' title='bbox 2477 1797 2548 1852; x_wconf 81' lang='grc' dir='ltr'>τὰ</span> <span class='ocrx_word' id='word_1_240' title='bbox 2577 1798 2890 1869; x_wconf 84' lang='grc' dir='ltr'><strong><em>γεννήματα</em></strong></span> <span class='ocrx_word' id='word_1_241' title='bbox 2913 1797 3014 1868; x_wconf 83' lang='grc' dir='ltr'>τῆς</span> <span class='ocrx_word' id='word_1_242' title='bbox 3047 1796 3320 1867; x_wconf 79' lang='grc' dir='ltr'><strong><em>εὐθηνίας,</em></strong></span> <span class='ocrx_word' id='word_1_243' title='bbox 3345 1795 3440 1848; x_wconf 73' lang='grc' dir='ltr'>καὶ</span> <span class='ocrx_word' id='word_1_244' title='bbox 3469 1791 3704 1862; x_wconf 80' lang='grc' dir='ltr'>φυλάξαι</span> 
     </span>
    </p>
   </div>
   <div class='ocr_carea' id='block_1_32' title="bbox 439 1877 2059 1969">
    <p class='ocr_par' dir='ltr' id='par_1_32' title="bbox 439 1877 2059 1968">
     <span class='ocr_line' id='line_1_32' title="bbox 439 1877 2059 1968; baseline 0.004 -37"><span class='ocrx_word' id='word_1_245' title='bbox 439 1885 496 1932; x_wconf 86' lang='lat' dir='ltr'><strong><em>et</em></strong></span> <span class='ocrx_word' id='word_1_246' title='bbox 527 1877 852 1934; x_wconf 86' lang='lat' dir='ltr'><strong><em>instituendi</em></strong></span> <span class='ocrx_word' id='word_1_247' title='bbox 873 1891 1049 1936; x_wconf 89' lang='lat' dir='ltr'><strong><em>erant.</em></strong></span> <span class='ocrx_word' id='word_1_248' title='bbox 1092 1879 1261 1936; x_wconf 86' lang='lat' dir='ltr'><strong><em>Erant</em></strong></span> <span class='ocrx_word' id='word_1_249' title='bbox 1282 1887 1463 1934; x_wconf 84' lang='lat' dir='ltr'><strong><em>autem</em></strong></span> <span class='ocrx_word' id='word_1_250' title='bbox 1500 1880 1553 1934; x_wconf 92' lang='lat' dir='ltr'><strong><em>hi</em></strong></span> <span class='ocrx_word' id='word_1_251' title='bbox 1583 1882 1857 1952; x_wconf 90' lang='lat' dir='ltr'><strong><em>principes</em></strong></span> <span class='ocrx_word' id='word_1_252' title='bbox 1878 1882 2020 1938; x_wconf 87' lang='lat' dir='ltr'><strong><em>Pha-</em></strong></span> <span class='ocrx_word' id='word_1_253' title='bbox 2055 1915 2059 1968; x_wconf 37' lang='grc' dir='ltr'><strong><em>γ</em></strong></span> 
     </span>
    </p>
   </div>
   <div class='ocr_carea' id='block_1_33' title="bbox 2088 1877 3708 1969">
    <p class='ocr_par' dir='ltr' id='par_1_33' title="bbox 2088 1883 3708 1965">
     <span class='ocr_line' id='line_1_33' title="bbox 2088 1883 3708 1965; baseline -0.002 -23"><span class='ocrx_word' id='word_1_254' title='bbox 2088 1918 2097 1965; x_wconf 61' lang='grc' dir='ltr'>ι</span> <span class='ocrx_word' id='word_1_255' title='bbox 2125 1888 2264 1942; x_wconf 77' lang='grc' dir='ltr'>αὐτὰ</span> <span class='ocrx_word' id='word_1_256' title='bbox 2294 1891 2374 1953; x_wconf 83' lang='grc' dir='ltr'><strong><em>είς</em></strong></span> <span class='ocrx_word' id='word_1_257' title='bbox 2404 1889 2596 1960; x_wconf 84' lang='grc' dir='ltr'>καιρὸν</span> <span class='ocrx_word' id='word_1_258' title='bbox 2620 1888 2714 1942; x_wconf 83' lang='grc' dir='ltr'>τοῦ</span> <span class='ocrx_word' id='word_1_259' title='bbox 2748 1888 2930 1960; x_wconf 81' lang='grc' dir='ltr'>λιμοῦ.</span> <span class='ocrx_word' id='word_1_260' title='bbox 2971 1889 3030 1942; x_wconf 88' lang='lat'><strong><em>&#39;0</em></strong></span> <span class='ocrx_word' id='word_1_261' title='bbox 3059 1888 3118 1941; x_wconf 84' lang='grc' dir='ltr'><strong><em>δὲ</em></strong></span> <span class='ocrx_word' id='word_1_262' title='bbox 3157 1885 3347 1958; x_wconf 87' lang='grc' dir='ltr'>παρὼν</span> <span class='ocrx_word' id='word_1_263' title='bbox 3375 1885 3532 1955; x_wconf 83' lang='grc' dir='ltr'>λόγος</span> <span class='ocrx_word' id='word_1_264' title='bbox 3565 1883 3708 1938; x_wconf 75' lang='grc' dir='ltr'><strong><em>διδά-</em></strong></span> 
     </span>
    </p>
   </div>
   <div class='ocr_carea' id='block_1_34' title="bbox 443 1971 2063 2052">
    <p class='ocr_par' dir='ltr' id='par_1_34' title="bbox 443 1971 2018 2040">
     <span class='ocr_line' id='line_1_34' title="bbox 443 1971 2018 2040; baseline 0.003 -15"><span class='ocrx_word' id='word_1_265' title='bbox 443 1971 631 2026; x_wconf 84' lang='lat' dir='ltr'><strong><em>raonis</em></strong></span> <span class='ocrx_word' id='word_1_266' title='bbox 684 1980 740 2028; x_wconf 92' lang='lat' dir='ltr'><strong><em>et</em></strong></span> <span class='ocrx_word' id='word_1_267' title='bbox 792 1973 1059 2030; x_wconf 88' lang='lat' dir='ltr'><strong><em>seniores.</em></strong></span> <span class='ocrx_word' id='word_1_268' title='bbox 1117 1972 1328 2040; x_wconf 87' lang='lat' dir='ltr'><strong><em>Quibus</em></strong></span> <span class='ocrx_word' id='word_1_269' title='bbox 1380 1972 1566 2027; x_wconf 87' lang='lat' dir='ltr'><strong><em>utilem</em></strong></span> <span class='ocrx_word' id='word_1_270' title='bbox 1619 1973 2018 2030; x_wconf 88' lang='lat' dir='ltr'><strong><em>institutionem</em></strong></span> 
     </span>
    </p>
   </div>
   <div class='ocr_carea' id='block_1_35' title="bbox 2084 1971 3704 2052">
    <p class='ocr_par' dir='ltr' id='par_1_35' title="bbox 2129 1973 3704 2052">
     <span class='ocr_line' id='line_1_35' title="bbox 2129 1973 3704 2052; baseline -0.007 -16"><span class='ocrx_word' id='word_1_271' title='bbox 2129 1999 2246 2036; x_wconf 87' lang='grc' dir='ltr'>σκει</span> <span class='ocrx_word' id='word_1_272' title='bbox 2281 1983 2342 2035; x_wconf 77' lang='grc' dir='ltr'>οὐ</span> <span class='ocrx_word' id='word_1_273' title='bbox 2362 1981 2613 2036; x_wconf 80' lang='grc' dir='ltr'>τοσοῦτον</span> <span class='ocrx_word' id='word_1_274' title='bbox 2633 1981 2734 2052; x_wconf 86' lang='grc' dir='ltr'><strong><em>τῆς</em></strong></span> <span class='ocrx_word' id='word_1_275' title='bbox 2763 1981 2872 2034; x_wconf 86' lang='grc' dir='ltr'><strong><em>τῶν</em></strong></span> <span class='ocrx_word' id='word_1_276' title='bbox 2905 1979 3132 2050; x_wconf 85' lang='grc' dir='ltr'>καρπῶν</span> <span class='ocrx_word' id='word_1_277' title='bbox 3161 1976 3406 2048; x_wconf 77' lang='grc' dir='ltr'>φυλακῆς</span> <span class='ocrx_word' id='word_1_278' title='bbox 3431 1974 3594 2028; x_wconf 76' lang='grc' dir='ltr'>ἓνεκα</span> <span class='ocrx_word' id='word_1_279' title='bbox 3622 1973 3704 2035; x_wconf 83' lang='grc' dir='ltr'><strong><em>είς</em></strong></span> 
     </span>
    </p>
   </div>
   <div class='ocr_carea' id='block_1_36' title="bbox 441 2060 2061 2146">
    <p class='ocr_par' dir='ltr' id='par_1_36' title="bbox 441 2060 2022 2134">
     <span class='ocr_line' id='line_1_36' title="bbox 441 2060 2022 2134; baseline 0.004 -17"><span class='ocrx_word' id='word_1_280' title='bbox 441 2060 676 2132; x_wconf 80' lang='lat' dir='ltr'><strong><em>adeptis,</em></strong></span> <span class='ocrx_word' id='word_1_281' title='bbox 739 2063 1040 2120; x_wconf 87' lang='lat' dir='ltr'><strong><em>verisimile</em></strong></span> <span class='ocrx_word' id='word_1_282' title='bbox 1085 2071 1206 2119; x_wconf 87' lang='lat' dir='ltr'><strong><em>erat</em></strong></span> <span class='ocrx_word' id='word_1_283' title='bbox 1267 2080 1458 2120; x_wconf 90' lang='lat' dir='ltr'><strong><em>omnes</em></strong></span> <span class='ocrx_word' id='word_1_284' title='bbox 1506 2081 1726 2134; x_wconf 85' lang='lat' dir='ltr'><strong><em>quoque</em></strong></span> <span class='ocrx_word' id='word_1_285' title='bbox 1773 2066 2022 2124; x_wconf 88' lang='lat' dir='ltr'><strong><em>subditos</em></strong></span> 
     </span>
    </p>
   </div>
   <div class='ocr_carea' id='block_1_37' title="bbox 2087 2060 3707 2146">
    <p class='ocr_par' dir='ltr' id='par_1_37' title="bbox 2125 2064 3707 2146">
     <span class='ocr_line' id='line_1_37' title="bbox 2125 2064 3707 2146; baseline 0.004 -20"><span class='ocrx_word' id='word_1_286' title='bbox 2125 2073 2224 2144; x_wconf 78' lang='grc' dir='ltr'>τὴν</span> <span class='ocrx_word' id='word_1_287' title='bbox 2262 2072 2436 2146; x_wconf 81' lang='grc' dir='ltr'>ἀρχὴν</span> <span class='ocrx_word' id='word_1_288' title='bbox 2482 2071 2774 2144; x_wconf 81' lang='grc' dir='ltr'><strong><em>προῆχθαι,</em></strong></span> <span class='ocrx_word' id='word_1_289' title='bbox 2822 2072 2946 2126; x_wconf 78' lang='grc' dir='ltr'>ὅσον</span> <span class='ocrx_word' id='word_1_290' title='bbox 2991 2071 3091 2141; x_wconf 83' lang='grc' dir='ltr'>τῆς</span> <span class='ocrx_word' id='word_1_291' title='bbox 3141 2067 3284 2123; x_wconf 84' lang='grc' dir='ltr'>κατὰ</span> <span class='ocrx_word' id='word_1_292' title='bbox 3327 2067 3502 2137; x_wconf 72' lang='grc' dir='ltr'>ψυχὴν</span> <span class='ocrx_word' id='word_1_293' title='bbox 3559 2064 3707 2132; x_wconf 72' lang='grc' dir='ltr'>ὠφε-</span> 
     </span>
    </p>
   </div>
   <div class='ocr_carea' id='block_1_38' title="bbox 439 2151 2059 2235">
    <p class='ocr_par' dir='ltr' id='par_1_38' title="bbox 439 2151 1794 2222">
     <span class='ocr_line' id='line_1_38' title="bbox 439 2151 1794 2222; baseline 0.007 -18"><span class='ocrx_word' id='word_1_294' title='bbox 439 2151 719 2220; x_wconf 80' lang='lat' dir='ltr'><strong><em>prolectus</em></strong></span> <span class='ocrx_word' id='word_1_295' title='bbox 751 2153 1067 2222; x_wconf 77' lang='lat' dir='ltr'><strong><em>huiusmodi</em></strong></span> <span class='ocrx_word' id='word_1_296' title='bbox 1089 2163 1378 2212; x_wconf 87' lang='lat' dir='ltr'><strong><em>consortes</em></strong></span> <span class='ocrx_word' id='word_1_297' title='bbox 1414 2155 1626 2212; x_wconf 80' lang='lat' dir='ltr'><strong><em>futuros</em></strong></span> <span class='ocrx_word' id='word_1_298' title='bbox 1651 2172 1794 2213; x_wconf 90' lang='lat' dir='ltr'><strong><em>esse.</em></strong></span> 
     </span>
    </p>
   </div>
   <div class='ocr_carea' id='block_1_39' title="bbox 2087 2151 3707 2235">
    <p class='ocr_par' dir='ltr' id='par_1_39' title="bbox 2126 2157 3707 2235">
     <span class='ocr_line' id='line_1_39' title="bbox 2126 2157 3707 2235; baseline -0.006 -19"><span class='ocrx_word' id='word_1_299' title='bbox 2126 2162 2276 2228; x_wconf 81' lang='grc' dir='ltr'>λείας</span> <span class='ocrx_word' id='word_1_300' title='bbox 2303 2163 2410 2218; x_wconf 86' lang='grc' dir='ltr'><strong><em>τῶν</em></strong></span> <span class='ocrx_word' id='word_1_301' title='bbox 2441 2163 2741 2235; x_wconf 87' lang='grc' dir='ltr'>μελλόντων</span> <span class='ocrx_word' id='word_1_302' title='bbox 2774 2163 2866 2216; x_wconf 76' lang='grc' dir='ltr'><strong><em>ὑπ’</em></strong></span> <span class='ocrx_word' id='word_1_303' title='bbox 2902 2160 3067 2216; x_wconf 80' lang='grc' dir='ltr'>αὑτοῦ</span> <span class='ocrx_word' id='word_1_304' title='bbox 3103 2158 3418 2230; x_wconf 74' lang='grc' dir='ltr'>σοφίζεσθαι</span> <span class='ocrx_word' id='word_1_305' title='bbox 3450 2157 3546 2210; x_wconf 73' lang='grc' dir='ltr'>καὶ</span> <span class='ocrx_word' id='word_1_306' title='bbox 3578 2171 3707 2208; x_wconf 85' lang='grc' dir='ltr'>παι-</span> 
     </span>
    </p>
   </div>
   <div class='ocr_carea' id='block_1_40' title="bbox 439 2239 3708 2328">
    <p class='ocr_par' dir='ltr' id='par_1_40' title="bbox 439 2239 3708 2328">
     <span class='ocr_line' id='line_1_40' title="bbox 439 2239 3708 2328; baseline 0.004 -31"><span class='ocrx_word' id='word_1_307' title='bbox 439 2242 711 2303; x_wconf 79' lang='grc' dir='ltr'>δεύεσθαι.</span> <span class='ocrx_word' id='word_1_308' title='bbox 743 2241 923 2299; x_wconf 84' lang='grc' dir='ltr'>Ἦσαν</span> <span class='ocrx_word' id='word_1_309' title='bbox 955 2247 1011 2299; x_wconf 86' lang='grc' dir='ltr'><strong><em>δὲ</em></strong></span> <span class='ocrx_word' id='word_1_310' title='bbox 1040 2239 1186 2300; x_wconf 77' lang='grc' dir='ltr'>οὗτοι</span> <span class='ocrx_word' id='word_1_311' title='bbox 1229 2249 1487 2321; x_wconf 78' lang='grc' dir='ltr'>ἄρχοντες</span> <span class='ocrx_word' id='word_1_312' title='bbox 1520 2248 1720 2320; x_wconf 82' lang='grc' dir='ltr'>Φαραὼ</span> <span class='ocrx_word' id='word_1_313' title='bbox 1759 2250 1855 2305; x_wconf 76' lang='grc' dir='ltr'>καὶ</span> <span class='ocrx_word' id='word_1_314' title='bbox 1887 2251 2246 2328; x_wconf 75' lang='grc' dir='ltr'>πρεσϐύτεροι</span> <span class='ocrx_word' id='word_1_315' title='bbox 2266 2273 2280 2287; x_wconf 92' lang='grc'><strong>·</strong></span> <span class='ocrx_word' id='word_1_316' title='bbox 2315 2249 2392 2311; x_wconf 78' lang='grc' dir='ltr'><strong><em>ὧν</em></strong></span> <span class='ocrx_word' id='word_1_317' title='bbox 2431 2255 2845 2328; x_wconf 79' lang='grc' dir='ltr'>ὠφελουμένων,</span> <span class='ocrx_word' id='word_1_318' title='bbox 2877 2253 3024 2318; x_wconf 84' lang='grc' dir='ltr'>εἰκὸς</span> <span class='ocrx_word' id='word_1_319' title='bbox 3050 2249 3118 2326; x_wconf 82' lang='grc' dir='ltr'><strong><em>ἦν</em></strong></span> <span class='ocrx_word' id='word_1_320' title='bbox 3155 2252 3248 2306; x_wconf 78' lang='grc' dir='ltr'>καὶ</span> <span class='ocrx_word' id='word_1_321' title='bbox 3274 2253 3400 2315; x_wconf 81' lang='grc' dir='ltr'>τοὺς</span> <span class='ocrx_word' id='word_1_322' title='bbox 3433 2247 3708 2318; x_wconf 78' lang='grc' dir='ltr'>ὑπηκόους</span> 
     </span>
    </p>
   </div>
   <div class='ocr_carea' id='block_1_41' title="bbox 445 2339 1981 2417">
    <p class='ocr_par' dir='ltr' id='par_1_41' title="bbox 445 2339 1981 2417">
     <span class='ocr_line' id='line_1_41' title="bbox 445 2339 1981 2417; baseline 0.005 -23"><span class='ocrx_word' id='word_1_323' title='bbox 445 2339 694 2404; x_wconf 74' lang='grc' dir='ltr'>ἅπαντας</span> <span class='ocrx_word' id='word_1_324' title='bbox 739 2341 839 2414; x_wconf 82' lang='grc' dir='ltr'>τῆς</span> <span class='ocrx_word' id='word_1_325' title='bbox 876 2342 1009 2414; x_wconf 85' lang='grc' dir='ltr'>παρ’</span> <span class='ocrx_word' id='word_1_326' title='bbox 1057 2343 1240 2397; x_wconf 80' lang='grc' dir='ltr'>αὐτῶν</span> <span class='ocrx_word' id='word_1_327' title='bbox 1287 2347 1578 2416; x_wconf 78' lang='grc' dir='ltr'>μετασχεῖν</span> <span class='ocrx_word' id='word_1_328' title='bbox 1621 2344 1981 2417; x_wconf 83' lang='grc' dir='ltr'>βελτιώσεως.</span> 
     </span>
    </p>
   </div>
   <div class='ocr_carea' id='block_1_42' title="bbox 515 2459 2135 2535">
    <p class='ocr_par' dir='ltr' id='par_1_42' title="bbox 515 2459 2021 2535">
     <span class='ocr_line' id='line_1_42' title="bbox 515 2459 2021 2535; baseline 0.005 -22"><span class='ocrx_word' id='word_1_329' title='bbox 515 2459 684 2518; x_wconf 71' lang='lat' dir='ltr'><strong><em>Vsus.</em></strong></span> <span class='ocrx_word' id='word_1_330' title='bbox 724 2459 817 2525; x_wconf 74' lang='lat'><strong><em>25,</em></strong></span> <span class='ocrx_word' id='word_1_331' title='bbox 861 2459 952 2516; x_wconf 71' lang='grc'><strong><em>24.</em></strong></span> <span class='ocrx_word' id='word_1_332' title='bbox 995 2460 1062 2515; x_wconf 89' lang='lat' dir='ltr'><strong><em>Et</em></strong></span> <span class='ocrx_word' id='word_1_333' title='bbox 1097 2463 1317 2516; x_wconf 83' lang='lat' dir='ltr'><strong><em>intravit</em></strong></span> <span class='ocrx_word' id='word_1_334' title='bbox 1347 2461 1523 2518; x_wconf 81' lang='lat' dir='ltr'><strong><em>Israel</em></strong></span> <span class='ocrx_word' id='word_1_335' title='bbox 1543 2464 1598 2518; x_wconf 89' lang='lat' dir='ltr'><strong><em>in</em></strong></span> <span class='ocrx_word' id='word_1_336' title='bbox 1631 2461 1944 2535; x_wconf 60' lang='lat' dir='ltr'><strong><em>zEgyptum,</em></strong></span> <span class='ocrx_word' id='word_1_337' title='bbox 1968 2474 2021 2520; x_wconf 89' lang='lat' dir='ltr'><strong><em>et</em></strong></span> 
     </span>
    </p>
   </div>
   <div class='ocr_carea' id='block_1_43' title="bbox 2083 2459 3703 2535">
    <p class='ocr_par' dir='ltr' id='par_1_43' title="bbox 2195 2461 3703 2534">
     <span class='ocr_line' id='line_1_43' title="bbox 2195 2461 3703 2534; baseline -0.002 -13"><span class='ocrx_word' id='word_1_338' title='bbox 2195 2465 2308 2521; x_wconf 83' lang='lat' dir='ltr'><strong><em>Kal</em></strong></span> <span class='ocrx_word' id='word_1_339' title='bbox 2349 2463 2637 2534; x_wconf 80' lang='grc' dir='ltr'>είσῆλθεν</span> <span class='ocrx_word' id='word_1_340' title='bbox 2675 2461 2917 2531; x_wconf 79' lang='grc' dir='ltr'>Ἰσραὴλ</span> <span class='ocrx_word' id='word_1_341' title='bbox 2960 2463 3048 2529; x_wconf 77' lang='grc' dir='ltr'>εἰς</span> <span class='ocrx_word' id='word_1_342' title='bbox 3091 2461 3418 2532; x_wconf 75' lang='grc' dir='ltr'>Αιγυπτον,</span> <span class='ocrx_word' id='word_1_343' title='bbox 3467 2462 3566 2516; x_wconf 79' lang='grc' dir='ltr'>καὶ</span> <span class='ocrx_word' id='word_1_344' title='bbox 3604 2461 3703 2518; x_wconf 84' lang='grc' dir='ltr'><strong><em>ἰα-</em></strong></span> 
     </span>
    </p>
   </div>
   <div class='ocr_carea' id='block_1_44' title="bbox 441 2551 2061 2634">
    <p class='ocr_par' dir='ltr' id='par_1_44' title="bbox 441 2551 2022 2634">
     <span class='ocr_line' id='line_1_44' title="bbox 441 2551 2022 2634; baseline -0.001 -23"><span class='ocrx_word' id='word_1_345' title='bbox 441 2554 610 2611; x_wconf 72' lang='lat' dir='ltr'><strong><em>Iacob</em></strong></span> <span class='ocrx_word' id='word_1_346' title='bbox 643 2552 826 2608; x_wconf 84' lang='lat' dir='ltr'><strong><em>accola</em></strong></span> <span class='ocrx_word' id='word_1_347' title='bbox 850 2552 953 2622; x_wconf 82' lang='lat' dir='ltr'><strong><em>fuit</em></strong></span> <span class='ocrx_word' id='word_1_348' title='bbox 991 2554 1044 2609; x_wconf 84' lang='lat' dir='ltr'><strong><em>in</em></strong></span> <span class='ocrx_word' id='word_1_349' title='bbox 1086 2563 1227 2608; x_wconf 75' lang='lat' dir='ltr'><strong><em>terra</em></strong></span> <span class='ocrx_word' id='word_1_350' title='bbox 1270 2551 1460 2608; x_wconf 73' lang='lat' dir='ltr'><strong><em>Citam.</em></strong></span> <span class='ocrx_word' id='word_1_351' title='bbox 1490 2552 1560 2634; x_wconf 56' lang='lat' dir='ltr'><strong><em>Et</em></strong></span> <span class='ocrx_word' id='word_1_352' title='bbox 1593 2557 1743 2608; x_wconf 74' lang='lat' dir='ltr'><strong><em>auxit</em></strong></span> <span class='ocrx_word' id='word_1_353' title='bbox 1767 2556 2022 2624; x_wconf 76' lang='lat' dir='ltr'><strong><em>populum</em></strong></span> 
     </span>
    </p>
   </div>
   <div class='ocr_carea' id='block_1_45' title="bbox 2085 2551 3705 2634">
    <p class='ocr_par' dir='ltr' id='par_1_45' title="bbox 2125 2551 3705 2625">
     <span class='ocr_line' id='line_1_45' title="bbox 2125 2551 3705 2625; baseline -0.003 -12"><span class='ocrx_word' id='word_1_354' title='bbox 2125 2556 2250 2613; x_wconf 81' lang='grc' dir='ltr'>κὼϐ</span> <span class='ocrx_word' id='word_1_355' title='bbox 2273 2556 2632 2625; x_wconf 80' lang='grc' dir='ltr'>παρῴκησεν</span> <span class='ocrx_word' id='word_1_356' title='bbox 2654 2554 2726 2608; x_wconf 80' lang='grc' dir='ltr'>ἐν</span> <span class='ocrx_word' id='word_1_357' title='bbox 2745 2551 2824 2624; x_wconf 76' lang='grc' dir='ltr'>γῆ</span> <span class='ocrx_word' id='word_1_358' title='bbox 2851 2552 2998 2624; x_wconf 82' lang='grc' dir='ltr'><strong><em>Χάμ.</em></strong></span> <span class='ocrx_word' id='word_1_359' title='bbox 3024 2553 3134 2607; x_wconf 88' lang='lat' dir='ltr'><strong><em>Kal</em></strong></span> <span class='ocrx_word' id='word_1_360' title='bbox 3157 2553 3392 2621; x_wconf 80' lang='grc' dir='ltr'>ηὔξησε</span> <span class='ocrx_word' id='word_1_361' title='bbox 3420 2553 3528 2608; x_wconf 85' lang='grc' dir='ltr'><strong><em>τόν</em></strong></span> <span class='ocrx_word' id='word_1_362' title='bbox 3551 2555 3705 2622; x_wconf 72' lang='grc' dir='ltr'>λαόν</span> 
     </span>
    </p>
   </div>
   <div class='ocr_carea' id='block_1_46' title="bbox 444 2643 2064 2716">
    <p class='ocr_par' dir='ltr' id='par_1_46' title="bbox 444 2645 2023 2716">
     <span class='ocr_line' id='line_1_46' title="bbox 444 2645 2023 2716; baseline -0.002 -12"><span class='ocrx_word' id='word_1_363' title='bbox 444 2664 598 2704; x_wconf 82' lang='lat' dir='ltr'><strong><em>suum</em></strong></span> <span class='ocrx_word' id='word_1_364' title='bbox 633 2645 975 2710; x_wconf 80' lang='lat' dir='ltr'><strong><em>vehementer,</em></strong></span> <span class='ocrx_word' id='word_1_365' title='bbox 1027 2653 1077 2700; x_wconf 87' lang='lat' dir='ltr'><strong><em>et</em></strong></span> <span class='ocrx_word' id='word_1_366' title='bbox 1134 2645 1365 2716; x_wconf 77' lang='lat' dir='ltr'><strong><em>ﬁrmavit</em></strong></span> <span class='ocrx_word' id='word_1_367' title='bbox 1421 2661 1541 2700; x_wconf 88' lang='lat' dir='ltr'><strong><em>eum</em></strong></span> <span class='ocrx_word' id='word_1_368' title='bbox 1586 2661 1742 2714; x_wconf 81' lang='lat' dir='ltr'><strong><em>super</em></strong></span> <span class='ocrx_word' id='word_1_369' title='bbox 1779 2647 2023 2702; x_wconf 88' lang='lat' dir='ltr'><strong><em>inimicos</em></strong></span> 
     </span>
    </p>
   </div>
   <div class='ocr_carea' id='block_1_47' title="bbox 2087 2643 3707 2716">
    <p class='ocr_par' dir='ltr' id='par_1_47' title="bbox 2125 2643 3707 2716">
     <span class='ocr_line' id='line_1_47' title="bbox 2125 2643 3707 2716; baseline -0.003 -12"><span class='ocrx_word' id='word_1_370' title='bbox 2125 2647 2312 2703; x_wconf 87' lang='grc' dir='ltr'>αὐτοῦ</span> <span class='ocrx_word' id='word_1_371' title='bbox 2346 2645 2602 2716; x_wconf 68' lang='grc' dir='ltr'>σφόδρα,</span> <span class='ocrx_word' id='word_1_372' title='bbox 2628 2643 2726 2699; x_wconf 78' lang='grc' dir='ltr'>καὶ</span> <span class='ocrx_word' id='word_1_373' title='bbox 2747 2644 3150 2713; x_wconf 80' lang='grc' dir='ltr'>ἐκραταίωσεν</span> <span class='ocrx_word' id='word_1_374' title='bbox 3171 2643 3358 2699; x_wconf 85' lang='grc' dir='ltr'>αὐτὸν</span> <span class='ocrx_word' id='word_1_375' title='bbox 3388 2644 3538 2714; x_wconf 78' lang='grc' dir='ltr'>ὑπὲρ</span> <span class='ocrx_word' id='word_1_376' title='bbox 3565 2646 3707 2712; x_wconf 85' lang='grc' dir='ltr'>τοὺς</span> 
     </span>
    </p>
   </div>
   <div class='ocr_carea' id='block_1_48' title="bbox 443 2733 2063 2809">
    <p class='ocr_par' dir='ltr' id='par_1_48' title="bbox 443 2733 2028 2808">
     <span class='ocr_line' id='line_1_48' title="bbox 443 2733 2028 2808; baseline 0 -16"><span class='ocrx_word' id='word_1_377' title='bbox 443 2739 580 2808; x_wconf 83' lang='lat' dir='ltr'><strong><em>ejus.</em></strong></span> <span class='ocrx_word' id='word_1_378' title='bbox 611 2736 747 2804; x_wconf 84' lang='lat' dir='ltr'><strong><em>Quis</em></strong></span> <span class='ocrx_word' id='word_1_379' title='bbox 790 2736 1037 2800; x_wconf 78' lang='lat' dir='ltr'><strong><em>intravit,</em></strong></span> <span class='ocrx_word' id='word_1_380' title='bbox 1063 2736 1170 2792; x_wconf 89' lang='lat' dir='ltr'><strong><em>nisi</em></strong></span> <span class='ocrx_word' id='word_1_381' title='bbox 1200 2733 1409 2792; x_wconf 83' lang='lat' dir='ltr'><strong><em>lsrael?</em></strong></span> <span class='ocrx_word' id='word_1_382' title='bbox 1459 2735 1524 2789; x_wconf 87' lang='lat' dir='ltr'><strong><em>Et</em></strong></span> <span class='ocrx_word' id='word_1_383' title='bbox 1554 2736 1678 2806; x_wconf 90' lang='lat' dir='ltr'><strong><em>quis</em></strong></span> <span class='ocrx_word' id='word_1_384' title='bbox 1702 2738 1888 2792; x_wconf 87' lang='lat' dir='ltr'><strong><em>accola</em></strong></span> <span class='ocrx_word' id='word_1_385' title='bbox 1925 2737 2028 2793; x_wconf 79' lang='lat' dir='ltr'><strong><em>fuit</em></strong></span> 
     </span>
    </p>
   </div>
   <div class='ocr_carea' id='block_1_49' title="bbox 2085 2733 3705 2809">
    <p class='ocr_par' dir='ltr' id='par_1_49' title="bbox 2127 2733 3705 2809">
     <span class='ocr_line' id='line_1_49' title="bbox 2127 2733 3705 2809; baseline -0.007 -16"><span class='ocrx_word' id='word_1_386' title='bbox 2127 2737 2381 2809; x_wconf 83' lang='grc' dir='ltr'>ἐχθροὺς</span> <span class='ocrx_word' id='word_1_387' title='bbox 2422 2736 2631 2791; x_wconf 83' lang='grc' dir='ltr'>αὑτοῦ.</span> <span class='ocrx_word' id='word_1_388' title='bbox 2677 2736 2773 2799; x_wconf 85' lang='grc' dir='ltr'>Τίς</span> <span class='ocrx_word' id='word_1_389' title='bbox 2821 2735 2878 2790; x_wconf 84' lang='grc' dir='ltr'><strong><em>δὲ</em></strong></span> <span class='ocrx_word' id='word_1_390' title='bbox 2920 2733 3188 2806; x_wconf 74' lang='grc' dir='ltr'>εἰσῆλθεν,</span> <span class='ocrx_word' id='word_1_391' title='bbox 3233 2733 3416 2807; x_wconf 78' lang='grc' dir='ltr'>ἀλλ’ἢ</span> <span class='ocrx_word' id='word_1_392' title='bbox 3456 2736 3705 2808; x_wconf 60' lang='grc' dir='ltr'><strong><em>Ἰσραήλ³</em></strong></span> 
     </span>
    </p>
   </div>
   <div class='ocr_carea' id='block_1_50' title="bbox 444 2825 2064 2902">
    <p class='ocr_par' dir='ltr' id='par_1_50' title="bbox 444 2827 2030 2902">
     <span class='ocr_line' id='line_1_50' title="bbox 444 2827 2030 2902; baseline -0.001 -13"><span class='ocrx_word' id='word_1_393' title='bbox 444 2832 500 2889; x_wconf 92' lang='lat' dir='ltr'><strong><em>in</em></strong></span> <span class='ocrx_word' id='word_1_394' title='bbox 531 2841 675 2888; x_wconf 89' lang='lat' dir='ltr'><strong><em>terra</em></strong></span> <span class='ocrx_word' id='word_1_395' title='bbox 698 2830 890 2897; x_wconf 86' lang='lat' dir='ltr'><strong><em>Cham,</em></strong></span> <span class='ocrx_word' id='word_1_396' title='bbox 935 2830 1042 2885; x_wconf 91' lang='lat' dir='ltr'><strong><em>nisi</em></strong></span> <span class='ocrx_word' id='word_1_397' title='bbox 1077 2828 1287 2885; x_wconf 72' lang='lat' dir='ltr'><strong><em>Jacobi</em></strong></span> <span class='ocrx_word' id='word_1_398' title='bbox 1363 2827 1461 2886; x_wconf 86' lang='lat' dir='ltr'><strong><em>His</em></strong></span> <span class='ocrx_word' id='word_1_399' title='bbox 1515 2837 1697 2884; x_wconf 90' lang='lat' dir='ltr'><strong><em>autem</em></strong></span> <span class='ocrx_word' id='word_1_400' title='bbox 1744 2845 1869 2884; x_wconf 91' lang='lat' dir='ltr'><strong><em>cum</em></strong></span> <span class='ocrx_word' id='word_1_401' title='bbox 1910 2830 2030 2902; x_wconf 86' lang='lat' dir='ltr'><strong><em>ipse</em></strong></span> 
     </span>
    </p>
   </div>
   <div class='ocr_carea' id='block_1_51' title="bbox 2090 2825 3710 2902">
    <p class='ocr_par' dir='ltr' id='par_1_51' title="bbox 2131 2825 3710 2900">
     <span class='ocr_line' id='line_1_51' title="bbox 2131 2825 3710 2900; baseline -0.003 -15"><span class='ocrx_word' id='word_1_402' title='bbox 2131 2830 2242 2886; x_wconf 79' lang='lat' dir='ltr'><strong><em>Kal</em></strong></span> <span class='ocrx_word' id='word_1_403' title='bbox 2286 2830 2370 2892; x_wconf 88' lang='grc' dir='ltr'><strong><em>τίς</em></strong></span> <span class='ocrx_word' id='word_1_404' title='bbox 2397 2827 2728 2900; x_wconf 81' lang='grc' dir='ltr'>παρῴκησεν</span> <span class='ocrx_word' id='word_1_405' title='bbox 2769 2827 2826 2880; x_wconf 83' lang='grc' dir='ltr'><strong><em>ὲν</em></strong></span> <span class='ocrx_word' id='word_1_406' title='bbox 2853 2829 2924 2898; x_wconf 79' lang='grc' dir='ltr'>γῇ</span> <span class='ocrx_word' id='word_1_407' title='bbox 2957 2825 3108 2898; x_wconf 86' lang='grc' dir='ltr'>Χὰμ,</span> <span class='ocrx_word' id='word_1_408' title='bbox 3129 2825 3245 2881; x_wconf 81' lang='grc' dir='ltr'>ἀλλ’</span> <span class='ocrx_word' id='word_1_409' title='bbox 3271 2827 3305 2898; x_wconf 80' lang='grc' dir='ltr'>ἦ</span> <span class='ocrx_word' id='word_1_410' title='bbox 3344 2825 3572 2894; x_wconf 81' lang='grc' dir='ltr'>Ἰακώ6;</span> <span class='ocrx_word' id='word_1_411' title='bbox 3604 2832 3710 2900; x_wconf 83' lang='grc' dir='ltr'><strong><em>Δη-</em></strong></span> 
     </span>
    </p>
   </div>
   <div class='ocr_carea' id='block_1_52' title="bbox 446 2917 2066 2992">
    <p class='ocr_par' dir='ltr' id='par_1_52' title="bbox 446 2919 2028 2992">
     <span class='ocr_line' id='line_1_52' title="bbox 446 2919 2028 2992; baseline -0.001 -14"><span class='ocrx_word' id='word_1_412' title='bbox 446 2929 601 2992; x_wconf 81' lang='lat' dir='ltr'><strong><em>pater</em></strong></span> <span class='ocrx_word' id='word_1_413' title='bbox 650 2929 764 2975; x_wconf 92' lang='lat' dir='ltr'><strong><em>tum</em></strong></span> <span class='ocrx_word' id='word_1_414' title='bbox 809 2921 900 2975; x_wconf 81' lang='lat' dir='ltr'><strong><em>lilii</em></strong></span> <span class='ocrx_word' id='word_1_415' title='bbox 945 2920 1067 2990; x_wconf 89' lang='lat' dir='ltr'><strong><em>ejus</em></strong></span> <span class='ocrx_word' id='word_1_416' title='bbox 1120 2920 1492 2977; x_wconf 89' lang='lat' dir='ltr'><strong><em>declarantur.</em></strong></span> <span class='ocrx_word' id='word_1_417' title='bbox 1528 2919 1666 2976; x_wconf 88' lang='lat' dir='ltr'><strong><em>Cum</em></strong></span> <span class='ocrx_word' id='word_1_418' title='bbox 1713 2920 1858 2976; x_wconf 93' lang='lat' dir='ltr'><strong><em>enim</em></strong></span> <span class='ocrx_word' id='word_1_419' title='bbox 1915 2937 2028 2977; x_wconf 89' lang='lat' dir='ltr'><strong><em>non</em></strong></span> 
     </span>
    </p>
   </div>
   <div class='ocr_carea' id='block_1_53' title="bbox 2091 2917 3711 2992">
    <p class='ocr_par' dir='ltr' id='par_1_53' title="bbox 2128 2917 3711 2989">
     <span class='ocr_line' id='line_1_53' title="bbox 2128 2917 3711 2989; baseline -0.002 -13"><span class='ocrx_word' id='word_1_420' title='bbox 2128 2921 2314 2976; x_wconf 80' lang='grc' dir='ltr'>λοῦται</span> <span class='ocrx_word' id='word_1_421' title='bbox 2345 2919 2403 2973; x_wconf 83' lang='grc' dir='ltr'><strong><em>δὲ</em></strong></span> <span class='ocrx_word' id='word_1_422' title='bbox 2444 2919 2531 2973; x_wconf 77' lang='grc' dir='ltr'>διὰ</span> <span class='ocrx_word' id='word_1_423' title='bbox 2568 2918 2772 2972; x_wconf 86' lang='grc' dir='ltr'>τούτων</span> <span class='ocrx_word' id='word_1_424' title='bbox 2811 2917 2973 2983; x_wconf 80' lang='grc' dir='ltr'>αὐτός</span> <span class='ocrx_word' id='word_1_425' title='bbox 3003 2935 3064 2972; x_wconf 89' lang='grc' dir='ltr'><strong><em>τε</em></strong></span> <span class='ocrx_word' id='word_1_426' title='bbox 3094 2921 3123 2971; x_wconf 86' lang='grc' dir='ltr'><em>ὁ</em></span> <span class='ocrx_word' id='word_1_427' title='bbox 3168 2919 3350 2989; x_wconf 83' lang='grc' dir='ltr'>πατὴρ</span> <span class='ocrx_word' id='word_1_428' title='bbox 3384 2919 3478 2972; x_wconf 69' lang='grc' dir='ltr'>καὶ</span> <span class='ocrx_word' id='word_1_429' title='bbox 3509 2921 3557 2972; x_wconf 87' lang='grc' dir='ltr'>οἱ</span> <span class='ocrx_word' id='word_1_430' title='bbox 3587 2920 3711 2973; x_wconf 85' lang='grc' dir='ltr'><strong><em>τού-</em></strong></span> 
     </span>
    </p>
   </div>
   <div class='ocr_carea' id='block_1_54' title="bbox 447 3009 2067 3084">
    <p class='ocr_par' dir='ltr' id='par_1_54' title="bbox 447 3011 2030 3084">
     <span class='ocr_line' id='line_1_54' title="bbox 447 3011 2030 3084; baseline 0 -15"><span class='ocrx_word' id='word_1_431' title='bbox 447 3014 598 3069; x_wconf 89' lang='lat' dir='ltr'><strong><em>solus</em></strong></span> <span class='ocrx_word' id='word_1_432' title='bbox 625 3012 794 3067; x_wconf 84' lang='lat' dir='ltr'><strong><em>Jacob</em></strong></span> <span class='ocrx_word' id='word_1_433' title='bbox 825 3011 1146 3077; x_wconf 88' lang='lat' dir='ltr'><strong><em>intraverit,</em></strong></span> <span class='ocrx_word' id='word_1_434' title='bbox 1201 3013 1295 3068; x_wconf 88' lang='lat' dir='ltr'><strong><em>sed</em></strong></span> <span class='ocrx_word' id='word_1_435' title='bbox 1327 3013 1490 3068; x_wconf 89' lang='lat' dir='ltr'><strong><em>etiam</em></strong></span> <span class='ocrx_word' id='word_1_436' title='bbox 1525 3015 1871 3084; x_wconf 89' lang='lat' dir='ltr'><strong><em>septuaginta</em></strong></span> <span class='ocrx_word' id='word_1_437' title='bbox 1909 3014 2030 3069; x_wconf 84' lang='lat' dir='ltr'><strong><em>ani-</em></strong></span> 
     </span>
    </p>
   </div>
   <div class='ocr_carea' id='block_1_55' title="bbox 2087 3009 3707 3084">
    <p class='ocr_par' dir='ltr' id='par_1_55' title="bbox 2128 3009 3707 3083">
     <span class='ocr_line' id='line_1_55' title="bbox 2128 3009 3707 3083; baseline -0.003 -15"><span class='ocrx_word' id='word_1_438' title='bbox 2128 3031 2222 3068; x_wconf 89' lang='grc' dir='ltr'><strong><em>του</em></strong></span> <span class='ocrx_word' id='word_1_439' title='bbox 2278 3013 2490 3076; x_wconf 80' lang='grc' dir='ltr'>παῖδες.</span> <span class='ocrx_word' id='word_1_440' title='bbox 2537 3011 2691 3065; x_wconf 76' lang='grc' dir='ltr'>Ἐπεὶ</span> <span class='ocrx_word' id='word_1_441' title='bbox 2727 3009 2836 3083; x_wconf 82' lang='grc' dir='ltr'><strong><em>γὰρ</em></strong></span> <span class='ocrx_word' id='word_1_442' title='bbox 2885 3010 2948 3064; x_wconf 80' lang='grc' dir='ltr'>οὐ</span> <span class='ocrx_word' id='word_1_443' title='bbox 3013 3011 3172 3082; x_wconf 84' lang='grc' dir='ltr'>μόνος</span> <span class='ocrx_word' id='word_1_444' title='bbox 3221 3010 3439 3082; x_wconf 78' lang='grc' dir='ltr'>εἰσῆλθε</span> <span class='ocrx_word' id='word_1_445' title='bbox 3494 3011 3707 3078; x_wconf 76' lang='grc' dir='ltr'>Ἰακὼϐ,</span> 
     </span>
    </p>
   </div>
   <div class='ocr_carea' id='block_1_56' title="bbox 445 3101 2065 3175">
    <p class='ocr_par' dir='ltr' id='par_1_56' title="bbox 445 3101 2030 3174">
     <span class='ocr_line' id='line_1_56' title="bbox 445 3101 2030 3174; baseline 0 -16"><span class='ocrx_word' id='word_1_446' title='bbox 445 3118 551 3158; x_wconf 75' lang='lat' dir='ltr'><strong><em>ma:</em></strong></span> <span class='ocrx_word' id='word_1_447' title='bbox 574 3118 698 3158; x_wconf 91' lang='lat' dir='ltr'><strong><em>cum</em></strong></span> <span class='ocrx_word' id='word_1_448' title='bbox 729 3117 815 3167; x_wconf 92' lang='lat' dir='ltr'><strong><em>eo,</em></strong></span> <span class='ocrx_word' id='word_1_449' title='bbox 857 3102 1158 3157; x_wconf 84' lang='lat' dir='ltr'><strong><em>secundum</em></strong></span> <span class='ocrx_word' id='word_1_450' title='bbox 1209 3101 1366 3167; x_wconf 87' lang='lat' dir='ltr'><strong><em>illud,</em></strong></span> <span class='ocrx_word' id='word_1_451' title='bbox 1424 3101 1490 3156; x_wconf 83' lang='lat' dir='ltr'><strong><em>In</em></strong></span> <span class='ocrx_word' id='word_1_452' title='bbox 1538 3105 1873 3174; x_wconf 83' lang='lat' dir='ltr'><strong><em>septuaginta</em></strong></span> <span class='ocrx_word' id='word_1_453' title='bbox 1911 3104 2030 3158; x_wconf 87' lang='lat' dir='ltr'><strong><em>ani-</em></strong></span> 
     </span>
    </p>
   </div>
   <div class='ocr_carea' id='block_1_57' title="bbox 2088 3101 3708 3175">
    <p class='ocr_par' dir='ltr' id='par_1_57' title="bbox 2131 3102 3708 3175">
     <span class='ocr_line' id='line_1_57' title="bbox 2131 3102 3708 3175; baseline -0.001 -15"><span class='ocrx_word' id='word_1_454' title='bbox 2131 3104 2268 3160; x_wconf 82' lang='grc' dir='ltr'>ἀλλὰ</span> <span class='ocrx_word' id='word_1_455' title='bbox 2299 3105 2396 3159; x_wconf 76' lang='grc' dir='ltr'>καὶ</span> <span class='ocrx_word' id='word_1_456' title='bbox 2441 3103 2815 3174; x_wconf 73' lang='grc' dir='ltr'>ἐϐδομήκοντα</span> <span class='ocrx_word' id='word_1_457' title='bbox 2855 3102 3027 3174; x_wconf 75' lang='grc' dir='ltr'>ψυχαὶ</span> <span class='ocrx_word' id='word_1_458' title='bbox 3068 3104 3165 3157; x_wconf 80' lang='grc' dir='ltr'>σὺν</span> <span class='ocrx_word' id='word_1_459' title='bbox 3217 3103 3386 3175; x_wconf 77' lang='grc' dir='ltr'>αὐτῷ,</span> <span class='ocrx_word' id='word_1_460' title='bbox 3429 3104 3571 3158; x_wconf 88' lang='grc' dir='ltr'>κατὰ</span> <span class='ocrx_word' id='word_1_461' title='bbox 3615 3105 3708 3159; x_wconf 84' lang='grc' dir='ltr'><strong><em>τό⁹</em></strong></span> 
     </span>
    </p>
   </div>
   <div class='ocr_carea' id='block_1_58' title="bbox 449 3192 2069 3267">
    <p class='ocr_par' dir='ltr' id='par_1_58' title="bbox 449 3192 2030 3265">
     <span class='ocr_line' id='line_1_58' title="bbox 449 3192 2030 3265; baseline -0.001 -15"><span class='ocrx_word' id='word_1_462' title='bbox 449 3194 638 3250; x_wconf 86' lang='lat' dir='ltr'><strong><em>mabus</em></strong></span> <span class='ocrx_word' id='word_1_463' title='bbox 685 3193 954 3248; x_wconf 84' lang='lat' dir='ltr'><strong><em>descendit</em></strong></span> <span class='ocrx_word' id='word_1_464' title='bbox 1001 3192 1176 3248; x_wconf 84' lang='lat' dir='ltr'><strong><em>Israel</em></strong></span> <span class='ocrx_word' id='word_1_465' title='bbox 1220 3195 1278 3248; x_wconf 86' lang='lat' dir='ltr'><strong><em>in</em></strong></span> <span class='ocrx_word' id='word_1_466' title='bbox 1317 3192 1608 3265; x_wconf 66' lang='lat' dir='ltr'><strong><em>Egyptum</em></strong></span> <span class='ocrx_word' id='word_1_467' title='bbox 1625 3196 1692 3262; x_wconf 68' lang='lat'><strong><em>‘7;</em></strong></span> <span class='ocrx_word' id='word_1_468' title='bbox 1735 3194 1942 3250; x_wconf 90' lang='lat' dir='ltr'><strong><em>idcirco</em></strong></span> <span class='ocrx_word' id='word_1_469' title='bbox 1974 3202 2030 3251; x_wconf 90' lang='lat' dir='ltr'><strong><em>et</em></strong></span> 
     </span>
    </p>
   </div>
   <div class='ocr_carea' id='block_1_59' title="bbox 2091 3192 3711 3267">
    <p class='ocr_par' dir='ltr' id='par_1_59' title="bbox 2143 3194 3711 3267">
     <span class='ocr_line' id='line_1_59' title="bbox 2143 3194 3711 3267; baseline -0.003 -13"><span class='ocrx_word' id='word_1_470' title='bbox 2143 3197 2247 3254; x_wconf 84' lang='grc' dir='ltr'>Ἐν</span> <span class='ocrx_word' id='word_1_471' title='bbox 2273 3196 2680 3267; x_wconf 78' lang='grc' dir='ltr'>ἐϐδομήκοντα</span> <span class='ocrx_word' id='word_1_472' title='bbox 2710 3195 2936 3264; x_wconf 66' lang='grc' dir='ltr'>ψυχαῖς</span> <span class='ocrx_word' id='word_1_473' title='bbox 2967 3195 3183 3262; x_wconf 73' lang='grc' dir='ltr'>κατέϐη</span> <span class='ocrx_word' id='word_1_474' title='bbox 3226 3194 3462 3263; x_wconf 80' lang='grc' dir='ltr'>Ἰσραὴλ</span> <span class='ocrx_word' id='word_1_475' title='bbox 3499 3198 3585 3261; x_wconf 85' lang='grc' dir='ltr'><strong><em>είς</em></strong></span> <span class='ocrx_word' id='word_1_476' title='bbox 3608 3196 3711 3252; x_wconf 81' lang='grc' dir='ltr'><strong><em>Αι-</em></strong></span> 
     </span>
    </p>
   </div>
   <div class='ocr_carea' id='block_1_60' title="bbox 450 3284 2070 3361">
    <p class='ocr_par' dir='ltr' id='par_1_60' title="bbox 450 3285 2070 3358">
     <span class='ocr_line' id='line_1_60' title="bbox 450 3285 2070 3358; baseline -0.002 -14"><span class='ocrx_word' id='word_1_477' title='bbox 450 3287 549 3344; x_wconf 79' lang='lat' dir='ltr'><strong><em>iilii</em></strong></span> <span class='ocrx_word' id='word_1_478' title='bbox 583 3295 639 3344; x_wconf 90' lang='lat' dir='ltr'><strong><em>et</em></strong></span> <span class='ocrx_word' id='word_1_479' title='bbox 661 3293 820 3358; x_wconf 86' lang='lat' dir='ltr'><strong><em>pater</em></strong></span> <span class='ocrx_word' id='word_1_480' title='bbox 844 3285 1122 3356; x_wconf 71' lang='lat' dir='ltr'><strong><em>praedictis</em></strong></span> <span class='ocrx_word' id='word_1_481' title='bbox 1145 3285 1330 3341; x_wconf 82' lang='lat' dir='ltr'><strong><em>verbis</em></strong></span> <span class='ocrx_word' id='word_1_482' title='bbox 1364 3287 1766 3357; x_wconf 81' lang='lat' dir='ltr'><strong><em>signiﬁcantur.</em></strong></span> <span class='ocrx_word' id='word_1_483' title='bbox 1785 3286 1857 3340; x_wconf 89' lang='lat' dir='ltr'><strong><em>Et</em></strong></span> <span class='ocrx_word' id='word_1_484' title='bbox 1880 3288 2026 3342; x_wconf 74' lang='lat' dir='ltr'><strong><em>auxit</em></strong></span> <span class='ocrx_word' id='word_1_485' title='bbox 2053 3286 2070 3341; x_wconf 70' lang='lat' dir='ltr'><strong><em>i</em></strong></span> 
     </span>
    </p>
   </div>
   <div class='ocr_carea' id='block_1_61' title="bbox 2090 3284 3710 3361">
    <p class='ocr_par' dir='ltr' id='par_1_61' title="bbox 2090 3286 3710 3361">
     <span class='ocr_line' id='line_1_61' title="bbox 2090 3286 3710 3361; baseline 0.001 -22"><span class='ocrx_word' id='word_1_486' title='bbox 2090 3286 2097 3339; x_wconf 70' lang='grc' dir='ltr'>ἰ</span> <span class='ocrx_word' id='word_1_487' title='bbox 2130 3303 2395 3361; x_wconf 60' lang='grc' dir='ltr'>γυπτονι</span> <span class='ocrx_word' id='word_1_488' title='bbox 2421 3289 2510 3342; x_wconf 84' lang='grc' dir='ltr'><strong><em>διὰ</em></strong></span> <span class='ocrx_word' id='word_1_489' title='bbox 2535 3287 2693 3342; x_wconf 67' lang='grc' dir='ltr'>τοῦτο</span> <span class='ocrx_word' id='word_1_490' title='bbox 2715 3288 2810 3342; x_wconf 67' lang='grc' dir='ltr'>καὶ</span> <span class='ocrx_word' id='word_1_491' title='bbox 2832 3289 2881 3341; x_wconf 76' lang='lat' dir='ltr'><strong><em>oi</em></strong></span> <span class='ocrx_word' id='word_1_492' title='bbox 2915 3287 3104 3351; x_wconf 78' lang='grc' dir='ltr'>παῖδες</span> <span class='ocrx_word' id='word_1_493' title='bbox 3132 3288 3226 3341; x_wconf 70' lang='grc' dir='ltr'>καὶ</span> <span class='ocrx_word' id='word_1_494' title='bbox 3255 3288 3283 3339; x_wconf 84' lang='grc' dir='ltr'>ὁ</span> <span class='ocrx_word' id='word_1_495' title='bbox 3309 3289 3494 3359; x_wconf 78' lang='grc' dir='ltr'>πατὴρ</span> <span class='ocrx_word' id='word_1_496' title='bbox 3515 3287 3710 3358; x_wconf 77' lang='grc' dir='ltr'>ἐδηλώ-</span> 
     </span>
    </p>
   </div>
   <div class='ocr_carea' id='block_1_62' title="bbox 447 3376 2067 3450">
    <p class='ocr_par' dir='ltr' id='par_1_62' title="bbox 447 3376 2054 3450">
     <span class='ocr_line' id='line_1_62' title="bbox 447 3376 2054 3450; baseline 0.002 -18"><span class='ocrx_word' id='word_1_497' title='bbox 447 3379 703 3450; x_wconf 84' lang='lat' dir='ltr'><strong><em>populum</em></strong></span> <span class='ocrx_word' id='word_1_498' title='bbox 750 3393 906 3432; x_wconf 88' lang='lat' dir='ltr'><strong><em>suum</em></strong></span> <span class='ocrx_word' id='word_1_499' title='bbox 940 3376 1283 3443; x_wconf 79' lang='lat' dir='ltr'><strong><em>vehementer,</em></strong></span> <span class='ocrx_word' id='word_1_500' title='bbox 1328 3387 1378 3433; x_wconf 89' lang='lat' dir='ltr'><strong><em>et</em></strong></span> <span class='ocrx_word' id='word_1_501' title='bbox 1414 3379 1645 3448; x_wconf 79' lang='lat' dir='ltr'><strong><em>ﬁrmavit</em></strong></span> <span class='ocrx_word' id='word_1_502' title='bbox 1696 3395 1815 3432; x_wconf 81' lang='lat' dir='ltr'><strong><em>eum</em></strong></span> <span class='ocrx_word' id='word_1_503' title='bbox 1875 3387 2054 3449; x_wconf 83' lang='lat' dir='ltr'><strong><em>super&#39;</em></strong></span> 
     </span>
    </p>
   </div>
   <div class='ocr_carea' id='block_1_63' title="bbox 2089 3376 3709 3450">
    <p class='ocr_par' dir='ltr' id='par_1_63' title="bbox 2134 3376 3709 3450">
     <span class='ocr_line' id='line_1_63' title="bbox 2134 3376 3709 3450; baseline 0.001 -18"><span class='ocrx_word' id='word_1_504' title='bbox 2134 3378 2306 3449; x_wconf 85' lang='grc' dir='ltr'>θησαν</span> <span class='ocrx_word' id='word_1_505' title='bbox 2335 3377 2423 3432; x_wconf 78' lang='grc' dir='ltr'><strong><em>διὰ</em></strong></span> <span class='ocrx_word' id='word_1_506' title='bbox 2455 3376 2562 3432; x_wconf 84' lang='grc' dir='ltr'><strong><em>τῶν</em></strong></span> <span class='ocrx_word' id='word_1_507' title='bbox 2599 3376 2991 3450; x_wconf 85' lang='grc' dir='ltr'>προκειμένων.</span> <span class='ocrx_word' id='word_1_508' title='bbox 3014 3376 3126 3431; x_wconf 81' lang='lat' dir='ltr'><strong><em>Kal</em></strong></span> <span class='ocrx_word' id='word_1_509' title='bbox 3165 3376 3400 3445; x_wconf 77' lang='grc' dir='ltr'>ηὔξησε</span> <span class='ocrx_word' id='word_1_510' title='bbox 3421 3378 3528 3432; x_wconf 86' lang='grc' dir='ltr'>τὸν</span> <span class='ocrx_word' id='word_1_511' title='bbox 3553 3378 3709 3434; x_wconf 88' lang='grc' dir='ltr'>λαὸν</span> 
     </span>
    </p>
   </div>
   <div class='ocr_carea' id='block_1_64' title="bbox 450 3462 2070 3539">
    <p class='ocr_par' dir='ltr' id='par_1_64' title="bbox 450 3468 2032 3539">
     <span class='ocr_line' id='line_1_64' title="bbox 450 3468 2032 3539; baseline 0 -14"><span class='ocrx_word' id='word_1_512' title='bbox 450 3470 695 3526; x_wconf 83' lang='lat' dir='ltr'><strong><em>inimicos</em></strong></span> <span class='ocrx_word' id='word_1_513' title='bbox 723 3469 860 3539; x_wconf 84' lang='lat' dir='ltr'><strong><em>ejus.</em></strong></span> <span class='ocrx_word' id='word_1_514' title='bbox 912 3468 1026 3524; x_wconf 89' lang='lat' dir='ltr'><strong><em>Nec</em></strong></span> <span class='ocrx_word' id='word_1_515' title='bbox 1066 3469 1214 3524; x_wconf 86' lang='lat' dir='ltr'><strong><em>aucti</em></strong></span> <span class='ocrx_word' id='word_1_516' title='bbox 1244 3485 1344 3525; x_wconf 79' lang='lat' dir='ltr'><strong><em>nec</em></strong></span> <span class='ocrx_word' id='word_1_517' title='bbox 1378 3469 1578 3524; x_wconf 86' lang='lat' dir='ltr'><strong><em>ﬁrmati</em></strong></span> <span class='ocrx_word' id='word_1_518' title='bbox 1629 3469 1886 3535; x_wconf 83' lang='lat' dir='ltr'><strong><em>fuissent,</em></strong></span> <span class='ocrx_word' id='word_1_519' title='bbox 1923 3470 2032 3526; x_wconf 91' lang='lat' dir='ltr'><strong><em>nisi</em></strong></span> 
     </span>
    </p>
   </div>
   <div class='ocr_carea' id='block_1_65' title="bbox 2088 3462 3708 3539">
    <p class='ocr_par' dir='ltr' id='par_1_65' title="bbox 2132 3462 3708 3538">
     <span class='ocr_line' id='line_1_65' title="bbox 2132 3462 3708 3538; baseline -0.001 -15"><span class='ocrx_word' id='word_1_520' title='bbox 2132 3462 2318 3524; x_wconf 85' lang='grc' dir='ltr'>αὐτοῦ</span> <span class='ocrx_word' id='word_1_521' title='bbox 2340 3467 2596 3538; x_wconf 71' lang='grc' dir='ltr'>σφόδρα,</span> <span class='ocrx_word' id='word_1_522' title='bbox 2623 3467 2718 3521; x_wconf 80' lang='grc' dir='ltr'>καὶ</span> <span class='ocrx_word' id='word_1_523' title='bbox 2753 3466 3155 3535; x_wconf 77' lang='grc' dir='ltr'>ἑκραταίωσεν</span> <span class='ocrx_word' id='word_1_524' title='bbox 3180 3467 3367 3521; x_wconf 82' lang='grc' dir='ltr'>αὑτὸν</span> <span class='ocrx_word' id='word_1_525' title='bbox 3388 3467 3540 3536; x_wconf 86' lang='grc' dir='ltr'>ὑπὲρ</span> <span class='ocrx_word' id='word_1_526' title='bbox 3567 3467 3708 3535; x_wconf 84' lang='grc' dir='ltr'>τοὺς</span> 
     </span>
    </p>
   </div>
   <div class='ocr_carea' id='block_1_66' title="bbox 450 3558 2070 3634">
    <p class='ocr_par' dir='ltr' id='par_1_66' title="bbox 450 3561 2032 3634">
     <span class='ocr_line' id='line_1_66' title="bbox 450 3561 2032 3634; baseline 0.001 -16"><span class='ocrx_word' id='word_1_527' title='bbox 450 3561 750 3633; x_wconf 79' lang='lat' dir='ltr'><strong><em>Josephum</em></strong></span> <span class='ocrx_word' id='word_1_528' title='bbox 779 3569 1071 3633; x_wconf 87' lang='lat' dir='ltr'><strong><em>patronum</em></strong></span> <span class='ocrx_word' id='word_1_529' title='bbox 1101 3561 1249 3616; x_wconf 88' lang='lat' dir='ltr'><strong><em>nacti</em></strong></span> <span class='ocrx_word' id='word_1_530' title='bbox 1289 3567 1497 3629; x_wconf 87' lang='lat' dir='ltr'><strong><em>essent,</em></strong></span> <span class='ocrx_word' id='word_1_531' title='bbox 1535 3569 1591 3617; x_wconf 93' lang='lat' dir='ltr'><strong><em>et</em></strong></span> <span class='ocrx_word' id='word_1_532' title='bbox 1634 3561 1703 3616; x_wconf 87' lang='lat' dir='ltr'><strong><em>ab</em></strong></span> <span class='ocrx_word' id='word_1_533' title='bbox 1757 3561 2032 3634; x_wconf 63' lang='lat' dir='ltr'><strong><em>Egyptiis</em></strong></span> 
     </span>
    </p>
   </div>
   <div class='ocr_carea' id='block_1_67' title="bbox 2091 3558 3711 3634">
    <p class='ocr_par' dir='ltr' id='par_1_67' title="bbox 2131 3558 3711 3634">
     <span class='ocr_line' id='line_1_67' title="bbox 2131 3558 3711 3634; baseline 0 -20"><span class='ocrx_word' id='word_1_534' title='bbox 2131 3561 2386 3631; x_wconf 78' lang='grc' dir='ltr'>ἐχθροὺς</span> <span class='ocrx_word' id='word_1_535' title='bbox 2427 3559 2634 3615; x_wconf 78' lang='grc' dir='ltr'>αὑτοῦ.</span> <span class='ocrx_word' id='word_1_536' title='bbox 2673 3559 2787 3614; x_wconf 81' lang='grc' dir='ltr'><strong><em>Οὐκ</em></strong></span> <span class='ocrx_word' id='word_1_537' title='bbox 2814 3558 2880 3614; x_wconf 84' lang='grc' dir='ltr'>ἂν</span> <span class='ocrx_word' id='word_1_538' title='bbox 2909 3558 3226 3631; x_wconf 77' lang='grc' dir='ltr'>ηὐξήθησαν</span> <span class='ocrx_word' id='word_1_539' title='bbox 3258 3559 3380 3613; x_wconf 82' lang='grc' dir='ltr'>οὐδὲ</span> <span class='ocrx_word' id='word_1_540' title='bbox 3407 3560 3711 3634; x_wconf 84' lang='grc' dir='ltr'>ὲκραταιώ-</span> 
     </span>
    </p>
   </div>
   <div class='ocr_carea' id='block_1_68' title="bbox 453 3651 2073 3727">
    <p class='ocr_par' dir='ltr' id='par_1_68' title="bbox 453 3652 2032 3727">
     <span class='ocr_line' id='line_1_68' title="bbox 453 3652 2032 3727; baseline 0 -16"><span class='ocrx_word' id='word_1_541' title='bbox 453 3656 720 3714; x_wconf 86' lang='lat' dir='ltr'><strong><em>honorem</em></strong></span> <span class='ocrx_word' id='word_1_542' title='bbox 753 3652 1118 3726; x_wconf 85' lang='lat' dir='ltr'><strong><em>accepissent,</em></strong></span> <span class='ocrx_word' id='word_1_543' title='bbox 1157 3653 1252 3726; x_wconf 93' lang='lat' dir='ltr'><strong><em>qui</em></strong></span> <span class='ocrx_word' id='word_1_544' title='bbox 1285 3653 1509 3727; x_wconf 85' lang='lat' dir='ltr'><strong><em>Josepbi</em></strong></span> <span class='ocrx_word' id='word_1_545' title='bbox 1565 3654 1739 3727; x_wconf 84' lang='lat' dir='ltr'><strong><em>gratia</em></strong></span> <span class='ocrx_word' id='word_1_546' title='bbox 1771 3655 1910 3726; x_wconf 83' lang='lat' dir='ltr'><strong><em>ipsis</em></strong></span> <span class='ocrx_word' id='word_1_547' title='bbox 1933 3655 2032 3711; x_wconf 83' lang='lat' dir='ltr'><strong><em>de-</em></strong></span> 
     </span>
    </p>
   </div>
   <div class='ocr_carea' id='block_1_69' title="bbox 2092 3651 3712 3727">
    <p class='ocr_par' dir='ltr' id='par_1_69' title="bbox 2135 3651 3712 3725">
     <span class='ocr_line' id='line_1_69' title="bbox 2135 3651 3712 3725; baseline -0.002 -18"><span class='ocrx_word' id='word_1_548' title='bbox 2135 3652 2330 3724; x_wconf 89' lang='grc' dir='ltr'>θησαν,</span> <span class='ocrx_word' id='word_1_549' title='bbox 2379 3655 2429 3707; x_wconf 85' lang='grc' dir='ltr'><strong><em>εί</em></strong></span> <span class='ocrx_word' id='word_1_550' title='bbox 2480 3653 2555 3725; x_wconf 85' lang='grc' dir='ltr'>μὴ</span> <span class='ocrx_word' id='word_1_551' title='bbox 2612 3651 2803 3722; x_wconf 74' lang='grc' dir='ltr'>ἔτυχον</span> <span class='ocrx_word' id='word_1_552' title='bbox 2851 3651 3156 3724; x_wconf 85' lang='grc' dir='ltr'>προστάτου</span> <span class='ocrx_word' id='word_1_553' title='bbox 3211 3652 3430 3724; x_wconf 79' lang='grc' dir='ltr'>Ἰωσὴφ,</span> <span class='ocrx_word' id='word_1_554' title='bbox 3485 3653 3579 3706; x_wconf 82' lang='grc' dir='ltr'>καὶ</span> <span class='ocrx_word' id='word_1_555' title='bbox 3614 3653 3712 3724; x_wconf 83' lang='grc' dir='ltr'>τῆς</span> 
     </span>
    </p>
   </div>
   <div class='ocr_carea' id='block_1_70' title="bbox 453 3741 3713 3817">
    <p class='ocr_par' dir='ltr' id='par_1_70' title="bbox 453 3741 3713 3817">
     <span class='ocr_line' id='line_1_70' title="bbox 453 3741 3713 3817; baseline -0.002 -13"><span class='ocrx_word' id='word_1_556' title='bbox 453 3746 755 3804; x_wconf 76' lang='lat' dir='ltr'><strong><em>ferebatur.</em></strong></span> <span class='ocrx_word' id='word_1_557' title='bbox 2134 3745 2288 3817; x_wconf 79' lang='grc' dir='ltr'>παρὰ</span> <span class='ocrx_word' id='word_1_558' title='bbox 2313 3746 2439 3809; x_wconf 83' lang='grc' dir='ltr'>τοῖς</span> <span class='ocrx_word' id='word_1_559' title='bbox 2480 3741 2798 3813; x_wconf 79' lang='grc' dir='ltr'>Αἰγυπτίοις</span> <span class='ocrx_word' id='word_1_560' title='bbox 2824 3742 2993 3814; x_wconf 82' lang='grc' dir='ltr'>τιμῆς</span> <span class='ocrx_word' id='word_1_561' title='bbox 3028 3742 3120 3798; x_wconf 83' lang='grc' dir='ltr'><strong><em>διὰ</em></strong></span> <span class='ocrx_word' id='word_1_562' title='bbox 3157 3743 3249 3797; x_wconf 81' lang='grc' dir='ltr'>τοῦ</span> <span class='ocrx_word' id='word_1_563' title='bbox 3289 3742 3484 3813; x_wconf 81' lang='grc' dir='ltr'>Ἰωσὴφ</span> <span class='ocrx_word' id='word_1_564' title='bbox 3530 3745 3713 3806; x_wconf 78' lang='grc' dir='ltr'>αὐτοῖς</span> 
     </span>
    </p>
   </div>
   <div class='ocr_carea' id='block_1_71' title="bbox 2136 3834 3071 3908">
    <p class='ocr_par' dir='ltr' id='par_1_71' title="bbox 2136 3834 3071 3908">
     <span class='ocr_line' id='line_1_71' title="bbox 2136 3834 3071 3908; baseline 0.001 -19"><span class='ocrx_word' id='word_1_565' title='bbox 2136 3834 2590 3908; x_wconf 82' lang='grc' dir='ltr'>παρασχεθείσης.</span> <span class='ocrx_word' id='word_1_566' title='bbox 3069 3853 3071 3858; x_wconf 80' lang='lat'><em>‘</em></span> 
     </span>
    </p>
   </div>
   <div class='ocr_carea' id='block_1_72' title="bbox 525 3922 2145 4000">
    <p class='ocr_par' dir='ltr' id='par_1_72' title="bbox 525 3922 2036 4000">
     <span class='ocr_line' id='line_1_72' title="bbox 525 3922 2036 4000; baseline 0.003 -21"><span class='ocrx_word' id='word_1_567' title='bbox 525 3922 690 3982; x_wconf 71' lang='lat' dir='ltr'><strong><em>Vsus.</em></strong></span> <span class='ocrx_word' id='word_1_568' title='bbox 730 3923 916 3980; x_wconf 72' lang='lat'><strong><em>25-56.</em></strong></span> <span class='ocrx_word' id='word_1_569' title='bbox 950 3923 1219 3982; x_wconf 83' lang='lat' dir='ltr'><strong><em>Convertit</em></strong></span> <span class='ocrx_word' id='word_1_570' title='bbox 1263 3941 1356 3981; x_wconf 91' lang='lat' dir='ltr'><strong><em>cor</em></strong></span> <span class='ocrx_word' id='word_1_571' title='bbox 1392 3942 1574 3982; x_wconf 89' lang='lat' dir='ltr'><strong><em>eorum</em></strong></span> <span class='ocrx_word' id='word_1_572' title='bbox 1614 3937 1672 3982; x_wconf 89' lang='lat' dir='ltr'><strong><em>ut</em></strong></span> <span class='ocrx_word' id='word_1_573' title='bbox 1703 3927 1912 3984; x_wconf 86' lang='lat' dir='ltr'><strong><em>adirent</em></strong></span> <span class='ocrx_word' id='word_1_574' title='bbox 1940 3945 2036 4000; x_wconf 87' lang='lat' dir='ltr'><strong><em>po-</em></strong></span> 
     </span>
    </p>
   </div>
   <div class='ocr_carea' id='block_1_73' title="bbox 2097 3922 3717 4000">
    <p class='ocr_par' dir='ltr' id='par_1_73' title="bbox 2205 3922 3717 3997">
     <span class='ocr_line' id='line_1_73' title="bbox 2205 3922 3717 3997; baseline -0.003 -16"><span class='ocrx_word' id='word_1_575' title='bbox 2205 3927 2586 3997; x_wconf 72' lang='grc' dir='ltr'>Μετέστρεψε</span> <span class='ocrx_word' id='word_1_576' title='bbox 2625 3927 2742 3996; x_wconf 81' lang='grc' dir='ltr'>τὴν</span> <span class='ocrx_word' id='word_1_577' title='bbox 2786 3925 3038 3995; x_wconf 76' lang='grc' dir='ltr'>καρδίαν</span> <span class='ocrx_word' id='word_1_578' title='bbox 3073 3922 3272 3982; x_wconf 82' lang='grc' dir='ltr'>αὐτῶν</span> <span class='ocrx_word' id='word_1_579' title='bbox 3311 3924 3417 3979; x_wconf 82' lang='grc' dir='ltr'>τοῦ</span> <span class='ocrx_word' id='word_1_580' title='bbox 3455 3923 3717 3994; x_wconf 78' lang='grc' dir='ltr'>μισῆσαι</span> 
     </span>
    </p>
   </div>
   <div class='ocr_carea' id='block_1_74' title="bbox 455 4016 2075 4089">
    <p class='ocr_par' dir='ltr' id='par_1_74' title="bbox 455 4016 2037 4089">
     <span class='ocr_line' id='line_1_74' title="bbox 455 4016 2037 4089; baseline 0.003 -20"><span class='ocrx_word' id='word_1_581' title='bbox 455 4016 641 4086; x_wconf 85' lang='lat' dir='ltr'><strong><em>pulum</em></strong></span> <span class='ocrx_word' id='word_1_582' title='bbox 673 4033 852 4080; x_wconf 87' lang='lat' dir='ltr'><strong><em>suum,</em></strong></span> <span class='ocrx_word' id='word_1_583' title='bbox 887 4027 936 4072; x_wconf 89' lang='lat' dir='ltr'><strong><em>et</em></strong></span> <span class='ocrx_word' id='word_1_584' title='bbox 966 4017 1148 4072; x_wconf 88' lang='lat' dir='ltr'><strong><em>dolum</em></strong></span> <span class='ocrx_word' id='word_1_585' title='bbox 1196 4018 1425 4089; x_wconf 80' lang='lat' dir='ltr'><strong><em>facerent</em></strong></span> <span class='ocrx_word' id='word_1_586' title='bbox 1458 4020 1514 4074; x_wconf 87' lang='lat' dir='ltr'><strong><em>in</em></strong></span> <span class='ocrx_word' id='word_1_587' title='bbox 1547 4036 1722 4075; x_wconf 87' lang='lat' dir='ltr'><strong><em>servos</em></strong></span> <span class='ocrx_word' id='word_1_588' title='bbox 1753 4037 1897 4074; x_wconf 87' lang='lat' dir='ltr'><strong><em>suos.</em></strong></span> <span class='ocrx_word' id='word_1_589' title='bbox 1935 4020 2037 4074; x_wconf 84' lang='lat' dir='ltr'><strong><em>Mi-</em></strong></span> 
     </span>
    </p>
   </div>
   <div class='ocr_carea' id='block_1_75' title="bbox 2097 4016 3717 4089">
    <p class='ocr_par' dir='ltr' id='par_1_75' title="bbox 2135 4016 3717 4086">
     <span class='ocr_line' id='line_1_75' title="bbox 2135 4016 3717 4086; baseline -0.005 -10"><span class='ocrx_word' id='word_1_590' title='bbox 2135 4020 2246 4076; x_wconf 83' lang='grc' dir='ltr'>τὸν</span> <span class='ocrx_word' id='word_1_591' title='bbox 2280 4023 2434 4075; x_wconf 84' lang='grc' dir='ltr'>λαὸν</span> <span class='ocrx_word' id='word_1_592' title='bbox 2463 4019 2670 4086; x_wconf 81' lang='grc' dir='ltr'>αὐτοῦ,</span> <span class='ocrx_word' id='word_1_593' title='bbox 2695 4017 2802 4073; x_wconf 88' lang='grc' dir='ltr'>τοῦ</span> <span class='ocrx_word' id='word_1_594' title='bbox 2840 4017 3192 4074; x_wconf 83' lang='grc' dir='ltr'>δολιοῦσθαι</span> <span class='ocrx_word' id='word_1_595' title='bbox 3215 4017 3285 4070; x_wconf 84' lang='grc' dir='ltr'>ἐν</span> <span class='ocrx_word' id='word_1_596' title='bbox 3321 4016 3444 4082; x_wconf 81' lang='grc' dir='ltr'>τοῖς</span> <span class='ocrx_word' id='word_1_597' title='bbox 3473 4016 3717 4082; x_wconf 82' lang='grc' dir='ltr'>δούλοις</span> 
     </span>
    </p>
   </div>
   <div class='ocr_carea' id='block_1_76' title="bbox 457 4098 2077 4184">
    <p class='ocr_par' dir='ltr' id='par_1_76' title="bbox 457 4109 2034 4184">
     <span class='ocr_line' id='line_1_76' title="bbox 457 4109 2034 4184; baseline 0.003 -18"><span class='ocrx_word' id='word_1_598' title='bbox 457 4112 529 4166; x_wconf 90' lang='lat' dir='ltr'><strong><em>sit</em></strong></span> <span class='ocrx_word' id='word_1_599' title='bbox 554 4109 797 4181; x_wconf 67' lang='lat' dir='ltr'><strong><em>Moysen:</em></strong></span> <span class='ocrx_word' id='word_1_600' title='bbox 829 4128 1035 4167; x_wconf 82' lang='lat' dir='ltr'><strong><em>servum</em></strong></span> <span class='ocrx_word' id='word_1_601' title='bbox 1072 4129 1248 4177; x_wconf 87' lang='lat' dir='ltr'><strong><em>suum,</em></strong></span> <span class='ocrx_word' id='word_1_602' title='bbox 1294 4112 1478 4166; x_wconf 82' lang='lat' dir='ltr'><strong><em>Aaron</em></strong></span> <span class='ocrx_word' id='word_1_603' title='bbox 1507 4129 1659 4184; x_wconf 88' lang='lat' dir='ltr'><strong><em>quem</em></strong></span> <span class='ocrx_word' id='word_1_604' title='bbox 1707 4112 1862 4184; x_wconf 85' lang='lat' dir='ltr'><strong><em>elegit</em></strong></span> <span class='ocrx_word' id='word_1_605' title='bbox 1910 4113 2034 4170; x_wconf 85' lang='lat' dir='ltr'><strong><em>sibi.</em></strong></span> 
     </span>
    </p>
   </div>
   <div class='ocr_carea' id='block_1_77' title="bbox 2093 4098 3713 4184">
    <p class='ocr_par' dir='ltr' id='par_1_77' title="bbox 2137 4098 3713 4179">
     <span class='ocr_line' id='line_1_77' title="bbox 2137 4098 3713 4179; baseline -0.003 -13"><span class='ocrx_word' id='word_1_606' title='bbox 2137 4098 2345 4168; x_wconf 63' lang='grc' dir='ltr'>αυτοῦ.</span> <span class='ocrx_word' id='word_1_607' title='bbox 2388 4110 2803 4179; x_wconf 77' lang='grc' dir='ltr'>Ἐξαπέστειλε</span> <span class='ocrx_word' id='word_1_608' title='bbox 2832 4109 3104 4179; x_wconf 75' lang='grc' dir='ltr'>Μωενσῆν</span> <span class='ocrx_word' id='word_1_609' title='bbox 3129 4107 3238 4163; x_wconf 78' lang='grc' dir='ltr'>τὸν</span> <span class='ocrx_word' id='word_1_610' title='bbox 3257 4107 3482 4162; x_wconf 81' lang='grc' dir='ltr'>δοῦλον</span> <span class='ocrx_word' id='word_1_611' title='bbox 3505 4105 3713 4170; x_wconf 84' lang='grc' dir='ltr'>αὐτοῦ,</span> 
     </span>
    </p>
   </div>
   <div class='ocr_carea' id='block_1_78' title="bbox 459 4193 2079 4282">
    <p class='ocr_par' dir='ltr' id='par_1_78' title="bbox 459 4199 2038 4278">
     <span class='ocr_line' id='line_1_78' title="bbox 459 4199 2038 4278; baseline 0.002 -22"><span class='ocrx_word' id='word_1_612' title='bbox 459 4199 651 4256; x_wconf 84' lang='lat' dir='ltr'><strong><em>Posuit</em></strong></span> <span class='ocrx_word' id='word_1_613' title='bbox 673 4203 725 4256; x_wconf 88' lang='lat' dir='ltr'><strong><em>in</em></strong></span> <span class='ocrx_word' id='word_1_614' title='bbox 746 4203 820 4257; x_wconf 86' lang='lat' dir='ltr'><strong><em>eis</em></strong></span> <span class='ocrx_word' id='word_1_615' title='bbox 854 4201 1008 4258; x_wconf 88' lang='lat' dir='ltr'><strong><em>verba</em></strong></span> <span class='ocrx_word' id='word_1_616' title='bbox 1030 4205 1300 4274; x_wconf 82' lang='lat' dir='ltr'><strong><em>signorum</em></strong></span> <span class='ocrx_word' id='word_1_617' title='bbox 1327 4221 1566 4270; x_wconf 89' lang='lat' dir='ltr'><strong><em>suorum,</em></strong></span> <span class='ocrx_word' id='word_1_618' title='bbox 1601 4215 1651 4260; x_wconf 92' lang='lat' dir='ltr'><strong><em>et</em></strong></span> <span class='ocrx_word' id='word_1_619' title='bbox 1675 4204 2038 4278; x_wconf 85' lang='lat' dir='ltr'><strong><em>prodigiorum</em></strong></span> 
     </span>
    </p>
   </div>
   <div class='ocr_carea' id='block_1_79' title="bbox 2097 4193 3717 4282">
    <p class='ocr_par' dir='ltr' id='par_1_79' title="bbox 2151 4193 3717 4282">
     <span class='ocr_line' id='line_1_79' title="bbox 2151 4193 3717 4282; baseline -0.008 -20"><span class='ocrx_word' id='word_1_620' title='bbox 2151 4203 2366 4275; x_wconf 81' lang='grc' dir='ltr'>Ἀαρὼν</span> <span class='ocrx_word' id='word_1_621' title='bbox 2407 4204 2482 4259; x_wconf 81' lang='grc' dir='ltr'>ὃν</span> <span class='ocrx_word' id='word_1_622' title='bbox 2523 4203 2842 4271; x_wconf 76' lang='grc' dir='ltr'>ἐξελέξατο</span> <span class='ocrx_word' id='word_1_623' title='bbox 2892 4200 3103 4268; x_wconf 84' lang='grc' dir='ltr'>ἐαυτῷ.</span> <span class='ocrx_word' id='word_1_624' title='bbox 3147 4193 3354 4282; x_wconf 64' lang='grc' dir='ltr'><strong><em>Ἕϐρτο</em></strong></span> <span class='ocrx_word' id='word_1_625' title='bbox 3391 4198 3461 4252; x_wconf 79' lang='grc' dir='ltr'>ἐν</span> <span class='ocrx_word' id='word_1_626' title='bbox 3511 4197 3717 4264; x_wconf 81' lang='grc' dir='ltr'>αὐτοῖς</span> 
     </span>
    </p>
   </div>
   <div class='ocr_carea' id='block_1_80' title="bbox 457 4288 2077 4367">
    <p class='ocr_par' dir='ltr' id='par_1_80' title="bbox 457 4291 2036 4364">
     <span class='ocr_line' id='line_1_80' title="bbox 457 4291 2036 4364; baseline 0.001 -18"><span class='ocrx_word' id='word_1_627' title='bbox 457 4308 680 4346; x_wconf 78' lang='lat' dir='ltr'><strong><em>suorum</em></strong></span> <span class='ocrx_word' id='word_1_628' title='bbox 715 4293 771 4345; x_wconf 87' lang='lat' dir='ltr'><strong><em>in</em></strong></span> <span class='ocrx_word' id='word_1_629' title='bbox 795 4303 938 4346; x_wconf 88' lang='lat' dir='ltr'><strong><em>terra</em></strong></span> <span class='ocrx_word' id='word_1_630' title='bbox 964 4291 1152 4348; x_wconf 74' lang='lat' dir='ltr'><strong><em>Citam.</em></strong></span> <span class='ocrx_word' id='word_1_631' title='bbox 1185 4292 1338 4347; x_wconf 77' lang='lat' dir='ltr'><strong><em>Misit</em></strong></span> <span class='ocrx_word' id='word_1_632' title='bbox 1371 4293 1612 4348; x_wconf 85' lang='lat' dir='ltr'><strong><em>tenebras</em></strong></span> <span class='ocrx_word' id='word_1_633' title='bbox 1639 4303 1689 4349; x_wconf 90' lang='lat' dir='ltr'><strong><em>et</em></strong></span> <span class='ocrx_word' id='word_1_634' title='bbox 1716 4293 2036 4364; x_wconf 86' lang='lat' dir='ltr'><strong><em>obscuravit,</em></strong></span> 
     </span>
    </p>
   </div>
   <div class='ocr_carea' id='block_1_81' title="bbox 2096 4288 3716 4367">
    <p class='ocr_par' dir='ltr' id='par_1_81' title="bbox 2139 4288 3716 4367">
     <span class='ocr_line' id='line_1_81' title="bbox 2139 4288 3716 4367; baseline -0.003 -17"><span class='ocrx_word' id='word_1_635' title='bbox 2139 4297 2284 4364; x_wconf 79' lang='grc' dir='ltr'>τοὺς</span> <span class='ocrx_word' id='word_1_636' title='bbox 2317 4296 2540 4367; x_wconf 70' lang='grc' dir='ltr'>λόγους</span> <span class='ocrx_word' id='word_1_637' title='bbox 2577 4295 2698 4351; x_wconf 84' lang='grc' dir='ltr'><strong><em>τῶν</em></strong></span> <span class='ocrx_word' id='word_1_638' title='bbox 2734 4295 2999 4366; x_wconf 80' lang='grc' dir='ltr'>σημείων</span> <span class='ocrx_word' id='word_1_639' title='bbox 3025 4289 3233 4357; x_wconf 87' lang='grc' dir='ltr'>αὑτοῦ,</span> <span class='ocrx_word' id='word_1_640' title='bbox 3262 4288 3361 4345; x_wconf 74' lang='grc' dir='ltr'>καὶ</span> <span class='ocrx_word' id='word_1_641' title='bbox 3394 4288 3514 4345; x_wconf 86' lang='grc' dir='ltr'><strong><em>τῶν</em></strong></span> <span class='ocrx_word' id='word_1_642' title='bbox 3547 4288 3716 4359; x_wconf 80' lang='grc' dir='ltr'>τερά-</span> 
     </span>
    </p>
   </div>
   <div class='ocr_carea' id='block_1_82' title="bbox 458 4381 2078 4458">
    <p class='ocr_par' dir='ltr' id='par_1_82' title="bbox 458 4381 2038 4454">
     <span class='ocr_line' id='line_1_82' title="bbox 458 4381 2038 4454; baseline 0.003 -20"><span class='ocrx_word' id='word_1_643' title='bbox 458 4384 586 4452; x_wconf 84' lang='lat' dir='ltr'><strong><em>quia</em></strong></span> <span class='ocrx_word' id='word_1_644' title='bbox 616 4381 1061 4436; x_wconf 74' lang='lat' dir='ltr'><strong><em>exacerbaverunt</em></strong></span> <span class='ocrx_word' id='word_1_645' title='bbox 1106 4400 1371 4438; x_wconf 84' lang='lat' dir='ltr'><strong><em>sermones</em></strong></span> <span class='ocrx_word' id='word_1_646' title='bbox 1396 4384 1532 4447; x_wconf 85' lang='lat' dir='ltr'><strong><em>eius.</em></strong></span> <span class='ocrx_word' id='word_1_647' title='bbox 1571 4383 1838 4440; x_wconf 83' lang='lat' dir='ltr'><strong><em>Convertit</em></strong></span> <span class='ocrx_word' id='word_1_648' title='bbox 1872 4401 2038 4454; x_wconf 85' lang='lat' dir='ltr'><strong><em>aquas</em></strong></span> 
     </span>
    </p>
   </div>
   <div class='ocr_carea' id='block_1_83' title="bbox 2097 4381 3717 4458">
    <p class='ocr_par' dir='ltr' id='par_1_83' title="bbox 2139 4382 3717 4458">
     <span class='ocr_line' id='line_1_83' title="bbox 2139 4382 3717 4458; baseline -0.004 -15"><span class='ocrx_word' id='word_1_649' title='bbox 2139 4406 2261 4442; x_wconf 85' lang='grc' dir='ltr'><strong><em>των</em></strong></span> <span class='ocrx_word' id='word_1_650' title='bbox 2302 4387 2490 4442; x_wconf 84' lang='grc' dir='ltr'>αὐτοῦ</span> <span class='ocrx_word' id='word_1_651' title='bbox 2515 4388 2586 4442; x_wconf 83' lang='grc' dir='ltr'>ἐν</span> <span class='ocrx_word' id='word_1_652' title='bbox 2619 4386 2695 4458; x_wconf 75' lang='grc' dir='ltr'>γῇ</span> <span class='ocrx_word' id='word_1_653' title='bbox 2724 4386 2872 4456; x_wconf 78' lang='grc' dir='ltr'><strong><em>Χάμ.</em></strong></span> <span class='ocrx_word' id='word_1_654' title='bbox 2915 4382 3339 4450; x_wconf 82' lang='grc' dir='ltr'>Ἐξαπέστειλε</span> <span class='ocrx_word' id='word_1_655' title='bbox 3363 4383 3585 4449; x_wconf 82' lang='grc' dir='ltr'>σκότος</span> <span class='ocrx_word' id='word_1_656' title='bbox 3617 4382 3717 4437; x_wconf 74' lang='grc' dir='ltr'>καὶ</span> 
     </span>
    </p>
   </div>
   <div class='ocr_carea' id='block_1_84' title="bbox 459 4471 2079 4549">
    <p class='ocr_par' dir='ltr' id='par_1_84' title="bbox 459 4478 2041 4549">
     <span class='ocr_line' id='line_1_84' title="bbox 459 4478 2041 4549; baseline 0.002 -17"><span class='ocrx_word' id='word_1_657' title='bbox 459 4494 644 4532; x_wconf 87' lang='lat' dir='ltr'><strong><em>eorum</em></strong></span> <span class='ocrx_word' id='word_1_658' title='bbox 675 4479 732 4532; x_wconf 87' lang='lat' dir='ltr'><strong><em>in</em></strong></span> <span class='ocrx_word' id='word_1_659' title='bbox 764 4479 1070 4549; x_wconf 84' lang='lat' dir='ltr'><strong><em>sanguinem</em></strong></span> <span class='ocrx_word' id='word_1_660' title='bbox 1092 4488 1142 4533; x_wconf 86' lang='lat' dir='ltr'><strong><em>et</em></strong></span> <span class='ocrx_word' id='word_1_661' title='bbox 1185 4478 1374 4534; x_wconf 88' lang='lat' dir='ltr'><strong><em>occidit</em></strong></span> <span class='ocrx_word' id='word_1_662' title='bbox 1403 4481 1570 4546; x_wconf 85' lang='lat' dir='ltr'><strong><em>pisces</em></strong></span> <span class='ocrx_word' id='word_1_663' title='bbox 1595 4498 1776 4535; x_wconf 86' lang='lat' dir='ltr'><strong><em>eorum</em></strong></span> <span class='ocrx_word' id='word_1_664' title='bbox 1859 4479 2041 4537; x_wconf 84' lang='lat' dir='ltr'><strong><em>Edidit</em></strong></span> 
     </span>
    </p>
   </div>
   <div class='ocr_carea' id='block_1_85' title="bbox 2094 4471 3714 4549">
    <p class='ocr_par' dir='ltr' id='par_1_85' title="bbox 2140 4471 3714 4545">
     <span class='ocr_line' id='line_1_85' title="bbox 2140 4471 3714 4545; baseline -0.004 -11"><span class='ocrx_word' id='word_1_665' title='bbox 2140 4479 2462 4542; x_wconf 79' lang='grc' dir='ltr'>ἐσκότασε,</span> <span class='ocrx_word' id='word_1_666' title='bbox 2501 4477 2589 4532; x_wconf 84' lang='grc' dir='ltr'>ὅτι</span> <span class='ocrx_word' id='word_1_667' title='bbox 2622 4476 3070 4545; x_wconf 77' lang='grc' dir='ltr'>παρεπίκραναν</span> <span class='ocrx_word' id='word_1_668' title='bbox 3091 4473 3233 4540; x_wconf 88' lang='grc' dir='ltr'>τοὺς</span> <span class='ocrx_word' id='word_1_669' title='bbox 3258 4473 3480 4543; x_wconf 69' lang='grc' dir='ltr'>λόγους</span> <span class='ocrx_word' id='word_1_670' title='bbox 3507 4471 3714 4527; x_wconf 86' lang='grc' dir='ltr'>αὐτοῦ.</span> 
     </span>
    </p>
   </div>
   <div class='ocr_carea' id='block_1_86' title="bbox 462 4558 2082 4678">
    <p class='ocr_par' dir='ltr' id='par_1_86' title="bbox 462 4569 2082 4678">
     <span class='ocr_line' id='line_1_86' title="bbox 462 4569 2082 4678; baseline 0.001 -54"><span class='ocrx_word' id='word_1_671' title='bbox 462 4582 609 4625; x_wconf 89' lang='lat' dir='ltr'><strong><em>terra</em></strong></span> <span class='ocrx_word' id='word_1_672' title='bbox 656 4586 838 4624; x_wconf 90' lang='lat' dir='ltr'><strong><em>eorum</em></strong></span> <span class='ocrx_word' id='word_1_673' title='bbox 888 4585 1050 4624; x_wconf 84' lang='lat' dir='ltr'><strong><em>ranas</em></strong></span> <span class='ocrx_word' id='word_1_674' title='bbox 1097 4569 1154 4625; x_wconf 85' lang='lat' dir='ltr'><strong><em>in</em></strong></span> <span class='ocrx_word' id='word_1_675' title='bbox 1185 4571 1540 4638; x_wconf 85' lang='lat' dir='ltr'><strong><em>penetralibus</em></strong></span> <span class='ocrx_word' id='word_1_676' title='bbox 1571 4589 1751 4644; x_wconf 88' lang='lat' dir='ltr'><strong><em>regum</em></strong></span> <span class='ocrx_word' id='word_1_677' title='bbox 1781 4573 2036 4642; x_wconf 87' lang='lat' dir='ltr'><strong><em>ipsorum.</em></strong></span> <span class='ocrx_word' id='word_1_678' title='bbox 2069 4617 2082 4678; x_wconf 69' lang='grc'><strong>1</strong></span> 
     </span>
    </p>
   </div>
   <div class='ocr_carea' id='block_1_87' title="bbox 2097 4558 3717 4678">
    <p class='ocr_par' dir='ltr' id='par_1_87' title="bbox 2097 4558 3717 4678">
     <span class='ocr_line' id='line_1_87' title="bbox 2097 4558 3717 4678; baseline -0.006 -52"><span class='ocrx_word' id='word_1_679' title='bbox 2097 4620 2117 4678; x_wconf 64' lang='grc'><strong>)</strong></span> <span class='ocrx_word' id='word_1_680' title='bbox 2143 4558 2521 4639; x_wconf 66' lang='grc' dir='ltr'>Μετέστρεψε</span> <span class='ocrx_word' id='word_1_681' title='bbox 2561 4569 2634 4623; x_wconf 85' lang='grc' dir='ltr'>τὰ</span> <span class='ocrx_word' id='word_1_682' title='bbox 2666 4569 2855 4624; x_wconf 79' lang='grc' dir='ltr'>ὕδατα</span> <span class='ocrx_word' id='word_1_683' title='bbox 2885 4566 3084 4620; x_wconf 83' lang='grc' dir='ltr'>αὐτῶν</span> <span class='ocrx_word' id='word_1_684' title='bbox 3117 4569 3206 4633; x_wconf 80' lang='grc' dir='ltr'>εὶς</span> <span class='ocrx_word' id='word_1_685' title='bbox 3251 4561 3414 4635; x_wconf 74' lang='grc' dir='ltr'>αἷμα,</span> <span class='ocrx_word' id='word_1_686' title='bbox 3442 4564 3540 4619; x_wconf 73' lang='grc' dir='ltr'><strong><em>καί</em></strong></span> <span class='ocrx_word' id='word_1_687' title='bbox 3575 4562 3717 4618; x_wconf 79' lang='grc' dir='ltr'><strong><em>ἀπέ-</em></strong></span> 
     </span>
    </p>
   </div>
   <div class='ocr_carea' id='block_1_88' title="bbox 462 4655 2082 4735">
    <p class='ocr_par' dir='ltr' id='par_1_88' title="bbox 462 4655 2082 4735">
     <span class='ocr_line' id='line_1_88' title="bbox 462 4655 2082 4735; baseline 0.001 -17"><span class='ocrx_word' id='word_1_688' title='bbox 462 4661 619 4718; x_wconf 74' lang='lat' dir='ltr'><strong><em>Dixit</em></strong></span> <span class='ocrx_word' id='word_1_689' title='bbox 648 4671 699 4715; x_wconf 87' lang='lat' dir='ltr'><strong><em>et</em></strong></span> <span class='ocrx_word' id='word_1_690' title='bbox 726 4663 864 4716; x_wconf 85' lang='lat' dir='ltr'><strong><em>venit</em></strong></span> <span class='ocrx_word' id='word_1_691' title='bbox 894 4677 1163 4733; x_wconf 71' lang='lat' dir='ltr'><strong><em>cmnamya</em></strong></span> <span class='ocrx_word' id='word_1_692' title='bbox 1191 4671 1242 4717; x_wconf 86' lang='lat' dir='ltr'><strong><em>et</em></strong></span> <span class='ocrx_word' id='word_1_693' title='bbox 1277 4663 1508 4732; x_wconf 86' lang='lat' dir='ltr'><strong><em>ciniphes</em></strong></span> <span class='ocrx_word' id='word_1_694' title='bbox 1558 4664 1616 4719; x_wconf 85' lang='lat' dir='ltr'><strong><em>in</em></strong></span> <span class='ocrx_word' id='word_1_695' title='bbox 1643 4663 1884 4718; x_wconf 87' lang='lat' dir='ltr'><strong><em>omnibus</em></strong></span> <span class='ocrx_word' id='word_1_696' title='bbox 1915 4665 2040 4735; x_wconf 77' lang='lat' dir='ltr'><strong><em>ﬁni-</em></strong></span> <span class='ocrx_word' id='word_1_697' title='bbox 2069 4655 2082 4678; x_wconf 78' lang='grc'><strong><em>³</em></strong></span> 
     </span>
    </p>
   </div>
   <div class='ocr_carea' id='block_1_89' title="bbox 2100 4655 3720 4735">
    <p class='ocr_par' dir='ltr' id='par_1_89' title="bbox 2100 4655 3720 4730">
     <span class='ocr_line' id='line_1_89' title="bbox 2100 4655 3720 4730; baseline -0.002 -14"><span class='ocrx_word' id='word_1_698' title='bbox 2100 4655 2117 4677; x_wconf 84' lang='grc'><em>’</em></span> <span class='ocrx_word' id='word_1_699' title='bbox 2143 4679 2338 4716; x_wconf 88' lang='grc' dir='ltr'>κτεινε</span> <span class='ocrx_word' id='word_1_700' title='bbox 2381 4661 2524 4728; x_wconf 86' lang='grc' dir='ltr'>τοὺς</span> <span class='ocrx_word' id='word_1_701' title='bbox 2563 4661 2772 4730; x_wconf 71' lang='grc' dir='ltr'>ἰχθύας</span> <span class='ocrx_word' id='word_1_702' title='bbox 2815 4657 3032 4713; x_wconf 80' lang='grc' dir='ltr'>αὐτῶν.</span> <span class='ocrx_word' id='word_1_703' title='bbox 3070 4657 3381 4728; x_wconf 73' lang='grc' dir='ltr'>Ἐξεῖρψεν</span> <span class='ocrx_word' id='word_1_704' title='bbox 3422 4657 3462 4725; x_wconf 77' lang='grc' dir='ltr'><em>ἠ</em></span> <span class='ocrx_word' id='word_1_705' title='bbox 3500 4655 3578 4726; x_wconf 80' lang='grc' dir='ltr'><em>τῆ</em></span> <span class='ocrx_word' id='word_1_706' title='bbox 3615 4656 3720 4712; x_wconf 81' lang='grc' dir='ltr'><strong><em>αὐ-</em></strong></span> 
     </span>
    </p>
   </div>
   <div class='ocr_carea' id='block_1_90' title="bbox 463 4747 2083 4827">
    <p class='ocr_par' dir='ltr' id='par_1_90' title="bbox 463 4751 2040 4827">
     <span class='ocr_line' id='line_1_90' title="bbox 463 4751 2040 4827; baseline 0.003 -21"><span class='ocrx_word' id='word_1_707' title='bbox 463 4751 562 4807; x_wconf 81' lang='lat' dir='ltr'><strong><em>bus</em></strong></span> <span class='ocrx_word' id='word_1_708' title='bbox 595 4769 796 4808; x_wconf 90' lang='lat' dir='ltr'><strong><em>eorum.</em></strong></span> <span class='ocrx_word' id='word_1_709' title='bbox 853 4751 1042 4808; x_wconf 89' lang='lat' dir='ltr'><strong><em>Posuit</em></strong></span> <span class='ocrx_word' id='word_1_710' title='bbox 1069 4753 1274 4823; x_wconf 86' lang='lat' dir='ltr'><strong><em>pluvias</em></strong></span> <span class='ocrx_word' id='word_1_711' title='bbox 1302 4770 1482 4808; x_wconf 88' lang='lat' dir='ltr'><strong><em>eorum</em></strong></span> <span class='ocrx_word' id='word_1_712' title='bbox 1512 4754 1844 4826; x_wconf 81' lang='lat' dir='ltr'><strong><em>grandinem,</em></strong></span> <span class='ocrx_word' id='word_1_713' title='bbox 1869 4758 2040 4827; x_wconf 85' lang='lat' dir='ltr'><strong><em>ignem</em></strong></span> 
     </span>
    </p>
   </div>
   <div class='ocr_carea' id='block_1_91' title="bbox 2102 4747 3722 4827">
    <p class='ocr_par' dir='ltr' id='par_1_91' title="bbox 2142 4747 3722 4822">
     <span class='ocr_line' id='line_1_91' title="bbox 2142 4747 3722 4822; baseline -0.005 -14"><span class='ocrx_word' id='word_1_714' title='bbox 2142 4751 2262 4808; x_wconf 82' lang='grc' dir='ltr'>τῶν</span> <span class='ocrx_word' id='word_1_715' title='bbox 2293 4751 2639 4822; x_wconf 78' lang='grc' dir='ltr'>βατράχους</span> <span class='ocrx_word' id='word_1_716' title='bbox 2671 4751 2741 4805; x_wconf 86' lang='grc' dir='ltr'>ὲν</span> <span class='ocrx_word' id='word_1_717' title='bbox 2787 4749 2913 4818; x_wconf 85' lang='grc' dir='ltr'>τοῖς</span> <span class='ocrx_word' id='word_1_718' title='bbox 2956 4751 3215 4822; x_wconf 78' lang='grc' dir='ltr'>ταμείοις</span> <span class='ocrx_word' id='word_1_719' title='bbox 3257 4747 3375 4803; x_wconf 85' lang='grc' dir='ltr'><strong><em>τῶν</em></strong></span> <span class='ocrx_word' id='word_1_720' title='bbox 3411 4747 3722 4813; x_wconf 72' lang='grc' dir='ltr'>βασιλέοιν</span> 
     </span>
    </p>
   </div>
   <div class='ocr_carea' id='block_1_92' title="bbox 463 4837 2083 4916">
    <p class='ocr_par' dir='ltr' id='par_1_92' title="bbox 463 4844 2042 4916">
     <span class='ocr_line' id='line_1_92' title="bbox 463 4844 2042 4916; baseline 0.001 -16"><span class='ocrx_word' id='word_1_721' title='bbox 463 4844 859 4900; x_wconf 88' lang='lat' dir='ltr'><strong><em>comburentem</em></strong></span> <span class='ocrx_word' id='word_1_722' title='bbox 884 4845 939 4899; x_wconf 90' lang='lat' dir='ltr'><strong><em>in</em></strong></span> <span class='ocrx_word' id='word_1_723' title='bbox 968 4854 1111 4900; x_wconf 88' lang='lat' dir='ltr'><strong><em>terra</em></strong></span> <span class='ocrx_word' id='word_1_724' title='bbox 1175 4847 1434 4915; x_wconf 82' lang='lat' dir='ltr'><strong><em>ipsorum.</em></strong></span> <span class='ocrx_word' id='word_1_725' title='bbox 1483 4845 1548 4900; x_wconf 83' lang='lat' dir='ltr'><strong><em>Et</em></strong></span> <span class='ocrx_word' id='word_1_726' title='bbox 1575 4848 1834 4916; x_wconf 87' lang='lat' dir='ltr'><strong><em>percussit</em></strong></span> <span class='ocrx_word' id='word_1_727' title='bbox 1862 4847 2042 4903; x_wconf 87' lang='lat' dir='ltr'><strong><em>vineas</em></strong></span> 
     </span>
    </p>
   </div>
   <div class='ocr_carea' id='block_1_93' title="bbox 2103 4837 3723 4916">
    <p class='ocr_par' dir='ltr' id='par_1_93' title="bbox 2142 4837 3723 4914">
     <span class='ocr_line' id='line_1_93' title="bbox 2142 4837 3723 4914; baseline -0.005 -14"><span class='ocrx_word' id='word_1_728' title='bbox 2142 4846 2363 4900; x_wconf 81' lang='grc' dir='ltr'>αὐτῶν.</span> <span class='ocrx_word' id='word_1_729' title='bbox 2402 4841 2572 4910; x_wconf 60' lang='lat' dir='ltr'><strong><em>Eius,</em></strong></span> <span class='ocrx_word' id='word_1_730' title='bbox 2599 4843 2700 4900; x_wconf 80' lang='grc' dir='ltr'>καὶ</span> <span class='ocrx_word' id='word_1_731' title='bbox 2738 4838 2888 4914; x_wconf 81' lang='grc' dir='ltr'>ἦλθε</span> <span class='ocrx_word' id='word_1_732' title='bbox 2918 4843 3214 4911; x_wconf 83' lang='grc' dir='ltr'>κυνόμυια</span> <span class='ocrx_word' id='word_1_733' title='bbox 3239 4839 3340 4894; x_wconf 76' lang='grc' dir='ltr'>καὶ</span> <span class='ocrx_word' id='word_1_734' title='bbox 3369 4839 3624 4905; x_wconf 76' lang='grc' dir='ltr'>σκνῖπες</span> <span class='ocrx_word' id='word_1_735' title='bbox 3651 4837 3723 4892; x_wconf 77' lang='grc' dir='ltr'>ἐν</span> 
     </span>
    </p>
   </div>
   <div class='ocr_carea' id='block_1_94' title="bbox 462 4930 2082 5009">
    <p class='ocr_par' dir='ltr' id='par_1_94' title="bbox 462 4937 2043 5009">
     <span class='ocr_line' id='line_1_94' title="bbox 462 4937 2043 5009; baseline 0.002 -18"><span class='ocrx_word' id='word_1_736' title='bbox 462 4952 647 4991; x_wconf 88' lang='lat' dir='ltr'><strong><em>eorum</em></strong></span> <span class='ocrx_word' id='word_1_737' title='bbox 671 4945 720 4990; x_wconf 90' lang='lat' dir='ltr'><strong><em>et</em></strong></span> <span class='ocrx_word' id='word_1_738' title='bbox 759 4937 1014 5006; x_wconf 81' lang='lat' dir='ltr'><strong><em>[iculneas</em></strong></span> <span class='ocrx_word' id='word_1_739' title='bbox 1057 4953 1258 5003; x_wconf 83' lang='lat' dir='ltr'><strong><em>eorum,</em></strong></span> <span class='ocrx_word' id='word_1_740' title='bbox 1280 4947 1330 4993; x_wconf 90' lang='lat' dir='ltr'><strong><em>et</em></strong></span> <span class='ocrx_word' id='word_1_741' title='bbox 1372 4940 1622 4994; x_wconf 82' lang='lat' dir='ltr'><strong><em>contrivit</em></strong></span> <span class='ocrx_word' id='word_1_742' title='bbox 1653 4957 1804 4996; x_wconf 87' lang='lat' dir='ltr'><strong><em>omne</em></strong></span> <span class='ocrx_word' id='word_1_743' title='bbox 1842 4940 2043 5009; x_wconf 85' lang='lat' dir='ltr'><strong><em>lignum</em></strong></span> 
     </span>
    </p>
   </div>
   <div class='ocr_carea' id='block_1_95' title="bbox 2102 4930 3722 5009">
    <p class='ocr_par' dir='ltr' id='par_1_95' title="bbox 2145 4930 3722 5005">
     <span class='ocr_line' id='line_1_95' title="bbox 2145 4930 3722 5005; baseline -0.008 -10"><span class='ocrx_word' id='word_1_744' title='bbox 2145 4938 2298 4995; x_wconf 83' lang='grc' dir='ltr'>πᾶσι</span> <span class='ocrx_word' id='word_1_745' title='bbox 2334 4937 2458 5004; x_wconf 78' lang='grc' dir='ltr'>τοῖς</span> <span class='ocrx_word' id='word_1_746' title='bbox 2486 4936 2672 5005; x_wconf 82' lang='grc' dir='ltr'>ὁρίοις</span> <span class='ocrx_word' id='word_1_747' title='bbox 2717 4934 2940 4992; x_wconf 86' lang='grc' dir='ltr'>αὐτῶν.</span> <span class='ocrx_word' id='word_1_748' title='bbox 2973 4937 3182 4991; x_wconf 72' lang='lat' dir='ltr'><strong><em>&quot;Edere</em></strong></span> <span class='ocrx_word' id='word_1_749' title='bbox 3217 4933 3326 5000; x_wconf 75' lang='grc' dir='ltr'>τὰς</span> <span class='ocrx_word' id='word_1_750' title='bbox 3357 4930 3589 5002; x_wconf 74' lang='grc' dir='ltr'>βροχὰς</span> <span class='ocrx_word' id='word_1_751' title='bbox 3615 4931 3722 4986; x_wconf 56' lang='lat' dir='ltr'><strong><em>ac.</em></strong></span> 
     </span>
    </p>
   </div>
   <div class='ocr_carea' id='block_1_96' title="bbox 467 5020 2087 5100">
    <p class='ocr_par' dir='ltr' id='par_1_96' title="bbox 467 5028 2044 5099">
     <span class='ocr_line' id='line_1_96' title="bbox 467 5028 2044 5099; baseline 0.005 -17"><span class='ocrx_word' id='word_1_752' title='bbox 467 5029 654 5098; x_wconf 77' lang='lat' dir='ltr'><strong><em>ﬁnium</em></strong></span> <span class='ocrx_word' id='word_1_753' title='bbox 689 5044 892 5083; x_wconf 89' lang='lat' dir='ltr'><strong><em>eorum.</em></strong></span> <span class='ocrx_word' id='word_1_754' title='bbox 927 5028 1102 5098; x_wconf 72' lang='lat' dir='ltr'><strong><em>Dixit,</em></strong></span> <span class='ocrx_word' id='word_1_755' title='bbox 1134 5039 1186 5086; x_wconf 90' lang='lat' dir='ltr'><strong><em>et</em></strong></span> <span class='ocrx_word' id='word_1_756' title='bbox 1235 5032 1372 5086; x_wconf 84' lang='lat' dir='ltr'><strong><em>venit</em></strong></span> <span class='ocrx_word' id='word_1_757' title='bbox 1430 5031 1636 5087; x_wconf 88' lang='lat' dir='ltr'><strong><em>locusta</em></strong></span> <span class='ocrx_word' id='word_1_758' title='bbox 1689 5043 1738 5090; x_wconf 88' lang='lat' dir='ltr'><strong><em>et</em></strong></span> <span class='ocrx_word' id='word_1_759' title='bbox 1795 5033 2044 5099; x_wconf 82' lang='lat' dir='ltr'><strong><em>bruchus,</em></strong></span> 
     </span>
    </p>
   </div>
   <div class='ocr_carea' id='block_1_97' title="bbox 2101 5020 3721 5100">
    <p class='ocr_par' dir='ltr' id='par_1_97' title="bbox 2146 5020 3721 5100">
     <span class='ocr_line' id='line_1_97' title="bbox 2146 5020 3721 5100; baseline -0.006 -16"><span class='ocrx_word' id='word_1_760' title='bbox 2146 5030 2265 5084; x_wconf 88' lang='grc' dir='ltr'><strong><em>τῶν</em></strong></span> <span class='ocrx_word' id='word_1_761' title='bbox 2301 5026 2590 5100; x_wconf 76' lang='grc' dir='ltr'>χάλαζαν,</span> <span class='ocrx_word' id='word_1_762' title='bbox 2621 5029 2742 5098; x_wconf 85' lang='grc' dir='ltr'>πῦρ</span> <span class='ocrx_word' id='word_1_763' title='bbox 2773 5025 3154 5096; x_wconf 71' lang='grc' dir='ltr'>καταφλέγον</span> <span class='ocrx_word' id='word_1_764' title='bbox 3179 5025 3249 5079; x_wconf 83' lang='grc' dir='ltr'>ἐν</span> <span class='ocrx_word' id='word_1_765' title='bbox 3287 5021 3364 5092; x_wconf 76' lang='grc' dir='ltr'><strong><em>τῇ</em></strong></span> <span class='ocrx_word' id='word_1_766' title='bbox 3396 5021 3475 5093; x_wconf 76' lang='grc' dir='ltr'>γῇ</span> <span class='ocrx_word' id='word_1_767' title='bbox 3501 5020 3721 5076; x_wconf 84' lang='grc' dir='ltr'>αὐτῶν.</span> 
     </span>
    </p>
   </div>
   <div class='ocr_carea' id='block_1_98' title="bbox 465 5109 2085 5196">
    <p class='ocr_par' dir='ltr' id='par_1_98' title="bbox 465 5121 2043 5196">
     <span class='ocr_line' id='line_1_98' title="bbox 465 5121 2043 5196; baseline 0.003 -21"><span class='ocrx_word' id='word_1_768' title='bbox 465 5121 622 5190; x_wconf 88' lang='lat' dir='ltr'><strong><em>cujus</em></strong></span> <span class='ocrx_word' id='word_1_769' title='bbox 678 5137 784 5176; x_wconf 87' lang='lat' dir='ltr'><strong><em>non</em></strong></span> <span class='ocrx_word' id='word_1_770' title='bbox 833 5130 950 5177; x_wconf 87' lang='lat' dir='ltr'><strong><em>erat</em></strong></span> <span class='ocrx_word' id='word_1_771' title='bbox 982 5139 1252 5188; x_wconf 82' lang='lat' dir='ltr'><strong><em>numerus,</em></strong></span> <span class='ocrx_word' id='word_1_772' title='bbox 1309 5132 1358 5178; x_wconf 88' lang='lat' dir='ltr'><strong><em>et</em></strong></span> <span class='ocrx_word' id='word_1_773' title='bbox 1392 5125 1617 5179; x_wconf 88' lang='lat' dir='ltr'><strong><em>comedit</em></strong></span> <span class='ocrx_word' id='word_1_774' title='bbox 1660 5140 1810 5180; x_wconf 89' lang='lat' dir='ltr'><strong><em>omne</em></strong></span> <span class='ocrx_word' id='word_1_775' title='bbox 1863 5125 2043 5196; x_wconf 86' lang='lat' dir='ltr'><strong><em>fenum</em></strong></span> 
     </span>
    </p>
   </div>
   <div class='ocr_carea' id='block_1_99' title="bbox 2105 5109 3725 5196">
    <p class='ocr_par' dir='ltr' id='par_1_99' title="bbox 2145 5109 3725 5190">
     <span class='ocr_line' id='line_1_99' title="bbox 2145 5109 3725 5190; baseline -0.008 -11"><span class='ocrx_word' id='word_1_776' title='bbox 2145 5124 2256 5180; x_wconf 83' lang='lat' dir='ltr'><strong><em>Kal</em></strong></span> <span class='ocrx_word' id='word_1_777' title='bbox 2289 5121 2548 5188; x_wconf 74' lang='grc' dir='ltr'>ἐπάταξε</span> <span class='ocrx_word' id='word_1_778' title='bbox 2575 5122 2682 5189; x_wconf 82' lang='grc' dir='ltr'>τὰς</span> <span class='ocrx_word' id='word_1_779' title='bbox 2710 5119 3020 5190; x_wconf 79' lang='grc' dir='ltr'>ἀμπέλους</span> <span class='ocrx_word' id='word_1_780' title='bbox 3042 5116 3241 5172; x_wconf 84' lang='grc' dir='ltr'>αὐτῶν</span> <span class='ocrx_word' id='word_1_781' title='bbox 3271 5115 3370 5169; x_wconf 73' lang='grc' dir='ltr'>καὶ</span> <span class='ocrx_word' id='word_1_782' title='bbox 3398 5114 3506 5181; x_wconf 81' lang='grc' dir='ltr'>τὰς</span> <span class='ocrx_word' id='word_1_783' title='bbox 3530 5109 3725 5180; x_wconf 80' lang='grc' dir='ltr'>συκᾶς</span> 
     </span>
    </p>
   </div>
   <div class='ocr_carea' id='block_1_100' title="bbox 467 5202 2087 5288">
    <p class='ocr_par' dir='ltr' id='par_1_100' title="bbox 467 5213 2045 5288">
     <span class='ocr_line' id='line_1_100' title="bbox 467 5213 2045 5288; baseline 0.004 -20"><span class='ocrx_word' id='word_1_784' title='bbox 467 5213 526 5268; x_wconf 86' lang='lat' dir='ltr'><strong><em>in</em></strong></span> <span class='ocrx_word' id='word_1_785' title='bbox 561 5222 704 5268; x_wconf 90' lang='lat' dir='ltr'><strong><em>terra</em></strong></span> <span class='ocrx_word' id='word_1_786' title='bbox 763 5231 977 5280; x_wconf 90' lang='lat' dir='ltr'><strong><em>eorum,</em></strong></span> <span class='ocrx_word' id='word_1_787' title='bbox 1038 5224 1090 5271; x_wconf 91' lang='lat' dir='ltr'><strong><em>et</em></strong></span> <span class='ocrx_word' id='word_1_788' title='bbox 1121 5216 1345 5272; x_wconf 86' lang='lat' dir='ltr'><strong><em>comedit</em></strong></span> <span class='ocrx_word' id='word_1_789' title='bbox 1383 5235 1588 5274; x_wconf 85' lang='lat' dir='ltr'><strong><em>omnem</em></strong></span> <span class='ocrx_word' id='word_1_790' title='bbox 1626 5219 1855 5288; x_wconf 77' lang='lat' dir='ltr'><strong><em>fructum</em></strong></span> <span class='ocrx_word' id='word_1_791' title='bbox 1887 5229 2045 5275; x_wconf 64' lang='lat' dir='ltr'><strong><em>terra:</em></strong></span> 
     </span>
    </p>
   </div>
   <div class='ocr_carea' id='block_1_101' title="bbox 2103 5202 3723 5288">
    <p class='ocr_par' dir='ltr' id='par_1_101' title="bbox 2147 5202 3723 5283">
     <span class='ocr_line' id='line_1_101' title="bbox 2147 5202 3723 5283; baseline -0.006 -11"><span class='ocrx_word' id='word_1_792' title='bbox 2147 5214 2366 5283; x_wconf 68' lang='grc' dir='ltr'>αὐτῶν,</span> <span class='ocrx_word' id='word_1_793' title='bbox 2411 5215 2511 5270; x_wconf 77' lang='grc' dir='ltr'>καὶ</span> <span class='ocrx_word' id='word_1_794' title='bbox 2547 5213 2874 5282; x_wconf 72' lang='grc' dir='ltr'>συνέτριψε</span> <span class='ocrx_word' id='word_1_795' title='bbox 2911 5209 3036 5266; x_wconf 84' lang='grc' dir='ltr'>πᾶν</span> <span class='ocrx_word' id='word_1_796' title='bbox 3077 5208 3268 5275; x_wconf 81' lang='grc' dir='ltr'>ξύλον</span> <span class='ocrx_word' id='word_1_797' title='bbox 3300 5207 3478 5277; x_wconf 81' lang='grc' dir='ltr'>ὁρίων</span> <span class='ocrx_word' id='word_1_798' title='bbox 3503 5202 3723 5262; x_wconf 79' lang='grc' dir='ltr'>αὐτῶν.</span> 
     </span>
    </p>
   </div>
   <div class='ocr_carea' id='block_1_102' title="bbox 467 5290 2087 5381">
    <p class='ocr_par' dir='ltr' id='par_1_102' title="bbox 467 5305 2046 5381">
     <span class='ocr_line' id='line_1_102' title="bbox 467 5305 2046 5381; baseline 0.003 -21"><span class='ocrx_word' id='word_1_799' title='bbox 467 5322 670 5362; x_wconf 88' lang='lat' dir='ltr'><strong><em>eorum.</em></strong></span> <span class='ocrx_word' id='word_1_800' title='bbox 712 5305 781 5360; x_wconf 82' lang='lat' dir='ltr'><strong><em>Et</em></strong></span> <span class='ocrx_word' id='word_1_801' title='bbox 826 5307 1084 5376; x_wconf 89' lang='lat' dir='ltr'><strong><em>percussit</em></strong></span> <span class='ocrx_word' id='word_1_802' title='bbox 1126 5325 1277 5364; x_wconf 85' lang='lat' dir='ltr'><strong><em>omne</em></strong></span> <span class='ocrx_word' id='word_1_803' title='bbox 1341 5310 1747 5381; x_wconf 84' lang='lat' dir='ltr'><strong><em>primogenitum</em></strong></span> <span class='ocrx_word' id='word_1_804' title='bbox 1796 5311 1854 5364; x_wconf 86' lang='lat' dir='ltr'><strong><em>in</em></strong></span> <span class='ocrx_word' id='word_1_805' title='bbox 1903 5319 2046 5365; x_wconf 86' lang='lat' dir='ltr'><strong><em>terra</em></strong></span> 
     </span>
    </p>
   </div>
   <div class='ocr_carea' id='block_1_103' title="bbox 2107 5290 3727 5381">
    <p class='ocr_par' dir='ltr' id='par_1_103' title="bbox 2148 5290 3727 5378">
     <span class='ocr_line' id='line_1_103' title="bbox 2148 5290 3727 5378; baseline -0.009 -15"><span class='ocrx_word' id='word_1_806' title='bbox 2148 5303 2319 5372; x_wconf 82' lang='grc' dir='ltr'>Εἷπε,</span> <span class='ocrx_word' id='word_1_807' title='bbox 2361 5307 2461 5362; x_wconf 74' lang='grc' dir='ltr'>καὶ</span> <span class='ocrx_word' id='word_1_808' title='bbox 2506 5301 2695 5378; x_wconf 80' lang='grc' dir='ltr'>ἦλθεν</span> <span class='ocrx_word' id='word_1_809' title='bbox 2732 5302 2907 5373; x_wconf 65' lang='lat' dir='ltr'><strong><em>(inple</em></strong></span> <span class='ocrx_word' id='word_1_810' title='bbox 2947 5301 3049 5361; x_wconf 78' lang='grc' dir='ltr'>καὶ</span> <span class='ocrx_word' id='word_1_811' title='bbox 3085 5299 3374 5371; x_wconf 77' lang='grc' dir='ltr'>βροῦχος,</span> <span class='ocrx_word' id='word_1_812' title='bbox 3400 5293 3473 5355; x_wconf 83' lang='grc' dir='ltr'>οὗ</span> <span class='ocrx_word' id='word_1_813' title='bbox 3504 5299 3616 5352; x_wconf 80' lang='grc' dir='ltr'>οὐκ</span> <span class='ocrx_word' id='word_1_814' title='bbox 3648 5290 3727 5368; x_wconf 78' lang='grc' dir='ltr'>ἦν</span> 
     </span>
    </p>
   </div>
   <div class='ocr_carea' id='block_1_104' title="bbox 467 5385 2087 5470">
    <p class='ocr_par' dir='ltr' id='par_1_104' title="bbox 467 5399 2047 5469">
     <span class='ocr_line' id='line_1_104' title="bbox 467 5399 2047 5469; baseline 0.003 -16"><span class='ocrx_word' id='word_1_815' title='bbox 467 5414 674 5464; x_wconf 88' lang='lat' dir='ltr'><strong><em>eorum,</em></strong></span> <span class='ocrx_word' id='word_1_816' title='bbox 702 5399 968 5468; x_wconf 83' lang='lat' dir='ltr'><strong><em>primitias</em></strong></span> <span class='ocrx_word' id='word_1_817' title='bbox 996 5399 1168 5455; x_wconf 88' lang='lat' dir='ltr'><strong><em>omnis</em></strong></span> <span class='ocrx_word' id='word_1_818' title='bbox 1211 5399 1413 5456; x_wconf 87' lang='lat' dir='ltr'><strong><em>laboris</em></strong></span> <span class='ocrx_word' id='word_1_819' title='bbox 1445 5417 1648 5458; x_wconf 86' lang='lat' dir='ltr'><strong><em>eorum.</em></strong></span> <span class='ocrx_word' id='word_1_820' title='bbox 1679 5400 2047 5469; x_wconf 83' lang='lat' dir='ltr'><strong><em>Quemadmo-</em></strong></span> 
     </span>
    </p>
   </div>
   <div class='ocr_carea' id='block_1_105' title="bbox 2109 5385 3729 5470">
    <p class='ocr_par' dir='ltr' id='par_1_105' title="bbox 2149 5385 3729 5470">
     <span class='ocr_line' id='line_1_105' title="bbox 2149 5385 3729 5470; baseline -0.007 -16"><span class='ocrx_word' id='word_1_821' title='bbox 2149 5398 2416 5470; x_wconf 80' lang='grc' dir='ltr'>ἀριθμὸς,</span> <span class='ocrx_word' id='word_1_822' title='bbox 2451 5396 2551 5452; x_wconf 75' lang='lat' dir='ltr'><strong><em>real</em></strong></span> <span class='ocrx_word' id='word_1_823' title='bbox 2590 5395 2888 5466; x_wconf 70' lang='grc' dir='ltr'>κατέφαγε</span> <span class='ocrx_word' id='word_1_824' title='bbox 2925 5392 3125 5450; x_wconf 78' lang='grc' dir='ltr'>πάντα</span> <span class='ocrx_word' id='word_1_825' title='bbox 3169 5392 3387 5463; x_wconf 81' lang='grc' dir='ltr'>χόρτον</span> <span class='ocrx_word' id='word_1_826' title='bbox 3419 5389 3490 5444; x_wconf 84' lang='grc' dir='ltr'>ὲν</span> <span class='ocrx_word' id='word_1_827' title='bbox 3530 5386 3608 5458; x_wconf 74' lang='grc' dir='ltr'>τῇ</span> <span class='ocrx_word' id='word_1_828' title='bbox 3650 5385 3729 5459; x_wconf 72' lang='grc' dir='ltr'><strong><em>τῇ</em></strong></span> 
     </span>
    </p>
   </div>
   <div class='ocr_carea' id='block_1_106' title="bbox 470 5476 2090 5561">
    <p class='ocr_par' dir='ltr' id='par_1_106' title="bbox 470 5485 2047 5560">
     <span class='ocr_line' id='line_1_106' title="bbox 470 5485 2047 5560; baseline 0.005 -20"><span class='ocrx_word' id='word_1_829' title='bbox 470 5487 601 5540; x_wconf 87' lang='lat' dir='ltr'><strong><em>dum</em></strong></span> <span class='ocrx_word' id='word_1_830' title='bbox 625 5487 802 5558; x_wconf 88' lang='lat' dir='ltr'><strong><em>primo</em></strong></span> <span class='ocrx_word' id='word_1_831' title='bbox 832 5485 1131 5559; x_wconf 87' lang='lat' dir='ltr'><strong><em>Josepbum</em></strong></span> <span class='ocrx_word' id='word_1_832' title='bbox 1157 5490 1408 5560; x_wconf 88' lang='lat' dir='ltr'><strong><em>permisit</em></strong></span> <span class='ocrx_word' id='word_1_833' title='bbox 1437 5491 1494 5546; x_wconf 91' lang='lat' dir='ltr'><strong><em>in</em></strong></span> <span class='ocrx_word' id='word_1_834' title='bbox 1543 5491 1864 5547; x_wconf 88' lang='lat' dir='ltr'><strong><em>servitutem</em></strong></span> <span class='ocrx_word' id='word_1_835' title='bbox 1901 5491 2047 5548; x_wconf 90' lang='lat' dir='ltr'><strong><em>redi-</em></strong></span> 
     </span>
    </p>
   </div>
   <div class='ocr_carea' id='block_1_107' title="bbox 2102 5476 3722 5561">
    <p class='ocr_par' dir='ltr' id='par_1_107' title="bbox 2151 5476 3722 5561">
     <span class='ocr_line' id='line_1_107' title="bbox 2151 5476 3722 5561; baseline -0.004 -21"><span class='ocrx_word' id='word_1_836' title='bbox 2151 5487 2369 5554; x_wconf 78' lang='grc' dir='ltr'>αὐτῶν,</span> <span class='ocrx_word' id='word_1_837' title='bbox 2398 5487 2498 5543; x_wconf 76' lang='grc' dir='ltr'>καὶ</span> <span class='ocrx_word' id='word_1_838' title='bbox 2528 5485 2822 5557; x_wconf 69' lang='grc' dir='ltr'>κατέφαγε</span> <span class='ocrx_word' id='word_1_839' title='bbox 2848 5483 3045 5540; x_wconf 81' lang='grc' dir='ltr'>πάντα</span> <span class='ocrx_word' id='word_1_840' title='bbox 3070 5483 3179 5538; x_wconf 84' lang='grc' dir='ltr'>τὸν</span> <span class='ocrx_word' id='word_1_841' title='bbox 3210 5481 3444 5551; x_wconf 86' lang='grc' dir='ltr'>καρπὸν</span> <span class='ocrx_word' id='word_1_842' title='bbox 3469 5478 3580 5547; x_wconf 85' lang='grc' dir='ltr'>τῆς</span> <span class='ocrx_word' id='word_1_843' title='bbox 3609 5476 3722 5561; x_wconf 70' lang='grc' dir='ltr'><strong><em>τῆς</em></strong></span> 
     </span>
    </p>
   </div>
   <div class='ocr_carea' id='block_1_108' title="bbox 471 5566 2091 5651">
    <p class='ocr_par' dir='ltr' id='par_1_108' title="bbox 471 5574 2048 5651">
     <span class='ocr_line' id='line_1_108' title="bbox 471 5574 2048 5651; baseline 0.006 -22"><span class='ocrx_word' id='word_1_844' title='bbox 471 5574 548 5646; x_wconf 86' lang='lat' dir='ltr'><strong><em>gi,</em></strong></span> <span class='ocrx_word' id='word_1_845' title='bbox 601 5589 666 5632; x_wconf 86' lang='lat' dir='ltr'><strong><em>ac</em></strong></span> <span class='ocrx_word' id='word_1_846' title='bbox 691 5578 1046 5648; x_wconf 89' lang='lat' dir='ltr'><strong><em>compedibus</em></strong></span> <span class='ocrx_word' id='word_1_847' title='bbox 1068 5577 1323 5651; x_wconf 78' lang='lat' dir='ltr'><strong><em>ferroque</em></strong></span> <span class='ocrx_word' id='word_1_848' title='bbox 1345 5581 1653 5650; x_wconf 86' lang='lat' dir='ltr'><strong><em>humiliari;</em></strong></span> <span class='ocrx_word' id='word_1_849' title='bbox 1699 5581 1898 5639; x_wconf 87' lang='lat' dir='ltr'><strong><em>deinde</em></strong></span> <span class='ocrx_word' id='word_1_850' title='bbox 1917 5598 2048 5638; x_wconf 83' lang='lat' dir='ltr'><strong><em>vero</em></strong></span> 
     </span>
    </p>
   </div>
   <div class='ocr_carea' id='block_1_109' title="bbox 2107 5566 3727 5651">
    <p class='ocr_par' dir='ltr' id='par_1_109' title="bbox 2153 5566 3727 5644">
     <span class='ocr_line' id='line_1_109' title="bbox 2153 5566 3727 5644; baseline -0.007 -10"><span class='ocrx_word' id='word_1_851' title='bbox 2153 5577 2370 5634; x_wconf 83' lang='grc' dir='ltr'>αὐτῶν.</span> <span class='ocrx_word' id='word_1_852' title='bbox 2406 5579 2516 5634; x_wconf 83' lang='grc' dir='ltr'><strong><em>Καὶ</em></strong></span> <span class='ocrx_word' id='word_1_853' title='bbox 2555 5577 2816 5641; x_wconf 75' lang='grc' dir='ltr'>ἐπάταξε</span> <span class='ocrx_word' id='word_1_854' title='bbox 2842 5575 2966 5633; x_wconf 83' lang='grc' dir='ltr'>πᾶν</span> <span class='ocrx_word' id='word_1_855' title='bbox 3008 5575 3384 5644; x_wconf 85' lang='grc' dir='ltr'>πρωτότοκον</span> <span class='ocrx_word' id='word_1_856' title='bbox 3420 5570 3491 5625; x_wconf 79' lang='grc' dir='ltr'>ἐν</span> <span class='ocrx_word' id='word_1_857' title='bbox 3532 5567 3606 5638; x_wconf 75' lang='grc' dir='ltr'>τῇ</span> <span class='ocrx_word' id='word_1_858' title='bbox 3650 5566 3727 5638; x_wconf 74' lang='grc' dir='ltr'><strong><em>τῇ</em></strong></span> 
     </span>
    </p>
   </div>
   <div class='ocr_carea' id='block_1_110' title="bbox 472 5662 2092 5747">
    <p class='ocr_par' dir='ltr' id='par_1_110' title="bbox 472 5667 2050 5747">
     <span class='ocr_line' id='line_1_110' title="bbox 472 5667 2050 5747; baseline 0.005 -24"><span class='ocrx_word' id='word_1_859' title='bbox 472 5674 602 5737; x_wconf 88' lang='lat' dir='ltr'><strong><em>post</em></strong></span> <span class='ocrx_word' id='word_1_860' title='bbox 653 5667 838 5724; x_wconf 85' lang='lat' dir='ltr'><strong><em>datum</em></strong></span> <span class='ocrx_word' id='word_1_861' title='bbox 888 5669 1108 5727; x_wconf 89' lang='lat' dir='ltr'><strong><em>virtutis</em></strong></span> <span class='ocrx_word' id='word_1_862' title='bbox 1171 5671 1630 5744; x_wconf 81' lang='lat' dir='ltr'><strong><em>experimentum,</em></strong></span> <span class='ocrx_word' id='word_1_863' title='bbox 1703 5673 1773 5731; x_wconf 85' lang='lat' dir='ltr'><strong><em>ad</em></strong></span> <span class='ocrx_word' id='word_1_864' title='bbox 1823 5689 2050 5747; x_wconf 86' lang='lat' dir='ltr'><strong><em>regnum</em></strong></span> 
     </span>
    </p>
   </div>
   <div class='ocr_carea' id='block_1_111' title="bbox 2110 5662 3730 5747">
    <p class='ocr_par' dir='ltr' id='par_1_111' title="bbox 2157 5662 3730 5741">
     <span class='ocr_line' id='line_1_111' title="bbox 2157 5662 3730 5741; baseline -0.008 -12"><span class='ocrx_word' id='word_1_865' title='bbox 2157 5672 2376 5741; x_wconf 76' lang='grc' dir='ltr'>αὐτῶν,</span> <span class='ocrx_word' id='word_1_866' title='bbox 2424 5671 2708 5741; x_wconf 76' lang='grc' dir='ltr'>ἀπαρχὴν</span> <span class='ocrx_word' id='word_1_867' title='bbox 2750 5669 2976 5737; x_wconf 80' lang='grc' dir='ltr'>παντὸς</span> <span class='ocrx_word' id='word_1_868' title='bbox 3015 5669 3205 5724; x_wconf 86' lang='grc' dir='ltr'>πόνου</span> <span class='ocrx_word' id='word_1_869' title='bbox 3251 5663 3465 5721; x_wconf 76' lang='grc' dir='ltr'>αὐτῶν.</span> <span class='ocrx_word' id='word_1_870' title='bbox 3516 5662 3730 5736; x_wconf 74' lang='grc' dir='ltr'>Ὠσπερ</span> 
     </span>
    </p>
   </div>
   <div class='ocr_carea' id='block_1_112' title="bbox 545 5822 1492 5906">
    <p class='ocr_par' dir='ltr' id='par_1_112' title="bbox 545 5822 1492 5906">
     <span class='ocr_line' id='line_1_112' title="bbox 545 5822 1492 5906; baseline -0.001 -24"><span class='ocrx_word' id='word_1_871' title='bbox 545 5824 592 5906; x_wconf 55' lang='lat' dir='ltr'><strong><em>f&#39;</em></strong></span> <span class='ocrx_word' id='word_1_872' title='bbox 629 5822 760 5882; x_wconf 84' lang='lat' dir='ltr'><strong><em>Gen.</em></strong></span> <span class='ocrx_word' id='word_1_873' title='bbox 801 5841 922 5893; x_wconf 75' lang='grc' dir='ltr'>ιιν,</span> <span class='ocrx_word' id='word_1_874' title='bbox 959 5825 1068 5894; x_wconf 72' lang='lat'><strong><em>2&#39;7;</em></strong></span> <span class='ocrx_word' id='word_1_875' title='bbox 1108 5826 1225 5884; x_wconf 81' lang='lat' dir='ltr'><strong><em>Act.</em></strong></span> <span class='ocrx_word' id='word_1_876' title='bbox 1259 5843 1367 5904; x_wconf 76' lang='lat' dir='ltr'><strong><em>vn,</em></strong></span> <span class='ocrx_word' id='word_1_877' title='bbox 1407 5827 1492 5884; x_wconf 71' lang='lat' dir='ltr'><strong><em>il.</em></strong></span> 
     </span>
    </p>
   </div>
  </div>
