4102 6446
396 470 540 527 1509

1451 466 1954 526 COMMENTARIA
1991 465 2057 521 IN
2098 466 2438 528 PSALMO‘S.

3496 470 3634 527 1510

388 587 479 639 τὸν
524 584 723 657 Ἰωσὴφ
765 584 976 656 πρῶτον
1008 585 1279 655 συγχωρεῖ
1305 583 1604 651 δουλεῦσαι,
1647 586 1741 639 καὶ
1774 585 1959 648 πέδαις

2063 584 2271 651 evexit;
2304 585 2385 639 sic
2410 584 2576 638 etiam
2607 598 2754 639 nunc
2784 599 2906 640 eum
2937 586 3100 642 vellet
3161 587 3418 658 populum
3450 589 3636 658 provi-

388 680 484 732 καὶ
514 678 714 749 σιδήρῳ
753 677 1181 747 ταπεινωθῆναι·
1208 675 1325 731 εἶτα
1355 677 1492 747 μετὰ
1532 677 1701 731 ταῦτα
1731 677 1959 747 δοκιμὴν

386 770 655 824 δεδωκότα
680 770 780 838 τῆς
802 769 1006 833 οἰκείας
1029 771 1245 841 ἀρετῆς,
1281 769 1509 839 προάγει
1530 771 1620 821 ἐπὶ
1652 769 1954 838 βασιλείαν·

386 860 530 914 οὕτω
558 860 778 926 καὶνῦν,
799 860 1118 931 βουλόμενος
1157 862 1255 931 τῆς
1284 860 1447 914 αὐτοῦ
1489 860 1791 927 ἐπισκοπῆς
1817 876 1956 912 κατ-

386 952 617 1019 αξιῶσαι
652 954 742 1005 τὸν
787 952 933 1016 λαὸν,
986 953 1202 1025 πρῶτον
1224 952 1385 1007 αὐτὸν
1426 950 1796 1023 πειρατηρίοις
1823 950 1961 1003 ἐκδί-

384 1043 568 1107 δωσιν,
624 1044 689 1096 ἵν’
737 1042 964 1115 ὔστερον
1008 1044 1172 1115 λεχθῇ
1226 1042 1316 1096 τό·
1368 1042 1479 1095 Kal
1529 1040 1862 1105 ἐστέναξαν
1903 1043 1959 1093 ol

384 1133 504 1186 vlol
560 1132 830 1201 Ἰσραὴλ,
876 1134 975 1186 καὶ
1024 1132 1355 1201 ἐκέκραξαν
1396 1130 1546 1198 πρὸς
1591 1131 1808 1198 Κύριον
1852 1128 1960 1183 τὸν

388 1221 538 1276 Θεὸν
568 1221 785 1287 αὐτῶν,
826 1223 923 1277 καὶ
969 1223 1149 1291 ἀνέϐη
1192 1225 1231 1291 η
1259 1220 1383 1289 ,βοὴ
1431 1219 1629 1275 αὐτῶν
1667 1219 1818 1288 πρὸς
1852 1218 1960 1274 τὸν

389 1311 539 1365 Θεὸν
567 1313 686 1366 ἀπὸ
711 1313 829 1366 τῶν
858 1314 1065 1382 ἔργων.
1094 1314 1205 1366 Καὶ
1235 1309 1599 1377 εισήκουσεν
1619 1311 1651 1363 ὁ
1679 1308 1821 1373 Θεὸς
1852 1307 1962 1362 τὸν

386 1404 724 1474 στεναγμὸν
744 1404 971 1459 αὐτῶν·
1016 1405 1113 1458 καὶ
1138 1402 1409 1473 ἐμνήσθη
1435 1405 1467 1456 ό
1507 1402 1655 1467 Θεὸς
1685 1399 1796 1468 τῆς
1831 1399 1957 1453 δια-

386 1494 580 1563 θήκης
624 1496 809 1550 αῠτοῦ
846 1494 955 1563 τῆς
1000 1495 1150 1564 πρὸς
1185 1495 1431 1563 Ἀϐραὰμ
1478 1492 1578 1547 καὶ
1622 1492 1818 1548 Ἰσαὰκ
1859 1491 1957 1545 καὶ

399 1585 611 1641 Ἰακώϐ.
653 1586 763 1641 Kal
789 1586 1025 1640 ἐπεῖδεν
1054 1590 1088 1640 ό
1126 1586 1270 1652 Θεὸς
1315 1584 1459 1651 τοὺς
1487 1584 1659 1649 υἱοὺς
1698 1581 1956 1650 Ἰσραὴλ,

384 1678 485 1733 καὶ
509 1678 779 1749 ἐγνώσθη
817 1678 1040 1745 αὐτοῖς.
1079 1678 1298 1749 Ἐπειδὴ
1328 1677 1386 1731 δὲ
1418 1677 1654 1750 εἴρηται,
1684 1675 1766 1729 ὅτι
1789 1673 1959 1745 μετέ-

384 1772 613 1838 στρεψε
655 1768 771 1838 τὴν
800 1768 1052 1837 καρδίαν
1096 1766 1311 1832 αὐτῶν,
1357 1767 1599 1839 δηλονότι
1647 1765 1754 1819 τῶν
1793 1767 1959 1834 Αἰγυ-

384 1863 576 1927 πτίων,
614 1861 720 1915 τοῦ
738 1860 998 1930 μισῆσαι
1029 1860 1137 1914 τὸν
1163 1861 1318 1916 λαὸν
1342 1858 1547 1923 αὐτοῦ,
1575 1860 1741 1930 ἐρεῖς,
1775 1858 1857 1911 ὅτι
1880 1856 1959 1910 δι-

2066 676 2249 730 dentia
2274 690 2373 731 sua
2398 675 2637 745 dignari,
2672 677 2853 746 ipsum
2891 679 3067 748 primo
3098 681 3492 736 tentationibus
3525 691 3637 734 tra-

2067 767 2228 831 didit,
2256 775 2317 821 nt
2352 768 2702 837 postmodum
2737 767 3011 823 diceretur
3053 770 3186 825 illud
3223 788 3236 824 :
3269 772 3336 825 Et
3373 774 3635 843 ingemue-

2065 866 2189 911 runt
2227 858 2331 925 ﬁlii
2374 856 2570 924 Israel,
2630 867 2680 912 et
2731 859 3156 914 exclamaverunt
3214 861 3282 914 ad
3349 861 3634 916 Dominum

2066 947 2235 1001 Deum
2265 964 2439 1015 suum,
2472 958 2522 1001 et
2554 949 2789 1001 ascendit
2818 948 3022 1002 clamor
3041 966 3221 1003 eorum
3260 950 3328 1003 ad
3373 950 3537 1005 Deum
3566 951 3633 1005 ab

2066 1038 2306 1107 operibus
2345 1056 2363 1095 :
2389 1050 2435 1093 et
2466 1040 2736 1093 exaudivit
2784 1038 2923 1094 Deus
2951 1043 3200 1110 gemitum
3227 1057 3425 1103 eorum,
3473 1051 3522 1095 et
3553 1058 3634 1095 re-

2066 1130 2315 1185 cordatus
2352 1142 2430 1186 est
2480 1131 2626 1185 Deus
2662 1134 2960 1185 testamenti
3015 1133 3100 1185 sui
3143 1131 3211 1184 ad
3269 1131 3537 1186 Abraham
3582 1143 3635 1187 et

2066 1219 2227 1275 Isaac
2267 1230 2319 1276 et
2362 1219 2551 1278 Iacob.
2586 1220 2657 1274 Et
2715 1222 2941 1289 respexit
2992 1220 3132 1274 Deus
3171 1218 3312 1288 ﬁlios
3365 1218 3557 1282 Israel,
3584 1229 3635 1273 et

2064 1310 2306 1379 cognitus
2334 1318 2412 1363 est
2435 1310 2546 1363 illis
2570 1309 2633 1363 ⁸⁸.
2657 1308 2796 1374 Quia
2835 1324 2968 1364 vero
3010 1309 3216 1363 dictum
3249 1316 3355 1375 est,
3384 1310 3636 1363 convertit

2065 1416 2158 1453 cor
2180 1414 2389 1464 eorum,
2436 1399 2648 1455 scilicet
2680 1399 3092 1471 Egyptiorum;
3151 1414 3209 1454 ιιι
3241 1400 3445 1454 adirent
3473 1415 3637 1468 popu-

2066 1491 2175 1544 lum
2203 1491 2317 1561 ejus
2343 1507 2363 1557 ;
2391 1491 2544 1547 dicas
2573 1491 2742 1548 Deum
2778 1492 2883 1547 hoc
2906 1492 3031 1562 jure
3061 1492 3276 1548 fecisse.
3321 1491 3461 1559 Quia
3490 1492 3637 1547 enim

2064 1584 2122 1638 in
2157 1583 2330 1638 multa
2352 1583 2594 1651 licentia,
2646 1584 2897 1639 libertate
2938 1592 2992 1639 et
3031 1584 3239 1639 honore
3273 1584 3417 1656 apud
3470 1583 3639 1655 IEgy-

2064 1677 2207 1746 ptios
2238 1674 2478 1741 fuerant,
2509 1676 2567 1730 in
2608 1677 2937 1732 oblivionem
2995 1675 3091 1732 Dei
3135 1676 3299 1747 patrii
3348 1676 3434 1730 sui
3472 1691 3639 1731 vene-

2062 1777 2216 1835 runt,
2234 1782 2300 1823 ac
2326 1783 2447 1824 sese
2476 1768 2651 1824 cultui
2685 1768 3067 1839 Egyptiorum
3117 1765 3385 1822 idolorum
3416 1766 3639 1823 dedide-

2062 1870 2212 1915 runt.
2240 1860 2605 1925 Quamobrem
2633 1861 2759 1931 jure
2784 1859 3070 1931 Egyptios
3102 1859 3366 1915 adversus
3399 1860 3521 1916 illos
3544 1874 3639 1915 ex-

384 1949 557 2013 καίως
588 1950 823 2021 ἔπραξεν
853 1951 883 2002 ὁ
920 1950 1073 2014 Θεός.
1117 1950 1332 2022 Ἐπειδὴ
1363 1951 1493 2023 γὰρ,
1523 1952 1582 2004 ὲν
1609 1950 1777 2020 πολλῇ
1807 1967 1959 2020 γεγο-

2063 1951 2270 2016 citavit,
2297 1952 2425 2021 quia
2469 1952 2574 2008 sibi
2626 1951 2760 2022 ipsis
2790 1951 3019 2008 ﬁdentes
3049 1952 3219 2006 Deum
3248 1952 3634 2022 neglexerant;

384 2040 534 2104 νότες
565 2042 747 2095 ἀνέσει
781 2041 873 2095 καὶ
922 2041 1203 2113 ἐλευθερίᾳ
1244 2042 1338 2096 καὶ
1369 2044 1500 2112 τιμῇ
1535 2039 1687 2113 παρὰ
1726 2042 1839 2105 τοῖς
1866 2044 1961 2096 Al-

382 2131 652 2199 γυπτίοις,
688 2134 769 2196 εἰς
799 2132 967 2204 λήθην
992 2128 1155 2202 ἦλθον
1175 2132 1269 2185 τοῦ
1301 2132 1554 2204 πατρῴου
1578 2132 1736 2197 Θεοῦ,
1761 2132 1955 2199 ἐξέδω-

383 2238 485 2274 καν
515 2222 572 2275 δὲ
596 2224 822 2287 ἑαυτοὺς
847 2226 965 2287 ταῖς
990 2224 1099 2276 τῶν
1131 2224 1441 2292 Αἰγυπτίων
1462 2222 1952 2297 είδωλολατρείαιςο

382 2309 472 2363 διὰ
519 2311 677 2366 τοῦτο
725 2313 948 2379 δικαίως
1002 2315 1187 2378 αὐτοῖς
1244 2314 1579 2385 ὲπανέστησε
1632 2317 1758 2379 τοὺς
1789 2317 1955 2385 Αἰγυ-

2063 2050 2124 2097 ut
2152 2042 2223 2098 ab
2269 2043 2338 2100 iis
2384 2043 2592 2109 aﬂlicti,
2636 2044 2978 2108 ediscerent,
3030 2059 3205 2115 neque
3260 2044 3417 2115 ipsis,
3462 2060 3640 2115 neque

2062 2134 2360 2189 multorum
2389 2135 2676 2191 numinum
2720 2135 3100 2206 superstitioni
3134 2136 3446 2191 haerendum
3474 2152 3632 2204 esse;

2060 2234 2225 2297 atque
2276 2229 2344 2282 ad
2401 2226 2572 2283 Deum
2633 2238 2850 2298 patrum
2910 2243 3137 2284 suorum
3183 2243 3304 2284 sese
3354 2236 3638 2283 converte-

2057 2324 2182 2372 rent

384 2404 593 2469 πτίους,
654 2405 840 2476 ἐπειδὴ
888 2405 1207 2469 πεποιθότες
1254 2406 1466 2470 ἑαυτοῖς
1517 2406 1981 2479 κατωλιγώρησαν
2042 2407 2137 2461 τοῦ
2198 2407 2357 2473 Θεοῦ,
2404 2409 2553 2474 ὅπως
2602 2409 2874 2473 θλιϐἐντες
2917 2410 3008 2465 ὑπ’
3056 2411 3235 2464 αὐτῶν
3283 2410 3492 2482 μάθωσι
3540 2410 3638 2480 μὲν

385 2495 460 2567 μὴ
494 2495 779 2567 προσέχειν
812 2497 1060 2562 ἐκείνοις,
1091 2496 1224 2569 μηδὲ.
1261 2499 1328 2568 τῇ
1364 2496 1609 2567 πολυθὲῳ
1674 2497 1853 2553 αὐτῶν
1889 2498 2297 2573 δεισιδαιμονίᾳ,
2336 2499 2706 2573 ὲπιστρέψωσι
2746 2500 2803 2553 δὲ
2845 2501 2941 2554 ἐπὶ
2997 2501 3090 2555 τὸν
3140 2500 3272 2555 Θεὸν
3327 2501 3435 2555 τῶν
3485 2500 3638 2556 πατέ-

384 2602 493 2656 ρων
521 2587 718 2641 αὐτῶν.

452 2704 562 2760 Kal
592 2704 885 2775 ἐξήγαγεν
910 2707 1133 2774 αὐτοὺς
1170 2707 1240 2761 ἐν
1274 2708 1537 2777 ἀργυρίῳ
1574 2708 1674 2763 καὶ
1697 2708 1952 2779 χρυσίῳ,

380 2796 481 2850 καί
508 2796 619 2848 οὐκ
647 2789 725 2865 ἦν
743 2794 813 2847 ἐν
840 2794 972 2861 ταῖς
1002 2796 1223 2864 φυλαῖς
1241 2796 1437 2851 αὐτῶν
1465 2800 1499 2851 ό
1525 2797 1815 2853 ἀσθενῶν.
1840 2800 1959 2854 Εὐ·

385 2884 618 2956 φράνθη
644 2886 945 2955 Αιγυπτος
974 2887 1043 2941 ὲν
1076 2887 1265 2955 ἐξόδῳ
1286 2888 1505 2955 αὐτῶν,
1548 2889 1637 2944 ὅτι
1661 2890 1960 2945 ἐπέπεσεν

383 2981 418 3031 ό
454 2977 640 3046 φόϐος
667 2977 861 3031 αὐτῶν
886 2978 977 3031 ἐπ’
1004 2979 1244 3045 αὐτούς.
1284 2980 1341 3033 '0
1361 2980 1495 3044 Θεὸς
1530 2981 1855 3053 προστάττει
1885 2980 1961 3053 τῷ

380 3067 496 3138 λαῷ
527 3067 615 3122 διὰ
637 3068 915 3133 Μωῦσέως
944 3068 1232 3123 σκυλεῦσαι
1256 3071 1380 3134 τοὺς
1394 3072 1719 3140 Αἰγυπτίους
1729 3072 1804 3135 ὡς
1825 3089 1964 3127 νενι-

380 3158 673 3231 κημένους,
723 3158 819 3212 καὶ
848 3160 1038 3230 μισθὸν
1070 3162 1201 3233 παρ’
1229 3161 1410 3215 αὐτῶν
1432 3162 1826 3233 εἰσπράξασθαι
1862 3164 1964 3235 τῆς

387 3251 786 3322 μακροχρονίου
832 3250 1095 3316 δουλείας,
1138 3247 1207 3324 ἦς
1248 3253 1443 3316 αὐτοὺς
1476 3255 1960 3311 κατεδουλώσαντο.

379 3343 494 3398 Kal
526 3345 638 3398 οὐκ
668 3339 749 3414 ἦν
794 3344 924 3411 ταῖς
966 3345 1187 3414 φυλαῖς
1232 3346 1431 3400 αὐτῶν
1474 3347 1507 3401 ὁ
1539 3347 1835 3403 ἀσθενῶν.
1889 3347 1962 3403 Τῢ

380 3435 492 3507 γὰρ
531 3435 713 3508 πολλῷ
753 3436 1186 3507 παραδοξότερον
1234 3437 1393 3491 τοῦτο
1437 3432 1528 3509 ἦν,
1567 3441 1651 3493 ὅτι
1684 3439 1824 3511 μετὰ
1872 3441 1964 3495 τὸν

380 3526 565 3591 πόνον,
607 3526 745 3597 μετὰ
763 3527 862 3597 τὴν
892 3526 1188 3591 πλινθείαν,
1223 3527 1359 3599 μετὰ
1375 3528 1472 3599 τὴν
1495 3529 1761 3601 τοσαύτην
1780 3531 1965 3586 ταλαι-

381 3615 592 3686 πωρίαν
614 3616 708 3669 καὶ
735 3616 835 3679 τὰς
861 3616 1150 3686 μάστιγας,
1180 3617 1300 3671 οὐδὲ
1324 3616 1407 3681 εἷς
1433 3614 1502 3689 ἦν
1529 3620 1559 3672 ὁ
1588 3621 1852 3691 ἀσθενῶν,
1870 3623 1964 3680 καὶ

380 3705 541 3758 τοῦτο
566 3706 834 3761 τοσούτων
867 3707 1091 3778 πληγῶν
1134 3710 1193 3760 ἐν
1218 3708 1487 3779 Αἰγύπτῳ
1511 3711 1958 3782 κατενεχθεισῶν.

381 3797 555 3851 Τοῦτο
583 3799 679 3853 καὶ
707 3800 808 3871 τῆς
848 3799 1063 3870 φύσεως
1092 3801 1261 3872 αὐτῆς
1304 3801 1401 3873 τὴν
1449 3802 1769 3856 ἀκολουθίαν
1797 3805 1963 3876 ὑπερ-

381 3887 619 3943 ἐὸαινεν.

451 3978 773 4035 Διεπέτιισε
798 3980 1062 4051 νεφέλην
1081 3985 1168 4049 είς
1193 3983 1434 4053 σκεπὴν
1460 3985 1685 4053 αυτοῖς,
1717 3986 1816 4041 και
1838 3986 1959 4056 πῦρ

381 4070 490 4125 τοῦ
520 4072 773 4140 φωτίσαι
797 4074 1000 4141 αὐτοῖς
1032 4075 1146 4145 τὴν
1164 4077 1375 4131 νύκτα.
1412 4078 1646 4134 Διελθὼν
1672 4080 1772 4144 τὰς
1820 4080 1960 4136 κατὰ

380 4162 487 4218 τῶν
515 4164 825 4232 Αἰγυπτίων
857 4167 1144 4236 μάστιγας,
1180 4168 1488 4234 ἀκολούθως
1516 4170 1832 4242 μεταϐαίνει
1867 4164 1963 4226 ὲπῖ

380 4253 483 4314 τὰς
510 4255 811 4325 γενομένας
841 4256 919 4327 τῷ
953 4258 1169 4330 Ἰσραὴλ
1200 4260 1545 4331 εὐεργεσίας·
1571 4262 1704 4334 ὁμοῦ
1735 4265 1833 4336 μὲν
1866 4265 1961 4319 καὶ

382 4346 529 4416 ἡμᾶς
565 4348 891 4419 προτρέπων
919 4349 1140 4419 φεύγειν
1167 4351 1258 4405 τὸν
1294 4353 1588 4416 Αίγύπτιον
1615 4356 1835 4422 τρόπον,
1884 4358 1960 4424 ὡς

381 4432 449 4486 ἂν
483 4434 558 4505 μὴ
578 4438 691 4499 τοῖς
720 4437 855 4500 ίσοις
886 4440 1273 4513 περιπέσωμεν
1291 4459 1305 4483 θ
1337 4442 1589 4515 εὔχεσθαι
1617 4445 1674 4499 δὲ
1704 4442 1841 4502 εἶναι
1863 4449 1962 4520 τῆς

2126 2707 2294 2764 Vens.
2328 2708 2419 2773 '57,
2450 2707 2540 2765 38.
2564 2705 2632 2761 Et
2655 2704 2871 2761 deduxit
2892 2722 2981 2761 eos
3002 2723 3119 2761 cum
3149 2717 3364 2778 argento
3394 2717 3443 2763 et
3469 2726 3568 2763 aur
3585 2727 3637 2777 ο,

2059 2810 2108 2855 et
2141 2817 2246 2854 non
2273 2809 2389 2855 erat
2440 2799 2495 2853 in
2544 2797 2784 2853 tribubus
2813 2814 2994 2852 eorum
3024 2799 3289 2867 inﬁrmus.
3324 2798 3534 2855 Laetata
3561 2811 3640 2857 est

2062 2892 2329 2963 Egyptus
2359 2892 2416 2945 in
2463 2891 2787 2961 profectione
2814 2908 3018 2957 eorum,
3045 2893 3171 2963 quia
3217 2892 3455 2947 incubuit
3481 2896 3641 2949 timor

2064 2999 2247 3039 eorum
2272 2999 2429 3053 super
2456 3000 2564 3038 eos.
2598 2982 2742 3038 Deus
2763 2997 2859 3053 per
2881 2981 3118 3054 Moysem
3138 2983 3339 3054 populo
3366 2984 3637 3055 praecipit,

2071 3084 2132 3130 ut
2164 3075 2453 3147 [Egyptios
2470 3082 2733 3145 tanquam
2766 3076 2943 3129 victos
2977 3075 3230 3144 spolient,
3267 3090 3331 3130 ac
3363 3075 3641 3131 diuturna:

2070 3167 2214 3238 apud
2246 3167 2370 3221 illos
2397 3166 2700 3229 servitutis,
2734 3181 2842 3235 qua
2890 3165 3017 3219 illos
3056 3173 3464 3235 oppresserant,
3500 3183 3641 3237 prae-

2065 3259 2234 3313 mium
2263 3265 2540 3328 expetant.
2573 3256 2642 3311 Et
2670 3273 2775 3311 non
2801 3267 2917 3312 erat
2948 3258 3004 3311 in
3068 3256 3303 3311 tribubus
3345 3274 3525 3312 eorum
3553 3260 3640 3313 in-

2065 3346 2274 3417 ﬁrmus.
2291 3344 2560 3414 Quodque
2577 3343 2750 3399 multo
2775 3343 3083 3400 mirabilius
3111 3352 3250 3410 erat,
3280 3355 3404 3414 post
3427 3351 3640 3400 tantum

2064 3438 2335 3500 laborem,
2364 3444 2491 3508 post
2531 3437 2766 3493 laterum
2795 3437 3123 3500 coctionem,
3145 3443 3271 3506 post
3299 3441 3503 3490 tantam
3538 3437 3639 3491 mi-

2064 3529 2265 3585 seriam
2297 3538 2352 3583 et
2403 3535 2484 3583 tot
2539 3528 2797 3591 verbera,
2841 3542 2911 3581 ne
2948 3540 3092 3580 unus
3125 3525 3344 3595 quidem
3389 3524 3641 3582 inﬁrmus

2061 3616 2394 3687 erat,idque
2423 3617 2591 3672 tantis
2615 3617 2790 3686 plagis
2820 3614 3057 3685 Egypto
3075 3614 3260 3669 illatis.
3302 3612 3419 3670 Hoc
3452 3617 3640 3686 utique

2062 3715 2273 3762 natura:
2302 3706 2549 3762 ordinem
2585 3703 2944 3760 transcendit.

2129 3985 2300 4042 Vens.
2334 3985 2425 4041 59.
2482 3981 2752 4053 Expandit
2784 3979 2973 4035 nubem
3018 3981 3075 4034 in
3123 3981 3498 4048 protectionem
3541 3996 3633 4035 eo-

2061 4096 2203 4144 rum,
2234 4087 2286 4133 et
2311 4079 2504 4149 ignem,
2535 4084 2595 4130 ut
2619 4075 2810 4129 luceret
2840 4074 2915 4128 eis
2944 4089 3037 4142 per
3064 4082 3290 4129 noctem.
3326 4071 3636 4128 Recensitis

2063 4168 2447 4240 Egyptiorum
2479 4167 2677 4238 plagis,
2709 4172 3109 4235 consequenter
3140 4164 3342 4220 transit
3367 4165 3435 4219 ad
3470 4165 3636 4221 bene-

2062 4259 2185 4314 ﬁcia
2214 4258 2400 4314 lsraeli
2429 4259 2626 4314 collata
2666 4276 2681 4312 :
2708 4257 2868 4313 simul
2904 4271 3007 4312 nos
3030 4255 3331 4313 admonens
3365 4267 3426 4311 ut
3452 4257 3635 4329 Egy—

2061 4351 2275 4421 ptiacos
2305 4365 2488 4405 mores
2522 4348 2817 4421 fugiamus,
2853 4363 2923 4404 ne
2974 4348 3031 4402 in
3077 4348 3230 4419 paria
3285 4348 3632 4417 incidamus;

2063 4455 2457 4511 precemurque
2510 4446 2572 4494 ut
2618 4438 2675 4493 in
2722 4437 2975 4509 portione
3008 4435 3104 4491 Dei
3152 4436 3515 4501 ascribamur,
3544 4440 3633 4495 cui

385 4525 602 4617 μερίδος
623 4525 721 4617 τού
747 4527 904 4617 Θεοῦ,
982 4534 1209 4603 παρεῖχε
1235 4532 1332 4597 τὰς
1352 4535 1410 4600 ἐξ
1438 4536 1602 4590 αὐτοῦ
1623 4538 1958 4609 εὐεργεσίας·

2064 4532 2327 4590 beneﬁcia
2372 4546 2471 4589 sua
2520 4530 2826 4602 impertiit:
2876 4531 3117 4601 itemque
3173 4544 3632 4599 commemorans,

382 4613 521 4684 ὁμοῦ
551 4615 645 4668 καὶ
678 4610 751 4669 ὧν
775 4616 1085 4691 ἠξιώθησαν
1115 4622 1432 4693 παραδόξων
1454 4626 1588 4679 Θεοῦ
1627 4629 1676 4680 οἱ
1709 4630 1774 4682 ὲκ
1799 4647 1955 4701 περι-

382 4706 558 4776 τομῆς
588 4708 960 4779 μνημονεύων,
984 4712 1067 4773 el;
1100 4711 1321 4784 ἔλεγχον
1357 4716 1455 4786 μὲν
1480 4714 1575 4769 τοῦ
1608 4718 1789 4773 αὐτῶν
1811 4720 1958 4775 ὲκεί-

383 4811 493 4847 νων
544 4796 767 4865 τρόπον,
820 4799 1115 4868 ἀπολογίαν
1142 4801 1201 4855 δὲ
1251 4804 1355 4875 τῆς
1400 4806 1540 4877 μετὰ
1574 4806 1747 4862 ταῦτα
1778 4808 1958 4865 αὐτῶν

384 4888 675 4961 ἀποϐολῆς.

464 4983 712 5053 "grues,
733 4984 832 5038 καὶ
858 4982 1045 5054 ἦλθεν
1055 4985 1485 5058 ὀρτυγομήτρα,
1520 4991 1617 5046 καὶ
1642 4991 1837 5060 ἄρτων
1861 4994 1961 5047 οὐη

376 5073 569 5142 par-of:
594 5074 934 5143 ἐνέπλησεν
964 5078 1202 5143 αὐτούς.
1248 5078 1565 5149 Ἀνέρρηξε
1595 5082 1839 5151 πέτραν,
1861 5082 1961 5139 καὶ

384 5164 693 5233 ἐρρύησαν
740 5168 948 5232 ὕδατα,
978 5169 1397 5238 ἐπορεύθησαν
1430 5172 1500 5225 ἐν
1536 5173 1818 5243 ἀνύδροις
1854 5188 1961 5227 πο-

385 5257 560 5324 ταμοί
574 5274 588 5287 ο
626 5257 715 5310 ὅτι
740 5257 1014 5327 ἐμνήσθη
1054 5259 1162 5314 τοῦ
1186 5261 1374 5330 λόγου
1404 5263 1514 5317 τοῦ
1550 5263 1723 5333 ἁγίου
1752 5265 1961 5330 αὐτοῦ,

383 5345 493 5399 τοῦ
520 5348 668 5414 πρὸς
701 5348 945 5417 Ἀϐραὰμ
957 5350 1063 5403 τὸν
1076 5349 1517 5407 δοῦλοναῠτοῦ.
1550 5355 1661 5408 Καὶ
1680 5356 1709 5408 ό
1723 5355 1964 5426 Μωῡσῆς

384 5434 441 5487 δὲ
484 5437 541 5488 ὲν
584 5437 985 5509 Δευτερονομίῳ
1028 5439 1166 5511 πρὸς
1196 5441 1589 5514 αὐτούςφησιο
1629 5443 1727 5513 Μὴ
1762 5445 1958 5517 ειπῃς.

385 5526 491 5578 Διὰ
513 5526 623 5591 τὰς
662 5526 1052 5595 δικαιοσύνας
1090 5548 1212 5599 μου
1253 5532 1511 5604 ἐξήγαγέ
1534 5550 1610 5603 με
1645 5535 1863 5602 Κύριος
1892 5536 1961 5590 ὲκ

388 5612 500 5681 τῆς
520 5616 843 5683 Αἰγύπτου,
864 5618 1023 5673 ἀλλὰ
1049 5619 1147 5673 διὰ
1168 5620 1274 5674 τὸν
1305 5620 1487 5689 ὅρκον
1510 5622 1583 5677 ὃν
1612 5623 1810 5694 ὤμοσε
1845 5627 1961 5680 Κύ-

373 5722 511 5773 ριος
556 5706 681 5773 τοῖς
714 5707 1013 5776 πατράσιν
1053 5710 1240 5780 ὑμῶν.
1283 5714 1393 5770 Kal
1428 5714 1630 5788 γνώσῃ
1662 5716 1956 5788 σήμερον,

466 5862 512 5895 ⁸⁸
548 5860 718 5918 Exod.
761 5879 797 5919 ιι
820 5904 833 5928 ,
867 5863 1118 5944 25-25.

2064 4626 2285 4697 quantis
2332 4623 2429 4679 Dei
2474 4623 2821 4679 mirabilibus
2875 4623 3129 4694 dignatus
3182 4622 3255 4677 sit
3304 4621 3538 4691 pepulus
3567 4638 3632 4677 ex

2063 4720 2516 4785 circumcisione;
2539 4726 2600 4773 ιιι
2621 4732 2813 4773 eorum
2860 4732 3043 4773 mores
3083 4722 3366 4785 coarguat,
3397 4714 3633 4785 justam-

2062 4829 2171 4886 que
2195 4810 2518 4884 abjectionis
2544 4824 2734 4866 eorum
2762 4822 2983 4865 causam
3022 4811 3439 4863 commonstret.

2128 4986 2295 5043 Vens.
2330 4984 2516 5041 40-45.
2549 4982 2736 5049 Petiit,
2765 4991 2815 5039 et
2857 4982 2995 5036 venit
3026 4982 3296 5050 coturnix,
3326 4990 3375 5036 et
3405 4980 3632 5050 panibus

2058 5077 2402 5148 caelireplevit
2431 5093 2540 5132 eos.
2572 5075 2788 5144 Dirupit
2806 5084 3037 5145 petram,
3083 5082 3135 5128 et
3162 5074 3431 5143 fluxerunt
3459 5089 3629 5143 aquas,

2059 5178 2345 5229 manarunt
2366 5170 2423 5224 in
2452 5168 2724 5238 inaquosis
2747 5166 2991 5236 ﬂumina.
3019 5165 3282 5233 Quoniam
3314 5180 3511 5218 memor
3531 5164 3633 5234 fuit

2060 5262 2203 5318 verbi
2266 5261 2440 5317 sancti
2485 5260 2589 5324 sui,
2624 5258 2761 5329 quod
2792 5256 2976 5313 habuit
3016 5256 3086 5311 ad
3114 5255 3384 5310 Abraham
3424 5271 3629 5310 servum

2064 5370 2240 5413 suum.
2265 5352 2360 5408 Sic
2383 5352 2513 5406 item
2557 5347 2772 5420 Moyses
2810 5348 2934 5405 illos
2962 5347 3018 5402 in
3049 5346 3470 5403 Deuteronomio
3496 5346 3631 5402 allo-

2063 5444 2253 5514 quitur
2278 5461 2291 5497 :
2319 5441 2401 5496 Ne
2428 5440 2575 5494 dicas
2608 5455 2629 5494 :
2656 5439 2881 5511 Propter
2908 5440 3150 5510 Justitias
3177 5455 3320 5494 meas
3348 5438 3529 5493 eduxit
3550 5455 3634 5493 me

2066 5533 2323 5596 Dominus
2369 5531 2432 5585 de
2461 5542 2605 5585 terra
2626 5528 2868 5601 Egypti,
2894 5528 2984 5585 sed
3004 5537 3210 5600 propter
3245 5525 3629 5598 jusjurandum

2059 5624 2197 5696 quod
2217 5624 2421 5694 juravit
2448 5622 2705 5677 Dominus
2733 5621 2974 5693 patribus
3019 5620 3223 5677 vestris.
3267 5619 3337 5673 Et
3357 5634 3629 5689 cognosces

2061 5716 2211 5779 hodie
2234 5717 2360 5790 quia
2397 5732 2501 5774 non
2529 5725 2739 5787 propter
2756 5714 2998 5786 justitias
3039 5724 3159 5769 tuas
3199 5711 3455 5769 Dominus
3489 5709 3628 5770 Deus
