4102 6438
457 401 592 457 ιδιι

1192 403 1459 461 EUSEBII
1497 403 1973 461 CASSARIENSIS
2010 408 2162 466 OPP.
2204 409 2385 466 PARS
2423 411 2511 467 Ill.
2545 441 2619 453 --
2650 411 3060 472 EXEGETICA.

3567 421 3707 477 1512

457 530 576 574 tuus
624 519 716 572 dat
767 520 860 574 tibi
904 530 1098 576 terram
1138 524 1328 578 bonam
1355 525 1488 578 hanc
1527 525 1594 584 ad
1638 527 2029 593 possidendum,

2144 532 2224 584 ὅτι
2249 534 2383 600 οὺχί
2414 533 2510 587 διὰ
2537 533 2643 599 τὰς
2673 535 3063 604 δικαιοσύνας
3095 552 3230 602 σου,
3266 518 3478 608 Κιῗιριος
3507 545 3541 595 δ
3563 545 3709 609 Θεός

454 614 577 681 quia
608 613 830 680 populus
863 613 1011 668 dune
1037 617 1252 670 cervicis
1295 634 1350 670 es
1375 619 1441 672 ⁸³.
1475 617 1542 670 Et
1571 619 1752 671 eduxit
1778 620 2028 687 populum

455 722 614 759 suum
648 707 703 759 in
736 707 1110 773 exsultatione,
1137 720 1186 762 et
1205 711 1394 764 electos
1434 727 1558 764 suos
1590 713 1644 765 in
1680 711 1884 765 lwtitia.
1905 711 2030 766 Sin-

453 797 579 866 gula
596 799 740 851 enim
765 814 886 864 quae
911 801 1256 868 contigerunt
1279 801 1640 856 admiratione
1667 803 1831 872 digna
1849 813 2026 869 erant,

452 897 508 944 et
561 890 825 962 prodigiis
873 892 1051 961 plena,
1087 899 1146 945 ut
1175 892 1321 962 quod
1356 893 1491 964 ipsis
1533 895 1860 964 pollentibus
1903 911 2030 949 cum

455 983 735 1051 voluptate
797 983 1181 1048 liberarentur,
1216 983 1360 1052 quod
1410 999 1536 1038 cum
1579 986 1916 1041 abundantia
1948 1003 2032 1043 re-

456 1089 600 1138 rum,
627 1074 773 1144 quod
822 1090 948 1130 cum
1005 1075 1246 1146 perfecta
1289 1079 1538 1133 sanitate.
1598 1077 1667 1131 Et
1733 1079 1876 1132 dedit
1920 1080 2029 1133 illis

454 1167 689 1237 regiones
721 1169 977 1237 gentium,
1006 1178 1056 1222 et
1081 1167 1286 1222 labores
1317 1171 1631 1239 populorum
1663 1171 2025 1240 possederunt.

454 1263 573 1316 Non
605 1263 751 1316 enim
805 1264 982 1317 solum
1020 1278 1050 1316 a
1104 1263 1356 1333 pristinis
1413 1266 1688 1331 liberavit,
1721 1267 1816 1323 sed
1867 1267 2029 1321 etiam

454 1354 634 1409 aliena
654 1353 789 1423 ipsis
818 1355 1064 1421 tradidit,
1095 1373 1273 1427 neque
1306 1359 1549 1429 permisit
1579 1367 1639 1413 ut
1673 1359 1847 1414 labori
1872 1373 2033 1414 vaca-

455 1454 598 1512 rent,
636 1456 694 1498 ut
721 1447 1026 1500 custodiant
1058 1448 1471 1518 justiﬁcationes
1496 1449 1696 1520 ejus,et
1728 1450 1888 1521 legem
1917 1449 2030 1519 ejus

454 1539 748 1609 requirant.
781 1537 905 1592 Haec
934 1540 1208 1607 promisit,
1247 1542 1374 1610 quia
1415 1541 1792 1594 custodierant
1828 1540 2034 1609 justiﬁ-

455 1631 702 1686 cationes
731 1630 872 1699 ejus.
903 1627 1054 1686 Talis
1083 1635 1283 1704 quippe
1313 1632 1458 1688 Deus
1489 1641 1591 1694 est,
1630 1641 1689 1686 ut
1722 1633 2033 1687 misericor-

455 1721 603 1774 diam
645 1735 800 1776 suam
840 1721 1196 1793 diligentibus
1251 1741 1312 1781 se
1363 1724 1417 1778 in
1461 1723 1705 1778 millibus
1756 1723 2028 1779 exhibeat.

455 1808 554 1865 llis
575 1817 755 1867 autem
783 1812 1002 1868 illorum
1029 1816 1322 1885 nepotibus
1346 1815 1476 1868 talia
1504 1815 1756 1884 praestitit
1781 1823 1837 1870 et
1867 1815 2032 1885 largi-

2134 642 2251 679 σου
2276 626 2488 680 δίδωσί
2516 642 2614 681 σοι
2634 626 2750 693 τὴν
2763 627 2879 696 γῆν
2908 629 3022 696 τὴν
3051 629 3286 699 ἀγαθὴν
3309 633 3534 698 ταύτην
3561 637 3710 701 κλη-

2128 718 2488 787 ρονομῆσαι,
2535 719 2621 773 ὅτι
2644 719 2795 785 λαὸς
2821 722 3362 791 σκληροτράχηλος
3387 720 3459 777 εἷ.
3477 725 3588 780 Καὶ
3611 726 3711 790 ἐξ·

2133 809 2320 881 ἤγαγε
2369 811 2477 865 τόν
2519 811 2674 866 λαὸν
2706 813 2892 866 αὐτοῦ
2915 813 3390 883 ἐνάγιαλλιάσει,
3424 821 3522 871 καὶ
3568 820 3711 885 τοὺς

2134 902 2456 967 ἐκλεκτοὺς
2473 902 2658 957 αὑτοῦ
2680 904 2751 956 ὲν
2781 905 3149 974 εὐφροσύνῃ.
3181 906 3450 959 Ἕκαστον
3473 907 3582 980 γὰρ
3600 909 3712 964 τῶν

2134 993 2441 1065 γενομένων
2471 997 2551 1058 είς
2582 995 2767 1066 θαῦμα
2809 996 3064 1066 μέγιστον
3092 995 3180 1068 ἦν,
3227 1001 3321 1053 καὶ
3353 1001 3553 1073 πολλὴν
3598 999 3714 1074 εἶχε

2135 1087 2236 1156 τὴν
2261 1086 2733 1158 παραδοξοποιίαν,
2759 1087 2818 1138 τὸ
2847 1087 3222 1158 ἀπαλλαγῆναι
3249 1091 3366 1160 μεθ’
3387 1092 3581 1162 ἡδονῆς
3604 1092 3715 1146 τῶν

2135 1176 2418 1234 ὠθούντων
2440 1176 2682 1241 ἐκείνων,
2715 1178 2806 1232 καὶ
2831 1179 2947 1248 μετ’
2983 1179 3242 1250 εὐπορίας
3276 1182 3514 1251 ἁπάσης,
3549 1183 3612 1235 τὸ
3655 1185 3716 1237 ἐν

2143 1266 2302 1336 ὑγεία
2353 1265 2569 1337 καθαρᾷ
2618 1268 2754 1336 (sic).
2816 1266 2929 1321 Kal
2975 1268 3197 1322 ἔδωκεν
3261 1269 3466 1336 αὐτοῖς
3517 1272 3717 1340 χώρας

2135 1356 2345 1423 ἐθνῶν,
2386 1358 2484 1411 καί
2516 1359 2743 1424 πόνους
2780 1359 2946 1412 λαῶν
2981 1363 3610 1431 κατεκληρονόμησαν.
3636 1366 3715 1417 Οὐ

2136 1449 2243 1520 γὰρ
2271 1449 2334 1521 δὴ
2357 1449 2513 1519 μόνον
2549 1449 2658 1502 τῶν
2687 1450 2964 1521 προτέρων
3001 1451 3332 1522 ἀπήλλαξεν,
3361 1453 3496 1506 ἀλλὰ
3524 1456 3616 1507 καὶ
3645 1456 3718 1508 τὰ

2136 1540 2243 1594 τῶν
2260 1541 2460 1608 ἐτέρων
2483 1541 2682 1593 ἔδωκεν
2694 1542 2896 1604 αὐτοῖς,
2927 1543 3162 1612 οὐδαμοῦ
3191 1547 3371 1596 πονεῖν
3396 1545 3715 1616 συγχωρῶν,

2137 1631 2295 1698 ὅπως
2315 1633 2392 1686 ἂν
2422 1632 2737 1700 φυλάξωσι
2776 1633 2847 1686 τὰ
2879 1635 3238 1703 δικαιώματα
3267 1638 3584 1703 αὐτοῦ,καί
3609 1637 3719 1692 τὸν

2136 1725 2324 1792 νόμον
2370 1724 2558 1778 αὑτοῦ
2616 1724 3014 1793 ἑκζητήσωσι.
3070 1728 3254 1782 Ταῦτα
3307 1730 3715 1800 ἐπηγγείλατο,

2137 1815 2324 1887 ἐπειδὴ
2353 1815 2623 1884 ἐφύλαξαν
2647 1815 2713 1868 τὰ
2739 1817 3082 1888 δικαιώματα
3111 1819 3300 1874 αὐτοῦ.
3333 1819 3583 1883 Τοιοῦτος
3606 1821 3718 1890 γάρ

456 1909 546 1956 tus
573 1910 695 1957 est:
729 1904 1025 1961 cohortans
1055 1914 1112 1961 et
1159 1907 1446 1962 concitans
1480 1922 1577 1963 eos
1607 1908 1674 1962 ad
1721 1908 2036 1964 custodien-

2144 1908 2284 1961 ἐστιν
2319 1907 2349 1959 6
2373 1906 2526 1971 Θεὸς,
2563 1908 2734 1960 ποιῶν
2777 1908 2925 1970 ἔλεος
2959 1910 3037 1972 εἰς
3086 1909 3326 1979 χιλιάδας
3356 1913 3465 1974 τοῖς
3489 1910 3719 1978 ἀγαπῶ-

457 1992 560 2047 das
584 1994 1016 2062 justiticationes
1047 1997 1222 2067 ipsius
1259 2004 1314 2053 et
1333 1999 1503 2067 legem
1540 2000 1714 2068 ipsius
1745 2002 2038 2071 exquiren-

2145 2016 2228 2052 σιν
2254 1999 2437 2056 αὐτόν.
2477 1999 2700 2064 Τούτοις
2729 2000 2786 2054 δὲ
2818 2003 2934 2062 τοῖς
2957 2000 3180 2055 ἐκείνων
3220 2001 3507 2071 ἀπογόνοις
3531 2000 3604 2055 τὰ
3629 2019 3720 2055 το-

455 2083 602 2137 dam.
656 2083 763 2140 Sed
817 2088 947 2158 quia
1005 2096 1084 2144 tot
1133 2089 1341 2160 dignati
1392 2090 1572 2156 bonis,
1619 2092 1876 2161 praedicta
1926 2109 2038 2148 non

2149 2088 2322 2142 σαῦτα
2355 2091 2599 2160 παρέσχε
2648 2091 2742 2142 καὶ
2793 2089 3101 2160 ἐχαρίσατο,
3148 2091 3472 2163 προτρέπων
3520 2091 3719 2153 αὐτοὺς

457 2175 870 2242 custodierunt,
910 2189 1043 2234 tunc
1091 2180 1268 2234 ablata
1313 2181 1380 2235 ab
1416 2181 1554 2251 ipsis
1585 2183 1758 2252 gratia
1793 2190 1900 2248 est,
1937 2199 2038 2239 nec

2144 2182 2238 2235 καὶ
2265 2181 2566 2253 παρορμῶν
2599 2182 2679 2244 εἰς
2711 2181 2772 2233 τὸ
2801 2180 3090 2249 φυλάττειν
3123 2183 3192 2237 τὰ
3235 2181 3582 2252 δικαιώματα
3615 2186 3717 2238 αὐ·-

458 2269 620 2322 modo
678 2274 882 2324 terram
937 2274 1260 2338 amiserunt,
1294 2274 1388 2329 sed
1436 2275 1600 2328 etiam
1650 2289 1679 2327 a
1736 2275 1845 2329 Deo
1899 2276 2038 2345 lapsi

2144 2271 2266 2338 τοῦ,
2304 2274 2398 2329 καὶ
2439 2273 2529 2326 τὸν
2574 2273 2735 2342 νόμον
2776 2273 2941 2325 αὑτοῦ
2987 2274 3256 2343 ἐκζητεῖν.
3314 2273 3451 2324 Ἀλλ’
3482 2275 3565 2326 ὅτι
3610 2273 3718 2329 τῶν

459 2369 607 2428 sunt,
659 2377 724 2417 ac
771 2363 1013 2434 gentium
1063 2373 1117 2420 et
1166 2365 1514 2420 inimicorum
1565 2365 1709 2420 servi
1756 2375 1885 2422 sunt
1961 2366 2041 2422 ef-

460 2451 611 2508 fecti.

2138 2365 2408 2419 τοσούτων
2435 2365 2728 2436 ἠξιωμένοι
2768 2366 2869 2417 οὐκ
2907 2363 3178 2433 ἐφύλαξαν
3214 2365 3284 2418 τὰ
3315 2367 3615 2436 εἰρημένα,
3656 2365 3718 2419 τὸ

2149 2457 2439 2528 τηνικαῦτα
2465 2457 2606 2528 ἤρθη
2636 2459 2730 2510 ἀπ’
2760 2458 2938 2512 αὐτῶν
2965 2461 2997 2528 ὴ
3029 2457 3208 2527 χάρις,
3234 2457 3329 2509 καὶ
3356 2458 3417 2510 οὐ
3443 2458 3601 2526 μόνον
3620 2457 3718 2528 τὴν

459 2543 563 2613 γῆν
593 2543 897 2612 ἀπώλεσαν,
920 2545 1055 2604 ἀλλὰ
1082 2549 1175 2600 καὶ
1204 2547 1297 2602 τοῦ
1318 2547 1454 2601 Θεοῦ
1481 2548 1886 2612 ἐκπεπτώκασι,
1911 2548 2090 2606 δοῦλοί
2126 2567 2186 2602 τε
2209 2549 2318 2603 τῶν
2352 2548 2521 2602 ἐθνῶν
2553 2550 2645 2601 καὶ
2679 2549 2952 2619 πολεμίων
2983 2549 3258 2617 γεγόνασι.

987 2751 1350 2808 ALLELUIA.
1381 2750 1494 2807 CV.

451 2864 455 2868 ί
531 2841 696 2898 Vens.
754 2844 865 2899 1-5.
910 2843 1250 2916 Conﬁtemini
1276 2845 1527 2909 Domino,
1559 2846 1811 2916 quoniam
1850 2844 2040 2909 bonus,

459 2939 710 3006 quoniam
731 2939 785 2991 in
805 2939 1059 2994 saxulum
1080 2938 1447 2992 misericordia
1481 2938 1616 3008 ejus.
1644 2938 1776 3005 Quis
1800 2939 2043 3009 loquetur

460 3029 721 3097 potentias
755 3027 992 3093 Domini,
1026 3028 1240 3081 auditas
1265 3027 1424 3096 faciet
1451 3045 1629 3083 omnes
1665 3027 1850 3082 laudes
1878 3028 1993 3097 ejus
2015 3029 2041 3083 ?

461 3119 614 3174 Beati
633 3123 722 3191 qui
745 3122 1049 3174 custodiunt
1071 3120 1360 3190 judicium,
1391 3130 1442 3176 et
1466 3121 1672 3190 faciunt
1685 3121 1962 3191 justitiam
1984 3120 2040 3174 in

462 3213 605 3267 omni
637 3221 882 3279 tempore.
915 3211 1177 3266 Memento
1213 3213 1406 3277 nostri,
1439 3213 1684 3278 Domine,
1715 3214 1770 3266 in
1797 3211 2040 3282 benepla—

2638 2750 3072 2810 ’AAAHAOTIA.
3098 2751 3220 2808 PE'.

2223 2845 2706 2917 Ἐξομολογεῒσθε
2723 2845 2804 2911 τῷ
2833 2844 3047 2912 Κυρίῳ,
3071 2843 3162 2899 ὅτι
3195 2856 3482 2912 χρηστος,
3517 2842 3609 2898 ὅτι
3633 2844 3725 2911 εἰς

2139 2939 2249 2992 τὸν
2276 2937 2462 2992 αἰῶνα
2491 2937 2556 2990 τὸ
2590 2936 2766 3001 ἕλεος
2807 2933 3017 2988 αὐτοῦ.
3062 2935 3158 3000 Τίς
3198 2931 3456 2999 λαλήσει
3485 2933 3587 2998 τὰς
3616 2931 3724 2985 δυ-

2144 3031 2428 3096 ναστείας
2459 3028 2568 3083 τοῦ
2617 3030 2860 3096 Κυρίου,
2913 3025 3221 3092 ἀκουστὰς
3245 3024 3484 3092 ποιήσει
3521 3022 3724 3088 πάσας

2143 3123 2251 3188 τὰς
2295 3120 2558 3186 αἰνέσεις
2593 3119 2818 3182 αὑτοῦ;
2868 3115 3162 3184 Μακάριοι
3207 3117 3261 3169 οἰ
3293 3112 3731 3183 φυλάσσοντες

2145 3213 2368 3281 κρίσιν,
2409 3210 2722 3275 ποιοῦντες
2767 3208 3162 3273 δικαιοσύνην
3190 3205 3260 3258 ἐν
3292 3204 3473 3260 παντί
3520 3200 3722 3270 καιρῷ.

463 3303 566 3356 cito
585 3303 763 3372 populi
803 3305 902 3365 tui,
927 3304 1084 3357 visita
1115 3320 1207 3358 nos
1237 3305 1295 3357 in
1328 3305 1563 3357 salutari
1595 3313 1709 3360 tuo.
1733 3303 1816 3358 Ad
1850 3280 2036 3356 viden-

2144 3280 2454 3375 Mrrﬁadnet
2482 3302 2670 3372 ἡμῶν,
2699 3303 2896 3368 Κύριε,
2941 3299 3012 3353 ἐν
3042 3296 3116 3366 τῇ
3145 3295 3391 3362 εὐδοκία
3423 3293 3530 3348 τοῦ
3566 3291 3722 3348 λαοῦ

462 3392 588 3446 dum
623 3393 677 3446 in
713 3392 944 3447 bonitate
969 3392 1278 3458 electorum,
1323 3392 1391 3446 ad
1441 3394 1732 3448 [celandum
1770 3395 1826 3447 in
1855 3394 2043 3448 laetitia

462 3486 630 3556 gentis
679 3494 801 3549 tute,
852 3495 909 3539 ut
969 3485 1202 3539 lauderis
1255 3501 1375 3540 cum
1422 3486 1737 3542 haereditate
1795 3496 1908 3541 tua.
1942 3485 2046 3540 Hic

462 3593 680 3647 quoque
713 3579 958 3646 psalmus
992 3579 1205 3649 Iaudem
1232 3581 1607 3651 hymnumque
1633 3580 1689 3633 in
1715 3578 1887 3634 Deum
1913 3593 2047 3633 con-

462 3669 622 3731 tinet,
659 3684 830 3738 quare
861 3671 1158 3740 inscriptus
1199 3680 1305 3736 est,
1339 3671 1594 3734 Alleluia,
1624 3671 1772 3741 quod
1811 3669 2049 3739 explica.
2101 3657 2118 3679 ⁸

464 3766 577 3822 tur,
605 3758 848 3814 Laudate
877 3759 1182 3818 Dominum.
1239 3760 1435 3815 Statim
1471 3767 1654 3815 autem
1689 3775 1719 3812 a
1776 3759 2047 3829 principio

465 3853 714 3924 praecipit
737 3853 804 3908 iis
835 3855 977 3923 quia
1002 3855 1242 3924 peccatis
1267 3850 1686 3926 aguntur,utad
1717 3849 1812 3905 Dei
1848 3848 2044 3903 Filium

468 3956 731 4014 tanquam
755 3946 821 3999 ad
856 3947 1126 4000 medicum
1144 3953 1196 4002 et
1219 3954 1554 4002 servatorem
1581 3944 2049 4012 accedant,atque

469 4039 690 4109 propria
735 4039 1060 4095 confitentes
1122 4047 1371 4109 peccata,
1429 4039 1626 4094 animai
1668 4037 1897 4092 vulnera
1944 4035 2050 4106 ipsi

468 4130 744 4200 detegant.
773 4128 879 4195 Qui
923 4145 1054 4185 vero
1109 4128 1166 4183 id
1212 4130 1430 4184 sincere
1480 4134 1706 4199 praestat
1757 4141 1822 4181 ac
1852 4126 2052 4181 delicta

470 4221 704 4291 pristina
739 4218 1009 4290 de.let,-id
1034 4229 1095 4276 ut
1115 4237 1225 4277 non
1264 4221 1449 4276 verbis
1475 4227 1710 4285 tantum,
1743 4218 1840 4275 sed
1868 4217 2052 4274 animo

468 4329 688 4383 quoque
705 4323 759 4366 et
779 4313 1039 4383 Operibus
1064 4322 1307 4386 peragat,
1340 4329 1371 4367 a
1397 4312 1690 4369 Psalmista
1721 4311 2050 4368 instituitur.

472 4402 736 4458 Hortatur
790 4420 952 4474 porro
992 4406 1061 4460 ad
1104 4406 1364 4459 alacriter
1414 4404 1808 4468 conﬁtendum,
1845 4417 2056 4456 annun-

470 4497 680 4561 tiando,
721 4496 985 4562 Quoniam
1040 4497 1202 4552 bonus
1251 4507 1337 4553 est
1387 4496 1672 4563 Dominus,
1721 4498 1968 4568 quoniam
1999 4496 2054 4549 in

470 4591 726 4645 saeculum
748 4590 1115 4648 misericordia
1140 4593 1276 4661 ejus.
1307 4590 1515 4646 Idcirco
1545 4591 1621 4644 ait
1651 4595 1906 4661 prompto
1927 4587 2051 4642 ani-

471 4696 563 4736 mo
589 4682 948 4747 conﬁtemini,
975 4683 1105 4752 quia
1134 4690 1189 4736 et
1219 4684 1336 4752 ipse
1357 4682 1427 4737 ad
1451 4681 1796 4738 clementiam
1827 4689 2051 4752 paratus

471 4781 576 4837 est,
596 4789 799 4844 gnarus
831 4789 918 4830 res
944 4775 1231 4844 praesentis
1259 4775 1444 4829 saeculi
1472 4772 1852 4829 misericordia
1866 4788 2048 4845 egere,

473 4872 662 4935 utpote
684 4881 804 4936 quae
834 4867 1089 4922 mortales
1123 4877 1178 4922 et
1209 4866 1367 4922 ﬂuxae
1398 4869 1529 4923 sint.

2141 3411 2276 3464 σου,
2307 3398 2629 3464 ἐπίσκεψαι
2649 3395 2887 3464 ἡμᾶς-ἐν
2901 3393 2981 3459 τῷ
3000 3390 3266 3459 σωτηρίῳ
3286 3405 3422 3453 σου,
3449 3386 3555 3444 τοῦ
3577 3385 3728 3440 ἰδεῖν

2141 3491 2211 3544 ἐν
2231 3488 2307 3558 τῇ
2332 3489 2697 3558 χρηστότητι
2724 3503 2839 3541 σου
2854 3485 2974 3540 τῶν
2987 3481 3305 3545 ἐκλεκτῶν,
3339 3479 3446 3534 τοῦ
3468 3480 3729 3548 εὑςρρανυ

2143 3583 2320 3653 θῆναι
2354 3582 2424 3648 ἐν
2447 3581 2794 3650 εὐφροσύνῃ
2825 3578 2931 3633 τοῦ
2961 3576 3117 3631 λαοῦ
3153 3590 3292 3639 σου,
3329 3571 3438 3626 τοῦ
3467 3568 3727 3624 ἐπαινεῖ-

2145 3678 2283 3730 σθαι
2305 3673 2457 3744 μετὰ
2484 3671 2594 3741 τῆς
2622 3670 3030 3740 κληρονομίας
3072 3683 3213 3722 σου.
3245 3662 3402 3718 Αἶνον
3434 3662 3530 3717 καὶ
3559 3661 3729 3732 ὕμνον

2145 3765 2282 3836 πρὸς
2308 3764 2400 3819 τὸν
2444 3762 2576 3816 Θεὸν
2627 3761 2721 3815 καὶ
2754 3761 2783 3813 6
2827 3757 3018 3831 παρὼν
3057 3755 3274 3826 ψαλμὸς
3321 3752 3603 3824 περιέχει⁶
3649 3749 3730 3802 διὸ

2148 3856 2591 3927 ἐπιγέγραπται,
2653 3851 3011 3919 Ἁλληλούῑα
3041 3867 3055 3880 ·
3113 3849 3250 3916 ὅπερ
3311 3841 3681 3917 ἑρμηνεύεται
3711 3877 3729 3905 ,

2149 3949 2376 4004 Αἰνεῖτε
2400 3948 2506 4001 τὸν
2539 3947 2780 4014 Κύριον.
2808 3942 3144 4015 Προστάττει
3167 3940 3224 3993 δὲ
3244 3937 3406 4000 εὐθὺς
3430 3934 3732 4007 ἀρχόμενος

2148 4041 2261 4103 τοῖς
2314 4037 2726 4110 ἁμαρτημάτων
2774 4034 3121 4106 ὁρμωμένοις
3165 4030 3356 4101 ὥσπερ
3415 4025 3586 4098 ἰατρῷ
3637 4026 3734 4078 καὶ

2154 4131 2363 4204 σωτῆρι
2395 4129 2679 4201 προσιέναι
2721 4126 2801 4199 τῷ
2838 4123 3221 4198 θεραπευτικῷ
3274 4119 3369 4176 τοῦ
3411 4119 3547 4173 Θεοῦ
3595 4114 3732 4186 Υἱῷ,

2151 4224 2244 4278 καὶ
2270 4224 2339 4278 τὰ
2362 4221 2653 4294 τραύματα
2671 4220 2773 4290 τῆς
2801 4219 2979 4290 ψυχῆς
2999 4212 3344 4286 ἀπογυμνοῦν
3364 4211 3531 4283 αὐτῷ,
3561 4209 3650 4266 διὰ
3672 4207 3736 4262 τὸ

2152 4314 2589 4386 ἐξομολογεῖσθαι
2621 4312 2719 4376 τὰς
2765 4310 2968 4374 οἰκείας
3017 4305 3312 4380 ἁμαρτίας.
3360 4304 3419 4358 Ὀ
3470 4303 3528 4356 δὲ
3579 4299 3736 4355 τοῦτο

2153 4407 2409 4479 πράττων
2436 4404 2695 4477 γνησίως,
2715 4403 2810 4456 καὶ
2843 4400 3274 4469 ἀποκλαιόμενος
3297 4395 3384 4466 ἐφ’
3408 4389 3490 4457 οἷς
3516 4393 3737 4463 ἥμαρτε

2155 4499 2437 4570 πρότερον,
2475 4499 2558 4550 ὅτι
2594 4495 2668 4566 μὴ
2697 4494 2877 4562 λόγοις
2907 4493 3089 4563 μόνοις
3136 4488 3297 4543 τοῦτο
3345 4485 3570 4558 πράξαι,
3600 4479 3738 4539 ἀλλὰ

2154 4594 2222 4662 τῇ
2251 4589 2488 4646 διαθέσει
2543 4587 2638 4648 καὶ
2686 4587 2870 4647 αὐτοῖς
2921 4586 3035 4647 τοῖς
3069 4583 3380 4654 πράγμασι,
3440 4576 3592 4648 παρὰ
3640 4574 3736 4629 τοῦ

2083 4645 2127 4700 D
2154 4645 2460 4754 ιέίκλμςρδοῦ
2500 4646 2782 4749 κομίζεται
2975 4645 3280 4744 εἰσήγησιν.
3319 4645 3628 4739 Προτρέπει
3682 4663 3739 4718 δὲ

2157 4772 2456 4845 προθύμως
2494 4771 2588 4824 ἐπὶ
2619 4769 2718 4839 τὴν
2747 4766 3160 4838 ἐξομολόγησιν,
3202 4762 3292 4816 διὰ
3322 4760 3417 4814 τοῦ
3464 4755 3738 4824 ἐπαγγέλ-

2157 4863 2364 4929 λεσθαι,
2401 4864 2525 4916 Ὅτι
2555 4857 2821 4930 χρηστὸς
2850 4859 2879 4910 ὁ
2919 4859 3124 4928 Κύριος
3147 4894 3162 4919 ,
3195 4854 3285 4907 ὅτι
3315 4854 3401 4922 εἰς
3425 4851 3533 4906 τὸν
3557 4845 3742 4902 αἰῶνα

473 4956 542 5012 τὸ
585 4957 756 5024 ἕλεος
780 4957 986 5013 αὑτοῦ.
1037 4959 1138 5018 Διὰ
1185 4961 1357 5014 ταῦτα
1407 4961 1540 5031 γὰρ,
1572 4962 1724 5032 φησι,
1757 4962 2055 5034 προθύμως
2118 4956 2552 5030 ἐξομολογεῖσθε,
2593 4956 2676 5008 ὅτι
2732 4952 2827 5006 καὶ
2859 4949 3024 5014 αὐτὸς
3057 4949 3275 5019 ἕτοιμός
3314 4948 3464 5001 ἐστιν
3510 4945 3591 5008 εἰς
3621 4941 3742 5012 φιλ-

475 5053 813 5124 ανθρωπίαν,
842 5051 999 5117 εἰδὼς
1023 5055 1105 5108 ὅτι
1132 5054 1281 5108 ἐλέου
1303 5055 1473 5108 δεῖται
1501 5055 1570 5108 τὰ
1589 5057 1680 5109 τοῦ
1713 5055 2004 5119 ἐνεστῶτος
2034 5051 2230 5115 αἰῶνος
2257 5051 2557 5124 πράγματα
2583 5045 2753 5118 θνητὰ
2779 5045 2910 5099 ὄντα
2936 5043 3031 5097 καὶ
3065 5041 3329 5112 ἐπίκηρα.

550 5142 716 5198 Vens.
736 5143 793 5199 6.
825 5143 1168 5198 Peccavimus
1196 5161 1310 5198 cum
1335 5145 1576 5214 patribus
1609 5147 1829 5209 nostris,
1859 5147 2058 5215 injuste

477 5235 700 5305 egimus,
733 5237 1064 5305 iniquitatem
1114 5236 1354 5306 fecimus.
1400 5235 1520 5291 Non
1555 5237 1678 5302 soli,
1701 5238 1897 5307 inquit,
1932 5251 2031 5306 pec

479 5328 760 5396 cavimus;
792 5330 887 5384 sed
914 5329 960 5385 si
993 5330 1117 5402 quis
1135 5313 1247 5400 jam
1271 5329 1396 5384 inde
1431 5345 1460 5383 a
1483 5330 1684 5400 priscis
1718 5330 2056 5399 temporibus

480 5420 746 5490 exploret,
767 5437 941 5492 genus
967 5430 1217 5477 nostrum
1271 5423 1512 5491 peccatis
1555 5436 1771 5490 semper
1812 5420 2055 5477 deditum

485 5508 656 5567 fuisse
677 5513 1066 5583 deprehendet.
1085 5512 1221 5566 Cum
1243 5513 1388 5568 enim
1419 5528 1447 5566 a
1470 5513 1653 5584 Moyse
1678 5521 1757 5567 tot
1791 5513 2058 5568 miracula

484 5601 796 5669 ederentur,
819 5622 930 5659 non
961 5606 1381 5670 intellexerunt;
1413 5606 1509 5661 sed
1543 5605 1777 5660 salutem
1813 5605 1982 5667 nacti,
2005 5613 2058 5658 el.

488 5692 558 5748 ab
570 5692 948 5766 Egyptiorum
975 5697 1236 5753 servitute
1266 5697 1500 5764 liberali,
1527 5713 1635 5752 non
1659 5703 2056 5769 cognoverunt,

559 5871 604 5903 “
640 5869 798 5928 Deut.
833 5886 907 5938 ιχ,
942 5871 1059 5931 4-6.

2238 5140 2600 5211 Ἡμάρτομεν
2646 5136 2798 5207 μετὰ
2824 5134 2945 5191 τῶν
2974 5131 3245 5201 πατέρων
3272 5129 3462 5200 ἡμῶν,
3515 5124 3740 5195 ἠνομή-

2158 5251 2372 5305 σαμεν,
2394 5232 2794 5302 ἠδικήσαμεν.
2835 5228 2912 5282 Οὐ
2958 5226 3130 5298 μόνοι,
3167 5222 3351 5294 φησὶν,
3386 5218 3704 5292 ἡμάρτομεν
3725 5229 3739 5244 ⁸

2161 5326 2276 5385 ἀλλ’
2311 5325 2366 5379 εἴ
2392 5341 2477 5388 τις
2501 5323 2806 5395 ἐξετάσειεν
2831 5319 3038 5373 ἄνωθεν
3081 5316 3189 5370 ἀπὸ
3209 5312 3319 5366 τῶν
3353 5309 3585 5382 πρώτων
3617 5307 3743 5378 χρό-

2163 5435 2289 5484 νων,
2326 5417 2478 5488 εὖροι
2509 5416 2576 5469 ἂν
2620 5415 2707 5468 ἀεὶ
2759 5412 2852 5466 καὶ
2884 5411 2951 5465 ἐκ
2997 5408 3093 5464 τοῦ
3124 5405 3324 5466 παντὸς
3365 5396 3743 5473 ἁμαρτητικὸν

2162 5510 2426 5578 τυγχάνον
2451 5508 2513 5560 τὸ
2543 5506 2813 5577 ἡμέτερον
2844 5503 3019 5572 γένος.
3072 5496 3353 5552 Τοσούτων
3395 5493 3505 5562 γὰρ
3534 5491 3743 5558 θαυμα-

2167 5602 2297 5655 σίων
2329 5601 2416 5654 διὰ
2448 5597 2728 5658 Μωῦσέως
2756 5590 3211 5662 ἐπιτελουμένων,
3233 5588 3295 5640 οὐ
3327 5584 3585 5653 συνῆκαν,
3609 5578 3748 5634 ἀλλὰ
3829 5601 3832 5604 ’

2166 5694 2259 5749 καὶ
2289 5691 2561 5770 σωτηρίας
2583 5689 2858 5762 τυχόντες,
2895 5683 2990 5740 καὶ
3019 5682 3119 5753 τῆς
3145 5681 3239 5735 ὑπ’
3263 5675 3583 5750 Αἰγυπτίοις
3619 5671 3743 5729 50n-
