4102 6440
364 372 504 431 1515

1483 377 1992 442 ΕΟΜΜΕΝΤΔΒῙΑ
2036 387 2104 442 ΙΝ
2142 380 2486 446 PSALMOS.

3482 395 3627 450 1514

359 487 509 552 λείας
539 487 1019 564 ἐλευθερωθέντες,
1062 495 1162 549 οὐκ
1197 496 1461 565 ἔγνωσαν,
1494 501 1577 553 ὅτι
1626 502 1688 555 οὑ
1726 502 1816 557 διὰ
1841 502 1923 556 tat

2043 506 2190 577 quod
2227 523 2335 561 non
2357 507 2588 577 iustitiae
2609 521 2721 562 sua:
2750 522 2940 576 causa,
2973 520 3150 582 neque
3178 511 3324 582 quod
3378 511 3486 581 ipsi
3527 510 3627 568 Dei

358 579 537 635 αὐτῶν
565 582 934 649 δικαιοσύνας,
955 585 1078 640 οὕτε
1105 587 1266 641 διὰτὸ
1296 587 1433 643 εἶναι
1469 595 1778 666 ἐπισκοπῆς
1802 593 1937 648 Θεοῦ

356 671 560 740 ἀξίους,
609 676 697 729 διὰ
730 676 797 731 ’δὲ
837 677 898 730 τὸ
928 678 1132 749 πλῆθος
1163 681 1255 734 τοῦ
1287 680 1472 747 ἐλέους
1522 685 1689 738 αὐτοῦ
1733 686 1937 741 τούτων

354 767 708 838 τετυχήκασι.

429 859 494 910 Ol
534 858 782 927 πατέρες
822 861 990 930 ἡμῶν
1024 862 1093 914 ἐν
1123 864 1399 933 Αἰγύπτῳ
1440 867 1511 919 οὐ
1558 865 1836 934 συνῆκαν
1865 866 1938 920 τὰ

354 944 656 1014 θαυμάσιὰ
678 964 816 1014 σου,
841 952 950 1005 οὐκ
979 950 1375 1020 ἐμνήσθησαν
1400 955 1506 1008 τοῦ
1530 955 1803 1024 πλήθους
1830 957 1937 1011 τοῦ

351 1035 564 1104 ἐλέους
593 1053 729 1093 σου.
768 1042 878 1095 Καὶ
923 1044 1376 1111 παρεπίκραναν
1415 1045 1845 1113 ἀναϐαίνοντες
1867 1047 1938 1101 ἐν

350 1128 429 1198 τῇ
474 1130 717 1200 Ἐρυθρᾷ
772 1134 1076 1205 θαλάσσῃ.
1140 1133 1324 1189 Ταῦτα
1378 1139 1480 1209 μὲν
1526 1139 1554 1190 6
1600 1140 1707 1211 πρὸ
1742 1139 1934 1193 τούτου

349 1220 592 1293 διείληφε
626 1224 861 1297 ψαλμὺς,
903 1228 1233 1298 ἐπετέμνετο
1269 1229 1323 1283 δὲ
1359 1230 1521 1294 αὐτὸς
1557 1232 1651 1285 καὶ
1698 1232 1797 1297 τὰς
1842 1233 1935 1286 ἐπὶ

349 1315 450 1386 τῆς
483 1318 689 1387 ἐρήμου
715 1318 1190 1391 παραδοξοποιίας,
1229 1323 1392 1392 μηδὲν
1423 1325 1809 1395 κατηγορήσας
1838 1325 1932 1379 τοῦ

349 1406 500 1460 λαοῦ.
546 1410 602 1462 ’0
648 1409 705 1463 δὲ
758 1410 949 1481 παρὼν
1009 1413 1453 1484 ἐπαναλαμϐάνει
1512 1416 1610 1485 τὴν
1659 1416 1932 1488 διήγησιν,

348 1501 444 1553 καὶ
504 1501 684 1567 πάσας
745 1503 839 1556 τοῦ
906 1504 1037 1557 λαοῦ
1104 1506 1205 1570 τὰς
1277 1507 1595 1572 δυσσεϐείας
1662 1509 1930 1574 διέξεισιν.

351 1592 508 1647 Ἐστι
534 1593 591 1647 δὲ
625 1596 719 1648 καὶ
754 1597 782 1649 6
826 1597 936 1660 πᾶς
968 1595 1124 1666 λόγος
1148 1596 1244 1651 τοῦ
1299 1599 1569 1653 Ἰουδαίων
1601 1600 1731 1654 λαοῦ
1764 1619 1933 1674 κατη-

345 1685 586 1756 γορικός.
645 1686 751 1741 Καὶ
798 1690 1249 1758 παρεπίκραναν
1280 1691 1709 1759 ἀναϐαίνοντες
1750 1693 1821 1747 ἐν
1855 1690 1932 1764 τῇ

357 1776 603 1845 Ἐρυθρᾷ
624 1779 922 1850 θαλάσσῃ.
943 1782 1341 1853 Προσελθόντες
1371 1786 1579 1857 Μωῦσῇ
1606 1786 1699 1839 καὶ
1729 1786 1933 1857 φήσαν-

2044 599 2386 668 providentia
2432 599 2584 669 digni
2638 608 2863 665 essent,
2920 602 3015 658 sed
3064 604 3136 657 ob
3192 603 3626 675 magnitudinem

2044 689 2436 745 misericordia:
2468 688 2664 760 ipsius,
2706 689 2820 744 haec
2847 693 3131 747 consecuti
3157 694 3287 749 sint.

2110 864 2280 919 Vens.
2311 864 2364 928 7,
2388 864 2442 919 8.
2472 862 2665 918 Patres
2696 865 2866 919 nostri
2894 866 2951 919 in
2979 864 3210 936 Ai‘gypto
3233 885 3336 923 non
3357 868 3625 925 inlelleme-

2043 966 2167 1011 runt
2195 956 2467 1010 mirabilia
2506 967 2618 1023 tua,
2665 972 2771 1012 non
2810 957 3028 1026 fuerunt
3080 975 3331 1014 memores
3378 960 3625 1014 multitu-

2041 1045 2181 1101 dinis
2213 1047 2595 1101 misericordia:
2636 1057 2760 1101 tum.
2800 1048 2867 1101 Et
2899 1049 3244 1104 irritaverant
3288 1051 3623 1107 ascendentes

2041 1135 2096 1189 in
2123 1151 2268 1189 mare
2292 1134 2546 1190 Rubrum.
2584 1134 2708 1190 llazc
2730 1136 2948 1206 quidem
3002 1139 3323 1209 praecedens
3376 1141 3624 1210 psalmus

2040 1228 2340 1292 enarravit,
2373 1229 2646 1283 mirabilia
2679 1244 2812 1283 vero
2845 1229 2901 1283 in
2950 1229 3172 1286 deserto
3216 1239 3433 1301 patrata
3471 1248 3626 1288 com-

2041 1319 2239 1390 pendio
2265 1321 2476 1385 retulit,
2512 1320 2830 1390 nullamque
2882 1322 2937 1375 in
2993 1323 3255 1393 populum
3316 1326 3625 1378 accusatio-

2040 1426 2164 1466 nem
2209 1411 2469 1468 instituit.
2507 1409 2608 1466 Hic
2654 1427 2787 1467 vero
2812 1413 3061 1482 psalmus
3092 1416 3321 1469 resumit
3351 1417 3626 1471 narratio—
3680 1430 3683 1433 ‘

2037 1518 2187 1568 nem,
2245 1518 2547 1574 omnesque
2605 1506 2791 1574 pupuli
2840 1505 3148 1572 impietates
3201 1516 3620 1563 commemorat.

2039 1592 2322 1664 Totusque
2361 1607 2544 1648 sermo
2563 1592 2805 1648 Judaicae
2827 1595 3009 1664 gentis
3054 1595 3338 1650 accusatio
3390 1604 3494 1653 est.
3549 1596 3625 1652 Et

2036 1686 2380 1739 irritaverant
2405 1684 2742 1739 ascendentes
2766 1686 2822 1739 in
2849 1702 2997 1740 mare
3024 1684 3259 1740 Rubrum
3281 1689 3361 1753 7°;
3395 1703 3521 1743 cum
3551 1690 3622 1743 ad

2037 1774 2283 1846 Moysem
2323 1776 2653 1831 accedentes
2682 1776 2932 1837 dicerent
2961 1793 2973 1827 :
3009 1776 3227 1831 Utinam
3255 1781 3454 1834 mortui
3479 1797 3623 1836 esse-
3706 1842 3711 1845 _

341 1883 455 1932 τες,
477 1870 734 1938 Ὄφελον
747 1872 865 1941 μὲν
877 1872 1257 1943 ἀπεθάνομεν
1271 1876 1340 1929 ἐν
1360 1873 1439 1945 τῇ
1455 1878 1752 1946 Αἰγύπτῳ,
1766 1877 1803 1946 ἢ
1820 1878 1923 1932 ἐπὶ

2028 1881 2145 1920 mus
2182 1866 2241 1919 in
2270 1863 2526 1936 Egypto,
2552 1875 2646 1919 aut
2675 1868 2732 1920 in
2762 1871 2860 1921 hac
2889 1868 3212 1923 solitudine!
3235 1877 3290 1925 et
3323 1889 3337 1925 :
3371 1872 3455 1925 An
3490 1874 3621 1942 quia

342 1957 453 2029 τῆς
472 1959 696 2031 ἐρήμου
707 1965 948 2033 ταύτης
974 1966 1088 2030 καὶ,
1110 1967 1276 2035 Παρὰ
1298 1968 1363 2020 τὸ
1380 1968 1466 2037 μὴ
1482 1968 1632 2022 εἷναι
1652 1969 1934 2040 μνήματα

340 2050 413 2103 ἐν
438 2053 737 2124 Αἰγύπτῳ,
787 2054 1080 2125 ἐξήγαγες
1132 2057 1312 2126 ἡμᾶς,
1361 2058 1697 2113 θανατῶσαι
1739 2061 1811 2114 ἐν
1856 2059 1935 2131 τῇ

341 2140 541 2212 ἐρήμῳ
558 2160 577 2209 ;
612 2146 674 2199 Τί
700 2145 878 2201 τοῦτο
910 2148 1205 2217 ἐποίησας
1235 2149 1381 2219 ἡμῖν
1406 2150 1714 2221 ἐξαγαγὼν
1741 2151 1811 2217 ἐξ
1834 2155 1934 2208 Al-

342 2235 608 2305 γύπτους
638 2238 720 2292 Οὐ
745 2239 921 2294 τοῦτο
944 2237 1022 2311 ἦν
1046 2242 1112 2296 τὸ
1127 2240 1292 2313 ῥῆμα
1318 2243 1351 2297 ὃ
1373 2243 1763 2315 ἐλαλήσαμεν
1782 2246 1933 2315 πρὸς

340 2327 414 2380 σὲ
439 2327 510 2381 ἐν
530 2330 808 2400 Αἰγύπτῳ
841 2330 1147 2401 λέγοντες·
1178 2334 1372 2404 Heich
1403 2333 1581 2405 ἡμᾶς,
1610 2335 1770 2403 ὅπως
1801 2339 1932 2393 δου-

338 2418 655 2489 λεύσωμεν
702 2420 828 2487 τοῖς
873 2425 1255 2493 Αἰγυπτίοις;
1284 2426 1587 2493 Κρεῖσσον
1622 2427 1732 2496 γὰρ
1770 2427 1931 2498 ἡμᾶς

338 2508 654 2565 δουλεύειν
702 2513 828 2579 τοῖς
879 2516 1242 2586 Αἰγυπτίοις,
1284 2517 1324 2585 ἢ
1366 2519 1692 2573 ἀποθανεῖν
1736 2521 1806 2573 ὲν
1853 2516 1931 2590 τῇ

337 2601 537 2671 ἐρήμῳ
573 2606 780 2672 ταύτῃ.
816 2608 925 2659 Καὶ
954 2609 1077 2661 ὅσον
1116 2610 1216 2680 μὲν
1256 2612 1341 2662 ἐπ’
1380 2609 1567 2673 αὐτοῖς
1608 2612 1804 2683 πικρὸν
1831 2614 1930 2666 αύ-

336 2697 452 2751 τοῖς
474 2695 593 2748 ἀντὶ
618 2697 858 2767 χρηστοῦ
887 2698 977 2751 τὸν
1003 2700 1135 2753 θεὸν
1162 2704 1585 2772 κατεστήσαντο.
1635 2703 1692 2755 '0
1716 2703 1772 2757 δὲ
1800 2704 1930 2771 ἀγα·
1957 2768 1966 2777 ν

337 2787 428 2849 θδς
484 2786 616 2849 Θεὸς
675 2787 920 2842 πλουτῶν
967 2790 1103 2862 ἐλέῳ
1159 2793 1253 2847 καὶ
1302 2793 1703 2866 φιλανθρωπίᾳ,
1764 2795 1927 2850 πάλιν

335 2875 557 2936 ἔσωζεν
587 2878 812 2944 αὐτοὺς
842 2879 1054 2933 ἕνεκεν
1088 2882 1195 2937 τοῦ
1244 2884 1536 2953 ὀνόματος
1570 2886 1778 2951 αὐτοῦ,
1814 2885 1924 2941 τοῦ

334 2968 621 3036 γνωρίσαι
651 2968 767 3037 τὴν
797 2969 1170 3025 δυναστείαν
1202 2974 1412 3028 αὑτοῦ·
1456 2976 1609 3040 ὅπως
1639 2976 1714 3048 μὴ
1748 2975 1921 3032 εἴπω·-

338 3074 424 3112 σιν
462 3062 510 3112 οἱ
544 3060 783 3125 ἀσεϐεῖς,
817 3063 939 3117 Ποῦ
962 3064 1136 3118 ἐστιν
1162 3066 1191 3117 6
1224 3065 1368 3132 Θεὸς
1396 3066 1627 3131 auctor;
1651 3068 1740 3122 διὰ
1767 3068 1926 3123 τοῦτο

335 3155 598 3224 παρεῖχεν
624 3155 808 3219 αὐτοῖς
836 3155 932 3209 καὶ
958 3157 1081 3210 τότε
1114 3158 1214 3228 τὴν
1247 3160 1541 3230 σωτηρίαν,
1584 3161 1923 3233 πανταχόθεν

2035 1954 2280 2025 sepulcra
2314 1972 2419 2011 non
2450 1964 2604 2011 erant
2636 1958 2693 2011 in
2718 1956 2951 2029 Egypto
2997 1960 3227 2016 eduxisti
3264 1978 3380 2028 nos,
3427 1973 3487 2018 ut
3534 1967 3621 2020 in-

2036 2047 2299 2116 terﬁceres
2330 2047 2389 2100 in
2424 2047 2758 2105 solitudine?
2790 2050 2932 2116 Quid
2975 2052 3072 2105 hoc
3103 2052 3278 2122 fecisti
3307 2054 3458 2109 nobis
3486 2055 3618 2110 edu-

2035 2154 2155 2194 cens
2187 2154 2253 2194 ea:
2287 2138 2565 2211 Αἴθρη)ιοῖ
2593 2138 2783 2196 Nonne
2815 2141 2899 2195 hic
2946 2152 3062 2197 erat
3103 2161 3296 2209 sermo,
3327 2163 3479 2217 quem
3532 2148 3614 2203 lo-

2032 2232 2144 2285 cuti
2184 2246 2368 2286 sumus
2407 2232 2476 2286 ad
2520 2241 2566 2286 te
2598 2233 2656 2287 in
2698 2231 2932 2304 Egypto
2956 2234 3185 2290 dicentes
3215 2253 3233 2291 :
3269 2236 3489 2293 Dimitte
3519 2256 3616 2294 nos

2030 2329 2091 2376 ut
2125 2324 2416 2377 serviamus
2450 2322 2763 2395 {Egyptiisl
2794 2326 2989 2382 Helius
3014 2338 3096 2382 est
3141 2329 3281 2383 enim
3304 2347 3399 2385 nos
3422 2333 3617 2389 servirs

2032 2413 2324 2486 Egyptiis,
2356 2433 2515 2487 quam
2548 2420 2686 2472 mori
2708 2420 2763 2473 in
2810 2420 3097 2475 solitudine
3121 2421 3297 2478 hac“.
3327 2421 3415 2488 Et,
3437 2439 3613 2494 quan-

2032 2514 2144 2561 tum
2172 2509 2224 2562 in
2249 2508 2385 2579 ipsis
2413 2510 2631 2580 quidem
2669 2511 2837 2567 situm
2869 2520 3010 2578 erat,
3046 2512 3219 2570 Deum
3263 2515 3368 2571 sibi
3399 2531 3468 2572 ex
3497 2519 3613 2573 cie-

2030 2607 2213 2656 mente
2248 2602 2507 2657 acerbum
2544 2603 2872 2658 eiliciebant.
2906 2604 2977 2658 At
3020 2605 3199 2660 bonus
3229 2604 3395 2675 Deus,
3445 2607 3615 2664 mise-

2030 2692 2267 2747 ricordia
2315 2700 2370 2749 et
2410 2694 2836 2751 mansuetudine
2884 2693 3080 2761 dives,
3137 2710 3334 2752 rursus
3386 2697 3615 2753 saluauit

2027 2802 2116 2840 eos
2157 2793 2371 2855 propter
2411 2801 2604 2840 nomen
2638 2800 2828 2851 suum,
2869 2795 2930 2842 ut
2970 2795 3156 2842 notam
3194 2787 3392 2858 faceret
3426 2800 3614 2859 poten-

2028 2878 2160 2931 tiam
2211 2891 2399 2940 suam;
2438 2891 2509 2931 ne
2554 2877 2711 2947 impii
2759 2876 3053 2933 dicerent:
3089 2877 3191 2932 Ubi
3236 2889 3318 2933 est
3352 2878 3497 2935 Deus
3520 2898 3612 2937 eo--

2024 2969 2237 3023 rum"?
2266 2968 2393 3025 Ideo
2435 2967 2572 3045 ipsis
2610 2970 2843 3025 salutem
2903 2978 3039 3025 tunc
3098 2971 3365 3042 impertiit
3397 2991 3412 3028 :
3444 2974 3612 3028 undi-

2026 3074 2134 3130 que
2156 3060 2281 3115 illos
2312 3059 2381 3116 ad
2407 3062 2638 3116 salutem
2674 3059 3029 3130 compellens.
3062 3061 3142 3116 Illi
3169 3068 3352 3117 autem
3384 3063 3511 3118 victi
3541 3064 3613 3116 ad

2026 3152 2306 3208 modicum
2361 3161 2577 3223 tempus
2619 3153 2802 3209 verbis
2859 3153 2981 3223 ejus
3030 3154 3409 3222 crediderunt,
3457 3167 3610 3226 post-

334 3244 534 3308 αὐτοὺς
580 3245 919 3300 συνελαύνων
964 3248 1056 3301 ἐπὶ
1108 3248 1196 3320 τὴν
1230 3252 1508 3322 σωτηρίαν
1539 3252 1739 3307 αὐτῶν.
1777 3254 1839 3306 Οἱ
1864 3252 1922 3307 δέ

2026 3260 2189 3317 quam
2221 3259 2373 3299 mare
2392 3243 2638 3299 Rubrum
2666 3243 3019 3299 transierant.

332 3336 648 3408 νικηθέντες
687 3339 824 3410 πρὸς
873 3341 972 3409 μὲν
1011 3339 1192 3409 ὀλίγον
1226 3342 1553 3397 ἐπίστευσαν
1595 3347 1706 3409 τοῖς
1742 3344 1924 3414 λόγοις
1956 3336 2144 3401 αὑτοῦ,
2171 3335 2472 3399 διελθόντες
2489 3336 2591 3407 τὴν
2635 3335 2903 3409 Ἐρυθρὰν
2934 3335 3231 3392 θάλασσαν.

402 3429 513 3483 Kal
560 3429 885 3500 ἐπετίμησε
930 3430 1001 3500 τῇ
1044 3432 1288 3502 Ἐρυθρᾷ
1337 3435 1654 3506 θαλάσσῃ,
1699 3437 1797 3491 καὶ
1833 3436 1924 3502 ἐξ-

332 3519 586 3590 ηράνθη,
628 3522 728 3575 καὶ
773 3521 1093 3593 ὡδήγησεν
1124 3528 1347 3594 αὐτοὺς
1376 3528 1444 3581 ἐν
1465 3530 1716 3598 ἀϐύσσῳ
1746 3531 1827 3596 ὡς
1854 3530 1924 3584 ὲν

329 3611 546 3682 ἐρήμῳ.
605 3612 663 3665 '0
710 3614 1042 3685 ἐπιτιμήσας
1092 3618 1158 3687 τῇ
1219 3618 1457 3691 Ἐρυθρᾷ
1496 3619 1744 3694 θαλάσσῃ
1784 3622 1919 3675 πᾶσι

327 3704 462 3768 Θεὸς
495 3705 930 3777 ἀνωμολόγηται.
970 3708 1035 3761 El
1070 3706 1164 3763 οὖν
1198 3710 1295 3762 καὶ
1341 3710 1549 3780 Ἰησοῦς
1582 3712 1918 3787 κλονουμένῃ

327 3794 612 3853 ἐπιτάσσει
646 3801 714 3870 τῇ
746 3799 1012 3872 θαλάσσῃ,
1039 3802 1175 3854 πᾶσι
1198 3800 1331 3865 Θεὸς
1359 3803 1800 3876 ἀνωμολόγηται,
1830 3805 1917 3858 ἵνα

326 3892 393 3944 ἐκ
432 3890 728 3963 τρικυμίας
768 3891 802 3964 ἢ
840 3892 1108 3958 κλύδωνος
1137 3893 1344 3965 γαλήνη
1389 3894 1633 3967 γένηται.
1676 3896 1810 3961 Θεὸς
1841 3895 1917 3952 ὢν

326 3984 490 4049 αὐτὸς
531 3987 560 4039 6
588 3987 925 4058 ἐπιτιμήσας
962 3989 1027 4058 τῇ
1071 3987 1309 4060 Ἐρυθρᾷ
1334 3988 1578 4062 θαλάσσῃ
1606 3989 1699 4043 καὶ
1729 3989 1919 4062 ξηραί-

325 4092 432 4129 νων
462 4077 651 4155 abripi,
683 4078 759 4142 ὡς
791 4078 1129 4148 διοδεύσιμον
1161 4080 1333 4151 αὐτὴν
1361 4080 1633 4148 γενέσθαι,
1673 4082 1774 4153 τὴν
1812 4081 1917 4135 πά-

324 4166 414 4221 λαι
440 4168 714 4223 θάλασσαν
743 4169 837 4223 καὶ
865 4170 1101 4225 ἄϐυσσον
1125 4169 1215 4224 διὰ
1241 4171 1302 4224 τὸ
1328 4171 1441 4224 τῶν
1468 4171 1674 4226 ὑδάτων
1710 4174 1914 4245 πλῆθος

324 4258 470 4315 οὕτω
494 4260 857 4334 καλουμένην.

395 4353 506 4408 Kal
542 4353 740 4409 ἔσωσε
783 4355 1006 4422 αὐτοὺς
1057 4355 1125 4408 ἐκ
1175 4357 1372 4425 χειρὸς
1410 4354 1760 4425 μισοῦντος,
1814 4354 1915 4410 καὶ

323 4445 706 4515 ὲλυτρώσατο
726 4447 950 4515 αὐτοὺς
977 4448 1046 4502 ὲκ
1072 4449 1269 4519 χειρὸς
1297 4443 1534 4517 ἐχθροῦ.
1577 4447 1913 4518 Ἐκάλυψεν

322 4534 482 4606 ὕδωρ
515 4536 659 4604 τοὺς
702 4538 1020 4605 θλίϐοντας
1063 4525 1305 4605 αὐτοὺς,
1351 4530 1439 4604 εἷς
1470 4538 1539 4603 ἐξ
1565 4535 1765 4592 αὐτῶν
1797 4541 1911 4609 οὐχ

322 4630 677 4700 ὑπελείφθη.
717 4631 937 4703 Ζητήσῃ
971 4648 1055 4694 τις
1099 4630 1166 4685 ἂν
1196 4632 1323 4704 περὶ
1349 4631 1457 4685 τῶν
1483 4631 1789 4702 ἐπιμίκτων
1815 4632 1912 4685 Ai-

2098 3427 2267 3485 Vsns.
2286 3428 2339 3483 9.
2361 3427 2432 3482 Et
2454 3429 2715 3498 increpuit
2738 3445 2886 3483 mare
2913 3427 3173 3496 Rubrum,
3204 3439 3255 3486 et
3282 3434 3611 3491 exsiccatum

2022 3533 2123 3591 est,
2155 3532 2204 3577 et
2229 3521 2637 3577 deduxiteosin
2688 3521 2880 3593 abysso
2936 3527 3077 3578 sicut
3128 3524 3184 3578 in
3236 3526 3464 3583 deserto.
3500 3527 3610 3595 Qui

2022 3615 2298 3684 increpuit
2326 3628 2475 3667 mare
2509 3611 2780 3676 Rubrum,
2818 3613 2888 3667 ab
2921 3613 3178 3670 omnibus
3210 3613 3357 3671 Deus
3384 3617 3604 3676 habitus

2020 3714 2076 3761 et
2097 3706 2407 3761 declaratus
2458 3714 2565 3761 est.
2603 3704 2741 3759 Cum
2799 3719 2933 3777 ergo
2978 3704 3141 3763 Jesus
3200 3708 3408 3780 agitato
3463 3712 3604 3767 mari

2020 3795 2276 3866 imperat,
2319 3796 2460 3867 apud
2483 3810 2677 3851 omnes
2701 3795 2757 3849 in
2809 3795 3065 3853 confesso
3094 3796 3199 3853 fuit
3243 3800 3424 3870 ipsum
3477 3818 3603 3860 esse

2018 3885 2213 3952 Deum,
2247 3894 2309 3941 ut
2357 3902 2424 3943 ex
2463 3894 2789 3957 tempestate
2822 3896 2878 3941 et
2934 3889 3197 3958 procella,
3226 3892 3603 3962 tranquillitas

2017 3978 2332 4035 exsisteret.
2392 3978 2542 4035 Idem
2582 3978 2787 4050 quippe
2835 3978 2982 4035 Deus
3024 3989 3110 4037 cst
3169 3983 3261 4052 qui
3295 3984 3603 4055 increpavit

2015 4085 2169 4127 mare
2200 4070 2451 4126 Rubrum
2475 4080 2529 4128 et
2552 4072 2854 4128 essiceavit
2879 4072 3034 4135 illud,
3070 4073 3147 4127 ita
3173 4083 3236 4128 ut
3272 4078 3599 4146 pertransiri

2015 4174 2205 4235 posset
2235 4164 2311 4229 id,
2374 4165 2521 4234 quod
2567 4164 2699 4219 olim
2744 4165 2817 4220 ob
2860 4164 3268 4222 multitudinem
3332 4183 3598 4239 aquarum

2015 4270 2167 4311 mare
2195 4265 2248 4310 et
2271 4256 2505 4327 abyssus
2525 4255 2847 4312 vocabatur.

2090 4346 2251 4403 Vsus.
2289 4348 2379 4412 10,
2407 4348 2494 4404 11.
2529 4347 2601 4401 Et
2621 4350 2848 4403 saluauit
2876 4366 2965 4404 eos
2984 4348 3050 4404 de
3072 4366 3237 4404 manu
3270 4350 3518 4417 odientis,
3546 4364 3597 4408 et

2012 4443 2234 4497 redemit
2253 4459 2341 4496 eos
2367 4441 2432 4497 de
2458 4458 2619 4496 manu
2653 4443 2876 4499 inimici.
2907 4442 3127 4513 Operuit
3161 4462 3303 4516 aqua
3331 4446 3609 4502 tribulan-'

2013 4542 2089 4590 tes
2117 4552 2225 4601 eos,
2253 4550 2390 4590 unus
2419 4548 2487 4589 es:
2519 4535 2594 4588 eis
2625 4550 2730 4589 non
2758 4537 3033 4591 remansit.
3059 4536 3277 4603 Quaerat
3296 4539 3594 4609 quispiam,

2012 4626 2081 4682 de
2104 4626 2436 4698 promiscuis
2488 4624 2766 4700 Egyptiis
2793 4627 2890 4698 qui
2936 4643 3089 4683 mare
3145 4630 3503 4694 transierunt,
3540 4637 3595 4684 et

322 4720 591 4789 γυπτίων,
618 4720 726 4774 τῶν
752 4720 1069 4775 διελθόντων
1099 4722 1197 4794 τὴν
1229 4721 1523 4783 θάλασσαν,
1572 4722 1665 4775 καὶ
1698 4724 1778 4788 εἰς
1808 4723 1908 4796 τὴν

2026 4735 2123 4775 una
2153 4735 2279 4775 cum
2310 4721 2513 4793 populo
2551 4722 2607 4775 in
2653 4720 2873 4778 deserto
2928 4721 3311 4776 versabantur.
3351 4721 3452 4777 Cui
3500 4738 3593 4778 res

324 4809 530 4881 l‘pqpov
552 4810 667 4880 ἅμα
689 4810 769 4881 τῷ
794 4810 907 4881 λαῷ
931 4811 1260 4881 γενομένων.
1293 4812 1435 4883 Πρὸς
1459 4813 1516 4865 ὃν
1540 4813 1793 4886 ἐροῦμεν,
1822 4814 1905 4867 ὅτι

327 4900 401 4972 μὴ
429 4900 539 4954 τῶν
572 4900 861 4955 θλιϐόντων
896 4896 1035 4972 ἦσαν
1081 4902 1174 4954 τὸν
1220 4902 1456 4974 Ἰσραήλ.
1514 4903 1649 4976 Περὶ
1696 4899 1753 4957 δὲ
1798 4905 1907 4958 τῶν

323 4991 610 5047 θλιϐόντων
637 4992 824 5065 εἴρητο
845 4993 925 5058 τὸ,
958 4987 1062 5058 Εἷς
1087 4992 1156 5057 ἐξ
1183 4992 1385 5047 αὐτῶν
1412 4997 1526 5065 οὐχ
1549 4997 1904 5066 ὑπελείφθη.

335 5085 393 5142 Ὀ
412 5088 470 5143 δέ
499 5090 789 5161 ἐπίμικτος
817 5089 945 5154 λαὸς
973 5089 1271 5159 Αἰγύπτιος
1302 5090 1401 5161 μὲν
1426 5086 1517 5162 ἧν,
1550 5092 1825 5146 πιστεύων
1847 5092 1907 5146 δὲ

320 5183 441 5247 ταῖς
466 5183 745 5247 Μωῦσὲως
784 5186 1007 5252 φωναῖς,
1039 5182 1309 5253 σωτηρίας
1340 5183 1548 5254 ἔτυχεν.
1886 5202 1889 5203 ⁷

394 5275 503 5328 Καὶ
530 5273 906 5330 ἐπίστευσαν
930 5274 1011 5341 τῷ
1038 5277 1200 5345 λόγῳ
1229 5275 1438 5336 αὑτοῦ,
1470 5276 1569 5329 καὶ
1596 5271 1760 5348 ᾖσαν
1791 5277 1908 5347 τὴν

2014 4812 2433 4883 spondebimus,
2463 4828 2562 4869 eos
2603 4827 2714 4868 non
2772 4828 2839 4868 ex
2882 4828 3116 4868 numero
3165 4815 3593 4884 opprimentium

2014 4905 2270 4961 lsraelem
2323 4905 2515 4962 fuisse.
2550 4904 2627 4962 De
2679 4906 3068 4962 tribulantibus
3142 4915 3325 4962 autem
3383 4906 3592 4962 dictum

2015 5006 2100 5054 est
2130 5013 2142 5049 :
2182 4995 2330 5052 Unus
2355 5014 2421 5052 ea:
2448 4999 2524 5053 eis
2557 5014 2664 5053 non
2714 5001 2990 5054 remansit.
3055 4998 3414 5056 Promiscuus
3462 5017 3594 5055 vero

2014 5087 2273 5158 populus,
2296 5085 2589 5160 Egyptius
2616 5087 2837 5159 quidem
2890 5097 3031 5154 erat,
3060 5088 3157 5143 sed
3207 5102 3335 5143 cum
3386 5087 3593 5158 Moysis

2009 5180 2240 5236 vocibus
2265 5180 2534 5243 crederet,
2571 5181 2802 5235 salutem
2839 5187 2924 5235 est
2947 5186 3302 5235 consecutus.

2078 5270 2249 5328 Vrsas.
2294 5271 2384 5337 12,
2412 5272 2499 5327 15.
2527 5269 2596 5325 Et
2627 5270 2963 5326 crediderunt
2991 5272 3145 5325 verbo
3164 5270 3302 5339 ejus,
3325 5277 3377 5323 et
3402 5277 3591 5323 canta-

321 5366 559 5420 αἵνεσιν
598 5366 805 5422 αὑτοῦ.
867 5367 1215 5438 Ἐτάχυναν,
1251 5367 1634 5423 ’ἐπελάθοντο
1665 5368 1783 5423 τῶν
1809 5369 1911 5440 ἔρε-

2026 5374 2189 5419 ιετιιηι
2240 5363 2452 5418 laudem
2498 5364 2633 5434 ejus.
2658 5361 2778 5418 Cito
2826 5363 3081 5432 fecerunt,
3113 5361 3266 5415 obliti
3305 5371 3427 5415 sunt
3468 5377 3589 5430 ope-

321 5475 437 5527 γων
480 5457 686 5523 αὐτοῦ,
731 5461 847 5530 οὐχ
895 5460 1224 5531 ὑπέμειναν
1260 5461 1376 5530 τὴν
1411 5459 1657 5528 βουλὴν
1690 5462 1900 5516 αὑτοῦ.

303 5533 426 5603 ’Σὺν
449 5550 525 5623 τῷ
551 5552 756 5623 Μωῦσῇ
784 5553 878 5606 καὶ
912 5552 1121 5625 Ἀαρὼν
1149 5552 1245 5625 τὴν
1265 5553 1408 5625 ᾠδὴν
1436 5553 1533 5625 τὴν
1558 5554 1617 5606 ἐν
1641 5555 1707 5625 τῇ
1735 5553 1901 5625 ἐξόδῳ

322 5644 635 5713 παραυτίκα
650 5644 746 5698 καὶ
758 5646 1100 5717 παραχρῆμα
1125 5644 1586 5717 μεταϐαλλόμενοι
1609 5647 1897 5716 ἐτάχυναν,

319 5735 644 5791 ἐπελάθοντο
673 5738 779 5792 τῶν
801 5738 978 5810 ἔργων
1004 5738 1190 5791 αὐτοῦ.

2004 5474 2125 5511 rum
2156 5457 2294 5526 ejus,
2351 5474 2458 5512 non
2502 5459 2869 5511 sustinuerunt
2926 5455 3206 5510 consilium
3263 5455 3402 5524 ejus.
3446 5452 3585 5509 Cum

2007 5549 2194 5621 Moyse
2240 5558 2294 5605 et
2322 5550 2501 5605 Aaron
2527 5550 2583 5604 in
2604 5551 2751 5606 exitu
2779 5549 3057 5604 canticum
3108 5546 3460 5612 cecinerunt;
3488 5546 3587 5602 sed

2007 5643 2416 5713 quamprimum
2441 5651 2497 5701 et
2545 5643 2732 5701 statim
2756 5642 3048 5709 immutati,
3088 5641 3246 5697 obliti
3289 5647 3419 5697 sunt
3455 5654 3592 5712 ope-

2005 5751 2127 5791 rum
2157 5752 2302 5806 eius.

391 5854 435 5885 "
473 5852 636 5910 Num.
669 5870 779 5923 xw,
813 5855 865 5909 5.
940 5856 983 5887 “
1026 5854 1197 5913 Exod.
1237 5873 1348 5925 xw,
1387 5857 1472 5925 il,
1509 5857 1599 5914 li.
1676 5858 1721 5890 ⁷⁸
1760 5855 1908 5914 Psal.
1946 5869 2120 5925 cxm,
2157 5855 2246 5911 10.
