4102 6396
507 326 651 383 1515

1212 317 1479 380 EUSEBII
1511 315 1992 380 CESARJENSIS
2017 313 2170 374 OPP.
2206 313 2390 374 PARS
2427 311 2517 373 Ill.
2546 347 2615 359 --
2646 312 3057 375 EXEGETICA.

3625 320 3772 384 1316

580 441 750 499 Vsus.
793 441 982 498 lli-18.
1021 441 1088 496 Et
1119 443 1499 511 concupierunt
1525 439 2003 509 concupiscentiam
2032 437 2088 491 in

2260 437 2372 492 Kal
2417 438 2808 508 ἐπεθύμησαν
2853 438 3176 508 ἐπιθυμίαν
3211 438 3282 494 ἐν
3307 437 3382 508 τῇ
3411 439 3628 511 ἐρήμῳ,
3672 445 3778 500 real

509 540 741 600 deserto,
771 546 820 590 et
848 543 1178 590 tentaverunt
1234 533 1404 588 Deum
1437 534 1489 586 in
1532 533 1807 602 inaquoso.
1845 528 1911 583 Et
1945 529 2090 583 dedit

509 629 587 683 eis
616 629 923 698 petitionem
954 629 1212 696 ipsorum,
1231 637 1281 680 et
1319 625 1467 678 misit
1513 623 1852 678 saturitatem
1884 623 1941 676 in
1978 627 2091 675 ani-

511 738 629 775 mas
656 736 860 776 eorum.
892 718 963 773 Et
1001 719 1344 772 irritaverant
1394 715 1618 787 Moysen
1658 716 1714 769 in
1748 715 1965 780 castris,
1987 713 2092 766 Aa-

511 830 632 878 ron,
656 821 899 866 sanctum
931 811 1164 866 Domini.
1190 809 1422 876 Quando
1455 815 1806 864 tentaverunt
1828 805 1996 862 Deum
2032 807 2088 860 in

512 905 803 976 inaquoso,
825 904 931 960 etsi
981 901 1374 957 tentationibus
1434 899 1524 953 ille
1569 914 1679 953 non
1733 905 1934 968 pateat.
1962 913 2090 952 cum

511 997 842 1067 iniuriarum
873 995 1160 1048 immemor
1189 993 1281 1053 sit,
1319 1005 1427 1044 non
1461 990 1610 1044 ultus
1658 1004 1776 1052 eos,
1814 987 1964 1044 dedit
2007 988 2089 1043 eis

509 1087 827 1160 petitionem
865 1085 1130 1156 ipsorum.
1155 1082 1296 1149 Quin
1338 1082 1501 1136 etiam
1541 1096 1665 1135 cum
1696 1081 2090 1136 exacerbarent

509 1195 635 1235 eum
663 1177 1028 1233 ascendentes
1073 1175 1130 1229 in
1180 1188 1330 1227 mare
1377 1170 1650 1236 Rubrum,
1680 1181 1813 1226 tunc
1847 1172 2090 1226 ostendit

509 1271 592 1327 eis
623 1267 919 1333 potentiam
952 1279 1107 1319 suam
1145 1282 1156 1317 :
1188 1278 1312 1318 cum
1337 1269 1519 1316 autem
1552 1262 1908 1316 irritaverunt
1940 1259 2092 1332 Moy-

510 1368 691 1418 senet
720 1360 903 1414 Aaron
939 1360 994 1412 in
1050 1357 1269 1420 castris,
1293 1364 1428 1411 tunc
1482 1362 1672 1426 aperta
1728 1361 1814 1409 est
1841 1361 2009 1415 terra,
2035 1360 2090 1407 ct

508 1454 795 1526 deglutivit
823 1467 918 1506 eos
955 1471 968 1506 :
1000 1466 1109 1506 non
1133 1449 1419 1520 oportebat
1441 1447 1589 1504 enim
1622 1445 1859 1500 famulos
1914 1445 2089 1515 ipsius

509 1545 809 1601 contemni.
845 1541 953 1597 Sed
1013 1542 1142 1612 quia
1200 1540 1419 1596 bonitas
1466 1546 1521 1593 et
1598 1537 1866 1593 severitas
1919 1551 2088 1607 penes

509 1637 665 1690 illum
693 1640 852 1699 sunt,
884 1633 1062 1703 primo
1086 1630 1478 1702 benignitatem
1504 1629 1752 1684 exhibuit
1780 1629 1927 1696 illis;
1961 1645 2086 1684 cum

509 1735 692 1782 autem
739 1726 875 1779 nihil
930 1723 1219 1795 prodesset
1273 1723 1374 1786 eis,
1403 1729 1807 1792 consequenter
1836 1721 2086 1776 ultricem

2193 529 2524 599 ἐπείρασαν
2565 531 2674 585 τὸν
2714 531 2864 586 Θεὸν
2904 531 2974 586 ἐν
3003 531 3258 600 ἀνύδρῳ.
3290 532 3400 586 Καὶ
3431 532 3653 589 ἔδωκεν
3677 540 3784 591 αὺ-

2195 624 2321 691 τοῖς
2355 625 2422 680 τὸ
2469 625 2689 695 αἴτημα
2727 624 2946 691 αὐτῶν,
2984 623 3375 689 ἐξαπέστειλε
3409 628 3782 698 πλησμονὴν⁹

2194 717 2283 783 εις
2307 717 2414 783 τὰς
2441 716 2647 786 ψυχὰς
2677 715 2896 771 αὐτῶν.
2928 719 3039 776 Kal
3070 717 3433 786 παρώξυναν
3463 719 3571 773 τὸν
3608 718 3782 776 Mart)-

2194 806 2321 876 σῆν
2367 807 2438 860 ἐν
2485 806 2563 876 τῇ
2612 806 2979 878 παρεμϐολῇ,
3031 808 3138 863 τὸν
3195 807 3429 878 Ἀαρὼν,
3463 810 3572 864 τὸν
3606 810 3784 881 ἅγιον

2195 899 2439 967 Κυρίου.
2471 900 2601 952 Ὅτε
2653 899 2754 970 μὲν
2795 899 2888 953 τὸν
2922 899 3054 954 Θεὸν
3096 900 3393 971 ἐπείρασαν
3435 902 3494 955 ἐν
3538 901 3779 974 ἀνύδρῳ,

2193 989 2546 1061 ἀπείραστος,
2577 987 2654 1042 ὢν
2683 989 3083 1061 ἀμνησίκακος,
3126 991 3226 1044 οὐκ
3265 991 3642 1063 ἀμειψάμενος
3681 994 3783 1048 αὐ-

2193 1079 2322 1142 τοὺς
2352 1078 2550 1132 ἔδωκεν
2580 1079 2764 1146 αὐτοῖς
2795 1081 2858 1135 τὸ
2889 1079 3099 1152 αῐτημα
3122 1079 3324 1134 αὐτῶν.
3373 1081 3534 1136 Ἀλλὰ
3565 1083 3662 1136 καὶ
3688 1084 3781 1136 ὅτε

2195 1172 2616 1244 παρεπίκραναν
2648 1172 3028 1238 ἀναϐαίνοντες
3055 1175 3115 1228 ἐν
3143 1177 3209 1246 τῇ
3245 1175 3478 1246 Ἐρυθρᾷ
3508 1175 3778 1250 θαλάσσῃ,

2195 1265 2291 1319 καὶ
2315 1265 2437 1319 τότε
2471 1265 2768 1337 ἐγνώρισεν
2791 1267 2975 1330 αὐτοῖς
2999 1267 3099 1339 τὴν
3119 1266 3436 1320 δυναστείαν
3467 1267 3653 1321 αὐτοῦ·
3687 1268 3780 1321 ὅτε

2191 1357 2251 1411 δὲ
2283 1358 2640 1430 παρώργισαν
2668 1360 2758 1412 τὸν
2787 1360 3026 1430 Μωῦσῆν
3071 1360 3164 1412 καὶ
3205 1360 3296 1413 τὸν
3348 1359 3558 1429 Ἀαρὼν
3609 1361 3668 1412 ὲν
3711 1361 3780 1433 τῇ

2195 1448 2536 1521 παρεμϐολῇ,
2584 1449 2645 1502 τὸ
2687 1451 2992 1521 τηνικαῦτα
3040 1449 3264 1522 ἠνοίχθη
3296 1451 3330 1522 ἡ
3366 1453 3458 1523 γῆ,
3491 1451 3587 1505 καὶ
3617 1452 3784 1506 κατέ-

2195 1559 2318 1595 πιεν
2344 1541 2560 1606 αὐτούς·
2593 1543 2694 1596 οὐκ
2722 1543 2830 1596 ἔδει
2868 1543 2977 1616 γὰρ
3023 1544 3504 1616 καταφρονηθῆναι
3535 1545 3660 1609 τοὺς
3699 1543 3785 1597 θε-

2196 1633 2492 1706 ράποντας.
2549 1634 2711 1688 Ἀλλά
2761 1637 2855 1688 καὶ
2900 1635 3132 1706 ἐπείπερ
3171 1637 3477 1707 χρηστότης
3521 1637 3640 1689 ἐστὶ
3685 1637 3783 1690 καὶ

2193 1723 2467 1796 ἀποτομία
2497 1725 2623 1796 παρ’
2648 1725 2817 1796 αὐτῷ,
2851 1725 3045 1797 πρῶτα
3077 1725 3144 1779 τὰ
3170 1726 3268 1795 τῆς
3299 1726 3666 1796 χρηστότητος
3691 1725 3783 1778 αύ-

509 1817 776 1872 medelam
819 1815 956 1886 ipsis
1003 1814 1257 1879 adhibet;
1291 1828 1461 1882 quare
1508 1812 1698 1867 subdit
1727 1831 1742 1866 :
1771 1812 1973 1881 Aperta
2006 1819 2086 1865 est

2193 1821 2301 1881 τοῖς
2325 1817 2652 1890 παρέσχετο”
2686 1818 2761 1882 ὡς
2794 1818 2851 1871 δὲ
2878 1819 2980 1871 οὐκ
3009 1817 3216 1872 ὤναντο
3237 1818 3304 1871 δι’
3335 1819 3525 1889 αὐτῆς,
3560 1817 3782 1872 ἀκολού-

511 1919 674 1973 terra,
723 1917 773 1962 et
806 1906 1081 1976 deglutivit
1131 1903 1371 1971 Dat/tan,
1394 1913 1444 1957 et
1493 1903 1697 1972 operuit
1743 1918 1900 1972 super
1932 1912 2090 1971 caput

509 2001 732 2056 Abiron.
781 1997 849 2052 Et
871 1999 1072 2052 exarsit
1103 1997 1240 2066 ignis
1267 1996 1320 2050 in
1343 2011 1609 2066 synagoga
1633 2011 1834 2063 eorum,
1867 1996 2091 2065 ﬂamma

508 2090 798 2146 combussit
846 2097 1169 2158 peceatores.
1221 2085 1447 2158 Moysen
1496 2087 1681 2156 itaque
1733 2085 2092 2141 irritaverunt

509 2183 723 2237 Dathan
747 2190 799 2236 et
828 2179 1036 2235 Abiron
1055 2179 1304 2234 dicentes
1346 2197 1360 2234 :
1403 2176 1550 2231 Num
1584 2175 1762 2248 Moysi
1794 2177 1898 2231 soli
1940 2177 2092 2231 locu-

509 2286 595 2329 tus
625 2283 705 2330 est
739 2272 902 2338 Deus,
943 2287 1114 2326 nonne
1150 2271 1311 2326 etiam
1356 2270 1608 2324 nobis"?
1645 2271 1918 2324 Aaronem
1962 2285 2093 2324 vero

507 2367 652 2423 Core
682 2373 738 2421 et
763 2374 942 2420 castus
993 2364 1164 2430 illius,
1212 2363 1394 2434 ignem
1437 2362 1703 2428 alienum,
1730 2370 1788 2418 et
1819 2363 2092 2418 sacriﬁcia

508 2458 622 2515 Deo
648 2459 772 2513 loco
801 2455 1150 2513 sacerdotum
1168 2454 1367 2510 ollerre
1390 2454 1533 2518 ausi,
1576 2454 1952 2508 irritaverunt.
1983 2452 2092 2507 Sed

507 2564 605 2606 eos
629 2550 721 2620 qui
745 2555 936 2604 contra
965 2546 1188 2618 Moysen
1211 2545 1381 2600 locuti
1413 2543 1654 2609 fuerant,
1684 2543 1896 2598 Datban
1937 2543 2090 2599 scili-

508 2651 598 2698 cet
621 2657 748 2696 cum
782 2649 902 2696 toto
934 2654 1132 2712 genere
1160 2652 1262 2693 suo
1294 2636 1482 2701 hians.
1507 2643 1654 2692 terra
1697 2637 2002 2708 deglutivit,
2035 2644 2090 2692 et

507 2735 728 2807 operuit
785 2747 951 2802 super
999 2729 1481 2801 congregationem
1522 2728 1763 2795 Abiron;
1798 2726 1940 2783 Core
1988 2743 2087 2782 au-

505 2836 618 2883 tem
648 2833 704 2882 et
724 2841 821 2881 eos
849 2825 942 2895 qui
975 2838 1101 2878 cum
1133 2823 1228 2878 illo
1256 2822 1482 2877 incensa
1513 2835 1612 2876 sua
1635 2820 1875 2875 oblaturi
1904 2830 2083 2888 erant,

504 2918 723 2972 flamma
752 2916 821 2970 de
850 2912 1205 2969 tabernaculo
1238 2911 1497 2982 prodiens
1515 2911 1841 2966 combussit.

2195 1909 2302 1974 θως
2336 1908 2659 1982 καταλλήλῳ
2707 1909 3032 1981 μετέρχεται
3071 1910 3268 1973 αὐτοὺς
3309 1911 3587 1980 φαρμάκῳ
3625 1908 3784 1962 κολα·

2197 2001 2420 2072 στηρίῳ·
2473 2001 2750 2070 Ἠνοίχθη
2784 2002 2824 2070 ἡ
2857 2001 2960 2071 γῆ,
2995 2002 3091 2055 real
3131 2001 3374 2055 κατέπιε
3417 2002 3635 2068 Δαθὰν,
3679 2001 3783 2055 real

2194 2092 2509 2161 ἐκάλυψεν
2546 2093 2645 2146 ἐπὶ
2691 2092 2806 2160 τὴν
2874 2091 3156 2162 κεφαλὴν
3205 2090 3489 2160 Ἀϐειρών.
3531 2092 3642 2144 Kal
3681 2091 3778 2155 ἐξ-

2200 2187 2428 2252 εκαύθη
2455 2183 2575 2252 πῦρ
2607 2185 2676 2238 ἐν
2710 2183 2786 2251 τῇ
2823 2183 3146 2253 συναγωγῇ
3167 2182 3386 2246 αὐτῶν,
3415 2180 3573 2250 φλὸξ
3614 2179 3785 2236 κατέ-

2195 2275 2423 2346 φλεξεν
2450 2278 2859 2346 ἁμαρτωλούς.
2895 2278 3137 2347 Μωῦσῆν
3171 2276 3270 2347 μὲν
3299 2271 3391 2328 οὖν
3420 2273 3781 2346 παρώργισαν

2196 2371 2248 2422 οἱ
2279 2369 2408 2436 περὶ
2443 2370 2620 2423 Δαθὰν
2665 2369 2762 2423 καὶ
2813 2369 3073 2440 Ἀϐειρὼν
3103 2370 3368 2431 εἰπόντες⁸
3399 2365 3499 2436 Μὴ
3543 2364 3786 2422 Μωϋσεῖ

2187 2458 2356 2526 μόνῳ
2392 2457 2738 2527 λελάληκεν
2778 2461 2812 2513 ό
2855 2460 3020 2525 Θεὸς,
3069 2458 3206 2528 οὐχὶ
3257 2459 3358 2512 real
3391 2457 3571 2528 ήμῖν;
3608 2459 3700 2512 τὸν
3725 2459 3782 2512 δὲ

2206 2547 2415 2621 Ἀαρὼν
2444 2550 2592 2622 Κορὲ
2626 2551 2778 2622 καὶὴ
2823 2551 3116 2622 συναγωγὴ
3155 2549 3322 2605 αὐτοῦ
3352 2550 3464 2622 πῦρ
3502 2550 3780 2623 ἀλλότριον

2193 2645 2587 2713 προσαγαγεῖν,
2617 2644 2712 2697 καὶ
2739 2642 2930 2707 θυσίας
2955 2643 3032 2714 τῷ
3058 2643 3178 2714 Θεῷ
3198 2645 3256 2696 ἐν
3283 2643 3438 2716 χώρᾳ
3459 2643 3568 2696 τῶν
3592 2642 3780 2715 ἱερέων

2192 2733 2582 2805 τολμήσαντες,
2617 2733 2998 2806 παρώργισανο
3017 2734 3154 2789 ἀλλά
3185 2736 3310 2800 τοὺς
3354 2736 3452 2806 μὲν
3484 2733 3786 2808 καταλαλή-

2196 2841 2397 2888 σαντας
2422 2825 2517 2879 τοῦ
2541 2826 2840 2892 Μωῦσέως,
2867 2823 2958 2880 τὸν
2977 2826 3155 2880 Δαθὰν
3184 2828 3447 2897 παγγενεῖ
3471 2826 3784 2898 ἀνοιχθεῖσα

2191 2917 2226 2986 ἡ
2258 2917 2329 2988 γῆ
2353 2917 2603 2982 κατέπιε,
2627 2919 2721 2971 καὶ
2739 2918 3008 2989 ἐκάλυψεν
3033 2920 3126 2972 ἐπὶ
3149 2919 3248 2991 τὴν
3266 2921 3588 2992 συναγωγὴν
3617 2919 3784 2971 ’Δϐειο

505 3012 634 3085 ρώνο
671 3011 764 3065 τὸν
817 3010 875 3064 δὲ
919 3009 1064 3078 Κορὲ
1114 3006 1208 3062 καὶ
1258 3007 1385 3070 τοὺς
1413 3005 1510 3059 σὺν
1531 3003 1681 3075 αὑτῷ
1705 3004 2004 3076 μέλλοντας
2033 3010 2365 3083 προσφέρειν
2404 3015 2476 3066 τὰ
2525 3011 2864 3086 θυμιατήρια
2905 3012 3085 3068 αυτῶν
3132 3014 3270 3084 φλὸξ
3304 3015 3414 3069 ἀπὸ
3439 3016 3542 3087 τῆς
3568 3013 3780 3087 σκηνῆς

505 3108 848 3184 προελθοῦσα
883 3103 1234 3174 κατέφλεξεν.

576 3201 746 3256 Vens.
783 3200 964 3254 19-31.
1014 3199 1082 3252 Et
1123 3198 1358 3266 fecerunt
1414 3197 1638 3252 vitulum
1683 3197 1739 3254 in
1788 3196 2082 3263 Choreb,et

2254 3197 2366 3253 Kal
2395 3197 2704 3267 ἐποίησα
2723 3197 2964 3268 μόσχσν
2987 3197 3057 3252 ἐν
3080 3197 3307 3267 Χωρὴϐ,
3345 3198 3445 3252 real
3472 3204 3777 3267 προσεκύ-

505 3296 863 3351 adoraverunt
907 3289 1173 3360 sculptile,
1197 3298 1247 3343 et
1289 3298 1625 3343 mutaverunt
1658 3289 1889 3360 gloriam
1930 3304 2088 3344 suam

504 3391 563 3443 in
613 3383 1018 3442 similitudinem
1052 3383 1202 3437 vituli
1267 3381 1588 3436 comedentis
1659 3381 1860 3450 fenum.
1921 3380 2092 3438 Obliti

504 3487 630 3534 sunt
682 3476 850 3532 Deum
891 3477 982 3546 qui
1051 3474 1274 3528 salvavit
1328 3489 1439 3537 eos,
1475 3473 1568 3543 qui
1599 3472 1727 3542 fecit
1775 3487 1969 3542 magna
2029 3474 2087 3527 in

505 3570 761 3643 Egypto,
788 3567 1060 3622 mirabilia
1086 3567 1144 3621 in
1174 3577 1317 3620 terra
1343 3563 1536 3632 Citam,
1561 3566 1824 3620 terribilia
1853 3567 1909 3620 in
1948 3566 2087 3620 mari

504 3662 705 3718 Rubro.
748 3661 817 3716 Et
837 3662 976 3715 dixit
1019 3670 1076 3713 ut
1108 3659 1438 3730 disperderet
1476 3675 1586 3723 eos,
1617 3660 1723 3713 nisi
1757 3658 1968 3729 Moyses
1989 3659 2088 3714 ele-

505 3765 622 3808 ctus
645 3754 763 3824 ejus
790 3753 1042 3813 stetisset.
1074 3751 1134 3804 in
1153 3751 1516 3820 confractione
1547 3752 1599 3804 in
1641 3761 1917 3820 conspectu
1941 3750 2081 3820 ejus,

508 3856 568 3900 ut
593 3846 1006 3900 averteretirant
1024 3844 1138 3915 ejus
1155 3861 1219 3899 ne
1235 3831 1557 3914 disperderet
1585 3860 1695 3910 eos,
1721 3854 1770 3898 et
1793 3859 1888 3912 pro
1919 3843 2085 3898 nihilo

512 3939 814 3994 habuerunt
858 3945 1056 3992 terram
1101 3935 1528 3991 desiderabilem.
1579 3934 1702 3989 Non
1747 3935 2086 3990 crediderunt

505 4031 661 4086 verba
687 4029 827 4099 ejus,
858 4037 909 4084 et
943 4036 1408 4082 murmuraverunt
1455 4028 1510 4081 in
1543 4026 1900 4081 tabernaculis
1945 4027 2083 4092 suis,

505 4141 613 4180 non
647 4122 1000 4178 exaudierunt
1028 4137 1204 4176 vocem
1246 4120 1484 4175 Domini.
1519 4118 1587 4173 Et
1622 4119 1838 4174 elevavit
1867 4134 2086 4172 manum

505 4233 658 4272 suam
693 4231 852 4284 super
877 4231 986 4279 808,
1014 4223 1072 4267 ut
1096 4221 1448 4282 prosterneret
1478 4229 1565 4266 808
1607 4213 1662 4266 iu
1690 4211 1918 4276 deserto,
1947 4220 1997 4264 et
2027 4220 2085 4264 ut

503 4309 752 4379 dejiceret
777 4322 952 4362 semen
974 4321 1154 4360 eorum
1206 4304 1262 4358 in
1304 4302 1632 4368 nationibus,
1664 4311 1714 4357 et
1765 4302 2084 4372 dispergeret

503 4419 593 4456 eos
622 4401 678 4455 in
729 4397 1053 4470 regionibus.
1112 4395 1183 4450 Et
1237 4395 1436 4449 initiati
1495 4404 1617 4449 sunt
1655 4394 1994 4464 Beelphegor,
2033 4402 2084 4448 et

502 4494 838 4550 comederunt
884 4490 1155 4560 sacriﬁcia
1206 4497 1560 4543 mortuorum.
1615 4486 1686 4542 Et
1735 4489 2084 4542 irritaverant

2194 3306 2398 3360 βησαν
2419 3291 2501 3358 τῷ
2524 3291 2790 3363 γλυπτῷ,
2814 3292 2912 3346 real
2939 3289 3286 3360 ἠλλάξαντο
3312 3291 3426 3360 τὴν
3449 3292 3640 3356 δόξαν
3669 3297 3779 3350 αὐ-

2193 3383 2299 3438 τοῦ
2319 3385 2390 3438 ἐν
2409 3383 2725 3454 ὁμοιώματι
2743 3385 2984 3454 μόσχου
3008 3385 3316 3450 ἐσθίοντος
3340 3385 3579 3453 χόρτον.
3623 3387 3782 3444 Ἐπε-

2191 3476 2449 3532 λάθοντο
2499 3476 2607 3531 τοῦ
2664 3478 2811 3532 Θεοῦ
2869 3477 2978 3531 τοῦ
3035 3475 3324 3544 σώζοντος
3373 3478 3618 3546 αὐτοὺς,
3669 3481 3781 3534 τοῦ

2195 3567 2567 3635 ποιήσαντος
2587 3568 2822 3639 μεγάλα
2847 3569 2918 3623 ἐν
2945 3570 3242 3640 Αἰγύπτῳ,
3271 3568 3575 3638 θαυμάσια
3600 3571 3672 3624 ἐν
3702 3569 3782 3643 τῇ

2193 3659 2342 3730 Χὰμ,
2386 3661 2606 3730 φοϐερὰ
2651 3661 2750 3715 ἐπὶ
2791 3660 3111 3729 θαλάσσης
3157 3660 3456 3729 Ἐρυθρᾶς.
3498 3663 3607 3717 Kal
3649 3657 3782 3719 εἷπε

2192 3754 2301 3808 τοῦ
2327 3753 2759 3822 ἐξολοθρεῦσαι
2789 3753 3034 3820 αὐτοὺς,
3065 3755 3118 3807 εί
3142 3751 3230 3822 μὴ
3255 3752 3518 3822 Μωῢσῆς
3547 3759 3580 3809 ό
3605 3755 3778 3810 ἐκλε-

2191 3848 2335 3914 κτὸς
2370 3846 2558 3900 αὐτοῦ
2600 3847 2750 3914 ἐστη
2791 3845 2863 3900 ἐν
2897 3845 2974 3914 τῇ
3007 3847 3255 3914 θραύσει
3281 3844 3540 3900 ἐνώπιον
3566 3849 3776 3912 αὑτοῦ,

2190 3938 2300 3993 τοῦ
2333 3937 2711 4007 ἀποστρέψαι
2741 3937 2850 3992 τὸν
2876 3937 3068 4008 θυμὸν
3101 3937 3286 3992 αὑτοῦ
3319 3937 3426 3992 τοῦ
3445 3937 3532 4008 μὴ
3565 3939 3777 4004 ἐξολο-

2191 4029 2440 4100 θρεῦσαι
2471 4029 2714 4095 αὐτοὺς,
2750 4029 2846 4082 real
2883 4027 3304 4093 ἐξουδένωσαν
3337 4025 3453 4098 γῆν
3484 4029 3777 4100 ἐπιθυμη-

2191 4121 2326 4188 τήν.
2360 4122 2479 4175 Οὐκ
2507 4120 2883 4174 ἐπίστευσαν
2923 4118 3003 4184 τῷ
3041 4121 3202 4189 λόγῳ
3230 4119 3439 4185 αὑτοῦ,
3471 4119 3572 4174 καὶ
3605 4118 3778 4190 ἐγόγ-

2191 4229 2390 4284 γυσαν
2407 4212 2476 4265 ἐν
2494 4211 2618 4278 τοῖς
2629 4211 3022 4280 σκηνώμασιν
3036 4212 3255 4275 αὐτῶν,
3274 4215 3386 4266 οὐκ
3397 4213 3779 4282 εἰσήκουσαν

2190 4305 2300 4374 τῆς
2327 4304 2535 4375 φωνῆς
2567 4305 2813 4372 Κυρίου.
2858 4306 2969 4358 Kal
3011 4303 3197 4374 ἐπῇρε
3235 4305 3351 4372 τὴν
3388 4307 3557 4376 χεὶρα
3587 4305 3779 4364 αὐτοῦ

2189 4400 2282 4454 ἐπ’
2310 4397 2554 4464 αὐτοὺς,
2580 4396 2690 4451 τοῦ
2720 4395 3076 4450 καταϐαλεῖν
3102 4395 3324 4463 αὐτοὺς
3361 4397 3432 4450 ἐν
3462 4396 3539 4466 τῇ
3559 4397 3777 4469 ἐρήμῳ,

2189 4492 2289 4546 real
2330 4490 2438 4545 τοῦ
2485 4488 2847 4544 καταϐαλεῖν
2887 4488 2957 4542 τὸ
3003 4487 3243 4558 σπέρμα
3284 4488 3485 4544 αὐτῶν
3533 4489 3602 4544 ἐν
3654 4492 3780 4558 τοῖς

503 4603 624 4642 eum
657 4587 712 4641 in
769 4584 1228 4639 adinventionibus
1275 4583 1386 4637 suis
1418 4591 1468 4636 et
1506 4581 1866 4650 multiplicata
1913 4590 1992 4636 est
2029 4581 2085 4634 in

2193 4586 2408 4646 Mrem,
2438 4583 2538 4636 real
2564 4581 2993 4649 διασκορπίσαι
3017 4583 3242 4648 αὐτοὺς
3275 4582 3346 4634 ἐν
3376 4581 3506 4648 ταῖς
3534 4582 3778 4652 χώραις.

503 4683 579 4736 eis
609 4679 786 4734 ruina.
826 4677 896 4732 Et
941 4678 1088 4732 stetit
1137 4675 1365 4732 Phinees
1419 4685 1468 4731 et
1508 4676 1762 4746 placavit,
1788 4689 1838 4730 et
1863 4677 2084 4730 cessavit

2193 4677 2302 4732 Kal
2329 4675 2745 4742 ἐτελέσθησαν
2779 4671 2859 4738 τῷ
2885 4673 3254 4743 Βεελεοεγὼρ,
3285 4674 3384 4728 real
3419 4674 3647 4744 ἔφατον
3675 4680 3780 4730 θυ-

503 4775 806 4846 quassatio.
846 4772 914 4827 Et
958 4780 1261 4840 reputatum
1313 4778 1392 4824 est
1418 4769 1467 4824 ei
1493 4769 1550 4822 in
1586 4769 1884 4839 justitiam,
1911 4769 1968 4823 in
1992 4784 2086 4838 ge-

2193 4768 2334 4834 σίας
2362 4765 2610 4836 νεκρῶν.
2651 4765 2761 4818 Kal
2803 4763 3164 4832 παρώξυναν
3197 4764 3384 4818 αὐτὸν
3408 4765 3479 4818 ἐν
3505 4763 3628 4830 τοῖς
3651 4765 3782 4818 ἐπι-

504 4869 832 4922 nerationem
853 4875 902 4920 et
935 4863 1322 4935 generationem
1376 4877 1540 4932 usque
1589 4862 1643 4916 in
1687 4862 2081 4930 sempiternum.

2193 4860 2566 4930 τηδεύμασιν
2603 4857 2825 4921 αὐτῶν,
2873 4857 2975 4910 real
3019 4858 3368 4926 ἐπληθύνθη
3396 4857 3466 4910 ἐν
3494 4857 3697 4924 αὐτοῖς
3735 4859 3778 4926 ἡ

508 4957 707 5012 Exstat
737 4955 793 5009 in
835 4953 1088 5009 Numeris
1116 4951 1348 5008 historia
1393 4951 1669 5021 quomodo
1697 4959 1920 5022 accepta
1953 4949 2086 5004 Phi-

2193 4948 2438 5013 πτῶσις.
2474 4948 2582 5002 Kal
2613 4946 2762 5013 ἔστη
2789 4945 2996 5012 Φινεὲς
3021 4947 3118 4999 καὶ
3142 4945 3490 5010 ἐξιλάσατο,
3518 4945 3618 5000 καὶ
3645 4947 3780 5002 ἐκό-

503 5063 638 5104 nees
672 5048 831 5102 hasta
865 5045 1298 5110 Madianitidem,
1321 5053 1377 5100 et
1398 5043 1564 5100 simul
1617 5045 1768 5098 illum
1823 5043 1916 5114 qui
1957 5057 2084 5097 cum

2193 5055 2392 5096 πασεν
2423 5042 2462 5108 ἡ
2489 5039 2760 5108 θραῦσιςο
2797 5039 2897 5095 real
2923 5038 3210 5109 ἐλογίσθη
3243 5039 3404 5106 αὐτῷ
3429 5042 3518 5106 εἰς
3549 5039 3778 5094 δικαιο-

501 5157 568 5198 ea
598 5156 714 5197 rem
767 5139 1027 5203 habebat,
1071 5138 1410 5194 transﬁxerit
1446 5156 1459 5192 :
1494 5152 1604 5207 quo
1649 5136 1796 5192 edito
1839 5134 2083 5190 facinore

2193 5135 2392 5201 σύνην
2426 5135 2514 5198 εἰς
2555 5131 2769 5202 γενεὰν
2818 5131 2918 5185 καὶ
2965 5131 3182 5201 γενεὰν
3225 5131 3336 5198 ἕως
3385 5131 3493 5186 τοῦ
3534 5131 3773 5200 αἰῶνος.

505 5229 692 5286 statim
743 5229 825 5282 ira
863 5227 954 5283 Dei
980 5228 1193 5299 placata
1218 5227 1328 5282 illis
1375 5236 1482 5283 est.
1508 5226 1608 5282 llic
1636 5240 1802 5296 porro
1830 5226 2082 5280 declara-

2193 5227 2378 5280 Κεῖται
2417 5225 2474 5277 ἐν
2516 5225 2628 5286 τοῖς
2669 5222 2946 5294 Ἀριθμοῖς
2987 5224 3022 5293 ἡ
3071 5222 3298 5294 ἱστορία,
3342 5223 3491 5286 ὅπως
3529 5222 3709 5276 λαϐὼν
3747 5226 3778 5278 ό

503 5332 595 5378 tur
622 5326 890 5392 quantum
917 5319 1061 5389 apud
1091 5317 1261 5374 Deum
1285 5319 1466 5374 valeat
1490 5319 1656 5374 unius
1699 5318 1804 5372 viri
1830 5317 2080 5388 iustitia;

2193 5316 2368 5380 Φινεὲς
2387 5315 2478 5369 τὸν
2513 5314 2878 5386 σειρομάστην
2909 5313 3150 5387 διέπειρε
3184 5315 3281 5387 τὴν
3307 5316 3626 5370 Μαδωνῖτιν
3657 5320 3776 5388 ἅμα

503 5413 580 5468 ita
614 5421 672 5469 ut
693 5413 764 5468 ob
793 5411 1014 5467 Phinea:
1037 5426 1135 5482 pro
1170 5411 1282 5467 Deo
1318 5413 1494 5466 zelum
1523 5411 1601 5465 ira
1632 5410 1998 5476 frangeretur,
2028 5415 2084 5463 et

2193 5406 2266 5477 τῷ
2288 5408 2384 5460 σὺν
2408 5407 2547 5476 αὐτῇ
2579 5403 2994 5475 πεπορνευκότι,
3026 5405 3121 5457 καὶ
3150 5405 3391 5458 ἐκόπασε
3430 5405 3775 5476 παραχρῆμα

502 5506 786 5576 quassatio
803 5513 1122 5577 peccatores
1150 5504 1414 5560 invadens
1439 5511 1799 5559 averteretur.

2193 5502 2222 5572 ἡ
2248 5499 2366 5554 κατ’
2389 5499 2565 5552 αὐτῶν
2586 5499 2724 5570 ὀργὴ
2751 5499 2866 5569 ἅμα
2889 5500 2956 5569 τῇ
2980 5496 3209 5570 τοιαύτῃ
3224 5498 3440 5570 πράξει.
3466 5499 3775 5570 Παρίστηστ.

501 5600 560 5656 δὲ
596 5604 625 5655 ό
663 5601 838 5670 λόγος,
887 5600 1054 5654 πόσον
1103 5600 1275 5671 ἰσχύει
1309 5599 1461 5674 παρὰ
1487 5599 1608 5670 Θεῷ
1638 5599 1756 5663 ἐνὸς
1788 5598 1981 5671 ἀνδρὸς
2002 5596 2340 5668 δικαιοσύνη,
2365 5595 2440 5659 ὼς
2469 5581 2709 5648 κοπάσαι
2739 5595 2838 5666 τὴν
2863 5593 3054 5666 ὀργὴν,
3088 5593 3181 5647 καὶ
3203 5593 3639 5665 ἀνακῳυσθῆναι
3670 5591 3779 5666 τήν

503 5693 648 5748 κατὰ
672 5694 781 5747 τῶν
806 5694 1204 5764 ἡμαρτηκότων
1242 5695 1492 5766 θραῦσιν,
1525 5694 1615 5750 διὰ
1642 5695 1734 5750 τὸν
1775 5695 1959 5759 Φινεὲς
1987 5693 2129 5766 ὑπὲρ
2160 5693 2254 5748 τοῦ
2286 5692 2420 5746 Θεοῦ
2455 5691 2636 5761 ζῆλον.

575 5812 622 5843 ⁷³
661 5809 824 5866 Num.
862 5827 974 5871 xu.
1009 5811 1066 5866 2.
