  <div class='ocr_page' id='page_1' title='image "/cluster/home/n/w/nwhite01/storage/ocr_20150623/23:no.5/coo.31924054873033/674.png"; bbox 0 0 4102 6386; ppageno 0'>
   <div class='ocr_carea' id='block_1_1' title="bbox 346 350 482 410">
    <p class='ocr_par' dir='ltr' id='par_1_1' title="bbox 346 350 482 410">
     <span class='ocr_line' id='line_1_1' title="bbox 346 350 482 410; baseline -0.022 -1"><span class='ocrx_word' id='word_1_1' title='bbox 346 350 482 410; x_wconf 74' lang='grc'><strong>1517</strong></span> 
     </span>
    </p>
   </div>
   <div class='ocr_carea' id='block_1_2' title="bbox 1433 338 2413 406">
    <p class='ocr_par' dir='ltr' id='par_1_2' title="bbox 1433 338 2413 406">
     <span class='ocr_line' id='line_1_2' title="bbox 1433 338 2413 406; baseline -0.007 0"><span class='ocrx_word' id='word_1_2' title='bbox 1433 343 1932 406; x_wconf 76' lang='lat' dir='ltr'><strong><em>COMMENTARIA</em></strong></span> <span class='ocrx_word' id='word_1_3' title='bbox 1974 343 2040 401; x_wconf 85' lang='lat' dir='ltr'><strong><em>IN</em></strong></span> <span class='ocrx_word' id='word_1_4' title='bbox 2077 338 2413 401; x_wconf 74' lang='lat' dir='ltr'><strong><em>PSALMOS.</em></strong></span> 
     </span>
    </p>
   </div>
   <div class='ocr_carea' id='block_1_3' title="bbox 3446 336 3584 398">
    <p class='ocr_par' dir='ltr' id='par_1_3' title="bbox 3446 336 3584 398">
     <span class='ocr_line' id='line_1_3' title="bbox 3446 336 3584 398; baseline -0.007 0"><span class='ocrx_word' id='word_1_5' title='bbox 3446 336 3584 398; x_wconf 74' lang='lat' dir='ltr'><strong><em>i318</em></strong></span> 
     </span>
    </p>
   </div>
   <div class='ocr_carea' id='block_1_4' title="bbox 415 452 1933 539">
    <p class='ocr_par' dir='ltr' id='par_1_4' title="bbox 415 460 1911 539">
     <span class='ocr_line' id='line_1_4' title="bbox 415 460 1911 539; baseline -0.008 -15"><span class='ocrx_word' id='word_1_6' title='bbox 415 468 524 524; x_wconf 84' lang='lat' dir='ltr'><strong><em>Kal</em></strong></span> <span class='ocrx_word' id='word_1_7' title='bbox 553 467 933 539; x_wconf 75' lang='grc' dir='ltr'><em>παρώρτισαν</em></span> <span class='ocrx_word' id='word_1_8' title='bbox 955 466 1141 521; x_wconf 81' lang='grc' dir='ltr'><em>αὐτὸν</em></span> <span class='ocrx_word' id='word_1_9' title='bbox 1170 460 1266 519; x_wconf 81' lang='grc' dir='ltr'><strong><em>ἐπί</em></strong></span> <span class='ocrx_word' id='word_1_10' title='bbox 1301 463 1514 530; x_wconf 72' lang='grc' dir='ltr'><em>ὕδατός</em></span> <span class='ocrx_word' id='word_1_11' title='bbox 1547 461 1911 530; x_wconf 74' lang='grc' dir='ltr'><em>ἀντιλογίας,</em></span> 
     </span>
    </p>
   </div>
   <div class='ocr_carea' id='block_1_5' title="bbox 2035 452 3587 539">
    <p class='ocr_par' dir='ltr' id='par_1_5' title="bbox 2084 452 3587 524">
     <span class='ocr_line' id='line_1_5' title="bbox 2084 452 3587 524; baseline -0.003 -14"><span class='ocrx_word' id='word_1_12' title='bbox 2084 457 2253 513; x_wconf 75' lang='lat' dir='ltr'><strong><em>Ve&#39;ns.</em></strong></span> <span class='ocrx_word' id='word_1_13' title='bbox 2288 456 2483 512; x_wconf 66' lang='lat'><strong><em>32-40.</em></strong></span> <span class='ocrx_word' id='word_1_14' title='bbox 2510 452 2580 508; x_wconf 83' lang='lat' dir='ltr'><strong><em>Et</em></strong></span> <span class='ocrx_word' id='word_1_15' title='bbox 2615 454 2956 508; x_wconf 72' lang='lat' dir='ltr'><strong><em>irritaverant</em></strong></span> <span class='ocrx_word' id='word_1_16' title='bbox 2988 463 3106 508; x_wconf 77' lang='lat' dir='ltr'><strong><em>eum</em></strong></span> <span class='ocrx_word' id='word_1_17' title='bbox 3136 453 3206 507; x_wconf 81' lang='lat' dir='ltr'><strong><em>a‘d</em></strong></span> <span class='ocrx_word' id='word_1_18' title='bbox 3244 466 3437 524; x_wconf 78' lang='lat' dir='ltr'><strong><em>aquam</em></strong></span> <span class='ocrx_word' id='word_1_19' title='bbox 3459 469 3587 507; x_wconf 65' lang='lat' dir='ltr'><strong><em>cono</em></strong></span> 
     </span>
    </p>
   </div>
   <div class='ocr_carea' id='block_1_6' title="bbox 345 552 1912 628">
    <p class='ocr_par' dir='ltr' id='par_1_6' title="bbox 345 552 1912 628">
     <span class='ocr_line' id='line_1_6' title="bbox 345 552 1912 628; baseline -0.007 -14"><span class='ocrx_word' id='word_1_20' title='bbox 345 561 444 614; x_wconf 78' lang='grc' dir='ltr'><strong><em>καί</em></strong></span> <span class='ocrx_word' id='word_1_21' title='bbox 473 555 738 628; x_wconf 75' lang='grc' dir='ltr'><strong><em>ἐκακώθη</em></strong></span> <span class='ocrx_word' id='word_1_22' title='bbox 770 558 1032 627; x_wconf 84' lang='grc' dir='ltr'><em>Μωῦσῆς</em></span> <span class='ocrx_word' id='word_1_23' title='bbox 1059 557 1132 610; x_wconf 88' lang='grc' dir='ltr'><em>δι’</em></span> <span class='ocrx_word' id='word_1_24' title='bbox 1161 555 1402 620; x_wconf 86' lang='grc' dir='ltr'><em>αὐτοὺς,</em></span> <span class='ocrx_word' id='word_1_25' title='bbox 1435 554 1522 606; x_wconf 87' lang='grc' dir='ltr'><em>ὅτι</em></span> <span class='ocrx_word' id='word_1_26' title='bbox 1555 552 1912 620; x_wconf 84' lang='grc' dir='ltr'><em>παρεπίκρα-</em></span> 
     </span>
    </p>
   </div>
   <div class='ocr_carea' id='block_1_7' title="bbox 344 641 1914 719">
    <p class='ocr_par' dir='ltr' id='par_1_7' title="bbox 344 641 1914 719">
     <span class='ocr_line' id='line_1_7' title="bbox 344 641 1914 719; baseline -0.007 -15"><span class='ocrx_word' id='word_1_27' title='bbox 344 667 461 704; x_wconf 84' lang='grc' dir='ltr'><strong><em>ναν</em></strong></span> <span class='ocrx_word' id='word_1_28' title='bbox 498 650 564 704; x_wconf 84' lang='grc' dir='ltr'><em>τὸ</em></span> <span class='ocrx_word' id='word_1_29' title='bbox 612 650 846 719; x_wconf 86' lang='grc' dir='ltr'><em>πνεῦμα</em></span> <span class='ocrx_word' id='word_1_30' title='bbox 893 647 1098 702; x_wconf 82' lang='grc' dir='ltr'><em>αὐτοῦ.</em></span> <span class='ocrx_word' id='word_1_31' title='bbox 1149 645 1259 699; x_wconf 89' lang='lat' dir='ltr'><strong><em>Kal</em></strong></span> <span class='ocrx_word' id='word_1_32' title='bbox 1301 645 1634 698; x_wconf 81' lang='grc' dir='ltr'><em>διέστειλεν</em></span> <span class='ocrx_word' id='word_1_33' title='bbox 1677 643 1747 696; x_wconf 89' lang='grc' dir='ltr'><strong><em>ἐν</em></strong></span> <span class='ocrx_word' id='word_1_34' title='bbox 1789 641 1914 706; x_wconf 82' lang='grc' dir='ltr'><em>τοῖς</em></span> 
     </span>
    </p>
   </div>
   <div class='ocr_carea' id='block_1_8' title="bbox 346 733 1916 813">
    <p class='ocr_par' dir='ltr' id='par_1_8' title="bbox 346 733 1916 813">
     <span class='ocr_line' id='line_1_8' title="bbox 346 733 1916 813; baseline -0.006 -18"><span class='ocrx_word' id='word_1_35' title='bbox 346 745 619 813; x_wconf 83' lang='grc' dir='ltr'><em>χείλεσιν</em></span> <span class='ocrx_word' id='word_1_36' title='bbox 664 741 869 804; x_wconf 85' lang='grc' dir='ltr'><em>αὐτοῦ,</em></span> <span class='ocrx_word' id='word_1_37' title='bbox 919 742 1030 794; x_wconf 88' lang='grc' dir='ltr'><em>οὐκ</em></span> <span class='ocrx_word' id='word_1_38' title='bbox 1076 738 1532 806; x_wconf 81' lang='grc' dir='ltr'><em>ἐξωλόθρευσαν</em></span> <span class='ocrx_word' id='word_1_39' title='bbox 1573 737 1646 789; x_wconf 83' lang='grc' dir='ltr'><em>τὰ</em></span> <span class='ocrx_word' id='word_1_40' title='bbox 1696 733 1838 801; x_wconf 70' lang='grc' dir='ltr'><em>ἔθνη</em></span> <span class='ocrx_word' id='word_1_41' title='bbox 1875 734 1916 786; x_wconf 82' lang='grc' dir='ltr'><strong><em>α</em></strong></span> 
     </span>
    </p>
   </div>
   <div class='ocr_carea' id='block_1_9' title="bbox 346 824 1912 902">
    <p class='ocr_par' dir='ltr' id='par_1_9' title="bbox 346 824 1912 902">
     <span class='ocr_line' id='line_1_9' title="bbox 346 824 1912 902; baseline -0.008 -14"><span class='ocrx_word' id='word_1_42' title='bbox 346 832 474 889; x_wconf 76' lang='grc' dir='ltr'><em>εἷπε</em></span> <span class='ocrx_word' id='word_1_43' title='bbox 501 835 713 902; x_wconf 86' lang='grc' dir='ltr'><em>Κύριος</em></span> <span class='ocrx_word' id='word_1_44' title='bbox 736 830 956 897; x_wconf 86' lang='grc' dir='ltr'><em>αὐτοῖς.</em></span> <span class='ocrx_word' id='word_1_45' title='bbox 989 829 1097 884; x_wconf 88' lang='lat' dir='ltr'><strong><em>Kal</em></strong></span> <span class='ocrx_word' id='word_1_46' title='bbox 1128 828 1420 898; x_wconf 73' lang='grc' dir='ltr'><em>ἐμίγησαν</em></span> <span class='ocrx_word' id='word_1_47' title='bbox 1441 827 1510 880; x_wconf 85' lang='grc' dir='ltr'><strong><em>ἐν</em></strong></span> <span class='ocrx_word' id='word_1_48' title='bbox 1537 824 1662 893; x_wconf 85' lang='grc' dir='ltr'><em>τοῖς</em></span> <span class='ocrx_word' id='word_1_49' title='bbox 1688 826 1912 892; x_wconf 78' lang='grc' dir='ltr'><em>ἔθνεσι,</em></span> 
     </span>
    </p>
   </div>
   <div class='ocr_carea' id='block_1_10' title="bbox 347 915 1916 996">
    <p class='ocr_par' dir='ltr' id='par_1_10' title="bbox 347 915 1916 996">
     <span class='ocr_line' id='line_1_10' title="bbox 347 915 1916 996; baseline -0.008 -16"><span class='ocrx_word' id='word_1_50' title='bbox 347 928 443 980; x_wconf 76' lang='grc' dir='ltr'><strong><em>καί</em></strong></span> <span class='ocrx_word' id='word_1_51' title='bbox 466 927 687 996; x_wconf 80' lang='grc' dir='ltr'><em>ἔμαθον</em></span> <span class='ocrx_word' id='word_1_52' title='bbox 713 925 783 978; x_wconf 87' lang='grc' dir='ltr'><strong><em>τὰ</em></strong></span> <span class='ocrx_word' id='word_1_53' title='bbox 802 925 944 993; x_wconf 76' lang='grc' dir='ltr'><em>ἔργα</em></span> <span class='ocrx_word' id='word_1_54' title='bbox 965 921 1184 985; x_wconf 86' lang='grc' dir='ltr'><em>αὐτῶν,</em></span> <span class='ocrx_word' id='word_1_55' title='bbox 1209 919 1306 975; x_wconf 78' lang='grc' dir='ltr'><em>καὶ</em></span> <span class='ocrx_word' id='word_1_56' title='bbox 1331 917 1772 972; x_wconf 82' lang='grc' dir='ltr'><em>ἐδουλεύσαντο</em></span> <span class='ocrx_word' id='word_1_57' title='bbox 1793 915 1916 980; x_wconf 83' lang='grc' dir='ltr'><em>τοῖς</em></span> 
     </span>
    </p>
   </div>
   <div class='ocr_carea' id='block_1_11' title="bbox 347 1007 1917 1088">
    <p class='ocr_par' dir='ltr' id='par_1_11' title="bbox 347 1007 1917 1088">
     <span class='ocr_line' id='line_1_11' title="bbox 347 1007 1917 1088; baseline -0.01 -15"><span class='ocrx_word' id='word_1_58' title='bbox 347 1018 633 1088; x_wconf 72' lang='grc' dir='ltr'><em>γλυπτοῖς</em></span> <span class='ocrx_word' id='word_1_59' title='bbox 661 1015 876 1080; x_wconf 83' lang='grc' dir='ltr'><em>αὐτῶν,</em></span> <span class='ocrx_word' id='word_1_60' title='bbox 912 1014 1010 1068; x_wconf 79' lang='grc' dir='ltr'><strong><em>καί</em></strong></span> <span class='ocrx_word' id='word_1_61' title='bbox 1034 1011 1284 1084; x_wconf 78' lang='grc' dir='ltr'><em>ἐγενήθη</em></span> <span class='ocrx_word' id='word_1_62' title='bbox 1311 1009 1515 1076; x_wconf 82' lang='grc' dir='ltr'><em>αὐτοῖς</em></span> <span class='ocrx_word' id='word_1_63' title='bbox 1541 1012 1627 1075; x_wconf 83' lang='grc' dir='ltr'><em>εὶς</em></span> <span class='ocrx_word' id='word_1_64' title='bbox 1653 1007 1917 1061; x_wconf 83' lang='grc' dir='ltr'><em>σκάνδα-</em></span> 
     </span>
    </p>
   </div>
   <div class='ocr_carea' id='block_1_12' title="bbox 346 1100 1917 1172">
    <p class='ocr_par' dir='ltr' id='par_1_12' title="bbox 346 1100 1917 1172">
     <span class='ocr_line' id='line_1_12' title="bbox 346 1100 1917 1172; baseline -0.008 -9"><span class='ocrx_word' id='word_1_65' title='bbox 346 1114 478 1164; x_wconf 88' lang='grc' dir='ltr'><em>λον.</em></span> <span class='ocrx_word' id='word_1_66' title='bbox 513 1109 622 1163; x_wconf 88' lang='lat' dir='ltr'><strong><em>Kal</em></strong></span> <span class='ocrx_word' id='word_1_67' title='bbox 645 1108 875 1163; x_wconf 77' lang='grc' dir='ltr'><em>ἔθυσαν</em></span> <span class='ocrx_word' id='word_1_68' title='bbox 900 1106 1040 1172; x_wconf 84' lang='grc' dir='ltr'><em>τσὺς</em></span> <span class='ocrx_word' id='word_1_69' title='bbox 1070 1105 1238 1171; x_wconf 87' lang='grc' dir='ltr'><em>υίοὺς</em></span> <span class='ocrx_word' id='word_1_70' title='bbox 1266 1103 1463 1158; x_wconf 85' lang='grc' dir='ltr'><em>αὐτῶν</em></span> <span class='ocrx_word' id='word_1_71' title='bbox 1490 1101 1585 1155; x_wconf 78' lang='grc' dir='ltr'><strong><em>καί</em></strong></span> <span class='ocrx_word' id='word_1_72' title='bbox 1616 1100 1722 1166; x_wconf 81' lang='grc' dir='ltr'><em>τὰς</em></span> <span class='ocrx_word' id='word_1_73' title='bbox 1748 1102 1917 1168; x_wconf 75' lang='grc' dir='ltr'><em>θυγα·</em></span> 
     </span>
    </p>
   </div>
   <div class='ocr_carea' id='block_1_13' title="bbox 347 1185 1918 1268">
    <p class='ocr_par' dir='ltr' id='par_1_13' title="bbox 347 1185 1918 1268">
     <span class='ocr_line' id='line_1_13' title="bbox 347 1185 1918 1268; baseline -0.008 -16"><span class='ocrx_word' id='word_1_74' title='bbox 347 1201 521 1268; x_wconf 84' lang='grc' dir='ltr'><em>τέρας</em></span> <span class='ocrx_word' id='word_1_75' title='bbox 557 1197 756 1252; x_wconf 86' lang='grc' dir='ltr'><em>αὐτῶν</em></span> <span class='ocrx_word' id='word_1_76' title='bbox 793 1198 917 1265; x_wconf 84' lang='grc' dir='ltr'><em>τοῖς</em></span> <span class='ocrx_word' id='word_1_77' title='bbox 955 1196 1298 1266; x_wconf 83' lang='grc' dir='ltr'><strong><em>δαιμονίοις.</em></strong></span> <span class='ocrx_word' id='word_1_78' title='bbox 1350 1194 1453 1250; x_wconf 81' lang='grc' dir='ltr'><strong><em>Καὶ</em></strong></span> <span class='ocrx_word' id='word_1_79' title='bbox 1487 1189 1735 1260; x_wconf 79' lang='grc' dir='ltr'><em>ἐξέχεαν</em></span> <span class='ocrx_word' id='word_1_80' title='bbox 1775 1185 1918 1258; x_wconf 68' lang='lat' dir='ltr'><strong><em>alga</em></strong></span> 
     </span>
    </p>
   </div>
   <div class='ocr_carea' id='block_1_14' title="bbox 347 1274 1913 1358">
    <p class='ocr_par' dir='ltr' id='par_1_14' title="bbox 347 1274 1913 1358">
     <span class='ocr_line' id='line_1_14' title="bbox 347 1274 1913 1358; baseline -0.004 -15"><span class='ocrx_word' id='word_1_81' title='bbox 347 1290 561 1351; x_wconf 81' lang='grc' dir='ltr'><em>ἀθῶον,</em></span> <span class='ocrx_word' id='word_1_82' title='bbox 587 1285 727 1358; x_wconf 76' lang='grc' dir='ltr'><em>αἷμα</em></span> <span class='ocrx_word' id='word_1_83' title='bbox 753 1289 898 1342; x_wconf 77' lang='grc' dir='ltr'><em>υἱῶν</em></span> <span class='ocrx_word' id='word_1_84' title='bbox 925 1287 1124 1341; x_wconf 82' lang='grc' dir='ltr'><em>αὐτῶν</em></span> <span class='ocrx_word' id='word_1_85' title='bbox 1156 1286 1254 1340; x_wconf 81' lang='grc' dir='ltr'><em>καὶ</em></span> <span class='ocrx_word' id='word_1_86' title='bbox 1291 1283 1644 1354; x_wconf 76' lang='grc' dir='ltr'><strong><em>θυγατέρων,</em></strong></span> <span class='ocrx_word' id='word_1_87' title='bbox 1671 1274 1758 1333; x_wconf 88' lang='grc' dir='ltr'><em>ὦν</em></span> <span class='ocrx_word' id='word_1_88' title='bbox 1779 1283 1913 1336; x_wconf 80' lang='grc' dir='ltr'><em>ἐθυ-</em></span> 
     </span>
    </p>
   </div>
   <div class='ocr_carea' id='block_1_15' title="bbox 348 1373 1917 1449">
    <p class='ocr_par' dir='ltr' id='par_1_15' title="bbox 348 1373 1917 1449">
     <span class='ocr_line' id='line_1_15' title="bbox 348 1373 1917 1449; baseline -0.006 -15"><span class='ocrx_word' id='word_1_89' title='bbox 348 1398 468 1434; x_wconf 88' lang='grc' dir='ltr'><strong><em>σαν</em></strong></span> <span class='ocrx_word' id='word_1_90' title='bbox 504 1379 626 1446; x_wconf 84' lang='grc' dir='ltr'><em>τοῖς</em></span> <span class='ocrx_word' id='word_1_91' title='bbox 654 1378 939 1449; x_wconf 73' lang='grc' dir='ltr'><strong><em>γλυπτοῖς</em></strong></span> <span class='ocrx_word' id='word_1_92' title='bbox 973 1376 1232 1432; x_wconf 74' lang='grc' dir='ltr'><em>Χαναὰν.</em></span> <span class='ocrx_word' id='word_1_93' title='bbox 1265 1377 1373 1430; x_wconf 88' lang='lat' dir='ltr'><strong><em>Kal</em></strong></span> <span class='ocrx_word' id='word_1_94' title='bbox 1402 1375 1848 1443; x_wconf 69' lang='grc' dir='ltr'><em>ἐφονοκτονήθη</em></span> <span class='ocrx_word' id='word_1_95' title='bbox 1878 1373 1917 1440; x_wconf 77' lang='grc' dir='ltr'><strong><em>η</em></strong></span> 
     </span>
    </p>
   </div>
   <div class='ocr_carea' id='block_1_16' title="bbox 347 1462 1920 1541">
    <p class='ocr_par' dir='ltr' id='par_1_16' title="bbox 347 1462 1920 1541">
     <span class='ocr_line' id='line_1_16' title="bbox 347 1462 1920 1541; baseline -0.007 -17"><span class='ocrx_word' id='word_1_96' title='bbox 347 1471 423 1541; x_wconf 77' lang='grc' dir='ltr'><em>τῆ</em></span> <span class='ocrx_word' id='word_1_97' title='bbox 468 1471 537 1523; x_wconf 86' lang='grc' dir='ltr'><strong><em>ἐν</em></strong></span> <span class='ocrx_word' id='word_1_98' title='bbox 569 1471 692 1536; x_wconf 82' lang='grc' dir='ltr'><em>τοῖς</em></span> <span class='ocrx_word' id='word_1_99' title='bbox 722 1471 952 1540; x_wconf 74' lang='grc' dir='ltr'><em>αἵμασι,</em></span> <span class='ocrx_word' id='word_1_100' title='bbox 1004 1469 1102 1522; x_wconf 79' lang='grc' dir='ltr'><strong><em>καί</em></strong></span> <span class='ocrx_word' id='word_1_101' title='bbox 1148 1467 1394 1537; x_wconf 81' lang='grc' dir='ltr'><strong><em>ἐμιάνθη</em></strong></span> <span class='ocrx_word' id='word_1_102' title='bbox 1447 1465 1516 1517; x_wconf 84' lang='grc' dir='ltr'><strong><em>ἐν</em></strong></span> <span class='ocrx_word' id='word_1_103' title='bbox 1561 1463 1684 1529; x_wconf 84' lang='grc' dir='ltr'><em>τοῖς</em></span> <span class='ocrx_word' id='word_1_104' title='bbox 1725 1462 1920 1532; x_wconf 60' lang='grc' dir='ltr'><em>ἔργοις</em></span> 
     </span>
    </p>
   </div>
   <div class='ocr_carea' id='block_1_17' title="bbox 348 1553 1922 1626">
    <p class='ocr_par' dir='ltr' id='par_1_17' title="bbox 348 1553 1922 1626">
     <span class='ocr_line' id='line_1_17' title="bbox 348 1553 1922 1626; baseline -0.005 -13"><span class='ocrx_word' id='word_1_105' title='bbox 348 1560 566 1622; x_wconf 84' lang='grc' dir='ltr'><em>αὐτῶν,</em></span> <span class='ocrx_word' id='word_1_106' title='bbox 597 1561 694 1613; x_wconf 75' lang='grc' dir='ltr'><em>καὶ</em></span> <span class='ocrx_word' id='word_1_107' title='bbox 738 1559 1115 1626; x_wconf 78' lang='grc' dir='ltr'><em>ἐπόρνευσαν</em></span> <span class='ocrx_word' id='word_1_108' title='bbox 1149 1556 1249 1610; x_wconf 78' lang='grc' dir='ltr'><em>ἐπὶ</em></span> <span class='ocrx_word' id='word_1_109' title='bbox 1291 1555 1414 1620; x_wconf 85' lang='grc' dir='ltr'><em>τοῖς</em></span> <span class='ocrx_word' id='word_1_110' title='bbox 1455 1553 1922 1622; x_wconf 79' lang='grc' dir='ltr'><strong><em>ἐπιτηδεύμασιν</em></strong></span> 
     </span>
    </p>
   </div>
   <div class='ocr_carea' id='block_1_18' title="bbox 349 1643 1922 1720">
    <p class='ocr_par' dir='ltr' id='par_1_18' title="bbox 349 1643 1922 1720">
     <span class='ocr_line' id='line_1_18' title="bbox 349 1643 1922 1720; baseline -0.005 -15"><span class='ocrx_word' id='word_1_111' title='bbox 349 1651 568 1706; x_wconf 84' lang='grc' dir='ltr'><em>αὐτῶν.</em></span> <span class='ocrx_word' id='word_1_112' title='bbox 611 1651 719 1704; x_wconf 86' lang='lat' dir='ltr'><strong><em>Kal</em></strong></span> <span class='ocrx_word' id='word_1_113' title='bbox 747 1651 1006 1720; x_wconf 80' lang='grc' dir='ltr'><strong><em>ὠργίσθη</em></strong></span> <span class='ocrx_word' id='word_1_114' title='bbox 1036 1647 1199 1718; x_wconf 84' lang='grc' dir='ltr'><em>θυμῷ</em></span> <span class='ocrx_word' id='word_1_115' title='bbox 1232 1649 1447 1716; x_wconf 88' lang='grc' dir='ltr'><em>Κύριος</em></span> <span class='ocrx_word' id='word_1_116' title='bbox 1484 1647 1582 1699; x_wconf 78' lang='grc' dir='ltr'><em>ἐπὶ</em></span> <span class='ocrx_word' id='word_1_117' title='bbox 1621 1644 1728 1699; x_wconf 84' lang='grc' dir='ltr'><em>τὸν</em></span> <span class='ocrx_word' id='word_1_118' title='bbox 1767 1643 1922 1698; x_wconf 87' lang='grc' dir='ltr'><em>λαὸν</em></span> 
     </span>
    </p>
   </div>
   <div class='ocr_carea' id='block_1_19' title="bbox 350 1736 1917 1808">
    <p class='ocr_par' dir='ltr' id='par_1_19' title="bbox 350 1736 1917 1808">
     <span class='ocr_line' id='line_1_19' title="bbox 350 1736 1917 1808; baseline -0.005 -12"><span class='ocrx_word' id='word_1_119' title='bbox 350 1744 554 1808; x_wconf 83' lang='grc' dir='ltr'><em>αὐτοῦ,</em></span> <span class='ocrx_word' id='word_1_120' title='bbox 575 1745 669 1797; x_wconf 80' lang='grc' dir='ltr'><strong><em>καί</em></strong></span> <span class='ocrx_word' id='word_1_121' title='bbox 687 1739 1044 1805; x_wconf 78' lang='grc' dir='ltr'><em>ἐϐδελύξατο</em></span> <span class='ocrx_word' id='word_1_122' title='bbox 1066 1740 1181 1808; x_wconf 83' lang='grc' dir='ltr'><em>τὴν</em></span> <span class='ocrx_word' id='word_1_123' title='bbox 1199 1738 1605 1808; x_wconf 69' lang='grc' dir='ltr'><em>κληρονομίαν</em></span> <span class='ocrx_word' id='word_1_124' title='bbox 1626 1736 1830 1790; x_wconf 85' lang='grc' dir='ltr'><em>αὐτοῦ.</em></span> <span class='ocrx_word' id='word_1_125' title='bbox 1854 1736 1917 1788; x_wconf 87' lang='grc' dir='ltr'><em>Εί</em></span> 
     </span>
    </p>
   </div>
   <div class='ocr_carea' id='block_1_20' title="bbox 2016 545 3588 618">
    <p class='ocr_par' dir='ltr' id='par_1_20' title="bbox 2016 545 3588 618">
     <span class='ocr_line' id='line_1_20' title="bbox 2016 545 3588 618; baseline -0.007 -9"><span class='ocrx_word' id='word_1_126' title='bbox 2016 553 2374 616; x_wconf 86' lang='lat' dir='ltr'><strong><em>tradictionis,</em></strong></span> <span class='ocrx_word' id='word_1_127' title='bbox 2408 559 2458 604; x_wconf 89' lang='lat' dir='ltr'><strong><em>et</em></strong></span> <span class='ocrx_word' id='word_1_128' title='bbox 2501 558 2717 604; x_wconf 74' lang='lat' dir='ltr'><strong><em>vexatus</em></strong></span> <span class='ocrx_word' id='word_1_129' title='bbox 2751 559 2828 602; x_wconf 92' lang='lat' dir='ltr'><strong><em>est</em></strong></span> <span class='ocrx_word' id='word_1_130' title='bbox 2864 547 3072 618; x_wconf 77' lang='lat' dir='ltr'><strong><em>Moyses</em></strong></span> <span class='ocrx_word' id='word_1_131' title='bbox 3095 557 3304 617; x_wconf 88' lang='lat' dir='ltr'><strong><em>propter</em></strong></span> <span class='ocrx_word' id='word_1_132' title='bbox 3321 563 3429 610; x_wconf 87' lang='lat' dir='ltr'><strong><em>eos,</em></strong></span> <span class='ocrx_word' id='word_1_133' title='bbox 3461 545 3588 614; x_wconf 85' lang='lat' dir='ltr'><strong><em>quia</em></strong></span> 
     </span>
    </p>
   </div>
   <div class='ocr_carea' id='block_1_21' title="bbox 2013 638 3587 712">
    <p class='ocr_par' dir='ltr' id='par_1_21' title="bbox 2013 638 3587 712">
     <span class='ocr_line' id='line_1_21' title="bbox 2013 638 3587 712; baseline -0.006 -11"><span class='ocrx_word' id='word_1_134' title='bbox 2013 645 2454 701; x_wconf 78' lang='lat' dir='ltr'><strong><em>exacerbaverunt</em></strong></span> <span class='ocrx_word' id='word_1_135' title='bbox 2498 642 2747 712; x_wconf 72' lang='lat' dir='ltr'><strong><em>spiritum</em></strong></span> <span class='ocrx_word' id='word_1_136' title='bbox 2780 639 3019 712; x_wconf 83' lang='lat' dir='ltr'><strong><em>ejus.|Et</em></strong></span> <span class='ocrx_word' id='word_1_137' title='bbox 3065 640 3312 692; x_wconf 66' lang='lat' dir='ltr'><strong><em>distinxit</em></strong></span> <span class='ocrx_word' id='word_1_138' title='bbox 3349 639 3404 692; x_wconf 87' lang='lat' dir='ltr'><strong><em>in</em></strong></span> <span class='ocrx_word' id='word_1_139' title='bbox 3432 638 3587 691; x_wconf 79' lang='lat' dir='ltr'><strong><em>labiis</em></strong></span> 
     </span>
    </p>
   </div>
   <div class='ocr_carea' id='block_1_22' title="bbox 2015 729 3588 806">
    <p class='ocr_par' dir='ltr' id='par_1_22' title="bbox 2015 729 3588 806">
     <span class='ocr_line' id='line_1_22' title="bbox 2015 729 3588 806; baseline -0.01 -10"><span class='ocrx_word' id='word_1_140' title='bbox 2015 743 2151 804; x_wconf 86' lang='lat' dir='ltr'><strong><em>suis,</em></strong></span> <span class='ocrx_word' id='word_1_141' title='bbox 2175 755 2278 793; x_wconf 89' lang='lat' dir='ltr'><strong><em>non</em></strong></span> <span class='ocrx_word' id='word_1_142' title='bbox 2299 735 2727 806; x_wconf 75' lang='lat' dir='ltr'><strong><em>disperdiderunt</em></strong></span> <span class='ocrx_word' id='word_1_143' title='bbox 2760 739 2959 805; x_wconf 86' lang='lat' dir='ltr'><strong><em>gentes,</em></strong></span> <span class='ocrx_word' id='word_1_144' title='bbox 2986 748 3116 802; x_wconf 86' lang='lat' dir='ltr'><strong><em>quas</em></strong></span> <span class='ocrx_word' id='word_1_145' title='bbox 3152 731 3289 785; x_wconf 74' lang='lat' dir='ltr'><strong><em>dixit</em></strong></span> <span class='ocrx_word' id='word_1_146' title='bbox 3327 729 3588 784; x_wconf 82' lang='lat' dir='ltr'><strong><em>Dominus</em></strong></span> 
     </span>
    </p>
   </div>
   <div class='ocr_carea' id='block_1_23' title="bbox 2015 823 3590 894">
    <p class='ocr_par' dir='ltr' id='par_1_23' title="bbox 2015 823 3590 894">
     <span class='ocr_line' id='line_1_23' title="bbox 2015 823 3590 894; baseline -0.008 -8"><span class='ocrx_word' id='word_1_147' title='bbox 2015 833 2149 889; x_wconf 80' lang='lat' dir='ltr'><strong><em>illis.</em></strong></span> <span class='ocrx_word' id='word_1_148' title='bbox 2199 829 2269 884; x_wconf 87' lang='lat' dir='ltr'><strong><em>Et</em></strong></span> <span class='ocrx_word' id='word_1_149' title='bbox 2301 829 2565 883; x_wconf 81' lang='lat' dir='ltr'><strong><em>commisti</em></strong></span> <span class='ocrx_word' id='word_1_150' title='bbox 2611 835 2734 882; x_wconf 87' lang='lat' dir='ltr'><strong><em>sunt</em></strong></span> <span class='ocrx_word' id='word_1_151' title='bbox 2781 826 2919 880; x_wconf 87' lang='lat' dir='ltr'><strong><em>inter</em></strong></span> <span class='ocrx_word' id='word_1_152' title='bbox 2949 835 3146 894; x_wconf 83' lang='lat' dir='ltr'><strong><em>gentes,</em></strong></span> <span class='ocrx_word' id='word_1_153' title='bbox 3193 833 3242 878; x_wconf 88' lang='lat' dir='ltr'><strong><em>et</em></strong></span> <span class='ocrx_word' id='word_1_154' title='bbox 3292 823 3590 877; x_wconf 77' lang='lat' dir='ltr'><strong><em>didicerunt</em></strong></span> 
     </span>
    </p>
   </div>
   <div class='ocr_carea' id='block_1_24' title="bbox 2017 912 3589 992">
    <p class='ocr_par' dir='ltr' id='par_1_24' title="bbox 2017 912 3589 992">
     <span class='ocr_line' id='line_1_24' title="bbox 2017 912 3589 992; baseline -0.008 -15"><span class='ocrx_word' id='word_1_155' title='bbox 2017 939 2172 992; x_wconf 90' lang='lat' dir='ltr'><strong><em>opera</em></strong></span> <span class='ocrx_word' id='word_1_156' title='bbox 2195 932 2398 985; x_wconf 83' lang='lat' dir='ltr'><strong><em>eorum,</em></strong></span> <span class='ocrx_word' id='word_1_157' title='bbox 2433 929 2482 973; x_wconf 90' lang='lat' dir='ltr'><strong><em>et</em></strong></span> <span class='ocrx_word' id='word_1_158' title='bbox 2519 920 2809 973; x_wconf 76' lang='lat' dir='ltr'><strong><em>seruierunt</em></strong></span> <span class='ocrx_word' id='word_1_159' title='bbox 2840 915 3171 984; x_wconf 81' lang='lat' dir='ltr'><strong><em>sculptilibus</em></strong></span> <span class='ocrx_word' id='word_1_160' title='bbox 3203 923 3405 978; x_wconf 82' lang='lat' dir='ltr'><strong><em>eorum,</em></strong></span> <span class='ocrx_word' id='word_1_161' title='bbox 3432 921 3480 967; x_wconf 79' lang='lat' dir='ltr'><strong><em>et</em></strong></span> <span class='ocrx_word' id='word_1_162' title='bbox 3503 912 3589 980; x_wconf 80' lang='lat' dir='ltr'><strong><em>fa-</em></strong></span> 
     </span>
    </p>
   </div>
   <div class='ocr_carea' id='block_1_25' title="bbox 2017 1007 3590 1076">
    <p class='ocr_par' dir='ltr' id='par_1_25' title="bbox 2017 1007 3590 1076">
     <span class='ocr_line' id='line_1_25' title="bbox 2017 1007 3590 1076; baseline -0.006 -8"><span class='ocrx_word' id='word_1_163' title='bbox 2017 1027 2158 1070; x_wconf 85' lang='lat' dir='ltr'><strong><em>ctum</em></strong></span> <span class='ocrx_word' id='word_1_164' title='bbox 2185 1025 2262 1068; x_wconf 86' lang='lat' dir='ltr'><strong><em>est</em></strong></span> <span class='ocrx_word' id='word_1_165' title='bbox 2290 1014 2400 1066; x_wconf 80' lang='lat' dir='ltr'><strong><em>illis</em></strong></span> <span class='ocrx_word' id='word_1_166' title='bbox 2439 1015 2495 1066; x_wconf 86' lang='lat' dir='ltr'><strong><em>in</em></strong></span> <span class='ocrx_word' id='word_1_167' title='bbox 2524 1010 2860 1066; x_wconf 79' lang='lat' dir='ltr'><strong><em>scandalum.</em></strong></span> <span class='ocrx_word' id='word_1_168' title='bbox 2897 1008 2962 1062; x_wconf 85' lang='lat' dir='ltr'><strong><em>Et</em></strong></span> <span class='ocrx_word' id='word_1_169' title='bbox 3009 1007 3407 1062; x_wconf 81' lang='lat' dir='ltr'><strong><em>immolaverunt</em></strong></span> <span class='ocrx_word' id='word_1_170' title='bbox 3447 1007 3590 1076; x_wconf 74' lang='lat' dir='ltr'><strong><em>ﬁlios</em></strong></span> 
     </span>
    </p>
   </div>
   <div class='ocr_carea' id='block_1_26' title="bbox 2018 1097 3594 1176">
    <p class='ocr_par' dir='ltr' id='par_1_26' title="bbox 2018 1097 3594 1176">
     <span class='ocr_line' id='line_1_26' title="bbox 2018 1097 3594 1176; baseline -0.008 -14"><span class='ocrx_word' id='word_1_171' title='bbox 2018 1125 2141 1162; x_wconf 87' lang='lat' dir='ltr'><strong><em>suos</em></strong></span> <span class='ocrx_word' id='word_1_172' title='bbox 2184 1117 2233 1161; x_wconf 87' lang='lat' dir='ltr'><strong><em>et</em></strong></span> <span class='ocrx_word' id='word_1_173' title='bbox 2263 1106 2406 1176; x_wconf 78' lang='lat' dir='ltr'><strong><em>ﬁlias</em></strong></span> <span class='ocrx_word' id='word_1_174' title='bbox 2438 1115 2564 1158; x_wconf 78' lang='lat' dir='ltr'><strong><em>suas</em></strong></span> <span class='ocrx_word' id='word_1_175' title='bbox 2606 1101 2907 1156; x_wconf 66' lang='lat' dir='ltr'><strong><em>daemoniis.</em></strong></span> <span class='ocrx_word' id='word_1_176' title='bbox 2949 1098 3016 1152; x_wconf 86' lang='lat' dir='ltr'><strong><em>Et</em></strong></span> <span class='ocrx_word' id='word_1_177' title='bbox 3052 1097 3352 1168; x_wconf 72' lang='lat' dir='ltr'><strong><em>effuderunt</em></strong></span> <span class='ocrx_word' id='word_1_178' title='bbox 3378 1098 3594 1168; x_wconf 87' lang='lat' dir='ltr'><strong><em>sangui-</em></strong></span> 
     </span>
    </p>
   </div>
   <div class='ocr_carea' id='block_1_27' title="bbox 2018 1187 3594 1263">
    <p class='ocr_par' dir='ltr' id='par_1_27' title="bbox 2018 1187 3594 1263">
     <span class='ocr_line' id='line_1_27' title="bbox 2018 1187 3594 1263; baseline -0.01 -9"><span class='ocrx_word' id='word_1_179' title='bbox 2018 1216 2134 1254; x_wconf 88' lang='lat' dir='ltr'><strong><em>nem</em></strong></span> <span class='ocrx_word' id='word_1_180' title='bbox 2162 1199 2508 1258; x_wconf 75' lang='lat' dir='ltr'><strong><em>innece&#39;ntem,</em></strong></span> <span class='ocrx_word' id='word_1_181' title='bbox 2541 1194 2850 1263; x_wconf 86' lang='lat' dir='ltr'><strong><em>sanguinem</em></strong></span> <span class='ocrx_word' id='word_1_182' title='bbox 2868 1191 3103 1260; x_wconf 74' lang='lat' dir='ltr'><strong><em>ﬁliorum</em></strong></span> <span class='ocrx_word' id='word_1_183' title='bbox 3134 1203 3350 1242; x_wconf 85' lang='lat' dir='ltr'><strong><em>suorum</em></strong></span> <span class='ocrx_word' id='word_1_184' title='bbox 3379 1199 3426 1241; x_wconf 89' lang='lat' dir='ltr'><strong><em>et</em></strong></span> <span class='ocrx_word' id='word_1_185' title='bbox 3451 1187 3594 1256; x_wconf 78' lang='lat' dir='ltr'><strong><em>ﬁlia-</em></strong></span> 
     </span>
    </p>
   </div>
   <div class='ocr_carea' id='block_1_28' title="bbox 2019 1274 3597 1356">
    <p class='ocr_par' dir='ltr' id='par_1_28' title="bbox 2019 1274 3597 1356">
     <span class='ocr_line' id='line_1_28' title="bbox 2019 1274 3597 1356; baseline -0.01 -11"><span class='ocrx_word' id='word_1_186' title='bbox 2019 1309 2137 1346; x_wconf 81' lang='lat' dir='ltr'><strong><em>rum</em></strong></span> <span class='ocrx_word' id='word_1_187' title='bbox 2175 1304 2417 1349; x_wconf 89' lang='lat' dir='ltr'><strong><em>suarum,</em></strong></span> <span class='ocrx_word' id='word_1_188' title='bbox 2461 1301 2593 1356; x_wconf 81' lang='lat' dir='ltr'><strong><em>quas</em></strong></span> <span class='ocrx_word' id='word_1_189' title='bbox 2634 1282 3069 1352; x_wconf 80' lang='lat' dir='ltr'><strong><em>sacrificaverunt</em></strong></span> <span class='ocrx_word' id='word_1_190' title='bbox 3101 1274 3433 1348; x_wconf 85' lang='lat' dir='ltr'><strong><em>sculptilibus</em></strong></span> <span class='ocrx_word' id='word_1_191' title='bbox 3455 1275 3597 1330; x_wconf 82' lang='lat' dir='ltr'><strong><em>Cha-</em></strong></span> 
     </span>
    </p>
   </div>
   <div class='ocr_carea' id='block_1_29' title="bbox 2020 1359 3657 1449">
    <p class='ocr_par' dir='ltr' id='par_1_29' title="bbox 2020 1359 3657 1449">
     <span class='ocr_line' id='line_1_29' title="bbox 2020 1359 3657 1449; baseline -0.011 -11"><span class='ocrx_word' id='word_1_192' title='bbox 2020 1400 2182 1438; x_wconf 85' lang='lat' dir='ltr'><strong><em>naan.</em></strong></span> <span class='ocrx_word' id='word_1_193' title='bbox 2213 1380 2281 1435; x_wconf 85' lang='lat' dir='ltr'><strong><em>Et</em></strong></span> <span class='ocrx_word' id='word_1_194' title='bbox 2320 1380 2516 1449; x_wconf 76' lang='lat' dir='ltr'><strong><em>infecta</em></strong></span> <span class='ocrx_word' id='word_1_195' title='bbox 2546 1387 2622 1432; x_wconf 81' lang='lat' dir='ltr'><strong><em>est</em></strong></span> <span class='ocrx_word' id='word_1_196' title='bbox 2656 1387 2797 1430; x_wconf 86' lang='lat' dir='ltr'><strong><em>terra</em></strong></span> <span class='ocrx_word' id='word_1_197' title='bbox 2828 1375 2882 1427; x_wconf 91' lang='lat' dir='ltr'><strong><em>in</em></strong></span> <span class='ocrx_word' id='word_1_198' title='bbox 2924 1373 3290 1443; x_wconf 82' lang='lat' dir='ltr'><strong><em>sanguinibus,</em></strong></span> <span class='ocrx_word' id='word_1_199' title='bbox 3335 1379 3384 1424; x_wconf 86' lang='lat' dir='ltr'><strong><em>et</em></strong></span> <span class='ocrx_word' id='word_1_200' title='bbox 3418 1379 3598 1422; x_wconf 84' lang='lat' dir='ltr'><strong><em>conta-</em></strong></span> <span class='ocrx_word' id='word_1_201' title='bbox 3643 1359 3657 1383; x_wconf 72' lang='lat'>‘</span> 
     </span>
    </p>
   </div>
   <div class='ocr_carea' id='block_1_30' title="bbox 2020 1463 3597 1540">
    <p class='ocr_par' dir='ltr' id='par_1_30' title="bbox 2020 1463 3597 1540">
     <span class='ocr_line' id='line_1_30' title="bbox 2020 1463 3597 1540; baseline -0.009 -10"><span class='ocrx_word' id='word_1_202' title='bbox 2020 1477 2224 1530; x_wconf 86' lang='lat' dir='ltr'><strong><em>minata</em></strong></span> <span class='ocrx_word' id='word_1_203' title='bbox 2268 1474 2428 1534; x_wconf 77' lang='lat' dir='ltr'><strong><em>est,in</em></strong></span> <span class='ocrx_word' id='word_1_204' title='bbox 2470 1470 2716 1540; x_wconf 72' lang='lat' dir='ltr'><strong><em>operibus</em></strong></span> <span class='ocrx_word' id='word_1_205' title='bbox 2763 1477 2968 1531; x_wconf 87' lang='lat' dir='ltr'><strong><em>eorum,</em></strong></span> <span class='ocrx_word' id='word_1_206' title='bbox 3013 1473 3063 1518; x_wconf 93' lang='lat' dir='ltr'><strong><em>et</em></strong></span> <span class='ocrx_word' id='word_1_207' title='bbox 3110 1464 3360 1533; x_wconf 78' lang='lat' dir='ltr'><strong><em>fornicati</em></strong></span> <span class='ocrx_word' id='word_1_208' title='bbox 3389 1471 3510 1515; x_wconf 87' lang='lat' dir='ltr'><strong><em>sunt</em></strong></span> <span class='ocrx_word' id='word_1_209' title='bbox 3541 1463 3597 1516; x_wconf 90' lang='lat' dir='ltr'><strong><em>in</em></strong></span> 
     </span>
    </p>
   </div>
   <div class='ocr_carea' id='block_1_31' title="bbox 2022 1553 3596 1626">
    <p class='ocr_par' dir='ltr' id='par_1_31' title="bbox 2022 1553 3596 1626">
     <span class='ocr_line' id='line_1_31' title="bbox 2022 1553 3596 1626; baseline -0.01 -5"><span class='ocrx_word' id='word_1_210' title='bbox 2022 1563 2478 1620; x_wconf 77' lang='lat' dir='ltr'><strong><em>adinventionibus</em></strong></span> <span class='ocrx_word' id='word_1_211' title='bbox 2516 1564 2648 1616; x_wconf 87' lang='lat' dir='ltr'><strong><em>suis.</em></strong></span> <span class='ocrx_word' id='word_1_212' title='bbox 2679 1559 2749 1613; x_wconf 86' lang='lat' dir='ltr'><strong><em>Et</em></strong></span> <span class='ocrx_word' id='word_1_213' title='bbox 2785 1561 2958 1612; x_wconf 89' lang='lat' dir='ltr'><strong><em>iratus</em></strong></span> <span class='ocrx_word' id='word_1_214' title='bbox 2991 1565 3067 1612; x_wconf 82' lang='lat' dir='ltr'><strong><em>est</em></strong></span> <span class='ocrx_word' id='word_1_215' title='bbox 3110 1556 3289 1626; x_wconf 79' lang='lat' dir='ltr'><strong><em>furore</em></strong></span> <span class='ocrx_word' id='word_1_216' title='bbox 3335 1553 3596 1609; x_wconf 87' lang='lat' dir='ltr'><strong><em>Dominus</em></strong></span> 
     </span>
    </p>
   </div>
   <div class='ocr_carea' id='block_1_32' title="bbox 2021 1647 3596 1727">
    <p class='ocr_par' dir='ltr' id='par_1_32' title="bbox 2021 1647 3596 1727">
     <span class='ocr_line' id='line_1_32' title="bbox 2021 1647 3596 1727; baseline -0.009 -15"><span class='ocrx_word' id='word_1_217' title='bbox 2021 1660 2077 1713; x_wconf 83' lang='lat' dir='ltr'><strong><em>in</em></strong></span> <span class='ocrx_word' id='word_1_218' title='bbox 2127 1659 2374 1727; x_wconf 82' lang='lat' dir='ltr'><strong><em>populum</em></strong></span> <span class='ocrx_word' id='word_1_219' title='bbox 2424 1671 2598 1717; x_wconf 84' lang='lat' dir='ltr'><strong><em>suum,</em></strong></span> <span class='ocrx_word' id='word_1_220' title='bbox 2649 1665 2696 1708; x_wconf 86' lang='lat' dir='ltr'><strong><em>et</em></strong></span> <span class='ocrx_word' id='word_1_221' title='bbox 2742 1651 3081 1704; x_wconf 77' lang='lat' dir='ltr'><strong><em>abominatus</em></strong></span> <span class='ocrx_word' id='word_1_222' title='bbox 3127 1658 3204 1702; x_wconf 85' lang='lat' dir='ltr'><strong><em>est</em></strong></span> <span class='ocrx_word' id='word_1_223' title='bbox 3235 1647 3596 1701; x_wconf 75' lang='lat' dir='ltr'><strong><em>hwreditatem</em></strong></span> 
     </span>
    </p>
   </div>
   <div class='ocr_carea' id='block_1_33' title="bbox 2022 1739 3598 1820">
    <p class='ocr_par' dir='ltr' id='par_1_33' title="bbox 2022 1739 3598 1820">
     <span class='ocr_line' id='line_1_33' title="bbox 2022 1739 3598 1820; baseline -0.008 -14"><span class='ocrx_word' id='word_1_224' title='bbox 2022 1767 2196 1806; x_wconf 87' lang='lat' dir='ltr'><strong><em>suam.</em></strong></span> <span class='ocrx_word' id='word_1_225' title='bbox 2233 1747 2291 1804; x_wconf 86' lang='lat' dir='ltr'><strong><em>Si</em></strong></span> <span class='ocrx_word' id='word_1_226' title='bbox 2323 1756 2543 1820; x_wconf 75' lang='lat' dir='ltr'><strong><em>propter</em></strong></span> <span class='ocrx_word' id='word_1_227' title='bbox 2569 1747 2685 1802; x_wconf 69' lang='lat' dir='ltr'><strong><em>haec</em></strong></span> <span class='ocrx_word' id='word_1_228' title='bbox 2719 1745 2901 1800; x_wconf 86' lang='lat' dir='ltr'><strong><em>omnia</em></strong></span> <span class='ocrx_word' id='word_1_229' title='bbox 2937 1741 3284 1797; x_wconf 74' lang='lat' dir='ltr'><strong><em>abominatus</em></strong></span> <span class='ocrx_word' id='word_1_230' title='bbox 3313 1748 3396 1795; x_wconf 90' lang='lat' dir='ltr'><strong><em>est</em></strong></span> <span class='ocrx_word' id='word_1_231' title='bbox 3424 1739 3598 1794; x_wconf 71' lang='lat' dir='ltr'><strong><em>luere-</em></strong></span> 
     </span>
    </p>
   </div>
   <div class='ocr_carea' id='block_1_34' title="bbox 350 1823 1933 1908">
    <p class='ocr_par' dir='ltr' id='par_1_34' title="bbox 350 1823 1915 1900">
     <span class='ocr_line' id='line_1_34' title="bbox 350 1823 1915 1900; baseline -0.006 -13"><span class='ocrx_word' id='word_1_232' title='bbox 350 1833 439 1887; x_wconf 80' lang='grc' dir='ltr'><em>διὰ</em></span> <span class='ocrx_word' id='word_1_233' title='bbox 459 1833 629 1886; x_wconf 79' lang='grc' dir='ltr'><em>ταῦτα</em></span> <span class='ocrx_word' id='word_1_234' title='bbox 659 1832 836 1886; x_wconf 81' lang='grc' dir='ltr'><em>πάντα</em></span> <span class='ocrx_word' id='word_1_235' title='bbox 870 1829 1185 1894; x_wconf 78' lang='grc' dir='ltr'><em>ἐϐδελύξατο</em></span> <span class='ocrx_word' id='word_1_236' title='bbox 1207 1828 1303 1900; x_wconf 81' lang='grc' dir='ltr'><em>τὴν</em></span> <span class='ocrx_word' id='word_1_237' title='bbox 1337 1826 1696 1899; x_wconf 82' lang='grc' dir='ltr'><em>κληρονομίαν</em></span> <span class='ocrx_word' id='word_1_238' title='bbox 1728 1823 1915 1888; x_wconf 81' lang='grc' dir='ltr'><em>αὑτοῦ,</em></span> 
     </span>
    </p>
   </div>
   <div class='ocr_carea' id='block_1_35' title="bbox 2035 1823 3596 1908">
    <p class='ocr_par' dir='ltr' id='par_1_35' title="bbox 2035 1831 3596 1908">
     <span class='ocr_line' id='line_1_35' title="bbox 2035 1831 3596 1908; baseline -0.008 -12"><span class='ocrx_word' id='word_1_239' title='bbox 2035 1843 2241 1896; x_wconf 81' lang='lat' dir='ltr'><strong><em>litatem</em></strong></span> <span class='ocrx_word' id='word_1_240' title='bbox 2273 1852 2449 1906; x_wconf 89' lang='lat' dir='ltr'><strong><em>suam,</em></strong></span> <span class='ocrx_word' id='word_1_241' title='bbox 2486 1856 2585 1894; x_wconf 90' lang='lat' dir='ltr'><strong><em>cur</em></strong></span> <span class='ocrx_word' id='word_1_242' title='bbox 2615 1853 2782 1908; x_wconf 81' lang='lat' dir='ltr'><strong><em>supra</em></strong></span> <span class='ocrx_word' id='word_1_243' title='bbox 2825 1837 3029 1891; x_wconf 84' lang='lat' dir='ltr'><strong><em>dictum</em></strong></span> <span class='ocrx_word' id='word_1_244' title='bbox 3063 1840 3168 1900; x_wconf 83' lang='lat' dir='ltr'><strong><em>est,</em></strong></span> <span class='ocrx_word' id='word_1_245' title='bbox 3195 1832 3276 1885; x_wconf 81' lang='lat' dir='ltr'><strong><em>Ad</em></strong></span> <span class='ocrx_word' id='word_1_246' title='bbox 3316 1831 3596 1886; x_wconf 81' lang='lat' dir='ltr'><strong><em>videndum</em></strong></span> 
     </span>
    </p>
   </div>
   <div class='ocr_carea' id='block_1_36' title="bbox 353 1919 1921 1996">
    <p class='ocr_par' dir='ltr' id='par_1_36' title="bbox 353 1919 1921 1996">
     <span class='ocr_line' id='line_1_36' title="bbox 353 1919 1921 1996; baseline -0.004 -18"><span class='ocrx_word' id='word_1_247' title='bbox 353 1925 471 1988; x_wconf 89' lang='grc' dir='ltr'><strong><em>πῶς</em></strong></span> <span class='ocrx_word' id='word_1_248' title='bbox 502 1925 759 1996; x_wconf 77' lang='grc' dir='ltr'><strong><em>ἀνωτέρω</em></strong></span> <span class='ocrx_word' id='word_1_249' title='bbox 783 1924 1015 1994; x_wconf 76' lang='grc' dir='ltr'><em>εἴρηται·</em></span> <span class='ocrx_word' id='word_1_250' title='bbox 1051 1922 1161 1976; x_wconf 84' lang='grc' dir='ltr'><strong><em>Τοῦ</em></strong></span> <span class='ocrx_word' id='word_1_251' title='bbox 1187 1921 1334 1975; x_wconf 86' lang='grc' dir='ltr'><em>ίδεῖν</em></span> <span class='ocrx_word' id='word_1_252' title='bbox 1363 1921 1433 1974; x_wconf 83' lang='grc' dir='ltr'><strong><em>ἐν</em></strong></span> <span class='ocrx_word' id='word_1_253' title='bbox 1461 1919 1533 1987; x_wconf 79' lang='grc' dir='ltr'><em>τῇ</em></span> <span class='ocrx_word' id='word_1_254' title='bbox 1560 1920 1921 1988; x_wconf 83' lang='grc' dir='ltr'><em>χρηστότητι</em></span> 
     </span>
    </p>
   </div>
   <div class='ocr_carea' id='block_1_37' title="bbox 348 2009 1925 2083">
    <p class='ocr_par' dir='ltr' id='par_1_37' title="bbox 348 2009 1925 2083">
     <span class='ocr_line' id='line_1_37' title="bbox 348 2009 1925 2083; baseline -0.005 -12"><span class='ocrx_word' id='word_1_255' title='bbox 348 2017 472 2071; x_wconf 87' lang='grc' dir='ltr'><em>’τῶν</em></span> <span class='ocrx_word' id='word_1_256' title='bbox 512 2015 810 2071; x_wconf 80' lang='grc' dir='ltr'><em>ἐκλεκτῶν</em></span> <span class='ocrx_word' id='word_1_257' title='bbox 850 2033 990 2082; x_wconf 90' lang='grc' dir='ltr'><em>σου,</em></span> <span class='ocrx_word' id='word_1_258' title='bbox 1035 2015 1146 2069; x_wconf 78' lang='grc' dir='ltr'><em>τοῦ</em></span> <span class='ocrx_word' id='word_1_259' title='bbox 1190 2012 1594 2083; x_wconf 70' lang='grc' dir='ltr'><em>εὐφρανθῆναι</em></span> <span class='ocrx_word' id='word_1_260' title='bbox 1626 2012 1698 2064; x_wconf 80' lang='grc' dir='ltr'><em>’ἐν</em></span> <span class='ocrx_word' id='word_1_261' title='bbox 1727 2009 1801 2078; x_wconf 76' lang='grc' dir='ltr'><em>τῇ</em></span> <span class='ocrx_word' id='word_1_262' title='bbox 1828 2011 1925 2064; x_wconf 81' lang='grc' dir='ltr'><strong><em>εὐ-</em></strong></span> 
     </span>
    </p>
   </div>
   <div class='ocr_carea' id='block_1_38' title="bbox 355 2101 1928 2178">
    <p class='ocr_par' dir='ltr' id='par_1_38' title="bbox 355 2101 1928 2178">
     <span class='ocr_line' id='line_1_38' title="bbox 355 2101 1928 2178; baseline -0.006 -14"><span class='ocrx_word' id='word_1_263' title='bbox 355 2109 631 2178; x_wconf 71' lang='grc' dir='ltr'><em>φροσύνῃ</em></span> <span class='ocrx_word' id='word_1_264' title='bbox 668 2109 774 2164; x_wconf 86' lang='grc' dir='ltr'><em>τοῦ</em></span> <span class='ocrx_word' id='word_1_265' title='bbox 813 2110 1030 2174; x_wconf 71' lang='grc' dir='ltr'><em>ἔθνους</em></span> <span class='ocrx_word' id='word_1_266' title='bbox 1061 2124 1199 2170; x_wconf 88' lang='grc' dir='ltr'><em>σου,</em></span> <span class='ocrx_word' id='word_1_267' title='bbox 1239 2106 1346 2160; x_wconf 90' lang='grc' dir='ltr'><em>τοῦ</em></span> <span class='ocrx_word' id='word_1_268' title='bbox 1382 2104 1747 2159; x_wconf 83' lang='grc' dir='ltr'><em>ἐπαινεῖσθαι</em></span> <span class='ocrx_word' id='word_1_269' title='bbox 1775 2101 1928 2172; x_wconf 81' lang='grc' dir='ltr'><em>μετὰ</em></span> 
     </span>
    </p>
   </div>
   <div class='ocr_carea' id='block_1_39' title="bbox 355 2195 1927 2270">
    <p class='ocr_par' dir='ltr' id='par_1_39' title="bbox 355 2195 1927 2270">
     <span class='ocr_line' id='line_1_39' title="bbox 355 2195 1927 2270; baseline -0.004 -14"><span class='ocrx_word' id='word_1_270' title='bbox 355 2202 466 2269; x_wconf 81' lang='grc' dir='ltr'><em>τῆς</em></span> <span class='ocrx_word' id='word_1_271' title='bbox 499 2203 899 2270; x_wconf 72' lang='grc' dir='ltr'><em>κληρονομίας</em></span> <span class='ocrx_word' id='word_1_272' title='bbox 927 2217 1043 2254; x_wconf 90' lang='grc' dir='ltr'><strong><em>σου</em></strong></span> <span class='ocrx_word' id='word_1_273' title='bbox 1066 2216 1084 2264; x_wconf 88' lang='grc'><strong><em>;</em></strong></span> <span class='ocrx_word' id='word_1_274' title='bbox 1120 2199 1282 2252; x_wconf 82' lang='grc' dir='ltr'><em>Ἀλλὰ</em></span> <span class='ocrx_word' id='word_1_275' title='bbox 1308 2200 1410 2270; x_wconf 83' lang='grc' dir='ltr'><em>ὅρα</em></span> <span class='ocrx_word' id='word_1_276' title='bbox 1437 2199 1486 2251; x_wconf 86' lang='grc' dir='ltr'><strong><em>εί</em></strong></span> <span class='ocrx_word' id='word_1_277' title='bbox 1515 2197 1588 2268; x_wconf 87' lang='grc' dir='ltr'><em>μὴ</em></span> <span class='ocrx_word' id='word_1_278' title='bbox 1618 2196 1806 2265; x_wconf 83' lang='grc' dir='ltr'><em>σαφῶς</em></span> <span class='ocrx_word' id='word_1_279' title='bbox 1833 2195 1927 2249; x_wconf 74' lang='grc' dir='ltr'><em>καὶ</em></span> 
     </span>
    </p>
   </div>
   <div class='ocr_carea' id='block_1_40' title="bbox 355 2285 1926 2363">
    <p class='ocr_par' dir='ltr' id='par_1_40' title="bbox 355 2285 1926 2363">
     <span class='ocr_line' id='line_1_40' title="bbox 355 2285 1926 2363; baseline -0.004 -18"><span class='ocrx_word' id='word_1_280' title='bbox 355 2291 455 2363; x_wconf 83' lang='grc' dir='ltr'><em>τὴν</em></span> <span class='ocrx_word' id='word_1_281' title='bbox 503 2291 878 2363; x_wconf 87' lang='grc' dir='ltr'><em>βδελυχθείσαν</em></span> <span class='ocrx_word' id='word_1_282' title='bbox 928 2289 1289 2362; x_wconf 78' lang='grc' dir='ltr'><em>κληρονομίαν</em></span> <span class='ocrx_word' id='word_1_283' title='bbox 1335 2289 1430 2342; x_wconf 79' lang='grc' dir='ltr'><em>τοῦ</em></span> <span class='ocrx_word' id='word_1_284' title='bbox 1486 2288 1748 2358; x_wconf 83' lang='grc' dir='ltr'><em>προτέρου</em></span> <span class='ocrx_word' id='word_1_285' title='bbox 1798 2285 1926 2340; x_wconf 81' lang='grc' dir='ltr'><em>λαοῦ</em></span> 
     </span>
    </p>
   </div>
   <div class='ocr_carea' id='block_1_41' title="bbox 357 2376 1930 2455">
    <p class='ocr_par' dir='ltr' id='par_1_41' title="bbox 357 2376 1930 2455">
     <span class='ocr_line' id='line_1_41' title="bbox 357 2376 1930 2455; baseline -0.006 -17"><span class='ocrx_word' id='word_1_286' title='bbox 357 2384 700 2455; x_wconf 74' lang='grc' dir='ltr'><em>παρέστησεν</em></span> <span class='ocrx_word' id='word_1_287' title='bbox 745 2386 774 2437; x_wconf 86' lang='grc' dir='ltr'>ὁ</span> <span class='ocrx_word' id='word_1_288' title='bbox 812 2383 989 2452; x_wconf 79' lang='grc' dir='ltr'><em>λόγος,</em></span> <span class='ocrx_word' id='word_1_289' title='bbox 1029 2384 1125 2437; x_wconf 77' lang='grc' dir='ltr'><em>καὶ</em></span> <span class='ocrx_word' id='word_1_290' title='bbox 1163 2381 1294 2452; x_wconf 70' lang='grc' dir='ltr'><em>περὶ</em></span> <span class='ocrx_word' id='word_1_291' title='bbox 1334 2381 1526 2451; x_wconf 89' lang='grc' dir='ltr'><em>ἐτέρας</em></span> <span class='ocrx_word' id='word_1_292' title='bbox 1567 2376 1930 2449; x_wconf 82' lang='grc' dir='ltr'><em>κληρονομίας</em></span> 
     </span>
    </p>
   </div>
   <div class='ocr_carea' id='block_1_42' title="bbox 359 2467 1930 2547">
    <p class='ocr_par' dir='ltr' id='par_1_42' title="bbox 359 2467 1930 2547">
     <span class='ocr_line' id='line_1_42' title="bbox 359 2467 1930 2547; baseline -0.002 -19"><span class='ocrx_word' id='word_1_293' title='bbox 359 2474 625 2540; x_wconf 78' lang='grc' dir='ltr'><em>θεσπίζει,</em></span> <span class='ocrx_word' id='word_1_294' title='bbox 655 2475 731 2539; x_wconf 85' lang='grc' dir='ltr'><em>ὼς</em></span> <span class='ocrx_word' id='word_1_295' title='bbox 760 2476 855 2529; x_wconf 76' lang='grc' dir='ltr'><em>καὶ</em></span> <span class='ocrx_word' id='word_1_296' title='bbox 883 2477 1012 2547; x_wconf 73' lang='grc' dir='ltr'><em>περὶ</em></span> <span class='ocrx_word' id='word_1_297' title='bbox 1041 2476 1228 2547; x_wconf 85' lang='grc' dir='ltr'><em>ἐτέρου</em></span> <span class='ocrx_word' id='word_1_298' title='bbox 1260 2474 1390 2530; x_wconf 84' lang='grc' dir='ltr'><em>λαοῦ</em></span> <span class='ocrx_word' id='word_1_299' title='bbox 1424 2474 1540 2546; x_wconf 84' lang='grc' dir='ltr'><em>μεθ’</em></span> <span class='ocrx_word' id='word_1_300' title='bbox 1571 2467 1645 2528; x_wconf 81' lang='grc' dir='ltr'><em>ὧν</em></span> <span class='ocrx_word' id='word_1_301' title='bbox 1678 2472 1930 2543; x_wconf 76' lang='grc' dir='ltr'><em>εὔχεσθαι</em></span> 
     </span>
    </p>
   </div>
   <div class='ocr_carea' id='block_1_43' title="bbox 359 2567 1109 2640">
    <p class='ocr_par' dir='ltr' id='par_1_43' title="bbox 359 2567 1109 2640">
     <span class='ocr_line' id='line_1_43' title="bbox 359 2567 1109 2640; baseline -0.003 -18"><span class='ocrx_word' id='word_1_302' title='bbox 359 2567 830 2640; x_wconf 80' lang='grc' dir='ltr'><em>καταριθμηθῆναι</em></span> <span class='ocrx_word' id='word_1_303' title='bbox 853 2568 1109 2622; x_wconf 84' lang='grc' dir='ltr'><strong><em>διδάσκει.</em></strong></span> 
     </span>
    </p>
   </div>
   <div class='ocr_carea' id='block_1_44' title="bbox 429 2652 1929 2726">
    <p class='ocr_par' dir='ltr' id='par_1_44' title="bbox 429 2652 1929 2726">
     <span class='ocr_line' id='line_1_44' title="bbox 429 2652 1929 2726; baseline -0.005 -12"><span class='ocrx_word' id='word_1_304' title='bbox 429 2661 540 2714; x_wconf 88' lang='lat' dir='ltr'><strong><em>Kal</em></strong></span> <span class='ocrx_word' id='word_1_305' title='bbox 573 2659 913 2726; x_wconf 84' lang='grc' dir='ltr'><em>παρέδωκεν</em></span> <span class='ocrx_word' id='word_1_306' title='bbox 941 2659 1162 2723; x_wconf 80' lang='grc' dir='ltr'><em>αὐτοὺς</em></span> <span class='ocrx_word' id='word_1_307' title='bbox 1190 2660 1276 2724; x_wconf 83' lang='grc' dir='ltr'><em>εὶς</em></span> <span class='ocrx_word' id='word_1_308' title='bbox 1314 2656 1516 2726; x_wconf 83' lang='grc' dir='ltr'><em>χεῖρας</em></span> <span class='ocrx_word' id='word_1_309' title='bbox 1549 2653 1796 2724; x_wconf 84' lang='grc' dir='ltr'><em>ἐχθρῶν,</em></span> <span class='ocrx_word' id='word_1_310' title='bbox 1832 2652 1929 2707; x_wconf 79' lang='grc' dir='ltr'><strong><em>καί</em></strong></span> 
     </span>
    </p>
   </div>
   <div class='ocr_carea' id='block_1_45' title="bbox 360 2746 1932 2818">
    <p class='ocr_par' dir='ltr' id='par_1_45' title="bbox 360 2746 1932 2818">
     <span class='ocr_line' id='line_1_45' title="bbox 360 2746 1932 2818; baseline -0.004 -14"><span class='ocrx_word' id='word_1_311' title='bbox 360 2750 719 2817; x_wconf 80' lang='grc' dir='ltr'><em>ἐκυρίευσαν</em></span> <span class='ocrx_word' id='word_1_312' title='bbox 749 2749 948 2802; x_wconf 81' lang='grc' dir='ltr'><em>αὐτῶν</em></span> <span class='ocrx_word' id='word_1_313' title='bbox 975 2751 1030 2802; x_wconf 81' lang='grc' dir='ltr'><em>οι</em></span> <span class='ocrx_word' id='word_1_314' title='bbox 1053 2748 1377 2818; x_wconf 87' lang='grc' dir='ltr'><em>μισοῦντες</em></span> <span class='ocrx_word' id='word_1_315' title='bbox 1412 2748 1651 2812; x_wconf 80' lang='grc' dir='ltr'><em>αὐτούς.</em></span> <span class='ocrx_word' id='word_1_316' title='bbox 1701 2746 1775 2798; x_wconf 84' lang='grc' dir='ltr'><strong>Οὐ</strong></span> <span class='ocrx_word' id='word_1_317' title='bbox 1821 2761 1932 2798; x_wconf 90' lang='grc' dir='ltr'><em>πα-</em></span> 
     </span>
    </p>
   </div>
   <div class='ocr_carea' id='block_1_46' title="bbox 368 2836 1933 2913">
    <p class='ocr_par' dir='ltr' id='par_1_46' title="bbox 368 2836 1933 2913">
     <span class='ocr_line' id='line_1_46' title="bbox 368 2836 1933 2913; baseline -0.004 -20"><span class='ocrx_word' id='word_1_318' title='bbox 368 2841 617 2913; x_wconf 85' lang='grc' dir='ltr'><em>ραδίδωσι</em></span> <span class='ocrx_word' id='word_1_319' title='bbox 644 2839 700 2893; x_wconf 84' lang='grc' dir='ltr'><strong><em>δέ</em></strong></span> <span class='ocrx_word' id='word_1_320' title='bbox 728 2839 931 2912; x_wconf 77' lang='grc' dir='ltr'><em>Κύριος</em></span> <span class='ocrx_word' id='word_1_321' title='bbox 952 2841 1042 2892; x_wconf 82' lang='grc' dir='ltr'><em>τὸν</em></span> <span class='ocrx_word' id='word_1_322' title='bbox 1071 2839 1196 2892; x_wconf 84' lang='grc' dir='ltr'><em>λαὸν</em></span> <span class='ocrx_word' id='word_1_323' title='bbox 1226 2836 1412 2902; x_wconf 81' lang='grc' dir='ltr'><em>αὑτοῦ,</em></span> <span class='ocrx_word' id='word_1_324' title='bbox 1437 2840 1532 2892; x_wconf 86' lang='grc' dir='ltr'><em>ἐὰν</em></span> <span class='ocrx_word' id='word_1_325' title='bbox 1561 2837 1641 2909; x_wconf 78' lang='grc' dir='ltr'><strong><em>’μὴ</em></strong></span> <span class='ocrx_word' id='word_1_326' title='bbox 1669 2837 1933 2908; x_wconf 81' lang='grc' dir='ltr'><em>πρότερον</em></span> 
     </span>
    </p>
   </div>
   <div class='ocr_carea' id='block_1_47' title="bbox 365 2927 1936 3002">
    <p class='ocr_par' dir='ltr' id='par_1_47' title="bbox 365 2927 1936 3002">
     <span class='ocr_line' id='line_1_47' title="bbox 365 2927 1936 3002; baseline -0.004 -18"><span class='ocrx_word' id='word_1_327' title='bbox 365 2931 679 3002; x_wconf 81' lang='grc' dir='ltr'><em>βδελύξηται</em></span> <span class='ocrx_word' id='word_1_328' title='bbox 708 2931 885 2984; x_wconf 78' lang='grc' dir='ltr'><strong><em>αὐτόν⁹</em></strong></span> <span class='ocrx_word' id='word_1_329' title='bbox 923 2929 1268 3000; x_wconf 81' lang='grc' dir='ltr'><em>βδελύσσεται</em></span> <span class='ocrx_word' id='word_1_330' title='bbox 1294 2931 1349 2983; x_wconf 84' lang='grc' dir='ltr'><em>δὲ</em></span> <span class='ocrx_word' id='word_1_331' title='bbox 1375 2927 1536 2983; x_wconf 79' lang='grc' dir='ltr'><em>αὐτὸν</em></span> <span class='ocrx_word' id='word_1_332' title='bbox 1563 2928 1652 2982; x_wconf 83' lang='grc' dir='ltr'><em>διὰ</em></span> <span class='ocrx_word' id='word_1_333' title='bbox 1682 2927 1780 2991; x_wconf 86' lang='grc' dir='ltr'><em>τὰς</em></span> <span class='ocrx_word' id='word_1_334' title='bbox 1803 2943 1936 2997; x_wconf 90' lang='grc' dir='ltr'><em>προ-</em></span> 
     </span>
    </p>
   </div>
   <div class='ocr_carea' id='block_1_48' title="bbox 362 3018 1931 3094">
    <p class='ocr_par' dir='ltr' id='par_1_48' title="bbox 362 3018 1931 3094">
     <span class='ocr_line' id='line_1_48' title="bbox 362 3018 1931 3094; baseline -0.003 -18"><span class='ocrx_word' id='word_1_335' title='bbox 362 3023 690 3093; x_wconf 85' lang='grc' dir='ltr'><em>λελεγμένας</em></span> <span class='ocrx_word' id='word_1_336' title='bbox 719 3021 963 3094; x_wconf 79' lang='grc' dir='ltr'><em>πράξεις.</em></span> <span class='ocrx_word' id='word_1_337' title='bbox 1011 3022 1259 3075; x_wconf 82' lang='grc' dir='ltr'><em>Ἐπειδὰν</em></span> <span class='ocrx_word' id='word_1_338' title='bbox 1297 3022 1355 3074; x_wconf 81' lang='grc' dir='ltr'><em>δὲ</em></span> <span class='ocrx_word' id='word_1_339' title='bbox 1392 3024 1420 3075; x_wconf 89' lang='grc' dir='ltr'>ὁ</span> <span class='ocrx_word' id='word_1_340' title='bbox 1453 3019 1654 3092; x_wconf 84' lang='grc' dir='ltr'><em>Κύριος</em></span> <span class='ocrx_word' id='word_1_341' title='bbox 1685 3018 1931 3090; x_wconf 83' lang='grc' dir='ltr'><em>παραδῷ,</em></span> 
     </span>
    </p>
   </div>
   <div class='ocr_carea' id='block_1_49' title="bbox 2023 1923 3598 1993">
    <p class='ocr_par' dir='ltr' id='par_1_49' title="bbox 2023 1923 3598 1993">
     <span class='ocr_line' id='line_1_49' title="bbox 2023 1923 3598 1993; baseline -0.008 -5"><span class='ocrx_word' id='word_1_342' title='bbox 2023 1935 2078 1988; x_wconf 89' lang='lat' dir='ltr'><strong><em>in</em></strong></span> <span class='ocrx_word' id='word_1_343' title='bbox 2102 1933 2334 1987; x_wconf 83' lang='lat' dir='ltr'><strong><em>bonitate</em></strong></span> <span class='ocrx_word' id='word_1_344' title='bbox 2352 1933 2634 1986; x_wconf 85' lang='lat' dir='ltr'><strong><em>electorum</em></strong></span> <span class='ocrx_word' id='word_1_345' title='bbox 2666 1939 2897 1993; x_wconf 81' lang='lat' dir='ltr'><strong><em>tuorum,</em></strong></span> <span class='ocrx_word' id='word_1_346' title='bbox 2931 1927 2999 1980; x_wconf 91' lang='lat' dir='ltr'><strong><em>ad</em></strong></span> <span class='ocrx_word' id='word_1_347' title='bbox 3023 1924 3308 1980; x_wconf 80' lang='lat' dir='ltr'><strong><em>lwtandum</em></strong></span> <span class='ocrx_word' id='word_1_348' title='bbox 3337 1924 3388 1976; x_wconf 88' lang='lat' dir='ltr'><strong><em>in</em></strong></span> <span class='ocrx_word' id='word_1_349' title='bbox 3409 1923 3598 1976; x_wconf 74' lang='lat' dir='ltr'><strong><em>laztitia</em></strong></span> 
     </span>
    </p>
   </div>
   <div class='ocr_carea' id='block_1_50' title="bbox 2024 2015 3597 2096">
    <p class='ocr_par' dir='ltr' id='par_1_50' title="bbox 2024 2015 3597 2096">
     <span class='ocr_line' id='line_1_50' title="bbox 2024 2015 3597 2096; baseline -0.008 -17"><span class='ocrx_word' id='word_1_350' title='bbox 2024 2027 2191 2096; x_wconf 85' lang='lat' dir='ltr'><strong><em>gentis</em></strong></span> <span class='ocrx_word' id='word_1_351' title='bbox 2225 2034 2350 2088; x_wconf 75' lang='lat' dir='ltr'><strong><em>tuae,</em></strong></span> <span class='ocrx_word' id='word_1_352' title='bbox 2369 2026 2426 2076; x_wconf 81' lang='lat' dir='ltr'><strong><em>u&#39;t</em></strong></span> <span class='ocrx_word' id='word_1_353' title='bbox 2460 2021 2690 2076; x_wconf 86' lang='lat' dir='ltr'><strong><em>lauderis</em></strong></span> <span class='ocrx_word' id='word_1_354' title='bbox 2721 2034 2839 2074; x_wconf 88' lang='lat' dir='ltr'><strong><em>cum</em></strong></span> <span class='ocrx_word' id='word_1_355' title='bbox 2868 2016 3177 2073; x_wconf 63' lang='lat' dir='ltr'><strong><em>hereditate</em></strong></span> <span class='ocrx_word' id='word_1_356' title='bbox 3206 2018 3338 2071; x_wconf 83' lang='lat' dir='ltr'><strong><em>tua?</em></strong></span> <span class='ocrx_word' id='word_1_357' title='bbox 3365 2015 3433 2068; x_wconf 80' lang='lat' dir='ltr'><strong><em>At</em></strong></span> <span class='ocrx_word' id='word_1_358' title='bbox 3471 2029 3597 2084; x_wconf 85' lang='lat' dir='ltr'><strong><em>per-</em></strong></span> 
     </span>
    </p>
   </div>
   <div class='ocr_carea' id='block_1_51' title="bbox 2026 2107 3597 2191">
    <p class='ocr_par' dir='ltr' id='par_1_51' title="bbox 2026 2107 3597 2191">
     <span class='ocr_line' id='line_1_51' title="bbox 2026 2107 3597 2191; baseline -0.008 -17"><span class='ocrx_word' id='word_1_359' title='bbox 2026 2119 2202 2191; x_wconf 86' lang='lat' dir='ltr'><strong><em>pende</em></strong></span> <span class='ocrx_word' id='word_1_360' title='bbox 2245 2129 2374 2172; x_wconf 87' lang='lat' dir='ltr'><strong><em>num</em></strong></span> <span class='ocrx_word' id='word_1_361' title='bbox 2413 2123 2598 2186; x_wconf 82' lang='lat' dir='ltr'><strong><em>aperte</em></strong></span> <span class='ocrx_word' id='word_1_362' title='bbox 2643 2130 2824 2170; x_wconf 83' lang='lat' dir='ltr'><strong><em>sermo</em></strong></span> <span class='ocrx_word' id='word_1_363' title='bbox 2866 2111 3233 2166; x_wconf 88' lang='lat' dir='ltr'><strong><em>abominatam</em></strong></span> <span class='ocrx_word' id='word_1_364' title='bbox 3275 2107 3472 2180; x_wconf 84' lang='lat' dir='ltr'><strong><em>prioris</em></strong></span> <span class='ocrx_word' id='word_1_365' title='bbox 3499 2120 3597 2176; x_wconf 88' lang='lat' dir='ltr'><strong><em>po—</em></strong></span> 
     </span>
    </p>
   </div>
   <div class='ocr_carea' id='block_1_52' title="bbox 2027 2200 3599 2282">
    <p class='ocr_par' dir='ltr' id='par_1_52' title="bbox 2027 2200 3599 2282">
     <span class='ocr_line' id='line_1_52' title="bbox 2027 2200 3599 2282; baseline -0.007 -17"><span class='ocrx_word' id='word_1_366' title='bbox 2027 2212 2141 2282; x_wconf 89' lang='lat' dir='ltr'><strong><em>puli</em></strong></span> <span class='ocrx_word' id='word_1_367' title='bbox 2191 2210 2563 2266; x_wconf 66' lang='lat' dir='ltr'><strong><em>haereditatem</em></strong></span> <span class='ocrx_word' id='word_1_368' title='bbox 2602 2207 2860 2267; x_wconf 85' lang='lat' dir='ltr'><strong><em>declaret,</em></strong></span> <span class='ocrx_word' id='word_1_369' title='bbox 2911 2219 2974 2258; x_wconf 87' lang='lat' dir='ltr'><strong><em>ac</em></strong></span> <span class='ocrx_word' id='word_1_370' title='bbox 3007 2203 3075 2258; x_wconf 88' lang='lat' dir='ltr'><strong><em>de</em></strong></span> <span class='ocrx_word' id='word_1_371' title='bbox 3129 2203 3234 2257; x_wconf 87' lang='lat' dir='ltr'><strong><em>alia</em></strong></span> <span class='ocrx_word' id='word_1_372' title='bbox 3282 2200 3599 2256; x_wconf 66' lang='lat' dir='ltr'><strong><em>haereditate</em></strong></span> 
     </span>
    </p>
   </div>
   <div class='ocr_carea' id='block_1_53' title="bbox 2027 2296 3599 2369">
    <p class='ocr_par' dir='ltr' id='par_1_53' title="bbox 2027 2296 3599 2369">
     <span class='ocr_line' id='line_1_53' title="bbox 2027 2296 3599 2369; baseline -0.007 -11"><span class='ocrx_word' id='word_1_373' title='bbox 2027 2304 2386 2368; x_wconf 75' lang='lat' dir='ltr'><strong><em>vaticinetur;</em></strong></span> <span class='ocrx_word' id='word_1_374' title='bbox 2419 2309 2480 2356; x_wconf 84' lang='lat' dir='ltr'><strong><em>ut</em></strong></span> <span class='ocrx_word' id='word_1_375' title='bbox 2511 2307 2568 2356; x_wconf 88' lang='lat' dir='ltr'><strong><em>et</em></strong></span> <span class='ocrx_word' id='word_1_376' title='bbox 2603 2299 2670 2354; x_wconf 90' lang='lat' dir='ltr'><strong><em>de</em></strong></span> <span class='ocrx_word' id='word_1_377' title='bbox 2708 2298 2816 2353; x_wconf 90' lang='lat' dir='ltr'><strong><em>alio</em></strong></span> <span class='ocrx_word' id='word_1_378' title='bbox 2849 2296 3051 2369; x_wconf 91' lang='lat' dir='ltr'><strong><em>populo</em></strong></span> <span class='ocrx_word' id='word_1_379' title='bbox 3079 2297 3304 2368; x_wconf 87' lang='lat' dir='ltr'><strong><em>quicum</em></strong></span> <span class='ocrx_word' id='word_1_380' title='bbox 3334 2306 3599 2350; x_wconf 79' lang='lat' dir='ltr'><strong><em>annume-</em></strong></span> 
     </span>
    </p>
   </div>
   <div class='ocr_carea' id='block_1_54' title="bbox 2028 2391 2824 2465">
    <p class='ocr_par' dir='ltr' id='par_1_54' title="bbox 2028 2391 2824 2465">
     <span class='ocr_line' id='line_1_54' title="bbox 2028 2391 2824 2465; baseline -0.008 -16"><span class='ocrx_word' id='word_1_381' title='bbox 2028 2395 2139 2449; x_wconf 87' lang='lat' dir='ltr'><strong><em>rari</em></strong></span> <span class='ocrx_word' id='word_1_382' title='bbox 2169 2393 2470 2465; x_wconf 88' lang='lat' dir='ltr'><strong><em>0ptandum</em></strong></span> <span class='ocrx_word' id='word_1_383' title='bbox 2497 2407 2620 2448; x_wconf 88' lang='lat' dir='ltr'><strong><em>esse</em></strong></span> <span class='ocrx_word' id='word_1_384' title='bbox 2644 2391 2824 2446; x_wconf 88' lang='lat' dir='ltr'><strong><em>docet.</em></strong></span> 
     </span>
    </p>
   </div>
   <div class='ocr_carea' id='block_1_55' title="bbox 2101 2653 3597 2719">
    <p class='ocr_par' dir='ltr' id='par_1_55' title="bbox 2101 2653 3597 2719">
     <span class='ocr_line' id='line_1_55' title="bbox 2101 2653 3597 2719; baseline -0.003 -5"><span class='ocrx_word' id='word_1_385' title='bbox 2101 2657 2269 2714; x_wconf 73' lang='lat' dir='ltr'><strong><em>Vens.</em></strong></span> <span class='ocrx_word' id='word_1_386' title='bbox 2293 2655 2480 2712; x_wconf 67' lang='grc'><strong><em>41-45.</em></strong></span> <span class='ocrx_word' id='word_1_387' title='bbox 2509 2655 2576 2710; x_wconf 87' lang='grc' dir='ltr'><em>Ει</em></span> <span class='ocrx_word' id='word_1_388' title='bbox 2606 2654 2830 2710; x_wconf 84' lang='lat' dir='ltr'><strong><em>tradidit</em></strong></span> <span class='ocrx_word' id='word_1_389' title='bbox 2848 2669 2938 2710; x_wconf 89' lang='lat' dir='ltr'><strong><em>eos</em></strong></span> <span class='ocrx_word' id='word_1_390' title='bbox 2958 2656 3011 2709; x_wconf 91' lang='lat' dir='ltr'><strong><em>in</em></strong></span> <span class='ocrx_word' id='word_1_391' title='bbox 3033 2672 3222 2709; x_wconf 84' lang='lat' dir='ltr'><strong><em>manus</em></strong></span> <span class='ocrx_word' id='word_1_392' title='bbox 3242 2653 3597 2719; x_wconf 83' lang='lat' dir='ltr'><strong><em>inimicorum,</em></strong></span> 
     </span>
    </p>
   </div>
   <div class='ocr_carea' id='block_1_56' title="bbox 2032 2744 3604 2818">
    <p class='ocr_par' dir='ltr' id='par_1_56' title="bbox 2032 2744 3604 2818">
     <span class='ocr_line' id='line_1_56' title="bbox 2032 2744 3604 2818; baseline -0.004 -12"><span class='ocrx_word' id='word_1_393' title='bbox 2032 2761 2082 2806; x_wconf 94' lang='lat' dir='ltr'><strong><em>et</em></strong></span> <span class='ocrx_word' id='word_1_394' title='bbox 2111 2749 2371 2805; x_wconf 85' lang='lat' dir='ltr'><strong><em>dominati</em></strong></span> <span class='ocrx_word' id='word_1_395' title='bbox 2394 2757 2516 2803; x_wconf 84' lang='lat' dir='ltr'><strong><em>sunt</em></strong></span> <span class='ocrx_word' id='word_1_396' title='bbox 2544 2761 2725 2801; x_wconf 88' lang='lat' dir='ltr'><strong><em>eorum</em></strong></span> <span class='ocrx_word' id='word_1_397' title='bbox 2769 2748 2859 2818; x_wconf 87' lang='lat' dir='ltr'><strong><em>qui</em></strong></span> <span class='ocrx_word' id='word_1_398' title='bbox 2888 2745 3106 2800; x_wconf 86' lang='lat' dir='ltr'><strong><em>oderunt</em></strong></span> <span class='ocrx_word' id='word_1_399' title='bbox 3133 2763 3243 2800; x_wconf 91' lang='lat' dir='ltr'><strong><em>eos.</em></strong></span> <span class='ocrx_word' id='word_1_400' title='bbox 3286 2745 3403 2800; x_wconf 85' lang='lat' dir='ltr'><strong><em>Non</em></strong></span> <span class='ocrx_word' id='word_1_401' title='bbox 3436 2744 3604 2800; x_wconf 83' lang='lat' dir='ltr'><strong><em>tradit</em></strong></span> 
     </span>
    </p>
   </div>
   <div class='ocr_carea' id='block_1_57' title="bbox 2033 2835 3603 2922">
    <p class='ocr_par' dir='ltr' id='par_1_57' title="bbox 2033 2835 3603 2922">
     <span class='ocr_line' id='line_1_57' title="bbox 2033 2835 3603 2922; baseline -0.004 -26"><span class='ocrx_word' id='word_1_402' title='bbox 2033 2841 2299 2898; x_wconf 88' lang='lat' dir='ltr'><strong><em>Dominus</em></strong></span> <span class='ocrx_word' id='word_1_403' title='bbox 2349 2839 2611 2910; x_wconf 89' lang='lat' dir='ltr'><strong><em>populum</em></strong></span> <span class='ocrx_word' id='word_1_404' title='bbox 2659 2854 2845 2902; x_wconf 90' lang='lat' dir='ltr'><strong><em>suum,</em></strong></span> <span class='ocrx_word' id='word_1_405' title='bbox 2894 2837 2999 2892; x_wconf 91' lang='lat' dir='ltr'><strong><em>nisi</em></strong></span> <span class='ocrx_word' id='word_1_406' title='bbox 3057 2839 3210 2922; x_wconf 80' lang='lat' dir='ltr'><strong><em>prius</em></strong></span> <span class='ocrx_word' id='word_1_407' title='bbox 3262 2835 3603 2892; x_wconf 84' lang='lat' dir='ltr'><strong><em>abominetur</em></strong></span> 
     </span>
    </p>
   </div>
   <div class='ocr_carea' id='block_1_58' title="bbox 2035 2930 3603 3006">
    <p class='ocr_par' dir='ltr' id='par_1_58' title="bbox 2035 2930 3603 3006">
     <span class='ocr_line' id='line_1_58' title="bbox 2035 2930 3603 3006; baseline -0.004 -17"><span class='ocrx_word' id='word_1_408' title='bbox 2035 2936 2217 3006; x_wconf 86' lang='lat' dir='ltr'><strong><em>ipsum</em></strong></span> <span class='ocrx_word' id='word_1_409' title='bbox 2264 2952 2278 2988; x_wconf 93' lang='lat'>:</span> <span class='ocrx_word' id='word_1_410' title='bbox 2327 2934 2504 3003; x_wconf 89' lang='lat' dir='ltr'><strong><em>ipsum</em></strong></span> <span class='ocrx_word' id='word_1_411' title='bbox 2558 2941 2738 2985; x_wconf 88' lang='lat' dir='ltr'><strong><em>autem</em></strong></span> <span class='ocrx_word' id='word_1_412' title='bbox 2794 2931 3140 2985; x_wconf 87' lang='lat' dir='ltr'><strong><em>abominatur</em></strong></span> <span class='ocrx_word' id='word_1_413' title='bbox 3192 2930 3263 2985; x_wconf 92' lang='lat' dir='ltr'><strong><em>ob</em></strong></span> <span class='ocrx_word' id='word_1_414' title='bbox 3304 2934 3603 2985; x_wconf 88' lang='lat' dir='ltr'><strong><em>memorata</em></strong></span> 
     </span>
    </p>
   </div>
   <div class='ocr_carea' id='block_1_59' title="bbox 2035 3016 3605 3093">
    <p class='ocr_par' dir='ltr' id='par_1_59' title="bbox 2035 3016 3605 3093">
     <span class='ocr_line' id='line_1_59' title="bbox 2035 3016 3605 3093; baseline -0.001 -18"><span class='ocrx_word' id='word_1_415' title='bbox 2035 3036 2221 3093; x_wconf 87' lang='lat' dir='ltr'><strong><em>opera.</em></strong></span> <span class='ocrx_word' id='word_1_416' title='bbox 2252 3020 2390 3076; x_wconf 90' lang='lat' dir='ltr'><strong><em>Cum</em></strong></span> <span class='ocrx_word' id='word_1_417' title='bbox 2436 3026 2617 3074; x_wconf 87' lang='lat' dir='ltr'><strong><em>autem</em></strong></span> <span class='ocrx_word' id='word_1_418' title='bbox 2664 3020 2780 3086; x_wconf 89' lang='lat' dir='ltr'><strong><em>ipse</em></strong></span> <span class='ocrx_word' id='word_1_419' title='bbox 2820 3016 3084 3074; x_wconf 83' lang='lat' dir='ltr'><strong><em>Dominus</em></strong></span> <span class='ocrx_word' id='word_1_420' title='bbox 3127 3019 3435 3085; x_wconf 88' lang='lat' dir='ltr'><strong><em>tradiderit,</em></strong></span> <span class='ocrx_word' id='word_1_421' title='bbox 3478 3019 3605 3090; x_wconf 84' lang='lat' dir='ltr'><strong><em>quis</em></strong></span> 
     </span>
    </p>
   </div>
   <div class='ocr_carea' id='block_1_60' title="bbox 363 3104 1933 3183">
    <p class='ocr_par' dir='ltr' id='par_1_60' title="bbox 363 3104 1933 3181">
     <span class='ocr_line' id='line_1_60' title="bbox 363 3104 1933 3181; baseline -0.003 -15"><span class='ocrx_word' id='word_1_422' title='bbox 363 3113 447 3176; x_wconf 85' lang='grc' dir='ltr'><strong><em>τίς</em></strong></span> <span class='ocrx_word' id='word_1_423' title='bbox 481 3113 541 3166; x_wconf 85' lang='grc' dir='ltr'><em>οὐ</em></span> <span class='ocrx_word' id='word_1_424' title='bbox 571 3104 790 3166; x_wconf 74' lang='grc' dir='ltr'><em>δύναται</em></span> <span class='ocrx_word' id='word_1_425' title='bbox 821 3111 930 3165; x_wconf 88' lang='grc' dir='ltr'><strong><em>τῶν</em></strong></span> <span class='ocrx_word' id='word_1_426' title='bbox 967 3111 1130 3165; x_wconf 81' lang='grc' dir='ltr'><em>αὐτοῦ</em></span> <span class='ocrx_word' id='word_1_427' title='bbox 1165 3110 1504 3181; x_wconf 82' lang='grc' dir='ltr'><em>κυριεύσειν;</em></span> <span class='ocrx_word' id='word_1_428' title='bbox 1537 3109 1649 3163; x_wconf 82' lang='lat' dir='ltr'><strong><em>Kal</em></strong></span> <span class='ocrx_word' id='word_1_429' title='bbox 1675 3109 1933 3178; x_wconf 65' lang='grc' dir='ltr'><em>ἕθλιψαν</em></span> 
     </span>
    </p>
   </div>
   <div class='ocr_carea' id='block_1_61' title="bbox 2035 3104 3605 3183">
    <p class='ocr_par' dir='ltr' id='par_1_61' title="bbox 2037 3108 3605 3183">
     <span class='ocr_line' id='line_1_61' title="bbox 2037 3108 3605 3183; baseline -0.003 -15"><span class='ocrx_word' id='word_1_430' title='bbox 2037 3130 2147 3169; x_wconf 89' lang='lat' dir='ltr'><strong><em>non</em></strong></span> <span class='ocrx_word' id='word_1_431' title='bbox 2205 3113 2381 3183; x_wconf 88' lang='lat' dir='ltr'><strong><em>possit</em></strong></span> <span class='ocrx_word' id='word_1_432' title='bbox 2415 3111 2630 3182; x_wconf 87' lang='lat' dir='ltr'><strong><em>populis</em></strong></span> <span class='ocrx_word' id='word_1_433' title='bbox 2661 3110 2728 3165; x_wconf 91' lang='lat' dir='ltr'><strong><em>ad</em></strong></span> <span class='ocrx_word' id='word_1_434' title='bbox 2769 3111 2948 3182; x_wconf 83' lang='lat' dir='ltr'><strong><em>ipsum</em></strong></span> <span class='ocrx_word' id='word_1_435' title='bbox 2995 3108 3396 3181; x_wconf 79' lang='lat' dir='ltr'><strong><em>pertinentibus</em></strong></span> <span class='ocrx_word' id='word_1_436' title='bbox 3429 3110 3605 3166; x_wconf 89' lang='lat' dir='ltr'><strong><em>domi-</em></strong></span> 
     </span>
    </p>
   </div>
   <div class='ocr_carea' id='block_1_62' title="bbox 360 3181 1933 3276">
    <p class='ocr_par' dir='ltr' id='par_1_62' title="bbox 360 3201 1933 3276">
     <span class='ocr_line' id='line_1_62' title="bbox 360 3201 1933 3276; baseline -0.005 -15"><span class='ocrx_word' id='word_1_437' title='bbox 360 3207 586 3272; x_wconf 84' lang='grc' dir='ltr'><em>αὐτοὺς</em></span> <span class='ocrx_word' id='word_1_438' title='bbox 611 3208 664 3260; x_wconf 88' lang='lat' dir='ltr'><strong><em>ol</em></strong></span> <span class='ocrx_word' id='word_1_439' title='bbox 691 3205 890 3276; x_wconf 77' lang='grc' dir='ltr'><em>ἐχθροὶ</em></span> <span class='ocrx_word' id='word_1_440' title='bbox 918 3203 1135 3268; x_wconf 85' lang='grc' dir='ltr'><em>αὐτῶν,</em></span> <span class='ocrx_word' id='word_1_441' title='bbox 1175 3204 1272 3259; x_wconf 74' lang='grc' dir='ltr'><em>καὶ</em></span> <span class='ocrx_word' id='word_1_442' title='bbox 1301 3203 1788 3271; x_wconf 78' lang='grc' dir='ltr'><em>ἐταπεινώθησαν</em></span> <span class='ocrx_word' id='word_1_443' title='bbox 1816 3201 1933 3255; x_wconf 86' lang='grc' dir='ltr'><strong><em>ὑπὸ</em></strong></span> 
     </span>
    </p>
   </div>
   <div class='ocr_carea' id='block_1_63' title="bbox 2035 3181 3610 3276">
    <p class='ocr_par' dir='ltr' id='par_1_63' title="bbox 2038 3203 3610 3269">
     <span class='ocr_line' id='line_1_63' title="bbox 2038 3203 3610 3269; baseline -0.003 -6"><span class='ocrx_word' id='word_1_444' title='bbox 2038 3207 2200 3263; x_wconf 80' lang='lat' dir='ltr'><strong><em>nari?</em></strong></span> <span class='ocrx_word' id='word_1_445' title='bbox 2233 3206 2303 3261; x_wconf 80' lang='lat' dir='ltr'><strong><em>Et</em></strong></span> <span class='ocrx_word' id='word_1_446' title='bbox 2336 3206 2719 3260; x_wconf 82' lang='lat' dir='ltr'><strong><em>tribulaverunt</em></strong></span> <span class='ocrx_word' id='word_1_447' title='bbox 2764 3222 2849 3259; x_wconf 86' lang='lat' dir='ltr'><strong><em>eos</em></strong></span> <span class='ocrx_word' id='word_1_448' title='bbox 2881 3203 3082 3259; x_wconf 88' lang='lat' dir='ltr'><strong><em>inimici</em></strong></span> <span class='ocrx_word' id='word_1_449' title='bbox 3123 3222 3326 3269; x_wconf 88' lang='lat' dir='ltr'><strong><em>eorum,</em></strong></span> <span class='ocrx_word' id='word_1_450' title='bbox 3354 3215 3402 3260; x_wconf 90' lang='lat' dir='ltr'><strong><em>et</em></strong></span> <span class='ocrx_word' id='word_1_451' title='bbox 3433 3205 3610 3259; x_wconf 83' lang='lat' dir='ltr'><strong><em>humi-</em></strong></span> 
     </span>
    </p>
   </div>
   <div class='ocr_carea' id='block_1_64' title="bbox 364 3289 1933 3368">
    <p class='ocr_par' dir='ltr' id='par_1_64' title="bbox 364 3289 1933 3368">
     <span class='ocr_line' id='line_1_64' title="bbox 364 3289 1933 3368; baseline -0.003 -16"><span class='ocrx_word' id='word_1_452' title='bbox 364 3299 474 3364; x_wconf 71' lang='grc' dir='ltr'><strong><em>τὰς</em></strong></span> <span class='ocrx_word' id='word_1_453' title='bbox 505 3297 707 3368; x_wconf 86' lang='grc' dir='ltr'><em>χεῖρας</em></span> <span class='ocrx_word' id='word_1_454' title='bbox 740 3295 955 3350; x_wconf 65' lang='grc' dir='ltr'><em>αὐτῶνθ</em></span> <span class='ocrx_word' id='word_1_455' title='bbox 997 3289 1321 3360; x_wconf 72' lang='grc' dir='ltr'><em>πλεονάκις</em></span> <span class='ocrx_word' id='word_1_456' title='bbox 1360 3293 1653 3362; x_wconf 77' lang='grc' dir='ltr'><em>ἐρρύσατο</em></span> <span class='ocrx_word' id='word_1_457' title='bbox 1693 3292 1933 3357; x_wconf 86' lang='grc' dir='ltr'><em>αὐτούς.</em></span> 
     </span>
    </p>
   </div>
   <div class='ocr_carea' id='block_1_65' title="bbox 2035 3289 3608 3368">
    <p class='ocr_par' dir='ltr' id='par_1_65' title="bbox 2042 3297 3608 3368">
     <span class='ocr_line' id='line_1_65' title="bbox 2042 3297 3608 3368; baseline -0.001 -14"><span class='ocrx_word' id='word_1_458' title='bbox 2042 3300 2163 3354; x_wconf 91' lang='lat' dir='ltr'><strong><em>liati</em></strong></span> <span class='ocrx_word' id='word_1_459' title='bbox 2193 3307 2315 3354; x_wconf 84' lang='lat' dir='ltr'><strong><em>sunt</em></strong></span> <span class='ocrx_word' id='word_1_460' title='bbox 2365 3298 2460 3352; x_wconf 85' lang='lat' dir='ltr'><strong><em>sub</em></strong></span> <span class='ocrx_word' id='word_1_461' title='bbox 2504 3297 2748 3352; x_wconf 87' lang='lat' dir='ltr'><strong><em>manibus</em></strong></span> <span class='ocrx_word' id='word_1_462' title='bbox 2798 3312 3183 3368; x_wconf 73' lang='lat' dir='ltr'><strong><em>eorum:stepc</em></strong></span> <span class='ocrx_word' id='word_1_463' title='bbox 3232 3297 3471 3352; x_wconf 79' lang='lat' dir='ltr'><strong><em>liberauit</em></strong></span> <span class='ocrx_word' id='word_1_464' title='bbox 3498 3314 3608 3354; x_wconf 86' lang='lat' dir='ltr'><strong><em>eos.</em></strong></span> 
     </span>
    </p>
   </div>
   <div class='ocr_carea' id='block_1_66' title="bbox 362 3382 1933 3462">
    <p class='ocr_par' dir='ltr' id='par_1_66' title="bbox 362 3382 1933 3455">
     <span class='ocr_line' id='line_1_66' title="bbox 362 3382 1933 3455; baseline -0.004 -12"><span class='ocrx_word' id='word_1_465' title='bbox 362 3390 545 3444; x_wconf 74' lang='grc' dir='ltr'><em>Αὐτοὶ</em></span> <span class='ocrx_word' id='word_1_466' title='bbox 575 3386 644 3442; x_wconf 82' lang='grc' dir='ltr'><em>δὲ</em></span> <span class='ocrx_word' id='word_1_467' title='bbox 684 3387 1133 3455; x_wconf 84' lang='grc' dir='ltr'><em>παρεπίκραναν</em></span> <span class='ocrx_word' id='word_1_468' title='bbox 1167 3385 1353 3439; x_wconf 79' lang='grc' dir='ltr'><em>αὑτὸν</em></span> <span class='ocrx_word' id='word_1_469' title='bbox 1391 3385 1460 3438; x_wconf 82' lang='grc' dir='ltr'><em>ὲν</em></span> <span class='ocrx_word' id='word_1_470' title='bbox 1487 3383 1562 3453; x_wconf 78' lang='grc' dir='ltr'><em>τῇ</em></span> <span class='ocrx_word' id='word_1_471' title='bbox 1597 3382 1802 3452; x_wconf 74' lang='grc' dir='ltr'><em>,βουλῇ</em></span> <span class='ocrx_word' id='word_1_472' title='bbox 1830 3383 1933 3436; x_wconf 79' lang='grc' dir='ltr'><strong><em>αὺ-</em></strong></span> 
     </span>
    </p>
   </div>
   <div class='ocr_carea' id='block_1_67' title="bbox 2035 3382 3613 3462">
    <p class='ocr_par' dir='ltr' id='par_1_67' title="bbox 2043 3387 3613 3462">
     <span class='ocr_line' id='line_1_67' title="bbox 2043 3387 3613 3462; baseline -0.002 -15"><span class='ocrx_word' id='word_1_473' title='bbox 2043 3392 2158 3462; x_wconf 84' lang='lat' dir='ltr'><strong><em>Ipsi</em></strong></span> <span class='ocrx_word' id='word_1_474' title='bbox 2187 3401 2361 3447; x_wconf 89' lang='lat' dir='ltr'><strong><em>autem</em></strong></span> <span class='ocrx_word' id='word_1_475' title='bbox 2391 3391 2832 3446; x_wconf 76' lang='lat' dir='ltr'><strong><em>exacerbaverunt</em></strong></span> <span class='ocrx_word' id='word_1_476' title='bbox 2865 3405 2982 3443; x_wconf 89' lang='lat' dir='ltr'><strong><em>eum</em></strong></span> <span class='ocrx_word' id='word_1_477' title='bbox 3013 3390 3068 3443; x_wconf 90' lang='lat' dir='ltr'><strong><em>in</em></strong></span> <span class='ocrx_word' id='word_1_478' title='bbox 3120 3387 3342 3444; x_wconf 87' lang='lat' dir='ltr'><strong><em>consilio</em></strong></span> <span class='ocrx_word' id='word_1_479' title='bbox 3381 3406 3476 3443; x_wconf 87' lang='lat' dir='ltr'><strong><em>suo</em></strong></span> <span class='ocrx_word' id='word_1_480' title='bbox 3505 3405 3525 3444; x_wconf 91' lang='lat'><strong><em>:</em></strong></span> <span class='ocrx_word' id='word_1_481' title='bbox 3561 3399 3613 3444; x_wconf 89' lang='lat' dir='ltr'><strong><em>et</em></strong></span> 
     </span>
    </p>
   </div>
   <div class='ocr_carea' id='block_1_68' title="bbox 367 3473 1933 3552">
    <p class='ocr_par' dir='ltr' id='par_1_68' title="bbox 367 3473 1933 3546">
     <span class='ocr_line' id='line_1_68' title="bbox 367 3473 1933 3546; baseline -0.004 -12"><span class='ocrx_word' id='word_1_482' title='bbox 367 3480 508 3546; x_wconf 88' lang='grc' dir='ltr'><em>τῶν,</em></span> <span class='ocrx_word' id='word_1_483' title='bbox 543 3480 642 3534; x_wconf 78' lang='grc' dir='ltr'><strong><em>καί</em></strong></span> <span class='ocrx_word' id='word_1_484' title='bbox 656 3478 1154 3545; x_wconf 82' lang='grc' dir='ltr'><em>,ἐταπεινώθησαν</em></span> <span class='ocrx_word' id='word_1_485' title='bbox 1185 3477 1254 3530; x_wconf 80' lang='grc' dir='ltr'><strong><em>ἐν</em></strong></span> <span class='ocrx_word' id='word_1_486' title='bbox 1274 3475 1404 3542; x_wconf 84' lang='grc' dir='ltr'><em>ταῖς</em></span> <span class='ocrx_word' id='word_1_487' title='bbox 1425 3476 1698 3544; x_wconf 87' lang='grc' dir='ltr'><em>ἀνομίαις</em></span> <span class='ocrx_word' id='word_1_488' title='bbox 1719 3473 1933 3529; x_wconf 81' lang='grc' dir='ltr'><em>αὐτῶν.</em></span> 
     </span>
    </p>
   </div>
   <div class='ocr_carea' id='block_1_69' title="bbox 2035 3473 3611 3552">
    <p class='ocr_par' dir='ltr' id='par_1_69' title="bbox 2041 3475 3611 3552">
     <span class='ocr_line' id='line_1_69' title="bbox 2041 3475 3611 3552; baseline -0.003 -15"><span class='ocrx_word' id='word_1_489' title='bbox 2041 3483 2308 3537; x_wconf 76' lang='lat' dir='ltr'><strong><em>humiliati</em></strong></span> <span class='ocrx_word' id='word_1_490' title='bbox 2335 3494 2456 3537; x_wconf 83' lang='lat' dir='ltr'><strong><em>sunt</em></strong></span> <span class='ocrx_word' id='word_1_491' title='bbox 2488 3477 2542 3536; x_wconf 90' lang='lat' dir='ltr'><strong><em>in</em></strong></span> <span class='ocrx_word' id='word_1_492' title='bbox 2565 3479 2932 3552; x_wconf 78' lang='lat' dir='ltr'><strong><em>iniquitatibus</em></strong></span> <span class='ocrx_word' id='word_1_493' title='bbox 2961 3475 3103 3534; x_wconf 78' lang='lat' dir='ltr'><strong><em>suis.‘</em></strong></span> <span class='ocrx_word' id='word_1_494' title='bbox 3121 3477 3241 3549; x_wconf 86' lang='lat' dir='ltr'><strong><em>Ipse</em></strong></span> <span class='ocrx_word' id='word_1_495' title='bbox 3270 3480 3488 3549; x_wconf 83' lang='lat' dir='ltr'><strong><em>quidem</em></strong></span> <span class='ocrx_word' id='word_1_496' title='bbox 3510 3481 3611 3544; x_wconf 84' lang='lat' dir='ltr'><strong><em>ait,</em></strong></span> 
     </span>
    </p>
   </div>
   <div class='ocr_carea' id='block_1_70' title="bbox 370 3566 1933 3643">
    <p class='ocr_par' dir='ltr' id='par_1_70' title="bbox 370 3566 1933 3643">
     <span class='ocr_line' id='line_1_70' title="bbox 370 3566 1933 3643; baseline -0.006 -15"><span class='ocrx_word' id='word_1_497' title='bbox 370 3575 539 3637; x_wconf 71' lang='grc' dir='ltr'><em>Αὐτὸς</em></span> <span class='ocrx_word' id='word_1_498' title='bbox 580 3573 698 3643; x_wconf 84' lang='grc' dir='ltr'><em>μὲν,</em></span> <span class='ocrx_word' id='word_1_499' title='bbox 733 3572 918 3641; x_wconf 73' lang='grc' dir='ltr'><em>φησὶν,</em></span> <span class='ocrx_word' id='word_1_500' title='bbox 955 3568 1202 3641; x_wconf 82' lang='grc' dir='ltr'><em>ἐρρύετο,</em></span> <span class='ocrx_word' id='word_1_501' title='bbox 1241 3568 1475 3639; x_wconf 84' lang='grc' dir='ltr'><em>χρηστὸς</em></span> <span class='ocrx_word' id='word_1_502' title='bbox 1515 3566 1592 3620; x_wconf 77' lang='grc' dir='ltr'><em>ὢν</em></span> <span class='ocrx_word' id='word_1_503' title='bbox 1628 3569 1810 3630; x_wconf 81' lang='grc' dir='ltr'><em>αὐτοῖς</em></span> <span class='ocrx_word' id='word_1_504' title='bbox 1847 3567 1933 3620; x_wconf 70' lang='grc' dir='ltr'><em>καὶ</em></span> 
     </span>
    </p>
   </div>
   <div class='ocr_carea' id='block_1_71' title="bbox 2035 3566 3612 3643">
    <p class='ocr_par' dir='ltr' id='par_1_71' title="bbox 2042 3570 3612 3640">
     <span class='ocr_line' id='line_1_71' title="bbox 2042 3570 3612 3640; baseline -0.004 -10"><span class='ocrx_word' id='word_1_505' title='bbox 2042 3575 2222 3631; x_wconf 87' lang='lat' dir='ltr'><strong><em>bonus</em></strong></span> <span class='ocrx_word' id='word_1_506' title='bbox 2247 3590 2370 3628; x_wconf 89' lang='lat' dir='ltr'><strong><em>cum</em></strong></span> <span class='ocrx_word' id='word_1_507' title='bbox 2410 3581 2555 3630; x_wconf 86' lang='lat' dir='ltr'><strong><em>esset</em></strong></span> <span class='ocrx_word' id='word_1_508' title='bbox 2592 3587 2655 3626; x_wconf 89' lang='lat' dir='ltr'><strong><em>ac</em></strong></span> <span class='ocrx_word' id='word_1_509' title='bbox 2683 3572 3046 3640; x_wconf 74' lang='lat' dir='ltr'><strong><em>mitigaretur,</em></strong></span> <span class='ocrx_word' id='word_1_510' title='bbox 3083 3570 3344 3624; x_wconf 82' lang='lat' dir='ltr'><strong><em>liberabat</em></strong></span> <span class='ocrx_word' id='word_1_511' title='bbox 3377 3585 3503 3637; x_wconf 86' lang='lat' dir='ltr'><strong><em>eos;</em></strong></span> <span class='ocrx_word' id='word_1_512' title='bbox 3532 3570 3612 3624; x_wconf 89' lang='lat' dir='ltr'><strong><em>illi</em></strong></span> 
     </span>
    </p>
   </div>
   <div class='ocr_carea' id='block_1_72' title="bbox 367 3657 1944 3735">
    <p class='ocr_par' dir='ltr' id='par_1_72' title="bbox 367 3657 1944 3735">
     <span class='ocr_line' id='line_1_72' title="bbox 367 3657 1944 3735; baseline -0.006 -16"><span class='ocrx_word' id='word_1_513' title='bbox 367 3667 573 3735; x_wconf 79' lang='grc' dir='ltr'><em>γλυκὺς</em></span> <span class='ocrx_word' id='word_1_514' title='bbox 608 3662 916 3732; x_wconf 83' lang='grc' dir='ltr'><em>γενόμενος’</em></span> <span class='ocrx_word' id='word_1_515' title='bbox 947 3662 997 3714; x_wconf 84' lang='grc' dir='ltr'><em>οἱ</em></span> <span class='ocrx_word' id='word_1_516' title='bbox 1028 3660 1085 3713; x_wconf 89' lang='grc' dir='ltr'><em>δὲ</em></span> <span class='ocrx_word' id='word_1_517' title='bbox 1117 3659 1553 3730; x_wconf 82' lang='grc' dir='ltr'><em>παρεπίκραναν,</em></span> <span class='ocrx_word' id='word_1_518' title='bbox 1589 3659 1784 3730; x_wconf 85' lang='grc' dir='ltr'><em>πικρὸν</em></span> <span class='ocrx_word' id='word_1_519' title='bbox 1816 3657 1944 3710; x_wconf 83' lang='grc' dir='ltr'><em>ἑαυ-</em></span> 
     </span>
    </p>
   </div>
   <div class='ocr_carea' id='block_1_73' title="bbox 370 3743 1944 3820">
    <p class='ocr_par' dir='ltr' id='par_1_73' title="bbox 370 3743 1944 3820">
     <span class='ocr_line' id='line_1_73' title="bbox 370 3743 1944 3820; baseline -0.006 -10"><span class='ocrx_word' id='word_1_520' title='bbox 370 3760 482 3820; x_wconf 82' lang='grc' dir='ltr'><em>τοῖς</em></span> <span class='ocrx_word' id='word_1_521' title='bbox 523 3755 801 3817; x_wconf 80' lang='grc' dir='ltr'><em>ποιοῦντες</em></span> <span class='ocrx_word' id='word_1_522' title='bbox 846 3751 1026 3807; x_wconf 83' lang='grc' dir='ltr'><em>αὐτόν·</em></span> <span class='ocrx_word' id='word_1_523' title='bbox 1070 3752 1162 3804; x_wconf 78' lang='grc' dir='ltr'><em>καὶ</em></span> <span class='ocrx_word' id='word_1_524' title='bbox 1204 3749 1365 3804; x_wconf 82' lang='grc' dir='ltr'><em>πάλιν</em></span> <span class='ocrx_word' id='word_1_525' title='bbox 1408 3749 1569 3812; x_wconf 78' lang='grc' dir='ltr'><em>αὐτὸς</em></span> <span class='ocrx_word' id='word_1_526' title='bbox 1615 3748 1816 3812; x_wconf 75' lang='grc' dir='ltr'><em>ἔσωζεν</em></span> <span class='ocrx_word' id='word_1_527' title='bbox 1856 3743 1944 3801; x_wconf 76' lang='grc' dir='ltr'><em>οἷα</em></span> 
     </span>
    </p>
   </div>
   <div class='ocr_carea' id='block_1_74' title="bbox 375 3841 1945 3919">
    <p class='ocr_par' dir='ltr' id='par_1_74' title="bbox 375 3841 1945 3919">
     <span class='ocr_line' id='line_1_74' title="bbox 375 3841 1945 3919; baseline -0.004 -18"><span class='ocrx_word' id='word_1_528' title='bbox 375 3851 579 3919; x_wconf 83' lang='grc' dir='ltr'><em>σωτήρ·</em></span> <span class='ocrx_word' id='word_1_529' title='bbox 615 3846 663 3899; x_wconf 78' lang='grc' dir='ltr'><em>οἱ</em></span> <span class='ocrx_word' id='word_1_530' title='bbox 696 3845 756 3899; x_wconf 83' lang='grc' dir='ltr'><strong><em>’δὲ</em></strong></span> <span class='ocrx_word' id='word_1_531' title='bbox 798 3843 1130 3908; x_wconf 80' lang='grc' dir='ltr'><em>ἀπώλλυντο,</em></span> <span class='ocrx_word' id='word_1_532' title='bbox 1176 3842 1359 3913; x_wconf 79' lang='grc' dir='ltr'><em>ἔργοις</em></span> <span class='ocrx_word' id='word_1_533' title='bbox 1401 3841 1676 3905; x_wconf 82' lang='grc' dir='ltr'><em>ἀπωλείας</em></span> <span class='ocrx_word' id='word_1_534' title='bbox 1719 3843 1945 3905; x_wconf 77' lang='grc' dir='ltr'><em>ἑαυτοὺς</em></span> 
     </span>
    </p>
   </div>
   <div class='ocr_carea' id='block_1_75' title="bbox 374 3924 1944 4011">
    <p class='ocr_par' dir='ltr' id='par_1_75' title="bbox 374 3924 1944 4011">
     <span class='ocr_line' id='line_1_75' title="bbox 374 3924 1944 4011; baseline -0.003 -19"><span class='ocrx_word' id='word_1_535' title='bbox 374 3936 801 4011; x_wconf 76' lang='grc' dir='ltr'><em>περιπείροντεςο</em></span> <span class='ocrx_word' id='word_1_536' title='bbox 833 3935 928 3990; x_wconf 78' lang='grc' dir='ltr'><em>καὶ</em></span> <span class='ocrx_word' id='word_1_537' title='bbox 966 3934 1122 3988; x_wconf 76' lang='grc' dir='ltr'><em>τοῦτο</em></span> <span class='ocrx_word' id='word_1_538' title='bbox 1167 3933 1452 3998; x_wconf 78' lang='grc' dir='ltr'><em>πλεονάκις</em></span> <span class='ocrx_word' id='word_1_539' title='bbox 1485 3932 1712 4003; x_wconf 82' lang='grc' dir='ltr'><em>ἐγίνετο,</em></span> <span class='ocrx_word' id='word_1_540' title='bbox 1745 3924 1944 3996; x_wconf 73' lang='grc' dir='ltr'><em>ἐωςόὖ</em></span> 
     </span>
    </p>
   </div>
   <div class='ocr_carea' id='block_1_76' title="bbox 373 4026 1904 4098">
    <p class='ocr_par' dir='ltr' id='par_1_76' title="bbox 373 4026 1904 4098">
     <span class='ocr_line' id='line_1_76' title="bbox 373 4026 1904 4098; baseline -0.002 -15"><span class='ocrx_word' id='word_1_541' title='bbox 373 4031 530 4084; x_wconf 73' lang='grc' dir='ltr'><em>αὐτοὶ</em></span> <span class='ocrx_word' id='word_1_542' title='bbox 552 4029 774 4093; x_wconf 75' lang='grc' dir='ltr'><em>ἑαυτοὺς</em></span> <span class='ocrx_word' id='word_1_543' title='bbox 802 4027 1171 4082; x_wconf 77' lang='grc' dir='ltr'><em>ἐταπείνωσαν</em></span> <span class='ocrx_word' id='word_1_544' title='bbox 1200 4029 1256 4081; x_wconf 88' lang='grc' dir='ltr'><strong><em>ἐν</em></strong></span> <span class='ocrx_word' id='word_1_545' title='bbox 1283 4029 1400 4090; x_wconf 87' lang='grc' dir='ltr'><em>ταῖς</em></span> <span class='ocrx_word' id='word_1_546' title='bbox 1430 4026 1609 4080; x_wconf 80' lang='grc' dir='ltr'><em>αὐτῶν</em></span> <span class='ocrx_word' id='word_1_547' title='bbox 1635 4027 1904 4098; x_wconf 84' lang='grc' dir='ltr'><em>ἀνομίαις.</em></span> 
     </span>
    </p>
   </div>
   <div class='ocr_carea' id='block_1_77' title="bbox 445 4117 1948 4188">
    <p class='ocr_par' dir='ltr' id='par_1_77' title="bbox 445 4117 1948 4188">
     <span class='ocr_line' id='line_1_77' title="bbox 445 4117 1948 4188; baseline -0.002 -13"><span class='ocrx_word' id='word_1_548' title='bbox 445 4122 554 4176; x_wconf 87' lang='lat' dir='ltr'><strong><em>Kal</em></strong></span> <span class='ocrx_word' id='word_1_549' title='bbox 593 4117 714 4174; x_wconf 75' lang='grc' dir='ltr'><em>εἶδε</em></span> <span class='ocrx_word' id='word_1_550' title='bbox 738 4121 952 4188; x_wconf 83' lang='grc' dir='ltr'><em>Κύριος</em></span> <span class='ocrx_word' id='word_1_551' title='bbox 977 4120 1046 4172; x_wconf 83' lang='grc' dir='ltr'><strong><em>ἐν</em></strong></span> <span class='ocrx_word' id='word_1_552' title='bbox 1070 4117 1148 4184; x_wconf 84' lang='grc' dir='ltr'><em>τῷ</em></span> <span class='ocrx_word' id='word_1_553' title='bbox 1178 4120 1486 4174; x_wconf 77' lang='grc' dir='ltr'><em>θλίϐεσθαι</em></span> <span class='ocrx_word' id='word_1_554' title='bbox 1505 4117 1744 4184; x_wconf 82' lang='grc' dir='ltr'><em>αὐτοὺς,</em></span> <span class='ocrx_word' id='word_1_555' title='bbox 1771 4119 1839 4172; x_wconf 74' lang='grc' dir='ltr'><strong><em>ἐν</em></strong></span> <span class='ocrx_word' id='word_1_556' title='bbox 1867 4118 1948 4185; x_wconf 83' lang='grc' dir='ltr'><em>τῷ</em></span> 
     </span>
    </p>
   </div>
   <div class='ocr_carea' id='block_1_78' title="bbox 377 4208 1946 4280">
    <p class='ocr_par' dir='ltr' id='par_1_78' title="bbox 377 4208 1946 4280">
     <span class='ocr_line' id='line_1_78' title="bbox 377 4208 1946 4280; baseline -0.004 -14"><span class='ocrx_word' id='word_1_557' title='bbox 377 4212 563 4266; x_wconf 84' lang='grc' dir='ltr'><em>αὑτὸν</em></span> <span class='ocrx_word' id='word_1_558' title='bbox 585 4211 937 4265; x_wconf 73' lang='grc' dir='ltr'><em>εἰσακοῦσαι</em></span> <span class='ocrx_word' id='word_1_559' title='bbox 965 4208 1075 4278; x_wconf 81' lang='grc' dir='ltr'><em>τῆς</em></span> <span class='ocrx_word' id='word_1_560' title='bbox 1099 4210 1360 4280; x_wconf 80' lang='grc' dir='ltr'><em>δεήσεως</em></span> <span class='ocrx_word' id='word_1_561' title='bbox 1389 4210 1606 4264; x_wconf 80' lang='grc' dir='ltr'><em>αὐτῶν.</em></span> <span class='ocrx_word' id='word_1_562' title='bbox 1637 4210 1745 4264; x_wconf 88' lang='lat' dir='ltr'><strong><em>Kal</em></strong></span> <span class='ocrx_word' id='word_1_563' title='bbox 1766 4209 1946 4279; x_wconf 84' lang='grc' dir='ltr'><em>ἐμνή-</em></span> 
     </span>
    </p>
   </div>
   <div class='ocr_carea' id='block_1_79' title="bbox 379 4300 1948 4374">
    <p class='ocr_par' dir='ltr' id='par_1_79' title="bbox 379 4300 1948 4374">
     <span class='ocr_line' id='line_1_79' title="bbox 379 4300 1948 4374; baseline -0.003 -14"><span class='ocrx_word' id='word_1_564' title='bbox 379 4309 496 4372; x_wconf 86' lang='grc' dir='ltr'><strong><em>σθη</em></strong></span> <span class='ocrx_word' id='word_1_565' title='bbox 525 4303 634 4374; x_wconf 83' lang='grc' dir='ltr'><em>τῆς</em></span> <span class='ocrx_word' id='word_1_566' title='bbox 663 4303 946 4371; x_wconf 79' lang='grc' dir='ltr'><em>διαθήκης</em></span> <span class='ocrx_word' id='word_1_567' title='bbox 973 4301 1181 4366; x_wconf 83' lang='grc' dir='ltr'><em>αὑτοῦ,</em></span> <span class='ocrx_word' id='word_1_568' title='bbox 1216 4303 1313 4355; x_wconf 81' lang='grc' dir='ltr'><strong><em>καὶ</em></strong></span> <span class='ocrx_word' id='word_1_569' title='bbox 1343 4302 1676 4372; x_wconf 77' lang='grc' dir='ltr'><em>μετεϐλήθη</em></span> <span class='ocrx_word' id='word_1_570' title='bbox 1701 4302 1850 4355; x_wconf 83' lang='grc' dir='ltr'><em>κατὰ</em></span> <span class='ocrx_word' id='word_1_571' title='bbox 1880 4300 1948 4355; x_wconf 82' lang='grc' dir='ltr'><em>τὸ</em></span> 
     </span>
    </p>
   </div>
   <div class='ocr_carea' id='block_1_80' title="bbox 379 4393 1950 4464">
    <p class='ocr_par' dir='ltr' id='par_1_80' title="bbox 379 4393 1950 4464">
     <span class='ocr_line' id='line_1_80' title="bbox 379 4393 1950 4464; baseline -0.003 -14"><span class='ocrx_word' id='word_1_572' title='bbox 379 4395 616 4464; x_wconf 87' lang='grc' dir='ltr'><em>πλῆθος</em></span> <span class='ocrx_word' id='word_1_573' title='bbox 637 4395 745 4449; x_wconf 87' lang='grc' dir='ltr'><em>τοῦ</em></span> <span class='ocrx_word' id='word_1_574' title='bbox 771 4395 980 4460; x_wconf 80' lang='grc' dir='ltr'><em>ἐλέους</em></span> <span class='ocrx_word' id='word_1_575' title='bbox 1006 4393 1211 4448; x_wconf 84' lang='grc' dir='ltr'><em>αὐτοῦ.</em></span> <span class='ocrx_word' id='word_1_576' title='bbox 1242 4394 1352 4447; x_wconf 88' lang='lat' dir='ltr'><strong><em>Kal</em></strong></span> <span class='ocrx_word' id='word_1_577' title='bbox 1382 4393 1604 4446; x_wconf 76' lang='grc' dir='ltr'><em>ἔδωκεν</em></span> <span class='ocrx_word' id='word_1_578' title='bbox 1622 4393 1844 4458; x_wconf 78' lang='grc' dir='ltr'><em>αὐτοὺς</em></span> <span class='ocrx_word' id='word_1_579' title='bbox 1862 4394 1950 4459; x_wconf 82' lang='grc' dir='ltr'><strong><em>είς</em></strong></span> 
     </span>
    </p>
   </div>
   <div class='ocr_carea' id='block_1_81' title="bbox 2042 3660 3615 3727">
    <p class='ocr_par' dir='ltr' id='par_1_81' title="bbox 2042 3660 3615 3727">
     <span class='ocr_line' id='line_1_81' title="bbox 2042 3660 3615 3727; baseline 0 -8"><span class='ocrx_word' id='word_1_580' title='bbox 2042 3682 2173 3721; x_wconf 78' lang='lat' dir='ltr'><strong><em>vero</em></strong></span> <span class='ocrx_word' id='word_1_581' title='bbox 2197 3665 2663 3721; x_wconf 79' lang='lat' dir='ltr'><strong><em>exacerbaverunt</em></strong></span> <span class='ocrx_word' id='word_1_582' title='bbox 2688 3675 2833 3727; x_wconf 91' lang='lat' dir='ltr'><strong><em>eum,</em></strong></span> <span class='ocrx_word' id='word_1_583' title='bbox 2857 3660 3114 3715; x_wconf 89' lang='lat' dir='ltr'><strong><em>acerbum</em></strong></span> <span class='ocrx_word' id='word_1_584' title='bbox 3152 3661 3255 3717; x_wconf 85' lang='lat' dir='ltr'><strong><em>sibi</em></strong></span> <span class='ocrx_word' id='word_1_585' title='bbox 3281 3663 3615 3719; x_wconf 86' lang='lat' dir='ltr'><strong><em>constituen-</em></strong></span> 
     </span>
    </p>
   </div>
   <div class='ocr_carea' id='block_1_82' title="bbox 2043 3754 3613 3826">
    <p class='ocr_par' dir='ltr' id='par_1_82' title="bbox 2043 3754 3613 3826">
     <span class='ocr_line' id='line_1_82' title="bbox 2043 3754 3613 3826; baseline 0.001 -14"><span class='ocrx_word' id='word_1_586' title='bbox 2043 3765 2171 3812; x_wconf 89' lang='lat' dir='ltr'><strong><em>tes:</em></strong></span> <span class='ocrx_word' id='word_1_587' title='bbox 2204 3772 2268 3811; x_wconf 89' lang='lat' dir='ltr'><strong><em>ac</em></strong></span> <span class='ocrx_word' id='word_1_588' title='bbox 2308 3770 2502 3810; x_wconf 90' lang='lat' dir='ltr'><strong><em>rursus</em></strong></span> <span class='ocrx_word' id='word_1_589' title='bbox 2529 3754 2640 3818; x_wconf 88' lang='lat' dir='ltr'><strong><em>ille,</em></strong></span> <span class='ocrx_word' id='word_1_590' title='bbox 2673 3761 2861 3823; x_wconf 87' lang='lat' dir='ltr'><strong><em>utpote</em></strong></span> <span class='ocrx_word' id='word_1_591' title='bbox 2902 3761 3170 3822; x_wconf 86' lang='lat' dir='ltr'><strong><em>servator,</em></strong></span> <span class='ocrx_word' id='word_1_592' title='bbox 3217 3755 3442 3812; x_wconf 86' lang='lat' dir='ltr'><strong><em>eruebat</em></strong></span> <span class='ocrx_word' id='word_1_593' title='bbox 3483 3773 3613 3826; x_wconf 86' lang='lat' dir='ltr'><strong><em>eos,</em></strong></span> 
     </span>
    </p>
   </div>
   <div class='ocr_carea' id='block_1_83' title="bbox 2045 3841 3612 3913">
    <p class='ocr_par' dir='ltr' id='par_1_83' title="bbox 2045 3841 3612 3913">
     <span class='ocr_line' id='line_1_83' title="bbox 2045 3841 3612 3913; baseline 0.003 -13"><span class='ocrx_word' id='word_1_594' title='bbox 2045 3844 2122 3900; x_wconf 87' lang='lat' dir='ltr'><strong><em>illi</em></strong></span> <span class='ocrx_word' id='word_1_595' title='bbox 2144 3859 2275 3898; x_wconf 80' lang='lat' dir='ltr'><strong><em>vero</em></strong></span> <span class='ocrx_word' id='word_1_596' title='bbox 2305 3842 2575 3913; x_wconf 86' lang='lat' dir='ltr'><strong><em>peribant,</em></strong></span> <span class='ocrx_word' id='word_1_597' title='bbox 2600 3841 2748 3896; x_wconf 76' lang='lat' dir='ltr'><strong><em>exitii</em></strong></span> <span class='ocrx_word' id='word_1_598' title='bbox 2776 3841 3036 3911; x_wconf 88' lang='lat' dir='ltr'><strong><em>operibus</em></strong></span> <span class='ocrx_word' id='word_1_599' title='bbox 3053 3858 3174 3899; x_wconf 85' lang='lat' dir='ltr'><strong><em>sese</em></strong></span> <span class='ocrx_word' id='word_1_600' title='bbox 3197 3845 3612 3904; x_wconf 60' lang='lat' dir='ltr'><strong><em>confodientesf</em></strong></span> 
     </span>
    </p>
   </div>
   <div class='ocr_carea' id='block_1_84' title="bbox 2045 3933 3616 4007">
    <p class='ocr_par' dir='ltr' id='par_1_84' title="bbox 2045 3933 3616 4007">
     <span class='ocr_line' id='line_1_84' title="bbox 2045 3933 3616 4007; baseline 0.003 -17"><span class='ocrx_word' id='word_1_601' title='bbox 2045 3936 2211 4006; x_wconf 87' lang='lat' dir='ltr'><strong><em>idque</em></strong></span> <span class='ocrx_word' id='word_1_602' title='bbox 2249 3951 2388 4002; x_wconf 69' lang='lat' dir='ltr'><strong><em>saape</em></strong></span> <span class='ocrx_word' id='word_1_603' title='bbox 2416 3933 2618 3988; x_wconf 80' lang='lat' dir='ltr'><strong><em>factum</em></strong></span> <span class='ocrx_word' id='word_1_604' title='bbox 2645 3943 2749 4001; x_wconf 90' lang='lat' dir='ltr'><strong><em>est,</em></strong></span> <span class='ocrx_word' id='word_1_605' title='bbox 2774 3935 2948 3990; x_wconf 89' lang='lat' dir='ltr'><strong><em>donec</em></strong></span> <span class='ocrx_word' id='word_1_606' title='bbox 2981 3950 3040 3990; x_wconf 88' lang='lat' dir='ltr'><strong><em>se</em></strong></span> <span class='ocrx_word' id='word_1_607' title='bbox 3062 3936 3164 4007; x_wconf 89' lang='lat' dir='ltr'><strong><em>ipsi</em></strong></span> <span class='ocrx_word' id='word_1_608' title='bbox 3187 3935 3616 3994; x_wconf 86' lang='lat' dir='ltr'><strong><em>humiliaverunt</em></strong></span> 
     </span>
    </p>
   </div>
   <div class='ocr_carea' id='block_1_85' title="bbox 2044 4025 2689 4096">
    <p class='ocr_par' dir='ltr' id='par_1_85' title="bbox 2044 4025 2689 4096">
     <span class='ocr_line' id='line_1_85' title="bbox 2044 4025 2689 4096; baseline -0.002 -13"><span class='ocrx_word' id='word_1_609' title='bbox 2044 4027 2103 4083; x_wconf 88' lang='lat' dir='ltr'><strong><em>in</em></strong></span> <span class='ocrx_word' id='word_1_610' title='bbox 2141 4026 2523 4096; x_wconf 88' lang='lat' dir='ltr'><strong><em>iniquitatibus</em></strong></span> <span class='ocrx_word' id='word_1_611' title='bbox 2553 4025 2689 4081; x_wconf 91' lang='lat' dir='ltr'><strong><em>suis.</em></strong></span> 
     </span>
    </p>
   </div>
   <div class='ocr_carea' id='block_1_86' title="bbox 2119 4115 3620 4176">
    <p class='ocr_par' dir='ltr' id='par_1_86' title="bbox 2119 4115 3620 4176">
     <span class='ocr_line' id='line_1_86' title="bbox 2119 4115 3620 4176; baseline 0.003 -4"><span class='ocrx_word' id='word_1_612' title='bbox 2119 4117 2286 4172; x_wconf 74' lang='lat' dir='ltr'><strong><em>Vens.</em></strong></span> <span class='ocrx_word' id='word_1_613' title='bbox 2321 4115 2509 4171; x_wconf 69' lang='grc'><strong><em>44-46.</em></strong></span> <span class='ocrx_word' id='word_1_614' title='bbox 2554 4116 2624 4170; x_wconf 89' lang='lat' dir='ltr'><strong><em>Et</em></strong></span> <span class='ocrx_word' id='word_1_615' title='bbox 2661 4118 2792 4173; x_wconf 83' lang='lat' dir='ltr'><strong><em>vtdit</em></strong></span> <span class='ocrx_word' id='word_1_616' title='bbox 2836 4115 3093 4174; x_wconf 80' lang='lat' dir='ltr'><strong><em>Dominus</em></strong></span> <span class='ocrx_word' id='word_1_617' title='bbox 3131 4135 3250 4174; x_wconf 90' lang='lat' dir='ltr'><strong><em>cum</em></strong></span> <span class='ocrx_word' id='word_1_618' title='bbox 3301 4121 3620 4176; x_wconf 79' lang='lat' dir='ltr'><strong><em>tribularen-</em></strong></span> 
     </span>
    </p>
   </div>
   <div class='ocr_carea' id='block_1_87' title="bbox 2051 4207 3620 4277">
    <p class='ocr_par' dir='ltr' id='par_1_87' title="bbox 2051 4207 3620 4277">
     <span class='ocr_line' id='line_1_87' title="bbox 2051 4207 3620 4277; baseline 0.003 -15"><span class='ocrx_word' id='word_1_619' title='bbox 2051 4217 2158 4273; x_wconf 88' lang='lat' dir='ltr'><strong><em>tur,</em></strong></span> <span class='ocrx_word' id='word_1_620' title='bbox 2203 4224 2320 4261; x_wconf 90' lang='lat' dir='ltr'><strong><em>cum</em></strong></span> <span class='ocrx_word' id='word_1_621' title='bbox 2365 4207 2572 4261; x_wconf 84' lang='lat' dir='ltr'><strong><em>audiret</em></strong></span> <span class='ocrx_word' id='word_1_622' title='bbox 2611 4209 3028 4277; x_wconf 83' lang='lat' dir='ltr'><strong><em>deprecationem</em></strong></span> <span class='ocrx_word' id='word_1_623' title='bbox 3071 4227 3274 4266; x_wconf 88' lang='lat' dir='ltr'><strong><em>eorum.</em></strong></span> <span class='ocrx_word' id='word_1_624' title='bbox 3312 4209 3383 4265; x_wconf 90' lang='lat' dir='ltr'><strong><em>Et</em></strong></span> <span class='ocrx_word' id='word_1_625' title='bbox 3420 4230 3620 4268; x_wconf 88' lang='lat' dir='ltr'><strong><em>memor</em></strong></span> 
     </span>
    </p>
   </div>
   <div class='ocr_carea' id='block_1_88' title="bbox 2051 4300 3620 4370">
    <p class='ocr_par' dir='ltr' id='par_1_88' title="bbox 2051 4300 3620 4370">
     <span class='ocr_line' id='line_1_88' title="bbox 2051 4300 3620 4370; baseline 0.004 -17"><span class='ocrx_word' id='word_1_626' title='bbox 2051 4300 2151 4370; x_wconf 81' lang='lat' dir='ltr'><strong><em>fuit</em></strong></span> <span class='ocrx_word' id='word_1_627' title='bbox 2184 4301 2482 4352; x_wconf 87' lang='lat' dir='ltr'><strong><em>testamenti</em></strong></span> <span class='ocrx_word' id='word_1_628' title='bbox 2515 4300 2621 4362; x_wconf 89' lang='lat' dir='ltr'><strong><em>sui,</em></strong></span> <span class='ocrx_word' id='word_1_629' title='bbox 2651 4310 2701 4353; x_wconf 91' lang='lat' dir='ltr'><strong><em>et</em></strong></span> <span class='ocrx_word' id='word_1_630' title='bbox 2732 4301 2974 4368; x_wconf 72' lang='lat' dir='ltr'><strong><em>paenituit</em></strong></span> <span class='ocrx_word' id='word_1_631' title='bbox 3006 4317 3124 4355; x_wconf 90' lang='lat' dir='ltr'><strong><em>eum</em></strong></span> <span class='ocrx_word' id='word_1_632' title='bbox 3157 4304 3442 4358; x_wconf 87' lang='lat' dir='ltr'><strong><em>secundum</em></strong></span> <span class='ocrx_word' id='word_1_633' title='bbox 3481 4306 3620 4360; x_wconf 83' lang='lat' dir='ltr'><strong><em>mul-</em></strong></span> 
     </span>
    </p>
   </div>
   <div class='ocr_carea' id='block_1_89' title="bbox 2054 4391 3622 4452">
    <p class='ocr_par' dir='ltr' id='par_1_89' title="bbox 2054 4391 3622 4452">
     <span class='ocr_line' id='line_1_89' title="bbox 2054 4391 3622 4452; baseline 0.003 -7"><span class='ocrx_word' id='word_1_634' title='bbox 2054 4391 2332 4445; x_wconf 87' lang='lat' dir='ltr'><strong><em>titudinem</em></strong></span> <span class='ocrx_word' id='word_1_635' title='bbox 2363 4391 2738 4445; x_wconf 70' lang='lat' dir='ltr'><strong><em>misericordia</em></strong></span> <span class='ocrx_word' id='word_1_636' title='bbox 2775 4407 2905 4446; x_wconf 79' lang='lat' dir='ltr'><strong><em>suw.</em></strong></span> <span class='ocrx_word' id='word_1_637' title='bbox 2939 4391 3006 4446; x_wconf 86' lang='lat' dir='ltr'><strong><em>Et</em></strong></span> <span class='ocrx_word' id='word_1_638' title='bbox 3046 4393 3300 4452; x_wconf 70' lang='lat' dir='ltr'><strong><em>dediteos</em></strong></span> <span class='ocrx_word' id='word_1_639' title='bbox 3338 4396 3393 4450; x_wconf 86' lang='lat' dir='ltr'><strong><em>in</em></strong></span> <span class='ocrx_word' id='word_1_640' title='bbox 3421 4397 3622 4451; x_wconf 87' lang='lat' dir='ltr'><strong><em>miseri-</em></strong></span> 
     </span>
    </p>
   </div>
   <div class='ocr_carea' id='block_1_90' title="bbox 382 4481 1933 4566">
    <p class='ocr_par' dir='ltr' id='par_1_90' title="bbox 382 4482 1933 4556">
     <span class='ocr_line' id='line_1_90' title="bbox 382 4482 1933 4556; baseline -0.003 -15"><span class='ocrx_word' id='word_1_641' title='bbox 382 4486 719 4556; x_wconf 84' lang='grc' dir='ltr'><em>οὶκτιρμοὺς</em></span> <span class='ocrx_word' id='word_1_642' title='bbox 767 4486 1045 4539; x_wconf 85' lang='grc' dir='ltr'><em>ἐναντίον</em></span> <span class='ocrx_word' id='word_1_643' title='bbox 1094 4485 1333 4539; x_wconf 83' lang='grc' dir='ltr'><em>πάντων</em></span> <span class='ocrx_word' id='word_1_644' title='bbox 1385 4482 1504 4538; x_wconf 86' lang='grc' dir='ltr'><strong><em>τῶν</em></strong></span> <span class='ocrx_word' id='word_1_645' title='bbox 1550 4486 1933 4554; x_wconf 79' lang='grc' dir='ltr'><em>αὶχμαλωτευ·</em></span> 
     </span>
    </p>
   </div>
   <div class='ocr_carea' id='block_1_91' title="bbox 2035 4481 3622 4566">
    <p class='ocr_par' dir='ltr' id='par_1_91' title="bbox 2053 4481 3622 4555">
     <span class='ocr_line' id='line_1_91' title="bbox 2053 4481 3622 4555; baseline 0.006 -22"><span class='ocrx_word' id='word_1_646' title='bbox 2053 4481 2262 4534; x_wconf 87' lang='lat' dir='ltr'><strong><em>cordias</em></strong></span> <span class='ocrx_word' id='word_1_647' title='bbox 2308 4481 2362 4534; x_wconf 89' lang='lat' dir='ltr'><strong><em>in</em></strong></span> <span class='ocrx_word' id='word_1_648' title='bbox 2396 4492 2672 4549; x_wconf 87' lang='lat' dir='ltr'><strong><em>conspectu</em></strong></span> <span class='ocrx_word' id='word_1_649' title='bbox 2715 4484 2950 4537; x_wconf 87' lang='lat' dir='ltr'><strong><em>omnium</em></strong></span> <span class='ocrx_word' id='word_1_650' title='bbox 2980 4485 3070 4554; x_wconf 87' lang='lat' dir='ltr'><strong><em>qui</em></strong></span> <span class='ocrx_word' id='word_1_651' title='bbox 3100 4496 3340 4555; x_wconf 77' lang='lat' dir='ltr'><strong><em>ceperant</em></strong></span> <span class='ocrx_word' id='word_1_652' title='bbox 3366 4503 3474 4543; x_wconf 91' lang='lat' dir='ltr'><strong><em>eos.</em></strong></span> <span class='ocrx_word' id='word_1_653' title='bbox 3507 4486 3622 4543; x_wconf 81' lang='lat' dir='ltr'><strong><em>Hoc</em></strong></span> 
     </span>
    </p>
   </div>
   <div class='ocr_carea' id='block_1_92' title="bbox 382 4573 1933 4648">
    <p class='ocr_par' dir='ltr' id='par_1_92' title="bbox 382 4573 1933 4645">
     <span class='ocr_line' id='line_1_92' title="bbox 382 4573 1933 4645; baseline -0.003 -15"><span class='ocrx_word' id='word_1_654' title='bbox 382 4575 621 4630; x_wconf 83' lang='grc' dir='ltr'><em>σάντων</em></span> <span class='ocrx_word' id='word_1_655' title='bbox 647 4575 886 4640; x_wconf 82' lang='grc' dir='ltr'><em>αὐτούς.</em></span> <span class='ocrx_word' id='word_1_656' title='bbox 926 4575 1035 4628; x_wconf 76' lang='grc' dir='ltr'><strong><em>Καὶ</em></strong></span> <span class='ocrx_word' id='word_1_657' title='bbox 1062 4575 1221 4627; x_wconf 73' lang='grc' dir='ltr'><em>τοῦτο</em></span> <span class='ocrx_word' id='word_1_658' title='bbox 1244 4573 1562 4645; x_wconf 77' lang='grc' dir='ltr'><em>ἐπληροῦτο,</em></span> <span class='ocrx_word' id='word_1_659' title='bbox 1587 4573 1674 4627; x_wconf 72' lang='grc' dir='ltr'><em>ὅτε</em></span> <span class='ocrx_word' id='word_1_660' title='bbox 1703 4574 1933 4628; x_wconf 67' lang='grc' dir='ltr'><em>ἐνέϐαλεε</em></span> 
     </span>
    </p>
   </div>
   <div class='ocr_carea' id='block_1_93' title="bbox 2035 4573 3624 4648">
    <p class='ocr_par' dir='ltr' id='par_1_93' title="bbox 2056 4573 3624 4648">
     <span class='ocr_line' id='line_1_93' title="bbox 2056 4573 3624 4648; baseline 0.003 -20"><span class='ocrx_word' id='word_1_661' title='bbox 2056 4573 2404 4643; x_wconf 87' lang='lat' dir='ltr'><strong><em>implebatur,</em></strong></span> <span class='ocrx_word' id='word_1_662' title='bbox 2435 4573 2652 4644; x_wconf 89' lang='lat' dir='ltr'><strong><em>quando</em></strong></span> <span class='ocrx_word' id='word_1_663' title='bbox 2699 4573 2926 4629; x_wconf 88' lang='lat' dir='ltr'><strong><em>immisit</em></strong></span> <span class='ocrx_word' id='word_1_664' title='bbox 2974 4575 3122 4631; x_wconf 88' lang='lat' dir='ltr'><strong><em>Deus</em></strong></span> <span class='ocrx_word' id='word_1_665' title='bbox 3152 4577 3208 4630; x_wconf 89' lang='lat' dir='ltr'><strong><em>in</em></strong></span> <span class='ocrx_word' id='word_1_666' title='bbox 3254 4592 3352 4631; x_wconf 87' lang='lat' dir='ltr'><strong><em>cor</em></strong></span> <span class='ocrx_word' id='word_1_667' title='bbox 3377 4575 3504 4648; x_wconf 88' lang='lat' dir='ltr'><strong><em>Cyri</em></strong></span> <span class='ocrx_word' id='word_1_668' title='bbox 3535 4595 3624 4634; x_wconf 86' lang='lat' dir='ltr'><strong><em>re-</em></strong></span> 
     </span>
    </p>
   </div>
   <div class='ocr_carea' id='block_1_94' title="bbox 384 4665 1954 4738">
    <p class='ocr_par' dir='ltr' id='par_1_94' title="bbox 384 4665 1954 4738">
     <span class='ocr_line' id='line_1_94' title="bbox 384 4665 1954 4738; baseline -0.002 -17"><span class='ocrx_word' id='word_1_669' title='bbox 384 4670 412 4720; x_wconf 83' lang='grc' dir='ltr'><strong>ὁ</strong></span> <span class='ocrx_word' id='word_1_670' title='bbox 433 4668 562 4731; x_wconf 81' lang='grc' dir='ltr'><em>Θεὸς</em></span> <span class='ocrx_word' id='word_1_671' title='bbox 587 4668 666 4732; x_wconf 81' lang='grc' dir='ltr'><em>εἰς</em></span> <span class='ocrx_word' id='word_1_672' title='bbox 686 4667 782 4737; x_wconf 83' lang='grc' dir='ltr'><em>τὴν</em></span> <span class='ocrx_word' id='word_1_673' title='bbox 805 4665 1032 4738; x_wconf 89' lang='grc' dir='ltr'><em>καρδίαν</em></span> <span class='ocrx_word' id='word_1_674' title='bbox 1054 4665 1238 4737; x_wconf 79' lang='grc' dir='ltr'><em>Κύρου</em></span> <span class='ocrx_word' id='word_1_675' title='bbox 1265 4665 1358 4719; x_wconf 85' lang='grc' dir='ltr'><em>τοῦ</em></span> <span class='ocrx_word' id='word_1_676' title='bbox 1384 4665 1664 4737; x_wconf 81' lang='grc' dir='ltr'><em>βασιλέως,</em></span> <span class='ocrx_word' id='word_1_677' title='bbox 1692 4666 1788 4720; x_wconf 73' lang='grc' dir='ltr'><em>καὶ</em></span> <span class='ocrx_word' id='word_1_678' title='bbox 1817 4665 1954 4736; x_wconf 84' lang='grc' dir='ltr'><em>μετὰ</em></span> 
     </span>
    </p>
   </div>
   <div class='ocr_carea' id='block_1_95' title="bbox 385 4756 1952 4828">
    <p class='ocr_par' dir='ltr' id='par_1_95' title="bbox 385 4756 1952 4828">
     <span class='ocr_line' id='line_1_95' title="bbox 385 4756 1952 4828; baseline -0.002 -17"><span class='ocrx_word' id='word_1_679' title='bbox 385 4759 556 4811; x_wconf 79' lang='grc' dir='ltr'><em>ταῦτα</em></span> <span class='ocrx_word' id='word_1_680' title='bbox 597 4756 822 4828; x_wconf 88' lang='grc' dir='ltr'><em>Δαρείου</em></span> <span class='ocrx_word' id='word_1_681' title='bbox 865 4758 958 4810; x_wconf 75' lang='grc' dir='ltr'><em>καὶ</em></span> <span class='ocrx_word' id='word_1_682' title='bbox 999 4756 1353 4828; x_wconf 81' lang='grc' dir='ltr'><em>Ἀρταξέρξου</em></span> <span class='ocrx_word' id='word_1_683' title='bbox 1383 4756 1775 4828; x_wconf 80' lang='grc' dir='ltr'><em>φιλανθρώπως</em></span> <span class='ocrx_word' id='word_1_684' title='bbox 1816 4757 1952 4826; x_wconf 79' lang='grc' dir='ltr'><strong><em>χρή-</em></strong></span> 
     </span>
    </p>
   </div>
   <div class='ocr_carea' id='block_1_96' title="bbox 387 4845 1953 4919">
    <p class='ocr_par' dir='ltr' id='par_1_96' title="bbox 387 4845 1953 4919">
     <span class='ocr_line' id='line_1_96' title="bbox 387 4845 1953 4919; baseline -0.002 -16"><span class='ocrx_word' id='word_1_685' title='bbox 387 4849 583 4903; x_wconf 79' lang='grc' dir='ltr'><em>σασθαι</em></span> <span class='ocrx_word' id='word_1_686' title='bbox 608 4848 686 4919; x_wconf 82' lang='grc' dir='ltr'><em>τῷ</em></span> <span class='ocrx_word' id='word_1_687' title='bbox 729 4845 993 4902; x_wconf 86' lang='grc' dir='ltr'><em>Ἰουδαίων</em></span> <span class='ocrx_word' id='word_1_688' title='bbox 1019 4846 1180 4911; x_wconf 78' lang='grc' dir='ltr'><em>ἔθνει,</em></span> <span class='ocrx_word' id='word_1_689' title='bbox 1205 4847 1344 4900; x_wconf 76' lang='grc' dir='ltr'><em>κατὰ</em></span> <span class='ocrx_word' id='word_1_690' title='bbox 1369 4848 1437 4901; x_wconf 84' lang='grc' dir='ltr'><em>τὰ</em></span> <span class='ocrx_word' id='word_1_691' title='bbox 1462 4851 1520 4901; x_wconf 92' lang='grc' dir='ltr'><strong><em>ἐν</em></strong></span> <span class='ocrx_word' id='word_1_692' title='bbox 1548 4851 1614 4918; x_wconf 82' lang='grc' dir='ltr'><em>τῇ</em></span> <span class='ocrx_word' id='word_1_693' title='bbox 1647 4848 1832 4919; x_wconf 81' lang='grc' dir='ltr'><em>Γραφῇ</em></span> <span class='ocrx_word' id='word_1_694' title='bbox 1859 4846 1953 4900; x_wconf 81' lang='grc' dir='ltr'><em>τοῦ</em></span> 
     </span>
    </p>
   </div>
   <div class='ocr_carea' id='block_1_97' title="bbox 391 4937 1955 5011">
    <p class='ocr_par' dir='ltr' id='par_1_97' title="bbox 391 4937 1955 5011">
     <span class='ocr_line' id='line_1_97' title="bbox 391 4937 1955 5011; baseline -0.002 -19"><span class='ocrx_word' id='word_1_695' title='bbox 391 4939 594 5011; x_wconf 86' lang='grc' dir='ltr'><em>Ἔσδρα</em></span> <span class='ocrx_word' id='word_1_696' title='bbox 625 4938 918 5010; x_wconf 79' lang='grc' dir='ltr'><em>φερόμενα.</em></span> <span class='ocrx_word' id='word_1_697' title='bbox 962 4938 1120 4992; x_wconf 85' lang='grc' dir='ltr'><em>Ἀλλὰ</em></span> <span class='ocrx_word' id='word_1_698' title='bbox 1143 4939 1236 4992; x_wconf 79' lang='grc' dir='ltr'><em>καὶ</em></span> <span class='ocrx_word' id='word_1_699' title='bbox 1261 4939 1432 4992; x_wconf 77' lang='grc' dir='ltr'><em>εἰσέτι</em></span> <span class='ocrx_word' id='word_1_700' title='bbox 1458 4937 1554 4993; x_wconf 79' lang='grc' dir='ltr'><em>νῦν</em></span> <span class='ocrx_word' id='word_1_701' title='bbox 1583 4941 1649 5010; x_wconf 76' lang='grc' dir='ltr'><em>τῇ</em></span> <span class='ocrx_word' id='word_1_702' title='bbox 1675 4940 1816 5009; x_wconf 81' lang='grc' dir='ltr'><strong><em>ἀρχῇ</em></strong></span> <span class='ocrx_word' id='word_1_703' title='bbox 1847 4937 1955 4990; x_wconf 89' lang='grc' dir='ltr'><strong><em>τῶν</em></strong></span> 
     </span>
    </p>
   </div>
   <div class='ocr_carea' id='block_1_98' title="bbox 401 5026 1955 5102">
    <p class='ocr_par' dir='ltr' id='par_1_98' title="bbox 401 5026 1955 5102">
     <span class='ocr_line' id='line_1_98' title="bbox 401 5026 1955 5102; baseline -0.002 -19"><span class='ocrx_word' id='word_1_704' title='bbox 401 5030 682 5102; x_wconf 81' lang='grc' dir='ltr'><em>Ῥωμαίων</em></span> <span class='ocrx_word' id='word_1_705' title='bbox 716 5028 1054 5092; x_wconf 78' lang='grc' dir='ltr'><em>δουλεύοντες</em></span> <span class='ocrx_word' id='word_1_706' title='bbox 1082 5031 1139 5083; x_wconf 90' lang='grc' dir='ltr'><strong><em>ἐν</em></strong></span> <span class='ocrx_word' id='word_1_707' title='bbox 1165 5032 1466 5100; x_wconf 82' lang='grc' dir='ltr'><em>οίκτιρμοῖς</em></span> <span class='ocrx_word' id='word_1_708' title='bbox 1493 5030 1835 5100; x_wconf 80' lang='grc' dir='ltr'><em>τυγχάνουσι,</em></span> <span class='ocrx_word' id='word_1_709' title='bbox 1859 5026 1955 5081; x_wconf 81' lang='grc' dir='ltr'><em>τοῦ</em></span> 
     </span>
    </p>
   </div>
   <div class='ocr_carea' id='block_1_99' title="bbox 387 5118 1954 5194">
    <p class='ocr_par' dir='ltr' id='par_1_99' title="bbox 387 5118 1954 5194">
     <span class='ocr_line' id='line_1_99' title="bbox 387 5118 1954 5194; baseline 0 -20"><span class='ocrx_word' id='word_1_710' title='bbox 387 5121 522 5176; x_wconf 77' lang='grc' dir='ltr'><em>Θεοῦ</em></span> <span class='ocrx_word' id='word_1_711' title='bbox 547 5121 705 5176; x_wconf 80' lang='grc' dir='ltr'><em>τοῦτο</em></span> <span class='ocrx_word' id='word_1_712' title='bbox 737 5121 920 5186; x_wconf 81' lang='grc' dir='ltr'><em>αὐτοῖς</em></span> <span class='ocrx_word' id='word_1_713' title='bbox 957 5121 1347 5193; x_wconf 74' lang='grc' dir='ltr'><em>δεδωρημένουο</em></span> <span class='ocrx_word' id='word_1_714' title='bbox 1388 5123 1486 5192; x_wconf 78' lang='grc' dir='ltr'><strong><em>οὐχ</em></strong></span> <span class='ocrx_word' id='word_1_715' title='bbox 1519 5123 1600 5177; x_wconf 84' lang='grc' dir='ltr'><em>ὅτι</em></span> <span class='ocrx_word' id='word_1_716' title='bbox 1625 5118 1764 5194; x_wconf 78' lang='grc' dir='ltr'><em>ἦσαν</em></span> <span class='ocrx_word' id='word_1_717' title='bbox 1793 5121 1954 5186; x_wconf 78' lang='grc' dir='ltr'><em>ἄξιοι,</em></span> 
     </span>
    </p>
   </div>
   <div class='ocr_carea' id='block_1_100' title="bbox 389 5212 1957 5287">
    <p class='ocr_par' dir='ltr' id='par_1_100' title="bbox 389 5212 1957 5287">
     <span class='ocr_line' id='line_1_100' title="bbox 389 5212 1957 5287; baseline 0.002 -21"><span class='ocrx_word' id='word_1_718' title='bbox 389 5214 526 5268; x_wconf 81' lang='grc' dir='ltr'><em>ἀλλὰ</em></span> <span class='ocrx_word' id='word_1_719' title='bbox 550 5215 711 5270; x_wconf 85' lang='grc' dir='ltr'><em>πάλιν</em></span> <span class='ocrx_word' id='word_1_720' title='bbox 737 5215 823 5270; x_wconf 87' lang='grc' dir='ltr'><em>διὰ</em></span> <span class='ocrx_word' id='word_1_721' title='bbox 845 5217 906 5270; x_wconf 85' lang='grc' dir='ltr'><em>τὸ</em></span> <span class='ocrx_word' id='word_1_722' title='bbox 934 5215 1132 5287; x_wconf 83' lang='grc' dir='ltr'><em>πλῆθος</em></span> <span class='ocrx_word' id='word_1_723' title='bbox 1156 5214 1251 5268; x_wconf 81' lang='grc' dir='ltr'><em>τοῦ</em></span> <span class='ocrx_word' id='word_1_724' title='bbox 1279 5214 1478 5278; x_wconf 88' lang='grc' dir='ltr'><em>ἐλέους.</em></span> <span class='ocrx_word' id='word_1_725' title='bbox 1502 5216 1608 5270; x_wconf 88' lang='lat' dir='ltr'><strong><em>Kal</em></strong></span> <span class='ocrx_word' id='word_1_726' title='bbox 1623 5212 1957 5285; x_wconf 78' lang='grc' dir='ltr'><em>μετεϐλήθη</em></span> 
     </span>
    </p>
   </div>
   <div class='ocr_carea' id='block_1_101' title="bbox 2056 4661 3624 4734">
    <p class='ocr_par' dir='ltr' id='par_1_101' title="bbox 2056 4661 3624 4734">
     <span class='ocr_line' id='line_1_101' title="bbox 2056 4661 3624 4734; baseline 0.004 -18"><span class='ocrx_word' id='word_1_727' title='bbox 2056 4665 2163 4733; x_wconf 88' lang='lat' dir='ltr'><strong><em>gis,</em></strong></span> <span class='ocrx_word' id='word_1_728' title='bbox 2193 4671 2246 4718; x_wconf 88' lang='lat' dir='ltr'><strong><em>et</em></strong></span> <span class='ocrx_word' id='word_1_729' title='bbox 2278 4671 2467 4734; x_wconf 86' lang='lat' dir='ltr'><strong><em>postea</em></strong></span> <span class='ocrx_word' id='word_1_730' title='bbox 2498 4661 2647 4717; x_wconf 90' lang='lat' dir='ltr'><strong><em>Darii</em></strong></span> <span class='ocrx_word' id='word_1_731' title='bbox 2676 4670 2732 4718; x_wconf 90' lang='lat' dir='ltr'><strong><em>et</em></strong></span> <span class='ocrx_word' id='word_1_732' title='bbox 2768 4664 3110 4730; x_wconf 82' lang='lat' dir='ltr'><strong><em>Artaxerxis,</em></strong></span> <span class='ocrx_word' id='word_1_733' title='bbox 3154 4672 3213 4720; x_wconf 88' lang='lat' dir='ltr'><strong><em>ut</em></strong></span> <span class='ocrx_word' id='word_1_734' title='bbox 3240 4680 3365 4720; x_wconf 92' lang='lat' dir='ltr'><strong><em>cum</em></strong></span> <span class='ocrx_word' id='word_1_735' title='bbox 3393 4666 3624 4724; x_wconf 79' lang='lat' dir='ltr'><strong><em>Judaica</em></strong></span> 
     </span>
    </p>
   </div>
   <div class='ocr_carea' id='block_1_102' title="bbox 2057 4753 3626 4826">
    <p class='ocr_par' dir='ltr' id='par_1_102' title="bbox 2057 4753 3626 4826">
     <span class='ocr_line' id='line_1_102' title="bbox 2057 4753 3626 4826; baseline 0.004 -18"><span class='ocrx_word' id='word_1_736' title='bbox 2057 4762 2216 4824; x_wconf 89' lang='lat' dir='ltr'><strong><em>gente</em></strong></span> <span class='ocrx_word' id='word_1_737' title='bbox 2242 4753 2474 4823; x_wconf 77' lang='lat' dir='ltr'><strong><em>benigne</em></strong></span> <span class='ocrx_word' id='word_1_738' title='bbox 2498 4763 2738 4823; x_wconf 86' lang='lat' dir='ltr'><strong><em>agerent,</em></strong></span> <span class='ocrx_word' id='word_1_739' title='bbox 2768 4754 3070 4809; x_wconf 88' lang='lat' dir='ltr'><strong><em>secundum</em></strong></span> <span class='ocrx_word' id='word_1_740' title='bbox 3107 4771 3171 4810; x_wconf 87' lang='lat' dir='ltr'><strong><em>ea</em></strong></span> <span class='ocrx_word' id='word_1_741' title='bbox 3199 4771 3320 4826; x_wconf 66' lang='lat' dir='ltr'><strong><em>qua:</em></strong></span> <span class='ocrx_word' id='word_1_742' title='bbox 3352 4758 3407 4812; x_wconf 91' lang='lat' dir='ltr'><strong><em>in</em></strong></span> <span class='ocrx_word' id='word_1_743' title='bbox 3437 4757 3626 4814; x_wconf 70' lang='lat' dir='ltr'><strong><em>Esdrte</em></strong></span> 
     </span>
    </p>
   </div>
   <div class='ocr_carea' id='block_1_103' title="bbox 2059 4844 3627 4914">
    <p class='ocr_par' dir='ltr' id='par_1_103' title="bbox 2059 4844 3627 4914">
     <span class='ocr_line' id='line_1_103' title="bbox 2059 4844 3627 4914; baseline 0.005 -16"><span class='ocrx_word' id='word_1_744' title='bbox 2059 4844 2342 4914; x_wconf 81' lang='lat' dir='ltr'><strong><em>Scriptura</em></strong></span> <span class='ocrx_word' id='word_1_745' title='bbox 2368 4845 2638 4899; x_wconf 82' lang='lat' dir='ltr'><strong><em>feruntur.</em></strong></span> <span class='ocrx_word' id='word_1_746' title='bbox 2664 4844 2996 4911; x_wconf 71' lang='lat' dir='ltr'><strong><em>Quinetiam</em></strong></span> <span class='ocrx_word' id='word_1_747' title='bbox 3039 4863 3184 4902; x_wconf 92' lang='lat' dir='ltr'><strong><em>nunc</em></strong></span> <span class='ocrx_word' id='word_1_748' title='bbox 3233 4847 3484 4905; x_wconf 82' lang='lat' dir='ltr'><strong><em>Romano</em></strong></span> <span class='ocrx_word' id='word_1_749' title='bbox 3529 4850 3627 4905; x_wconf 85' lang='lat' dir='ltr'><strong><em>im-</em></strong></span> 
     </span>
    </p>
   </div>
   <div class='ocr_carea' id='block_1_104' title="bbox 2057 4939 3627 5010">
    <p class='ocr_par' dir='ltr' id='par_1_104' title="bbox 2057 4939 3627 5010">
     <span class='ocr_line' id='line_1_104' title="bbox 2057 4939 3627 5010; baseline 0.005 -19"><span class='ocrx_word' id='word_1_750' title='bbox 2057 4939 2210 5010; x_wconf 75' lang='lat' dir='ltr'><strong><em>perio</em></strong></span> <span class='ocrx_word' id='word_1_751' title='bbox 2253 4946 2509 5008; x_wconf 87' lang='lat' dir='ltr'><strong><em>parentes</em></strong></span> <span class='ocrx_word' id='word_1_752' title='bbox 2549 4939 3022 5002; x_wconf 87' lang='lat' dir='ltr'><strong><em>miserationibus,</em></strong></span> <span class='ocrx_word' id='word_1_753' title='bbox 3070 4939 3182 4995; x_wconf 86' lang='lat' dir='ltr'><strong><em>Deo</em></strong></span> <span class='ocrx_word' id='word_1_754' title='bbox 3220 4949 3476 5008; x_wconf 88' lang='lat' dir='ltr'><strong><em>auctore,</em></strong></span> <span class='ocrx_word' id='word_1_755' title='bbox 3528 4943 3627 4998; x_wconf 87' lang='lat' dir='ltr'><strong><em>do-</em></strong></span> 
     </span>
    </p>
   </div>
   <div class='ocr_carea' id='block_1_105' title="bbox 2059 5028 3627 5106">
    <p class='ocr_par' dir='ltr' id='par_1_105' title="bbox 2059 5028 3627 5106">
     <span class='ocr_line' id='line_1_105' title="bbox 2059 5028 3627 5106; baseline 0.002 -23"><span class='ocrx_word' id='word_1_756' title='bbox 2059 5037 2260 5083; x_wconf 80' lang='lat' dir='ltr'><strong><em>nantur</em></strong></span> <span class='ocrx_word' id='word_1_757' title='bbox 2291 5045 2304 5106; x_wconf 68' lang='grc' dir='ltr'>ς</span> <span class='ocrx_word' id='word_1_758' title='bbox 2340 5045 2449 5082; x_wconf 90' lang='lat' dir='ltr'><strong><em>non</em></strong></span> <span class='ocrx_word' id='word_1_759' title='bbox 2484 5028 2626 5099; x_wconf 90' lang='lat' dir='ltr'><strong><em>quod</em></strong></span> <span class='ocrx_word' id='word_1_760' title='bbox 2651 5029 2800 5099; x_wconf 91' lang='lat' dir='ltr'><strong><em>digni</em></strong></span> <span class='ocrx_word' id='word_1_761' title='bbox 2839 5030 2984 5095; x_wconf 89' lang='lat' dir='ltr'><strong><em>sint;</em></strong></span> <span class='ocrx_word' id='word_1_762' title='bbox 3016 5029 3110 5085; x_wconf 88' lang='lat' dir='ltr'><strong><em>sed</em></strong></span> <span class='ocrx_word' id='word_1_763' title='bbox 3141 5030 3211 5084; x_wconf 92' lang='lat' dir='ltr'><strong><em>ob</em></strong></span> <span class='ocrx_word' id='word_1_764' title='bbox 3237 5031 3627 5086; x_wconf 65' lang='lat' dir='ltr'><strong><em>misericordiae</em></strong></span> 
     </span>
    </p>
   </div>
   <div class='ocr_carea' id='block_1_106' title="bbox 2059 5121 3628 5192">
    <p class='ocr_par' dir='ltr' id='par_1_106' title="bbox 2059 5121 3628 5192">
     <span class='ocr_line' id='line_1_106' title="bbox 2059 5121 3628 5192; baseline 0.004 -19"><span class='ocrx_word' id='word_1_765' title='bbox 2059 5121 2180 5187; x_wconf 81' lang='lat' dir='ltr'><strong><em>ejus</em></strong></span> <span class='ocrx_word' id='word_1_766' title='bbox 2211 5121 2660 5192; x_wconf 81' lang='lat' dir='ltr'><strong><em>magnitudinem.</em></strong></span> <span class='ocrx_word' id='word_1_767' title='bbox 2681 5121 2749 5174; x_wconf 87' lang='lat' dir='ltr'><strong><em>Et</em></strong></span> <span class='ocrx_word' id='word_1_768' title='bbox 2764 5122 3002 5191; x_wconf 69' lang='lat' dir='ltr'><strong><em>paenituit</em></strong></span> <span class='ocrx_word' id='word_1_769' title='bbox 3025 5138 3144 5176; x_wconf 92' lang='lat' dir='ltr'><strong><em>eum</em></strong></span> <span class='ocrx_word' id='word_1_770' title='bbox 3177 5123 3462 5178; x_wconf 87' lang='lat' dir='ltr'><strong><em>secundum</em></strong></span> <span class='ocrx_word' id='word_1_771' title='bbox 3488 5128 3628 5179; x_wconf 88' lang='lat' dir='ltr'><strong><em>mul-</em></strong></span> 
     </span>
    </p>
   </div>
   <div class='ocr_carea' id='block_1_107' title="bbox 2063 5212 3626 5274">
    <p class='ocr_par' dir='ltr' id='par_1_107' title="bbox 2063 5212 3626 5274">
     <span class='ocr_line' id='line_1_107' title="bbox 2063 5212 3626 5274; baseline 0.005 -8"><span class='ocrx_word' id='word_1_772' title='bbox 2063 5212 2342 5267; x_wconf 81' lang='lat' dir='ltr'><strong><em>titudinem</em></strong></span> <span class='ocrx_word' id='word_1_773' title='bbox 2405 5213 2781 5269; x_wconf 69' lang='lat' dir='ltr'><strong><em>misericordiae</em></strong></span> <span class='ocrx_word' id='word_1_774' title='bbox 2831 5230 2962 5270; x_wconf 68' lang='lat' dir='ltr'><strong><em>sua.</em></strong></span> <span class='ocrx_word' id='word_1_775' title='bbox 3017 5214 3397 5271; x_wconf 74' lang='lat' dir='ltr'><strong><em>Paenitentiam</em></strong></span> <span class='ocrx_word' id='word_1_776' title='bbox 3445 5225 3626 5274; x_wconf 89' lang='lat' dir='ltr'><strong><em>autem</em></strong></span> 
     </span>
    </p>
   </div>
   <div class='ocr_carea' id='block_1_108' title="bbox 391 5304 1933 5381">
    <p class='ocr_par' dir='ltr' id='par_1_108' title="bbox 391 5304 1933 5378">
     <span class='ocr_line' id='line_1_108' title="bbox 391 5304 1933 5378; baseline 0.001 -20"><span class='ocrx_word' id='word_1_777' title='bbox 391 5304 542 5359; x_wconf 86' lang='grc' dir='ltr'><em>κατὰ</em></span> <span class='ocrx_word' id='word_1_778' title='bbox 581 5306 645 5360; x_wconf 81' lang='grc' dir='ltr'><em>τὸ</em></span> <span class='ocrx_word' id='word_1_779' title='bbox 685 5306 918 5376; x_wconf 80' lang='grc' dir='ltr'><em>πλῆθος</em></span> <span class='ocrx_word' id='word_1_780' title='bbox 948 5307 1054 5362; x_wconf 87' lang='grc' dir='ltr'><em>τοῦ</em></span> <span class='ocrx_word' id='word_1_781' title='bbox 1088 5308 1299 5374; x_wconf 82' lang='grc' dir='ltr'><em>ἐλέους</em></span> <span class='ocrx_word' id='word_1_782' title='bbox 1344 5306 1548 5362; x_wconf 78' lang='grc' dir='ltr'><em>αὐτοῦ.</em></span> <span class='ocrx_word' id='word_1_783' title='bbox 1585 5307 1933 5378; x_wconf 64' lang='grc' dir='ltr'><em>Μεταμέλειαί</em></span> 
     </span>
    </p>
   </div>
   <div class='ocr_carea' id='block_1_109' title="bbox 2035 5304 3627 5381">
    <p class='ocr_par' dir='ltr' id='par_1_109' title="bbox 2060 5305 3627 5381">
     <span class='ocr_line' id='line_1_109' title="bbox 2060 5305 3627 5381; baseline 0.006 -24"><span class='ocrx_word' id='word_1_784' title='bbox 2060 5312 2222 5358; x_wconf 81' lang='lat' dir='ltr'><strong><em>vocat</em></strong></span> <span class='ocrx_word' id='word_1_785' title='bbox 2259 5305 2632 5378; x_wconf 77' lang='lat' dir='ltr'><strong><em>castigationis</em></strong></span> <span class='ocrx_word' id='word_1_786' title='bbox 2673 5307 3058 5363; x_wconf 90' lang='lat' dir='ltr'><strong><em>cessationem.</em></strong></span> <span class='ocrx_word' id='word_1_787' title='bbox 3089 5307 3232 5364; x_wconf 86' lang='lat' dir='ltr'><strong><em>Deus</em></strong></span> <span class='ocrx_word' id='word_1_788' title='bbox 3278 5309 3480 5381; x_wconf 88' lang='lat' dir='ltr'><strong><em>quippe</em></strong></span> <span class='ocrx_word' id='word_1_789' title='bbox 3507 5326 3627 5380; x_wconf 71' lang='lat' dir='ltr'><strong><em>poe-</em></strong></span> 
     </span>
    </p>
   </div>
   <div class='ocr_carea' id='block_1_110' title="bbox 393 5393 1933 5471">
    <p class='ocr_par' dir='ltr' id='par_1_110' title="bbox 393 5393 1933 5469">
     <span class='ocr_line' id='line_1_110' title="bbox 393 5393 1933 5469; baseline 0.011 -23"><span class='ocrx_word' id='word_1_790' title='bbox 393 5393 452 5446; x_wconf 83' lang='grc' dir='ltr'><em>δὲ</em></span> <span class='ocrx_word' id='word_1_791' title='bbox 482 5394 636 5448; x_wconf 84' lang='grc' dir='ltr'><em>καλεῖ</em></span> <span class='ocrx_word' id='word_1_792' title='bbox 666 5395 766 5465; x_wconf 84' lang='grc' dir='ltr'><em>τῆς</em></span> <span class='ocrx_word' id='word_1_793' title='bbox 797 5397 1044 5462; x_wconf 87' lang='grc' dir='ltr'><em>παιδείας</em></span> <span class='ocrx_word' id='word_1_794' title='bbox 1073 5399 1171 5469; x_wconf 78' lang='grc' dir='ltr'><em>τὴν</em></span> <span class='ocrx_word' id='word_1_795' title='bbox 1199 5397 1427 5452; x_wconf 80' lang='grc' dir='ltr'><em>παῦλαν.</em></span> <span class='ocrx_word' id='word_1_796' title='bbox 1467 5397 1526 5451; x_wconf 91' lang='lat'><strong>&#39;0</strong></span> <span class='ocrx_word' id='word_1_797' title='bbox 1557 5397 1667 5468; x_wconf 85' lang='grc' dir='ltr'><strong><em>γὰρ</em></strong></span> <span class='ocrx_word' id='word_1_798' title='bbox 1701 5396 1829 5461; x_wconf 80' lang='grc' dir='ltr'><strong><em>Θεὸς</em></strong></span> <span class='ocrx_word' id='word_1_799' title='bbox 1861 5396 1933 5468; x_wconf 51' lang='grc' dir='ltr'><em>τῆι</em></span> 
     </span>
    </p>
   </div>
   <div class='ocr_carea' id='block_1_111' title="bbox 2035 5393 3626 5471">
    <p class='ocr_par' dir='ltr' id='par_1_111' title="bbox 2061 5396 3626 5471">
     <span class='ocr_line' id='line_1_111' title="bbox 2061 5396 3626 5471; baseline 0.003 -20"><span class='ocrx_word' id='word_1_800' title='bbox 2061 5396 2307 5452; x_wconf 66' lang='lat' dir='ltr'><strong><em>nitentia:</em></strong></span> <span class='ocrx_word' id='word_1_801' title='bbox 2335 5397 2588 5454; x_wconf 72' lang='lat' dir='ltr'><strong><em>affectum</em></strong></span> <span class='ocrx_word' id='word_1_802' title='bbox 2624 5397 2826 5455; x_wconf 84' lang='lat' dir='ltr'><strong><em>habere</em></strong></span> <span class='ocrx_word' id='word_1_803' title='bbox 2850 5399 3040 5470; x_wconf 86' lang='lat' dir='ltr'><strong><em>nequit</em></strong></span> <span class='ocrx_word' id='word_1_804' title='bbox 3071 5419 3085 5456; x_wconf 92' lang='lat'><strong>:</strong></span> <span class='ocrx_word' id='word_1_805' title='bbox 3118 5417 3295 5471; x_wconf 79' lang='lat' dir='ltr'><strong><em>neque</em></strong></span> <span class='ocrx_word' id='word_1_806' title='bbox 3325 5401 3487 5456; x_wconf 89' lang='lat' dir='ltr'><strong><em>modo</em></strong></span> <span class='ocrx_word' id='word_1_807' title='bbox 3518 5403 3626 5470; x_wconf 90' lang='lat' dir='ltr'><strong><em>his,</em></strong></span> 
     </span>
    </p>
   </div>
   <div class='ocr_carea' id='block_1_112' title="bbox 398 5485 1960 5560">
    <p class='ocr_par' dir='ltr' id='par_1_112' title="bbox 398 5485 1960 5560">
     <span class='ocr_line' id='line_1_112' title="bbox 398 5485 1960 5560; baseline 0.004 -24"><span class='ocrx_word' id='word_1_808' title='bbox 398 5485 758 5555; x_wconf 84' lang='grc' dir='ltr'><em>μεταμελείας</em></span> <span class='ocrx_word' id='word_1_809' title='bbox 785 5488 885 5541; x_wconf 83' lang='grc' dir='ltr'><em>οὐκ</em></span> <span class='ocrx_word' id='word_1_810' title='bbox 904 5487 1016 5560; x_wconf 75' lang='grc' dir='ltr'><em>ἔχει</em></span> <span class='ocrx_word' id='word_1_811' title='bbox 1043 5490 1106 5543; x_wconf 87' lang='grc' dir='ltr'><em>τὸ</em></span> <span class='ocrx_word' id='word_1_812' title='bbox 1125 5489 1314 5552; x_wconf 82' lang='grc' dir='ltr'><em>πάθος,</em></span> <span class='ocrx_word' id='word_1_813' title='bbox 1336 5488 1457 5542; x_wconf 78' lang='grc' dir='ltr'><em>οὐδὲ</em></span> <span class='ocrx_word' id='word_1_814' title='bbox 1485 5488 1578 5542; x_wconf 80' lang='grc' dir='ltr'><em>νῦν</em></span> <span class='ocrx_word' id='word_1_815' title='bbox 1607 5489 1704 5559; x_wconf 84' lang='grc' dir='ltr'><em>μὲν</em></span> <span class='ocrx_word' id='word_1_816' title='bbox 1731 5487 1960 5553; x_wconf 85' lang='grc' dir='ltr'><em>τούτοις,</em></span> 
     </span>
    </p>
   </div>
   <div class='ocr_carea' id='block_1_113' title="bbox 396 5574 1965 5654">
    <p class='ocr_par' dir='ltr' id='par_1_113' title="bbox 396 5574 1965 5654">
     <span class='ocr_line' id='line_1_113' title="bbox 396 5574 1965 5654; baseline 0.004 -27"><span class='ocrx_word' id='word_1_817' title='bbox 396 5574 491 5628; x_wconf 80' lang='grc' dir='ltr'><em>νῦν</em></span> <span class='ocrx_word' id='word_1_818' title='bbox 523 5577 581 5630; x_wconf 84' lang='grc' dir='ltr'><em>δὲ</em></span> <span class='ocrx_word' id='word_1_819' title='bbox 608 5577 837 5644; x_wconf 88' lang='grc' dir='ltr'><em>ἐκείνοις</em></span> <span class='ocrx_word' id='word_1_820' title='bbox 864 5581 1177 5654; x_wconf 82' lang='grc' dir='ltr'><em>ἀρέσκεται,</em></span> <span class='ocrx_word' id='word_1_821' title='bbox 1209 5581 1342 5635; x_wconf 79' lang='grc' dir='ltr'><em>ἀλλὰ</em></span> <span class='ocrx_word' id='word_1_822' title='bbox 1372 5581 1550 5650; x_wconf 67' lang='grc' dir='ltr'><em>σοφῶς</em></span> <span class='ocrx_word' id='word_1_823' title='bbox 1582 5582 1795 5636; x_wconf 77' lang='grc' dir='ltr'><em>ἅπαντα</em></span> <span class='ocrx_word' id='word_1_824' title='bbox 1829 5599 1965 5653; x_wconf 87' lang='grc' dir='ltr'><em>πρυ-</em></span> 
     </span>
    </p>
   </div>
   <div class='ocr_carea' id='block_1_114' title="bbox 2063 5489 3628 5566">
    <p class='ocr_par' dir='ltr' id='par_1_114' title="bbox 2063 5489 3628 5566">
     <span class='ocr_line' id='line_1_114' title="bbox 2063 5489 3628 5566; baseline 0.005 -24"><span class='ocrx_word' id='word_1_825' title='bbox 2063 5490 2226 5545; x_wconf 88' lang='lat' dir='ltr'><strong><em>modo</em></strong></span> <span class='ocrx_word' id='word_1_826' title='bbox 2246 5489 2589 5566; x_wconf 39' lang='lat' dir='ltr'><strong><em>illisoplacita</em></strong></span> <span class='ocrx_word' id='word_1_827' title='bbox 2620 5490 2766 5559; x_wconf 90' lang='lat' dir='ltr'><strong><em>edit;</em></strong></span> <span class='ocrx_word' id='word_1_828' title='bbox 2801 5491 2896 5547; x_wconf 86' lang='lat' dir='ltr'><strong><em>sed</em></strong></span> <span class='ocrx_word' id='word_1_829' title='bbox 2917 5492 3192 5563; x_wconf 76' lang='lat' dir='ltr'><strong><em>sapienter</em></strong></span> <span class='ocrx_word' id='word_1_830' title='bbox 3227 5493 3410 5548; x_wconf 88' lang='lat' dir='ltr'><strong><em>omnia</em></strong></span> <span class='ocrx_word' id='word_1_831' title='bbox 3439 5495 3628 5550; x_wconf 88' lang='lat' dir='ltr'><strong><em>mode-</em></strong></span> 
     </span>
    </p>
   </div>
   <div class='ocr_carea' id='block_1_115' title="bbox 2065 5582 3632 5654">
    <p class='ocr_par' dir='ltr' id='par_1_115' title="bbox 2065 5582 3632 5654">
     <span class='ocr_line' id='line_1_115' title="bbox 2065 5582 3632 5654; baseline 0.007 -21"><span class='ocrx_word' id='word_1_832' title='bbox 2065 5595 2214 5645; x_wconf 87' lang='lat' dir='ltr'><strong><em>rans,</em></strong></span> <span class='ocrx_word' id='word_1_833' title='bbox 2255 5590 2309 5639; x_wconf 88' lang='lat' dir='ltr'><strong><em>et</em></strong></span> <span class='ocrx_word' id='word_1_834' title='bbox 2340 5582 2726 5654; x_wconf 83' lang='lat' dir='ltr'><strong><em>castigationes</em></strong></span> <span class='ocrx_word' id='word_1_835' title='bbox 2771 5583 3002 5652; x_wconf 87' lang='lat' dir='ltr'><strong><em>inducit,</em></strong></span> <span class='ocrx_word' id='word_1_836' title='bbox 3053 5593 3106 5641; x_wconf 89' lang='lat' dir='ltr'><strong><em>et</em></strong></span> <span class='ocrx_word' id='word_1_837' title='bbox 3149 5585 3492 5643; x_wconf 81' lang='lat' dir='ltr'><strong><em>clementiam</em></strong></span> <span class='ocrx_word' id='word_1_838' title='bbox 3541 5601 3632 5644; x_wconf 74' lang='lat' dir='ltr'><strong><em>ex-</em></strong></span> 
     </span>
    </p>
   </div>
   <div class='ocr_carea' id='block_1_116' title="bbox 395 5665 2234 5746">
    <p class='ocr_par' dir='ltr' id='par_1_116' title="bbox 395 5665 2234 5746">
     <span class='ocr_line' id='line_1_116' title="bbox 395 5665 2234 5746; baseline 0.005 -29"><span class='ocrx_word' id='word_1_839' title='bbox 395 5665 675 5737; x_wconf 81' lang='grc' dir='ltr'><em>τανεύων,</em></span> <span class='ocrx_word' id='word_1_840' title='bbox 725 5671 820 5726; x_wconf 81' lang='grc' dir='ltr'><em>καὶ</em></span> <span class='ocrx_word' id='word_1_841' title='bbox 868 5671 1113 5737; x_wconf 88' lang='grc' dir='ltr'><em>παιδείας</em></span> <span class='ocrx_word' id='word_1_842' title='bbox 1162 5673 1356 5742; x_wconf 70' lang='grc' dir='ltr'><em>ἐπάγει</em></span> <span class='ocrx_word' id='word_1_843' title='bbox 1408 5675 1503 5729; x_wconf 76' lang='grc' dir='ltr'><em>καὶ</em></span> <span class='ocrx_word' id='word_1_844' title='bbox 1559 5671 1964 5746; x_wconf 76' lang='grc' dir='ltr'><em>φιλανθρωπίας</em></span> <span class='ocrx_word' id='word_1_845' title='bbox 2065 5673 2234 5730; x_wconf 83' lang='lat' dir='ltr'><strong><em>bibet.</em></strong></span> 
     </span>
    </p>
   </div>
   <div class='ocr_carea' id='block_1_117' title="bbox 399 5752 600 5824">
    <p class='ocr_par' dir='ltr' id='par_1_117' title="bbox 399 5752 600 5824">
     <span class='ocr_line' id='line_1_117' title="bbox 399 5752 600 5824; baseline 0.025 -20"><span class='ocrx_word' id='word_1_846' title='bbox 399 5752 600 5824; x_wconf 82' lang='grc' dir='ltr'><em>ὀρέγει.</em></span> 
     </span>
    </p>
   </div>
  </div>
