4102 6396
520 300 657 358 1319

1223 294 1492 354 unseen
1529 285 2012 353 CESARIENSIS
2047 295 2199 351 ore.
2238 270 2441 350 pans'
2462 292 2552 351 ιιι.
2581 324 2653 335 -
2690 284 3102 349 exsomnes.

3633 289 3773 343 meo

589 411 752 469 Vens.
793 411 885 475 47,
914 411 1002 466 48.
1032 410 1220 466 Salvos
1267 427 1361 466 nos
1387 410 1496 480 fac,
1540 410 1767 463 Domine
1809 408 1952 465 Deus
1994 425 2087 463 no-

2259 405 2472 461 Σῶσον
2492 404 2672 477 ἡμᾶς,
2696 407 2874 472 Κύριε
2898 407 2932 458 δ
2967 402 3113 470 Θεὸς
3138 402 3327 473 ἡμῶν,
3370 399 3474 455 καὶ
3520 400 3775 454 ἐπισυν-

517 514 647 569 ater,
673 514 724 559 et
755 520 1013 575 congrega
1051 520 1145 558 nos
1173 501 1237 556 de
1277 500 1604 560 nationibus,
1648 509 1708 555 ut
1740 502 2091 571 conﬁteamur

519 598 723 651 nomini
749 605 933 651 sancto
968 605 1079 658 tuo,
1110 604 1161 649 et
1189 594 1479 664 gloriemur
1512 593 1567 646 in
1593 594 1749 646 laude
1780 601 1893 647 tua.
1921 593 2091 649 Bene-

516 689 690 743 dictus
738 688 996 744 Dominus
1027 688 1169 743 Deus
1205 686 1404 753 Israel,
1444 704 1478 741 a
1521 686 1718 742 sazculo
1754 697 1805 741 et
1843 704 2006 758 usque
2035 688 2092 741 in

517 780 791 847 saeculum,
808 792 857 837 et
873 766 1011 835 dicet
1032 780 1468 851 omnistopulus,
1500 779 1648 845 Fiat,
1668 780 1788 850 ﬁat.
1812 779 2093 837 Docentur

518 881 712 946 rogare
751 874 813 929 ut
849 874 917 929 de
964 873 1220 944 gentibus
1265 880 1698 944 congregemur;
1738 880 1796 927 ut
1836 874 1922 929 vel
1967 889 2093 931 sero

515 965 734 1020 tandem
766 981 796 1020 a
831 965 1176 1035 dispersione
1205 965 1421 1020 liberali
1454 965 1508 1019 in
1540 982 1712 1020 unum
1737 966 2089 1023 conveniant.

515 1056 671 1125 Quod
700 1057 873 1114 Judaei
913 1059 1130 1130 quidem
1165 1060 1218 1113 in
1254 1060 1509 1129 praesenti
1539 1060 1649 1115 vita
1688 1058 1933 1115 futurum
1968 1076 2093 1117 esse

514 1148 812 1213 somniant,
840 1163 964 1204 cum
1008 1158 1205 1203 unctus
1237 1148 1372 1219 ipsis
1396 1149 1592 1204 aderit.
1616 1148 1728 1205 Nos
1751 1156 1954 1215 autem,
1976 1150 2089 1221 jam

516 1239 801 1297 Salvatore
828 1249 1018 1297 nostro
1044 1241 1360 1295 hominibus
1394 1241 1767 1309 illucescente,
1790 1242 2094 1297 multitudi-

513 1346 639 1386 nem
686 1332 992 1387 animarum
1030 1348 1097 1388 ex
1148 1332 1406 1387 omnibus
1453 1308 1706 1401 gentibus
1737 1333 1793 1389 in
1839 1334 1957 1389 dies
1987 1334 2092 1389 sub

514 1420 609 1477 Dei
644 1416 785 1477 Filio
816 1430 1267 1495 congregatarum
1291 1423 1540 1480 videmus
1566 1444 1579 1478 :
1612 1440 1735 1496 qua:
1766 1424 1854 1479 hic
1883 1440 2094 1495 praepa-

512 1522 710 1571 rantur
737 1516 804 1569 ad
839 1516 1119 1571 meliorem
1162 1516 1643 1587 congregationem
1686 1516 1741 1570 in
1770 1530 1939 1587 regno
1978 1530 2093 1571 cm—

512 1607 693 1663 icrum
732 1607 1059 1672 habendam,
1088 1622 1252 1678 quam
1284 1622 1412 1663 vere
1446 1620 1694 1664 sanetam
1722 1608 1841 1665 fore
1862 1611 2093 1679 promit-

512 1700 600 1756 tit.
632 1699 948 1755 Benedictus
971 1699 1231 1755 Dominus
1253 1699 1394 1756 Deus
1426 1698 1600 1755 Israel
1623 1717 1657 1755 a
1681 1700 1877 1756 saeculo
1907 1711 1957 1755 et
1984 1717 2091 1755 us-

2193 499 2387 572 άγαγε
2401 497 2561 570 ἡμᾶς
2573 499 2643 552 ἐκ
2669 498 2788 552 τῶν
2815 496 3027 559 ἐθνῶν,
3051 496 3158 549 τοῦ
3173 492 3663 565 ἐξομολογεῖσθαι
3692 493 3774 558 τῷ

2192 593 2437 664 ὀνόματί
2468 606 2585 647 σου
2619 590 2700 657 τῷ
2726 591 2892 661 ἁγίῳ,
2916 589 3023 643 τοῦ
3053 588 3462 659 ὲγκαυχᾶσθαι
3486 587 3555 641 ἑν
3584 585 3659 656 τῇ
3685 588 3775 639 αἱ·

2191 685 2358 740 νέσει
2403 698 2542 738 σου.
2597 681 2944 753 Εὐλογητὸς
2989 681 3208 748 Κύριος
3254 682 3289 734 ὁ
3334 677 3479 744 Θεὸς
3533 676 3775 746 Ἰσραὴλ

2191 775 2310 830 ἀπὸ
2342 774 2449 830 τοῦ
2478 771 2693 839 αἰῶνος
2720 772 2820 827 καί
2849 771 2961 838 ἕως
2988 770 3095 825 τοῦ
3114 767 3348 834 αἰῶνος.
3377 767 3490 823 Καὶ
3511 765 3636 835 ἐρεῖ
3652 763 3775 833 πᾶς

2193 864 2226 914 ό
2264 861 2436 928 λαὸς,
2494 861 2755 926 Γένοιτο,
2800 858 3050 929 γένοιτο.
3112 857 3464 912 Διδάσκονται
3516 855 3774 927 εὔχεσθαι

2190 956 2373 1026 τυχεῖν
2410 954 2507 1024 τῆς
2544 952 2653 1007 ἀπὸ
2683 952 2791 1006 τῶν
2822 951 2989 1005 ἐθνῶν
3021 949 3367 1020 συναγωγῆς,
3407 949 3473 1003 ἵν’
3503 949 3605 1020 ἤδη
3641 946 3775 1001 ποτέ

2191 1049 2290 1119 τῆς
2308 1047 2606 1117 διασπορᾶς
2626 1043 3030 1113 ἀπαλλαγέντες
3062 1041 3155 1095 ἐπὶ
3173 1042 3235 1095 τὸ
3260 1040 3391 1094 αὐτὸ
3414 1040 3771 1110 συναχθῶσινο

2191 1138 2328 1210 ὅπερ
2378 1137 2618 1191 Ἰουδαῖοι
2668 1135 2767 1207 μὲν
2797 1131 3158 1204 φαντάζονται
3200 1131 3414 1203 μέλλειν
3455 1130 3673 1184 ἔσεσθαι
3716 1131 3776 1183 ἐν

2190 1229 2271 1300 τῷ
2309 1228 2534 1301 παρόντι
2572 1227 2692 1300 βίῳ,
2731 1225 3049 1288 ἐπιστάντος
3080 1225 3262 1288 αὐτοῖς
3295 1221 3391 1276 τοῦ
3422 1222 3774 1294 ῆλειμμένου·

2192 1324 2353 1394 ἡμεῖς
2390 1322 2466 1385 δὲ,
2504 1321 2604 1392 ἤδη
2641 1319 2736 1373 τοῦ
2766 1320 3013 1391 Σωτῆρος
3041 1315 3200 1389 ἡμῶν
3244 1315 3651 1386 ἐπιλάμψαντος
3682 1316 3780 1369 ἀνα

2193 1412 2454 1484 θρώποις,
2498 1413 2714 1484 ὁρῶμεν
2753 1414 2819 1466 ἐκ
2854 1413 3071 1465 πάντων
3111 1409 3218 1462 τῶν
3260 1409 3430 1463 ἐθνῶν
3470 1408 3529 1463 τὸ
3576 1408 3780 1479 πλῆθος

2192 1509 2303 1562 τῶν
2330 1508 2598 1580 ὁσημέραι
2624 1504 2730 1560 ὑπὸ
2752 1508 2843 1561 τὸν
2867 1506 2963 1560 τοῦ
2985 1504 3119 1559 Θεοῦ
3144 1504 3272 1557 Υἱὺν
3297 1504 3780 1575 ἐπισυναγομένων

2191 1598 2402 1671 ψυχῶν,
2430 1598 2677 1652 ἐντεῦθέν
2698 1615 2757 1651 τε
2781 1595 3352 1669 παρασκευαζομένων
3374 1594 3466 1648 ἐπὶ
3485 1594 3583 1666 τὴν
3603 1594 3782 1665 κρείτο

2193 1710 2322 1746 τονα
2354 1690 2770 1761 ἐπισυναγωγὴν
2809 1690 2909 1761 τῆς
2935 1688 3044 1742 τῶν
3071 1685 3316 1759 οὐρανῶν
3350 1685 3649 1758 βασιλείας,
3683 1685 3783 1756 ἦν·

512 1806 610 1847 (ue
632 1792 687 1846 in
713 1796 993 1848 saeculum.
1028 1791 1098 1846 Et
1129 1792 1265 1849 dicet
1300 1793 1473 1848 omnis
1511 1792 1762 1863 populus,
1794 1791 1944 1859 Fiat,
1967 1794 2087 1862 ﬁat.

2191 1801 2313 1837 τινα
2350 1781 2564 1853 ἀληθῶς
2596 1753 2769 1851 ⁷ἁγίαν
2815 1753 3231 1850 ἐπαγγέλλεται.
3272 1753 3624 1848 Εὐλογητὸς
3664 1753 3783 1832 Κύ-

512 1884 893 1956 Congruenter
926 1885 1191 1958 Apostolo
1210 1886 1415 1942 dicenti
1443 1905 1456 1941 :
1488 1883 1557 1942 In
1583 1887 1729 1941 omni
1749 1886 1955 1957 gratias
1979 1887 2093 1957 agi-

514 1976 643 2039 te",
668 1975 783 2044 jam
818 1991 1001 2032 sermo
1037 1977 1220 2040 docet,
1251 1991 1466 2047 semper
1496 1974 1727 2030 Domino
1765 1976 2093 2031 benedicen-

511 2066 641 2124 dum
672 2083 816 2134 esse,
842 2070 958 2125 sive
984 2069 1333 2134 misereatur,
1366 2070 1484 2125 sive
1525 2068 1775 2139 castiget,
1801 2068 1916 2123 sive
1944 2069 2093 2124 salu-

512 2168 623 2217 tem
651 2160 949 2232 impertiat.

1042 2416 1410 2474 ALLELUIA.
1426 2415 1561 2476 CVI.
2042 2478 2047 2483 .

583 2502 755 2567 VERS.
791 2511 908 2567 1-4.
953 2509 1292 2582 Cou/itemini
1337 2512 1583 2577 Domino,
1613 2513 1863 2583 quoniam
1897 2510 2085 2573 bonus.

510 2604 761 2658 auoniam
790 2603 845 2657 in
874 2605 1130 2657 swculum
1175 2604 1544 2658 misericordia
1584 2604 1723 2672 ejus.
1767 2603 1960 2658 Dicant
1999 2601 2090 2672 qui

511 2693 767 2765 redempti
794 2702 917 2748 sunt
945 2711 978 2747 a
1002 2693 1249 2758 Domino,
1287 2712 1416 2765 quos
1458 2693 1677 2748 redemit
1705 2692 1770 2748 de
1799 2710 1958 2747 manu
1983 2693 2090 2747 ini-

510 2786 790 2849 micorum,
836 2793 887 2840 et
932 2784 996 2840 de
1044 2786 1343 2855 regionibus
1400 2788 1729 2856 congregavit
1767 2802 1853 2840 eos
1888 2802 1920 2839 a
1960 2783 2089 2839 solis

510 2889 632 2933 ortu
664 2887 715 2933 et
767 2892 982 2945 occasu,
1014 2878 1079 2931 ab
1116 2876 1374 2949 Aquilone
1398 2886 1447 2931 et
1480 2880 1657 2932 mari:
1683 2886 1989 2931 erraverunt
2034 2875 2088 2929 in

509 2969 821 3035 solitudine,
867 2971 923 3023 in
964 2971 1242 3041 inaquoso.
1286 2968 1519 3023 Domino
1561 2968 1929 3023 conﬁtendum
1982 2974 2086 3029 est,

2185 1893 2317 1946 ριος
2349 1878 2382 1930 ὁ
2416 1874 2561 1941 Θεὸς
2599 1872 2838 1942 Ἰσραὴλ
2866 1873 2985 1928 ἀπὸ
3013 1873 3118 1927 τοῦ
3150 1870 3358 1937 αἰῶνος
3400 1871 3500 1924 καὶ
3535 1869 3647 1936 ἕως
3670 1869 3781 1924 ⁴εὀῧ

2192 1964 2429 2032 αἰῶνος.
2470 1965 2582 2019 Καὶ
2628 1964 2757 2033 ἐρεῖ
2788 1963 2909 2031 πᾶς
2944 1966 2977 2017 ὀ
3011 1963 3182 2029 λαός,
3226 1962 3491 2028 Γένοιτο,
3524 1960 3778 2029 γένοιτο.

2205 2058 2539 2123 Ἀκολούθως
2562 2056 2640 2128 τῷ
2668 2054 2974 2127 Ἀποστόλῳ
2999 2057 3254 2127 φήσαντι·
3283 2056 3386 2109 Ἐν
3399 2053 3583 2107 παντί
3597 2056 3782 2123 εὐχαῖς

2184 2151 2515 2220 ριστεῖσθε,
2539 2152 2636 2205 καὶ
2655 2150 2750 2204 νῦν
2769 2150 2798 2202 ό
2821 2149 2979 2218 λόγος
3006 2147 3270 2212 διδάσκει,
3289 2146 3519 2200 πάντοτε
3538 2145 3781 2215 εὐλογεῖν

2194 2243 2286 2299 τὸν
2305 2244 2531 2315 Κύριον,
2563 2243 2656 2297 καὶ
2677 2244 2762 2313 ἐφ’
2786 2236 2868 2305 οἷς
2888 2240 3028 2295 ἐλεεῖ
3048 2240 3141 2295 καὶ
3169 2241 3253 2310 ἐφ’
3277 2237 3357 2305 οἷς
3390 2238 3658 2301 παιδεύει,
3686 2240 3781 2293 καὶ

2197 2338 2283 2407 ἐφ’
2318 2331 2402 2401 οἷς
2432 2335 2614 2400 σώζει.

2681 2422 3107 2476 ᾹΛΛΗΛΟΥἸΑ.
3148 2421 3287 2489 ΡΕΓ.

2280 2512 2765 2586 Ἑξομολογεῖσθε
2788 2510 2869 2578 τῷ
2892 2511 3104 2581 Κυρίῳ,
3130 2511 3221 2567 ὅτι
3248 2508 3539 2581 χρηστὸς,
3568 2508 3659 2563 ὅτι
3690 2512 3778 2576 εἰς

2191 2610 2301 2663 τὸν
2337 2607 2527 2662 αὶῶνα
2565 2605 2632 2659 τὸ
2670 2605 2843 2670 ἕλεος
2874 2602 3082 2658 αὐτοῦ.
3117 2601 3479 2657 Ειπάτωσαν
3511 2603 3567 2655 οἱ
3602 2603 3777 2655 λελυ-

2193 2700 2475 2771 τρωμένοι
2519 2696 2640 2752 ὑπὸ
2673 2696 2917 2765 Κυρίου,
2950 2694 3060 2760 οὓς
3102 2693 3447 2762 ἐλύτρωσεν
3475 2692 3545 2746 ἐκ
3577 2693 3779 2762 χειρὸς

2190 2790 2439 2861 ἐχθρῶν,
2488 2789 2586 2844 καὶ
2630 2789 2701 2843 ἐκ
2727 2777 2847 2842 τῶν
2887 2784 3094 2857 χωρῶν
3141 2785 3490 2857 συνήγαγεν
3533 2785 3775 2851 αὐτοὺς,

2191 2883 2310 2940 ἀπὸ
2336 2880 2649 2937 ἀνατολῶν
2670 2879 2770 2935 καὶ
2791 2877 3060 2949 δυσμῶν,
3089 2876 3191 2930 καὶ
3209 2875 3405 2946 ,ϐορρᾶ
3432 2877 3533 2931 καὶ
3548 2875 3778 2932 Gallic-

2192 2988 2331 3039 σης’
2362 2969 2803 3039 ἐπλανήθησαν
2830 2968 2901 3020 ἐν
2927 2965 3002 3035 τῇ
3030 2965 3248 3035 ἐρήμῳ,
3282 2966 3351 3019 ἐν
3388 2962 3645 3035 ἀνύδρῳ.
3686 2966 3779 3035 Τῷ

512 3062 629 3118 sive
678 3063 783 3134 ipsi
831 3069 892 3116 ut
943 3061 1157 3118 medico
1211 3070 1436 3133 peccata
1486 3068 1675 3116 nostra
1726 3058 2087 3126 declaranda;

2194 3063 2384 3137 Κυρίῳ
2426 3059 2865 3134 ἐξομολογεῖσθαι
2898 3058 2978 3112 δεῖ
3010 3058 3155 3112 κατά
3194 3076 3256 3112 τε
3294 3058 3356 3111 τὸ
3395 3058 3677 3131 ὁμολογεῖν
3711 3057 3777 3110 τέι

509 3155 626 3211 sive
663 3170 764 3226 pro
802 3154 1085 3209 beneﬂciis
1117 3153 1173 3208 in
1221 3169 1324 3210 nos
1356 3153 1572 3208 collatis
1602 3153 1808 3223 gratias
1854 3150 2087 3221 agendo,

509 3253 699 3316 utpote
720 3245 815 3316 qui
836 3245 1143 3301 curationis
1171 3244 1292 3316 ejus
1317 3247 1515 3317 pignus
1539 3245 1886 3299 obtineamus
1910 3262 1924 3298 :
1954 3257 2090 3312 quo-

511 3337 659 3392 niam
697 3353 809 3392 non
845 3337 1009 3393 modo
1043 3337 1222 3392 bonus
1258 3345 1373 3404 est,
1423 3336 1519 3392 sed
1559 3337 1725 3391 etiam
1771 3350 1868 3406 per
1910 3341 2088 3387 totum

511 3442 754 3498 praesens
805 3427 1068 3482 saeculum
1121 3426 1561 3483 misericordiam
1610 3440 1767 3481 suam
1820 3425 2087 3479 extendit.

509 3513 704 3568 Dicant
727 3515 817 3585 qui
846 3516 1101 3586 redempti
1141 3527 1263 3570 sunt
1283 3534 1315 3570 a
1346 3515 1596 3581 Domino,
1623 3532 1752 3587 quos
1778 3514 1991 3569 redemit
2026 3515 2092 3569 de

509 3622 672 3659 manu
713 3607 1049 3660 inimicorum
1079 3617 1129 3662 et
1168 3614 1233 3662 de
1274 3607 1577 3679 regionibus
1617 3608 1944 3679 congregavit
1976 3623 2086 3661 eos.

508 3696 767 3752 Gentium
799 3699 1013 3754 vocatio
1049 3715 1146 3770 per
1190 3700 1534 3756 Salvatorem
1575 3708 1825 3755 nostrum
1869 3699 1935 3753 ad
1974 3714 2087 3753 rem

509 3790 776 3854 deducta,
831 3801 1202 3861 congruenter
1254 3791 1314 3846 in
1366 3792 1622 3862 prmseuti
1676 3800 1800 3863 post
1848 3789 2089 3845 Iudaica:

510 3883 688 3952 geniis
730 3881 1187 3952 repudiationem,
1223 3897 1346 3954 qua:
1392 3885 1445 3937 in
1499 3882 1828 3954 praecedenti
1872 3883 2087 3953 psalmo

508 3983 762 4028 enarrata
799 3973 919 4039 fuit,
968 3975 1371 4045 praenuntiatur
1400 3993 1415 4029 :
1448 3975 1506 4029 in
1541 3989 1651 4046 quo
1699 3983 1824 4045 post
1862 3975 2086 4046 longum

508 4067 851 4137 impietatum
906 4068 1151 4139 ipsorum
1211 4068 1522 4139 catalogum
1576 4066 1785 4122 dictum
1827 4074 1912 4122 est
1953 4082 1967 4120 :
2016 4065 2088 4119 Et

2190 3154 2402 3210 ἑαυτῶν
2435 3153 2883 3225 πλημμελήματα
2922 3151 2997 3214 ὡς
3035 3148 3227 3222 ἰατρῷ,
3256 3150 3399 3205 κατά
3432 3168 3492 3203 τε
3519 3150 3582 3203 τὺ
3614 3151 3780 3221 εὐχα-

2192 3250 2395 3318 ριστεῖν
2423 3245 2573 3316 αὐτῷ
2597 3244 2690 3298 ἐπὶ
2712 3245 2833 3307 ταῖς
2867 3242 2946 3305 εἰς
2970 3241 3117 3313 ἡμᾶς
3139 3240 3500 3315 εὐεργεσίαις,
3529 3241 3590 3294 τὸ
3619 3241 3777 3312 ἐχέγ-

2188 3356 2318 3409 γυον
2352 3338 2451 3409 τῆς
2485 3336 2616 3408 παρ’
2655 3333 2820 3390 αὐτοῦ
2858 3331 3153 3406 θεραπείας
3185 3332 3424 3403 ἔχοντας’
3455 3334 3537 3385 ότι
3572 3332 3648 3404 μὴ
3678 3333 3776 3404 μό-

2188 3448 2280 3485 νον
2301 3428 2535 3502 χρηστός
2566 3430 2735 3491 ἐστιν,
2770 3423 2905 3479 ἀλλὰ
2934 3424 3031 3478 καὶ
3064 3423 3379 3495 παρατείνει
3407 3423 3468 3476 τὸ
3493 3422 3641 3488 ἕλεος
3675 3424 3775 3477 αὐ-

2187 3522 2282 3577 τοῦ
2326 3523 2405 3586 εἰς
2446 3521 2625 3575 πάντα
2667 3518 2760 3572 τὸν
2800 3517 3047 3589 παρόντα
3087 3515 3279 3571 αἰῶνα.
3317 3514 3679 3571 Εὶπάτωσαν
3724 3519 3779 3572 οἱ

2187 3612 2624 3684 λελυτρωμένοι
2666 3609 2787 3665 ὑπὸ
2829 3610 3079 3678 Κυρίου,
3133 3609 3241 3676 οὓς
3288 3607 3673 3678 ἑλυτρώσατο
3709 3608 3779 3663 ἐκ

2187 3706 2389 3778 χειρός
2408 3701 2659 3775 ἐχθρῶν,
2687 3702 2785 3757 καὶ
2815 3702 2883 3756 ὲκ
2914 3700 3124 3772 χωρῶν
3154 3699 3504 3772 συνήγαγεν
3530 3701 3775 3768 αὐτούς.

2187 3798 2425 3862 Εἰκότως
2452 3796 2547 3851 καὶ
2577 3796 2671 3849 ἐπὶ
2713 3793 2810 3849 τοῦ
2851 3794 3119 3868 παρόντος
3152 3796 3193 3866 ἡ
3220 3793 3415 3865 κλῆσις
3445 3793 3554 3847 τῶν
3583 3794 3775 3857 ἐθνῶν,

2185 3892 2220 3963 ἡ
2248 3890 2336 3944 διὰ
2361 3886 2459 3943 τοῦ
2491 3888 2740 3959 Σωτῆρος
2773 3886 2929 3959 ἡμῶν
2968 3888 3048 3951 εἰς
3079 3885 3241 3958 ἔργον
3275 3886 3596 3958 χωρήσασα,
3637 3904 3776 3960 προ-

2189 3980 2484 4053 φητεύεται
2521 3978 2659 4051 μετὰ
2696 3977 2796 4051 τὴν
2830 3976 3101 4049 ἀποϐολὴν
3133 3976 3226 4030 τοῦ
3266 3972 3534 4031 Ἰουδαίων
3567 3977 3774 4044 ἔθνους,

2184 4074 2286 4146 τὴν
2306 4073 2393 4128 διὰ
2415 4072 2510 4127 τοῦ
2538 4071 2642 4142 πρὸ
2665 4068 2854 4125 τούτου
2875 4069 3093 4142 ψαλμοῦ
3115 4068 3467 4141 δηλωθεῖσαν·
3491 4071 3552 4123 ἐν
3637 4071 3776 4142 μετὰ

508 4159 681 4213 iratus
708 4168 785 4214 est
814 4158 1069 4213 Dominus
1109 4161 1166 4213 in
1193 4159 1445 4230 populum
1474 4175 1650 4225 suum,
1672 4168 1723 4214 et
1749 4159 2085 4214 abominatus

2189 4166 2278 4219 τὸν
2313 4164 2524 4238 μακρὸν
2555 4163 2858 4233 κατάλογον
2883 4160 2992 4216 τῶν
3025 4160 3291 4215 ἀσεϐειῶν
3323 4161 3504 4215 αὐτῶν
3535 4162 3771 4231 ἐλέγετο’

506 4260 587 4306 est
633 4251 996 4308 hwreditatem
1045 4269 1220 4308 suam.
1260 4252 1407 4319 Quos
1436 4253 1657 4308 redemit
1685 4252 1749 4306 de
1777 4269 1940 4306 manu
1980 4252 2084 4306 ini-

2189 4256 2299 4311 Kal
2321 4255 2581 4325 ὠργίσθη
2597 4255 2813 4324 Κύριος
2831 4252 2929 4307 ἐπὶ
2946 4252 3054 4306 τὸν
3077 4251 3233 4307 λαὸν
3259 4253 3467 4308 αὐτοῦ·
3492 4254 3590 4307 καὶ
3614 4253 3775 4307 ἐϐδεο

508 4345 764 4398 micorum
788 4360 807 4410 ,°
849 4359 946 4401 eos
978 4360 1175 4416 nempe
1204 4346 1297 4416 qui
1342 4345 1411 4400 ab
1456 4344 1695 4400 inimicis
1737 4353 1793 4399 et
1833 4345 2087 4400 hostibus

2189 4345 2419 4412 λύξατο
2448 4344 2564 4414 τὴν
2586 4342 2998 4413 κληρονομίαν
3018 4343 3225 4397 αὐτοῦ.
3256 4342 3373 4409 Οὓς
3394 4343 3774 4413 ἑλυτρώσατο

507 4435 817 4500 hominum,
857 4435 1078 4490 diabolo
1109 4413 1356 4505 scilicet,
1396 4436 1454 4490 in
1503 4436 1824 4492 servitutem
1877 4436 2084 4490 redacti

2189 4438 2257 4491 ἐκ
2292 4437 2490 4508 χειρὸς
2511 4413 2760 4507 ἐχθρῶν·
2790 4436 2915 4500 τοὺς
2946 4433 3111 4488 πάλαι
3152 4433 3257 4488 ὑπὸ
3290 4433 3399 4488 τῶν
3436 4434 3646 4507 ἐχθρῶν
3679 4435 3774 4488 καὶ

508 4527 742 4584 fuerant.
769 4526 838 4582 Et
862 4527 927 4583 de
954 4529 1250 4600 regionibus
1269 4531 1595 4601 congregavit
1625 4546 1712 4584 eos
1737 4545 1772 4582 a
1802 4529 1929 4583 solis
1963 4538 2082 4582 ortu

2192 4528 2467 4601 πολεμίων
2500 4528 2608 4583 τῶν
2638 4525 2962 4600 ἀνθρώπων,
2994 4525 3241 4581 τουτέστι
3265 4525 3359 4580 τοῦ
3391 4526 3637 4582 διαὸόλου
3670 4545 3775 4582 κα-

505 4638 670 4694 usque
703 4621 772 4676 ad
802 4638 1073 4688 occasum,
1096 4622 1159 4674 ab
1208 4621 1465 4693 Aquilone
1500 4630 1551 4678 et
1588 4621 1747 4677 mari.
1780 4621 2084 4692 Congregat

506 4720 689 4767 autem
715 4728 811 4769 eos
843 4713 900 4767 in
940 4712 1243 4769 Ecclesiam
1275 4730 1429 4771 suam
1454 4731 1522 4769 ex
1551 4714 1701 4769 omni
1730 4723 1887 4783 gente
1913 4729 1926 4766 :
1960 4713 2083 4767 uni-

503 4816 726 4857 versum
750 4803 952 4874 quippe
985 4804 1171 4859 orbem
1203 4820 1301 4875 per
1319 4813 1554 4876 quatuor
1582 4805 1800 4859 climata
1828 4804 2083 4875 designa-

505 4892 604 4946 vit.
652 4891 731 4947 Ex
776 4894 863 4951 his
904 4911 1142 4965 namque
1189 4912 1324 4965 gens
1363 4912 1507 4951 nova
1550 4904 1605 4953 et
1650 4896 1940 4952 haereditas
1984 4894 2078 4950 Dei

503 4997 646 5036 nova
679 4983 945 5037 constitit.
972 4984 1409 5041 Consentaneum
1430 4985 1614 5058 itaque
1643 4996 1751 5051 est,
1784 4988 2078 5056 quamdam

503 5073 819 5129 existimare
854 5073 1165 5130 Iudaeorum
1197 5092 1263 5132 ex
1304 5078 1558 5149 gentibus
1610 5092 1938 5149 synagogam
1975 5077 2079 5132 hoc

506 5163 805 5236 signiﬁcari
839 5167 1071 5237 psalmo,
1105 5169 1264 5238 quasi
1307 5167 1480 5224 Judaei
1510 5184 1608 5239 per
1633 5178 1803 5223 totum
1835 5168 2021 5223 orbem
2048 5184 2080 5222 a

504 5256 757 5325 gentibus
786 5258 1122 5321 semovendi,
1157 5258 1227 5312 ab
1274 5259 1462 5313 alienae
1489 5268 1649 5314 terra:
1681 5258 1920 5313 incolatu
1945 5259 2081 5313 libe-

503 5346 684 5409 randi,
712 5353 766 5400 et
794 5346 850 5400 in
871 5345 1110 5401 Iudaeam
1144 5351 1509 5420 congregandi
1535 5351 1682 5406 sint:
1703 5366 1826 5405 nam
1863 5350 1918 5406 id
1950 5351 2081 5405 hac-

502 5446 663 5495 tenus
717 5436 891 5496 Judsei
940 5442 1238 5498 somniant.
1290 5440 1396 5498 Sed
1443 5444 1573 5514 quia
1617 5444 1733 5498 ham
1779 5460 1890 5499 non
1953 5443 2079 5515 ipso

503 5544 666 5601 opere
713 5533 857 5589 facta
903 5533 1419 5605 deprehenduntur,
1471 5551 1596 5592 cum
1642 5537 1844 5607 elapsis
1883 5537 1997 5607 jam
2049 5550 2081 5593 a

574 5754 620 5786 "
657 5754 678 5808 l
715 5754 909 5813 Thess.
948 5775 1000 5823 ιν,
1039 5760 1131 5815 l8.

2189 4621 2705 4693 ταδεδουλωμένους.
2750 4619 2862 4675 Καὶ
2897 4619 3017 4675 ἀπὸ
3048 4618 3256 4690 χωρῶν
3288 4618 3636 4689 συνήγαγεν
3665 4620 3775 4672 αὐ-

2189 4712 2330 4780 τοὺς
2358 4712 2474 4768 ἀπὸ
2506 4711 2821 4768 ἀνατολῶν
2863 4711 2963 4765 καὶ
2996 4708 3268 4779 δυσμῶν,
3306 4710 3404 4764 καί
3434 4708 3630 4778 ,βορρᾶ
3670 4710 3771 4763 καὶ

2188 4804 2528 4875 θαλάσσης.
2588 4802 2934 4872 Ἐπισυνάγει
2985 4802 3041 4856 δὲ
3091 4802 3290 4865 αὐτοὺς
3339 4802 3419 4866 εἰς
3462 4800 3562 4873 τὴν
3605 4801 3772 4856 αὐτοῦ

2197 4896 2528 4968 Ἐκκλησίαν
2556 4896 2621 4949 ἐκ
2654 4894 2853 4959 παντὸς
2884 4894 3091 4958 ἔθνουςο
3128 4895 3309 4947 πᾶσαν
3336 4893 3445 4965 γὰρ
3468 4893 3569 4964 τὴν
3592 4895 3778 4945 οἰκου-

2190 4989 2356 5060 μένην
2380 4987 2467 5040 διὰ
2486 4985 2595 5039 τῶν
2616 4985 2896 5058 τεσσάρων
2919 4985 3155 5056 ἐδήλωσε
3180 4984 3483 5056 κλιμάτων.
3528 4985 3623 5037 Ἐκ
3649 4983 3775 5038 τού-

2185 5096 2293 5134 των
2326 5078 2434 5150 γὰρ
2463 5077 2614 5142 ἔθνος
2652 5077 2836 5130 καινὸν
2868 5078 2962 5130 καὶ
3003 5075 3334 5147 κληρονομία
3377 5072 3471 5129 τοῦ
3502 5074 3638 5128 Θεοῦ
3671 5076 3770 5131 νέα

2186 5170 2435 5242 συνέστη.
2479 5167 2642 5231 Εἰκὸς
2683 5167 2783 5240 μὲν
2817 5164 2910 5221 οὖν
2941 5183 3062 5221 τινα
3089 5166 3309 5239 νομίσαι
3339 5164 3439 5237 τὴν
3477 5164 3586 5217 τῶν
3633 5166 3768 5218 Ἰου-

2181 5259 2346 5313 δαίων
2395 5260 2460 5312 ἐκ
2509 5257 2616 5312 τῶν
2662 5256 2831 5310 ἐθνῶν
2871 5258 3191 5329 συναγωγὴν
3233 5257 3324 5311 διὰ
3361 5254 3456 5310 τοῦ
3502 5255 3770 5327 παρόντος

2182 5349 2471 5421 δηλοῦσθαι
2495 5347 2735 5420 ψαλμοῦ,
2768 5347 2843 5411 ὡς
2884 5347 3185 5419 μελλόντων
3217 5347 3325 5400 τῶν
3362 5346 3483 5399 καθ’
3507 5345 3637 5417 ὅλης
3668 5346 3767 5415 τῆς

2182 5442 2506 5513 οἰκουμένης
2544 5438 2811 5493 Ἰουδαίων
2842 5437 3276 5511 ἀποχωρίζεσθαι
3309 5437 3416 5518 τῶν
3448 5435 3637 5501 ἐθνῶν,
3668 5435 3767 5488 καὶ

2182 5535 2282 5604 τῆς
2315 5532 2459 5588 κατὰ
2487 5533 2586 5603 τὴν
2630 5530 2931 5603 ἀλλοδαπὴν
2975 5529 3255 5602 διατριϐῆς
3303 5526 3765 5591 ἀπαλλάττεσθαι,
