4102 6438
420 432 552 490 1321
1547 425 1946 484 ΕΟΜΜΕΝΤΛΙ

2043 457 2054 483 ι
2084 426 2160 484 ἸΝ
2197 425 2541 486 PSALMOS.
3540 435 3678 493 1322

418 548 746 617 συνάγεσθαι
783 549 842 604 δέ
882 547 977 602 ἐπὶ
1005 547 1104 620 τὴν
1145 546 1405 601 Ἰουδαίαν
1450 546 1574 618 γῆν.
1617 543 1856 600 Τοιαῦτα
1894 545 1946 615 γὲ

2043 555 2079 609 Α
2106 545 2426 616 captivitate
2458 544 2789 617 Babylonica
2817 550 2978 605 annis
3007 564 3178 622 prope
3208 549 3378 617 mille,
3410 549 3548 607 nihil
3584 550 3684 605 hu-

417 640 582 695 είσέτι
621 641 714 695 καὶ
754 640 849 694 νῦν
890 641 1079 704 παῖδες
1119 637 1385 693 Ἰουδαίων
1423 636 1806 706 φαντάζονται.
1855 636 1946 690 Ἇλ

2096 639 2344 709 jusmodi
2375 640 2428 693 in
2460 639 2676 694 illorum
2699 641 2928 712 gratiam
2961 655 3242 714 peractum
3274 645 3380 713 sit;
3415 651 3590 701 restat
3619 655 3682 700 ut

318 721 332 735 ’
416 733 536 787 ἐπεὶ
573 733 648 804 μή
676 733 849 787 ταῦτα
873 733 1003 804 περὶ
1031 730 1227 794 αὐτοὺς
1256 732 1370 794 τοῖς
1409 729 1591 802 ἔργοις
1616 729 1813 801 ὁρᾶται
1825 746 1946 799 εγεγι

2089 747 2285 788 rerum
2329 732 2550 787 eventui
2601 731 2717 788 haec
2745 735 2912 789 verba
2959 737 3472 803 accommodemus,
3516 745 3574 792 et
3610 737 3682 792 ad

415 825 642 896 νημένα,
670 824 770 895 ήδη
800 842 901 878 που
937 823 1128 895 χιλίοις
1157 822 1324 892 ἐγγὺς
1353 822 1498 876 ἐτεσι
1525 823 1624 892 τῆς
1651 821 1760 876 ἀπὸ
1787 822 1888 894 τῆς
1912 839 1938 874 ε

2089 822 2340 894 gentium
2377 823 2720 879 vocationem
2745 825 3086 896 prophetiam
3122 827 3466 884 reducamus.

415 921 703 974 Βαϐυλῶνα
729 921 1102 992 αἰχμαλωσίας
1128 920 1306 974 αὐτῶν
1334 915 1558 991 μηδενὸς
1582 917 1821 972 τοιούτου
1850 918 1979 989 περὶ
2003 917 2199 982 αὐτοὺς
2223 917 2576 990 πραχθέντος·
2619 918 2736 989 ῶρα
2767 922 2834 991 τῇ
2897 919 3006 974 τῶν
3062 921 3397 990 πραγμάτων
3457 920 3679 975 ἐκϐάσει

411 1014 536 1077 τοὺς
581 1013 774 1082 λόγους
813 1013 1192 1085 ἐφαρμόττειν,
1236 1012 1331 1066 καὶ
1375 1012 1468 1066 ἐπὶ
1511 1010 1611 1083 τὴν
1653 1010 1764 1064 τῶν
1807 1010 1978 1064 ἐθνῶν
2013 1009 2204 1082 κλῆσιν
2241 1011 2463 1080 ἀνάγειν
2497 1010 2596 1082 τὴν
2628 1011 2982 1083 προφητείαν.

493 1133 954 1203 Ἐπλανήθησαν
983 1134 1053 1189 ἐν
1082 1133 1159 1204 τῇ
1190 1132 1388 1203 ἐρήμῳ
1422 1133 1521 1187 καί
1557 1131 1812 1200 ἀνύδρῳ,
1844 1130 1946 1186 ὀδό

2164 1129 2332 1186 Vens.
2367 1131 2421 1187 5.
2463 1130 2789 1186 Erraverunt
2820 1132 2875 1185 in
2907 1131 3196 1187 solitudin
3231 1141 3282 1186 et
3312 1134 3366 1187 in
3394 1133 3672 1204 inaquoso,

409 1229 642 1294 πόλεως
675 1228 1127 1298 κατοικητηρίου
1157 1229 1271 1297 οὐχ
1301 1222 1506 1296 εὖρον·
1543 1224 1867 1291 πεινῶντες
1888 1241 1946 1278 σα

2093 1223 2230 1276 viam
2265 1224 2494 1278 civitatis
2531 1223 2826 1277 habitaculi
2871 1239 2978 1277 non
3019 1223 3326 1277 invenerunt
3348 1237 3367 1276 :
3389 1225 3673 1278 esurientes

408 1319 722 1390 διψῶντες,
769 1321 808 1389 ἡ
859 1319 1030 1389 ψυχὴ
1070 1318 1270 1374 αὐτῶν
1311 1319 1381 1372 ἐν
1429 1317 1634 1384 αὐτοῖς
1680 1316 1946 1381 ἐξέλιπεν

2090 1324 2140 1368 et
2175 1315 2434 1380 sitientes,
2471 1316 2652 1369 anima
2680 1333 2864 1370 eorum
2890 1317 2947 1370 in
2975 1317 3107 1386 ipsis
3141 1315 3354 1385 defecit.
3379 1313 3492 1371 Nos
3520 1315 3673 1371 scili-

417 1409 608 1483 Ἥμεῖς
630 1412 729 1482 μὲν
753 1413 803 1464 οί
825 1411 931 1484 πρὸ
968 1412 1066 1482 τῆς
1087 1409 1183 1465 τοῦ
1217 1411 1467 1484 Σωτῆρος
1493 1408 1651 1481 ἡμῶν
1675 1407 1946 1462 θεοσεϐεία

2090 1415 2177 1462 cet
2213 1408 2304 1478 qui
2341 1414 2467 1462 ante
2492 1407 2735 1462 divinum
2783 1405 3093 1463 Servatoris
3123 1407 3299 1462 nostri
3343 1407 3572 1470 cultum,
3617 1405 3671 1459 in

407 1505 499 1558 xui.
524 1507 581 1559 ἐν
603 1504 855 1575 ἀκάρπῳ,
881 1501 1095 1575 ἀνύδρῳ
1122 1519 1181 1556 τε
1203 1503 1297 1556 καὶ
1317 1502 1496 1574 ἀγόνῳ
1523 1503 1635 1572 ζωῇ
1661 1500 1831 1554 πάλαι
1861 1517 1946 1571 πρε

2085 1499 2196 1554 vita
2242 1497 2589 1570 inirugilera,
2629 1499 2898 1568 inaquosa
2941 1499 3227 1570 sterilique
3271 1499 3403 1554 olim
3446 1499 3668 1554 erraba-

405 1613 560 1668 τερον
592 1593 1022 1666 πεπλανημένοι,
1061 1595 1151 1647 ὅτε
1182 1588 1324 1664 ἦμεν
1355 1593 1481 1664 ἔθνη
1520 1591 1711 1660 ἀλογα,
1748 1590 1886 1661 πρὸς
1917 1607 1946 1642 τ

2083 1606 2229 1656 mus,
2261 1606 2387 1646 cum
2418 1599 2609 1664 gentes
2641 1591 3053 1650 irrationabiles
3096 1609 3368 1660 essemus,
3397 1601 3562 1662 atque
3601 1589 3668 1645 ad

401 1688 598 1742 εἴδωλα
631 1687 701 1742 τά
735 1688 924 1757 ἀφωνα
963 1686 1322 1757 ἀπαγόμενοι,
1355 1688 1402 1740 oi
1434 1685 1705 1757 μηδέποτε
1736 1683 1854 1737 ὁδὸν
1883 1682 1946 1736 πό

2082 1688 2233 1736 muta
2263 1681 2407 1737 idola
2437 1683 2836 1738 abduceremur
2863 1705 2876 1740 :
2903 1685 2995 1756 qui
3026 1697 3312 1756 nunquam
3349 1683 3498 1737 viam
3532 1681 3672 1736 civi-

402 1775 540 1841 λεως
564 1776 984 1848 κατοικητηρίου
1009 1775 1280 1846 εὑρόντες·
1306 1775 1392 1828 ὅτε
1418 1770 1560 1845 ἦμεν
1590 1771 1860 1845 ἀλλότριοι
1887 1772 1946 1842 τῆ

2083 1775 2212 1829 latis
2246 1775 2544 1829 habitaculi
2587 1774 2993 1842 inveneramus,
3029 1794 3152 1832 cum
3181 1776 3341 1832 alieni
3365 1788 3668 1831 essemusa

403 1868 678 1932 πολιτείας
701 1868 795 1922 τοῦ
844 1868 1080 1940 Ἰσραὴλ,
1113 1866 1304 1920 ἐλπίδα
1332 1867 1406 1939 μή
1439 1865 1674 1938 ἔχοντες,
1708 1865 1806 1918 καὶ
1832 1863 1946 1918 ἀθει

2043 1852 2305 1920 ‘civitate
2345 1863 2587 1929 lsraelis,
2624 1881 2750 1922 cum
2791 1868 3000 1922 nullam
3044 1883 3194 1940 spem
3241 1867 3570 1922 haberemus
3611 1873 3669 1919 et

400 1961 460 2014 ἐν
489 1959 568 2032 τῷ
597 1959 807 2031 κόσμῳ·
859 1960 908 2012 οί
960 1958 1326 2031 μεμισημένοι
1370 1957 1561 2022 πάλαι,
1600 1958 1658 2010 ἐν
1704 1956 1848 2028 λιμῷ
1886 1974 1946 2010 κα

2081 1953 2228 2008 athei
2251 1953 2308 2008 in
2339 1954 2547 2009 mundo
2570 1970 2820 2012 essemus
2846 1975 2860 2010 :
2886 1957 2982 2028 qui
3016 1958 3146 2013 olim
3171 1957 3298 2012 odio
3329 1970 3576 2020 eramus,
3607 1955 3666 2009 in

397 2050 540 2122 δίψει
565 2051 662 2123 τὴν
687 2052 863 2124 ψυχὴν
889 2051 1255 2115 ἐκλείποντες,
1280 2049 1369 2103 διά
1398 2049 1459 2103 τὸ
1485 2048 1815 2121 ἐστερῆσθαι
1843 2047 1946 2118 λογη

2080 2041 2224 2097 fame
2255 2049 2312 2097 et
2345 2042 2434 2099 siti
2463 2044 2648 2098 animo
2675 2043 3016 2113 deﬁcientes,
3053 2046 3199 2118 quod
3247 2045 3561 2101 rationabili
3609 2055 3666 2100 et

397 2143 504 2214 κῆς
544 2144 637 2197 καὶ
675 2141 996 2214 ἐπουρανίου
1040 2141 1247 2214 τροφῆς
1281 2140 1446 2195 ποτοῦ
1483 2159 1544 2194 τε
1581 2143 1946 2213 πνευματικοῦ

2079 2133 2290 2190 caelesti
2315 2134 2440 2191 cibo
2469 2137 2852 2208 spiritualique
2885 2146 3016 2210 potu
3043 2139 3242 2210 privati
3269 2155 3539 2206 essemus,
3570 2153 3664 2194 se-

396 2233 540 2287 κατά
570 2233 651 2286 τό·
693 2231 1107 2298 Ἐξαποστελῶ
1141 2235 1218 2288 οὺ
1247 2233 1428 2303 λιμὸν
1453 2232 1658 2302 ἄρτου,
1702 2233 1846 2289 οὐδὲ
1890 2235 1946 2288 δί

2083 2226 2324 2282 cundum
2352 2227 2483 2283 illud
2515 2246 2528 2282 :
2558 2226 2813 2285 Emittam
2848 2249 2953 2287 non
2982 2231 3174 2301 famem
3202 2231 3379 2300 panis,
3408 2247 3570 2302 neque
3589 2228 3666 2284 si-

395 2328 524 2394 ψαν
554 2324 793 2392 ὕδατος,
823 2325 986 2380 ἀλλὰ
1013 2324 1194 2394 λιμὸν
1224 2325 1333 2379 τοῦ
1362 2325 1622 2380 ἀκοῦσαι
1650 2327 1838 2396 λόγον
1859 2329 1946 2381 Κυ

2079 2319 2174 2373 tim
2203 2336 2388 2390 aquae;
2431 2321 2522 2376 sed
2563 2322 2760 2392 famem
2795 2324 3046 2379 audiendi
3078 2324 3286 2379 verbum
3320 2323 3556 2378 Domini.
3591 2323 3664 2378 Et

393 2415 544 2482 plov.
575 2415 688 2469 Καὶ
720 2414 1226 2483 σαλευθήσονται.
1246 2415 1436 2469 ὕδατα
1469 2416 1587 2470 ἀπὸ
1618 2415 1729 2484 τῆς
1753 2417 1946 2471 θαλάσ

2074 2415 2540 2468 commovebuntur
2581 2432 2733 2488 aqua:
2759 2435 2792 2472 a
2825 2419 2965 2472 mari
3012 2435 3174 2491 usque
3205 2417 3274 2472 ad
3302 2434 3468 2483 mare,
3512 2426 3562 2472 et
3594 2419 3661 2470 ab

391 2523 513 2576 σης
539 2507 652 2576 ἕως
683 2508 793 2578 τῆς
824 2509 1164 2577 θαλάσσης,
1194 2509 1294 2562 καί
1328 2507 1449 2563 ἀπὸ
1471 2506 1666 2576 ,ϐορρᾶ
1686 2508 1798 2575 ἕως
1831 2509 1946 2562 ἀνα

2074 2506 2320 2576 aquilone
2357 2525 2519 2578 usque
2557 2507 2627 2563 ad
2668 2510 2919 2564 orientem
2960 2526 2979 2564 :
3024 2511 3322 2566 circuibunt
3371 2521 3661 2584 quarentes

390 2597 607 2664 τολῶν,
633 2598 1132 2670 περιδραμοῦνται
1161 2598 1474 2669 ζητοῦντες
1501 2599 1610 2653 τὸν
1640 2600 1826 2669 λόγον
1853 2603 1946 2654 Κυη

2074 2596 2284 2652 verbum
2347 2598 2606 2665 Domini,
2659 2609 2711 2654 et
2760 2617 2866 2654 non
2928 2600 3188 2655 invenient
3211 2601 3544 2673 ";;idcirco
3602 2603 3660 2656 in

388 2689 542 2758 ρίου,
595 2690 692 2743 καὶ
724 2692 795 2744 οὑ
823 2691 909 2759 μὴ
959 2691 1208 2759 εὕρωσι·
1262 2691 1342 2744 διὸ
1388 2691 1483 2745 καὶ
1530 2692 1588 2744 ἐν
1629 2691 1824 2762 ἐρήμῳ
1863 2691 1946 2744 τῶι

2072 2687 2291 2745 deserto
2314 2690 2576 2746 virtutum
2613 2691 2948 2748 exsistentes
2987 2694 3332 2758 errabamus,
3365 2693 3560 2750 ducem
3594 2708 3661 2750 ac

390 2778 599 2850 ἀρετῶν
633 2778 785 2844 ὄντες
812 2779 1193 2852 ἐπλανώμεθα,
1229 2781 1465 2853 ποδηγὸν
1491 2783 1583 2834 καὶ
1614 2781 1860 2852 ἡγεμόνα
1893 2780 1946 2851 μί

2072 2784 2376 2854 principem
2416 2800 2526 2840 non
2574 2786 2744 2850 nacti,
2775 2801 2939 2856 quem
2971 2796 3265 2858 sequentes
3297 2787 3532 2845 decursa
3569 2788 3657 2842 via

387 2868 624 2940 ἔχοντες,
646 2863 690 2938 ᾧ
711 2869 961 2941 ἑπόμενοι
991 2871 1170 2943 εὑρεῖν
1191 2865 1368 2924 οἷοίτε
1395 2867 1538 2942 ἦμεν
1563 2871 1699 2942 μετά
1729 2872 1829 2944 τήν
1851 2872 1946 2926 (ίιδὸ⁴

2069 2875 2311 2946 reperire
2331 2892 2618 2947 possemus
2643 2877 2918 2933 civitatem
2946 2894 3100 2934 sacra
3119 2879 3235 2950 lege
3255 2881 3360 2936 rite
3379 2881 3657 2938 constitu-

387 2955 543 3010 πόλιν
574 2953 634 3012 εὖ
667 2957 1092 3031 διατεταγμένην
1134 2960 1264 3032 ἱερῷ
1306 2961 1478 3032 νόμῳ,
1525 2962 1584 3015 ἐν
1695 2965 1946 3018 κατοικεῖ·

2067 2971 2199 3030 tam,
2224 2965 2278 3019 in
2296 2980 2401 3037 qua
2419 2966 2664 3022 habitare
2686 2983 2992 3038 possemus.
3013 2986 3294 3042 nunquam
3318 2971 3445 3028 inde
3473 2987 3654 3028 receso

388 3049 698 3122 ἠδυνάμεθα
745 3051 820 3124 μὴ
870 3052 1311 3125 ἀναχωροῦντες·
1349 3053 1486 3124 αὕτη
1515 3054 1575 3108 δέ
1616 3056 1762 3110 ἐστιν
1797 3056 1946 3128 ἀρετὶ

2067 3058 2211 3115 suri:
2232 3059 2347 3115 haec
2367 3068 2548 3115 autem
2568 3069 2653 3116 est
2670 3062 2842 3118 virtus
2856 3071 2908 3118 et
2925 3060 3015 3118 Dei
3035 3062 3569 3134 sapientia—Vua.
3595 3064 3650 3120 6.

387 3144 483 3197 καὶ
512 3143 647 3197 Θεοῦ
673 3145 854 3213 σοφία.
889 3147 999 3200 Καὶ
1025 3145 1361 3213 ἐκέκραξαν
1383 3146 1534 3214 πρὸς
1559 3147 1780 3216 Κύριον
1800 3146 1946 3214 ἐντι]

2073 3147 2142 3202 Et
2169 3149 2535 3203 clamauerunt
2573 3149 2644 3203 ad
2677 3150 2963 3205 Dominum
2999 3167 3117 3205 cum
3149 3153 3558 3222 tribularentur,
3600 3163 3652 3209 et

386 3234 690 3288 θλίϐεσθαι
712 3234 952 3302 αὐτοὺς,
984 3237 1082 3290 καί
1105 3237 1174 3289 ἐκ
1201 3235 1321 3289 τῶν
1344 3235 1625 3307 ἀναγκῶν
1647 3237 1848 3291 αὐτῶν
1873 3237 1946 3307 ἐρ

2069 3242 2470 3296 necessitatibus
2505 3259 2690 3297 eorum
2717 3245 2910 3313 eripuit
2935 3260 3043 3298 eos.
3072 3241 3274 3300 Gentes
3306 3261 3500 3302 omnes
3527 3261 3652 3301 cum

379 3324 610 3392 ῥύσατο
643 3326 883 3392 αὐτούς.
921 3326 1043 3380 Τῶν
1088 3325 1260 3380 ἐθνῶν
1303 3325 1558 3380 ἁπάντων
1596 3326 1946 3400 πλανωμένωη

2068 3331 2125 3386 in
2163 3332 2382 3390 deserto
2410 3343 2466 3390 et
2514 3335 2786 3404 inaquoso
2831 3344 3102 3402 errarent,
3137 3345 3300 3409 atque
3336 3338 3518 3394 anima
3560 3353 3652 3395 ea-

383 3415 443 3467 ἐν
463 3418 534 3487 γῇ
560 3417 755 3488 ἐρήμῳ
775 3418 871 3471 καὶ
899 3417 1134 3492 ἀνύδρῳ,
1162 3419 1376 3490 καὶτῆς
1396 3419 1575 3490 ψυχῆς
1598 3419 1777 3474 αὐτῶν
1797 3420 1946 3474 ἐκλει

2067 3439 2190 3480 rum
2247 3441 2314 3481 ex
2361 3428 2592 3497 penuria
2641 3429 2966 3484 salutarium
3013 3430 3305 3486 verborum
3369 3430 3650 3497 deﬁceret,

382 3507 592 3577 πούσης
613 3507 672 3572 ἐξ
698 3509 962 3580 ἀτροφίας
987 3510 1272 3583 σωτηρίων
1299 3511 1491 3580 λόγων,
1516 3511 1686 3566 ἐϐόων
1713 3511 1852 3584 πρὸς
1872 3513 1946 3566 τὸη

2067 3514 2377 3570 clamabant
2420 3517 2486 3572 ad
2537 3516 2710 3573 Deum
2764 3520 3170 3590 supplicantes,
3221 3533 3282 3577 ut
3338 3523 3646 3580 communis

381 3599 514 3654 Θεὸν
543 3598 894 3664 ἱκετεύοντες,
926 3600 1106 3654 κοινὸν
1151 3602 1324 3655 άπασι
1352 3602 1815 3676 καταπεμφθῆναι
1849 3605 1946 3658 Σω-

2064 3606 2323 3664 omnibus
2368 3607 2631 3664 Servator
2671 3612 3026 3667 mitteretur:
3059 3611 3127 3665 Et
3179 3611 3540 3669 clamauerunt
3575 3615 3645 3669 ad

379 3693 541 3763 τῆρα.
565 3691 675 3745 Καί
698 3690 1030 3760 ἐκέκραξαν
1057 3691 1208 3760 πρὸς
1231 3694 1535 3761 Κύριον-ἑν
1553 3693 1636 3760 τῷ
1654 3697 1946 3752 θλίϐεσθαι

2067 3697 2348 3753 Dominum
2376 3717 2493 3754 cum
2529 3702 2934 3757 tribularentur.
2978 3703 3222 3776 Captivis
3260 3707 3641 3773 condolentes;

378 3783 621 3847 αὐτούς.
646 3782 793 3845 Τοὺς
817 3784 1327 3856 ἐγκεχειρισμένους
1355 3785 1554 3850 αὐτοὺς
1579 3786 1946 3858 ὑπερπάσχον-

2059 3804 2124 3844 ac
2153 3805 2282 3860 erga
2323 3791 2577 3848 sitientes
2609 3803 2662 3848 et
2708 3809 2818 3865 pra:
2849 3794 2957 3850 cibi
3015 3797 3245 3866 penuria
3295 3798 3480 3853 animo
3507 3799 3641 3856 deli-

377 3887 470 3936 τες
496 3874 591 3925 καὶ
620 3873 1054 3945 ὑπεραλγοῦντες
1082 3874 1263 3930 αὐτῶν
1291 3877 1386 3929 καὶ
1409 3876 1689 3948 διψώντων
1731 3879 1824 3932 καὶ
1855 3880 1946 3950 τήν

2059 3880 2269 3935 cientes
2297 3881 2676 3936 misericordia
2702 3883 2857 3951 moti,
2890 3884 3204 3940 clamabant
3236 3888 3338 3957 ipsi
3367 3897 3422 3944 et
3443 3890 3639 3946 vocife-

376 3961 554 4035 ψυχὴν
575 3963 676 4037 ήδη
695 3965 764 4018 δι’
787 3965 1053 4036 ἀτροφίαν
1078 3968 1459 4038 ἐκλειπόντων,
1488 3970 1657 4023 ἐϐόων
1678 3971 1832 4024 αὐτοὶ
1859 3971 1946 4025 καὶ

2057 3971 2323 4027 rabantur
2342 3972 2410 4026 ad
2431 3971 2744 4039 Dominum,
2770 3990 2870 4046 pro
2895 3976 3011 4032 suis
3032 3975 3234 4048 singuli
3257 3978 3637 4050 deprecantes.

378 4055 609 4126 ἔκραζον
657 4055 796 4127 πρὸς
839 4055 1065 4128 Κύριον,
1112 4058 1254 4131 ὑπὲρ
1297 4058 1408 4114 τῶν
1456 4061 1672 4115 οἰκείων
1723 4062 1955 4128 ἐκαστος

375 4150 790 4222 πρεσϐεύοντες.

448 4244 554 4299 Καὶ
576 4245 891 4315 ὡδήγησεν
909 4247 1131 4314 αὐτοὺς
1157 4249 1244 4315 είς
1272 4247 1418 4303 ὁδὸν
1440 4249 1697 4318 εὐθεῖαν,
1725 4250 1832 4305 τοῦ
1855 4264 1946 4305 πο⁴

2127 4230 2293 4287 Vens.
2323 4232 2375 4296 7,
2408 4232 2462 4288 8.
2507 4231 2575 4286 Et
2593 4232 2812 4288 deduxit
2832 4251 2919 4290 eos
2943 4237 2996 4290 in
3016 4237 3156 4292 viam
3177 4250 3392 4312 rectam,
3415 4255 3474 4300 ut
3496 4245 3633 4303 irent

369 4335 659 4407 ρευθῆναι
695 4339 781 4404 εὶς
823 4339 1008 4393 πόλιν
1043 4341 1520 4409 κατοικητηρίου.
1565 4340 1951 4412 Ἐξομολοτη-

371 4427 706 4484 σάσθωσαν
738 4429 819 4494 τῷ
854 4432 1050 4500 Κυρίῳ
1075 4431 1149 4486 τὰ
1175 4431 1317 4499 sum
1347 4432 1554 4496 αὑτοῦ,
1589 4434 1687 4487 καί
1713 4434 1784 4488 τὰ
1808 4436 1950 4488 θαυκ

369 4520 557 4591 [λάσια
582 4521 768 4577 αὐτοῦ
793 4521 917 4589 τοῖς
942 4523 1094 4590 υἱοῖς
1116 4523 1234 4576 τῶν
1253 4523 1595 4592 ἀνθρώπων.
1628 4525 1692 4577 Ol
1723 4525 1821 4596 μὲν
1837 4527 1946 4597 γὰρ
1975 4560 2023 4619 D

369 4612 748 4685 ἐπλανήθησαν
772 4614 830 4666 ἐν
851 4615 921 4684 γῇ
946 4613 1140 4684 ἐρήμῳ
1167 4615 1262 4668 καὶ
1289 4612 1520 4686 ἀνύδρῳ,
1544 4613 1702 4668 τοῦτο
1723 4613 1942 4686 πρῶτον

368 4703 584 4776 νόσημα
609 4703 959 4776 νενοσηκότες
986 4704 1047 4757 τὸ
1071 4705 1170 4776 τῆς
1197 4705 1428 4778 πλάνης·
1462 4707 1557 4760 καὶ
1580 4706 1817 4778 δευτέρῳ
1841 4724 1942 4759 κα-

370 4795 452 4868 κῷ
485 4797 873 4866 περιπεσόντες
909 4792 1028 4850 ὁδὸν
1063 4796 1271 4862 πόλεως
1309 4798 1732 4871 κατοικητηρίου
1764 4797 1942 4851 αὐτῶν

369 4889 466 4960 οὐχ
511 4881 690 4961 εὖρον·
743 4891 838 4944 καὶ
887 4890 1070 4960 τρίτον
1117 4889 1176 4943 δέ
1208 4889 1406 4954 αὐτοὺς
1442 4891 1699 4962 περιέσχε
1749 4891 1940 4956 κακὸν,

369 4981 600 5053 ἐπείπερ
625 4978 765 5054 ἦσαν
790 4983 1081 5046 πεινῶντες
1105 4983 1198 5037 καὶ
1227 4983 1509 5054 διψῶντες,
1537 4983 1613 5050 ὡς
1642 4985 1741 5058 τὴν
1765 4986 1942 5059 ψυχὴν

368 5070 547 5126 αὐτῶν
583 5073 856 5128 ἐκλείπειν
890 5077 948 5128 ἐν
986 5075 1189 5138 αὐτοῖς.
1229 5074 1288 5127 Ὁ
1311 5075 1368 5128 δὲ
1400 5075 1782 5149 φιλάνθρωπος
1807 5079 1941 5144 Θεὸς

367 5165 460 5218 xui.
490 5165 695 5234 ἀγαθὸς
721 5167 912 5239 Σωτὴρ
948 5166 1163 5240 πρῶτον
1195 5167 1292 5239 μὲν
1315 5163 1597 5241 ὡδήγησεν
1625 5171 1819 5236 αὐτοὺς
1860 5175 1940 5236 εἰς

367 5257 482 5312 όδδν
504 5257 738 5314 εὐθεῖαν·
770 5259 960 5313 ἔπειτα
991 5261 1192 5328 ἔδειξεν
1217 5258 1400 5326 αὐτοῖς
1425 5263 1542 5327 πῶς
1565 5265 1670 5337 χρὴ
1704 5265 1938 5336 βαδίζειν

367 5350 464 5422 τὴν
494 5347 763 5424 φέρουσαν
801 5355 882 5418 είς
907 5353 1004 5425 τὴν
1034 5351 1190 5408 πόλιν
1229 5355 1322 5409 τοῦ
1353 5358 1792 5430 κατοικητηρίου.
1828 5357 1938 5413 Καὶ

368 5442 449 5506 τίς
468 5439 536 5498 ἃν
559 5445 643 5516 τίη
677 5447 710 5518 ή
745 5447 925 5500 εὐθεῖα
953 5447 1071 5511 ὁδὸς
1099 5448 1132 5520 ἢ
1161 5449 1190 5500 ό
1223 5449 1487 5521 σωτήριος
1529 5448 1686 5520 λόγος
1714 5453 1744 5505 ὁ
1772 5445 1938 5520 εὐαγι

369 5531 597 5602 γελικδς,
629 5537 660 5589 ό
695 5539 852 5608 μόνος
889 5538 1036 5608 ἡμᾶς
1065 5539 1212 5608 ἀγων
1242 5540 1324 5603 είς
1354 5539 1455 5612 τὴν
1497 5540 1817 5612 ἐπουράνιον
1849 5543 1939 5596 πό-

369 5629 465 5681 λιν·
496 5627 555 5681 ἐν
581 5621 617 5702 ᾖ
646 5631 922 5701 γενόμενοι
957 5630 1018 5684 τὸ
1052 5633 1473 5705 κατοικητήριον
1509 5631 1666 5705 ἡμῶν
1710 5633 1937 5708 εὑρήσο-

369 5735 496 5788 inv;
547 5719 1236 5791 Ἐξομαὶοτησάσθωσαν
1295 5723 1376 5789 τῷ
1429 5726 1622 5794 Κυρίῳ
1678 5726 1748 5780 τὰ
1791 5726 1935 5783 ὲλέη

435 5900 480 5934 ’³
519 5899 685 5956 Amos
719 5917 850 5962 vut,
891 5903 947 5956 11
977 5942 991 5966 ,
1033 5903 1118 5957 1‘2.

651 5998 924 6060 ΡΑτιιοι.
963 6000 1082 6062 Gn.
1118 6001 1358 6063 XXIII.

2051 4320 2106 4374 in
2133 4321 2396 4376 civitatem
2429 4322 2797 4379 habitationis.
2823 4323 3192 4396 Con/iteantur
3220 4330 3446 4388 Domino
3475 4337 3634 4392 mise-

2052 4413 2299 4468 ricordia
2339 4415 2476 4484 ejus,
2507 4424 2555 4470 et
2585 4415 2857 4470 mirabilia
2893 4417 3009 4488 ejus
3050 4419 3182 4489 [iliis
3225 4423 3516 4481 hominum.
3550 4427 3629 4484 Illi

2051 4506 2321 4577 siquidem
2355 4518 2681 4564 erraverunt
2715 4509 2772 4564 in
2815 4517 2964 4566 terra
2995 4511 3213 4568 deserta
3249 4526 3303 4572 et
3339 4518 3628 4590 inaquosa,

2049 4599 2154 4654 hac
2183 4601 2359 4670 prima
2385 4601 2740 4672 aegritudine,
2772 4605 2981 4661 erroris
3016 4609 3248 4671 scilicet,
3292 4610 3627 4672 laborantes.

2047 4690 2188 4747 Hinc
2213 4693 2266 4746 in
2297 4693 2599 4748 secundum
2629 4696 2833 4752 malum
2857 4696 3086 4768 delapsi,
3110 4700 3253 4755 viam
3285 4704 3546 4770 civitatis,
3572 4707 3626 4762 in

2045 4799 2152 4854 qua
2185 4784 2520 4851 habitarent,
2553 4802 2662 4841 non
2709 4789 3040 4845 invenerunt
3073 4810 3088 4846 :
3117 4807 3182 4847 ac
3211 4796 3434 4851 tertium
3476 4799 3625 4870 ipsos

2044 4877 2251 4931 malum
2286 4878 2508 4943 invasit,
2545 4879 2674 4950 quia
2707 4879 3026 4936 esuriebant
3054 4889 3110 4938 et
3141 4884 3423 4953 sitiebant,
3468 4889 3544 4946 ita
3567 4902 3624 4947 ut

2044 4969 2226 5022 anima
2274 4984 2465 5024 eorum
2513 4970 2568 5024 in
2615 4970 2752 5041 ipsis
2799 4971 3077 5030 deﬁceret.
3121 4974 3397 5050 Benignus
3445 4994 3622 5041 autem

2044 5059 2189 5116 Deus
2223 5076 2289 5116 ac
2330 5062 2509 5118 bonus
2541 5062 2814 5129 Salvator,
2841 5065 3020 5135 primo
3041 5067 3260 5138 quidem
3284 5071 3509 5129 deduxit
3528 5092 3620 5135 eos

2042 5151 2096 5206 in
2138 5154 2282 5208 viam
2329 5163 2574 5223 rectam;
2623 5155 2821 5212 deinde
2863 5156 3051 5214 docuit
3097 5175 3195 5216 eos
3223 5178 3333 5233 quo
3365 5176 3528 5236 pacto
3567 5171 3619 5225 in

2039 5249 2127 5304 via
2167 5249 2234 5303 ad
2265 5249 2544 5306 civitatem
2597 5251 2896 5307 habitaculi
2939 5251 3197 5320 ducente,
3238 5258 3615 5327 graderentur.

2039 5339 2226 5413 Ecqua
2269 5357 2402 5398 vero
2437 5342 2529 5398 illa
2582 5351 2734 5399 recta
2776 5343 2866 5398 via
2926 5343 3130 5411 fuerit,
3189 5347 3296 5402 nisi
3359 5349 3614 5409 salutaris

2039 5451 2223 5492 sermo
2252 5436 2625 5506 evangelicus,
2657 5436 2752 5507 qui
2783 5436 2936 5494 solus
2979 5453 3081 5495 nos
3110 5439 3177 5494 ad
3209 5441 3488 5498 caelestem
3525 5444 3612 5500 du

2038 5529 2115 5584 cit
2140 5529 2456 5597 civitatem;
2508 5529 2563 5585 in
2593 5545 2701 5601 qua
2735 5531 3045 5598 constituti,
3088 5533 3460 5590 habitaculum
3515 5553 3610 5594 no-

2038 5630 2214 5678 strum
2240 5623 2623 5694 reperiemus?
2655 5621 3025 5694 Conﬁteantur
3052 5624 3282 5682 Domino
3318 5629 3610 5685 misericor-

2037 5716 2142 5772 diae
2170 5717 2307 5788 ejus,
2350 5723 2400 5771 et
2442 5714 2714 5771 mirabilia
2745 5717 2860 5789 ejus
2901 5719 3031 5789 ﬁliis
3076 5719 3347 5775 hominum
3374 5739 3392 5776 :
3423 5725 3608 5794 praedio

3222 6004 3298 6064 1ιέ
