4102 6406
451 418 588 469 15³2.)

1148 402 1412 456 ευδιιιιιι
1450 393 1931 454 CASSARIENSIS
1967 392 2117 450 OPP.
2159 390 2341 447 PARS
2369 389 2462 445 111.
2496 388 2979 446 -—EX‘EGETICA.

3553 382 3695 442 ιδιιι

449 539 641 589 cantes
668 525 926 583 omnibus
958 522 1083 577 liliis
1109 522 1413 587 hominum,
1447 526 1508 573 ut
1527 531 1721 573 omnes
1743 516 1812 571 de
1844 514 2019 586 gratia
2046 566 2047 569 η

2146 512 2327 579 ιὺτοῦ,
2355 510 2454 565 καὶ
2483 510 2555 564 τὰ
2581 506 2884 578 θαυμάσια
2912 504 3097 561 αὐτοῦ
3117 503 3245 572 τοῖς
3265 501 3416 570 υίοῒς
3449 500 3570 557 τῶν
3600 500 3704 554 ἀνι

450 624 547 679 Dei
584 623 639 677 in
669 635 769 676 nos
802 617 1024 679 collata,
1057 613 1235 682 deque
1257 611 1381 680 ejus
1410 607 1786 663 misericordia
1824 604 2024 660 certio-

452 732 543 771 rcs
571 711 772 777 effecti,
797 709 865 763 ad
890 708 1122 764 salutem
1145 717 1504 774 preperemus
1533 707 1799 755 nostram.

528 999 696 1054 Vens.
723 994 878 1051 9-H.
923 990 1063 1056 Quia
1090 985 1302 1042 satiavit
1325 983 1564 1035 animam
1584 980 1815 1039 inanem,
1838 980 1889 1027 et
1910 970 2026 1026 ani-

456 1108 601 1147 mam
629 1090 945 1144 esurientem
974 1080 1188 1151 replevit
1229 1077 1398 1139 bonis,
1432 1072 1667 1127 sedentes
1712 1068 1768 1121 in
1802 1063 2026 1119 tenebris

455 1197 505 1241 et
526 1185 714 1239 umbra
736 1179 941 1241 mortis,
968 1178 1163 1230 vinctos
1188 1173 1245 1225 in
1275 1168 1607 1225 mendicitate
1631 1172 1680 1218 et
1700 1162 1863 1233 ferro.
1889 1156 2030 1225 Quia

456 1274 901 1332 exacerbaverunt
933 1267 1141 1337 eloquia
1186 1261 1424 1325 Domini,
1456 1267 1505 1312 et
1544 1255 1824 1337 consilium
1861 1251 2031 1306 Altis-

458 1368 584 1422 simi
611 1365 973 1419 irritaverant.
1003 1336 1267 1412 Umbram
1294 1351 1487 1406 mortis
1514 1349 1561 1405 si
1586 1336 1949 1403 idololatriam
1979 1348 2033 1396 et

459 1458 664 1527 impias
703 1453 945 1508 actiones
994 1446 1221 1508 dixeris,
1273 1443 1592 1513 neutiquam
1646 1438 1892 1492 aberres.
1938 1430 2034 1487 Ha:

457 1524 662 1619 quippe
693 1551 823 1600 sunt
859 1556 981 1612 quas
1018 1554 1119 1593 nos
1143 1553 1175 1591 a
1205 1550 1332 1592 vera
1365 1534 1479 1588 vita
1523 1534 1824 1588 semoveut.
1852 1524 1911 1579 In
1946 1524 2033 1578 his

461 1614 629 1711 porro
657 1643 818 1691 antea
853 1630 1233 1688 versabamur,
1271 1623 1492 1695 quando
1524 1620 1695 1675 Deum
1742 1614 2036 1672 exacerba-

459 1708 675 1796 bamus,
697 1737 751 1785 et
771 1725 1061 1783 consilium
1084 1718 1344 1775 Altissimi
1369 1714 1735 1770 irritabamus.
1754 1708 1888 1763 Nam
1909 1721 2033 1761 cum

460 1821 794 1895 oportuisset
837 1833 905 1873 ex
930 1810 1305 1885 magnitudine
1346 1814 1400 1862 et
1443 1800 1851 1875 pulchritudine
1875 1812 2035 1853 crea-

2124 602 2389 672 θρὼπωνο
2414 601 2784 673 κηρύσσοντες
2810 600 2892 663 εις
2915 597 3123 661 πάντας
3142 597 3271 660 τοὺς
3292 597 3442 659 υἱοὺς
3467 592 3579 647 τῶν
3606 593 3704 645 άν-

2123 693 2380 767 θρώπων,
2421 694 2569 756 ὅπως
2606 692 2657 745 οἱ
2698 692 2920 753 πάντες,
2963 688 3063 759 τὴν
3109 687 3269 759 χάριν
3308 686 3409 757 τὴν
3441 687 3520 749 είς
3551 684 3702 756 ἡμᾶς
3792 689 3805 701 ⁸

2123 785 2494 857 γεγενημένην
2523 784 2620 837 καὶ
2646 782 2715 837 τὰ
2747 781 2870 855 ὲλέη
2909 780 3003 834 τοῦ
3036 779 3172 834 Θεοῦ
3208 779 3490 850 μαθόντες,
3529 772 3702 830 m0!-

2128 893 2309 947 σωμεν
2339 877 2432 929 ἐπὶ
2464 874 2562 947 τὴν
2586 874 2765 930 αὐτῶν
2800 871 3093 944 σωτηρίαν.
3346 868 3369 885 ‘

2198 990 2320 1043 Ὀτι
2349 988 2640 1057 ἐχόρτασε
2661 984 2875 1054 ψυχὴν
2897 983 3104 1054 κενὴν,
3126 981 3228 1037 καί
3251 981 3467 1051 ψυχὴν
3489 978 3705 1037 πεινῶσ

2127 1096 2250 1135 σαν
2282 1078 2622 1147 ἐνέπλησεν
2665 1076 2921 1147 ἀγαθῶν,
2963 1073 3342 1145 καθημένους
3383 1073 3453 1127 ὲν
3496 1072 3703 1127 σκότει

2128 1173 2227 1226 καὶ
2252 1169 2397 1238 σκιᾷ
2415 1168 2694 1235 θανάτου,
2721 1167 3175 1237 πεπεδημένους
3208 1166 3276 1220 ὲν
3310 1164 3572 1235 πτωχείᾳ
3601 1165 3700 1217 καί

2130 1265 2373 1335 σιδήρῳ.
2405 1266 2525 1317 Ὅτι
2553 1262 3004 1331 παρεπίκραναν
3030 1259 3103 1313 τὰ
3122 1259 3297 1326 λόγια
3322 1256 3430 1311 τοῦ
3456 1256 3704 1324 Κυρίόυ,

2131 1359 2232 1414 καὶ
2254 1359 2370 1427 τὴν
2397 1355 2642 1424 ,βουλὴν
2667 1354 2773 1409 τοῦ
2816 1353 3098 1423 Ὑψίστου
3129 1348 3507 1420 παρώξυναν.
3539 1345 3708 1401 Σκιὰν

2133 1449 2364 1506 θανάτου
2395 1448 2498 1501 οὐκ
2533 1446 2599 1500 ἂν
2629 1444 2896 1516 ἁμάρτοις
2928 1443 3103 1511 λέγων
3130 1441 3230 1513 τὴν
3261 1439 3708 1510 είδωλολατρείαν

2133 1539 2230 1594 καὶ
2253 1537 2351 1602 τὰς
2373 1538 2431 1590 ὲν
2453 1536 2705 1606 ἀθεότητι
2734 1534 2982 1607 πράξεις.
3015 1528 3185 1587 Abeat.
3215 1532 3323 1603 γάρ
3352 1532 3490 1585 εἰσιν
3517 1532 3572 1584 αἱ
3598 1548 3712 1602 χω-

2138 1633 2380 1706 ρίζουσαι
2432 1632 2580 1703 ἡμᾶς
2622 1630 2733 1703 τῆς
2774 1627 3035 1699 ἀληθινῆς
3065 1623 3232 1695 ζωῆς.
3279 1624 3367 1678 Ἐν
3391 1622 3615 1688 ταύταις
3650 1623 3712 1677 δὲ

2134 1718 2277 1794 ἦμεν
2305 1720 2589 1793 πρότερον,
2620 1719 2707 1773 διὰ
2737 1719 2800 1772 τὸ
2827 1714 3283 1787 παραπικραίνειν
3310 1714 3402 1767 τὸν
3427 1713 3582 1778 Θεὸν,
3617 1714 3715 1767 καὶ

2139 1814 2238 1886 τὴν
2280 1811 2475 1883 βουλὴν
2524 1807 2618 1863 τοῦ
2678 1808 2931 1878 Ὑψίστου
2961 1806 3304 1878 παροξύνειν.
3334 1804 3462 1858 Δέον
3502 1804 3613 1876 γάρ
3646 1805 3715 1857 ὲκ

461 1925 707 1970 :urarum
733 1908 981 1980 opiﬁcem
1011 1894 1779 1964 ιιηίτθτεοτυιη(τοηιθιηριπίυ
1808 1900 1863 1947 ει
1891 1905 2038 1980 δεῖν
2068 1896 2112 1950 Β
2143 1905 2403 1979 μεγέθους
2434 1905 2528 1958 καὶ
2564 1902 2823 1973 καλλονῆς
2868 1900 3182 1971 κτισμάτων
3209 1899 3300 1953 τὸν
3331 1898 3714 1969 γενεσιουργὸν

461 2005 732 2077 piternam
753 1979 875 2071 ejus
890 1997 1148 2053 virtutem
1182 1990 1629 2057 divinitatemque
1662 1999 1730 2039 ex
1760 1979 2037 2037 creatione

463 2072 655 2152 mundi
682 2091 1028 2161 intelligere;
1061 2099 1163 2140 nos
1191 2087 1386 2136 contra
1433 2075 1593 2147 quasi
1621 2073 1752 2129 caaci
1785 2072 1839 2126 in
1886 2079 2038 2124 teneo

463 2188 578 2245 bris
608 2192 666 2244 et
689 2182 887 2239 umbra
915 2177 1111 2235 mortis
1141 2174 1422 2245 degentes,
1452 2184 1516 2224 ac
1543 2164 1843 2225 secundum
1867 2162 2038 2217 ratio-

465 2278 677 2335 nabiles
704 2275 902 2330 animae
931 2270 1164 2326 virtutes
1198 2262 1490 2335 compediti
1517 2267 1572 2317 et
1610 2256 1888 2321 excmcati,
1919 2270 2041 2309 mu-

461 2370 704 2426 tavimus
745 2363 973 2436 gloriam
1014 2355 1319 2428 incorrupti
1366 2353 1463 2409 Dei
1514 2352 1571 2406 in
1624 2347 2039 2406 similitudinem

465 2457 722 2531 imaginis
747 2454 993 2524 corrupti
1014 2449 1275 2514 hominis,
1307 2453 1363 2503 et
1386 2444 1693 2508 volucrum,
1722 2447 1779 2497 et
1798 2437 2042 2511 quadru-

469 2552 691 2623 pedum,
727 2556 782 2604 et
819 2545 1118 2617 reptilium.

541 2642 709 2699 Vens.
740 2637 928 2694 12-14.
971 2634 1037 2689 Et
1062 2631 1400 2688 humiliatum
1435 2634 1513 2682 est
1554 2625 1608 2678 in
1640 2618 1910 2676 laboribus
1952 2633 2043 2671 cor

469 2751 651 2791 eorum
673 2751 691 2788 :
717 2730 980 2802 inﬁrmati
999 2736 1143 2791 sunt,
1169 2741 1261 2779 nec
1283 2723 1384 2794 fuit
1414 2720 1503 2791 qui
1530 2715 1826 2786 adjuvaret.
1848 2710 2044 2781 Ingens

472 2826 672 2897 quippe
711 2822 844 2878 illud
885 2818 1100 2875 facinus
1149 2814 1254 2872 soli
1286 2811 1465 2868 Verbo
1499 2808 1593 2863 Dei
1634 2803 2041 2868 reservabatur,

471 2920 539 2975 de
560 2932 670 2989 quo
699 2916 803 2973 sub
830 2914 945 2969 haec
966 2910 1167 2965 dicitur
1194 2928 1209 2962 :
1236 2905 1385 2961 Misit
1425 2900 1647 2957 Verbum
1674 2912 1851 2960 suum,
1871 2902 1923 2949 et
1956 2910 2046 2948 sa-

473 2982 619 3065 navit
649 3025 757 3075 eos,
786 3016 836 3062 et
867 3003 1061 3073 eripuit
1097 3017 1185 3056 eos
1228 2998 1291 3053 de
1316 2990 1710 3051 interitionibus
1737 2996 1939 3043 eorum.
1976 2982 2045 3037 Et

466 3103 834 3156 clamauerunt
864 3096 933 3151 ad
963 3093 1251 3149 Dominum
1293 3104 1412 3143 cum
1449 3084 1832 3139 tribularentur
1860 3085 1950 3133 :et
1982 3075 2047 3131 de

2137 2000 2245 2053 τῶν
2274 1999 2411 2053 ὅλων
2442 1999 2688 2069 θεωρεῖν,
2715 1995 2809 2050 καὶ
2841 1994 2940 2066 τὴν
2971 1980 3142 2047 ἀΐδιον
3170 1991 3337 2045 αὐτοῦ
3363 1991 3590 2062 δύναμιν
3617 1990 3716 2044 καὶ

2140 2091 2390 2164 θειότητα
2413 2090 2522 2144 ἀπὸ
2552 2089 2782 2152 κτίσεως
2812 2087 3016 2158 κόσμου
3046 2087 3206 2139 νοεῖν·
3240 2087 3401 2155 ἡμεῖς
3427 2083 3484 2136 δὲ
3504 2079 3593 2137 οἶα
3622 2102 3715 2137 τυ-

2141 2183 2263 2254 φλοὶ
2294 2185 2352 2237 ὲν
2378 2181 2552 2253 σκότῳ
2584 2181 2680 2235 καὶ
2706 2181 2834 2251 σκιᾷ
2874 2178 3102 2233 θανάτου
3140 2177 3438 2246 διάγοντες,
3476 2178 3571 2230 καὶ
3614 2176 3717 2241 τὰς

2139 2274 2359 2345 λογικάς
2387 2274 2487 2344 τῆς
2522 2272 2698 2343 ψυχῆς
2729 2271 2985 2343 δυνάμεις
3009 2269 3375 2340 πεπεδημένοι
3408 2268 3503 2321 καὶ
3534 2285 3714 2338 πεπηι

2144 2365 2402 2437 ρωμὲνοι,
2429 2362 2822 2434 ὲνηλλάττομεν
2844 2361 2944 2432 τὴν
2976 2357 3134 2425 δόξαν
3155 2358 3247 2411 τοῦ
3276 2357 3555 2430 ἀφθάρτου
3579 2357 3715 2411 Θεοῦ

2142 2460 2200 2511 ὲν
2225 2454 2532 2528 ὁμοιώματι
2557 2454 2765 2516 εἰκόνος
2792 2451 3030 2524 φθαρτοῦ
3054 2450 3365 2522 ἀνθρώπου,
3405 2448 3502 2503 καὶ
3532 2466 3716 2515 πετειτ

2143 2550 2250 2605 νῶν
2282 2550 2376 2604 καὶ
2399 2548 2744 2622 τετραπόδων
2777 2547 2870 2601 καὶ
2907 2546 3172 2619 ἑρπετῶν.

2212 2639 2325 2696 Καὶ
2362 2637 2721 2708 ἐταπεινώθη
2770 2638 2839 2692 ὲν
2878 2640 3088 2703 κόποις
3140 2637 3181 2705 ἡ
3232 2636 3447 2705 καρδία
3499 2633 3714 2690 αὐτῶν

2142 2731 2498 2801 ἠσθένησαν
2541 2732 2641 2785 καὶ
2672 2734 2785 2785 οὐκ
2824 2725 2904 2802 ἦν
2941 2732 2975 2784 ὁ
3002 2728 3265 2799 βοηθῶν.
3302 2728 3583 2801 Ἐτηρεῖτο
3613 2727 3721 2799 γὰρ

2141 2825 2206 2879 τὸ
2247 2825 2388 2897 μέγα
2413 2824 2571 2877 τοῦτο
2602 2821 2931 2893 κατόρθωμα
2966 2821 3111 2892 μόνῳ
3140 2819 3219 2892 τῷ
3248 2820 3407 2892 Λόγῳ
3438 2819 3533 2873 τοῦ
3560 2819 3721 2885 Θεοῦ,

2144 2920 2275 2993 περὶ
2299 2915 2360 2973 οῦ
2382 2917 2507 2990 ἑξῆς
2532 2915 2766 2989 εἴρηταιο
2806 2913 3141 2969 Ἀπέστειλε
3159 2913 3268 2968 τὸν
3291 2915 3488 2984 Λόγον
3510 2911 3720 2975 αὐτοῦ,

2103 3019 2118 3044 ⁸
2145 3012 2246 3067 καί
2287 3010 2497 3066 ἰάσατο
2538 3008 2781 3073 αὐτοὺς,
2821 3006 2919 3061 καί
2964 3005 3345 3074 ὲλυτρώσατο
3383 3005 3606 3072 αὐτοὺς
3652 3006 3723 3058 ἐκ

2146 3098 2266 3154 τῶν
2293 3095 2629 3166 διαφθορῶν
2656 3093 2875 3151 αὐτῶν.
2904 3095 3014 3150 Καὶ
3044 3095 3377 3165 ἑκέκραξαν
3415 3096 3566 3164 πρὸς
3606 3098 3722 3149 Κύ-

468 3187 873 3248 necessitatibus
910 3199 1089 3238 eorum
1130 3178 1369 3234 liberavit
1396 3192 1505 3230 eos.
1551 3172 1618 3226 Et
1654 3170 1836 3225 eduxit
1865 3183 1952 3223 eos
1983 3166 2047 3220 de

2146 3207 2280 3259 ριον
2302 3191 2371 3244 ὲν
2399 3189 2479 3255 τῷ
2512 3189 2816 3244 θλίϐεσθαι
2860 3188 3103 3254 αὐτοὺς,
3143 3188 3241 3242 καὶ
3278 3187 3347 3241 ὲκ
3384 3185 3505 3241 τῶν
3540 3188 3659 3243 ἀνα

478 3206 873 3248 necessitatibus
910 3206 1089 3238 eorum
1130 3206 1369 3234 ttucruvu
1396 3206 1505 3230 sua.
1551 3206 1617 3226 υι
1654 3206 1836 3225 suum.
1865 3206 1952 3223 υυυ
1983 3206 2045 3220 ..ν

478 3280 705 3338 tenebris
729 3288 781 3333 et
809 3275 996 3330 umbra
1028 3271 1238 3335 mortis,
1266 3277 1315 3323 et
1349 3266 1564 3323 vincula
1593 3278 1775 3318 eorum
1797 3259 2044 3327 disrupit.

2146 3207 2280 3259 ριον
2302 3206 2371 3244 εν
2399 3207 2479 3255 τῳ
2512 3206 2816 3244 υνιιοεσσαι
2860 3206 3103 3254 αυτους,
3143 3206 3241 3242 και
3278 3206 3347 3241 εκ
3384 3206 3505 3241 των
3540 3206 3723 3257 αναγ-

2149 3281 2272 3337 κῶν
2295 3279 2494 3336 αὐτῶν
2517 3280 2754 3334 ἔσωσεν
2781 3279 3023 3345 αὐτούς.
3045 3277 3157 3333 Καὶ
3181 3277 3471 3345 ἐξήγαγεν
3497 3277 3721 3344 αὐτοὺς

478 3295 705 3338 tenebris
729 3295 781 3333 ει
809 3295 996 3330 umbra
1028 3295 1238 3335 manu,
1266 3295 1315 3323 ω
1349 3295 1564 3323 υιιιιιιια
1593 3295 1775 3318 eurum
1797 3295 2044 3327 ισιοιιψη.

477 3369 615 3424 Nam
641 3363 914 3439 quomodo
935 3363 993 3417 in
1022 3357 1445 3416 necessitatibus
1472 3368 1584 3409 non
1608 3352 1896 3412 fuerimus,
1924 3362 2047 3402 cum

2149 3299 2272 3337 κων
2295 3295 2494 3336 αυτων
2517 3295 2754 3334 εσωσεν
2781 3295 3023 3345 aurove.
3045 3295 3157 3333 ιίαι
3181 3295 3471 3349 εςηγαγεν
3497 3295 3721 3344 αυτους

2149 3374 2219 3427 ὲκ
2246 3375 2507 3438 σκότους
2534 3371 2633 3425 καὶ
2660 3370 2839 3438 σκιᾶς
2866 3369 3149 3436 θανάτου,
3172 3370 3273 3424 καί
3288 3368 3429 3435 τοὺς
3450 3368 3719 3437 δεσμοὺς

478 3385 615 3424 nam
641 3385 914 3439 quomouu
935 3385 993 3417 Ill
1022 3385 1445 3416 necessitatum:
1474 3385 1584 3409 nun
1608 3385 1718 3407 suo:
1731 3385 1896 3412 annua,
1924 3385 2047 3402 νυ...

478 3459 734 3530 malignis
757 3452 1098 3510 daemonibus
1128 3456 1184 3505 et
1213 3446 1499 3519 spiritibus
1537 3441 1834 3498 immundis
1878 3437 2047 3494 servi-

2149 3385 2219 3427 εκ
2246 3385 2507 3438 σκότους
2534 3385 2633 3425 και
2660 3386 2839 3438 σκιας
2866 3385 3149 3436 θανατου,
3172 3385 3271 3424 και·
3288 3385 3429 3435 τους
3450 3385 3719 3437 οεσμους

2149 3460 2680 3531 αὐτῶν’διέρῤηξε.
2728 3463 2854 3527 Πῶς
2896 3463 3004 3533 γὰρ
3040 3463 3141 3516 ούκ
3181 3457 3318 3533 ἦμεν
3347 3461 3404 3514 ὲν
3434 3460 3719 3529 ἀνάγκαις,

478 3500 733 3530 .......,,...-
760 3500 1096 3510 .......----__-
1133 3500 1181 3505 --
1214 3500 1296 3519 Ἰ-
1397 3500 1419 3501 η

475 3548 702 3606 remus?
737 3547 806 3600 At
825 3541 1097 3614 benignus
1124 3547 1178 3594 et
1209 3536 1521 3593 misericors
1544 3531 1711 3598 Deus,
1740 3538 2047 3588 sanctorum

2149 3500 2334 3520 μυιωι
2387 3500 2680 3531 manu“...
2732 3500 2853 3527 μιν..
2933 3500 2968 3515 υ.
3040 3500 3141 3516 ν...
3188 3500 3199 3515 .
3299 3500 3401 3516 ν...
3434 3500 3539 3513 .....
3577 3500 3669 3514 η...

2152 3557 2407 3627 πονηροῖς
2429 3554 2646 3625 δαίμοσι
2677 3554 2771 3607 καὶ
2800 3500 3107 3625 πεῦμίσιν
3128 3500 3454 3624 ἀκαθάρτοις
3477 3500 3726 3606 δεδουλῶἶ

473 3638 869 3710 prophetarum
893 3647 959 3688 ac
990 3628 1370 3701 religiosorum
1402 3626 1644 3680 virorum
1673 3637 1773 3694 pro
1798 3620 1958 3677 nobis
1986 3619 2047 3675 ad

2155 3619 2337 3721 μένα-ᾖ
2377 3619 2570 3725 Ἀλλ’-ό
2594 3619 2973 3717 φιλάνθρωπος
3006 3645 3102 3699 καὶ
3137 3619 3384 3715 ἐλεήμων
3412 3644 3565 3708 Θεὸς.
3610 3648 3726 3708 ταῖς

481 3747 541 3787 se
567 3726 921 3785 clamantium
951 3737 1142 3797 preces
1170 3718 1491 3784 exaudiens,
1531 3730 1640 3771 non
1669 3712 1833 3769 modo
1861 3729 1962 3768 nos
1987 3712 2055 3768 ab

486 3823 593 3876 lllis
631 3818 850 3888 eripuit,
895 3830 1085 3871 verum
1135 3813 1301 3869 etiam
1330 3823 1519 3868 eorum
1550 3807 1768 3862 vincula
1796 3805 2051 3875 disrupit.

488 3914 601 3968 lloc
640 3926 804 3983 porro
832 3908 1078 3964 declarat
1119 3906 1343 3961 uberem
1390 3909 1739 3974 peccatorum
1768 3897 2055 3954 remissio-

489 4021 634 4068 nem,
661 4018 769 4074 qua
801 4016 903 4057 nos
941 3996 1241 4054 Salvatoris
1268 3994 1446 4050 nostri
1474 3989 1604 4048 Jesu
1636 3989 1842 4047 Christi
1880 3987 2057 4060 gratia

486 4101 744 4169 dignatus
768 4102 873 4149 est.

557 4291 754 4347 VensJ
764 4291 842 4345 5-1
856 4290 905 4343 7.
925 4287 1288 4357 Conﬁteantur
1300 4256 1525 4338 Domino
1539 4279 1910 4336 misericordia:
1923 4276 2059 4346 ejus,

489 4394 537 4440 et
552 4382 821 4438 mirabilia
847 4381 962 4450 ejus
984 4379 1113 4449 ﬁliis
1135 4377 1442 4431 hominum:
1462 4375 1589 4445 quia
1610 4371 1855 4427 contrivit
1876 4376 2058 4439 portas

490 4491 677 4537 cereas,
706 4482 756 4528 et
778 4479 943 4527 vectes
974 4470 1171 4539 ferreos
1203 4467 1479 4538 confregit.
1508 4464 1748 4534 Suscepit
1772 4478 1860 4517 eos
1880 4459 1946 4516 de
1976 4461 2060 4515 via

2152 3740 2261 3795 τῶν
2289 3741 2461 3809 ἁγίων
2501 3739 2666 3794 αὐτοῦ
2697 3738 2991 3812 προφητῶν
3016 3755 3075 3791 τε
3104 3739 3199 3792 καὶ
3227 3736 3488 3806 θεοφιλῶν
3520 3736 3728 3806 ἀνδρῶν

2153 3835 2341 3904 εὐχαῖς
2368 3831 2679 3896 ἐπακούσας
2713 3830 2961 3902 βοώντων
2989 3829 3130 3901 ὑπὲρ
3173 3828 3331 3901 ήμῶν
3371 3828 3508 3901 πρὸς
3543 3828 3729 3892 αὐτὸν,

2155 3927 2216 3980 οὐ
2250 3926 2410 3996 μόνον
2436 3923 2705 3995 ἐξήγαγεν
2738 3924 2885 3995 ἡμᾶς
2914 3925 2979 3977 ὲκ
3004 3923 3228 3986 τούτων,
3255 3920 3391 3975 ἀλλὰ
3412 3918 3729 3974 καὶτούτων

2155 4018 2225 4072 τὰ
2251 4016 2427 4088 δεσμά
2463 4015 2768 4088 διέρρηξεν.
2800 4014 2961 4087 Δηλοί
3000 4014 3057 4068 δὲ
3095 4013 3253 4068 τοῦτο
3278 4016 3377 4086 τὴν
3397 4013 3597 4084 ἀθρόαν
3623 4012 3732 4066 τῶν

2156 4108 2496 4182 ἁμαρτωλῶν
2529 4109 2743 4178 ἄφεσιν,
2780 4103 2847 4180 ἧς
2888 4105 3225 4178 κατηξίωσεν
3256 4107 3403 4177 ἡμᾶς
3432 4107 3465 4178 ἡ
3493 4104 3587 4159 τοῦ
3616 4105 3730 4157 Eur-

2158 4202 2323 4275 τῆρος
2349 4201 2509 4273 ἡμῶν
2554 4199 2728 4273 Ἰησοῦ
2755 4199 2992 4272 Χριστοῦ
3017 4201 3195 4271 χάρις.

2242 4291 2933 4364 Ἐξομολογησάσθωσαν
2980 4290 3062 4357 τῷ
3102 4291 3297 4359 Κυρίῳ
3335 4289 3410 4344 τὰ
3442 4290 3585 4359 eam
3626 4294 3731 4347 ab-

2159 4385 2287 4451 τοῦ,
2317 4386 2513 4441 καὶτὰ
2555 4383 2861 4454 θαυμάσια
2898 4382 3089 4438 αὐτοῦ
3121 4382 3246 4450 τοῖς
3277 4383 3431 4451 υἱοῖς
3478 4383 3596 4438 τῶν
3636 4387 3734 4440 ἁν-

2163 4474 2437 4544 θρώπων’
2474 4474 2563 4527 ὅτι
2606 4473 2934 4542 συνέτριψε
2981 4473 3182 4540 πύλας
3212 4472 3468 4544 χαλκᾶς,
3507 4475 3603 4529 καί
3627 4493 3733 4545 μο-

488 4562 785 4635 iniquitatis
814 4575 1015 4623 eorum,
1038 4567 1247 4628 propter
1274 4555 1566 4627 injustitias
1590 4553 1724 4607 enim
1742 4567 1867 4606 suas
1890 4550 2047 4603 humi-

2165 4567 2356 4638 χλοὺς
2377 4567 2664 4637 σιδηροῦς
2691 4566 3094 4624 συνέθλασεν.
3145 4569 3516 4624 Ἀντελάϐετο
3537 4570 3736 4625 αὐτῶν

489 4656 610 4713 tiati
639 4663 785 4709 sunt.
804 4651 1043 4722 ldipsum
1068 4649 1184 4720 jam
1228 4648 1301 4704 ob
1325 4646 1628 4718 posteriora
1644 4643 1765 4714 ejus
1795 4640 2058 4698 beneficia

489 4745 776 4815 repetitur.
824 4741 1064 4798 A‘Istimo
1102 4749 1286 4795 autem
1324 4739 1691 4793 humanarum
1747 4735 2054 4789 animarum

488 4839 558 4892 ad
615 4844 843 4891 mortem
879 4849 1053 4904 usque
1089 4833 1312 4903 lapsum
1364 4830 1452 4887 his
1514 4828 1783 4895 indicari;
1828 4837 2062 4895 quarum

491 4942 659 4984 causa
691 4941 830 4997 opus
864 4924 967 4981 fuit
995 4932 1056 4979 ut
1096 4922 1425 4994 Redemptor
1455 4930 1511 4977 et
1541 4919 1791 4975 Salvator
1818 4916 2062 4972 omnium

491 5020 560 5075 ad
593 5026 822 5076 mortem
854 5031 1027 5087 usque
1074 5012 1449 5070 descenderet.
1475 5011 1595 5078 Quo
1643 5024 1768 5065 cum
1810 5006 1961 5064 solus
1998 5020 2064 5060 ex

493 5112 751 5170 omnibus
778 5111 1019 5167 venisset
1045 5108 1302 5165 Christus
1339 5106 1452 5170 Dei,
1482 5115 1671 5175 portas
1711 5101 1855 5168 illas,
1885 5115 2005 5169 qua:
2033 5114 2064 5153 a

494 5203 693 5260 saculo
740 5201 886 5257 ferro
951 5200 1186 5255 occlusae
1226 5204 1422 5265 erant,
1461 5206 1515 5252 et
1570 5193 1705 5249 nulli
1752 5190 2065 5247 mortalium

496 5300 695 5362 apertae
731 5290 969 5351 fuerant,
988 5297 1151 5359 atque
1183 5287 1304 5342 ideo
1330 5302 1397 5341 ex
1416 5299 1522 5340 acre
1547 5280 1795 5338 conﬂata:
1825 5279 2063 5342 fuerant,

496 5382 792 5446 contrivit,
828 5389 882 5437 et
923 5395 1030 5436 una
1072 5392 1261 5435 earum
1307 5384 1528 5444 vectes,
1567 5382 1725 5429 antea
1766 5371 2064 5436 infractos,

498 5473 785 5544 confregit.

566 5663 696 5718 Vcrs
717 5666 894 5720 18-23.
918 5666 1135 5722 Omnem
1147 5668 1321 5721 escam
1338 5664 1642 5721 abominata
1653 5672 1729 5718 est
1752 5662 1933 5715 anima
1954 5677 2070 5715 eor-

503 5772 613 5818 um,
633 5765 683 5810 et
704 5760 1247 5828 appropinquaverunt
1284 5774 1445 5828 usque
1474 5757 1549 5811 ad
1566 5766 1748 5826 portas
1765 5755 1972 5810 mortis.
1986 5753 2070 5809 0b

505 5846 707 5899 malum
727 5846 978 5901 aﬂ‘cctum
998 5848 1309 5913 eorumqui
1325 5848 1702 5905 rationabilem
1718 5854 1773 5905 et
1784 5844 2070 5903 animabus

2158 4660 2229 4726 ἐξ
2260 4660 2405 4715 ὀδοῦ
2431 4661 2684 4731 ἀνομίας
2706 4660 2906 4715 αὐτῶν
2922 4677 2936 4692 ·
2965 4660 3063 4715 διὰ
3081 4662 3192 4731 γὰρ
3219 4663 3326 4729 τὰς
3350 4663 3603 4732 ἀνομίας
3632 4666 3734 4719 αὐ-

2161 4754 2280 4810 τῶν
2304 4752 2810 4822 ἐταπεινώθησαν.
2849 4754 2958 4807 Καὶ
2988 4753 3083 4807 νῦν
3122 4754 3185 4808 τὸ
3215 4755 3347 4808 αὐτὸ
3394 4753 3611 4823 λέγεται
3642 4757 3737 4813 ἐπὶ

2160 4849 2281 4911 ταῖς
2320 4846 2606 4918 δευτέραις
2637 4845 2981 4917 εὐεργεσίαις
3025 4845 3213 4899 αὑτοῦ.
3265 4846 3534 4918 Ἡγοῦμαι
3565 4848 3622 4901 δὲ
3649 4848 3738 4902 διὰ

2161 4937 2367 4992 τούτων
2398 4934 2497 5009 τὴν
2529 4936 2692 5009 μέχρι
2732 4937 2964 4993 θανάτου
3009 4939 3361 5013 κατάπτωσιν
3387 4938 3497 4993 τῶν
3529 4938 3738 5011 ἀνθρω-

2164 5027 2335 5082 πίνων
2384 5026 2568 5099 ψυχῶν
2612 5027 2933 5101 δηλοῦσθαιο
2968 5028 3035 5082 δι’
3064 5029 3131 5093 ἃς
3168 5030 3262 5083 καὶ
3312 5030 3475 5101 μέχρι
3507 5028 3739 5083 θανάτου

2164 5121 2356 5192 ἐδέησε
2397 5119 2477 5192 τῷ
2504 5120 2753 5194 λυτρωτῇ
2799 5121 3017 5176 πάντων
3050 5121 3147 5175 καὶ
3188 5121 3404 5192 Σωτῆρι
3434 5120 3737 5176 κατελθεῖν.

2170 5210 2343 5265 Ἔνθα
2363 5211 2651 5283 γενόμενος
2677 5210 2837 5282 μόνος
2877 5210 2986 5266 τῶν
3036 5209 3255 5265 πώποτε
3301 5213 3330 5264 ό
3372 5211 3606 5283 Χριστὸς
3645 5212 3740 5266 τοῦ

2165 5300 2323 5366 Θεοῦ,
2360 5298 2457 5363 τὰς
2511 5298 2571 5365 ἐξ
2613 5299 2808 5364 αἰῶνος
2857 5298 3227 5371 σιδηροδέτους
3284 5296 3476 5362 πύλας,
3521 5296 3741 5360 καὶτὰς

2169 5390 2360 5464 μηδενὶ
2383 5390 2560 5463 θνητῷ
2584 5389 2947 5461 άνοιχθείσας,
2991 5390 3085 5442 καὶ⁵
3108 5387 3197 5443 διὰ
3226 5387 3385 5441 τοῦτο
3417 5387 3623 5460 χαλκᾶς
3649 5403 3739 5456 γε-

2167 5482 2396 5555 νομένας
2416 5522 2436 5547 ,
2490 5481 2774 5554 συνέτριψε
2798 5525 2814 5550 ,
2872 5482 2966 5536 καὶ
3008 5482 3134 5545 τοὺς
3176 5479 3384 5534 τούτων
3431 5480 3743 5552 ἀρρήκτους

2171 5573 2403 5645 μοχλοὺς
2440 5573 2787 5627 συνέκλασεν.
3603 5609 3610 5618 .

2238 5662 2371 5719 Πᾶν
2402 5663 2614 5734 ,ϐρῶμα
2655 5662 3017 5729 ἐϐδελύξατο
3062 5665 3101 5732 ἠ
3140 5662 3312 5733 ψυχὴ
3360 5660 3578 5725 αὐτῶν,
3639 5661 3741 5716 καί

2170 5754 2430 5825 ἤγγισαν
2467 5755 2579 5823 ἕως
2616 5755 2734 5809 τῶν
2774 5754 2986 5809 πυλῶν
3035 5755 3141 5811 τοῦ
3192 5753 3470 5808 θανάτου.
3507 5744 3740 5807 Διάκρι-

2173 5845 2389 5913 κοεξίαν
2438 5846 2547 5901 τῶν
2605 5848 3097 5916 ἀποστρεφομένων
3144 5847 3323 5901 πᾶσαν
3372 5843 3594 5911 λογικὴν
3646 5844 3740 5899 καὶ
