  <div class='ocr_page' id='page_1' title='image "/cluster/home/n/w/nwhite01/storage/ocr_20150623/23:no.5/coo.31924054873033/678.png"; bbox 0 0 4102 6390; ppageno 0'>
   <div class='ocr_carea' id='block_1_1' title="bbox 363 408 503 464">
    <p class='ocr_par' dir='ltr' id='par_1_1' title="bbox 363 408 503 464">
     <span class='ocr_line' id='line_1_1' title="bbox 363 408 503 464; baseline 0.014 -2"><span class='ocrx_word' id='word_1_1' title='bbox 363 411 386 462; x_wconf 80' lang='grc'><strong>1</strong></span> <span class='ocrx_word' id='word_1_2' title='bbox 397 408 503 464; x_wconf 74' lang='lat'><strong>59.5</strong></span> 
     </span>
    </p>
   </div>
   <div class='ocr_carea' id='block_1_2' title="bbox 1461 399 2447 458">
    <p class='ocr_par' dir='ltr' id='par_1_2' title="bbox 1461 399 2447 458">
     <span class='ocr_line' id='line_1_2' title="bbox 1461 399 2447 458; baseline -0.006 0"><span class='ocrx_word' id='word_1_3' title='bbox 1461 400 1962 458; x_wconf 77' lang='lat' dir='ltr'><strong>COMMENTARlA</strong></span> <span class='ocrx_word' id='word_1_4' title='bbox 2004 399 2069 454; x_wconf 77' lang='lat' dir='ltr'><strong>IN</strong></span> <span class='ocrx_word' id='word_1_5' title='bbox 2111 399 2447 456; x_wconf 78' lang='lat' dir='ltr'><strong>PSALMOS.</strong></span> 
     </span>
    </p>
   </div>
   <div class='ocr_carea' id='block_1_3' title="bbox 3477 399 3615 456">
    <p class='ocr_par' dir='ltr' id='par_1_3' title="bbox 3477 399 3615 456">
     <span class='ocr_line' id='line_1_3' title="bbox 3477 399 3615 456; baseline 0 -2"><span class='ocrx_word' id='word_1_6' title='bbox 3477 401 3500 454; x_wconf 83' lang='grc'><strong>1</strong></span> <span class='ocrx_word' id='word_1_7' title='bbox 3511 399 3615 456; x_wconf 73' lang='grc'><strong>526</strong></span> 
     </span>
    </p>
   </div>
   <div class='ocr_carea' id='block_1_4' title="bbox 359 506 1941 588">
    <p class='ocr_par' dir='ltr' id='par_1_4' title="bbox 359 513 1930 588">
     <span class='ocr_line' id='line_1_4' title="bbox 359 513 1930 588; baseline -0.002 -18"><span class='ocrx_word' id='word_1_8' title='bbox 359 514 547 588; x_wconf 70' lang='grc' dir='ltr'><em>ψυχῶν</em></span> <span class='ocrx_word' id='word_1_9' title='bbox 579 518 846 588; x_wconf 82' lang='grc' dir='ltr'><em>σωτήριον</em></span> <span class='ocrx_word' id='word_1_10' title='bbox 891 516 1116 588; x_wconf 80' lang='grc' dir='ltr'><em>τροφὴν,</em></span> <span class='ocrx_word' id='word_1_11' title='bbox 1160 513 1384 578; x_wconf 75' lang='grc' dir='ltr'><strong>εἰκότως</strong></span> <span class='ocrx_word' id='word_1_12' title='bbox 1418 515 1746 578; x_wconf 74' lang='grc' dir='ltr'><em>ἀποσταλεὶς</em></span> <span class='ocrx_word' id='word_1_13' title='bbox 1773 517 1802 568; x_wconf 89' lang='grc' dir='ltr'><strong>ό</strong></span> <span class='ocrx_word' id='word_1_14' title='bbox 1838 515 1930 568; x_wconf 74' lang='grc' dir='ltr'><em>τοῦ</em></span> 
     </span>
    </p>
   </div>
   <div class='ocr_carea' id='block_1_5' title="bbox 2043 506 3616 588">
    <p class='ocr_par' dir='ltr' id='par_1_5' title="bbox 2043 506 3616 581">
     <span class='ocr_line' id='line_1_5' title="bbox 2043 506 3616 581; baseline 0 -11"><span class='ocrx_word' id='word_1_15' title='bbox 2043 513 2336 570; x_wconf 74' lang='lat' dir='ltr'><strong>salutarem</strong></span> <span class='ocrx_word' id='word_1_16' title='bbox 2357 527 2540 568; x_wconf 86' lang='lat' dir='ltr'><strong>escam</strong></span> <span class='ocrx_word' id='word_1_17' title='bbox 2575 515 2988 581; x_wconf 88' lang='lat' dir='ltr'><strong>aversabantur,</strong></span> <span class='ocrx_word' id='word_1_18' title='bbox 3030 506 3228 571; x_wconf 83' lang='lat' dir='ltr'><strong>merito</strong></span> <span class='ocrx_word' id='word_1_19' title='bbox 3255 515 3460 573; x_wconf 89' lang='lat' dir='ltr'><strong>missus</strong></span> <span class='ocrx_word' id='word_1_20' title='bbox 3492 519 3616 571; x_wconf 89' lang='lat' dir='ltr'><strong>uni-</strong></span> 
     </span>
    </p>
   </div>
   <div class='ocr_carea' id='block_1_6' title="bbox 360 607 1936 680">
    <p class='ocr_par' dir='ltr' id='par_1_6' title="bbox 360 607 1936 680">
     <span class='ocr_line' id='line_1_6' title="bbox 360 607 1936 680; baseline -0.003 -17"><span class='ocrx_word' id='word_1_21' title='bbox 360 607 496 663; x_wconf 79' lang='grc' dir='ltr'><em>Θεοῦ</em></span> <span class='ocrx_word' id='word_1_22' title='bbox 525 609 818 680; x_wconf 82' lang='grc' dir='ltr'><em>μονογενὴς</em></span> <span class='ocrx_word' id='word_1_23' title='bbox 848 609 977 672; x_wconf 83' lang='grc' dir='ltr'><strong>Υἱὸς</strong></span> <span class='ocrx_word' id='word_1_24' title='bbox 1008 609 1166 680; x_wconf 81' lang='grc' dir='ltr'><em>μέχρι</em></span> <span class='ocrx_word' id='word_1_25' title='bbox 1198 607 1306 660; x_wconf 90' lang='grc' dir='ltr'><strong>τῶν</strong></span> <span class='ocrx_word' id='word_1_26' title='bbox 1349 607 1443 659; x_wconf 80' lang='grc' dir='ltr'><em>τοῦ</em></span> <span class='ocrx_word' id='word_1_27' title='bbox 1483 607 1713 661; x_wconf 85' lang='grc' dir='ltr'><strong>Θανάτου</strong></span> <span class='ocrx_word' id='word_1_28' title='bbox 1755 607 1936 659; x_wconf 82' lang='grc' dir='ltr'><em>πυλῶν</em></span> 
     </span>
    </p>
   </div>
   <div class='ocr_carea' id='block_1_7' title="bbox 362 699 1939 774">
    <p class='ocr_par' dir='ltr' id='par_1_7' title="bbox 362 699 1939 774">
     <span class='ocr_line' id='line_1_7' title="bbox 362 699 1939 774; baseline -0.002 -19"><span class='ocrx_word' id='word_1_29' title='bbox 362 701 587 772; x_wconf 78' lang='grc' dir='ltr'><strong>ἔφθασε,</strong></span> <span class='ocrx_word' id='word_1_30' title='bbox 620 701 925 774; x_wconf 73' lang='grc' dir='ltr'><em>σαρκωθεὶς</em></span> <span class='ocrx_word' id='word_1_31' title='bbox 953 702 1047 754; x_wconf 77' lang='grc' dir='ltr'><em>καὶ</em></span> <span class='ocrx_word' id='word_1_32' title='bbox 1075 699 1520 772; x_wconf 79' lang='grc' dir='ltr'><em>ἐνανθρωπήσας,</em></span> <span class='ocrx_word' id='word_1_33' title='bbox 1569 703 1728 771; x_wconf 80' lang='grc' dir='ltr'><em>χεῖρα</em></span> <span class='ocrx_word' id='word_1_34' title='bbox 1769 717 1939 770; x_wconf 86' lang='grc' dir='ltr'><em>σωτη-</em></span> 
     </span>
    </p>
   </div>
   <div class='ocr_carea' id='block_1_8' title="bbox 364 791 1935 865">
    <p class='ocr_par' dir='ltr' id='par_1_8' title="bbox 364 791 1935 865">
     <span class='ocr_line' id='line_1_8' title="bbox 364 791 1935 865; baseline -0.001 -20"><span class='ocrx_word' id='word_1_35' title='bbox 364 794 486 865; x_wconf 87' lang='grc' dir='ltr'><em>ρίας</em></span> <span class='ocrx_word' id='word_1_36' title='bbox 509 791 703 864; x_wconf 79' lang='grc' dir='ltr'><em>ὀρέξας</em></span> <span class='ocrx_word' id='word_1_37' title='bbox 737 792 832 846; x_wconf 70' lang='grc' dir='ltr'><em>καὶ</em></span> <span class='ocrx_word' id='word_1_38' title='bbox 863 794 976 856; x_wconf 79' lang='grc' dir='ltr'><em>τοῖς</em></span> <span class='ocrx_word' id='word_1_39' title='bbox 996 793 1176 863; x_wconf 59' lang='grc' dir='ltr'><em>,μέχρι</em></span> <span class='ocrx_word' id='word_1_40' title='bbox 1219 791 1407 844; x_wconf 89' lang='grc' dir='ltr'><em>τούτου</em></span> <span class='ocrx_word' id='word_1_41' title='bbox 1455 792 1935 855; x_wconf 87' lang='grc' dir='ltr'><em>καταπεπτωκόσι,</em></span> 
     </span>
    </p>
   </div>
   <div class='ocr_carea' id='block_1_9' title="bbox 362 881 1939 956">
    <p class='ocr_par' dir='ltr' id='par_1_9' title="bbox 362 881 1939 956">
     <span class='ocr_line' id='line_1_9' title="bbox 362 881 1939 956; baseline -0.004 -16"><span class='ocrx_word' id='word_1_42' title='bbox 362 888 458 940; x_wconf 73' lang='grc' dir='ltr'><em>καὶ</em></span> <span class='ocrx_word' id='word_1_43' title='bbox 495 881 634 956; x_wconf 74' lang='grc' dir='ltr'><em>πρὸς</em></span> <span class='ocrx_word' id='word_1_44' title='bbox 673 885 836 939; x_wconf 76' lang='grc' dir='ltr'><em>αὑτὸν</em></span> <span class='ocrx_word' id='word_1_45' title='bbox 868 884 1223 954; x_wconf 77' lang='grc' dir='ltr'><em>ἀναϐοήσασι.</em></span> <span class='ocrx_word' id='word_1_46' title='bbox 1276 883 1387 936; x_wconf 85' lang='lat' dir='ltr'><strong>Kal</strong></span> <span class='ocrx_word' id='word_1_47' title='bbox 1427 882 1759 950; x_wconf 77' lang='grc' dir='ltr'><em>ἐκέκραξαν</em></span> <span class='ocrx_word' id='word_1_48' title='bbox 1788 883 1939 950; x_wconf 82' lang='grc' dir='ltr'><em>πρὸς</em></span> 
     </span>
    </p>
   </div>
   <div class='ocr_carea' id='block_1_10' title="bbox 360 975 1940 1048">
    <p class='ocr_par' dir='ltr' id='par_1_10' title="bbox 360 975 1940 1048">
     <span class='ocr_line' id='line_1_10' title="bbox 360 975 1940 1048; baseline -0.003 -15"><span class='ocrx_word' id='word_1_49' title='bbox 360 981 582 1048; x_wconf 83' lang='grc' dir='ltr'><strong>Κύριον</strong></span> <span class='ocrx_word' id='word_1_50' title='bbox 603 981 674 1032; x_wconf 84' lang='grc' dir='ltr'><strong>έν</strong></span> <span class='ocrx_word' id='word_1_51' title='bbox 692 978 774 1044; x_wconf 88' lang='grc' dir='ltr'><em>τῷ</em></span> <span class='ocrx_word' id='word_1_52' title='bbox 794 977 1106 1032; x_wconf 79' lang='grc' dir='ltr'><em>’θλίϐεσθαι</em></span> <span class='ocrx_word' id='word_1_53' title='bbox 1130 976 1372 1042; x_wconf 83' lang='grc' dir='ltr'><em>αὐτοὺς,</em></span> <span class='ocrx_word' id='word_1_54' title='bbox 1411 976 1508 1029; x_wconf 78' lang='grc' dir='ltr'><strong>καὶ</strong></span> <span class='ocrx_word' id='word_1_55' title='bbox 1532 976 1600 1028; x_wconf 80' lang='grc' dir='ltr'><em>ἐκ</em></span> <span class='ocrx_word' id='word_1_56' title='bbox 1629 975 1747 1028; x_wconf 87' lang='grc' dir='ltr'><strong>τῶν</strong></span> <span class='ocrx_word' id='word_1_57' title='bbox 1768 977 1940 1044; x_wconf 82' lang='grc' dir='ltr'><em>ἀναγ·</em></span> 
     </span>
    </p>
   </div>
   <div class='ocr_carea' id='block_1_11' title="bbox 359 1056 1940 1136">
    <p class='ocr_par' dir='ltr' id='par_1_11' title="bbox 359 1056 1940 1136">
     <span class='ocr_line' id='line_1_11' title="bbox 359 1056 1940 1136; baseline -0.002 -13"><span class='ocrx_word' id='word_1_58' title='bbox 359 1056 485 1124; x_wconf 84' lang='grc' dir='ltr'><strong>κῶν</strong></span> <span class='ocrx_word' id='word_1_59' title='bbox 511 1067 710 1123; x_wconf 84' lang='grc' dir='ltr'><em>αὐτῶν</em></span> <span class='ocrx_word' id='word_1_60' title='bbox 733 1069 970 1123; x_wconf 75' lang='grc' dir='ltr'><em>ἔσωσεν</em></span> <span class='ocrx_word' id='word_1_61' title='bbox 991 1069 1238 1135; x_wconf 79' lang='grc' dir='ltr'><em>αὐτούς.</em></span> <span class='ocrx_word' id='word_1_62' title='bbox 1277 1065 1609 1121; x_wconf 74' lang='grc' dir='ltr'><strong>Ἀπέστειλε</strong></span> <span class='ocrx_word' id='word_1_63' title='bbox 1631 1067 1738 1120; x_wconf 83' lang='grc' dir='ltr'><strong>τὸν</strong></span> <span class='ocrx_word' id='word_1_64' title='bbox 1756 1068 1940 1136; x_wconf 67' lang='grc' dir='ltr'><em>λόγον</em></span> 
     </span>
    </p>
   </div>
   <div class='ocr_carea' id='block_1_12' title="bbox 359 1159 1940 1228">
    <p class='ocr_par' dir='ltr' id='par_1_12' title="bbox 359 1159 1940 1228">
     <span class='ocr_line' id='line_1_12' title="bbox 359 1159 1940 1228; baseline -0.002 -13"><span class='ocrx_word' id='word_1_65' title='bbox 359 1161 568 1226; x_wconf 81' lang='grc' dir='ltr'><em>αὐτοῦ,</em></span> <span class='ocrx_word' id='word_1_66' title='bbox 597 1161 694 1214; x_wconf 80' lang='grc' dir='ltr'><em>καὶ</em></span> <span class='ocrx_word' id='word_1_67' title='bbox 729 1160 939 1215; x_wconf 68' lang='grc' dir='ltr'><em>ἰάσατο</em></span> <span class='ocrx_word' id='word_1_68' title='bbox 963 1160 1214 1226; x_wconf 80' lang='grc' dir='ltr'><em>αὐτοὺς,</em></span> <span class='ocrx_word' id='word_1_69' title='bbox 1267 1159 1366 1212; x_wconf 76' lang='grc' dir='ltr'><em>καὶ</em></span> <span class='ocrx_word' id='word_1_70' title='bbox 1391 1161 1684 1228; x_wconf 66' lang='grc' dir='ltr'><em>ἐρρύσατο</em></span> <span class='ocrx_word' id='word_1_71' title='bbox 1718 1159 1940 1225; x_wconf 86' lang='grc' dir='ltr'><em>αὐτοὺς</em></span> 
     </span>
    </p>
   </div>
   <div class='ocr_carea' id='block_1_13' title="bbox 360 1245 1941 1326">
    <p class='ocr_par' dir='ltr' id='par_1_13' title="bbox 360 1245 1941 1326">
     <span class='ocr_line' id='line_1_13' title="bbox 360 1245 1941 1326; baseline -0.005 -13"><span class='ocrx_word' id='word_1_72' title='bbox 360 1258 429 1313; x_wconf 83' lang='grc' dir='ltr'><em>ἐκ</em></span> <span class='ocrx_word' id='word_1_73' title='bbox 454 1245 575 1312; x_wconf 79' lang='grc' dir='ltr'><strong>τῶν</strong></span> <span class='ocrx_word' id='word_1_74' title='bbox 610 1255 945 1326; x_wconf 72' lang='grc' dir='ltr'><em>διαφθορῶν</em></span> <span class='ocrx_word' id='word_1_75' title='bbox 962 1256 1182 1312; x_wconf 84' lang='grc' dir='ltr'><em>αὐτῶν.</em></span> <span class='ocrx_word' id='word_1_76' title='bbox 1240 1252 1941 1325; x_wconf 80' lang='grc' dir='ltr'><em>Ἐξομολογησάσθωσαν</em></span> 
     </span>
    </p>
   </div>
   <div class='ocr_carea' id='block_1_14' title="bbox 360 1345 1940 1419">
    <p class='ocr_par' dir='ltr' id='par_1_14' title="bbox 360 1345 1940 1419">
     <span class='ocr_line' id='line_1_14' title="bbox 360 1345 1940 1419; baseline -0.006 -13"><span class='ocrx_word' id='word_1_77' title='bbox 360 1350 442 1417; x_wconf 84' lang='grc' dir='ltr'><em>τῷ</em></span> <span class='ocrx_word' id='word_1_78' title='bbox 467 1351 660 1419; x_wconf 83' lang='grc' dir='ltr'><strong>Κυρίῳ</strong></span> <span class='ocrx_word' id='word_1_79' title='bbox 689 1348 762 1404; x_wconf 82' lang='grc' dir='ltr'><em>τὰ</em></span> <span class='ocrx_word' id='word_1_80' title='bbox 789 1349 931 1417; x_wconf 84' lang='grc' dir='ltr'><em>ἐλέη</em></span> <span class='ocrx_word' id='word_1_81' title='bbox 957 1349 1163 1412; x_wconf 86' lang='grc' dir='ltr'><em>αὑτοῦ,</em></span> <span class='ocrx_word' id='word_1_82' title='bbox 1199 1349 1297 1402; x_wconf 81' lang='grc' dir='ltr'><em>καὶ</em></span> <span class='ocrx_word' id='word_1_83' title='bbox 1329 1351 1401 1403; x_wconf 81' lang='grc' dir='ltr'><em>τὰ</em></span> <span class='ocrx_word' id='word_1_84' title='bbox 1426 1347 1727 1416; x_wconf 84' lang='grc' dir='ltr'><em>θαυμάσια</em></span> <span class='ocrx_word' id='word_1_85' title='bbox 1755 1345 1940 1399; x_wconf 86' lang='grc' dir='ltr'><em>αὑτοῦ</em></span> 
     </span>
    </p>
   </div>
   <div class='ocr_carea' id='block_1_15' title="bbox 359 1432 1940 1509">
    <p class='ocr_par' dir='ltr' id='par_1_15' title="bbox 359 1432 1940 1509">
     <span class='ocr_line' id='line_1_15' title="bbox 359 1432 1940 1509; baseline -0.003 -14"><span class='ocrx_word' id='word_1_86' title='bbox 359 1441 488 1509; x_wconf 87' lang='grc' dir='ltr'><em>τοῖς</em></span> <span class='ocrx_word' id='word_1_87' title='bbox 512 1441 664 1508; x_wconf 82' lang='grc' dir='ltr'><em>υὶοῖς</em></span> <span class='ocrx_word' id='word_1_88' title='bbox 701 1441 820 1495; x_wconf 87' lang='grc' dir='ltr'><strong>τῶν</strong></span> <span class='ocrx_word' id='word_1_89' title='bbox 856 1432 1202 1509; x_wconf 80' lang='grc' dir='ltr'><em>ἀνθρώπων.</em></span> <span class='ocrx_word' id='word_1_90' title='bbox 1248 1441 1357 1495; x_wconf 86' lang='lat' dir='ltr'><strong>Kal</strong></span> <span class='ocrx_word' id='word_1_91' title='bbox 1390 1441 1752 1495; x_wconf 83' lang='grc' dir='ltr'><em>θυσάτωσαν</em></span> <span class='ocrx_word' id='word_1_92' title='bbox 1779 1437 1940 1504; x_wconf 85' lang='grc' dir='ltr'><em>αὐτῷ</em></span> 
     </span>
    </p>
   </div>
   <div class='ocr_carea' id='block_1_16' title="bbox 359 1529 1941 1602">
    <p class='ocr_par' dir='ltr' id='par_1_16' title="bbox 359 1529 1941 1602">
     <span class='ocr_line' id='line_1_16' title="bbox 359 1529 1941 1602; baseline -0.002 -16"><span class='ocrx_word' id='word_1_93' title='bbox 359 1532 588 1586; x_wconf 77' lang='grc' dir='ltr'><em>θυσίαν</em></span> <span class='ocrx_word' id='word_1_94' title='bbox 619 1532 942 1598; x_wconf 76' lang='grc' dir='ltr'><em>αἰνέσεως,</em></span> <span class='ocrx_word' id='word_1_95' title='bbox 991 1533 1087 1586; x_wconf 80' lang='grc' dir='ltr'><em>καὶ</em></span> <span class='ocrx_word' id='word_1_96' title='bbox 1125 1532 1646 1602; x_wconf 56' lang='grc' dir='ltr'><em>ἐξαηειλάτωσαν</em></span> <span class='ocrx_word' id='word_1_97' title='bbox 1682 1531 1756 1585; x_wconf 86' lang='grc' dir='ltr'><em>τὰ</em></span> <span class='ocrx_word' id='word_1_98' title='bbox 1799 1529 1941 1598; x_wconf 74' lang='grc' dir='ltr'><em>ἔργα</em></span> 
     </span>
    </p>
   </div>
   <div class='ocr_carea' id='block_1_17' title="bbox 359 1621 1941 1693">
    <p class='ocr_par' dir='ltr' id='par_1_17' title="bbox 359 1621 1941 1693">
     <span class='ocr_line' id='line_1_17' title="bbox 359 1621 1941 1693; baseline 0 -18"><span class='ocrx_word' id='word_1_99' title='bbox 359 1622 550 1678; x_wconf 86' lang='grc' dir='ltr'><em>αὐτοῦ</em></span> <span class='ocrx_word' id='word_1_100' title='bbox 578 1623 650 1677; x_wconf 86' lang='grc' dir='ltr'><em>ἐν</em></span> <span class='ocrx_word' id='word_1_101' title='bbox 677 1624 1056 1693; x_wconf 71' lang='grc' dir='ltr'><strong>ἀγαλλιάσει,</strong></span> <span class='ocrx_word' id='word_1_102' title='bbox 1106 1627 1159 1678; x_wconf 84' lang='grc' dir='ltr'><strong>οί</strong></span> <span class='ocrx_word' id='word_1_103' title='bbox 1206 1625 1667 1689; x_wconf 85' lang='grc' dir='ltr'><em>καταϐαίνοντες</em></span> <span class='ocrx_word' id='word_1_104' title='bbox 1710 1625 1797 1688; x_wconf 81' lang='grc' dir='ltr'><strong>είς</strong></span> <span class='ocrx_word' id='word_1_105' title='bbox 1843 1621 1941 1676; x_wconf 88' lang='grc' dir='ltr'><em>θά-</em></span> 
     </span>
    </p>
   </div>
   <div class='ocr_carea' id='block_1_18' title="bbox 359 1714 1941 1787">
    <p class='ocr_par' dir='ltr' id='par_1_18' title="bbox 359 1714 1941 1787">
     <span class='ocr_line' id='line_1_18' title="bbox 359 1714 1941 1787; baseline -0.003 -16"><span class='ocrx_word' id='word_1_106' title='bbox 359 1719 611 1772; x_wconf 89' lang='grc' dir='ltr'><em>λασσαν</em></span> <span class='ocrx_word' id='word_1_107' title='bbox 635 1716 706 1770; x_wconf 89' lang='grc' dir='ltr'><strong>έν</strong></span> <span class='ocrx_word' id='word_1_108' title='bbox 729 1718 993 1783; x_wconf 83' lang='grc' dir='ltr'><em>πλοίοις,</em></span> <span class='ocrx_word' id='word_1_109' title='bbox 1021 1716 1338 1783; x_wconf 85' lang='grc' dir='ltr'><em>ποιοῦντες</em></span> <span class='ocrx_word' id='word_1_110' title='bbox 1367 1717 1655 1787; x_wconf 74' lang='grc' dir='ltr'><strong>ἐργασίαν</strong></span> <span class='ocrx_word' id='word_1_111' title='bbox 1667 1717 1736 1768; x_wconf 90' lang='grc' dir='ltr'><em>ὲν</em></span> <span class='ocrx_word' id='word_1_112' title='bbox 1760 1714 1941 1768; x_wconf 80' lang='grc' dir='ltr'><em>ὕδασι</em></span> 
     </span>
    </p>
   </div>
   <div class='ocr_carea' id='block_1_19' title="bbox 361 1804 1940 1878">
    <p class='ocr_par' dir='ltr' id='par_1_19' title="bbox 361 1804 1940 1878">
     <span class='ocr_line' id='line_1_19' title="bbox 361 1804 1940 1878; baseline -0.001 -18"><span class='ocrx_word' id='word_1_113' title='bbox 361 1807 639 1874; x_wconf 64' lang='grc' dir='ltr'><em>πολλοῖς.</em></span> <span class='ocrx_word' id='word_1_114' title='bbox 693 1807 1092 1878; x_wconf 83' lang='grc' dir='ltr'><em>Μνημονεύσας</em></span> <span class='ocrx_word' id='word_1_115' title='bbox 1129 1809 1158 1861; x_wconf 90' lang='grc' dir='ltr'><strong>ό</strong></span> <span class='ocrx_word' id='word_1_116' title='bbox 1208 1807 1368 1876; x_wconf 82' lang='grc' dir='ltr'><em>λόγος</em></span> <span class='ocrx_word' id='word_1_117' title='bbox 1413 1807 1512 1876; x_wconf 90' lang='grc' dir='ltr'><strong>τῆς</strong></span> <span class='ocrx_word' id='word_1_118' title='bbox 1558 1805 1794 1875; x_wconf 82' lang='grc' dir='ltr'><strong>ἀφίξεως</strong></span> <span class='ocrx_word' id='word_1_119' title='bbox 1845 1804 1940 1859; x_wconf 80' lang='grc' dir='ltr'><em>τοῦ</em></span> 
     </span>
    </p>
   </div>
   <div class='ocr_carea' id='block_1_20' title="bbox 359 1889 1940 1968">
    <p class='ocr_par' dir='ltr' id='par_1_20' title="bbox 359 1889 1940 1968">
     <span class='ocr_line' id='line_1_20' title="bbox 359 1889 1940 1968; baseline -0.001 -19"><span class='ocrx_word' id='word_1_120' title='bbox 359 1896 653 1968; x_wconf 79' lang='grc' dir='ltr'><em>Λυτρωτοῦ</em></span> <span class='ocrx_word' id='word_1_121' title='bbox 711 1897 806 1950; x_wconf 75' lang='grc' dir='ltr'><em>καὶ</em></span> <span class='ocrx_word' id='word_1_122' title='bbox 861 1896 1144 1967; x_wconf 81' lang='grc' dir='ltr'><em>Σωτῆρος,</em></span> <span class='ocrx_word' id='word_1_123' title='bbox 1203 1897 1272 1950; x_wconf 84' lang='grc' dir='ltr'><strong>δι’</strong></span> <span class='ocrx_word' id='word_1_124' title='bbox 1323 1889 1386 1949; x_wconf 75' lang='grc' dir='ltr'><em>οὗ</em></span> <span class='ocrx_word' id='word_1_125' title='bbox 1441 1897 1510 1950; x_wconf 81' lang='grc' dir='ltr'><em>τὰ</em></span> <span class='ocrx_word' id='word_1_126' title='bbox 1564 1895 1940 1966; x_wconf 77' lang='grc' dir='ltr'><em>προλεγόμενα</em></span> 
     </span>
    </p>
   </div>
   <div class='ocr_carea' id='block_1_21' title="bbox 362 1986 1939 2060">
    <p class='ocr_par' dir='ltr' id='par_1_21' title="bbox 362 1986 1939 2060">
     <span class='ocr_line' id='line_1_21' title="bbox 362 1986 1939 2060; baseline 0.001 -19"><span class='ocrx_word' id='word_1_127' title='bbox 362 1988 545 2042; x_wconf 85' lang='grc' dir='ltr'><em>πάντα</em></span> <span class='ocrx_word' id='word_1_128' title='bbox 580 1986 960 2060; x_wconf 81' lang='grc' dir='ltr'><em>κατώρθωται,</em></span> <span class='ocrx_word' id='word_1_129' title='bbox 1015 1989 1143 2060; x_wconf 77' lang='grc' dir='ltr'><em>ἑξῆς</em></span> <span class='ocrx_word' id='word_1_130' title='bbox 1196 1989 1456 2042; x_wconf 79' lang='grc' dir='ltr'><em>συνάπτει</em></span> <span class='ocrx_word' id='word_1_131' title='bbox 1511 1989 1609 2060; x_wconf 81' lang='grc' dir='ltr'><em>τὴν</em></span> <span class='ocrx_word' id='word_1_132' title='bbox 1655 1989 1784 2060; x_wconf 74' lang='grc' dir='ltr'><em>περὶ</em></span> <span class='ocrx_word' id='word_1_133' title='bbox 1832 1986 1939 2042; x_wconf 90' lang='grc' dir='ltr'><strong>τῶν</strong></span> 
     </span>
    </p>
   </div>
   <div class='ocr_carea' id='block_1_22' title="bbox 359 2075 1939 2151">
    <p class='ocr_par' dir='ltr' id='par_1_22' title="bbox 359 2075 1939 2151">
     <span class='ocr_line' id='line_1_22' title="bbox 359 2075 1939 2151; baseline -0.001 -18"><span class='ocrx_word' id='word_1_134' title='bbox 359 2078 678 2133; x_wconf 78' lang='grc' dir='ltr'><em>ἀποστόλων</em></span> <span class='ocrx_word' id='word_1_135' title='bbox 728 2078 892 2133; x_wconf 82' lang='grc' dir='ltr'><em>αὐτοῦ</em></span> <span class='ocrx_word' id='word_1_136' title='bbox 935 2079 1296 2150; x_wconf 84' lang='grc' dir='ltr'><strong>προφητείαν.</strong></span> <span class='ocrx_word' id='word_1_137' title='bbox 1358 2079 1524 2132; x_wconf 72' lang='grc' dir='ltr'><em>Αὐτοὶ</em></span> <span class='ocrx_word' id='word_1_138' title='bbox 1562 2079 1671 2151; x_wconf 87' lang='grc' dir='ltr'><em>γὰρ</em></span> <span class='ocrx_word' id='word_1_139' title='bbox 1713 2075 1854 2150; x_wconf 69' lang='grc' dir='ltr'><em>ἦσαν</em></span> <span class='ocrx_word' id='word_1_140' title='bbox 1888 2081 1939 2132; x_wconf 87' lang='grc' dir='ltr'><em>οἱ</em></span> 
     </span>
    </p>
   </div>
   <div class='ocr_carea' id='block_1_23' title="bbox 359 2171 1940 2242">
    <p class='ocr_par' dir='ltr' id='par_1_23' title="bbox 359 2171 1940 2242">
     <span class='ocr_line' id='line_1_23' title="bbox 359 2171 1940 2242; baseline 0.003 -20"><span class='ocrx_word' id='word_1_141' title='bbox 359 2171 779 2236; x_wconf 79' lang='grc' dir='ltr'><em>καταϐαίνοντες</em></span> <span class='ocrx_word' id='word_1_142' title='bbox 811 2173 891 2235; x_wconf 74' lang='grc' dir='ltr'><em>εἰς</em></span> <span class='ocrx_word' id='word_1_143' title='bbox 918 2171 1194 2226; x_wconf 82' lang='grc' dir='ltr'><em>θάλασσαν</em></span> <span class='ocrx_word' id='word_1_144' title='bbox 1243 2175 1300 2225; x_wconf 85' lang='grc' dir='ltr'><em>ὲν</em></span> <span class='ocrx_word' id='word_1_145' title='bbox 1349 2172 1573 2236; x_wconf 86' lang='grc' dir='ltr'><em>πλοίοις,</em></span> <span class='ocrx_word' id='word_1_146' title='bbox 1619 2172 1802 2242; x_wconf 80' lang='grc' dir='ltr'><em>ῥητῶς</em></span> <span class='ocrx_word' id='word_1_147' title='bbox 1846 2174 1940 2226; x_wconf 71' lang='grc' dir='ltr'><em>καὶ</em></span> 
     </span>
    </p>
   </div>
   <div class='ocr_carea' id='block_1_24' title="bbox 359 2255 1940 2337">
    <p class='ocr_par' dir='ltr' id='par_1_24' title="bbox 359 2255 1940 2337">
     <span class='ocr_line' id='line_1_24' title="bbox 359 2255 1940 2337; baseline 0 -21"><span class='ocrx_word' id='word_1_148' title='bbox 359 2263 506 2317; x_wconf 84' lang='grc' dir='ltr'><strong>κατά</strong></span> <span class='ocrx_word' id='word_1_149' title='bbox 537 2263 682 2329; x_wconf 77' lang='grc' dir='ltr'><em>λέξιν</em></span> <span class='ocrx_word' id='word_1_150' title='bbox 701 2281 716 2295; x_wconf 80' lang='lat'><strong><em>°</em></strong></span> <span class='ocrx_word' id='word_1_151' title='bbox 749 2263 943 2337; x_wconf 77' lang='grc' dir='ltr'><em>ὥσπερ</em></span> <span class='ocrx_word' id='word_1_152' title='bbox 970 2255 1064 2319; x_wconf 77' lang='grc' dir='ltr'><em>οὖν</em></span> <span class='ocrx_word' id='word_1_153' title='bbox 1095 2266 1128 2336; x_wconf 82' lang='grc' dir='ltr'>ὴ</span> <span class='ocrx_word' id='word_1_154' title='bbox 1181 2263 1300 2318; x_wconf 88' lang='grc' dir='ltr'><em>θεία</em></span> <span class='ocrx_word' id='word_1_155' title='bbox 1327 2265 1518 2337; x_wconf 85' lang='grc' dir='ltr'><em>Γραφὴ</em></span> <span class='ocrx_word' id='word_1_156' title='bbox 1557 2264 1664 2319; x_wconf 88' lang='grc' dir='ltr'><strong>τῶν</strong></span> <span class='ocrx_word' id='word_1_157' title='bbox 1694 2265 1940 2333; x_wconf 80' lang='grc' dir='ltr'><em>Εὑαγγε-</em></span> 
     </span>
    </p>
   </div>
   <div class='ocr_carea' id='block_1_25' title="bbox 361 2354 1937 2428">
    <p class='ocr_par' dir='ltr' id='par_1_25' title="bbox 361 2354 1937 2428">
     <span class='ocr_line' id='line_1_25' title="bbox 361 2354 1937 2428; baseline 0 -20"><span class='ocrx_word' id='word_1_158' title='bbox 361 2355 495 2408; x_wconf 78' lang='grc' dir='ltr'><em>λίων</em></span> <span class='ocrx_word' id='word_1_159' title='bbox 531 2358 816 2428; x_wconf 87' lang='grc' dir='ltr'><em>μαρτυρεῖ.</em></span> <span class='ocrx_word' id='word_1_160' title='bbox 859 2354 1165 2426; x_wconf 80' lang='grc' dir='ltr'><em>Τοιγαροῦν</em></span> <span class='ocrx_word' id='word_1_161' title='bbox 1197 2355 1306 2409; x_wconf 56' lang='grc' dir='ltr'><strong>τῶν</strong></span> <span class='ocrx_word' id='word_1_162' title='bbox 1348 2357 1662 2409; x_wconf 82' lang='grc' dir='ltr'><em>ἀποστόλων</em></span> <span class='ocrx_word' id='word_1_163' title='bbox 1707 2354 1937 2409; x_wconf 74' lang='grc' dir='ltr'><em>καὶτῶν</em></span> 
     </span>
    </p>
   </div>
   <div class='ocr_carea' id='block_1_26' title="bbox 360 2446 1939 2520">
    <p class='ocr_par' dir='ltr' id='par_1_26' title="bbox 360 2446 1939 2520">
     <span class='ocr_line' id='line_1_26' title="bbox 360 2446 1939 2520; baseline -0.001 -18"><span class='ocrx_word' id='word_1_164' title='bbox 360 2448 483 2520; x_wconf 78' lang='grc' dir='ltr'><em>ἅμα</em></span> <span class='ocrx_word' id='word_1_165' title='bbox 503 2448 685 2512; x_wconf 80' lang='grc' dir='ltr'><em>αὐτοῖς</em></span> <span class='ocrx_word' id='word_1_166' title='bbox 711 2449 746 2520; x_wconf 81' lang='grc' dir='ltr'>ὴ</span> <span class='ocrx_word' id='word_1_167' title='bbox 774 2446 1026 2520; x_wconf 81' lang='grc' dir='ltr'><em>παροῦσα</em></span> <span class='ocrx_word' id='word_1_168' title='bbox 1049 2449 1356 2519; x_wconf 85' lang='grc' dir='ltr'><em>προφητεία</em></span> <span class='ocrx_word' id='word_1_169' title='bbox 1372 2449 1471 2517; x_wconf 84' lang='grc' dir='ltr'><em>τὴν</em></span> <span class='ocrx_word' id='word_1_170' title='bbox 1496 2450 1714 2519; x_wconf 84' lang='grc' dir='ltr'><em>μνήμην</em></span> <span class='ocrx_word' id='word_1_171' title='bbox 1735 2447 1939 2519; x_wconf 87' lang='grc' dir='ltr'><em>σφόδρα</em></span> 
     </span>
    </p>
   </div>
   <div class='ocr_carea' id='block_1_27' title="bbox 359 2537 1937 2612">
    <p class='ocr_par' dir='ltr' id='par_1_27' title="bbox 359 2537 1937 2612">
     <span class='ocr_line' id='line_1_27' title="bbox 359 2537 1937 2612; baseline -0.002 -18"><span class='ocrx_word' id='word_1_172' title='bbox 359 2541 672 2606; x_wconf 84' lang='grc' dir='ltr'><em>ἀκολούθως</em></span> <span class='ocrx_word' id='word_1_173' title='bbox 707 2541 912 2612; x_wconf 85' lang='grc' dir='ltr'><em>συνῆψε</em></span> <span class='ocrx_word' id='word_1_174' title='bbox 952 2544 1016 2612; x_wconf 80' lang='grc' dir='ltr'><em>τῇ</em></span> <span class='ocrx_word' id='word_1_175' title='bbox 1048 2540 1154 2608; x_wconf 74' lang='grc' dir='ltr'>ζτοῦ</span> <span class='ocrx_word' id='word_1_176' title='bbox 1200 2541 1336 2593; x_wconf 76' lang='grc' dir='ltr'><em>θεοῦ</em></span> <span class='ocrx_word' id='word_1_177' title='bbox 1386 2540 1558 2609; x_wconf 88' lang='grc' dir='ltr'><em>Λόγου</em></span> <span class='ocrx_word' id='word_1_178' title='bbox 1599 2542 1679 2603; x_wconf 73' lang='grc' dir='ltr'><em>εἰς</em></span> <span class='ocrx_word' id='word_1_179' title='bbox 1725 2537 1937 2611; x_wconf 84' lang='grc' dir='ltr'><em>ἀνθρώ-</em></span> 
     </span>
    </p>
   </div>
   <div class='ocr_carea' id='block_1_28' title="bbox 2039 593 3614 680">
    <p class='ocr_par' dir='ltr' id='par_1_28' title="bbox 2039 593 3614 680">
     <span class='ocr_line' id='line_1_28' title="bbox 2039 593 3614 680; baseline 0 -18"><span class='ocrx_word' id='word_1_180' title='bbox 2039 609 2256 677; x_wconf 76' lang='lat' dir='ltr'><strong>genitus</strong></span> <span class='ocrx_word' id='word_1_181' title='bbox 2281 605 2374 661; x_wconf 85' lang='lat' dir='ltr'><strong>Dei</strong></span> <span class='ocrx_word' id='word_1_182' title='bbox 2398 605 2591 671; x_wconf 88' lang='lat' dir='ltr'><strong>Filius,</strong></span> <span class='ocrx_word' id='word_1_183' title='bbox 2611 622 2778 662; x_wconf 84' lang='lat' dir='ltr'><strong>carne</strong></span> <span class='ocrx_word' id='word_1_184' title='bbox 2793 616 2846 662; x_wconf 88' lang='lat' dir='ltr'><strong>et</strong></span> <span class='ocrx_word' id='word_1_185' title='bbox 2864 609 3098 664; x_wconf 88' lang='lat' dir='ltr'><strong>humana</strong></span> <span class='ocrx_word' id='word_1_186' title='bbox 3119 593 3314 664; x_wconf 76' lang='lat' dir='ltr'><strong>natura</strong></span> <span class='ocrx_word' id='word_1_187' title='bbox 3341 618 3614 680; x_wconf 87' lang='lat' dir='ltr'><strong>suscepta,</strong></span> 
     </span>
    </p>
   </div>
   <div class='ocr_carea' id='block_1_29' title="bbox 2039 695 3620 769">
    <p class='ocr_par' dir='ltr' id='par_1_29' title="bbox 2039 695 3620 769">
     <span class='ocr_line' id='line_1_29' title="bbox 2039 695 3620 769; baseline 0.004 -22"><span class='ocrx_word' id='word_1_188' title='bbox 2039 695 2107 748; x_wconf 87' lang='lat' dir='ltr'><strong>ad</strong></span> <span class='ocrx_word' id='word_1_189' title='bbox 2137 702 2326 764; x_wconf 88' lang='lat' dir='ltr'><strong>portas</strong></span> <span class='ocrx_word' id='word_1_190' title='bbox 2368 710 2541 765; x_wconf 90' lang='lat' dir='ltr'><strong>usque</strong></span> <span class='ocrx_word' id='word_1_191' title='bbox 2561 697 2755 752; x_wconf 90' lang='lat' dir='ltr'><strong>mortis</strong></span> <span class='ocrx_word' id='word_1_192' title='bbox 2788 696 3088 766; x_wconf 82' lang='lat' dir='ltr'><strong>profectus,</strong></span> <span class='ocrx_word' id='word_1_193' title='bbox 3119 699 3209 762; x_wconf 92' lang='lat' dir='ltr'><strong>iis,</strong></span> <span class='ocrx_word' id='word_1_194' title='bbox 3254 698 3348 769; x_wconf 90' lang='lat' dir='ltr'><strong>qui</strong></span> <span class='ocrx_word' id='word_1_195' title='bbox 3375 714 3620 769; x_wconf 89' lang='lat' dir='ltr'><strong>eousque</strong></span> 
     </span>
    </p>
   </div>
   <div class='ocr_carea' id='block_1_30' title="bbox 2039 786 3621 857">
    <p class='ocr_par' dir='ltr' id='par_1_30' title="bbox 2039 786 3621 857">
     <span class='ocr_line' id='line_1_30' title="bbox 2039 786 3621 857; baseline 0.003 -18"><span class='ocrx_word' id='word_1_196' title='bbox 2039 786 2356 841; x_wconf 76' lang='lat' dir='ltr'><strong>deciderant</strong></span> <span class='ocrx_word' id='word_1_197' title='bbox 2374 795 2428 841; x_wconf 90' lang='lat' dir='ltr'><strong>et</strong></span> <span class='ocrx_word' id='word_1_198' title='bbox 2453 787 2518 840; x_wconf 89' lang='lat' dir='ltr'><strong>ad</strong></span> <span class='ocrx_word' id='word_1_199' title='bbox 2549 787 2726 857; x_wconf 91' lang='lat' dir='ltr'><strong>ipsum</strong></span> <span class='ocrx_word' id='word_1_200' title='bbox 2751 789 3141 854; x_wconf 89' lang='lat' dir='ltr'><strong>clamaverant,</strong></span> <span class='ocrx_word' id='word_1_201' title='bbox 3169 791 3364 846; x_wconf 91' lang='lat' dir='ltr'><strong>salutis</strong></span> <span class='ocrx_word' id='word_1_202' title='bbox 3392 805 3621 846; x_wconf 84' lang='lat' dir='ltr'><strong>manum</strong></span> 
     </span>
    </p>
   </div>
   <div class='ocr_carea' id='block_1_31' title="bbox 2041 879 3621 948">
    <p class='ocr_par' dir='ltr' id='par_1_31' title="bbox 2041 879 3621 948">
     <span class='ocr_line' id='line_1_31' title="bbox 2041 879 3621 948; baseline 0.004 -16"><span class='ocrx_word' id='word_1_203' title='bbox 2041 880 2301 948; x_wconf 77' lang='lat' dir='ltr'><strong>porrexit.</strong></span> <span class='ocrx_word' id='word_1_204' title='bbox 2337 879 2405 933; x_wconf 88' lang='lat' dir='ltr'><strong>Et</strong></span> <span class='ocrx_word' id='word_1_205' title='bbox 2446 881 2806 935; x_wconf 81' lang='lat' dir='ltr'><strong>clamauerunt</strong></span> <span class='ocrx_word' id='word_1_206' title='bbox 2853 883 2921 935; x_wconf 89' lang='lat' dir='ltr'><strong>ad</strong></span> <span class='ocrx_word' id='word_1_207' title='bbox 2961 883 3243 938; x_wconf 85' lang='lat' dir='ltr'><strong>Dominum</strong></span> <span class='ocrx_word' id='word_1_208' title='bbox 3282 903 3400 940; x_wconf 90' lang='lat' dir='ltr'><strong>cum</strong></span> <span class='ocrx_word' id='word_1_209' title='bbox 3453 883 3621 940; x_wconf 84' lang='lat' dir='ltr'><strong>tribu-</strong></span> 
     </span>
    </p>
   </div>
   <div class='ocr_carea' id='block_1_32' title="bbox 2042 971 3618 1036">
    <p class='ocr_par' dir='ltr' id='par_1_32' title="bbox 2042 971 3618 1036">
     <span class='ocr_line' id='line_1_32' title="bbox 2042 971 3618 1036; baseline 0.006 -13"><span class='ocrx_word' id='word_1_210' title='bbox 2042 971 2316 1036; x_wconf 88' lang='lat' dir='ltr'><strong>larentur,</strong></span> <span class='ocrx_word' id='word_1_211' title='bbox 2351 981 2400 1026; x_wconf 89' lang='lat' dir='ltr'><strong>et</strong></span> <span class='ocrx_word' id='word_1_212' title='bbox 2444 973 2508 1027; x_wconf 89' lang='lat' dir='ltr'><strong>de</strong></span> <span class='ocrx_word' id='word_1_213' title='bbox 2549 973 2947 1028; x_wconf 73' lang='lat' dir='ltr'><strong>necessitatibus</strong></span> <span class='ocrx_word' id='word_1_214' title='bbox 2991 991 3172 1029; x_wconf 87' lang='lat' dir='ltr'><strong>eorum</strong></span> <span class='ocrx_word' id='word_1_215' title='bbox 3223 976 3458 1032; x_wconf 91' lang='lat' dir='ltr'><strong>liberavit</strong></span> <span class='ocrx_word' id='word_1_216' title='bbox 3507 994 3618 1032; x_wconf 86' lang='lat' dir='ltr'><strong>eos.</strong></span> 
     </span>
    </p>
   </div>
   <div class='ocr_carea' id='block_1_33' title="bbox 2040 1063 3622 1137">
    <p class='ocr_par' dir='ltr' id='par_1_33' title="bbox 2040 1063 3622 1137">
     <span class='ocr_line' id='line_1_33' title="bbox 2040 1063 3622 1137; baseline 0.004 -19"><span class='ocrx_word' id='word_1_217' title='bbox 2040 1063 2193 1118; x_wconf 77' lang='lat' dir='ltr'><strong>Misit</strong></span> <span class='ocrx_word' id='word_1_218' title='bbox 2237 1063 2457 1118; x_wconf 85' lang='lat' dir='ltr'><strong>Verbum</strong></span> <span class='ocrx_word' id='word_1_219' title='bbox 2492 1082 2647 1119; x_wconf 87' lang='lat' dir='ltr'><strong>suum</strong></span> <span class='ocrx_word' id='word_1_220' title='bbox 2680 1074 2731 1120; x_wconf 90' lang='lat' dir='ltr'><strong>et</strong></span> <span class='ocrx_word' id='word_1_221' title='bbox 2759 1067 2970 1121; x_wconf 79' lang='lat' dir='ltr'><strong>sanavit</strong></span> <span class='ocrx_word' id='word_1_222' title='bbox 2999 1083 3108 1132; x_wconf 90' lang='lat' dir='ltr'><strong>eos,</strong></span> <span class='ocrx_word' id='word_1_223' title='bbox 3139 1076 3190 1122; x_wconf 91' lang='lat' dir='ltr'><strong>et</strong></span> <span class='ocrx_word' id='word_1_224' title='bbox 3224 1069 3410 1137; x_wconf 83' lang='lat' dir='ltr'><strong>eripuit</strong></span> <span class='ocrx_word' id='word_1_225' title='bbox 3441 1086 3528 1124; x_wconf 89' lang='lat' dir='ltr'><strong>eos</strong></span> <span class='ocrx_word' id='word_1_226' title='bbox 3557 1069 3622 1124; x_wconf 89' lang='lat' dir='ltr'><strong>de</strong></span> 
     </span>
    </p>
   </div>
   <div class='ocr_carea' id='block_1_34' title="bbox 2040 1155 3623 1227">
    <p class='ocr_par' dir='ltr' id='par_1_34' title="bbox 2040 1155 3623 1227">
     <span class='ocr_line' id='line_1_34' title="bbox 2040 1155 3623 1227; baseline 0.002 -15"><span class='ocrx_word' id='word_1_227' title='bbox 2040 1155 2433 1212; x_wconf 86' lang='lat' dir='ltr'><strong>interitionibus</strong></span> <span class='ocrx_word' id='word_1_228' title='bbox 2472 1174 2674 1213; x_wconf 87' lang='lat' dir='ltr'><strong>eorum.</strong></span> <span class='ocrx_word' id='word_1_229' title='bbox 2717 1157 3098 1227; x_wconf 80' lang='lat' dir='ltr'><strong>Conﬁteantur</strong></span> <span class='ocrx_word' id='word_1_230' title='bbox 3139 1159 3366 1215; x_wconf 82' lang='lat' dir='ltr'><strong>Domino</strong></span> <span class='ocrx_word' id='word_1_231' title='bbox 3415 1162 3623 1216; x_wconf 73' lang='lat' dir='ltr'><strong>miseri-</strong></span> 
     </span>
    </p>
   </div>
   <div class='ocr_carea' id='block_1_35' title="bbox 2040 1248 3625 1321">
    <p class='ocr_par' dir='ltr' id='par_1_35' title="bbox 2040 1248 3625 1321">
     <span class='ocr_line' id='line_1_35' title="bbox 2040 1248 3625 1321; baseline 0.004 -19"><span class='ocrx_word' id='word_1_232' title='bbox 2040 1248 2238 1304; x_wconf 69' lang='lat' dir='ltr'><strong>cordia:</strong></span> <span class='ocrx_word' id='word_1_233' title='bbox 2259 1249 2400 1318; x_wconf 88' lang='lat' dir='ltr'><strong>ejus,</strong></span> <span class='ocrx_word' id='word_1_234' title='bbox 2429 1259 2479 1304; x_wconf 91' lang='lat' dir='ltr'><strong>et</strong></span> <span class='ocrx_word' id='word_1_235' title='bbox 2514 1250 2783 1304; x_wconf 85' lang='lat' dir='ltr'><strong>mirabilia</strong></span> <span class='ocrx_word' id='word_1_236' title='bbox 2804 1251 2917 1320; x_wconf 84' lang='lat' dir='ltr'><strong>ejus</strong></span> <span class='ocrx_word' id='word_1_237' title='bbox 2944 1252 3072 1321; x_wconf 91' lang='lat' dir='ltr'><strong>ﬁliis</strong></span> <span class='ocrx_word' id='word_1_238' title='bbox 3111 1252 3403 1310; x_wconf 83' lang='lat' dir='ltr'><strong>hominum.</strong></span> <span class='ocrx_word' id='word_1_239' title='bbox 3441 1252 3509 1306; x_wconf 86' lang='lat' dir='ltr'><strong>Et</strong></span> <span class='ocrx_word' id='word_1_240' title='bbox 3533 1271 3625 1308; x_wconf 85' lang='lat' dir='ltr'><strong>sa-</strong></span> 
     </span>
    </p>
   </div>
   <div class='ocr_carea' id='block_1_36' title="bbox 2041 1343 3624 1417">
    <p class='ocr_par' dir='ltr' id='par_1_36' title="bbox 2041 1343 3624 1417">
     <span class='ocr_line' id='line_1_36' title="bbox 2041 1343 3624 1417; baseline 0.004 -21"><span class='ocrx_word' id='word_1_241' title='bbox 2041 1344 2280 1412; x_wconf 84' lang='lat' dir='ltr'><strong>criﬁcent</strong></span> <span class='ocrx_word' id='word_1_242' title='bbox 2313 1344 2362 1397; x_wconf 84' lang='lat' dir='ltr'><strong>ei</strong></span> <span class='ocrx_word' id='word_1_243' title='bbox 2405 1343 2731 1413; x_wconf 89' lang='lat' dir='ltr'><strong>sacriﬁcium</strong></span> <span class='ocrx_word' id='word_1_244' title='bbox 2762 1343 2963 1409; x_wconf 83' lang='lat' dir='ltr'><strong>laudis,</strong></span> <span class='ocrx_word' id='word_1_245' title='bbox 3009 1357 3058 1399; x_wconf 85' lang='lat' dir='ltr'><strong>et</strong></span> <span class='ocrx_word' id='word_1_246' title='bbox 3107 1347 3420 1401; x_wconf 86' lang='lat' dir='ltr'><strong>annuntient</strong></span> <span class='ocrx_word' id='word_1_247' title='bbox 3465 1363 3624 1417; x_wconf 83' lang='lat' dir='ltr'><strong>opera</strong></span> 
     </span>
    </p>
   </div>
   <div class='ocr_carea' id='block_1_37' title="bbox 2041 1433 3622 1505">
    <p class='ocr_par' dir='ltr' id='par_1_37' title="bbox 2041 1433 3622 1505">
     <span class='ocr_line' id='line_1_37' title="bbox 2041 1433 3622 1505; baseline 0.002 -18"><span class='ocrx_word' id='word_1_248' title='bbox 2041 1433 2157 1503; x_wconf 87' lang='lat' dir='ltr'><strong>ejus</strong></span> <span class='ocrx_word' id='word_1_249' title='bbox 2193 1434 2248 1488; x_wconf 90' lang='lat' dir='ltr'><strong>in</strong></span> <span class='ocrx_word' id='word_1_250' title='bbox 2271 1434 2648 1498; x_wconf 73' lang='lat' dir='ltr'><strong>exsultatione,</strong></span> <span class='ocrx_word' id='word_1_251' title='bbox 2667 1435 2756 1505; x_wconf 87' lang='lat' dir='ltr'><strong>qui</strong></span> <span class='ocrx_word' id='word_1_252' title='bbox 2785 1433 3105 1488; x_wconf 88' lang='lat' dir='ltr'><strong>descendunt</strong></span> <span class='ocrx_word' id='word_1_253' title='bbox 3129 1452 3276 1489; x_wconf 88' lang='lat' dir='ltr'><strong>mare</strong></span> <span class='ocrx_word' id='word_1_254' title='bbox 3298 1437 3352 1489; x_wconf 88' lang='lat' dir='ltr'><strong>in</strong></span> <span class='ocrx_word' id='word_1_255' title='bbox 3381 1437 3622 1502; x_wconf 84' lang='lat' dir='ltr'><strong>navibus,</strong></span> 
     </span>
    </p>
   </div>
   <div class='ocr_carea' id='block_1_38' title="bbox 2043 1525 3626 1597">
    <p class='ocr_par' dir='ltr' id='par_1_38' title="bbox 2043 1525 3626 1597">
     <span class='ocr_line' id='line_1_38' title="bbox 2043 1525 3626 1597; baseline 0.003 -19"><span class='ocrx_word' id='word_1_256' title='bbox 2043 1525 2298 1594; x_wconf 76' lang='lat' dir='ltr'><strong>facientes</strong></span> <span class='ocrx_word' id='word_1_257' title='bbox 2339 1527 2694 1594; x_wconf 82' lang='lat' dir='ltr'><strong>operationem</strong></span> <span class='ocrx_word' id='word_1_258' title='bbox 2720 1528 2774 1580; x_wconf 89' lang='lat' dir='ltr'><strong>in</strong></span> <span class='ocrx_word' id='word_1_259' title='bbox 2809 1528 2961 1596; x_wconf 85' lang='lat' dir='ltr'><strong>aquis</strong></span> <span class='ocrx_word' id='word_1_260' title='bbox 2986 1527 3190 1597; x_wconf 70' lang='lat' dir='ltr'><strong>multis.</strong></span> <span class='ocrx_word' id='word_1_261' title='bbox 3223 1527 3358 1582; x_wconf 85' lang='lat' dir='ltr'><strong>Cum</strong></span> <span class='ocrx_word' id='word_1_262' title='bbox 3392 1527 3626 1584; x_wconf 81' lang='lat' dir='ltr'><strong>Redem-</strong></span> 
     </span>
    </p>
   </div>
   <div class='ocr_carea' id='block_1_39' title="bbox 2042 1615 3626 1690">
    <p class='ocr_par' dir='ltr' id='par_1_39' title="bbox 2042 1615 3626 1690">
     <span class='ocr_line' id='line_1_39' title="bbox 2042 1615 3626 1690; baseline 0.003 -22"><span class='ocrx_word' id='word_1_263' title='bbox 2042 1615 2218 1685; x_wconf 87' lang='lat' dir='ltr'><strong>ptoris</strong></span> <span class='ocrx_word' id='word_1_264' title='bbox 2250 1624 2305 1670; x_wconf 88' lang='lat' dir='ltr'><strong>et</strong></span> <span class='ocrx_word' id='word_1_265' title='bbox 2336 1615 2646 1671; x_wconf 87' lang='lat' dir='ltr'><strong>Servatoris</strong></span> <span class='ocrx_word' id='word_1_266' title='bbox 2669 1615 2962 1671; x_wconf 81' lang='lat' dir='ltr'><strong>adventum</strong></span> <span class='ocrx_word' id='word_1_267' title='bbox 2993 1628 3498 1682; x_wconf 83' lang='lat' dir='ltr'><strong>commemorasset,</strong></span> <span class='ocrx_word' id='word_1_268' title='bbox 3529 1635 3626 1690; x_wconf 86' lang='lat' dir='ltr'><strong>per</strong></span> 
     </span>
    </p>
   </div>
   <div class='ocr_carea' id='block_1_40' title="bbox 2043 1707 3627 1781">
    <p class='ocr_par' dir='ltr' id='par_1_40' title="bbox 2043 1707 3627 1781">
     <span class='ocr_line' id='line_1_40' title="bbox 2043 1707 3627 1781; baseline 0.003 -20"><span class='ocrx_word' id='word_1_269' title='bbox 2043 1723 2205 1778; x_wconf 84' lang='lat' dir='ltr'><strong>quem</strong></span> <span class='ocrx_word' id='word_1_270' title='bbox 2234 1707 2495 1778; x_wconf 81' lang='lat' dir='ltr'><strong>praedicta</strong></span> <span class='ocrx_word' id='word_1_271' title='bbox 2526 1709 2709 1763; x_wconf 86' lang='lat' dir='ltr'><strong>omnia</strong></span> <span class='ocrx_word' id='word_1_272' title='bbox 2741 1707 2885 1764; x_wconf 89' lang='lat' dir='ltr'><strong>edita</strong></span> <span class='ocrx_word' id='word_1_273' title='bbox 2909 1708 3126 1764; x_wconf 82' lang='lat' dir='ltr'><strong>fuerant</strong></span> <span class='ocrx_word' id='word_1_274' title='bbox 3158 1730 3171 1764; x_wconf 92' lang='lat'>:</span> <span class='ocrx_word' id='word_1_275' title='bbox 3206 1709 3404 1766; x_wconf 89' lang='lat' dir='ltr'><strong>deinde</strong></span> <span class='ocrx_word' id='word_1_276' title='bbox 3433 1711 3627 1781; x_wconf 83' lang='lat' dir='ltr'><strong>adjicit</strong></span> 
     </span>
    </p>
   </div>
   <div class='ocr_carea' id='block_1_41' title="bbox 2046 1800 3626 1874">
    <p class='ocr_par' dir='ltr' id='par_1_41' title="bbox 2046 1800 3626 1874">
     <span class='ocr_line' id='line_1_41' title="bbox 2046 1800 3626 1874; baseline 0.004 -20"><span class='ocrx_word' id='word_1_277' title='bbox 2046 1800 2114 1854; x_wconf 91' lang='lat' dir='ltr'><strong>de</strong></span> <span class='ocrx_word' id='word_1_278' title='bbox 2148 1801 2412 1870; x_wconf 86' lang='lat' dir='ltr'><strong>apostolis</strong></span> <span class='ocrx_word' id='word_1_279' title='bbox 2468 1800 2642 1871; x_wconf 87' lang='lat' dir='ltr'><strong>ipsius</strong></span> <span class='ocrx_word' id='word_1_280' title='bbox 2680 1800 3020 1857; x_wconf 87' lang='lat' dir='ltr'><strong>vaticinium.</strong></span> <span class='ocrx_word' id='word_1_281' title='bbox 3056 1803 3162 1873; x_wconf 89' lang='lat' dir='ltr'><strong>lpsi</strong></span> <span class='ocrx_word' id='word_1_282' title='bbox 3187 1819 3422 1874; x_wconf 89' lang='lat' dir='ltr'><strong>namque</strong></span> <span class='ocrx_word' id='word_1_283' title='bbox 3466 1816 3626 1860; x_wconf 85' lang='lat' dir='ltr'><strong>erant</strong></span> 
     </span>
    </p>
   </div>
   <div class='ocr_carea' id='block_1_42' title="bbox 2045 1892 3625 1968">
    <p class='ocr_par' dir='ltr' id='par_1_42' title="bbox 2045 1892 3625 1968">
     <span class='ocr_line' id='line_1_42' title="bbox 2045 1892 3625 1968; baseline 0.004 -21"><span class='ocrx_word' id='word_1_284' title='bbox 2045 1894 2140 1964; x_wconf 91' lang='lat' dir='ltr'><strong>qui</strong></span> <span class='ocrx_word' id='word_1_285' title='bbox 2171 1892 2579 1949; x_wconf 83' lang='lat' dir='ltr'><strong>descendebant</strong></span> <span class='ocrx_word' id='word_1_286' title='bbox 2613 1907 2766 1949; x_wconf 89' lang='lat' dir='ltr'><strong>mare</strong></span> <span class='ocrx_word' id='word_1_287' title='bbox 2795 1895 2852 1948; x_wconf 90' lang='lat' dir='ltr'><strong>in</strong></span> <span class='ocrx_word' id='word_1_288' title='bbox 2876 1896 3130 1961; x_wconf 86' lang='lat' dir='ltr'><strong>navibus,</strong></span> <span class='ocrx_word' id='word_1_289' title='bbox 3153 1897 3316 1968; x_wconf 86' lang='lat' dir='ltr'><strong>idque</strong></span> <span class='ocrx_word' id='word_1_290' title='bbox 3332 1914 3458 1954; x_wconf 87' lang='lat' dir='ltr'><strong>vere</strong></span> <span class='ocrx_word' id='word_1_291' title='bbox 3475 1907 3531 1954; x_wconf 92' lang='lat' dir='ltr'><strong>et</strong></span> <span class='ocrx_word' id='word_1_292' title='bbox 3555 1901 3625 1953; x_wconf 79' lang='lat' dir='ltr'><strong>ad</strong></span> 
     </span>
    </p>
   </div>
   <div class='ocr_carea' id='block_1_43' title="bbox 2047 1986 3622 2060">
    <p class='ocr_par' dir='ltr' id='par_1_43' title="bbox 2047 1986 3622 2060">
     <span class='ocr_line' id='line_1_43' title="bbox 2047 1986 3622 2060; baseline 0.003 -21"><span class='ocrx_word' id='word_1_293' title='bbox 2047 1986 2309 2050; x_wconf 88' lang='lat' dir='ltr'><strong>litteram,</strong></span> <span class='ocrx_word' id='word_1_294' title='bbox 2335 1986 2793 2056; x_wconf 87' lang='lat' dir='ltr'><strong>quemadmodum</strong></span> <span class='ocrx_word' id='word_1_295' title='bbox 2823 1987 3006 2042; x_wconf 89' lang='lat' dir='ltr'><strong>divina</strong></span> <span class='ocrx_word' id='word_1_296' title='bbox 3031 1987 3449 2060; x_wconf 79' lang='lat' dir='ltr'><strong>Evangeliorum</strong></span> <span class='ocrx_word' id='word_1_297' title='bbox 3470 1989 3622 2045; x_wconf 81' lang='lat' dir='ltr'><strong>Scri-</strong></span> 
     </span>
    </p>
   </div>
   <div class='ocr_carea' id='block_1_44' title="bbox 2045 2082 3623 2158">
    <p class='ocr_par' dir='ltr' id='par_1_44' title="bbox 2045 2082 3623 2158">
     <span class='ocr_line' id='line_1_44' title="bbox 2045 2082 3623 2158; baseline 0.006 -24"><span class='ocrx_word' id='word_1_298' title='bbox 2045 2088 2206 2152; x_wconf 90' lang='lat' dir='ltr'><strong>ptura</strong></span> <span class='ocrx_word' id='word_1_299' title='bbox 2235 2082 2586 2136; x_wconf 82' lang='lat' dir='ltr'><strong>testiﬁcatur.</strong></span> <span class='ocrx_word' id='word_1_300' title='bbox 2629 2083 3018 2154; x_wconf 85' lang='lat' dir='ltr'><strong>Apostolorum</strong></span> <span class='ocrx_word' id='word_1_301' title='bbox 3047 2085 3228 2156; x_wconf 88' lang='lat' dir='ltr'><strong>itaque</strong></span> <span class='ocrx_word' id='word_1_302' title='bbox 3266 2087 3623 2158; x_wconf 86' lang='lat' dir='ltr'><strong>ipsorumque</strong></span> 
     </span>
    </p>
   </div>
   <div class='ocr_carea' id='block_1_45' title="bbox 2045 2173 3625 2250">
    <p class='ocr_par' dir='ltr' id='par_1_45' title="bbox 2045 2173 3625 2250">
     <span class='ocr_line' id='line_1_45' title="bbox 2045 2173 3625 2250; baseline 0.007 -24"><span class='ocrx_word' id='word_1_303' title='bbox 2045 2173 2308 2227; x_wconf 84' lang='lat' dir='ltr'><strong>comitum</strong></span> <span class='ocrx_word' id='word_1_304' title='bbox 2353 2174 2685 2228; x_wconf 88' lang='lat' dir='ltr'><strong>mentionem</strong></span> <span class='ocrx_word' id='word_1_305' title='bbox 2744 2173 3037 2231; x_wconf 87' lang='lat' dir='ltr'><strong>admodum</strong></span> <span class='ocrx_word' id='word_1_306' title='bbox 3099 2189 3466 2250; x_wconf 81' lang='lat' dir='ltr'><strong>congruenter</strong></span> <span class='ocrx_word' id='word_1_307' title='bbox 3507 2180 3625 2237; x_wconf 64' lang='lat' dir='ltr'><strong>haec</strong></span> 
     </span>
    </p>
   </div>
   <div class='ocr_carea' id='block_1_46' title="bbox 2045 2261 3620 2344">
    <p class='ocr_par' dir='ltr' id='par_1_46' title="bbox 2045 2261 3620 2344">
     <span class='ocr_line' id='line_1_46' title="bbox 2045 2261 3620 2344; baseline 0.006 -26"><span class='ocrx_word' id='word_1_308' title='bbox 2045 2261 2329 2336; x_wconf 84' lang='lat' dir='ltr'><strong>Scriptura</strong></span> <span class='ocrx_word' id='word_1_309' title='bbox 2359 2264 2456 2321; x_wconf 91' lang='lat' dir='ltr'><strong>Dei</strong></span> <span class='ocrx_word' id='word_1_310' title='bbox 2480 2264 2643 2321; x_wconf 87' lang='lat' dir='ltr'><strong>Verbi</strong></span> <span class='ocrx_word' id='word_1_311' title='bbox 2667 2267 2735 2322; x_wconf 87' lang='lat' dir='ltr'><strong>ad</strong></span> <span class='ocrx_word' id='word_1_312' title='bbox 2757 2268 3006 2326; x_wconf 89' lang='lat' dir='ltr'><strong>homines</strong></span> <span class='ocrx_word' id='word_1_313' title='bbox 3026 2271 3282 2326; x_wconf 77' lang='lat' dir='ltr'><strong>adventui</strong></span> <span class='ocrx_word' id='word_1_314' title='bbox 3316 2273 3620 2344; x_wconf 80' lang='lat' dir='ltr'><strong>subjunxit.</strong></span> 
     </span>
    </p>
   </div>
   <div class='ocr_carea' id='block_1_47' title="bbox 2042 2357 3624 2438">
    <p class='ocr_par' dir='ltr' id='par_1_47' title="bbox 2042 2357 3624 2438">
     <span class='ocr_line' id='line_1_47' title="bbox 2042 2357 3624 2438; baseline 0.006 -27"><span class='ocrx_word' id='word_1_315' title='bbox 2042 2357 2114 2411; x_wconf 83' lang='lat' dir='ltr'><strong>At</strong></span> <span class='ocrx_word' id='word_1_316' title='bbox 2153 2357 2297 2412; x_wconf 88' lang='lat' dir='ltr'><strong>enim</strong></span> <span class='ocrx_word' id='word_1_317' title='bbox 2332 2359 2444 2415; x_wconf 90' lang='lat' dir='ltr'><strong>illis</strong></span> <span class='ocrx_word' id='word_1_318' title='bbox 2478 2358 2614 2430; x_wconf 89' lang='lat' dir='ltr'><strong>ipsis</strong></span> <span class='ocrx_word' id='word_1_319' title='bbox 2654 2377 2792 2416; x_wconf 86' lang='lat' dir='ltr'><strong>nova</strong></span> <span class='ocrx_word' id='word_1_320' title='bbox 2829 2361 2966 2418; x_wconf 83' lang='lat' dir='ltr'><strong>Novi</strong></span> <span class='ocrx_word' id='word_1_321' title='bbox 3007 2362 3342 2420; x_wconf 89' lang='lat' dir='ltr'><strong>Testamenti</strong></span> <span class='ocrx_word' id='word_1_322' title='bbox 3367 2367 3624 2438; x_wconf 86' lang='lat' dir='ltr'><strong>mysteria</strong></span> 
     </span>
    </p>
   </div>
   <div class='ocr_carea' id='block_1_48' title="bbox 2042 2453 3624 2528">
    <p class='ocr_par' dir='ltr' id='par_1_48' title="bbox 2042 2453 3624 2528">
     <span class='ocr_line' id='line_1_48' title="bbox 2042 2453 3624 2528; baseline 0.006 -25"><span class='ocrx_word' id='word_1_323' title='bbox 2042 2465 2305 2522; x_wconf 70' lang='lat' dir='ltr'><strong>peragere</strong></span> <span class='ocrx_word' id='word_1_324' title='bbox 2336 2453 2594 2522; x_wconf 72' lang='lat' dir='ltr'><strong>praecepit</strong></span> <span class='ocrx_word' id='word_1_325' title='bbox 2619 2453 2812 2510; x_wconf 86' lang='lat' dir='ltr'><strong>dicens</strong></span> <span class='ocrx_word' id='word_1_326' title='bbox 2839 2474 2851 2509; x_wconf 86' lang='lat'><strong>:</strong></span> <span class='ocrx_word' id='word_1_327' title='bbox 2881 2455 2952 2509; x_wconf 79' lang='lat' dir='ltr'><strong>Et</strong></span> <span class='ocrx_word' id='word_1_328' title='bbox 2974 2457 3274 2527; x_wconf 82' lang='lat' dir='ltr'><strong>sacriﬁcent</strong></span> <span class='ocrx_word' id='word_1_329' title='bbox 3299 2459 3624 2528; x_wconf 83' lang='lat' dir='ltr'><strong>sacri/icium</strong></span> 
     </span>
    </p>
   </div>
   <div class='ocr_carea' id='block_1_49' title="bbox 2045 2543 3482 2616">
    <p class='ocr_par' dir='ltr' id='par_1_49' title="bbox 2045 2543 3482 2616">
     <span class='ocr_line' id='line_1_49' title="bbox 2045 2543 3482 2616; baseline 0.006 -20"><span class='ocrx_word' id='word_1_330' title='bbox 2045 2543 2311 2612; x_wconf 87' lang='lat' dir='ltr'><strong>laudis,et</strong></span> <span class='ocrx_word' id='word_1_331' title='bbox 2335 2546 2648 2600; x_wconf 82' lang='lat' dir='ltr'><strong>annuntient</strong></span> <span class='ocrx_word' id='word_1_332' title='bbox 2677 2563 2837 2616; x_wconf 81' lang='lat' dir='ltr'><strong>opera</strong></span> <span class='ocrx_word' id='word_1_333' title='bbox 2868 2548 2986 2616; x_wconf 85' lang='lat' dir='ltr'><strong>ejus</strong></span> <span class='ocrx_word' id='word_1_334' title='bbox 3016 2550 3071 2602; x_wconf 92' lang='lat' dir='ltr'><strong>in</strong></span> <span class='ocrx_word' id='word_1_335' title='bbox 3104 2549 3482 2606; x_wconf 75' lang='lat' dir='ltr'><strong>exsultatione.</strong></span> 
     </span>
    </p>
   </div>
   <div class='ocr_carea' id='block_1_50' title="bbox 359 2629 3627 2710">
    <p class='ocr_par' dir='ltr' id='par_1_50' title="bbox 359 2629 3627 2710">
     <span class='ocr_line' id='line_1_50' title="bbox 359 2629 3627 2710; baseline 0.002 -27"><span class='ocrx_word' id='word_1_336' title='bbox 359 2638 498 2694; x_wconf 78' lang='grc' dir='ltr'><em>παυς</em></span> <span class='ocrx_word' id='word_1_337' title='bbox 531 2632 824 2702; x_wconf 80' lang='grc' dir='ltr'><em>παρουσίᾳ.</em></span> <span class='ocrx_word' id='word_1_338' title='bbox 877 2633 1070 2696; x_wconf 77' lang='grc' dir='ltr'><strong>Αὐτοίς</strong></span> <span class='ocrx_word' id='word_1_339' title='bbox 1123 2633 1412 2706; x_wconf 71' lang='grc' dir='ltr'><em>τοιγαροῦν</em></span> <span class='ocrx_word' id='word_1_340' title='bbox 1450 2633 1660 2695; x_wconf 85' lang='grc' dir='ltr'><em>τούτοις</em></span> <span class='ocrx_word' id='word_1_341' title='bbox 1691 2633 1785 2685; x_wconf 72' lang='grc' dir='ltr'><em>καὶ</em></span> <span class='ocrx_word' id='word_1_342' title='bbox 1816 2629 1886 2684; x_wconf 86' lang='grc' dir='ltr'><em>τὰ</em></span> <span class='ocrx_word' id='word_1_343' title='bbox 1913 2632 2008 2686; x_wconf 85' lang='grc' dir='ltr'><strong>νέα</strong></span> <span class='ocrx_word' id='word_1_344' title='bbox 2063 2637 2336 2708; x_wconf 86' lang='grc' dir='ltr'><em>μυστήρια</em></span> <span class='ocrx_word' id='word_1_345' title='bbox 2391 2637 2491 2708; x_wconf 85' lang='grc' dir='ltr'><strong>τῆς</strong></span> <span class='ocrx_word' id='word_1_346' title='bbox 2521 2637 2726 2709; x_wconf 81' lang='grc' dir='ltr'><em>Καινῆς</em></span> <span class='ocrx_word' id='word_1_347' title='bbox 2769 2638 3044 2710; x_wconf 85' lang='grc' dir='ltr'><em>Διαθήκης</em></span> <span class='ocrx_word' id='word_1_348' title='bbox 3082 2640 3342 2710; x_wconf 79' lang='grc' dir='ltr'><em>πράττειν</em></span> <span class='ocrx_word' id='word_1_349' title='bbox 3390 2656 3627 2710; x_wconf 84' lang='grc' dir='ltr'><em>παρεκε-</em></span> 
     </span>
    </p>
   </div>
   <div class='ocr_carea' id='block_1_51' title="bbox 361 2722 3620 2803">
    <p class='ocr_par' dir='ltr' id='par_1_51' title="bbox 361 2722 3620 2803">
     <span class='ocr_line' id='line_1_51' title="bbox 361 2722 3620 2803; baseline 0.003 -27"><span class='ocrx_word' id='word_1_350' title='bbox 361 2722 570 2789; x_wconf 73' lang='grc' dir='ltr'><em>λεύετο,</em></span> <span class='ocrx_word' id='word_1_351' title='bbox 605 2725 805 2794; x_wconf 83' lang='grc' dir='ltr'><em>λέγων·</em></span> <span class='ocrx_word' id='word_1_352' title='bbox 853 2725 964 2780; x_wconf 87' lang='lat' dir='ltr'><strong>Kal</strong></span> <span class='ocrx_word' id='word_1_353' title='bbox 1021 2726 1384 2781; x_wconf 85' lang='grc' dir='ltr'><em>θυσάτωσαν</em></span> <span class='ocrx_word' id='word_1_354' title='bbox 1405 2726 1626 2782; x_wconf 83' lang='grc' dir='ltr'><em>θυσίαν</em></span> <span class='ocrx_word' id='word_1_355' title='bbox 1645 2724 1950 2792; x_wconf 76' lang='grc' dir='ltr'><em>αἰνέσεως,</em></span> <span class='ocrx_word' id='word_1_356' title='bbox 1977 2728 2077 2782; x_wconf 78' lang='grc' dir='ltr'><em>καὶ</em></span> <span class='ocrx_word' id='word_1_357' title='bbox 2120 2729 2640 2800; x_wconf 82' lang='grc' dir='ltr'><em>ἐξαγγειλάτωσαν</em></span> <span class='ocrx_word' id='word_1_358' title='bbox 2671 2734 2744 2788; x_wconf 84' lang='grc' dir='ltr'><strong>τὰ</strong></span> <span class='ocrx_word' id='word_1_359' title='bbox 2776 2734 2919 2803; x_wconf 65' lang='grc' dir='ltr'><em>ἔργα</em></span> <span class='ocrx_word' id='word_1_360' title='bbox 2973 2733 3159 2787; x_wconf 79' lang='grc' dir='ltr'><em>αὐτοῦ</em></span> <span class='ocrx_word' id='word_1_361' title='bbox 3210 2733 3282 2786; x_wconf 85' lang='grc' dir='ltr'><em>ἐν</em></span> <span class='ocrx_word' id='word_1_362' title='bbox 3332 2731 3620 2788; x_wconf 71' lang='grc' dir='ltr'><em>ἀναλλιὰ-</em></span> 
     </span>
    </p>
   </div>
   <div class='ocr_carea' id='block_1_52' title="bbox 359 2832 481 2873">
    <p class='ocr_par' dir='ltr' id='par_1_52' title="bbox 359 2832 481 2873">
     <span class='ocr_line' id='line_1_52' title="bbox 359 2832 481 2873; baseline -0.016 0"><span class='ocrx_word' id='word_1_363' title='bbox 359 2832 481 2873; x_wconf 74' lang='grc' dir='ltr'><em>σει.</em></span> 
     </span>
    </p>
   </div>
   <div class='ocr_carea' id='block_1_53' title="bbox 429 2926 1936 3003">
    <p class='ocr_par' dir='ltr' id='par_1_53' title="bbox 429 2926 1936 3003">
     <span class='ocr_line' id='line_1_53' title="bbox 429 2926 1936 3003; baseline 0.003 -20"><span class='ocrx_word' id='word_1_364' title='bbox 429 2926 600 2994; x_wconf 62' lang='lat' dir='ltr'><strong>Elite,</strong></span> <span class='ocrx_word' id='word_1_365' title='bbox 632 2932 730 2986; x_wconf 74' lang='grc' dir='ltr'><em>καὶ</em></span> <span class='ocrx_word' id='word_1_366' title='bbox 755 2931 906 3002; x_wconf 78' lang='grc' dir='ltr'><em>ἔστη</em></span> <span class='ocrx_word' id='word_1_367' title='bbox 933 2933 1169 3003; x_wconf 83' lang='grc' dir='ltr'><em>πνεῦμα</em></span> <span class='ocrx_word' id='word_1_368' title='bbox 1195 2931 1554 3002; x_wconf 78' lang='grc' dir='ltr'><em>καταιγίδος,</em></span> <span class='ocrx_word' id='word_1_369' title='bbox 1591 2931 1689 2986; x_wconf 76' lang='grc' dir='ltr'><em>καὶ</em></span> <span class='ocrx_word' id='word_1_370' title='bbox 1727 2930 1936 3001; x_wconf 74' lang='grc' dir='ltr'><em>ὑψώθη</em></span> 
     </span>
    </p>
   </div>
   <div class='ocr_carea' id='block_1_54' title="bbox 361 3021 1942 3095">
    <p class='ocr_par' dir='ltr' id='par_1_54' title="bbox 361 3021 1942 3095">
     <span class='ocr_line' id='line_1_54' title="bbox 361 3021 1942 3095; baseline 0.001 -19"><span class='ocrx_word' id='word_1_371' title='bbox 361 3021 437 3076; x_wconf 81' lang='grc' dir='ltr'><em>τὰ</em></span> <span class='ocrx_word' id='word_1_372' title='bbox 473 3024 705 3092; x_wconf 88' lang='grc' dir='ltr'><em>κύματα</em></span> <span class='ocrx_word' id='word_1_373' title='bbox 742 3023 954 3094; x_wconf 82' lang='grc' dir='ltr'><em>αὐτῆς.</em></span> <span class='ocrx_word' id='word_1_374' title='bbox 999 3027 1447 3080; x_wconf 82' lang='grc' dir='ltr'><em>Ἆναϐαίνουσιν</em></span> <span class='ocrx_word' id='word_1_375' title='bbox 1482 3025 1593 3091; x_wconf 78' lang='grc' dir='ltr'><em>ἕως</em></span> <span class='ocrx_word' id='word_1_376' title='bbox 1624 3023 1744 3078; x_wconf 85' lang='grc' dir='ltr'><strong>τῶν</strong></span> <span class='ocrx_word' id='word_1_377' title='bbox 1767 3027 1942 3095; x_wconf 86' lang='grc' dir='ltr'><em>οὐρα-</em></span> 
     </span>
    </p>
   </div>
   <div class='ocr_carea' id='block_1_55' title="bbox 2121 2931 3622 3006">
    <p class='ocr_par' dir='ltr' id='par_1_55' title="bbox 2121 2931 3622 3006">
     <span class='ocr_line' id='line_1_55' title="bbox 2121 2931 3622 3006; baseline 0.005 -19"><span class='ocrx_word' id='word_1_378' title='bbox 2121 2931 2290 2990; x_wconf 74' lang='lat' dir='ltr'><strong>Vzns.</strong></span> <span class='ocrx_word' id='word_1_379' title='bbox 2349 2933 2540 2990; x_wconf 68' lang='lat'><strong>25-40.</strong></span> <span class='ocrx_word' id='word_1_380' title='bbox 2612 2936 2768 2991; x_wconf 75' lang='lat' dir='ltr'><strong>Dixit</strong></span> <span class='ocrx_word' id='word_1_381' title='bbox 2823 2945 2872 2991; x_wconf 88' lang='lat' dir='ltr'><strong>et</strong></span> <span class='ocrx_word' id='word_1_382' title='bbox 2911 2937 3056 2991; x_wconf 86' lang='lat' dir='ltr'><strong>stetit</strong></span> <span class='ocrx_word' id='word_1_383' title='bbox 3095 2937 3312 3004; x_wconf 87' lang='lat' dir='ltr'><strong>spiritus</strong></span> <span class='ocrx_word' id='word_1_384' title='bbox 3354 2939 3622 3006; x_wconf 67' lang='lat' dir='ltr'><strong>procellae,</strong></span> 
     </span>
    </p>
   </div>
   <div class='ocr_carea' id='block_1_56' title="bbox 2045 3025 3625 3099">
    <p class='ocr_par' dir='ltr' id='par_1_56' title="bbox 2045 3025 3625 3099">
     <span class='ocr_line' id='line_1_56' title="bbox 2045 3025 3625 3099; baseline 0.002 -19"><span class='ocrx_word' id='word_1_385' title='bbox 2045 3034 2095 3080; x_wconf 85' lang='lat' dir='ltr'><strong>et</strong></span> <span class='ocrx_word' id='word_1_386' title='bbox 2126 3025 2352 3080; x_wconf 76' lang='lat' dir='ltr'><strong>exaltati</strong></span> <span class='ocrx_word' id='word_1_387' title='bbox 2400 3036 2524 3080; x_wconf 89' lang='lat' dir='ltr'><strong>sunt</strong></span> <span class='ocrx_word' id='word_1_388' title='bbox 2574 3028 2767 3096; x_wconf 83' lang='lat' dir='ltr'><strong>ﬂuctus</strong></span> <span class='ocrx_word' id='word_1_389' title='bbox 2796 3029 2930 3097; x_wconf 87' lang='lat' dir='ltr'><strong>ejus.</strong></span> <span class='ocrx_word' id='word_1_390' title='bbox 2988 3028 3286 3082; x_wconf 81' lang='lat' dir='ltr'><strong>Ascendunt</strong></span> <span class='ocrx_word' id='word_1_391' title='bbox 3341 3045 3501 3099; x_wconf 86' lang='lat' dir='ltr'><strong>usque</strong></span> <span class='ocrx_word' id='word_1_392' title='bbox 3555 3030 3625 3083; x_wconf 89' lang='lat' dir='ltr'><strong>ad</strong></span> 
     </span>
    </p>
   </div>
   <div class='ocr_carea' id='block_1_57' title="bbox 359 3113 1941 3208">
    <p class='ocr_par' dir='ltr' id='par_1_57' title="bbox 359 3113 1939 3186">
     <span class='ocr_line' id='line_1_57' title="bbox 359 3113 1939 3186; baseline 0.001 -18"><span class='ocrx_word' id='word_1_393' title='bbox 359 3113 488 3168; x_wconf 82' lang='grc' dir='ltr'><strong>νῶν</strong></span> <span class='ocrx_word' id='word_1_394' title='bbox 507 3115 607 3169; x_wconf 79' lang='grc' dir='ltr'><em>καὶ</em></span> <span class='ocrx_word' id='word_1_395' title='bbox 628 3119 1095 3172; x_wconf 88' lang='grc' dir='ltr'><em>καταϐαίνουσιν</em></span> <span class='ocrx_word' id='word_1_396' title='bbox 1107 3118 1217 3184; x_wconf 81' lang='grc' dir='ltr'><em>ἕως</em></span> <span class='ocrx_word' id='word_1_397' title='bbox 1240 3115 1360 3171; x_wconf 85' lang='grc' dir='ltr'><strong>τῶν</strong></span> <span class='ocrx_word' id='word_1_398' title='bbox 1379 3118 1683 3184; x_wconf 82' lang='grc' dir='ltr'><em>ἀϐύσσων,</em></span> <span class='ocrx_word' id='word_1_399' title='bbox 1712 3119 1750 3186; x_wconf 75' lang='grc' dir='ltr'>ἡ</span> <span class='ocrx_word' id='word_1_400' title='bbox 1769 3117 1939 3186; x_wconf 71' lang='grc' dir='ltr'><em>ψυχὴ</em></span> 
     </span>
    </p>
   </div>
   <div class='ocr_carea' id='block_1_58' title="bbox 2043 3113 3627 3208">
    <p class='ocr_par' dir='ltr' id='par_1_58' title="bbox 2047 3115 3627 3189">
     <span class='ocr_line' id='line_1_58' title="bbox 2047 3115 3627 3189; baseline 0.002 -19"><span class='ocrx_word' id='word_1_401' title='bbox 2047 3115 2204 3170; x_wconf 69' lang='lat' dir='ltr'><strong>calas</strong></span> <span class='ocrx_word' id='word_1_402' title='bbox 2244 3126 2294 3170; x_wconf 87' lang='lat' dir='ltr'><strong>et</strong></span> <span class='ocrx_word' id='word_1_403' title='bbox 2322 3116 2642 3171; x_wconf 87' lang='lat' dir='ltr'><strong>descendunt</strong></span> <span class='ocrx_word' id='word_1_404' title='bbox 2671 3135 2833 3188; x_wconf 90' lang='lat' dir='ltr'><strong>usque</strong></span> <span class='ocrx_word' id='word_1_405' title='bbox 2863 3118 2932 3171; x_wconf 90' lang='lat' dir='ltr'><strong>ad</strong></span> <span class='ocrx_word' id='word_1_406' title='bbox 2963 3117 3202 3189; x_wconf 84' lang='lat' dir='ltr'><strong>abyssos,</strong></span> <span class='ocrx_word' id='word_1_407' title='bbox 3237 3120 3415 3172; x_wconf 89' lang='lat' dir='ltr'><strong>anima</strong></span> <span class='ocrx_word' id='word_1_408' title='bbox 3443 3136 3627 3173; x_wconf 87' lang='lat' dir='ltr'><strong>eorum</strong></span> 
     </span>
    </p>
   </div>
   <div class='ocr_carea' id='block_1_59' title="bbox 360 3207 1940 3282">
    <p class='ocr_par' dir='ltr' id='par_1_59' title="bbox 360 3207 1940 3282">
     <span class='ocr_line' id='line_1_59' title="bbox 360 3207 1940 3282; baseline 0.003 -20"><span class='ocrx_word' id='word_1_409' title='bbox 360 3207 566 3262; x_wconf 78' lang='grc' dir='ltr'><em>αὐτῶν</em></span> <span class='ocrx_word' id='word_1_410' title='bbox 603 3210 675 3263; x_wconf 78' lang='grc' dir='ltr'><em>ἐν</em></span> <span class='ocrx_word' id='word_1_411' title='bbox 719 3210 925 3278; x_wconf 83' lang='grc' dir='ltr'><em>κακοῖς</em></span> <span class='ocrx_word' id='word_1_412' title='bbox 956 3209 1222 3278; x_wconf 79' lang='grc' dir='ltr'><em>ἐτήκετο.</em></span> <span class='ocrx_word' id='word_1_413' title='bbox 1277 3211 1748 3282; x_wconf 77' lang='grc' dir='ltr'><em>Ἐταράχηησαν,</em></span> <span class='ocrx_word' id='word_1_414' title='bbox 1799 3213 1940 3266; x_wconf 71' lang='grc' dir='ltr'><em>ἐσαρ</em></span> 
     </span>
    </p>
   </div>
   <div class='ocr_carea' id='block_1_60' title="bbox 359 3301 1943 3373">
    <p class='ocr_par' dir='ltr' id='par_1_60' title="bbox 359 3301 1943 3373">
     <span class='ocr_line' id='line_1_60' title="bbox 359 3301 1943 3373; baseline 0.003 -20"><span class='ocrx_word' id='word_1_415' title='bbox 359 3301 677 3368; x_wconf 83' lang='grc' dir='ltr'><em>λεύθησαν</em></span> <span class='ocrx_word' id='word_1_416' title='bbox 699 3302 779 3368; x_wconf 89' lang='grc' dir='ltr'><em>ὠς</em></span> <span class='ocrx_word' id='word_1_417' title='bbox 806 3305 837 3356; x_wconf 85' lang='grc' dir='ltr'><em>ὀ</em></span> <span class='ocrx_word' id='word_1_418' title='bbox 866 3304 1122 3373; x_wconf 82' lang='grc' dir='ltr'><em>μεθύων,</em></span> <span class='ocrx_word' id='word_1_419' title='bbox 1149 3303 1246 3357; x_wconf 80' lang='grc' dir='ltr'><em>καὶ</em></span> <span class='ocrx_word' id='word_1_420' title='bbox 1281 3302 1448 3359; x_wconf 85' lang='grc' dir='ltr'><em>πᾶσα</em></span> <span class='ocrx_word' id='word_1_421' title='bbox 1476 3304 1514 3372; x_wconf 81' lang='grc' dir='ltr'><em>ἡ</em></span> <span class='ocrx_word' id='word_1_422' title='bbox 1537 3304 1723 3372; x_wconf 68' lang='grc' dir='ltr'><em>σοφία</em></span> <span class='ocrx_word' id='word_1_423' title='bbox 1745 3301 1943 3357; x_wconf 84' lang='grc' dir='ltr'><em>αὐτῶν</em></span> 
     </span>
    </p>
   </div>
   <div class='ocr_carea' id='block_1_61' title="bbox 359 3397 1945 3468">
    <p class='ocr_par' dir='ltr' id='par_1_61' title="bbox 359 3397 1945 3468">
     <span class='ocr_line' id='line_1_61' title="bbox 359 3397 1945 3468; baseline 0.004 -20"><span class='ocrx_word' id='word_1_424' title='bbox 359 3397 687 3465; x_wconf 76' lang='grc' dir='ltr'><em>κατεπόθη.</em></span> <span class='ocrx_word' id='word_1_425' title='bbox 743 3398 855 3452; x_wconf 81' lang='grc' dir='ltr'><strong>Καὶ</strong></span> <span class='ocrx_word' id='word_1_426' title='bbox 905 3399 1240 3468; x_wconf 80' lang='grc' dir='ltr'><em>ὲκέκραξαν</em></span> <span class='ocrx_word' id='word_1_427' title='bbox 1291 3399 1440 3467; x_wconf 80' lang='grc' dir='ltr'><em>πρὸς</em></span> <span class='ocrx_word' id='word_1_428' title='bbox 1484 3400 1705 3468; x_wconf 84' lang='grc' dir='ltr'><em>Κύριον</em></span> <span class='ocrx_word' id='word_1_429' title='bbox 1746 3399 1816 3453; x_wconf 87' lang='grc' dir='ltr'><em>ἐν</em></span> <span class='ocrx_word' id='word_1_430' title='bbox 1862 3399 1945 3465; x_wconf 85' lang='grc' dir='ltr'><em>τῷ</em></span> 
     </span>
    </p>
   </div>
   <div class='ocr_carea' id='block_1_62' title="bbox 359 3487 1946 3560">
    <p class='ocr_par' dir='ltr' id='par_1_62' title="bbox 359 3487 1946 3560">
     <span class='ocr_line' id='line_1_62' title="bbox 359 3487 1946 3560; baseline 0.003 -19"><span class='ocrx_word' id='word_1_431' title='bbox 359 3487 674 3542; x_wconf 84' lang='grc' dir='ltr'><em>θλίϐεσθαι</em></span> <span class='ocrx_word' id='word_1_432' title='bbox 692 3489 932 3556; x_wconf 84' lang='grc' dir='ltr'><em>αὐτοὺς,</em></span> <span class='ocrx_word' id='word_1_433' title='bbox 952 3491 1051 3544; x_wconf 78' lang='grc' dir='ltr'><em>καὶ</em></span> <span class='ocrx_word' id='word_1_434' title='bbox 1074 3489 1142 3544; x_wconf 84' lang='grc' dir='ltr'><em>ἐκ</em></span> <span class='ocrx_word' id='word_1_435' title='bbox 1165 3490 1282 3544; x_wconf 89' lang='grc' dir='ltr'><strong>τῶν</strong></span> <span class='ocrx_word' id='word_1_436' title='bbox 1298 3491 1576 3560; x_wconf 77' lang='grc' dir='ltr'><em>ἀναγκῶν</em></span> <span class='ocrx_word' id='word_1_437' title='bbox 1609 3490 1808 3546; x_wconf 86' lang='grc' dir='ltr'><em>αὐτῶν</em></span> <span class='ocrx_word' id='word_1_438' title='bbox 1847 3491 1946 3556; x_wconf 80' lang='grc' dir='ltr'><strong>ἐξ·</strong></span> 
     </span>
    </p>
   </div>
   <div class='ocr_carea' id='block_1_63' title="bbox 360 3576 1944 3652">
    <p class='ocr_par' dir='ltr' id='par_1_63' title="bbox 360 3576 1944 3652">
     <span class='ocr_line' id='line_1_63' title="bbox 360 3576 1944 3652; baseline 0.004 -22"><span class='ocrx_word' id='word_1_439' title='bbox 360 3576 594 3647; x_wconf 69' lang='grc' dir='ltr'><em>ἢγαγεν</em></span> <span class='ocrx_word' id='word_1_440' title='bbox 634 3580 875 3646; x_wconf 86' lang='grc' dir='ltr'><em>αὐτούς.</em></span> <span class='ocrx_word' id='word_1_441' title='bbox 909 3581 1020 3634; x_wconf 85' lang='lat' dir='ltr'><strong>Kal</strong></span> <span class='ocrx_word' id='word_1_442' title='bbox 1060 3581 1320 3646; x_wconf 68' lang='grc' dir='ltr'><em>ἐπάταξε</em></span> <span class='ocrx_word' id='word_1_443' title='bbox 1372 3580 1444 3650; x_wconf 79' lang='grc' dir='ltr'><strong>τῇ</strong></span> <span class='ocrx_word' id='word_1_444' title='bbox 1476 3583 1791 3652; x_wconf 79' lang='grc' dir='ltr'><em>καταιγίδι,</em></span> <span class='ocrx_word' id='word_1_445' title='bbox 1845 3584 1944 3636; x_wconf 75' lang='grc' dir='ltr'><em>καὶ</em></span> 
     </span>
    </p>
   </div>
   <div class='ocr_carea' id='block_1_64' title="bbox 357 3666 1940 3739">
    <p class='ocr_par' dir='ltr' id='par_1_64' title="bbox 357 3666 1940 3739">
     <span class='ocr_line' id='line_1_64' title="bbox 357 3666 1940 3739; baseline 0.004 -20"><span class='ocrx_word' id='word_1_446' title='bbox 357 3666 516 3735; x_wconf 83' lang='grc' dir='ltr'><em>ἕστη</em></span> <span class='ocrx_word' id='word_1_447' title='bbox 550 3670 637 3734; x_wconf 84' lang='grc' dir='ltr'><strong>είς</strong></span> <span class='ocrx_word' id='word_1_448' title='bbox 661 3666 874 3737; x_wconf 81' lang='grc' dir='ltr'><em>αὔραν,</em></span> <span class='ocrx_word' id='word_1_449' title='bbox 912 3668 1012 3721; x_wconf 80' lang='grc' dir='ltr'><em>καὶ</em></span> <span class='ocrx_word' id='word_1_450' title='bbox 1038 3668 1341 3739; x_wconf 77' lang='grc' dir='ltr'><em>ἐσίγησαν</em></span> <span class='ocrx_word' id='word_1_451' title='bbox 1365 3672 1438 3724; x_wconf 87' lang='grc' dir='ltr'><em>τὰ</em></span> <span class='ocrx_word' id='word_1_452' title='bbox 1470 3672 1704 3739; x_wconf 89' lang='grc' dir='ltr'><em>κύματα</em></span> <span class='ocrx_word' id='word_1_453' title='bbox 1731 3670 1940 3739; x_wconf 82' lang='grc' dir='ltr'><em>αὐτῆς.</em></span> 
     </span>
    </p>
   </div>
   <div class='ocr_carea' id='block_1_65' title="bbox 360 3755 1944 3834">
    <p class='ocr_par' dir='ltr' id='par_1_65' title="bbox 360 3755 1944 3834">
     <span class='ocr_line' id='line_1_65' title="bbox 360 3755 1944 3834; baseline 0.001 -21"><span class='ocrx_word' id='word_1_454' title='bbox 360 3755 556 3813; x_wconf 79' lang='grc' dir='ltr'><em>ταῦτα</em></span> <span class='ocrx_word' id='word_1_455' title='bbox 611 3759 967 3833; x_wconf 77' lang='grc' dir='ltr'><em>προφητικῶς</em></span> <span class='ocrx_word' id='word_1_456' title='bbox 1015 3761 1379 3834; x_wconf 76' lang='grc' dir='ltr'><em>θεσπιζόμενα</em></span> <span class='ocrx_word' id='word_1_457' title='bbox 1417 3762 1718 3834; x_wconf 79' lang='grc' dir='ltr'><em>ἐπληροῦτο</em></span> <span class='ocrx_word' id='word_1_458' title='bbox 1766 3761 1944 3832; x_wconf 77' lang='grc' dir='ltr'><em>ῥητῶς</em></span> 
     </span>
    </p>
   </div>
   <div class='ocr_carea' id='block_1_66' title="bbox 361 3843 1944 3927">
    <p class='ocr_par' dir='ltr' id='par_1_66' title="bbox 361 3843 1944 3927">
     <span class='ocr_line' id='line_1_66' title="bbox 361 3843 1944 3927; baseline -0.001 -20"><span class='ocrx_word' id='word_1_459' title='bbox 361 3843 464 3907; x_wconf 75' lang='grc' dir='ltr'><em>καὶ</em></span> <span class='ocrx_word' id='word_1_460' title='bbox 502 3853 638 3923; x_wconf 82' lang='grc' dir='ltr'><em>πρὸς</em></span> <span class='ocrx_word' id='word_1_461' title='bbox 691 3850 835 3918; x_wconf 75' lang='grc' dir='ltr'><em>λέξιν</em></span> <span class='ocrx_word' id='word_1_462' title='bbox 872 3870 886 3884; x_wconf 88' lang='grc'><strong>·</strong></span> <span class='ocrx_word' id='word_1_463' title='bbox 937 3854 1045 3908; x_wconf 89' lang='grc' dir='ltr'><strong>τῶν</strong></span> <span class='ocrx_word' id='word_1_464' title='bbox 1092 3854 1199 3927; x_wconf 82' lang='grc' dir='ltr'><em>γὰρ</em></span> <span class='ocrx_word' id='word_1_465' title='bbox 1253 3851 1510 3926; x_wconf 82' lang='grc' dir='ltr'><em>μαθητῶν</em></span> <span class='ocrx_word' id='word_1_466' title='bbox 1552 3853 1644 3908; x_wconf 79' lang='grc' dir='ltr'><em>τοῦ</em></span> <span class='ocrx_word' id='word_1_467' title='bbox 1694 3854 1944 3925; x_wconf 80' lang='grc' dir='ltr'><em>Σωτῆρος</em></span> 
     </span>
    </p>
   </div>
   <div class='ocr_carea' id='block_1_67' title="bbox 357 3935 1948 4018">
    <p class='ocr_par' dir='ltr' id='par_1_67' title="bbox 357 3935 1948 4018">
     <span class='ocr_line' id='line_1_67' title="bbox 357 3935 1948 4018; baseline 0 -21"><span class='ocrx_word' id='word_1_468' title='bbox 357 3935 525 4017; x_wconf 71' lang='grc' dir='ltr'><em>ἡμῶν</em></span> <span class='ocrx_word' id='word_1_469' title='bbox 571 3937 915 4018; x_wconf 78' lang='grc' dir='ltr'><em>ἐμπλεόντων</em></span> <span class='ocrx_word' id='word_1_470' title='bbox 951 3949 1047 4002; x_wconf 83' lang='grc' dir='ltr'><em>σὺν</em></span> <span class='ocrx_word' id='word_1_471' title='bbox 1083 3939 1250 4017; x_wconf 70' lang='grc' dir='ltr'><em>αὐτῷ,</em></span> <span class='ocrx_word' id='word_1_472' title='bbox 1291 3946 1562 4015; x_wconf 82' lang='grc' dir='ltr'><em>σεισμὸς,</em></span> <span class='ocrx_word' id='word_1_473' title='bbox 1596 3945 1781 4017; x_wconf 77' lang='grc' dir='ltr'><em>φησὶν,</em></span> <span class='ocrx_word' id='word_1_474' title='bbox 1821 3945 1948 4016; x_wconf 79' lang='grc' dir='ltr'><em>ἐγέ-</em></span> 
     </span>
    </p>
   </div>
   <div class='ocr_carea' id='block_1_68' title="bbox 357 4025 1945 4107">
    <p class='ocr_par' dir='ltr' id='par_1_68' title="bbox 357 4025 1945 4107">
     <span class='ocr_line' id='line_1_68' title="bbox 357 4025 1945 4107; baseline -0.001 -17"><span class='ocrx_word' id='word_1_475' title='bbox 357 4054 502 4091; x_wconf 86' lang='grc' dir='ltr'><em>νετο</em></span> <span class='ocrx_word' id='word_1_476' title='bbox 531 4037 721 4107; x_wconf 80' lang='grc' dir='ltr'><em>μέγας</em></span> <span class='ocrx_word' id='word_1_477' title='bbox 743 4038 813 4092; x_wconf 83' lang='grc' dir='ltr'><em>ἐν</em></span> <span class='ocrx_word' id='word_1_478' title='bbox 839 4037 914 4107; x_wconf 75' lang='grc' dir='ltr'><em>τῇ</em></span> <span class='ocrx_word' id='word_1_479' title='bbox 934 4039 1240 4107; x_wconf 82' lang='grc' dir='ltr'><em>θαλάσσῃ,</em></span> <span class='ocrx_word' id='word_1_480' title='bbox 1285 4038 1442 4092; x_wconf 83' lang='grc' dir='ltr'><em>ὥστε</em></span> <span class='ocrx_word' id='word_1_481' title='bbox 1479 4039 1540 4091; x_wconf 85' lang='grc' dir='ltr'><em>τὸ</em></span> <span class='ocrx_word' id='word_1_482' title='bbox 1577 4037 1793 4092; x_wconf 81' lang='grc' dir='ltr'><em>πλοῖον</em></span> <span class='ocrx_word' id='word_1_483' title='bbox 1841 4025 1945 4090; x_wconf 75' lang='grc' dir='ltr'><em>κα-</em></span> 
     </span>
    </p>
   </div>
   <div class='ocr_carea' id='block_1_69' title="bbox 358 4127 1946 4202">
    <p class='ocr_par' dir='ltr' id='par_1_69' title="bbox 358 4127 1946 4202">
     <span class='ocr_line' id='line_1_69' title="bbox 358 4127 1946 4202; baseline -0.003 -18"><span class='ocrx_word' id='word_1_484' title='bbox 358 4129 701 4185; x_wconf 80' lang='grc' dir='ltr'><em>λύπτεσθαι</em></span> <span class='ocrx_word' id='word_1_485' title='bbox 726 4127 843 4186; x_wconf 79' lang='grc' dir='ltr'><strong>ὑπὸ</strong></span> <span class='ocrx_word' id='word_1_486' title='bbox 879 4130 998 4184; x_wconf 86' lang='grc' dir='ltr'><strong>τῶν</strong></span> <span class='ocrx_word' id='word_1_487' title='bbox 1024 4129 1323 4200; x_wconf 81' lang='grc' dir='ltr'><em>κυμάτων.</em></span> <span class='ocrx_word' id='word_1_488' title='bbox 1362 4132 1424 4184; x_wconf 91' lang='grc' dir='ltr'><strong>Οἱ</strong></span> <span class='ocrx_word' id='word_1_489' title='bbox 1452 4129 1510 4183; x_wconf 84' lang='grc' dir='ltr'><strong>δὲ</strong></span> <span class='ocrx_word' id='word_1_490' title='bbox 1544 4127 1946 4202; x_wconf 84' lang='grc' dir='ltr'><em>προσπεσόντες</em></span> 
     </span>
    </p>
   </div>
   <div class='ocr_carea' id='block_1_70' title="bbox 360 4217 1947 4292">
    <p class='ocr_par' dir='ltr' id='par_1_70' title="bbox 360 4217 1947 4292">
     <span class='ocr_line' id='line_1_70' title="bbox 360 4217 1947 4292; baseline -0.001 -18"><span class='ocrx_word' id='word_1_491' title='bbox 360 4217 516 4276; x_wconf 77' lang='grc' dir='ltr'><em>εἷπον</em></span> <span class='ocrx_word' id='word_1_492' title='bbox 549 4220 728 4292; x_wconf 72' lang='grc' dir='ltr'><em>αὐτῷ·</em></span> <span class='ocrx_word' id='word_1_493' title='bbox 764 4223 963 4290; x_wconf 85' lang='grc' dir='ltr'><em>Κύριε,</em></span> <span class='ocrx_word' id='word_1_494' title='bbox 1000 4219 1210 4275; x_wconf 88' lang='grc' dir='ltr'><em>σῶσον</em></span> <span class='ocrx_word' id='word_1_495' title='bbox 1231 4219 1407 4291; x_wconf 81' lang='grc' dir='ltr'><em>ἡμᾶς,</em></span> <span class='ocrx_word' id='word_1_496' title='bbox 1449 4219 1857 4290; x_wconf 78' lang='grc' dir='ltr'><em>ἀπολλύμεθα.</em></span> <span class='ocrx_word' id='word_1_497' title='bbox 1887 4220 1947 4272; x_wconf 90' lang='lat'><strong>&#39;0</strong></span> 
     </span>
    </p>
   </div>
   <div class='ocr_carea' id='block_1_71' title="bbox 359 4307 1948 4385">
    <p class='ocr_par' dir='ltr' id='par_1_71' title="bbox 359 4307 1948 4385">
     <span class='ocr_line' id='line_1_71' title="bbox 359 4307 1948 4385; baseline 0 -19"><span class='ocrx_word' id='word_1_498' title='bbox 359 4307 421 4366; x_wconf 79' lang='grc' dir='ltr'><strong>δὲ</strong></span> <span class='ocrx_word' id='word_1_499' title='bbox 452 4309 589 4384; x_wconf 80' lang='grc' dir='ltr'><em>πρὸς</em></span> <span class='ocrx_word' id='word_1_500' title='bbox 622 4313 820 4376; x_wconf 75' lang='grc' dir='ltr'><em>αὐτοὺς</em></span> <span class='ocrx_word' id='word_1_501' title='bbox 880 4316 1095 4385; x_wconf 71' lang='grc' dir='ltr'><em>φήσαςο</em></span> <span class='ocrx_word' id='word_1_502' title='bbox 1153 4314 1214 4368; x_wconf 90' lang='grc' dir='ltr'><strong>Τί</strong></span> <span class='ocrx_word' id='word_1_503' title='bbox 1249 4313 1438 4368; x_wconf 82' lang='grc' dir='ltr'><em>δειλοί</em></span> <span class='ocrx_word' id='word_1_504' title='bbox 1484 4315 1644 4380; x_wconf 86' lang='grc' dir='ltr'><em>ἐστε,</em></span> <span class='ocrx_word' id='word_1_505' title='bbox 1690 4315 1948 4382; x_wconf 72' lang='grc' dir='ltr'><em>ὀλιγόπι·</em></span> 
     </span>
    </p>
   </div>
   <div class='ocr_carea' id='block_1_72' title="bbox 360 4403 1943 4474">
    <p class='ocr_par' dir='ltr' id='par_1_72' title="bbox 360 4403 1943 4474">
     <span class='ocr_line' id='line_1_72' title="bbox 360 4403 1943 4474; baseline -0.001 -14"><span class='ocrx_word' id='word_1_506' title='bbox 360 4421 534 4468; x_wconf 86' lang='grc' dir='ltr'><em>στοι;</em></span> <span class='ocrx_word' id='word_1_507' title='bbox 582 4405 909 4474; x_wconf 82' lang='grc' dir='ltr'><em>ἐπετίμησε</em></span> <span class='ocrx_word' id='word_1_508' title='bbox 953 4404 1078 4471; x_wconf 87' lang='grc' dir='ltr'><em>τοῖς</em></span> <span class='ocrx_word' id='word_1_509' title='bbox 1102 4403 1340 4474; x_wconf 86' lang='grc' dir='ltr'><em>ἀνέμοις</em></span> <span class='ocrx_word' id='word_1_510' title='bbox 1374 4404 1470 4458; x_wconf 79' lang='grc' dir='ltr'><em>καὶ</em></span> <span class='ocrx_word' id='word_1_511' title='bbox 1521 4403 1598 4474; x_wconf 78' lang='grc' dir='ltr'><em>τῇ</em></span> <span class='ocrx_word' id='word_1_512' title='bbox 1636 4403 1943 4473; x_wconf 78' lang='grc' dir='ltr'><em>θαλάσση,</em></span> 
     </span>
    </p>
   </div>
   <div class='ocr_carea' id='block_1_73' title="bbox 2043 3209 3629 3278">
    <p class='ocr_par' dir='ltr' id='par_1_73' title="bbox 2043 3209 3629 3278">
     <span class='ocr_line' id='line_1_73' title="bbox 2043 3209 3629 3278; baseline 0.001 -15"><span class='ocrx_word' id='word_1_513' title='bbox 2043 3210 2101 3263; x_wconf 88' lang='lat' dir='ltr'><strong>in</strong></span> <span class='ocrx_word' id='word_1_514' title='bbox 2127 3209 2284 3263; x_wconf 88' lang='lat' dir='ltr'><strong>malis</strong></span> <span class='ocrx_word' id='word_1_515' title='bbox 2315 3209 2631 3265; x_wconf 88' lang='lat' dir='ltr'><strong>tabescebat.</strong></span> <span class='ocrx_word' id='word_1_516' title='bbox 2661 3210 2886 3264; x_wconf 88' lang='lat' dir='ltr'><strong>Turbati</strong></span> <span class='ocrx_word' id='word_1_517' title='bbox 2911 3221 3055 3278; x_wconf 90' lang='lat' dir='ltr'><strong>sunt,</strong></span> <span class='ocrx_word' id='word_1_518' title='bbox 3079 3211 3326 3265; x_wconf 87' lang='lat' dir='ltr'><strong>commoti</strong></span> <span class='ocrx_word' id='word_1_519' title='bbox 3344 3222 3465 3266; x_wconf 90' lang='lat' dir='ltr'><strong>sunt</strong></span> <span class='ocrx_word' id='word_1_520' title='bbox 3489 3211 3629 3266; x_wconf 87' lang='lat' dir='ltr'><strong>sicut</strong></span> 
     </span>
    </p>
   </div>
   <div class='ocr_carea' id='block_1_74' title="bbox 2042 3300 3629 3373">
    <p class='ocr_par' dir='ltr' id='par_1_74' title="bbox 2042 3300 3629 3373">
     <span class='ocr_line' id='line_1_74' title="bbox 2042 3300 3629 3373; baseline 0 -17"><span class='ocrx_word' id='word_1_521' title='bbox 2042 3300 2240 3368; x_wconf 85' lang='lat' dir='ltr'><strong>ebrius,</strong></span> <span class='ocrx_word' id='word_1_522' title='bbox 2271 3311 2320 3356; x_wconf 86' lang='lat' dir='ltr'><strong>et</strong></span> <span class='ocrx_word' id='word_1_523' title='bbox 2351 3304 2522 3357; x_wconf 89' lang='lat' dir='ltr'><strong>omnis</strong></span> <span class='ocrx_word' id='word_1_524' title='bbox 2572 3304 2838 3373; x_wconf 85' lang='lat' dir='ltr'><strong>sapientia</strong></span> <span class='ocrx_word' id='word_1_525' title='bbox 2887 3319 3069 3358; x_wconf 90' lang='lat' dir='ltr'><strong>eorum</strong></span> <span class='ocrx_word' id='word_1_526' title='bbox 3109 3304 3361 3358; x_wconf 85' lang='lat' dir='ltr'><strong>devorata</strong></span> <span class='ocrx_word' id='word_1_527' title='bbox 3404 3316 3502 3358; x_wconf 81' lang='lat' dir='ltr'><strong>est.</strong></span> <span class='ocrx_word' id='word_1_528' title='bbox 3561 3301 3629 3356; x_wconf 82' lang='lat' dir='ltr'><strong>Et</strong></span> 
     </span>
    </p>
   </div>
   <div class='ocr_carea' id='block_1_75' title="bbox 2045 3394 3630 3462">
    <p class='ocr_par' dir='ltr' id='par_1_75' title="bbox 2045 3394 3630 3462">
     <span class='ocr_line' id='line_1_75' title="bbox 2045 3394 3630 3462; baseline 0.001 -15"><span class='ocrx_word' id='word_1_529' title='bbox 2045 3394 2408 3449; x_wconf 78' lang='lat' dir='ltr'><strong>clamauerunt</strong></span> <span class='ocrx_word' id='word_1_530' title='bbox 2456 3395 2524 3448; x_wconf 89' lang='lat' dir='ltr'><strong>ad</strong></span> <span class='ocrx_word' id='word_1_531' title='bbox 2565 3394 2851 3449; x_wconf 85' lang='lat' dir='ltr'><strong>Dominum</strong></span> <span class='ocrx_word' id='word_1_532' title='bbox 2883 3412 3003 3449; x_wconf 90' lang='lat' dir='ltr'><strong>cum</strong></span> <span class='ocrx_word' id='word_1_533' title='bbox 3043 3395 3449 3462; x_wconf 87' lang='lat' dir='ltr'><strong>tribularentur,</strong></span> <span class='ocrx_word' id='word_1_534' title='bbox 3479 3404 3530 3449; x_wconf 89' lang='lat' dir='ltr'><strong>et</strong></span> <span class='ocrx_word' id='word_1_535' title='bbox 3565 3395 3630 3449; x_wconf 88' lang='lat' dir='ltr'><strong>de</strong></span> 
     </span>
    </p>
   </div>
   <div class='ocr_carea' id='block_1_76' title="bbox 2045 3485 3630 3556">
    <p class='ocr_par' dir='ltr' id='par_1_76' title="bbox 2045 3485 3630 3556">
     <span class='ocr_line' id='line_1_76' title="bbox 2045 3485 3630 3556; baseline -0.001 -15"><span class='ocrx_word' id='word_1_536' title='bbox 2045 3487 2447 3541; x_wconf 84' lang='lat' dir='ltr'><strong>necessitatibus</strong></span> <span class='ocrx_word' id='word_1_537' title='bbox 2490 3504 2671 3542; x_wconf 87' lang='lat' dir='ltr'><strong>eorum</strong></span> <span class='ocrx_word' id='word_1_538' title='bbox 2724 3487 2911 3542; x_wconf 68' lang='lat' dir='ltr'><strong>eduxit</strong></span> <span class='ocrx_word' id='word_1_539' title='bbox 2958 3504 3064 3541; x_wconf 87' lang='lat' dir='ltr'><strong>eos.</strong></span> <span class='ocrx_word' id='word_1_540' title='bbox 3103 3485 3173 3540; x_wconf 89' lang='lat' dir='ltr'><strong>Et</strong></span> <span class='ocrx_word' id='word_1_541' title='bbox 3218 3485 3630 3556; x_wconf 83' lang='lat' dir='ltr'><strong>percussit&#39;pro-</strong></span> 
     </span>
    </p>
   </div>
   <div class='ocr_carea' id='block_1_77' title="bbox 2047 3578 3624 3648">
    <p class='ocr_par' dir='ltr' id='par_1_77' title="bbox 2047 3578 3624 3648">
     <span class='ocr_line' id='line_1_77' title="bbox 2047 3578 3624 3648; baseline -0.001 -17"><span class='ocrx_word' id='word_1_542' title='bbox 2047 3578 2258 3642; x_wconf 85' lang='lat' dir='ltr'><strong>cellam,</strong></span> <span class='ocrx_word' id='word_1_543' title='bbox 2283 3591 2334 3633; x_wconf 85' lang='lat' dir='ltr'><strong>et</strong></span> <span class='ocrx_word' id='word_1_544' title='bbox 2365 3579 2511 3633; x_wconf 90' lang='lat' dir='ltr'><strong>stetit</strong></span> <span class='ocrx_word' id='word_1_545' title='bbox 2542 3580 2597 3633; x_wconf 91' lang='lat' dir='ltr'><strong>in</strong></span> <span class='ocrx_word' id='word_1_546' title='bbox 2625 3595 2835 3642; x_wconf 88' lang='lat' dir='ltr'><strong>auram,</strong></span> <span class='ocrx_word' id='word_1_547' title='bbox 2866 3587 2916 3633; x_wconf 88' lang='lat' dir='ltr'><strong>et</strong></span> <span class='ocrx_word' id='word_1_548' title='bbox 2955 3579 3218 3632; x_wconf 86' lang='lat' dir='ltr'><strong>siluerunt</strong></span> <span class='ocrx_word' id='word_1_549' title='bbox 3261 3579 3453 3647; x_wconf 82' lang='lat' dir='ltr'><strong>ﬂuctus</strong></span> <span class='ocrx_word' id='word_1_550' title='bbox 3487 3579 3624 3648; x_wconf 82' lang='lat' dir='ltr'><strong>ejus.</strong></span> 
     </span>
    </p>
   </div>
   <div class='ocr_carea' id='block_1_78' title="bbox 2049 3669 3626 3740">
    <p class='ocr_par' dir='ltr' id='par_1_78' title="bbox 2049 3669 3626 3740">
     <span class='ocr_line' id='line_1_78' title="bbox 2049 3669 3626 3740; baseline 0 -17"><span class='ocrx_word' id='word_1_551' title='bbox 2049 3669 2178 3724; x_wconf 64' lang='lat' dir='ltr'><strong>Haec</strong></span> <span class='ocrx_word' id='word_1_552' title='bbox 2213 3670 2529 3740; x_wconf 87' lang='lat' dir='ltr'><strong>prophetice</strong></span> <span class='ocrx_word' id='word_1_553' title='bbox 2573 3669 2934 3740; x_wconf 73' lang='lat' dir='ltr'><strong>praznuntiata</strong></span> <span class='ocrx_word' id='word_1_554' title='bbox 2965 3669 3147 3740; x_wconf 88' lang='lat' dir='ltr'><strong>reipsa</strong></span> <span class='ocrx_word' id='word_1_555' title='bbox 3202 3677 3256 3724; x_wconf 92' lang='lat' dir='ltr'><strong>et</strong></span> <span class='ocrx_word' id='word_1_556' title='bbox 3289 3671 3353 3724; x_wconf 93' lang='lat' dir='ltr'><strong>ad</strong></span> <span class='ocrx_word' id='word_1_557' title='bbox 3389 3670 3626 3724; x_wconf 89' lang='lat' dir='ltr'><strong>litteram</strong></span> 
     </span>
    </p>
   </div>
   <div class='ocr_carea' id='block_1_79' title="bbox 2041 3761 3623 3832">
    <p class='ocr_par' dir='ltr' id='par_1_79' title="bbox 2041 3761 3623 3832">
     <span class='ocr_line' id='line_1_79' title="bbox 2041 3761 3623 3832; baseline 0 -17"><span class='ocrx_word' id='word_1_558' title='bbox 2041 3761 2268 3831; x_wconf 88' lang='lat' dir='ltr'><strong>impleta</strong></span> <span class='ocrx_word' id='word_1_559' title='bbox 2293 3771 2439 3816; x_wconf 89' lang='lat' dir='ltr'><strong>sunt.</strong></span> <span class='ocrx_word' id='word_1_560' title='bbox 2473 3761 2607 3815; x_wconf 88' lang='lat' dir='ltr'><strong>Nam</strong></span> <span class='ocrx_word' id='word_1_561' title='bbox 2649 3777 2772 3816; x_wconf 88' lang='lat' dir='ltr'><strong>cum</strong></span> <span class='ocrx_word' id='word_1_562' title='bbox 2812 3762 3067 3832; x_wconf 80' lang='lat' dir='ltr'><strong>discipuli</strong></span> <span class='ocrx_word' id='word_1_563' title='bbox 3119 3761 3424 3817; x_wconf 86' lang='lat' dir='ltr'><strong>Salvatoris&#39;</strong></span> <span class='ocrx_word' id='word_1_564' title='bbox 3451 3762 3623 3816; x_wconf 88' lang='lat' dir='ltr'><strong>nostri</strong></span> 
     </span>
    </p>
   </div>
   <div class='ocr_carea' id='block_1_80' title="bbox 2047 3853 3626 3925">
    <p class='ocr_par' dir='ltr' id='par_1_80' title="bbox 2047 3853 3626 3925">
     <span class='ocr_line' id='line_1_80' title="bbox 2047 3853 3626 3925; baseline 0 -18"><span class='ocrx_word' id='word_1_565' title='bbox 2047 3864 2172 3907; x_wconf 82' lang='lat' dir='ltr'><strong>‘cum</strong></span> <span class='ocrx_word' id='word_1_566' title='bbox 2204 3854 2325 3924; x_wconf 85' lang='lat' dir='ltr'><strong>ipso</strong></span> <span class='ocrx_word' id='word_1_567' title='bbox 2355 3853 2698 3924; x_wconf 84' lang='lat' dir='ltr'><strong>navigarent,</strong></span> <span class='ocrx_word' id='word_1_568' title='bbox 2734 3863 2930 3918; x_wconf 89' lang='lat' dir='ltr'><strong>motus,</strong></span> <span class='ocrx_word' id='word_1_569' title='bbox 2961 3854 3159 3925; x_wconf 92' lang='lat' dir='ltr'><strong>inquit,</strong></span> <span class='ocrx_word' id='word_1_570' title='bbox 3200 3871 3420 3924; x_wconf 87' lang='lat' dir='ltr'><strong>magnus</strong></span> <span class='ocrx_word' id='word_1_571' title='bbox 3450 3855 3626 3924; x_wconf 77' lang='lat' dir='ltr'><strong>factus</strong></span> 
     </span>
    </p>
   </div>
   <div class='ocr_carea' id='block_1_81' title="bbox 2046 3945 3627 4014">
    <p class='ocr_par' dir='ltr' id='par_1_81' title="bbox 2046 3945 3627 4014">
     <span class='ocr_line' id='line_1_81' title="bbox 2046 3945 3627 4014; baseline 0.001 -16"><span class='ocrx_word' id='word_1_572' title='bbox 2046 3953 2124 3998; x_wconf 89' lang='lat' dir='ltr'><strong>est</strong></span> <span class='ocrx_word' id='word_1_573' title='bbox 2144 3945 2199 3998; x_wconf 87' lang='lat' dir='ltr'><strong>in</strong></span> <span class='ocrx_word' id='word_1_574' title='bbox 2224 3947 2380 4013; x_wconf 80' lang='lat' dir='ltr'><strong>mari,</strong></span> <span class='ocrx_word' id='word_1_575' title='bbox 2402 3946 2478 3999; x_wconf 90' lang='lat' dir='ltr'><strong>ita</strong></span> <span class='ocrx_word' id='word_1_576' title='bbox 2510 3957 2568 3999; x_wconf 87' lang='lat' dir='ltr'><strong>ut</strong></span> <span class='ocrx_word' id='word_1_577' title='bbox 2589 3946 2833 3999; x_wconf 87' lang='lat' dir='ltr'><strong>navicula</strong></span> <span class='ocrx_word' id='word_1_578' title='bbox 2861 3946 3150 4014; x_wconf 85' lang='lat' dir='ltr'><strong>operiretur</strong></span> <span class='ocrx_word' id='word_1_579' title='bbox 3165 3946 3417 4014; x_wconf 80' lang='lat' dir='ltr'><strong>ﬂuctibus</strong></span> <span class='ocrx_word' id='word_1_580' title='bbox 3438 3946 3504 4002; x_wconf 82' lang='grc'><strong>⁷⁸.</strong></span> <span class='ocrx_word' id='word_1_581' title='bbox 3547 3945 3627 4000; x_wconf 90' lang='lat' dir='ltr'><strong>Illi</strong></span> 
     </span>
    </p>
   </div>
   <div class='ocr_carea' id='block_1_82' title="bbox 2045 4035 3622 4107">
    <p class='ocr_par' dir='ltr' id='par_1_82' title="bbox 2045 4035 3622 4107">
     <span class='ocr_line' id='line_1_82' title="bbox 2045 4035 3622 4107; baseline 0.001 -18"><span class='ocrx_word' id='word_1_582' title='bbox 2045 4051 2176 4090; x_wconf 82' lang='lat' dir='ltr'><strong>vero</strong></span> <span class='ocrx_word' id='word_1_583' title='bbox 2207 4036 2628 4107; x_wconf 91' lang='lat' dir='ltr'><strong>procumbentes</strong></span> <span class='ocrx_word' id='word_1_584' title='bbox 2658 4036 2910 4091; x_wconf 88' lang='lat' dir='ltr'><strong>dicebant</strong></span> <span class='ocrx_word' id='word_1_585' title='bbox 2933 4037 2981 4090; x_wconf 90' lang='lat' dir='ltr'><strong>ei</strong></span> <span class='ocrx_word' id='word_1_586' title='bbox 3024 4050 3041 4090; x_wconf 88' lang='lat'><strong>:</strong></span> <span class='ocrx_word' id='word_1_587' title='bbox 3072 4035 3314 4099; x_wconf 87' lang='lat' dir='ltr'><strong>Domine,</strong></span> <span class='ocrx_word' id='word_1_588' title='bbox 3340 4035 3487 4089; x_wconf 87' lang='lat' dir='ltr'><strong>salva</strong></span> <span class='ocrx_word' id='word_1_589' title='bbox 3505 4051 3622 4096; x_wconf 88' lang='lat' dir='ltr'><strong>nos,</strong></span> 
     </span>
    </p>
   </div>
   <div class='ocr_carea' id='block_1_83' title="bbox 2047 4126 3622 4197">
    <p class='ocr_par' dir='ltr' id='par_1_83' title="bbox 2047 4126 3622 4197">
     <span class='ocr_line' id='line_1_83' title="bbox 2047 4126 3622 4197; baseline -0.001 -16"><span class='ocrx_word' id='word_1_590' title='bbox 2047 4128 2299 4197; x_wconf 87' lang='lat' dir='ltr'><strong>perimus.</strong></span> <span class='ocrx_word' id='word_1_591' title='bbox 2335 4128 2428 4182; x_wconf 87' lang='lat' dir='ltr'><strong>Ille</strong></span> <span class='ocrx_word' id='word_1_592' title='bbox 2451 4143 2583 4183; x_wconf 85' lang='lat' dir='ltr'><strong>vero</strong></span> <span class='ocrx_word' id='word_1_593' title='bbox 2615 4143 2738 4182; x_wconf 91' lang='lat' dir='ltr'><strong>cum</strong></span> <span class='ocrx_word' id='word_1_594' title='bbox 2773 4126 3005 4182; x_wconf 81' lang='lat' dir='ltr'><strong>dixisset</strong></span> <span class='ocrx_word' id='word_1_595' title='bbox 3047 4146 3060 4181; x_wconf 90' lang='lat'><strong>:</strong></span> <span class='ocrx_word' id='word_1_596' title='bbox 3104 4127 3245 4194; x_wconf 84' lang='lat' dir='ltr'><strong>Quid</strong></span> <span class='ocrx_word' id='word_1_597' title='bbox 3276 4127 3448 4180; x_wconf 88' lang='lat' dir='ltr'><strong>timidi</strong></span> <span class='ocrx_word' id='word_1_598' title='bbox 3469 4127 3622 4187; x_wconf 87' lang='lat' dir='ltr'><strong>estis,</strong></span> 
     </span>
    </p>
   </div>
   <div class='ocr_carea' id='block_1_84' title="bbox 2049 4218 3623 4290">
    <p class='ocr_par' dir='ltr' id='par_1_84' title="bbox 2049 4218 3623 4290">
     <span class='ocr_line' id='line_1_84' title="bbox 2049 4218 3623 4290; baseline -0.001 -17"><span class='ocrx_word' id='word_1_599' title='bbox 2049 4220 2270 4275; x_wconf 80' lang='lat' dir='ltr'><strong>modica:</strong></span> <span class='ocrx_word' id='word_1_600' title='bbox 2306 4219 2776 4290; x_wconf 81' lang='lat' dir='ltr'><strong>ﬁdei?increpavit</strong></span> <span class='ocrx_word' id='word_1_601' title='bbox 2810 4229 2985 4275; x_wconf 80' lang='lat' dir='ltr'><strong>ventos</strong></span> <span class='ocrx_word' id='word_1_602' title='bbox 3015 4228 3065 4274; x_wconf 90' lang='lat' dir='ltr'><strong>et</strong></span> <span class='ocrx_word' id='word_1_603' title='bbox 3087 4235 3252 4283; x_wconf 91' lang='lat' dir='ltr'><strong>mare,</strong></span> <span class='ocrx_word' id='word_1_604' title='bbox 3287 4227 3335 4272; x_wconf 86' lang='lat' dir='ltr'><strong>et</strong></span> <span class='ocrx_word' id='word_1_605' title='bbox 3369 4218 3514 4287; x_wconf 78' lang='lat' dir='ltr'><strong>facta</strong></span> <span class='ocrx_word' id='word_1_606' title='bbox 3544 4229 3623 4272; x_wconf 90' lang='lat' dir='ltr'><strong>est</strong></span> 
     </span>
    </p>
   </div>
   <div class='ocr_carea' id='block_1_85' title="bbox 2052 4307 3626 4380">
    <p class='ocr_par' dir='ltr' id='par_1_85' title="bbox 2052 4307 3626 4380">
     <span class='ocr_line' id='line_1_85' title="bbox 2052 4307 3626 4380; baseline 0 -18"><span class='ocrx_word' id='word_1_607' title='bbox 2052 4309 2414 4379; x_wconf 80' lang='lat' dir='ltr'><strong>tranquillitas</strong></span> <span class='ocrx_word' id='word_1_608' title='bbox 2443 4327 2636 4380; x_wconf 88' lang='lat' dir='ltr'><strong>magna</strong></span> <span class='ocrx_word' id='word_1_609' title='bbox 2655 4307 2721 4365; x_wconf 76' lang='grc'><strong>⁷⁷.</strong></span> <span class='ocrx_word' id='word_1_610' title='bbox 2747 4310 2814 4364; x_wconf 87' lang='lat' dir='ltr'><strong>Et</strong></span> <span class='ocrx_word' id='word_1_611' title='bbox 2837 4309 3080 4365; x_wconf 60' lang='lat' dir='ltr'><strong>laetentur</strong></span> <span class='ocrx_word' id='word_1_612' title='bbox 3111 4311 3236 4380; x_wconf 89' lang='lat' dir='ltr'><strong>quia</strong></span> <span class='ocrx_word' id='word_1_613' title='bbox 3264 4308 3544 4368; x_wconf 88' lang='lat' dir='ltr'><strong>siluerunt,</strong></span> <span class='ocrx_word' id='word_1_614' title='bbox 3575 4319 3626 4363; x_wconf 89' lang='lat' dir='ltr'><strong>et</strong></span> 
     </span>
    </p>
   </div>
   <div class='ocr_carea' id='block_1_86' title="bbox 2049 4401 3626 4472">
    <p class='ocr_par' dir='ltr' id='par_1_86' title="bbox 2049 4401 3626 4472">
     <span class='ocr_line' id='line_1_86' title="bbox 2049 4401 3626 4472; baseline 0 -16"><span class='ocrx_word' id='word_1_615' title='bbox 2049 4401 2269 4458; x_wconf 79' lang='lat' dir='ltr'><strong>deduxit</strong></span> <span class='ocrx_word' id='word_1_616' title='bbox 2300 4419 2387 4456; x_wconf 85' lang='lat' dir='ltr'><strong>eos</strong></span> <span class='ocrx_word' id='word_1_617' title='bbox 2420 4403 2474 4456; x_wconf 92' lang='lat' dir='ltr'><strong>in</strong></span> <span class='ocrx_word' id='word_1_618' title='bbox 2498 4413 2706 4470; x_wconf 86' lang='lat' dir='ltr'><strong>portum</strong></span> <span class='ocrx_word' id='word_1_619' title='bbox 2751 4403 3036 4457; x_wconf 87' lang='lat' dir='ltr'><strong>voluntatis</strong></span> <span class='ocrx_word' id='word_1_620' title='bbox 3083 4419 3213 4457; x_wconf 72' lang='lat' dir='ltr'><strong>sure.</strong></span> <span class='ocrx_word' id='word_1_621' title='bbox 3257 4402 3626 4472; x_wconf 83' lang='lat' dir='ltr'><strong>Conﬁteantur</strong></span> 
     </span>
    </p>
   </div>
   <div class='ocr_carea' id='block_1_87' title="bbox 362 4485 1941 4567">
    <p class='ocr_par' dir='ltr' id='par_1_87' title="bbox 362 4485 1940 4567">
     <span class='ocr_line' id='line_1_87' title="bbox 362 4485 1940 4567; baseline -0.001 -17"><span class='ocrx_word' id='word_1_622' title='bbox 362 4497 462 4550; x_wconf 84' lang='grc' dir='ltr'><em>καὶ</em></span> <span class='ocrx_word' id='word_1_623' title='bbox 493 4492 728 4566; x_wconf 82' lang='grc' dir='ltr'><em>ἐγένετο</em></span> <span class='ocrx_word' id='word_1_624' title='bbox 747 4495 982 4565; x_wconf 83' lang='grc' dir='ltr'><em>γαλήνη</em></span> <span class='ocrx_word' id='word_1_625' title='bbox 1004 4485 1257 4567; x_wconf 77' lang='grc' dir='ltr'><em>μεγάλη.</em></span> <span class='ocrx_word' id='word_1_626' title='bbox 1285 4495 1396 4550; x_wconf 86' lang='lat' dir='ltr'><strong>Kal</strong></span> <span class='ocrx_word' id='word_1_627' title='bbox 1411 4495 1940 4565; x_wconf 60' lang='lat' dir='ltr'><strong>sbgparﬂijtwcrar,</strong></span> 
     </span>
    </p>
   </div>
   <div class='ocr_carea' id='block_1_88' title="bbox 2043 4485 3624 4567">
    <p class='ocr_par' dir='ltr' id='par_1_88' title="bbox 2053 4495 3624 4567">
     <span class='ocr_line' id='line_1_88' title="bbox 2053 4495 3624 4567; baseline 0 -17"><span class='ocrx_word' id='word_1_628' title='bbox 2053 4497 2276 4550; x_wconf 86' lang='lat' dir='ltr'><strong>Domino</strong></span> <span class='ocrx_word' id='word_1_629' title='bbox 2323 4495 2706 4551; x_wconf 71' lang='lat' dir='ltr'><strong>misericordia:</strong></span> <span class='ocrx_word' id='word_1_630' title='bbox 2752 4497 2900 4567; x_wconf 87' lang='lat' dir='ltr'><strong>ejus,</strong></span> <span class='ocrx_word' id='word_1_631' title='bbox 2945 4507 2993 4551; x_wconf 89' lang='lat' dir='ltr'><strong>et</strong></span> <span class='ocrx_word' id='word_1_632' title='bbox 3034 4497 3304 4552; x_wconf 88' lang='lat' dir='ltr'><strong>mirabilia</strong></span> <span class='ocrx_word' id='word_1_633' title='bbox 3337 4497 3450 4566; x_wconf 87' lang='lat' dir='ltr'><strong>ejus</strong></span> <span class='ocrx_word' id='word_1_634' title='bbox 3491 4497 3624 4567; x_wconf 86' lang='lat' dir='ltr'><strong>ﬁliis</strong></span> 
     </span>
    </p>
   </div>
   <div class='ocr_carea' id='block_1_89' title="bbox 361 4587 1946 4659">
    <p class='ocr_par' dir='ltr' id='par_1_89' title="bbox 361 4587 1946 4659">
     <span class='ocr_line' id='line_1_89' title="bbox 361 4587 1946 4659; baseline 0.001 -17"><span class='ocrx_word' id='word_1_635' title='bbox 361 4589 454 4642; x_wconf 82' lang='grc' dir='ltr'><em>ὅτι</em></span> <span class='ocrx_word' id='word_1_636' title='bbox 492 4591 838 4658; x_wconf 75' lang='grc' dir='ltr'><em>ἡσύχασαν,</em></span> <span class='ocrx_word' id='word_1_637' title='bbox 880 4587 981 4642; x_wconf 79' lang='grc' dir='ltr'><em>καὶ</em></span> <span class='ocrx_word' id='word_1_638' title='bbox 1015 4587 1331 4658; x_wconf 73' lang='grc' dir='ltr'><em>ὡδήγησεν</em></span> <span class='ocrx_word' id='word_1_639' title='bbox 1371 4589 1592 4653; x_wconf 87' lang='grc' dir='ltr'><em>αὐτοὺς</em></span> <span class='ocrx_word' id='word_1_640' title='bbox 1619 4590 1707 4655; x_wconf 82' lang='grc' dir='ltr'><strong>είς</strong></span> <span class='ocrx_word' id='word_1_641' title='bbox 1727 4589 1946 4659; x_wconf 85' lang='grc' dir='ltr'><em>λιμένα</em></span> 
     </span>
    </p>
   </div>
   <div class='ocr_carea' id='block_1_90' title="bbox 361 4676 1942 4753">
    <p class='ocr_par' dir='ltr' id='par_1_90' title="bbox 361 4676 1942 4753">
     <span class='ocr_line' id='line_1_90' title="bbox 361 4676 1942 4753; baseline -0.001 -17"><span class='ocrx_word' id='word_1_642' title='bbox 361 4676 698 4750; x_wconf 82' lang='grc' dir='ltr'><em>θελήματος</em></span> <span class='ocrx_word' id='word_1_643' title='bbox 722 4681 928 4736; x_wconf 86' lang='grc' dir='ltr'><em>αὐτοῦ.</em></span> <span class='ocrx_word' id='word_1_644' title='bbox 977 4681 1673 4753; x_wconf 72' lang='grc' dir='ltr'><em>Ἐξομολογνησάσθωσαν</em></span> <span class='ocrx_word' id='word_1_645' title='bbox 1700 4682 1782 4748; x_wconf 86' lang='grc' dir='ltr'><em>τῷ</em></span> <span class='ocrx_word' id='word_1_646' title='bbox 1827 4686 1942 4737; x_wconf 84' lang='grc' dir='ltr'><strong>Κυ-</strong></span> 
     </span>
    </p>
   </div>
   <div class='ocr_carea' id='block_1_91' title="bbox 357 4769 1942 4843">
    <p class='ocr_par' dir='ltr' id='par_1_91' title="bbox 357 4769 1942 4843">
     <span class='ocr_line' id='line_1_91' title="bbox 357 4769 1942 4843; baseline 0.002 -19"><span class='ocrx_word' id='word_1_647' title='bbox 357 4773 471 4839; x_wconf 87' lang='grc' dir='ltr'><em>ρίῳ</em></span> <span class='ocrx_word' id='word_1_648' title='bbox 494 4771 566 4826; x_wconf 75' lang='grc' dir='ltr'><em>τὰ</em></span> <span class='ocrx_word' id='word_1_649' title='bbox 592 4769 736 4840; x_wconf 84' lang='grc' dir='ltr'><em>έλέη</em></span> <span class='ocrx_word' id='word_1_650' title='bbox 758 4771 968 4836; x_wconf 85' lang='grc' dir='ltr'><em>αὐτοῦ,</em></span> <span class='ocrx_word' id='word_1_651' title='bbox 1003 4771 1102 4825; x_wconf 79' lang='grc' dir='ltr'><em>καὶ</em></span> <span class='ocrx_word' id='word_1_652' title='bbox 1139 4772 1213 4826; x_wconf 89' lang='grc' dir='ltr'><em>τὰ</em></span> <span class='ocrx_word' id='word_1_653' title='bbox 1252 4769 1554 4843; x_wconf 82' lang='grc' dir='ltr'><em>θαυμάσια</em></span> <span class='ocrx_word' id='word_1_654' title='bbox 1599 4775 1785 4828; x_wconf 87' lang='grc' dir='ltr'><em>αὐτοῦ</em></span> <span class='ocrx_word' id='word_1_655' title='bbox 1817 4774 1942 4840; x_wconf 89' lang='grc' dir='ltr'><em>τοῖς</em></span> 
     </span>
    </p>
   </div>
   <div class='ocr_carea' id='block_1_92' title="bbox 359 4862 1941 4934">
    <p class='ocr_par' dir='ltr' id='par_1_92' title="bbox 359 4862 1941 4934">
     <span class='ocr_line' id='line_1_92' title="bbox 359 4862 1941 4934; baseline 0.001 -15"><span class='ocrx_word' id='word_1_656' title='bbox 359 4865 516 4931; x_wconf 84' lang='grc' dir='ltr'><em>υίοῖς</em></span> <span class='ocrx_word' id='word_1_657' title='bbox 563 4862 682 4918; x_wconf 81' lang='grc' dir='ltr'><strong>τῶν</strong></span> <span class='ocrx_word' id='word_1_658' title='bbox 726 4864 1068 4932; x_wconf 80' lang='grc' dir='ltr'><em>ἀνθρώπων.</em></span> <span class='ocrx_word' id='word_1_659' title='bbox 1134 4865 1583 4934; x_wconf 72' lang='grc' dir='ltr'><em>’Υψωσάτωσαν</em></span> <span class='ocrx_word' id='word_1_660' title='bbox 1637 4869 1823 4921; x_wconf 83' lang='grc' dir='ltr'><em>αὑτὸν</em></span> <span class='ocrx_word' id='word_1_661' title='bbox 1872 4867 1941 4921; x_wconf 85' lang='grc' dir='ltr'><strong>έν</strong></span> 
     </span>
    </p>
   </div>
   <div class='ocr_carea' id='block_1_93' title="bbox 360 4957 1940 5028">
    <p class='ocr_par' dir='ltr' id='par_1_93' title="bbox 360 4957 1940 5028">
     <span class='ocr_line' id='line_1_93' title="bbox 360 4957 1940 5028; baseline 0.001 -16"><span class='ocrx_word' id='word_1_662' title='bbox 360 4959 666 5026; x_wconf 72' lang='grc' dir='ltr'><em>ἐκκλησίᾳ</em></span> <span class='ocrx_word' id='word_1_663' title='bbox 700 4957 874 5022; x_wconf 87' lang='grc' dir='ltr'><em>λαοῦ,</em></span> <span class='ocrx_word' id='word_1_664' title='bbox 926 4957 1024 5010; x_wconf 79' lang='grc' dir='ltr'><em>καὶ</em></span> <span class='ocrx_word' id='word_1_665' title='bbox 1095 4957 1166 5010; x_wconf 85' lang='grc' dir='ltr'><em>ἐν</em></span> <span class='ocrx_word' id='word_1_666' title='bbox 1211 4957 1468 5026; x_wconf 82' lang='grc' dir='ltr'><em>καθέδρᾳ</em></span> <span class='ocrx_word' id='word_1_667' title='bbox 1512 4958 1940 5028; x_wconf 84' lang='grc' dir='ltr'><em>Ιπρεσϐυτέρων</em></span> 
     </span>
    </p>
   </div>
   <div class='ocr_carea' id='block_1_94' title="bbox 361 5047 1944 5122">
    <p class='ocr_par' dir='ltr' id='par_1_94' title="bbox 361 5047 1944 5122">
     <span class='ocr_line' id='line_1_94' title="bbox 361 5047 1944 5122; baseline 0.001 -20"><span class='ocrx_word' id='word_1_668' title='bbox 361 5049 782 5104; x_wconf 81' lang='grc' dir='ltr'><em>αίνεσάτωσαν</em></span> <span class='ocrx_word' id='word_1_669' title='bbox 799 5050 1005 5104; x_wconf 87' lang='grc' dir='ltr'><em>αὐτόν.</em></span> <span class='ocrx_word' id='word_1_670' title='bbox 1048 5047 1436 5121; x_wconf 84' lang='grc' dir='ltr'><em>Ὀδηγηθέντες</em></span> <span class='ocrx_word' id='word_1_671' title='bbox 1456 5051 1549 5103; x_wconf 78' lang='grc' dir='ltr'><strong>ἐπὶ</strong></span> <span class='ocrx_word' id='word_1_672' title='bbox 1569 5051 1765 5122; x_wconf 84' lang='grc' dir='ltr'><em>λιμένα</em></span> <span class='ocrx_word' id='word_1_673' title='bbox 1793 5051 1944 5122; x_wconf 81' lang='grc' dir='ltr'><em>θελή-</em></span> 
     </span>
    </p>
   </div>
   <div class='ocr_carea' id='block_1_95' title="bbox 365 5138 1941 5216">
    <p class='ocr_par' dir='ltr' id='par_1_95' title="bbox 365 5138 1941 5216">
     <span class='ocr_line' id='line_1_95' title="bbox 365 5138 1941 5216; baseline 0.003 -22"><span class='ocrx_word' id='word_1_674' title='bbox 365 5158 538 5213; x_wconf 84' lang='grc' dir='ltr'><em>ματος</em></span> <span class='ocrx_word' id='word_1_675' title='bbox 563 5141 728 5196; x_wconf 78' lang='grc' dir='ltr'><strong>αὑτοῦ</strong></span> <span class='ocrx_word' id='word_1_676' title='bbox 750 5160 762 5172; x_wconf 89' lang='grc'><strong>·</strong></span> <span class='ocrx_word' id='word_1_677' title='bbox 799 5144 883 5212; x_wconf 76' lang='grc' dir='ltr'><strong>ἐφ’</strong></span> <span class='ocrx_word' id='word_1_678' title='bbox 911 5138 992 5206; x_wconf 78' lang='grc' dir='ltr'><em>οἷς</em></span> <span class='ocrx_word' id='word_1_679' title='bbox 1016 5143 1045 5195; x_wconf 86' lang='grc' dir='ltr'><strong>ό</strong></span> <span class='ocrx_word' id='word_1_680' title='bbox 1070 5143 1228 5211; x_wconf 86' lang='grc' dir='ltr'><em>λόγος</em></span> <span class='ocrx_word' id='word_1_681' title='bbox 1272 5143 1585 5212; x_wconf 82' lang='grc' dir='ltr'><em>ἀναγκαίως</em></span> <span class='ocrx_word' id='word_1_682' title='bbox 1616 5145 1941 5216; x_wconf 81' lang='grc' dir='ltr'><em>προστάττει</em></span> 
     </span>
    </p>
   </div>
   <div class='ocr_carea' id='block_1_96' title="bbox 359 5232 1942 5308">
    <p class='ocr_par' dir='ltr' id='par_1_96' title="bbox 359 5232 1942 5308">
     <span class='ocr_line' id='line_1_96' title="bbox 359 5232 1942 5308; baseline 0.004 -24"><span class='ocrx_word' id='word_1_683' title='bbox 359 5232 622 5305; x_wconf 82' lang='grc' dir='ltr'><em>τέταρτον</em></span> <span class='ocrx_word' id='word_1_684' title='bbox 649 5233 792 5287; x_wconf 75' lang='grc' dir='ltr'><em>οὕτω</em></span> <span class='ocrx_word' id='word_1_685' title='bbox 827 5234 889 5286; x_wconf 84' lang='grc' dir='ltr'><em>τὸ</em></span> <span class='ocrx_word' id='word_1_686' title='bbox 918 5233 1354 5304; x_wconf 80' lang='grc' dir='ltr'><em>ἐξομολογεῖσθαι</em></span> <span class='ocrx_word' id='word_1_687' title='bbox 1380 5234 1458 5306; x_wconf 87' lang='grc' dir='ltr'><em>τῷ</em></span> <span class='ocrx_word' id='word_1_688' title='bbox 1491 5237 1703 5308; x_wconf 81' lang='grc' dir='ltr'><em>Κυρίῳ,</em></span> <span class='ocrx_word' id='word_1_689' title='bbox 1737 5237 1830 5290; x_wconf 79' lang='grc' dir='ltr'><em>καὶ</em></span> <span class='ocrx_word' id='word_1_690' title='bbox 1873 5237 1942 5290; x_wconf 86' lang='grc' dir='ltr'><strong>τά</strong></span> 
     </span>
    </p>
   </div>
   <div class='ocr_carea' id='block_1_97' title="bbox 361 5320 1940 5398">
    <p class='ocr_par' dir='ltr' id='par_1_97' title="bbox 361 5320 1940 5398">
     <span class='ocr_line' id='line_1_97' title="bbox 361 5320 1940 5398; baseline 0.005 -26"><span class='ocrx_word' id='word_1_691' title='bbox 361 5320 492 5392; x_wconf 81' lang='grc' dir='ltr'><em>ὲλέη</em></span> <span class='ocrx_word' id='word_1_692' title='bbox 523 5320 686 5375; x_wconf 79' lang='grc' dir='ltr'><em>αὐτοῦ</em></span> <span class='ocrx_word' id='word_1_693' title='bbox 727 5322 816 5376; x_wconf 78' lang='grc' dir='ltr'><strong>διὰ</strong></span> <span class='ocrx_word' id='word_1_694' title='bbox 842 5323 1108 5394; x_wconf 88' lang='grc' dir='ltr'><em>στόματος</em></span> <span class='ocrx_word' id='word_1_695' title='bbox 1135 5324 1321 5396; x_wconf 83' lang='grc' dir='ltr'><em>φέρειν</em></span> <span class='ocrx_word' id='word_1_696' title='bbox 1345 5341 1359 5354; x_wconf 74' lang='grc' dir='ltr'><strong>ο</strong></span> <span class='ocrx_word' id='word_1_697' title='bbox 1394 5327 1678 5398; x_wconf 75' lang='grc' dir='ltr'><em>παρεγγυᾷ</em></span> <span class='ocrx_word' id='word_1_698' title='bbox 1719 5327 1851 5382; x_wconf 83' lang='grc' dir='ltr'><em>πᾶσί</em></span> <span class='ocrx_word' id='word_1_699' title='bbox 1880 5343 1940 5380; x_wconf 88' lang='grc' dir='ltr'><strong>τε</strong></span> 
     </span>
    </p>
   </div>
   <div class='ocr_carea' id='block_1_98' title="bbox 359 5414 1941 5491">
    <p class='ocr_par' dir='ltr' id='par_1_98' title="bbox 359 5414 1941 5491">
     <span class='ocr_line' id='line_1_98' title="bbox 359 5414 1941 5491; baseline 0.005 -25"><span class='ocrx_word' id='word_1_700' title='bbox 359 5415 476 5477; x_wconf 79' lang='grc' dir='ltr'><em>τοῖς</em></span> <span class='ocrx_word' id='word_1_701' title='bbox 502 5414 640 5478; x_wconf 81' lang='grc' dir='ltr'><em>υἱοῖς</em></span> <span class='ocrx_word' id='word_1_702' title='bbox 666 5414 775 5469; x_wconf 89' lang='grc' dir='ltr'><strong>τῶν</strong></span> <span class='ocrx_word' id='word_1_703' title='bbox 814 5415 1117 5487; x_wconf 86' lang='grc' dir='ltr'><em>ἀνθρώπων</em></span> <span class='ocrx_word' id='word_1_704' title='bbox 1159 5417 1522 5486; x_wconf 82' lang='grc' dir='ltr'><em>ἀπαγγέλλειν</em></span> <span class='ocrx_word' id='word_1_705' title='bbox 1551 5418 1622 5472; x_wconf 84' lang='grc' dir='ltr'><em>τὰ</em></span> <span class='ocrx_word' id='word_1_706' title='bbox 1661 5419 1941 5491; x_wconf 87' lang='grc' dir='ltr'><em>θαυμάσια</em></span> 
     </span>
    </p>
   </div>
   <div class='ocr_carea' id='block_1_99' title="bbox 359 5504 1940 5580">
    <p class='ocr_par' dir='ltr' id='par_1_99' title="bbox 359 5504 1940 5580">
     <span class='ocr_line' id='line_1_99' title="bbox 359 5504 1940 5580; baseline 0.005 -21"><span class='ocrx_word' id='word_1_707' title='bbox 359 5504 553 5559; x_wconf 83' lang='grc' dir='ltr'><em>αὑτοῦ.</em></span> <span class='ocrx_word' id='word_1_708' title='bbox 585 5508 787 5562; x_wconf 87' lang='grc' dir='ltr'><em>Ἕθετο</em></span> <span class='ocrx_word' id='word_1_709' title='bbox 825 5509 1129 5578; x_wconf 79' lang='grc' dir='ltr'><em>ποταμοὺς</em></span> <span class='ocrx_word' id='word_1_710' title='bbox 1164 5511 1251 5576; x_wconf 85' lang='grc' dir='ltr'><strong>είς</strong></span> <span class='ocrx_word' id='word_1_711' title='bbox 1299 5509 1622 5580; x_wconf 84' lang='grc' dir='ltr'><em>ἐρήμωσιν,</em></span> <span class='ocrx_word' id='word_1_712' title='bbox 1669 5512 1769 5566; x_wconf 77' lang='grc' dir='ltr'><em>καὶ</em></span> <span class='ocrx_word' id='word_1_713' title='bbox 1807 5512 1940 5578; x_wconf 77' lang='grc' dir='ltr'><strong>ἐξό-</strong></span> 
     </span>
    </p>
   </div>
   <div class='ocr_carea' id='block_1_100' title="bbox 359 5597 1937 5674">
    <p class='ocr_par' dir='ltr' id='par_1_100' title="bbox 359 5597 1937 5674">
     <span class='ocr_line' id='line_1_100' title="bbox 359 5597 1937 5674; baseline 0.006 -24"><span class='ocrx_word' id='word_1_714' title='bbox 359 5597 513 5664; x_wconf 82' lang='grc' dir='ltr'><em>δους</em></span> <span class='ocrx_word' id='word_1_715' title='bbox 567 5598 801 5653; x_wconf 79' lang='grc' dir='ltr'><em>ὑδάτων</em></span> <span class='ocrx_word' id='word_1_716' title='bbox 851 5603 938 5667; x_wconf 82' lang='grc' dir='ltr'><em>εις</em></span> <span class='ocrx_word' id='word_1_717' title='bbox 981 5600 1200 5670; x_wconf 74' lang='grc' dir='ltr'><em>δίψαν,</em></span> <span class='ocrx_word' id='word_1_718' title='bbox 1259 5601 1376 5672; x_wconf 73' lang='grc' dir='ltr'><strong>γῆν</strong></span> <span class='ocrx_word' id='word_1_719' title='bbox 1421 5607 1804 5674; x_wconf 69' lang='grc' dir='ltr'><em>καρποφόρον</em></span> <span class='ocrx_word' id='word_1_720' title='bbox 1850 5609 1937 5673; x_wconf 87' lang='grc' dir='ltr'><strong>είς</strong></span> 
     </span>
    </p>
   </div>
   <div class='ocr_carea' id='block_1_101' title="bbox 360 5689 1932 5766">
    <p class='ocr_par' dir='ltr' id='par_1_101' title="bbox 360 5689 1932 5766">
     <span class='ocr_line' id='line_1_101' title="bbox 360 5689 1932 5766; baseline 0.007 -22"><span class='ocrx_word' id='word_1_721' title='bbox 360 5689 564 5760; x_wconf 84' lang='grc' dir='ltr'><em>ἅλμην</em></span> <span class='ocrx_word' id='word_1_722' title='bbox 592 5691 712 5746; x_wconf 78' lang='grc' dir='ltr'><em>ἀπὸ</em></span> <span class='ocrx_word' id='word_1_723' title='bbox 757 5693 968 5759; x_wconf 76' lang='grc' dir='ltr'><em>κακίας</em></span> <span class='ocrx_word' id='word_1_724' title='bbox 1013 5693 1132 5748; x_wconf 86' lang='grc' dir='ltr'><strong>τῶν</strong></span> <span class='ocrx_word' id='word_1_725' title='bbox 1175 5695 1615 5750; x_wconf 85' lang='grc' dir='ltr'><em>κατοικούντων</em></span> <span class='ocrx_word' id='word_1_726' title='bbox 1644 5697 1714 5752; x_wconf 87' lang='grc' dir='ltr'><em>ἐν</em></span> <span class='ocrx_word' id='word_1_727' title='bbox 1755 5695 1932 5766; x_wconf 75' lang='grc' dir='ltr'><em>αὐτῇ.</em></span> 
     </span>
    </p>
   </div>
   <div class='ocr_carea' id='block_1_102' title="bbox 435 5848 1559 5916">
    <p class='ocr_par' dir='ltr' id='par_1_102' title="bbox 435 5848 1559 5916">
     <span class='ocr_line' id='line_1_102' title="bbox 435 5848 1559 5916; baseline 0.003 -12"><span class='ocrx_word' id='word_1_728' title='bbox 435 5848 480 5880; x_wconf 80' lang='grc'><strong>⁷⁸</strong></span> <span class='ocrx_word' id='word_1_729' title='bbox 523 5849 710 5906; x_wconf 67' lang='grc' dir='ltr'><em>Μειιιι.</em></span> <span class='ocrx_word' id='word_1_730' title='bbox 747 5867 874 5913; x_wconf 87' lang='lat' dir='ltr'><strong>vm,</strong></span> <span class='ocrx_word' id='word_1_731' title='bbox 911 5848 1000 5904; x_wconf 66' lang='lat' dir='ltr'><strong>2t.</strong></span> <span class='ocrx_word' id='word_1_732' title='bbox 1076 5851 1118 5881; x_wconf 88' lang='grc'><strong>⁷⁷</strong></span> <span class='ocrx_word' id='word_1_733' title='bbox 1162 5850 1291 5907; x_wconf 91' lang='lat' dir='ltr'><strong>ibid.</strong></span> <span class='ocrx_word' id='word_1_734' title='bbox 1331 5849 1432 5916; x_wconf 69' lang='lat'><strong>25,</strong></span> <span class='ocrx_word' id='word_1_735' title='bbox 1469 5852 1559 5907; x_wconf 70' lang='lat'><strong>26.</strong></span> 
     </span>
    </p>
   </div>
   <div class='ocr_carea' id='block_1_103' title="bbox 2048 4587 3623 4659">
    <p class='ocr_par' dir='ltr' id='par_1_103' title="bbox 2048 4587 3623 4659">
     <span class='ocr_line' id='line_1_103' title="bbox 2048 4587 3623 4659; baseline 0.001 -17"><span class='ocrx_word' id='word_1_736' title='bbox 2048 4589 2337 4644; x_wconf 83' lang='lat' dir='ltr'><strong>hominum.</strong></span> <span class='ocrx_word' id='word_1_737' title='bbox 2391 4587 2643 4643; x_wconf 72' lang='lat' dir='ltr'><strong>Exaltent</strong></span> <span class='ocrx_word' id='word_1_738' title='bbox 2697 4605 2818 4643; x_wconf 83' lang='lat' dir='ltr'><strong>eum</strong></span> <span class='ocrx_word' id='word_1_739' title='bbox 2863 4591 2916 4643; x_wconf 92' lang='lat' dir='ltr'><strong>in</strong></span> <span class='ocrx_word' id='word_1_740' title='bbox 2967 4589 3187 4643; x_wconf 87' lang='lat' dir='ltr'><strong>ecclesia</strong></span> <span class='ocrx_word' id='word_1_741' title='bbox 3231 4589 3432 4659; x_wconf 87' lang='lat' dir='ltr'><strong>plebis,</strong></span> <span class='ocrx_word' id='word_1_742' title='bbox 3467 4599 3518 4643; x_wconf 91' lang='lat' dir='ltr'><strong>et</strong></span> <span class='ocrx_word' id='word_1_743' title='bbox 3567 4591 3623 4644; x_wconf 89' lang='lat' dir='ltr'><strong>in</strong></span> 
     </span>
    </p>
   </div>
   <div class='ocr_carea' id='block_1_104' title="bbox 2046 4679 3626 4735">
    <p class='ocr_par' dir='ltr' id='par_1_104' title="bbox 2046 4679 3626 4735">
     <span class='ocr_line' id='line_1_104' title="bbox 2046 4679 3626 4735; baseline 0 0"><span class='ocrx_word' id='word_1_744' title='bbox 2046 4679 2299 4735; x_wconf 85' lang='lat' dir='ltr'><strong>cathedra</strong></span> <span class='ocrx_word' id='word_1_745' title='bbox 2349 4681 2616 4734; x_wconf 90' lang='lat' dir='ltr'><strong>seniorum</strong></span> <span class='ocrx_word' id='word_1_746' title='bbox 2657 4679 2871 4734; x_wconf 85' lang='lat' dir='ltr'><strong>laudent</strong></span> <span class='ocrx_word' id='word_1_747' title='bbox 2923 4697 3062 4734; x_wconf 88' lang='lat' dir='ltr'><strong>eum.</strong></span> <span class='ocrx_word' id='word_1_748' title='bbox 3112 4680 3344 4734; x_wconf 86' lang='lat' dir='ltr'><strong>Deducti</strong></span> <span class='ocrx_word' id='word_1_749' title='bbox 3386 4688 3519 4734; x_wconf 91' lang='lat' dir='ltr'><strong>sunt</strong></span> <span class='ocrx_word' id='word_1_750' title='bbox 3566 4682 3626 4735; x_wconf 88' lang='lat' dir='ltr'><strong>in</strong></span> 
     </span>
    </p>
   </div>
   <div class='ocr_carea' id='block_1_105' title="bbox 2044 4771 3624 4844">
    <p class='ocr_par' dir='ltr' id='par_1_105' title="bbox 2044 4771 3624 4844">
     <span class='ocr_line' id='line_1_105' title="bbox 2044 4771 3624 4844; baseline 0 -17"><span class='ocrx_word' id='word_1_751' title='bbox 2044 4781 2265 4844; x_wconf 89' lang='lat' dir='ltr'><strong>portum</strong></span> <span class='ocrx_word' id='word_1_752' title='bbox 2297 4773 2594 4826; x_wconf 80' lang='lat' dir='ltr'><strong>voluntatis</strong></span> <span class='ocrx_word' id='word_1_753' title='bbox 2622 4771 2742 4841; x_wconf 85' lang='lat' dir='ltr'><strong>ejus</strong></span> <span class='ocrx_word' id='word_1_754' title='bbox 2771 4793 2783 4826; x_wconf 92' lang='lat'><strong>:</strong></span> <span class='ocrx_word' id='word_1_755' title='bbox 2818 4787 2924 4843; x_wconf 87' lang='lat' dir='ltr'><strong>qua</strong></span> <span class='ocrx_word' id='word_1_756' title='bbox 2969 4773 3036 4828; x_wconf 90' lang='lat' dir='ltr'><strong>de</strong></span> <span class='ocrx_word' id='word_1_757' title='bbox 3083 4787 3252 4827; x_wconf 86' lang='lat' dir='ltr'><strong>causa</strong></span> <span class='ocrx_word' id='word_1_758' title='bbox 3308 4772 3395 4827; x_wconf 87' lang='lat' dir='ltr'><strong>hic</strong></span> <span class='ocrx_word' id='word_1_759' title='bbox 3425 4783 3624 4843; x_wconf 88' lang='lat' dir='ltr'><strong>quarto</strong></span> 
     </span>
    </p>
   </div>
   <div class='ocr_carea' id='block_1_106' title="bbox 2041 4862 3622 4937">
    <p class='ocr_par' dir='ltr' id='par_1_106' title="bbox 2041 4862 3622 4937">
     <span class='ocr_line' id='line_1_106' title="bbox 2041 4862 3622 4937; baseline 0.001 -17"><span class='ocrx_word' id='word_1_760' title='bbox 2041 4865 2302 4937; x_wconf 87' lang='lat' dir='ltr'><strong>jubentur</strong></span> <span class='ocrx_word' id='word_1_761' title='bbox 2331 4862 2562 4920; x_wconf 91' lang='lat' dir='ltr'><strong>Domino</strong></span> <span class='ocrx_word' id='word_1_762' title='bbox 2595 4867 2844 4920; x_wconf 87' lang='lat' dir='ltr'><strong>conliteri</strong></span> <span class='ocrx_word' id='word_1_763' title='bbox 2889 4873 2943 4921; x_wconf 89' lang='lat' dir='ltr'><strong>et</strong></span> <span class='ocrx_word' id='word_1_764' title='bbox 2979 4865 3390 4921; x_wconf 85' lang='lat' dir='ltr'><strong>misericordias</strong></span> <span class='ocrx_word' id='word_1_765' title='bbox 3420 4866 3541 4937; x_wconf 87' lang='lat' dir='ltr'><strong>ejus</strong></span> <span class='ocrx_word' id='word_1_766' title='bbox 3568 4868 3622 4921; x_wconf 92' lang='lat' dir='ltr'><strong>in</strong></span> 
     </span>
    </p>
   </div>
   <div class='ocr_carea' id='block_1_107' title="bbox 2041 4959 3620 5032">
    <p class='ocr_par' dir='ltr' id='par_1_107' title="bbox 2041 4959 3620 5032">
     <span class='ocr_line' id='line_1_107' title="bbox 2041 4959 3620 5032; baseline -0.002 -16"><span class='ocrx_word' id='word_1_767' title='bbox 2041 4976 2137 5016; x_wconf 90' lang='lat' dir='ltr'><strong>ore</strong></span> <span class='ocrx_word' id='word_1_768' title='bbox 2192 4959 2354 5016; x_wconf 77' lang='lat' dir='ltr'><strong>ferre.</strong></span> <span class='ocrx_word' id='word_1_769' title='bbox 2405 4960 2659 5032; x_wconf 85' lang='lat' dir='ltr'><strong>Praecipit</strong></span> <span class='ocrx_word' id='word_1_770' title='bbox 2699 4962 2829 5016; x_wconf 90' lang='lat' dir='ltr'><strong>item</strong></span> <span class='ocrx_word' id='word_1_771' title='bbox 2871 4959 3126 5014; x_wconf 89' lang='lat' dir='ltr'><strong>omnibus</strong></span> <span class='ocrx_word' id='word_1_772' title='bbox 3188 4959 3504 5014; x_wconf 84' lang='lat' dir='ltr'><strong>hominibus</strong></span> <span class='ocrx_word' id='word_1_773' title='bbox 3559 4968 3620 5013; x_wconf 89' lang='lat' dir='ltr'><strong>ut</strong></span> 
     </span>
    </p>
   </div>
   <div class='ocr_carea' id='block_1_108' title="bbox 2042 5048 3618 5119">
    <p class='ocr_par' dir='ltr' id='par_1_108' title="bbox 2042 5048 3618 5119">
     <span class='ocr_line' id='line_1_108' title="bbox 2042 5048 3618 5119; baseline -0.001 -15"><span class='ocrx_word' id='word_1_774' title='bbox 2042 5049 2371 5104; x_wconf 89' lang='lat' dir='ltr'><strong>annuntient</strong></span> <span class='ocrx_word' id='word_1_775' title='bbox 2406 5050 2680 5104; x_wconf 89' lang='lat' dir='ltr'><strong>mirabilia</strong></span> <span class='ocrx_word' id='word_1_776' title='bbox 2707 5049 2848 5119; x_wconf 87' lang='lat' dir='ltr'><strong>ejus.</strong></span> <span class='ocrx_word' id='word_1_777' title='bbox 2881 5048 3068 5102; x_wconf 84' lang='lat' dir='ltr'><strong>Posuit</strong></span> <span class='ocrx_word' id='word_1_778' title='bbox 3093 5049 3319 5118; x_wconf 82' lang='lat' dir='ltr'><strong>ﬂumina</strong></span> <span class='ocrx_word' id='word_1_779' title='bbox 3348 5050 3401 5102; x_wconf 90' lang='lat' dir='ltr'><strong>in</strong></span> <span class='ocrx_word' id='word_1_780' title='bbox 3439 5048 3618 5103; x_wconf 83' lang='lat' dir='ltr'><strong>deser-</strong></span> 
     </span>
    </p>
   </div>
   <div class='ocr_carea' id='block_1_109' title="bbox 2042 5140 3619 5213">
    <p class='ocr_par' dir='ltr' id='par_1_109' title="bbox 2042 5140 3619 5213">
     <span class='ocr_line' id='line_1_109' title="bbox 2042 5140 3619 5213; baseline -0.002 -17"><span class='ocrx_word' id='word_1_781' title='bbox 2042 5153 2172 5202; x_wconf 88' lang='lat' dir='ltr'><strong>tum,</strong></span> <span class='ocrx_word' id='word_1_782' title='bbox 2202 5152 2250 5196; x_wconf 91' lang='lat' dir='ltr'><strong>et</strong></span> <span class='ocrx_word' id='word_1_783' title='bbox 2273 5143 2444 5197; x_wconf 75' lang='lat' dir='ltr'><strong>exitus</strong></span> <span class='ocrx_word' id='word_1_784' title='bbox 2469 5159 2726 5213; x_wconf 85' lang='lat' dir='ltr'><strong>aquarum</strong></span> <span class='ocrx_word' id='word_1_785' title='bbox 2751 5144 2806 5196; x_wconf 90' lang='lat' dir='ltr'><strong>in</strong></span> <span class='ocrx_word' id='word_1_786' title='bbox 2850 5142 3016 5204; x_wconf 84' lang='lat' dir='ltr'><strong>sitim,</strong></span> <span class='ocrx_word' id='word_1_787' title='bbox 3052 5150 3248 5195; x_wconf 91' lang='lat' dir='ltr'><strong>terram</strong></span> <span class='ocrx_word' id='word_1_788' title='bbox 3288 5140 3619 5208; x_wconf 69' lang='lat' dir='ltr'><strong>fructifera&quot;:</strong></span> 
     </span>
    </p>
   </div>
   <div class='ocr_carea' id='block_1_110' title="bbox 2041 5231 3618 5307">
    <p class='ocr_par' dir='ltr' id='par_1_110' title="bbox 2041 5231 3618 5307">
     <span class='ocr_line' id='line_1_110' title="bbox 2041 5231 3618 5307; baseline -0.002 -17"><span class='ocrx_word' id='word_1_789' title='bbox 2041 5239 2095 5290; x_wconf 89' lang='lat' dir='ltr'><strong>in</strong></span> <span class='ocrx_word' id='word_1_790' title='bbox 2124 5236 2442 5307; x_wconf 88' lang='lat' dir='ltr'><strong>salsuginem</strong></span> <span class='ocrx_word' id='word_1_791' title='bbox 2476 5253 2508 5289; x_wconf 93' lang='lat' dir='ltr'><strong>a</strong></span> <span class='ocrx_word' id='word_1_792' title='bbox 2539 5235 2749 5289; x_wconf 70' lang='lat' dir='ltr'><strong>malitia</strong></span> <span class='ocrx_word' id='word_1_793' title='bbox 2779 5235 3194 5288; x_wconf 83' lang='lat' dir='ltr'><strong>inhabitantium</strong></span> <span class='ocrx_word' id='word_1_794' title='bbox 3221 5233 3273 5286; x_wconf 91' lang='lat' dir='ltr'><strong>in</strong></span> <span class='ocrx_word' id='word_1_795' title='bbox 3316 5249 3399 5287; x_wconf 88' lang='lat' dir='ltr'><strong>ea.</strong></span> <span class='ocrx_word' id='word_1_796' title='bbox 3427 5231 3618 5287; x_wconf 86' lang='lat' dir='ltr'><strong>Posuit</strong></span> 
     </span>
    </p>
   </div>
   <div class='ocr_carea' id='block_1_111' title="bbox 2039 5325 3617 5400">
    <p class='ocr_par' dir='ltr' id='par_1_111' title="bbox 2039 5325 3617 5400">
     <span class='ocr_line' id='line_1_111' title="bbox 2039 5325 3617 5400; baseline -0.003 -19"><span class='ocrx_word' id='word_1_797' title='bbox 2039 5327 2303 5383; x_wconf 88' lang='lat' dir='ltr'><strong>desertum</strong></span> <span class='ocrx_word' id='word_1_798' title='bbox 2327 5331 2381 5384; x_wconf 90' lang='lat' dir='ltr'><strong>in</strong></span> <span class='ocrx_word' id='word_1_799' title='bbox 2411 5339 2600 5400; x_wconf 84' lang='lat' dir='ltr'><strong>stagna</strong></span> <span class='ocrx_word' id='word_1_800' title='bbox 2625 5345 2905 5398; x_wconf 87' lang='lat' dir='ltr'><strong>aquarum,</strong></span> <span class='ocrx_word' id='word_1_801' title='bbox 2935 5337 2983 5381; x_wconf 88' lang='lat' dir='ltr'><strong>et</strong></span> <span class='ocrx_word' id='word_1_802' title='bbox 3023 5335 3221 5381; x_wconf 90' lang='lat' dir='ltr'><strong>terram</strong></span> <span class='ocrx_word' id='word_1_803' title='bbox 3247 5327 3358 5380; x_wconf 89' lang='lat' dir='ltr'><strong>sine</strong></span> <span class='ocrx_word' id='word_1_804' title='bbox 3388 5341 3527 5394; x_wconf 90' lang='lat' dir='ltr'><strong>aqua</strong></span> <span class='ocrx_word' id='word_1_805' title='bbox 3561 5325 3617 5377; x_wconf 89' lang='lat' dir='ltr'><strong>in</strong></span> 
     </span>
    </p>
   </div>
   <div class='ocr_carea' id='block_1_112' title="bbox 2045 5417 3617 5490">
    <p class='ocr_par' dir='ltr' id='par_1_112' title="bbox 2045 5417 3617 5490">
     <span class='ocr_line' id='line_1_112' title="bbox 2045 5417 3617 5490; baseline -0.004 -16"><span class='ocrx_word' id='word_1_806' title='bbox 2045 5421 2220 5474; x_wconf 81' lang='lat' dir='ltr'><strong>exitus</strong></span> <span class='ocrx_word' id='word_1_807' title='bbox 2267 5437 2548 5490; x_wconf 87' lang='lat' dir='ltr'><strong>aquarum.</strong></span> <span class='ocrx_word' id='word_1_808' title='bbox 2588 5419 2658 5474; x_wconf 84' lang='lat' dir='ltr'><strong>Et</strong></span> <span class='ocrx_word' id='word_1_809' title='bbox 2707 5419 2948 5474; x_wconf 83' lang='lat' dir='ltr'><strong>habitare</strong></span> <span class='ocrx_word' id='word_1_810' title='bbox 2991 5419 3112 5488; x_wconf 78' lang='lat' dir='ltr'><strong>fecit</strong></span> <span class='ocrx_word' id='word_1_811' title='bbox 3151 5417 3264 5470; x_wconf 89' lang='lat' dir='ltr'><strong>illic</strong></span> <span class='ocrx_word' id='word_1_812' title='bbox 3307 5417 3617 5477; x_wconf 86' lang='lat' dir='ltr'><strong>esurientes,</strong></span> 
     </span>
    </p>
   </div>
   <div class='ocr_carea' id='block_1_113' title="bbox 2045 5507 3621 5568">
    <p class='ocr_par' dir='ltr' id='par_1_113' title="bbox 2045 5507 3621 5568">
     <span class='ocr_line' id='line_1_113' title="bbox 2045 5507 3621 5568; baseline -0.004 -1"><span class='ocrx_word' id='word_1_813' title='bbox 2045 5523 2095 5567; x_wconf 88' lang='lat' dir='ltr'><strong>et</strong></span> <span class='ocrx_word' id='word_1_814' title='bbox 2133 5514 2516 5568; x_wconf 89' lang='lat' dir='ltr'><strong>constituerunt</strong></span> <span class='ocrx_word' id='word_1_815' title='bbox 2544 5515 2782 5568; x_wconf 85' lang='lat' dir='ltr'><strong>civitates</strong></span> <span class='ocrx_word' id='word_1_816' title='bbox 2826 5511 3194 5566; x_wconf 88' lang='lat' dir='ltr'><strong>habitationis.</strong></span> <span class='ocrx_word' id='word_1_817' title='bbox 3220 5507 3286 5563; x_wconf 84' lang='lat' dir='ltr'><strong>Et</strong></span> <span class='ocrx_word' id='word_1_818' title='bbox 3331 5507 3621 5562; x_wconf 86' lang='lat' dir='ltr'><strong>seminave-</strong></span> 
     </span>
    </p>
   </div>
   <div class='ocr_carea' id='block_1_114' title="bbox 2045 5598 3622 5677">
    <p class='ocr_par' dir='ltr' id='par_1_114' title="bbox 2045 5598 3622 5677">
     <span class='ocr_line' id='line_1_114' title="bbox 2045 5598 3622 5677; baseline -0.005 -18"><span class='ocrx_word' id='word_1_819' title='bbox 2045 5616 2168 5660; x_wconf 88' lang='lat' dir='ltr'><strong>runt</strong></span> <span class='ocrx_word' id='word_1_820' title='bbox 2203 5623 2357 5677; x_wconf 82' lang='lat' dir='ltr'><strong>agros</strong></span> <span class='ocrx_word' id='word_1_821' title='bbox 2389 5615 2438 5661; x_wconf 91' lang='lat' dir='ltr'><strong>et</strong></span> <span class='ocrx_word' id='word_1_822' title='bbox 2467 5606 2841 5675; x_wconf 85' lang='lat' dir='ltr'><strong>plantaverunt</strong></span> <span class='ocrx_word' id='word_1_823' title='bbox 2886 5606 3084 5668; x_wconf 81' lang='lat' dir='ltr'><strong>vincas,</strong></span> <span class='ocrx_word' id='word_1_824' title='bbox 3126 5613 3176 5657; x_wconf 91' lang='lat' dir='ltr'><strong>et</strong></span> <span class='ocrx_word' id='word_1_825' title='bbox 3219 5601 3452 5672; x_wconf 74' lang='lat' dir='ltr'><strong>fecerunt</strong></span> <span class='ocrx_word' id='word_1_826' title='bbox 3507 5598 3622 5663; x_wconf 82' lang='lat' dir='ltr'><strong>fru-</strong></span> 
     </span>
    </p>
   </div>
   <div class='ocr_carea' id='block_1_115' title="bbox 2043 5690 3623 5770">
    <p class='ocr_par' dir='ltr' id='par_1_115' title="bbox 2043 5690 3623 5770">
     <span class='ocr_line' id='line_1_115' title="bbox 2043 5690 3623 5770; baseline -0.008 -17"><span class='ocrx_word' id='word_1_827' title='bbox 2043 5709 2183 5755; x_wconf 89' lang='lat' dir='ltr'><strong>ctum</strong></span> <span class='ocrx_word' id='word_1_828' title='bbox 2231 5700 2616 5770; x_wconf 78' lang='lat' dir='ltr'><strong>productionis.</strong></span> <span class='ocrx_word' id='word_1_829' title='bbox 2651 5699 2719 5754; x_wconf 86' lang='lat' dir='ltr'><strong>Et</strong></span> <span class='ocrx_word' id='word_1_830' title='bbox 2765 5697 3027 5754; x_wconf 75' lang='lat' dir='ltr'><strong>benedixit</strong></span> <span class='ocrx_word' id='word_1_831' title='bbox 3065 5697 3141 5752; x_wconf 90' lang='lat' dir='ltr'><strong>eis</strong></span> <span class='ocrx_word' id='word_1_832' title='bbox 3187 5706 3236 5750; x_wconf 90' lang='lat' dir='ltr'><strong>et</strong></span> <span class='ocrx_word' id='word_1_833' title='bbox 3279 5690 3623 5763; x_wconf 85' lang='lat' dir='ltr'><strong>multiplicati</strong></span> 
     </span>
    </p>
   </div>
  </div>
