4102 6402
467 409 600 463 1327

1133 401 1400 460 EUSEBII
1437 397 1919 457 CIESARIENSIS
1957 395 2109 453 OPP.
2151 395 2332 449 PARS
2364 393 2456 450 lll.
2495 424 2561 433 —
2601 386 3012 444 EXEGETICA.

3578 372 3597 426 Ι
3609 367 3719 424 328

465 535 588 584 sunt
630 525 806 591 nimis,
857 529 928 596 et.
955 520 1201 589 jumenta
1248 533 1430 572 eorum
1483 532 1585 569 non
1628 511 1930 568 minoravit.
1976 509 2044 562 Et

2161 509 2353 562 Ἐθετο
2376 506 2600 575 ἔρημον
2637 505 2726 570 είς
2756 499 2975 570 λίμνας
3010 495 3269 557 ὑδάτων,
3305 487 3422 561 γῆν
3449 483 3719 596 άνυδρον

465 623 623 688 pauci
657 617 789 688 facti
819 624 964 677 sunt,
997 621 1048 668 et
1076 611 1254 666 vexati
1285 618 1405 664 sunt
1449 626 1480 662 a
1512 608 1850 662 tribulatione
1877 605 2044 658 malo-

467 727 586 764 rum
610 719 660 762 et
688 707 890 762 dolore.
927 703 1117 772 E/Tusa
1144 710 1222 756 est
1255 701 1567 768 contemptio
1598 715 1755 769 super
1784 697 2044 767 principes

467 819 671 864 eorum,
704 810 755 855 et
802 814 987 853 errare
1017 797 1138 866 fecit
1177 810 1264 848 eos
1295 795 1348 846 in
1388 793 1563 856 invio,
1605 800 1654 845 et
1704 809 1806 845 non
1835 791 1890 843 in
1938 790 2044 843 via.

471 891 683 948 Etenim
722 889 964 944 Judaicae
988 886 1167 958 gentis
1198 884 1488 938 multitudo
1518 883 1572 936 in
1616 890 1825 936 tantam
1868 881 2043 934 bono-

471 998 594 1038 rum
639 981 924 1052 penuriam
977 977 1196 1031 redacta
1241 984 1346 1039 est,
1409 983 1466 1029 ut
1498 976 1655 1044 pauci
1698 989 1866 1044 penes
1899 972 2048 1043 ipsos

472 1072 817 1142 reperiantur
860 1070 954 1140 qui
991 1067 1290 1124 secundum
1330 1065 1498 1121 Deum
1532 1065 1776 1136 praeclari
1805 1064 1935 1119 sint.
1971 1061 2050 1117 Ac

474 1174 589 1219 tota
623 1165 842 1235 quidem
877 1177 1065 1218 eorum
1098 1177 1230 1232 gens
1255 1172 1376 1230 quae
1409 1161 1464 1214 in
1494 1159 1598 1213 hoc
1627 1159 1886 1213 vaticinio
1915 1172 2050 1228 pra:-

476 1257 801 1310 nuntiantur
848 1253 1132 1310 sustinuit.
1167 1251 1453 1322 Principes
1503 1259 1684 1304 autem
1730 1264 1959 1312 eorum,
1997 1254 2053 1301 et

476 1347 806 1419 patriarcha:
824 1346 1070 1417 quidam,
1095 1343 1432 1406 sacerdotes,
1473 1342 1887 1414 legisdoctores,
1913 1338 2050 1394 Sad—

2153 601 2240 666 εῑς
2279 597 2583 663 διεξόδους
2615 593 2871 649 ὑδάτων.
2918 590 3030 644 Kal
3073 584 3408 652 κατῴκισεν
3435 577 3558 633 ἐκεῖ
3595 592 3723 629 πει-

2143 691 2393 756 νῶντας,
2425 689 2524 742 καὶ
2564 684 3026 754 συνεστήσαντο
3059 681 3268 744 πόλεις
3310 669 3716 734 κατοικεσίας.

2145 783 2253 839 Καὶ
2281 781 2570 848 ἐσπειραν
2600 775 2818 848 ἀγροὺς
2841 774 2937 828 καὶ
2971 772 3314 842 ἐφύτευσαν
3334 759 3720 835 ἀμπελῶνας,

2147 874 2244 928 καὶ
2291 871 2589 937 ἐποίησαν
2623 865 2858 936 καρπὸν
2898 863 3288 934 γεννήματος.
3338 854 3448 911 Καὶ
3478 851 3725 920 εὐλόγη.

2147 979 2260 1018 σεν
2295 961 2518 1026 αὐτοὺς
2561 958 2661 1012 καὶ
2709 954 3179 1024 ἐπληθύνθησαν
3216 945 3473 1016 σφόδρα,
3523 941 3619 995 καὶ
3651 937 3724 992 τὰ

2152 1054 2343 1120 κτήνη
2375 1050 2573 1106 αὐτῶν
2612 1051 2723 1104 οὐκ
2747 1048 3129 1117 ἐσμίκρυνεν.
3181 1040 3292 1097 Kal
3333 1035 3726 1106 ὠλιγώθησαν

2153 1146 2252 1201 καὶ
2268 1142 2658 1210 ἐκακώθησαν
2678 1138 2798 1194 ἀπὸ
2821 1138 3081 1206 θλίψεως
3118 1129 3323 1188 κακῶν
3348 1127 3446 1182 καὶ
3477 1126 3724 1192 ὀδύνης.

2166 1237 2446 1306 Ἐξεχύθη
2477 1231 2876 1298 ἐξουδένωσις
2913 1229 3005 1283 ἐπ’
3033 1227 3331 1297 ἄρχοντας
3370 1218 3589 1285 αὐτῶν,
3623 1215 3725 1306 καὶ

2153 1301 2502 1395 ἐπλάνησεν
2539 1325 2761 1390 αὐτοὺς
2799 1323 2871 1376 ἐν
2911 1320 3141 1387 ἀϐάτῳ,
3177 1317 3276 1372 καὶ
3309 1317 3420 1384 οὐχ
3457 1310 3595 1376 dea.
3651 1301 3726 1360 τδ

479 1399 708 1505 duccaei,
747 1399 951 1492 Scriba:
982 1443 1037 1491 et
1056 1399 1329 1491 'Pharisaei
1360 1399 1566 1505 pudore
1590 1431 1783 1488 suffusi
1814 1399 1963 1498 sunt,
1995 1430 2050 1484 in

2161 1418 2257 1490 μὲν
2285 1416 2393 1489 γὰρ
2440 1415 2642 1488 πλῆθος
2673 1413 2766 1469 τοῦ
2808 1411 3075 1466 Ἰουδαίων
3118 1409 3312 1471 ἔθνους
3336 1407 3415 1469 είς
3457 1399 3726 1470 τοσαύτην

478 1537 963 1600 contemptumque
1001 1525 1234 1591 traditi;
1296 1494 1488 1594 utpote
1538 1524 1667 1595 qui,
1705 1521 1887 1578 vocati
1924 1494 2050 1574 cum

2161 1512 2359 1582 ἤλασεν
2406 1508 2627 1578 ἀγαθῶν
2669 1507 2887 1572 σπάνιν,
2941 1505 3017 1568 ὡς
3042 1503 3254 1572 ὀλίγους
3290 1495 3639 1571 εὑρίσκεσθαι
3668 1494 3726 1600 ξ.»

480 1626 664 1674 essent
688 1617 757 1673 ad
785 1618 926 1671 viam
959 1623 1184 1678 rectam,
1208 1613 1356 1668 illam
1380 1613 1712 1683 respuerint.

2161 1603 2340 1665 αὐτοῖς
2380 1601 2505 1664 τοὺς
2551 1599 2691 1655 κατὰ
2721 1598 2856 1653 Θεὸν
2883 1594 3318 1666 εὐδοκιμοῦντας.
3368 1589 3480 1644 Καὶ
3517 1588 3578 1640 τὸ
3629 1583 3728 1656 μὲν

481 1713 590 1765 πᾶν
614 1708 761 1773 ἔθνος
802 1708 1004 1779 ταύτην
1046 1675 1302 1777 ὑπέμεινε
1332 1705 1430 1777 τὴν
1461 1675 1767 1777 ’πρόρρησιν
1786 1721 1800 1736 ο
1829 1703 1881 1755 οἱ
1909 1701 1952 1754 δ’
1987 1701 2044 1753 ἐν
2079 1696 2261 1758 αὐτοῖς
2292 1693 2571 1765 ἄρχοντες,
2603 1691 2938 1763 πατριάρχαι
2992 1687 3138 1749 τινὲς
3187 1685 3282 1779 διαὶ
3304 1681 3598 1779 saepe;
3635 1675 3725 1730 nul

480 1775 1325 1875 νομοδιδάσκαλοιίΣωδδουκαίοί
1359 1775 1420 1854 τε
1455 1775 1550 1852 καὶ
1574 1775 1932 1870 Ῐραμματεῖς
1987 1793 2080 1848 καὶ
2107 1789 2388 1861 Φαρισαῖοι
2451 1784 2714 1856 αἰσχύνην
2769 1781 3119 1853 κατεχὲαντο,
3175 1775 3518 1846 ὲξουδενώσει
3557 1787 3727 1841 παρα·

480 1895 722 1958 δοθέντες
749 1911 764 1924 ·
811 1894 910 1948 ἆτε
952 1891 1015 1962 δὴ
1056 1891 1348 1963 κληθέντες
1382 1891 1479 1944 ἐπὶ
1521 1891 1621 1962 τὴν
1668 1889 1884 1942 εὐθεῖαν
1929 1887 2047 1943 ὁδὸν
2083 1883 2176 1937 καὶ
2208 1878 2676 1952 παραιτησάμενοι
2707 1876 2898 1946 αὐτὴν.

558 2008 725 2064 Vens.
751 2009 841 2063 1H.
874 2006 938 2060 Et
961 2007 1164 2078 adjuvit
1194 2023 1473 2078 pauperem
1493 2007 1558 2061 de
1579 2006 1776 2075 inopia.
1800 2004 1902 2058 Hic
1926 2019 2058 2058 con-

2228 1997 2340 2054 Kal
2367 1993 2662 2062 ἐϐοήθησε
2692 1992 2918 2061 πένητα
2945 1991 3015 2044 ἐκ
3049 1990 3361 2057 πτωχείας.
3391 1983 3505 2078 καὶ
3537 1983 3594 2034 ὲν
3615 1977 3727 2078 rod.-

483 2109 640 2158 sueto
663 2113 816 2153 more
840 2067 1205 2169 Symmachus
1232 2067 1424 2160 edidit,
1456 2095 1525 2148 Et
1554 2067 1751 2148 muniet
1778 2107 2055 2163 paupsrem

2161 2107 2273 2152 τοις
2317 2085 2562 2158 συνήθως
2613 2086 2641 2138 ό
2692 2082 2992 2154 Σύμμαχος
3043 2078 3306 2143 ἐξέδωκεν
3359 2071 3566 2127 εἰπών’
3621 2067 3730 2169 Καὶ

487 2195 550 2246 ab
583 2161 1020 2260 aﬂlictione.'lllis
1049 2187 1293 2258 quidem,
1334 2189 1430 2252 ait,
1475 2201 1597 2256 qua:
1639 2161 1899 2256 praedicta
1930 2189 2058 2238 sunt

2163 2180 2453 2252 όχυρώσει
2496 2176 2740 2244 πένηταο
2769 2174 2884 2229 ἀπὸ
2931 2171 3266 2235 κακώσεως.
3330 2165 3591 2227 Ἐκείνοις
3627 2161 3729 2233 μὲν

487 2283 738 2338 evenient
765 2298 779 2334 :
809 2294 1101 2350 pauperem
1147 2295 1280 2334 vero
1320 2279 1579 2349 populum
1610 2277 1838 2343 muniet,
1863 2275 2056 2332 videli-

492 2381 579 2428 cet
611 2372 764 2430 illum
793 2371 889 2439 qui
921 2384 988 2424 ex
1023 2370 1278 2439 gentibus
1315 2369 1733 2424 constituendus
1756 2377 1860 2431 est,
1895 2381 2056 2438 quem

488 2465 707 2519 beatum
763 2461 1071 2532 praedicans
1121 2460 1372 2517 Salvator
1427 2477 1492 2516 ac
1549 2460 1814 2517 Dominus
1872 2467 2060 2516 noster

487 2555 649 2610 Jcsus
677 2553 932 2609 Christus
952 2553 1169 2608 dicebat
1196 2572 1210 2608 :
1243 2554 1395 2608 Beati
1417 2569 1669 2622 pauperes
1700 2553 1910 2622 spiritu,
1939 2569 2063 2623 quo-

451 2662 456 2668 ·
495 2647 632 2699 niam
661 2645 893 2714 ipsorum
913 2652 988 2697 est
1020 2658 1234 2712 regnum
1265 2641 1514 2696 caelorum
1541 2643 1608 2697 ⁷⁸.
1640 2641 1710 2694 Et
1751 2643 1926 2711 posuit
1954 2642 2061 2694 sic-

489 2745 546 2788 ut
593 2751 708 2790 oves
757 2734 1015 2804 familias.
1077 2733 1273 2802 Aquila
1312 2747 1441 2788 vero
1505 2733 1602 2798 ait,
1630 2732 1700 2786 Et
1742 2741 1896 2802 ponet
1926 2734 2064 2786 sicut

493 2829 626 2882 ovile
657 2828 1026 2898 cognationes;
1071 2823 1434 2896 Symmachus
1481 2835 1686 2890 autem,
1725 2824 1793 2878 Et
1842 2833 2057 2887 statuet,

494 2920 700 2990 inquit,
749 2918 882 2971 sicut
913 2931 1118 2987 gregem
1159 2916 1491 2984 cognationes
1521 2931 1539 2971 :
1564 2916 1619 2970 id
1674 2925 1758 2971 est
1787 2915 2063 2971 Ecclesias

495 3027 614 3079 qua:
635 3024 730 3080 per
750 3007 999 3062 civitates
1023 3013 1077 3061 et
1105 3007 1356 3078 regiones
1385 3021 1451 3062 ex
1475 3007 1710 3063 diversis
1725 3005 2064 3078 cognationi-

494 3100 597 3156 bus
613 3099 926 3154 constitutae
957 3104 1106 3152 sunt.

565 3191 731 3246 Vens.
751 3189 944 3253 42,45.
980 3186 1236 3242 Videbunt
1256 3190 1382 3243 recti
1397 3197 1446 3242 et
1469 3189 1811 3254 ltetabuntur,
1833 3190 2066 3244 etomnis

493 3281 746 3350 iniquitas
792 3273 1046 3349 oppilabit
1096 3295 1154 3332 os
1212 3296 1387 3336 suum.
1424 3279 1564 3346 Quid
1597 3297 1760 3351 porro
1784 3281 2063 3349 videbunt,

2163 2273 2272 2341 γὰρ
2305 2269 2459 2323 ἔσται
2497 2267 2567 2320 τὰ
2599 2264 3043 2340 προδηλωθέντα,
3085 2261 3261 2331 φησί’
3293 2258 3384 2312 τὸν
3432 2255 3491 2309 δὲ
3527 2254 3731 2323 πένητα

2164 2364 2294 2417 λαὸν
2326 2359 2594 2432 ὀχυρῶσει
2613 2376 2626 2390 ·
2661 2358 2753 2412 τὸν
2787 2356 2846 2423 ἐξ
2879 2355 3046 2409 ἐθνῶν
3072 2352 3278 2424 δηλαδὴ
3312 2347 3729 2420 συστησόμενον·

2164 2456 2224 2510 ὃν
2249 2455 2343 2508 καὶ
2367 2451 2686 2524 μακαρίζων
2714 2452 2742 2502 ὁ
2771 2447 2961 2519 Σωτὴρ
2990 2447 3084 2500 καὶ
3111 2443 3314 2515 Κύριος
3336 2441 3496 2514 ἡμῶν
3527 2437 3735 2509 Ἰησοῦς

2165 2547 2398 2620 Χριστὸς
2425 2545 2578 2612 ἔλεγε
2599 2558 2612 2572 ·
2645 2539 2936 2608 Μακάριοι
2978 2541 3031 2593 οί
3061 2534 3284 2605 πτωχοὶ
3313 2532 3393 2600 τῷ
3419 2533 3730 2602 πνεύματι,

2167 2642 2257 2695 ὅτι
2288 2636 2488 2692 αὐτῶν
2518 2635 2690 2689 ἐστιν
2723 2635 2762 2701 ὴ
2804 2631 3092 2696 ,ϐασιλεία
3126 2625 3245 2681 τῶν
3280 2624 3573 2694 οὐρανῶν.
3627 2621 3730 2678 Kal

2167 2732 2332 2786 ἔθετο
2368 2728 2448 2794 ὡς
2500 2725 2762 2794 πρόϐατα
2801 2721 3051 2791 πατριάς
3081 2737 3094 2751 ·
3149 2722 3182 2772 ὁ
3221 2719 3278 2772 δὲ
3316 2717 3545 2780 Ἀκύλας
3563 2755 3578 2780 ,
3629 2715 3732 2768 Καὶ

2169 2822 2360 2889 θήσει,
2393 2819 2577 2890 φησὶν,
2606 2816 2687 2881 ὡς
2710 2816 2985 2885 ποίμνιον
3039 2810 3414 2882 συγγενείας·
3443 2810 3472 2862 ὁ
3500 2808 3558 2862 δὲ
3594 2806 3732 2876 Σύμ-

2173 2931 2362 2986 μαχος,
2394 2910 2505 2966 Καὶ
2528 2907 2712 2975 τάξει,
2741 2909 2924 2978 φησιν,
2965 2907 3046 2973 ὡς
3077 2905 3340 2974 ποίμνην
3363 2899 3735 2970 συγγενείας,

2169 3005 2266 3070 τὰς
2283 3003 2424 3058 κατὰ
2437 3001 2589 3056 πόλιν
2618 2999 2874 3054 καὶκατὰ
2901 2997 3084 3070 χώραν
3120 2994 3445 3066 Ἐκκλησίας
3471 2994 3538 3046 ὲκ
3563 2989 3740 3060 διαφόο

2173 3113 2283 3169 ρων
2322 3093 2649 3165 συγγενειῶν
2678 3088 3041 3152 συνεστώσας.
3121 3155 3130 3169 Ἰ

2244 3188 2532 3255 Ὄψονται
2558 3183 2751 3248 εὐθεῖς
2772 3180 2867 3235 καί
2893 3177 3428 3248 εὐφρανθήσονται,
3452 3176 3552 3230 καί
3573 3173 3740 3230 πᾶσα

2171 3277 2388 3346 ἀνομιά
2414 3272 2697 3345 ἐμφράξει
2730 3272 2798 3327 τύ
2829 3274 3023 3341 στόμα
3061 3267 3268 3338 αὐτῆς.
3323 3268 3387 3321 Τί
3420 3268 3476 3321 δὲ
3519 3267 3736 3336 ὄψονται

497 3369 598 3422 nisi
656 3383 838 3423 rerum
897 3383 964 3424 ex
997 3369 1359 3424 deterioribus
1391 3369 1459 3423 ad
1513 3370 1737 3424 meliora
1769 3381 2058 3425 commuta-

2171 3367 2282 3421 ἀλλ’
2309 3367 2342 3437 ἢ
2386 3367 2484 3438 τὴν
2516 3365 2625 3420 ἀπὸ
2654 3363 2762 3417 τῶν
2790 3363 3045 3436 χειρόνων
3083 3361 3176 3414 ἐπὶ
3204 3360 3270 3415 τὰ
3307 3357 3537 3428 κρείττω
3570 3374 3728 3427 μετα-

494 3458 740 3514 tionem?
763 3457 1126 3526 Quamobrem
1159 3457 1225 3512 iis
1251 3457 1341 3528 qui
1375 3456 1690 3528 prophetias
1716 3457 1780 3511 ad
1815 3457 2063 3512 eﬂ‘ectum

490 3561 544 3608 et
569 3553 728 3608 linem
771 3551 1035 3608 deductas
1066 3557 1468 3620 conspexerunt
1497 3549 1712 3604 dicebat
1755 3549 2012 3606 Servator
2047 3570 2062 3606 :

505 3644 677 3699 Vestri
697 3652 873 3698 autem
903 3643 1039 3697 beati
1069 3642 1229 3707 oculi,
1249 3643 1372 3713 quia
1395 3641 1606 3705 vident;
1636 3648 1690 3695 et
1715 3658 1730 3695 :
1767 3643 1925 3696 Multi
1951 3659 2067 3711 pro-

492 3736 659 3805 pheta:
687 3735 957 3789 voluerunt
995 3734 1164 3788 videre
1210 3749 1327 3804 qua:
1354 3750 1441 3788 vos
1466 3733 1673 3798 videtis,
1702 3743 1752 3788 et
1785 3751 1888 3788 non
1926 3735 2067 3788 vide-

496 3834 621 3880 runt
643 3827 708 3878 7°.
736 3823 805 3878 Et
825 3824 993 3878 omnis
1025 3825 1274 3894 iniquitas
1306 3824 1556 3894 oppilabit
1587 3842 1644 3880 os
1675 3842 1851 3880 suum.
1885 3826 1942 3879 In
1974 3841 2064 3880 ra-

496 3919 642 3974 biem
672 3924 792 3972 acta
813 3923 868 3971 et
887 3916 959 3970 ob
987 3915 1241 3970 invidiam
1265 3917 1451 3972 dolore
1473 3917 1666 3984 fracta,
1689 3932 1864 3987 neque
1886 3925 2066 3972 tamen

498 4005 703 4075 aliquid
729 4020 889 4076 agere
918 4007 1126 4070 valens,
1156 4006 1280 4076 quia
1312 4005 1452 4061 Deus
1475 4007 1546 4061 ita
1578 4008 1771 4063 voluit.
1798 4007 1854 4061 ιιι
1885 4019 2064 4062 autem

494 4094 781 4150 manifeste
809 4095 990 4149 videre
1017 4095 1162 4161 licet,
1183 4097 1322 4149 cum‘
1342 4095 1640 4150 inﬁdelium
1670 4107 1725 4150 et
1753 4097 2067 4151 idololatra-

495 4199 617 4237 rum
650 4183 932 4253 iniquitas,
964 4191 1157 4238 contra
1187 4181 1485 4238 Ecclesiam
1523 4183 1730 4237 Christi
1778 4182 1964 4236 furens
2013 4190 2067 4236 et

496 4288 636 4343 saepe
670 4273 974 4340 insaniens,
1003 4271 1149 4342 quod
1195 4271 1415 4326 demum
1465 4271 1601 4325 nihil
1642 4286 1804 4343 agere
1839 4272 2062 4334 valeret,

495 4379 560 4419 os
593 4379 754 4420 suum
796 4363 1095 4426 obturavit,
1142 4376 1172 4415 a
1209 4361 1394 4416 divino
1437 4362 1604 4416 verbo
1636 4361 1846 4417 frenata
1880 4380 1892 4415 :
1921 4362 2063 4432 quod

494 4453 656 4508 etiam
681 4453 790 4508 illis
805 4460 1048 4522 tempore
1073 4451 1509 4521 persecutionum
1537 4452 1652 4506 haec
1670 4452 1834 4508 edicit
1865 4472 1876 4507 :
1907 4454 2063 4516 Ture,

473 4543 789 4599 obmutesce
815 4545 882 4598 ⁸⁸.
916 4543 1257 4614 Iniquitatem
1287 4559 1416 4598 vero
1461 4543 1733 4615 intelligas
1764 4546 2061 4611 diabolum,

495 4643 548 4690 et
569 4652 784 4691 omnem
816 4637 998 4706 iniqua
1025 4642 1296 4706 agentem,
1329 4636 1628 4690 secundum
1651 4637 1813 4692 illud:
1841 4637 2065 4692 Obstru-

2130 3521 2133 3523 ς
2169 3456 2359 3528 ϐολήν;
2389 3456 2480 3508 Διὸ
2506 3457 2619 3518 τοῖς
2651 3453 2721 3506 τὰ
2745 3452 2872 3524 τέλη
2898 3451 3004 3505 τῶν
3027 3447 3368 3522 προφητειῶν
3391 3445 3736 3517 τεθεαμένοις

2167 3549 2351 3616 ἔλεγεν
2383 3549 2412 3600 ὁ
2434 3547 2649 3617 Σωτήρο
2701 3543 2893 3613 ’Υμῶν
2921 3542 2988 3596 δὲ
3019 3541 3296 3612 μακάριοι
3337 3541 3391 3593 ol
3425 3537 3739 3607 ὀφθαλμοὶ,

2167 3639 2256 3693 ὅτι
2291 3637 2595 3704 βλέπουσι
2618 3653 2632 3667 ·
2678 3635 2794 3700 καὶ,
2837 3635 3063 3690 Πολλοὶ
3106 3631 3403 3703 προφῆται
3447 3630 3740 3698 ἐπεθύμη-

2167 3745 2287 3782 σαν
2317 3727 2463 3781 ιδεῖν
2509 3726 2548 3780 ἁ
2591 3726 2760 3796 ὑμεῖς
2791 3724 3072 3789 βλέπετε,
3122 3721 3221 3776 καὶ
3254 3722 3365 3776 οὐκ
3403 3718 3584 3772 εἶδον.
3630 3716 3740 3770 Καί

2166 3821 2336 3877 πᾶσα
2365 3820 2569 3874 ἀδικία
2611 3817 2895 3888 ἐμφράξει
2921 3814 2987 3868 τὸ
3013 3814 3208 3884 στόμα
3239 3809 3456 3881 αὐτῆς·
3492 3808 3742 3862 λυττῶσα

2167 3912 2273 3966 ὑπὸ
2300 3912 2494 3982 φθόνου
2543 3907 3004 3981 διαῤῥηγνυμένη,
3054 3905 3218 3977 μηδὲν
3265 3904 3320 3958 δὲ
3367 3901 3627 3974 πράττειν
3655 3901 3739 3954 διὰ

2164 4006 2255 4059 τὸν
2281 4004 2454 4059 ταῦτα
2478 4001 2800 4075 βουληθέντα
2830 3999 2960 4052 Θεὸν
2980 3996 3272 4067 δυναμένη.
3309 3993 3480 4048 Τοῦτο
3506 3993 3563 4046 δὲ
3598 3993 3738 4064 πάρ-

2165 4114 2311 4150 εστιν
2385 4093 2629 4166 ἐναργῶς
2671 4093 2824 4163 όρᾷν,
2867 4090 2942 4153 ὡς
2974 4089 3114 4142 κατὰ
3145 4086 3241 4158 τῆς
3282 4084 3621 4164 Ἐκκλησίας.
3645 4083 3741 4136 τοῦ

2164 4186 2399 4259 Χριστοῦ
2435 4187 2469 4257 ἡ
2500 4185 2608 4239 τῶν
2654 4184 2896 4237 ἀπίστων
2945 4181 3039 4234 καὶ
3083 4175 3480 4248 εἰδωλολατριῦν
3529 4174 3741 4246 ἀνδρῶν

2165 4279 2363 4350 ἀνομία
2392 4277 2638 4330 λυττῶσα
2668 4275 2764 4330 καὶ
2808 4273 3067 4336 πολλάκις
3095 4273 3432 4342 ἐπιμηνασα,
3459 4267 3612 4333 τέλος
3651 4266 3741 4320 διὰ

2163 4368 2225 4421 τὸ
2271 4368 2434 4440 μηδὲν
2481 4364 2762 4429 δύνασθαι,
2804 4364 2864 4417 τὸ
2909 4364 3085 4434 στόμα
3129 4360 3329 4431 ἑαυτῆς
3374 4358 3606 4430 ἔφραξεν
3636 4358 3742 4411 ὑπὸ

2163 4457 2258 4512 τοῦ
2289 4457 2430 4509 θείου
2469 4455 2626 4524 λόγου
2655 4454 2986 4526 φιμουμένη,
3015 4453 3108 4505 τοῦ
3140 4452 3234 4505 καὶ
3264 4453 3398 4522 αὐτῇ
3435 4450 3574 4504 κατὰ
3614 4451 3740 4512 τοὺς

2163 4552 2270 4605 τῶν
2306 4549 2561 4621 διωγμῶν
2595 4548 2821 4620 καιροὺς
2853 4548 3184 4617 φάσκοντος·
3221 4547 3439 4608 Σιώπα,
3479 4543 3738 4612 πεφίμωο

2163 4660 2256 4698 σο.
2294 4643 2546 4714 Ἀνομίαν
2576 4641 2632 4694 δὲ
2664 4642 2877 4712 νοήσεις
2907 4639 2996 4692 τὸν
3024 4637 3287 4700 διάϐολον,
3320 4637 3410 4690 καὶ
3443 4636 3620 4689 πάντα
3648 4633 3740 4686 τὸν

495 4735 740 4779 “unum
784 4743 842 4778 οδ
869 4725 1189 4795 loquentium
1232 4723 1414 4792 ίηίίίιια
1461 4723 1528 4776 ³¹ο
1580 4724 1711 4790 θυῖε
1750 4728 1980 4792 θυρίδων
2011 4735 2058 4778 ει
2094 4732 2134 4786 D
2163 4737 2283 4788 κατ’
2315 4734 2480 4805 αὐτὴν
2529 4732 2916 4804 πεποιημένον,
2963 4731 3104 4785 κατὰ
3151 4731 3240 4783 τό⁸
3300 4728 3623 4798 Ἐνερράγη
3672 4728 3738 4780 τὸ

497 4815 755 4869 custodiet
800 4815 908 4869 ha’c
961 4831 978 4868 :

457 4964 460 4968 ί
499 4907 629 4960 mini
654 4906 762 4958 “‘?

603 5021 656 5074 1.
685 5017 1039 5075 ΩΑΝΤιευΜ
1077 5019 1329 5077 PSALMI
1367 5020 1493 5076 lPSl
1532 5019 1759 5077 DAVID.
1795 5018 1951 5074 CVII.

573 5114 738 5170 Vens.
777 5115 905 5174 2-5.
939 5114 1202 5171 Paratum
1244 5133 1334 5171 cor
1379 5133 1573 5181 meum,
1606 5115 1767 5180 Deus,
1812 5123 2061 5190 paratum

497 5224 587 5263 cor
623 5225 816 5273 meum,
848 5207 1072 5263 cantabo
1106 5219 1156 5264 et
1185 5209 1416 5279 psallam
1458 5211 1511 5264 in
1553 5209 1725 5280 gloria
1772 5223 1907 5261 mea.
1948 5205 2060 5259 Ea:-

497 5315 670 5368 surge,
699 5297 872 5368 gloria
921 5314 1056 5363 mea,
1086 5315 1324 5372 exsurge,
1374 5301 1684 5371 psalterium
1731 5307 1780 5353 et
1829 5298 2059 5365 cithara,

495 5406 778 5461 exsurgam
805 5390 1058 5446 diluculo.
1090 5391 1387 5463 Conﬁtebor
1432 5394 1528 5448 tibi
1568 5394 1624 5448 in
1675 5393 1901 5462 populis,
1951 5391 2060 5445 Do-

1035 4823 1084 4867 et
1140 4813 1427 4884 intelligent
1495 4815 1886 4870 ntisericordias
1955 4815 2062 4870 Do-

2165 4827 2356 4895 στόμα
2378 4823 2728 4879 λαλούντων
2753 4823 2947 4877 ἄδικα.
2972 4825 3067 4886 Τ’ς
3100 4821 3312 4891 σοφὸς,
3344 4822 3442 4874 καί
3481 4819 3736 4889 φυλάξει

2163 4916 2366 4981 ταῦτα,
2396 4916 2494 4969 καὶ
2527 4915 2875 4985 συνήσουσι
2917 4915 2986 4968 τὰ
3020 4912 3159 4980 ἐλέη
3201 4913 3308 4967 τοῦ
3340 4913 3594 4981 Κυρίου;

2454 5029 2588 5100 ῼΔΗ
2616 5029 2915 5082 ΨΑΛΜΟΥ
2944 5028 3035 5099 Τῼ
3054 5026 3272 5079 ΔΑΥΙΔ.
3302 5024 3420 5079 ΡΖ’.

2243 5119 2479 5191 Ἐτοίμη
2507 5122 2547 5190 ’ἡ
2573 5121 2784 5189 καρδία
2797 5137 2938 5189 μου,
2969 5123 3000 5173 ό
3032 5117 3197 5184 Θεὸς,
3221 5118 3426 5187 ἑτοίμη
3453 5116 3494 5186 ἡ
3523 5114 3738 5184 καρδιά

2157 5228 2296 5281 μου,
2327 5209 2545 5281 ᾄσομαι
2578 5212 2676 5265 καί
2708 5211 2884 5280 ψαλῶ
2915 5211 2985 5264 ἐν
3015 5209 3087 5279 τῇ
3115 5209 3266 5278 δόξῃ
3291 5226 3430 5278 μου.
3469 5206 3736 5277 Ἐξεγέρ-

2163 5309 2314 5372 θητι,
2373 5304 2412 5372 ή
2457 5303 2607 5368 δόξα
2669 5321 2809 5373 μου,
2840 5303 3198 5372 ἐξεγέρθητι,
3247 5302 3588 5372 ψαλτήριον
3637 5300 3734 5353 καὶ

2165 5392 2393 5463 κιθάρα,
2419 5390 2878 5465 ἐξεγερθήσομαι
2916 5396 3148 5465 ὄρθρου.
3185 5392 3734 5463 Ἐξομολογήσομαί

498 5478 656 5546 inine,
699 5480 926 5550 psallam
958 5482 1052 5535 tibi
1092 5483 1145 5537 in
1193 5485 1514 5539 nationibus.
1565 5484 1828 5552 Quoniam
1868 5501 2058 5554 magna

2163 5501 2264 5539 σοι
2292 5487 2361 5540 ἐν
2401 5486 2589 5552 λαοῖς,
2618 5489 2810 5557 Κύριε,
2855 5487 3030 5556 ψαλῶ
3059 5502 3160 5540 σοι
3197 5487 3268 5540 ἐν
3312 5486 3571 5541 ἔθνεσιν.
3607 5485 3733 5537 Ὀτι

499 5581 576 5626 est
607 5589 762 5643 super
787 5573 941 5629 cazlos
969 5574 1336 5632 misericordia
1364 5588 1476 5641 tua,
1519 5586 1568 5632 et
1605 5595 1766 5647 usque
1798 5577 1866 5632 ad
1899 5576 2058 5632 nubes

2161 5577 2312 5648 μέγα
2335 5577 2534 5632 ἐπάνω
2565 5578 2684 5633 τῶν
2714 5578 2984 5647 οὐρανῶν
3021 5579 3086 5633 τὸ
3121 5578 3295 5644 ἔλεός
3329 5594 3473 5642 σου,
3499 5577 3598 5630 καὶ
3625 5575 3733 5640 ἕως

499 5665 690 5720 veritas
720 5673 828 5720 tua.
861 5665 962 5732 Qui
993 5666 1220 5724 salutari
1266 5669 1359 5723 illa
1391 5669 1727 5726 beatitudine
1755 5669 1952 5742 dignus
1979 5668 2062 5724 ef-

2164 5668 2282 5724 τῶν
2332 5671 2605 5740 νεφελῶν
2647 5675 2685 5742 ὴ
2733 5671 2984 5739 ἀλήθειά
3029 5687 3168 5728 σου.
3217 5671 3275 5724 ὐ
3322 5666 3419 5724 τοῦ
3466 5667 3728 5740 σωτηρίου

569 5823 617 5855 ’⁸
651 5821 837 5877 Matth.
873 5839 931 5890 ν,
961 5823 1019 5880 ὃ.
1090 5824 1138 5858 ⁷⁸
1176 5823 1364 5880 Matth.
1403 5841 1530 5890 xui,
1571 5824 1754 5889 46,”.
1840 5824 1886 5857 ⁸⁸
1925 5822 2058 5877 Mart

2161 5838 2207 5889 ι,
2239 5821 2329 5883 39.
2404 5824 2450 5858 ⁸³
2493 5823 2635 5901 Psal.
2673 5842 2819 5892 uti,
2858 5827 2942 5880 i9.
3008 5827 3075 5858 ⁸³⁸
3111 5825 3255 5882 Psal.
3294 5840 3408 5890 ενι,
3434 5825 3523 5881 43.
