4102 6418
405 388 549 444 1529

1491 392 1996 449 commeatuum
2039 395 2103 450 IN
2145 395 2482 454 PSALMUS.
2551 438 2578 468 .

3516 402 3653 459 1550

405 516 760 586 μακαρισμοῦ
789 516 1077 586 γενόμενος
1117 513 1282 582 ἄξιος,
1315 516 1379 568 δι’
1407 512 1466 571 οὗ
1502 494 1746 589 εἴρηται·
1776 519 1955 574 Mazaei

2077 519 2250 574 fectus
2283 530 2386 582 est,
2415 535 2524 589 qua
2552 519 2752 573 dicitur
2778 541 2789 575 :
2813 521 2965 576 Beati
2988 519 3182 577 mundo
3203 523 3378 589 corde,
3402 522 3658 593 quoniam

398 623 519 672 ριοι
549 608 601 659 οἱ
629 605 871 674 καθαροὶ
916 604 992 673 τῇ
1046 605 1279 674 καρδίᾳ,
1331 606 1419 660 ὅτι
1459 607 1630 662 αὐτοὶ
1681 607 1787 662 τὸν
1831 609 1979 663 Θεὸν

403 696 679 764 ὄψονται,
709 699 849 750 είποι
879 697 944 751 ἂν
983 695 1234 768 θαρρῶν⁸
1273 696 1508 768 Ἑτοίμη
1539 701 1578 768 ἡ
1603 700 1814 768 καρδία
1834 719 1974 770 μου,

401 789 436 838 ό
472 789 637 853 Θεός.
687 789 745 840 '0
782 789 1074 859 Προφήτης
1106 783 1220 850 οὖν,
1253 787 1321 841 τὰ
1357 787 1484 856 φίλα
1520 790 1613 842 καὶ
1637 791 1871 862 συγγενῆ
1899 792 1978 863 τῷ

402 877 546 948 ἁγίῳ
589 877 865 961 Πνεύματι
895 879 960 932 δι’
999 877 1268 949 ὲναρέτων
1299 877 1476 950 ἔργων
1519 881 1856 947 ἐπιτελέσας,
1899 883 1977 954 τῷ

400 971 660 1025 τοιούτων
717 972 900 1043 δοτῆρι
937 970 1056 1041 Θεῷ
1101 972 1200 1042 τὴν
1240 972 1607 1044 προκειμένην
1647 973 1810 1044 εὐχὴν
1847 975 1976 1028 ἀνα-

400 1065 632 1133 πέμπει.
663 1065 913 1133 ’ᾼσομαι
948 1062 1046 1116 καὶ
1087 1062 1264 1130 ψαλῶ
1287 1063 1358 1117 ἐν
1384 1063 1458 1132 τῇ
1482 1063 1630 1133 δόξῃ
1653 1083 1774 1134 μου
1795 1082 1809 1096 ⁸
1840 1067 1976 1121 ἁπο-

397 1155 580 1208 λαδὼν
611 1155 710 1226 τὴν
746 1155 984 1224 ἐμαυτοῦ
1015 1155 1192 1221 δόξαν,
1222 1155 1470 1210 τουτέστι
1502 1156 1599 1227 τὴν
1631 1158 1974 1230 προφητικὴν

396 1245 580 1318 χάριν.
621 1245 1008 1316 Ἐξετέρθητι,
1035 1248 1073 1315 ἡ
1093 1245 1243 1312 δόξα
1267 1265 1407 1317 μου,
1431 1247 1789 1318 ὲξεγέρθητι,
1817 1251 1973 1317 ψαλ-

394 1338 604 1407 τήριον
621 1337 717 1392 καὶ
745 1338 975 1408 κιθάρα,
997 1337 1461 1408 ἐξεγερθήσομαι
1487 1339 1718 1408 ὄρθρου.
1746 1342 1971 1412 Μήποτε

393 1433 495 1497 τὰς
539 1433 800 1504 δυνάμεις
847 1435 946 1504 τῆς
988 1433 1180 1486 ἑαυτοῦ
1223 1435 1400 1504 ψυχῆς
1443 1435 1538 1489 xui.
1576 1435 1670 1488 τοῦ
1719 1434 1970 1507 σώματος

389 1524 649 1597 διεγείρει
689 1525 776 1578 διὰ
813 1526 911 1597 τήν
947 1524 1247 1596 μέλλουσαν
1289 1527 1369 1589 είς
1401 1525 1562 1578 αὑτὸν
1594 1525 1844 1593 γενέσθαι
1872 1526 1968 1580 τοῦ

388 1615 541 1670 θείου
581 1617 896 1687 Πνεύματος
946 1617 1233 1670 ἐπίπνοιαν
1253 1634 1266 1648 ·
1308 1617 1403 1670 καὶ
1435 1617 1578 1671 κατὰ
1608 1617 1842 1672 διάνοιαν
1869 1619 1967 1688 μὲν

389 1710 842 1780 ὲκλαμδανόντων
874 1708 1031 1780 ἡμῶν
1075 1709 1141 1764 τὰ
1185 1709 1324 1780 μέλη
1365 1711 1458 1763 τοῦ
1489 1708 1738 1780 σώματος
1777 1710 1874 1764 καὶ
1897 1712 1967 1764 τὰ

385 1800 739 1872 αἰσθητήρια,
773 1803 840 1855 δι’
867 1796 942 1857 ὧν
973 1806 1002 1857 6
1027 1803 1150 1868 νοῦς
1182 1805 1543 1877 ἀνακρούεται
1570 1807 1658 1860 ὅτε
1679 1807 1724 1860 δ’
1752 1806 1818 1860 ἂν
1844 1805 1967 1876 βού-

2084 613 2184 682 ipsi
2218 612 2387 667 Deum
2428 611 2669 665 videbunt
2696 613 2764 675 θ’,
2797 615 3132 670 conﬁdenter
3166 615 3312 670 dicat
3343 632 3356 667 :
3389 614 3650 668 Paratum

2081 722 2173 759 cor
2219 721 2412 768 meum,
2466 705 2625 758 Deus.
2681 704 2949 775 Propheta
2998 709 3162 778 igitur
3204 725 3325 763 cum
3374 724 3468 778 per
3507 708 3649 762 bona

2081 811 2245 865 Opera
2276 813 2387 851 rem
2423 795 2649 866 Spiritui
2692 805 2884 851 sancto
2908 805 3113 867 gratam
3143 809 3196 854 et
3226 808 3502 869 acceptam
3527 814 3650 867 per-

2082 887 2322 950 fecisset,
2347 887 2534 940 talium
2570 887 2811 957 largitori
2844 887 2958 942 Deo
2992 896 3310 957 praesentem
3343 890 3647 944 orationem

2078 981 2296 1036 emittit.
2326 979 2566 1036 Cautabo
2598 992 2647 1036 et
2679 981 2910 1050 psallam
2953 981 3030 1035 in.
3056 981 3229 1051 gloria
3270 998 3385 1035 mea
3416 997 3436 1035 :
3469 981 3520 1036 id
3541 989 3648 1056 cst,

2079 1077 2356 1140 assumpta
2399 1071 2571 1142 gloria
2622 1086 2765 1135 mea,
2799 1088 2895 1127 seu
2923 1071 3280 1142 praphetandi
3310 1071 3501 1142 gratia.
3534 1069 3672 1138 Ex-l

2077 1179 2248 1232 surge,
2266 1162 2438 1231 gloria
2469 1179 2607 1225 mea,
2625 1178 2867 1233 exsurge,
2897 1162 3208 1232 psalterium
3226 1173 3276 1218 et
3304 1163 3534 1229 cithara,
3555 1178 3645 1217 ex-

2076 1270 2291 1324 surgant
2320 1253 2576 1308 diluculo.
2610 1251 2749 1308 Num
2775 1255 2915 1310 forte
2953 1255 3150 1308 anima:
3179 1255 3534 1326 corporisque
3561 1255 3647 1310 sui

2076 1346 2221 1401 vires
2263 1345 2467 1400 excitat
2509 1346 2579 1400 ob
2632 1346 2990 1400 adventuram
3030 1347 3138 1416 ipsi
3177 1345 3418 1416 Spiritus
3473 1347 3646 1401 sancti

2076 1437 2490 1507 inspirationem
2518 1456 2532 1504 ;
2567 1438 2640 1492 ita
2673 1447 2733 1492 ut
2770 1452 2872 1493 nos
2909 1437 3182 1508 spirituali
3227 1454 3378 1494 more
3406 1438 3647 1493 membra

2074 1527 2321 1598 corporis
2351 1535 2404 1582 et
2437 1544 2632 1584 sensus
2664 1527 3026 1598 excipiamus,
3056 1529 3256 1600 quibus
3285 1543 3444 1586 mens
3469 1544 3647 1599 quau.-

2073 1623 2361 1689 docunque
2393 1620 2626 1675 voluerit
2654 1621 2942 1688 pulsatur;
2976 1621 3290 1692 psalterium
3317 1636 3448 1675 vero
3472 1619 3646 1689 expli-
3685 1685 3690 1688 _

2073 1728 2261 1768 cemus
2293 1713 2646 1783 incorporeas
2675 1719 2727 1766 et
2757 1713 3118 1769 rationabiles
3157 1713 3352 1766 animm
3392 1713 3652 1773 virtutes,

2073 1821 2209 1877 quas
2241 1807 2305 1860 ad
2333 1805 2571 1875 Spiritus
2599 1805 3000 1876 susceptionem
3039 1820 3352 1876 praeparans
3379 1805 3454 1858 ait
3481 1823 3496 1859 :
3530 1802 3646 1856 Ea:-

385 1891 575 1962 ληται·
610 1892 906 1965 ψαλτήριον
935 1895 993 1948 δὲ
1021 1896 1118 1959 τὰς
1145 1897 1469 1967 ἀσωμάτους
1495 1898 1588 1952 xui.
1620 1896 1842 1966 λογικὰς
1867 1897 1955 1966 τῆς

2065 1913 2240 1967 surge,
2267 1896 2579 1964 psalterium
2607 1905 2657 1949 et
2691 1895 2919 1949 cithara.

382 1982 566 2053 ψυχῆς
608 1983 886 2055 δυνάμεις,
925 1985 991 2049 ἃς
1030 1986 1094 2058 δὴ
1136 1987 1566 2059 παρασκευάζων
1605 1989 1685 2053 είς
1731 1989 1829 2060 τήν
1873 1987 1968 2042 τοῦ
2019 1988 2336 2059 Πνεύματος
2374 1988 2641 2060 ὑποδοχήν
2682 2004 2874 2059 φησιν·
2942 1985 3336 2056 Ἐ’ξεγέρθητι,
3405 1982 3643 2054 datr-if-

379 2093 519 2145 ριον
545 2076 644 2130 καί
673 2077 905 2146 κιθάρα.

465 2173 762 2241 ’Υψώθητι
807 2173 905 2226 ἐπὶ
941 2174 1085 2240 τοὺς
1121 2175 1439 2244 οὐρανοὺς,
1466 2180 1500 2232 ό
1541 2177 1703 2245 Θεὸς,
1734 2177 1831 2231 καὶ
1861 2176 1962 2230 ἐπὶ

378 2263 592 2319 πᾶσαν
615 2264 731 2332 τὴν
754 2263 874 2334 γῆν
898 2266 936 2334 ἡ
959 2267 1110 2332 δόξα
1135 2284 1273 2335 σου,
1299 2268 1458 2335 ὅπως
1479 2268 1558 2324 ἂν
1572 2266 1887 2336 ρυσθῶσιν
1907 2273 1960 2324 ot

377 2356 678 2426 ἀγαπητοί
709 2372 845 2411 σου.
874 2357 1084 2411 Σῶσον
1111 2358 1185 2428 τῇ
1213 2358 1380 2428 δεξιᾷ
1411 2374 1550 2421 σου.
1577 2361 1677 2415 καὶ
1706 2359 1960 2415 ἐπάκου-

377 2449 500 2501 σόν
529 2465 668 2516 μου.
713 2449 767 2500 Ὁ
815 2448 960 2515 Θεὸς
1000 2448 1311 2516 ἐλάλησεν
1349 2450 1419 2504 ἐν
1447 2448 1528 2516 τῷ
1555 2450 1704 2520 ἁγίῳ
1731 2449 1917 2505 αὑτοῦ
1939 2467 1955 2482 ο

390 2539 820 2609 ’Υψωθήσομαι
859 2539 958 2593 καὶ
987 2539 1262 2610 διαμεριῶ
1290 2543 1525 2611 Σίκιμα,
1559 2542 1660 2595 καὶ
1687 2541 1802 2610 τὴν
1831 2559 1959 2596 κοι-

375 2629 538 2684 λάδα
567 2631 686 2684 τῶν
723 2632 972 2698 σκηνῶν
1010 2633 1401 2702 διαμετρήσω.
1441 2633 1688 2687 Ἰκετεύω
1723 2634 1815 2688 xui.
1843 2633 1960 2688 δέο-

379 2739 481 2792 μαι
521 2723 686 2792 τάχος
719 2724 1000 2794 ἐπιστῆναι
1029 2725 1130 2796 τὴν
1161 2726 1339 2797 χάριν,
1380 2727 1475 2779 xui.
1515 2727 1574 2779 σὲ
1615 2727 1705 2780 τὸν
1734 2727 1957 2797 ὕψιστον

375 2815 510 2868 Θεὸν
529 2816 620 2869 τὸν
645 2817 704 2870 ὲν
739 2819 850 2879 τοῖς
875 2817 1123 2888 οὐρανοῖς
1147 2817 1483 2889 ὑμνούμενον
1508 2819 1837 2889 γνωσθῆναι,
1863 2820 1956 2874 xui.

373 2907 475 2978 τὴν
518 2907 716 2961 σαυτοῦ
754 2907 909 2972 δόξαν
953 2908 1194 2980 φανερὰν
1239 2910 1463 2980 ποιῆσαι
1511 2911 1604 2964 ἐπὶ
1644 2913 1824 2964 πᾶσαν
1855 2911 1954 2982 τὴν

373 2999 498 3069 γῆν.
531 2999 732 3053 Τούτου
761 3001 869 3072 γὰρ
905 3001 1219 3072 γενομένου,
1263 3002 1622 3074 ρυσθήσονται
1653 3004 1704 3057 οἱ
1737 3005 1954 3075 ἀγαπη-

369 3092 456 3146 τοί
487 3109 581 3146 σου
607 3094 716 3147 ἀπὸ
741 3094 838 3164 τῆς
864 3097 1066 3165 πικρᾶς
1095 3095 1339 3159 δουλείας
1367 3096 1461 3148 xui
1487 3096 1862 3166 αἰχμαλωσίας
1887 3098 1952 3169 ἢν

371 3181 705 3235 πεπόνθασιν
752 3184 1055 3256 ὑποχείριοι
1095 3186 1400 3256 γενόμενοι.
1442 3185 1651 3240 Σῶσον
1678 3184 1753 3255 τῇ
1784 3185 1954 3252 δεξιᾷ

367 3289 511 3338 σου,
543 3275 641 3328 καὶ
669 3275 1016 3330 ὲπάκουσόν
1025 3294 1165 3346 μου.
1208 3278 1268 3330 '0
1287 3277 1430 3344 Θεὸς
1451 3277 1758 3346 ἐλάλησεν
1783 3278 1852 3332 ἐν
1874 3277 1954 3344 τῷ

367 3364 518 3433 ἁγίῳ
564 3366 770 3422 αὑτοῦ.
803 3365 897 3429 Τίς
925 3361 992 3437 ἦν
1038 3367 1066 3420 6
1105 3367 1260 3436 ἅγιος
1307 3367 1472 3421 αὑτοῦ
1507 3368 1540 3439 ῆ
1585 3369 1614 3420 6
1659 3367 1952 3439 μονογενὴς

2138 2173 2302 2228 Vens.
2340 2172 2374 2227 6
2397 2201 2416 2213 -
2437 2172 2492 2226 8.
2523 2170 2780 2225 Exaltare
2809 2186 2965 2240 super
2996 2169 3172 2232 caelos,
3207 2168 3368 2231 Deus,
3405 2179 3457 2222 et
3487 2184 3643 2238 super

2065 2283 2270 2322 omnem
2307 2274 2503 2320 terram
2530 2264 2706 2336 gloria
2750 2272 2864 2328 tua,
2894 2273 2953 2317 ut
2993 2261 3279 2317 liberentur
3309 2260 3491 2316 dilecti
3539 2266 3637 2319 tui.

2066 2359 2282 2415 Salvum
2310 2360 2396 2428 [ac
2421 2357 2640 2412 dextera
2663 2365 2779 2422 tua,
2810 2365 2860 2411 et
2897 2356 3090 2411 exaudi
3121 2372 3218 2409 me.
3263 2354 3401 2410 Deus
3434 2357 3640 2410 locutus

2062 2464 2139 2508 est
2169 2455 2223 2506 in
2252 2463 2434 2507 sancto
2463 2469 2560 2506 suo
2584 2466 2602 2504 :
2639 2449 2930 2504 Exaltabor
2964 2458 3013 2503 ct
3041 2447 3274 2501 dividam
3308 2447 3563 2509 Sicliima,
3589 2457 3644 2504 et

2063 2546 2349 2602 convallem
2374 2543 2836 2598 tabernaculorum
2861 2541 3130 2595 dimetiar.
3155 2540 3397 2595 Obsecro
3427 2555 3644 2610 precor-

2063 2655 2188 2709 que,
2219 2639 2330 2692 cito
2357 2634 2551 2690 adesse
2581 2633 2832 2705 gratiam,
2866 2647 2972 2702 qua
2998 2640 3050 2685 te
3098 2629 3426 2685 altissimum
3468 2628 3637 2684 Deum

2063 2725 2119 2780 in
2165 2725 2321 2781 caelis
2365 2723 2698 2779 celebratum
2734 2735 3048 2783 noscamus,
3082 2727 3138 2774 et
3184 2717 3354 2789 gloria
3402 2727 3494 2773 tua
3542 2734 3640 2789 per

2060 2830 2274 2871 onmem
2306 2824 2506 2869 terram
2547 2810 2834 2866 manifesta
2864 2810 3144 2865 reddatur.
3181 2808 3295 2863 Hoc
3318 2807 3463 2864 enim
3499 2823 3640 2879 per—

2060 2918 2206 2976 acto,
2231 2907 2416 2963 dilecti
2449 2905 2528 2960 tui
2560 2919 2592 2958 a
2622 2903 2761 2958 dura
2797 2904 3059 2958 servitute
3091 2909 3355 2956 eruentur
3393 2909 3449 2955 et
3478 2916 3510 2956 a
3543 2915 3638 2954 ca-

2058 3000 2299 3071 ptivitate
2320 3013 2428 3069 qua
2444 2997 2654 3053 subacti
2672 3002 2728 3052 et
2745 2995 2925 3048 afﬂicti
2949 3001 3097 3050 sunt.
3118 2992 3334 3048 Salvum
3354 2992 3442 3061 [ac
3460 2991 3638 3046 dexte-

2059 3109 2123 3145 ra
2163 3103 2276 3152 tua,
2299 3100 2348 3144 et
2375 3087 2569 3144 exaudi
2602 3105 2702 3142 me.
2733 3085 2869 3142 Deus
2900 3086 3103 3139 locutus
3133 3086 3285 3140 estin
3305 3093 3489 3140 sancto
3515 3099 3631 3138 suo.

2058 3183 2194 3250 Quis
2240 3190 2359 3237 erat
2399 3189 2626 3237 sanctus
2671 3178 2764 3234 Dei
2809 3176 2914 3232 nisi
2958 3176 3131 3232 Filius
3171 3176 3508 3246 unigenitus,
3539 3176 3635 3245 qui

2057 3291 2184 3332 vere
2212 3281 2439 3329 sanctus
2468 3281 2522 3328 et
2554 3271 2790 3326 dilectus
2827 3276 2912 3324 est
2948 3288 2960 3322 :
2994 3285 3088 3338 per
3121 3283 3280 3338 quem
3312 3265 3455 3321 heus
3501 3265 3635 3335 ipsis

2059 3367 2127 3421 ad
2158 3365 2530 3435 supradictam
2559 3360 2884 3425 orationem,
2913 3373 3033 3426 quae
3058 3357 3137 3411 sic
3161 3357 3322 3412 habet
3345 3374 3358 3410 :
3378 3354 3636 3410 Exaltare

367 3457 528 3520 Παῖς,
562 3459 590 3510 6
632 3455 708 3510 ὢν
753 3457 967 3529 ἀληθῶς
1008 3458 1162 3528 ἅγιος
1200 3459 1292 3512 xui
1322 3460 1623 3530 ἀγαπητὸς,
1655 3460 1724 3513 δι’
1763 3453 1823 3513 οὗ
1847 3461 1947 3532 τὴν

2061 3474 2204 3527 super
2234 3457 2410 3522 cwlos,
2447 3454 2611 3519 Deus,
2652 3451 2964 3523 respondet,
3009 3449 3341 3514 Exaltabor;
3387 3448 3457 3502 ad
3501 3449 3636 3504 illud

363 3548 660 3620 ἀπόκρισιν
689 3551 983 3619 ἐποιήσατο
1005 3551 1142 3622 πρὸς
1169 3551 1267 3623 τὴν
1287 3552 1642 3608 ἀποδοθεῖσαν
1669 3554 1833 3626 εὐχὴν
1855 3555 1954 3608 αύ-

362 3644 480 3704 τοῖς
509 3643 539 3695 6
566 3641 728 3705 Θεόςο
762 3642 898 3712 πρὸς
930 3644 1027 3714 μὲν
1063 3641 1159 3696 οὖν
1198 3644 1298 3714 τὴν
1339 3645 1505 3715 εὐχὴν
1540 3645 1639 3716 τὴν
1666 3649 1947 3715 φήσασαν·

374 3732 675 3802 ’Υψώθητι
701 3734 800 3786 ἐπὶ
819 3735 961 3802 τοὺς
994 3733 1312 3802 οὐρανοὺς,
1345 3737 1378 3788 ό
1407 3734 1572 3800 Θεὸς,
1596 3736 1951 3805 ἀποκρίνεται

363 3825 560 3892 λέγων,
601 3823 1042 3893 ’Υψωθήσομαι,
1077 3824 1212 3896 πρὸς
1239 3823 1297 3875 δὲ
1341 3823 1431 3876 τὸ·
1467 3825 1585 3878 Καὶ.
1611 3825 1708 3878 ἐπὶ
1744 3824 1952 3881 πᾶσαν

362 3915 484 3986 τὴν
521 3915 639 3986 γῆν
680 3917 720 3984 η
763 3915 913 3981 δόξα
947 3931 1084 3979 σου,
1117 3913 1278 3969 πάλιν
1317 3915 1668 3986 ἀποκρίνεται
1709 3915 1779 3970 τὰ
1819 3917 1949 3970 ἀκό-

362 4005 530 4059 λουθα
558 4004 664 4060 ἀπὸ
705 4004 819 4068 τοῦ,
860 4002 1275 4072 Ὺψωθήσομαι
1299 4002 1398 4056 καί
1421 4001 1696 4071 διαμεριῶ
1716 4005 1948 4072 Σίκιμα,

362 4099 463 4153 καὶ
488 4097 605 4166 τὴν
629 4095 881 4151 κοιλάδα
899 4094 1018 4149 τῶν
1041 4093 1288 4163 σκηνῶν
1312 4094 1706 4164 διαμετρήσω.
1733 4095 1948 4166 Ταύτην

361 4189 566 4252 τοίνυν,
600 4187 754 4259 φησὶ,
789 4187 886 4256 τὴν
929 4186 1171 4249 κοιλάδα,
1200 4185 1447 4238 τουτέστι
1476 4186 1657 4238 πᾶσαν
1700 4184 1798 4256 τὴν
1838 4184 1947 4238 τῶν

361 4279 665 4353 ἀνθρώπων
685 4279 1028 4351 οἰκουμένην,
1045 4280 1124 4341 είς
1149 4277 1352 4363 σκηνας
1373 4277 1739 4348 διαμετρήσω,
1759 4277 1946 4349 ὥσπερ

2053 3569 2229 3608 vero:
2266 3551 2330 3604 Et
2376 3565 2530 3618 super
2569 3564 2774 3602 omnem
2827 3555 3022 3599 terram
3069 3545 3243 3614 gloria
3279 3552 3393 3606 tua,
3439 3558 3635 3598 rursus

2053 3651 2420 3714 congruenter
2461 3640 2676 3710 reponit
2718 3638 2788 3692 ab
2835 3637 2921 3691 his
2953 3636 3136 3692 verbis
3189 3654 3202 3690 :
3250 3634 3547 3689 Exallabsr
3582 3643 3633 3690 et

2053 3735 2284 3788 dividam
2316 3732 2570 3793 Sic/lima,
2595 3739 2645 3784 et
2666 3728 2951 3782 convallem
2981 3726 3438 3782 tabernaculorum
3467 3726 3632 3781 dirue-

2053 3828 2179 3880 tiar.
2221 3824 2391 3888 Hanc,
2426 3824 2624 3894 inquit,
2653 3821 2978 3886 convallem,
3005 3820 3058 3875 id
3083 3827 3168 3876 est
3196 3819 3510 3877 universum
3541 3835 3630 3874 or-

2056 3917 2198 3980 bem,
2235 3915 2289 3969 in
2323 3915 2681 3970 tabernacula
2736 3913 3010 3978 dimetiar,
3066 3913 3223 3984 quasi
3276 3913 3393 3966 loca
3440 3927 3630 3967 eorum

2056 4008 2286 4063 metiens
2309 4016 2364 4063 et
2392 4007 2744 4072 describens;
2775 4004 3010 4059 dividam
3064 4004 3119 4058 in
3146 4003 3496 4059 tabernacula
3535 4018 3630 4074 per

2054 4101 2300 4171 singulas
2327 4099 2598 4165 civitates,
2627 4106 2683 4154 et
2720 4097 2977 4168 regiones
3000 4105 3053 4150 et
3076 4096 3226 4150 vicos
3255 4113 3268 4150 :
3292 4109 3356 4149 ac
3383 4110 3626 4159 rursum,

2053 4191 2404 4245 tabernacula
2451 4190 2584 4244 mihi
2630 4189 2946 4256 dimetiens,
2993 4203 3058 4243 ac
3115 4203 3212 4258 per
3264 4186 3383 4240 loca
3434 4185 3626 4241 distri-

2051 4281 2258 4349 buens;
2296 4282 2351 4337 id
2375 4291 2460 4337 est
2487 4283 2774 4336 universas
2803 4296 2900 4351 per
2939 4280 3126 4335 orbem
3158 4277 3450 4334 Ecclesias.

361 4371 726 4443 χωρομετρῶν
777 4371 871 4425 xui.
914 4370 1282 4442 καταγράφων
1333 4368 1558 4432 αὐτούς’
1600 4369 1947 4443 διαμετρήσω
1978 4374 2057 4438 εἰς
2089 4374 2292 4445 σκηνὰς
2321 4374 2465 4428 κατὰ
2494 4375 2672 4428 πᾶσαν
2694 4372 2868 4437 πόλιν,
2896 4374 2988 4427 καὶ
3032 4371 3218 4443 χώραν
3263 4372 3357 4425 καὶ
3399 4368 3622 4442 κώμηνο

363 4467 458 4522 xui
493 4467 676 4531 πάλιν,
725 4466 929 4536 σκηνὰς
965 4465 1188 4537 ἐμαυτῷ
1225 4467 1531 4535 διαμετρῶν
1575 4467 1666 4520 xui.
1697 4469 2083 4541 χωρομετρῶν,
2107 4470 2353 4524 τουτέστι
2381 4468 2480 4534 τὰς
2507 4467 2818 4540 ἁπανταχοῦ
2853 4467 3199 4538 Ἐκκλησίας.

449 4586 623 4654 Ἐμός
652 4585 783 4638 ἐστι
803 4583 1074 4648 Γαλαὰδ,
1106 4587 1203 4639 καί
1232 4587 1376 4655 ἐμός
1411 4585 1540 4639 ἐστι
1573 4589 1944 4657 Μανασσῆς·

2127 4590 2293 4646 Vens.
2339 4592 2394 4654 9,
2435 4591 2524 4646 10.
2559 4588 2708 4645 Meus
2739 4600 2816 4644 est
2852 4587 3080 4652 Galaad,
3115 4597 3163 4641 et
3209 4601 3354 4640 meus
3386 4594 3462 4640 est
3502 4582 3623 4638 Ma-

361 4677 460 4729 καὶ
505 4676 749 4745 Ἐφραίμ
789 4675 1118 4744 ἀντίληψις
1158 4675 1267 4744 τῆς
1311 4677 1583 4747 κεφαλῆς
1621 4697 1763 4749 μου.
1806 4681 1943 4737 ἰοὐ-

358 4767 470 4834 δας
525 4769 828 4835 ,βασιλεύς
883 4786 1033 4837 μου,
1086 4770 1268 4824 Μωὰὸ
1315 4772 1497 4838 λέϐης
1544 4770 1652 4840 τῆς
1697 4774 1945 4842 ἐλπίδος

354 4877 494 4928 μου.
541 4860 756 4938 Ἐπειδὴ
798 4859 1035 4932 Ἐφραῒμ
1066 4863 1161 4914 καὶ
1190 4863 1488 4935 Μανασσῆς
1521 4864 1627 4916 υἱοὶ
1656 4866 1943 4934 γεγόνασιν

372 4951 588 5022 Ἰωσὴφ,
628 4953 892 5022 κατέσχον
932 4951 990 5005 δὲ
1031 4953 1080 5005 οἱ
1129 4954 1194 5006 ὲκ
1233 4954 1440 5009 τούτων
1469 4955 1569 5028 τὴν
1602 4957 1940 5031 καλουμένην

357 5042 542 5116 χώραν
573 5045 805 5109 Γαλαὰδ,
858 5045 952 5097 καὶ
994 5045 1093 5118 τὴν
1130 5047 1310 5118 Συχὲμ
1343 5049 1436 5102 xui.
1468 5049 1568 5122 τὴν
1601 5052 1938 5123 Σαμάρειαν,

357 5134 487 5188 ἔνθα
504 5136 565 5189 τὸ
591 5135 858 5206 βασίλειον
881 5139 1221 5210 συνειστήκει
1248 5139 1341 5192 τοῦ
1389 5141 1605 5214 Ἰσραήλ
1625 5159 1640 5173 ο
1671 5144 1761 5198 διὰ
1783 5143 1942 5199 τοῦτο

354 5227 550 5281 ἑαυτοῦ
580 5247 744 5300 φησιν
777 5225 915 5284 εἶναι
949 5230 1041 5284 καὶ
1066 5230 1306 5297 τούτους,
1344 5233 1436 5287 τὸν
1461 5235 1520 5288 δὲ
1551 5235 1790 5307 Ἐφραῖμ
1820 5239 1939 5290 κατ’

357 5319 635 5392 ἐξαίρετον
657 5323 744 5377 διὰ
771 5322 868 5395 τὴν
890 5323 949 5390 ἐξ
982 5323 1146 5377 αὐτοῦ
1176 5328 1450 5380 συστᾶσαν
1479 5326 1778 5397 βασιλείαν,
1811 5348 1941 5399 κρα-

355 5410 577 5463 ταίωσιν
609 5413 863 5484 ὀνομάζει
889 5415 988 5486 τῆς
1030 5416 1268 5487 κεφαλῆς
1298 5417 1514 5473 ἑαυτοῦ.
1571 5419 1802 5488 Ἰούδας
1823 5424 1940 5487 βα-

351 5501 568 5567 σιλεύς
595 5521 736 5570 μου,
774 5507 945 5558 Μοὰϐ
976 5505 1160 5573 λέϐης
1209 5507 1320 5577 τῆς
1361 5510 1609 5577 ἐλπίδος
1643 5531 1783 5581 μου.
1833 5515 1940 5568 Τὸν

365 5589 565 5646 Ἰούδαν
611 5593 831 5663 βασιλέα
859 5597 1052 5650 ἑαυτοῦ
1092 5595 1250 5661 εἷναι,
1284 5600 1450 5669 λέγει.
1483 5603 1754 5675 Πρόδηλον
1779 5605 1837 5659 δὲ
1858 5606 1938 5659 ὅτι

355 5684 496 5738 κατὰ
521 5685 612 5739 τὸν
653 5687 974 5745 Ἀπόστολον
1006 5693 1064 5760 ἐξ
1110 5694 1278 5748 Ἰούδα
1304 5695 1668 5752 ἀνατέταλκεν
1691 5699 1719 5752 6
1745 5697 1936 5770 Σωτὴρ

427 5842 474 5873 ⁸³
515 5843 704 5900 Matth.
745 5864 792 5910 v,
831 5847 881 5902 8.

2050 4700 2232 4738 nosses
2257 4699 2275 4737 :
2303 4692 2353 4737 et
2377 4681 2633 4752 Ephraim
2659 4681 2918 4750 susceptio
2945 4680 3136 4748 capitis
3175 4679 3296 4733 mei.
3336 4676 3485 4731 Juda
3531 4692 3624 4731 rea:

2050 4791 2217 4839 meus,
2259 4773 2418 4829 Moab
2471 4773 2606 4828 lebes
2652 4773 2761 4841 spei
2802 4787 2948 4826 mete.
2977 4769 3246 4836 Quoniam
3285 4766 3540 4838 Ephraim
3568 4775 3624 4822 et

2051 4866 2332 4922 Manasses
2362 4867 2456 4921 lilii
2507 4865 2712 4936 Joseph
2763 4864 3037 4927 feruntur,
3085 4875 3386 4932 eorumque
3419 4860 3622 4932 posteri

2047 4960 2347 5031 regionem,
2393 4974 2516 5028 quae
2557 4957 2760 5012 Galaad
2810 4955 3130 5015 vocabatur,
3176 4962 3535 5024 occuparunt,
3569 4959 3624 5006 et

2049 5050 2282 5124 Sychem
2315 5059 2370 5107 et
2396 5050 2723 5115 Samariam,
2751 5048 2840 5104 ubi
2886 5047 3033 5120 regia
3064 5044 3280 5102 lsraelis
3322 5055 3474 5111 erat;
3500 5043 3623 5099 ideo
3701 5077 3710 5088 -

2046 5145 2169 5199 illos
2207 5159 2338 5199 suos
2378 5159 2502 5200 esse
2530 5142 2684 5204 dicit,
2715 5155 2778 5194 ac
2819 5139 3074 5210 prraim
3112 5137 3240 5207 quia
3272 5151 3336 5192 ex
3381 5135 3504 5206 ipso
3535 5149 3624 5189 re-

2045 5252 2211 5307 gnum
2234 5235 2546 5300 constabat,
2577 5232 2951 5288 fortitudinem
2975 5231 3172 5300 capitis
3194 5230 3280 5284 sui
3315 5243 3413 5300 per
3439 5225 3619 5283 excel-

2047 5328 2265 5383 lentiam
2295 5334 2474 5381 vocat.
2500 5324 2647 5380 Juda
2671 5340 2762 5380 rea:
2787 5341 2952 5391 meus,
2983 5321 3142 5378 Moab
3167 5322 3303 5377 lebes
3331 5322 3440 5391 spei
3467 5337 3616 5376 meat.

2043 5417 2238 5474 ludam
2279 5433 2459 5488 regem
2491 5432 2612 5474 esse
2640 5432 2800 5472 suum
2831 5415 2984 5472 dicit.
3048 5414 3393 5470 Manifestum
3434 5419 3615 5468 autem

2043 5521 2128 5568 est
2157 5512 2453 5568 secundum
2488 5509 2830 5580 Apostolum,
2877 5507 3215 5563 Salvatorcm
3242 5516 3297 5561 et
3325 5504 3614 5559 Dominum

2044 5613 2291 5660 nostrum
2329 5603 2515 5658 Jesum
2545 5603 2823 5658 Clu-istum
2860 5608 3112 5657 exortum
3143 5614 3267 5656 esse
3297 5615 3364 5654 ex
3391 5595 3552 5664 Juda,
3584 5613 3614 5650 a

2045 5713 2152 5768 quo
2201 5696 2410 5768 regium
2459 5711 2633 5768 genus
2689 5695 3050 5751 constitutum
3082 5699 3188 5752 est.
3239 5696 3300 5749 In
3343 5692 3431 5751 his
3483 5691 3643 5748 item.
