4102 6408
425 371 554 424 1531

1043 376 1316 452 EUSEBII
1355 377 1837 435 CIESARIENSIS
1874 376 2024 433 OPP.
2068 374 2249 430 PARS
2289 374 2375 430 Ill.
2406 407 2474 416 --
2517 375 2927 435 EXEGETICA.

3551 375 3698 430 1552

423 504 604 543 sermo
632 488 886 561 Ephraim
916 505 967 549 et
991 491 1188 551 Judam
1220 508 1498 565 recenset;
1539 499 1798 570 quoniam
1830 506 1998 556 totum

2105 497 2200 550 καὶ
2230 495 2434 568 Κύριος
2469 496 2624 568 ήμῶν
2668 497 2874 569 Ἰησοῦς
2900 500 3152 569 Χριστὸς,
3184 483 3244 566 ἐξ
3273 491 3334 553 οὗ
3369 497 3600 568 συνέστη
3629 495 3696 551 τὸ

420 579 731 636 Jndaeorum
766 599 936 655 genus
983 587 1112 641 olim
1168 589 1225 643 in
1251 589 1360 644 duo
1415 606 1580 661 regna
1631 591 2004 656 dividebatur;

420 673 728 731 vaticinans
772 693 882 731 non
927 678 1073 733 ultra
1129 678 1370 734 futuram
1421 681 1736 751 hujusmodi
1785 680 2009 736 divisio-

420 779 544 819 nem
593 781 736 831 esse,
780 767 875 824 sed
926 771 1096 827 totius
1153 773 1331 843 gentis
1385 774 1848 842 conjunctionem.
1883 773 2010 830 Hazc

421 871 586 926 porro
617 861 889 931 completa
921 873 1052 920 sunt
1086 863 1140 917 in
1175 863 1413 920 adventu
1455 864 1671 920 Domini
1715 877 1768 922 et
1813 865 2009 922 Serva-

419 951 559 1008 toris
585 955 761 1010 nostri
799 953 931 1012 Jesu
973 956 1202 1014 Christi.
1252 959 1330 1013 Eo
1365 960 1565 1031 quippe
1609 968 1854 1031 tempore
1885 961 2009 1016 uni-

418 1061 579 1102 versa
627 1063 763 1118 gens
815 1047 1130 1106 Iudaeorum
1183 1053 1240 1107 in
1284 1069 1452 1108 unum
1515 1053 1772 1119 redacta,
1830 1067 2008 1123 neque

421 1138 566 1193 ultra
621 1140 676 1194 in
739 1156 904 1212 regna
961 1142 1070 1199 duo
1110 1143 1285 1200 divisa
1332 1145 1454 1200 fuit.
1493 1146 1849 1217 Quapropter
1888 1145 2006 1216 pari

419 1227 640 1283 ratione
681 1227 938 1286 Servator
970 1231 1321 1305 Evangelium
1371 1236 1523 1306 regni
1543 1232 1554 1238 ”
1578 1236 1909 1308 praedicabat
1953 1244 2008 1292 et

421 1321 474 1372 in
520 1335 711 1378 omnes
740 1324 924 1380 tribus
975 1341 1162 1381 eorum
1217 1329 1516 1400 discipulos
1559 1331 1809 1386 mittebat
1851 1346 2004 1388 suos.

417 1411 565 1466 Juda
594 1429 686 1467 rex
723 1433 888 1486 meus,
919 1415 1078 1470 Moab
1101 1419 1236 1474 lebes
1272 1421 1382 1489 spei
1409 1439 1557 1477 mere.
1593 1422 1730 1478 Cum
1755 1423 1820 1477 hi:
1834 1437 2006 1494 porro

419 1505 616 1575 inquit,
650 1507 703 1560 in
737 1508 930 1577 primis
957 1519 1010 1565 et
1037 1511 1089 1565 in
1119 1514 1389 1584 principio
1418 1504 1719 1571 vobationis
1763 1515 2003 1587 suscepti

422 1595 661 1663 fuerint;
714 1613 821 1652 non
884 1607 1065 1678 tamen
1123 1597 1439 1672 alienigenae
1486 1605 1563 1658 illi
1593 1605 1810 1676 pejores
1851 1620 1882 1659 a
1917 1623 2001 1662 me

421 1689 585 1744 alieni
614 1699 810 1758 erunt;
844 1693 938 1747 sed
973 1697 1138 1748 etiam
1164 1695 1342 1765 ipsum
1374 1696 1550 1763 Moab,
1582 1699 1672 1753 cui
1702 1700 1832 1754 olim
1861 1703 2002 1756 veti-

420 1787 535 1833 tum
589 1780 658 1835 ad
707 1780 1010 1838 Ecclesiam
1057 1784 1272 1840 Domini
1315 1787 1600 1852 accedere,
1637 1789 1918 1844 admittam
1951 1799 2005 1846 et

2115 587 2387 659 βασίλειον
2420 589 2596 656 γένος,
2645 589 2873 658 Συνάγέι
2905 589 2961 642 δέ
2996 593 3054 643 ἐν
3089 591 3298 654 τούτοις
3338 592 3368 644 6
3397 589 3556 656 λόγος
3598 589 3702 648 τὸν,

2122 679 2361 752 Ἐφραῒμ
2377 681 2471 735 καὶ
2487 681 2577 734 τὸν
2605 680 2824 744 Ἰούδαν,
2839 682 2936 734 ἐπε
2945 681 3026 752 ιδὴ
3039 681 3102 734 τὸ
3117 681 3342 736 παλαιὸν
3370 680 3608 755 διῃρεῖτο
3630 681 3696 734 τὸ

2110 773 2220 826 πᾶν
2261 773 2530 827 Ἰουδαίων
2562 772 2715 837 ἔθνος
2756 775 2837 837 είς
2866 771 2957 826 δύο
3006 773 3300 843 βασιλείας,
3332 772 3699 844 προφητεύων

2113 863 2311 936 μηκέτι
2361 864 2578 919 ἔσεσθαι
2617 864 2714 936 τὴν
2757 864 3035 920 διάστασιν
3065 863 3290 934 ταύτην,
3335 863 3449 917 ἀλλ’
3496 863 3699 918 ἕνωσιν

2107 955 2204 1009 τοῦ
2235 957 2436 1020 παντὸς
2471 955 2675 1019 ἔθνους.
2721 954 3056 1027 Ἐπληροῦτο
3103 955 3158 1008 δὲ
3195 954 3291 1008 καὶ
3335 954 3506 1009 ταῦτα
3549 953 3696 1008 κατὰ

2106 1047 2207 1118 τὴν
2236 1047 2557 1116 ἐπιφάνειαν
2583 1045 2678 1101 τοῦ
2702 1048 2908 1119 Κυρίου
2934 1047 3026 1100 καὶ
3046 1047 3296 1118 Σωτῆρος
3325 1046 3482 1118 ἡμῶν
3515 1045 3698 1117 Ἰησοῦ

2107 1139 2366 1210 Χριστοῦ.
2407 1141 2619 1196 Ἤνωτο
2640 1138 2770 1209 γοῦν
2790 1141 2910 1193 κατ’
2933 1138 3173 1203 ἐκείνους
3206 1139 3333 1203 τοὺς
3367 1139 3594 1210 χρόνους
3630 1138 3702 1193 τὸ

2108 1233 2220 1285 πᾶν
2259 1231 2410 1296 ἔθνος
2459 1232 2566 1286 τῶν
2609 1232 2900 1296 Ἰουδαίων,
2945 1231 3126 1286 οὐκέτι
3173 1233 3240 1286 ἐκ
3280 1231 3373 1286 δύο
3405 1231 3702 1302 βασιλειῶν,

2105 1323 2470 1397 διῃρημένων.
2506 1325 2599 1379 Διὸ
2643 1325 2740 1378 καὶ
2766 1325 2969 1396 ὁμοίως
2994 1325 3290 1396 ἐκήρυττεν
3328 1326 3358 1378 6
3401 1323 3592 1397 Σωτὴρ
3630 1324 3700 1379 τὸ

2107 1415 2439 1484 Εὑαγγέλιον
2470 1416 2570 1487 τῆς
2599 1415 2895 1486 βασιλείας,
2936 1415 3030 1468 καὶ
3058 1417 3138 1478 είς
3172 1415 3351 1489 πάσας
3375 1414 3477 1479 τὰς
3517 1413 3699 1484 φυλὰς

2107 1507 2290 1562 αὐτῶν
2317 1509 2443 1573 τοὺς
2478 1507 2677 1562 ἐαυτοῦ
2714 1507 2962 1580 μαθητὰς
2999 1507 3401 1573 ἐξαπέστειλεν.
3460 1507 3699 1575 Ἰούδας

2100 1601 2402 1667 βασιλεύς
2445 1620 2593 1671 μου,
2641 1601 2824 1656 Μωὰϐ
2869 1600 3052 1668 λέϐης
3115 1599 3229 1670 τῆς
3267 1598 3517 1666 ἐλπίδος
3545 1617 3695 1669 μου.

2106 1693 2325 1749 Τούτων
2355 1695 2431 1760 δὲ,
2457 1696 2643 1766 φησὶν,
2671 1693 2730 1749 ἐν
2757 1693 2993 1766 πρώτοις
3029 1695 3123 1748 καὶ
3153 1695 3212 1748 ἐν
3255 1694 3397 1764 ἀρχῇ
3430 1693 3528 1764 τῆς
3553 1691 3698 1764 κλήτ

2108 1804 2248 1850 σεως
2302 1787 2910 1860 παραλαμϐανομένων,
2958 1787 3078 1842 οὐδὲ
3117 1788 3168 1840 οἱ
3213 1786 3322 1840 τῶν
3375 1785 3699 1855 ἀλλοφύλων

415 1871 718 1942 excipiam:
775 1874 829 1929 id
889 1875 1038 1948 enim
1087 1893 1271 1961 spero.
1299 1877 1456 1932 Moab
1505 1880 1638 1934 lebes
1699 1883 1808 1949 spei
1855 1899 1998 1957 mea;

2110 1881 2328 1953 χείρους
2351 1881 2620 1952 ἁλλότριοί
2646 1899 2746 1952 μου
2777 1883 3222 1952 καταστήσονται,
3247 1878 3383 1934 ἀλλὰ
3408 1878 3503 1932 καλ¹
3530 1877 3700 1933 αὐτὸν

411 1962 634 2018 Clarius
687 1972 872 2020 autem
923 1976 979 2021 et
1028 1968 1274 2038 apertius
1326 1969 1443 2025 haec
1491 1969 1832 2043 interpretati
1883 1983 1998 2029 sunl

2113 1975 2317 2028 ἐκεῖνον
2349 1973 2439 2028 τὸν
2476 1974 2669 2037 Μωὰϐ,
2699 1973 2810 2028 τὸν·
2838 1973 3282 2044 ἀπηγορευμένον
3322 1970 3704 2043 παραϐάλλειν,

410 2053 608 2124 Aquila
641 2063 697 2111 et
723 2057 916 2134 quinta
942 2059 1140 2146 editio,
1163 2061 1252 2131 his.
1272 2063 1469 2128 verbis,
1496 2062 1656 2143 Moab
1691 2066 1825 2146 lebes
1863 2067 2010 2123 lava-

2110 2068 2192 2131 εἰς
2228 2067 2552 2137 Ἐκκλησίαν
2575 2067 2780 2139 Κυρίου
2810 2067 3190 2140 προσλήψομαι
3220 2065 3315 2119 καὶ
3338 2063 3696 2134 ὑποδέξομαι.

412 2151 488 2201 eri
542 2151 684 2225 mei;
736 2145 789 2205 id
828 2160 934 2213 est,
978 2141 1369 2226 receptaculum
1410 2141 1610 2212 lavacri
1662 2143 1800 2224 mei;
1849 2145 1998 2232 Sym-

2110 2158 2281 2212 Τοῦτο
2322 2159 2428 2230 γὰρ
2465 2157 2687 2222 ἐλπίζω.
2715 2157 2903 2212 Μωὰϐι
2921 2157 3105 2225 λέϐης
3132 2156 3244 2226 τῆς
3267 2154 3516 2222 ἐλπίδος
3545 2172 3696 2224 μου.

411 2241 642 2298 machus
702 2258 855 2310 vero,
888 2241 1037 2309 Erit,
1077 2244 1277 2315 inquit,
1311 2245 1472 2301 Moab
1523 2248 1658 2304 lebes
1705 2251 2006 2306 securitatis

411 2345 563 2384 meat.
600 2318 804 2386 Verum
858 2319 1081 2388 memini
1120 2335 1398 2393 audivisse
1424 2353 1511 2393 me
1539 2354 1570 2393 a
1610 2325 1846 2409 quodam
1894 2339 2003 2398 He-

411 2422 584 2486 braeo,
618 2424 722 2478 sub
751 2435 966 2480 secreto
997 2426 1054 2480 in
1078 2426 1192 2505 haec
1222 2427 1338 2483 loca
1366 2429 1692 2484 sententiam
1716 2431 1998 2488 tradente:

413 2515 505 2586 qui
529 2515 616 2572 his
647 2518 877 2588 mystice
900 2518 1171 2575 declarari
1195 2521 1416 2580 dicebat
1449 2521 1652 2580 Christi
1689 2527 1999 2594 generatio-

411 2623 535 2662 nem
588 2609 890 2664 secundum
937 2626 1185 2684 carnem,
1207 2628 1375 2685 quam
1417 2629 1446 2669 a
1477 2631 1677 2686 genere
1710 2615 1868 2671 Moab
1904 2631 2000 2686 per

410 2699 559 2756 Ruth
581 2701 932 2778 Moabitidem
953 2698 1275 2776 assumpsit,
1296 2721 1362 2762 ex
1378 2701 1772 2776 qua'oriundus
1795 2715 1878 2762 est
1904 2723 1997 2763 rex

409 2792 603 2868 David,
661 2795 822 2865 cujus
878 2811 947 2862 ex
995 2798 1204 2873 semine
1247 2797 1502 2854 Christus
1538 2799 1633 2855 Dei
1694 2799 1994 2856 secundum

410 2899 632 2940 carnem
660 2886 880 2962 genitus
912 2895 1017 2950 est,
1053 2888 1147 2958 qui
1180 2888 1344 2944 etiam
1375 2891 1441 2944 ad
1468 2888 1697 2945 Joannis
1723 2890 1995 2961 baptisma

407 2985 464 3033 et
513 2978 580 3033 ad
623 2972 907 3034 lavacrum
939 2979 1197 3038 Jordanis
1231 2982 1487 3038 accessit.
1523 2981 1685 3037 Moab
1714 2983 1848 3037 lebes
1884 2985 1995 3053 spei

407 3083 555 3142 meaz.
589 3065 688 3122 His
734 3084 971 3140 quoque.
1021 3079 1080 3124 ut
1110 3054 1327 3126 videtur
1353 3072 1507 3137 mihi,
1545 3073 1718 3144 gratia
1751 3073 1994 3128 vocatio-

406 3159 496 3235 nis
538 3158 698 3213 Moab
735 3175 766 3215 a
800 3159 912 3216 Deo
973 3162 1330 3232 promittitur,
1365 3178 1476 3217 non
1511 3165 1620 3220 alio
1645 3165 1810 3219 modo
1834 3181 1991 3235 pera-

2107 2249 2440 2320 Λευκότερον
2465 2249 2522 2303 δέ
2553 2248 2647 2302 καὶ
2674 2248 3002 2321 σαφέστερον
3027 2248 3124 2319 τὴν
3151 2247 3388 2300 διάνοιαν
3413 2246 3699 2318 ήρμήνευέ

2108 2358 2201 2394 σεν
2226 2343 2256 2395 6
2291 2340 2522 2404 Ἀκύλας
2569 2341 2666 2394 καὶ
2704 2343 2738 2411 ή
2781 2341 3006 2412 πέμπτη
3045 2339 3284 2403 ἐκδοσις’
3329 2339 3460 2408 παρ’
3492 2331 3576 2401 οἷς
3611 2338 3696 2400 εί-

2105 2453 2291 2507 ρηται,
2319 2433 2501 2488 Μωὰϐ
2519 2431 2702 2502 λέϐης
2715 2432 2824 2487 τοῦ
2841 2431 3099 2501 λουτροῦ
3114 2449 3256 2500 μου,
3284 2429 3561 2490 τουτέστι,
3592 2428 3697 2483 δο-

2102 2527 2270 2596 χεῖον
2315 2528 2424 2582 τοῦ
2465 2524 2724 2593 λουτροῦ
2752 2541 2901 2593 μου·
2930 2525 2959 2576 6
2991 2523 3049 2577 δὲ
3093 2523 3412 2593 Σύμμαχος,
3449 2523 3692 2587 Ἔσται,

2101 2621 2288 2690 φησὶν,
2339 2623 2373 2675 ὁ
2420 2620 2602 2674 Μωὰϐ
2648 2617 2836 2686 λέϐης
2891 2616 3244 2687 ἀμεριμνίας
3278 2633 3416 2685 μου.
3465 2610 3601 2669 Οἶδα
3632 2613 3694 2668 δὲ

2100 2711 2212 2781 ἐγὼ
2252 2711 2492 2775 ἀκούσας
2520 2711 2678 2779 λόγον
2708 2711 2766 2764 ἐν
2790 2711 3087 2782 ἀπορρήτῳ
3117 2706 3556 2779 παραδεδομένον
3583 2704 3696 2760 ὑπό

2096 2821 2244 2867 τινος
2272 2803 2523 2876 Ἑϐραίου
2544 2805 2625 2867 είς
2645 2803 2772 2867 τοὺς
2790 2803 2988 2866 τόπους
3009 2819 3024 2840 ι
3051 2799 3326 2872 μυστικῶς
3347 2799 3455 2870 γὰρ
3481 2797 3694 2867 ἔφασκε

2096 2895 2386 2969 δηλοῦσθαι
2418 2896 2508 2951 διὰ
2545 2896 2656 2950 τῶν
2689 2895 3066 2968 προκειμένων
3090 2895 3191 2966 τὴν
3213 2892 3354 2946 κατά
3384 2892 3567 2964 σάρκα
3593 2890 3693 2946 τοῦ

2095 2990 2333 3062 Χριστοῦ
2374 2990 2628 3061 γέννησιν
2654 2989 2762 3043 ἀπὸ
2808 2987 2904 3042 τοῦ
2949 2986 3140 3056 γένους
3161 2984 3256 3039 τοῦ
3299 2983 3476 3038 Μωάό
3512 2999 3695 3051 παρα-

2094 3080 2394 3151 ληφθεῖσαν
2432 3081 2526 3136 διὰ.
2559 3082 2660 3153 τὴν
2705 3080 2986 3135 Μωαϐῖτιν
3027 3077 3206 3143 Ῥοὺθ,
3250 3077 3343 3146 ἀφ’
3369 3071 3439 3149 ἦς
3475 3075 3693 3145 γίνεται

2095 3175 2193 3228 καὶ
2215 3173 2377 3227 Δαυῒδ
2395 3176 2423 3228 6
2449 3173 2721 3244 βασιλεὺς,
2751 3167 2811 3228 οὗ
2833 3175 2898 3227 ἐκ
2919 3172 3232 3243 σπέρματος
3253 3170 3316 3223 τὸ
3339 3168 3485 3223 κατὰ
3507 3169 3693 3242 σάρκα

406 3249 606 3321 genda,
629 3251 734 3324 nisi
758 3266 852 3327 per
867 3253 1141 3328 lavacrum
1161 3239 1612 3324 regenerationis.
1633 3255 1770 3310 Cum
1801 3255 1993 3313 Moabo

2101 3269 2124 3321 6
2151 3266 2386 3337 Χριστὸς
2415 3239 2511 3319 τοῦ
2531 3265 2671 3320 Θεοῦ
2703 3239 3044 3336 γεγέννηται,
3066 3239 3107 3318 -6
3136 3263 3230 3316 καὶ
3257 3262 3350 3315 ἐπὶ
3369 3261 3466 3315 τοῦ
3504 3239 3690 3317 Ἰωάν-

408 3333 540 3396 talia
580 3342 854 3420 promissa
891 3344 1021 3407 sint,
1051 3344 1206 3420 paria
1233 3345 1301 3400 de
1341 3345 1570 3416 reliquis
1618 3347 1871 3415 gentibus
1897 3362 1992 3403 co-

407 3435 628 3506 gitanda
673 3436 834 3493 nobis
871 3436 1154 3507 relinquit.
1189 3435 1324 3491 Nam
1355 3452 1479 3492 cum
1511 3438 1799 3509 prophetia
1843 3438 1991 3495 Moa-

406 3528 550 3584 bitas
593 3528 866 3604 admittat,
919 3529 1013 3600 qui
1059 3529 1191 3584 olim
1252 3529 1549 3600 proscripti
1596 3539 1786 3597 erant;
1819 3534 1997 3600 mani-k

408 3622 607 3695 festum
637 3630 722 3679 est
755 3638 854 3693 per
889 3616 1011 3679 illos
1035 3623 1252 3701 caeteris
1283 3622 1412 3678 item
1446 3624 1700 3694 gentibus
1731 3639 1855 3679 eum
1891 3625 1991 3682 bo-

406 3728 533 3767 nam
563 3729 715 3783 spem
742 3715 1038 3770 ascribere.
1086 3704 1088 3706 ’
1323 3701 1325 3703 ’

2097 3375 2188 3412 νου
2230 3356 2515 3429 βάπτισμα
2555 3359 2649 3411 καὶ
2675 3358 2736 3412 τὸ
2773 3357 2995 3429 λουτρὸν
3027 3356 3088 3409 τὸ
3118 3357 3176 3408 ἐν
3205 3353 3281 3424 τῷ
3315 3351 3556 3425 Ἰορδάνῃ
3581 3369 3690 3406 πα-

2097 3449 2425 3520 ρεληλυθώς.
2475 3450 2658 3504 Μωὰϐ
2685 3450 2870 3517 λέϐης
2921 3447 3030 3517 τῆς
3062 3445 3307 3512 ἐλπίδος
3336 3461 3481 3514 μου.
3525 3444 3692 3496 Δοκεῖ

2097 3560 2188 3614 μοι
2213 3544 2242 3595 6
2271 3542 2402 3606 Θεὸς
2434 3543 2523 3596 διὰ
2559 3543 2762 3597 τούτων
2807 3543 2902 3596 καὶ
2938 3540 3017 3612 τῷ
3042 3538 3216 3594 Μωὰϐ
3253 3534 3691 3604 ἐπαγγέλλεσθαι

2094 3633 2195 3705 τὴν
2223 3635 2384 3706 χάριν
2402 3635 2501 3705 τῆς
2533 3633 2798 3705 κλήσεως,
2828 3633 2928 3686 οὐκ
2950 3631 3124 3694 ἄλλως
3145 3628 3178 3700 ἢ
3203 3627 3292 3682 διὰ
3316 3625 3418 3696 τῆς
3438 3625 3536 3679 τοῦ
3569 3623 3695 3678 λου-

2093 3726 2228 3798 τρθῦ
2263 3726 2702 3795 παλιγγενεσίας.
2745 3724 2995 3778 Ἐπειδὰν
3026 3721 3084 3774 δέ
3123 3719 3204 3790 τῷ
3244 3718 3422 3773 Μωὰϐ
3466 3715 3694 3770 τοιαῦτα

407 3806 829 3888 ἐπαγγέλληται,
856 3809 988 3878 ἡμῖν
1009 3809 1413 3890 καταλιμπάνει
1437 3812 1576 3863 νοεῖν
1606 3810 1700 3863 καὶ
1725 3809 1854 3881 περὶ
1883 3812 1992 3867 τῶν
2019 3814 2221 3871 λοιπῶν
2247 3819 2416 3872 ἐθνῶν
2444 3819 2513 3873 τὰ
2549 3819 2730 3890 ὃμοια.
2793 3818 2923 3870 Ὅτε
2978 3814 3088 3886 γὰρ
3127 3815 3160 3884 ἡ
3204 3809 3512 3883 προφητεία
3562 3808 3692 3872 τοὺς

407 3893 705 3977 Μωαϐίτας
743 3901 1048 3971 προσίεται,
1097 3902 1224 3982 τοὺς
1271 3903 1440 3983 πάλαι
1488 3903 1991 3977 ἀπηγορευμένους,
2022 3911 2317 3988 δῆλον,’ὅτι
2360 3915 2427 3968 δι’
2478 3915 2700 3968 ἐκείνων
2740 3914 2836 3967 καὶ
2882 3913 2995 3974 τοῖς
3034 3909 3236 3972 λοιποῖς
3287 3907 3498 3960 ἔθνεσιν
3547 3904 3690 3973 ἀγαφ

409 3974 507 4070 θάς
534 3992 753 4058 ἐλπίδας
779 3995 1107 4066 ὑπογράφει.

477 4081 644 4138 Vens.
672 4086 851 4141 H-li.
878 4086 943 4140 In
964 4085 1264 4162 Idumazam
1279 4091 1566 4145 extendam
1587 4092 2000 4151 calceamentum

406 4193 602 4243 meum,
634 4177 762 4233 mihi
797 4179 1103 4255 alienigena:
1123 4181 1324 4236 subditi
1341 4194 1486 4241 sunt.
1506 4184 1639 4251 Quis
1667 4187 1887 4242 deducet
1917 4205 1999 4244 me

405 4271 463 4350 in
509 4270 773 4348 civitatem
813 4273 1156 4349 munitionis;
1183 4285 1275 4329 aut
1311 4276 1427 4346 quis
1461 4276 1678 4332 deducet
1707 4297 1788 4337 me
1830 4298 1997 4354 usque

405 4363 463 4415 in
503 4361 844 4420 Idumazam?
888 4364 1077 4420 Nonne
1113 4360 1190 4432 tu,
1235 4369 1325 4438 qui
1364 4371 1605 4439 repulisti
1639 4389 1768 4438 nos,
1806 4384 1855 4428 et
1890 4392 1995 4430 non

406 4456 712 4527 egredieris,
777 4457 938 4522 Deus,
987 4459 1045 4512 in
1098 4459 1381 4514 uirtutibus
1422 4465 1664 4520 nostris?
1713 4465 1798 4520 Da
1843 4467 1992 4522 nobis

2183 4094 2312 4147 Ἐπὶ
2344 4093 2458 4161 τὴν
2495 4092 2826 4159 Ἰδουμαίαν
2846 4085 3108 4143 ἐπιϐαλῶ
3132 4087 3199 4142 τὸ
3235 4087 3522 4158 ὑπόδημά
3543 4106 3686 4158 μου,

2099 4183 2229 4255 ἐμοὶ
2259 4183 2598 4251 ἀλλόφυλοι
2645 4179 3055 4250 ὑπετάγησαν.
3103 4179 3200 4243 Τίς
3240 4178 3460 4243 ἀπάξει
3493 4196 3566 4248 με
3599 4182 3692 4246 είς

2101 4277 2284 4329 πόλιν
2308 4272 2614 4342 περιοχῆς,
2637 4272 2676 4341 ἣ
2705 4273 2798 4336 τίς
2816 4270 3104 4340 ὁδηγήσει
3129 4287 3206 4340 με
3224 4269 3336 4335 ἕως
3364 4269 3478 4339 τῆς
3514 4271 3691 4340 Ἰδου-

2095 4367 2280 4437 μαίας
2302 4381 2320 4429 ;
2343 4365 2490 4434 Οὐχὶ
2519 4368 2552 4418 ό
2579 4363 2973 4431 ἀπωσάμενος
2996 4359 3174 4431 ἡμᾶς,
3191 4360 3289 4414 καὶ
3309 4363 3422 4415 οὐκ
3445 4361 3690 4426 ἐξελεύ-

2099 4475 2206 4530 an,
2242 4463 2274 4513 ὁ
2303 4457 2468 4524 Θεὸς,
2498 4458 2569 4511 ἐν
2615 4455 2744 4523 ταῖς
2769 4453 3104 4522 δυνάμεσιν
3142 4452 3349 4522 ημῶν;
3393 4452 3506 4519 Δὸς
3541 4452 3690 4522 ἡμῖν

409 4550 671 4604 auxilium
708 4550 773 4606 de
808 4551 1168 4619 tribulatione,
1198 4564 1249 4608 et
1277 4572 1414 4609 vana
1439 4557 1588 4611 salus
1621 4557 1870 4615 hominis.
1924 4559 1991 4615 In

2101 4553 2388 4619 βοήθειαν
2413 4553 2483 4604 ἐκ
2508 4551 2787 4618 θλίψεως,
2814 4546 2912 4600 καὶ
2932 4546 3153 4616 ματαία
3174 4546 3437 4615 σωτηρία
3465 4545 3688 4627 ἀνθρώ-

409 4641 518 4696 Deo
553 4642 808 4712 faciemus
851 4645 1118 4711 virtutem,
1153 4656 1204 4701 et
1241 4647 1353 4715 ipse
1390 4648 1464 4702 ad.
1497 4649 1724 4703 nihilum
1773 4651 1992 4707 deducet

409 4733 726 4790 tribulantes
751 4753 867 4792 nos.
900 4735 959 4792 ιιι
988 4746 1095 4802 est,
1118 4739 1428 4794 Ascendam
1457 4750 1513 4795 et
1538 4742 1830 4798 ambulabo
1852 4744 1993 4800 inter

409 4836 621 4897 gentes.
652 4825 873 4883 ldumwi
905 4844 1144 4901 namque
1175 4831 1244 4885 ab
1279 4830 1426 4887 Esau
1458 4833 1551 4887 illo
1573 4849 1744 4893 exoso
1771 4835 1990 4892 oriundi

409 4926 589 4982 erant,
613 4918 682 4973 de
705 4934 819 4990 quo
846 4921 1053 4976 dictum
1081 4931 1168 4979 est
1211 4944 1225 4974 :
1273 4922 1465 4980 Nonne
1493 4926 1660 4995 frater
1689 4937 1804 4987 erat
1844 4928 1993 4984 Esau

409 5009 1014 5073 lacob.dicitDominus
1029 5017 1114 5072 ⁸³2
1162 5027 1217 5072 et
1241 5015 1407 5072 Iacob
1433 5019 1620 5086 dilexi,
1645 5019 1795 5078 Esau,
1814 5031 1988 5078 autem

408 5105 528 5159 odio
545 5105 785 5162 habui“.
810 5106 1110 5164 Extendam
1129 5109 1312 5182 igitur,
1332 5112 1528 5183 inquit,
1559 5114 1993 5171 calceamentum

409 5211 612 5261 meum,
637 5213 747 5257 non
772 5199 1009 5269 amplius
1057 5201 1114 5255 in
1144 5201 1331 5266 Israel,
1361 5219 1473 5259 non
1515 5205 1569 5258 in
1608 5203 1850 5261 Iudaeam
1880 5214 1995 5262 ter-

410 5303 546 5352 ram,
575 5303 687 5344 non
716 5289 772 5343 in
799 5287 1138 5364 Jerosolyma
1170 5303 1404 5360 tantum,
1441 5297 1537 5352 sed
1565 5299 1619 5351 in
1643 5298 1789 5352 illam
1813 5300 1989 5370 ipsam

412 5380 656 5435 odiosam
685 5383 985 5453 regionem.
1016 5385 1321 5441 Ascendam
1361 5389 1546 5458 itaque
1592 5389 1659 5443 ad
1709 5389 1835 5447 illos
1863 5392 1992 5446 olim

412 5470 682 5536 inimicos,
721 5482 884 5543 atque
927 5490 1023 5531 eos
1059 5479 1361 5533 amicorum
1419 5481 1539 5535 loco
1573 5480 1804 5538 habebo.
1851 5482 1992 5544 Mihi,

411 5561 714 5631 alienigena:
741 5565 940 5620 subditi
963 5577 1106 5622 sunt.
1141 5567 1250 5623 Pro
1277 5586 1388 5641 quo
1412 5571 1605 5640 Aquila
1637 5573 1857 5642 quidem
1888 5575 1982 5638 ait,

413 5647 544 5706 Cum
598 5652 927 5713 Philisthaais
983 5660 1276 5714 amicitiam
1327 5661 1504 5725 inibo;
1559 5664 1747 5734 quinta
1804 5673 1990 5739 autem.

481 5808 526 5861 θ’
562 5808 789 5877 Malach.
827 5831 876 5870 ι.
913 5815 965 5869 2.
1041 5817 1085 5848 ⁸³
1125 5816 1257 5873 ibid.
1295 5818 1346 5871 ’5.

2096 4661 2238 4700 που.
2278 4645 2375 4697 Ἑν
2399 4643 2480 4708 τῷ
2511 4641 2633 4708 Θεῷ
2675 4639 3012 4709 ποιήσομεν
3050 4639 3329 4708 δύναμιν,
3371 4639 3470 4691 καὶ
3500 4638 3687 4706 αὐτὸς

2094 4733 2491 4812 ἐξουδενῴσει
2560 4734 2702 4798 τοὺς
2754 4731 3070 4796 θλίϐοντας
3135 4729 3314 4799 ἡμᾶς.
3374 4729 3685 4807 Τουτέστιν,

2111 4826 2478 4898 Ἐπιϐήσομαι
2500 4825 2595 4878 καὶ
2636 4823 3073 4896 ἐμπεριπατήσω
3113 4825 3228 4886 τοῖς
3259 4823 3493 4878 ἔθνεσιν.
3528 4822 3688 4896 Ἰδου-

2100 4924 2252 4994 μαῖοι
2279 4918 2389 4990 γάρ
2417 4914 2559 4989 ἦσαν
2582 4918 2630 4970 οἱ
2664 4916 2772 4971 ἀπὸ
2803 4915 2893 4969 τοῦ
2922 4915 3299 4986 μεμισημένου
3330 4914 3528 4993 Ἤσαῦ,
3557 4917 3688 4988 περὶ

2095 5010 2156 5082 οὗ
2191 5012 2442 5066 λέλεκται
2463 5027 2478 5041 ο
2517 5012 2638 5065 Οὐκ
2689 5008 2952 5080 ἀδελφὸς
2975 5004 3054 5080 ἦν
3093 5009 3278 5064 Ἠσαῦ
3316 5009 3423 5063 τοῦ
3452 5007 3688 5072 Ἱακώϐ;

2095 5106 2259 5174 λέγει
2288 5104 2536 5171 Κύριοςο
2577 5102 2692 5167 καὶ,
2730 5100 2840 5156 Τὸν
2877 5099 3076 5154 Ἰακὼϐ
3099 5099 3414 5170 ἠγάπησα,
3449 5100 3559 5154 τὸν
3620 5099 3688 5153 δὲ

2107 5198 2292 5256 Ἠσαῦ
2347 5197 2634 5266 ἐμίσησα.
2689 5194 2964 5249 Ἐπιθαλῶ
3003 5189 3118 5262 οὖν,
3158 5194 3314 5266 φησὶ,
3344 5195 3405 5248 τὸ
3432 5193 3686 5270 ὑπόδημὰ

2096 5311 2224 5364 μου,
2256 5290 2440 5345 οὐκέτι
2467 5290 2559 5343 ἐπὶ
2592 5306 2682 5353 τον
2729 5287 2962 5358 Ἰσραὴλ,
3002 5288 3122 5340 οὐδὲ
3161 5288 3256 5340 ἐπὶ
3292 5287 3391 5360 τὴν
3427 5287 3686 5354 Ἰουδαίας

2101 5388 2226 5458 γῆν,
2255 5385 2378 5460 οὐδὲ
2397 5383 2491 5440 ἐπὶ
2524 5382 2662 5453 μόνα
2706 5382 2775 5434 τὰ
2812 5378 3184 5450 Ἰεροσόλυμα,
3219 5379 3334 5432 ἀλλ’
3389 5380 3476 5446 ἐπ’
3514 5378 3685 5450 αὐτὴν

2095 5478 2312 5548 ἐκείνην
2361 5476 2462 5547 τὴν
2503 5473 2599 5527 τοῦ
2642 5470 3019 5543 μεμισημένου
3061 5469 3265 5543 χώραν.
3321 5469 3684 5552 Ἐπιϐήισομαι

2095 5565 2189 5624 οὖν
2217 5571 2330 5633 τοῖς
2356 5566 2525 5621 πάλαι
2555 5565 2791 5636 ἐχθροῖς,
2823 5565 2882 5615 ἐν
2921 5561 3075 5632 χώρα
3135 5561 3304 5630 φίλων
3329 5562 3683 5628 κατατάσσωιι

2095 5660 2311 5725 αὐτούς.
2369 5658 2524 5730 Ἐμοί
2565 5658 2904 5728 ἀλλόφυλοι
2938 5652 3353 5734 ὑπετάγησαν.
3401 5653 3542 5724 ’ΛνθῘ
3572 5647 3681 5724 0ὖέ
