4102 6382
367 369 511 425 1553

1458 351 1961 410 COMMENTARIA
1995 349 2059 403 IN
2099 348 2440 405 PSALMOS.

3469 344 3606 398 1334

370 485 470 556 μὲν
507 480 737 545 Ἀκύλας
767 478 952 549 φησιν,
999 474 1131 531 Ἐπὶ
1171 470 1573 537 Φυλισταίους
1601 482 1932 534 συνεταιρι-
1959 516 1965 526 ,

2067 465 2237 528 ditio,
2289 463 2430 534 apud
2481 463 2774 534 allophglos
2823 460 3153 523 honorabor;
3223 459 3615 529 quinquagesi-

366 571 671 641 σθήσομαι
688 588 702 601 ·
742 571 776 640 ή
798 567 857 620 δὲ
882 566 1104 638 πέμπτη
1119 563 1349 625 ἐκδοσις,
1382 559 1507 612 Ἐπὶ
1520 558 1661 625 τοὺς
1674 556 1936 625 ἀλλοφύ-

367 665 518 727 λους
540 657 1014 730 ὲντιμωθήσομαι
1030 671 1044 686 ⁸
1076 658 1105 708 ὁ
1130 653 1188 707 δὲ
1218 652 1291 706 νθ¹
1314 651 1545 722 ψαλμὸς,
1587 647 1741 718 Ἐμοὶ
1758 645 1941 701 ἁλλό⁶

370 756 552 821 φυλοι
588 749 994 819 ὑπετάγησαν.
1050 742 1306 807 Γνώσεως
1349 743 1407 795 δὲ
1449 739 1584 795 Θεοῦ
1635 741 1729 793 καὶ
1759 736 1938 807 φιλίας

372 847 468 899 καὶ
507 843 778 915 ἑταιρείας
821 841 914 894 καὶ
967 838 1187 907 ἀγάπης
1234 838 1456 907 σημεῖον
1503 833 1562 885 τὸ
1606 830 1940 899 ὑποταγῆναι

373 936 522 1007 αὑτῷ
549 936 673 998 τοὺς
712 932 879 987 πάλαι
920 927 1344 989 ἀνυποτάκτους,
1370 922 1466 977 καὶ
1504 920 1811 991 ἀλλοτρίους
1848 919 1943 990 μὲν

376 1028 470 1082 τοῦ
511 1026 670 1092 Θεοῦ,
703 1023 1044 1095 ὑποχειρίους
1073 1020 1130 1074 δὲ
1151 1017 1366 1090 δαίμοσι
1393 1017 1665 1087 πονηροῖς.

516 1139 625 1192 ΕΙΣ
644 1138 731 1191 ΤΟ
763 1135 1002 1201 ΤΕΛΟΣ,
1015 1130 1304 1186 ΨΑΛΜΟΣ
1327 1130 1414 1200 Τῼ
1427 1127 1642 1182 ΔΔΥΙΔ.
1677 1122 1804 1179 PH'.

454 1231 509 1281 '0
544 1229 707 1295 Θεὸς,
749 1226 863 1293 τὴν
908 1223 1146 1279 αινεσίν
1169 1239 1290 1291 μου
1330 1218 1416 1290 μὴ
1448 1213 1941 1287 παρασιωπήσῃς⁸

375 1323 466 1377 ὅτι
506 1325 701 1392 στόμα
744 1315 1094 1390 ἀμαρτωλοῦ
1123 1314 1222 1368 καὶ
1257 1313 1452 1382 στόμα
1491 1308 1699 1364 δολίου
1728 1307 1820 1359 ἐπ’
1843 1303 1949 1374 ἐμὲ

374 1412 651 1482 ἠνοίχθη.
706 1407 1049 1475 Ἐλὰλησαν
1096 1403 1219 1457 κατ’
1280 1399 1426 1471 ἐμοῦ
1454 1397 1700 1469 γλώσσῃ
1753 1393 1946 1461 δολία,

377 1503 477 1557 καὶ
498 1503 701 1571 λόγοις
709 1500 931 1570 μίσους
946 1494 1307 1550 ἐκύκλωσαν
1326 1507 1425 1562 με,
1443 1489 1541 1543 καί
1564 1483 1950 1557 ἐπολέμησαν

375 1614 449 1666 με
497 1592 743 1663 δωρεάν.
800 1587 1053 1660 Συνήθως
1076 1586 1169 1640 καὶ
1194 1586 1251 1637 ὲν
1270 1582 1444 1653 τούτῳ
1468 1580 1587 1635 ἀντὶ
1609 1577 1726 1641 τοῦ,
1768 1580 1853 1642 είς
1884 1584 1949 1629 το

378 1685 573 1750 τέλος,
629 1684 658 1736 ὁ
712 1683 807 1754 μὲν
848 1678 1099 1746 Ἀκύλας,
1145 1675 1227 1741 τῷ
1262 1670 1567 1737 νικοποιῷ,
1620 1668 1911 1724 ἐκδέδωκεν
1933 1682 1947 1696 ι

328 1778 331 1781 ’
377 1781 408 1832 ὁ
459 1778 517 1832 δὲ
559 1776 856 1847 Σύμμαχος
904 1771 1202 1827 ἐπινίκιον
1259 1765 1479 1838 εἴρηκε·
1541 1761 1823 1835 μονονουχὶ
1877 1759 1954 1813 δι-

377 1871 669 1931 δάσκοντος
703 1867 849 1937 ἡμᾶς
873 1862 967 1919 τοῦ
989 1862 1147 1931 ἁγίου
1169 1857 1307 1913 Πνεύ
1318 1872 1503 1929 ματος,
1533 1856 1613 1908 ὅτι
1640 1852 1704 1924 δὴ
1725 1853 1816 1906 ὲπὶ
1843 1852 1957 1913 τοῖς

381 1961 668 2023 ἐπινικίοις
692 1958 785 2011 τοῦ
820 1954 1070 2025 Σωτῆρος
1106 1950 1283 2023 ἡμῶν,
1317 1948 1410 2005 καὶ
1446 1948 1557 2009 τοῖς
1583 1946 1724 2001 κατὰ
1746 1941 1839 1995 τοῦ
1865 1940 1960 1995 θα-

381 2054 541 2112 νάτου
593 2050 900 2123 τροπαίοις,
942 2046 1033 2100 καὶ
1066 2045 1165 2109 τὰς
1195 2041 1473 2112 παρούσας
1505 2037 1686 2109 φωνὰς
1723 2037 1959 2103 ἐγκατα-

381 2145 560 2213 λέγειν
590 2122 881 2213 προσήκει,
907 2138 964 2194 έν
997 2129 1126 2198 αἷςὸ
1142 2125 1659 2203 ἀνθρώπινοςαὺτοῦ
1689 2122 1961 2196 παρίστα-

380 2212 473 2288 ται
498 2212 760 2304 βίος,ίκαὶ
794 2230 827 2299 ὴ
869 2224 1114 2297 ὑπομονὴ
1149 2222 1256 2277 τῶν
1297 2218 1655 2291 παθημάτων.
1710 2215 1764 2268 '0
1796 2212 1960 2278 Θεὸς,

383 2326 500 2395 τὴν
525 2323 767 2378 αῑνεσίν
798 2338 919 2391 μου
951 2319 1037 2388 μὴ
1078 2312 1590 2387 παρασιωπήσῃς·
1637 2308 1728 2363 ὅτι
1770 2308 1965 2377 στόμα

381 2413 734 2488 ἀμαρτωλοῦ
786 2411 887 2466 καὶ
936 2411 1132 2479 στόμα
1162 2407 1371 2461 δολίου
1416 2403 1509 2457 ἐπ’
1540 2400 1646 2472 ἐμὲ
1688 2398 1960 2469 ἠνοίχθη.

398 2508 742 2576 Ἐλάλησαν
791 2507 918 2560 κατ’
946 2502 1094 2574 ἐμοῦ
1120 2499 1367 2573 γλώσσῃ
1394 2495 1589 2563 δολία,
1624 2492 1722 2548 καὶ
1759 2493 1966 2561 λόγοις

384 2599 601 2666 μίσους
638 2592 998 2650 ἐκύκλωσαν
1028 2610 1120 2663 με,
1168 2591 1267 2646 καὶ
1310 2584 1698 2658 ἐπολέμησαν
1740 2600 1816 2655 με
1857 2584 1968 2635 δω-

383 2688 552 2758 ρεὰν.
605 2688 663 2740 '0
725 2686 917 2756 παρὼν
974 2684 1185 2756 ψαλμδς
1235 2680 1561 2753 ἀναφέρεται
1610 2679 1691 2741 είς
1751 2675 1967 2749 πρόσω-

387 2797 489 2833 πον
536 2777 630 2832 τοῦ
686 2774 947 2848 Χριστοῦ,
976 2775 1065 2845 τὰ,
1083 2772 1229 2843 πάθη
1284 2770 1552 2841 περιέχων
1602 2765 1968 2834 αὐτοῦ.Μαρ-

389 2873 543 2943 τυρεῖ
588 2869 643 2922 δὲ
679 2868 759 2940 τῷ
785 2868 928 2938 λόγῳ
958 2867 992 2938 ἡ
1018 2863 1211 2937 Γραφῆ
1240 2862 1350 2915 τῶν
1381 2859 1642 2931 Πράξεων
1695 2856 1803 2911 τῶν
1835 2856 1971 2909 ἀπο-

393 2962 614 3023 στόλων,
668 2957 795 3011 ἔνθα
843 2960 872 3011 ὁ
912 2955 1137 3025 Πέτρος,
1178 2952 1277 3024 τῆς
1317 2948 1412 3005 τοῦ
1468 2948 1727 3022 προδότου
1801 2944 1971 2999 Ἰούδα

391 3048 718 3112 ἐκπτώσεως
772 3045 1149 3119 μνημονεύσας
1186 3083 1199 3107 ,
1272 3040 1366 3094 καὶ
1408 3037 1741 3112 παραινέσας
1785 3035 1972 3107 ἓτερον

2042 571 2166 612 mus
2215 570 2347 610 vero
2393 569 2576 609 nonus
2624 554 2867 624 psalmus
2900 553 3081 616 habet,
3143 547 3280 603 Mihi
3310 548 3616 619 alienigena:

2043 648 2241 703 subditi
2274 657 2419 702 sunt.
2452 646 2668 702 Notitiaa
2696 661 2827 701 vero
2850 644 2940 699 Dei
2986 652 3041 698 et
3071 642 3326 698 amicitiae
3357 647 3412 695 et
3443 640 3619 695 socie-

2044 743 2174 797 tatis
2200 748 2255 797 et
2285 739 2597 795 dilectionis
2633 739 2847 810 signum
2876 743 2978 801 est,
3005 735 3106 804 ipsi
3138 733 3335 803 subiici
3376 746 3495 795 eos,
3521 731 3617 800 qui

2046 834 2174 889 olim
2232 832 2657 902 inobsequentes
2692 839 2746 885 et
2791 828 2901 885 Deo
2932 828 3092 882 alieni
3118 834 3294 891 erant,
3326 823 3619 895 pravisque

2047 923 2388 980 daemonibus
2412 920 2641 977 subditi.

2142 1123 2192 1177 I.
2227 1120 2294 1177 IN
2323 1114 2889 1183 FINEM,PSALMUS
2919 1112 3045 1167 IPSI
3080 1108 3304 1165 DAVID.
3336 1107 3517 1163 CVIII.

2122 1212 2290 1269 Vsus.
2321 1212 2377 1279 2,
2407 1213 2460 1267 5.
2497 1211 2659 1272 Deus,
2686 1206 2898 1263 laudem
2926 1222 3096 1260 meam
3132 1220 3195 1257 ne
3225 1198 3476 1262 tacueris,
3499 1198 3624 1267 quia

2053 1321 2110 1358 os
2137 1304 2427 1372 peccatoris
2458 1310 2507 1356 et
2544 1317 2603 1355 os
2635 1299 2809 1354 dolosi
2840 1312 2995 1364 super
3023 1311 3103 1348 me
3135 1302 3372 1361 apertum
3395 1299 3491 1343 est.
3523 1270 3643 1339 Le?

2054 1398 2161 1451 cuti
2188 1402 2309 1449 sunt
2343 1393 2619 1448 adversum
2652 1407 2736 1445 me
2768 1389 2948 1463 lingua
2985 1387 3192 1448 dolosa,
3221 1392 3270 1438 et
3303 1377 3627 1436 sermonibus

2056 1487 2167 1541 odii
2200 1483 2653 1540 cireumdcderstnt
2683 1498 2783 1546 me,
2807 1490 2856 1535 et
2879 1483 3303 1549 oppugnaverunt
3330 1489 3412 1527 me
3439 1471 3625 1542 gratis.

2057 1578 2116 1633 In
2155 1579 2258 1633 hoc
2283 1579 2411 1631 item
2436 1575 2504 1631 de
2530 1589 2684 1629 more
2709 1587 2809 1644 pro
2839 1571 2954 1636 illo,
2986 1571 3039 1624 in
3076 1569 3254 1637 ﬁnem,
3287 1563 3487 1636 Aquila
3508 1603 3525 1625 ,
3552 1562 3631 1615 vi-

2058 1675 2240 1727 ctoria:
2281 1668 2506 1731 auctori,
2544 1666 2905 1738 Symmachus
2933 1677 3083 1726 vero,
3121 1656 3455 1728 triumphale,
3509 1653 3630 1710 edi-

2060 1764 2160 1818 dit.
2190 1763 2396 1833 Spiritu
2454 1770 2643 1815 sancto
2696 1764 2910 1813 tantum
2968 1769 3077 1810 non
3136 1752 3370 1809 docente
3408 1762 3534 1812 nos,
3575 1746 3632 1800 in

1988 1834 2033 1887 Β
2059 1851 2480 1923 triumphalibus
2507 1845 2808 1903 Salvatoris
2841 1844 3017 1901 nostri
3038 1849 3093 1898 et
3108 1840 3328 1912 trepreis
3364 1837 3433 1893 de
3460 1842 3635 1891 morte

2061 1946 2253 2019 partis,
2301 1943 2402 1999 bas
2451 1956 2613 1996 voces
2664 1938 2911 2010 proferre
2949 1936 3169 2000 debere,
3200 1933 3257 1989 in
3299 1931 3502 2004 quibus
3533 1929 3635 1982 hu-

2062 2055 2223 2096 mana
2253 2038 2374 2107 ejus
2396 2036 2505 2091 vita
2528 2042 2583 2091 et
2613 2032 2907 2089 tolerantia
2929 2031 3273 2086 cruciatuum
3299 2024 3634 2080 declaratur.

2062 2128 2227 2195 Deus,
2252 2123 2465 2180 laudem
2509 2138 2682 2177 meam
2710 2137 2772 2174 ne
2818 2120 3046 2173 tacueris
3070 2161 3085 2181 ,
3118 2115 3245 2187 quia
3267 2128 3323 2166 os
3348 2105 3637 2180 peccatoris

2062 2229 2113 2275 et
2143 2236 2200 2274 os
2232 2216 2406 2272 dolosi
2431 2230 2587 2282 super
2618 2229 2700 2267 me
2730 2221 2970 2282 apertum
3015 2217 3115 2263 est.
3168 2204 3354 2259 Locuti
3400 2210 3520 2256 sunt
3544 2197 3637 2251 ad-

2064 2326 2269 2367 uersum
2291 2324 2373 2363 me
2404 2307 2586 2378 lingua
2612 2304 2823 2369 dolosa,
2850 2312 2899 2357 et
2922 2298 3251 2357 sermonibus
3272 2295 3381 2349 odii
3411 2294 3638 2348 circum-

2064 2403 2322 2459 dederunt
2365 2415 2465 2465 me,
2498 2409 2547 2453 et
2599 2402 3023 2467 oppugnaverunt
3057 2407 3137 2445 me
3164 2387 3353 2460 gratis.
3393 2382 3642 2437 Praesens

2065 2496 2267 2569 quippe
2297 2458 2544 2566 psalmus
2562 2458 2798 2545 reiertur
2819 2485 2886 2540 ad
2909 2458 3199 2556 personam
3218 2474 3443 2540 Christi,
3458 2478 3642 2543 utpote
3678 2458 3683 2465 ’

2066 2562 2181 2661 qui~
2203 2562 2503 2659 passiones
2551 2581 2674 2651 ejus
2733 2577 3148 2647 complectatur,
3206 2576 3265 2625 ut
3321 2562 3644 2621 testiﬁcatur

2066 2681 2299 2736 Actuum
2320 2674 2694 2748 apostolorum
2712 2670 3016 2740 Scriptura,
3036 2665 3129 2720 ubi
3155 2665 3345 2718 Petrus
3372 2670 3495 2713 cum
3523 2668 3644 2725 pro-

2069 2771 2263 2828 ditoris
2276 2768 2427 2824 Iudae
2444 2770 2655 2839 lapsum
2678 2765 3056 2823 memorasset,
3084 2770 3149 2810 ac
3164 2752 3464 2808 monuisset
3480 2747 3648 2800 alium

2071 2864 2139 2920 ad
2186 2860 2471 2919 duodecim
2498 2837 2899 2931 apostolorum
2948 2863 3235 2907 numerum
3266 2837 3647 2913 complendqu

2072 2955 2352 3031 aggregari
2374 2959 2650 3025 oportere,
2683 2947 2997 3007 testimonio
3027 2958 3165 3000 usus
3195 2946 3279 2996 est
3308 2936 3648 3010 prophetico,

2074 3023 2521 3120 ut'invprazsenti
2561 3044 2775 3116 psalmo
2798 3041 3068 3095 habetur:
3103 3034 3229 3088 Fiat
3254 3028 3512 3085 habitatio
3535 3023 3648 3095 ejus

390 3144 504 3197 δεῖν
547 3138 960 3212 παραληφθῆναι
994 3136 1073 3200 εἰς
1130 3134 1223 3187 τὸν
1250 3131 1359 3187 τῶν
1398 3130 1464 3202 ιβ’
1507 3128 1817 3184 ἀποστόλων
1861 3128 1965 3200 ἀρι-

2075 3144 2306 3206 deserta,
2345 3150 2394 3196 et
2426 3156 2531 3193 non
2557 3138 2627 3193 sit
2664 3135 2756 3206 qui
2796 3131 3053 3187 inhabitet
3094 3128 3147 3182 in
3178 3143 3262 3189 ea,
3303 3131 3350 3178 et
3384 3120 3647 3189 episcopa-

2726 3227 2729 3228 ν
2832 3225 2872 3228 λ-
2941 3223 2952 3228 -
3350 3212 3364 3228 ι
3428 3226 3456 3228 ,_
3507 3206 3647 3228 n_._:

395 3234 552 3305 θμὺν,
606 3231 879 3304 μαρτυρίᾳ
932 3229 1196 3300 κέχρηται
1254 3225 1564 3296 προφητικῇ
1612 3221 1769 3292 ἐντῷ
1835 3237 1974 3292 προ-

393 3324 635 3395 κειμένῳ
674 3322 877 3394 ψαλμῷ
926 3318 1212 3391 φασκούσῃ
1235 3332 1252 3348 '
1279 3313 1598 3384 Γενηθήτω
1634 3314 1674 3381 ἡ
1723 3312 1981 3378 ἔπαυλις

393 3417 581 3473 αὐτοῦ
615 3417 854 3487 ἔρημος,
897 3413 997 3468 καὶ
1018 3410 1106 3483 μὴ
1135 3412 1290 3466 ἔστω
1322 3412 1353 3464 ό
1392 3406 1681 3463 κατοικῶν
1702 3407 1773 3461 ἐν
1802 3404 1978 3475 αὐτῇ,

395 3508 496 3566 καί
544 3507 659 3577 τὴν
700 3503 1046 3577 ἐπισκοπὴν
1108 3501 1293 3557 αὐτοῦ
1343 3499 1514 3555 λάϐοι
1560 3499 1787 3570 ἔτερος·
1841 3496 1982 3551 ὥστε

396 3601 541 3656 κατά
569 3600 668 3670 τὴν
724 3598 935 3670 Πέτρου
988 3592 1336 3650 διδασκαλίαν
1380 3592 1510 3664 περὶ
1550 3589 1647 3644 τοῦ
1687 3589 1858 3647 Ἰούδα
1887 3589 1983 3642 αὑ-

396 3692 495 3765 τὴν
554 3689 757 3762 ταύτην
810 3686 1061 3761 εἰρῆσθαι
1082 3685 1180 3756 τὴν
1210 3683 1415 3757 φωνὴν,
1448 3684 1543 3736 καὶ
1576 3682 1674 3744 τὰς
1699 3680 1894 3744 λοιπὰς
1924 3680 1982 3731 ὲν

398 3784 478 3856 τῷ
501 3781 700 3855 ψαλμῷ
727 3778 1053 3852 φερομένας.
1098 3777 1156 3830 '0
1182 3776 1362 3829 τοίνυν
1388 3772 1579 3846 Σωτὴρ
1609 3771 1697 3827 διὰ
1718 3771 1825 3826 τῶν
1851 3786 1983 3843 προ-

378 3874 669 3949 ,κειμένων
697 3872 998 3949 ἀρχόμενος
1028 3866 1405 3941 ἀνθρωπίνως,
1453 3863 1529 3928 ὡς
1567 3862 1854 3934 γενόμενος
1892 3861 1985 3915 ἄν·

403 3969 645 4041 θρωπος,
695 3964 883 4037 μείνας
911 3962 967 4016 δὲ
1001 3961 1153 4024 Θεὸς,
1195 3959 1331 4029 ὅπερ
1361 3953 1449 4028 ἦν,
1481 3954 1712 4009 ἱκετεύει
1737 3954 1828 4007 τὸν
1866 3954 1986 4006 ἑαυ-

404 4058 500 4114 τοῦ
532 4058 754 4129 Πατέρα
781 4055 856 4127 μὴ
895 4051 1234 4127 κατορθῶσαι
1264 4050 1389 4117 τοὺς
1430 4046 1876 4110 ἐπιϐουλεύοντας
1916 4047 1984 4117 τῇ

406 4149 604 4208 ἑαυτοῦ
660 4148 886 4220 σπουδῇ.
939 4143 1150 4215 Σπουδὴ
1187 4142 1245 4196 δὲ
1290 4138 1456 4197 αὑτοῦ
1505 4141 1654 4194 πᾶσα
1695 4135 1763 4211 ἦν
1794 4137 1985 4192 σϐέσαι

409 4239 510 4311 μὲν
539 4237 599 4302 ἐξ
637 4234 939 4309 ἀνθρώταυν
978 4233 1158 4287 πᾶσαν
1199 4228 1662 4300 εἰδωλολατρείαν,
1694 4228 1897 4282 αἴνεσιν
1930 4228 1986 4282 δὲ

407 4328 482 4400 τῷ
516 4328 695 4399 Πατρὶ
726 4323 1170 4397 καταστήσασθαι
1204 4323 1297 4375 ἐπὶ
1340 4320 1441 4391 τῆς
1470 4322 1606 4395 γῆς’
1636 4319 1665 4372 ὃ
1700 4319 1764 4391 δὴ
1791 4320 1848 4372 ὲν
1874 4318 1990 4372 έτέ-

2080 3247 2192 3290 tum
2233 3233 2347 3301 eius
2403 3231 2631 3301 accipiat
2677 3225 2910 3291 alter";
2941 3223 3015 3276 ita
3062 3228 3121 3275 ut
3162 3212 3464 3273 secundum
3507 3206 3653 3263 Petri

2078 3326 2384 3383 doctrinam
2414 3322 2535 3377 haec
2564 3334 2668 3376 vox
2699 3317 2767 3374 de
2794 3312 2933 3370 Juda
2959 3310 3167 3381 prolata
3192 3305 3286 3369 sit,
3315 3312 3375 3358 ut
3403 3309 3457 3358 et
3496 3305 3641 3355 caete-

2080 3437 2156 3476 rae
2177 3419 2232 3474 in
2260 3419 2366 3472 hoc
2394 3416 2604 3488 psalmo
2635 3424 2928 3482 expressae.
2954 3404 3206 3461 Salvator
3230 3398 3396 3470 igitur
3427 3392 3495 3488 ab
3524 3390 3654 3445 alla-

2081 3513 2157 3569 tis
2175 3509 2406 3567 vocibus
2421 3507 2666 3561 humano
2688 3515 2842 3555 more
2861 3511 3046 3558 orsus,
3067 3497 3255 3562 utpote
3271 3488 3437 3543 homo
3456 3482 3656 3543 iactus,

2083 3617 2312 3660 manens
2362 3608 2545 3654 tamen
2579 3594 2726 3649 Deus
2759 3597 2820 3646 ut
2861 3595 3000 3652 erat,
3039 3583 3253 3639 Patrem
3283 3579 3536 3634 obsecrat
3590 3586 3655 3627 ne

2082 3694 2439 3751 insidiatores
2470 3686 2704 3744 consilio
2732 3698 2834 3739 suo
2861 3679 3133 3744 oﬂiciant;
3160 3670 3454 3729 consilium
3475 3676 3656 3719 autem

2083 3786 2204 3855 ejus
2259 3788 2434 3837 totum
2484 3786 2631 3841 erat,
2681 3783 2743 3831 ut
2798 3790 2868 3829 ex
2924 3767 3245 3826 hominibus
3289 3759 3657 3818 idololatriam

2083 3854 2300 3932 omnem
2349 3872 2746 3941 exstingueret,
2768 3864 2921 3921 Patri
2973 3878 3104 3918 vero
3158 3857 3373 3914 laudem
3415 3854 3473 3908 iu
3513 3860 3659 3907 terra

2085 3965 2443 4021 constitueret
2488 3982 2501 4017 :
2537 3960 2687 4032 quod
2743 3961 2870 4015 item
2898 3954 3049 4013 'alibi
3102 3953 3263 4009 docet
3306 3949 3395 4003 his
3429 3943 3610 3999 verbis
3644 3957 3660 3996 :

2089 4055 2342 4111 Narrabo
2375 4071 2563 4111 nomen
2611 4064 2763 4109 luunt
2792 4049 3051 4123 fratribus
3095 4045 3247 4110 meis,
3274 4042 3328 4096 in
3359 4036 3533 4094 medio.
3561 4033 3661 4088 Ec—

2087 4151 2261 4207 clesiae
2303 4146 2536 4203 laudabo
2583 4147 2712 4203 te".
2748 4146 2851 4213 Qui
2882 4152 3063 4198 autem
3098 4138 3220 4195 vitae
3270 4134 3391 4206 ejus
3433 4126 3665 4185 insidias

2088 4241 2376 4313 parabant,
2432 4253 2650 4294 summo
2699 4234 2882 4292 studio
2934 4230 3255 4302 satagebant
3300 4231 3363 4281 ut
3403 4222 3519 4276 haec
3546 4218 3665 4288 ipsa

2088 4311 2210 4387 laus
2239 4332 2461 4388 silentio
2497 4344 2728 4402 prorsus
2758 4329 3085 4383 mitteretur.
3120 4320 3321 4377 Verum
3350 4324 3434 4380 tu,
3464 4311 3666 4382 inqu“.

412 4438 525 4495 ροις
570 4418 811 4473 διδάσκει
877 4415 1082 4486 λέγων·
1137 4410 1467 4483 Ἀπαγγελῶ
1517 4411 1584 4465 τὸ
1636 4410 1822 4483 ὄνομά
1872 4427 1965 4466 σοι

2091 4427 2273 4490 Pater,
2302 4440 2370 4481 ne
2398 4424 2549 4481 sinas
2587 4422 2800 4479 laudem
2848 4419 3018 4479 taceri
3051 4430 3249 4478 meam,
3272 4425 3394 4482 qua:
3421 4409 3476 4462 in
3506 4405 3667 4460 bono-

410 4511 536 4576 τοῖς
566 4507 849 4579 ἀδελφοῖς
875 4526 1013 4578 μου,
1043 4506 1113 4560 ἐν
1138 4505 1306 4578 μέσῳ
1343 4503 1705 4572 Ἐκκλησίας
1736 4502 1965 4572 ὑμνήσι.

2090 4533 2204 4574 rem
2240 4525 2295 4573 et
2329 4516 2557 4587 gloriam
2601 4524 2748 4571 tuam
2775 4512 3156 4568 concinnatur.
3184 4504 3323 4571 Quia
3355 4518 3410 4555 os
3433 4506 3669 4570 peccato-

412 4618 507 4659 σε.
534 4603 596 4661 Oi
619 4600 675 4654 δὲ
704 4602 783 4664 είς
803 4599 1028 4653 θάνατον
1055 4595 1204 4673 αὑτῷ
1229 4595 1671 4658 ἐπιϐουλεύοντες
1697 4596 1965 4665 κατασιγά

2094 4609 2170 4663 ris
2207 4616 2257 4662 et
2303 4624 2362 4661 os
2411 4606 2584 4661 dolosi
2638 4620 2795 4673 super
2817 4619 2896 4657 me
2923 4610 3163 4671 apertum
3212 4602 3308 4649 est.
3360 4588 3435 4645 Os
3490 4595 3672 4640 autem

414 4712 507 4751 σαι
532 4694 736 4765 ταύτην
757 4692 927 4763 αὐτὴν
943 4690 1042 4762 τὴν
1063 4690 1267 4747 αἴνεσιν
1283 4688 1377 4743 καὶ⁵
1391 4686 1811 4759 κατασιωπῆσαι
1836 4703 1965 4741 σπου

2092 4698 2400 4770 peccatoris
2442 4707 2505 4755 et
2550 4712 2613 4753 os
2643 4695 2820 4752 dolosi
2862 4691 3208 4764 potissimum
3243 4691 3363 4740 erat
3398 4696 3462 4736 os
3487 4676 3678 4733 Phari-
3714 4729 3724 4739 ,

404 4789 511 4863 ,δὴν
538 4787 839 4843 ἐποιοῦντο.
882 4782 1044 4838 Ἀλλά
1095 4783 1182 4847 σὺ,
1207 4781 1393 4853 φησὶν,
1439 4775 1484 4834 ὧ
1520 4778 1723 4853 Πάτερ,
1754 4777 1830 4851 μὴ
1860 4796 1964 4849 συγ

2092 4804 2324 4845 sanorum
2364 4796 2420 4845 et
2468 4787 2809 4849 Scribarum,
2845 4784 2939 4855 qui
2982 4796 3107 4837 cum
3164 4771 3444 4849 hypocrisi
3497 4770 3675 4840 ipsum

415 4858 670 4954 χωρήσῃς
694 4873 1143 4945 ἀποσιωπηθῆναι
1157 4873 1256 4942 τὴν
1282 4871 1488 4926 αῐνεσίν
1515 4887 1639 4941 μου,
1664 4868 1761 4941 τὴν
1794 4871 1874 4933 είς
1893 4870 1965 4941 τὴη

2100 4873 2415 4945 Magistrum
2464 4883 2518 4928 et
2569 4872 2745 4929 Babbi
2799 4868 3098 4934 vocabant;
3151 4858 3457 4935 praesertim
3494 4862 3675 4909 autem

554 4943 732 5040 ’τίμὴν
783 4967 877 5021 καὶ
921 4943 1075 5030 δόξαν
1119 4961 1578 5033 σπουδαζομένην.
1631 4962 1759 5014 Ὀτι
1798 4962 1965 5030 στόμι

2097 4964 2273 5031 Iudae,
2304 4965 2396 5035 qui
2453 4963 2796 5024 Salvatorem
2853 4968 2907 5015 et
2948 4956 3238 5013 Dominum
3292 4963 3452 5007 suum
3487 4943 3679 5002 osculo

416 5056 768 5129 ἀμαρτωλοῦ
829 5053 927 5109 καὶ
968 5053 1163 5123 στόμα
1198 5052 1405 5106 δολίου
1436 5049 1531 5103 ἐπ’
1563 5050 1669 5120 ἐμὲ
1713 5050 1987 5120 ἠνοίχθη.
2097 5054 2360 5125 prodidit.

418 5151 601 5224 Στόμα
648 5150 706 5205 δὲ
748 5147 1071 5221 ἀμαρτωλοῦ
1101 5148 1195 5202 καὶ
1221 5157 1394 5220 στόμα
1426 5144 1601 5199 δολίου
1634 5145 1868 5216 μάλιστα
1896 5145 1994 5217 μὲν
2026 5149 2119 5205 καὶ
2141 5153 2248 5205 πᾶν
2274 5152 2335 5205 τὸ
2357 5151 2464 5211 τῶν
2484 5149 2789 5225 Φαρισαίων
2830 5147 2924 5201 καὶ
2958 5145 2998 5198 Γ
3005 5137 3341 5216 ραμματέων
3392 5129 3680 5199 ἐτύγχανεν

419 5221 536 5301 τῶν
569 5245 687 5317 μεθ’
735 5244 1078 5317 ὑποκρίσεως
1148 5242 1308 5301 αὑτὸν
1353 5241 1677 5296 Διδάσκαλον
1721 5244 1817 5294 καὶ
1863 5242 2053 5302 Ῥαδσὶ
2107 5221 2581 5309 ἀποκαλούντων(
2610 5244 2899 5316 ἐξαιρέτως
2954 5239 3011 5293 δὲ
3057 5236 3152 5293 τοῦ
3216 5228 3386 5291 Ἰούδα.
3407 5267 3422 5297 ,
3478 5223 3536 5293 ὃς
3590 5221 3684 5282 τον

422 5340 617 5397 ἑαυτοῦ
642 5341 871 5414 Σωτῆρα
897 5341 991 5395 καὶ
1019 5340 1223 5413 Κύριον
1260 5339 1527 5411 φιλήματι
1555 5336 1858 5408 προεδίδου.

509 5463 855 5533 Ἐλάλησαν
887 5463 1014 5518 κατ’
1040 5461 1188 5532 ἐμοῦ
1214 5459 1465 5531 γλώσσῃ
1505 5458 1706 5525 δολία,
1759 5458 1865 5513 καὶ
1908 5463 1965 5514 λι

2181 5458 2344 5517 Vsus.
2380 5459 2435 5518 4.
2471 5456 2659 5513 Loculi
2688 5463 2811 5510 sunt
2839 5452 3116 5533 aduersum
3151 5461 3231 5500 me
3264 5443 3446 5511 lingua
3473 5438 3685 5503 dolosa,

425 5571 551 5623 γοις
575 5525 799 5624 μίσους
826 5525 1183 5610 ἐκύκλωσαν
1222 5525 1322 5623 με,
1507 5550 1898 5621 ἐπολέμησαν
1927 5570 1965 5622 μ

2109 5560 2157 5605 et
2189 5550 2516 5605 sermonibus
2557 5548 2667 5603 odii
2715 5525 3166 5599 circumdederunt
3202 5551 3303 5599 me,
3333 5539 3382 5585 el
3414 5545 3691 5600 oppugna-

424 5617 670 5716 ὸωρεἱιν.
717 5617 867 5703 an:
895 5647 1002 5701 τοῦ
1049 5617 1290 5717 ἀγαπᾷν
1309 5617 1316 5620 ’
1333 5663 1409 5716 με
1453 5617 1846 5701 ἐνδιέὄαλλόν
1894 5617 1965 5716 με

2112 5652 2294 5700 verunt
2324 5660 2403 5700 me
2436 5644 2627 5714 gratis.
2660 5638 2770 5694 Pro
2800 5654 2859 5693 eo
2889 5646 2944 5689 ut
2978 5651 3057 5689 me
3101 5629 3401 5703 diligerent,
3443 5617 3685 5676 detrahe-

504 5802 548 5834 ⁸³
589 5801 709 5858 Act.
746 5818 786 5870 t,
821 5802 912 5858 20.
988 5802 1033 5834 ⁸³
1073 5802 1214 5859 Psal.
1256 5819 1386 5865 xxi.
1418 5803 1507 5861 25.
