4102 6396
429 333 444 382 Ι
455 332 560 386 555

1086 334 1352 391 EUSEBII
1392 337 1874 400 CAESARIENSIS
1909 344 2060 402 OPP.
2105 347 2284 404 PARS
2320 349 2423 406 Ill.
2463 377 2532 390 -—
2569 349 2979 408 EXEGETICA.

3547 356 3681 414 1536

422 444 540 498 bant
580 446 710 500 mihi
733 463 750 500 :
782 464 875 518 ego
900 458 1074 502 autem
1097 451 1337 506 orabam.
1374 453 1510 507 Cum
1539 453 1687 508 enim
1711 453 1888 521 illum,
1915 465 1973 512 ut

2072 506 2073 516 χ
2101 458 2216 528 ἐγὼ
2279 460 2350 514 δὲ
2397 462 2853 531 προσηυχόμην.
2885 462 3157 536 ΔέονῪὰρ
3178 466 3396 537 αγαπᾷν
3422 465 3498 530 ὡς
3535 468 3680 540 εὐερ-

419 546 539 608 pote
569 537 893 603 beneficum,
928 555 992 595 ac
1021 557 1131 596 non
1158 557 1450 614 corporum
1489 546 1674 612 modo,
1708 548 1802 603 sed
1831 550 1994 606 etiam

418 629 724 685 animarum
754 631 1028 688 medicum
1064 633 1290 705 diligere
1319 635 1664 705 debuissent,
1689 639 1768 696 illi
1803 649 1995 704 contra

415 719 722 775 calumnias
749 721 1015 777 adversus
1046 738 1170 778 eum
1203 723 1535 784 conﬂabant.

481 807 648 866 Vsus.
683 811 733 866 5.
770 811 878 868 Pro
898 829 957 868 eo
984 823 1041 868 ut
1063 831 1143 869 me
1162 813 1802 887 diligerent,detrahebant
1825 821 1954 875 mihi
1974 835 1993 874 :

409 917 500 971 ego
531 912 707 957 autem
737 905 977 960 orabam.
1015 903 1084 958 Et
1109 917 1396 975 posuerunt
1417 909 1694 970 adversum
1733 929 1814 972 me
1848 915 1995 970 mala

410 1009 505 1062 pro
537 993 707 1057 bonis.
747 1007 795 1050 et
833 999 1015 1050 odium
1047 1014 1142 1067 pro
1186 999 1465 1056 dilectione
1494 1017 1610 1068 mea
1642 1019 1662 1057 :
1691 1002 1994 1080 discipulos

410 1099 562 1140 meos
591 1093 804 1142 tantum
829 1105 938 1144 non
964 1105 1130 1160 opere
1147 1090 1350 1147 docens
1373 1093 1564 1164 quales
1589 1109 1713 1153 esse
1736 1095 1992 1161 debeant,

408 1176 455 1232 si
490 1180 712 1249 quando
756 1181 812 1235 in
861 1183 1011 1252 paria
1060 1182 1326 1248 incidant.
1359 1183 1498 1250 Quia
1545 1201 1677 1242 vero
1703 1186 1761 1242 in
1809 1189 1992 1246 medio

409 1268 630 1335 dicitur,
665 1270 776 1343 Ego
816 1283 990 1327 autem
1038 1273 1279 1340 orabam,
1311 1275 1406 1331 sed
1449 1292 1699 1347 quaenam
1752 1293 1854 1350 pro
1883 1281 1992 1350 illis

409 1370 731 1430 precaretur
763 1365 970 1433 scripto
1004 1379 1112 1418 non
1146 1365 1418 1420 traditur:
1450 1368 1724 1438 quispiam
1761 1385 1872 1426 non
1901 1370 1991 1436 in-

407 1452 691 1508 commode
732 1452 950 1519 dixerit,
987 1457 1166 1526 ipsum
1212 1459 1326 1520 haec
1359 1475 1479 1530 qua:
1517 1460 1704 1530 jaceat
1749 1477 1850 1536 pro
1882 1463 1991 1520 illis

404 1540 571 1594 etiam
627 1551 908 1612 precatum
942 1561 1090 1623 esse,
1133 1564 1255 1618 quae
1295 1549 1559 1607 doctrinae
1593 1551 1764 1622 ipsius
1810 1553 1992 1624 allinia

401 1637 562 1686 orant
591 1631 823 1699 dicentis
851 1633 1049 1691 :Orate
1082 1653 1177 1706 pro
1206 1638 1517 1704 (radentibus
1551 1650 1600 1695 et
1635 1645 1989 1714 persequenti-

405 1718 502 1782 bus
533 1737 620 1775 vos
644 1721 710 1778 ⁸⁷.
764 1722 833 1777 Εἰ
874 1737 1171 1798 posuerunt
1201 1729 1480 1785 adversum
1504 1733 1747 1789 memala
1767 1750 1861 1807 pro
1892 1735 1985 1791 bo-

2096 553 2283 625 γὲτην,
2333 555 2428 607 καὶ
2475 553 2549 626 μὴ
2583 554 2742 625 μόνον
2783 554 2893 608 τῶν
2938 557 3227 628 σωμάτων,
3274 558 3412 613 ἀλλὰ
3442 559 3537 614 καὶ
3570 561 3679 616 τῶν

2095 644 2283 716 ψυχῶν
2319 645 2499 718 ἰατρόν
2520 662 2534 675 ο
2565 645 2614 700 οἰ
2651 645 2710 700 δὲ
2749 645 3000 712 διαϐολὰς
3029 647 3303 720 ἐρῤαπτον
3339 651 3460 711 κατ’
3488 652 3676 710 αὐτοῦ.
3756 731 3762 740 _

2178 797 2326 851 Ἆντὶ
2353 797 2460 852 τοῦ
2487 799 2728 868 ἀγαπᾷν
2768 817 2847 870 με
2884 800 3273 857 ἐνδιέϐαλλόν
3294 820 3370 873 με
3393 821 3408 835 ο
3451 804 3568 875 ἐγὼ
3609 804 3681 859 δὲ

2094 892 2547 959 προσηυχόμην.
2597 891 2708 947 Καὶ
2746 891 2951 948 ἔθεντο
2994 894 3121 948 κατ’
3151 894 3299 964 ἐμοῦ
3347 894 3501 951 κακὰ
3543 895 3679 950 ἀντὶ

2093 979 2349 1048 ἀγαθῶν,
2401 981 2499 1036 καὶ
2517 981 2699 1052 μῖσος
2730 983 2862 1038 ἀντὶ
2891 983 3002 1053 τῆς
3029 984 3386 1054 ἀγαπήσεώς
3410 1003 3551 1056 μου·
3584 1005 3681 1059 μοτ

2093 1073 2305 1144 νονουχὶ
2331 1074 2570 1138 καὶτοὺς
2603 1074 2726 1146 ἐμοὶ
2745 1075 3216 1147 μαθητευομένους
3243 1076 3389 1150 ἔργῳ
3411 1078 3679 1135 διδάσκων

2093 1164 2308 1228 ὁποίους
2322 1166 2416 1219 καὶ
2437 1165 2633 1231 αὐτοὺς
2655 1161 2792 1220 εἶναι
2810 1169 3094 1239 προσήκει,
3117 1169 3170 1222 εῐ
3192 1186 3321 1224 ποτε
3339 1172 3452 1236 τοῖς
3473 1172 3680 1243 ὁμοίοις

2093 1257 2492 1328 περιπίπτοιεν.
2543 1257 2694 1312 Ἐπεὶ
2726 1257 2782 1312 δέ
2819 1259 3000 1331 μέσως
3048 1261 3261 1334 εἴρηται
3303 1262 3397 1316 τόο
3441 1263 3580 1334 Ἐγὼ
3611 1264 3682 1318 δὲ

2092 1349 2564 1418 στροονηυχόμινιν⁹
2595 1349 2716 1403 τίνα
2741 1350 2800 1404 δὲ
2839 1346 2910 1422 ἦν
2956 1351 2993 1407 ἃ
3029 1353 3368 1424 προσηύχετο
3411 1355 3506 1408 καὶ
3539 1355 3686 1428 ὑπὲρ

2091 1439 2334 1506 ἐκείνων,
2361 1441 2462 1495 οὐκ
2497 1442 2830 1516 ἐμφέρεται·
2867 1441 3011 1500 εἴποι
3029 1445 3073 1498 δ’
3105 1445 3170 1500 ἄν
3204 1464 3288 1510 τις
3317 1445 3566 1513 εἰκότως,
3596 1447 3683 1504 ὅτι

2090 1532 2264 1588 ταῦτα
2286 1533 2626 1606 προσηύχετο
2657 1535 2753 1592 καὶ
2796 1536 2935 1609 ὑπὲρ
2965 1536 3209 1602 ἐκείνων,
3243 1538 3280 1594 ἃ
3318 1537 3383 1612 δὴ
3411 1538 3683 1610 σύμφωνα

2089 1619 2158 1696 ἦν
2181 1627 2300 1689 ταῖς
2336 1625 2501 1680 αὐτοῦ
2527 1625 2919 1698 διδασκαλίαις,
2945 1629 3014 1683 δι’
3036 1623 3111 1684 ὧν
3143 1628 3350 1700 ἔφασκε
3374 1648 3388 1664 ο
3423 1631 3683 1701 Προσεύτ

2091 1721 2275 1786 χεσθε
2325 1717 2480 1787 ὑπὲρ
2523 1717 2646 1773 τῶν
2696 1719 3144 1790 ἐπηρεαζόντων
3193 1721 3295 1777 καί
3341 1722 3686 1778 διωκόντων.

403 1811 506 1875 nis,
537 1821 587 1868 et
629 1812 810 1868 odium
847 1831 943 1890 pro
971 1817 1254 1885 dilectione
1279 1838 1412 1892 mea,
1458 1821 1572 1894 Hac
1603 1823 1672 1880 de
1717 1840 1775 1882 re
1799 1805 1973 1890 dicen-

2089 1805 2264 1877 ὑμᾶς.
2288 1838 2358 1848 -
2377 1809 2487 1864 Καὶ
2513 1809 2719 1867 ἔθεντο
2743 1814 2872 1866 κατ’
2900 1813 3047 1882 ἐμοῦ
3077 1813 3231 1868 κακὰ
3255 1814 3390 1869 ἀντὶ
3416 1812 3678 1885 ἀγαθῶν,

400 1900 530 1956 dum
563 1904 737 1970 nihil,
780 1921 905 1962 cum
952 1909 1184 1966 historia
1230 1915 1542 1986 evangelica
1569 1916 1986 1986 multitudinem

399 1990 816 2062 beneﬁciorum,
842 2015 964 2069 quae
1000 2001 1319 2061 incarnatus
1346 2005 1666 2078 hominibus
1698 2009 1986 2085 impertiit,

399 2085 814 2160 complectatur,
865 2106 989 2163 cum
1023 2094 1237 2161 scilicet
1285 2106 1504 2171 curaret
1535 2115 1754 2170 omnem
1793 2088 1984 2158 eorum

397 2172 715 2246 languorem
739 2186 794 2235 et
821 2179 1216 2240 inﬁrmitatem.

464 2329 632 2389 Vsus.
661 2334 818 2404 6,-10.
871 2335 1146 2412 constitue
1195 2360 1352 2413 super
1377 2361 1495 2408 eum
1542 2361 1887 2417 peccatorem,
1933 2359 1983 2407 et

395 2421 645 2497 diabolus
673 2435 773 2493 stet
804 2445 836 2482 a
867 2429 1069 2500 dextris
1109 2434 1244 2500 eius.
1271 2433 1375 2514 Qui
1415 2420 1581 2493 etiam
1617 2440 1794 2511 ipsum
1825 2458 1984 2499 ener-

395 2516 562 2581 vavit,
593 2531 655 2572 ac
689 2520 961 2586 omnibus,
993 2539 1114 2593 qua:
1143 2527 1297 2606 prius
1328 2527 1384 2582 in
1415 2527 1607 2598 dextra
1644 2533 1841 2589 animae
1867 2549 1982 2590 suae

392 2616 548 2698 parte
597 2609 878 2682 possidere
925 2615 1240 2687 videbatur,
1287 2621 1467 2692 ipsum
1517 2626 1791 2698 spoliavit.
1841 2627 1978 2686 Cum

387 2696 683 2767 iudicatur,
721 2713 871 2760 exeat
903 2708 1305 2782 condemnatus,
1339 2724 1390 2778 et
1431 2718 1602 2780 oratio
1637 2696 1750 2789 ejus
1785 2722 1884 2792 ﬁat
1921 2724 1977 2777 in

388 2800 680 2858 peccatum.
716 2794 880 2865 Fiant
905 2799 1015 2856 dies
1043 2803 1159 2873 ejus
1188 2807 1366 2877 pauci,
1396 2816 1446 2863 et
1482 2811 1838 2886 episcopatum
1862 2815 1977 2887 ejus

389 2885 614 2976 accipiat
648 2887 782 2950 alter
821 2907 840 2945 :
891 2893 1024 2960 ﬁant
1053 2896 1155 2965 ﬁlii
1202 2897 1316 2967 ejus
1341 2900 1584 2971 orpltani,
1619 2914 1669 2959 et
1703 2921 1838 2960 uxor
1859 2885 1976 2976 ejus

387 2975 564 3042 vidua.
583 2977 848 3041 Nutantes
879 2986 1272 3056 transferantur
1301 2991 1403 3059 ﬁlii
1429 2994 1564 3063 ejus,
1584 3006 1634 3056 et
1659 2975 1974 3068 mendicant,

384 3067 670 3138 ejiciautur
698 3071 764 3128 de
787 3073 1204 3146 habitationibus
1231 3082 1364 3138 suis.
1401 3084 1712 3150 Verisimile
1739 3099 1825 3147 est
1861 3067 1976 3149 haec

385 3159 565 3229 reipsa
597 3176 659 3216 ac
686 3167 987 3221 secundum
1012 3170 1215 3238 nudam
1247 3173 1484 3231 litteram
1515 3187 1704 3251 contra
1729 3184 1971 3252 prodito-
2000 3157 2043 3214 ϐ

277 3241 288 3251 ’
385 3263 502 3302 rem
535 3258 659 3326 post
696 3258 1118 3326 suspensionem
1160 3262 1290 3335 ejus
1336 3267 1605 3337 completa
1638 3241 1857 3343 fuisse;
1894 3275 1971 3330 ita

387 3348 447 3394 ut
473 3339 568 3412 lilii
596 3344 820 3412 quidem
846 3347 966 3418 ejus
999 3352 1231 3424 orphani
1260 3365 1468 3423 essent,
1493 3368 1548 3414 et
1576 3377 1716 3416 uxor
1745 3339 1865 3432 ejus
1889 3367 1971 3420 vi-

383 3432 514 3505 dua,
545 3445 849 3510 caeteraque
873 3443 1056 3499 omnia
1082 3460 1204 3516 quae
1236 3458 1599 3511 recensentur
1629 3453 1694 3508 ad
1729 3455 1966 3518 litteram

384 3523 548 3599 ﬁnem
607 3531 960 3600 sortirentur,
1001 3542 1056 3591 et
1107 3519 1388 3612 praedictio
1433 3540 1738 3603 Salvatoris
1767 3549 1965 3615 nostri,

381 3615 479 3686 qui
508 3616 622 3673 haec
655 3617 843 3682 futura
888 3622 944 3678 in
991 3627 1203 3696 psalmo
1252 3633 1680 3703 praenuntiabat,
1722 3652 1850 3692 vera
1873 3637 1967 3694 de-

378 3707 831 3776 prehenderetur.
863 3712 989 3788 ῌωο
1027 3717 1159 3774 item
1184 3717 1459 3795 intelligas
1495 3728 1696 3796 populo
1733 3727 1966 3795 Iudaico

381 3805 508 3867 post
551 3800 782 3868 insidias
817 3805 872 3859 in
906 3805 1190 3868 Christum
1227 3819 1474 3884 structas,
1506 3797 1794 3876 accidisse.
1827 3819 1964 3877 Nam

377 3890 573 3963 paucis
609 3893 812 3965 elapsis
851 3906 973 3967 post
1005 3915 1227 3958 crucem
1273 3905 1455 3970 annis,
1505 3915 1620 3963 tota
1653 3925 1786 3982 gens
1816 3913 1964 3968 sedi-

375 3981 479 4037 bus
520 3985 674 4052 pulsa
713 3995 843 4043 est:
897 3997 1061 4066 atque
1095 3993 1176 4049 illi
1224 3995 1442 4068 quidem
1489 3981 1762 4071 interfecti
1808 4011 1956 4071 sunt,

375 4074 636 4145 mulieres
690 4093 821 4140 vero
887 4096 1012 4137 cum
1069 4085 1256 4154 liberis
1327 4086 1386 4162 in,
1444 4091 1765 4153 servitutem
1822 4105 1963 4167 acta:

374 4171 524 4220 sunt.

2090 1899 2188 1952 καὶ
2223 1898 2408 1969 μῖσος
2431 1900 2566 1956 ἀντὶ
2596 1900 2708 1971 τῆς
2747 1902 3108 1972 ἀγαπήσεώς
3139 1923 3280 1975 μου.
3310 1905 3446 1977 Περὶ
3471 1904 3682 1961 τούτων

2087 1991 2238 2044 οὐδὲν
2293 1992 2376 2064 δεῖ
2423 1991 2622 2062 λέγειν,
2664 1995 2765 2066 τῆς
2803 1997 2862 2048 ἐν
2899 1998 3012 2060 τοίς
3057 1997 3409 2067 Εὐαγγελίοις
3436 1996 3685 2072 ίστορίας

2088 2081 2448 2154 περιεχούσης
2469 2082 2532 2137 τὺ
2558 2083 2760 2156 πλῆθος
2787 2085 2896 2140 τῶν
2927 2087 3258 2158 εὐεργεσιῶν
3301 2082 3378 2144 ὧν
3404 2088 3680 2162 ἐνανθρω-

2086 2175 2271 2245 πήσας
2299 2175 2484 2241 αὐτοῖς
2501 2178 2752 2248 παρεῖχε,
2771 2176 3090 2250 θεραπεύων
3117 2179 3296 2236 αὐτῶν
3318 2182 3500 2236 πᾶσαν
3521 2181 3686 2249 νόσον.

2087 2267 2180 2328 καὶ
2211 2269 2394 2321 πᾶσαν
2423 2268 2716 2340 μαλακίαν.

2155 2357 2560 2429 Κατάστησον
2573 2360 2666 2429 ἐπ’
2700 2360 2889 2422 αὐτὸν
2929 2361 3304 2434 ἁμαρτωλὸν,
3335 2363 3433 2418 καὶ
3477 2362 3684 2428 διὰὄὼ,

2082 2453 2192 2518 λος
2223 2450 2422 2520 στήτω
2442 2453 2512 2507 ἐκ
2560 2452 2778 2519 δεξιῶν
2803 2454 3018 2511 αὑτοῦ.
3050 2454 3130 2511 ’Ὀ
3157 2455 3252 2510 καὶ
3299 2455 3553 2520 σκελίσας
3574 2455 3677 2510 αύ-

2081 2543 2195 2615 τὸν,
2239 2544 2419 2600 πάντα
2459 2545 2495 2600 ἃ
2547 2545 2811 2618 πρότερον
2857 2546 3030 2610 ἐδόκει
3069 2545 3367 2619 κεκτῆσθαι
3399 2546 3552 2620 δεξιᾷ
3574 2548 3678 2624 τῆς

2081 2637 2247 2710 αὐτοῦ
2284 2636 2465 2709 ψυχῆς
2482 2638 2850 2710 ἀποσυλήσας.
2882 2639 2978 2694 Ἐν
2997 2637 3078 2706 τῷ
3098 2640 3408 2709 κρίνεσθαι
3435 2640 3674 2706 ἐξέλθοι

2081 2708 2683 2798 καταδεδικασμένος,
2706 2708 2804 2783 καὶ
2819 2730 2858 2798 ἠ
2872 2708 3184 2799 προσευχὴ
3198 2729 3386 2786 αὐτοῦ
3404 2730 3680 2800 γενέσθω,

2077 2822 2165 2892 εἰς
2221 2821 2534 2892 ἁμαρτίαν.
2591 2821 3037 2890 Γενηθήτωσαν
3081 2824 3142 2884 at
3193 2822 3405 2892 ἡμέραι
3482 2821 3679 2877 αὐτοῦ.

2079 2897 2296 2982 ὀλίγαι,
2328 2911 2428 2967 καὶ
2467 2912 2584 2981 τὴν
2615 2911 2962 2980 ἐπισκοπὴν
3007 2912 3196 2967 αὐτοῦ
3245 2910 3419 2968 λάϐοι
3445 2912 3669 2983 ἕτερος.

2077 3001 2521 3071 Γενηθήτωσαν
2545 3005 2598 3058 οὶ
2626 3003 2744 3058 υἱοὶ
2769 3002 2955 3058 αὑτοῦ
2999 3003 3268 3073 ὀρφανοὶ,
3315 3002 3416 3056 καὶ
3443 3003 3482 3071 ή
3511 3005 3670 3075 ’γυνὴ

2075 3093 2263 3148 αὐτοῦ
2301 3092 2459 3164 χήρα
2477 3111 2491 3124 ·
2550 3094 2947 3164 σαλευόμενοι
2995 3094 3552 3163 μεταναστήτωσαν
3613 3099 3667 3150 οι

2075 3182 2194 3238 υἱοὶ
2231 3185 2438 3251 αὐτοῦ,
2483 3183 2582 3237 καὶ
2625 3183 3161 3252 ἐποιιτησάτωσανο
3197 3183 3665 3254 ἐκϐληθήτωσαν

2075 3273 2144 3326 ἐκ
2173 3272 2294 3328 τῶν
2335 3273 2666 3328 οἰκοπέδων
2715 3273 2932 3328 αὐτῶν.
2967 3273 3127 3338 Εἰκὸς
3178 3274 3275 3328 καὶ
3315 3274 3496 3346 ῥητῶς
3524 3273 3668 3346 κατὰ,

2074 3363 2236 3436 ψιλὴν
2260 3363 2360 3436 τὴν
2383 3363 2528 3431 λέξιν
2550 3363 2727 3433 ταῦτα
2766 3364 2948 3422 πάντα
2979 3363 3372 3438 πεπληρῶσθαι
3395 3363 3537 3418 κατὰ
3561 3364 3658 3418 τοῦ

2074 3455 2335 3527 προδότου
2368 3454 2508 3526 μετὰ
2522 3454 2621 3527 τὴν
2643 3455 2942 3526 ἁνάρτησιν
2975 3453 3166 3521 αὐτοῦ,
3204 3453 3319 3524 ἅμα
3350 3453 3449 3526 μὲν
3491 3455 3657 3527 ὀρφα-

2070 3546 2177 3601 νῶν
2209 3547 2514 3618 γενομένων
2535 3546 2715 3620 ⁹αὑτοῦ
2759 3545 2868 3600 τῶν
2892 3547 3119 3612 παίδων,
3165 3545 3283 3617 ἅμα
3323 3545 3383 3599 δέ
3417 3545 3513 3600 καὶ
3562 3547 3666 3620 τῆς

2069 3638 2329 3710 γυναικὸς
2349 3639 2407 3692 ἐν
2438 3639 2640 3712 χηρείᾳ.
2672 3639 3040 3712 καταστάσης,
3065 3637 3161 3693 καὶ
3206 3636 3318 3690 τῶν
3341 3635 3472 3708 ἑξῆς
3501 3654 3652 3692 κατα-

2067 3720 2369 3802 λεχθέντων
2392 3731 2647 3786 ἁπάντων
2675 3731 2812 3804 πρὸς
2837 3730 2984 3796 λέξιν
3015 3730 3167 3792 τέλος
3216 3729 3540 3801 εἰληφότων,
3584 3729 3660 3795 ὡς

2066 3817 2364 3888 ἀληθεῦσαι
2394 3818 2494 3892 τὴν
2521 3819 2825 3890 πρόρρησιν
2858 3819 2950 3873 τοῦ
2982 3819 3240 3891 Σωτῆρος
3275 3819 3436 3891 ήμῶν
3451 3819 3542 3874 διὰ
3560 3818 3665 3891 τοῦ,

2065 3907 2281 3982 ψαλμοῦ
2309 3910 2483 3964 ταῦτα
2502 3909 2739 3965 ἔσεσθαι.
2769 3911 3004 3983 Νοήσεις
3032 3911 3090 3966 δὲ
3121 3911 3299 3965 ταῦτα
3328 3911 3423 3966 καὶ
3443 3911 3536 3966 ἐπὶ
3561 3909 3656 3965 τοῦ
3703 3933 3714 3943 ι

2064 4001 2196 4075 λαοῦ
2229 4001 2324 4056 τοῦ
2361 3999 2626 4072 Ἰουδαίων
2655 4001 2840 4066 ἔθνους
2875 4000 3020 4057 κατὰ
3057 4001 3203 4067 λέξιν
3250 4001 3656 4074 πεπληρωμένα

2069 4073 2208 4164 μετὰ
2248 4092 2347 4164 τὴν
2389 4093 2470 4156 εἰς
2516 4092 2607 4146 τὸν
2639 4093 2882 4166 Χριστὸν
2923 4092 3250 4166 ἐπιϐουλήν·
3298 4073 3533 4163 Ὀλίγων
3548 4092 3655 4163 γὰρ

2065 4169 2207 4257 μετὰ
2242 4185 2334 4239 τὸν
2365 4185 2597 4257 σταυρὸν
2625 4185 2941 4242 διελθόντων
2965 4185 3122 4252 ἐτῶν,
3155 4186 3388 4240 ἄστατον
3419 4185 3565 4250 ἅπαν
3592 4191 3655 4246 τὸ

372 4253 519 4319 ἔθνος
541 4257 785 4326 ἐγένετο·
819 4262 912 4316 καὶ
939 4265 986 4316 οἰ
1033 4264 1132 4339 μὲν
1163 4265 1530 4342 ἀνῃρέθησαν,
1567 4274 1622 4326 αἰ
1656 4274 1714 4328 δὲ
1753 4274 1960 4334 τούτων
1988 4253 2247 4346 γυναῖκες
2284 4275 2424 4360 μετᾷ
2449 4253 2558 4331 τῶν
2579 4275 2787 4331 παίδων
2813 4275 3407 4349 ἐξηνδραποδίσθησαν·

435 4349 603 4414 sts.
636 4352 822 4410 11-15.
860 4354 1138 4429 Scrutetur
1187 4353 1455 4436 fenerator
1477 4384 1682 4424 omnem
1710 4371 1959 4436 substan-
1991 4380 2035 4435 Β

373 4442 504 4496 tiam
525 4443 660 4513 ejus,
689 4454 739 4504 et
763 4447 1018 4518 diripiant
1047 4453 1208 4509 alieni
1249 4458 1462 4515 divitias
1501 4477 1702 4518 eorum.
1731 4461 1855 4517 Non
1881 4464 1954 4519 sit

368 4531 450 4585 illi
491 4546 782 4604 susceptor,
814 4555 907 4592 nec
943 4541 1014 4605 sit
1040 4545 1320 4611 miseralor
1350 4552 1568 4621 pupillis
1617 4553 1753 4622 ejus.
1785 4551 1952 4623 Fiant

365 4625 481 4678 nati
525 4627 638 4698 ejus
681 4630 740 4684 in
781 4631 1077 4702 interitum,
1112 4637 1167 4692 in
1209 4644 1544 4718 generatione
1575 4661 1684 4699 una
1713 4645 1954 4702 deleatur

363 4731 549 4771 nomen
571 4719 707 4789 ejus.
759 4719 1122 4794 Symmachus
1154 4747 1283 4788 vero
1317 4734 1398 4790 sic
1420 4779 1434 4797 .
1475 4734 1708 4808 Colligat
1733 4749 1953 4802 exactor

361 4811 541 4863 omnia
567 4827 685 4880 quae
716 4823 838 4868 sunt
869 4816 990 4886 ipsi.
1031 4819 1332 4882 Exactores
1360 4835 1542 4884 autem
1575 4831 1946 4888 Romanorum

361 4901 722 4971 imperatores
749 4917 900 4973 sunt,
926 4909 1242 4982 impositum
1269 4919 1503 5000 vectigal
1545 4922 1845 4994 exigentes.
1878 4924 1946 4985 Hi

359 5006 526 5060 porro
549 4995 734 5049 omnia
760 4994 1074 5067 Judaeorum
1108 5004 1251 5061 bona
1282 4994 1651 5079 diripuerunt,
1688 5023 1945 5070 accurate

358 5083 544 5138 omnia
573 5096 910 5157 scrutantes,
939 5093 1016 5161 ita
1065 5105 1121 5150 ut
1164 5101 1382 5157 occulta
1408 5105 1582 5170 etiam
1631 5106 1942 5179 invenirent

357 5176 571 5247 sibique
601 5181 960 5249 vindicarent.
997 5186 1092 5245 His
1124 5206 1250 5247 vero
1284 5197 1472 5264 gestis,
1505 5207 1796 5270 postquam
1829 5176 1936 5272 ini;

358 5267 481 5321 mici
515 5269 658 5324 bona
687 5274 931 5344 ipsorum
961 5279 1106 5336 inter
1125 5298 1186 5338 se
1217 5267 1527 5352 diviserint,
1560 5267 1721 5345 nemo
1744 5291 1812 5347 iis
1841 5268 1937 5346 ad-

357 5353 500 5421 iutor
524 5362 652 5424 erit,
677 5377 780 5419 nec
799 5381 987 5422 corum
1013 5371 1140 5438 [iliis
1167 5387 1440 5444 parcetur.
1467 5377 1673 5437 Deinde
1702 5382 1937 5452 quadra-

356 5446 502 5515 ginta
528 5453 770 5544 nondum
799 5459 1002 5530 elapsis
1030 5467 1212 5535 annis,
1243 5467 1555 5528 Judaeorum
1592 5446 1826 5544 populus
1850 5477 1935 5531 in-

356 5543 667 5600 ternecione
698 5547 910 5607 deletus
935 5561 1021 5608 est

421 5802 464 5844 θ’
505 5799 692 5862 Matth.
735 5823 793 5873 γ,
827 5808 917 5871 tt.

2147 4372 2632 4442 Ἔξερευνησάτω
2668 4370 2997 4440 δανειστὴς
3025 4371 3224 4425 πάντα
3248 4371 3367 4425 ὅσα
3396 4371 3653 4444 ὑπάρχει

2058 4461 2219 4530 αὐτῷ
2237 4481 2250 4494 ·
2275 4463 2373 4530 καί
2395 4460 2902 4533 διαρπασάτωσαν
2918 4462 3225 4532 ἀλλότριοι
3255 4463 3363 4518 τὸν
3381 4465 3652 4520 πλοῦτον

2059 4556 2278 4611 αὐτῶν.
2337 4554 2434 4624 Μὴ
2488 4553 2811 4623 ὑπαρξάτω
2871 4553 3033 4620 αὐτῷ
3069 4553 3472 4624 ἀντιλήπτωρ,
3493 4557 3652 4626 μηδὲ

2055 4646 2361 4720 γενηθήτω
2391 4648 2709 4717 οἰκτίρμων
2744 4647 2870 4719 τοῖς
2902 4645 3188 4715 ὀρφανοῖς
3211 4647 3419 4702 αὐτοῦ.
3454 4649 3648 4717 Γενη-

2054 4736 2214 4802 θήτω
2237 4740 2313 4790 τὰ
2344 4735 2526 4791 τέκνα
2547 4735 2736 4790 αὐτοῦ
2781 4738 2869 4802 εἰς
2888 4735 3341 4804 ἐξολόθρευσιν,
3375 4737 3450 4791 ἐν
3469 4737 3648 4808 γενεᾷ

2047 4825 2155 4898 μιᾷ
2172 4826 2552 4899 ἐξαλειφθείη
2600 4826 2669 4881 τὸ
2700 4826 2888 4897 ὄνομα
2921 4827 3129 4883 αὐτοῦ.
3185 4827 3246 4881 '0
3265 4827 3320 4882 δὲ
3347 4827 3645 4901 Σύμμαχος

2050 4916 2213 4981 οὕτω,
2241 4915 2620 4988 Συγοκρούσαι
2645 4914 2922 4985 πράκτωρ
2953 4917 3151 4970 πάντα
3176 4915 3644 4988 τὰ,ὐπάρχοντα

2051 5009 2230 5075 αὐτῷ.
2287 5008 2606 5081 Πράκτορες
2633 5007 2691 5062 δὲ
2722 5011 2889 5064 κα.ὶοί
2937 5009 3223 5081 Ῥωμαίων
3267 5011 3510 5081 βασιλεῖς
3547 5011 3642 5067 τὸν

2048 5099 2394 5172 ἐπικείμενον
2427 5100 2877 5174 εἰσπραττόμενοι
2911 5099 3096 5171 φόρον.
3125 5094 3286 5155 Οὗτοι
3315 5101 3371 5154 δὲ
3402 5101 3473 5156 τὰ
3511 5103 3640 5156 Ἰου-

2045 5191 2210 5246 δαίων
2237 5192 2568 5265 διήρπασαν,
2599 5192 2812 5248 ἅπαντα
2838 5193 3083 5266 ἀκριϐῶς
3114 5196 3528 5269 ἐρευνήσαντες,
3559 5194 3637 5261 ὡς

2044 5283 2141 5336 καὶ
2159 5282 2227 5336 τὰ
2243 5284 2602 5356 κεκρυμμένα
2614 5285 2796 5355 εὑρεῖν
2810 5302 2870 5338 τε
2887 5285 2979 5339 καὶ
3000 5285 3562 5359 σφετερίσαι.Τούτων
3575 5285 3634 5341 δὲ

2042 5374 2373 5446 γενομένων,
2413 5375 2507 5429 καὶ
2534 5375 2644 5430 τῶν
2684 5377 2956 5448 πολεμίων
2972 5379 3040 5432 τὰ
3055 5377 3265 5442 τούτοις
3283 5379 3628 5451 προσήκοντα

2041 5466 2468 5536 διανεμομένων,
2486 5468 2659 5533 οὐδεὶς
2671 5469 2854 5535 αὐτοῖς
2875 5470 3167 5542 ἐπίκουρος
3187 5470 3359 5536 ἔσται,
3370 5470 3491 5524 οὐδὲ
3505 5487 3624 5540 φει-

2041 5555 2163 5622 δοῦς
2190 5559 2367 5613 αὐτῶν
2381 5563 2430 5614 οἰ
2459 5561 2647 5626 παῖδες
2672 5561 3079 5633 ἀξιωθήσονται-.
3092 5559 3231 5632 ιΕἶτα
3246 5571 3299 5635 μ’
3313 5566 3374 5618 οὐ
3391 5564 3619 5620 διελθόν-

2039 5665 2146 5717 των
2161 5651 2321 5719 ἐτῶν,
2336 5654 2694 5725 πανολεθρίαν
2711 5655 3002 5727 ὑπέμεινεν
3017 5659 3046 5714 ὁ
3078 5656 3346 5712 Ἰουδαίων
3369 5656 3512 5721 λαός.
