4102 6432
410 412 558 473 1559

1130 411 1399 470 EUSEBII
1433 407 1916 468 CAESARIENSIS
1955 408 2103 463 OPP.
2141 405 2327 462 PARS
2362 404 2448 460 lll.
2481 437 2546 446 -—
2573 401 2990 458 EXEGETICA.

3541 397 3680 456 1510

403 526 527 579 bera
559 543 659 593 me,
685 526 811 599 quia
833 541 1024 596 egenus
1050 533 1100 578 et
1119 539 1318 592 pauper
1343 540 1436 594 ego
1459 539 1600 587 sum,
1629 531 1678 576 et
1699 537 1790 575 cor
1820 536 1987 574 meum

2106 535 2182 582 τε,
2217 517 2307 571 ὅτι
2340 516 2575 586 πτωχὸς
2601 517 2698 571 καὶ
2723 515 2914 583 πένης
2937 512 3053 583 εἰμὶ
3083 511 3217 581 ἐγὼ,
3243 511 3341 565 καί
3378 509 3418 579 ἠ
3463 511 3681 579 καρδία

403 617 779 672 conturbatum
802 627 879 671 est
913 617 1059 670 intra
1083 631 1183 670 me.
1219 613 1372 670 Sicut
1398 614 1590 668 umbra
1610 630 1729 667 cum
1752 611 1983 666 declinat

405 707 615 762 ablatus
645 725 784 773 sum,
807 724 1057 762 excussus
1080 725 1196 762 sum
1229 709 1364 761 sicut
1395 706 1635 760 locustae.
1663 703 1844 759 Genua
1873 721 1988 758 mea

406 802 680 870 infirmata
716 813 843 858 sunt
876 803 1152 870 ajejunio,
1199 813 1247 856 et
1285 818 1412 854 caro
1449 817 1565 854 mea
1597 801 1881 853 immutata
1909 807 1988 853 est

407 903 616 960 propter
658 893 852 949 oleum.
895 893 1032 949 Cum
1083 893 1153 948 de
1181 893 1488 948 animarum
1534 901 1643 946 tam
1690 889 1988 961 proditoris

406 999 570 1052 quam
619 985 1004 1041 insidiatorum
1041 985 1304 1055 pernicie,
1350 999 1562 1040 necnon
1593 984 1660 1039 de
1696 984 1868 1038 totius
1892 980 1989 1037 Ju-

406 1075 576 1130 daicze
617 1076 796 1147 gentis
837 1075 1217 1145 repudiatione
1261 1074 1555 1130 admodum
1592 1075 1862 1130 sollicitus
1895 1074 1988 1142 sit,

406 1175 594 1236 utpote
641 1167 925 1221 hominum
974 1182 1194 1231 amans;
1237 1182 1297 1222 se
1338 1183 1528 1222 eorum
1573 1182 1741 1223 causa
1779 1167 1990 1222 turbari

404 1257 734 1325 proﬁtetur:
785 1274 957 1329 quare
1001 1259 1096 1325 ait,
1147 1257 1217 1312 Et
1263 1275 1359 1313 cor
1396 1275 1568 1314 meum
1614 1259 1991 1314 conturbatum

405 1359 483 1404 est
515 1352 658 1405 intra
688 1368 788 1406 me.

476 1529 644 1586 Vens.
675 1530 865 1586 25-29.
901 1530 967 1584 Et
1000 1547 1094 1602 ego
1117 1532 1294 1602 factus
1320 1549 1440 1587 sum
1471 1531 1818 1603 opprobrium
1842 1531 1951 1587 illis
1971 1546 1991 1585 :

409 1619 652 1676 viderunt
693 1639 795 1686 me,
843 1633 891 1676 et
936 1634 1208 1678 mouerunt
1254 1625 1432 1695 capita
1469 1642 1589 1680 sua.
1639 1625 1848 1695 Adjuva
1883 1641 1989 1690 me,

409 1715 635 1769 Domine
663 1715 805 1770 Deus
838 1734 1002 1782 meus,
1031 1727 1081 1772 et
1109 1718 1317 1773 salvum
1343 1735 1424 1772 me
1445 1717 1531 1788 fac
1559 1717 1848 1772 secundum
1890 1717 1992 1770 mi-

409 1808 754 1862 sericordiam
781 1819 951 1865 tuam.
990 1810 1058 1864 Et
1090 1812 1261 1865 sciant
1285 1812 1410 1881 quia
1436 1827 1625 1864 manus
1657 1820 1750 1864 tua
1788 1811 1920 1877 haec,
1942 1820 1993 1864 et

2087 630 2207 683 μου
2263 610 2608 681 τετάρακται
2633 610 2808 675 ἐντός
2824 627 2964 678 μου.
3012 606 3168 662 Ὠσεὶ
3200 608 3343 661 σκιὰ
3376 606 3447 660 ἐν
3479 604 3558 672 τῷ
3580 607 3681 660 ἐκ-

2092 710 2294 765 κλῖναι
2343 705 2537 775 αὐτὴν
2581 703 3025 772 ἀντανῃρέθην,
3088 699 3482 769 ἐξετινάχθην
3533 700 3678 755 ὡσεὶ

2093 802 2352 871 ἀκρίδες.
2387 799 2465 854 Τὰ
2492 797 2714 870 γόνατά
2727 815 2844 866 μου
2861 795 3215 863 ὴσθένησαν
3229 792 3347 849 ἀπὸ
3365 792 3678 861 νηστείας,

2095 896 2193 950 καὶ
2226 895 2265 963 τ’]
2303 893 2460 962 σάρξ
2502 911 2622 962 μου
2653 891 2954 960 ἠλλοιώθη
3001 888 3075 942 δι’
3109 889 3334 943 ἔλαιον.
3370 883 3682 958 Φροντίζων

2097 982 2224 1052 περὶ¹
2283 983 2385 1052 τῆς
2439 980 2712 1044 ἀπωλείας
2757 979 2866 1033 τῶν
2925 978 3113 1048 ψυχῶν
3158 977 3358 1037 αὐτῶν,
3407 973 3573 1029 αὐτοῦ
3616 991 3682 1027 τε

2097 1074 2304 1128 ἐκείνου
2336 1073 2431 1127 τοῦ
2469 1072 2728 1144 προδότου
2770 1071 2866 1126 καὶ
2897 1070 3007 1124 τῶν
3054 1070 3152 1141 τὴν
3199 1068 3491 1140 ἐπιϐουλὴν
3529 1066 3681 1138 αύτῷ

2099 1165 2636 1235 συνεσκευασμένων,
2661 1163 2788 1235 περί
2809 1179 2867 1215 τε
2888 1162 2987 1234 τῆς
3007 1159 3278 1230 ἀποϐολῆς
3310 1160 3403 1214 καὶ
3423 1157 3683 1213 ἀποπτῶ-

2098 1275 2236 1321 σεως
2265 1256 2361 1310 τοῦ
2399 1257 2601 1321 παντὸς
2646 1253 2934 1309 Ἰουδαϊκοῦ
2965 1253 3172 1318 ἔθνους,
3209 1253 3570 1326 ταράττεσθαι
3601 1251 3683 1318 ὡς

2098 1349 2478 1421 φιλάνθρωπος
2503 1350 2642 1420 ὑπὲρ
2675 1348 2857 1402 αὐτῶν
2899 1349 3167 1419 ὁμολογεῖο
3202 1347 3293 1400 Διό
3321 1363 3472 1417 φησι·
3502 1347 3610 1402 Καὶ
3637 1346 3681 1417 ἡ

2097 1442 2310 1511 καρδία
2333 1461 2451 1512 μου
2478 1441 2826 1511 τετάρακται
2847 1441 3019 1506 ἐντός
3034 1459 3175 1510 μου.

2171 1533 2340 1602 Κάγὼ
2367 1531 2660 1602 ἐγενήθην
2685 1531 2916 1598 ὄνειδος
2940 1530 3166 1598 αὐτοῖς·
3188 1531 3439 1586 ετδοσάν
3447 1548 3545 1600 με,
3581 1530 3684 1586 καί

2098 1625 2449 1681 ἐσάλευσαν
2485 1621 2755 1692 κεφαλὰς
2787 1621 3007 1676 αὐτῶν.
3043 1621 3362 1691 Βοὴθησόν
3401 1639 3528 1693 μοι,
3570 1622 3689 1677 Κύ-

2091 1737 2187 1798 ριε
2205 1722 2247 1783 ,ο
2262 1719 2407 1784 Θεός
2425 1713 2428 1716 ’
2434 1735 2573 1787 μου,
2604 1717 2702 1771 καὶ
2721 1714 2931 1770 σῶσόν
2953 1733 3032 1785 με
3050 1715 3201 1769 κατὰ
3233 1715 3299 1768 τὸ
3331 1715 3504 1782 ἕλεος
3543 1731 3685 1772 σου.

2100 1812 2212 1867 Καὶ
2233 1809 2576 1881 γνώτωσαν,
2608 1808 2700 1863 ὅτι
2725 1809 2764 1877 ἡ
2795 1808 2922 1878 χείρ
2950 1822 3066 1862 σου
3093 1807 3269 1876 αὕτη,
3296 1807 3393 1860 καὶ
3425 1806 3530 1872 σὺ,
3563 1807 3688 1861 Κύ-

409 1909 492 1963 tu,
527 1897 767 1962 Domine,
799 1898 972 1968 fecisti
997 1917 1135 1953 eam.
1163 1899 1222 1953 ιιι
1252 1900 1658 1954 resurrectione
1686 1913 1717 1951 a
1739 1897 1993 1962 mortuis,

2106 1921 2205 1968 ριε,
2244 1904 2538 1970 ἐποίησας
2559 1901 2771 1972 αὐτήν.
2822 1901 2910 1955 Ἐν
2947 1904 3014 1972 τῇ
3059 1900 3123 1954 ἐκ
3148 1900 3356 1971 νεκρῶν
3391 1881 3743 1956 ἀναπείσετ’

409 2002 609 2044 manus
642 1988 760 2056 Dei,
789 1990 843 2044 id
873 1998 960 2046 est
1012 1991 1359 2062 unigenitum
1393 1991 1514 2061 ejus
1549 1989 1808 2054 Verbum,
1838 1989 1998 2043 inno-

409 2081 538 2148 tuit,
580 2091 634 2136 et
673 2083 721 2137 is
765 2083 858 2152 qui
911 2082 1182 2139 hactenus
1231 2083 1486 2154 plurimis
1529 2081 1788 2145 latuerat,
1831 2095 1999 2150 appa-

411 2173 555 2238 ruit;
598 2173 820 2243 quando
849 2188 1046 2244 nempe
1081 2175 1200 2244 ipse
1237 2174 1428 2229 volens
1456 2175 1715 2229 sustinuit
1759 2189 1994 2239 crucem,

409 2266 722 2332 confusione
753 2276 1055 2337 contempta
1093 2269 1163 2332 ’°,
1195 2275 1360 2339 atque
1407 2266 1550 2322 idem
1590 2281 1793 2337 corpus
1835 2281 1995 2322 suum

413 2358 727 2424 suscitavit,
756 2374 882 2414 cum
912 2359 985 2414 sit
1017 2359 1255 2434 dextera.
1284 2367 1338 2415 et
1367 2359 1544 2415 virtus
1573 2358 1776 2416 Patris.
1811 2357 1999 2415 Sciant

410 2449 600 2520 igitur,
633 2451 730 2514 ait,
767 2452 891 2520 quia
937 2467 1128 2505 manus
1169 2460 1258 2504 tua
1303 2450 1436 2514 lucc,
1474 2467 1640 2521 quam
1683 2451 1998 2521 opprobriis

411 2549 468 2596 et
488 2543 774 2598 cachinnis
811 2543 1130 2608 traducunt,
1158 2553 1207 2596 et
1234 2553 1310 2609 tu,
1353 2542 1597 2608 Domine,
1629 2542 1806 2612 fecisti
1838 2559 1956 2596 eam
1977 2557 1998 2596 :

409 2633 559 2701 quod
608 2633 705 2686 tibi
749 2633 1019 2703 placuerit
1052 2641 1114 2688 ut
1158 2648 1224 2688 ea
1254 2648 1457 2704 corpus
1487 2641 1815 2690 assumeret.
1857 2632 1996 2687 Nam

413 2739 611 2780 manus
655 2724 750 2779 Dei
785 2733 870 2781 est
911 2726 1033 2794 ejus
1078 2726 1256 2782 virtus
1293 2725 1539 2781 omnium
1569 2724 1840 2789 effectrix,
1875 2739 1999 2795 quae

412 2831 524 2870 non
552 2816 660 2870 alia
692 2824 778 2872 est
822 2832 852 2871 a
902 2815 996 2872 Dei
1048 2815 1251 2882 Verbo,
1285 2834 1384 2889 per
1427 2816 1576 2888 quod
1619 2820 1804 2872 omnia
1851 2816 1998 2872 facta

413 2917 565 2964 sunt.
600 2907 924 2964 Maledicent
963 2910 1067 2976 illi,
1097 2920 1147 2965 et
1175 2919 1228 2965 tu
1255 2909 1548 2967 benedices.
1579 2911 1685 2978 Qui
1716 2911 1999 2980 insurgunt

409 3002 469 3056 in
499 3017 581 3056 me
626 3003 1068 3073 confundantur:
1113 3022 1291 3061 servus
1333 3015 1509 3060 autem
1550 3014 1672 3060 tuus
1706 3003 1998 3059 laztabitur.

413 3093 497 3148 Ad
548 3095 693 3151 hanc
722 3112 899 3167 usque
946 3097 1090 3153 diem
1144 3106 1500 3168 perseverant
1530 3095 1705 3152 Judaei
1742 3094 2000 3153 Servato-

415 3202 529 3241 rem
568 3187 906 3257 blasphemis
935 3189 1101 3244 dictis
1129 3172 1427 3259 impetere:
1459 3197 1514 3243 at
1540 3190 1650 3244 illis
1679 3188 2000 3258 blasphema

2099 1997 2316 2066 γνωστὴ
2337 1997 2611 2066 γέγονενὴ
2634 1996 2719 2065 χεὶ
2728 2011 2759 2066 ρ
2783 1993 2876 2047 τοῦ
2909 1993 3068 2058 Θεοῦ,
3100 1991 3377 2046 τουτέστιν
3406 1995 3434 2047 ὁ
3457 2010 3689 2064 μονογε-

2098 2089 2196 2160 νὴς
2224 2088 2390 2142 αὑτοῦ
2415 2088 2608 2156 Λόγος,
2640 2088 2732 2140 καὶ
2756 2089 2784 2140 ὁ
2811 2086 2951 2149 τέως
2980 2086 3106 2149 τοὺς
3130 2084 3358 2149 πολλοὺς
3386 2086 3692 2152 λανθάνων,

2099 2179 2441 2251 ἐφανερώθη,
2481 2180 2558 2243 ὡς
2585 2179 2745 2242 αὐτὸς
2777 2177 2919 2232 ἑκὼν
2951 2177 3234 2247 ὑπέμεινε
3270 2178 3558 2246 σταυρὸν,
3598 2181 3690 2232 αἰ-

2099 2272 2340 2340 σχύνης
2381 2268 2864 2339 καταφρονήσας,
2911 2269 3005 2323 καὶ
3033 2268 3194 2332 αὐτὸς
3222 2269 3284 2323 τὸ
3335 2268 3528 2322 ἑαυτοῦ
3564 2269 3689 2323 ἀνέ-

2102 2381 2266 2436 στησε
2326 2363 2506 2434 σῶμα,
2549 2361 2699 2426 δεξιὰ
2747 2362 2840 2415 καὶ
2893 2361 3125 2431 δύναμις
3175 2359 3252 2415 ὢν
3306 2361 3401 2414 τοῦ
3451 2362 3688 2436 Πατρός.

2099 2457 2441 2511 Γνώτωσαν
2473 2455 2674 2518 τοίνυν,
2706 2453 2892 2525 φησιν,
2927 2454 3014 2507 ὅτι
3039 2455 3077 2523 ἡ
3108 2455 3237 2523 χείρ
3267 2470 3385 2509 σου
3411 2454 3585 2522 αὕτη,
3624 2455 3698 2526 ἢν

2099 2548 2418 2613 ὀνειδίζουσι
2444 2548 2538 2600 καὶ
2565 2546 2904 2617 χλευάζουσι,
2928 2545 3024 2599 καὶ
3053 2546 3156 2610 σὺ,
3184 2547 3380 2614 Κύριε,
3397 2547 3692 2615 ἐποίησας

2103 2638 2312 2708 αὐτὴν,
2354 2637 2432 2709 τῷ
2471 2637 2759 2708 εύδοκῆσαι
2795 2637 2957 2707 σῶμα
2990 2639 3160 2708 αὐτὴν
3197 2637 3506 2692 ἀναλαϐεῖν.
3553 2637 3694 2711 Χεὶρ

2101 2729 2210 2801 γὰρ
2239 2729 2334 2782 τοῦ
2359 2728 2545 2799 Θεοῦὴ
2579 2727 2839 2799 ποιητικὴ
2874 2728 3127 2784 ἁπάντων
3147 2728 3376 2800 δύναμις
3395 2729 3696 2802 αὑτοῦ,οὐχ

2098 2821 2264 2892 ἑτέρα
2286 2814 2420 2874 οὖσα
2431 2818 2524 2872 τοῦ
2550 2819 2617 2871 δι’
2647 2812 2708 2872 οὗ
2729 2817 2920 2887 γέγονε
2946 2818 3015 2871 τὰ
3032 2820 3210 2873 πάντα
3225 2818 3318 2872 τοῦ
3335 2819 3470 2872 Θεοῦ
3491 2803 3698 2889 Λόγου,

2103 2911 2555 2982 Καταράσονται
2579 2911 2770 2977 αὐτοὶ,
2807 2911 2904 2965 καὶ
2935 2911 3016 2966 σὺ
3055 2911 3432 2982 εὐλογήσεις.
3474 2915 3537 2966 Oi
3583 2913 3693 2966 ἐπ-

2103 3002 2490 3074 ανιστάμενοι
2507 3021 2607 3073 μοι
2625 3002 3148 3072 αἰσχυνθήτωσαν·
3179 3007 3212 3058 ό
3236 3003 3304 3056 δὲ
3324 3002 3547 3070 δοῦλός
3575 3020 3693 3058 σου

2103 3097 2599 3166 εὐφρανθήσεται.
2659 3096 2838 3169 Μέχρι
2869 3097 2963 3150 καὶ
3023 3099 3263 3168 σήμερον
3316 3097 3593 3169 διέμειναν
3639 3097 3690 3148 οἰ

2119 3189 2360 3243 Ἰουδαῖοι
2404 3192 2524 3253 ταῖς
2564 3189 2708 3244 κατὰ
2739 3187 2834 3242 τοῦ
2863 3189 3116 3260 Σωτῆρος
3150 3186 3424 3261 χρώμενοι
3452 3189 3694 3259 βλασφη-

417 3277 847 3349 proferentibus,
884 3279 1224 3350 splendidior
1259 3280 1504 3350 quotidie
1531 3279 1853 3352 praedicatio
1876 3293 2004 3334 eva-

2112 3281 2282 3353 μίαις’
2317 3281 2431 3337 ἀλλ’
2458 3281 2682 3335 ἐκείνων
2709 3281 3194 3354 βλασφημούντων,
3232 3281 3693 3353 περιφάνέστερον

415 3370 518 3425 dit.
567 3368 874 3424 Induantur
905 3373 996 3441 qui
1041 3370 1328 3426 detrahunt
1363 3372 1492 3426 mihi
1526 3373 1747 3443 pudore,
1795 3385 1846 3432 et
1887 3391 2007 3446 ope-

419 3463 631 3516 riantur
654 3462 791 3515 sicut
821 3462 1056 3533 diploide
1080 3464 1390 3534 confusione
1420 3481 1539 3520 sua.
1570 3464 1743 3522 Judaei
1770 3483 2010 3538 namque

418 3562 543 3625 post
583 3555 816 3611 insidias
861 3556 1127 3612 adversus
1169 3556 1474 3624 Christum,
1528 3557 1623 3614 Dei
1672 3559 2010 3629 providentia

418 3646 690 3712 destituti,
728 3646 937 3718 pudore
967 3648 1295 3705 circumfusi
1325 3659 1452 3705 sunt
1483 3666 1496 3704 :
1542 3650 1794 3706 Salvator
1826 3659 2008 3707 autem

420 3748 475 3794 et
507 3739 770 3795 Dominus
797 3749 985 3797 noster
1014 3741 1206 3796 laetitia
1235 3741 1305 3798 ad
1337 3742 1442 3798 hoc
1471 3759 1648 3814 usque
1670 3750 1884 3815 tempus
1916 3745 2014 3798 im-

426 3833 628 3902 pletur,
675 3829 920 3888 Ecclesia
959 3848 1056 3903 per
1085 3840 1261 3888 totum
1309 3835 1501 3890 orbem
1533 3836 1589 3890 in
1626 3835 1849 3891 nomine
1888 3836 2010 3906 ejus

422 3925 745 3980 constituta.
772 3925 964 3980 Servus
995 3936 1173 3981 autem
1200 3937 1319 3982 tuus
1355 3928 1648 3985 laetabitur.
1683 3927 1874 4000 Neque
1902 3929 2011 3985 alio

425 4017 589 4071 modo
628 4025 683 4072 et
722 4018 994 4073 sententia
1034 4019 1178 4075 servi
1229 4035 1432 4077 nomen
1477 4020 1567 4075 hic
1615 4020 1871 4092 accipere
1915 4036 2013 4076 ne-

421 4124 579 4164 cesse
600 4115 718 4166 est:
745 4110 989 4165 divinum
1018 4113 1220 4182 quippe
1238 4110 1472 4167 Paulum
1495 4112 1751 4168 audimus
1781 4113 1897 4168 haec
1929 4113 2014 4167 di-

421 4212 636 4258 centem
669 4201 1054 4272 :Semetipsum
1090 4206 1379 4259 exinanivit
1413 4205 1644 4275 formam
1692 4207 1828 4260 servi
1871 4207 2013 4260 acci-

423 4297 572 4362 piens
601 4297 684 4364 ⁹¹;
736 4299 963 4369 ipseque
988 4314 1086 4368 per
1117 4299 1311 4354 Isaiam
1344 4300 1584 4354 clamat:
1615 4299 1706 4354 Sic
1739 4299 1868 4352 dicit
1901 4298 2014 4352 Do-

425 4388 600 4441 minus
637 4386 878 4456 formans
908 4405 990 4442 me
1018 4405 1083 4442 ea:
1112 4397 1260 4442 utero
1291 4405 1498 4443 servum
1531 4388 1634 4444 sibi
1667 4390 1734 4443 ’³.
1774 4387 2014 4442 lnduane

428 4488 517 4532 tur
551 4481 638 4549 qui
675 4480 958 4534 detrahunt
991 4481 1119 4535 mihi
1164 4480 1384 4550 pudore,
1432 4491 1483 4536 et
1529 4483 1837 4551 aperiantur
1875 4483 2012 4536 sicut

426 4571 658 4640 diploide
689 4573 996 4642 confusione
1017 4590 1134 4627 sua.
1166 4572 1282 4628 Hoc
1316 4582 1499 4630 autem
1529 4576 1765 4642 ediscas,
1796 4575 1843 4630 si
1874 4589 2010 4629 con-

2109 3373 2380 3444 ὁσημέραι
2441 3373 2504 3426 τὺ
2569 3374 2835 3445 κήρυγμα,
2891 3375 3121 3443 γίνεται.
3183 3371 3694 3428 Ἐνδυσάσθωσαν

2109 3465 2165 3516 οἱ
2187 3461 2688 3528 ἑνδιαϐάλλοντές
2710 3480 2788 3532 με
2802 3462 3123 3531 ἐντροπὴν,
3146 3461 3246 3516 καί
3267 3458 3699 3528 περιϐαλέσθαι-

2110 3572 2234 3611 σαν
2253 3555 2399 3609 ὡσεὶ
2431 3554 2712 3609 διπλοΐδα
2750 3555 2863 3622 τὴν
2900 3556 3208 3622 αἰσχύνην
3245 3550 3464 3608 αὐτῶν.
3495 3551 3562 3607 Ol
3585 3550 3698 3624 γὰρ

2126 3648 2368 3701 Ἰουδαῖοι
2405 3647 2545 3718 μετὰ
2575 3647 2678 3718 τὴν
2715 3647 2856 3700 κατὰ
2890 3645 3127 3718 Χριστοῦ
3160 3645 3474 3717 ἐπιϐουλὴν,
3501 3644 3699 3716 ἔρημοι

2111 3741 2212 3812 τῆς
2230 3741 2325 3795 τοῦ
2361 3739 2496 3794 Θεοῦ
2534 3740 2842 3808 ἐπισκοπῆς
2897 3741 3200 3810 γενόμενοι,
3242 3739 3506 3809 αἰσχύνην
3545 3754 3701 3807 περι-

2113 3833 2386 3889 εϐάλοντο·
2435 3835 2464 3887 ὁ
2508 3833 2566 3887 δὲ
2599 3834 2790 3904 Σωτὴρ
2820 3834 2913 3887 καὶ
2946 3832 3149 3903 Κύριος
3180 3832 3337 3903 ἡμῶν
3363 3829 3701 3902 εὐφροσύνης

2112 3927 2280 3980 εἰσέτι
2313 3927 2408 3981 καὶ
2437 3926 2531 3981 νῦν
2580 3925 2904 3998 πληροῦται,
2956 3925 3044 3979 διὰ
3094 3925 3188 3979 τοῦ
3223 3925 3488 3997 ὀνόματος
3534 3922 3702 3978 αὑτοῦ

2113 4020 2234 4074 καθ’
2264 4020 2392 4092 ὅλης
2438 4020 2538 4090 τῆς
2593 4020 2918 4092 οἰκουμένης
2950 4019 3314 4092 καθεστώσης.
3354 4007 3698 4088 Ἐκκλησίας.

2125 4115 2189 4166 '0
2205 4113 2274 4168 δὲ
2302 4113 2525 4179 δοῦλός
2541 4128 2656 4167 σου
2680 4112 3175 4181 εὐφρανθήσεται.
3203 4112 3338 4171 Οὐδὲ
3367 4110 3528 4165 τοῦτο
3552 4111 3700 4182 ἡμᾶς

2113 4205 2176 4258 τὺ
2229 4205 2380 4276 ῥῆμα
2438 4204 2622 4263 λαϐεῖν
2683 4206 2764 4267 εἰς
2826 4205 3018 4275 ἑτέραν
3071 4204 3333 4258 ὑπόθεσιν.
3379 4205 3697 4273 ἀναγκάσει·

2116 4296 2387 4366 ἀκούομεν
2434 4294 2543 4366 γὰρ
2573 4295 2668 4348 καὶ
2713 4294 2807 4348 τοῦ
2839 4295 3123 4348 θεσπεσίου
3168 4295 3380 4349 Παύλου
3429 4295 3697 4363 λέγοντος,

2114 4391 2197 4444 ὅτι
2234 4387 2486 4443 Ἑαυτὸν
2508 4388 2789 4454 ἐκένωσε,
2825 4387 3068 4458 μορφὴν
3108 4387 3334 4442 δούλου
3359 4386 3575 4442 λαϐὼν·
3605 4386 3704 4442 καὶ

2117 4482 2276 4545 αὐτὸς
2329 4481 2388 4535 δὲ
2432 4480 2523 4535 διὰ
2578 4480 2801 4534 Ἡσαΐου
2863 4480 2981 4551 βοᾷ·
3051 4480 3213 4533 Οὕτω
3273 4478 3438 4549 λέγει
3489 4480 3704 4547 Κύριος

2118 4577 2151 4628 ὁ
2182 4573 2426 4639 πλάσας
2447 4591 2522 4644 με
2553 4575 2622 4627 ἐκ
2648 4573 2883 4639 κοιλίας
2911 4571 3135 4626 δοῦλον
3161 4571 3377 4636 ἐαυτῷ.
3419 4570 3705 4626 Ἐνδνσά-

429 4663 638 4720 sideres
660 4680 765 4735 qua
792 4674 974 4721 mente
1009 4666 1120 4721 sint
1147 4666 1342 4732 Judaei,
1388 4668 1638 4725 videntes
1666 4669 1886 4739 quidem
1917 4684 2007 4722 ve-

2120 4670 2368 4722 σθωσαν
2399 4669 2451 4720 οἱ
2483 4663 2985 4732 ἐνδιαϐάλλοντές
3015 4683 3093 4734 με
3122 4663 3442 4732 ἐντροπὴν,
3469 4664 3567 4717 καί
3599 4680 3708 4718 πε-

429 4757 673 4810 neranda
708 4768 760 4812 et
791 4769 980 4814 sancta
1012 4775 1111 4815 sua
1143 4761 1392 4818 funditus
1422 4762 1632 4830 deleta;
1679 4763 1830 4818 illius
1859 4777 2011 4824 vero,

428 4851 522 4919 qui
551 4851 622 4906 ab
661 4852 796 4921 ipsis
839 4853 1143 4924 ignominia
1193 4855 1447 4924 affectus,
1482 4871 1548 4911 ac
1592 4858 1649 4911 in
1693 4871 1914 4912 crucem
1961 4864 2016 4910 et

429 4951 662 4999 mortem
708 4945 942 5002 traditus
975 4955 1081 5016 est,
1117 4951 1431 5020 sepulcrum
1462 4950 1650 5005 studio
1689 4957 1744 5005 et
1783 4949 2014 5004 honori~

429 5038 533 5094 bus
567 5037 864 5106 celebrari;
898 5039 1174 5100 Ecclesias
1209 5059 1340 5098 vero
1371 5059 1494 5114 quae
1529 5043 1651 5115 ejus
1675 5045 1878 5104 virtute
1915 5060 2015 5115 per

431 5135 604 5182 totum
654 5129 840 5183 orbem
871 5129 1112 5189 fundatae
1157 5143 1288 5190 sunt
1325 5135 1381 5189 in
1429 5135 1547 5191 dies
1589 5151 1905 5192 accrescere
1948 5151 2013 5191 ac

431 5218 808 5288 multiplicari,
846 5235 910 5276 ac
941 5238 1067 5277 cum
1095 5224 1270 5296 gloria
1301 5225 1632 5296 promoveri.
1659 5224 1787 5280 Haec
1814 5226 2016 5298 quippe

427 5311 564 5378 ipsis
594 5313 771 5368 oculis
795 5323 1085 5372 cernentes
1111 5315 1308 5382 Judaai,
1334 5319 1426 5389 qui
1464 5333 1577 5373 non
1605 5318 1934 5374 confusione
1959 5325 2015 5374 et

436 5401 640 5472 pudore
670 5403 866 5459 merito
900 5403 1236 5462 induantur?

2111 4758 2573 4827 ριϐαλέσθωσαν
2597 4758 2678 4823 ὡς
2703 4757 2982 4811 διπλοΐδα
3012 4757 3127 4825 τὴν
3156 4758 3460 4827 αἰσχύνην
3481 4755 3701 4811 αὐτῶν.

2120 4852 2231 4904 Καὶ
2258 4849 2416 4904 τοῦτο
2447 4850 2641 4922 μάθοις
2672 4849 2738 4904 ἂν
2767 4852 3067 4921 ἐπιστήσας
3100 4849 3256 4914 ποίας
3291 4849 3400 4921 ἄρα
3435 4848 3714 4903 Ἰουδαίων

2120 4944 2308 5008 παῖδες
2352 4945 2647 5014 κέκτηνται
2684 4942 2919 5006 διανοίας
2966 4941 3202 5014 ὁρῶντες
3248 4942 3318 4996 τὰ
3369 4943 3466 5014 μὲν
3495 4941 3704 4995 ἑαυτῶν

2121 5037 2296 5108 σεμνὰ
2325 5037 2417 5090 καί⁵
2445 5036 2577 5105 ἅγια
2610 5038 2675 5090 ἐκ
2705 5035 2920 5108 βάθρων
2945 5036 3312 5106 ὴφανισμένα,
3346 5034 3440 5090 τοῦ
3473 5035 3528 5088 δὲ
3566 5035 3704 5107 πρὸς

2121 5132 2300 5186 αὐτῶν
2331 5131 2524 5203 ἀτιμίᾳ
2554 5131 2992 5202 περιϐληθέντος,
3030 5130 3246 5202 σταυρῷ
3280 5148 3339 5184 τε
3369 5133 3463 5184 καὶ
3487 5131 3704 5203 θανάτῳ

2122 5222 2542 5295 παραδοθέντος,
2596 5223 2658 5276 τὸ
2713 5225 2810 5295 μὲν
2836 5222 2931 5276 τοῦ
2961 5222 3191 5275 θανάτου
3225 5222 3414 5293 μνῆμα
3447 5221 3704 5285 σπουδαῖς

2120 5334 2181 5369 τε
2213 5316 2309 5369 καὶ
2350 5315 2686 5386 φιλοτιμίαις
2713 5313 3096 5386 τετιμημένον,
3131 5313 3229 5378 τὰς
3267 5313 3326 5365 δὲ
3366 5311 3454 5366 διὰ
3480 5315 3578 5384 τῆς
3607 5313 3704 5365 αὑ·-

2117 5409 2213 5463 τοῦ
2245 5408 2526 5478 δυνάμεως
2573 5408 2692 5461 καθ’
2727 5407 2855 5479 ὅλης
2883 5407 2983 5478 τῆς
3022 5407 3349 5479 οἰκουμένης
3397 5407 3703 5479 ἱδρυθείσας

445 5493 767 5564 Ἐκκλησίας
796 5499 1064 5563 αὑξούσας
1084 5501 1376 5573 ὁσημέραι,
1409 5503 1505 5557 καὶ
1538 5501 1934 5573 πληθυνούσας,
1963 5503 2058 5556 καὶ
2082 5503 2162 5555 ἔτι
2193 5501 2333 5574 μετὰ
2375 5502 2533 5573 δόξης
2560 5499 2878 5573 προῖούσας.
2929 5498 3115 5554 Ταῦτα
3153 5499 3263 5571 γὰρ
3307 5499 3541 5570 ὁρῶντες
3603 5497 3708 5568 ὀφ-

438 5583 656 5655 θαλμοῖς
698 5589 967 5645 Ἰουδαίων
995 5593 1203 5660 παῖδες,
1234 5595 1352 5658 πῶς
1383 5596 1486 5648 οὐκ
1518 5595 1786 5667 ἐντροπὴν
1811 5598 1902 5650 καὶ
1927 5595 2190 5668 αἰσχύνην
2224 5596 2449 5659 εἰκότως
2479 5593 2928 5668 περιϐάλλονται;

510 5676 677 5734 Vens.
711 5681 900 5738 30—31.
934 5683 1236 5756 Conﬁtebor
1253 5687 1478 5744 Domino
1498 5690 1656 5743 nimis
1683 5691 1737 5744 in
1753 5707 1843 5746 ore
1870 5708 2004 5754 meo,
2071 5715 2076 5720 ε

437 5777 484 5819 ει
533 5769 585 5819 in
632 5771 804 5824 medio
833 5775 1123 5828 multorum
1168 5777 1400 5832 laudabo
1437 5795 1578 5843 eum,
1606 5781 1729 5848 quia
1777 5782 1948 5834 astitit
1978 5800 2012 5834 a

2203 5689 2756 5760 Ἐξομαλοτὴσομαι
2779 5685 2860 5752 τῷ
2881 5686 3076 5754 Κυρίῳ
3103 5685 3339 5755 σφόδρα
3367 5685 3440 5739 ἐν
3470 5685 3550 5751 τῷ
3563 5687 3678 5740 στό

2113 5783 2258 5851 ματί
2276 5800 2416 5852 μου,
2443 5780 2541 5835 καὶ
2567 5781 2636 5834 ὲν
2661 5779 2829 5850 μέσῳ
2852 5777 3096 5833 πολλῶν
3125 5777 3347 5834 αἰνέσω
3377 5779 3580 5834 αὐτόν·
3612 5778 3701 5837 ὅτι

509 5882 555 5914 ⁸⁸
600 5880 764 5938 llebr.
802 5901 909 5941 xu.
941 5887 996 5941 ﬁ.
1073 5889 1118 5922 “
1166 5888 1397 5958 Philipp.
1435 5908 1510 5954 ιι.
1547 5894 1600 5947 7.
1676 5897 1722 5927 θ’
1764 5893 1846 5952 lsa
1905 5913 2023 5952 xm
2052 5937 2066 5963 ,
2106 5899 2156 5954 5.
