4102 6440
422 413 546 470 1541

1499 403 2004 464 COMMENTARIA
2046 407 2112 462 IN
2146 408 2481 465 PSALMOS.

3524 413 3660 468 1553

419 518 678 589 παρέστη
695 521 764 574 ἐκ
799 519 1013 586 δεξιῶν
1045 521 1319 589 πένητος,
1362 523 1466 578 τοῦ
1506 523 1701 578 σῶσαι
1746 525 1813 578 ἐκ
1870 527 1978 578 τῶν

2091 526 2288 580 dextris
2321 525 2588 596 pauperis,
2616 535 2674 578 ut
2708 527 2909 581 salvam
2939 527 3134 596 faceret
3161 528 3205 582 ἀ
3235 529 3657 598 persequentibus

418 611 894 666 καταδιωκόντων
929 612 1042 681 τὴν
1063 614 1272 683 ψυχήν
1284 631 1425 682 μου.
1462 615 1732 668 Πολλῶν·
1767 616 1926 669 τίνων
1954 616 1986 687 ἦ

417 703 629 757 πάντων
651 705 758 758 τῶν
783 706 861 769 είς
894 706 1053 760 αὐτὸν
1087 707 1526 761 πεπιστευκότων
1552 707 1740 774 ἐθνῶν,
1766 709 1858 762 καὶ
1882 709 1989 762 τῶν

415 794 534 848 καθ’
586 796 714 865 ὅλης
744 795 844 866 τῆς
881 797 1203 867 οἰκουμένης
1229 798 1602 869 Ἐκκλησιῶν;
1657 800 1828 863 Αὐτὸς
1880 801 1988 871 γάρ

415 889 561 952 ἐστιν
584 888 612 940 6
636 887 824 942 εἰπών’
851 891 1032 943 Ὅπου
1061 889 1168 943 δύο
1184 890 1220 957 ἢ
1239 889 1395 958 τρεῖς
1414 893 1780 961 συνηγμένοι
1809 893 1880 947 ἐν
1907 893 1989 959 τῷ

415 981 657 1048 ὀνίξιιατί
685 998 822 1049 μου,
878 981 1008 1034 ἐκεῖ
1058 983 1174 1050 εὶμι
1203 981 1272 1035 ἐν
1306 980 1475 1051 μέσῳ
1503 982 1720 1038 αὐτῶν.
1747 984 1836 1037 Διὸ
1863 985 1986 1038 καθ’

414 1069 539 1140 ὅλης
583 1070 679 1139 τῆς
705 1071 1026 1142 οἰκουμένης
1058 1074 1114 1124 ὲν
1156 1072 1303 1142 μέσῳ
1331 1071 1436 1125 τῶν
1468 1073 1804 1145 Ἐκκλησιῶν
1836 1075 1988 1147 παρὰ

414 1159 504 1211 τοῦ
536 1160 739 1230 Κυρίου
763 1161 839 1230 τῷ
869 1162 1043 1233 Πατρὶ
1075 1163 1302 1233 μεγίστη
1359 1163 1604 1235 πρόεισιν
1642 1166 1984 1237 εὐχαριστία.

800 1258 1090 1316 ΨΑΛΜΟΣ
1120 1259 1205 1328 Tn
1240 1259 1454 1322 AAI'IA,
1480 1259 1602 1317 Pe'.

480 1341 669 1398 Εἶπεν
697 1348 730 1398 ὀ
753 1349 967 1415 Κύριος
987 1347 1065 1412 τῷ
1089 1350 1281 1417 Κυρίῳ
1303 1367 1442 1420 μουσ
1462 1350 1662 1407 Κάθου
1687 1353 1754 1406 ἐκ
1771 1352 1985 1418 δεξιῶν

412 1451 545 1500 μου,
581 1434 691 1500 ἕως
716 1436 793 1488 ἂν
819 1436 899 1491 θῶ
922 1437 1061 1503 τοὺς
1087 1438 1337 1507 ἐχθρούς
1363 1454 1479 1494 σου
1510 1443 1842 1496 ὑποπόδιον
1867 1442 1985 1496 τῶν

411 1522 610 1588 ποδῶν
633 1540 768 1579 σου.
807 1527 1014 1599 Σφόδρα
1041 1529 1241 1601 ἀκριϐῆ
1278 1531 1371 1584 καὶ
1403 1531 1576 1604 ἀληθῆ
1610 1532 1764 1602 λόγον
1785 1535 1984 1606 ἐπεση-

413 1615 618 1684 μήνατο
643 1618 671 1669 6
717 1617 905 1690 Σωτὴρ
939 1619 1096 1690 ἡμῶν
1137 1621 1390 1692 εἰρηκώς·
1447 1626 1518 1678 El
1549 1620 1662 1678 οὖν
1709 1626 1889 1686 Δαυῒδ
1914 1627 1983 1680 ἐν

411 1708 701 1777 πνεύματι
744 1711 913 1764 καλεῖ
958 1711 1143 1766 αὑτὸν
1173 1714 1413 1781 Κύριον,
1467 1713 1593 1782 πῶς
1636 1715 1765 1782 υἱὸς
1794 1717 1980 1772 αὐτοῦ

410 1799 612 1862 ἐστιν;
643 1801 702 1851 οὐ
735 1801 844 1869 γὰρ
878 1802 1031 1866 ἐκτὸς
1059 1803 1375 1874 Πνεύματος
1421 1806 1576 1874 ἁγίου
1604 1801 1714 1871 οἷός
1745 1825 1804 1860 τε
1837 1803 1906 1880 ἦν
1951 1810 1980 1862 6

2092 621 2328 672 anintam
2371 634 2560 671 meam.
2594 616 2889 672 Multorum
2923 636 2941 672 :
2980 634 3211 690 quorum
3258 619 3365 672 nisi
3414 620 3659 674 omnium

2089 711 2330 781 gentium
2364 724 2486 778 quae
2515 711 2568 762 in
2605 709 2782 779 ipsum
2813 708 3180 773 crediderunt,
3207 718 3260 765 et
3289 709 3658 766 Ecclesiarum
3717 766 3720 769 Α

2089 816 2209 870 qua:
2240 801 2292 852 in
2333 807 2447 853 toto
2472 799 2605 854 orbe
2645 799 2810 858 sunt?
2834 796 2954 867 Ipse
2981 813 3217 868 namque
3252 805 3336 853 est
3365 797 3457 868 qui
3484 797 3654 856 dixit:

2095 891 2194 946 Ubi
2224 891 2329 946 duo
2368 891 2445 946 vel
2487 901 2590 945 tres
2631 891 2932 960 congregati
2964 889 3158 958 fuerint
3191 891 3246 944 in
3286 891 3493 944 nomine
3520 907 3657 954 meo,
3697 872 3706 899 ”

2087 985 2160 1038 ibi
2187 1001 2304 1038 sum
2334 985 2387 1038 in
2412 984 2581 1038 medio
2614 999 2796 1038 eorum
2827 982 2892 1034 ⁵³.
2921 981 3043 1037 Ideo
3065 999 3160 1052 per
3182 988 3351 1036 totum
3379 982 3562 1036 orbem
3598 980 3657 1041 in

2087 1076 2267 1130 medio
2314 1075 2683 1130 Ecclesiarum
2737 1090 2948 1144 magna:
3001 1089 3032 1128 a
3082 1073 3314 1128 Domino
3359 1074 3658 1144 gratiarum

2087 1169 2333 1224 actiones
2367 1166 2514 1220 Patri
2545 1167 2889 1222 emittuntur.

2400 1255 2726 1310 PSALMUS
2765 1256 2890 1310 IPSI
2931 1255 3165 1309 DAVID.
3205 1254 3343 1310 CIX.

2156 1349 2325 1405 Vsus.
2349 1350 2403 1414 l,
2421 1349 2475 1402 2.
2496 1348 2645 1402 Dixit
2667 1348 2922 1402 Dominus
2937 1350 3164 1402 Domino
3189 1365 3302 1402 meo
3324 1364 3340 1400 :
3367 1346 3498 1402 Sede
3526 1363 3558 1399 α
3578 1345 3662 1400 de-

2082 1439 2220 1492 xtris
2245 1438 2394 1503 meis,
2428 1437 2589 1491 donec
2627 1452 2819 1505 ponam
2850 1438 3089 1491 inimicos
3119 1447 3235 1491 tuos
3262 1436 3547 1491 scabellum
3571 1451 3661 1504 pe-

2082 1531 2209 1586 dum
2240 1539 2471 1582 tuorum.
2504 1527 2619 1583 Hoc
2665 1527 2874 1582 dictum
2905 1527 3061 1582 valde
3107 1533 3425 1581 accuratum
3472 1540 3535 1580 ac
3567 1541 3660 1580 ve-

2084 1636 2202 1674 rum
2227 1635 2350 1675 esse
2382 1620 2633 1674 Salvator
2670 1619 2997 1691 signiﬁcavit
3033 1620 3222 1674 dicens
3250 1637 3262 1672 :
3301 1617 3361 1673 Si
3393 1635 3514 1689 ergo
3549 1617 3660 1670 Da-

2084 1711 2168 1766 uid
2204 1712 2258 1765 in
2290 1712 2481 1780 spiritu
2511 1721 2661 1766 vocat
2704 1729 2822 1766 eum
2863 1711 3167 1775 Dominum,
3208 1710 3468 1782 quomodo
3514 1708 3662 1778 ﬁlius

2082 1801 2196 1871 ejus
2234 1810 2310 1858 est
2336 1801 2418 1855 ’δῖ’
2444 1816 2621 1871 neque
2657 1801 2802 1856 enim
2833 1802 2952 1856 sine
2985 1799 3191 1870 Spiritu
3229 1807 3417 1854 sancto
3446 1804 3660 1868 poterat

409 1891 567 1945 Δαυτδ
588 1894 760 1948 εἰπεῖν
783 1894 860 1948 τό·
881 1892 1065 1950 Εἶπεν
1087 1901 1120 1952 ό
1150 1900 1363 1968 Κύριος
1397 1899 1475 1964 τῷ
1495 1902 1688 1969 Κυρίῳ
1700 1919 1838 1970 μου·
1862 1875 1978 1957 Κά-

2086 1892 2255 1946 David
2290 1892 2408 1948 haec
2455 1893 2721 1964 proferre,
2764 1891 2914 1946 Dixit
2950 1891 3208 1945 Dominus
3251 1889 3478 1943 Domino
3521 1905 3658 1954 meo.

408 1987 514 2038 θου
541 1984 609 2037 ἐκ
625 1984 838 2050 δεξιῶν
850 2006 989 2058 μου.
1016 1989 1186 2043 Πόθεν
1211 1990 1320 2062 γὰρ
1343 1993 1519 2064 παρῆν
1546 1992 1868 2066 ἀνθρωπίνῳ
1892 1994 1978 2048 λο-

408 2074 634 2146 γισμῶή
671 2077 872 2144 γνῶσις
891 2081 924 2149 ἡ
952 2078 1045 2132 τοῦ
1066 2080 1278 2152 Πατρὸς
1308 2082 1443 2155 πρὸς
1475 2083 1564 2136 τὸν
1594 2083 1976 2155 ὠνομασμένον

407 2163 568 2218 αὐτοῦ
595 2165 797 2237 Κύριον
843 2169 1207 2238 κοινολογίας;
1248 2171 1306 2224 '0
1365 2172 1462 2243 μὲν
1513 2168 1607 2226 οὖν
1640 2173 1826 2245 θρόνος
1877 2176 1978 2247 τὴν

406 2252 684 2324 βασιλικὴν
716 2255 880 2308 αὑτοῦ
909 2257 1062 2320 ἀξίαν
1091 2261 1511 2330 κατασημαίνει,
1546 2263 1578 2333 ὴ
1604 2261 1659 2314 δὲ
1677 2261 1890 2326 κάθισις
1918 2265 1979 2318 τὸ

405 2343 618 2415 βέϐαιον
635 2347 728 2399 καὶ
752 2347 960 2418 ἑδραῖον
986 2349 1080 2402 καὶ
1107 2349 1400 2415 ἀσάλευτον
1434 2351 1534 2422 τῆς
1563 2353 1620 2406 ἐν
1635 2355 1698 2422 τῇ
1733 2353 1979 2427 βασιλείᾳ

405 2436 678 2508 διαμονῆς·
706 2439 767 2490 τὸ
812 2439 891 2506 δὲ,
941 2441 1011 2493 ἐκ
1059 2440 1291 2508 δεξιῶν,
1337 2439 1475 2496 εἶναι
1524 2445 1618 2498 καὶ
1667 2445 1854 2512 δεξιῶν
1883 2446 1976 2504 τοῦ

405 2529 614 2600 [ἰατρὸς
656 2529 992 2617 δωρημάτων
1023 2534 1295 2590 κοινωνόν.
1332 2537 1514 2600 Πάντα
1559 2538 1668 2610 γὰρ
1705 2538 1774 2592 τά
1805 2539 1975 2617 δεξιά,

403 2623 603 2693 φαιδρά
629 2641 687 2676 τε
716 2615 810 2678 καὶ
840 2627 1020 2694 ἀγαθά
1049 2630 1141 2682 καὶ
1165 2631 1405 2702 σωτήρια
1432 2636 1659 2704 χορηγεῖ
1686 2635 1714 2687 6
1740 2635 1868 2698 Υἱὸς
1901 2615 1976 2700 ὡς

402 2713 550 2782 παρά
574 2713 801 2783 Πατρός.
856 2718 1112 2788 Ἐχθροὺς
1135 2720 1190 2773 δὲ
1226 2723 1358 2790 φησὶ
1389 2724 1514 2786 τοὺς
1544 2724 1632 2777 διά
1652 2724 1745 2777 τοῦ
1777 2743 1974 2797 προτε-

402 2803 669 2872 ταγμένου
699 2804 911 2877 ψαλμοῦ
943 2808 1361 2880 δεδηλωμένους
1393 2815 1487 2868 καὶ
1529 2815 1588 2868 οὐ
1627 2815 1805 2886 μόνον,
1840 2817 1976 2871 ἀλλά

402 2894 493 2945 καὶ
538 2895 717 2960 πάσας
762 2889 861 2962 τὰς
893 2899 1270 2971 ἀντικειμένας
1311 2903 1583 2976 δυνάμεις.
1627 2908 1840 2971 Πάντας
1868 2909 1976 2981 γὰρ

402 2981 503 3034 ὑπὸ
533 2985 657 3048 τοὺς
707 2986 869 3051 πόδας
904 2989 1064 3043 αὐτοῦ
1105 2991 1289 3062 θήσειν
1317 2997 1344 3048 ὁ
1391 2997 1578 3067 Πατὴρ
1602 2997 1975 3068 διαγγέλλεται

401 3073 487 3126 διὰ
517 3076 610 3128 τοῦ
645 3081 1002 3151 προκειμένου
1027 3081 1262 3155 ψαλμοῦ.

483 3250 732 3306 ῬάὸὈον
759 3254 1064 3326 δυνάμεως
1083 3260 1478 3328 ἐξαποστελεῖ
1492 3266 1706 3335 Κύριος
1720 3268 1788 3322 ἐκ
1803 3269 1976 3336 Σιὼν,
2004 3231 2047 3290 C

401 3342 500 3396 καὶ
529 3349 921 3416 κατακυρίευε
981 3352 1052 3405 ἐν
1071 3354 1237 3422 μέσῳ
1265 3355 1383 3409 τῶν
1412 3357 1641 3426 ἐχθρῶν
1677 3377 1813 3416 σου.
1857 3363 1980 3418 Ῥά-

401 3431 524 3484 ϐδον
554 3433 835 3506 δυνάμεως
853 3439 910 3492 ὲν
930 3441 1137 3505 τούτοις
1163 3444 1294 3514 ήγοῦ
1303 3463 1400 3516 μαι
1420 3447 1508 3500 τὸν
1523 3448 1872 3518 εὑαγγελικὸν
1893 3453 1983 3506 λό-

401 3538 495 3590 γον
534 3524 804 3616 εἰρῖήῗσθαι,
844 3529 1163 3604 Ἐπίστησον
1185 3534 1240 3587 δὲ
1269 3537 1476 3607 μήποτε
1509 3539 1630 3593 καθ’
1660 3541 1844 3614 ἕτερον
1865 3545 1982 3616 τρόο

401 3629 503 3665 πον
537 3613 730 3684 ῥάϐδος
757 3617 1041 3689 δυνάμεως
1077 3623 1294 3694 εἴρηται
1333 3627 1567 3682 ἐνταῦθα
1605 3631 1637 3700 ἡ
1666 3633 1724 3684 ὲν
1859 3613 1980 3687 δευ-

400 3703 540 3774 τέρῳ
579 3704 777 3777 ψαλμῴ
807 3709 1118 3782 κεκλημένη
1160 3714 1352 3784 ῥάϐδος
1397 3719 1610 3791 σιδηρᾶ.
1653 3721 1713 3774 '0
1741 3723 1840 3792 μὲν
1885 3721 1978 3785 οὖν

400 3796 748 3866 εὐαγγελικὸς
786 3801 962 3870 λόγος,
1010 3805 1038 3855 ὁ
1066 3805 1163 3875 τῆς
1204 3806 1298 3859 τοῦ
1351 3809 1598 3880 Σωτῆρος
1631 3811 1786 3882 ἡμῶν
1822 3814 1979 3868 δυνά-

403 3904 566 3956 μεως,
595 3890 688 3942 καὶ
718 3894 815 3962 τῆς
836 3893 956 3946 κατ’
983 3895 1143 3948 αὐτὸν
1173 3898 1482 3969 οἰκονομίας
1501 3902 1917 3971 ἀπαγγελτικὸς,
1943 3907 1975 3977 ἡ

400 3978 719 4052 παιδευτικὴ
752 3983 845 4034 καὶ
889 3985 1154 4056 σωτήριος
1184 3989 1267 4059 εἴη
1309 3988 1376 4042 ἂν
1424 3990 1636 4062 ῥάϐδος·
1669 3995 1702 4064 ὴ
1736 3993 1792 4046 δὲ
1835 3995 1978 4048 κατά

400 4070 504 4122 τῶν
540 4072 748 4143 ἐχθρῶν
786 4075 1080 4148 αὐτοῦ’καὶ
1112 4078 1384 4151 πολεμίων
1406 4083 1507 4151 τῆς
1543 4083 1706 4138 αὐτοῦ
1747 4087 1975 4159 Ἐκκλη-

399 4161 518 4224 σίας
555 4164 909 4250 καθαιρετικὴ
959 4167 1224 4240 λεγομένη
1267 4172 1480 4243 σιδηρᾶ,
1513 4174 1579 4227 δι’
1613 4169 1681 4246 ἦς
1707 4176 1781 4241 ὼς
1804 4178 1973 4249 σκεύη

399 4255 683 4327 κεραμέως
722 4255 1028 4330 συντρίψειν
1076 4261 1292 4330 λέγεται
1335 4267 1468 4335 τοὺς
1509 4269 1734 4340 ἐχθροὺς
1788 4271 1970 4327 αὐτοῦ.

407 4345 557 4399 Ἐπεὶ
570 4349 747 4402 τοίνυν
771 4351 798 4402 6
823 4352 1055 4422 Χριστὸς
1070 4353 1168 4417 τὰς
1189 4354 1386 4427 Ἐκκλη
1396 4357 1514 4421 σίας
1528 4360 1691 4428 αὑτοῦ
1711 4362 1768 4415 ὲν
1783 4363 1975 4433 μέσαις

399 4439 513 4502 ταῖς
546 4441 732 4493 πόλεσι
760 4443 853 4495 καὶ
887 4443 944 4495 ὲν
981 4445 1161 4508 αὐτοῖς
1197 4445 1382 4516 μέσοις
1408 4448 1582 4503 ἔθνεσι
1613 4453 1814 4522 μεταξὺ
1863 4455 1972 4516 τῶν

2087 1985 2218 2041 Sede
2252 2003 2284 2040 a
2315 1986 2516 2040 dextris
2555 1987 2703 2041 meis.
2754 1982 3037 2050 Quomodo
3076 1982 3222 2037 enim
3271 1980 3521 2034 humanae
3564 1993 3658 2032 co-

2085 2078 2316 2148 gnitioni
2367 2077 2658 2132 accidisset
2693 2076 2885 2131 notitia
2932 2072 3442 2129 communicationis
3492 2084 3658 2140 quam

2085 2169 2246 2229 Pater
2277 2170 2440 2225 habet
2472 2184 2594 2224 cum
2631 2183 2697 2223 eo
2741 2168 2834 2237 qui
2871 2166 3132 2221 Dominus
3162 2165 3333 2234 ipsius
3362 2161 3530 2216 David
3574 2159 3658 2214 di-

2085 2263 2267 2318 citur?
2295 2261 2554 2316 Thronus
2597 2261 2780 2330 itaque
2813 2259 3014 2329 regiam
3047 2258 3167 2327 ejus
3205 2253 3522 2324 dignitatem
3562 2249 3657 2305 de-

2084 2357 2287 2423 clarat;
2343 2355 2517 2410 sessio
2584 2360 2763 2407 autem
2813 2349 3155 2413 ﬁrmitatem,
3201 2345 3550 2402 stabilitatem
3603 2349 3657 2398 et

2085 2447 2522 2502 immobilitatem
2575 2443 2978 2515 permansionis
3021 2442 3142 2512 ejus
3183 2441 3237 2495 in
3288 2454 3479 2509 regno.
3521 2435 3656 2490 lllud

2085 2554 2287 2609 autem,
2316 2561 2348 2597 a
2370 2543 2593 2607 dextris,
2620 2542 2864 2596 declarat
2901 2541 3082 2610 ipsum
3126 2538 3444 2592 dextrorum
3479 2530 3659 2586 Patris

2085 2651 2372 2691 munerum
2410 2650 2533 2690 esse
2577 2633 2915 2704 participem.
2950 2629 3144 2685 Omnia
3172 2628 3374 2701 quippe
3411 2627 3657 2688 dextera,

2085 2730 2227 2794 laeta,
2261 2730 2404 2784 bona
2431 2738 2486 2784 et
2507 2719 2768 2781 salutaria
2799 2723 2957 2794 quasi
2996 2739 3023 2776 a
3055 2721 3216 2776 Patre
3240 2718 3412 2773 Filius
3444 2719 3655 2773 subrui.-

2083 2823 2305 2878 nistrat.
2327 2821 2581 2876 Inimicos
2607 2825 2787 2873 autem
2810 2823 2970 2871 vocat
2997 2831 3091 2870 eos
3115 2814 3208 2884 qui
3245 2813 3298 2866 in
3330 2810 3654 2882 prmeedenti

2083 2916 2296 2986 psalmo
2321 2913 2583 2968 declarati
2607 2921 2766 2977 sunt;
2795 2925 2970 2979 neque
2994 2916 3200 2962 tantum
3233 2920 3349 2968 eos,
3377 2904 3472 2960 sed
3491 2903 3654 2959 etiam

2083 3023 2275 3064 omnes
2299 3004 2645 3062 adversarias
2678 3003 2928 3057 virtutes.
2961 2998 3122 3053 Pater
3142 2997 3286 3052 enim
3315 2997 3371 3050 in
3401 2991 3654 3066 praesenti

2082 3095 2295 3166 psalmo
2318 3109 2377 3148 se
2402 3108 2592 3148 omnes
2619 3093 2721 3147 sub
2754 3088 2918 3161 pedes
2948 3088 3065 3158 ejus
3102 3094 3502 3156 prostraturum
3531 3097 3653 3140 esse

2084 3188 2394 3245 denuntiat.

2154 3283 2322 3340 Vens.
2371 3284 2424 3338 5.
2498 3281 2714 3352 Virgam
2760 3280 2972 3334 virtutis
3033 3277 3230 3332 emittet
3288 3272 3540 3328 Dominus
3588 3286 3653 3326 ex

2081 3373 2229 3435 Sion,
2259 3382 2307 3426 et
2340 3372 2612 3425 dominare
2641 3371 2696 3424 in
2722 3371 2890 3430 medio
2915 3369 3248 3423 inimicorum
3279 3376 3506 3419 tuorum.
3531 3361 3652 3417 Vir-

2081 3481 2204 3536 gam
2237 3464 2482 3526 (virtutis
2524 3464 2762 3518 arbitror
2802 3463 2906 3518 hoc
2951 3462 3072 3516 loco
3109 3457 3482 3528 evangelicum
3532 3470 3653 3513 ser-

2081 3574 2298 3614 monem
2325 3558 2531 3618 dictum
2565 3573 2707 3613 esse.
2744 3556 2982 3611 Observa
3015 3569 3200 3624 porro,
3232 3567 3361 3605 num
3407 3550 3546 3605 forte
3573 3565 3651 3606 se-

2081 3643 2319 3704 cunduin
2347 3650 2510 3703 aliam
2556 3648 2819 3702 rationem
2860 3645 3011 3714 virga
3045 3641 3262 3698 virtutis
3308 3641 3398 3695 hic
3438 3639 3650 3695 dicatur

2079 3750 2167 3802 ea,
2198 3749 2318 3804 quae
2352 3735 2406 3788 in
2436 3735 2676 3790 secundo
2709 3733 2917 3805 psalmo
2959 3732 3110 3802 virga
3149 3731 3324 3785 ferrea
3366 3745 3649 3798 nuncupa-

2078 3833 2190 3899 tur.
2221 3825 2577 3898 Evangelicus
2607 3827 2788 3895 itaque
2832 3837 3033 3886 sermo,
3075 3822 3168 3892 qui
3209 3819 3515 3876 Servatoris
3550 3835 3647 3874 no-

2079 3916 2178 3970 stri
2211 3917 2464 3970 virtutem
2505 3924 2558 3970 et
2601 3916 2722 3984 ejus
2766 3914 3126 3970 oeconomiam
3157 3915 3465 3978 annuntiat,
3497 3912 3648 3982 virga

2078 4009 2396 4063 doctrinalis
2443 4018 2495 4064 et
2530 4009 2786 4064 salutaris
2819 4008 3013 4076 fuerit;
3047 4008 3136 4062 illa
3167 4023 3297 4062 vero
3331 4023 3436 4077 qua
3471 4007 3648 4060 inimi-

2077 4117 2172 4157 cos
2203 4117 2332 4156 suos
2362 4109 2416 4154 et
2460 4102 2714 4156 Ecclesiae
2744 4101 2928 4156 hostes
2978 4101 3274 4170 prosternit
3302 4114 3364 4153 ac
3393 4098 3647 4164 destruit,

2078 4191 2252 4246 ferrea
2283 4200 2530 4257 vocetur,
2561 4208 2668 4261 qua
2698 4191 2900 4246 dicitur
2924 4191 3175 4245 inimicos
3219 4205 3347 4245 suos
3389 4198 3646 4258 tanquam

2075 4299 2206 4337 vasa
2255 4283 2403 4351 liguli
2451 4283 2787 4338 conti-iturus
2828 4299 2968 4340 esse.
3018 4280 3154 4347 Quia
3192 4281 3355 4351 igitur
3395 4278 3645 4334 Christus

2076 4372 2351 4428 Ecclesias
2393 4390 2522 4429 suas
2551 4374 2605 4426 in
2641 4375 2832 4430 mediis
2875 4373 3103 4428 urbibus
3135 4380 3188 4428 et
3218 4371 3468 4441 gentibus
3508 4369 3644 4423 inter

2077 4465 2330 4518 inimicos
2373 4471 2428 4520 et
2474 4463 2660 4519 hostes
2708 4466 3013 4530 constituit,
3073 4461 3386 4518 necessario
3438 4460 3643 4514 dictum

398 4530 604 4636 έχθρῶν
627 4532 731 4636 ’καὶ
776 4533 1061 4636 ,πολεμίων
1118 4540 1500 4610 συνεστήσατο,
1536 4544 1844 4614 ἀναγκαίως
1883 4547 1975 4600 λέ-

2080 4564 2162 4612 est
2194 4575 2208 4609 :
2243 4557 2452 4636 l’irgam
2486 4558 2692 4611 virtutis
2723 4567 2825 4612 tua:
2852 4558 3052 4612 emittet
3074 4555 3352 4618 Dominus,
3387 4562 3442 4606 ut
3471 4552 3642 4606 domi-

398 4621 578 4673 λεκται
625 4621 728 4685 ὅτι,
776 4620 1024 4677 Ῥάϐδον
1072 4624 1379 4696 δυνάμεώς
1420 4644 1537 4685 σου
1575 4633 1978 4697 ἐξαποστελεῖ

399 4713 623 4781 Κύριος,
654 4713 755 4767 ἵνα
797 4718 1272 4788 κατακυριεύσῃς
1299 4719 1368 4772 ἐν
1400 4720 1568 4790 μέσῳ
1587 4722 1707 4777 τῶν
1746 4725 1974 4796 ἐχθρῶν

397 4820 532 4857 σου.

462 4896 624 4950 Μετὰ
651 4896 768 4951 σοῦ
786 4899 824 4967 ἠ
861 4899 1017 4968 ἀρχὴ
1051 4900 1122 4954 ἐν
1150 4903 1339 4972 ἡμέρῃ
1381 4904 1491 4973 τῆς
1519 4905 1824 4975 δυνάμεώς
1855 4922 1970 4963 σου

397 4988 461 5041 ἐν
484 4989 614 5057 ταῖς
643 4993 1023 5061 λαμπρότησι
1051 4993 1172 5047 τῶν
1207 4996 1413 5064 ἁγίων,
1461 4997 1529 5050 ἐκ
1573 4999 1827 5066 γαστρὸς
1857 5000 1969 5068 πρὸ

397 5078 701 5147 ἑωσφόρου
761 5081 1059 5150 ἐγέννησα
1111 5101 1203 5138 σε.
1258 5085 1509 5148 Ἀκύλας,
1567 5087 1701 5140 Ἆπὺ
1740 5088 1971 5156 μήτρας

396 5169 863 5244 ἐξωρθρισμένης
893 5191 990 5227 σοι
1032 5174 1250 5243 δρόσος
1279 5177 1658 5246 παιδιότητός
1688 5195 1823 5234 σου·
1855 5183 1884 5234 6
1913 5182 1969 5234 δὲ

396 5260 706 5333 Σύμμαχος⁹
747 5263 842 5330 Ὧς
871 5266 998 5318 κατ’
1031 5267 1243 5334 ὄρθρον
1277 5284 1376 5321 σοι
1418 5267 1639 5336 δρόσος
1672 5271 1711 5338 ἡ
1758 5273 1971 5339 νεότης

396 5368 526 5406 σου⁸
558 5355 668 5425 ήδὲ
704 5357 927 5433 πέμπτη
959 5357 1187 5425 ἔκδοσις,
1234 5361 1328 5413 Ἐκ
1354 5361 1584 5429 μήτρας
1615 5363 1731 5416 ἀπὸ
1757 5363 1968 5432 ὄρθρου

395 5458 489 5497 σοι
514 5445 734 5513 δρόσος
757 5449 1041 5515 νεότητός
1078 5465 1214 5504 σου.
1251 5452 1362 5504 Καὶ
1392 5451 1535 5505 ἔοικέ
1565 5468 1629 5520 γε
1658 5453 1746 5507 διὰ
1765 5455 1968 5509 τούτων

395 5535 490 5606 τῆς
520 5537 783 5608 ὲνσάρκου
837 5541 1142 5611 γεννήσεως
1186 5540 1351 5594 αὐτοῦ
1392 5541 1489 5613 τὴν
1527 5545 1836 5615 οίκονομίαν
1870 5563 1967 5617 ση-

396 5627 626 5692 μαίνειν.
677 5629 808 5682 Ἀπὸ
831 5630 940 5701 γὰρ
981 5632 1210 5702 μήτρας,
1245 5634 1402 5703 φησὶ,
1447 5635 1736 5713 γενήσεται
1781 5637 1970 5708 δρόσος

397 5714 800 5788 ὲξωρθρισμένη
829 5722 927 5790 τῆς
944 5722 1286 5791 παιδιότητός
1313 5740 1428 5776 σου·
1470 5725 1502 5795 ἢ
1538 5726 1604 5778 ἐκ
1635 5729 1846 5800 μήτρας
1878 5747 1969 5798 γετ

465 5823 510 5855 ’³
548 5822 734 5880 Matth.
772 5842 934 5894 xvm,
970 5831 1058 5886 20.
1135 5832 1181 5864 ”
1220 5832 1407 5890 Matth.
1449 5852 1594 5903 xm,
1628 5838 1716 5894 45.

2076 4649 2217 4718 neris
2246 4649 2302 4703 in
2332 4649 2502 4712 medio
2528 4650 2864 4706 inimicorum
2899 4659 3129 4703 tuorum.

2143 4891 2309 4946 Vens.
2339 4892 2393 4946 4.
2441 4891 2630 4944 Tecum
2688 4889 3008 4958 principium
3060 4887 3114 4940 in
3166 4885 3252 4940 die
3293 4885 3506 4938 virtutis
3542 4892 3642 4938 tua:

2073 4992 2126 5044 in
2149 4990 2512 5059 splendoribus
2542 4999 2872 5053 sanctorum,
2910 5003 2974 5042 ex
3005 4996 3152 5040 utero
3186 4997 3307 5040 ante
3339 4985 3641 5053 Luciferum

2071 5092 2225 5162 genui
2255 5102 2321 5145 te.
2353 5089 2570 5160 Aquila,
2602 5089 2666 5144 ab
2699 5099 2847 5144 utero
2895 5088 3130 5141 diluculo
3163 5089 3390 5141 excitato
3426 5085 3520 5138 tibi
3555 5100 3640 5137 ros

2071 5194 2313 5263 pueritiw
2339 5203 2442 5247 tua:
2462 5209 2475 5259 ;
2497 5191 2856 5263 Symmachus
2884 5229 2898 5255 ,
2922 5190 3058 5244 velut
3081 5188 3310 5242 diluculo
3336 5187 3426 5240 tibi
3450 5203 3534 5240 ros
3547 5185 3639 5254 ju-

2072 5307 2252 5350 ventus
2283 5304 2410 5358 tua;
2437 5293 2628 5364 quinta
2679 5300 2861 5349 autem
2895 5291 3084 5355 editio,
3119 5305 3183 5345 ea:
3235 5299 3383 5343 utero
3416 5289 3638 5342 dilicqu

2072 5385 2166 5439 tibi
2205 5401 2291 5438 ros
2317 5384 2608 5453 juventutis
2635 5391 2756 5436 tuaz.
2793 5379 2997 5450 Hisque
3026 5381 3243 5434 videtur
3273 5377 3638 5450 generationis

2070 5477 2190 5546 ejus
2252 5474 2490 5528 carnalis
2546 5473 2907 5527 oeconomiam
2969 5471 3298 5541 signiﬁcare.
3358 5467 3440 5522 Ab
3480 5474 3638 5522 utero

2071 5569 2238 5629 enim,
2272 5567 2368 5630 ait,
2400 5567 2502 5631 crit
2525 5581 2615 5621 ros
2644 5566 2946 5619 matutinus
2975 5563 3220 5635 pueritiae
3248 5569 3383 5628 tuae;
3420 5562 3535 5616 sive
3570 5576 3636 5617 ex

2071 5667 2226 5732 utero
2258 5659 2346 5713 tiet
2395 5658 2492 5729 tibi
2541 5673 2633 5718 ros
2663 5667 2788 5716 tuus
2831 5657 3072 5711 diluculo
3106 5656 3158 5709 in
3196 5653 3483 5726 juventute
3520 5659 3634 5704 tua.

2075 5751 2276 5822 llisque
2309 5750 2544 5807 arbitror
2573 5750 2862 5817 declarari,
2913 5764 3021 5804 non
3047 5763 3112 5803 ex
3141 5747 3349 5803 semine
3378 5745 3502 5812 viri,
3539 5743 3639 5802 scd
