4102 6452
417 411 552 467 1545
1120 403 1389 462 EUSEBH
1418 401 1896 459 CESARIENSIS
1931 401 2000 459 ΟΞ

2116 401 2295 455 PARS
2333 399 2419 453 ΙΙΙ.
2459 431 2530 440 --
2567 397 2974 454 EXEGETICA.
3530 395 3668 450 ιδιι

420 549 479 588 ex
515 530 723 601 Spiritu
769 536 982 594 sancto,
1034 527 1316 582 carnalem
1353 525 1762 598 generationem
1784 526 1990 580 consti-

2104 522 2311 595 ιήσεταί
2346 539 2427 576 σοι
2458 521 2648 592 δρόσος
2665 538 2756 574 σου
2779 520 2977 590 ὄρθρου
3006 520 3063 574 ὲν
3082 521 3148 591 τῇ
3175 517 3387 590 νεότητί
3418 533 3532 570 σου.
3564 517 3670 587 Ση-

418 624 513 678 tui.
547 623 682 677 Nam
721 621 1177 693 quemadmodum
1220 635 1312 674 ros
1357 633 1593 687 superne
1623 618 1691 673 de
1720 619 1860 675 ccelo
1895 617 1990 673 de-

2104 613 2378 685 μαίνεσθαι
2409 613 2465 666 δὲ
2485 612 2573 665 διὰ
2595 612 2797 665 τούτων
2820 611 2950 683 ἡγοῦ
2960 629 3055 681 μαι
3075 610 3135 664 τὸ
3168 610 3243 681 μὴ
3272 611 3336 662 ὲκ
3357 610 3669 678 σπέρματος

418 715 606 778 lluens,
641 713 721 768 sic
758 713 813 766 in
859 720 1016 768 utero
1040 710 1372 782 przegnantis
1407 708 1597 766 matris
1630 709 1771 780 ejus,
1806 709 1991 765 carnis

2104 705 2303 777 ἱνδρὺς,
2330 704 2443 758 ἀλλ’
2475 703 2534 770 ἐξ
2562 703 2716 773 ἁγίου
2741 703 3055 772 Πνεύματος
3073 702 3332 772 συστῆναι
3348 699 3444 771 τὴν
3477 699 3672 769 ἐνσαρ-

417 805 733 860 constitutio
749 805 890 860 facta
907 812 992 860 est
1007 804 1062 858 in
1079 803 1308 858 infantia
1327 803 1519 874 ipsius.
1539 802 1646 856 Pro
1666 803 1758 856 illo
1785 809 1989 870 autem,

415 913 476 951 ea:
507 905 700 961 ventre,
734 897 855 951 sive
878 911 946 950 ex
973 907 1143 960 utero,
1175 893 1498 949 Hebraicum
1528 894 1693 948 habet
1733 891 1990 946 Mariam.

416 985 608 1055 Aliquo
649 994 832 1040 autem
864 992 1122 1039 narrante
1140 983 1288 1046 novi,
1321 983 1646 1038 Hebraicam
1673 997 1862 1038 vocem
1901 981 1991 1036 hic

415 1076 636 1132 Mariam
671 1075 990 1132 meminisse
1014 1094 1032 1130 :
1063 1089 1190 1129 nam
1223 1075 1378 1138 illud,
1402 1073 1658 1138 Mariam,
1691 1073 1872 1128 Mariae
1889 1089 1982 1127 no-

2093 815 2186 851 κον
2213 796 2483 867 γέννησιν.
2537 791 2638 850 υἷα
2686 794 2795 867 γὰρ
2827 794 3014 866 δρόσος
3056 793 3262 848 ἄνωθεν
3320 793 3380 857 ἐξ
3437 787 3670 862 οὐρανοῦ

2095 889 2392 960 φερομένη,
2418 887 2559 941 οὓτω
2591 905 2708 952 πως
2753 891 2812 940 ὲν
2848 889 2914 958 τῇ
2949 886 3133 958 μήτρᾳ
3163 885 3261 956 τῆς
3299 884 3673 967 κυοφορούσης

2093 983 2253 1036 αὐτὸν
2291 982 2495 1053 μητρὸς
2525 984 2558 1053 ἡ
2591 982 2690 1052 τῆς
2724 981 2926 1052 σαρκὸς
2962 981 3171 1050 ὑπέστη
3204 979 3460 1042 σύστασις
3506 981 3563 1031 ἐν
3602 979 3670 1047 τῇ

2095 1073 2398 1144 παιδιότητι
2425 1072 2612 1128 αὐτοῦ.
2658 1073 2801 1125 Ἀντὶ
2828 1072 2884 1125 δὲ
2906 1071 3022 1136 τοῦ,
3054 1073 3123 1125 ἑκ
3161 1071 3441 1141 γαστρὸς,
3463 1069 3519 1140 ἢ,
3551 1066 3672 1121 ἀπὸ

416 1181 538 1224 men
574 1169 881 1239 signiﬁcat;
904 1170 978 1224 ita
1001 1175 1060 1223 ut
1088 1168 1176 1224 his
1207 1169 1528 1224 nominatim
1572 1166 1806 1240 Deipara
1838 1181 1989 1222 com-

2104 1165 2338 1234 μήτρας,
2379 1166 2438 1220 τὸ
2469 1165 2754 1238 Ἐϐραῖκδν
2785 1164 2915 1235 ἔχει,
2943 1163 3196 1234 Μαριάμ.
3224 1159 3353 1218 υἷδα
3370 1164 3425 1216 δὲ
3439 1165 3518 1226 εἰς
3544 1161 3674 1214 τοῦ-

417 1266 769 1313 Incmoretur.

2094 1275 2155 1310 το
2171 1257 2313 1320 τινὸς
2347 1256 2607 1320 ἀκούσας,
2645 1256 2720 1320 ὡς
2749 1257 2850 1326 τῆς
2889 1256 3180 1328 Ἐϐραῖκῆς
3220 1256 3402 1325 φωνῆς
3435 1252 3670 1306 ἐνταῦθα

417 1349 512 1419 τῆς
539 1351 759 1423 Μαρίας
784 1351 1255 1424 μνημονευσάσηςο
1287 1350 1496 1424 τ’ὺγὰρ,
1549 1351 1804 1423 Μαριὰμ,
1848 1350 1909 1404 τὺ
1937 1351 2155 1422 Μαρίας
2196 1353 2366 1422 δνομα
2417 1351 2691 1423 σημαίνει,
2738 1352 2814 1416 ὼς
2857 1351 3114 1422 ὀνομαστὶ
3165 1351 3250 1404 διὰ
3311 1348 3512 1403 τούτων
3570 1346 3673 1416 τῆς

417 1431 675 1496 Θεοτόκου
705 1461 807 1515 μνη
817 1444 1187 1515 μονευθείσης.

485 1533 651 1590 Vens.
714 1537 831 1592 5.8.
885 1535 1098 1592 Juravit
1157 1537 1436 1602 Dominus,
1479 1548 1528 1592 et
1584 1553 1687 1591 non
1724 1535 1991 1606 paenitebit

2194 1537 2392 1602 Ωμοσε
2436 1535 2669 1604 Κύριος,
2719 1532 2819 1587 καί
2876 1534 2947 1587 οὐ
2979 1531 3550 1603 μεταμεληθήσεται,
3586 1531 3674 1589 Σὺ

416 1642 554 1690 eum,
585 1625 663 1680 Tu
687 1644 741 1682 es
795 1628 1040 1683 sacerdos
1071 1630 1124 1682 in
1162 1638 1414 1685 wternum
1441 1629 1724 1683 secundum
1755 1627 1991 1684 ordinent

2104 1626 2287 1693 ίερεὺς
2307 1628 2395 1692 εἰς
2425 1626 2530 1679 τὸν
2553 1624 2738 1679 αὶῶνα
2769 1624 2920 1678 κατὰ
2944 1624 3056 1694 τὴν
3079 1624 3251 1690 τάξιν
3277 1625 3672 1694 Μελχισεδέκ.
3702 1650 3704 1652 τ

420 1716 818 1774 Melchisedech.
868 1721 1127 1775 Dominus
1174 1739 1208 1775 a
1247 1720 1454 1776 dextris
1507 1724 1613 1777 tuis
1653 1723 1910 1795 confregit
1936 1724 1992 1778 in

2104 1718 2309 1784 Κύριος
2340 1717 2406 1770 ἐκ
2426 1715 2638 1781 δεξιῶν
2658 1731 2774 1770 σου
2803 1715 3268 1770 συνέθλασενέν
3289 1717 3473 1786 ἡμέρᾳ
3490 1716 3677 1788 ὀργῆς

414 1808 498 1861 die
531 1809 626 1862 ira
650 1825 761 1863 sua:
791 1826 955 1881 reges.
991 1810 1270 1866 Judicabit
1310 1814 1366 1868 in
1396 1814 1722 1879 nationibus,
1759 1815 1992 1885 implebit

2104 1809 2282 1863 αὐτοῦ
2307 1808 2610 1875 βασιλεῖς.
2638 1807 2928 1876 Κρινεῖἐν
2961 1808 3086 1875 τοῖς
3115 1808 3338 1870 ἔθνεσι,
3372 1809 3678 1877 πληρώσει

414 1901 622 1965 ruinas,
667 1903 1041 1973 conquassabit
1074 1906 1252 1973 capita
1293 1905 1351 1959 in
1382 1915 1547 1963 terra.
1574 1905 1649 1961 De
1679 1916 1912 1963 torrente
1937 1909 1992 1962 in

2104 1899 2394 1970 πτώματα,
2435 1898 2770 1955 συνθλάσει
2809 1899 3078 1969 κεφαλὰς
3119 1898 3217 1952 ἐπὶ
3246 1898 3380 1970 γῆς.
3427 1901 3521 1953 Ἐκ
3549 1917 3670 1970 χει-

413 1993 498 2045 via
526 1991 683 2060 bibet,
707 2005 980 2063 propterea
1033 1995 1296 2050 exaltabit
1331 2005 1510 2065 caput.
1544 1995 1671 2052 Habe
1700 1996 1993 2052 admodum

2104 1991 2321 2061 μάρῤου
2350 1989 2549 2056 ἐνόδῷ
2576 1991 2790 2056 πίεται,
2813 1989 2911 2044 διὰ
2927 1991 3100 2044 τοῦτο
3118 1989 3348 2058 ὑψώσει
3377 1987 3672 2059 κεφαλήν.

415 2091 820 2153 consequenter
888 2085 1146 2140 videntur
1191 2085 1471 2157 praedictis
1524 2086 1708 2142 verbis
1751 2087 1995 2142 subnexa

417 2189 559 2230 esse.
588 2173 817 2231 Etiamsi
851 2177 997 2231 enim
1027 2184 1209 2232 ortum
1241 2193 1307 2232 ex
1337 2186 1494 2233 utero
1514 2192 1710 2248 passus
1745 2180 1822 2235 sis
1842 2219 1857 2247 ,
1895 2178 1994 2246 ait,

413 2273 581 2336 atque
601 2267 770 2320 veluti
798 2283 890 2322 ros
919 2283 983 2322 ex
1015 2267 1224 2338 Spiritu
1250 2279 1462 2333 sancto,
1494 2277 1775 2339 assumpta
1806 2285 1991 2334 carne,

417 2356 599 2412 lactus
629 2357 705 2414 sis
725 2358 781 2412 in
811 2357 1040 2412 infantia
1076 2368 1206 2427 tua;
1239 2371 1300 2414 at
1334 2377 1443 2416 non
1478 2363 1597 2433 pari
1629 2371 1792 2433 atque
1817 2363 1995 2418 caeteri

419 2449 668 2504 homines
712 2451 927 2507 ratione
949 2453 1073 2508 vitae
1103 2455 1310 2510 exitum
1332 2455 1615 2524 sortieris;
1648 2455 1743 2513 sed
1766 2457 1820 2511 in
1845 2467 1998 2513 reter-

415 2555 547 2594 num
576 2539 684 2597 Deo
719 2552 770 2597 et
815 2541 964 2598 Patri
1002 2545 1260 2601 sacerdos
1306 2548 1552 2603 manebis
1582 2565 1596 2603 :
1632 2547 1900 2617 siquidem
1943 2547 1997 2601 id

417 2630 723 2696 deﬁnitum,
741 2640 795 2687 et
818 2649 847 2687 a
873 2633 1035 2691 Patre
1050 2645 1142 2692 tuo
1166 2651 1290 2691 cum
1312 2637 1609 2708 juramenti
1642 2638 1999 2695 aﬂlrmatione

418 2721 830 2791 pronuntiatum
864 2731 972 2781 est.

932 2923 1296 2981 ALLELUIA.
1323 2925 1435 2981 CX.

486 3009 652 3069 Vens.
688 3014 802 3070 {-5.
835 3015 1141 3086 Conﬁtebor
1177 3017 1294 3082 tibi,
1331 3017 1576 3086 Domine,
1611 3020 1668 3074 in
1701 3029 1809 3075 toto
1844 3022 1998 3076 corde

417 3116 551 3164 meo,
582 3103 634 3155 in
655 3104 877 3158 consilio
888 3107 1163 3174 justorum
1186 3117 1234 3161 et
1259 3112 1679 3180 congregatione.
1707 3111 1998 3184 Inscriptio

2095 2083 2308 2155 Σφόδρα
2339 2100 2427 2154 μοι
2457 2082 2604 2136 δοκεῖ
2627 2081 2933 2145 ἀκολούθως
2955 2084 3021 2152 τῇ
3050 2080 3515 2154 προγεγραμμένῃ
3534 2080 3678 2148 λέξει

2097 2177 2342 2249 συνήφθη
2373 2176 2444 2230 τὰ
2475 2176 2829 2248 προκείμενα.
2854 2174 2916 2227 Ei
2954 2172 3063 2243 γὰρ
3097 2172 3191 2226 καὶ
3215 2171 3283 2225 τὰ
3310 2172 3543 2241 μάλιστα
3578 2171 3678 2241 γέ-

2095 2288 2241 2325 νεσιν
2256 2269 2353 2341 τὴν
2380 2267 2488 2322 ἀπὸ
2509 2269 2720 2339 μήτρας
2749 2266 3068 2338 ὑπέμεινας,
3101 2263 3252 2334 φησὶ,
3273 2265 3364 2317 καὶ
3384 2264 3678 2336 γεγένησαι

2095 2357 2182 2416 οἷα
2217 2360 2405 2432 δρόσος
2429 2358 2488 2424 ἐξ
2526 2360 2680 2428 ἁγίου
2714 2357 3027 2429 Πνεύματος
3062 2359 3120 2410 ὲν
3149 2358 3214 2426 τῇ
3249 2355 3552 2426 παιδιότητί
3582 2372 3678 2408 σου

2100 2455 2276 2527 σάρκα
2307 2451 2611 2516 ἀναλαϐὼν,
2632 2451 2746 2504 ἀλλ’
2761 2451 2856 2520 οὐχ
2881 2449 3080 2521 ὁμοίως
3107 2451 3219 2511 τοῖς
3241 2446 3445 2512 λοιποῖς
3468 2447 3680 2519 ἀνθρώ-

2097 2563 2220 2611 ποις
2248 2546 2341 2599 καὶ
2372 2546 2468 2616 τὴν
2501 2545 2884 2616 καταστροφὴν
2906 2541 3000 2596 τοῦ
3036 2541 3149 2611 βίου
3189 2542 3452 2612 ποιήσεις·
3482 2542 3677 2612 διαμε-

2098 2641 2206 2700 νεῖς
2235 2636 2292 2689 δὲ
2338 2637 2417 2698 εἰς
2448 2635 2540 2689 τὸν
2567 2635 2738 2688 αίῶνα
2772 2632 3064 2704 ἱερώμενος
3094 2631 3171 2702 τῷ
3211 2631 3330 2702 θεῷ
3352 2631 3447 2685 καὶ
3479 2634 3675 2702 Πατρί.

2098 2727 2269 2782 Τοῦτο
2282 2726 2391 2798 γὰρ
2425 2726 2674 2799 ὥρισται,
2706 2726 2797 2780 καὶ
2821 2725 2937 2796 μεθ’
2967 2726 3128 2795 ὅρκου
3152 2723 3489 2795 βεϐαιώσεως
3519 2723 3679 2778 τοῦτο

2099 2820 2481 2890 ἀποπέφανται
2512 2820 2647 2889 πρὸς
2661 2817 2754 2871 τοῦ
2788 2816 2881 2870 σοῦ
2914 2815 3144 2887 Πατρός.

2620 2930 3042 2984 ΑΛΛΗΛυΥῐΑ.
3066 2930 3170 2982 Pl'.

2181 3021 2731 3095 Ἐξομολογήσομαί
2790 3036 2908 3084 σοι,
2963 3021 3159 3101 Κύριε,
3193 3019 3262 3073 ἑν
3300 3019 3414 3088 ὅλῃ
3468 3019 3696 3088 καρδίαν

2095 3137 2234 3189 μου,
2282 3119 2352 3172 ἐν
2396 3115 2602 3184 ,βουλῇ
2635 3112 2856 3169 είὺθέων
2907 3113 3004 3166 καὶ
3057 3111 3396 3182 συναγωγῇ.
3449 3111 3530 3165 Τὰ
3579 3112 3681 3182 τῆς

414 3193 702 3260 praesentis
731 3209 795 3248 ac
835 3197 1180 3266 sequentium
1218 3201 1555 3268 psalmorum
1587 3201 1849 3267 declarat,
1882 3203 1997 3257 haec

2104 3207 2428 3280 προγραφῆς
2468 3204 2562 3258 τοῦ
2620 3202 2979 3274 προκειμένου
3017 3201 3111 3255 καὶ
3154 3200 3264 3254 τῶν
3309 3201 3508 3273 ἐφεξῆς
3529 3200 3683 3271 αὐτῷ

418 3297 530 3338 non
555 3299 649 3354 per
674 3286 993 3354 psalterium
1025 3287 1377 3356 pronuntiata
1391 3292 1577 3357 fuisse,
1597 3309 1774 3364 neque
1801 3297 1999 3349 cantici

421 3373 601 3428 locum
635 3383 840 3439 tenere,
868 3393 1044 3448 neque
1061 3380 1346 3443 orationis,
1370 3399 1547 3453 neque
1563 3384 1795 3438 aliorum
1813 3389 2000 3455 quaein

417 3467 595 3524 titulis
609 3466 878 3538 feruntur;
899 3471 994 3526 sed
1016 3461 1139 3528 esse
1171 3472 1404 3544 hymnos
1419 3476 1714 3547 gratiarum
1734 3477 1997 3534 actionis:

417 3576 588 3629 quare
618 3559 868 3632 inscripti
887 3570 1036 3628 sunt,
1067 3563 1322 3628 Alleluia,
1356 3567 1502 3636 quod
1530 3565 1718 3623 Graece
1757 3584 2000 3637 versum,

417 3654 630 3708 laudem
657 3654 751 3708 Dei
777 3655 1072 3725 signiﬁcat.
1094 3655 1399 3727 Conﬁtebor
1417 3659 1532 3725 tibi,
1561 3659 1802 3724 Domine,
1825 3661 1878 3715 in
1894 3670 2001 3714 toto

415 3747 578 3801 corde
621 3764 755 3812 meo,
813 3750 868 3802 in
925 3750 1148 3803 consilio
1181 3751 1448 3813 iustarum
1479 3763 1530 3806 et
1577 3753 1997 3823 congregatione.

423 3835 622 3909 Magna
651 3855 809 3908 opera
835 3839 1066 3905 Domini,
1100 3843 1367 3912 exquisita
1401 3845 1454 3897 in
1485 3861 1660 3900 omnes
1706 3847 2022 3901 voluntates-

416 3928 558 3998 ejus.
589 3926 868 3996 Confessio
899 3939 949 3984 et
983 3932 1380 4002 magniﬁcentia
1407 3951 1535 4004 opus
1557 3934 1693 4003 ejus,
1719 3945 1770 3990 et
1780 3935 2003 4006 justitia

419 4019 537 4087 ejus
579 4031 752 4075 manet
781 4021 836 4075 in
856 4024 1112 4076 swculum
1141 4024 1344 4078 swculi.
1381 4023 1687 4080 Admodum
1711 4043 1841 4082 vero
1870 4043 2003 4082 con-

422 4118 682 4180 gruenter
711 4123 831 4182 post
853 4114 1110 4168 traditam
1135 4116 1200 4170 de
1230 4114 1516 4172 Salvatore
1550 4127 1740 4173 nostro
1775 4121 2005 4190 prOphe-

423 4203 576 4264 tiam,
629 4203 866 4275 hymnus
900 4207 1198 4276 gratiarum
1254 4208 1488 4263 actionis
1535 4209 1622 4266 his
1659 4211 1841 4267 verbis
1871 4215 2004 4268 sub-

425 4291 703 4360 iungitur,
762 4309 829 4348 ex
859 4295 1033 4363 ipsius
1083 4293 1391 4352 Servatoris
1436 4313 1669 4367 persona
1712 4302 2000 4366 recitatus,

421 4385 517 4450 qui
551 4380 699 4436 Patri
734 4399 836 4438 suo
895 4385 961 4439 de
989 4386 1164 4441 salute
1205 4386 1464 4442 omnibus
1524 4388 1838 4445 hominibus
1869 4405 2004 4446 con-

424 4489 580 4529 cessa
603 4476 808 4546 gratias
865 4476 1052 4531 refert.
1098 4477 1234 4532 Nam
1291 4479 1569 4534 confessio
1603 4497 1670 4536 ex
1707 4480 2003 4553 Scriptura:

424 4580 530 4621 .usu
582 4565 743 4621 modo
798 4577 1144 4637 peccatorum
1199 4569 1627 4626 declarationem
1687 4574 1996 4645 signiﬁcat,

425 4655 591 4710 modo
615 4657 910 4728 gratiarum
937 4659 1208 4715 actionem
1256 4661 1498 4716 exhibet.
1537 4660 1734 4717 Statim
1765 4667 1910 4720 enim
1945 4667 2002 4723 in

429 4746 735 4819 Evangeliis
762 4749 878 4820 ipse
911 4748 1168 4806 Servatur
1199 4751 1386 4808 noster
1417 4754 1493 4808 ait
1536 4773 1550 4808 :
1584 4754 1854 4826 Conﬁteor
1884 4761 2000 4826 tibi,

429 4837 613 4905 Pater,
639 4839 856 4895 Domine
882 4843 998 4895 caeli
1038 4853 1087 4896 et
1109 4853 1284 4910 terra,
1309 4847 1434 4916 quia
1472 4847 1797 4904 abscondisti
1831 4851 1941 4907 Itazc
1971 4870 2006 4908 a

427 4931 748 5000 sapientibus
777 4942 826 4986 et
863 4935 1228 5003 prudentibus,
1261 4948 1308 4991 et
1352 4939 1596 4994 revelasti
1641 4958 1704 4996 ea
1741 4944 1999 5011 parvulis.

433 5023 539 5087 Ita,
569 5023 752 5089 Pater,
782 5028 1028 5095 quoniam
1047 5030 1121 5084 sic
1151 5030 1253 5100 fuit
1281 5030 1536 5100 placitum
1559 5044 1678 5088 ante
1701 5043 1767 5089 te.
1805 5035 2002 5090 Omnia

431 5117 556 5170 mihi
586 5118 788 5171 tradita
832 5131 954 5174 sunt
983 5138 1016 5174 a
1053 5121 1235 5187 Patre,
1287 5133 1336 5178 et
1383 5141 1534 5178 nemo
1585 5127 1728 5180 novit
1760 5129 1877 5198 quis
1925 5139 2004 5183 est

433 5205 606 5262 Filius
642 5208 744 5263 nisi
796 5207 976 5276 Pater,
1014 5219 1064 5266 et
1088 5214 1205 5281 quis
1242 5222 1319 5267 est
1353 5213 1517 5269 Pater
1548 5216 1650 5269 nisi
1672 5213 1849 5269 Filius
1871 5260 1886 5284 ,
1954 5226 2008 5272 et

433 5298 517 5352 cui
558 5299 781 5353 voluerit
820 5298 996 5356 Filius
1056 5303 1284 5357 revelare
1313 5305 1380 5356 ’⁸.
1430 5336 1498 5345 ——-
1531 5303 1600 5357 In
1652 5306 1877 5359 consilio
1916 5305 2008 5376 ju-

434 5400 633 5445 storum
693 5402 742 5447 et
782 5396 1202 5466 congregatione.
1273 5395 1473 5466 Magna
1533 5413 1692 5467 opera
1762 5397 2005 5464 Domini,

449 5488 713 5556 exquisita
769 5489 824 5543 in
870 5506 1046 5544 omnes
1102 5491 1396 5546 voluntates
1443 5492 1578 5562 ejus.
1637 5492 1755 5547 Non
1811 5509 2006 5564 pravo-

437 5595 554 5634 rum
596 5589 650 5635 et
692 5597 1070 5650 perversorum
1119 5583 1399 5651 virorum;
1456 5583 1550 5641 sed
1598 5586 1891 5656 probarum
1952 5595 2006 5641 et

438 5677 704 5728 rectarum
730 5674 1057 5740 animarum,
1091 5675 1388 5746 gratiarum
1426 5679 1702 5734 actionum
1743 5679 2001 5751 hymnum

513 5830 557 5868 ”
589 5829 722 5886 Luc.
759 5847 791 5886 τ
815 5871 829 5898 ,
864 5831 963 5896 21,
998 5830 1086 5885 22.

2103 3299 2400 3372 παρίστησι
2452 3296 2526 3369 μὴ
2580 3295 2669 3349 διὰ
2711 3294 3007 3366 ψαλτηρίου
3061 3293 3311 3365 εἰρῆσθαι
3350 3293 3415 3348 τὰ
3452 3293 3676 3364 προκεί-

2107 3406 2263 3459 μενα,
2301 3387 2434 3459 μηδὲ
2472 3386 2614 3456 ᾠδῆς
2660 3385 2877 3455 ἐπέχειν
2905 3382 3089 3440 τόπον.
3122 3382 3255 3436 ἀλλὰ
3287 3382 3418 3453 μηδὲ
3443 3398 3676 3461 προσευ-

2102 3483 2223 3552 χῆς,
2277 3479 2410 3553 μηδέ
2451 3495 2596 3541 τινος
2644 3476 2752 3529 τῶν
2801 3475 2974 3530 ἄλλων
3015 3473 3382 3546 προγραφῶν,
3437 3469 3576 3526 εἶναι
3624 3471 3684 3524 δὲ

2106 3573 2307 3644 ὕμνους
2372 3569 2852 3642 εὐχαριστηρίους·
2910 3567 2989 3619 διὸ
3057 3566 3150 3618 καὶ
3217 3561 3692 3636 ἐπιγεγραμμένοι

2105 3664 2262 3727 εἰσὶν,
2321 3660 2706 3728 Ἀλληλούϊα,
2760 3659 2897 3727 ὅπερ
2947 3654 3413 3727 μεταϐαλλόμενον
3465 3655 3546 3716 εἰς
3586 3653 3692 3724 τὴν

2118 3754 2341 3808 Ἐλλάδα
2399 3752 2583 3824 φωνὴν
2609 3751 2781 3805 αἶνον
2797 3749 2946 3803 Θεοῦ
2992 3747 3262 3820 σημαίνει.
3293 3745 3691 3816 Ἐξομολογή-

2104 3849 2287 3917 σομαί
2321 3863 2441 3909 σοι,
2473 3846 2665 3913 Κύριε,
2703 3830 2773 3898 ἐν
2821 3841 2932 3909 ὅλῃ
2965 3840 3175 3908 καρδίᾳ
3194 3857 3335 3908 μου,
3359 3839 3429 3892 ἐν
3481 3835 3690 3906 ,ϐουλῇ

2104 3944 2325 3997 εὐθέων
2371 3941 2469 3994 καὶ
2520 3925 3135 4007 συναγωγῇξΜεγὰλα
3167 3934 3238 3986 τὰ
3270 3931 3414 4001 ἔργα
3443 3929 3688 3998 Κυρίου,

2104 4032 2500 4102 ἐξεζητημένα
2537 4033 2622 4096 εἰς
2654 4027 2850 4082 πάντα
2876 4030 2945 4080 τὰ
2983 4023 3287 4094 θελήματα
3313 4021 3521 4076 αὐτοῦ.
3563 4018 3688 4084 Ἐξ-

2106 4125 2474 4194 ομολόγησις
2525 4121 2621 4174 καὶ
2645 4116 3128 4190 μεγαλοπρέπεια
3172 4114 3236 4168 τὸ
3273 4113 3452 4183 ἔργον
3479 4110 3687 4173 αὑτοῦ,

2107 4215 2203 4269 καὶ
2230 4216 2268 4284 ἡ
2294 4214 2647 4279 δικαιοσύνη
2679 4209 2864 4266 αὐτοῦ
2898 4208 3065 4278 μένει
3101 4209 3189 4272 είς
3211 4204 3317 4258 τὸν
3342 4203 3528 4258 αἰῶνα
3582 4201 3691 4257 τοῦ

2106 4305 2342 4371 αἰῶνος.
2377 4303 2588 4375 Σφόδρα
2612 4302 2670 4356 δὲ
2705 4301 3015 4362 ἀκολούθως
3044 4299 3178 4370 μετὰ
3209 4297 3304 4368 τὴν
3335 4297 3692 4350 ἀποδοθεῖσαν

2107 4396 2236 4467 περὶ
2282 4393 2376 4448 τοῦ
2412 4394 2661 4464 Σωτῆρος
2690 4391 2848 4464 ἡμῶν
2888 4389 3222 4462 προφητείαν
3275 4388 3689 4460 εὐχαριστήριος

2109 4487 2275 4560 ὕμνος
2287 4486 2374 4539 διὰ
2404 4485 2511 4538 τῶν
2528 4484 2902 4556 προκειμένων
2935 4483 3281 4544 συνάπτεται,
3313 4483 3375 4532 ἐκ
3400 4478 3688 4550 προσώπου

2106 4578 2431 4651 λελεγμένος
2463 4576 2630 4631 αὐτοῦ
2676 4576 2769 4629 τοῦ
2810 4575 3079 4648 Σωτῆρος,
3114 4572 3560 4645 εὐχαριστοῦντος
3612 4569 3692 4642 τῷ

2110 4670 2302 4726 ἑαυτοῦ
2321 4672 2496 4741 Πατρὶ
2517 4669 2610 4723 ἐπὶ
2624 4670 2690 4740 τῇ
2721 4667 2937 4722 πάντων
2962 4666 3071 4720 τῶν
3100 4663 3403 4737 ἀνθρώπων
3428 4662 3688 4735 σωτηρίᾳ.

2124 4764 2188 4816 Ἦ
2215 4763 2323 4834 γὰρ
2347 4761 2730 4832 ἐξομολόγησίς
2748 4761 2861 4812 ἐστι
2885 4758 2982 4830 μὲν
3001 4759 3089 4811 ὅτε
3117 4756 3259 4811 κατὰ
3273 4757 3372 4828 τὴν
3409 4755 3691 4825 συνήθειαν
3723 4810 3749 4831 .

2108 4856 2208 4927 τῆς
2253 4855 2478 4927 Γραφῆς
2520 4852 2804 4925 ἁμαρτιῶν
2849 4851 3138 4922 ὁμολογίαν
3169 4848 3445 4920 σημαίνει,
3479 4847 3595 4899 ἔστι
3635 4846 3689 4899 δὲ

2108 4949 2195 5001 ὅτε
2216 4947 2568 5018 εὐχαριστίαν
2602 4944 2945 5017 παρίστησιν.
2964 4943 3173 4997 Αὐτίκα
3188 4942 3233 4995 δ’
3257 4937 3348 4995 οὖν
3374 4942 3431 4994 ὲν
3452 4941 3690 5009 Εὐαγγε-

2109 5038 2241 5102 λίοις
2260 5038 2423 5101 αὐτὸς
2442 5039 2470 5091 ὁ
2491 5037 2681 5110 Σωτὴρ
2694 5040 2727 5108 ἡ
2735 5037 2849 5108 μῶν
2869 5036 3035 5104 λέγει’
3054 5029 3552 5103 Ἐξομολογοῦμαί
3571 5044 3692 5093 σοι,

2110 5129 2321 5200 Πάτερ,
2357 5130 2535 5198 Κύριε
2566 5130 2672 5184 τοῦ
2723 5128 2981 5198 οὐρανοῦ
3007 5127 3105 5182 καί
3138 5124 3247 5194 τῆς
3278 5123 3352 5196 γῆ
3364 5145 3417 5190 ς,
3443 5122 3531 5176 ὅτι
3586 5121 3691 5174 ἀπ-

2109 5220 2382 5292 έκρυψας
2414 5222 2599 5276 ταῦτα
2623 5221 2741 5277 ἀπὸ
2768 5221 2976 5290 σοφῶν
3004 5219 3099 5272 καὶ
3125 5216 3416 5279 συνετῶν,
3457 5212 3553 5268 καὶ
3581 5211 3690 5266 ὰπ-

2111 5313 2426 5384 εκάλυψας
2441 5315 2593 5368 αὐτὰ
2615 5315 2872 5381 νηπίοις.
2909 5311 3041 5377 Ναὶ,
3076 5315 3108 5365 ὁ
3137 5309 3361 5376 Πατὴρ,
3393 5306 3482 5360 ὅτι
3507 5303 3688 5368 οὕτως

2112 5405 2350 5478 ἐγένετο
2376 5405 2620 5460 εὐδοκία
2649 5405 2990 5475 ἔμπροσθέν
3004 5417 3140 5457 σου.
3169 5399 3371 5454 Πάντα
3398 5395 3691 5466 παρεδόθη

2107 5516 2209 5568 μοι
2261 5497 2381 5551 ὑπὸ
2424 5497 2529 5552 τοῦ
2583 5497 2836 5566 Πατρός,
2888 5496 2990 5551 καὶ
3039 5494 3237 5560 οὐδεὶς
3276 5492 3552 5562 γινώσκει
3603 5489 3688 5554 τίς

2111 5589 2328 5643 ἐστινό
2361 5590 2491 5655 Υἱὸς
2511 5592 2561 5644 εὶ
2581 5588 2666 5658 μὴ
2685 5593 2716 5644 ό
2743 5589 2964 5657 Πατὴρ,
2997 5588 3095 5643 καὶ
3122 5587 3212 5652 τίς
3239 5587 3410 5640 ἐστιν
3431 5586 3465 5638 ό
3495 5579 3687 5647 Πατὴρ

2111 5683 2163 5734 εὶ
2193 5679 2276 5751 μὴ
2320 5684 2353 5736 ό
2376 5682 2525 5750 Υἱὸς,
2561 5682 2662 5736 καὶ
2703 5675 2751 5750 ᾧ
2787 5682 2896 5736 ἐὰν
2914 5681 3221 5750 ,ϐούληται
3250 5680 3283 5732 o'
3308 5675 3437 5738 Υἱὸς
3465 5673 3685 5727 ditem:-
