4102 6380
404 373 541 428 ιδιδ
1119 415 1123 420 .
1557 366 2024 422 (ἶΟΜΜΕΝΤΑΙΗ

2030 369 2064 422 Α
2099 367 2166 422 IN
2206 367 2548 428 PSALMOS.
3506 377 3650 432 1546

388 485 601 552 λύψαι.
642 483 740 537 Ἐν
759 481 965 551 βουλῇ
993 480 1110 536 τῶν
1127 481 1312 551 ἁγίων
1335 482 1434 536 καί
1477 481 1819 554 συναγωγῇ.
1850 485 1969 538 Με-
1999 525 2008 553 Α

2036 535 2044 554 _
2071 482 2169 538 tibi
2195 481 2344 538 Patri
2375 498 2498 538 meo
2530 483 2779 540 reddam.
2824 483 2924 544 His
2961 500 3133 558 porro
3161 487 3432 559 signiﬁcat
3461 489 3656 545 Eccle-

389 575 545 645 γάλα
576 575 647 630 τὰ
679 574 824 644 ἔργα
855 575 1098 642 Κυρίου,
1129 572 1524 643 ἐξεζητημένα
1545 575 1632 640 εἰς
1654 573 1851 627 πάντα
1892 575 1966 629 τὰ

2070 576 2207 631 siam
2233 576 2355 647 ejus
2387 577 2561 647 gratia
2587 593 2686 648 per
2733 585 2911 633 totum
2952 581 3140 637 urbem
3184 582 3498 650 fundatam;
3529 598 3657 638 cou-

390 670 692 739 θελήματα
724 667 930 721 αὑτοῦ.
967 666 1161 720 Ούκέτι
1195 665 1421 720 σκολιῶν
1453 665 1664 735 ἀνδρῶν
1701 665 1821 719 οὐδὲ
1852 665 1966 718 δια-

2069 670 2252 725 silium
2288 679 2472 727 autem
2518 681 2792 728 rectorum
2831 675 3048 730 vocavit
3076 677 3299 732 ordines
3328 692 3555 732 suorum
3597 676 3651 732 in

391 763 656 834 στρόφων,
685 760 802 814 ἀλλ’
829 758 1050 828 ἀγαθῶν
1072 757 1163 812 καὶ
1190 757 1412 811 εὐθειῶν
1449 756 1638 827 ψυχῶν
1673 756 1766 810 τὸν
1806 757 1968 827 εὐχα-

2071 762 2316 820 Ecclesia
2337 773 2691 831 sanctorum;
2716 767 3191 837 congregationem
3222 783 3370 832 vero,
3400 767 3651 822 ordinem

391 855 667 926 ριστήριον
696 851 863 923 ὕμνον
889 850 1044 905 δώσω
1061 867 1143 904 σοι
1173 848 1252 921 τῷ
1277 848 1512 920 ἐμαυτοῦ
1548 849 1740 919 Πατρί.
1769 849 1968 920 Σημαί-

2071 856 2303 910 alterum
2329 865 2454 926 post
2487 857 2786 912 consilium
2822 865 3101 912 rectorum
3132 868 3430 928 nuncupat,
3477 859 3653 930 quiin

390 962 469 998 νει
499 945 556 998 δὲ
599 945 688 998 διὰ
727 945 935 998 τούτων
989 942 1088 1015 τὴν
1121 941 1242 996 καθ’
1297 941 1427 1012 ὅλης
1481 941 1581 1010 τῆς
1642 941 1967 1012 οἰκουμένης

2080 942 2321 1000 Ecclesia
2338 946 2460 1015 ejus
2481 946 2712 1002 alterum
2741 947 3030 1003 constituit
3044 949 3407 1005 multitudinis
3423 957 3645 1004 emtum.

391 1037 696 1103 ἱδρυθεῖσαν
731 1037 822 1090 διὰ
880 1038 980 1108 τῆς
1032 1035 1198 1091 αὑτοῦ
1245 1037 1466 1108 χάριτος
1517 1035 1864 1108 Ἐκκλησίαν.
1918 1037 2124 1107 Βουλὴν
2163 1040 2220 1094 δὲ
2253 1041 2458 1095 εύθέων
2479 1041 2732 1113 ὠνόμασε
2791 1043 2860 1097 τὰ
2891 1041 3148 1114 τάγματα
3181 1044 3288 1098 τῶν
3325 1047 3383 1099 ἐν
3417 1048 3484 1116 τῇ
3531 1045 3654 1098 Ἐκ-

389 1133 588 1211 κλησία
622 1133 786 1188 αὑτοῦ
845 1133 1038 1203 ἁγιωψ
1077 1131 1400 1204 συναγωγὴν
1445 1133 1504 1185 δὲ
1555 1131 1806 1204 δεύτερον
1840 1133 2027 1202 τάγμα
2081 1136 2219 1206 μετὰ
2271 1136 2372 1208 τὴν
2418 1136 2613 1209 βουλὴν
2651 1137 2759 1192 τῶν
2803 1138 3006 1192 εὐθέων
3052 1139 3328 1210 σημαίνει,
3380 1139 3440 1192 τὸ
3483 1140 3540 1191 ἐν
3583 1141 3652 1210 τῇ

402 1229 696 1300 Ἐκκλησία
726 1229 893 1284 αὐτοῦ
919 1228 1173 1301 δεύτερον
1197 1229 1292 1283 τοῦ
1310 1227 1545 1301 πλήθους
1569 1228 1862 1301 ἄθροισμα.

472 1343 936 1414 Ἐξομολόγνησις
965 1343 1062 1396 καί
1086 1340 1562 1414 μεγαλοπρέπεια
1589 1342 1654 1395 τὸ
1673 1343 1851 1412 ἔργον
1864 1344 1970 1397 αὑ·-

2146 1339 2318 1397 Vsns.
2351 1340 2510 1396 4-10.
2545 1341 2820 1410 Confessio
2851 1351 2901 1397 et
2928 1344 3323 1415 magniﬁcentia
3359 1360 3487 1412 opus
3517 1345 3655 1414 ejus,

389 1436 515 1501 τοῦ,
545 1438 641 1490 καὶ
679 1437 717 1505 η
757 1436 1108 1503 δικαιοσύνη
1139 1436 1327 1490 αὐτοῦ
1349 1435 1518 1504 μένει
1545 1437 1632 1502 εἰς
1658 1435 1764 1489 τὸν
1783 1433 1971 1488 αἰῶνα

2074 1443 2124 1489 et
2159 1434 2376 1505 iustitia
2406 1435 2520 1504 ejus
2550 1447 2723 1490 manet
2750 1437 2804 1490 in
2829 1437 3085 1491 steculum
3113 1439 3316 1492 saeculi.
3342 1436 3655 1493 Memoriam

389 1531 494 1586 τοῦ
542 1529 774 1595 αἰῶνος.
822 1530 1050 1583 Μνείαν
1086 1527 1415 1594 ἐποιήσατο
1470 1527 1590 1582 τῶν
1619 1529 1968 1599 θαυμασίων

2074 1529 2198 1597 fecit
2225 1527 2555 1582 mirabilium
2585 1545 2802 1583 suorum
2835 1530 3132 1584 misericors
3172 1539 3220 1584 et
3244 1531 3526 1584 miserator
3553 1529 3658 1585 Do-

387 1623 593 1677 αύτοῦ·
630 1621 902 1692 ἐλεήμων
933 1622 1032 1678 καί
1067 1622 1383 1691 οἰκτίρμων
1408 1625 1442 1677 ό
1461 1624 1694 1693 Κύριος,
1738 1621 1970 1692 τροφὴν

2075 1620 2270 1680 minus,
2299 1635 2471 1674 escam
2492 1620 2637 1674 dedit
2669 1620 2976 1674 timentibus
3010 1637 3084 1675 se.
3111 1619 3318 1675 Memor
3346 1621 3446 1674 erit
3473 1622 3527 1674 in
3551 1637 3661 1676 stv-

389 1712 576 1766 ἐϐωκε
596 1711 720 1778 τοῖς
749 1711 1143 1782 φοϐουμένοις
1170 1713 1374 1767 αὐτόν.
1423 1713 1853 1782 Μνησθήσεται
1881 1715 1970 1781 εἰς

2074 1713 2253 1766 culum
2282 1713 2582 1766 testamenti
2613 1713 2698 1766 sui
2725 1728 2744 1766 :
2771 1713 3014 1767 virtutem
3053 1729 3268 1782 operum
3309 1729 3529 1767 suorum
3557 1729 3657 1768 an-

389 1805 498 1858 τὸν
527 1803 711 1857 αἰῶνα
765 1803 1057 1872 διαθήκης
1100 1803 1306 1860 αὑτοῦ·
1351 1805 1535 1874 ἰσχὺν
1569 1805 1758 1875 ἔργων
1783 1806 1972 1860 αὐτοῦ
2002 1848 2009 1903 1

2036 1853 2046 1901 ι
2078 1805 2339 1859 nuntiavit
2383 1804 2578 1874 popqu
2626 1821 2758 1872 suo;
2789 1815 2847 1858 ut
2879 1805 2966 1859 det
3005 1805 3115 1858 illis
3142 1804 3503 1859 htereditatem
3530 1821 3656 1875 gen-

389 1896 706 1966 ἀνήγγειλε
732 1895 812 1960 τῷ
842 1894 968 1962 λαῷ
993 1898 1201 1964 αὑτοῦ,
1230 1898 1336 1952 τοῦ
1353 1897 1560 1952 δοῦναι
1594 1897 1797 1964 αὐτοῖς
1820 1901 1969 1967 κλη-
2003 1894 2009 1903 “

2040 1894 2044 1899 ’
2075 1897 2206 1950 tium
2227 1911 2246 1949 :
2264 1911 2422 1965 opera
2444 1911 2696 1950 manuum
2717 1897 2830 1966 ejus
2853 1898 3046 1951 ueritas
3061 1904 3111 1950 et
3123 1896 3410 1966 judicium.
3443 1894 3660 1950 Fidelia

389 1988 674 2056 ρονομίαν
701 1985 910 2042 ἐθνῶν·
944 1987 1088 2056 ἔργα
1128 1986 1342 2058 χειρῶν
1363 1988 1551 2042 αὑτοῦ
1590 1986 1840 2055 ἀλήθεια
1871 1988 1970 2041 καὶ

2074 1986 2253 2041 omnia
2280 1985 2537 2040 mandata
2562 1987 2701 2057 ejus,
2737 1989 3058 2058 conﬁrmata
3080 1988 3134 2041 in
3161 1988 3414 2041 stt-culum
3448 1988 3656 2051 saeculi,

389 2078 609 2146 κρίσις.
661 2078 875 2132 Πισταί
929 2076 1120 2132 πᾶσαι
1174 2081 1234 2133 αἰ
1273 2077 1514 2133 ἐντολαί
1561 2079 1973 2150 αὐτοῦ,ἐστη-

2073 2079 2218 2148 facta
2236 2078 2289 2132 in
2305 2080 2523 2132 veritate
2533 2086 2582 2132 et
2601 2078 2865 2148 tequitate.
2883 2076 3298 2147 Redemptionem
3316 2077 3456 2130 misit
3467 2076 3662 2146 popula

390 2167 657 2238 ριγμέναι
676 2171 762 2234 εἰς
786 2167 892 2222 τὸν
916 2168 1102 2222 αἰῶνα
1149 2167 1256 2222 τοῦ
1307 2167 1543 2235 αἰῶνος,
1580 2169 1974 2238 πεποιημέναι

2073 2187 2191 2236 suo,
2208 2169 2476 2224 mandavit
2494 2171 2550 2224 in
2568 2174 2821 2224 a’ternum
2843 2178 3208 2224 testamentum
3220 2167 3657 2224 suum.Sanctum

393 2260 465 2312 ἐν
489 2261 740 2328 ἀληθείᾳ
767 2260 863 2314 καί
883 2261 1181 2329 εὐθύτητι.
1203 2261 1515 2330 Λύτρωσιν
1541 2260 1862 2316 ἀπέστειλε
1894 2262 1976 2328 τῷ

2073 2272 2122 2318 et
2161 2262 2394 2318 terribile
2427 2279 2614 2318 nomen
2644 2262 2762 2332 ejus
2791 2277 2809 2315 :
2838 2263 3044 2317 initium
3078 2262 3349 2332 sapientia:
3375 2261 3532 2314 tintor
3557 2260 3659 2314 Do-

391 2351 519 2419 λοῷ
564 2353 774 2418 αὑτοῦ,
819 2354 1157 2408 ἐνετείλατο
1205 2356 1293 2420 εἰς
1340 2353 1448 2407 τὸν
1469 2352 1654 2408 αἰῶνα
1684 2353 1977 2423 διαθήκην

2076 2355 2228 2410 mini.
2262 2354 2405 2410 Num
2429 2355 2591 2420 forte,
2626 2356 2889 2426 quoniam
2919 2356 3014 2427 qui
3049 2354 3204 2410 timet
3243 2370 3353 2409 non
3382 2352 3664 2426 perfectus

390 2446 596 2502 αὑτοῦ.
618 2449 824 2517 "Afror-
843 2447 941 2500 καὶ
972 2445 1228 2515 φοϐερὸν
1259 2445 1326 2499 τὸ
1358 2445 1546 2514 ὄνομα
1575 2445 1780 2500 αὑτοῦ·
1816 2445 1975 2516 ἀρχὴ

2075 2455 2183 2512 est,
2247 2447 2488 2503 initiatio
2542 2464 2641 2520 per
2695 2449 2968 2512 timorem,
3017 2448 3421 2503 consummatio
3455 2461 3552 2516 per
3576 2447 3660 2501 di-

391 2541 612 2610 σοφίας
651 2540 833 2610 φόϐος
869 2540 1120 2608 Κυρίου.
1149 2539 1397 2610 Μήποτε,
1429 2538 1554 2608 ἐπεὶ
1587 2540 1618 2592 6
1645 2537 1978 2609 φοϐούμενος

2077 2537 2367 2593 lectionem
2389 2536 2802 2593 elﬁcitur?Nam
2824 2538 3054 2609 perfecta
3073 2537 3304 2590 charitas
3328 2536 3475 2606 foras
3503 2536 3663 2590 mittit

389 2632 511 2686 οὔτε
527 2631 827 2698 τελείωται,
861 2633 896 2701 ἡ
935 2630 1036 2700 μὲν
1061 2630 1340 2702 εἰσαγωγὴ
1364 2629 1453 2683 διὰ
1485 2630 1649 2699 φόϐου
1677 2629 1979 2702 κατορθοῦ-

2078 2629 2321 2682 timorem
2352 2629 2421 2682 ⁹⁶.
2478 2627 2630 2684 Talis
2693 2639 2876 2684 autem
2933 2627 3100 2684 fuerit
3139 2628 3392 2699 quisquis
3434 2645 3500 2683 ex
3547 2634 3667 2683 toto

389 2743 497 2788 ται,
533 2723 594 2778 τδ
631 2724 689 2777 δέ
739 2723 891 2786 τέλος
920 2723 988 2776 δι’
1012 2723 1266 2794 ἀγάπης;
1298 2722 1338 2789 ἠ
1383 2722 1493 2794 γὰρ
1538 2723 1740 2777 τελεία
1773 2722 1979 2793 ἀγάπη

2079 2718 2266 2786 corde,
2303 2725 2420 2774 tota
2450 2720 2632 2774 anima
2673 2730 2729 2775 et
2781 2718 2982 2775 virtute
3013 2718 3303 2772 Dominum
3344 2717 3511 2773 Deum
3545 2715 3663 2773 dili-

389 2817 504 2881 ἔξω
526 2815 750 2881 βάλλει
776 2814 885 2869 τὸν
899 2816 1106 2885 φόϐον.
1140 2813 1394 2877 Τοιοῦτος
1425 2814 1470 2866 δ’
1495 2813 1562 2868 ἂν
1581 2815 1666 2886 εἴη
1701 2816 1730 2868 6
1760 2813 1820 2880 ἐξ
1848 2815 1978 2886 ὅλης

2076 2813 2174 2884 git.
2212 2811 2520 2867 Intellectus
2545 2813 2709 2868 bonus
2743 2813 2982 2868 omnibus
3017 2811 3329 2881 facientibus
3350 2828 3490 2866 eum.
3518 2808 3664 2865 Last-

391 2907 616 2980 καρδίας
643 2908 736 2960 καὶ
767 2907 946 2978 ψυχῆς
964 2906 1058 2960 καὶ
1087 2905 1368 2977 δυνάμεως
1391 2904 1627 2975 ἀγαπῶν
1654 2905 1858 2977 Κύριον
1884 2905 1978 2960 τὸν

2078 2905 2224 2959 datio
2264 2905 2379 2975 ejus
2420 2915 2593 2960 manet
2625 2906 2682 2959 in
2711 2905 2964 2960 saeculum
2989 2905 3192 2960 seaculi.
3223 2902 3379 2959 Tunc
3402 2904 3545 2959 bona
3578 2903 3665 2959 in-

391 2999 542 3052 Θεόν.
571 2999 826 3063 Σύνεσις
849 2997 918 3051 δὲ
936 2997 1128 3068 ἀγαθὴ
1144 2996 1294 3050 πᾶσι
1309 2996 1432 3063 τοῖς
1456 2997 1740 3051 ποιοῦσιν
1759 2995 1976 3063 αὐτήν.

2079 2997 2379 3070 telligcntia
2409 3006 2526 3066 est,
2561 2998 2784 3070 quando
2816 2998 3077 3070 operibus
3115 2998 3421 3068 completur
3452 3014 3466 3051 :
3492 3010 3668 3067 quare

400 3090 464 3145 Ἠ
481 3091 715 3156 αἰνεσις
729 3090 914 3145 αὐτοῦ
939 3090 1107 3159 μένει
1139 3091 1226 3156 εἰς
1256 3089 1366 3143 τὸν
1387 3088 1575 3143 αἰῶνα
1595 3090 1701 3144 τοῦ
1737 3089 1974 3156 αἰῶνος.

2083 3105 2203 3146 non
2231 3089 2368 3146 dixit
2403 3099 2616 3146 tantum
2651 3091 3062 3162 intelligentiam
3096 3091 3328 3154 bonam,
3368 3088 3463 3144 sed
3495 3088 3667 3143 etiam

390 3184 547 3254 Καὶὴ
583 3183 797 3248 σύνεσις
835 3183 958 3236 τότε
992 3182 1174 3254 ἀγαθὴ
1205 3182 1487 3253 τυγχάνει,
1518 3183 1608 3236 ὅτε
1632 3182 1816 3257 ἔργοις
1851 3183 1976 3236 ἐπι-
2005 3242 2010 3257 Α

2045 3233 2049 3245 ,
2079 3185 2337 3240 omnibus
2370 3181 2701 3240 facientibus
2733 3199 2876 3240 eam.
2932 3182 3198 3237 Laudatio
3241 3182 3354 3252 ejus
3394 3187 3571 3235 manet
3608 3179 3665 3232 in

390 3273 642 3328 τελεῖταιο
677 3273 759 3326 διὸ
810 3272 909 3345 τὴν
936 3272 1149 3326 σύνεσιν
1201 3274 1302 3344 οὐχ
1346 3273 1531 3338 ἁπλῶς
1561 3274 1772 3347 ἀγαθὴν
1801 3269 1975 3338 εἴπεν,
2005 3269 2010 3279 ’

2046 3274 2048 3287 ’
2083 3278 2339 3334 steculum
2368 3277 2571 3333 steculi.
2606 3275 2761 3333 Finis
2797 3277 2942 3333 enim
2975 3277 3254 3331 beatorum
3294 3282 3399 3339 est,
3427 3283 3490 3328 ut
3523 3271 3666 3344 apud

391 3363 526 3418 ἀλλὰ
566 3366 702 3419 πᾶσι
732 3368 845 3430 τοῖς
884 3364 1129 3419 ποιοῦσιν
1180 3366 1374 3436 αὑτήν.
1410 3367 1472 3423 Ἠ
1521 3368 1755 3434 αἰνεσις
1787 3369 1977 3424 αὐτοῦ

2086 3369 2256 3426 Deum
2281 3370 2414 3436 sint,
2449 3378 2503 3425 et
2529 3370 2634 3440 ipsi
2664 3369 2950 3438 assistant,
2989 3368 3202 3441 solique
3238 3367 3360 3438 ejus
3381 3365 3672 3436 theologia:

393 3455 555 3523 μένει
578 3459 666 3522 εἰς
707 3457 814 3510 τὸν
844 3457 1032 3511 αἰῶνα
1071 3456 1180 3511 τοῦ
1224 3456 1461 3526 αἰῶνος.
1501 3459 1668 3524 Τέλος
1714 3459 1826 3533 γὰρ
1868 3460 1978 3515 τῶν

946 3473 1032 3511 ινα
1071 3456 1180 3511 τοῦ
1224 3456 1461 3526 αἰῶνος.
1501 3459 1668 3524 Τέλος
1714 3459 1826 3533 γὰρ
1868 3460 1978 3515 τῶν
2085 3470 2140 3519 et
2171 3462 2319 3518 laudi
2348 3469 2566 3519 vacent.

288 3605 292 3608 _
397 3544 678 3616 μακαρίων
708 3545 770 3600 τὸ
801 3547 938 3619 πρὸς
984 3547 1076 3602 τὸν
1121 3549 1256 3602 Θεὸν
1295 3545 1455 3616 εἶναι,
1506 3550 1602 3604 καὶ
1638 3552 1978 3623 παρεστάναι
2037 3553 2208 3627 αὐτῷ,
2252 3555 2348 3611 κα)⁵
2379 3556 2518 3629 μόνῃ
2553 3555 2620 3626 τῇ
2667 3550 2831 3606 αὐτοῦ
2861 3549 3108 3622 θεολογίᾳ
3152 3549 3247 3605 καὶ
3293 3548 3498 3604 αἰνέσει
3540 3565 3667 3619 σχοιο

395 3635 598 3702 λάζειν.
2097 3649 2102 3653 ’

908 3751 1330 3805 ΔΛΔΗΔΟΥῙΔ.
1370 3753 1520 3808 PlA'.

2603 3750 2970 3807 ALLELUIA.
3008 3747 3146 3806 CXI.
3486 3798 3494 3807 .

465 3841 766 3911 Μακάριος
813 3841 970 3910 ἀνὴρ
1017 3845 1050 3897 ό
1095 3845 1466 3913 φοϐούμενος
1484 3845 1593 3899 τὸν
1641 3848 1882 3917 Κύριον,
1911 3851 1984 3905 ἐν

2163 3844 2323 3903 Vens.
2361 3846 2475 3901 1-5.
2532 3843 2730 3900 Beatus
2785 3844 2865 3898 uir
2921 3844 3010 3914 qui
3061 3844 3210 3898 timet
3256 3841 3564 3911 Dominum,
3612 3846 3671 3901 in

397 3935 524 4003 ταῖς
550 3934 824 4002 ἐντολαῖς
845 3934 1033 3990 αὐτοῦ
1062 3935 1306 4006 θελήσει
1333 3937 1592 4006 σφόδρα.
1615 3940 1884 3996 Δυνατὸν
1911 3942 1982 3996 ἐν

2085 3935 2358 3992 mandatis
2380 3933 2494 4004 ejus
2521 3933 2658 3989 volet
2696 3933 2874 3987 nimis.
2904 3931 3098 3986 Potens
3120 3934 3177 3986 in
3208 3941 3351 3987 terra
3376 3938 3476 3988 erit
3496 3951 3671 3991 semen

397 4025 472 4095 τῇ
501 4025 580 4096 γῇ
611 4025 780 4080 ἔσται
812 4024 880 4079 τὸ
911 4023 1150 4096 σπέρμα
1176 4023 1385 4091 αὐτοῦ,
1417 4025 1594 4095 γενεὰ
1625 4027 1849 4083 εὐθέων
1890 4030 1985 4084 εὐ-

2084 4032 2222 4103 ejus,
2265 4028 2530 4101 generatio
2563 4035 2826 4081 rectorum
2855 4024 3208 4080 benedicetur.
3265 4024 3451 4080 Gloria
3489 4037 3539 4081 et
3583 4027 3670 4083 di-

399 4118 818 4188 λοτηθήσεται.
856 4117 1012 4182 Δόξα
1047 4119 1147 4172 καί
1181 4119 1446 4188 πλοῦτος
1480 4120 1553 4175 ἐν
1586 4120 1667 4187 τῷ
1693 4123 1838 4190 οἴκῳ
1873 4126 1984 4178 αὺ-

2083 4122 2228 4177 υἱιὶω
2261 4122 2315 4176 in
2338 4120 2494 4174 domo
2527 4119 2665 4189 ejus,
2688 4126 2737 4172 et
2761 4117 2979 4200 justitia
2999 4116 3115 4180 eius
3137 4127 3311 4171 manet
3333 4118 3386 4171 in
3415 4118 3669 4173 sa'culum

399 4209 525 4276 τοῦ,
556 4211 654 4264 καί
697 4211 736 4280 ἡ
762 4209 1115 4279 δικαιοσύνη
1141 4210 1328 4265 αὐτοῦ
1351 4211 1521 4282 μένει
1546 4215 1635 4280 εἰς
1665 4213 1774 4267 τὸν
1799 4214 1986 4269 αἰῶνα

2085 4217 2291 4274 ιαέιιιί.
2347 4216 2428 4271 Ita
2465 4216 2606 4273 solet
2655 4214 2930 4285 appellare
2961 4227 3156 4268 omnes
3183 4213 3276 4284 qui
3311 4228 3379 4268 ex
3413 4212 3671 4284 gentibus

400 4301 507 4356 τοῦ
544 4301 776 4370 αἰῶνος.
810 4302 996 4366 Οὕτως
1024 4302 1179 4357 εἴωθε
1203 4303 1392 4358 καλεῖν
1424 4304 1602 4358 πάντα
1621 4303 1714 4359 τὸν
1735 4304 1796 4370 ἐξ
1815 4305 1984 4361 ἐθνῶν

2099 4310 2167 4366 ad
2220 4309 2390 4366 Deum
2420 4307 2708 4364 accedunt.
2733 4307 2790 4360 id
2811 4311 2941 4360 vero
2969 4304 3279 4359 declaratur
3306 4319 3371 4359 ex
3400 4319 3485 4369 eo,
3521 4305 3669 4376 quod

401 4392 690 4464 προσιόντα
720 4393 800 4464 τῷ
830 4393 968 4466 Θεῷ.
992 4395 1327 4468 Παρίσταται
1351 4395 1408 4449 δὲ
1435 4397 1595 4450 τοῦτο
1624 4397 1733 4452 ἀπὸ
1781 4397 1876 4452 τοῦ
1903 4399 1980 4453 δι-

2087 4401 2347 4457 distincte
2384 4407 2508 4472 post
2538 4397 2816 4462 lsraelem,
2849 4405 2972 4468 post
3021 4394 3247 4451 domum
3298 4394 3555 4464 Aaronis,
3615 4406 3669 4452 et

401 4485 746 4556 ιπαλμένως
777 4487 916 4557 μετὰ
945 4488 1036 4541 τὸν
1052 4489 1266 4560 Ἰσραὴλ
1296 4490 1392 4542 καὶ
1418 4489 1557 4562 μετὰ
1586 4489 1676 4544 τὸν
1696 4485 1982 4546 οῖκονἈα-
2018 4549 2021 4566 ι

2049 4554 2056 4566 _
2088 4501 2215 4566 post
2242 4493 2464 4548 domum
2514 4489 2666 4555 Levi,
2704 4489 2960 4544 timentes
2985 4486 3274 4541 Dominum
3305 4485 3372 4540 ad
3407 4487 3669 4558 hymnum

405 4577 533 4649 ρὼν,
563 4578 657 4631 καὶ
691 4578 828 4648 μετὰ
856 4579 948 4633 τδν
978 4575 1124 4633 οἷκον
1154 4580 1304 4645 Astii,
1334 4581 1462 4644 τοὺς
1489 4581 1855 4654 φοϐουμένους
1890 4583 1983 4637 τὸν
2014 4574 2025 4602 ¹

2049 4574 2184 4641 ’Ποῖ
2214 4591 2604 4656 provocentur,
2641 4587 2702 4635 ut
2747 4577 2875 4635 alibi
2919 4577 3141 4633 dicitur.
3203 4574 3330 4630 Post
3364 4575 3487 4631 illos
3524 4577 3669 4630 enim

403 4667 603 4740 Κύριον
636 4670 728 4722 ἐπὶ⁵
755 4669 844 4722 τὸν
877 4669 1044 4741 ὖμνον
1071 4672 1171 4726 τοῦ
1201 4671 1338 4726 Θεοῦ
1365 4673 1666 4738 καλεῖσθαι,
1691 4675 1767 4738 ὡς
1792 4677 1849 4728 ἐν
1871 4675 1986 4728 ἐτέ-

2082 4677 2307 4749 quinam
2341 4673 2420 4728 illi
2453 4670 2743 4726 Dominum
2773 4669 3026 4723 timentes
3058 4680 3181 4721 esse
3207 4673 3450 4735 possent,
3474 4665 3582 4720 nisi
3605 4682 3669 4720 ex

405 4773 517 4832 ροις
545 4759 780 4832 εἴρηται.
819 4763 976 4826 Τίνες
1005 4763 1114 4836 7&9
1146 4765 1212 4818 ἂν
1241 4761 1352 4820 εἷεν
1393 4766 1531 4839 μετὰ
1552 4766 1774 4832 τούτους
1810 4769 1861 4821 οἱ
1893 4785 1988 4839 φο-

2084 4768 2342 4842 gentibus
2393 4763 2667 4838 peregrini
2695 4769 2750 4817 et
2779 4758 3138 4829 alienigena?
3166 4756 3353 4827 Itaque
3384 4757 3437 4811 in
3463 4757 3673 4827 psalmo

402 4850 655 4924 ϐούμενοι
676 4852 768 4906 τὸν
795 4854 999 4926 Κύριον
1024 4857 1139 4910 ἀλλ’
1169 4856 1206 4928 ἡ
1225 4859 1275 4911 οἰ
1301 4858 1362 4923 ἐξ
1382 4859 1552 4914 ἐθνῶν
1584 4859 1874 4930 ἀλλόφυλοι
1895 4861 1988 4915 καὶ

2086 4878 2250 4934 quem
2281 4865 2607 4920 tractamus,
2635 4871 2745 4910 non
2780 4854 2923 4908 alius
2953 4851 3116 4906 fuerit
3151 4851 3387 4921 populus
3419 4850 3513 4919 qui
3541 4850 3671 4904 bea-

404 4943 744 5013 ἁλλογενειςς
779 4946 986 5000 Οὐκοῦν
1036 4949 1095 5001 ἐν
1130 4949 1208 5020 τῷ
1242 4951 1380 5021 μετὰ
1431 4955 1620 5025 χεῖρας
1659 4952 1858 5026 ψαλμῷ
1890 4954 1990 5007 οὐκ

2086 4964 2178 5011 tus
2203 4952 2556 5026 praedicatur,
2586 4949 2655 5002 ab
2681 4961 2754 5002 eo
2778 4945 2871 5016 qui
2902 4959 2969 4999 ex
2996 4943 3255 5014 gentibus
3278 4943 3344 4997 ad
3375 4940 3546 4997 Deum
3575 4956 3670 4995 ac-

406 5035 563 5100 ἄλλος
593 5053 676 5100 τις
699 5036 764 5090 ἂν
787 5041 872 5110 εἰη
897 5042 926 5094 6
955 5041 1391 5114 μακαριζόμενος
1419 5045 1514 5097 τοῦ
1543 5045 1601 5111 ἐξ
1622 5045 1791 5099 ἐθνῶν
1817 5064 1986 5118 προσ-

2090 5045 2259 5102 cessit
2294 5061 2309 5098 :
2341 5055 2506 5114 quem
2541 5037 2781 5111 appellat
2809 5035 3094 5090 timentem
3127 5031 3442 5087 Dominum.
3485 5030 3675 5102 Neque

405 5127 722 5199 εληλυθὸτος
753 5128 830 5202 τῷ
861 5129 980 5201 Θεῷ
1009 5131 1139 5186 λαοῦ
1158 5151 1173 5164 ⁸
1199 5136 1383 5189 ὅντινα
1425 5135 1684 5206 ὀνομάζει
1727 5137 1987 5209 φοϐούμε-

2093 5146 2279 5193 tamen
2321 5135 2413 5189 ille
2445 5131 2631 5189 statim
2677 5128 2894 5192 beatus,
2948 5125 3056 5181 nisi
3094 5140 3216 5195 qua:
3259 5132 3567 5195 sequuntur
3599 5123 3672 5178 fe-

405 5235 493 5272 vov
520 5219 612 5311 τὺν
633 5220 856 5293 Κύριον.
882 5223 957 5276 Οὐ
986 5223 1090 5295 μὴν
1118 5226 1219 5297 ἤδη
1249 5244 1349 5280 που
1381 5228 1649 5298 μακάριος
1673 5231 1700 5282 6
1724 5229 1994 5311 τοιοῦτος,

2100 5228 2277 5294 cerit;
2328 5224 2384 5280 id
2416 5231 2501 5279 est
2531 5229 2590 5276 ut
2619 5217 2874 5275 mandata
2907 5216 3028 5287 eius
3057 5215 3214 5272 valde
3240 5215 3446 5286 cupiat,
3483 5229 3545 5268 ac
3581 5231 3671 5269 vo-

406 5311 454 5363 εἰ
487 5309 561 5382 μὴ
593 5311 770 5364 καὶτὸ
794 5312 921 5386 ἑξῆς
947 5315 1126 5369 αὐτῶν
1153 5319 1418 5372 ἐποιεῖτοο
1444 5320 1690 5374 τουτέστι
1711 5321 1773 5374 τὸ
1797 5324 1854 5374 ἐν
1877 5309 1998 5386 ταῖς

2101 5319 2368 5375 luntatem
2400 5314 2629 5368 ﬁrmiter
2676 5318 2891 5377 teneat;
2924 5323 3024 5363 nec
3057 5315 3308 5372 coactus,
3359 5315 3453 5359 aut
3480 5311 3670 5374 praeter

408 5404 649 5468 ἐντολαῖς
689 5405 855 5459 αὑτοῦ
893 5407 1067 5462 θέλειν
1099 5410 1322 5483 σφόδρα,
1357 5412 1614 5481 ἀσφαλῶς
1640 5413 1697 5466 δὲ
1731 5413 1793 5467 τὸ
1825 5413 2000 5468 θέλειν

2100 5406 2270 5463 animi
2311 5404 2564 5460 allectum
2617 5398 2877 5455 mandata
2925 5397 3221 5462 custodiat,
3265 5395 3362 5452 sed
3417 5395 3592 5451 libens
3623 5403 3673 5449 et

407 5494 688 5567 κέκτηται,
727 5495 802 5559 ὡς
842 5498 908 5550 ἂν
939 5499 1014 5570 μὴ
1045 5501 1349 5570 ἐπάναγκες
1376 5503 1510 5576 μηδὲ
1549 5505 1700 5575 παρὰ
1735 5504 1996 5576 προαίρεη

2101 5516 2224 5557 cum
2267 5497 2552 5552 alacritate
2605 5491 3026 5562 complectatur,
3088 5503 3154 5543 ac
3210 5489 3426 5545 sincere
3486 5488 3671 5558 diligat

414 5599 500 5635 σιν
535 5587 855 5650 φυλάττοιτό
887 5608 969 5654 τις
1001 5592 1099 5656 τὰς
1140 5595 1378 5661 ἐντολὰς,
1415 5597 1530 5650 ἀλλ’
1565 5595 1866 5668 ἐθελοντὴς,
1897 5598 1994 5650 καὶ

1488 5598 1530 5650 λ’
1565 5595 1866 5668 ἐθελοντὴς,
1897 5598 1994 5650 καὶ
2100 5591 2484 5648 mandatorum
2514 5587 2611 5642 Dei
2646 5583 3108 5640 observationem.

417 5675 554 5748 μετὰ
583 5674 677 5729 τοῦ
713 5684 958 5754 στέργειν
993 5688 1090 5742 σὺν
1130 5690 1279 5765 πάσῃ
1321 5692 1598 5766 προθυμίᾳ
1628 5693 1722 5747 καὶ
1749 5691 1988 5764 γνησίως
2016 5689 2235 5760 ἀγαπᾷν
2267 5685 2364 5758 τὴν
2388 5684 2495 5739 τῶν
2519 5681 2748 5738 ἐντολῶν
2770 5679 2862 5733 τοῦ
2892 5677 3027 5732 Θεοῦ
3058 5675 3322 5749 φυλακήν.

486 5833 532 5864 ’³
571 5831 588 5884 l
621 5828 777 5886 Joan.
814 5849 887 5893 tv.
927 5834 1014 5890 l8.
