4102 6380
371 393 509 448 1549

403 502 802 559 ΑΛΔΗΛΟΥΙΑ
839 499 1130 554 ΛΓΓΑΙΟΥ
1169 498 1288 552 ΚΑΙ
1326 497 1692 552 ΖΑΧΑΡΙΟΥ.
1736 493 1879 547 PlB'.

440 615 688 680 Αἰνεῖτε,
719 613 946 679 παῖδες,
977 611 1086 666 τὸν
1115 611 1352 679 Κύριον,
1394 608 1610 664 alr-eice
1652 607 1719 660 τὸ
1766 605 1952 674 ὄνομα

375 709 614 777 Κυρίου.
653 705 760 773 Εῑη
789 705 852 758 τὸ
884 704 1070 773 ὄνομα
1117 702 1334 770 Κυρίου
1373 697 1785 770 εὐλογημένον
1833 693 1952 750 ἀπὸ

377 802 480 856 τοῦ
533 799 651 855 νῦν
714 799 811 852 καὶ
868 797 978 864 ἕως
1036 797 1140 851 τοῦ
1195 795 1430 860 αἰῶνος.
1480 792 1667 846 Πάντα
1720 789 1812 843 τὸν
1865 787 1952 842 διὰ

378 895 436 948 τὸ
485 891 765 964 φοϐεῖσθαι
811 889 1013 960 Κύριον
1067 889 1332 960 μακάριον
1381 884 1745 955 γεγενημένον
1789 882 1955 954 ἄνδρα

379 985 873 1055 ὑποτυπωσάμενος
917 984 946 1036 6
997 982 1156 1050 λόγος
1192 983 1250 1034 ἐν
1279 979 1355 1050 τῷ
1389 980 1495 1050 πρὸ
1518 978 1708 1030 τούτου
1735 975 1953 1047 ψαλμῷ,

381 1079 468 1132 τόν
507 1095 568 1132 τε
615 1076 728 1148 βίον
763 1074 872 1129 τῶν
900 1074 1152 1128 τοιούτων
1185 1073 1280 1126 καὶ
1320 1071 1419 1144 τὴν
1454 1070 1594 1125 κατὰ
1636 1069 1766 1121 Θεὸν
1808 1068 1959 1120 πολι-

381 1171 550 1235 τείαν,
579 1167 755 1223 καὶτὸ
784 1169 878 1220 ἐπὶ
900 1167 1107 1229 τούτοις
1137 1164 1288 1236 παρὰ
1320 1163 1438 1234 Θεῷ
1454 1161 1606 1224 τέλος
1635 1159 1958 1232 ὑπογράψας
1989 1187 1997 1196 -

382 1264 439 1317 ἐν
468 1261 546 1334 τῷ
581 1260 944 1333 προκειμένῳ,
968 1259 1112 1322 τίνες
1143 1257 1272 1311 ποτέ
1316 1257 1453 1309 εἰσιν
1476 1248 1642 1316 οὗτοι,
1677 1253 1771 1307 καὶ
1798 1253 1958 1305 τίνων

383 1355 705 1426 τυγχάνουσι
731 1351 1099 1426 παραπλήσιοι
1127 1351 1386 1415 διδάσκει,
1413 1347 1606 1411 παῖδας
1639 1345 1834 1409 αὐτοὺς
1861 1363 1961 1398 κα-

385 1447 489 1501 λῶν
517 1447 605 1500 διὰ
627 1447 687 1500 τὸ
713 1444 904 1517 νεαρὸν
935 1445 1027 1496 καὶ
1049 1442 1329 1515 ἀρτιγενές
1355 1441 1452 1510 τῆς
1481 1438 1621 1493 κατὰ
1645 1437 1820 1508 ψυχὴν
1845 1437 1962 1506 ἠλι-

385 1537 529 1602 κίας,
558 1537 652 1591 καὶ
684 1536 902 1598 τούτους
927 1535 1022 1587 ἐπὶ
1047 1533 1135 1588 τὸν
1167 1529 1312 1588 αἶνον
1345 1533 1501 1585 καλεῖ
1522 1531 1614 1584 τοῦ
1642 1530 1797 1583 Θεοῦ.
1817 1529 1963 1583 Ἀντὶ

387 1630 501 1695 τοῦ,
547 1629 777 1696 παῖδες,
823 1630 852 1682 6
896 1626 1123 1691 Ἀκύλας
1167 1627 1262 1680 καὶ
1304 1627 1332 1678 6
1362 1625 1654 1696 Σύμμαχος
1705 1623 1963 1688 δούλους

389 1723 676 1794 ὠνόμασαν
733 1723 1032 1793 φήσαντες·
1102 1719 1376 1789 Ὑμνεῒτε,
1439 1717 1666 1779 δοῦλοι,
1724 1717 1961 1784 Κύριον,

1525 374 2030 438 (ΣΟΜΜΕΝΤΑΒΙΑ
2071 371 2139 426 ΙΝ
2176 370 2518 429 PSALMOS.

3482 370 3620 427 1550

2159 485 2500 542 ALLELUIA
2529 481 2764 538 AGGAEI
2795 482 2882 536 ET
2911 479 3308 538 ZACHARIIE.
3343 479 3504 536 CXII.

2124 600 2292 655 Vens.
2333 599 2385 662 1,
2423 597 2478 649 2.
2528 594 2787 659 Laudate,
2833 595 3006 662 pueri,
3055 593 3365 657 Dominum,
3414 591 3629 648 laudate

2053 710 2238 748 nomen
2284 690 2521 744 Domini.
2556 687 2639 743 Sit
2683 703 2872 740 nomen
2915 685 3126 739 Domini
3175 684 3526 746 benedictum,
3566 699 3631 738 ea:

2054 789 2150 841 hoc
2184 801 2320 840 nunc
2346 792 2394 837 et
2446 797 2604 852 usque
2633 781 2687 833 in
2721 779 2996 834 saeculum.
3029 778 3166 833 Cum
3201 779 3255 833 in
3302 777 3630 848 pracedcnli

2056 879 2267 949 psalmo
2319 875 2467 928 viros
2505 887 2718 935 omnes,
2750 871 2843 941 qui
2883 870 3028 940 quod
3073 871 3298 924 timeant
3340 869 3630 923 Dominum

2055 969 2198 1025 beati
2229 966 2405 1022 ellecti
2438 975 2589 1028 sunt,
2621 963 3113 1033 repraesentaverit,
3146 977 3208 1016 ac
3248 973 3436 1016 eorum
3466 961 3634 1015 vitam

2059 1068 2112 1114 et
2145 1058 2455 1114 institutum
2501 1057 2802 1110 secundum
2849 1051 3043 1115 Deum,
3079 1051 3237 1104 linem
3266 1067 3482 1120 quoque
3526 1065 3637 1119 quo

2059 1152 2300 1208 donandi
2329 1149 2472 1220 apud
2499 1147 2666 1204 Deum
2703 1153 2851 1210 sunt,
2880 1143 3273 1214 descripserit;
3303 1144 3356 1196 in
3382 1142 3637 1212 praesenti

2061 1250 2283 1319 quinam
2311 1245 2386 1298 illi
2412 1254 2466 1299 et
2495 1242 2824 1314 quibusnam
2850 1239 3058 1295 similes
3085 1238 3197 1293 sint
3221 1236 3483 1297 declarat,
3517 1249 3641 1304 pue-

2062 1356 2153 1395 ros
2197 1337 2498 1407 appellans,
2532 1334 2660 1405 quia
2699 1330 2879 1402 quoad
2927 1329 3122 1384 animae
3159 1335 3374 1383 tetatem
3412 1327 3643 1396 juvenes

2061 1445 2115 1493 et
2149 1447 2340 1488 recens
2389 1429 2502 1483 nati
2544 1435 2714 1483 sunt:
2760 1424 2861 1478 hos
2894 1437 3112 1492 qucque
3169 1421 3238 1474 ad
3281 1419 3499 1474 laudem
3547 1417 3642 1472 Dei

2064 1533 2345 1599 provocat.
2393 1519 2504 1574 Pro
2546 1519 2662 1584 illo,
2713 1515 2891 1586 pueri,
2938 1513 3131 1583 Aquila
3165 1519 3218 1566 et
3257 1510 3642 1582 Symmachus,

2065 1620 2221 1682 servi,
2244 1611 2587 1684 interpretati
2620 1619 2748 1665 sunt
2776 1609 3025 1662 dicentes
3059 1621 3072 1656 :
3112 1603 3336 1674 Hymnis
3365 1603 3642 1660 celebrate.

2067 1712 2224 1772 servi,
2262 1708 2568 1767 Dominum,
2620 1701 2830 1772 hymnis
2880 1695 3138 1752 celebrate
3178 1709 3372 1748 nomen
3407 1692 3643 1746 Domini.

391 1783 625 1884 ὑμνεῖτε
653 1783 928 1884 τὸδνομα
969 1783 1208 1879 Κύριου.
1233 1810 1443 1864 Δούλων
1468 1809 1576 1882 γὰρ
1604 1808 1756 1862 οὐδὲν
1790 1783 1966 1878 διενη-

2085 1803 2228 1858 :3ueri
2256 1813 2494 1868 namque
2520 1794 2657 1856 nihil
2690 1809 2719 1847 a
2754 1789 2930 1846 servis
2956 1786 3235 1849 differunt,
3267 1791 3454 1854 utpote
3484 1783 3647 1836 timo-

2392 1892 2402 1896 -
2461 1889 2472 1896 -
2573 1888 2604 1896 .,
2660 1886 2692 1896 ..
2760 1882 2834 1896 η.-

391 1922 606 1976 νοχασιν
638 1907 688 1959 οἱ
723 1905 930 1968 παῖδες,
967 1904 1116 1975 φόϐῳ
1158 1903 1401 1967 δουλείας
1436 1901 1963 1972 παιδαγωγούμενοι.

396 1994 503 2063 Εῖη
536 1997 603 2050 τὸ
638 1995 825 2065 ὄνομα
850 1995 1071 2063 Κυρίου
1098 1993 1520 2063 εὐλογημένονς
1543 1992 1662 2048 ἀπὸ
1689 1991 1796 2045 τοῦ
1851 1991 1968 2046 νῦν

392 2081 492 2136 καὶ
520 2082 631 2149 ἓως
664 2082 768 2137 τοῦ
795 2082 1030 2148 αἰῶνος.
1062 2082 1148 2145 Ὠς
1177 2081 1431 2150 ἀγνοοῦσι
1452 2085 1564 2146 τοῖς
1601 2082 1789 2136 παισὶν
1821 2082 1969 2144 ὅπως

393 2173 497 2245 χρὴ
539 2173 630 2228 τὸν
657 2173 860 2245 Κύριον
890 2173 1078 2242 ὑμνεῖν
1105 2172 1164 2225 τὸ
1196 2172 1530 2245 προφητικὸν
1559 2171 1784 2242 Πνεῦμα
1816 2171 1972 2242 δίκην

394 2264 743 2333 παιδαγωγοῦ
776 2265 868 2318 καὶ
898 2264 1216 2319 διδασκάλου
1247 2264 1344 2328 τὰς
1377 2262 1560 2333 φωνὰς
1599 2263 1768 2328 αὑτὰς
1796 2280 1974 2334 παρα-

395 2353 627 2407 δίδωσιν.
662 2353 808 2426 Εὐχὴ
849 2353 906 2406 δέ
937 2353 1078 2424 αὕτη
1114 2353 1262 2406 ἐστὶν
1289 2351 1428 2424 ὑπὲρ
1463 2351 1620 2423 ἡμῶν
1647 2350 1825 2406 αὐτῶν
1867 2350 1974 2405 τῶν

397 2447 603 2503 παίδων
642 2445 1094 2517 ἀναπεμπομένη,
1121 2445 1198 2510 ὡς
1242 2444 1308 2498 ἂν
1343 2443 1594 2515 διαμείνῃ
1634 2443 1766 2514 ἡμῖν
1794 2441 1854 2496 τὸ
1882 2440 1974 2495 τοῦ

399 2540 603 2612 Κυρίου
633 2539 805 2610 ὄνομα
833 2541 912 2602 εἰς
938 2537 1000 2592 τὸ
1029 2537 1294 2610 διηνεκὲς,
1329 2536 1403 2608 μὴ
1431 2534 1631 2607 φεῦγον
1665 2535 1832 2606 ἡμᾶς,
1861 2533 1976 2586 ἀλλ’

398 2631 813 2702 ἀναπαυόμενον
844 2629 922 2701 τῷ
955 2630 1206 2701 ἡμετέρῳ
1240 2628 1360 2699 βίῳ.

484 2722 616 2776 Ἀπὸ
645 2723 960 2777 ἀνατολῶν
982 2723 1162 2791 ἡλίου
1188 2721 1362 2791 μέχρι
1387 2719 1636 2790 δυσμῶν
1657 2718 1894 2774 αἱνετὸν
1911 2719 1979 2772 τὸ

401 2813 588 2884 ὄνομα
611 2815 856 2882 Κυρίου.
874 2813 1132 2882 Ὑψηλὸς
1166 2813 1264 2866 ἐπὶ
1293 2812 1490 2866 πάντα
1521 2811 1594 2865 τὰ
1623 2813 1766 2879 ἔθνη
1797 2815 1829 2864 d
1862 2812 1978 2864 Κύ-

397 2923 547 2972 ριος,
586 2906 684 2958 ἐπὶ
718 2905 862 2973 τοὺς
893 2905 1187 2973 οὐρανοὺς
1219 2907 1257 2974 ἡ
1295 2903 1446 2968 δόξα
1473 2903 1681 2958 αὑτοῦ.
1714 2902 1827 2956 Καὶ
1852 2902 1980 2957 πότε

402 2997 590 3060 τέλους
623 2996 812 3066 ἔτυχεν
859 2997 888 3049 6
937 2997 1095 3065 λόγος
1140 2995 1254 3049 ἀλλ’
1286 2996 1320 3066 ἦ
1368 2995 1506 3066 μετὰ
1535 2995 1632 3067 τὴν
1662 2995 1984 3064 ἐπιφάνειαν

403 3086 497 3146 τοῦ
547 3093 798 3165 Σωτῆρος
847 3093 1001 3164 ήμῶν
1040 3093 1213 3166 Ἰησοῦ
1241 3091 1512 3164 Χριστοῦς
1546 3091 1660 3160 Πρὸ
1693 3089 1824 3159 γοῦν
1855 3088 1985 3142 ταύ-

2069 1913 2128 1953 re
2158 1892 2439 1952 servitutis
2461 1886 2716 1945 instituti.
2755 1882 2835 1938 Sit
2864 1895 3054 1936 nomen
3080 1876 3297 1931 Domini
3319 1873 3648 1928 benedictum

2067 2003 2132 2042 ex
2161 1987 2256 2040 hoc
2287 1998 2422 2038 nunc
2441 1987 2492 2035 et
2516 1993 2677 2046 usque
2702 1975 2757 2028 in
2788 1971 3064 2026 swculum.
3096 1965 3262 2031 Quasi
3284 1963 3472 2034 pueris
3495 1963 3650 2032 igno-

2070 2079 2342 2142 rantibus,
2398 2068 2680 2144 quomodo
2732 2065 3024 2120 Dominum
3082 2058 3307 2113 laudare
3360 2061 3648 2126 oporteat,

2072 2166 2425 2240 propheticus
2471 2159 2714 2232 Spiritus
2751 2155 2928 2209 instar
2956 2147 3233 2221 paedagogi
3263 2161 3328 2200 ac
3354 2151 3654 2240 praecepto-

2074 2233 2152 2314 ris
2177 2233 2370 2312 —voces
2413 2253 2601 2308 tradit.
2630 2248 2757 2303 Haec
2806 2261 2972 2316 porro
3010 2242 3188 2298 oratio
3227 2247 3313 2294 est
3353 2252 3452 2308 pro
3495 2233 3653 2288 nobis

2077 2348 2262 2420 pueris
2287 2345 2513 2408 emissa,
2547 2349 2605 2395 ut
2628 2354 2824 2395 nomen
2850 2335 3065 2390 Domini
3087 2337 3351 2403 perpetuo
3369 2327 3655 2384 nobiscum

2077 2447 2317 2504 maneat,
2362 2451 2467 2492 nos
2508 2433 2736 2489 minime
2781 2429 3026 2500 fugiens,
3059 2424 3157 2482 sed
3203 2423 3262 2478 in
3310 2422 3424 2478 vita
3468 2426 3657 2475 nostra

2078 2532 2502 2604 conquiescens.

2156 2703 2320 2760 Vens.
2352 2703 2408 2767 5,
2435 2699 2490 2756 4.
2523 2699 2567 2753 Α
2603 2697 2733 2752 solis
2764 2703 2886 2749 ortu
2909 2707 3072 2763 usque
3099 2690 3168 2745 ad
3190 2703 3435 2744 occasum
3469 2685 3661 2740 lauda-

2083 2799 2185 2854 bile
2206 2812 2394 2852 nomen
2419 2791 2655 2846 Domini.
2679 2787 2937 2843 Excelsus
2968 2799 3125 2852 super
3144 2797 3322 2837 omnes
3353 2788 3529 2851 gentes
3563 2777 3663 2830 Do-

2085 2893 2282 2956 minus,
2317 2903 2475 2958 super
2509 2883 2665 2940 coelos
2711 2881 2883 2952 gloria
2925 2878 3062 2948 ejus.
3095 2875 3162 2930 Et
3193 2874 3545 2945 quandonam
3574 2870 3664 2925 hic

2085 2998 2268 3042 sermo
2315 2980 2478 3035 θηειῆ
2520 2975 2752 3045 accepit,
2787 2973 2894 3027 nisi
2923 2976 3049 3041 post
3075 2967 3370 3022 adventum
3403 2963 3665 3018 Servato—

2088 3077 2166 3130 ris
2194 3071 2366 3128 nostri
2395 3068 2525 3124 Jesu
2556 3064 2796 3121 Christi?
2821 3062 2953 3116 Nam
3003 3066 3134 3113 ante
3166 3057 3318 3111 illum
3353 3057 3408 3109 in
3437 3053 3552 3108 sola
3571 3049 3664 3106 Ju-

403 3202 503 3257 της
529 3187 586 3238 ἐν
611 3141 952 3258 τῇιῗιόυδαίᾳ
977 3141 1113 3258 μόνη
1143 3141 1376 3254 ἐλέγέῖιςο⁷
1397 3141 1811 3252 εῖναι
1830 3178 1981 3243 Θεὸς,

2090 3165 2205 3220 daaa
2241 3162 2388 3217 Deus
2429 3167 2594 3215 notus
2625 3171 2749 3211 esse
2792 3153 3101 3214 dicebatur,
3133 3159 3184 3204 et
3220 3148 3273 3201 in
3309 3147 3428 3202 solo
3466 3141 3668 3199 lsraele

405 3280 499 3332 καὶ
525 3279 585 3331 ἐν
617 3279 762 3350 μόνῳ
806 3279 886 3350 τῷ
931 3277 1148 3351 Ἰσραὴλ
1199 3277 1342 3348 μέγα
1370 3276 1432 3329 τὸ
1459 3275 1627 3346 ὄνομα
1657 3272 1844 3337 αὐτοῦ,
1878 3270 1984 3326 τῶν

407 3369 514 3434 ἔξω
539 3372 640 3441 τῆς
675 3371 934 3437 Ἰουδαίας
976 3373 1144 3427 ἐθνῶν
1185 3371 1405 3443 δαίμοσι.
1437 3367 1988 3438 καταδεδουλωμένων

408 3459 504 3512 καὶ
545 3461 849 3532 πνεύμασιν
887 3461 1238 3533 ἀκαθάρτοις,
1270 3461 1366 3514 καὶ
1397 3461 1510 3523 τοῖς
1553 3459 1655 3528 τῆς
1702 3455 1987 3510 εἰδωλολα-

407 3550 594 3620 τρείας
630 3553 1014 3623 ’ἀντεχομένοις
1065 3553 1159 3607 τοῦ
1202 3555 1464 3624 ὀνόματος
1488 3549 1583 3604 τοῦ
1617 3549 1822 3620 Κυρίου
1856 3547 1992 3619 μηδὲ

411 3645 491 3707 εἰς
515 3642 720 3696 ἔννοιαν
741 3645 1123 3714 ἥκοντος.”οτε
1143 3663 1206 3714 γε
1231 3645 1336 3716 μὴν
1351 3643 1636 3713 ἐπιφανεὶς
1655 3641 1818 3704 αὐτὸς
1837 3643 1865 3694 6
1886 3640 1993 3692 Κύο

416 3752 529 3806 ριος
559 3735 714 3807 ἡμῶν
747 3735 950 3807 Ἰησοῦς
975 3739 1002 3790 6
1028 3736 1259 3807 Χριστὸς
1285 3736 1411 3798 τοὺς
1437 3732 1602 3788 αὐτοῦ
1633 3731 1876 3804 μαθητὰς
1899 3731 1992 3783 ἐπὶ

415 3827 592 3880 πάντα
619 3826 954 3898 διεπέμψατο
997 3827 1066 3881 τὰ
1106 3826 1256 3898 ἔθνη,
1290 3824 1592 3897 τηνικαῦτα
1620 3822 1924 3894 πληροῦται
1965 3822 1994 3874 6

413 3915 504 3972 διὰ
547 3918 655 3972 τῶν
706 3919 1080 3992 προκειμένων
1128 3917 1320 3990 φωνῶν
1362 3920 1477 3981 τοῖς
1505 3917 1641 3970 πᾶσι
1669 3913 1996 3985 παραδοθεὶς

417 4005 605 4080 ὕμνος.

494 4104 589 4169 Τίς
612 4103 693 4167 ὡς
719 4103 931 4171 Κύριος
954 4105 987 4157 ό
1013 4102 1157 4168 Θεὸς
1182 4101 1352 4172 ἡμῶν
1373 4105 1405 4157 ὀ
1428 4101 1498 4157 ἐν
1518 4099 1781 4170 ὑψηλοῖς
1801 4115 1995 4153 κατοι-

420 4194 563 4262 κῶν,
588 4196 779 4250 καὶτὰ
805 4193 1053 4250 ταπεινὰ
1081 4195 1316 4265 ἐφορῶν
1341 4195 1411 4248 ἐν
1437 4193 1518 4260 τῷ
1539 4193 1772 4263 οὐρανῷ
1797 4191 1898 4246 καὶ
1927 4193 1998 4245 ἐν

420 4285 496 4354 τῇ
519 4284 632 4356 τῇ;
661 4287 979 4340 Διδάσκεται
1011 4286 1068 4340 δέ
1101 4287 1188 4340 διὰ
1219 4285 1426 4341 τούτων
1449 4288 1478 4339 6
1501 4285 1621 4349 νέος
1649 4285 1794 4348 λαὸς,
1831 4284 1906 4347 ὡς
1948 4283 1997 4335 εί

422 4378 515 4431 καὶ
548 4374 823 4447 ἀνελήφθη
853 4377 880 4428 6
901 4375 1104 4448 Κύριος
1139 4377 1319 4448 ἡμῶν,
1347 4377 1444 4430 καὶ
1472 4375 1616 4430 ἔστιν
1645 4378 1704 4430 ἐν
1733 4375 1884 4447 δεξιᾷ
1903 4373 1997 4428 τοῦ

2090 3270 2350 3328 magnum
2381 3267 2580 3307 nomen
2606 3249 2726 3318 ejus
2753 3255 2890 3311 erat,
2943 3245 3073 3299 dum
3116 3248 3306 3312 gentes
3352 3252 3473 3308 quae
3514 3244 3671 3291 extra

2089 3326 2336 3404 Iudaeam
2357 3338 2889 3407 erant,daemonibus
2916 3343 2970 3388 et
2985 3332 3222 3404 impuris
3237 3330 3520 3401 spiritibus
3539 3326 3673 3382 sub-

2092 3439 2241 3503 ditae,
2285 3451 2351 3492 ac
2395 3431 2722 3489 idololatriae
2756 3427 2987 3482 addictae
3028 3431 3257 3480 essent:
3291 3436 3420 3474 cum
3470 3433 3672 3473 nomen

2093 3529 2312 3587 Domini
2341 3541 2412 3582 ne
2441 3523 2663 3596 quidem
2691 3524 2746 3575 in
2772 3527 3008 3573 mentem
3035 3515 3246 3580 veniret
3278 3513 3410 3570 illis.
3442 3509 3674 3576 Quando

2095 3632 2278 3680 autem
2312 3621 2429 3690 ipse
2477 3615 2742 3671 Dominus
2785 3618 2974 3667 noster
3017 3607 3178 3663 Jesus
3221 3605 3472 3660 Christus
3513 3600 3674 3656 adve-

2093 3718 2276 3781 niens,
2307 3710 2612 3780 discipulos
2649 3720 2780 3761 suos
2809 3706 2864 3758 in
2886 3716 3078 3757 omnes
3100 3707 3290 3771 gentes
3323 3696 3524 3760 emisit,
3545 3702 3675 3755 tunc

2095 3807 2354 3877 impletus
2382 3808 2470 3858 est
2507 3800 2744 3872 hymnus
2772 3810 2870 3868 per
2905 3794 3008 3851 has
3045 3807 3214 3849 voces
3252 3789 3530 3851 universis
3564 3795 3675 3840 tra-

2095 3899 2264 3954 ditus.

2168 4096 2337 4152 Vens.
2371 4094 2426 4156 5,
2453 4094 2506 4149 6.
2539 4091 2672 4159 Quis
2713 4089 2852 4144 sicut
2880 4086 3143 4140 Dominus
3200 4083 3343 4138 Deus
3385 4091 3564 4136 noster
3591 4080 3681 4151 qui

2097 4195 2153 4247 in
2168 4191 2292 4245 altis
2320 4186 2548 4251 habitat,
2566 4194 2614 4238 et
2633 4181 2861 4235 humilia
2886 4164 3096 4247 respicit
3113 4177 3169 4230 in
3202 4174 3330 4230 cwlo
3353 4183 3401 4228 et
3425 4175 3484 4225 in
3501 4171 3682 4225 terra?

2100 4287 2199 4340 His
2230 4285 2459 4338 docetur
2499 4291 2675 4332 novus
2724 4273 2987 4346 populus,
3028 4268 3246 4326 etiamsi
3287 4267 3553 4322 Dominus
3583 4276 3679 4316 no-

2103 4386 2217 4434 ster
2244 4378 2564 4443 assumptus
2607 4375 2716 4434 est,
2751 4373 2809 4421 et
2850 4365 2918 4420 ad
2951 4364 3230 4418 dexteram
3280 4359 3462 4414 Patris
3504 4358 3682 4426 sedet,

424 4467 656 4540 Πατρὸς,
683 4466 795 4521 ἀλλ’
823 4463 916 4521 οὖν
959 4471 1054 4522 καὶ
1095 4469 1237 4522 οὕτω
1293 4469 1505 4542 πλήρης
1545 4469 1661 4523 ἐστὶ
1687 4469 1837 4521 πᾶσα
1861 4469 1895 4539 ἡ
1925 4468 1983 4537 Ti

2103 4481 2346 4528 attamen
2370 4475 2540 4522 totam
2581 4472 2788 4518 terram
2822 4460 3038 4532 plenam
3063 4472 3188 4541 esse
3219 4464 3272 4510 et
3298 4454 3536 4525 gaudere
3565 4453 3683 4525 ejus

423 4561 520 4616 καὶ
546 4533 808 4615 άπολαύει
831 4561 932 4631 τῆς
961 4563 1266 4634 ἐπισκοπῆς
1283 4533 1620 4636 αὑτόῦίτΑρα
1641 4565 1703 4617 ού
1728 4533 1983 4634 δοκεῖ-μέ-

2105 4560 2468 4632 inspectione.
2515 4557 2714 4609 Annon
2753 4550 2886 4606 illud
2929 4533 3185 4620 magnum
3236 4561 3362 4602 esse
3403 4544 3685 4598 videatur?

424 4669 497 4724 γα
528 4651 666 4707 εἶναι
699 4652 759 4706 τὸ
785 4653 1110 4724 είρημένον;
1151 4656 1288 4708 Ἀλλ’
1321 4658 1448 4735 ρταν
1477 4657 1735 4729 ἐννοήσῃς
1769 4657 1897 4726 περὶ
1921 4655 2000 4708 τί-

425 4759 515 4807 νος
540 4742 774 4814 εῖρηται,
793 4743 995 4814 σφόδρα
1023 4743 1140 4796 ἐστὶ
1163 4745 1440 4809 καταδεές.
1477 4745 1602 4808 Πῶς
1625 4746 1732 4815 γὰρ
1757 4747 1814 4798 ἐν
1845 4744 2007 4816 ούρα-

426 4837 536 4898 νοίς
575 4836 816 4888 κατοικεῖ
846 4836 875 4888 6
901 4833 991 4888 τὸν
1026 4836 1254 4906 οὐρανὸν
1282 4839 1376 4892 καὶ
1413 4837 1512 4908 τὴν
1552 4837 1656 4908 γῆν
1704 4838 1948 4909 πληρῶν,
1979 4839 2008 4890 6

429 4925 702 4997 πανταχοῦ
735 4925 948 4998 παρὼν,
981 4928 1010 4980 6
1056 4927 1259 4996 λέγων’
1298 4929 1443 4995 Θεὸς
1469 4930 1712 5000 ἐγγίζὼν
1741 4930 1876 5000 ἐγὼ,
1909 4932 2007 4985 καὶ

429 5021 500 5074 οὺ
525 5018 669 5083 Θεὸς
695 5019 1018 5087 πόρρωθεν,
1047 5021 1080 5072 ὁ
1113 5019 1421 5088 μετρήσας
1447 5022 1555 5075 τὸν
1579 5022 1841 5090 οὐρανὸν
1871 5039 2008 5077 σπι-

431 5110 588 5180 θαμῇ
613 5112 712 5165 καὶ
738 5111 851 5180 τὴν
865 5109 983 5180 γῆν
1011 5110 1204 5179 δρακὶ,
1224 5115 1256 5166 ὀ
1279 5113 1546 5182 κατέχων
1559 5114 1668 5168 τὸν
1681 5116 1864 5184 τύρον
1893 5113 2003 5183 τῆς

433 5201 544 5273 γῆς
560 5218 579 5266 ;
621 5202 758 5255 ’Δλλ’
788 5201 976 5274 ἐπειδὴ
1008 5202 1144 5274 πρὸς
1180 5203 1466 5267 Ἰουδαίους
1496 5199 1566 5275 ἦν
1592 5203 1740 5274 αὐτῷ
1773 5206 1802 5257 6
1828 5204 2008 5272 λόγος,

434 5293 520 5346 διὰ
546 5292 703 5347 τοῦτο
726 5294 863 5356 τέως
885 5293 1027 5347 οὕτω
1055 5294 1316 5366 κέχρηται
1343 5295 1420 5366 τῷ
1450 5295 1611 5367 λόγῳ,
1643 5295 2012 5365 συγκαταὸαί-

435 5401 539 5438 νων
571 5387 635 5456 τῇ
686 5385 956 5456 παχύτητι
986 5386 1166 5439 αὐτῶν
1188 5403 1202 5418 ·
1251 5381 1368 5440 εἶτα
1402 5389 1542 5442 κατὰ
1577 5389 1770 5460 μικρὸν
1793 5388 2008 5456 ἀνάγων

436 5475 612 5530 αὐτῶν
641 5477 740 5544 τὴν
757 5476 995 5531 διάνοιαν
1018 5479 1112 5531 καὶ
1138 5477 1354 5550 πτερῶν
1381 5479 1477 5550 τὴν
1499 5478 1722 5550 γνώμην
1748 5480 1842 5532 καὶ
1872 5481 2008 5533 ἁνα-

440 5566 692 5632 eadem,
724 5567 906 5640 ἡρέμα
931 5569 1126 5637 ἐπάγει
1156 5571 1214 5622 ἐν
1248 5569 1325 5640 τῷ
1352 5569 1565 5642 οὐρανῷ
1613 5571 1710 5624 καὶ
1733 5569 1792 5623 ὲν
1822 5572 1889 5640 τῇ
1914 5572 2009 5641 γῇ.

444 5649 684 5705 τουτέστιν
727 5659 825 5723 καὶ
869 5659 982 5714 άνω
1030 5660 1125 5715 καὶ
1169 5661 1338 5716 κάτω.
1366 5659 1534 5717 Τοῦτο
1563 5661 1619 5715 δὲ
1650 5658 1769 5716 εἷπε
1801 5662 1890 5716 διὰ
1915 5663 2013 5734 τὴν

517 5804 563 5837 ⁹⁶
596 5803 707 5860 Jer.
747 5821 812 5868 χ,
852 5806 946 5875 ll;
982 5805 1086 5862 lsa.
1119 5825 1224 5873 ιιι,
1248 5815 1351 5873 ιη,

2109 4653 2180 4706 At
2210 4651 2256 4705 si
2281 4645 2601 4704 consideres
2631 4643 2699 4699 de
2724 4656 2834 4712 quo
2860 4640 3070 4695 dictum
3102 4637 3194 4700 sit,
3230 4636 3334 4690 hoc
3362 4635 3524 4704 longe
3555 4633 3685 4688 infe-

2108 4745 2225 4799 rius
2258 4742 2350 4796 illo
2381 4740 2506 4796 erit.
2542 4735 2829 4803 Quomodo
2867 4733 3012 4788 enim
3051 4731 3106 4784 in
3145 4727 3303 4783 ccelis
3331 4726 3565 4789 habitat,
3591 4726 3686 4796 qui

2107 4837 2306 4892 caelum
2321 4843 2377 4888 et
2401 4841 2598 4888 terram
2622 4829 2831 4898 implet.
2868 4825 2962 4896 qui
2994 4822 3199 4891 ubique
3217 4834 3460 4891 praesens
3493 4818 3629 4874 dicit
3670 4837 3684 4872 :

2110 4929 2250 4982 Deus
2292 4925 2716 4994 appropinquans
2757 4935 2850 4988 ego
2872 4933 3012 4980 sum,
3059 4923 3109 4969 et
3137 4930 3244 4967 non
3285 4911 3424 4966 Deus
3466 4909 3687 4979 procul:

2111 5023 2201 5092 qui
2245 5034 2454 5073 mensus
2503 5032 2621 5070 sum
2651 5013 2838 5067 cretum
2864 5013 3063 5079 palmo,
3090 5014 3139 5062 et
3166 5015 3361 5060 terram
3401 5003 3602 5073 pugillo
3620 5003 3688 5065 θα,

2108 5115 2196 5184 qui
2248 5111 2484 5164 contineo
2523 5121 2708 5178 gyrum
2741 5101 2943 5158 terrm?
2975 5099 3084 5154 Sed
3119 5096 3382 5167 quoniam
3437 5101 3570 5148 tunc
3610 5093 3688 5146 illi

2115 5183 2299 5261 sermo
2330 5217 2454 5257 cum
2479 5198 2684 5254 Judzeis
2708 5206 2862 5262 erat;
2892 5193 3016 5248 ideo
3039 5191 3274 5245 fortasse
3301 5188 3406 5241 hoc
3435 5183 3690 5254 loquendi

2117 5295 2281 5350 modo
2307 5301 2392 5348 est
2434 5307 2588 5352 usus,
2625 5303 2814 5344 eorum
2859 5299 2981 5340 sese
3021 5279 3380 5337 crassitudini
3428 5284 3690 5343 attempe-

2113 5401 2284 5440 rans:
2328 5399 2392 5437 ac
2421 5382 2618 5438 deinde
2659 5378 2924 5451 paulatim
2969 5391 3161 5431 eorum
3209 5381 3445 5427 mentem
3477 5368 3690 5438 erigens

2116 5487 2170 5535 et
2197 5479 2476 5541 attollens,
2505 5475 2561 5529 in
2595 5474 2796 5528 caelum
2828 5479 2882 5526 et
2909 5471 2966 5524 in
3001 5477 3201 5523 terram
3233 5461 3478 5526 adducit,
3511 5461 3565 5516 id
3608 5468 3688 5515 est

2116 5585 2338 5626 sursum
2369 5579 2422 5624 et
2450 5568 2732 5622 deorsum.
2773 5562 2830 5616 id
2862 5575 2994 5616 vero
3029 5559 3105 5615 ait
3131 5559 3204 5612 ob
3247 5554 3560 5610 Judaeorum
3582 5551 3688 5622 gini-

2118 5662 2490 5727 becillitatem,
2518 5659 2611 5731 qui
2657 5655 2819 5713 idolis
2850 5653 3020 5710 dediti
3053 5657 3231 5718 erant,
3253 5656 3310 5704 et
3335 5647 3468 5703 deos
3505 5643 3688 5698 adora-
