4102 6394
474 359 604 416 4551

1129 351 1399 412 EUSEBII
1435 351 1920 412 CESARIENSIS
1954 354 2108 413 OPP.
2142 354 2325 413 PARS
2363 355 2451 412 Ill.
2491 387 2562 398 —-
2589 351 2999 415 EXEGETICA.

3602 352 3744 414 i632

471 482 604 537 bant
648 479 702 534 in
735 477 871 533 locis
898 491 962 532 ac
1006 475 1230 548 templis
1270 475 1540 532 inclusos.
1572 456 1709 531 Cum
1741 476 1820 530 ait
1857 474 2036 546 igitur1

2152 474 2435 531 ἀσθένειαν
2465 473 2566 547 τὴν
2608 473 2923 547 Ἰουδαῖκὴν,
2946 474 3046 547 τὴν
3069 473 3208 546 πρὸς
3230 475 3299 530 τὰ
3320 475 3514 531 ἐῐδωλα
3539 477 3743 549 ἐπτοη-

471 570 523 624 in
553 572 682 624 caelo
715 579 763 624 et
805 569 858 622 in
901 579 1069 635 terra,
1122 581 1316 622 ansam
1355 567 1562 637 praebet
1603 565 1881 637 cogitandi
1921 580 2048 620 eum

471 662 672 732 ubique
706 669 871 732 atque
898 661 986 716 hic
1019 667 1074 717 et
1105 659 1218 714 illic
1249 675 1394 722 esse,
1435 668 1489 714 et
1515 658 1701 713 omnia
1728 655 2045 728 pervadere.

469 751 586 808 Non
626 751 771 807 enim
812 759 870 806 ut
909 750 1183 822 quispiam
1225 750 1280 804 in
1321 752 1463 805 caelo
1495 749 1819 815 conclusus,
1855 749 2052 819 procul

467 851 684 909 terrena
723 843 1030 914 conspicit;
1063 841 1160 899 sed
1199 841 1400 913 ubique
1447 855 1710 912 praesens,
1747 841 2051 910 incompre-

468 937 698 1002 hensus,
724 934 1262 1005 incircumscriptus,
1299 933 1663 1004 omnibusque
1702 939 1912 988 astans.
1954 929 2050 985 Vi»

466 1029 589 1084 den‘
618 1045 728 1100 quo
775 1037 934 1099 pacto
968 1027 1226 1098 paulatim
1254 1025 1566 1080 auditorum
1599 1034 1838 1080 mentem
1861 1024 2048 1081 suble-

466 1122 586 1176 vet?
622 1121 739 1176 Non
777 1121 922 1176 enim
957 1121 1079 1174 ideo
1135 1120 1455 1190 interrogat,
1502 1126 1562 1170 ut
1603 1118 1729 1188 quis
1767 1115 1835 1172 de
1876 1116 2078 1190 gloria_

464 1214 559 1271 Dei
589 1215 752 1286 digna
799 1216 1076 1286 loquatur,
1119 1213 1213 1267 sed
1266 1228 1364 1283 pro
1413 1219 1575 1282 captu
1629 1210 1934 1266 hominum.
1983 1209 2050 1264 Et

464 1309 592 1364 alibi
625 1325 842 1380 quoque
869 1308 1069 1364 malum
1101 1305 1304 1360 dicitur
1333 1321 1459 1361 esse
1501 1305 1734 1360 thronus
1763 1303 1882 1369 Dei,
1917 1303 2046 1374 quia

464 1403 716 1458 cmlestes
741 1403 974 1456 virtutes
1000 1401 1123 1456 istic
1145 1400 1240 1455 Dei
1259 1398 1488 1471 gloriam
1517 1397 1749 1451 ﬁrmiter
1774 1397 2044 1456 obtinent:

463 1502 608 1550 terra
643 1511 773 1550 vero
802 1495 1123 1558 scabellum,
1156 1493 1284 1564 quia
1314 1492 1563 1546 homines
1592 1490 1647 1545 in
1677 1500 1824 1546 terra
1851 1497 2040 1544 extre-

459 1601 550 1641 ma
589 1587 898 1642 divinorum
942 1587 1028 1641 vix
1063 1602 1262 1658 capere
1296 1587 1501 1642 valent.
1547 1584 1648 1641 Hic
1699 1599 1831 1640 vero
1875 1581 2046 1637 David

460 1687 748 1750 postquam
790 1677 1097 1732 auditorem
1128 1679 1196 1732 de
1241 1685 1387 1732 terra
1435 1677 1627 1740 erexit,
1666 1674 1736 1730 ad
1777 1673 1926 1729 aliud
1948 1672 2044 1730 Dei

458 1772 674 1826 virtutis
703 1780 1082 1842 argumentum
1114 1770 1456 1841 progreditur
1487 1769 1678 1824 dicens
1707 1783 1721 1820 :

2155 567 2346 640 μένην,
2377 568 2474 623 καὶ¹
2516 567 2673 632 θεοὺς
2703 567 3116 640 προσκυνοῦσαν
3151 569 3279 634 τοὺς
3319 570 3379 623 ἐν
3423 559 3614 634 τόποις
3643 573 3743 626 καὶ

2152 661 2298 724 ναοῖς
2325 658 2872 730 συγκεκλεισμένους.
2908 658 3095 713 Εἰπὼν
3122 659 3275 730 γοῦν,
3307 661 3376 716 ἐν
3400 660 3482 728 τῷ
3505 662 3742 732 οὐρανῷ

2150 751 2252 806 καὶ
2289 751 2360 806 ἐν
2381 749 2458 820 τῇ
2485 748 2584 821 τῇ,
2612 750 2797 804 δίδωσι
2839 752 2998 815 νοεῖν,
3027 751 3113 804 ὅτι
3155 753 3432 824 πανταχοῦ
3471 755 3610 820 ἐστι,
3639 755 3742 810 κά-

2150 845 2238 897 κεῖ
2263 842 2358 896 καὶ
2389 841 2646 906 ἐνταῦθα,
2675 843 2768 895 καὶ
2792 840 2881 895 διὰ
2908 841 3131 897 πάντων
3159 844 3304 916 ἥκει.
3338 844 3413 898 Οὐ
3439 845 3548 919 γὰρ
3571 844 3647 910 ὡς
3671 847 3740 903 ἄν

2149 952 2234 1000 τις
2262 936 2318 989 ὲν
2361 933 2578 1006 οὐρανῷ
2617 934 3107 1006 συγκεκλεισμένος
3137 935 3420 1008 πόρρωθεν
3451 937 3640 1009 βλέπει
3668 940 3737 994 τα

2148 1030 2206 1082 ιν
2223 1030 2290 1100 τῇ
2321 1030 2416 1099 γῇ,
2438 1027 2573 1081 ἀλλά
2605 1026 2879 1098 πανταχοῦ
2903 1027 3093 1099 παρὼν
3115 1029 3210 1096 καὶ
3235 1028 3520 1102 ἀχώρητος
3546 1029 3623 1086 ῶν
3641 1033 3739 1086 καὶ

2147 1123 2558 1196 ἀπερίγραπτος
2607 1121 2704 1178 καὶ
2750 1123 2887 1176 πᾶσι
2933 1122 3373 1195 περιιστάμενος.
3421 1121 3573 1190 Εἶδες
3617 1126 3738 1192 πῶς

2147 1215 2290 1270 κατά
2317 1216 2511 1288 μικρὸν
2541 1219 2734 1289 πτεροῖ
2760 1217 2859 1289 τὴν
2885 1216 3127 1272 διάνοιαν
3159 1218 3269 1271 τῶν
3290 1219 3630 1287 ἀκουόντων;
3658 1221 3736 1275 Οὐ

2146 1309 2255 1380 γὰρ
2281 1307 2435 1380 ζητεί
2458 1309 2605 1371 ὅπως
2629 1310 2695 1365 ἀν
2715 1327 2802 1374 τις
2825 1313 2924 1383 τῆς
2950 1311 3109 1383 δόξης
3135 1312 3279 1365 εἴποι
3307 1311 3402 1366 τοῦ
3433 1312 3570 1366 Θεοῦ
3598 1312 3740 1379 τέως

2145 1399 2388 1467 ἐπάξιον,
2424 1400 2537 1454 ἀλλ’
2560 1401 2706 1464 ὅπως
2729 1401 2957 1466 ἐκείνοις
2981 1401 3246 1474 χωρητόν.
3280 1403 3390 1457 Καὶ
3421 1401 3656 1474 ἀλλαχοῦ
3677 1402 3738 1458 δὲ

2146 1490 2332 1563 θρόνος
2374 1490 2509 1566 Θεοῦ
2557 1493 2774 1562 λέγεται
2808 1493 2837 1546 6
2869 1492 3097 1564 οὐρανὸς
3128 1492 3321 1565 ὲκττοῦ
3346 1492 3445 1558 τὰς
3475 1493 3741 1566 οὐρανίας

2143 1583 2400 1656 δυνάμεις
2428 1583 2640 1652 παγίως
2684 1587 2744 1638 ἐν
2788 1585 2980 1650 αὐταῖς
3006 1585 3106 1658 τὴν
3150 1585 3245 1639 τοῦ
3277 1585 3412 1639 Θεοῦ
3457 1585 3618 1653 δόξαν
3649 1587 3740 1642 ὲν-

2148 1673 2436 1748 ιδρυμένην
2467 1678 2612 1747 ἔχειν
2630 1692 2642 1704 ·
2680 1677 2775 1730 καὶ
2801 1677 2835 1748 ἡ
2868 1676 2942 1748 γῆ
2976 1676 3287 1742 ὑποπόδιον,
3313 1675 3404 1730 διὰ
3428 1676 3489 1731 τὸ
3511 1677 3605 1730 ἐπὶ
3627 1676 3739 1750 γῆς

2106 1765 2271 1828 ’τοὺς
2301 1764 2622 1837 ἀνθρώπους
2670 1765 2738 1819 τά
2789 1765 3074 1821 τελευταῖα
3107 1767 3215 1822 τῶν
3247 1767 3375 1840 περὶ⁷
3399 1767 3535 1822 Θεοῦ
3577 1768 3737 1841 μόλις

457 1865 702 1936 χωρῆσαι
745 1863 1023 1919 δύνασθαι.
1081 1863 1343 1917 Ἐνταῦθα
1386 1863 1444 1916 δὲ
1475 1864 1791 1934 ἀναστήσας
1834 1860 1943 1915 ἀπὸ
1983 1861 2083 1932 τῆς
2116 1859 2222 1931 γῆς
2271 1859 2364 1914 τὸν
2415 1859 2690 1933 ἀκροατὴν
2733 1863 2763 1916 6
2807 1861 2990 1931 Δαυῒδ,
3050 1863 3135 1934 ἐφ’
3162 1862 3348 1938 ἕτερον
3379 1865 3600 1938 ἔρχεται
3632 1865 3738 1937 τῆς

455 1957 736 2028 δυνάμεως
763 1958 856 2013 τοῦ
889 1958 1024 2012 Θεοῦ
1053 1958 1251 2029 δεῖγμα
1283 1957 1455 2027 λέγων
1476 1974 1490 1988 ·

525 2070 692 2126 Vens.
740 2070 853 2125 7-9.
888 2070 1170 2126 Suscitans
1217 2073 1282 2127 de
1315 2083 1458 2127 terra
1497 2072 1705 2140 inopem
1733 2081 1783 2126 et
1814 2070 1880 2126 de
1901 2081 2042 2126 ster-
2073 2090 2116 2146 Β

455 2177 572 2216 rore
600 2163 803 2232 erigens
843 2177 1156 2230 pauperem,
1184 2172 1239 2216 ut
1275 2163 1493 2217 collocet
1531 2179 1651 2218 eum
1687 2178 1807 2217 cum
1838 2163 2040 2232 princi-

2227 2065 2282 2123 '0
2327 2068 2573 2140 ἐγείρων
2611 2066 2729 2123 ἀπὸ
2765 2065 2881 2138 τῆς
2911 2067 3173 2138 πτωχὸν,
3203 2070 3302 2124 καί
3328 2073 3447 2128 ἀπὸ
3481 2077 3739 2146 κοπρίας

2141 2158 2394 2231 ἁνυψιῶν
2407 2157 2768 2229 πένητα,τώ
2781 2161 3023 2215 καθίσαι
3035 2161 3381 2232 αὑτὸνμετὰ
3399 2166 3732 2236 ἀρχόντων,

455 2253 628 2322 pibns.
655 2270 772 2306 cum
802 2254 1130 2323 principibus
1154 2255 1336 2324 populi
1370 2257 1493 2318 sui;
1523 2257 1614 2327 qui
1640 2254 1882 2310 habitare
1908 2256 2036 2325 facit

2136 2249 2288 2321 μετὰ
2323 2251 2633 2320 ἀρχόντων
2668 2248 2823 2303 λαοῦ
2864 2249 3051 2304 αὐτοῦ
3074 2267 3090 2280 ο
3131 2255 3166 2306 d
3209 2253 3557 2314 κατοικίζων
3573 2259 3740 2311 στείε

454 2345 685 2400 sterilem
715 2347 771 2400 in
796 2346 974 2408 domo,
1001 2358 1222 2402 matrem
1261 2349 1327 2404 de
1371 2350 1501 2420 ﬁliis
1529 2351 1822 2406 lwtantem.
1853 2349 2040 2406 Virtu-

453 2446 562 2493 tem
596 2437 692 2494 Dei
731 2453 830 2509 pro
869 2440 1150 2496 voluntate
1179 2457 1277 2496 sua
1305 2443 1563 2512 quaelibet
1606 2451 2034 2499 commutantem

453 2529 715 2585 celebrat.
750 2531 870 2585 Non
912 2532 1089 2587 solum
1121 2534 1288 2597 enim,
1326 2534 1522 2606 inquit,
1567 2549 1865 2606 pauperem
1895 2535 2038 2592 divi-

453 2618 544 2674 tiis
563 2627 616 2674 et
645 2619 818 2691 gloria
853 2619 1051 2686 allicit,
1083 2621 1176 2678 sed
1207 2623 1370 2680 etiam
1405 2639 1530 2677 cum
1565 2625 1909 2696 principibus
1939 2641 2038 2696 po-

451 2711 564 2782 puli
595 2712 850 2774 collocat.
882 2722 937 2769 et
965 2713 1031 2768 ad
1057 2713 1348 2784 imperium
1379 2715 1582 2771 evehit.
1606 2717 1810 2790 Magna:
1831 2718 2036 2790 quippe

449 2811 506 2858 et
542 2804 928 2862 inenarrabilis
986 2807 1206 2861 virtutis
1251 2815 1337 2862 est
1374 2823 1536 2879 parva
1579 2810 1810 2881 erigere.
1849 2810 2038 2867 Potest

450 2894 578 2952 item
606 2895 697 2952 hic
723 2912 916 2953 versus
946 2897 1014 2952 de
1043 2900 1244 2969 populo
1275 2916 1340 2956 ex
1369 2903 1625 2972 gentibus
1647 2902 1754 2956 dici
1786 2922 1799 2957 :
1830 2903 1899 2958 de
1924 2919 2035 2975 quo

449 2980 525 3035 ait
562 2983 827 3054 propheta
875 3004 888 3040 :
929 2984 1000 3040 Et
1047 2998 1324 3057 propterea
1365 2989 1630 3046 benedicet
1674 2991 1769 3046 tibi
1806 2994 2033 3063 populus

449 3087 664 3144 pauper,
694 3086 744 3130 et
773 3077 1011 3132 civitates
1040 3079 1312 3135 hominum
1353 3082 1560 3152 injuria
1599 3084 1916 3153 aﬂ'ectorum
1945 3087 2033 3141 be-

448 3164 685 3222 nedicent
720 3169 837 3226 tibi.
874 3169 1051 3225 Fuisti
1084 3173 1226 3226 enim
1259 3176 1402 3228 omni
1448 3176 1656 3230 civitati
1711 3177 1904 3232 humili
1931 3179 2026 3233 atl-

449 3255 611 3322 iutor,
659 3268 709 3313 et
741 3260 807 3313 iis
835 3263 925 3330 qui
969 3263 1152 3318 animo
1195 3265 1513 3334 deﬁciebant
1547 3277 1761 3339 propter
1793 3269 2032 3339 indigen-

449 3349 600 3414 tiam,
652 3359 1005 3422 tegumentum
1047 3370 1066 3408 :
1119 3355 1184 3408 ab
1223 3357 1523 3414 hominibus
1579 3360 1830 3431 malignis
1879 3377 2029 3416 erues

2133 2363 2254 2414 ραν
2274 2346 2345 2400 ἐν
2376 2345 2539 2410 οἴκῳ,
2561 2342 2788 2414 μητέρα
2827 2344 2926 2397 ἐπὶ
2964 2343 3196 2412 τέκνοις
3231 2337 3734 2421 εὐφραινομένην.

2151 2438 2344 2510 ’Υμνεῖ
2371 2437 2471 2510 τὴν
2511 2436 2742 2509 δύναμιν
2793 2435 2888 2492 τοῦ
2936 2436 3094 2501 Θεοῦ,
3126 2437 3326 2510 ῥᾳδίως
3368 2441 3736 2512 μεταϐάλλω-

2139 2547 2238 2585 σαν
2264 2529 2301 2584 ἃ
2335 2529 2602 2601 βούλεται.
2638 2530 2715 2582 Οὐ
2765 2525 2926 2600 μόνον
2976 2528 3106 2600 γὰρ,
3142 2529 3297 2600 φησι,
3325 2531 3602 2598 πλουτίζει
3640 2534 3736 2591 τὸν

2139 2623 2346 2693 πένητα
2368 2621 2463 2675 καὶ
2489 2620 2721 2688 δοξάζει,
2761 2620 2898 2674 ἀλλά
2928 2621 3023 2674 καὶ¹
3055 2623 3169 2685 τοῖς
3201 2621 3430 2694 ἄρχουσι
3464 2626 3561 2680 τοῦ
3595 2626 3733 2684 λαοῦ

2140 2711 2554 2782 συγκαθίστησι,
2586 2711 2682 2764 καὶ
2725 2713 2806 2775 εἰς
2851 2710 3025 2782 ἀρχὴν
3067 2711 3281 2780 ἀνάγει.
3327 2715 3590 2787 Μεγάλης
3622 2718 3736 2791 γὰρ

2134 2806 2416 2878 δυνάμεως
2445 2806 2542 2860 καὶ
2571 2805 2782 2875 ἀφάτου
2813 2806 2874 2860 a6
2897 2805 2966 2860 τὰ
2997 2807 3171 2880 μικρά
3198 2807 3464 2881 ἐπαίρειν.
3496 2811 3733 2867 Δύναται

2134 2898 2192 2952 δὲ
2232 2899 2263 2951 6
2295 2898 2479 2970 στίχος
2511 2897 2608 2952 καὶ
2638 2898 2767 2971 περὶ
2798 2898 2892 2951 τοῦ
2922 2898 3032 2952 ἀπὸ
3075 2898 3184 2953 τῶν
3213 2899 3383 2954 ὲθνῶν
3409 2900 3540 2957 λαοῦ
3571 2903 3731 2974 λέγι-

2136 2991 2282 3058 σθαι,
2297 2991 2428 3064 περὶ
2445 2985 2506 3047 οὐ
2528 3007 2692 3062 φησιν
2712 2993 2741 3044 6
2760 2993 3048 3063 προφήτης
3067 3008 3081 3021 ·
3105 2991 3219 3046 Kal
3237 2992 3336 3047 διὰ
3352 2995 3533 3050 τοῦτο
3558 2999 3715 3060 εὐάζω

2133 3083 2309 3156 rhesi.
2341 3101 2417 3140 σε
2439 3088 2473 3140 ό
2503 3089 2654 3152 λαὸς
2690 3087 2723 3138 ὁ
2747 3084 3004 3155 πτωχὸς,
3031 3086 3133 3140 καὶ
3168 3087 3381 3154 πόλεις
3405 3089 3731 3158 ἀνθρώπων

2132 3177 2543 3248 ἀδικουμένων
2582 3174 2998 3246 εὐλογήσουσί
3021 3191 3115 3233 σε.
3148 3177 3387 3248 Ἐτένου
3415 3181 3527 3249 γὰρ
3555 3181 3730 3250 πάσῃ

2133 3272 2307 3325 πόλει
2330 3268 2583 3337 ταπεινῇ
2603 3268 2854 3336 βοηθὸς,
2881 3268 3126 3335 καὶτοῖς
3159 3270 3507 3340 ἀθυμήσασι
3527 3273 3604 3327 δι’
3629 3274 3727 3326 ἕνα

2132 3363 2300 3417 δειαν
2315 3362 2538 3431 σκέπη⁴
2550 3361 2670 3416 ἀπὸ
2685 3361 3011 3430 ἀνθρώπιον
3019 3362 3463 3434 πονηρῶνρύσῃ
3477 3365 3696 3432 αὐτούς
3705 3381 3720 3396 ³

446 3455 532 3493 eos
563 3455 582 3493 :
627 3448 981 3512 tegumentum
1020 3445 1334 3514 sitientium,
1385 3458 1435 3504 et
1483 3450 1700 3519 spiritus
1753 3451 2026 3506 hominum

2136 3452 2330 3521 σκέπη
2359 3452 2691 3521 διψώντων,
2704 3452 2803 3507 καὶ
2817 3452 3053 3522 πνεῦμα
3069 3454 3396 3522 ἀνθρώπων
3416 3454 3726 3527 ἀδικουμέ-

447 3533 646 3600 injuria
694 3536 1006 3605 aﬂ'ectorum
1022 3539 1088 3593 ”.
1137 3539 1296 3597 Hunc
1341 3543 1489 3598 enim
1521 3559 1815 3616 pauperem
1845 3555 1896 3600 et
1932 3561 2034 3618 po-

446 3627 632 3697 pulum
661 3645 892 3700 egenum
923 3646 954 3686 a
999 3633 1202 3690 vilibus
1249 3635 1437 3703 rebus,
1471 3652 1501 3691 a
1531 3637 1801 3696 dedecore
1834 3642 2032 3696 turbu-

445 3719 716 3775 lentorum
760 3722 931 3777 animi
974 3732 1247 3789 motuum,
1291 3733 1348 3782 et
1381 3742 1412 3782 a
1455 3738 1702 3786 stercore
1739 3731 2034 3803 gentilitia-

445 3827 565 3868 rum
587 3813 1054 3871 abominationum
1077 3819 1316 3890 erigens,
1337 3820 1530 3878 sedere
1547 3821 1709 3879 faciet
1735 3839 1859 3879 eum
1879 3825 2034 3893 prin-

444 3903 660 3976 c'pibus
690 3905 930 3972 lsraelis,
963 3909 1058 3978 qui
1111 3911 1347 3981 populus
1375 3913 1498 3984 ejus
1537 3922 1644 3971 est.
1679 3914 1818 3971 Sunt
1847 3923 2030 3971 autem

445 3997 679 4066 apostoli
736 3998 1018 4072 principes
1066 4002 1150 4057 vel
1197 4004 1522 4074 patriarcha:
1574 4003 1858 4062 Hebraicaa
1900 4023 2033 4078 gen-

443 4087 514 4143 tis
553 4103 567 4140 :
601 4090 932 4160 quibuscum
981 4093 1310 4151 habitabunt
1353 4105 1624 4168 quotquot
1666 4114 1734 4154 ex
1775 4100 2030 4171 gentibus

443 4180 828 4238 crediderunt.
884 4182 1241 4258 ldipsumque
1301 4187 1436 4244 dicit
1487 4189 1752 4248 Dominus
1809 4210 1822 4246 :
1868 4190 2030 4245 Multi

443 4275 644 4330 venient
679 4277 745 4331 ab
799 4279 1000 4334 oriente
1039 4291 1091 4334 et
1125 4281 1418 4348 occidente,
1463 4294 1515 4338 et
1567 4283 1869 4339 recumbent
1909 4301 2030 4338 cum

443 4367 734 4435 Abraham,
774 4369 936 4426 Isaac
979 4383 1031 4427 et
1068 4373 1238 4429 Jacob
1281 4377 1337 4430 in
1379 4393 1539 4448 regno
1579 4378 1830 4432 caelorum
1854 4379 1894 4430 ⁸.
1932 4377 2030 4435 Est

443 4461 623 4533 itaque
676 4480 859 4520 sermo
902 4466 992 4547 ille
1022 4467 1372 4526 universalis.
1419 4468 1577 4536 Quod
1623 4470 1680 4527 εἰ·
1703 4471 1828 4541 quis
1871 4471 2026 4526 illum

443 4556 742 4628 anagogico
788 4573 942 4614 more
980 4562 1232 4631 excipere
1255 4561 1408 4629 velit,
1441 4563 1489 4618 is
1521 4562 1893 4634 deprehendet
1922 4563 2027 4618 hoc

442 4648 620 4719 ipsum
652 4649 707 4704 in
748 4650 984 4706 adventu
1014 4651 1220 4708 Christi
1273 4651 1481 4709 laetum
1511 4670 1656 4711 esse.
1705 4655 1850 4722 Quid
1877 4655 2024 4711 enim

2133 3561 2275 3599 νων.
2291 3544 2492 3598 Τοῦ-τον
2504 3543 2612 3617 γὰρ
2633 3539 2724 3598 τὸν
2745 3545 2960 3616 πτωχὸν
2984 3545 3079 3600 καὶ
3101 3547 3307 3617 πένητα
3320 3548 3471 3611 λαὸν,
3489 3547 3598 3603 ἀπὸ
3615 3549 3729 3604 τῶν

2133 3634 2488 3709 χαμαιζήλων
2509 3637 2852 3708 πραγμάτων
2876 3637 3118 3707 ἐγείρας,
3137 3638 3232 3693 καὶ
3251 3639 3354 3710 τῆς
3367 3639 3592 3711 ἀτιμίας
3613 3639 3729 3695 τῶν

2133 3729 2324 3784 παθῶν
2344 3731 2556 3802 καὶτῆς
2581 3731 2817 3803 κοπρίας
2837 3732 2948 3786 τῶν
2970 3731 3297 3803 Ἑλληνικῶν
3325 3733 3724 3805 μυσαγμάτων,

2133 3821 2346 3876 καθίσει
2379 3821 2519 3893 μετά
2560 3822 2670 3877 τῶν
2716 3822 2994 3893 ἀρχόντων
3019 3823 3114 3877 τοῦ
3144 3823 3378 3895 Ἰσραὴλ,
3409 3823 3563 3888 ὄντος
3591 3823 3724 3878 λαοῦ

2131 3912 2316 3966 αὐτοῦ.
2345 3913 2468 3966 Εἰσὶ
2515 3912 2575 3966 δὲ
2618 3915 2667 3967 oi
2701 3912 2988 3968 ἀπόστολοι
3032 3915 3291 3986 ἄρχοντες
3323 3916 3415 3969 τοῦ
3451 3916 3728 3988 Ἑϐραίων

2131 4003 2283 4072 λαοῦ,
2317 4006 2350 4076 ἢ
2386 4006 2482 4060 καὶ
2510 4006 2561 4059 οἱ
2607 4005 2965 4078 πατριάρχαι,
3005 4006 3124 4077 μεθ’
3157 4000 3234 4060 ῶν
3271 4005 3724 4079 κατασκηνώσου-

2133 4113 2218 4151 σιν
2242 4098 2291 4150 οἱ
2318 4096 2377 4162 ἐξ
2402 4096 2574 4152 ἐθνῶν
2607 4099 3018 4162 πιστεύσαντες.
3052 4098 3163 4153 Καὶ
3183 4098 3344 4152 τοῦτό
3369 4117 3536 4172 φησιν
3557 4102 3586 4154 6
3604 4101 3722 4154 Κύ-

2131 4205 2249 4260 ριος
2269 4205 2285 4222 ο
2308 4189 2537 4244 Πολλοὶ
2567 4189 2829 4257 ἥξουσιν
2847 4190 2968 4246 ἀπὸ
2989 4190 3304 4246 ἀνατολῶν
3322 4193 3423 4246 καὶ
3449 4190 3722 4261 δυσμῶν,

2129 4280 2230 4334 καὶ
2288 4280 2800 4348 ἀνακλιθήσονται
2848 4281 3000 4352 μετὰ
3037 4281 3304 4352 Ἀϐραὰμ,
3349 4279 3452 4334 καὶ
3488 4282 3717 4346 Ἰσαὰκ,

2129 4371 2230 4426 καὶ
2314 4371 2516 4427 Ἰακὼϐ
2583 4373 2654 4426 ὲν
2726 4371 2805 4442 τῇ
2873 4374 3164 4440 ,βασιλείᾳ
3235 4369 3356 4426 τῶν

2133 4465 2290 4518 Ἔστι
2323 4465 2420 4536 μὲν
2451 4459 2545 4519 οὖν
2572 4467 2601 4518 6
2625 4464 2782 4534 λόγος
2806 4465 3113 4530 καθολικός.
3152 4465 3215 4518 Εἰ
3244 4463 3301 4518 δέ
3331 4481 3417 4530 τις
3451 4465 3546 4518 καὶ
3573 4467 3724 4522 κατά

2128 4558 2420 4628 ἀναγωγὴν
2462 4558 2624 4613 αὐτὸν
2673 4557 2982 4630 βουληθείη,
3009 4557 3200 4628 utam
3231 4556 3392 4611 τοῦτο
3432 4557 3595 4611 πάλιν
3623 4558 3718 4612 ἐπὶ

2123 4651 2226 4722 τῆς
2262 4650 2567 4722 παρουσίας
2616 4649 2711 4704 τοῦ
2755 4649 2992 4721 Χριστοῦ
3037 4649 3346 4721 γενόμενον.
3379 4651 3423 4703 Τ
3429 4649 3452 4728 ί.
3480 4649 3588 4722 γὰρ
3616 4649 3718 4720 τῆς

441 4750 638 4798 natura
688 4753 880 4801 nostra
926 4747 1214 4818 egentius?
1245 4748 1508 4803 Attamen
1562 4749 1710 4803 illam
1763 4749 2026 4804 excitavit

2136 4742 2404 4814 ἡμετέρας
2453 4741 2668 4812 φύσεως
2720 4743 3096 4814 πτωχότερονς
3153 4743 3293 4796 Ἀλλ’
3337 4744 3490 4814 ὅμως
3547 4728 3734 4849 αὐτὴνῖ

440 4834 819 4906 primitiasque
863 4847 1085 4895 nostras
1132 4841 1350 4905 extulit,
1391 4848 1556 4911 atque
1588 4841 1646 4896 in
1691 4840 2022 4897 altissimum

2136 4833 2320 4906 ῆγειρε
2346 4835 2442 4887 καὶ
2475 4834 2719 4905 ἀνήγαγε
2746 4833 2846 4905 τὴν
2879 4833 3133 4906 ἀπαρχὴν
3159 4835 3336 4906 ἡμῶν,
3363 4835 3458 4888 καὶ
3503 4835 3585 4899 εἰς
3622 4835 3718 4887 οὐ-

441 4927 638 4982 ccelum
671 4928 862 4985 sedere
915 4929 1069 4986 fecit.
1101 4929 1324 4988 Stercus
1372 4940 1555 4986 autem
1606 4932 1709 4987 hoc
1741 4931 1864 4987 loco
1891 4930 2026 4986 dicit

440 5021 702 5076 vilitatem
734 5022 884 5077 illam
907 5066 922 5090 ,
954 5031 1008 5080 et
1040 5027 1406 5095 repentinam,
1435 5040 1556 5095 qua:
1580 5025 1708 5081 inde
1741 5023 1885 5079 facta
1914 5031 2021 5089 est,

439 5114 817 5182 mutationem,
851 5119 1035 5171 omnia
1078 5118 1181 5188 ipsi
1225 5119 1407 5172 facilia
1463 5124 1520 5173 et
1551 5118 1737 5188 pervia
1769 5132 1894 5173 esse
1923 5116 2022 5172 de-

439 5205 675 5263 clarans.
712 5206 838 5263 Haec
867 5216 921 5262 et
955 5209 1109 5262 beata
1139 5211 1315 5275 Anna,
1339 5210 1601 5281 hymnum
1632 5210 1688 5264 in
1719 5209 2020 5282 gratiarum

438 5299 710 5354 actionem
741 5299 853 5356 Deo
883 5300 1141 5366 ollerens,
1171 5303 1304 5357 dicit
1355 5323 1368 5358 :
1430 5302 1686 5357 Dominus
1741 5317 2023 5373 pauperem

442 5391 588 5456 facit,
617 5401 668 5447 et
697 5393 869 5458 ditat;
897 5393 1166 5456 humiliat,
1194 5404 1244 5448 et
1286 5395 1481 5464 erigit;
1515 5396 1736 5450 suscitat
1769 5393 1834 5448 de
1881 5405 2023 5449 terra

442 5486 664 5557 inopem,
698 5496 749 5542 et
774 5487 839 5542 de
870 5499 1096 5542 stercore
1121 5489 1274 5558 erigit
1300 5503 1602 5558 pauperem,
1627 5499 1684 5542 ut
1722 5488 1901 5542 sedere
1937 5487 2023 5556 fa-

443 5579 544 5631 ciat
575 5593 695 5632 cum
724 5581 1071 5648 optimatibus
1117 5580 1318 5649 populi,
1368 5591 1417 5634 et
1465 5581 1711 5636 thronum
1753 5581 1937 5652 gloria:
1965 5582 2020 5633 in

443 5667 797 5724 hn'reditatem
839 5671 968 5739 ipsis
1023 5670 1256 5725 tribuens
1291 5673 1333 5724 ¹.
1366 5670 1492 5726 Haec
1551 5688 1714 5742 porro
1769 5672 2022 5728 videmus

2133 4925 2294 4996 ρανὸν
2341 4925 2564 4980 ἐκάθισε
2604 4923 2696 4980 τὸν
2739 4924 3089 4998 ὑψηλότερον.
3122 4925 3373 4997 Κοπριαν
3397 4925 3456 4978 δὲ
3483 4923 3718 4980 ἐνταῦθα

2127 5015 2190 5070 τὸ
2230 5017 2448 5082 εὐτελὲς
2490 5017 2657 5087 λέγει,
2685 5017 2782 5072 uel.
2823 5017 2921 5090 τὴν
2952 5017 3161 5073 ἐκεῖθεν
3198 5019 3396 5091 ἀθρόον
3425 5018 3717 5092 γινομένην

2132 5109 2458 5182 μεταϐολὴν,
2487 5109 2701 5174 δεικνὺς
2749 5111 2832 5164 ὅτι
2875 5110 3053 5168 πάντα
3077 5111 3228 5182 αὐτῷ
3259 5112 3415 5184 ῥᾴδια
3440 5111 3534 5165 καὶ
3559 5110 3714 5165 εὐκο-

2127 5202 2216 5258 λα.
2235 5203 2422 5256 Ταῦτα
2454 5203 2513 5256 δὲ
2539 5204 2636 5256 καὶ
2667 5206 2702 5275 ἡ
2733 5205 2978 5276 μακαρία
3007 5207 3177 5260 ΙἈννα
3202 5207 3412 5278 εἴρηκε,
3436 5205 3530 5260 τὸν
3555 5222 3716 5277 χαρι-

2131 5297 2350 5367 στήριον
2398 5295 2571 5367 ὕμνον
2596 5297 2981 5370 προσφέρουσα
3005 5298 3086 5370 τῷ
3121 5299 3276 5370 Θεῷ⁹
3308 5300 3526 5368 Κύριος
3563 5313 3714 5352 πτω-

2129 5388 2270 5460 χίζὲι
2309 5390 2410 5444 καὶ
2449 5389 2768 5457 πλουτίζει,
2803 5393 3078 5447 ταπεινοῖ
3099 5394 3197 5448 καὶ
3227 5389 3715 5463 ἁνυψοὶζὰνιστᾷ

2129 5480 2248 5538 ἀπὸ
2280 5484 2394 5555 γῆς
2433 5484 2682 5553 πένητα,
2711 5485 2809 5540 καὶ
2857 5485 2977 5540 ἀπὸ
3017 5489 3268 5554 κοπρίας
3296 5486 3506 5558 ἐγείρει
3557 5499 3712 5539 πτω-

2129 5574 2262 5645 χὸν,
2310 5577 2551 5632 καθίσαι
2607 5577 2759 5647 μετά
2816 5579 3140 5634 δυναστῶν
3191 5579 3376 5648 λαοῦ,
3427 5579 3527 5634 καὶ
3575 5571 3708 5639 θρό-

2129 5688 2241 5726 νον
2311 5671 2499 5740 δόξης
2579 5673 3124 5745 κατακληρονομῶν
3187 5673 3406 5730 auro??-
3457 5661 3709 5738 ὀρῶμεν

516 5886 559 5914 ’9
597 5885 699 5942 lsa.
735 5903 898 5952 xxxv,
931 5890 1002 5954 5,
1036 5890 1088 5943 4.
1169 5891 1184 5921 ⁸
1230 5889 1416 5945 Matth.
1455 5905 1586 5957 vm,
1611 5892 1697 5946 ll.
1765 5895 1784 5924 ’
1825 5893 1843 5947 l
1876 5887 2008 5963 Reg.
2046 5906 2084 5948 ιι
2111 5931 2127 5959 ,
2165 5893 2217 5960 7,
2254 5892 2308 5948 8.
2341 5890 2344 5894 ’
