4102 6380
368 336 508 391 ἰδ’ἱδ

1513 313 2019 377 COMMENTARIA
2056 314 2122 372 IN
2161 310 2503 368 PSALMOS.

3463 307 3600 363 135-5

361 456 418 508 δὲ
436 450 575 508 αὐτὰ
602 447 862 522 διηνεκῶς
892 446 998 500 ὑπὸ
1043 443 1136 499 τοῦ
1176 442 1285 496 τῶν
1309 442 1446 497 ὅλων
1478 440 1617 495 Θεοῦ
1647 440 1926 511 γινόμενα.

2050 435 2235 491 κιεεὴιι
2264 434 2334 488 ab
2359 433 2742 487 universorum
2781 427 2894 485 Deo
2925 426 3086 484 edici.
3125 425 3215 481 Sic
3243 426 3463 481 beatum
3501 426 3606 481 Da-

363 542 519 598 Οὖτω
544 541 636 596 τὸν
672 538 939 611 μακάριον
967 533 1146 600 Δαυῖδ,
1168 532 1398 605 ποιμένα
1420 533 1571 597 ὅντα,
1595 530 1818 603 βασιλέα
1838 547 1934 585 πε-

368 635 563 708 ποίηκε
581 651 596 666 ·
630 633 774 687 οὕτω
807 630 898 683 τὸν
932 626 1150 699 Ἰωσὴφ,
1176 627 1256 689 εἰς
1275 623 1516 679 δουλείαν
1541 622 1931 696 μεταπεσόντα,

367 726 461 780 ἐπὶ
487 726 578 780 τὸν
613 720 889 795 βασιλικὸν
918 718 1138 772 ἐκάθισε
1176 717 1363 788 θρόνον
1381 733 1394 747 ·
1430 714 1573 770 οὕτω
1600 714 1687 770 τὸν
1709 713 1934 778 Μωσέα,

366 817 639 890 προὸατέα
663 814 971 885 γενόμενον,
992 809 1321 883 δημαγωγὸν
1366 809 1610 879 ἀπέφηνε
1654 806 1749 860 τοῦ
1784 806 1934 871 λαοῦ,

366 911 463 963 καὶ
489 907 611 961 θεὸν
647 907 1014 978 ἐχειροτόνησε
1045 901 1140 957 τοῦ
1166 900 1366 976 Φαραώ
1385 919 1398 932 ·
1428 900 1572 954 οὕτω
1593 899 1662 953 τὰ
1683 899 1832 969 ἔθνη,
1867 901 1934 970 τῇ

367 998 579 1070 δουλείᾳ
610 997 709 1067 τῆς
744 996 995 1059 ἀσεϐείας
1022 993 1337 1048 δουλεύοντα
1369 992 1462 1046 καὶ
1502 993 1569 1063 τῇ
1610 991 1797 1062 κόπρῳ
1837 988 1937 1059 τῆς

366 1092 637 1163 ἁμαρτίας
662 1091 755 1143 καὶ
789 1088 1113 1160 βδελυγμίας
1144 1084 1542 1156 ἐπικαθήμενα,
1575 1082 1680 1135 τῶν
1709 1081 1803 1134 τοῦ
1833 1082 1936 1133 Ἰσ-

371 1181 504 1254 ραὴλ
544 1181 748 1252 δεδωρη
759 1180 930 1248 μένων
967 1177 1199 1248 ¹Ιιξίωσεν
1229 1175 1447 1246 ἀγαθῶν
1470 1193 1484 1206 ’
1528 1174 1667 1227 οὕτω
1704 1173 1804 1245 τὴν
1842 1174 1938 1226 ἀν·-

367 1271 640 1342 θρωπείαν
668 1269 828 1339 φύσιν
856 1269 937 1333 είς
958 1267 1121 1321 αὐτὸν
1147 1263 1561 1321 καταπεσοῦσαν
1580 1261 1667 1316 τὸν
1694 1261 1789 1317 τοῦ
1811 1262 1947 1333 ᾅδου-

366 1362 638 1433 πυθμένα,
670 1359 900 1414 ἀνέλαϐε
944 1360 1040 1412 καὶ
1069 1359 1332 1430 ἀνήγαγε,
1362 1357 1456 1411 καὶ
1478 1354 1728 1409 ἐκάθισεν
1756 1354 1941 1408 ἐπάνω

367 1454 551 1525 πάσης
590 1454 761 1525 ἀρχῆς
788 1453 881 1505 καὶ
907 1450 1158 1514 ἐξουσίας
1186 1450 1282 1504 καὶ
1315 1448 1647 1521 κυριότητος,
1674 1446 1768 1500 καὶ
1801 1462 1940 1501 παν-

366 1546 457 1609 τὸς
501 1544 762 1615 ὀνόματος
803 1542 1228 1615 ὀνομαζομένου,
1257 1542 1320 1594 οὐ
1376 1540 1533 1613 μόνον
1579 1540 1637 1592 ἐν
1678 1538 1757 1610 τῷ
1785 1538 1940 1592 αἰῶνι

367 1637 562 1708 τούτῳ,
592 1636 726 1691 ἀλλὰ
751 1637 846 1690 καὶ
872 1638 927 1689 ἐν
958 1635 1037 1707 τῷ
1064 1633 1327 1706 μέλλοντι.

861 1748 1283 1804 ΑΛΔΗΛΟΥΙΑ.
1327 1746 1470 1799 PII".

2035 527 2234 591 videm,
2262 524 2355 596 qui
2388 530 2575 595 pastor
2599 531 2738 589 erat,
2765 536 2949 592 regem
2984 519 3305 587 constituit,
3335 519 3416 575 sic
3447 517 3606 575 Jose-

2033 618 2207 690 phum
2235 618 2292 672 in
2322 615 2641 673 servitutem
2669 612 2972 682 delapsum,
3007 611 3066 665 in
3095 611 3249 681 regio
3292 610 3493 665 throno
3517 623 3607 664 se.

2035 712 2167 767 dere
2211 709 2375 777 fecit;
2404 709 2486 765 sic
2516 706 2783 778 Moysem,
2820 704 2914 776 qui
2955 713 3144 775 pastor
3192 702 3392 770 fuerat,
3420 712 3607 758 orato-

2036 820 2151 861 rem
2172 803 2357 875 populi
2386 800 2732 856 denuntiavit
2753 839 2769 863 ,
2796 808 2850 854 et
2874 797 3035 852 deum
3062 795 3367 852 Pharaonis
3395 794 3607 851 consti—

2037 896 2173 962 tuit;
2208 895 2288 949 sic
2318 901 2511 965 gentes
2566 905 2688 963 quae
2727 889 3023 961 impietatis
3073 888 3325 945 servituti
3362 888 3609 944 subactae

2037 997 2210 1051 erant,
2244 996 2299 1041 et
2328 983 2559 1041 stercori
2596 982 2804 1053 peccati
2835 987 2889 1037 et
2928 979 3349 1035 abominationis
3402 977 3611 1033 inside-

2036 1081 2187 1145 bant,
2211 1078 2371 1134 bonis
2393 1076 2581 1134 lsraeli
2609 1075 2826 1132 collatis
2854 1074 3111 1144 dignatus
3142 1080 3261 1138 est;
3294 1071 3374 1127 sic
3416 1071 3610 1125 huma-

2038 1187 2165 1227 nam
2202 1177 2454 1225 naturam
2478 1181 2601 1239 qua:
2628 1167 2682 1221 in
2713 1166 2892 1236 ipsum
2926 1163 3127 1220 inferni
3157 1160 3486 1234 profundum
3514 1160 3611 1215 de-

2038 1262 2265 1326 ciderat,
2305 1259 2531 1329 recepit,
2564 1257 2801 1322 reduxit,
2829 1264 2886 1312 et
2907 1270 3074 1326 supra
3100 1268 3317 1310 omnem
3343 1252 3615 1325 principa-

2038 1362 2179 1418 tum,
2220 1359 2545 1425 potestatem
2586 1358 2641 1406 et
2671 1349 3101 1404 dominationem
3153 1346 3344 1402 sedere
3377 1344 3524 1406 fecit,
3549 1358 3616 1398 ac
3712 1404 3721 1405 ί

2040 1461 2206 1517 supra
2233 1461 2395 1502 omne
2430 1458 2653 1508 nomen,
2682 1457 2795 1497 non
2821 1441 3001 1496 solum
3032 1441 3089 1495 in
3121 1440 3226 1494 hoc
3252 1437 3476 1503 saeculo,
3518 1435 3615 1494 sed

2039 1540 2203 1594 etiam
2240 1538 2294 1592 in
2331 1536 2513 1592 futuro
2541 1535 2837 1608 prolatum.
2932 1586 2937 1591 .

2537 1733 2877 1790 ALLELUIA
2890 1777 2902 1788 .
2933 1731 3121 1790 CXIII.

448 1839 545 1893 Ἐν
568 1838 757 1907 ἐξόδῳ
794 1839 1037 1909 Ἰσραὴλ
1064 1837 1133 1904 ἐξ
1166 1838 1491 1907 Αἰγύπτου,
1518 1834 1692 1888 οἴκου
1737 1833 1940 1888 Ἰακὼϐ

2114 1824 2276 1881 Vens.
2328 1827 2378 1890 l,
2408 1826 2465 1881 2.
2514 1824 2582 1879 In
2630 1828 2775 1879 exitu
2819 1823 2992 1878 Israel
3030 1823 3094 1877 de
3123 1821 3378 1893 /Egypto,
3429 1820 3623 1902 domus

364 1930 434 1985 ἐκ
459 1930 613 1986 λαοῦ
625 1932 952 2000 βαρϐάρου,
990 1928 1242 2000 ἐγενήθη
1281 1927 1526 1982 Ἰουδαία
1549 1927 1813 1995 άτιάσμα
1837 1928 1940 1980 αὺ-

365 2022 495 2088 τοῦ,
524 2023 765 2091 Ἰσραὴλ
796 2023 1050 2088 ἐξουσία
1073 2021 1280 2076 αὑτοῦ.
1306 2021 1509 2092 ’Υμνος
1530 2020 1623 2073 καὶ
1648 2012 1800 2083 οὗτός
1825 2021 1940 2071 ἐστι

366 2116 466 2176 τὰς
508 2114 783 2178 Ἰουδαίοις
813 2114 920 2169 ὑπὸ
952 2113 1050 2167 τοῦ
1083 2114 1218 2167 Θεοῦ
1251 2112 1687 2184 παρασχεθείσας
1716 2113 1940 2184 εὐεργε-

370 2205 491 2268 σίας
512 2201 742 2270 διεξιὼν,
775 2204 870 2257 καὶ
893 2202 989 2257 τοῦ
1022 2203 1158 2257 Θεοῦ
1186 2203 1285 2275 τὴν
1311 2203 1536 2272 δύναμιν
1562 2201 1939 2274 διηγούμενος,

368 2292 462 2344 καὶ
486 2292 593 2345 τῶν
621 2292 854 2345 εἰδώλων
879 2293 1158 2364 κωμῳδῶν
1186 2292 1285 2364 τὴν
1314 2291 1614 2347 ἀσθένειαν.
1659 2293 1941 2364 ’Δρμόττει

364 2385 426 2438 δὲ
474 2385 567 2439 καὶ
611 2378 766 2448 οὗτος
801 2385 831 2437 δ
880 2383 1048 2455 ὕμνος
1092 2386 1203 2448 τοῖς
1238 2383 1297 2449 ἐξ
1328 2383 1495 2437 ἐθνῶν
1528 2387 1938 2453 πεπιστευκόσι,

369 2474 586 2545 καὶτῆς
617 2473 727 2527 τῶν
756 2472 989 2527 εἰδώλων
1037 2474 1246 2547 πλάνης
1277 2473 1716 2545 ἀπηλλαγμένοις
1735 2492 1749 2504 ·
1805 2494 1942 2547 μαν-

368 2569 588 2625 θάνουσι
615 2568 725 2642 γὰρ
755 2570 879 2623 ὅσον
906 2569 968 2622 τὸ
1004 2569 1169 2641 μέσον
1196 2570 1306 2623 τῶν
1346 2570 1447 2623 οὐκ
1481 2569 1651 2623 ὄντων
1687 2570 1823 2642 πρὸς
1852 2570 1943 2623 τὸν

367 2661 515 2724 ὄντα,
549 2661 643 2714 καὶ
660 2660 736 2723 ὡς
766 2653 848 2723 εἷς
876 2662 993 2713 ἐστι
1027 2660 1159 2723 Θεὸς
1190 2661 1434 2724 Παλαιᾶς
1463 2661 1558 2714 καὶ
1594 2661 1802 2731 Καινῆς
1821 2663 1945 2714 Δια-

368 2751 563 2823 θήκης.
616 2751 763 2805 ’Λντὶ
790 2751 848 2805 δὲ
892 2751 1008 2817 τοῦ,
1054 2753 1156 2806 Ἐκ
1211 2753 1364 2806 λαοῦ
1410 2752 1749 2821 βαρϐάρου,
1782 2754 1810 2805 ὁ
1846 2754 1943 2824 μὲν

382 2842 635 2908 Ἀκύλας,
661 2843 805 2897 Ἀπὸ
827 2843 979 2898 λαοῦ
1007 2843 1478 2914 ἐτερογλώσσουο
1502 2844 1599 2898 όδὲ
1627 2844 1941 2915 Σύμμαχος,

380 2934 477 2987 Ἐκ
500 2934 653 2989 λαοῦ
697 2935 1078 3005 ἀλλοφώνυυ,
1105 2936 1419 2990 ἐκδέδωκεν.
1466 2935 1750 3007 Ἐγενήθη
1797 2938 1943 2991 Ἰου-

369 3026 511 3079 δαία
557 3026 823 3097 ἀγίασμα
874 3027 1083 3091 αὑτοῦ,
1146 3026 1384 3095 Ἰσραὴλ
1438 3027 1693 3091 ἐξουσία
1735 3028 1941 3082 αὐτοῦ.

370 3116 544 3171 Πάλαι
592 3117 691 3186 μὲν
722 3118 853 3188 γὰρ,
892 3119 981 3172 ὅτε
1009 3118 1098 3171 διὰ
1140 3117 1423 3182 Μωῡσέως
1453 3117 1550 3189 τὴν
1591 3117 1647 3184 ἐξ
1667 3119 1942 3187 Αἰγύπτου

368 3210 596 3281 πορείαν
610 3212 933 3283 ἐποιήσαντο
955 3212 1005 3264 οἰ
1022 3211 1131 3265 ἀπὸ
1144 3210 1239 3264 τοῦ
1256 3211 1522 3283 προτέρου
1541 3210 1687 3269 λαοῦ.
1712 3211 1880 3283 βραχύ
1898 3229 1951 3266 τι

371 3302 563 3375 μόριον
577 3302 674 3374 τῆς
687 3303 790 3373 γῆς
810 3303 902 3355 καὶ
933 3302 1136 3373 σφόδρα
1165 3301 1387 3374 εὐτελὴς
1403 3302 1574 3371 γωνία
1602 3304 1700 3375 τῆς
1730 3304 1951 3375 ἁπάσης

368 3394 719 3466 οἰκουμένης,
737 3394 987 3462 Ἰουδαία,
1026 3392 1297 3459 ἐξείλεκτο
1318 3394 1395 3465 τῷ
1418 3394 1556 3466 Θεῷ,
1584 3395 1678 3449 καὶ
1715 3394 1863 3458 ἔθνος
1896 3394 1954 3448 ἐν

368 3487 431 3541 τὸ
473 3486 745 3541 Ἰουδαίων
764 3503 780 3518 ’
802 3487 925 3541 ἐπεὶ
957 3487 1035 3554 δέ,
1070 3487 1170 3559 τῆς
1203 3489 1472 3559 σωτηρίου
1514 3488 1835 3559 ἐπιφανείας
1854 3488 1954 3559 τῆς

370 3581 591 3653 χάριτος
616 3577 962 3651 ἁπλωθείσης
990 3579 1112 3634 καθ’
1141 3579 1270 3651 ὅλης
1314 3581 1413 3649 τῆς
1455 3581 1799 3656 οἰκουμένης,
1846 3583 1955 3636 ἀπὸ

370 3672 644 3727 ἀνατολῶν
691 3670 840 3742 ἡλίου
900 3670 1063 3742 μέχρι
1115 3669 1339 3742 δυσμῶν
1397 3672 1606 3726 αἰνετδν
1650 3673 1713 3726 τὸ
1781 3674 1953 3744 ὄνομα

369 3763 578 3837 Κυρίου
596 3804 612 3832 ,
644 3754 742 3817 καὶ
771 3761 975 3832 ὑψηλὸς
1017 3763 1118 3816 οὐκ
1147 3763 1239 3815 ἐπ’
1269 3761 1421 3827 ἔθνος
1446 3763 1539 3816 τὸν
1575 3762 1807 3837 Ἰσραὴλ,
1835 3764 1951 3819 ἀλλ’

370 3854 574 3927 ὑψηλὸς
599 3854 693 3908 ἐπὶ
717 3844 895 3909 πάντα
929 3852 1000 3907 τὰ
1028 3851 1155 3926 ἔθνη
1187 3855 1410 3923 γέγονεν
1437 3856 1465 3908 ὁ
1490 3854 1714 3928 Κύριος.

452 3945 517 4002 Ἠ
544 3946 827 4001 θάλασσα
880 3942 1003 4000 εἶδε
1021 3986 1038 4013 ,
1080 3947 1179 4000 καὶ
1243 3947 1466 4017 ἔφυγεν
1484 3988 1500 4014 ,
1548 3951 1581 4003 ὁ
1643 3949 1950 4018 Ἰορδάνης

370 4037 642 4107 ἐστράφη
677 4041 766 4106 εἰς
792 4039 863 4094 τὰ
899 4039 1092 4094 ὀπίσω
1110 4054 1123 4068 '
1164 4039 1236 4095 τὰ
1268 4039 1374 4109 ὄρη
1395 4042 1770 4111 ἐσκίρτησαν
1805 4045 1949 4098 ὡσεὶ

372 4129 547 4198 κριοὶ,
584 4128 683 4183 καὶ
706 4133 762 4185 οι
787 4129 1002 4195 βουνοί
1038 4133 1180 4188 ὡσεὶ
1201 4134 1375 4203 ἀρνία
1392 4133 1720 4202 προϐάτων.
1757 4135 1818 4188 Τί
1848 4136 1951 4189 σοί

372 4221 524 4285 ἐστι,
571 4221 873 4289 θάλασσα,
923 4222 1012 4278 ὅτι
1060 4224 1301 4297 ἔφυγες,
1345 4228 1441 4281 καί
1492 4227 1614 4293 σοὶ,
1655 4226 1946 4297 Ἰορδάνῃ,

374 4312 463 4366 ὅτι
493 4313 798 4385 ἐστράφης
827 4317 915 4383 είς
949 4316 1023 4371 τὰ
1057 4319 1287 4383 ὀπίσω;
1340 4317 1414 4372 τὰ
1465 4319 1596 4389 ὅρη,
1626 4319 1717 4373 ὅτι
1743 4320 1949 4390 ἐσκιρ-

375 4403 599 4470 τήσατε
629 4405 775 4461 ὡσεὶ
834 4407 1009 4477 κριοὶ,
1057 4409 1158 4463 καὶ
1202 4412 1254 4464 οὶ
1282 4408 1524 4475 βουνοί,
1577 4411 1721 4464 ὡσεὶ
1769 4411 1949 4480 ἀρνία

2043 1917 2211 1973 Jacob
2242 1919 2307 1973 de
2325 1919 2515 1989 populo
2543 1916 2793 1983 barbaro,
2829 1916 2972 1987 facta
2992 1924 3069 1970 est
3087 1912 3282 1968 Iudam
3310 1913 3617 1983 sancti/ica-

2048 2012 2122 2065 tia
2169 2011 2303 2083 ejus,
2340 2010 2514 2065 Israel
2552 2019 2786 2080 potestas
2825 2008 2959 2078 ejus.
3013 2006 3111 2061 Hic
3143 2020 3358 2076 quoque
3385 2004 3621 2076 hymnus

2046 2108 2154 2165 est,
2176 2101 2269 2171 qui
2301 2098 2562 2155 beneﬁcia
2601 2105 2994 2153 commemorat
3024 2095 3228 2150 Iudaeis
3259 2110 3288 2148 a
3320 2093 3429 2150 Deo
3450 2093 3623 2148 colla-

2048 2199 2123 2257 ta,
2151 2200 2312 2263 atque
2333 2191 2427 2247 Dei
2458 2192 2714 2246 virtutem
2744 2196 2988 2255 enarrat,
3035 2188 3416 2256 idolorumque
3447 2185 3621 2240 imbe-

2048 2285 2326 2340 cillitatem
2352 2282 2583 2339 deridet.
2609 2280 2878 2337 Convenit
2898 2280 3027 2337 item
3063 2282 3153 2335 hic
3178 2280 3412 2351 hymnus
3440 2280 3624 2351 genti-
3733 2294 3739 2301 ·

2050 2374 2193 2429 libus
2217 2374 2309 2445 qui
2332 2372 2705 2439 crediderunt,
2733 2381 2789 2429 et
2808 2373 2879 2428 ah
2907 2373 3177 2428 idolorum
3201 2386 3390 2428 errore
3411 2371 3625 2426 liberati

2050 2474 2179 2522 sunt
2204 2486 2215 2520 :
2242 2466 2466 2521 discunt
2499 2467 2646 2522 enim
2677 2472 2942 2538 quantum
2982 2465 3200 2521 intersit
3234 2465 3380 2520 inter
3406 2480 3502 2520 eos
3532 2463 3627 2534 qui

2049 2575 2160 2616 non
2186 2568 2316 2616 sunt
2342 2568 2396 2615 et
2421 2575 2543 2615 eum
2566 2560 2662 2631 qui
2696 2568 2801 2625 est,
2833 2568 2889 2615 et
2916 2558 3061 2631 quod
3090 2573 3233 2614 unus
3274 2557 3528 2628 idemque
3555 2557 3629 2612 sit

2051 2652 2264 2710 Veteris
2284 2661 2338 2709 et
2374 2651 2511 2707 Novi
2550 2652 2889 2711 Testamenti
2934 2651 3100 2708 Deus.
3136 2650 3245 2706 Pro
3285 2650 3379 2706 illo
3418 2660 3625 2718 autem,

2050 2745 2129 2800 De
2149 2745 2339 2815 populo
2371 2745 2636 2809 barbaro;
2663 2743 2881 2816 Aquila,
2923 2743 3002 2798 De
3036 2742 3226 2814 populo
3259 2742 3481 2798 alterius
3523 2742 3630 2796 lin-

2050 2854 2198 2907 guw;
2237 2837 2617 2908 Symmachus,
2648 2835 2727 2891 De
2761 2836 2953 2906 populo
2983 2837 3206 2891 alterius
3243 2837 3403 2902 vocis,
3436 2835 3627 2892 edidit.

2056 2928 2227 2982 Facta
2264 2940 2341 2984 est
2388 2928 2580 2983 Juda'a
2627 2929 2982 2998 sanctiﬁcatio
3026 2928 3162 2998 ejus,
3195 2926 3371 2982 Israel
3397 2936 3630 2998 potestas

2052 3022 2184 3092 ejus.
2220 3021 2360 3078 Olim
2393 3038 2629 3094 namque
2660 3038 2785 3078 cum
2828 3021 2977 3093 prior
3011 3022 3101 3076 ille
3137 3022 3408 3093 papulas,
3444 3020 3630 3092 Moyse

2053 3113 2213 3179 duce,
2237 3113 2529 3168 transitum
2562 3113 2765 3169 faceret
2778 3129 2843 3169 ex
2862 3112 3119 3185 IEgypto,
3150 3113 3364 3170 modica
3381 3113 3630 3184 quaedam

2055 3213 2214 3260 terra:
2232 3207 2429 3276 portio,
2448 3214 2502 3259 et
2524 3202 2755 3276 exiguus
2782 3206 2954 3260 totius
2981 3206 3133 3261 orbis
3158 3206 3413 3278 angulus,
3439 3204 3632 3261 Iudaea

2055 3296 2286 3359 scilicet,
2318 3312 2351 3351 a
2384 3296 2493 3352 Deo
2523 3298 2698 3353 electa
2744 3297 2942 3366 fuerat,
2976 3309 3140 3370 atque
3178 3315 3287 3353 una
3317 3297 3632 3356 Iudaeorum

2054 3388 2226 3443 natio.
2258 3387 2395 3443 Cum
2443 3399 2625 3445 autem
2669 3405 2767 3462 per
2798 3391 3094 3447 salutarem
3141 3392 3431 3448 adventum
3458 3394 3636 3464 gratia

2056 3481 2112 3537 in
2148 3488 2265 3537 toto
2298 3483 2431 3537 orbe
2459 3482 2630 3539 effusa
2660 3490 2829 3548 esset,
2860 3498 2891 3536 a
2931 3484 3065 3539 solis
3090 3496 3212 3537 ortu
3242 3500 3416 3555 usque
3440 3486 3508 3540 ad
3539 3499 3637 3539 oc-

2055 3587 2246 3631 casum
2306 3574 2579 3630 laudabile
2612 3575 2714 3630 l'uit
2758 3590 2958 3631 nomen
2986 3575 3202 3630 Domini
3238 3596 3251 3631 :
3287 3590 3353 3631 ac
3383 3578 3636 3634 excelsus

2054 3679 2166 3720 non
2208 3680 2375 3736 super
2402 3681 2564 3719 unam
2597 3666 2817 3722 Israelis
2860 3673 3101 3738 gentem,
3137 3668 3235 3723 sed
3263 3670 3514 3725 excelsus
3540 3685 3637 3725 su-

2054 3772 2157 3829 per
2186 3772 2379 3814 omnes
2407 3768 2596 3828 gentes
2621 3757 2725 3813 fuit
2753 3758 3044 3817 Dominus.

2125 3943 2292 3998 Vens.
2326 3943 2434 4000 3-8.
2466 3942 2618 3998 Mare
2638 3944 2788 4009 vidit,
2814 3953 2863 3999 et
2891 3943 3049 4015 fugit,
3074 3942 3333 4000 Iordanis
3354 3962 3637 4002 conversus

2049 4048 2129 4093 est
2157 4048 2467 4093 retrorsum.
2505 4036 2709 4091 Montes
2737 4035 3133 4091 exsultaverunt
3178 4038 3311 4091 sicut
3344 4039 3556 4102 arietes,
3588 4050 3639 4093 et

2050 4130 2210 4185 colles
2252 4130 2388 4183 sicut
2420 4129 2544 4199 agni
2575 4129 2769 4185 ovium.
2824 4127 2964 4195 Quid
2998 4137 3077 4183 est
3125 4128 3239 4195 tibi,
3279 4146 3447 4194 mare,
3498 4131 3639 4201 quod

2050 4219 2256 4291 fugisti,
2279 4227 2329 4272 et
2360 4227 2436 4283 tu,
2457 4217 2738 4288 Jordanis,
2762 4221 2886 4290 quia
2903 4235 3183 4276 conversus
3214 4238 3269 4276 es
3302 4232 3593 4276 retrorsum
3613 4229 3636 4282 2

2052 4310 2280 4373 Montes,
2314 4311 2623 4365 exsultastis
2653 4311 2791 4365 sicut
2826 4312 3040 4377 arietes,
3061 4320 3111 4368 et
3138 4312 3322 4379 colles,
3355 4315 3491 4370 sicut
3512 4299 3638 4388 agni

2050 4403 2270 4458 ouium?
2302 4401 2345 4455 Α
2378 4401 2514 4470 facie
2548 4398 2758 4455 Domini
2812 4409 2958 4456 mota
2988 4411 3067 4456 est
3096 4412 3261 4469 terra,
3309 4421 3342 4458 a
3371 4404 3508 4474 facie
3540 4404 3639 4461 Dei

374 4494 728 4565 προβάτων;
765 4497 908 4553 Ἀπὸ
959 4498 1288 4567 προσώπου
1310 4499 1532 4569 Κυρίου
1559 4500 1863 4570 ἐσαλεύθη
1907 4503 1946 4573 ἠ

2053 4493 2220 4550 Iacob
2243 4537 2257 4561 ,
2289 4494 2380 4566 qui
2417 4496 2671 4552 convertit
2708 4503 2913 4566 petram
2958 4493 3014 4548 in
3047 4503 3239 4565 stagna
3267 4512 3550 4566 aquarum,
3584 4506 3637 4551 et

372 4586 473 4659 γῆ,
488 4587 607 4643 ἀπὸ
636 4587 959 4655 προσώπου
974 4590 1081 4644 τοῦ
1100 4590 1249 4644 Θεοῦ
1274 4589 1502 4659 Ἰακὼϐ,
1524 4591 1632 4646 τοῦ
1650 4589 1953 4662 στρέψαν-

374 4695 478 4745 τος
502 4679 618 4748 τὴν
637 4679 862 4749 πέτραν
885 4682 973 4747 εἰς
998 4681 1220 4750 λίμνας
1246 4680 1500 4748 ὑδάτων,
1517 4683 1615 4738 καὶ
1642 4682 1758 4752 τὴν
1775 4685 1954 4753 ἀκρό-

374 4768 560 4839 τομον
590 4772 678 4835 εὶς
699 4768 894 4838 πηγὰς
925 4767 1179 4825 ὑδάτων.
1207 4774 1366 4826 Δοκεῖ
1389 4789 1476 4843 μοι
1510 4772 1674 4827 πάλιν
1705 4773 1955 4827 ἐντεῦθεν

374 4861 404 4912 ό
447 4858 605 4929 λόγος
645 4858 744 4930 τὴν
793 4859 1129 4930 προφητείαν
1163 4861 1439 4915 ποιεῖσθαι
1484 4861 1584 4934 τῆς
1631 4861 1739 4916 τῶν
1784 4860 1956 4917 ἐθνῶν

378 4949 631 5006 ἁπάντων
680 4952 943 5024 κλήσεως.
979 4952 1156 5007 Πάλαι
1187 4952 1283 5024 μὲν
1308 4952 1440 5026 γὰρ,
1471 4954 1625 5024 φησι,
1672 4954 1814 5009 κατὰ
1857 4954 1956 5026 τὴν

379 5041 437 5109 ἐξ
468 5043 742 5113 Αἰγύπτου
760 5046 1007 5118 πορείαν,
1038 5045 1266 5101 Ἰουδαία
1294 5046 1428 5121 μόνη
1460 5048 1682 5117 γέγονεν
1708 5047 1956 5119 ἁγίασμα

376 5131 471 5186 τοῦ
499 5133 654 5200 Θεοῦ,
671 5136 764 5189 καὶ
798 5136 955 5208 μόνος
977 5135 1192 5209 Ἰσραὴλ
1224 5137 1330 5191 ὑπὸ
1356 5136 1454 5210 τὴν
1483 5138 1730 5205 ἐξουσίαν
1767 5138 1954 5196 αὐτοῦ.

381 5221 490 5276 Καὶ
525 5227 692 5282 πάλαι
722 5229 822 5299 μὲν
853 5230 1054 5302 μερική
1104 5245 1189 5293 τις
1224 5229 1445 5300 γέγονεν
1470 5230 1724 5305 αἴσθησις
1752 5230 1956 5289 θαλάσ-

384 5328 505 5384 σης.
540 5318 636 5371 καὶ
667 5320 911 5392 ποταμοῦ
952 5321 1045 5376 καὶ
1082 5321 1224 5392 ὀρῶν
1255 5323 1351 5376 καὶ
1392 5321 1630 5394 βουνῶνο
1669 5323 1766 5379 νῦν
1794 5324 1852 5380 δέ
1894 5324 1955 5379 τὸ

386 5403 492 5455 πᾶν
536 5408 791 5475 στοιχεῖον
835 5412 935 5484 τῆς
997 5414 1100 5485 γῆς
1142 5413 1397 5468 κινείσθω
1450 5416 1543 5471 καὶ
1602 5416 1914 5472 σαλευέσθω
1940 5434 1954 5449 ⁸

386 5492 589 5565 μᾶλλον
614 5496 672 5551 δὲ
698 5497 843 5553 κατὰ
865 5504 954 5553 τὸν
982 5505 1233 5571 Ἀκύλαν,
1255 5505 1619 5577 ὠδινησάτω,
1652 5511 1800 5578 ὅπως
1824 5510 1961 5582 πλη-

387 5582 534 5658 ρωθῇ
583 5586 646 5641 τὸ
699 5588 989 5661 εἰρημένον
1048 5593 1155 5649 ὑπὸ
1211 5602 1434 5659 Ἠσαῖου
1488 5602 1799 5676 προφήτουο
1864 5603 1962 5671 Τίς

457 5738 478 5771 ³
514 5738 619 5800 lsa.
656 5759 811 5811 ιινι,
835 5745 889 5803 8.

625 5838 904 5900 Pareat.
948 5837 1069 5903 Gtt.
1113 5840 1355 5906 XXIII.

2055 4599 2382 4659 praeruptum
2413 4590 2469 4643 in
2490 4588 2657 4657 [antes
2688 4603 2966 4659 aquarum.
2992 4583 3224 4642 Videtur
3248 4586 3383 4643 mihi
3415 4604 3639 4643 rursum

2060 4682 2149 4736 hic
2173 4696 2355 4737 sermo
2403 4681 2745 4752 pr0phetiam
2793 4681 2957 4736 edere
2987 4678 3056 4735 de
3102 4678 3345 4752 gentium
3391 4681 3639 4735 omnium

2060 4772 2370 4828 vocatione.
2428 4770 2572 4828 Olim
2628 4787 2894 4843 namque,
2952 4770 3058 4837 ait,
3104 4785 3230 4826 cum
3283 4771 3522 4843 populus
3568 4787 3641 4828 ea

2064 4860 2303 4935 IEgypto
2325 4864 2702 4934 egrederetur,
2736 4862 2853 4918 sola
2890 4858 3079 4927 Iudaea
3113 4858 3256 4916 facta
3284 4869 3371 4918 est
3396 4859 3641 4917 sanctiﬁ-

2062 4946 2207 5013 catio
2241 4955 2356 5021 Dei,
2389 4963 2442 5012 et
2459 4955 2609 5010 solus
2630 4954 2801 5009 Israel
2833 4954 2937 5009 sub
2970 4962 3243 5025 potestate
3262 4954 3383 5025 ejus
3409 4961 3547 5010 erat.
3571 4953 3642 5009 Et

2063 5049 2193 5104 olim
2221 5048 2441 5119 Quidem
2465 5045 2814 5118 particularis
2843 5060 3041 5101 sensus
3074 5044 3243 5101 maris
3268 5053 3408 5111 erat,
3441 5053 3497 5101 et
3531 5045 3636 5100 llu-

2063 5142 2230 5197 minis
2256 5149 2309 5197 et
2338 5142 2605 5196 montium
2635 5149 2689 5197 et
2706 5140 2926 5195 collium
2951 5153 3133 5195 :nunc
3160 5153 3291 5194 vero
3322 5138 3639 5194 universum

2062 5244 2221 5290 terra
2248 5234 2577 5289 elementum
2600 5239 2882 5288 moveatur
2907 5241 2962 5286 et
2988 5230 3368 5293 concutiatur;
3392 5230 3502 5285 imo
3534 5246 3639 5301 p0-

2063 5325 2174 5384 tius
2220 5325 2527 5383 secundum
2574 5324 2847 5398 Aquilam,
2888 5324 3177 5393 parturiat,
3233 5332 3292 5378 ut
3349 5323 3636 5394 impleatur

2065 5418 2208 5490 quod
2230 5416 2435 5474 dictum
2465 5426 2548 5474 est
2575 5432 2673 5488 per
2698 5416 2892 5472 Isaiam
2920 5415 3244 5487 prophetam
3288 5434 3302 5470 :
3330 5413 3462 5480 Quis
3490 5414 3640 5468 audi-

2066 5511 2138 5567 vit
2181 5511 2333 5573 talia,
2363 5518 2414 5566 et
2453 5509 2571 5582 quis
2610 5508 2739 5564 vidit
2768 5510 2882 5565 sic?
2907 5506 2968 5564 Si
2998 5508 3280 5579 parturivit
3309 5518 3451 5562 terra
3474 5507 3528 5561 in
3556 5506 3645 5563 die

2068 5620 2196 5669 una,
2213 5613 2263 5660 et
2290 5610 2417 5659 natu
2443 5610 2521 5659 est
2551 5614 2676 5673 gens
2699 5609 2811 5657 tota
2835 5600 2995 5657 simul
3017 5600 3074 5655 '1'
3099 5597 3235 5656 Nam
3267 5612 3393 5654 cum
3427 5600 3646 5655 vocatio

3235 5846 3314 5907 £3
