4102 6416
418 342 556 396 5555
1118 339 1383 397 EUSEBII
1418 338 1895 397 CIESARIENSIS
1931 336 2083 394 OPP.
2127 337 2306 395 PARS
2343 337 2429 393 [IL
2456 369 2526 383 --
2563 335 2977 394 EXEGETICA.
3522 338 3664 400 i350

416 455 656 522 gremium
686 460 740 508 et
796 452 889 508 Dei
941 452 1114 524 gratia
1147 454 1205 509 in
1231 455 1550 510 universum
1586 455 1870 510 hominum
1894 466 1987 510 or-
2021 499 2026 512 .

2129 468 2325 508 ’κουσε
2340 450 2602 514 τοιαῦτα,
2628 450 2726 505 καὶ
2746 451 2806 504 τι
2808 471 2840 517 ς
2863 451 3124 519 ἑώρακεν
3141 452 3362 519 autem;
3410 450 3453 505 Ε
3457 455 3477 507 ι
3493 453 3670 508 ὧδινε

415 547 540 602 bern
560 545 885 601 etl'undenda
909 553 1075 610 esset,
1106 562 1330 602 necesse
1366 561 1596 617 prorsus
1624 559 1744 602 erat
1765 546 1990 602 simula-

2129 543 2169 612 ἢ
2194 544 2265 597 ἐν
2287 540 2397 609 μιᾷ
2424 540 2635 611 ἡμέρᾳ,
2672 540 2769 594 καὶ
2795 541 3006 609 ἐτέχθη
3032 541 3203 608 ἔθνος
3228 542 3487 609 εἰσάπαξ
3507 559 3527 608 ;
3555 542 3670 614 Τῆς

416 652 510 691 cra
562 637 808 707 gentium
855 652 885 691 a
935 638 1137 691 saeculo
1167 638 1432 703 stabilita,
1473 638 1896 693 commotionem
1936 643 1993 690 et

2130 634 2200 705 ἀρ
2233 633 2483 704 κλήσεως
2523 631 2635 685 τῶν
2664 630 2837 686 ὲθνῶν
2879 633 2973 685 καὶ
3018 631 3121 702 τῆς
3152 632 3246 686 τοῦ
3278 632 3413 686 Θεοῦ
3449 633 3671 705 χάριτος

418 729 833 783 οοηοιιεεὶοιιεηι
874 729 1010 798 pati,
1042 735 1096 784 et
1122 729 1397 785 daamones
1430 730 1489 784 in
1526 729 1659 800 ipsis
1691 729 1999 784 habitantes

2129 724 2393 794 ιελλούσης
2423 722 2637 793 χεῖσθαι
2671 722 2793 776 καθ’
2824 722 2953 793 ὅλης
2980 723 3078 793 τῆς
3102 722 3206 775 ὑπὸ
3238 723 3346 777 τῶν
3371 722 3673 797 ἀνθρώπων

418 818 628 887 fugere,
662 826 722 873 ut
755 820 993 891 populus
1036 836 1101 877 ex
1142 821 1399 892 gentibus
1448 838 1547 892 per
1588 828 1763 875 totum
1809 820 1996 875 urbem

2131 812 2442 884 Ξκουμένης,
2473 813 2687 885 ἀνάγκη
2717 813 2866 867 πᾶσα
2892 809 2961 885 ἦν
2991 814 3060 868 τὰ
3089 815 3147 881 ἐξ
3181 814 3374 879 αἰῶνος
3414 813 3674 887 ἱδρυμένα

420 906 534 963 Deo
566 918 909 966 nasceretur.
1404 958 1411 964 .

2129 904 2419 975 ἐϐάσματα
2448 902 2556 957 τῶν
2585 902 2756 958 ἐθνῶν
2785 904 2946 960 σάλον
2974 906 3070 958 καὶ
3110 906 3296 960 κλόνον
3330 906 3543 971 παθεῖν,
3582 905 3677 959 καὶ

417 1001 543 1066 τοὺς
570 1002 627 1055 ἐν
655 1002 838 1066 αὐτοῖς
864 1002 1125 1073 δαίμονας
1154 1006 1364 1073 φυγεῖν,
1407 1004 1495 1057 ῖνα
1518 1002 1596 1075 τῷ
1620 1000 1740 1073 Θεῷ
1757 998 1985 1071 γεννηθῇ
2021 997 2143 1051 καθ’
2181 997 2309 1068 ὅλης
2338 996 2438 1066 τῆς
2471 997 2796 1068 οἰκουμένης
2824 1000 2853 1051 ὁ
2885 997 2946 1062 ἐξ
2968 996 3138 1050 ἐθνῶν
3170 997 3317 1061 λαός.

494 1090 664 1148 Vsus.
702 1093 801 1147 4-4
827 1094 923 1166 (1).
958 1093 1277 1159 Νοηηοὸἱι,
1312 1093 1556 1159 Domine,
1587 1112 1690 1148 non
1712 1092 1883 1156 nobis,
1907 1090 1996 1145 sed

2175 1087 2273 1156 Μὴ
2313 1087 2476 1157 ἡμῖν,
2521 1089 2720 1157 Κύριε,
2749 1087 2836 1158 μὴ
2879 1088 3043 1158 ἡμῖν,
3076 1089 3213 1144 ἀλλ’
3242 1089 3280 1158 ἢ
3307 1089 3388 1155 τῷ
3434 1088 3679 1157 ὀνόματι

420 1184 626 1239 nomini
676 1196 766 1240 tuo
809 1185 882 1239 da
919 1187 1198 1256 gloriam:
1227 1202 1381 1252 super
1421 1185 1790 1242 misericordia
1833 1194 1925 1238 tua
1949 1193 1999 1239 et

2129 1193 2223 1233 rov
2245 1178 2349 1245 δὸς
2366 1178 2571 1242 δόξαν·
2603 1180 2702 1233 ἐπὶ
2739 1179 2821 1246 τῷ
2843 1180 3001 1235 ἐλέει
3026 1196 3142 1235 σου
3172 1180 3273 1235 καὶ
3311 1179 3386 1248 τῇ
3427 1180 3681 1248 ἀληθείᾳ

422 1278 643 1331 ueritate
695 1286 808 1339 tua,
858 1277 1131 1348 nequando
1166 1277 1349 1331 dicant
1380 1288 1557 1349 gentes
1584 1295 1602 1333 :
1629 1276 1728 1332 Ubi
1753 1285 1832 1331 est
1859 1274 2004 1329 Deus

2129 1283 2249 1334 νου,
2287 1267 2374 1338 μή
2406 1284 2548 1322 ποτε
2578 1269 2793 1323 εἴπωσι
2837 1269 2910 1323 τὰ
2925 1270 3090 1339 ἔθνη,
3118 1270 3243 1325 Ποῦ
3275 1270 3445 1324 ἐστιν
3467 1271 3500 1323 ό
3536 1267 3682 1335 Θεὸς

422 1384 605 1423 eorum
625 1371 655 1424 9
673 1368 813 1424 Deus
837 1379 1013 1422 autem
1036 1379 1214 1423 noster
1241 1369 1295 1422 in
1327 1368 1455 1423 cclo
1474 1378 1524 1424 et
1551 1369 1606 1423 in
1630 1378 1792 1432 terra,
1825 1365 2006 1421 omnia

2129 1360 2332 1424 ιῠτῶν;
2368 1360 2431 1414 '0
2460 1358 2529 1413 δὲ
2552 1360 2696 1427 Θεὸς
2720 1360 2890 1430 ἡμῶν
2907 1360 2978 1414 ἐν
2998 1360 3078 1427 τῷ
3106 1360 3339 1431 οὐρανῷ
3366 1361 3467 1415 καὶ
3508 1360 3580 1415 ἐν
3602 1359 3680 1428 τῇ

424 1474 745 1529 quacunque
776 1460 939 1514 voluit
968 1459 1113 1530 fecit.
1138 1458 1445 1516 Simulacra
1478 1460 1707 1531 gentium
1734 1467 2006 1529 argentum

2129 1452 2206 1523 -ᾔ,
2258 1454 2456 1508 πάντα
2497 1453 2615 1510 ὅσα
2653 1453 2956 1523 ἠθέλησεν
3011 1456 3280 1523 ἐποίησε.
3336 1455 3415 1509 Τὰ
3460 1454 3683 1508 εἴδωλα

424 1560 477 1606 et
511 1567 724 1616 aurum,
759 1564 916 1620 opera
945 1568 1198 1617 manuum
1233 1551 1522 1606 hominum.
1559 1549 1661 1606 Hic
1691 1549 1825 1605 mihi
1853 1548 2007 1605 vide-

2129 1546 2222 1600 ’ῶν
2238 1545 2426 1603 ἐθνῶν
2444 1547 2725 1616 ἀργύριον
2739 1548 2836 1601 καὶ
2863 1549 3141 1615 χρυσίον,
3160 1548 3303 1618 ἔργα
3323 1547 3449 1602 τῶν
3469 1545 3686 1616 χειρῶν

420 1649 520 1694 tur
555 1640 793 1711 Spiritus
838 1649 1066 1698 sanctus
1113 1642 1299 1713 populi
1335 1658 1403 1698 ex
1450 1640 1873 1698 circumcisione
1914 1639 2008 1694 ab-

2129 1636 2449 1706 ῑνθρώπων.
2497 1636 2760 1711 Ἐνταῦθα
2790 1656 2879 1710 μοι
2910 1638 3059 1692 δοκεῖ
3088 1639 3150 1692 τὸ
3172 1637 3401 1709 Πνεῦμα
3432 1637 3493 1690 τὸ
3527 1638 3686 1707 ἆγιον

424 1733 721 1802 jectionem
749 1733 1121 1801 subindicare,
1157 1743 1320 1807 atque
1353 1735 1629 1790 orationes
1664 1733 1800 1804 ipsis
1832 1730 2007 1787 trade-

428 1840 493 1879 re
520 1824 590 1879 ad
623 1825 1018 1890 conﬁtendum,
1057 1827 1281 1897 ha‘cque
1310 1829 1476 1883 verba
1504 1842 1569 1882 ex
1606 1827 1847 1897 ipsorum
1883 1839 2008 1896 per-

431 1931 569 1971 sona
601 1916 884 1986 proferre;
911 1918 1068 1988 queis
1110 1918 1354 1974 declarat
1401 1919 1552 1990 ipsos
1593 1919 1848 1973 virtutem
1902 1915 2009 1972 sibi

380 2016 391 2041 ι
432 2008 860 2078 prospicientem
908 2024 1019 2064 non
1051 2009 1284 2066 ulterius
1331 2010 1534 2067 habere
1565 2010 1802 2081 :hisque
1849 2008 2009 2063 insti-

433 2108 665 2155 tuuntur
714 2099 786 2156 ad
832 2101 1234 2157 obsecrandum
1270 2109 1325 2157 et
1355 2100 1646 2158 dicendum
1689 2119 1703 2155 :
1737 2099 1848 2156 Nos
1881 2100 2008 2171 qui-

434 2191 561 2246 dem
609 2191 823 2264 indigni
874 2209 1070 2249 sumus
1108 2193 1306 2263 gratia,
1334 2208 1441 2263 qua
1491 2193 1771 2248 donantur
1820 2207 2012 2247 omnes

334 2330 339 2335 .
436 2292 627 2355 gentes
665 2303 678 2339 :
716 2293 771 2338 at
799 2299 870 2339 ne
898 2284 1060 2340 nobis
1094 2285 1212 2339 haec
1239 2283 1431 2350 iacias,
1461 2284 1724 2352 Domine;
1756 2285 1852 2341 sed
1880 2300 2011 2356 pro-

438 2387 562 2448 pter
590 2390 789 2430 nomen
825 2383 979 2431 tuum
1012 2376 1161 2447 quod
1182 2376 1251 2431 ab
1280 2376 1438 2432 initio
1467 2377 1779 2433 invocatum
1812 2386 1898 2434 est
1921 2394 2016 2434 su-

438 2482 538 2537 per
565 2481 702 2531 nos,
733 2482 910 2538 neque
932 2482 996 2523 ex
1024 2467 1255 2537 justitiis
1286 2466 1515 2535 nostris,
1548 2465 1645 2523 sed
1694 2482 1760 2522 ex
1802 2468 2017 2525 miseri-

441 2556 631 2613 cordia
653 2564 707 2612 et
735 2556 962 2612 veritate
984 2563 1077 2611 tua
1108 2556 1162 2611 id
1196 2557 1489 2612 concedas.
1533 2555 1666 2610 Nam
1705 2555 1752 2612 si
1781 2572 1890 2611 non
1920 2556 2020 2611 mi-

442 2649 702 2714 serearis,
732 2655 923 2721 gentes
952 2648 1136 2703 dicent
1176 2667 1190 2703 :
1236 2647 1338 2702 Ubi
1370 2659 1447 2702 est
1504 2647 1648 2702 Deus
1675 2664 1858 2703 eorum
1880 2651 1907 2704 ?
1938 2646 2018 2704 Ne

444 2757 575 2797 vero
594 2757 835 2814 unquam
859 2741 964 2798 hoc
989 2741 1195 2797 dictum
1224 2740 1526 2812 proferant,
1552 2740 1794 2797 concede
1827 2755 1891 2795 ac
1915 2741 2017 2795 tri-

444 2836 557 2893 bue
585 2835 747 2890 nobis
775 2834 1212 2890 misericordiam
1246 2842 1421 2889 tuam.
1459 2833 1686 2888 Etiamsi
1724 2836 1870 2888 enim
1918 2846 2020 2886 nos

448 2924 717 2997 inspectio
748 2932 839 2981 tua
860 2940 972 2981 non
1004 2925 1240 2995 amplius
1269 2924 1557 2995 gubernet,
1582 2924 1676 2980 sed
1698 2938 2021 2995 persuasum

447 3011 713 3067 habemus
738 3017 795 3066 te
823 3026 946 3068 esse
976 3012 1029 3066 in
1066 3012 1230 3081 coelo,
1254 3020 1310 3067 et
1337 3027 1401 3069 ea
1428 3011 1609 3069 facere
1640 3028 1763 3085 qua:
1798 3013 1948 3070 velis.

471 3204 478 3210 ·
510 3184 686 3242 Vsus.
709 3186 868 3242 5-18.
899 3184 1023 3240 Non
1058 3187 1231 3254 nobis,
1281 3186 1529 3251 Domine,
1576 3203 1679 3241 non
1726 3187 1897 3252 nobis,
1930 3187 2021 3243 sed

450 3279 652 3332 nomini
684 3286 771 3331 tuo
803 3279 875 3331 da
907 3277 1136 3348 gloriam
1164 3293 1184 3333 :
1219 3294 1375 3348 super
1418 3277 1784 3333 misericordia
1834 3289 1925 3333 tua
1971 3289 2022 3333 et

451 3369 670 3423 ueritate
708 3378 819 3433 tua,
861 3367 1138 3438 nequando
1193 3368 1375 3424 dicant
1402 3378 1575 3441 gentes
1602 3383 1622 3422 :
1654 3365 1755 3421 Ubi
1780 3377 1857 3423 est
1882 3368 2023 3423 Deus

450 3463 676 3516 eorum?
708 3460 849 3515 Deus
886 3468 1062 3535 autem
1094 3468 1273 3515 noster
1301 3461 1356 3516 in
1390 3461 1516 3515 caelo
1550 3468 1601 3514 et
1630 3460 1685 3514 in
1718 3468 1878 3525 terra,
1910 3476 2025 3515 om-

452 3554 544 3609 nia
564 3569 881 3625 quiscunque
912 3553 1074 3607 voluit
1121 3552 1267 3623 fecit.
1316 3550 1619 3608 Simulacra
1659 3552 1891 3622 gentium
1931 3567 2022 3605 ar-

451 3653 663 3714 gentum
689 3654 737 3698 et
766 3660 977 3705 aurum,
1018 3660 1178 3715 opera
1211 3660 1465 3698 manuum
1509 3643 1817 3707 hominum;
1840 3659 1897 3697 os
1931 3642 2028 3696 ha-

456 3737 595 3802 bent,
627 3744 679 3791 et
722 3753 827 3790 non
871 3736 1179 3805 loquentur;
1212 3736 1390 3791 oculos
1423 3735 1634 3800 habent,
1674 3745 1724 3790 et
1756 3752 1858 3789 non
1887 3735 2027 3789 uide—

454 3828 617 3890 bunt;
648 3843 802 3881 aures
830 3826 1046 3893 habent,
1076 3808 1131 3882 el
1148 3836 1255 3882 non
1281 3828 1527 3892 audient;
1557 3844 1711 3882 nares
1740 3826 1951 3899 habent,
1975 3836 2026 3882 et

455 3930 561 3969 non
601 3913 934 3979 odorabunt';
983 3932 1171 3970 manus
1201 3914 1415 3979 habent,
1471 3926 1521 3970 et
1567 3934 1671 3972 non
1703 3917 2026 3987 palpabunt;

336 4079 340 4083 ‘
453 4003 607 4067 pedes
632 4001 845 4063 habent,
870 4013 1046 4057 et-non
1074 4002 1455 4069 ambulabunt;
1480 4021 1581 4057 non
1602 4004 2030 4073 vociferabuntur

454 4097 510 4149 in
537 4104 749 4165 gutture
773 4111 888 4149 suo.
921 4094 1136 4150 Similes
1170 4095 1281 4149 illis
1312 4096 1445 4165 ﬁant
1491 4097 1580 4166 qui
1615 4096 1820 4165 faciunt
1859 4112 1942 4160 ea,
1979 4103 2030 4148 et

454 4202 634 4241 omnes
664 4187 754 4256 qui
782 4185 1052 4255 conﬁdunt
1084 4191 1138 4240 in
1164 4188 1261 4242 eis.
1285 4185 1487 4242 Domus
1519 4187 1694 4243 Israel
1725 4189 1953 4257 speravit
1976 4189 2032 4242 in

456 4278 706 4343 Domino,
740 4277 957 4347 adjutor
983 4293 1165 4333 eorum
1205 4287 1254 4332 et
1287 4287 1550 4347 protector
1578 4296 1759 4334 eorum
1790 4289 1888 4335 est.
1920 4278 2032 4334 Do-

2106 1729 2434 1784 αὶνίττεσθαι
2476 1730 2569 1783 τοῦ
2621 1734 2686 1784 ὲκ
2731 1731 3035 1803 περιτομῆς
3085 1731 3213 1784 λαοῦ
3249 1730 3347 1802 τὴν
3389 1730 3686 1803 ἀποϐολὴν,

2108 1822 2271 1894 εὐχήν
2308 1838 2370 1875 τε
2416 1821 2597 1887 αὐτοῖς
2641 1823 2991 1893 παραδιδόναι
3033 1824 3112 1887 εἰς
3159 1823 3569 1895 ἐξομολόγησιν,
3622 1825 3690 1877 ὲκ

2108 1911 2399 1986 προσώπου
2425 1931 2486 1967 τε
2515 1914 2691 1969 αὐτῶν
2715 1914 2787 1969 τὰ
2800 1915 3046 1987 παρόντα
3080 1915 3329 1983 φάσκειν,
3344 1914 3413 1968 δι’
3435 1908 3510 1967 ὦν
3540 1931 3689 1987 παρ-

2111 2005 2351 2061 ίστανται
2370 2006 2566 2078 μηκέτι
2581 2005 2791 2077 ἔχοντες
2809 2006 2905 2078 τὴν
2926 2007 3328 2062 ἐπισκοποῦσαν
3344 2007 3525 2070 αὐτοῖς
3541 2004 3693 2060 θείαν

2108 2098 2337 2168 δύναμιν
2355 2113 2369 2128 ’
2405 2097 2473 2150 δι’
2497 2091 2573 2151 ὦν
2610 2097 2953 2152 διδάσκονται
2985 2096 3202 2151 δέεσθαι
3232 2098 3328 2151 καὶ
3353 2098 3693 2169 παρακαλεῖν

2109 2188 2199 2242 διὰ
2218 2187 2312 2241 τοῦ
2342 2186 2523 2255 λέγειν
2542 2204 2555 2216 ·
2598 2187 2787 2258 Ἡμεῖς
2821 2188 2920 2258 μὲν
2949 2186 3155 2252 ἀνάξιοι
3202 2189 3301 2258 τῆς
3349 2189 3592 2260 χάριτος,
3623 2182 3695 2259 ἧς

2112 2280 2475 2350 κατηξῐωνται
2504 2279 2683 2334 πάντα
2714 2280 2784 2332 τὰ
2810 2278 2936 2352 ἔθνη
2957 2297 2973 2313 ο
3007 2280 3142 2334 ἀλλὰ
3171 2279 3245 2351 μὴ
3268 2282 3403 2350 ἡμῖν
3434 2281 3671 2352 ποιήσῃς

2112 2372 2388 2427 Δέσποτα·
2425 2371 2561 2426 ἀλλὰ
2590 2372 2751 2427 διὰτὸ
2779 2372 2950 2445 ὄνομά
2982 2391 3073 2426 σου
3098 2373 3158 2425 τὸ
3177 2371 3234 2439 ἐξ
3260 2372 3433 2443 ἀρχῆς
3461 2372 3661 2443 ὲπικλη
3678 2399 3696 2412 -

2115 2464 2205 2519 θὲν
2234 2463 2318 2534 ἐφ’
2351 2464 2520 2535 ἡμᾶς,
2548 2464 2643 2517 καὶ
2668 2465 2743 2536 μὴ
2770 2468 2891 2528 ταῖς
2932 2464 3088 2536 ήμῶν
3116 2463 3508 2532 δικαιοσύναις,
3559 2463 3700 2519 ἀλλὰ

2115 2555 2192 2627 τῷ
2233 2554 2309 2626 σῷ
2343 2554 2482 2609 ἐλέει
2513 2556 2734 2626 χάρισαι
2768 2557 2863 2610 καὶ
2887 2560 2951 2629 τῇ
2978 2560 3041 2627 σῇ
3075 2556 3325 2628 ἀληθείᾳ.
3360 2556 3427 2610 Et
3466 2555 3577 2627 γὰρ
3612 2556 3693 2628 μὴ

2118 2646 2417 2716 ὲλεήσειας,
2451 2644 2635 2717 ὲροῦσι
2666 2644 2734 2699 τὰ
2772 2646 2900 2717 ἔθνη
2926 2664 2940 2678 ο
2987 2647 3113 2701 Ποῦ
3147 2648 3320 2701 ἐστιν
3350 2649 3384 2700 ό
3416 2645 3563 2712 Θεὸς
3589 2646 3701 2699 αὐ-

2121 2738 2272 2804 τῶν;
2313 2739 2451 2792 Ἀλλ’
2485 2738 2575 2793 ἵνα
2601 2740 2674 2810 μή
2711 2756 2841 2793 ποτε
2885 2739 3075 2793 τοῦτον
3128 2741 3324 2793 εἴπωσι
3371 2738 3465 2792 τδν
3520 2739 3700 2806 λόγον,

2120 2828 2342 2899 χάρισαι
2385 2831 2518 2900 ἡμῖν
2557 2828 2653 2882 καὶ
2695 2827 2939 2901 δώρησαι
2982 2827 3132 2893 ἔλεός
3171 2845 3287 2883 σου.
3317 2826 3437 2883 Κᾶν
3474 2827 3585 2900 γάρ
3626 2827 3702 2898 μὴ

2123 2921 2270 2991 ἡμᾶς
2304 2920 2498 2991 μηκέτι
2531 2921 2566 2991 ἡ
2618 2920 2685 2991 σὴ
2726 2920 3003 2993 ὲπισκοπὴ
3037 2921 3400 2993 διακυϐερνᾷ,
3438 2918 3574 2973 ἀλλὰ
3603 2936 3705 2971 πε-

2048 3021 2091 3078 c
2124 3009 2398 3082 πείσμεθά
2427 3027 2486 3064 σε
2520 3007 2659 3066 εἶναι
2695 3011 2754 3065 ἐν
2796 3012 2875 3082 τῷ
2906 3011 3141 3084 οὐρανῷ,
3163 3012 3258 3066 καὶ
3307 3010 3477 3066 ταῦτα
3528 3013 3702 3065 ποιεῖν

2130 3104 2271 3174 ἅπερ
2303 3102 2627 3174 ἠϐουλήθης.

2201 3195 2296 3263 Μὴ
2332 3194 2496 3263 ἡμῖν,
2544 3196 2738 3263 Κύριε,
2763 3194 2851 3265 μὴ
2909 3194 3073 3264 ἡμῖν,
3107 3195 3245 3250 ἀλλ’
3276 3194 3316 3263 ἢ
3343 3193 3427 3261 τῷ
3455 3192 3705 3263 ὀνόματι

2129 3300 2245 3339 σου
2269 3283 2375 3350 δὸς
2401 3284 2591 3348 δόξαν
2608 3301 2622 3313 ·
2650 3283 2751 3337 ἐπὶ
2772 3282 2855 3349 τῷ
2875 3282 3032 3338 ἐλέει
3074 3300 3191 3337 σου
3224 3284 3326 3337 καὶ
3356 3282 3433 3352 τῇ
3454 3283 3706 3351 ἀληθεία

2130 3391 2268 3437 σου,
2292 3373 2378 3443 μή
2408 3391 2550 3429 ποτε
2575 3374 2790 3427 εῑπωσι
2830 3374 2904 3428 τὰ
2932 3373 3097 3442 ἔθνη·
3137 3374 3262 3428 Ποῦ
3299 3373 3467 3427 ἐστιν
3493 3375 3527 3427 ὁ
3561 3373 3704 3437 Θεὸς

2130 3465 2369 3531 αὑτῶν;
2412 3467 2474 3520 '0
2497 3465 2565 3519 δὲ
2591 3464 2736 3532 Θεὸς
2760 3464 2930 3535 ἡμῶν
2953 3465 3023 3519 ἐν
3041 3464 3122 3531 τῷ
3151 3463 3385 3533 οὐρανῷ
3406 3464 3505 3518 καὶ
3531 3462 3600 3517 ἐν
3630 3460 3707 3530 τῇ

2131 3557 2232 3629 τῇ,
2277 3559 2472 3614 πάντα
2521 3558 2639 3613 ὅσα
2682 3556 2989 3626 ἠθέλησεν
3024 3557 3335 3626 ἐποίησεν.
3387 3556 3465 3612 Τὰ
3494 3554 3714 3610 εἴδωλα

2131 3650 2251 3706 τῶν
2283 3651 2475 3707 ἐθνῶν
2517 3651 2800 3723 ἀργύριον
2844 3649 2945 3707 καὶ
2983 3649 3262 3720 χρυσίον,
3306 3650 3452 3720 ἔργα
3500 3647 3716 3719 χειρῶν

2132 3741 2477 3812 ἀνθρώπων·
2517 3745 2713 3812 στόμα
2770 3741 2983 3811 ἔχουσι
3026 3741 3127 3795 καὶ
3179 3742 3253 3795 οὐ
3300 3739 3712 3806 λαλήσουσιν,

2134 3831 2478 3902 ὀφθαλμοὺς
2503 3833 2717 3901 ἔχουσι
2743 3833 2843 3887 καὶ
2870 3833 2983 3885 οὐκ
3011 3831 3262 3900 ὄψονται
3279 3847 3293 3862 ·
3329 3829 3451 3884 ῶτα
3477 3829 3714 3899 ἔχουσι,

2134 3922 2234 3976 καὶ
2294 3923 2408 3976 οὐκ
2473 3921 2870 3989 ἀκούσονται,
2925 3920 3104 3990 ῥῖνας
3163 3921 3380 3991 ἔχουσι
3441 3919 3541 3972 καὶ
3603 3920 3714 3972 οὐκ

2135 4012 2663 4084 όσφρανθήσονται
2682 4028 2697 4043 ³
2731 4013 2933 4083 χεῖρας
2956 4012 3167 4081 ἔχουσι
3200 4010 3299 4063 καὶ
3336 4012 3407 4064 οὐ
3440 4009 3719 4079 ψηλαφή-

2136 4120 2344 4171 σουσι,
2368 4102 2559 4169 πόδας
2591 4102 2805 4173 ἔχουσι
2840 4103 2943 4157 καὶ
2972 4104 3043 4157 οὐ
3079 4100 3618 4169 περιπατήσουσιν,
3643 4100 3718 4152 οὐ

2137 4195 2531 4266 φωνήσουσιν
2574 4195 2644 4249 ὲν
2674 4193 2754 4261 τῷ
2784 4193 3039 4265 λάρυγγι
3097 4190 3315 4247 αὐτῶν.
3355 4193 3570 4260 Ὅμοιοι
3613 4190 3720 4243 αὐ-

2138 4285 2264 4353 τοῖς
2288 4285 2558 4356 γένοιντο
2597 4287 2652 4339 οἱ
2697 4285 3012 4352 ποιοῦντες
3035 4284 3210 4350 αὐτὰ,
3244 4283 3345 4337 καὶ
3391 4281 3615 4346 πάντες
3662 4281 3720 4333 οι

458 4387 575 4425 mus
611 4371 794 4426 Aaron
835 4374 1062 4442 speravit
1114 4373 1170 4426 in
1220 4371 1467 4437 Domino,
1508 4372 1724 4442 adjutor
1764 4389 1944 4427 eorum
1983 4382 2026 4426 el

2137 4379 2484 4442 πεποιθότες
2533 4375 2625 4429 ἐπ’
2679 4375 2907 4443 αὐτοῖς.
2960 4369 3136 4442 Οἶκος
3170 4372 3411 4443 Ἰσραὴλ
3458 4372 3722 4442 ἤλπισεν

456 4473 721 4531 protector
747 4478 929 4517 eorum
969 4474 1069 4519 est.
1111 4463 1217 4530 Qui
1258 4465 1442 4518 timent
1473 4462 1757 4518 Dominum
1795 4479 2033 4533 sperave-

458 4563 586 4609 runt
621 4556 677 4608 in
713 4553 962 4624 Domino,
999 4555 1217 4626 adjutor
1245 4571 1425 4610 eorum
1472 4564 1522 4610 et
1563 4565 1826 4625 protector
1853 4573 2035 4611 eorum

458 4655 560 4699 est.
608 4644 868 4702 Dominus
914 4663 1115 4703 memor
1149 4647 1322 4701 nostri
1367 4645 1629 4702 benedixit
1665 4648 1837 4705 nobis.
1875 4648 2038 4706 Bene-

461 4735 600 4795 dixit
630 4738 813 4793 domui
856 4737 1051 4807 Israel,
1081 4738 1345 4794 benedixit
1395 4738 1578 4794 domui
1622 4740 1807 4796 Aaron
1837 4758 1855 4796 :
1883 4742 2037 4798 bene-

462 4828 600 4882 dixit
639 4830 704 4883 iis
741 4817 847 4901 qui
900 4832 1087 4886 timent
1133 4831 1448 4895 Dominum,
1496 4831 1707 4900 pusillis
1761 4850 1880 4887 cum
1922 4852 2040 4890 ma-

464 4919 687 4981 ioribus.
749 4920 984 4991 Adjiciat
1024 4921 1282 4977 Dominus
1318 4938 1474 4993 super
1512 4939 1623 4988 vos,
1663 4939 1820 4992 super
1860 4943 1947 4982 vos
1986 4937 2040 4981 et

461 5028 622 5082 super
675 5012 818 5082 ﬁlios
877 5022 1097 5070 uestros.
1137 5013 1409 5069 Benedicti
1463 5030 1550 5069 vos
1584 5032 1618 5070 a
1654 5014 1903 5097 Domino,
1950 5018 2040 5089 qui

462 5105 588 5173 fecit
616 5105 812 5160 uelum
841 5115 890 5160 et
926 5116 1143 5162 terram.
1183 5105 1384 5162 Catum
1416 5108 1533 5162 caeli
1561 5106 1810 5174 Domino,
1844 5118 2040 5164 terram

466 5210 641 5252 autem
679 5198 821 5253 dedit
855 5200 983 5269 ﬁliis
1018 5200 1309 5260 hominum.
1356 5199 1480 5256 Non
1517 5202 1716 5257 mortui
1749 5202 2040 5258 laudabunt

468 5300 540 5355 te,
568 5292 809 5357 Domine,
836 5309 997 5362 neque
1019 5310 1196 5348 omnes
1219 5294 1311 5364 qui
1332 5292 1652 5348 descendunt
1672 5294 1726 5347 in
1752 5295 2039 5364 infernum.

470 5385 576 5441 Sed
614 5404 708 5441 nos
740 5387 831 5459 qui
866 5387 1086 5441 vivimus
1135 5385 1493 5441 benedicemus
1542 5384 1793 5449 Domino,
1835 5402 1900 5440 ea;
1949 5386 2044 5442 hoc

470 5494 609 5532 nunc
641 5487 690 5533 et
721 5494 884 5549 usque
913 5478 970 5533 in
996 5479 1272 5534 saxulum.
1321 5476 1391 5532 Hi
1432 5477 1685 5533 versiculi
1725 5478 1781 5533 in
1812 5480 2043 5550 quibus-

469 5571 599 5624 dam
637 5568 1039 5643 exemplaribus
1070 5585 1100 5625 a
1123 5571 1332 5640 psalmo
1362 5583 1496 5623 cxm
1528 5567 1770 5624 distincti
1796 5584 1859 5626 ac
1887 5585 2046 5641 sepa-

467 5663 577 5716 rati
606 5674 767 5730 sunt;
794 5665 868 5718 ita
897 5670 955 5717 ut
974 5664 1089 5719 hzec
1113 5678 1239 5719 cxrv
1270 5663 1537 5726 psalmum
1560 5664 1916 5718 constituant.
1952 5665 2043 5729 At,

2140 4466 2240 4521 ἐπὶ
2287 4467 2528 4534 Κύριον,
2577 4464 2810 4534 ,βοηθὸς
2868 4465 2967 4519 καὶ
3020 4462 3484 4533 ὑπερασπιστὴς
3524 4459 3724 4515 αὐτῶν

2147 4558 2343 4613 ἐστιν.
2377 4554 2552 4625 Οἶκος
2569 4558 2789 4626 Ἀαρὼν
2811 4559 3076 4628 ἤλπισεν
3105 4557 3205 4611 ἐπὶ
3229 4557 3470 4625 Κύριον,
3491 4551 3724 4623 ,βοηθὸς

2143 4650 2244 4703 καὶ
2273 4651 2736 4721 ὑπερασπιστὴς
2784 4649 2984 4706 αὐτῶν
3027 4650 3217 4706 ἐστιν.
3272 4653 3337 4704 Οἱ
3369 4649 3726 4721 φοϐούμενοι

2144 4747 2251 4801 τὸν
2269 4748 2489 4816 Κύριον
2498 4745 2770 4815 ἤλπισαν
2782 4746 2882 4799 ἐπὶ
2911 4746 3151 4814 Κύριον,
3174 4743 3400 4813 ,βοηθὸς
3427 4741 3528 4796 καὶ
3547 4743 3727 4809 ὑπερ-

2142 4836 2451 4908 ασπιστὴς
2492 4836 2691 4893 αὐτῶν
2735 4837 2926 4891 ἐστιν.
2966 4837 3183 4906 Κύριος
3233 4833 3527 4907 μνησθεὶς
3557 4830 3728 4903 ἡμῶν
3826 4901 3832 4906 _

2145 4931 2485 4999 εὐλόγησεν
2525 4926 2703 4998 ἡμᾶς.
2752 4928 3070 4998 Erilli-mas
3113 4927 3222 4983 τὸν
3268 4927 3439 4982 οἷκον
3464 4921 3723 4993 Ἰσραὴλ,

2146 5024 2446 5094 sumimus
2469 5023 2576 5078 τὸν
2607 5019 2780 5079 οἷκον
2809 5022 3052 5093 Ἀαρών·
3095 5024 3397 5093 ei)me
3434 5019 3573 5085 τοὺς
3618 5033 3727 5086 φο-

2150 5115 2476 5187 ϐουμένους
2507 5117 2614 5172 τὸν
2664 5118 2906 5187 Κύριον,
2956 5116 3101 5183 τοὺς
3134 5115 3387 5186 μικροὺς
3426 5112 3579 5185 μετὰ
3608 5106 3733 5162 τῶν

2142 5206 2440 5278 μεγάλων.
2483 5208 2778 5277 Προσθειη
2834 5209 3048 5276 Κύριος
3088 5207 3181 5277 ἐφ’
3217 5204 3395 5277 ὑμᾶς,
3446 5205 3539 5274 ἐφ’
3573 5198 3729 5269 ὑμᾶς

2150 5297 2249 5351 καὶ
2294 5296 2391 5351 ἐπὶ
2428 5297 2568 5364 τοὺς
2596 5298 2766 5366 υἱοὺς
2783 5298 2973 5371 ὑμῶν.
3003 5297 3414 5369 Εὑλοτημένοι
3444 5291 3609 5364 ὑμεῖς
3648 5286 3730 5352 τῷ

2149 5390 2363 5458 Κιιρίφ,
2395 5390 2479 5456 τῷ
2506 5389 2830 5459 ποιήσαντι
2862 5392 2972 5447 τὸν
3002 5391 3267 5462 οὐρανὸν
3301 5388 3400 5446 καὶ
3435 5384 3549 5452 τὴν
3582 5379 3723 5453 τῆν.

2162 5481 2226 5534 '0
2254 5481 2511 5549 οὐρανὸς
2543 5485 2650 5538 τοῦ
2692 5484 2954 5552 οὐρανοῦ
2996 5481 3080 5551 τῷ
3108 5484 3326 5548 Κυρίῳ.
3358 5474 3474 5545 τὴν
3499 5474 3569 5529 δέ
3607 5471 3729 5544 rrir

2151 5570 2336 5627 ἔδωκε
2380 5573 2505 5641 τοῖς
2541 5574 2693 5642 υἱοῖς
2724 5572 2845 5630 τῶν
2875 5573 3221 5640 ἀνθρώπω.
3257 5569 3381 5638 Οὐχ
3429 5570 3483 5622 οἱ
3527 5563 3731 5635 νεκροὶ

2152 5664 2472 5721 αινέσουσι
2525 5682 2620 5733 σε,
2669 5668 2865 5737 Κύριε,
2901 5662 3047 5721 οὐδὲ
3084 5661 3309 5729 πάντες
3360 5662 3415 5716 οι
3452 5657 3734 5714 καταϐαι-

539 5755 623 5829 (1)
658 5752 804 5809 Psal.
847 5770 994 5822 cxtv,
1038 5755 1195 5826 juxta
1236 5753 1514 5812 Hebraeos.
1550 5752 1666 5812 Vid.
1708 5751 1854 5807 infra
1902 5757 2045 5827 apud
2086 5754 2289 5814 Euseb.
2319 5755 2478 5813 Enn.

3326 5853 3367 5861 ...-
