4102 6414
444 297 576 354 I357

1531 285 2031 344 COMMENTARIA
2066 285 2132 339 IN
2172 282 2504 339 PSALMOS.

3547 280 3685 337 1338

440 436 647 487 νοντες
673 421 762 487 είς
809 418 977 486 ᾆδον.
1013 418 1164 473 Ἀλλ’
1197 416 1370 486 ἡμεῖς
1412 415 1469 469 οι
1504 412 1714 479 ζῶντες
1759 410 2010 482 εὐλογή-

2117 423 2240 463 cum
2270 407 2517 478 inspecto
2543 406 2893 464 Hebraeorum
2931 408 3091 473 libro,
3124 421 3315 463 eorum
3344 405 3609 461 dictiones
3631 412 3687 460 et

439 524 632 579 σομεν
654 507 762 562 τὸν
785 508 1009 577 Κύριον
1035 505 1155 563 ἀπὸ
1191 505 1299 560 τοῦ
1333 504 1451 560 νῦν
1470 503 1570 559 καί
1599 503 1712 568 ἕως
1735 502 1842 557 ⁴τοῦ
1879 499 2014 556 alt?)-

440 615 566 665 νος.
602 597 919 652 Διέσταλται
952 598 1047 652 καὶ
1094 595 1239 660 ίδίως
1277 592 1582 665 ἀφώρισται
1610 590 1704 645 τοῦ
1749 598 1848 665 ριγ¹
1881 590 2014 661 ψαλ-

444 689 547 761 μοῦ
579 689 637 743 ἐν
668 707 777 744 τισι
817 689 925 744 τῶν
977 689 1331 762 ἀντιγράφων,
1370 687 1438 742 τά
1486 686 1841 759 προκείμενα,
1875 684 2015 737 ὥστε

442 777 579 837 εἶναι
611 782 707 853 ριδ¹
728 781 939 852 ψαλμὸν
958 782 1050 835 τὸν
1081 780 1219 853 μετά
1248 784 1454 853 χεῖρας.
1502 777 1716 849 Ἐπειδὴ
1743 777 1820 840 δὲ,
1849 774 2015 844 ὲγκύ-

440 873 549 945 ψας
579 876 715 947 αὐτῇ
749 878 815 946 τῇ
857 874 1123 946 Ἑϐραίων
1163 873 1348 945 βίϐλῳ,
1377 873 1502 937 τοὺς
1534 870 1711 925 αὐτῶν
1741 869 2017 943 χαρακτῆι-

444 986 543 1041 ρας
583 968 959 1039 συνημμένους
1002 960 1161 1039 εὗρον
1206 966 1299 1019 καὶ
1343 964 1441 1028 τὰς
1498 963 1690 1028 λέξεις,
1741 961 2017 1031 ἐπέστησα

442 1058 622 1123 καλῶς
649 1058 1011 1129 ἀκολουθῆσαι
1059 1060 1123 1129 τῇ
1164 1055 1427 1128 Ἐϐραίων
1462 1054 1648 1126 βίϐλῳ,
1677 1050 1907 1121 συνάψαι
1954 1067 2015 1104 τε

440 1154 553 1215 τοῖς
581 1150 864 1222 προτέροις
891 1149 958 1203 τὰ
984 1149 1340 1222 προκείμενα,
1376 1146 1518 1200 ὣστε
1546 1142 1686 1199 εἶναι
1730 1144 1894 1217 μέρος
1919 1141 2016 1196 αὺ-

442 1243 510 1298 τά
539 1244 633 1297 τοῦ
676 1250 778 1315 ριγ’
807 1241 1001 1314 ὕμνου.
1033 1244 1191 1295 Δοκεῖ
1232 1236 1326 1295 οὖν
1370 1239 1441 1293 τὰ
1490 1236 1824 1311 προκείμενα
1852 1235 2018 1308 ἀνηρ-

440 1337 637 1408 τῆσθαι
654 1337 760 1391 τῶν
790 1335 1071 1408 προτέρων
1091 1353 1104 1366 ·
1135 1333 1475 1389 παιδεύονται
1509 1332 1616 1404 γάρ
1646 1332 1695 1384 οἱ
1722 1330 1909 1393 παῖδες
1935 1323 2017 1391 οἷς

441 1429 691 1498 δλέγετο’
726 1428 976 1494 Αἰνεῖτε,
1009 1426 1242 1493 παῖδες,
1275 1428 1517 1495 Κύριον,
1544 1424 1818 1478 τουτέστιν
1846 1425 1875 1477 ὁ
1898 1423 2019 1486 νέος

441 1522 587 1585 λαὸς,
629 1523 780 1574 ποῖον
808 1519 1013 1592 Κύριον
1042 1520 1304 1591 προσήκει
1333 1518 1503 1571 αἰνεῖν
1524 1533 1542 1549 ο
1588 1516 1741 1588 δῆλον
1772 1515 1829 1569 δὲ
1858 1514 2019 1568 αὑτὸν

440 1615 647 1668 ἐκεῖνον
667 1614 760 1668 τὸν
792 1616 849 1667 ὲν
876 1617 941 1685 τῇ
970 1613 1135 1684 ὲξὸδῳ
1169 1611 1386 1683 Ἰσραὴλ
1433 1613 1500 1681 τῇ
1543 1606 1599 1673 ἐξ
1629 1608 1906 1677 Αἰγύπτου
1948 1605 2017 1661 τά

438 1702 676 1757 τοσαῦτα
738 1704 1017 1775 θαυμάσια
1074 1701 1532 1773 διαπραξάμενον.
1608 1699 1865 1763 Ἐκείνοις
1924 1694 2018 1752 οὖν

2113 502 2460 559 characteres
2485 502 2807 572 conjunctos
2832 517 2955 559 esse
2978 500 3299 573 repererim,
3332 497 3685 555 Hebraeorum

2113 596 2313 651 librum
2356 594 2692 665 sequendum
2735 608 2877 659 esse,
2917 603 3079 664 atque
3108 592 3384 663 prioribus
3407 590 3526 647 haec
3551 605 3686 646 con-

2109 686 2389 757 iungenda
2417 701 2539 742 esse
2565 685 2851 750 aastimavi,
2880 684 2953 739 ita
2985 694 3045 738 ut
3069 685 3184 740 haec
3205 699 3335 755 pars
3363 684 3474 739 sint
3502 694 3687 740 cente-

2113 781 2234 837 simi
2261 778 2457 835 decimi
2484 778 2629 835 tertii
2647 777 2850 849 hymni.
2873 776 3135 833 Videntur
3151 777 3334 848 itaque
3349 777 3464 832 hac
3481 793 3685 848 praece-

2112 870 2368 926 dentibus
2401 869 2696 924 cohacrere.
2736 865 2874 921 Nam
2915 866 3068 937 pueri
3105 866 3204 931 illi,
3243 865 3445 937 quibus
3474 865 3680 921 dictum

2112 971 2217 1029 est,
2249 961 2509 1030 Laudato,
2541 963 2712 1031 pueri,
2748 959 3058 1026 Dominum,
3090 959 3145 1014 id
3175 966 3280 1027 est,
3312 973 3488 1015 novus
3509 972 3685 1030 papu-

2114 1057 2219 1121 lus,
2242 1056 2542 1121 edocentur
2559 1046 3046 1126 quem'Dominum
3077 1052 3301 1107 laudare
3324 1068 3424 1122 par
3452 1053 3546 1107 sit.
3573 1051 3682 1105 Pa-

2114 1151 2220 1204 lam
2250 1156 2541 1205 autemest
2570 1163 2696 1203 eum
2727 1147 2909 1219 ipsum
2937 1162 3080 1209 esse,
3122 1145 3215 1216 qui
3247 1145 3301 1199 in
3336 1145 3484 1200 exitu
3514 1142 3685 1200 Israel

2115 1242 2185 1301 de
2229 1241 2468 1314 Egypto
2513 1248 2666 1296 tanta
2718 1240 2989 1295 miracula
3033 1237 3225 1296 edidit.
3273 1237 3685 1308 Consequenter

2115 1334 2282 1407 igitur
2311 1335 2378 1388 ad
2422 1333 2515 1388 illa
2560 1332 2861 1389 edocentur
2905 1330 3033 1402 ipsi,
3073 1346 3144 1387 ne
3178 1331 3431 1401 ignorent
3461 1330 3682 1400 quinam

2116 1424 2321 1479 fuerint
2350 1423 2429 1478 illi
2469 1423 2537 1479 ah
2567 1438 2627 1479 se
2656 1422 2787 1478 olim
2821 1422 2897 1477 dii
2924 1421 3244 1487 existimati,
3284 1422 3433 1493 quod
3476 1420 3688 1477 scilicet

2117 1518 2298 1572 anima
2327 1518 2586 1589 omnique
2605 1531 2770 1571 sensu
2792 1514 3092 1581 caruerint,
3115 1512 3426 1586 fuerintque
3447 1520 3683 1577 mortua,

2117 1619 2267 1666 muta
2290 1619 2343 1665 et
2371 1624 2514 1665 cazca
2546 1609 2711 1673 idola,
2743 1608 2878 1663 nihil
2907 1608 3086 1664 simile
3109 1606 3389 1673 habentia,
3423 1623 3533 1662 non
3563 1606 3688 1663 dico

2117 1716 2318 1772 magno
2346 1706 2400 1756 et
2433 1700 2765 1755 mirabilium
2797 1699 3032 1764 editori,
3066 1699 3310 1755 omnium
3349 1698 3552 1768 opiﬁci,
3593 1696 3689 1753 sed

437 1794 747 1860 ἀκολούθως
773 1797 823 1850 οἱ
862 1796 1016 1849 αὐτοὶ
1043 1795 1384 1849 διδάσκονται
1426 1794 1550 1858 τοὺς
1594 1793 1760 1846 πάλαι
1804 1809 2010 1863 νενομι-

2116 1810 2186 1850 ne
2211 1794 2299 1849 vel
2338 1792 2631 1864 postremis
2660 1807 2847 1847 eorum
2895 1806 3016 1862 quae
3054 1791 3234 1846 anima
3267 1797 3321 1846 et
3353 1805 3519 1846 sensu
3548 1803 3690 1860 pra-

440 1884 672 1958 σμένους
706 1885 885 1940 αὐτῶν
919 1885 1077 1950 θεοὺς
1114 1885 1288 1940 ὁποῖοί
1328 1902 1475 1948 τινες
1502 1879 1639 1955 ἦσαν
1670 1882 1745 1955 μὴ
1778 1884 2009 1954 ἀγνοεῖν,

436 1976 519 2029 ὅτι
554 1976 750 2048 άψυχοι
800 1978 894 2030 καὶ
929 1977 1109 2049 πάσης
1163 1975 1467 2048 αἰσθήσεως
1514 1974 1887 2047 ἐστερημένοι,
1936 1976 2018 2029 δτι

437 2068 629 2141 νεκρὰ,
677 2071 771 2124 καὶ
810 2070 971 2140 κωφά
1015 2071 1110 2125 καὶ
1150 2069 1328 2140 τυφλά
1376 2067 1588 2132 εἴδωλα,
1628 2066 1781 2121 οὐδὲν
1833 2066 2017 2138 ὅμοιον

436 2160 650 2231 ἔχοντα,
666 2162 727 2215 οὐ
760 2165 899 2234 φημὶ
914 2162 991 2234 τῷ
1021 2162 1242 2234 μεγάλῳ
1270 2162 1363 2217 καὶ
1379 2157 1787 2233 παραδοξοποιῷ
1813 2160 2009 2230 ποιητῇ

2113 1886 2225 1942 dita
2264 1892 2391 1940 sunt
2423 1903 2437 1939 :
2468 1884 2563 1939 sed
2601 1883 2904 1937 inanimata
2934 1898 3162 1955 prorsus
3194 1884 3422 1937 materia
3461 1882 3682 1937 fuerint.

2112 1975 2180 2031 Et
2202 1977 2292 2032 illa
2320 1975 2563 2047 quidem,
2598 1975 2857 2030 animalia
2888 1974 3110 2045 inquam
3137 1974 3396 2041 animata,
3429 1972 3524 2029 Dei
3556 1972 3690 2029 Ver—

2114 2068 2184 2125 bo
2211 2070 2580 2125 constiterunt
2608 2087 2623 2123 :
2659 2076 2715 2123 at
2741 2067 2821 2123 illi
2851 2067 3096 2139 gentium
3128 2066 3227 2132 dii,
3250 2074 3310 2122 ut
3332 2066 3687 2137 putabantur,

2114 2159 2479 2215 humanorum
2515 2175 2741 2232 operum
2776 2159 3033 2231 ﬁgmenta
3065 2165 3212 2215 sunt.

434 2249 541 2302 τῶν
569 2249 726 2313 ὅλων,
752 2249 865 2304 ἀλλ’
894 2251 1016 2304 οὐδὲ
1039 2254 1149 2316 τοῖς
1182 2252 1429 2323 ἐσχάτοις
1485 2250 1593 2304 τῶν
1642 2246 1923 2320 ἐμψύχων,
1963 2242 2046 2313 οἷς
2079 2250 2330 2321 μέτεστιν
2362 2250 2695 2322 αἰσθήσεωςο
2732 2250 2909 2321 πάντη
2933 2249 2990 2303 δὲ
3020 2248 3225 2320 ἄψυχος
3256 2249 3357 2320 ὕλη
3414 2249 3686 2322 καθέστη-

435 2359 549 2396 κεν.
585 2345 828 2397 Κάκεῖνα
885 2345 1003 2415 μὲν,
1051 2344 1195 2414 λέγω
1227 2343 1388 2416 δὴτά
1437 2342 1653 2416 ἔμψυχα
1709 2342 1843 2409 ζῶα,
1891 2339 2027 2395 Θεοῦ
2074 2342 2234 2415 Λόγῳ
2289 2345 2617 2417 συνέστηκεν
2660 2360 2676 2376 ·
2729 2344 2779 2398 οἱ
2839 2341 2897 2395 δὲ
2941 2340 3051 2396 τῶν
3098 2341 3267 2397 ἐθνῶν
3312 2344 3689 2415 νενομισμένοι

436 2435 549 2488 θεοὶ
581 2433 937 2506 ἀνθρωπίνων
969 2434 1146 2508 ἔργων
1177 2435 1573 2508 ἀναπλάσματα
1603 2437 1973 2508 τυγχάνουσιν.

925 2552 1348 2608 ΑΛΛΗΛΟΥΙΑ.
1385 2550 1527 2607 Ρ1Δ’.

515 2644 841 2713 Bri-mou,
861 2643 951 2698 ὅτι
970 2646 1394 2699 είσακούσεται
1432 2645 1649 2713 Κύριος
1674 2642 1785 2712 τῆς
1805 2642 2012 2713 φωνῆς

433 2735 545 2805 τῆς
577 2734 842 2802 δεήσεώς
867 2754 1010 2805 μου,
1043 2735 1131 2789 ὅτι
1162 2737 1363 2792 ἔκλινε
1407 2736 1475 2790 τὸ
1501 2732 1611 2802 οὖς
1643 2735 1828 2790 αὐτοῦ
1853 2735 2005 2805 ἐμοὶ,

433 2828 535 2881 καὶ
567 2828 639 2881 ἐν
664 2827 793 2893 ταῖς
818 2827 1066 2897 ἡμέραις
1095 2845 1217 2898 μου
1258 2827 1704 2899 ἐπικαλέσομαι.
1749 2827 1806 2881 ’0
1839 2826 2007 2881 πάλαι

433 2918 765 2991 φοϐούμενος
799 2920 891 2973 τὸν
917 2919 1143 2992 Κύριον,
1182 2920 1282 2991 ήδη
1320 2919 1601 2993 προκόψας
1649 2918 1756 2974 ἀπὸ
1778 2919 1873 2974 τοῦ
1907 2920 2006 2990 φό-

435 3010 552 3078 σου,
593 3011 686 3065 καὶ
732 3011 970 3083 μεταϐὰς
995 3013 1088 3064 ἐπὶ
1129 3012 1228 3085 τὴν
1258 3012 1476 3083 ἀγάπην
1529 3010 1622 3065 τοῦ
1671 3011 1829 3077 Θεοῦ,
1861 3012 2004 3067 εἴποι

435 3104 522 3167 ἂν,
557 3103 864 3174 Ἠγάπησα
884 3119 902 3137 ο
949 3104 1073 3159 τίνα
1097 3105 1176 3169 δὲ,
1209 3103 1465 3176 ἢδηλαδὴ
1514 3103 1717 3177 Κύριον
1744 3105 1835 3159 τὸν
1867 3104 2002 3160 Θεὸν

2609 2545 2974 2604 ALLELUIA.
3016 2547 3201 2605 CXIV.

2189 2637 2354 2695 Vens.
2388 2638 2441 2704 Ι,
2468 2637 2523 2693 2.
2559 2637 2740 2693 Dilexi
2768 2641 3021 2711 quoniam
3043 2641 3291 2696 exaudiet
3319 2641 3580 2699 Dominus
3610 2660 3692 2699 uo-

2113 2748 2224 2786 cem
2252 2731 2510 2785 orationis
2534 2748 2683 2800 meae,
2706 2734 2832 2805 quia
2854 2733 3131 2788 inclinavit
3157 2751 3340 2790 aurern
3362 2753 3513 2791 suam
3537 2738 3691 2804 mihi,

2110 2833 2161 2879 et
2186 2825 2241 2878 in
2264 2823 2448 2878 diebus
2480 2825 2609 2878 meis
2631 2824 2902 2879 invocabo.
2933 2826 3036 2890 Qui
3063 2827 3194 2881 olim
3225 2826 3513 2882 Dominum
3538 2830 3692 2885 time.-
3718 2888 3723 2892 ,

2110 2916 2224 2980 bat,
2252 2917 2363 2985 jam
2394 2929 2427 2969 a
2459 2915 2655 2971 timore
2683 2915 2985 2987 profectus,
3015 2924 3069 2973 et
3096 2918 3165 2973 ad
3203 2917 3549 2975 dilectionem
3586 2919 3687 2977 Dei

2109 3016 2511 3079 transgressus,
2532 3009 2658 3079 jure
2678 3009 2898 3073 dixerit,
2930 3009 3112 3064 Dilexi
3136 3027 3155 3064 :
3179 3027 3339 3079 quem
3364 3027 3548 3082 porro,
3577 3013 3688 3069 nisi

2110 3089 2606 3161 Dominum'Deum.
2626 3115 2693 3155 ex
2711 3106 2825 3154 toto
2848 3099 3036 3167 corde,
3055 3099 3260 3156 virtute
3282 3110 3445 3172 atque
3468 3103 3684 3172 anima;

433 3191 494 3256 ἐξ
529 3191 657 3263 ὅλης
686 3193 933 3264 καρδίας,
962 3193 1054 3247 καὶ
1079 3194 1358 3266 δυνάμεως
1378 3194 1473 3248 καὶ
1492 3193 1688 3266 ψυχῆς,
1715 3194 1855 3249 ὥστε
1883 3195 2002 3250 ’ἐνε-

2111 3192 2184 3246 ita
2213 3199 2274 3246 ut
2302 3200 2528 3262 prepter
2560 3192 2764 3261 ipsum,
2794 3192 2881 3247 vel
2906 3190 2972 3246 ad
2996 3201 3229 3247 mortem
3263 3210 3438 3265 usque
3466 3211 3691 3253 concer-

433 3300 528 3337 κεν
548 3282 713 3336 αὐτοῦ
736 3286 830 3338 καὶ
856 3285 1014 3356 μέχρι
1041 3284 1271 3339 θανάτου
1307 3286 1669 3355 ἀγωνίζεσθαι
1697 3287 1834 3361 ὑπὲρ
1870 3287 2004 3359 ἀλη-

433 3370 606 3437 θείας,
655 3371 837 3427 πάντα
868 3389 928 3425 τε
968 3374 1258 3444 ὑπομεῖναι
1309 3373 1633 3445 πειρασμὸν,
1685 3374 1779 3428 καί
1829 3373 2007 3428 πάντα

432 3463 674 3518 κίνδυνον
728 3465 1025 3536 ὑποστῆναι
1085 3464 1379 3537 προθύμως
1424 3465 1515 3519 διὰ
1557 3463 1654 3538 τὴν
1706 3467 1840 3540 πρὸς
1876 3465 2010 3520 Θεὸν

432 3555 690 3626 ἀγάπην;
726 3555 847 3609 Ὅτι
905 3557 1110 3611 ἔκλινε
1146 3558 1214 3611 τὸ
1257 3553 1368 3625 οὖς
1395 3557 1584 3613 αὐτοῦ
1628 3557 1778 3628 ἐμοὶ,
1812 3558 1910 3612 καὶ
1940 3558 2010 3613 ἐν

432 3644 562 3711 ταῖς
610 3645 855 3714 ἡμέραις
900 3662 1019 3714 μου
1062 3645 1517 3715 ἐπικαλέσομαι.
1571 3646 1904 3716 Περώσχον
1930 3664 2009 3716 με

430 3737 639 3804 ὠδῖνες
678 3735 957 3803 θανάτου,
993 3736 1263 3791 κίνδυνοι
1287 3736 1436 3805 ᾅδου
1463 3737 1726 3806 εὔροσάν
1740 3754 1819 3806 ys
1835 3753 1849 3768 ’
1876 3736 2008 3792 θλί-

432 3832 544 3898 ψιν
571 3828 669 3883 καὶ
697 3827 925 3897 ὀδύνην
955 3823 1156 3896 εὗρον,
1183 3828 1284 3883 καί
1314 3828 1378 3882 τὸ
1411 3827 1599 3897 ὄνομα
1622 3828 1845 3896 Κυρίου
1876 3828 2010 3882 ἐπε-

432 3921 805 3991 καλεσάμην.
835 3916 904 3974 Ὦ
974 3920 1168 3989 Κύριε,
1216 3919 1407 3989 ῥῦσαι
1454 3920 1569 3989 τὴν
1604 3919 1815 3990 ψυχήν
1864 3936 2004 3990 μου·

430 4010 706 4081 ἐλεήμων
733 4011 833 4066 καὶ
864 4010 1095 4078 δίκαιος
1127 4013 1161 4065 ό
1190 4012 1429 4081 Κύριος,
1459 4009 1558 4064 καὶ
1595 4014 1628 4065 ό
1655 4010 1800 4078 Θεὸς
1838 4009 2009 4079 ἡμῶν

430 4103 606 4160 ἐλεεῖ.
641 4102 981 4159 Φυλὰσσων
1021 4103 1097 4157 τὰ
1130 4101 1315 4171 νήπια
1354 4105 1388 4157 ὁ
1437 4103 1668 4172 Κύριος,
1691 4100 2006 4157 ἐταπεινώ-

432 4195 567 4260 θην,
599 4193 698 4247 καὶ
730 4192 927 4247 ἐσωσέ
960 4209 1059 4263 με.
1117 4192 1532 4260 Ἐπίοντρεψον,
1558 4190 1726 4261 ψυχή
1749 4208 1892 4261 μου,
1919 4193 2007 4257 είς

431 4282 548 4352 τὴν
569 4283 919 4339 ἀνάπαυσίν
948 4299 1086 4348 σου,
1113 4282 1202 4336 ὅτι
1232 4283 1448 4351 Κύριος
1483 4280 1847 4353 εὐηργέτησέ
1896 4296 1970 4337 σε
1988 4298 2004 4314 ·

432 4373 525 4429 ὅτι
564 4375 829 4441 ἐξείλετο
877 4374 994 4446 τὴν
1022 4373 1234 4445 ψυχήν
1268 4392 1387 4443 you
1434 4374 1505 4428 ἐκ
1541 4372 1822 4440 θανάτου,
1866 4373 2007 4441 τοὺς

432 4468 777 4536 ὀφθαλμούς
828 4485 949 4537 you
980 4466 1099 4522 ἀπὸ
1147 4466 1440 4535 δακρύων,
1467 4466 1566 4520 καὶ
1619 4466 1762 4534 τοὺς
1814 4466 2007 4533 πόδας

2105 3289 2185 3339 tet
2221 3298 2321 3354 pro
2355 3285 2603 3349 veritate,
2640 3298 2704 3338 ac
2728 3285 2983 3354 quamvis
3010 3288 3367 3342 tentationem
3393 3289 3689 3355 sustineat,

2109 3376 2343 3450 quodvis
2373 3377 2679 3447 periculum
2706 3376 2967 3431 alacriter
2989 3393 3100 3447 prae
3128 3377 3221 3432 Dei
3244 3395 3431 3435 amore
3460 3380 3692 3437 subeat?

2106 3467 2366 3525 -—Vl-:ns.
2398 3468 2513 3524 5-8.
2550 3468 2690 3536 Quia
2730 3469 3007 3524 inclinavit
3054 3487 3237 3524 aurem
3278 3489 3432 3525 suam
3461 3473 3610 3538 mihi,
3638 3482 3691 3529 et

2109 3560 2166 3615 in
2192 3559 2376 3615 diebus
2407 3560 2535 3614 meis
2568 3557 2839 3614 invocabo.
2869 3560 3344 3616 Circumdederunt
3370 3580 3451 3618 me
3476 3564 3686 3621 dolores

2109 3651 2318 3716 mortis,
2361 3648 2598 3719 pericula
2636 3648 2833 3718 inferni
2873 3650 3180 3704 invenerunt
3219 3668 3317 3706 me.
3357 3653 3690 3710 Tribulatio-

2108 3756 2227 3795 nem
2272 3749 2322 3794 et
2359 3739 2594 3795 dolorem
2636 3740 2828 3804 inveni,
2858 3748 2909 3794 et
2943 3756 3131 3795 nomen
3173 3740 3390 3798 Domini
3428 3745 3684 3801 invocavi.

2111 3831 2156 3888 Ο
2182 3831 2429 3896 Domine,
2452 3831 2620 3887 libera
2643 3833 2881 3887 animam
2903 3851 3094 3903 meam,
3123 3836 3420 3892 misericors
3442 3847 3494 3892 et
3503 3838 3687 3908 justus

2114 3923 2391 3989 Dominus,
2418 3934 2469 3978 et
2506 3923 2648 3978 Deus
2678 3937 2856 3979 noster
2878 3927 3174 3981 miseretur.
3211 3928 3524 3985 Custodiens
3555 3947 3685 4001 par-

2107 4015 2255 4070 vulos
2303 4014 2585 4082 Dominus,
2632 4016 2946 4073 humiliatus
3002 4035 3155 4085 sum,
3215 4030 3265 4074 et
3316 4022 3545 4076 salvabit
3582 4041 3683 4080 me.

2109 4104 2439 4172 Convertere,
2483 4110 2665 4163 anima
2699 4126 2837 4170 mea.
2882 4112 2936 4164 in
2966 4113 3195 4182 requiem
3229 4124 3395 4179 tuam,
3427 4115 3552 4186 quia
3581 4115 3692 4172 Do-

2110 4199 2283 4253 minus
2318 4198 2579 4268 benefecit.
2599 4202 2714 4255 tibi.
2759 4201 2901 4268 Quia
2939 4204 3132 4272 eripuit
3163 4206 3399 4259 animam
3427 4222 3596 4261 meam
3623 4208 3689 4263 de

2110 4298 2298 4354 morte,
2327 4289 2507 4344 oculos
2542 4308 2682 4346 meos
2712 4309 2746 4346 a
2779 4292 3054 4364 lacrymis,
3083 4294 3237 4365 pedes
3269 4314 3410 4352 meos
3445 4316 3478 4353 a
3512 4299 3685 4369 lapsu.

2109 4379 2256 4448 Haec,
2290 4381 2487 4452 inquit,
2519 4385 2702 4438 omnia
2737 4395 2962 4456 propter
2993 4385 3164 4443 Deum
3199 4404 3495 4461 perpessus
3523 4390 3691 4446 dilexi

2108 4472 2281 4527 illum.
2317 4472 2435 4528 Non
2472 4475 2616 4530 enim
2668 4489 2862 4546 praeter
2908 4479 3270 4547 voluntatem,
3319 4497 3497 4552 neque
3538 4482 3690 4539 refu-

430 4577 546 4629 you
574 4559 691 4614 ἁπὸ
730 4559 1152 4629 ὀλισθήματος.
1186 4559 1366 4614 Πάντα
1388 4558 1495 4631 γὰρ
1530 4558 1724 4628 ταῦτα,
1754 4561 1906 4633 φησὶ,
1921 4559 2010 4614 διά

2112 4565 2342 4637 giendo,
2390 4567 2487 4622 sed
2534 4570 2792 4624 alacriter
2827 4586 2913 4626 me
2953 4573 3038 4628 liis
3084 4575 3343 4651 omnibus
3377 4575 3600 4640 tradidi,
3633 4585 3690 4633 et

429 4650 523 4705 τὸν
548 4650 680 4705 Θεὸν
718 4651 1017 4723 ὑπομείνας
1054 4651 1339 4723 ἠγάπησα.
1373 4653 1445 4705 Οὐ
1474 4650 1583 4724 γὰρ
1617 4651 1769 4721 παρά
1809 4651 2003 4725 προαί-

435 4759 604 4816 ρεσιν,
653 4742 776 4797 οὔτε
830 4743 1067 4813 φεύγων,
1102 4742 1396 4816 προθύμως
1445 4741 1501 4797 δὲ
1531 4742 1767 4814 ἐμαυτὸν
1795 4743 2004 4806 τούτοις

433 4833 636 4888 ἅπασιν
675 4832 965 4898 ἐπιδιδοὺς,
999 4832 1229 4906 ἔστερξα
1265 4835 1352 4889 διὰ
1400 4834 1497 4906 τὴν
1545 4833 1680 4907 πρὸς
1735 4835 1825 4889 τὸν
1869 4835 2003 4889 Θεὸν

430 4926 680 4998 ἀγάπην
723 4926 800 4990 ὡς
839 4925 1095 4980 δύνασθαι
1129 4926 1343 4995 λέγειν·
1381 4925 1627 4981 Ἔνεκέν
1658 4942 1773 4982 σου
1820 4931 2003 4983 Gara-

2114 4658 2226 4712 liaac
2250 4658 2534 4728 amplexus
2562 4676 2680 4714 sum
2712 4671 2934 4732 propter
2968 4679 3211 4720 amorem
3243 4664 3375 4734 Dei;
3415 4666 3491 4721 ita
3521 4674 3581 4722 ut
3602 4667 3688 4724 di-

2110 4763 2233 4803 ccre
2276 4749 2592 4806 valeamus:
2623 4751 2841 4821 Propter
2884 4764 2931 4808 te
2968 4756 3355 4825 mortificamur
3388 4765 3500 4811 tota
3537 4756 3622 4813 die
3645 4757 3688 4814 ⁸.

2111 4837 2236 4895 Haec
2280 4841 2479 4912 quippe
2528 4844 2712 4898 omnia
2758 4844 2923 4901 dilexi
2974 4854 3199 4918 propter
3249 4844 3584 4914 Dominum;
3626 4863 3688 4904 ac

2108 4947 2233 4987 cum
2262 4932 2564 5004 diligerem,
2594 4949 2793 4991 nomen
2822 4934 3038 4993 Domini
3066 4939 3341 4997 invocavi.

430 5018 687 5086 τούμεθα
706 5016 860 5085 ὅλην
889 5019 1004 5087 τὴν
1028 5017 1276 5087 ἡμέραν.
1316 5017 1499 5073 Πάντα
1538 5019 1647 5091 γὰρ
1690 5017 1860 5072 ταῦτα
1897 5020 2159 5095 ἠγάπησα
2216 5022 2305 5079 διὰ
2361 5026 2452 5081 τὸν
2481 5026 2702 5099 Κύριον,
2729 5030 2822 5081 καὶ
2836 5028 3130 5101 ἀγαπήσας
3164 5030 3226 5084 τδ
3270 5030 3443 5103 ὄνομα
3485 5028 3690 5101 Κυρίου

432 5109 871 5182 ὲπεκαλεσάμην.

504 5201 908 5272 Εὑαρεστήσω
933 5202 1187 5258 ἐνώπιον
1210 5203 1430 5274 Κιφίου
1475 5204 1545 5257 ἐν
1571 5203 1732 5275 χώρᾳ
1756 5203 2006 5267 ζώντων.

444 5290 506 5345 Ὀ
529 5294 732 5365 κόσμος
771 5289 925 5360 οὗτος
971 5278 1132 5359 αύτός
1161 5296 1222 5349 τέ
1261 5297 1377 5350 ἑστι
1422 5295 1635 5368 θνητὸς,
1681 5298 1777 5352 καὶ
1813 5298 2010 5370 χωρίον

434 5382 882 5456 ἀποθνησκόντων
910 5388 1075 5441 ἐστίν.
1105 5389 1322 5459 Ἐπειδὴ
1345 5387 1454 5461 γὰρ
1486 5387 1737 5454 σύνθετός
1756 5392 1872 5444 ἐστι
1902 5389 2012 5444 τῶν

435 5474 781 5547 ὁρωμένωνή
813 5478 1098 5544 σύστασιςο
1126 5481 1187 5533 τὸ
1230 5481 1288 5536 δὲ
1334 5480 1587 5537 σύνθετον
1625 5482 1769 5539 ἅπαν
1801 5483 2012 5538 διαλύε-

437 5564 561 5620 σθαι
594 5567 835 5637 πὲφυκεν
856 5586 868 5598 ·
901 5568 961 5622 ἑν
996 5569 1073 5641 τῷ
1101 5572 1291 5644 κόσμῳ
1317 5572 1488 5639 ὄντες,
1532 5573 1696 5650 μέρος
1730 5573 1882 5640 ὅντες
1916 5575 2011 5631 τοῦ

511 5722 532 5753 ⁸
569 5720 715 5779 Psal.
748 5737 876 5777 sun
902 5766 917 5791 ,
950 5724 1042 5784 22.

2180 5203 2346 5262 Vens.
2380 5205 2432 5261 9.
2474 5205 2701 5262 Placebo
2736 5225 2916 5264 coram
2950 5206 3179 5267 Domino
3202 5212 3260 5265 in
3286 5212 3495 5282 regione
3526 5212 3691 5267 viven‘

2111 5299 2262 5356 tium.
2316 5297 2417 5353 Hic
2461 5300 2698 5356 mundus
2736 5316 2864 5357 vere
2901 5311 2954 5358 et
2991 5302 3108 5375 ipse
3150 5305 3426 5368 mortalis.
3473 5312 3526 5359 et
3569 5320 3691 5359 mo-

2109 5390 2367 5449 rientium
2410 5392 2568 5449 locus
2613 5402 2716 5451 est.
2759 5392 2899 5462 Quia
2947 5397 3096 5452 enim
3148 5412 3334 5453 rerum
3384 5397 3691 5455 visibilium

2111 5483 2433 5540 constitutio
2477 5485 2780 5556 composita
2812 5495 2918 5554 est,
2948 5502 3111 5544 omne
3142 5502 3276 5545 vero
3317 5488 3685 5559 compositum

2113 5578 2379 5647 solvitur;
2415 5593 2539 5635 cum
2569 5578 2625 5635 in
2660 5578 2864 5637 mundo
2893 5586 2946 5637 et
2976 5594 3105 5651 pars
3144 5580 3337 5639 mundi
3362 5581 3560 5649 simus,
3587 5595 3688 5639 ne-
