4102 6398
399 290 535 346 1559

1076 283 1344 340 EUSEBll
1382 281 1856 339 CESARIENSIS
1891 280 2041 338 OPP.
2085 279 2264 336 PARS
2304 281 2391 336 III.
2430 311 2499 322 —
2529 280 2938 339 EXEGETICA.

3517 288 3659 346 1360

393 412 638 468 cessario
667 417 876 466 natura:
916 407 1159 463 universi
1196 414 1482 462 consortes
1518 420 1746 472 sumus;
1779 412 1835 459 at
1863 403 1973 457 illic

2077 402 2306 474 κόσμου,
2338 402 2652 471 ἀναγκαίως
2680 402 2780 473 τῆς
2806 400 2900 455 τυῦ
2934 404 3131 467 παντὸς
3166 404 3379 474 φύσεως
3404 405 3668 460 ἀπολαύο-

395 522 507 562 non
546 512 631 560 cst
661 502 967 557 immutatio
1000 500 1081 554 vel
1121 499 1370 569 corporis
1415 497 1500 551 vel
1542 497 1757 551 animae.
1789 495 1975 565 Neque

394 599 541 655 enim
593 604 679 651 est
728 593 1077 665 cogitationis
1127 590 1426 654 aberratio,
1475 604 1654 661 neque
1694 590 1976 645 sententiae

395 686 648 752 variatio,
673 700 799 740 cum
830 683 979 738 nulla
999 681 1287 737 calamitas
1316 685 1568 749 pacatum
1598 677 1978 746 tranquillum-

396 796 502 850 que
540 777 934 850 cogitationum
985 764 1236 828 ordinem
1287 769 1521 825 auferat.
1566 765 1661 821 llla
1711 768 1839 822 item
1891 776 1978 822 est

384 872 546 943 regio
588 870 919 934 viventium,
965 867 1058 922 ubi
1114 880 1175 920 se
1223 864 1460 919 maxime
1499 860 1610 918 Deo
1648 860 1976 930 placiturum

393 963 657 1036 propheta
696 961 1059 1034 praenuntiat;
1110 967 1171 1013 ut
1216 957 1310 1028 qui
1344 972 1379 1025 a
1423 955 1575 1011 nullo
1611 961 1875 1010 extraneo
1907 966 1978 1008 ex

394 1070 627 1112 numero
651 1053 953 1110 viventium
987 1048 1399 1107 abscindendus
1432 1048 1524 1104 sit.
1557 1045 1654 1102 Illa
1685 1046 1838 1118 regio
1868 1052 1975 1112 est,

392 1149 449 1204 in
480 1162 586 1218 qua
615 1160 794 1216 neque
827 1160 959 1209 nox,
1010 1157 1188 1214 neque
1236 1155 1488 1203 somnus,
1530 1138 1727 1194 mortis
1772 1138 1972 1208 imago,

394 1258 572 1314 neque
605 1241 785 1307 cibus,
808 1254 986 1310 neque
1008 1248 1191 1310 potus,
1218 1234 1556 1291 infirmitatis
1586 1243 1787 1289 nostra:
1815 1232 1978 1287 fulci-

391 1342 599 1399 menta,
628 1348 732 1388 nec
763 1332 1043 1403 quidpiam
1085 1344 1277 1384 eorum
1324 1342 1443 1399 qua
1485 1326 1831 1382 extrinsecus
1860 1339 1978 1379 mo-

392 1427 607 1484 lestiam
639 1432 864 1491 creant;
902 1422 997 1478 sed
1037 1421 1190 1493 regio
1219 1419 1545 1485 viventium,
1592 1433 1695 1474 nec
1724 1433 1823 1489 per
1851 1433 1979 1487 pec-

392 1523 577 1569 catum
604 1511 985 1577 morientium;
1022 1517 1079 1564 at
1104 1523 1232 1565 vera
1262 1508 1373 1565 vita
1411 1508 1708 1565 vivenlium
1737 1508 1794 1563 in
1816 1508 1976 1564 Chri-

393 1611 483 1659 sto
512 1600 670 1659 Jesu.

903 1713 1268 1769 ALLELUIA.
1310 1712 1474 1770 CXV.

464 1833 627 1889 Vens.
647 1831 823 1889 {0—12.
838 1829 1074 1892 Credidi.
1098 1843 1309 1898 propter
1327 1829 1466 1900 quod
1484 1828 1688 1882 locutus
1711 1844 1829 1881 sum
1850 1843 1974 1898 :ego

394 1939 565 1985 autem
596 1928 905 1982 humiliatus
938 1942 1054 1979 sum
1082 1925 1262 1979 nimis.
1287 1922 1398 1995 Ego
1438 1933 1612 1976 autem
1633 1921 1749 1975 dixi
1782 1922 1836 1975 in
1881 1937 1977 1974 ea:-

392 2036 544 2074 cessu
597 2015 959 2073 meo:0mnis
1001 2014 1154 2070 homo
1204 2013 1450 2068 mendax.
1490 2011 1631 2079 Quid
1687 2011 1976 2066 retribuam

391 2111 619 2166 Domino
650 2124 744 2179 pro
771 2106 1012 2161 omnibus
1034 2121 1149 2178 quin
1173 2102 1417 2159 retribuit
1442 2101 1606 2159 mihi?
1628 2101 1692 2181 In.
1708 2099 1975 2156 Hebraico

391 2202 689 2272 exemplari
721 2200 837 2255 haec
861 2213 986 2253 cum
1018 2195 1455 2267 praecedentibus
1493 2195 1788 2265 conjuncta
1823 2204 1974 2259 sunt,

390 2297 467 2353 ita
494 2304 553 2351 ut
587 2296 780 2350 horum
813 2291 1087 2349 sententia
1120 2305 1247 2344 cum
1272 2287 1576 2360 praemissis
1604 2287 1895 2354 cohtereat,
1924 2295 1980 2343 et

393 2406 522 2461 pars
545 2403 735 2443 eorum
793 2386 884 2443 sit.
940 2383 1076 2439 Nam
1098 2398 1224 2439 cum
1249 2381 1480 2437 dixisset
1502 2380 1576 2435 ibi
1609 2396 1624 2435 :
1648 2379 1976 2444 Convertere,

393 2481 576 2535 anima
607 2495 745 2542 utea,
784 2478 838 2531 in
868 2477 1099 2548 requiem
1129 2483 1311 2539 tuam;
1341 2488 1406 2529 ac
1450 2487 1671 2529 rursum
1704 2490 1717 2527 :
1749 2471 1978 2527 Placebo

393 2576 451 2631 iu
480 2582 754 2637 conspectu
790 2571 1007 2625 Domini
1037 2570 1094 2623 in
1125 2569 1333 2639 regione
1381 2567 1692 2630 viventium;
1726 2566 1813 2620 hic
1843 2567 1976 2621 sub-

389 2666 570 2736 jungit
587 2665 702 2719 haec
722 2663 889 2719 verba
910 2681 922 2717 :
943 2657 1180 2725 Credidi,
1206 2668 1419 2729 propter
1440 2658 1579 2729 quod
1602 2659 1805 2712 locutus
1838 2673 1975 2712 sum.

394 2756 571 2810 Aliam
603 2755 803 2825 quippe
835 2766 959 2808 esse
989 2749 1271 2821 regionem
1300 2748 1604 2804 viventium
1640 2757 1837 2818 prattcr
1878 2747 1982 2801 hu-

394 2863 613 2903 manant
641 2849 806 2900 vitam
841 2842 1072 2909 credidi,
1105 2857 1339 2913 esseque
1362 2841 1490 2896 item
1513 2842 1712 2895 animae
1732 2841 1979 2911 requiem

393 2941 555 2997 aliam
587 2948 782 3011 printer
817 2945 1089 2992 terrenam
1115 2933 1530 2990 habitationem.
1567 2931 1803 2997 Credidi,
1854 2948 1979 3002 pro-

391 3045 506 3104 pter
536 3033 675 3105 quod
723 3033 927 3087 locutus
977 3046 1094 3084 sum
1125 3045 1143 3084 :
1170 3043 1262 3102 ego
1300 3036 1476 3082 autem
1515 3026 1826 3081 humiliatus
1859 3043 1978 3081 sum

392 3127 575 3182 nimis.
604 3124 715 3197 Ego
746 3133 920 3178 autem
945 3122 1059 3176 dixi
1098 3121 1155 3177 in
1187 3136 1402 3176 excessu
1431 3135 1579 3174 meo:
1613 3118 1799 3175 Omnis
1822 3119 1976 3173 homo
2005 3137 2046 3195 ρ

393 3215 642 3271 mendax.
669 3213 1044 3282 Mcmctipsum
1068 3210 1374 3276 humiliavi,
1392 3217 1447 3281 ct
1467 3210 1759 3265 admodum
1778 3209 1973 3265 aﬂlixi:

392 3307 470 3363 ita
524 3307 671 3361 enim
722 3305 1116 3374 interpretatus
1181 3299 1545 3375 Symmachus
1586 3310 1693 3366 est.
1746 3302 1975 3358 dicens:

384 3399 638 3470 ,Aﬂlictus
666 3412 786 3451 sum
816 3395 988 3450 valde.
1031 3392 1090 3449 ld
1114 3407 1246 3449 vero
1274 3392 1528 3464 praestiti,
1563 3393 1710 3463 quod
1753 3393 1975 3457 scirem,

393 3504 610 3545 omnem
656 3487 933 3542 hominem
966 3501 1091 3542 esse
1120 3483 1441 3542 mendacem
1476 3503 1490 3541 :
1523 3499 1696 3556 quare
1747 3493 1976 3539 conten-

392 3583 530 3640 dens
585 3597 651 3638 ac
692 3580 1118 3639 sollicitudinem
1161 3596 1380 3652 gerens,
1425 3595 1514 3644 ne,
1550 3589 1738 3651 utpote
1790 3580 1972 3644 homo,

393 3676 534 3732 falso
559 3674 627 3732 de
650 3690 737 3731 me
766 3675 909 3729 hanc
935 3673 1258 3729 sententiam
1282 3672 1604 3743 protulerim
1629 3687 1643 3723 :
1672 3670 1897 3727 ['laeebo
1920 3672 1975 3726 in

391 3775 671 3837 conspectu
702 3765 919 3821 Domini
945 3766 1001 3819 in
1032 3765 1238 3837 regione
1257 3764 1558 3820 viventium.
1581 3762 1708 3819 Ideo
1736 3778 1861 3820 cum
1888 3763 1975 3819 fu-

394 3870 529 3912 turae
559 3857 682 3913 vitae
712 3865 766 3914 et
797 3857 996 3912 anima:
1029 3855 1262 3928 requiei,
1293 3870 1510 3912 necnon
1539 3856 1748 3928 regioni
1780 3857 1970 3912 viven-

258 3920 279 3984 Ϊ
392 3951 527 4004 tium
562 3947 719 4005 fidem
752 3949 1014 4016 habeam,
1044 3959 1099 4004 et
1145 3950 1260 4005 haec
1294 3950 1511 4005 locutus
1546 3950 1648 4005 sim
1680 3948 1807 4020 quia
1847 3965 1970 4005 cre-

391 4042 623 4109 d-ebam',
649 4057 716 4097 ne
746 4056 776 4095 a
810 4041 1176 4114 promissione
1213 4040 1386 4107 labar,
1419 4055 1521 4096 nec
1544 4056 1640 4113 spe
1673 4041 1971 4097 frustratus

390 4133 640 4197 evadam,
666 4131 1048 4203 metnetipsum
1082 4131 1237 4189 valde
1262 4132 1566 4188 humiliavi.

414 4419 421 4425 “
464 4392 576 4465 Ego
602 4404 778 4447 autem
798 4393 913 4447 dixi
950 4394 1006 4447 in
1027 4409 1238 4448 excessu
1260 4410 1402 4449 meo:
1425 4394 1610 4450 Omnis
1648 4396 1803 4453 homo
1825 4416 1969 4455 men-

2082 511 2214 566 μενο
2247 496 2365 548 ἐκεῖ
2388 494 2445 547 δὲ
2465 494 2563 548 οὐκ
2593 495 2739 548 ἐστιν
2772 494 3076 560 ἀλλοίωσις,
3109 495 3229 549 οὔτε
3250 495 3520 568 σώματος,
3538 496 3665 552 οὔτε

2077 583 2276 656 ψυχῆς.
2304 583 2438 637 Οὐδὲ
2461 583 2572 657 γάρ
2599 588 2714 638 ἐστι
2742 584 3004 657 λογισμοῦ
3030 586 3380 659 παρατροπὴ,
3413 587 3538 643 οὐδὲ
3564 604 3666 661 με-

2078 675 2297 740 τάθεσις
2322 673 2564 748 γνώμης,
2593 676 2850 747 οὐδεμιᾶς
2900 677 3273 747 περιστάσεως
3314 677 3375 731 τὸ
3402 677 3665 743 εὐπαθὲς

2081 768 2173 821 καὶ
2215 767 2486 839 ἀτάραχον
2536 767 2645 822 τῶν
2700 768 2978 841 λογισμῶν
3015 769 3447 842 ἀφαιρουμένης.
3495 769 3665 843 Χώρσ.

2080 859 2229 913 ἐστὶν
2273 859 2455 931 ἐκείνη
2485 859 2594 913 τῶν
2641 859 2721 914 ἔτι
2752 859 2989 926 ζώντων,
3019 861 3075 914 ἐν
3190 858 3427 932 μάλιστα
3465 857 3666 934 εὐαρε-

2082 952 2304 1023 στήσειν
2326 948 2402 1022 τῷ
2445 950 2564 1023 θεῷ
2611 952 2640 1004 ὁ
2687 952 2972 1024 προφήτης
3017 951 3540 1021 κατεπαγγέλλεται,
3586 952 3665 1017 ὡς

2081 1040 2173 1094 ὑπ’
2206 1040 2416 1104 οὐδενὸς
2443 1040 2649 1111 μέλλων
2678 1041 2786 1095 τῶν
2802 1041 2998 1109 ἔξωθεν
3013 1042 3402 1098 διακόπτεσθαι
3422 1041 3664 1109 ζώντων.

2092 1131 2306 1203 Ἐκείνη
2331 1130 2482 1203 χώρα
2514 1133 2571 1186 ἐν
2603 1126 2636 1207 ᾗ
2662 1132 2761 1186 ούκ
2796 1133 2875 1187 ένι
2897 1133 3014 1201 νὺξ,
3038 1135 3140 1188 οὐκ
3177 1133 3255 1188 ἔνι
3288 1133 3454 1201 ῦπνος
3475 1135 3537 1189 τὸ
3565 1134 3663 1189 τοῦ

2080 1221 2314 1277 θανάτου
2344 1221 2586 1294 μίμημα,
2614 1222 2713 1276 οὐκ
2729 1222 2807 1277 ἔνι
2832 1222 3056 1296 βρῶσις,
3079 1225 3181 1278 οὐκ
3195 1224 3272 1278 ενι
3295 1224 3451 1289 πόσις
3472 1223 3543 1278 τὰ
3559 1222 3664 1295 τῆς

2079 1312 2364 1376 ἀσθενείας
2394 1314 2550 1385 ήμῶν
2582 1314 2984 1386 ύπερείσματα,
3016 1317 3078 1369 ού
3096 1315 3206 1370 τῶν
3238 1314 3435 1381 ἔξωθέν
3473 1333 3528 1370 τι
3564 1333 3666 1369 πε-

2083 1405 2407 1477 pta-tactatth
2425 1422 2439 1436 '
2469 1405 2604 1460 ἀλλά
2621 1405 2775 1478 χώρα
2802 1407 3041 1474 ζώντων,
3074 1409 3175 1463 οὐκ
3208 1408 3666 1481 ἀποθνησκόντων

2077 1498 2166 1553 διὰ
2193 1499 2296 1570 τῆς
2326 1499 2618 1571 ἁμαρτίας,
2652 1499 2787 1554 ἀλλὰ
2821 1499 3040 1566 ζώντων
3077 1500 3178 1573 τὴν
3210 1500 3473 1574 ἀληθινὴν
3517 1498 3666 1573 ζωὴν

2077 1589 2177 1664 τὴν
2210 1593 2269 1645 ἐν
2297 1590 2519 1663 Χριστῷ
2549 1591 2745 1664 Ἰησοῦ.

2570 1696 2995 1761 ΑΛΛΗΛΟΥῘΑ.
3023 1704 3171 1765 PIE'.

2157 1820 2540 1885 Ἐπίστευσα,
2563 1818 2651 1874 διὸ
2688 1820 2984 1890 ἐλάλησα,
3019 1818 3135 1890 ἐγὼ
3162 1818 3231 1875 δὲ
3262 1819 3669 1889 ἐταπεινώθην

2078 1914 2332 1984 σφόδρα.
2389 1913 2531 1985 Ἐγὼ
2562 1913 2628 1967 δὲ
2660 1909 2799 1968 εἶπα
2825 1914 2896 1968 ἐν
2924 1913 3001 1984 τῇ
3030 1912 3317 1969 ἐκστάσει
3353 1929 3492 1984 μου·
3537 1912 3663 1980 Πᾶς

2077 2002 2390 2076 ἅνθρωπος
2447 2007 2740 2077 ψεύστης.
2793 2007 2854 2061 Τί
2901 2005 3308 2061 ἀνταποδώσω
3351 2003 3433 2072 τῷ
3470 2006 3668 2074 Κυρίῳ

2078 2097 2212 2167 περὶ
2244 2096 2486 2151 πάντων
2514 2090 2603 2151 ὧν
2628 2096 3011 2152 ἀπαπέδωκέ
3054 2113 3157 2166 μοι
3181 2112 3201 2159 ;
3242 2095 3518 2166 Συνῆπται
3569 2094 3666 2148 καὶ

2075 2191 2250 2245 ταῦτα
2276 2193 2390 2254 τοῖς
2437 2191 2545 2263 πρὸ
2586 2192 2761 2245 αὐτῶν
2803 2193 2860 2245 ἐν
2891 2191 2970 2263 τῷ
2999 2190 3272 2263 Ἐὀραῖκῷ
3321 2190 3664 2263 ἀντιγράφω,

2077 2283 2219 2337 ὥστε
2249 2282 2601 2356 ἀπηρτῆσθαι
2622 2285 2719 2357 τὴν
2753 2285 2812 2338 ἐν
2838 2285 3022 2348 αὐτοῖς
3059 2282 3299 2337 διάνοιαν
3333 2282 3443 2337 τῶν
3465 2282 3667 2355 προλε-

2076 2375 2378 2448 λεγμένων,
2429 2376 2526 2429 καὶ
2573 2377 2738 2448 μέρος
2770 2372 2910 2431 εἶναι
2952 2376 3153 2431 αὐτῶν.
3216 2376 3368 2430 Ἐπεὶ
3408 2374 3507 2446 μὲν
3555 2374 3667 2447 γὰρ

2078 2468 2291 2540 εἰρήκει
2324 2485 2338 2499 ο
2390 2469 2813 2538 Ἐπίστρεψον,
2862 2466 3034 2539 ψυχή
3062 2485 3205 2539 μου,
3239 2470 3329 2534 εὶς
3372 2466 3491 2536 τὴν
3520 2466 3667 2523 ἀνά-

2078 2559 2312 2613 παυσίν
2354 2575 2471 2616 σου
2496 2575 2512 2590 ·
2555 2559 2650 2613 καὶ
2692 2559 2894 2614 πάλιν*
2932 2558 3339 2628 Εὐαρεστήσω
3405 2556 3667 2613 ἐνώπιον

2078 2650 2311 2718 Κυρίου
2355 2649 2426 2703 ἐν
2482 2647 2645 2719 χώρᾳ
2691 2647 2918 2711 ζώντων
2963 2664 2978 2680 ·
3028 2647 3265 2704 ἐνταῦθα
3335 2648 3394 2702 δὲ
3435 2649 3664 2703 ἐπισυν-

2079 2743 2238 2797 άπτει
2284 2741 2457 2811 λέγων
2489 2759 2503 2774 ·
2554 2742 2919 2797 Ἐπίστευσα
2939 2781 2954 2805 ,
2998 2741 3091 2796 διὸ
3140 2741 3440 2810 Mazuca.
3507 2737 3664 2795 Εἶναι

2080 2831 2188 2903 γὰρ
2209 2831 2392 2905 χώραν
2415 2831 2630 2898 ζώντων
2652 2833 2842 2905 ἑτέραν
2874 2832 3025 2907 παρὰ
3049 2832 3141 2887 τὸν
3182 2831 3524 2903 ἀνθρώπινον
3552 2830 3665 2901 βίον

2078 2925 2391 2990 ἐπίστευσα,
2424 2925 2520 2979 καὶ
2559 2919 2699 2980 εἶναι
2740 2925 2839 2997 τῆς
2892 2924 3071 2997 ψυχῆς
3114 2925 3424 2978 ἀνάπαυσιν
3472 2924 3666 2996 ἑτέραν

2079 3018 2232 3089 παρὰ
2281 3016 2382 3086 τὴν
2432 3016 2525 3070 ἐπὶ
2588 3017 2692 3088 γῆς
2752 3014 3064 3088 διατριϐήν·
3121 3015 3524 3081 Ἐπίστευσα,
3572 3014 3666 3068 διὸ

2077 3107 2374 3176 ἐλάλησα,
2411 3106 2527 3178 ἐγὼ
2551 3106 2620 3161 δὲ
2676 3107 3080 3176 ὲταπεινιέἠην
3115 3106 3371 3177 σφόδρα.
3406 3105 3555 3176 Ἐγὼ
3595 3103 3666 3159 δὲ

2077 3196 2217 3254 εἶπα
2236 3202 2306 3254 ἐν
2326 3199 2403 3270 τῇ
2419 3199 2706 3255 ἐκστάσει
2721 3218 2840 3271 μου
2859 3217 2872 3231 ·
2892 3198 3021 3267 Πᾶς
3040 3200 3348 3270 ἅνθρωπος
3365 3200 3659 3268 ψεύστης.

2090 3292 2461 3347 Ἔταπείνωσα
2506 3292 2764 3364 ἐμαυτὸν,
2814 3292 2910 3346 καὶ
2936 3291 3144 3363 σφόδρα
3184 3292 3442 3347 ἐκάκωσα
3469 3305 3487 3324 ο
3519 3289 3663 3343 οὕτω

2077 3386 2187 3458 γὰρ
2240 3385 2583 3458 ὴρμήνευσεν
2640 3386 2670 3439 ὁ
2728 3384 3027 3456 Σύμμαχος
3071 3382 3242 3438 εἰπὼν
3266 3399 3281 3414 ·
3320 3384 3659 3450 Ἑκακώθην

2076 3475 2333 3547 σφόδρα.
2367 3475 2538 3530 Τοῦτο
2582 3475 2639 3529 δὲ
2687 3476 2939 3547 ἐποίησα,
2993 3475 3294 3548 ἐπειδήπερ
3320 3475 3657 3547 ἠπιστάμην,

2075 3570 2159 3623 ὅτι
2207 3571 2317 3632 πᾶς
2367 3568 2655 3642 ἄνθρωπος
2702 3567 2945 3639 ψεύστης
2969 3585 2984 3599 ο
3016 3567 3208 3640 διόπερ
3264 3567 3516 3637 ἀγωνιῶν
3564 3567 3662 3621 καὶ

2076 3656 2393 3733 φροντίζων,
2450 3659 2525 3731 μὴ
2576 3658 2684 3730 ἄρα
2719 3660 2814 3713 καὶ
2860 3659 3051 3722 αὐτὸς.
3079 3659 3156 3722 ὡς
3205 3657 3491 3731 ἄνθρωπος
3521 3659 3660 3713 ἀπο-

2074 3752 2382 3823 φηνάμενος
2432 3752 2563 3823 περὶ
2595 3751 2835 3823 ἐμαυτοῦ
2867 3751 2960 3805 καὶ
3002 3749 3173 3806 εἰπὼν
3205 3770 3220 3783 υ
3248 3749 3660 3820 Εὑαρεστήσω

2072 3841 2330 3898 ἐνώπιον
2352 3845 2579 3913 Κυρίου
2608 3845 2680 3899 ἐν
2713 3842 2878 3914 χώρᾳ
2921 3841 3168 3908 ζώντων,
3205 3842 3514 3914 ψεύσωμαι·
3539 3842 3661 3897 τού-

2072 3953 2165 3991 του
2194 3936 2351 4008 χάριν
2384 3934 2683 4000 πιστεύσας
2729 3938 2796 4006 τῇ
2854 3933 3124 4008 μελλούσῃ
3174 3934 3286 4006 ζωῇ
3317 3933 3413 3987 καὶ
3454 3935 3526 4005 τῇ
3560 3935 3663 4005 τῆς

2070 4029 2247 4102 ψυχῆς
2275 4029 2599 4094 ἀναπαύσει,
2629 4031 2724 4083 καὶ
2755 4031 2823 4100 τῇ
2851 4027 3006 4100 χώρᾳ
3042 4027 3152 4081 τῶν
3182 4027 3419 4093 ζώντων,
3454 4027 3549 4081 καὶ
3571 4027 3661 4081 διὰ

2069 4120 2164 4175 τοῦ
2220 4112 2533 4175 πιστεῦσαί
2558 4120 2793 4194 λαλήσας
2849 4120 3023 4175 ταῦτα
3077 4118 3247 4186 αὐτὰ,
3307 4120 3396 4172 ἴνα
3450 4120 3659 4191 μήποτε

2071 4211 2292 4267 ἐκπέσω
2331 4211 2434 4284 τῆς
2480 4213 2832 4282 ἐπαγγελίας,
2872 4213 2966 4267 καὶ
3017 4211 3239 4283 ψευσθῶ
3278 4213 3380 4284 τῆς
3421 4210 3661 4275 ἐλπίδος,

2069 4302 2408 4359 ἐταπείνωσα
2463 4304 2698 4377 ἐμαυτὸν
2732 4304 2955 4375 σφόδρα.

2152 4396 2294 4467 Ἐγὼ
2339 4396 2409 4451 δὲ
2456 4393 2596 4452 εἶπα
2640 4398 2711 4451 ἐν
2745 4396 2823 4467 τῇ
2871 4396 3157 4451 ἐκστάσει
3192 4414 3313 4466 μου
3344 4414 3357 4427 ο
3394 4392 3523 4462 Πᾶς
3554 4395 3660 4450 ἄν·

391 4486 518 4540 άαω.
538 4484 674 4540 Nam
692 4484 980 4541 ratiocinia
1004 4485 1286 4541 hominum
1305 4488 1658 4555 miserabilia,
1674 4499 1728 4545 et
1750 4490 1970 4549 fallaces

2076 4493 2305 4559 θρωπος
2336 4491 2629 4558 ψεύστης.
2682 4491 2948 4561 Λογισμο)⁹
2983 4488 3095 4562 γὰρ
3123 4488 3427 4561 ἀνθρώπων
3469 4489 3655 4551 δειλοὶ,

391 4579 753 4649 cogitationes
806 4586 1010 4634 nostrae
1064 4586 1227 4646 sunt;
1294 4579 1565 4650 siquidem
1617 4584 1972 4652 corruptibile

392 4687 594 4742 corpus
641 4677 898 4743 aggravat
951 4670 1213 4737 animam,
1248 4678 1303 4726 et
1332 4681 1608 4729 terrenum
1643 4674 1972 4731 tabernacu-

390 4764 515 4819 lum
556 4771 792 4819 mentem
834 4764 984 4819 curis
1018 4778 1235 4834 gravem
1262 4775 1494 4821 onerat:
1528 4765 1726 4837 vixque
1753 4776 1969 4823 terrena

391 4855 703 4925 conjectare
751 4871 1063 4926 possumus,
1107 4870 1173 4912 ac
1228 4871 1349 4928 qua:
1395 4872 1507 4929 prie
1554 4860 1810 4917 manibus
1844 4869 1971 4917 sunt

391 4965 515 5005 cum
567 4951 754 5006 labore
782 4950 1263 5021 deprehendimus.
1294 4949 1550 5010 C(elestia
1572 4969 1702 5009 vero
1731 4955 1854 5026 quis
1886 4956 1972 5012 in-

389 5040 716 5113 vestigavit?
739 5043 995 5099 Attamen
1020 5056 1122 5114 ego
1142 5057 1253 5098 non
1276 5050 1337 5098 ut
1367 5044 1530 5099 homo
1560 5045 1781 5103 locutus
1810 5062 1968 5115 sum;

391 5132 527 5188 alias
557 5133 705 5187 enim
741 5134 1001 5192 mentitus
1033 5148 1211 5191 essem
1247 5154 1258 5188 :
1295 5133 1391 5191 sed
1417 5134 1513 5191 Dei
1540 5135 1727 5193 verbis
1752 5153 1816 5194 ac
1850 5138 1970 5209 pol-

389 5224 783 5281 licitationibus
804 5226 1031 5282 credidi.

470 5314 628 5370 Vens.
649 5316 735 5373 17.
758 5317 898 5384 Quid
920 5316 1207 5372 retribuam
1236 5317 1463 5371 Domino
1484 5331 1577 5385 pro
1594 5316 1831 5372 omnibus
1855 5335 1970 5389 qua:

388 5407 632 5460 retribuit
678 5406 846 5464 mihi?
880 5407 1111 5464 Calicem
1158 5409 1416 5464 salutaris
1461 5409 1738 5477 accipiam,
1772 5419 1822 5463 et
1869 5427 1967 5463 no-

392 5513 509 5550 men
569 5496 783 5552 Domini
837 5500 1108 5555 invocabo.
1157 5499 1292 5556 Vota
1331 5517 1449 5555 mea
1492 5498 1720 5557 Domino
1751 5502 1969 5556 reddam

389 5605 572 5643 coram
601 5593 743 5644 omni
778 5593 968 5662 populo
1007 5594 1168 5662 ejus:
1198 5598 1431 5660 pretiosa
1455 5596 1507 5649 in
1544 5605 1821 5664 conspectu
1861 5593 1966 5648 Do-

392 5682 523 5735 mini
582 5699 722 5736 mors
778 5693 1080 5739 sanctorum
1133 5687 1267 5755 ejus.
1304 5686 1348 5743 Ο
1380 5687 1623 5752 Domine,
1664 5704 1757 5757 ego
1788 5704 1967 5741 servus

391 5782 533 5839 tatus,
560 5789 652 5845 ego
690 5790 868 5829 servus
893 5785 1010 5830 tuus
1042 5786 1090 5830 et
1129 5778 1273 5847 ﬁlius
1305 5779 1516 5834 ancilla:
1548 5788 1670 5835 tute.
1701 5778 1965 5846 Dirupisti

2076 4582 2172 4635 καὶ
2192 4582 2515 4651 ἐπισφαλεῖς
2542 4583 2599 4635 al
2626 4582 2858 4636 ἐπίνοιαι
2885 4581 3064 4653 ἡμῶν.
3090 4582 3335 4652 Φθαρτὸν
3366 4582 3477 4653 γὰρ
3497 4580 3658 4651 σῶμα

2078 4674 2300 4748 βαρύνει
2342 4673 2541 4747 ψυχὴν,
2581 4676 2675 4729 καὶ⁹
2715 4674 2889 4746 βρίθει
2936 4675 2997 4727 τὸ
3037 4673 3241 4743 γεῶδες
3289 4674 3484 4746 σκῆνος
3531 4672 3658 4726 νοῦν

2076 4767 2469 4839 πολυφρόντιδα
2504 4784 2519 4799 ο
2553 4767 2648 4821 καὶ
2682 4767 2833 4838 μόλις
2859 4766 3149 4838 εἰκάζομεν
3179 4765 3252 4820 τὰ
3277 4766 3370 4820 ἐπὶ
3398 4765 3499 4836 τῆς
3528 4767 3654 4836 γῆςν

2074 4861 2169 4913 καὶ
2208 4860 2275 4914 τά
2307 4862 2364 4913 ἐν
2400 4860 2589 4932 χερσὶν
2626 4860 2952 4932 εὑρίσκομεν
3004 4859 3144 4930 μετά
3187 4859 3373 4914 πόνου.
3400 4856 3486 4926 Τὰ
3517 4856 3563 4912 δ’
3599 4859 3657 4909 ἐν

2072 4950 2322 5020 οὐρανοῖς
2339 4950 2421 5014 τίς
2445 4949 2778 5020 ἐξιχνίασεν;
2809 4951 2995 5022 Ὅμως
3014 4947 3125 5019 ἐγὼ
3136 4950 3232 5020 οὐχ
3263 4949 3341 5014 ὡς
3369 4946 3657 5019 ἄνθρωπος

2072 5039 2309 5112 ἐλάλησα
2340 5056 2353 5070 ·
2386 5038 2419 5110 ἢ
2454 5039 2563 5111 γὰρ
2597 5039 2663 5094 ἂν
2692 5041 2786 5093 καὶ
2813 5040 3132 5112 ἐψευσάμην
3161 5056 3176 5070 ο
3212 5038 3329 5093 ἀλλ’
3358 5038 3655 5092 ἐπίστευσα

2071 5136 2182 5196 τοῖς
2232 5132 2323 5186 τοῦ
2374 5132 2511 5186 θεοῦ
2561 5131 2771 5202 λόγοις,
2819 5133 2915 5187 καὶ
2971 5136 3094 5196 ταῖς
3148 5132 3243 5187 τοῦ
3292 5130 3426 5186 Θεοῦ
3477 5132 3654 5200 ἐπαγ-

2072 5224 2302 5294 γελίαις.

2147 5316 2210 5368 Τί
2231 5313 2633 5371 ἀνταποδώσω
2663 5315 2744 5382 τῷ
2767 5318 2961 5387 Κυρίῳ
2975 5317 3108 5387 περὶ
3139 5316 3384 5371 πάντων
3402 5308 3491 5370 ὧν
3510 5314 3651 5366 ἀντ-

2069 5408 2337 5464 απέδωκέ
2346 5427 2445 5479 μοι
2459 5426 2476 5475 ;
2496 5409 2788 5478 Ποτήριον
2806 5410 2913 5465 τοῦ
2924 5411 3224 5479 σωτηρίου
3242 5409 3529 5475 λήψομαι,
3546 5403 3646 5457 καὶ

2069 5502 2135 5555 τὸ
2167 5502 2353 5572 ὄνομα
2386 5505 2608 5572 Κυρίου
2649 5502 3100 5573 ἑπικαλέσομαι.
3159 5502 3270 5566 Τὰς
3316 5495 3504 5567 εὐχάς
3526 5511 3649 5565 μου

2069 5591 2149 5658 τῷ
2175 5595 2371 5663 Κυρίῳ
2420 5594 2713 5649 ἀποδώσω
2758 5595 3037 5649 ἐναντίον
3085 5592 3310 5657 παντὸς
3342 5587 3449 5643 τοῦ
3492 5586 3649 5642 λαοῦ

2066 5686 2255 5741 αὑτοῦ
2280 5703 2295 5718 ·
2322 5688 2512 5757 τίμιος
2546 5688 2826 5741 ἐναντίον
2876 5686 3098 5754 Κυρίου
3147 5688 3181 5739 ὀ
3227 5682 3480 5747 θάνατος
3528 5677 3649 5734 τῶν

2067 5779 2249 5836 ὁσίων
2284 5780 2489 5838 αὐτοῦ.
2524 5777 2593 5837 το
2633 5782 2830 5850 Κύριε,
2854 5781 2990 5851 ,ἐγὼ
3016 5784 3048 5838 ό
3074 5778 3297 5844 δοῦλος
3346 5778 3480 5842 σὸς,
3530 5769 3650 5846 διὸ
