4102 6382
422 495 553 552 1561

1580 497 1775 555 COMM
1787 498 2089 555 ENTARIA
2128 498 2195 555 IN
2230 501 2569 561 PSALMOS.

3536 512 3669 568 i569.

416 607 638 676 δοῦλος
669 609 777 676 σὸς
838 610 937 665 καὶ
976 611 1106 678 υίὸς
1140 611 1250 683 τῆς
1296 612 1625 682 παιδίσκης
1656 629 1795 669 σου.
1837 615 1986 685 Διέῤ-

2103 615 2309 671 vincula
2340 635 2476 672 mea.
2510 618 2580 673 Se
2612 619 2776 675 lilium
2821 623 3028 678 ancillae
3064 623 3215 688 dicit,
3245 622 3453 679 scilicet
3486 618 3673 678 Eccle-

408 701 604 769 ρηξας
647 701 787 769 τοὺς
826 702 1087 773 δεσμούς
1112 724 1253 776 μου.
1318 707 1444 761 Υίδν
1494 708 1782 781 παιδίσκης
1830 710 1992 781 φησὶν

416 794 629 859 ἑαυτὸν,
666 794 767 866 τῆς
812 796 1146 868 Ἐκκλησίας.
1174 800 1416 871 Δεσμοὺς
1456 800 1511 854 δὲ
1542 795 1622 865 οἷς
1653 805 1858 875 σειραῖς
1886 802 1993 859 τῶν

415 884 610 938 ἑαυτοῦ
652 887 1063 958 ἁμαρτημάτων
1119 892 1532 962 κατεσφίγγετο.
1583 892 1992 967 Ἑλευθερωθεὶς

413 973 472 1027 δὲ
512 974 612 1046 τῆς
645 978 935 1049 ἁμαρτίας,
977 981 1068 1034 καὶ
1101 982 1214 1044 υἱὸς
1241 982 1340 1054 τῆς
1381 984 1479 1054 σῆς
1523 984 1813 1057 παιδίσκης
1852 986 1994 1055 γινό-

417 1083 576 1136 μενος
603 1071 703 1140 τῆς
739 1069 1085 1142 Ἐκκλησίας,
1118 1058 1224 1127 τῶν
1267 1074 1547 1145 προτέρων
1591 1075 1785 1149 ἀνέϐην
1814 1080 1993 1150 ἁμαρ-

411 1160 670 1230 τημάτων
710 1160 800 1215 διὰ
853 1164 952 1233 τῆς
1005 1164 1105 1234 σῆς
1138 1164 1376 1238 χάριτος.
1439 1168 1539 1222 Σοί
1579 1169 1739 1223 θύσω
1775 1171 1995 1227 θυσίαν

412 1252 720 1321 αἰνέσεως,
753 1256 854 1311 καί
882 1257 953 1312 ἐν
998 1258 1243 1329 ὀνόματι
1279 1262 1501 1329 Κυρίου
1543 1261 1990 1335 ἐπικαλέσομαι.

420 1345 529 1411 Τὰς
554 1346 742 1416 εὐχάς
763 1367 884 1419 μου
912 1350 989 1415 τῷ
1015 1355 1210 1423 Κυρίῳ
1229 1354 1521 1409 ἀποδώσω
1551 1354 1829 1412 ἐναντιον
1847 1372 1995 1415 παν-

413 1436 516 1504 τὸς
564 1439 672 1494 τοῦ
708 1441 863 1496 λαοῦ
902 1444 1111 1509 αὑτοῦ,
1160 1446 1230 1500 ἐν
1280 1448 1496 1515 αὐλαῖς
1529 1450 1697 1507 οἴκου
1749 1453 1993 1522 Kvplov,

410 1526 482 1581 ἐν
506 1529 676 1599 μέσῳ
703 1532 1277 1607 σου,’1ερουσανίήμ.
1310 1539 1596 1611 Προκοπὴν
1631 1542 1885 1613 σημαίνει
1916 1544 1996 1616 τῷ

411 1620 584 1675 ταῦτα
642 1622 876 1693 λέγοντι,
910 1628 1054 1698 φημὶ
1082 1627 1141 1681 δὲ
1187 1629 1264 1701 τῷ
1302 1629 1361 1695 ἐξ
1392 1631 1557 1685 ὲθνῶν
1590 1632 1721 1705 λαῷ,
1747 1634 1837 1707 Τῷ
1864 1636 1993 1707 γὰρ,

412 1712 515 1766 Σοί
549 1714 713 1769 θύσω
743 1717 966 1771 θυσίαν
997 1717 1303 1789 αἰνέσεως,
1344 1722 1439 1776 τοῦ
1474 1722 1719 1794 σώματος
1754 1726 1849 1780 καὶ
1899 1727 1994 1781 τοῦ

411 1804 661 1875 αἵματος,
691 1808 844 1877 φησὶ,
869 1808 1270 1881 μεταλήψομαι,
1295 1813 1390 1865 καὶ
1425 1813 1482 1865 ὲν
1506 1816 1566 1885 τῇ
1592 1814 1796 1869 τούτων
1831 1834 1997 1888 μετα-

410 1891 571 1965 λήψει
614 1895 674 1949 τὺ
728 1896 901 1968 δνομά
946 1914 1038 1951 σου
1079 1900 1498 1973 ὲπικαλέσομαι,
1551 1904 1644 1957 καὶ
1687 1905 1784 1970 τὰς
1828 1894 1991 1977 εὐχα-

2095 706 2209 762 εἰιε.
2234 705 2464 769 Vincula
2499 725 2626 766 vero
2654 719 2831 775 erant,
2868 712 3067 783 quibus
3096 728 3193 768 ceu
3238 711 3454 768 catenis
3476 724 3672 781 pecca-

2096 808 2272 855 torum
2329 817 2554 858 suorum
2583 802 3081 874 constringebatur.
3105 803 3393 860 Liberatus
3428 811 3605 858 autem
3637 816 3670 857 a

2093 899 2336 963 peccato,
2359 908 2421 949 ac
2446 895 2588 951 ﬁlius
2619 895 2830 950 ancilla:
2854 904 2978 964 tuae,
3004 895 3259 952 Ecclesiae
3280 897 3512 961 scilicet,
3540 892 3671 950 eD‘e-

2093 993 2238 1051 ctus,
2272 987 2444 1056 gratia
2476 997 2568 1041 tua
2608 1003 2639 1042 a
2672 988 2919 1059 pristinis
2957 990 3196 1061 peccatis
3237 989 3373 1045 liber
3403 988 3572 1045 evasi.
3597 1014 3670 1028 -—

2097 1076 2259 1132 Vens.
2305 1078 2517 1143 18,19.
2564 1079 2682 1134 Tibi
2732 1082 3047 1150 sacriﬁcabo
3104 1082 3329 1167 hostiam
3393 1081 3588 1146 laudis,
3618 1085 3670 1134 et

2092 1187 2278 1225 nomen
2314 1171 2523 1227 Domini
2549 1173 2819 1229 invocabo.
2858 1174 2992 1229 Vota
3038 1192 3151 1230 mea
3206 1175 3422 1228 Domino
3452 1172 3669 1228 reddam

2093 1263 2146 1316 in
2174 1274 2454 1334 conspectu
2494 1266 2665 1319 omnis
2708 1266 2886 1336 populi
2915 1266 3052 1333 ejus,
3081 1268 3136 1319 in
3164 1266 3316 1320 atriis
3338 1265 3524 1319 domus
3559 1266 3669 1322 Do-

2093 1354 2247 1420 mini,
2288 1355 2344 1408 in
2379 1355 2550 1410 medio
2591 1357 2687 1422 tui,
2720 1355 3040 1413 Jerusalem.
3083 1356 3395 1413 Proiectum
3425 1358 3544 1426 ejus
3574 1359 3668 1429 qui

2094 1445 2223 1499 talia
2254 1445 2388 1520 dicit
2425 1446 2718 1517 signiﬁcat,
2746 1448 2798 1503 id
2830 1460 2935 1516 est,
2971 1448 3154 1520 populi
3179 1465 3244 1505 ex
3268 1451 3539 1518 gentibus.
3565 1447 3671 1505 Per

2096 1534 2228 1589 illud
2255 1514 2399 1589 enim
2437 1558 2448 1590 :
2481 1514 2598 1591 Tibi
2630 1514 2945 1606 sacriﬁcabo
2972 1514 3208 1592 ltostiam
3234 1514 3433 1602 laudis,
3453 1540 3667 1609 corpori

2094 1633 2149 1680 et
2200 1627 2453 1697 sanguini
2509 1630 2950 1695 communicabo,
2985 1632 3082 1696 ait,
3116 1639 3168 1686 et
3214 1631 3270 1685 in
3300 1631 3494 1686 borum
3526 1646 3671 1686 com-

2096 1718 2354 1773 munione
2383 1734 2579 1776 nomen
2614 1728 2767 1776 tuum
2798 1722 3083 1786 invocabo,
3121 1738 3184 1777 ac
3219 1732 3343 1777 vota
3372 1726 3671 1793 gratiarum

2096 1811 2328 1868 actionis
2371 1812 2466 1867 tibi
2494 1812 2722 1869 Domino
2754 1815 2903 1871 intus
2926 1816 2981 1870 in
3005 1816 3182 1871 medio
3206 1830 3347 1870 verte
3367 1814 3667 1870 Jerusalem

2095 1910 2148 1956 et
2181 1902 2236 1957 in
2262 1902 2558 1975 censpectu
2591 1907 2771 1962 omnis
2802 1907 2982 1977 populi
3020 1907 3265 1973 reddam,
3302 1921 3512 1962 necnon
3544 1920 3669 1977 pro-

416 1986 728 2058 ριστηρίους
768 1987 935 2059 εὐχάς
986 2007 1067 2043 σοι
1110 1989 1414 2065 τῷιΚυρίῳ
1446 1992 1705 2048 ἀποδώσω
1745 1975 1986 2052 ἔνδον-ὲν

2100 1993 2409 2061 missiones,
2436 2011 2575 2067 quas
2608 1998 2902 2068 aliquando
2931 1997 3185 2054 feceram.

414 2076 564 2148 μέσῳ
590 2078 692 2149 τῆς
717 2079 948 2152 ἀληθοῦς
986 2083 1360 2156 Ἰερουσαλὴμ,
1397 2087 1487 2140 καὶ
1518 2088 1758 2141 ἐναντίον
1792 2092 1991 2157 παντὸς

409 2167 504 2220 τοῦ
527 2166 679 2235 λαοῦ,
725 2169 820 2223 καὶ
851 2170 951 2236 τὰς
987 2173 1321 2242 ἐπαγγελίας
1355 2175 1419 2239 ἃς
1456 2194 1581 2230 ποτε
1627 2180 1985 2251 ἐποιησάμην.

886 2284 1308 2343 εΑΑΗΑοΥιΑ.
1357 2288 1517 2356 me".

479 2370 708 2427 Αἰνεῖτε
754 2373 861 2428 τὸν
893 2376 1133 2444 Κύριον,
1183 2379 1383 2433 πάντα
1430 2381 1504 2436 τὰ
1541 2381 1710 2451 ἔθνη,
1753 2384 1991 2440 ἐπαινέ-

410 2475 560 2515 σατε
584 2463 793 2529 αὐτὸν,
851 2466 1076 2535 πάντες
1106 2472 1157 2523 ol
1185 2471 1325 2524 λαοί
1348 2489 1361 2501 ·
1388 2470 1475 2525 ὅτι
1520 2473 1881 2545 ὲκραταιώθη
1925 2478 1990 2531 τὸ

408 2550 582 2619 ἕλεος
619 2556 806 2611 αὐτοῦ
861 2559 954 2627 ἐφ’
985 2558 1166 2630 ἡμᾶς,
1208 2562 1307 2616 καὶ
1365 2565 1404 2633 ἡ
1436 2564 1687 2632 ἀλήθεια
1728 2567 1835 2622 τοῦ
1870 2572 1990 2624 Κυ-

401 2644 539 2714 ρίου
558 2644 728 2715 μένει
759 2650 977 2714 εὶς.τὸν
1012 2650 1219 2707 αἰῶνα.
1255 2655 1624 2712 Ἀνακαλεῖται
1653 2659 1830 2712 τοίνυν
1849 2661 1878 2713 δ
1906 2659 1991 2715 λό-

407 2750 503 2803 γος
534 2738 627 2791 ἐπὶ
670 2739 761 2792 τὸν
789 2739 956 2812 ὕμνον
990 2744 1084 2798 τοῦ
1124 2744 1260 2799 Θεοῦ
1295 2747 1472 2803 πάντα
1500 2749 1568 2804 τὰ
1598 2750 1854 2825 ἀλλογενῆ
1897 2756 1992 2809 καὶ

408 2824 677 2897 ἀλλόφυλα
710 2830 838 2903 ἔθνη
876 2849 890 2863 ·
927 2830 1047 2889 εἶτα
1073 2837 1491 2906 ἀποδιαστείλας
1523 2842 1630 2897 τῶν
1662 2824 1989 2913 ὲθνῶνίτοὺς

407 2918 573 2986 λαοὺς
626 2924 867 2995 ἐπιλέγει
899 2944 915 2960 ·
955 2921 1484 2989 Ἐπαὶνεσάτωσαν
1527 2936 1715 2992 αὐτὸν
1765 2939 1989 3008 πάντες

408 3015 464 3067 οἱ
493 3015 651 3069 λαοί.
674 3017 907 3089 Νοήσεις
938 3019 994 3074 δὲ
1018 3020 1117 3093 τὴν
1140 3022 1401 3095 διαφορὰν
1429 3027 1728 3101 ἐπιστήσας
1756 3032 1821 3102 τῇ
1857 3049 1991 3103 προ-

409 3105 607 3177 φητείᾳ
647 3110 712 3180 τῇ
769 3109 1000 3184 λεγούσῃ
1050 3112 1203 3185 παρὰ
1251 3114 1328 3187 τῷ
1374 3119 1648 3191 Ζαχαρία·
1682 3121 1857 3190 Χαῖρε
1887 3124 1988 3177 καὶ

2592 2285 2955 2342 ALLELUIA.
2994 2284 3182 2343 CXVI.

2166 2375 2332 2434 Vens.
2362 2379 2414 2443 l,
2441 2376 2493 2431 2.
2517 2376 2759 2435 Laudate
2788 2379 3096 2449 Dominum,
3126 2395 3303 2434 omnes
3327 2388 3520 2450 gentes,
3551 2381 3668 2431 lau-

2092 2468 2215 2523 date
2234 2486 2373 2536 eum,
2395 2487 2570 2526 omnes
2590 2473 2767 2541 populi
2782 2474 3061 2543 :quoniam
3081 2473 3399 2542 conﬁrmata
3423 2481 3500 2525 est
3517 2486 3670 2540 super

2092 2578 2187 2615 nos
2241 2563 2606 2618 misericordia
2633 2564 2767 2632 eius,
2813 2574 2862 2620 et
2909 2566 3100 2620 veritas
3154 2564 3367 2619 Domini
3399 2572 3572 2617 manet
3612 2563 3673 2616 in

2093 2662 2365 2710 aeternum.
2395 2655 2495 2712 Hic
2526 2657 2709 2728 itaque
2740 2673 2923 2713 sermo
2953 2664 3143 2729 gentes
3177 2671 3368 2711 omnes
3412 2655 3670 2724 alienige-

2093 2764 2193 2804 nas
2221 2756 2274 2804 et
2303 2751 2619 2820 peregrinas
2648 2751 2714 2805 ad
2749 2751 2960 2805 laudem
2991 2747 3087 2805 Dei
3127 2756 3422 2821 provocat;
3452 2746 3673 2801 deinde-

2090 2857 2197 2913 que
2248 2856 2280 2896 a
2323 2842 2575 2913 gentibus
2619 2843 2849 2914 populos
2878 2843 3224 2913 distinguens
3268 2840 3345 2895 ait
3382 2858 3395 2894 :
3428 2838 3672 2891 Laudent

2090 2951 2208 2989 eum
2254 2950 2430 2989 omnes
2471 2936 2672 3005 populi.
2716 2933 3022 2990 Discrimen
3069 2942 3249 2988 autem
3302 2932 3590 3000 intelliges.
3622 2932 3669 2984 si

2093 3026 2390 3083 attenderis
2414 3026 2710 3097 prophetiae
2726 3026 2869 3096 apud
2886 3023 3207 3078 Zachariam
3225 3022 3430 3077 dicenti
3452 3040 3465 3075 :
3487 3018 3669 3074 Gaude

2088 3132 2137 3176 et
2183 3121 2412 3185 exsulta,
2446 3120 2561 3190 ﬁlia
2593 3119 2897 3174 Sion:ecce
2937 3135 3029 3189 ego
3069 3117 3216 3172 uenio
3256 3125 3303 3169 et
3337 3112 3583 3168 habitabo
3613 3112 3668 3165 in

407 3199 755 3267 εὐφραίνου,
776 3204 1027 3274 θύγατερ
1055 3206 1209 3261 Σιών
1233 3225 1247 3238 ·
1280 3207 1408 3263 ιδοὺ
1450 3210 1566 3280 ἐγὼ
1592 3211 1841 3283 ἔρχομαι
1888 3215 1986 3269 καὶ

2091 3210 2262 3267 medio
2291 3212 2391 3277 tui,
2434 3211 2563 3265 dicit
2593 3208 2873 3264 Dominus.
2906 3208 2976 3261 Et
3007 3207 3304 3277 confugient
3329 3212 3503 3276 gentes
3530 3201 3672 3255 mul-

407 3292 858 3360 κατασκηνώσω
886 3295 957 3348 ἐν
992 3296 1157 3367 μέσῳ
1200 3316 1339 3366 σου,
1395 3302 1558 3371 λέγει
1594 3305 1827 3372 Κύριος.
1877 3306 1986 3361 Καὶ

2094 3312 2160 3359 ta:
2184 3304 2255 3357 ad
2287 3303 2590 3368 Dominum,
2612 3312 2661 3357 et
2684 3312 2836 3356 erunt
2858 3304 2904 3357 ei
2922 3302 2974 3356 in
2990 3300 3260 3370 populum,
3288 3306 3338 3353 et
3366 3314 3458 3369 ego
3482 3312 3570 3351 ero
3591 3295 3669 3350 eis

408 3382 881 3451 καταφεύξονται
923 3386 1068 3458 ἔθνη
1103 3391 1304 3446 πολλὰ
1334 3393 1432 3447 ἐπὶ
1461 3395 1568 3449 τὸν
1604 3398 1843 3465 Κύριον,
1886 3399 1986 3454 καί

2092 3396 2149 3451 in
2200 3396 2418 3451 Deum“.
2455 3395 2707 3463 Quandtu
2769 3397 2913 3452 enim
2963 3401 3156 3464 gentes
3209 3400 3385 3453 erant,
3421 3387 3669 3445 nondum

408 3470 655 3528 ἔσονται
685 3476 846 3542 αὑτῷ
875 3481 964 3545 εις
989 3481 1164 3549 λαὸν,
1191 3483 1354 3554 κάγὼ
1390 3486 1607 3557 ἔσομαι
1662 3490 1865 3557 αὐτοῖς
1899 3494 1988 3558 είς

410 3564 578 3618 Θεόν.
639 3566 789 3631 Τέως
823 3570 922 3639 μὲν
961 3570 1070 3643 γὰρ
1107 3574 1235 3647 ἔθνη
1265 3577 1622 3648 τυγχάνοντα,
1682 3580 1833 3636 οῦπω
1861 3582 1989 3647 λαὸς

406 3649 475 3726 ἦν
518 3653 704 3719 αὐτοῦ,
744 3658 1115 3728 μεταϐαλόντα
1147 3662 1205 3717 δὲ
1256 3664 1351 3720 τοῦ
1388 3668 1654 3740 προτέρου
1709 3669 1845 3741 βίου,
1894 3674 1991 3726 καὶ

411 3746 748 3817 μετασχόντα
798 3748 907 3802 τῶν
957 3751 1052 3805 τοῦ
1116 3753 1251 3807 Θεοῦ
1298 3757 1611 3829 μυστηρίων
1652 3758 1721 3812 δι’
1760 3760 1989 3830 ἀναγεν-

406 3837 617 3908 νήσεως
653 3842 746 3910 καὶ
771 3840 998 3914 λουτροῦ
1034 3844 1493 3915 παλιγγενεσίας,
1534 3850 1774 3920 γίνονται
1819 3855 1984 3909 αὐτοῦ

405 3925 543 3981 λαοί.
583 3929 647 3984 Ὃ
682 3930 747 4003 δὴ
779 3932 945 3986 είσέτι
978 3934 1071 3987 καὶ
1103 3935 1198 3989 νῦν
1233 3937 1531 4010 πληροῦται
1571 3942 1693 3995 καθ’
1728 3943 1855 4013 ὅλης
1888 3945 1987 4017 τῆς

406 4019 514 4073 τῶν
540 4020 840 4095 ἀνθρώπων
870 4026 1211 4098 οἰκουμένης,
1250 4031 1590 4103 μυριάνδρων
1622 4032 1763 4088 λαῶν
1796 4035 1986 4107 ὥσπερ

406 4108 767 4183 κατὰ,χοροὺς
797 4115 1095 4186 ἱσταμένων
1123 4119 1216 4171 καὶ
1248 4120 1339 4173 τὸν
1378 4123 1508 4194 παρ’
1553 4124 1822 4195 Ἑϐραίοις
1846 4144 1980 4198 προ·

406 4202 595 4271 φυτῶν
625 4205 759 4260 Θεὸν
792 4207 1124 4278 ὑμνούντων,
1155 4212 1249 4265 καὶ
1284 4211 1352 4266 τὰ
1384 4216 1523 4269 αὐτὰ
1555 4219 1981 4291 ἀναγνώσματα,

408 4295 708 4367 μαθήματά
755 4315 815 4351 τε
871 4300 967 4354 καὶ
1017 4300 1261 4373 δόγματα
1310 4303 1732 4377 διδασκομένων.
1798 4309 1982 4365 Ταῦτα

2092 3494 2248 3542 erant
2294 3487 2528 3558 pepulus
2556 3487 2709 3557 ejus;
2741 3502 2771 3540 a
2801 3485 2969 3556 priori
3003 3492 3184 3537 autem
3223 3483 3335 3535 vita
3365 3493 3675 3545 conversae,

2091 3592 2157 3633 ac
2211 3593 2308 3649 per
2354 3564 2632 3634 lavacrum
2677 3575 3110 3648 regenerationis
3151 3571 3535 3643 mysteriorum
3570 3569 3666 3625 Dei

2092 3667 2387 3739 participes
2441 3666 2666 3734 effecta,
2708 3666 2830 3735 ejus
2881 3663 3066 3737 populi
3101 3661 3360 3719 evadunt.
3392 3659 3549 3727 Quod
3595 3659 3675 3713 ad

2087 3758 2229 3812 banc
2281 3773 2455 3828 usque
2498 3759 2642 3814 diem
2674 3773 2770 3829 per
2807 3757 3128 3812 universum
3160 3754 3348 3809 orbem
3382 3750 3662 3824 impletur,

2083 3863 2207 3904 eum
2237 3847 2432 3904 inﬁniti
2466 3850 2674 3921 populi,
2705 3849 2863 3921 quasi
2882 3849 2939 3905 in
2972 3849 3143 3904 choro
3170 3845 3468 3911 distributi,
3494 3843 3675 3899 Deum

2082 3946 2497 4017 prophetarum,
2545 3945 2640 4017 qui
2699 3960 2868 4016 penes
2917 3944 3174 4000 Hebraeos
3222 3949 3402 4005 erant,
3448 3939 3666 4011 hymnis

2082 4039 2379 4101 celebrent,
2438 4047 2601 4107 atque
2652 4036 2873 4093 easdem
2917 4036 3201 4099 lectiones,
3249 4031 3568 4103 disciplinas
3610 4042 3665 4084 et

2086 4132 2340 4203 dogmata
2387 4131 2743 4187 edoceantur.
2777 4129 2903 4185 Haec
2934 4130 3119 4200 igitur,
3155 4142 3275 4198 qua:
3322 4126 3456 4195 ipsis
3487 4122 3663 4177 oculis

2087 4223 2481 4294 conspicimus,
2511 4239 2621 4279 non
2644 4209 2824 4289 aliter,
2853 4237 3016 4294 quam
3044 4236 3142 4291 per
3166 4218 3339 4275 solam
3363 4215 3671 4271 Salvatoris

2088 4315 2347 4371 virtutem
2376 4316 2432 4370 in
2471 4322 2586 4370 toto
2612 4314 2856 4387 gentium
2885 4314 3020 4368 orbe
3043 4312 3340 4367 constituta
3369 4316 3517 4365 sunt.

404 4386 535 4481 γοῦν
579 4388 878 4463 ὀφθαλμοῖς
920 4393 1193 4467 ὁρώμενα,
1233 4397 1331 4450 οὐκ
1375 4397 1550 4464 ἄλλως
1588 4399 1621 4472 ἢ
1676 4401 1764 4456 διὰ
1820 4403 1995 4476 μόνης
2033 4406 2144 4478 τῆς
2178 4408 2445 4481 σωτηρίου
2497 4386 2779 4479 δυνάμεως
2836 4404 2955 4459 καθ’
2992 4405 3119 4476 ὅλης
3150 4404 3376 4474 συνέστη
3407 4402 3508 4471 τῆς
3558 4397 3676 4452 τῶν

402 4473 573 4533 ἐθνῶν
603 4481 946 4554 οἰκουμένης.

895 4597 1320 4654 ΑΛΛΗΛΟΥΙΑ.
1362 4602 1503 4655 PIZ'.

486 4684 973 4758 Ἐξομολογεῖσθε
1010 4688 1091 4755 τῷ
1135 4693 1352 4760 Κυρίῳ,
1397 4693 1485 4747 ὅτι
1509 4694 1750 4764 ἁγαθός,
1780 4696 1867 4750 ὅτι
1892 4699 1981 4766 είς

401 4775 509 4830 τὸν
538 4776 725 4833 αἰῶνα
762 4781 827 4835 τὸ
866 4781 1041 4848 ἕλεος
1086 4784 1296 4838 αὐτοῦ.
1336 4786 1572 4841 Εὶπάτω
1612 4787 1689 4856 δὴ
1737 4793 1770 4844 ό
1815 4787 1995 4857 οἶκος-

413 4868 672 4939 Ἰσραὴλ,
707 4870 795 4924 ὅτι
819 4871 1061 4941 ἀγαθὸς,
1102 4874 1191 4927 ὅτι
1224 4877 1311 4941 εἷς
1356 4876 1463 4932 τὸν
1489 4877 1673 4933 αἰῶνα
1702 4880 1766 4935 τὸ
1808 4882 1982 4950 ἔλεος

399 4961 586 5016 αὐτοῦ
607 4979 621 4993 ’
647 4962 866 5017 εἰπάτω
901 4964 978 5034 δὴ
1007 4962 1172 5033 οἶκος
1213 4968 1448 5037 Ἀαρὼν,
1483 4970 1571 5025 ὅτι
1604 4974 1846 5043 ἀγαθὸς,
1890 4974 1985 5029 ὅτι

398 5052 488 5116 εις
531 5052 639 5105 τὸν
668 5050 854 5108 αἰῶνα
898 5055 966 5108 τὸ
1011 5054 1183 5123 ἔλεος
1242 5059 1448 5113 αὑτοῦ.
1496 5062 1854 5118 Είπάτωσαν
1900 5063 1979 5133 δὴ

398 5141 622 5210 πάντες
642 5147 695 5197 οἰ
726 5147 1084 5216 φοϐούμενοι
1110 5149 1218 5202 τὸν
1241 5151 1483 5219 Κύριον,
1510 5151 1597 5206 ὅτι
1623 5155 1864 5223 ἀγαθὸς,
1889 5156 1981 5210 ὅτι

396 5235 485 5297 εὶς
512 5233 621 5287 τὸν
654 5234 841 5290 αἰῶνα
876 5237 942 5291 τὸ
980 5237 1154 5304 ἕλεος
1189 5241 1397 5297 αὐτοῦ.
1431 5243 1541 5296 Ka‘t
1582 5245 1639 5297 ὲν
1688 5247 1798 5310 τοῖς
1843 5263 1977 5316 προ-

400 5323 693 5394 κειμένοις,
735 5326 837 5398 τῆς
875 5327 1241 5401 εὐαγγελικῆς
1275 5333 1498 5405 χάριτος
1552 5335 1645 5389 ἐπὶ
1687 5338 1863 5392 πάντα
1908 5338 1980 5394 τὰ

398 5414 524 5487 ἔθνη
554 5418 832 5493 χυθείσης,
867 5414 942 5476 ὧν
963 5424 1132 5477 ἐθνῶν
1160 5426 1322 5498 μέρος
1364 5446 1417 5481 τι
1444 5424 1512 5500 ἦν
1541 5431 1637 5484 καῖ
1660 5432 1693 5484 ὁ·
1718 5433 1783 5486 ἐκ
1819 5450 1975 5506 περι-

396 5509 571 5581 τομῆς
598 5509 746 5577 λαὸς,
778 5515 872 5568 καὶ
909 5515 1075 5589 μέρος
1113 5517 1175 5570 τὸ
1215 5518 1537 5591 πρώτιστον,
1568 5524 1794 5589 εἰκότως
1823 5525 1975 5598 πρώ-

395 5618 521 5667 τους
551 5603 748 5669 αὐτοῦς
787 5607 816 5658 ὁ
863 5606 1019 5677 λόγος
1070 5610 1162 5662 ἐπὶ
1209 5612 1309 5683 τὴν
1349 5613 1737 5687 ἐξομολόγησιν
1779 5618 1968 5673 καλεῖο

394 5694 587 5750 ἔπειτα
614 5698 739 5760 τοὺς
767 5698 826 5763 ἐξ
842 5699 1011 5754 ἐθνῶν
1030 5704 1500 5783 προσεληλυθότας
1529 5707 1608 5779 τῷ
1631 5709 1970 5783 Εὐαγγελίῳ,

397 5786 542 5841 κατὰ
572 5787 661 5842 τό’
712 5790 969 5858 Ἰουδαίῳ
998 5811 1061 5849 τε
1107 5780 1342 5864 πρῶτον
1379 5798 1477 5853 καί
1504 5799 1773 5871 Ἕλληνι.
1815 5804 1876 5857 Εἰ
1915 5780 1971 5857 δέ

474 5945 495 5975 ¹¹
526 5944 690 6003 Zach.
729 5965 799 6014 η,
842 5948 945 6015 IO,
978 5952 1061 6008 ll.
1140 5952 1161 5980 ⁸
1201 5952 1358 6009 Rom.
1400 5968 1454 6019 ι,
1493 5955 1591 6010 16..

2012 4622 2067 4678 1)

2564 4601 2941 4658 ΑΕιΕῐιυΙΑι
2967 4598 3177 4657 CXVII.

2150 4694 2317 4751 Vens.
2365 4695 2479 4749 1-4.
2526 4692 2865 4765 Conﬁtemini
2906 4692 3130 4747 Domino
3167 4708 3417 4762 quoniam
3472 4690 3658 4755 bonus,

2077 4788 2327 4861 quoniam
2359 4788 2413 4841 in
2441 4787 2695 4842 saeculum
2735 4783 3101 4839 misericordia
3143 4784 3278 4853 ejus.
3321 4783 3479 4836 Dicat
3525 4799 3660 4837 nunc

2077 4879 2267 4934 domus
2305 4877 2478 4932 Israel
2523 4877 2771 4947 quoniam
2808 4875 2995 4936 bonus,
3028 4875 3277 4945 quoniam
3309 4874 3362 4925 in
3404 4871 3657 4927 sa’culum

2079 4971 2445 5028 misericordia
2468 4971 2603 5043 ejus.
2630 4970 2783 5023 Dicat
2816 4984 2952 5022 nunc
2977 4966 3166 5021 domus
3193 4966 3374 5019 Aaron
3410 4964 3656 5033 quoniam

2081 5065 2269 5128 bonus,
2300 5065 2549 5135 quoniam
2594 5064 2648 5117 in
2678 5062 2930 5117 saeculum
2960 5056 3325 5113 misericordia
3379 5056 3512 5123 ejus.
3564 5053 3659 5107 Di-

2078 5167 2205 5212 cant
2225 5172 2550 5210 nuncomnes
2571 5155 2661 5226 qui
2684 5155 2864 5208 timent
2884 5152 3164 5205 Dominum
3185 5150 3433 5220 quoniam
3466 5147 3651 5212 bonus,

2077 5251 2326 5320 quoniam
2344 5249 2398 5303 in
2421 5248 2670 5303 sweulum
2693 5241 3057 5300 misericordia
3073 5242 3208 5313 ejus.
3224 5242 3286 5296 In
3308 5242 3393 5295 his
3415 5252 3651 5310 quoque,

2076 5338 2249 5397 eﬂ‘usa
2289 5340 2343 5394 in
2386 5355 2581 5395 omnes
2606 5345 2798 5411 gentes
2840 5335 3156 5406 evangelica
3188 5332 3385 5407 gratia,
3420 5343 3653 5400 quarum

2077 5433 2322 5503 gentium
2361 5446 2497 5502 pars
2512 5430 2719 5500 aliqua,
2745 5428 2856 5483 imo
2882 5442 3010 5498 pars
3038 5426 3236 5497 prima,
3262 5431 3382 5478 erat
3421 5418 3654 5490 populus

2075 5540 2143 5580 ex
2169 5524 2619 5591 circumcisione,
2651 5523 2846 5577 merito
2888 5519 3107 5574 Judaaos
3150 5516 3218 5571 ad
3248 5514 3665 5569 confessionem.

2077 5620 2284 5690 primos
2316 5634 2496 5673 sermo
2547 5627 2736 5672 evocat
2766 5635 2778 5670 :
2810 5614 3113 5684 dcindeque
3138 5627 3234 5668 eos
3266 5625 3332 5665 ex
3375 5607 3650 5680 gentibus,

2076 5713 2169 5784 qui
2211 5710 2281 5766 ad
2338 5710 2689 5782 Evangelium
2743 5715 3109 5770 accesserant,
3150 5704 3448 5762 secundum
3481 5699 3646 5754 illud:

2076 5803 2267 5860 Judteo
2298 5804 2527 5875 primum
2556 5812 2605 5858 et
2636 5802 2818 5858 Graec
2836 5801 2879 5855 ⁵.
2934 5800 2993 5855 Si
3025 5798 3150 5871 quis
3188 5805 3368 5854 autem
3396 5798 3651 5850 accurate
