4102 6452
443 562 579 620 1363

1105 558 1378 615 EUSEBII
1416 555 1896 614 CESARIENSIS
1920 555 2072 612 OPP.
2110 552 2289 611 PARS
2327 553 2417 611 Ill.
2456 584 2524 594 ——
2559 552 2967 609 EXEGETICA.

3551 550 3692 609 1364

439 691 556 732 rem
594 672 1008 739 examinaverit,
1049 673 1215 728 etiam
1251 689 1351 745 pro
1392 673 1628 729 adventu
1681 671 1885 728 Christi
1921 670 1993 726 Jul

2115 685 2200 732 τις
2229 667 2473 740 ἀκριϐῶς
2505 665 2801 731 ἐξετάσειε,
2834 665 2929 720 καὶ
2961 665 3103 737 ὑπὲρ
3130 666 3229 738 τῆς
3262 666 3564 737 παρουσίας
3594 668 3693 722 αὒ-

439 770 588 824 dzeos
625 766 680 820 in
736 764 925 835 primis
965 763 1171 834 gratias
1203 777 1363 833 agere
1390 761 1568 817 decet.
1637 758 1770 814 Nam
1801 757 2014 814 etiamsi

438 858 669 913 adversa
694 855 804 912 sint
833 854 1100 926 perpessi,
1135 861 1191 909 at
1217 870 1326 908 non
1353 855 1422 909 ab
1441 869 1508 910 eo
1529 853 1632 925 'qui
1663 853 1719 908 in
1753 851 2014 906 mundum

436 947 624 1016 venit;
676 947 772 1003 sed
803 947 1002 1016 ingrati
1049 945 1217 1000 animi
1253 959 1443 1014 poenas
1477 944 1716 998 luerunt.
1761 940 1894 995 Nam
1925 940 2016 995 ille

436 1039 659 1115 quidem
697 1038 764 1093 ad
810 1038 960 1109 ipsos
994 1037 1391 1108 peregrinatus,
1426 1036 1738 1106 frequenter
1761 1034 2009 1088 dicebat:

438 1129 566 1185 Non
585 1132 700 1185 veni
728 1130 831 1184 nisi
856 1128 925 1183 ad
948 1146 1062 1183 oves
1092 1145 1209 1198 qua:
1235 1129 1502 1196 perierunt
1527 1127 1713 1180 domus
1741 1124 1915 1181 Israel
1940 1125 1959 1155 ⁷
1996 1144 2010 1180 :

436 1223 585 1296 quod
623 1224 670 1279 si
713 1222 819 1278 hoc
851 1222 1117 1278 beneﬁcio
1177 1221 1384 1293 indigni
1416 1230 1546 1276 sunt
1582 1220 1774 1285 habiti,
1808 1219 1862 1274 id
1897 1218 2013 1275 suis

433 1314 823 1387 iniquitatibus
867 1322 922 1370 et
977 1314 1192 1386 ingrato
1243 1313 1476 1369 nimium
1522 1313 1705 1368 animo
1758 1326 1859 1368 suo
1909 1310 2013 1365 im-

437 1415 675 1556 pugili.
706 1497 858 1556 5-15.
914 1497 986 1552 De
1012 1495 1352 1551 tribulatione
1370 1496 1608 1550 invocavi
1640 1494 1941 1559 Dominum,
1963 1505 2011 1550 et

429 1591 704 1647 exaudivit
732 1608 814 1646 me
845 1591 900 1646 in
927 1590 1231 1648 latitudine.
1260 1589 1515 1644 Dominus
1540 1588 1671 1643 mihi
1700 1587 1934 1655 adiutor,
1961 1597 2012 1643 et

432 1701 540 1740 non
572 1684 762 1739 timebo
809 1685 935 1755 quid
978 1684 1147 1754 faciat
1196 1683 1325 1737 mihi
1361 1682 1538 1739 homo.
1592 1681 1849 1737 Dominus
1882 1681 2012 1736 mihi

430 1775 670 1848 pdjutor,
695 1785 745 1831 ct
774 1792 866 1847 ego
889 1774 1176 1845 despiciam
1204 1775 1446 1829 inimicos
1473 1791 1636 1829 meos.
1690 1774 1898 1829 Bonum
1930 1782 2010 1828 est

431 1868 696 1939 conﬁdere
749 1870 805 1925 in
851 1869 1100 1932 Domino,
1160 1884 1317 1939 quam
1362 1867 1625 1937 conﬁdere
1680 1868 1735 1921 in
1779 1867 2005 1921 homine.

430 1959 641 2015 Bonum
661 1971 740 2015 est
764 1977 976 2031 sperare
1003 1961 1059 2013 in
1084 1958 1337 2023 Domino,
1359 1975 1519 2030 quam
1547 1974 1756 2028 sperare
1776 1959 1830 2012 in
1854 1958 2002 2027 prin-

2116 764 2215 834 τῆς
2248 762 2341 816 τοῦ
2362 760 2596 833 Χριστοῦ
2622 760 2855 832 μάλιστα
2880 761 3007 825 τοὺς
3042 759 3322 824 Ἰουδαίους
3349 762 3692 832 εὐχαριστεῖν

2114 852 2214 908 δεῖ.
2247 854 2311 907 Ei
2334 852 2442 925 γάρ
2469 852 2563 906 καὶ⁵
2592 852 2661 906 τὰ
2702 851 2920 907 ἐναντία
2958 850 3276 923 ὑπέμειναν,
3310 851 3424 904 ἀλλ’
3454 853 3513 905 οὐ
3539 852 3691 925 παρὰ
3774 895 3782 902 .

2111 944 2206 999 τὸν
2250 945 2712 1019 παραγενόμενον,
2758 943 2893 998 ἀλλά
2926 942 3077 1014 παρά
3114 942 3213 1014 τὴν
3257 945 3461 997 οἰκείαν
3509 938 3689 1013 ἀγνω-

2115 1036 2371 1109 μοσύνην.
2426 1038 2598 1101 Αὐτὸς
2654 1038 2752 1109 μὲν
2803 1037 2915 1106 γὰρ
2957 1035 3092 1107 πρὸς
3139 1036 3334 1099 αὐτοὺς
3373 1038 3684 1105 ἀφικνεῖτο,

2113 1131 2207 1183 καὶ
2234 1128 2472 1198 συνεχῶς
2516 1128 2699 1197 ἔλεγεν
2719 1146 2732 1158 ·
2761 1132 2883 1184 Οὐκ
2920 1126 3111 1201 ἦλθον
3148 1128 3287 1183 ἀλλ’
3312 1130 3399 1195 είς
3433 1128 3507 1183 τὰ
3538 1131 3686 1197 πρό-

2113 1224 2260 1278 ϐατα
2290 1222 2362 1277 τὰ
2400 1222 2757 1276 ἀπολωλότα
2787 1223 2956 1277 οἴκου
3000 1222 3237 1292 Ἰσραήλ
3256 1240 3269 1253 ο
3305 1225 3353 1275 εί
3393 1222 3449 1275 δὲ
3477 1221 3685 1288 ἀνάξιοι

2108 1314 2209 1385 τῆς
2237 1312 2555 1384 εὐεργεσίας
2579 1314 2879 1385 ἐφάνησαν,
2902 1316 3022 1378 ταῖς
3047 1313 3254 1369 ἐαυτῶν
3284 1311 3685 1382 λογιζέσθωσαν

2111 1405 2480 1476 παρανομίαις
2504 1405 2599 1459 καὶ
2630 1408 2696 1477 τῇ
2728 1406 2826 1476 τῆς
2856 1405 3251 1478 ἀγνωμοσύνης
3282 1404 3572 1478 ὑπερϐολῇ.

2193 1497 2287 1550 Ἐκ
2330 1496 2589 1565 θλίψεως
2631 1496 3096 1567 ἐπεκαλεσάμην
3130 1498 3239 1551 τὸν
3281 1499 3539 1567 Κύριον,
3581 1495 3684 1552 καὶ

2108 1587 2417 1654 ἐπήκουσέ
2453 1606 2569 1658 μου
2602 1591 3095 1661 εἰς’πλατυσμόν.
3122 1593 3337 1660 Κύριος
3367 1592 3497 1662 ἐμοὶ
3523 1593 3683 1662 ,Βοη-

2110 1679 2232 1746 θὸς,
2267 1680 2364 1733 καὶ
2389 1681 2462 1733 οὐ
2486 1679 2897 1751 φοϐηθήσομαι
2940 1683 3000 1735 τί
3035 1681 3273 1749 ποιήσει
3316 1701 3413 1752 μοι
3454 1682 3681 1753 ἄνθρω-

2109 1787 2240 1839 πος.
2272 1774 2491 1840 Κύριος
2539 1771 2666 1842 ἐμοὶ
2691 1773 2947 1842 βοηθὸς,
2992 1774 3153 1844 κάγὼ
3204 1776 3501 1846 ἐπόψομαι
3538 1776 3684 1843 τοὺς

2107 1863 2360 1932 ἐχθρούς
2397 1880 2538 1933 μου.
2599 1864 2850 1935 Ἀγαθὸν
2894 1866 3238 1921 πεποιθέναι
3278 1869 3379 1922 ἐπὶ
3425 1870 3679 1936 Κύριον,

2106 1954 2147 2023 ἣ
2196 1955 2540 2011 πεποιθέναι
2582 1955 2674 2009 ἐπ’
2725 1956 3041 2027 ἄνθρωπον
3059 1975 3073 1988 ·
3127 1958 3355 2028 ἀγαθὸν
3417 1958 3683 2022 ἐλπίζειν

430 2051 653 2121 cipibus.
691 2024 883 2108 Omnes
905 2062 1081 2123 gentes
1114 2024 1432 2105 circuierunt
1459 2024 1637 2117 me,vct
1658 2024 1867 2105 nomine
1890 2049 1993 2103 Do-

2103 2047 2202 2101 ἐπὶ
2232 2048 2478 2115 Κύριον,
2517 2047 2558 2116 ἢ
2589 2024 2848 2110 ἐλπίζειν
2887 2051 2982 2103 ἐπ’
3017 2024 3295 2120 ἄρχουσι.
3354 2050 3558 2105 Πάντα
3605 2052 3682 2108 τὰ

428 2146 562 2200 mini
605 2146 749 2200 ultus
792 2161 907 2200 sum
941 2160 1050 2199 eos.
1104 2141 1506 2198 Circumdantes
1552 2142 2005 2197 circumdederunt

426 2254 531 2301 me,
555 2247 606 2293 et
644 2239 853 2292 nomine
900 2235 1108 2290 Domini
1135 2235 1280 2291 ultus
1324 2252 1444 2290 sum
1472 2251 1580 2290 eos.
1635 2233 2005 2289 Circumdede-

427 2340 552 2392 runt
580 2348 661 2386 me
691 2331 828 2386 sicut
859 2346 981 2400 apes
1022 2330 1222 2398 favum,
1266 2338 1316 2383 et
1361 2337 1672 2383 exarserunt
1701 2329 1833 2381 sicut
1865 2328 2002 2398 ignis

424 2426 482 2480 in
511 2424 698 2491 spinis,
733 2431 783 2478 et
812 2423 1019 2477 nomine
1053 2421 1268 2477 Domini
1295 2425 1438 2476 ultus
1459 2438 1575 2476 sum
1596 2437 1703 2477 eos.
1734 2420 2001 2490 Impulsus

423 2512 632 2571 eversus
662 2531 779 2569 sum
805 2523 865 2568 ut
890 2512 1178 2587 caderem,_
1201 2522 1251 2569 et
1307 2512 1566 2568 Dominus
1616 2512 1843 2580 suscepit
1898 2527 1998 2566 me.

425 2606 717 2662 Fortitudo
766 2624 883 2663 mea
928 2616 979 2661 et
1010 2606 1128 2662 laus
1154 2624 1270 2661 mea
1306 2606 1583 2670 Dominus,
1629 2615 1679 2660 et
1713 2606 1884 2670 factus
1922 2613 2002 2659 est

419 2700 623 2756 υιίίιὶίιι
651 2699 898 2757 salutem.
923 2699 1036 2755 Vox
1056 2700 1431 2756 exsultationis
1453 2708 1500 2753 et
1527 2698 1717 2753 salutis
1742 2699 1797 2752 in
1822 2697 1999 2753 taber-

421 2792 630 2848 naculis
658 2793 945 2862 iustorum.
972 2791 1102 2847 Mihi
1135 2808 1268 2849 sane
1289 2791 1496 2864 profuit
1526 2790 1672 2863 quod
1706 2790 1999 2861 impiorum

374 2875 379 2883 ’
421 2886 585 2940 tinem
620 2885 755 2956 ipsis
780 2886 957 2941 oculis
992 2886 1350 2959 perciperent.
1381 2883 1517 2939 Novi
1547 2884 1693 2939 enim
1721 2898 1816 2939 eos
1837 2898 1998 2939 exar-

419 2979 564 3034 sisse
587 2978 722 3033 sicut
750 2979 884 3050 ignis
917 2979 975 3033 in
1018 2978 1204 3048 spinis,
1245 2986 1338 3032 aut
1367 2977 1669 3033 exstinctos
1707 2991 1831 3034 esse
1862 2976 1999 3032 sicut

419 3070 557 3140 ignis
583 3071 641 3125 in
668 3072 871 3142 spinis;
908 3071 982 3125 ita
1012 3082 1072 3126 ut
1099 3086 1210 3127 non
1231 3070 1464 3127 ulterius
1497 3070 1803 3141 perturber,
1837 3070 1882 3125 si
1912 3070 1996 3124 vi-

419 3164 579 3217 deam
619 3163 817 3234 impios
878 3179 1000 3219 sese
1044 3163 1318 3235 erigentes
1374 3169 1429 3218 et
1478 3162 1534 3217 in
1590 3164 1847 3234 populum
1902 3162 1994 3218 Dei

420 3255 791 3327 insurgentes.
821 3253 1034 3310 Edidici
1075 3256 1279 3330 quippe
1303 3256 1527 3329 quinam
1561 3256 1709 3329 ipsos
1742 3255 1865 3312 finis
1900 3271 1996 3311 ex-

420 3350 651 3414 spectet.

488 3603 655 3662 Vsas.
673 3605 848 3662 16-18.
868 3607 1097 3663 Dextera
1114 3608 1327 3663 Domini
1351 3609 1474 3681 fecit
1495 3611 1757 3677 virtutem,
1776 3610 1995 3667 dextera

414 3698 631 3752 Domini
668 3703 923 3756 exaltavit
953 3719 1055 3767 me,
1088 3702 1307 3759 dextera
1332 3703 1544 3760 Domini
1571 3706 1693 3776 fecit
1722 3708 1987 3762 virtutem.

416 3787 543 3846 Non
589 3792 808 3861 moriar,
842 3793 933 3849 sed
971 3796 1163 3863 vivam,
1210 3805 1261 3852 et
1297 3797 1528 3851 narrabo
1561 3814 1720 3869 opera
1752 3798 1985 3856 Domini.

415 3877 699 3954 Castigans
725 3885 1001 3954 castigavit
1030 3902 1112 3942 me
1143 3885 1422 3954 Dominus,
1471 3898 1521 3944 et
1544 3891 1707 3945 morti
1733 3908 1836 3946 non
1878 3902 1991 3945 tra-

412 3971 552 4028 didit
592 3991 689 4029 me.
719 3974 883 4049 Quod
899 3980 1308 4048 persecutiones
1344 3997 1453 4037 non
1486 3982 1708 4038 inutiles
1731 3985 1863 4048 sint,
1893 3984 1988 4040 sed

412 4065 481 4119 ad
538 4067 833 4123 utilitatem
884 4078 939 4126 et
979 4071 1355 4141 probationem
1402 4081 1722 4130 vexatorum
1771 4077 1984 4143 cedant,

410 4155 570 4214 docet
607 4158 694 4217 his
727 4161 909 4217 verbis
939 4160 1259 4237 :Castigaus
1291 4167 1569 4237 castigavit
1598 4184 1677 4222 me
1705 4167 1984 4226 Dominus.

408 4247 549 4305 Novi
584 4251 730 4307 enim
768 4253 1141 4310 inﬁrmitatem
1173 4271 1373 4322 meam,
1399 4267 1451 4313 et
1480 4273 1511 4312 a
1539 4257 1650 4315 Deo
1682 4261 1817 4316 mihi
1848 4279 1988 4334 prae-

408 4340 595 4398 stitam
632 4343 888 4400 virtutem
923 4362 1034 4403 non
1065 4347 1328 4419 ignoravi.
1391 4347 1603 4405 Edidici
1634 4367 1766 4407 vero
1796 4355 1984 4425 cujus-

407 4433 558 4489 modi
589 4433 678 4492 ‘sit
729 4434 950 4492 dextera
1004 4438 1097 4494 illa
1152 4438 1390 4508 Domini,
1436 4458 1557 4514 quae
1602 4444 1856 4504 inimicos
1891 4447 1987 4505 de-

405 4527 630 4597 pressit.

479 4640 647 4700 Vnus.
697 4644 883 4703 i9-2I.
929 4646 1141 4719 Aperite
1200 4647 1331 4701 mihi
1391 4660 1573 4721 portas
1608 4651 1860 4724 justitirr,
1901 4657 1986 4710 iu-

2104 2139 2249 2208 ἔθνη
2298 2138 2652 2194 ἐκύκλωσαν
2700 2160 2777 2213 με
2799 2186 2814 2210 ,
2867 2143 2966 2197 καί
3019 2142 3100 2210 τῷ
3156 2144 3399 2213 ὀνόματι
3455 2145 3679 2212 Κυρίου

2102 2230 2424 2301 ἠμυνάμην
2453 2233 2693 2299 αὐτούς.
2725 2234 3165 2302 Κυκλώσαντες
3201 2235 3560 2291 ἐκύκλωσαν
3575 2253 3677 2307 με,

2102 2322 2308 2390 καὶτῷ
2336 2325 2581 2395 ὀνόματι
2608 2328 2827 2394 Κυρίου
2866 2327 3190 2398 ἠμυνάμην
3224 2329 3465 2395 αὐτούς.
3503 2330 3681 2383 “Exti-

2101 2414 2347 2469 κλωσάν
2367 2434 2445 2486 με
2472 2417 2615 2471 ὡσεὶ
2643 2418 2934 2487 μέλισσαι
2961 2421 3192 2488 κηρίον,
3225 2421 3324 2474 καὶ
3354 2420 3681 2489 ἐξεκαύθη-

2101 2521 2224 2560 σαν
2241 2507 2382 2561 ὡσεὶ
2403 2508 2523 2577 πῦρ
2543 2509 2613 2562 ἐν
2635 2508 2942 2577 ἀκάνθαις,
2964 2510 3162 2578 καὶτῷ
3189 2512 3433 2582 ὀνόματι
3454 2513 3679 2580 Κυρίου

2099 2600 2421 2671 ἠμυνάμην
2438 2607 2675 2673 αὐτούς.
2705 2606 2934 2674 Ὠσθείς
2953 2607 3296 2677 ἀνετράπην
3316 2607 3423 2663 τοῦ
3442 2607 3677 2676 πεσεῖν,

2099 2691 2199 2744 καὶ
2235 2694 2271 2747 d
2317 2695 2532 2763 Κύριος
2578 2695 2939 2752 ἀντελάϐετό
2989 2716 3130 2768 μου.
3179 2699 3376 2769 Ἱσχύς
3416 2716 3537 2769 μου
3574 2699 3676 2753 καὶ

2096 2782 2360 2853 ῦμνησίς
2381 2803 2502 2855 μου
2532 2790 2566 2841 ὀ
2592 2790 2825 2855 Κύριος,
2851 2790 2947 2843 καὶ
2977 2791 3216 2860 ἐγένετό
3239 2809 3341 2862 μοι
3358 2792 3457 2858 ,είς
3480 2806 3679 2859 σωτη-

2091 2876 2253 2944 ρίαν.
2288 2879 2459 2961 Φωνὴ
2490 2880 2908 2951 ἀγαλλιάσεως
2950 2884 3049 2937 καί
3092 2885 3393 2952 σωτηρίας
3421 2884 3493 2938 ἐν
3524 2901 3677 2952 σκη-

2095 2964 2231 3032 ναῖς
2260 2965 2528 3024 δικαίων.
2584 2971 2885 3045 Ὠφελήθην
2917 2973 2975 3027 δὲ
3026 2973 3121 3028 καὶ
3154 2973 3453 3047 ὀφθαλμοῖς
3491 2992 3674 3047 παρα-⁶

2095 3058 2276 3115 λαϐὼν
2305 3061 2371 3116 τά
2397 3061 2524 3136 τέλη
2558 3062 2665 3119 τῶν
2699 3065 2928 3121 ἀσεϐῶν.
2958 3067 3168 3137 Ἐγνων
3190 3067 3317 3143 γὰρ,
3338 3069 3419 3123 ὅτι
3447 3069 3666 3134 ἐξεκαύ-

2096 3152 2269 3226 θησαν
2302 3155 2383 3222 ὡς
2415 3157 2535 3226 πῦρ
2584 3158 2655 3212 ἐν
2685 3159 2974 3228 ἀκάνθαις
2997 3204 3013 3227 ,
3066 3161 3100 3233 ἢ
3135 3160 3544 3233 ἐπεσϐέσθησαν
3593 3162 3673 3228 ὡς

2094 3245 2214 3314 πῦρ
2247 3246 2317 3299 ἐν
2345 3248 2626 3303 ἀκανθῶν
2657 3249 2777 3321 (sic)
2807 3250 2884 3314 ὠς
2922 3251 3119 3324 μηκέτι
3155 3269 3221 3323 με
3265 3251 3667 3324 ταράττεσθαι,

2019 3368 2062 3427 c
2095 3335 2150 3388 εἴ
2175 3354 2304 3390 ποτε
2337 3339 2476 3412 ὁρῶν
2502 3339 2721 3405 ἀσεϐεῖς
2750 3343 3163 3414 ἐπαιρομένους,
3183 3344 3276 3398 καὶ
3302 3344 3379 3414 τῷ
3398 3344 3509 3415 λαῷ
3532 3343 3667 3396 Θεοῦ

2094 3427 2575 3498 ἐπανισταμένους.
2588 3429 2966 3501 Πεπαίδευμαι
2983 3429 3091 3502 γάρ
3107 3434 3286 3485 ὁποῖον
3304 3432 3496 3495 αὐτοὺς
3517 3431 3667 3495 τέλος

2093 3518 2396 3590 περιμένει.

2108 3624 2121 3633 κ
2161 3629 2336 3697 Δεξιὰ
2374 3634 2596 3701 Κυρίου
2622 3634 2872 3704 ἐποίησε
2906 3635 3199 3706 δύναμιν,
3253 3637 3422 3703 δεξιὰ
3449 3638 3672 3708 Κιιρίου

2090 3722 2303 3793 ὒψωσέ
2337 3742 2449 3795 με,
2489 3726 2659 3792 δεξιὰ
2691 3729 2915 3797 Κυρίου
2943 3728 3193 3798 ἐποίησε
3233 3729 3509 3802 δύναμιν.
3547 3734 3670 3788 οὐκ

2089 3817 2530 3888 ἀποθανοῦμαι,
2576 3820 2738 3875 ἀλλὰ
2768 3818 3039 3892 ζήσομαι,
3069 3822 3167 3876 καί
3210 3823 3569 3894 διηγήσομαι
3598 3825 3673 3880 τὰ

2088 3907 2231 3979 ἔργα
2255 3912 2496 3979 Κυρίου.
2542 3911 2849 3968 Παιδεύων
2884 3914 3210 3970 ἐπαίδευσέ
3252 3933 3325 3984 με
3366 3919 3401 3970 ό
3431 3918 3669 3985 Κύριος,

2087 4001 2168 4069 τῷ
2200 4000 2269 4056 δὲ
2299 4000 2533 4069 θανάτῳ
2563 4005 2636 4058 οὐ
2666 4004 2973 4073 παρέδωκέ
2997 4023 3095 4077 με.
3127 4007 3250 4061 Ὀτι
3286 4008 3359 4079 μὴ
3394 4008 3473 4072 είς
3496 4008 3667 4079 ἄχρη-

2090 4109 2213 4146 στον
2247 4094 2296 4147 οἱ
2329 4093 2581 4167 διωγμοὶ,
2632 4094 2749 4150 ἀλλ’
2784 4099 2872 4151 ἐπ’
2927 4097 3166 4171 ὠφελείᾳ
3195 4100 3287 4153 καὶ
3335 4099 3531 4171 δοκιμῇ
3561 4098 3671 4155 τῶν

2086 4185 2541 4260 πεπειρασμένων
2564 4187 2841 4258 γεγόνασι,
2865 4188 3104 4243 διδάσκει
3132 4190 3306 4259 λέγων
3326 4208 3340 4221 ·
3363 4191 3673 4248 Παιδεύων

2083 4276 2408 4332 ἐπαίδευσε
2431 4295 2508 4347 με
2553 4281 2586 4333 ὁ
2623 4281 2861 4349 Κύριος.
2906 4281 3123 4349 Ἐγνων
3154 4281 3262 4355 γὰρ
3293 4282 3392 4354 τὴν
3426 4282 3667 4355 ἐμαυτοῦ

2085 4367 2389 4434 ἀσθένειαν,
2407 4370 2500 4426 καὶ
2515 4368 2611 4442 τὴν
2628 4372 2691 4425 ἐκ
2706 4371 2841 4425 Θεοῦ
2863 4389 2952 4444 μοι
2974 4374 3409 4445 παρασχεθεωαν
3433 4374 3665 4446 δύναμιν

2085 4457 2185 4512 οὐκ
2227 4460 2490 4533 ἠγνόησα.
2530 4462 2887 4537 Ἐπαιδεύθην
2919 4464 2975 4517 δὲ
3015 4466 3174 4519 ὁποία
3206 4484 3290 4530 τις
3332 4463 3401 4541 ἦν
3455 4469 3489 4540 ή
3521 4467 3672 4533 δεξιὰ

2084 4550 2178 4611 τοῦ
2209 4553 2436 4625 Κυρίου,
2470 4556 2503 4626 ή
2534 4555 2660 4621 τοὺς
2687 4557 2979 4630 πολεμίους
3008 4560 3411 4615 ταπεινώσασα.

2169 4666 2464 4732 Ἆνοίξατέ
2508 4686 2612 4738 μοι
2664 4669 2865 4736 πύλας
2908 4670 3300 4742 δικαιοσύνης
3323 4714 3339 4739 ,
3375 4674 3670 4729 εἰσελθὼν

403 4749 614 4803 gressus
645 4737 696 4790 in
712 4753 802 4792 eas
819 4737 1108 4807 conﬁtebor
1128 4735 1355 4793 Domino
1373 4757 1391 4794 :
1430 4742 1543 4795 lucc
1569 4753 1724 4811 porta
1744 4743 1979 4815 Domini,

2094 4760 2155 4814 ἐν
2206 4727 2416 4828 αὐταῖς
2463 4727 2985 4835 ἐξομολογηξσθμαι
3035 4781 3070 4817 τ
3071 4763 3118 4830 ᾧ
3367 4783 3381 4795 ⁸
3428 4727 3579 4835 αὕτη

391 4823 536 4893 justi
574 4825 846 4882 intrabunt
897 4828 953 4885 in
997 4845 1134 4883 eam.
1212 4828 1513 4901 Conﬁtebor
1570 4834 1686 4901 tibi,
1732 4837 1981 4906 quoniam

401 4917 670 4973 exaudisti
699 4934 800 4984 me,
829 4929 878 4973 ct
907 4920 1080 4990 [actus
1116 4926 1172 4976 es
1202 4924 1333 4977 mihi
1369 4924 1426 4981 in
1445 4926 1690 4985 salutem.
1717 4927 1981 4987 Geuerale

401 5010 568 5081 igitur
583 5011 829 5068 omnium
864 5013 1129 5071 virtutum
1167 5032 1367 5073 nomen
1403 5019 1633 5089 iustitiae
1650 5022 1969 5087 ascribitur,

401 5117 541 5173 quas
598 5104 653 5160 in
697 5104 881 5177 specie
919 5106 1172 5165 dividens
1222 5110 1495 5184 quispiam
1545 5112 1671 5183 jure
1731 5116 1973 5177 dixerit:

399 5198 616 5266 Aperite
640 5198 770 5253 mihi
802 5209 985 5268 portas
1006 5201 1256 5271 justitiaz,
1283 5211 1469 5275 portas
1493 5204 1622 5261 item
1651 5209 1973 5280 prudentiae,

399 5295 457 5342 et
505 5288 843 5359 reliquarum
890 5292 1194 5354 secundum
1243 5292 1413 5350 Deum
1469 5298 1768 5355 actionum.
1822 5298 1976 5357 Post-

400 5396 562 5448 quam
602 5390 781 5437 autem
828 5390 1018 5454 portas
1072 5401 1263 5442 omnes
1316 5397 1738 5464 praetergressus
1781 5393 1973 5461 fuerit;

400 5472 619 5528 demum
650 5474 706 5528 in
745 5474 940 5531 intima
993 5485 1336 5547 sanctorum,
1361 5488 1422 5537 ut
1442 5483 1713 5556 quispiam
1753 5485 1973 5555 dixerit,

398 5566 743 5635 perveniens,
779 5581 891 5624 non
932 5568 1157 5633 multas,
1209 5570 1306 5626 sed
1335 5587 1498 5627 unam
1522 5574 1726 5631 videbit
1762 5587 1976 5648 portam

399 5652 576 5722 ipsius
597 5654 833 5722 Domini,
867 5674 966 5731 per
998 5675 1163 5732 quam
1200 5676 1391 5719 omnes
1414 5662 1550 5734 justi
1580 5666 1974 5736 ingredientur.

397 5745 608 5802 Dixerit
637 5764 801 5818 porro
823 5752 1121 5821 quispiam,
1153 5752 1297 5810 banc
1322 5756 1569 5811 ultimam
1600 5774 1726 5814 esse
1752 5768 1806 5815 et
1852 5776 1977 5836 pos-

396 5848 630 5895 tremam
672 5851 910 5913 portam,
951 5848 1093 5903 ultra
1128 5864 1292 5921 quam
1338 5853 1594 5924 progredi
1648 5871 1758 5913 non
1792 5856 1972 5916 liceat.

469 5992 490 6016 '
530 5992 720 6051 Blatth.
757 6011 849 6064 xv,
882 5997 973 6053 24.

2086 4854 2249 4920 πύλη
2275 4852 2382 4908 τοῦ
2404 4855 2647 4925 Κυρίου,
2668 4853 2885 4908 δίκαιοι
2910 4857 3364 4912 εἰσελεύσονται
3389 4858 3461 4913 ἐν
3485 4857 3665 4926 αὐτῇ.

2101 4944 2649 5019 Ἐξομολογήσομαί
2697 4962 2818 5011 σοι,
2858 4945 2950 5000 ὅτι
2986 4946 3340 5016 ἐπήκουσάς
3377 4967 3497 5020 μου
3516 4989 3530 5012 ,
3564 4950 3668 5003 καὶ

2084 5033 2295 5106 ἐγένου
2308 5053 2412 5105 μοι
2443 5037 2532 5106 είς
2555 5038 2879 5111 σωτηρίαν.
2905 5038 2979 5093 Τὸ
3005 5039 3102 5110 μὲν
3132 5036 3226 5093 οὖν
3250 5041 3464 5109 γενικὸν
3493 5041 3670 5112 ὄνομα

2085 5127 2275 5188 πασῶν
2335 5127 2444 5184 τῶν
2496 5129 2708 5201 ἀρετῶν
2760 5133 2827 5202 τῇ
2879 5130 3194 5205 δικαιοσύνῃ
3255 5135 3661 5206 προγράφεται·

2084 5222 2205 5279 κατ’
2238 5215 2378 5286 εἶδος
2413 5221 2471 5281 δὲ
2493 5220 2680 5278 λοιπὸν
2707 5223 2932 5298 διαιρῶν
2962 5243 3068 5290 τις,
3100 5227 3245 5280 είποι
3280 5225 3556 5295 ἀναλόγως
3581 5225 3666 5289 τὸ,

2096 5312 2392 5380 Ἀνοίξατέ
2413 5333 2517 5385 μοι
2541 5318 2741 5383 πύλας
2764 5317 3178 5387 δικαιοσύνης,
3209 5322 3304 5375 καὶ
3330 5320 3505 5384 πύλας
3532 5337 3670 5392 φρο-

2081 5403 2290 5477 νήσεως
2309 5444 2324 5469 ,
2358 5406 2452 5458 καὶ
2483 5405 2593 5462 τῶν
2640 5406 2845 5467 λοιπῶν
2880 5408 2989 5463 τῶν
3018 5410 3163 5468 κατά
3208 5409 3340 5464 Θεὸν
3386 5410 3663 5484 πράξεωνι

2094 5494 2342 5551 Ἐπειδὰν
2384 5497 2473 5551 διὰ
2531 5499 2719 5553 πασῶν
2774 5500 3020 5574 παρέλθῃ
3070 5502 3180 5560 τῶν
3227 5501 3409 5557 πυλῶν
3428 5542 3443 5567 ,
3475 5502 3669 5556 λοιπὸν

2078 5585 2170 5638 ἐπὶ
2201 5587 2261 5641 τὸ
2289 5589 2439 5653 τέλος
2484 5590 2614 5656 τῶν,
2647 5593 2724 5663 ὡς
2760 5592 2831 5652 ’ἂν
2863 5593 3007 5649 είποι
3052 5614 3155 5661 τις,
3191 5596 3456 5650 ἐνδοτάτω
3490 5595 3666 5664 άγίων

2079 5678 2270 5747 ἐλθὼν,
2304 5681 2488 5743 οὐκέτι
2523 5683 2744 5749 πολλὰς,
2781 5685 2928 5745 ἀλλᾶ
2954 5688 3085 5759 μίαν
3116 5688 3303 5760 ὄψεται
3350 5688 3525 5759 πύλην
3561 5687 3668 5761 τὴν

2079 5769 2244 5828 αὐτοῦ
2282 5771 2377 5827 τοῦ
2416 5775 2622 5847 Κυρίου
2648 5815 2662 5840 ,
2697 5775 2766 5829 δι’
2808 5772 2878 5853 ἧς
2935 5777 3135 5844 πάντες
3187 5779 3579 5835 εἰσελεύσονται
3610 5781 3668 5835 οἱ

2079 5862 2296 5919 δίκαιοι.
2339 5865 2501 5923 Εἴποι
2550 5868 2596 5923 δ’
2629 5868 2697 5924 ἄν
2754 5886 2838 5934 τις
2882 5868 3088 5942 ταύτην
3137 5870 3233 5944 τὴν
3280 5873 3535 5944 ὑστάτην
3567 5874 3670 5929 καὶ
