4102 6424
430 464 569 537 iw

1531 461 2033 519 COMMENTARIA
2066 461 2134 518 IN
2174 462 2510 521 PSALMOS.

3541 465 3679 527 I366

431 582 766 646 τελευταίαν,
797 577 866 654 ἦς
913 581 1169 636 ἐπέκεινα
1199 580 1381 636 οὐκέτι
1407 576 1518 636 οἷόν
1560 600 1620 635 τε
1661 580 1797 638 εἶναι
1837 601 2003 656 προσο

2107 582 2390 640 Postrema
2427 593 2608 640 autem
2648 585 2864 641 Domini
2901 594 3058 656 porta
3092 586 3254 643 fuerit
3293 587 3683 658 contemplatio

430 672 625 728 ελθεῖν.
661 672 896 742 ’Υστάτη
928 671 989 726 δὲ
1039 670 1181 743 πύλη
1223 669 1316 724 τοῦ
1368 671 1573 742 Κυρίου
1607 673 1640 744 ὴ
1691 672 1892 745 Θεωρία
1935 675 2001 728 ἂν

430 765 514 837 εἴη
537 762 725 829 αὑτοῦ,
747 765 888 818 κατὰ
916 763 997 826 τὸ,
1016 764 1306 832 Μακάριοι
1329 766 1380 818 ol
1403 765 1649 818 καθαοοὶ
1671 762 1746 832 τῇ
1768 765 2000 835 καρδίᾳ,

429 857 519 911 ὅτι
553 856 723 911 αὐτοὶ
759 855 865 910 τὸν
901 857 1049 909 Θεὸν
1077 856 1348 924 ὄψονται.

503 947 686 1002 Λίθον
736 946 809 1001 ὃν
867 946 1322 1018 ἀπεδοκίμασαν
1382 949 1436 1001 ol
1512 947 1967 1018 οἰκοδομοῦντες
1985 966 2008 984 '-

429 1035 609 1107 οὖτος
629 1039 883 1110 ἐγενήθη
913 1041 1000 1106 εἰς
1025 1037 1304 1108 κεφαλὴν
1327 1039 1562 1109 γωνίας.
1591 1040 1759 1109 Παρὰ
1783 1043 2003 1109 Κυρίου

429 1133 666 1203 ἐγένετο
698 1133 872 1201 αὕτη,
906 1132 1006 1187 καὶ
1034 1131 1167 1187 ἐστι
1215 1131 1530 1202 θαυμαστὴ
1571 1132 1640 1187 ἐν
1676 1134 2005 1203 ὀφθαλμοῖς

430 1222 620 1294 ἡμῶν.
675 1223 833 1292 Αὕτη
883 1225 923 1292 ἠ
973 1221 1166 1292 ἡμέρα
1208 1221 1288 1290 ἣν
1329 1222 1620 1291 ἐποίησεν
1669 1226 1701 1277 ὁ
1750 1225 2000 1293 Κύριος,

429 1315 929 1386 ἀγαλλιασώμεθα
979 1314 1079 1370 καί
1123 1312 1548 1384 εὐφρανθῶμεν
1584 1315 1659 1368 ἐν
1697 1313 1873 1384 αὐτῇ.
1929 1312 2004 1371 ’Ὦ

429 1410 626 1478 Κύριε,
655 1408 862 1462 σῶσον
892 1406 990 1475 δὴ,
1031 1401 1309 1474 ὦΚύριε,
1340 1405 1644 1460 εὺόδωσον
1672 1404 1770 1476 δή.
1810 1407 2004 1460 Εὐλο-

428 1501 687 1571 γημένος
719 1504 751 1554 ό
781 1501 1107 1569 ἐρχόμενος
1141 1499 1209 1553 ἐν
1236 1501 1480 1568 ὀνόματι
1506 1499 1748 1567 Κυρίου.
1788 1499 2004 1571 Ἐπειδὴ

428 1589 536 1646 εἶδε
589 1593 688 1664 τῆς
739 1592 1066 1663 οἰκουμένης
1095 1591 1193 1663 τὴν
1243 1590 1560 1662 εὐεργεσίαν
1608 1591 1700 1644 καὶ
1750 1590 1849 1662 τὴν
1899 1590 2006 1646 τῶν

431 1684 773 1755 πραγμάτων
804 1683 1138 1756 μεταϐολὴν,
1186 1683 1281 1736 καὶ
1322 1684 1455 1754 πρὸς
1495 1683 1556 1737 τὸ
1601 1683 1806 1754 βέλτιον
1836 1684 2006 1755 μετά-

431 1792 638 1840 στασιν,
664 1777 975 1847 συγχαίρων
1004 1779 1117 1840 τοῖς
1144 1776 1475 1830 ἀπολαύουσι
1501 1794 1661 1848 φησιν
1682 1794 1694 1806 ·
1716 1773 1782 1830 Ὦ
1807 1779 2002 1845 Κύριε,

429 1865 638 1924 σῶσον
662 1867 772 1934 δή·
800 1864 848 1922 ὧ
883 1870 1076 1937 Κύριε,
1107 1869 1416 1923 εὺόὸωσον
1438 1868 1534 1935 δή.
1578 1869 1855 1935 Τουτέστι,
1890 1871 2006 1924 διά-

431 1977 604 2014 σωσον
643 1961 768 2024 τοὺς
812 1960 1219 2026 ἀπολαύοντας,
1262 1961 1403 2015 ὥστε
1448 1961 1858 2033 ἐμπλησθῆναι,
1913 1964 2004 2016 καὶ

429 2054 676 2124 καρποὺς
722 2053 904 2119 ἀξίους
949 2051 1312 2121 διαδείξασθαι
1365 2053 1465 2124 τῆς
1506 2053 1757 2125 χάριτος·
1814 2054 2004 2126 ῥᾳδίαν

426 2148 610 2212 αὐτοῖς
638 2148 862 2218 ποίησον
893 2148 989 2216 τὴν
1027 2147 1163 2211 ὁδὸν,
1195 2146 1355 2209 ὥστε,
1405 2146 1538 2217 μετὰ
1584 2147 1644 2199 τὸ
1688 2150 1890 2218 τυχεῖν,
1930 2149 2004 2220 μὴ

427 2241 684 2293 ἐκπεσεῖν
712 2238 820 2292 τῶν
847 2237 1100 2293 τοιούτων
1133 2237 1334 2292 καλῶν.

500 2329 936 2400 Εὐλοτήκαμεν
983 2329 1140 2400 ὑμᾶς
1185 2330 1254 2395 ἐξ
1316 2330 1484 2384 οἴκου
1540 2331 1807 2399 Κυρίου,
1861 2314 2005 2400 ρέος

428 2423 640 2491 Κύριος
695 2422 793 2475 καὶ
839 2421 1142 2492 enegarat.
1187 2422 1352 2493 ἡμῖν.
1418 2421 1834 2494 Ὀμολογοῦντες
1857 2464 1872 2491 ,
1923 2426 2004 2478 ὅτι

427 2514 600 2568 ταῦτα
639 2514 823 2579 αὐτοῖς
855 2513 1028 2579 οὐδεὶς
1050 2514 1210 2578 ἀλλος
1242 2514 1274 2586 ἢ
1297 2515 1454 2579 αὐτὸς
1474 2517 1506 2568 ὁ
1538 2515 1740 2587 Κύριος
1766 2516 2005 2586 ὲπέφανέ

425 2623 486 2659 τε
525 2608 618 2660 καὶ
646 2606 844 2672 ἔδειξεο
887 2606 970 2659 διό
1001 2623 1186 2674 φασιν,
1228 2607 1658 2677 Εὐλογήκαμεν
1708 2605 1891 2678 ὑμᾶς’
1923 2610 2004 2664 ὅτι

426 2698 664 2767 ἔπέφανε
720 2699 819 2770 τὴν
865 2699 1138 2768 ὑμετέραν
1182 2699 1365 2763 δείξας·
1408 2700 1696 2772 σωτηρίαν.
1747 2700 2006 2768 Ἐπευξά-

429 2804 581 2858 μενοι
635 2789 730 2842 καὶ
785 2787 853 2842 τὰ
909 2788 1174 2860 μέλλοντα
1216 2789 1697 2863 προθεωρήσαντες
1742 2791 1820 2864 τῷ
1863 2793 2006 2864 ἀγίῳ

427 2880 717 2952 Πνεύματιν
736 2881 803 2934 τὰ
837 2881 1172 2952 προκείμενα
1212 2882 1263 2934 oi
1308 2883 1605 2953 προφῆται,
1644 2883 2005 2955 μακαρίζουσι

425 2972 554 3036 τοὺς
587 2971 879 3043 μέλλοντας
922 2971 1033 3026 τῶν
1064 2972 1521 3045 ἀποτελεσμάτων
1564 2976 1693 3029 ποτὲ
1719 2967 2008 3044 καταξιοῦ-

427 3063 573 3118 σθαι.
620 3063 1034 3131 Συστήσασθε.
1063 3063 1281 3134 ἑορτὴν
1331 3064 1402 3119 ἐν
1463 3066 1589 3134 τοῖς
1635 3067 2008 3129 πυκάζουσιν

423 3156 536 3223 ἕως
571 3155 689 3210 τῶν
733 3157 994 3226 κεράτων
1025 3157 1130 3212 τοῦ
1164 3161 1626 3228 θυσιαστηρίου,
1670 3163 1827 3232 ὑμεῖς
1863 3163 1913 3216 οἱ
1947 3164 2006 3231 ἐξ

2106 679 2248 747 ejus,
2281 679 2585 733 secundum
2617 677 2751 733 illud
2784 697 2797 732 :
2831 679 2983 732 Beati
3011 679 3203 733 mundo
3228 679 3402 745 corde,
3427 683 3681 749 quonimst

2105 770 2206 837 ipsi
2229 769 2400 824 Deum
2420 769 2663 824 videbunt
2681 770 2732 826 '..

2177 949 2344 1008 Vsus.
2371 951 2553 1007 22-26.
2592 951 2870 1021 Lapidem,
2901 968 3051 1021 quem
3091 951 3494 1018 reprobaverunt
3545 929 3680 1002 2w;-

2105 1045 2324 1113 ﬁcantes
2347 1084 2361 1109 ,
2394 1045 2477 1098 Itic
2511 1046 2688 1114 factus
2726 1055 2803 1098 est
2835 1046 2890 1098 in
2941 1054 3097 1112 caput
3136 1043 3338 1112 anguli.
3384 1044 3425 1094 Α
3457 1041 3694 1095 Domino

2106 1137 2304 1204 factum
2332 1145 2408 1192 est
2451 1136 2618 1203 istud,
2648 1144 2804 1190 etest
2859 1135 3102 1188 mirabile
3162 1134 3214 1186 in
3253 1133 3417 1186 oculis
3465 1133 3685 1187 nostris.

2109 1229 2239 1284 Hcec
2268 1230 2378 1282 dies
2406 1246 2564 1299 quam
2589 1229 2711 1298 fecit
2731 1227 3014 1291 Dominus,
3032 1226 3354 1281 exsultemus
3378 1235 3426 1278 et
3449 1225 3686 1279 lwtemur

2106 1323 2162 1376 in
2187 1338 2269 1376 ea.
2323 1321 2366 1375 Ο
2403 1320 2644 1385 Domine,
2702 1319 2873 1384 salva,
2931 1334 3108 1387 quwso
3139 1334 3157 1372 :
3187 1334 3216 1371 ο
3265 1316 3505 1377 Domine,
3564 1315 3686 1369 bene

2104 1429 2415 1482 prosperare
2437 1413 2542 1481 fac,
2570 1428 2746 1481 quaeso
2762 1427 2781 1474 ;
2807 1409 3102 1464 benedictus
3128 1410 3217 1479 qui
3240 1409 3376 1463 venit
3403 1409 3457 1461 in
3480 1411 3687 1460 nomine

2107 1503 2344 1558 Domini.
2400 1501 2668 1569 Quoniam
2727 1499 2949 1554 videbat
3015 1498 3340 1553 beneﬁcium
3389 1497 3443 1550 in
3498 1497 3686 1551 urbem

2107 1606 2266 1651 terra:
2297 1592 2688 1650 conferendum
2717 1632 2731 1658 ,
2776 1607 3071 1660 rerumque
3105 1590 3467 1646 mutationem
3521 1602 3586 1642 ac
3631 1587 3687 1641 in

2108 1688 2304 1743 melius
2349 1685 2787 1748 conversionem,
2828 1685 2934 1738 hoc
2969 1683 3114 1738 bono
3146 1682 3455 1737 [ruentibus
3498 1688 3690 1752 gratu-

2109 1779 2228 1833 lans
2268 1779 2344 1833 ait
2370 1797 2381 1832 :
2411 1777 2455 1832 0
2489 1776 2728 1838 Domine,
2759 1774 2930 1838 salva,
2961 1790 3173 1844 quaeso;
3219 1791 3249 1827 ο
3276 1771 3520 1835 Domine,
3563 1771 3690 1824 bene

2107 1887 2414 1940 prosperare
2443 1870 2552 1937 fac,
2586 1885 2786 1940 quaeso.
2808 1868 2864 1922 Id
2892 1875 2996 1932 est,
3034 1881 3301 1921 conserva
3333 1865 3455 1919 illos
3475 1864 3568 1933 qui
3600 1863 3686 1917 his

2111 1962 2389 2026 fruuntur,
2425 1963 2499 2015 ita
2541 1969 2601 2015 ut
2650 1960 2984 2031 repleantur,
3046 1967 3100 2014 et
3158 1958 3371 2012 fructus
3403 1956 3576 2026 gratia
3603 1953 3691 2009 di-

2111 2071 2246 2128 gnos
2267 2056 2564 2113 exhibeant
2594 2071 2606 2107 :
2643 2053 2857 2108 facilem
2891 2053 3027 2123 ipsis
3057 2053 3200 2108 viam
3247 2065 3398 2120 para.
3447 2057 3507 2102 ut
3538 2055 3690 2118 post-

2109 2165 2274 2221 quam
2310 2150 2426 2205 haze
2478 2147 2762 2203 consecuti
2812 2144 3036 2210 fuerint,
3091 2159 3121 2198 a
3177 2143 3377 2197 talibus
3415 2140 3575 2195 bonis
3621 2155 3691 2194 ne

2109 2242 2386 2298 excidant.

2183 2335 2348 2392 Vens.
2377 2335 2470 2389 27.
2528 2332 2902 2388 Benediximus
2933 2329 3078 2384 vobis
3135 2327 3198 2382 de
3227 2326 3381 2379 domo
3425 2323 3634 2378 Domini
3667 2337 3688 2375 :

2110 2428 2251 2482 Deus
2294 2426 2553 2481 Dominus
2599 2435 2650 2480 et
2699 2425 2880 2479 illuxit
2921 2422 3090 2477 nobis.
3141 2419 3478 2476 Conﬁtentes
3517 2414 3692 2469 nemi-

2108 2534 2232 2574 nem
2259 2518 2428 2572 alium
2463 2532 2628 2587 quam
2661 2517 2843 2587 ipsum
2871 2514 3166 2569 Dominum
3194 2512 3311 2566 haec
3338 2509 3473 2578 ipsis
3502 2515 3692 2564 ostem

2109 2613 2259 2668 disse
2289 2627 2353 2666 ac
2381 2610 2720 2676 exhibuisse,
2753 2623 2924 2680 quare
2957 2607 3151 2662 dicunt
3171 2620 3184 2657 :
3204 2602 3576 2658 Benediximus
3603 2617 3692 2655 ιιον

2110 2705 2210 2770 bis,
2236 2704 2364 2776 quia
2403 2705 2582 2759 illuxit
2629 2709 2866 2757 vestram
2914 2700 3147 2756 salutem
3179 2695 3498 2753 ostendens.
3533 2691 3692 2750 Βοειν

2107 2812 2274 2868 quam
2325 2803 2506 2852 autem
2542 2800 2842 2850 oraverunt
2877 2799 2934 2848 et
2976 2791 3032 2845 in
3073 2789 3282 2860 Spiritu
3334 2791 3527 2841 sancto
3576 2783 3700 2839 haec.

2108 2890 2292 2944 futura
2335 2894 2738 2959 prospexerunt
2797 2883 3097 2955 prophetae,
3151 2880 3344 2937 beatos
3390 2876 3692 2948 praedicant

2106 2997 2202 3038 eos
2238 2981 2331 3053 qui
2370 2981 2564 3035 horum
2599 2977 2760 3034 ﬁnem
2790 2984 2846 3032 et
2892 2973 3145 3031 eﬁ‘ectum
3179 2969 3473 3042 aliquando
3500 2982 3694 3023 cense.-

2107 3073 2287 3129 cuturi
2315 3082 2465 3129 sunt.
2500 3071 2826 3126 Constituite
2852 3069 2990 3124 diem
3017 3065 3302 3121 solemnem
3329 3064 3384 3116 in
3414 3059 3690 3116 condensis

2107 3183 2271 3237 usque
2303 3164 2373 3219 ad
2420 3181 2619 3218 cornua
2653 3163 2869 3226 altaris,
2922 3175 3021 3216 vos
3059 3175 3128 3214 ex
3178 3155 3433 3229 gentibus
3479 3155 3572 3224 qui
3632 3151 3690 3207 in

424 3247 594 3302 t-Ovibv
627 3251 685 3302 tv
716 3253 829 3313 τοῖς
875 3249 1198 3314 πυκάζουσι.
1234 3248 1403 3303 Τοῦτο
1435 3250 1494 3304 δὲ
1540 3254 1568 3305 ὁ
1623 3253 1722 3324 μὲν
1771 3254 2003 3318 Ἀκύλας

2109 3259 2404 3314 condensis
2433 3257 2589 3312 estis.
2610 3255 2726 3309 Hoc
2757 3263 2938 3309 autem
2965 3253 3046 3308 sic
3073 3250 3269 3321 Aquila
3297 3249 3692 3317 interpretatus

424 3341 770 3414 ⁴ἡρμήνευσεν
803 3340 1000 3394 εἰπών·
1033 3341 1267 3408 Δ-ήσατε
1301 3341 1521 3413 ἑορτὴν
1547 3343 1616 3398 ἐν
1648 3345 1968 3414 πιμελέοιιν
1987 3364 2002 3378 ο

361 3425 369 3430 ’
423 3429 461 3482 ὀ·
483 3430 540 3483 δὲ
569 3430 864 3502 Σύμμαχος
884 3449 898 3461 ·
947 3432 1301 3503 Συνὸήσατε
1341 3433 1411 3487 ἐν
1447 3435 1775 3504 πανηγύρει
1819 3437 2008 3491 πυκά-

422 3537 623 3591 σματα
648 3522 756 3588 ἕως
778 3523 898 3576 τῶν
924 3525 1189 3594 κεράτων
1208 3526 1314 3580 τοῦ
1347 3528 1801 3596 θυσιαστηρίου.
1833 3529 2008 3601 Προσ-

424 3613 678 3668 τάττειδὲ
706 3614 794 3668 διὰ
821 3614 1030 3669 τούτων
1060 3617 1274 3681 πολλοῖς
1308 3619 1614 3690 κειμηλίοις
1647 3619 1889 3692 πληροῦν
1915 3622 2007 3676 τὸν

2106 3359 2192 3406 est
2225 3371 2238 3404 :
2271 3349 2463 3418 Ligate
2488 3347 2879 3403 solemnitatem
2911 3344 2968 3397 in
2989 3335 3693 3412 pinguibus;.Symmacbus

2108 3459 2240 3498 vero
2272 3462 2284 3498 :
2318 3441 2582 3512 Colligate
2625 3440 2683 3494 in
2710 3437 3014 3493 celebritate
3063 3433 3386 3497 densitates,
3424 3444 3590 3497 usque
3622 3425 3692 3485 ad

2108 3550 2308 3590 cornua
2331 3533 2546 3587 altaris.
2577 3529 2675 3585 His
2701 3535 2884 3584 autem
2934 3524 3206 3596 praecipit,
3243 3519 3439 3576 multis
3461 3517 3693 3572 cimeliis

2107 3625 2329 3683 domum
2375 3623 2470 3681 Dei
2517 3623 2756 3694 replere,
2802 3628 2966 3690 atque
3016 3614 3263 3672 donariis
3311 3609 3692 3680 frequentibus

423 3701 571 3760 οἶκον
607 3705 698 3760 τοῦ
747 3705 897 3761 Θεοῦ.
929 3708 1024 3761 καὶ
1068 3709 1382 3779 ἀναθήμασι
1428 3712 1652 3774 πυκνοῖς
1707 3713 2003 3783 στεφανοῦν

2107 3718 2280 3788 ipsam
2318 3715 2659 3787 temporibus
2697 3711 3106 3771 solemnitatum
3142 3718 3437 3764 coronarea

425 3797 586 3856 αὑτὸν
612 3797 755 3852 κατὰ
783 3800 910 3863 τοὺς
933 3797 1043 3852 τῶν
1070 3798 1274 3871 ἑορτῶν
1299 3801 1544 3872 καιρούς.

497 3893 638 3958 Θεός
669 3909 787 3962 μου
816 3891 871 3945 εἴ
901 3891 1006 3956 σὺ,
1031 3892 1129 3946 καὶ
1157 3891 1677 3963 ἐξομολογήσομαί
1703 3911 1830 3950 σοι·
1862 3898 2007 3963 Θεός

416 4006 537 4059 μου
569 3985 627 4043 εἷ
660 3987 764 4051 σὺ,
791 3987 890 4042 καὶ
913 3986 1140 4057 ὑψώσω
1169 4005 1262 4043 σε.
1291 3990 1694 4062 Προστάττεται
1725 3991 1785 4045 δὲ’
1813 3994 1840 4046 ὁ
1871 4009 2002 4062 συγ-

424 4081 712 4155 κροτηθεὶς
736 4080 796 4133 tv
837 4078 1057 4152 Χριστῷ
1087 4079 1214 4145 λαὸς
1254 4082 1320 4136 ὲκ
1343 4099 1412 4135 τε-
1435 4083 1530 4136 τοῦ
1566 4065 1798 4157 Ἰσραὴλ.
1818 4087 1912 4140 καὶ
1942 4089 2006 4141 ἐκ

422 4173 516 4229 τοῦ
549 4174 698 4228 οῐκου
744 4171 974 4245 Ἀαρὼν,
1008 4175 1106 4227 καὶ
1149 4175 1215 4228 ἐκ
1243 4174 1350 4229 τῶν
1382 4174 1732 4247 φοϐουμένων
1762 4177 1853 4232 τὸν
1893 4179 2001 4231 K6”-

426 4284 540 4340 ριον
591 4266 1028 4338 ἐξομολογεῖσθαι
1061 4267 1154 4320 καὶ
1194 4265 1374 4336 λέγειν
1416 4270 1473 4322 tv
1505 4270 1574 4340 τῇ
1619 4268 2004 4342 ἐξομολογήσει

422 4357 504 4420 τὸ,
534 4359 680 4424 Θεός
718 4377 838 4429 μου
881 4355 940 4412 εἷ
987 4358 1104 4423 σὺ,
1153 4359 1249 4413 καὶ
1301 4359 1828 4431 ἐξομολογήσομαί
1868 4379 2000 4415 σοι·

426 4451 569 4517 Θεός
594 4467 713 4519 μου
728 4446 797 4504 εἴ
817 4450 922 4516 σὺ,
951 4450 1300 4520 καῖ’ὑψώσω
1325 4468 1419 4506 σε.
1453 4452 2006 4524 Ἐξομολογήσομαί

422 4558 541 4604 σοι,
576 4541 664 4595 ὅτι
688 4541 1042 4609 ἐπήκουσὰς
1062 4561 1216 4613 μου,
1250 4545 1350 4598 καὶ
1393 4545 1618 4615 ἐγένου
1633 4564 1735 4615 μοι
1765 4549 1851 4613 εὶς
1889 4563 2004 4602 σω-

2183 3897 2344 3953 Vens.
2377 3895 2467 3959 28,
2499 3895 2592 3950 29.
2625 3895 2761 3949 Deus
2796 3908 2938 3946 meus
2968 3907 3021 3946 es
3051 3899 3129 3957 tu,
3159 3898 3210 3946 et
3237 3887 3525 3959 conﬁtebor
3560 3885 3692 3940 tibi:

2107 3992 2250 4046 Deus
2282 4007 2425 4045 meus
2455 4007 2507 4044 es
2536 3999 2614 4053 tu,
2651 3997 2701 4042 et
2732 3983 2980 4042 exaltabo
3012 3993 3078 4040 te.
3125 3982 3370 4054 Populus
3401 3999 3468 4038 ex
3499 3980 3691 4046 Israel,

2105 4098 2170 4137 ex
2201 4081 2364 4136 domo
2386 4079 2571 4134 Aaron
2590 4086 2646 4134 et
2671 4093 2738 4133 ex
2769 4075 3090 4133 timentibus
3112 4073 3424 4136 Dominum,
3457 4075 3510 4127 in
3533 4072 3694 4128 Chri-

2105 4187 2194 4232 sto
2236 4179 2624 4245 congregatus,
2651 4170 2877 4241 jubetur
2914 4167 3167 4222 conﬁteri
3201 4182 3265 4222 ac
3293 4166 3517 4222 dicere:
3549 4164 3691 4218 Deus

2105 4284 2250 4322 meus
2278 4282 2332 4320 es
2363 4275 2439 4330 tu,
2483 4275 2534 4320 et
2576 4260 2864 4333 conﬁtebor
2902 4261 3036 4314 tibi:
3066 4260 3202 4315 Deus
3249 4276 3394 4313 meus
3440 4275 3494 4312 es
3533 4267 3607 4320 tu,
3641 4265 3691 4309 et

2103 4360 2352 4415 eaaltabo
2382 4368 2450 4414 te.
2492 4357 2796 4428 Conﬁtebor
2827 4355 2940 4419 tibi,
2987 4354 3238 4426 quoniam
3276 4350 3546 4405 exaudisti
3585 4367 3688 4413 me,

2105 4465 2153 4510 et
2186 4453 2359 4523 factus
2397 4469 2450 4506 es
2489 4450 2620 4504 mihi
2663 4451 2722 4503 in
2746 4449 2994 4504 salutem.
3028 4446 3129 4502 Cui
3176 4459 3339 4514 porro
3365 4443 3482 4498 INBC
3531 4441 3686 4503 dicit,
3783 4514 3791 4520 .

2107 4549 2212 4604 nisi
2264 4545 2493 4601 Domino
2534 4544 2789 4614 superius
2848 4542 3149 4605 declarato,
3206 4539 3298 4610 qui
3346 4537 3414 4592 de
3459 4533 3688 4590 tribula-

422 4634 653 4703 τηρίαν.
686 4635 806 4689 Τίνι
833 4634 890 4688 δὲ
919 4634 1094 4690 ταῦτα
1135 4636 1281 4705 λέγει
1308 4637 1339 4708 ἢ
1376 4636 1453 4709 τῷ
1484 4639 1746 4711 ἀνωτέρω
1773 4639 2003 4710 δεδηλω-

2111 4640 2258 4694 tione
2303 4637 2480 4709 ipsum
2510 4635 2780 4700 liberavit,
2808 4634 2900 4704 qui
2948 4633 3112 4688 etiam
3153 4631 3405 4686 inimicos
3445 4627 3566 4697 ejus
3595 4626 3691 4681 de-

307 4783 313 4790 .
427 4726 574 4797 μένῳ
623 4726 812 4799 Κυρίῳ
848 4725 928 4797 τῷ
975 4727 1071 4781 καὶ
1117 4728 1189 4781 ὲκρ
1225 4727 1456 4800 θλίψεως
1490 4729 1780 4801 ῥυσαμένῳ
1817 4730 2000 4794 αὑτὸν,

422 4819 500 4890 τῷ
541 4820 636 4873 καὶ
684 4820 811 4883 τοὺς
843 4818 1271 4891 ἐχθροὺς-αὐτοῦ
1327 4820 1744 4886 ταπεινώσαντι,
1783 4820 1860 4892 τῷ
1905 4822 2001 4876 καὶ

423 4910 512 4964 τὸν
565 4910 710 4964 λίθον
762 4909 854 4963 τὸν
914 4909 1305 4982 ἀποϐληθέντα
1350 4913 1489 4983 πρὸς
1547 4913 1656 4966 τῶν
1700 4914 2000 4986 οἰκοδόμων

424 5001 720 5073 ὑψὼσαντι,
756 5001 834 5073 τῷ
862 5003 961 5056 καὶ
995 5001 1324 5058 εύθδώσαντι
1368 5005 1462 5059 καὶ
1495 5004 1728 5059 σώσαντι
1766 5007 1893 5071 τοὺς
1927 5010 2008 5073 εἰς

421 5094 585 5148 αὐτὸν
627 5092 1000 5158 πιστεύοντας.
1040 5094 1528 5167 Ἐξομολοτεῖσθε
1570 5096 1652 5162 τῷ
1684 5099 1880 5166 Κυρίῳ
1919 5099 2009 5153 ὅτι

421 5184 664 5254 ἀγαθὸς,
698 5184 788 5238 ὅτι
818 5188 904 5252 εὶς
932 5185 1041 5239 τὸν
1059 5184 1250 5240 αίῶνα
1274 5187 1340 5240 τὸ
1373 5187 1547 5254 ἕλεος
1577 5188 1788 5246 αὐτοῦ.

915 5303 1336 5357 ΑΛΛΗΛΟΥΙᾹ.
1356 5303 1474 5356 PII!

490 5392 780 5460 Μακάριοι
818 5397 874 5448 οί
894 5394 1121 5465 ἄμωμοι
1149 5396 1220 5450 ὲν
1251 5394 1329 5464 τῇ
1361 5395 1498 5460 ὀδῷ,
1526 5397 1581 5449 οἱ
1615 5395 2006 5465 πορευόμενοι

420 5480 491 5537 ἐν
533 5485 697 5554 νόμῳ
751 5487 994 5554 Κυρίου.
1030 5487 1316 5556 Μακάριοι
1349 5490 1403 5542 οἱ
1444 5485 1877 5556 ἐξερευνῶντες
1932 5489 2006 5542 τὰ

416 5575 708 5643 μαρτύρια
744 5576 951 5642 αὐτοῦ,
979 5578 1048 5632 ἐν
1077 5578 1189 5648 ὅλῃ
1218 5579 1292 5648 τῇ
1329 5579 1540 5648 καρδίᾳ
1565 5577 2004 5648 ἑκζητήσουσιν

422 5667 628 5720 αὐτόν.
655 5669 736 5721 Οὐ
761 5668 872 5737 γὰρ
891 5673 946 5724 οἱ
965 5669 1339 5741 ἐργαζόμενοι
1361 5671 1476 5742 τὴν
1499 5673 1756 5742 ἀνομίαν
1778 5672 1848 5727 ἐν
1871 5671 2002 5738 ταῖς

424 5757 585 5824 ὁδοῖς
614 5760 802 5815 αὐτοῦ
844 5762 1282 5834 ἐπορεύθησαν.
1327 5764 1409 5820 Σὺ
1443 5765 1719 5821 ὲνετείλω
1767 5765 1872 5831 τὰς
1903 5765 1991 5818 ἔνι

494 5912 528 5942 ⁸
553 5912 740 5971 Matth.
775 5933 836 5982 ν..
867 5915 916 5984 8.

2110 4733 2333 4804 pressit,
2375 4730 2468 4802 qui
2510 4729 2860 4798 reprobatum
2911 4725 2980 4779 ab
3011 4721 3409 4779 aediﬁcantibus
3455 4717 3690 4788 lapidem

2110 4823 2389 4890 exaltavit,
2422 4821 2514 4893 qui
2547 4819 2731 4874 ﬁdeles
2771 4834 2900 4874 suos
2935 4817 3074 4870 bene
3117 4826 3441 4884 prosperare
3483 4808 3612 4864 fecit
3637 4815 3701 4861 et-

2112 4918 2289 4973 salute
2317 4915 2561 4970 donavit.
2589 4910 2927 4981 Conﬁtemini
2960 4908 3185 4963 Domino
3220 4906 3469 4978 quoniam
3503 4901 3688 4964 bonus.

2108 5011 2354 5081 quoniam
2386 5009 2441 5060 in
2469 5005 2721 5063 saculum
2748 5000 3114 5058 misericordia
3137 5000 3272 5070 ejus.

2591 5287 2956 5344 ALLELUIA.
2993 5282 3225 5342 CXVIII:

2179 5388 2348 5445 Vens.
2393 5385 2536 5442 1-8.
2577 5383 2731 5438 Beati
2778 5379 3343 5439 immaculati-in-ma,
3378 5391 3465 5444 qui
3499 5371 3689 5425 ambu-

2110 5485 2223 5538 lant
2256 5485 2310 5537 in
2344 5483 2449 5552 lege
2481 5479 2713 5534 Domini.
2750 5475 2902 5530 Beati
2941 5476 3030 5545 qui
3059 5481 3364 5527 scrutantur
3388 5469 3690 5522 testimonia

2104 5577 2239 5647 ejus,
2273 5577 2329 5629 in
2355 5584 2462 5628 toto
2490 5572 2645 5628 corde
2670 5571 2944 5642 exquirent
2964 5584 3103 5622 eum.
3135 5564 3257 5618 Non
3283 5563 3420 5618 enim
3449 5562 3539 5632 qui
3569 5576 3692 5629 ope-

2106 5679 2296 5724 rantur
2341 5667 2708 5736 iniquitatem,
2751 5661 2941 5716 in-viis
2985 5659 3097 5728 ejus
3141 5654 3561 5710 ambulaverunt.
3613 5649 3690 5704 Ta

2109 5760 2373 5818 mandasti
2411 5759 2787 5818 mandatatua
2809 5752 3071 5810 custodiri
3100 5750 3276 5806 nimis.
3313 5745 3525 5801 Utinam
3556 5743 3690 5797 diri-
