4102 6418
390 448 528 508 1567

1095 451 1367 508 EUSEBII
1405 451 1887 510 CAESARIENSIS
1920 452 2070 510 OPP.
2114 451 2296 508 PARS
2335 449 2428 509 111.
2464 479 2534 496 --
2575 450 2983 511 EXEGETICA.

3516 451 3664 513 1868

383 580 581 644 gantur
605 571 703 627 uite
727 570 797 625 ad
821 570 1195 627 custodiendas
1210 573 1627 644 justiﬁcationes
1659 586 1798 629 tuas.
1826 572 1972 627 Tunc

2073 570 2251 637 τολάς
2282 585 2398 625 σου
2431 569 2816 639 φυλάξασθαι
2869 570 3126 641 σφόδρα.
3154 570 3415 641 Ὧςρελον
3440 585 3661 624 nassu-

384 679 490 717 non
527 661 850 732 confundor,
888 679 1008 717 cum
1037 680 1315 735 respexero
1346 667 1525 721 omnia
1558 666 1813 720 mandata
1852 674 1968 719 tua.

384 753 694 824 Conﬁtebor
727 755 823 809 tibi
854 757 910 811 in
941 756 1256 812 rectitudine
1293 758 1490 822 cordis,
1518 758 1657 829 quod
1696 757 1971 811 didicerim

386 845 592 913 iudicia
632 847 863 918 justilite
892 857 1014 905 tum.
1043 847 1466 919 Justiﬁcationes
1501 860 1622 905 tuas
1655 849 1968 915 custodiam,

385 953 491 989 non
530 953 613 991 me
655 937 991 1009 derelinquas
1035 956 1423 1012 usquequaque.
1462 939 1797 995 lmmaculati
1839 955 1972 996 sane

385 1025 594 1081 fuerint
616 1029 708 1098 qui
736 1028 962 1098 perfecti
994 1038 1125 1085 sunt
1153 1030 1210 1086 in
1232 1032 1339 1096 via,
1375 1048 1514 1102 quos
1554 1033 1742 1086 beaws
1772 1032 1970 1102 praedi-

384 1133 515 1173 care
572 1117 805 1175 docetur
860 1122 908 1177 is
948 1123 1049 1192 qui
1098 1105 1514 1180 in'divinarum
1554 1125 1968 1195 disciplinarum

385 1208 679 1279 principiis
711 1218 766 1265 et
810 1210 1138 1269 rudimentis
1165 1221 1458 1282 versatur;
1490 1230 1559 1270 ne
1588 1216 1706 1285 ipse
1750 1214 1970 1272 inﬂatus

384 1311 723 1356 nocumento
754 1303 1040 1370 adiciatur,
1076 1316 1137 1360 ut
1169 1307 1284 1378 jam
1317 1321 1378 1365 se
1408 1307 1629 1363 beatum
1659 1308 1968 1372 aestimans;

385 1391 483 1445 sed
514 1404 776 1463 agnoscat
807 1411 866 1451 se
895 1400 1081 1467 procul
1119 1399 1313 1456 abesse
1337 1400 1407 1454 ab
1445 1399 1515 1455 iis
1536 1400 1629 1469 qui
1661 1400 1804 1454 beati
1831 1415 1970 1469 prae-

384 1482 665 1541 dicantur.
717 1486 870 1542 Beati
910 1490 1003 1561 qui
1038 1500 1350 1545 scrutantur
1391 1493 1692 1546 testi'nonia
1735 1492 1872 1561 ejus,
1915 1492 1969 1546 in

386 1581 497 1628 toto
527 1576 682 1632 corde
704 1582 978 1651 exquirant
1018 1597 1158 1637 eum.
1193 1581 1271 1639 De
1302 1583 1638 1639 testimoniis
1659 1583 1770 1653 jam
1798 1583 1972 1639 disse-

383 1666 642 1724 ruimus:
676 1671 763 1725 via
807 1672 972 1744 igitur
1001 1669 1320 1745 huiusmodi
1362 1677 1806 1733 testimoniorum
1852 1675 1972 1732 fue-

383 1757 479 1820 rit,
531 1761 833 1816 secundum
879 1780 1073 1820 eorum
1122 1774 1361 1823 mentem
1406 1767 1701 1839 progredi,
1746 1782 1858 1822 non
1903 1783 1970 1823 ex

383 1848 630 1914 tristitia,
656 1863 750 1906 aut
778 1871 848 1910 ex
887 1856 1249 1924 necessitate;
1286 1857 1384 1915 sed
1413 1873 1539 1913 cum
1580 1858 1729 1912 omni
1763 1858 1969 1922 laetitia,

2074 664 2445 730 θυνθειησαν
2473 667 2532 717 al
2564 663 2693 717 ὁδοί
2731 680 2851 733 μου
2883 663 2990 718 τοῦ
3035 663 3421 733 φυλάξασθαι
3454 666 3528 716 τὰ
3574 659 3666 715 δι-

2071 755 2375 826 καιώματά
2402 770 2541 812 σου.
2576 757 2716 811 Τότε
2740 758 2852 811 οὐκ
2878 757 3186 827 αὶσχυνθῶ
3211 757 3282 811 ἐν
3314 755 3395 822 τῷ
3424 773 3503 827 με
3530 757 3663 811 ἑπι-

2073 848 2321 903 σλέπειν
2348 847 2446 901 ἐπὶ
2490 847 2693 915 πάσας
2723 849 2832 916 τὰς
2869 848 3119 914 ἐντολάς
3160 861 3297 902 σου.
3341 848 3661 919 Ἐξομολο-

2069 937 2339 1007 τήσομαι
2363 953 2465 990 σοι
2519 938 2588 991 ἐν
2614 940 2894 1007 εὐθύτητι
2942 938 3210 1008 καρδίας,
3249 939 3319 993 ἐν
3348 936 3429 1003 τῷ
3465 954 3664 1009 μεμα-

2072 1027 2323 1097 θηκέναι
2348 1045 2425 1098 με
2452 1031 2523 1083 τὰ
2543 1031 2797 1098 κρίματα
2831 1029 2941 1099 τῆς
2966 1030 3357 1100 δικαιοσύνης
3398 1045 3539 1086 σου.
3582 1031 3662 1088 Τὰ

2071 1119 2434 1190 δικαιώματά
2464 1135 2581 1177 σου
2610 1122 2879 1190 φυλάξω,
2904 1122 2990 1192 μή
3009 1141 3088 1194 με
3108 1124 3520 1193 ἐγκαταλίπῃς
3545 1121 3662 1187 ἕως

2071 1213 2328 1283 σφόδρα.
2363 1214 2616 1283 ’Δμωμοι
2644 1212 2688 1266 δ’
2723 1213 2790 1268 ἂν
2834 1210 2946 1267 εἷεν
2985 1214 3080 1268 καὶ
3115 1215 3165 1269 οἱ
3205 1213 3400 1267 τέλειοι
3439 1215 3496 1267 ὲν
3529 1212 3660 1284 ὀδῷ,

2070 1305 2167 1371 οὓς
2200 1305 2293 1359 καὶ
2321 1305 2621 1376 μακαρίους
2643 1306 2965 1376 ἀποφαίνειν
2994 1306 3301 1361 διδάσκεται
3321 1307 3351 1360 ό
3379 1308 3436 1358 ὲν
3458 1305 3663 1375 ἀρχαῖς

2070 1398 2360 1468 τυγχάνων
2384 1396 2491 1449 τῶν
2519 1396 2680 1452 Θείων
2723 1398 3060 1470 μαθημάτων
3079 1415 3092 1428 ·
3125 1398 3201 1462 ὡς
3239 1398 3304 1451 ἂν
3341 1398 3415 1468 μὴ
3444 1393 3665 1466 ἐπιτρι-

2071 1491 2221 1543 6οιτο
2250 1489 2411 1553 αὐτὸς
2438 1489 2822 1560 χαυνούμενος,
2851 1490 2926 1552 ὡς
2951 1490 3053 1560 ήδη
3086 1489 3352 1560 μακάριος
3371 1504 3385 1518 ’
3408 1484 3663 1560 γινώσκῃ

2022 1618 2033 1623 -
2069 1582 2148 1648 δὲ,
2182 1581 2267 1634 ὅτι
2314 1581 2499 1652 μακρὰ
2532 1581 2832 1653 ἀφυστερεί
2858 1580 2964 1634 τῶν
3010 1579 3490 1651 μακαριζομένων.
3534 1580 3662 1632 Ma-

2069 1671 2266 1740 κάριοι
2324 1673 2381 1724 οἱ
2424 1668 2851 1738 ἐξερευνῶντες
2890 1669 2962 1723 τὰ
3004 1670 3300 1738 μαρτύρια
3330 1665 3521 1722 αὑτοῦ
3542 1706 3558 1728 ,
3586 1667 3664 1721 ἐν

2072 1762 2187 1832 ὅλῃ
2231 1760 2309 1830 τῇ
2356 1761 2567 1830 καρδίᾳ
2615 1759 3053 1828 ἐκζητήσουσιν
3107 1761 3313 1815 αὐτόν.
3363 1757 3503 1831 Περὶ
3547 1757 3662 1810 τῶν

2077 1854 2393 1926 μαρτυρίων
2424 1853 2523 1923 ἠδη
2572 1852 2979 1924 διηγησάμεθαο
3024 1852 3143 1915 ὁδδς
3190 1846 3287 1905 οὖν
3338 1848 3664 1922 μαρτυρίων

384 1939 843 2007 quemadmodum
891 1944 966 1998 ait
1010 1944 1321 2016 Propheta:
1382 1947 1538 2002 Viam
1596 1947 1969 2002 mandatorum

2075 1946 2281 2004 τούτων
2322 1944 2406 2014 εἴη
2450 1944 2516 1999 ἂν
2539 1944 2601 1997 τὸ
2644 1944 2858 1997 ὁδεῦσαι
2896 1943 3039 1998 κατὰ
3076 1943 3138 1997 τὸ
3167 1941 3415 2013 βούλημα
3447 1938 3659 2003 αὐτῶν,

383 2037 600 2083 tuorum
624 2034 856 2098 cucurri,
887 2051 1005 2089 cum
1034 2035 1281 2091 dilatasti
1307 2053 1401 2091 cor
1421 2053 1613 2092 meum.

2076 2037 2178 2091 οὐκ
2211 2039 2275 2092 ὲκ
2318 2036 2494 2106 λύπης
2527 2036 2560 2106 ἦ
2604 2035 2664 2100 ἐξ
2689 2037 2966 2106 ἀνάγκης,
2997 2034 3134 2089 ἀλλὰ
3162 2033 3301 2106 μετά
3349 2034 3534 2104 πάσης
3568 2029 3663 2084 εὑ-

382 2118 680 2192 φροσύνης,
708 2121 843 2175 καθὸ
895 2123 924 2176 ὁ
958 2124 1255 2197 Προφήτης
1293 2126 1459 2197 φησιν
1494 2143 1509 2159 ο
1565 2126 1740 2181 ὀδὸν
1765 2124 2032 2180 ἐντολῶν
2081 2141 2201 2181 σου
2262 2126 2522 2197 ἔδραμον
2546 2165 2562 2191 ,
2626 2126 2772 2179 ὅταν
2830 2126 3178 2193 ἐπλάτυνας
3233 2125 3349 2195 τὴν
3401 2123 3664 2194 καρδίαν

377 2229 518 2280 μου.

457 2301 625 2358 Vens.
664 2302 817 2360 9-16.
862 2305 931 2361 In
976 2324 1079 2379 quo
1126 2312 1351 2381 corriget
1385 2313 1572 2381 junior
1606 2315 1743 2367 viam
1773 2315 1968 2368 suam?

380 2394 439 2448 in
466 2396 811 2455 custodiendo
844 2417 1108 2457 sermones
1141 2413 1279 2467 tuos.
1319 2403 1385 2459 In
1413 2413 1522 2459 toto
1551 2405 1707 2459 corde
1741 2423 1855 2460 meo
1883 2420 1970 2459 ea:-

382 2488 577 2557 quisiui
605 2500 673 2555 te,
708 2509 772 2547 ne
802 2495 1028 2563 repellas
1062 2514 1144 2552 me
1170 2515 1204 2553 a
1234 2498 1502 2554 mandatis
1544 2501 1670 2556 tuis.
1713 2499 1779 2553 In
1814 2500 1970 2555 corde

384 2596 503 2634 meo
533 2580 789 2639 abscondi
816 2586 1027 2658 eloquia
1056 2600 1171 2655 tua,
1202 2600 1260 2645 ut
1290 2609 1396 2647 non
1425 2609 1629 2663 peccem
1657 2594 1772 2649 tibi.
1804 2593 1972 2649 Bene-

382 2673 559 2730 dictus
583 2694 659 2744 es,
698 2679 945 2748 Domine,
972 2684 1102 2740 doce
1142 2702 1223 2740 me
1255 2688 1669 2757 justiﬁcationes
1712 2698 1855 2743 tuas.
1903 2686 1970 2742 In

384 2768 545 2824 labiis
584 2773 714 2827 meis
751 2776 1023 2830 enuntiari
1057 2776 1237 2832 bmnia
1267 2780 1479 2848 judicia
1508 2782 1616 2834 oris
1659 2782 1754 2834 tui.
1789 2779 1855 2834 In
1885 2781 1971 2835 via

383 2860 809 2919 testimoniorum
842 2876 1053 2921 tuorum
1083 2869 1374 2925 delectatus
1402 2888 1519 2925 sum
1548 2873 1685 2925 sicut
1715 2874 1772 2926 in
1800 2874 1972 2926 omni-

385 2964 482 3007 bus
519 2953 743 3011 divitiis.
789 2957 856 3013 In
887 2961 1158 3016 mandatis
1195 2964 1299 3018 tuis
1328 2963 1625 3027 exercebar,
1657 2972 1707 3017 et
1733 2963 1973 3020 conside-

381 3042 517 3100 rabo
546 3043 660 3101 vias
697 3057 839 3103 tuas.
885 3047 953 3103 In
976 3051 1458 3122 justi/icatiouibus
1500 3056 1603 3109 tuis
1634 3054 1927 3108 meditabor
1947 3070 1968 3109 :

382 3148 491 3188 non
510 3135 795 3192 obliviscar
811 3156 1075 3198 sermones
1099 3152 1237 3198 tuos.
1264 3142 1407 3201 Justi
1431 3144 1621 3215 judicii
1653 3147 1733 3199 tui
1761 3160 1967 3201 sermoo

2158 2308 2262 2360 Ἑν
2287 2305 2405 2358 τινι
2435 2305 2791 2374 κατορθώσει
2816 2304 3100 2374 νεώτερος
3125 2304 3242 2374 τὴν
3262 2304 3410 2359 ὁδὸν
3427 2308 3657 2373 αὐτοῦς

2072 2398 2143 2454 ἐν
2157 2395 2236 2461 τῷ
2251 2395 2631 2464 φυλάξασθαι
2644 2396 2786 2462 τοὺς
2798 2397 3020 2466 λόγους
3032 2412 3170 2451 σου.
3190 2397 3295 2451 Ἐν
3310 2396 3426 2466 ὅλῃ
3441 2399 3665 2469 καρδίᾳ

2067 2506 2191 2559 μου
2212 2486 2544 2557 ἐξεζήτησά
2571 2502 2662 2551 σε,
2684 2485 2772 2557 μὴ
2791 2485 3006 2557 ἀπώσῃ
3023 2503 3102 2557 με
3118 2487 3237 2543 ἀπὸ
3257 2487 3378 2543 τῶν
3390 2488 3665 2547 ἐντολῶν

2075 2596 2213 2638 σου.
2252 2580 2349 2634 Ἐν
2389 2579 2466 2649 τῇ
2513 2580 2723 2649 καρδίᾳ
2748 2597 2868 2650 μου
2901 2580 3141 2649 ἔκρυψα
3187 2584 3262 2636 τὰ
3290 2581 3470 2652 λότιὰ
3516 2600 3662 2651 σου,

2073 2674 2238 2741 ὅπως
2275 2672 2351 2727 ἂν
2389 2672 2476 2743 μὴ
2519 2672 2754 2743 ἁμάρτω
2804 2686 2924 2729 σοι.
2961 2673 3311 2743 Εὐλογητὸς
3345 2669 3421 2739 εἴ,
3452 2676 3661 2744 Κύριε,

2072 2767 2326 2833 διδαξόν
2350 2784 2429 2836 [te
2454 2766 2529 2820 τὰ
2553 2765 2916 2836 δικαιώματά
2947 2783 3084 2820 σου.
3133 2767 3229 2819 Ἐν
3255 2766 3382 2833 τοῖς
3420 2768 3665 2836 χείλεσί

2065 2877 2190 2930 μου
2217 2857 2535 2928 ὲξήττειλα
2577 2856 2771 2911 πάντα
2804 2856 2876 2911 τὰ
2921 2857 3175 2927 κρίματα
3211 2857 3321 2911 τοῦ
3357 2860 3665 2927 στόματός

2071 2965 2212 3008 σου.
2250 2951 2355 3005 Ἐν
2378 2948 2461 3019 ,τῇ
2505 2948 2622 3015 ὀδῷ
2647 2948 2766 3004 τῶν
2800 2951 3142 3019 μαρτυρίων
3190 2965 3308 3003 σου
3339 2949 3662 3020 ἐτέρφθην,

2074 3046 2158 3111 ὡς
2202 3041 2302 3096 ἐπὶ
2349 3041 2528 3096 παντὶ
2563 3043 2824 3110 πλούτῳ.
2891 3042 2989 3096 Ἐν
3029 3040 3158 3108 ταῖς
3218 3041 3499 3108 ἐντολαῖς
3539 3059 3663 3097 σου

2075 3134 2498 3204 ἀδολεσχήσω,
2524 3135 2622 3189 και
2652 3132 3006 3200 κατανοήσω
3025 3132 3135 3200 τὰς
3162 3132 3344 3200 ὁδούς
3379 3146 3521 3188 σου.
3565 3134 3665 3187 Ἐν

385 3241 508 3292 nes,
547 3229 751 3299 inquit,
781 3234 1047 3288 memoria
1070 3242 1346 3305 repetens,
1377 3252 1628 3307 magnam
1661 3237 1787 3292 hinc
1818 3240 1969 3294 utili-

2073 3228 2201 3294 τοῖς
2229 3225 2583 3296 δικαιώμασί
2613 3242 2731 3282 σου
2765 3224 3082 3296 μελετήσω
3100 3242 3115 3256 ·
3149 3226 3261 3278 οὐκ
3289 3223 3664 3294 ἐπιλήσομαι

386 3325 555 3374 tatem
582 3329 778 3380 nactus
821 3339 966 3380 sum.
1016 3322 1210 3393 Timeo
1248 3336 1429 3383 autem
1462 3344 1533 3384 ne
1570 3331 1864 3401 aliquando
1912 3332 1970 3388 in

387 3410 585 3466 horum
607 3414 938 3473 oblivionem
962 3418 1180 3475 veniam
1206 3438 1219 3475 :
1245 3436 1419 3491 quare
1438 3422 1743 3477 orationem
1772 3422 1969 3493 eﬂudi;

390 3518 451 3558 ut
476 3520 578 3576 per
607 3518 776 3562 totam
799 3508 967 3564 vitam
1001 3525 1201 3579 meam,
1225 3519 1280 3567 et
1305 3513 1453 3567 omni
1484 3519 1749 3584 tempore,
1778 3514 1970 3583 iudicii

385 3597 467 3652 tui
499 3613 712 3655 memor
743 3603 872 3666 sim;
905 3602 1025 3660 sive
1057 3604 1167 3659 alio
1192 3605 1391 3660 modo:
1427 3607 1757 3663 universalis
1783 3606 1975 3664 Provi-

385 3686 586 3745 dentia:
629 3701 755 3757 tuae,
791 3692 1040 3762 Domine,
1066 3694 1277 3767 judicia
1306 3704 1400 3751 tua
1446 3713 1613 3755 nosse
1658 3701 1974 3770 concupivit

386 3796 575 3837 anima
605 3799 748 3840 mea.

460 4045 625 4101 Vsus.
663 4047 854 4103 17-24.
889 4049 1136 4106 Retribue
1169 4068 1316 4106 seruo
1353 4063 1441 4106 tua
1461 4069 1480 4108 :
1510 4054 1679 4108 vivam
1711 4064 1762 4109 et
1801 4066 1974 4111 custo-

386 4140 539 4193 diam
561 4156 827 4196 sermones
857 4152 996 4197 tuos.
1036 4140 1223 4197 Revela
1260 4143 1442 4198 oculos
1467 4160 1630 4211 meus,
1657 4156 1704 4200 et
1740 4147 1976 4203 conside-

386 4227 521 4281 rabo
561 4228 832 4283 mirabilia
872 4241 963 4284 tua
997 4231 1062 4285 de
1102 4231 1212 4302 lege
1237 4242 1349 4289 tua.
1394 4232 1584 4287 Incola
1626 4252 1721 4306 ego
1750 4253 1867 4290 sum
1918 4238 1973 4292 in

390 4329 557 4386 terra,
593 4336 697 4376 non
733 4320 1029 4380 abscondas
1062 4341 1097 4379 a
1126 4341 1206 4380 me
1236 4327 1495 4382 mandata
1522 4338 1633 4384 tua.
1662 4329 1974 4400 Concupivit

390 4413 576 4468 anima
613 4431 732 4470 mea
772 4415 1077 4473 desiderare
1114 4419 1531 4491 iustiﬁcationes
1568 4430 1688 4478 tuus
1728 4424 1787 4477 in
1828 4424 1975 4480 omni

389 4514 637 4575 tempore.
668 4505 963 4577 lncrepasti
987 4512 1259 4579 superbos,
1292 4512 1563 4567 maledicti
1584 4516 1675 4585 qui
1704 4514 1970 4571 declinant

390 4615 427 4651 a
468 4598 738 4652 mandatis
775 4601 901 4657 tuis.
945 4601 1114 4671 Aufer
1145 4620 1180 4656 a
1221 4620 1303 4658 nte
1355 4605 1696 4675 opprobrium
1749 4615 1799 4661 et
1845 4623 1971 4662 con-
1995 4589 2049 4651 Ῑ)

393 4699 668 4758 templum,
704 4692 830 4761 quia
874 4695 1173 4749 testimonia
1218 4705 1310 4750 tua
1343 4699 1618 4768 exquisivi.
1659 4697 1867 4752 Etenim
1899 4715 1977 4754 se-

390 4781 583 4836 derunt
619 4785 877 4852 principes
903 4797 956 4840 et
985 4785 1263 4842 adversum
1290 4805 1370 4843 me
1398 4789 1764 4859 loquebantur,
1795 4805 1973 4845 servus

393 4884 570 4928 autem
601 4885 722 4929 tuus
747 4880 1088 4934 exercebatur
1110 4880 1162 4934 in
1176 4882 1651 4952 justiﬁcationibus
1678 4883 1803 4938 tuis.
1828 4881 1973 4937 Nam

391 4976 444 5020 et
475 4968 777 5022 testimonia
808 4977 901 5024 tua
933 4971 1209 5028 meditatio
1238 4990 1355 5028 mea
1392 4984 1492 5037 est,
1522 4982 1571 5038 et
1600 4974 1823 5028 consilia
1858 4992 1974 5031 mea

288 5054 299 5071 '
386 5062 803 5131 justiﬁcationes
831 5073 956 5121 tuae.
986 5065 1316 5135 Aliquando,
1351 5066 1547 5136 inquit,
1571 5067 1976 5136 exprobrabant

393 5152 553 5218 mihi,
606 5154 735 5209 olim
785 5169 910 5210 cum
954 5165 1181 5227 peccata
1223 5157 1280 5212 in
1329 5175 1416 5214 me
1460 5158 1827 5227 exsisterent;
1873 5160 1976 5215 ali-

396 5245 620 5316 quando
686 5246 1066 5319 despiciebant
1114 5248 1512 5319 vilipendentes
1558 5251 1716 5320 quasi
1768 5253 1974 5309 nullius

398 5338 555 5408 pretii
587 5339 887 5397 hominem.
932 5340 1045 5412 Ego
1068 5356 1197 5397 vero
1227 5342 1459 5398 seorsim
1489 5345 1707 5407 sedens,
1735 5357 1799 5397 ac
1829 5343 1974 5398 divi-

396 5430 487 5485 nis
508 5431 859 5490 sermonibus
884 5432 1130 5489 animum
1160 5433 1446 5499 adhibens,
1473 5434 1854 5505 neminemque
1875 5436 1976 5491 ha-

399 5524 560 5587 bens,
583 5539 825 5594 quocum
847 5526 1215 5590 consulerem,
1250 5526 1564 5595 nullamque
1592 5524 1753 5580 aliam
1779 5539 1975 5586 nactus

399 5614 855 5681 consolationem,
885 5615 1376 5687 justiﬁcationibus
1423 5615 1532 5671 tuis
1570 5631 1671 5686 pro
1715 5619 1975 5674 consilia-

398 5702 501 5759 riis
521 5704 737 5761 utebar.

473 5880 639 5941 \'uas.
666 5883 856 5939 25—29.
893 5883 1441 5959 Adhtrsitpavimeuto
1469 5858 1653 5939 animd
1689 5901 1823 5947 mea,
1852 5886 1977 5941 vivi-

2068 3319 2190 3375 τῶν
2231 3321 2429 3389 λόγων
2486 3336 2627 3375 σου.
2668 3320 2808 3383 Τοὺς
2852 3317 3251 3389 δικαιοκρισίας
3311 3334 3439 3381 σου,
3489 3317 3658 3387 φησι,

2071 3412 2267 3481 λόγους
2288 3410 2686 3482 ἀναλαμϐάνων
2729 3412 2797 3482 τῇ
2833 3411 3023 3485 μνήμῃ
3048 3410 3117 3463 τὰ
3147 3410 3375 3482 μέγιστα
3411 3407 3655 3478 ὠφελοῦ

2078 3523 2200 3578 μαι.
2253 3503 2528 3575 Φοϐοῦμαι
2573 3503 2631 3557 δὲ
2668 3504 2880 3576 μήποτέ
2910 3521 2997 3568 τις
3030 3502 3211 3559 αὐτῶν
3249 3502 3388 3575 λήθη
3434 3506 3493 3557 ὲν
3534 3505 3665 3575 ἐμοὶ⁸

2070 3598 2334 3668 γένηταιο
2364 3595 2553 3666 διόπερ
2579 3596 2744 3667 εὐχὴν
2796 3597 3162 3669 ἐποιησάμην·
3215 3594 3277 3649 τὸ
3326 3595 3392 3648 δι’
3439 3596 3665 3667 ἁπάσης

2070 3694 2172 3766 τῆς
2214 3691 2454 3762 ἐμαυτοῦ
2491 3688 2672 3762 ζωῆς,
2728 3692 2823 3746 καὶ
2873 3692 2930 3746 ἓν
2961 3693 3125 3745 παντὶ
3174 3690 3353 3763 καιρῷ
3400 3691 3504 3761 τῆς
3560 3689 3666 3759 σῆς

2076 3784 2437 3858 μνημονεύειν
2477 3785 2739 3856 κρίσεως’
2782 3785 2816 3857 ἦ
2861 3786 2955 3839 καὶ¹
3001 3785 3202 3849 ἄλλως,
3240 3784 3342 3855 τῆς
3388 3783 3492 3854 σῆς
3538 3781 3664 3836 καθ’

2071 3879 2197 3932 ὅλου
2229 3877 2505 3950 προνοίας,
2537 3870 2584 3930 ὦ
2615 3877 2811 3950 Κύριε,
2839 3876 2911 3931 τὰ
2950 3878 3194 3950 κρίματα
3224 3875 3426 3929 εἰδέναι
3463 3872 3666 3927 ἐπεθύ-

2075 3986 2249 4041 μησεν
2277 3971 2315 4057 ft
2343 3970 2489 4042 ψυχή
2530 3987 2659 4041 μου·

2157 4054 2511 4127 Ἀνταπόδος
2538 4059 2618 4125 τῷ
2647 4059 2846 4130 δούλῳ
2877 4075 2994 4114 σου
3010 4075 3026 4089 ο
3056 4057 3307 4127 (rivatim
3339 4057 3439 4110 καὶ
3468 4054 3665 4125 φυλά-

2073 4152 2159 4217 ξω
2186 4148 2326 4215 τοὺς
2363 4150 2587 4220 λόγους
2615 4166 2754 4205 σου.
2795 4147 3216 4217 Ἀποκάλυψον
3257 4146 3402 4214 τοὺς
3438 4149 3666 4225 ὀφραλ-

2067 4244 2223 4315 μού(
2250 4259 2368 4313 μου
2388 4282 2404 4308 ,
2443 4242 2544 4297 καὶ
2587 4240 2943 4310 κατανοήσω
2979 4239 3052 4294 τὰ
3101 4237 3406 4309 θαυμάσιὰ
3445 4253 3564 4293 σου
3594 4238 3665 4293 ἑκ

2071 4335 2181 4391 τοῦ
2212 4335 2404 4404 νόμον
2444 4350 2582 4390 σου.
2611 4333 2905 4403 Πάροικπ
2928 4330 3042 4402 ἐγώ
3078 4333 3196 4402 ειμι
3238 4331 3307 4385 ἐν
3337 4329 3414 4401 τῇ
3442 4329 3541 4401 τῇ,
3573 4331 3662 4399 μὴ

2071 4427 2437 4496 ἀποκρύψῃς
2479 4426 2581 4481 ἀπ’
2617 4425 2765 4496 ἐμοῦ
2792 4424 2899 4491 τὰς
2927 4423 3182 4490 ἐντολάς
3213 4439 3355 4478 σου.
3412 4424 3665 4480 Ἐπεπό·

2072 4524 2268 4591 θησεν
2290 4520 2329 4587 ἡ
2363 4517 2534 4589 ψυχή
2580 4536 2699 4589 μου
2736 4517 2844 4571 τοῦ
2883 4515 3251 4586 ἐπιθυμῆσαι
3280 4516 3354 4571 τὰ
3403 4516 3665 4587 κρίματά

2072 4628 2193 4671 σου
2220 4612 2291 4667 ἐν
2326 4610 2506 4665 παντὶ
2542 4608 2745 4678 καιρῷ.
2782 4609 3185 4678 Ἐπετίμησας
3224 4608 3660 4679 ὑπερηφάνοις,

2074 4700 2497 4771 ἐπικατάρατοι
2533 4704 2587 4756 οἱ
2635 4700 3020 4767 ἐκκλίνοντες
3064 4701 3182 4755 ἀπὸ
3233 4699 3353 4754 τῶν
3394 4700 3664 4756 ἐντολῶν
3778 4766 3785 4775 .

2073 4811 2215 4851 σου.
2246 4792 2492 4860 Περίελε
2524 4790 2625 4846 ἀπ’
2666 4787 2813 4858 ἐμοῦ
2842 4787 3072 4855 ὄνειδος
3100 4789 3197 4844 καὶ
3230 4788 3660 4856 ἐξουδένωσιν,

2073 4887 2168 4942 ὅτι
2186 4883 2261 4938 τὰ
2278 4881 2574 4953 μαρτύριά
2594 4897 2710 4936 σου
2732 4878 3078 4947 ἐξεζήτησα.
3098 4880 3209 4935 Καὶ
3229 4882 3339 4951 γὰρ
3365 4879 3666 4936 ἐκάθισαν

2073 4978 2367 5047 ἄρχοντες
2393 4972 2494 5027 καὶ
2516 4975 2646 5028 κατ’
2678 4971 2824 5041 ἐμοῦ
2852 4971 3251 5037 κατελάλουν,
3286 4974 3320 5026 ὁ
3344 4970 3412 5025 δὲ
3437 4970 3666 5039 δοῦλός

2072 5084 2196 5124 σου
2233 5064 2557 5136 ἠδολέσχει
2592 5064 2664 5120 ἐν
2691 5063 2816 5130 τοῖς
2841 5062 3197 5133 δικαιώμασί
3239 5077 3379 5118 σου.
3418 5062 3530 5117 Καὶ
3551 5062 3664 5132 γὰρ

2074 5158 2151 5215 τὰ
2184 5155 2479 5228 μαρτύριά
2507 5171 2625 5211 σου
2649 5153 2871 5225 μελέτη
2910 5171 3030 5224 μου
3057 5154 3213 5218 ἐστὶ,
3248 5153 3351 5208 καὶ
3403 5156 3464 5208 ai
3508 5169 3667 5223 συμ-

2076 5248 2316 5305 ϐουλίαι
2342 5264 2463 5317 μου
2499 5246 2574 5301 τὰ
2609 5243 2971 5315 δικαιώματά
3007 5257 3145 5300 σου.
3191 5246 3332 5298 um
3372 5244 3471 5316 μὲν
3501 5242 3666 5298 ὠνεί-

2073 5339 2222 5405 διζόν
2256 5354 2346 5411 με,
2380 5337 2536 5408 φησὶ,
2568 5335 2778 5390 παλαιὰ
2807 5337 2855 5388 εἰ
2906 5335 3057 5406 τύχοι
3093 5336 3498 5409 ἁμαρτήματα·
3529 5334 3664 5389 ποτὲ

2074 5433 2132 5485 δὲ
2157 5429 2467 5498 ἑξουδένουν
2491 5425 2929 5493 ὲξευτελίξοντες,
2962 5427 3037 5491 ὡς
3061 5427 3276 5491 οὐδενὸς
3299 5427 3447 5492 ἄξιον
3473 5426 3661 5497 λόγου.

2089 5520 2234 5590 Ἐγὼ
2256 5520 2314 5573 δὲ
2332 5519 2645 5590 καταμόνας
2669 5517 2977 5589 καθήμενος
2994 5557 3009 5581 ,
3035 5518 3131 5571 καὶ
3154 5520 3268 5584 τοῖς
3293 5518 3457 5584 θείοις
3476 5518 3665 5588 λόγοις

2076 5610 2433 5685 προσανὲχων
2451 5651 2466 5676 ,
2522 5611 2617 5664 καὶ
2684 5608 2885 5680 μηδένα
2928 5609 3267 5681 κεκτημένος
3317 5610 3622 5682 σύμϐουλον
3646 5651 3664 5682 ,

2082 5704 2206 5778 μηδ’
2235 5700 2403 5772 ἄλλην
2428 5701 2565 5772 ἔχων
2598 5699 2973 5772 παραμυθίαν,
3002 5703 3113 5765 τοῖς
3149 5706 3260 5767 σοῖς
3300 5703 3665 5775 δικαιώμασιν

2078 5795 2201 5850 ἀντὶ
2229 5808 2295 5844 συ
2304 5789 2550 5861 μσούλων
2577 5789 2854 5860 ἐχρώμην.
3364 5786 3371 5793 ’

2163 5882 2500 5949 Ἕκολλήθη
2532 5880 2612 5948 τῷ
2649 5880 2856 5951 ἐδάφει
2888 5885 2926 5952 ἡ
2962 5884 3130 5955 ψυχή
3167 5903 3322 5956 μουσ
3371 5884 3559 5957 (ﬁmi,-
3586 5906 3667 5960 με
