4102 6380
362 444 499 503 1369

1471 451 1969 511 COMMENTARIA
2013 456 2079 512 IN
2118 459 2457 518 PSALMOS.

3458 469 3481 522 i
3495 464 3604 524 570

358 561 512 654 κατὰ
542 562 646 617 τὸν
685 566 872 635 λόγον
909 582 1047 623 σου.
1077 570 1188 639 Τὰς
1229 571 1409 639 ὁδούς
1434 591 1548 641 μου
1588 573 1931 646 ἐξήγγειλα,

2049 581 2139 635 lica
2162 598 2244 637 me
2267 581 2551 636 secundum
2574 581 2777 636 verbum
2806 593 2973 640 tuum.
3007 585 3129 640 Vias
3156 603 3296 641 meas
3318 588 3606 654 enuntiavi,

360 652 458 705 καί
491 653 845 724 ἐπήκουσάς
873 677 993 730 μου
1016 678 1027 691 ⁸
1070 662 1319 728 δίδαξόν
1358 681 1435 733 με
1468 667 1542 718 τὰ
1579 664 1938 735 δικαιώματά

358 761 494 799 σου.
537 747 704 800 Ὀδὸν
741 748 1146 821 δικαιωμάτων
1181 771 1298 810 σου
1336 756 1667 811 συνέτισόν
1692 773 1805 826 με,
1836 758 1938 812 καὶ

358 834 757 907 ἀδολεσχήσω
785 841 855 894 ἐν
882 842 1005 909 τοῖς
1028 846 1382 915 θαυμασίοις
1400 863 1539 901 σου.
1573 847 1940 912 Ἐνύσταξεν

360 927 399 994 ἡ
433 926 603 996 ψυχή
630 947 748 998 μου
775 932 893 985 ἀπὸ
918 934 1192 1001 ὰκηδίας,
1213 938 1556 1001 ,βεϐαίωσόν
1590 955 1667 1009 με
1707 939 1778 993 ἐν
1814 940 1940 1007 τοῖς

358 1018 564 1087 λόγοις
597 1036 733 1076 σου.
772 1022 938 1077 Όδὸν
977 1024 1210 1092 ἀδικίας
1241 1028 1600 1097 ἀπόστησωρ
1642 1031 1742 1085 ἀπ’
1767 1030 1936 1100 ἐμοῦ,

359 1105 458 1160 καί
487 1107 568 1172 τῷ
595 1109 756 1179 νόμῳ
784 1127 899 1166 σου
936 1113 1199 1183 ἐλέησόν
1216 1134 1313 1186 με.
1344 1119 1556 1190 Ὥσπερ
1578 1119 1719 1191 ἀρχὴ
1748 1124 1941 1194 κοιμή-

361 1196 499 1262 ostii;
530 1201 644 1255 ἐστι
677 1205 1006 1277 νυσταγμὸς,
1034 1207 1206 1272 οὕτως
1250 1210 1381 1264 ποτὲ
1413 1212 1508 1265 καὶ
1532 1212 1676 1284 ψυχὴ
1710 1214 1766 1266 ὲν
1795 1214 1935 1286 ἀρχῇ

359 1292 624 1365 γενομένη
679 1294 1089 1368 ἁμαρτημάτων
1132 1299 1348 1368 λέγεται
1392 1303 1705 1368 νυστάζειν,
1741 1304 1935 1358 καθελ-

360 1383 565 1457 κομένη
603 1385 703 1457 μὲν
747 1386 934 1461 ὥσπερ
961 1392 1040 1454 είς
1074 1390 1240 1447 ῦπνον
1263 1433 1278 1459 ,
1310 1394 1372 1448 τὸ
1414 1395 1748 1468 ἁμάρτημα,
1806 1398 1938 1451 ἀναε-

361 1474 589 1531 νεύουσα
620 1477 677 1531 δὲ
708 1479 803 1533 καὶ
848 1481 1174 1555 ὲγειρομένη
1204 1484 1293 1538 διὰ
1318 1486 1418 1556 τῆς
1464 1485 1575 1541 τῶν
1615 1486 1940 1558 κρειττόνων

366 1565 604 1638 μνήμης.
645 1568 988 1638 Ἀναγκαίως
1020 1571 1078 1625 δὲ
1110 1573 1486 1645 συνετισθῆναι
1517 1573 1668 1639 ἀξιῶ,
1698 1576 1792 1629 καὶ
1825 1592 1941 1645 φω-

361 1659 607 1731 τισθῆναι
639 1663 765 1726 τοὺς
807 1664 1119 1737 ὀφθαλμούς
1173 1684 1275 1738 μου
1328 1668 1408 1731 εἰς
1459 1668 1787 1739 κατανόησιν
1828 1668 1941 1723 τῶν

361 1750 561 1825 νόμων,
593 1755 679 1809 ἵνα
706 1756 858 1810 πᾶσα
877 1756 996 1821 ὁδὸς
1019 1758 1235 1823 ἀδικίας
1261 1759 1470 1831 ἀποστῇ
1493 1762 1585 1815 ἀπ’
1613 1762 1769 1832 ἐμοῦ.
1797 1762 1941 1816 Ἀντὶ

363 1844 421 1900 δὲ
454 1846 572 1912 τοῦ,
611 1846 777 1903 Ὀδὸν
812 1848 1046 1916 ἀδικίας
1069 1851 1426 1918 ἁπόστησον
1446 1853 1545 1907 ἀπ’
1578 1853 1747 1919 ἐμοῦ,
1772 1857 1802 1908 6
1840 1854 1940 1926 μὲν

2036 682 2086 726 et
2112 674 2383 727 exaudiui
2406 690 2508 739 me,
2550 674 2677 730 doce
2713 692 2793 728 me
2823 675 3231 745 justiﬁcationes
3265 687 3408 733 tuas.
3453 678 3607 732 Viam

2028 764 2478 834 justiﬁcationum
2512 775 2725 819 tuarum
2760 767 3045 836 intelligere
3073 786 3153 823 me
3185 769 3293 839 fac,
3325 778 3374 823 et
3399 785 3609 824 exerce-

2039 857 2133 910 bor
2156 858 2211 910 iu
2239 856 2572 913 mirabilibus
2605 858 2733 913 tuis.
2778 858 3098 914 Dormitavit
3133 862 3312 915 anima
3342 879 3457 916 mea
3497 876 3608 929 pra:

2041 949 2218 1011 twdio,
2247 950 2506 1018 conﬁrma
2537 966 2618 1004 me
2653 952 2709 1004 in
2747 951 2914 1006 verbis
2959 952 3085 1006 tuis.
3126 951 3276 1005 Viam
3310 953 3609 1020 iniquitatis

2040 1055 2219 1093 amove
2257 1057 2290 1093 a
2330 1057 2432 1105 me,
2456 1049 2506 1097 et
2542 1041 2648 1112 lege
2671 1054 2762 1096 tua
2793 1044 3040 1098 miserere
3065 1045 3186 1097 mei.
3211 1041 3363 1097 Sicut
3391 1043 3610 1097 initium

2038 1130 2343 1186 dormiendi
2376 1139 2459 1187 est
2501 1132 2847 1201 dormitatio;
2889 1135 2970 1190 sic
3001 1149 3125 1189 cum
3171 1134 3350 1187 anima
3392 1133 3612 1188 initium

2040 1224 2298 1293 peccandi
2326 1223 2475 1288 facit,
2505 1225 2804 1281 dormitare
2834 1227 3058 1295 dicitur.
3085 1226 3215 1280 dum
3240 1224 3306 1280 ad
3328 1233 3614 1295 peccatum

2040 1317 2197 1387 quasi
2228 1316 2292 1370 ad
2326 1332 2576 1371 somnum
2607 1318 2873 1385 trahitur;
2903 1318 2997 1374 sed
3027 1334 3095 1373 ex
3132 1318 3394 1374 memoria
3423 1318 3616 1374 melio-

2041 1424 2161 1462 rum
2210 1407 2335 1462 inde
2371 1408 2599 1478 emergit
2637 1424 2701 1464 ac
2731 1413 3018 1464 excitatur.
3069 1408 3392 1465 Necessario
3432 1416 3612 1463 autem

2041 1500 2328 1573 prudentia
2373 1501 2597 1566 muniri,
2624 1507 2679 1556 et
2718 1503 2908 1557 oculos
2942 1517 3093 1557 meos
3125 1502 3331 1557 lumine
3360 1500 3616 1572 perfundi

2040 1599 2158 1656 tuo,
2190 1591 2407 1662 postulo
2437 1590 2503 1644 ad
2545 1591 2954 1663 intelligendum
2989 1592 3183 1663 legem,
3221 1599 3280 1646 ut
3316 1592 3496 1647 omnis
3528 1591 3616 1645 via

2040 1682 2343 1753 iniquitatis
2378 1690 2695 1736 amoveatur
2744 1696 2775 1735 a
2808 1699 2914 1739 me.
2948 1681 3053 1739 Pro
3095 1684 3186 1737 illo
3209 1691 3424 1738 autem:
3462 1681 3615 1737 Viam

2041 1773 2333 1844 iniquitatis
2382 1790 2563 1828 amove
2610 1791 2644 1828 a
2705 1791 2827 1839 me;
2876 1774 3112 1845 Aquila:
3158 1773 3309 1827 Viam
3356 1773 3620 1828 mendacii

2043 1879 2224 1918 amove
2255 1881 2287 1917 a
2315 1881 2415 1927 me,
2447 1865 2652 1933 edidit;
2686 1864 3050 1935 Symmachus
3079 1880 3207 1918 vero
3235 1881 3246 1915 :
3278 1862 3433 1918 Viam
3467 1878 3618 1916 men-

375 1939 624 2005 ’Δκύλας,
640 1940 815 1994 Ὀδὸν
832 1940 1096 2010 ψεύδους
1109 1944 1465 2011 ἀπόστησον
1479 1945 1728 2016 ἀπ’ὲμοῦ
1740 1987 1756 2011 ,
1789 1946 1941 2019 είρη-

2049 1955 2222 2010 dacem
2246 1956 2399 2025 aufer
2428 1974 2460 2010 a
2491 1974 2605 2021 me;
2642 1966 2699 2011 ut
2735 1957 2888 2030 prior
2907 1957 3176 2028 expositio
3207 1971 3331 2012 vera
3360 1955 3450 2014 sit.
3480 1953 3618 2009 Nam

362 2045 491 2085 new
542 2032 571 2085 6
623 2032 679 2086 δὲ
734 2033 1052 2105 Σύμμαχος,
1095 2033 1263 2087 Ὀδὸν
1298 2035 1498 2105 ψευδῆ
1550 2039 1790 2106 περίελε
1836 2040 1942 2094 ἀπ’

361 2122 537 2186 ἐμοῦ·
584 2123 660 2189 ὼς
710 2124 996 2196 ἀληθεύειν
1043 2125 1141 2198 τὴν
1201 2128 1603 2200 προειρημένην
1658 2129 1939 2203 ἐξήγησιν.

363 2212 599 2285 Εὕχεται
645 2214 755 2288 γὰρ
785 2215 1017 2280 ἕκαστος
1055 2217 1212 2282 ἐκτὸς
1251 2218 1499 2287 γενέσθαι
1543 2219 1724 2291 πάσης
1753 2221 1947 2291 ψευδο.

362 2304 543 2370 δοξίας
565 2306 658 2359 καὶ
683 2306 782 2378 τῆς
824 2307 951 2380 περὶ
981 2307 1080 2372 τὰς
1114 2307 1264 2372 θείας
1294 2309 1512 2381 Γραφᾶς
1539 2310 1767 2381 ψευδοῦς
1813 2313 1944 2366 ὑπο-

361 2396 598 2470 λήψεως.

433 2529 602 2587 Ὀδὸν
617 2532 906 2602 ἀληθείας
921 2535 1315 2606 ἠρετισάμην,
1332 2535 1405 2591 τὰ
1426 2535 1677 2606 κρίματὰ
1696 2553 1812 2592 σου
1833 2539 1945 2592 οὐκ

361 2619 762 2691 ἐπελαθόμην.
778 2625 883 2679 Τὸν
900 2626 1081 2695 στίχον
1106 2626 1295 2680 τοῦτον
1319 2627 1435 2699 ἐρεῖ
1454 2626 1616 2698 μόνος
1631 2627 1659 2679 ό
1675 2643 1947 2698 καταφρο-

362 2712 471 2765 νῶν
499 2713 599 2783 μὲν
618 2712 728 2766 τῶν
754 2714 1101 2786 βλεπομένων
1135 2717 1211 2781 ὡς
1235 2717 1605 2789 προσκαίρων,
1653 2716 1869 2769 σκοπῶν
1888 2715 1945 2768 δὲ

360 2804 429 2857 τὰ
461 2803 538 2875 μὴ
561 2803 865 2877 βλεπόμενα
883 2807 960 2871 ὡς
987 2806 1202 2873 αίώνια,
1229 2808 1324 2863 καὶ
1353 2809 1489 2881 μόνα
1519 2809 1724 2880 κυρίως
1749 2806 1944 2879 ἀληθῆ,

370 2897 460 2950 καὶ
497 2898 585 2952 ἐπ’
618 2900 804 2953 ἐκεῖνα
845 2900 1105 2954 σπεύδων.
1131 2901 1247 2955 Οὐκ
1287 2901 1544 2973 ἀληθείας
1574 2900 1682 2971 γὰρ
1710 2898 1845 2962 ὁδὸς,
1880 2900 1947 2970 ἦν

364 2988 599 3061 αἱρεῖται
638 2992 669 3044 6
705 2993 1228 3063 πραγματευόμενος
1268 2993 1359 3047 τὸν
1400 2994 1547 3048 κάτω
1595 2990 1820 3046 πλοῦτον
1853 2993 1948 3045 καὶ

363 3079 466 3144 τὰς
497 3081 590 3135 ἐπὶ
617 3082 724 3153 γῆς
750 3082 926 3148 δόξας.
966 3084 1025 3136 ’0
1050 3079 1142 3137 οὖν
1171 3085 1424 3157 ἐλόμενος
1450 3084 1675 3146 ὁδεύειν,
1708 3085 1783 3148 ὼς
1810 3085 1948 3137 ἁπο-

364 3171 696 3245 δεδώκαμεν,
722 3173 821 3246 τὴν
843 3175 944 3245 τῆς
971 3175 1231 3247 ἀληθείας
1258 3176 1398 3242 ὁδὸν,
1422 3171 1579 3240 οὗτος
1601 3177 1700 3231 οὐκ
1725 3176 1948 3231 ἐπιλαν-

2040 2058 2298 2123 precatur
2340 2053 2743 2122 unusquisque,
2796 2060 2855 2106 ut
2892 2059 3045 2106 extra
3086 2049 3278 2104 falsam
3315 2048 3619 2119 quamlibet

2042 2143 2362 2200 sententiam
2402 2149 2456 2197 et
2492 2142 2811 2199 mendacem
2839 2142 2907 2199 de
2933 2141 3134 2199 divinis
3172 2140 3471 2211 Scripturis
3498 2139 3624 2208 opi-

2042 2236 2263 2291 nionem
2293 2242 2560 2290 versetur.

2115 2520 2287 2579 Vsus.
2331 2523 2422 2578 50.
2469 2523 2621 2577 Viam
2660 2522 2897 2578 veritatis
2938 2522 3091 2592 elegi,
3123 2520 3336 2592 judicia
3380 2529 3473 2573 tua
3518 2533 3625 2572 non

2045 2634 2162 2672 sum
2189 2616 2403 2671 oblitus.
2430 2615 2588 2671 llunc
2612 2616 2835 2687 quidem
2859 2630 3080 2672 versum
3105 2614 3195 2669 ille
3213 2620 3425 2667 tantum
3454 2612 3623 2677 dicet,

2045 2711 2138 2781 qui
2171 2727 2235 2766 ea
2260 2727 2383 2781 qua:
2413 2710 2516 2765 sub
2546 2719 2828 2779 aspectum
2859 2708 3085 2775 cadunt,
3122 2714 3383 2777 tanquam
3418 2712 3627 2774 tempo-

2045 2819 2209 2859 ranea
2235 2803 2502 2875 despicit;
2528 2802 2824 2859 invisibilia
2866 2808 3071 2863 autem,
3112 2807 3172 2854 ut
3202 2797 3534 2867 sempiterna
3561 2810 3628 2850 ac

2048 2897 2161 2953 sola
2186 2912 2338 2964 vera,
2385 2897 2811 2967 contemplatur,
2850 2903 2905 2952 et
2933 2895 3001 2949 ad
3035 2893 3128 2949 illa
3167 2892 3409 2949 festinat.
3441 2889 3629 2960 Siqui-

2049 2992 2171 3048 dem
2216 2993 2307 3046 illa
2350 2992 2597 3047 veritatis
2626 2991 2712 3045 via
2764 3005 2873 3045 non
2909 2996 3014 3053 est,
3060 3003 3227 3059 quam
3266 2986 3418 3054 eligit
3443 2985 3492 3040 is
3532 2984 3627 3048 qui

2047 3090 2297 3138 terrenas
2333 3080 2554 3137 divitias
2592 3096 2656 3135 ac
2696 3080 2882 3134 mundi
2932 3078 3162 3150 gloriam
3207 3082 3475 3133 sectatur.
3518 3074 3623 3141 Qui

2051 3175 2236 3248 igitur,
2267 3181 2330 3230 ut
2355 3174 2617 3237 diximus,
2645 3173 2700 3227 in
2729 3171 2975 3227 veritatis
3007 3170 3101 3226 via
3133 3168 3385 3224 incedere
3404 3174 3631 3237 coopta-

366 3261 659 3335 θανόμενος
687 3266 796 3320 τῶν
829 3267 1115 3338 χριμάτων
1145 3265 1239 3321 τοῦ
1273 3266 1407 3321 Θεοῦ
1439 3270 1533 3323 καὶ
1564 3269 1674 3322 τῶν
1711 3271 1948 3324 ἀνταπο-

2050 3266 2150 3332 vit,
2174 3265 2264 3320 hic
2287 3281 2398 3320 non
2419 3264 2706 3321 immemor
2731 3262 3064 3332 iudiciorum
3095 3259 3215 3325 Dei,
3237 3267 3293 3315 et
3317 3257 3632 3314 retributio-

362 3354 566 3411 δόσεων
593 3358 760 3412 αὐτοῦ
788 3360 850 3412 τὸ
873 3359 1112 3413 τοιοῦτον
1138 3361 1387 3430 πράττει.
1432 3362 1494 3416 'O
1518 3361 1819 3434 φιλαλήθης
1856 3363 1950 3416 καὶ

368 3450 579 3519 μήποτε
603 3451 897 3522 προφέρων
917 3452 1088 3522 ψευδῆ
1109 3451 1265 3521 λόγον
1285 3453 1374 3507 διὰ
1401 3453 1670 3526 στόματος
1691 3452 1834 3507 εἴποι
1860 3453 1950 3508 ἄν·

377 3539 546 3595 Ὀδὸν
580 3542 869 3609 ἀληθείας
903 3543 1294 3614 ῄρετισάμην.
1360 3546 1519 3599 Ἀλλὰ
1549 3547 1641 3600 καὶ
1665 3546 1694 3599 6
1725 3546 1953 3600 διαπαν-

365 3634 457 3701 τὸς
500 3635 606 3708 πρὸ
649 3636 944 3708 ὀφθαλμῶν
987 3637 1271 3708 τιθέμενος
1304 3639 1373 3692 τὰ
1402 3638 1498 3692 τοῦ
1532 3639 1667 3693 Θεοῦ
1710 3640 1954 3712 κρίματα

367 3724 463 3779 καὶ
496 3725 589 3780 ἐπὶ
624 3726 775 3799 πάσῃ
821 3725 1019 3799 πράξει
1061 3718 1407 3799 μεμνημὲνος
1455 3729 1635 3784 αὐτῶν
1685 3730 1829 3801 ἐρεῖ·
1871 3728 1956 3785 Τὰ

368 3816 625 3887 κρίματα
650 3832 768 3873 σου
802 3819 915 3873 οὐκ
948 3819 1351 3890 ἐπελαθόμην.

451 3909 824 3978 Ἐκολλήθην
848 3910 972 3978 τοῖς
996 3914 1344 3981 μαρτυρίοις
1374 3929 1510 3979 σου,
1545 3913 1740 3982 Κύριε,
1767 3912 1852 3984 μή
1876 3930 1958 3983 με

368 4001 796 4069 καταισχύνῃς.
836 4000 1171 4073 Κεκόλληται
1200 4004 1314 4068 τοῖς
1342 4003 1661 4075 μαρτυρίοις
1690 4006 1719 4058 ό
1749 4004 1842 4056 ἐπὶ
1865 4003 1954 4057 λό-

367 4105 488 4160 γοις
509 4092 623 4155 τοῖς
649 4090 778 4164 περὶ
807 4090 1037 4162 οὐρανοῦ
1065 4093 1158 4145 καὶ
1187 4092 1310 4164 γῆς,
1343 4094 1378 4165 ἡ
1410 4110 1552 4158 τινος
1575 4093 1683 4147 τῶν
1710 4111 1957 4167 γεγραμ-

371 4181 548 4252 μένων
593 4182 1045 4254 παραδεδομέναις
1099 4183 1234 4236 ἑνῶν
1285 4183 1498 4249 ἑαυτὸν,
1551 4186 1646 4239 καὶ
1693 4185 1957 4258 μηδαμῶς

372 4273 545 4327 τύτῶν
564 4273 910 4344 ἀφεστηκώς.
939 4267 1108 4337 Οὗτος
1141 4276 1235 4329 καὶ
1266 4275 1539 4348 θαρρείτω
1566 4274 1668 4330 κᾶν
1693 4277 1958 4349 πρότερον

371 4364 507 4436 εργα
533 4363 796 4437 αἰσχύνης
824 4363 1139 4435 πεποιηκώς
1167 4382 1182 4397 ο
1230 4365 1265 4438 ἢ
1310 4367 1405 4421 καὶ
1436 4367 1655 4421 αἰτείτω
1687 4367 1794 4422 ἀπὸ
1823 4367 1958 4422 Θεοῦ

374 4458 585 4526 ἱφεσιν,
634 4458 730 4511 καὶ
770 4458 996 4527 λεγέτω⁹
1022 4460 1221 4527 Κύριε,
1274 4459 1359 4529 μή
1400 4476 1477 4530 με
1528 4460 1956 4528 καταισχύνῃς.

2050 3374 2183 3414 num
2214 3358 2359 3427 ejus,
2389 3373 2456 3413 eo
2488 3371 2610 3412 sese
2639 3356 2801 3411 modo
2839 3355 3000 3427 gerit.
3029 3353 3134 3421 Qui
3170 3351 3413 3407 veritatis
3440 3362 3634 3404 amans

2050 3460 2160 3516 est,
2177 3458 2232 3505 et
2264 3450 2550 3506 mendacia
2576 3464 2672 3505 ore
2702 3463 2802 3503 suo
2829 3460 3109 3516 nunquam
3139 3444 3366 3515 profert,
3392 3440 3629 3497 dixerit:

2061 3541 2216 3602 Viam
2245 3542 2482 3597 veritatis
2510 3540 2662 3610 elegi.
2702 3537 2808 3593 Sed
2837 3537 3002 3593 etiam
3027 3535 3119 3607 qui
3157 3534 3251 3590 Dei
3277 3533 3486 3603 judicia
3520 3546 3635 3602 prae

2052 3636 2230 3691 oculis
2268 3648 2483 3703 semper
2525 3632 2685 3686 habet
2726 3640 2780 3686 et
2808 3631 2861 3683 in
2908 3629 3057 3683 omni
3087 3642 3252 3699 opere
3296 3642 3399 3682 suo
3439 3639 3634 3681 eorum

2052 3724 2320 3793 meminit,
2345 3726 2524 3780 dicct:
2554 3722 2771 3776 Iudicia
2803 3732 2897 3775 tua
2929 3737 3031 3775 non
3057 3736 3175 3775 sum
3202 3718 3419 3774 oblitus.

2123 3904 2407 3973 Vens.5i,
2456 3904 2546 3960 32.
2598 3903 2816 3958 Adhtesi
2847 3902 3160 3958 testimoniis
3209 3902 3338 3965 tuis,
3388 3897 3636 3961 Domine,

2055 3999 2168 4055 noli
2194 4014 2276 4052 me
2331 3995 2668 4067 confundere.
2720 3995 2817 4050 Ille
2876 3993 3205 4051 testimoniis
3250 3992 3509 4054 adhaeret,
3540 3989 3636 4060 qui

2057 4090 2407 4149 sermonibus
2449 4089 2517 4144 de
2552 4087 2693 4144 caelo
2721 4094 2774 4143 et
2807 4094 2976 4150 terra,
3007 4085 3092 4140 vel
3120 4084 3316 4155 quavis
3343 4083 3448 4137 alia
3477 4081 3545 4137 de
3577 4097 3640 4138 re

2058 4186 2262 4257 scripto
2288 4183 2505 4239 traditis
2532 4196 2655 4238 sese
2684 4178 2909 4242 addicit,
2941 4184 2997 4233 et
3024 4177 3338 4233 nullatenus
3366 4175 3435 4230 ab
3461 4174 3530 4229 iis
3557 4188 3640 4231 re-

2057 4276 2224 4334 cedit.
2269 4275 2369 4332 Hic
2401 4289 2532 4330 vero
2568 4271 2827 4335 conﬁdat,
2877 4271 3006 4326 licet
3054 4267 3210 4340 prius
3253 4281 3420 4337 opera
3457 4265 3638 4335 turpia

2059 4366 2420 4441 perpetrarit;
2446 4367 2559 4424 sive
2581 4365 2743 4422 etiam
2775 4364 3011 4435 postulet
3039 4377 3070 4416 a
3100 4360 3211 4416 Deo
3234 4357 3639 4424 remissionem,

2060 4468 2115 4517 et
2144 4459 2292 4515 dicat
2320 4477 2333 4513 :
2366 4457 2610 4522 Domine,
2646 4455 2757 4512 noli
2798 4470 2879 4509 me
2908 4449 3249 4523 confundere.
3294 4447 3449 4502 Viam
3487 4463 3641 4500 man-

380 4553 557 4607 Ὀδὸν
576 4550 844 4606 ἐντολῶν
862 4567 978 4605 σου
1003 4550 1283 4620 ἔδραμον,
1308 4551 1454 4605 ὅταν
1476 4550 1822 4616 ἐπλάτυνας
1846 4550 1949 4619 τὴν

2061 4549 2313 4606 datorum
2356 4558 2567 4603 tuorum
2609 4545 2842 4609 cucurri,
2877 4560 2994 4598 eum
3031 4540 3277 4596 dilatasti
3323 4554 3413 4592 cor
3445 4553 3636 4592 meum.

370 4642 622 4712 καρδίαν
643 4660 783 4712 μου.
814 4618 1348 4714 Διέδραμονίφησὶν,
1378 4645 1435 4697 ὲν
1465 4642 1658 4714 βραχεῖ
1690 4642 1866 4715 χρόνῳ
1895 4618 1949 4695 οὐ

2062 4642 2240 4708 Brevi,
2273 4640 2485 4711 inquit,
2535 4646 2788 4708 tempore.
2821 4633 3111 4691 decucurri
3156 4647 3266 4686 non
3312 4630 3498 4693 unius,
3543 4627 3641 4682 sed

376 4735 504 4807 μιᾶς
535 4733 776 4804 ἐντολῆς,
806 4733 944 4789 ἀλλὰ
973 4732 1160 4787 πασῶν
1205 4734 1434 4788 ἐντολῶν
1468 4750 1559 4788 σου
1597 4733 1695 4806 τὴν
1724 4733 1842 4787 ὁδὸν
1871 4734 1960 4806 ἔρ-

371 4842 490 4895 γοις
513 4824 799 4893 ἐπιτελῶν,
833 4825 927 4879 καὶ
953 4825 1147 4890 αὐταῖς
1183 4826 1415 4897 πράξεσι
1438 4827 1507 4880 τὰ
1541 4827 1646 4880 ὕπὸ
1673 4826 1782 4879 τῶν
1813 4828 1961 4879 ἐντο-

372 4916 481 4972 λῶν
510 4935 603 4972 σου
634 4916 1052 4990 διηγορευμένα.
1080 4916 1242 4971 Ὅθεν
1275 4917 1370 4971 καὶ
1409 4916 1642 4982 Παῦλος,
1666 4916 1964 4979 τετελεκὼς

372 5012 549 5077 τοῦτο,
582 5010 736 5083 φησί’
774 5011 888 5065 Τὸν
910 5010 1134 5081 δρόμον
1165 5011 1469 5073 τετέλεκα,
1506 5008 1621 5079 τὴν
1644 5010 1852 5064 πίστιν
1871 5026 1964 5064 τε-

374 5102 622 5172 τήρηκα.

443 5189 867 5261 Νομοθέτησόν
878 5207 976 5261 με,
1030 5192 1228 5261 Κύριε,
1258 5191 1375 5261 τὴν
1407 5191 1551 5246 όδύν
1581 5191 1699 5246 τῶν
1732 5192 1965 5246 δικαιω-

372 5280 578 5353 μάτων
600 5297 738 5337 σσυο
780 5282 881 5338 καί
925 5282 1234 5355 ἐκζητήσω
1276 5283 1473 5354 αὐτὴν
1498 5284 1843 5352 διαπαντός.
1883 5284 1967 5338 Τὰ

381 5371 482 5445 μὲν
508 5372 618 5446 γὰρ
650 5374 802 5446 παρὰ
827 5374 922 5429 τοῦ
955 5375 1092 5429 Θεοῦ
1123 5377 1284 5439 αἰτεῖ,
1310 5375 1374 5430 τὸ
1400 5376 1458 5430 δὲ
1488 5376 1880 5446 ἐπαγγέλλεται
1905 5374 1965 5443 ἐξ

381 5463 574 5519 ἑαυτοῦ
598 5466 991 5538 συνεισφέρειν.
1020 5466 1092 5522 Σὺ
1116 5469 1213 5539 μὲν
1229 5468 1361 5539 γὰρ,
1394 5468 1579 5540 φησὶν,
1596 5462 1641 5522 ὧ
1658 5465 1852 5541 Κύριε,
1880 5485 1966 5521 νο·-

383 5554 683 5626 μοθέτησόν
721 5572 789 5627 με
818 5556 918 5627 τὴν
948 5556 1065 5611 ὁδὸν
1091 5556 1200 5611 τῶν
1224 5557 1607 5630 δικαιωμάτων
1637 5575 1750 5612 σου’
1777 5556 1888 5627 ἐγὼ
1906 5556 1965 5610 δὲ

379 5647 473 5703 τὸν
499 5648 600 5720 τῆς
624 5649 770 5721 ζωῆς
800 5668 901 5723 μου
953 5650 1171 5708 ἅπαντα
1214 5652 1401 5726 χρόνον
1430 5652 1680 5709 ἐπιδώσω
1727 5653 1786 5707 ἐν
1814 5648 1964 5722 αὐτῷ

382 5741 465 5806 τις
491 5740 824 5816 ἀναζήτησιν
854 5745 1041 5817 αὐτῆς.

453 5892 489 5959 ἶ
511 5893 556 5951 ιι
588 5894 728 5955 Tim.
767 5914 842 5967 tv,
878 5899 930 5954 7.

2059 4736 2303 4790 omnium
2335 4732 2718 4787 mandatorum
2749 4738 2966 4784 tuorum
2995 4727 3158 4786 viam,
3182 4723 3445 4795 operibus
3468 4728 3523 4777 et
3549 4735 3643 4775 ac-

2062 4827 2309 4883 tionibus
2329 4827 2467 4881 meis
2486 4839 2552 4880 ea
2571 4824 2877 4894 complens,
2900 4836 3024 4891 quae
3043 4817 3317 4874 mandatis
3340 4816 3451 4871 tuis
3468 4830 3645 4870 enun-

2061 4920 2282 4979 tiantur.
2307 4915 2672 4984 Quamobrem
2695 4912 2898 4969 Paulus
2924 4926 3049 4967 cum
3082 4925 3148 4966 ea
3181 4912 3643 4970 consummasset,

2062 5011 2138 5066 ait
2172 5025 2185 5061 :
2224 5007 2455 5065 Cursum
2486 5004 2868 5071 consummavi,
2905 5000 3064 5072 ﬁdem
3091 5000 3295 5057 servavi
3315 5000 3359 5054 '.

2136 5184 2304 5241 Vens.
2333 5184 2423 5239 '53.
2458 5180 2641 5253 Legem
2682 5195 2816 5250 pone
2845 5174 2996 5240 mihi,
3027 5176 3270 5239 Domine,
3318 5173 3457 5229 viam
3481 5170 3647 5242 justi-

2068 5278 2373 5349 ﬁcationum
2408 5283 2643 5339 tuarum,
2675 5282 2727 5328 et
2760 5272 3037 5344 exquiram
3070 5283 3187 5323 eam
3223 5280 3443 5333 semper.
3482 5260 3669 5329 Aliud

2070 5388 2101 5426 a
2136 5370 2247 5427 Deo
2280 5369 2437 5441 petit,
2472 5366 2621 5423 aliud
2656 5382 2725 5423 ex
2747 5370 2903 5437 parte
2932 5377 3030 5419 sua
3060 5375 3120 5418 se
3163 5358 3487 5414 collaturum
3515 5368 3648 5424 pro-

2069 5463 2256 5520 mittit.
2285 5460 2368 5516 Tu
2406 5461 2572 5525 enim,
2608 5457 2809 5530 inquit,
2844 5454 3094 5518 Domine,
3145 5452 3319 5522 legem
3345 5462 3485 5519 pone
3512 5445 3648 5500 mihi

2069 5560 2211 5614 viam
2242 5553 2702 5629 justilicationum
2732 5559 2950 5606 tuarum
2987 5564 3003 5602 :
3033 5560 3133 5618 ego
3164 5552 3345 5598 autem
3385 5546 3499 5596 toto
3524 5538 3650 5594 vitae

2071 5668 2206 5711 mea:
2237 5660 2483 5720 tempore
2513 5647 2569 5703 in
2596 5644 2717 5717 ejus
2745 5639 3102 5715 inquisitione
3127 5634 3439 5711 persistam.
