4102 6466
414 498 574 564 ’1571

1121 494 1393 555 EUSEBII
1428 493 1905 553 CASSABIENSIS
1942 493 2093 553 ΟΡΡ.
2112 493 2294 550 PARS
2332 492 2421 550 Ill.
2458 522 2531 536 —-
2566 492 2973 552 EXEGETICA.

3549 499 3570 550 l
3582 494 3694 553 379

506 607 675 665 Vens.
708 609 796 666 δι.
828 608 910 662 Da
941 606 1068 663 mihi
1097 609 1439 671 intellectum,
1471 620 1520 663 et
1548 607 1827 663 scrutabor
1851 606 2013 676 legem
2040 654 2047 665 .

2181 602 2513 661 Συνέτισόν
2531 621 2628 675 με,
2664 605 2763 658 καί
2786 604 3163 674 ἐξερευνήσω
3200 606 3308 663 τὸν
3333 610 3519 680 νόμον
3550 625 3693 673 σου,

441 706 609 763 tuam,
652 708 701 753 et
737 698 1028 752 custodiam
1083 697 1235 752 illam
1281 699 1337 752 in
1379 708 1487 753 toto
1519 697 1674 754 corde
1714 715 1849 753 meo.
1880 695 2011 751 Vult

440 791 703 861 propheta
736 792 908 862 legem
945 790 1040 846 Dei
1078 791 1337 858 scrutari,
1370 808 1573 863 gnarus
1603 807 1724 847 eam
1754 807 1864 846 non
1901 790 2016 845 cla-

441 896 559 935 ram
593 887 648 936 et
683 875 844 952 captu
877 879 1116 936 facilem.
1167 878 1354 952 Itaque
1395 881 1465 936 da
1495 880 1628 935 mihi
1659 881 2014 946 intellectum,

442 975 539 1040 ait,
570 986 631 1030 ut
671 974 994 1044 congruenti
1023 988 1149 1028 cum
1183 973 1433 1030 examine
1476 981 1531 1029 et
1568 973 1868 1028 attentione
1895 986 2019 1043 por-

442 1066 657 1136 quiram
702 1064 883 1131 illam;
911 1070 970 1118 ut
998 1079 1067 1119 ex
1113 1064 1206 1118 illa
1235 1078 1416 1119 rerum
1439 1078 1579 1134 quas
1604 1064 1691 1119 vel
1736 1078 1896 1134 agere
1934 1062 2019 1118 vel

441 1153 801 1225 contemplari
827 1168 966 1225 opus
993 1161 1096 1218 est,
1125 1168 1286 1208 usum
1335 1159 1667 1223 captumque
1704 1165 1967 1222 assequar
2001 1170 2013 1205 :

443 1249 526 1305 sic
557 1261 793 1316 namque
823 1256 1015 1316 potero
1043 1259 1163 1300 eam
1197 1243 1253 1298 in
1281 1250 1395 1298 toto
1423 1241 1590 1298 corde
1617 1243 1922 1307 custodire,
1955 1256 2020 1297 ac

444 1340 566 1396 sine
586 1337 932 1393 dubitatione
952 1337 1104 1393 adire
1128 1336 1297 1392 illam.
1323 1334 1480 1401 Quod
1505 1335 1550 1392 si
1580 1335 1857 1390 intellectu
1884 1350 2022 1405 opus

445 1429 517 1485 sit
545 1437 604 1483 ut
633 1429 803 1500 legem
834 1428 1100 1484 duntaxat
1128 1427 1413 1491 scruteris,
1442 1434 1701 1496 quantam
1734 1440 1765 1479 a
1808 1425 1915 1480 Deo
1938 1425 2024 1480 in-

446 1521 804 1592 telligentiam
832 1521 1083 1593 accipere
1110 1536 1250 1591 opus
1275 1520 1467 1578 habes.
1496 1528 1555 1574 ut
1590 1519 1751 1575 linem
1788 1518 1907 1589 ejus
1939 1535 2024 1575 re-

447 1612 668 1683 perias?

519 1700 686 1757 Vens.
716 1703 807 1758 35.
852 1702 1028 1757 Deduc
1061 1719 1140 1758 me
1171 1702 1224 1756 in
1251 1703 1493 1757 semitam
1515 1701 1889 1756 mandatorum
1917 1710 2030 1754 tuo-

450 1810 588 1860 rum,
618 1796 744 1865 quia
778 1795 947 1865 ipsam
980 1795 1142 1850 volui.
1170 1792 1273 1848 Hic
1295 1794 1540 1849 Semitain
1574 1809 1673 1865 pro
1703 1794 1818 1864 lege
1849 1792 1982 1847 dicit
2010 1810 2024 1847 :

449 1900 575 1940 nam
618 1885 1001 1941 mandatorum
1038 1886 1233 1941 semita
1261 1886 1511 1957 quaedam
1542 1893 1645 1941 est.
1692 1883 1899 1940 Semita
1928 1899 2027 1938 au-

447 1985 559 2034 tem
591 1978 794 2034 dicitur
822 1979 905 2033 via
939 1979 1092 2043 trita,
1144 1979 1199 2034 in
1231 1946 1336 2050 qua
1370 1978 1527 2033 multi
1574 1987 1700 2033 ante
1743 1991 1845 2032 nos
1890 1975 2028 2046 justi
2064 1946 2105 2001 Β

448 2070 820 2127 ambularent.
871 2070 927 2127 Si
955 2074 1081 2142 quis
1118 2082 1301 2129 autem
1326 2072 1478 2142 justo
1507 2071 1647 2127 duce
1674 2085 1784 2125 non
1820 2076 2026 2135 utatur,

449 2175 559 2215 non
585 2151 764 2231 potest
798 2163 1098 2216 secundum
1134 2167 1401 2232 pracepta
1430 2159 1526 2215 Dei
1569 2159 1867 2214 ambulare.
1894 2155 2027 2211 Nam

450 2251 658 2308 Christi
715 2267 817 2308 nos
874 2253 1178 2308 imitatores
1237 2268 1382 2320 esse,
1428 2266 1493 2307 ac
1536 2251 1731 2306 tollere
1786 2263 2027 2314 crucem,

453 2345 746 2415 ipsumque
786 2344 942 2414 sequi
983 2350 1221 2414 oportet.

524 2434 696 2491 Vsus.
726 2434 798 2490 '56
817 2464 846 2476 —
860 2435 949 2491 40.
974 2434 1186 2490 Inclino
1207 2451 1299 2489 cor
1322 2450 1495 2489 meum
1515 2434 1571 2488 in
1592 2433 1891 2489 testimonia
1916 2440 2030 2498 tua,

452 2537 505 2582 et
551 2528 737 2581 nonin
767 2527 1069 2582 auaritiam.
1105 2526 1294 2581 Auerte
1339 2526 1517 2582 oculos
1554 2543 1694 2581 meos
1729 2542 1791 2581 ne
1818 2525 2032 2585 uideant

455 2619 778 2683 vanitatem;
808 2620 864 2673 in
897 2620 981 2674 via
1020 2629 1111 2674 tua
1144 2619 1348 2688 vivi/ica
1396 2636 1497 2674 me.
1543 2616 1731 2675 Statue
1758 2634 1904 2673 servo
1944 2629 2036 2672 tuo

453 2711 717 2782 eloquium
759 2720 906 2765 tuum
946 2713 1001 2766 in
1035 2712 1223 2766 timore
1266 2720 1378 2766 tuo.
1425 2714 1659 2781 Amputa
1701 2712 2038 2783 opprobrium

457 2818 630 2857 meum
652 2802 790 2873 quod
810 2804 1111 2873 suspicatus
1132 2819 1272 2868 sum,
1298 2804 1423 2874 quia
1439 2804 1647 2874 judicia
1670 2814 1761 2858 tua
1772 2802 2035 2874 jucunda.

460 2894 596 2951 Ecce
621 2898 891 2966 concupiui
922 2896 1176 2950 mandata
1225 2904 1336 2961 tua,
1376 2897 1431 2950 in
1468 2896 1685 2966 justitia
1717 2905 1808 2949 tua
1836 2896 2040 2967 viviﬁca

460 3002 563 3041 me.
597 2985 795 3043 Omnia
823 2987 891 3043 ad
925 2986 1094 3044 Deum
1127 2988 1231 3043 viri
1261 2988 1436 3044 sancti
1472 2986 1740 3052 referunt,
1776 2987 2040 3041 docentes

459 3079 600 3135 nihil
627 3094 731 3135 nos
764 3080 885 3135 sine
913 3079 1025 3135 Deo
1051 3095 1234 3151 posse.
1269 3078 1389 3135 Nisi
1419 3080 1559 3135 enim
1599 3080 1653 3133 in
1681 3095 1760 3133 me
1787 3077 2045 3132 manseri-

461 3170 557 3234 tis,
583 3169 781 3240 inquit,
813 3169 947 3224 nihil
970 3173 1188 3240 potestis
1211 3171 1384 3240 facere
1412 3171 1477 3225 “.
1511 3168 1623 3226 Sed
1649 3170 1884 3226 fortasse
1904 3183 2044 3224 non-

464 3276 627 3316 nemo
654 3262 859 3317 dixerit
908 3280 922 3317 :
958 3260 1017 3316 Si
1051 3263 1238 3317 omnia
1266 3262 1337 3316 ad
1365 3261 1537 3318 Deum
1583 3260 1919 3327 referuntur,
1951 3258 2045 3316 ubi

464 3361 551 3410 est
589 3354 645 3409 id
673 3353 821 3423 quod
851 3370 986 3410 mea:
1017 3354 1297 3410 facultatis
1326 3355 1451 3409 est?
1478 3353 1576 3409 Sin
1610 3354 1817 3420 minus,
1839 3353 2049 3424 ubique

468 3460 603 3501 sane
635 3445 830 3502 miscet
850 3459 914 3501 ea
937 3461 1059 3516 quae
1088 3461 1117 3500 a
1145 3445 1258 3502 Deo
1290 3454 1421 3503 sunt
1449 3461 1575 3501 cum
1605 3446 1675 3502 iis
1718 3461 1840 3518 qua:
1866 3446 1921 3500 in
1944 3460 2051 3500 no-

470 3547 587 3597 stra
627 3547 757 3595 sunt
791 3547 1087 3612 potestate.
1123 3539 1171 3595 Α
1211 3538 1326 3595 Deo
1356 3549 1508 3595 certe
1540 3538 1674 3594 illud
1699 3545 1784 3594 est
1819 3557 1833 3593 :
1866 3536 2052 3607 Legem

468 3649 603 3704 pone
631 3631 782 3697 mihi,
817 3631 1063 3700 Domine,
1110 3633 1252 3687 viam
1291 3632 1749 3703 justificationum
1797 3639 2052 3697 tuarum;

470 3732 785 3780 nostrarum
812 3732 992 3780 autem
1024 3725 1261 3795 partium
1310 3732 1395 3781 est
1426 3723 1563 3778 illud
1613 3742 1627 3780 :
1680 3721 1751 3777 Et
1779 3723 2054 3794 exquiram

471 3834 589 3873 eam
619 3832 839 3888 semper.
873 3817 919 3870 Λ
954 3816 1062 3872 Deo
1094 3832 1312 3873 rursum
1344 3817 1560 3888 postulo
1593 3833 1606 3868 :
1642 3815 1723 3870 Da
1752 3816 1883 3870 mihi
1906 3813 2057 3871 intel-

475 3910 689 3974 lectum,
728 3918 778 3962 et
802 3907 1081 3963 scrutabor
1115 3909 1278 3980 legem
1326 3918 1496 3973 tuam,
1527 3908 1593 3964 ad
1635 3923 1722 3965 me
1763 3924 1893 3966 vero
1928 3924 2058 3983 per-

477 3999 612 4054 tinet
641 3998 777 4055 illud
809 4018 822 4054 :
851 3997 921 4053 Et
952 3998 1247 4054 custodiam
1276 3998 1431 4053 illam
1463 4000 1521 4054 in
1564 4008 1673 4055 toto
1717 3997 1874 4055 corde
1918 4017 2052 4056 meo.

478 4089 665 4146 Tertio
688 4091 818 4146 item
837 4104 868 4144 a
891 4089 1003 4146 Deo
1034 4091 1089 4145 id
1130 4098 1329 4161 expeto
1354 4109 1373 4149 :,
1399 4090 1581 4147 Deduc
1615 4108 1704 4147 me.
1736 4093 1791 4145 in
1814 4093 2056 4147 semitam

478 4181 852 4237 mandatorum
884 4191 1095 4237 tuorum
1132 4197 1152 4236 :
1184 4181 1317 4252 quid
1357 4188 1538 4238 autem
1572 4181 1640 4237 ad
1689 4198 1774 4237 me
1806 4184 2060 4259 spectat?

479 4270 623 4339 Quia
669 4272 841 4340 ipsam
874 4272 1035 4335 volui,
1064 4271 1320 4327 videlicet
1373 4272 1549 4344 legem
1581 4286 1746 4343 supra
1788 4287 2058 4327 memora-

480 4371 621 4430 tam;
654 4364 728 4417 ita
758 4371 817 4418 ut
849 4371 1100 4433 petamus
1143 4371 1202 4417 ut
1229 4378 1350 4434 quae
1378 4379 1410 4419 a
1436 4362 1548 4420 Deo
1577 4372 1709 4420 sunt
1736 4364 1919 4420 adsint
1959 4380 2062 4419 no-

484 4452 591 4518 bis,
617 4468 681 4509 ea
707 4454 1087 4525 promittentes
1115 4469 1236 4525 quae
1256 4461 1464 4512 nostra:
1487 4454 1769 4511 facultatis
1794 4463 1942 4518 sunt,
1976 4470 2066 4510 ne-

482 4558 593 4613 que
636 4543 793 4599 irrita
826 4544 918 4599 illa
965 4543 1252 4612 facientes,
1283 4561 1354 4601 ne
1379 4552 1539 4617 pacta
1568 4560 1693 4600 cum
1729 4544 1840 4600 Deo
1874 4553 2062 4600 nostra

484 4637 767 4693 violemus.

562 4727 724 4786 Vsus.
751 4729 814 4784 Η
834 4759 861 4772 -
878 4729 967 4785 48.
997 4728 1065 4784 Et
1086 4730 1257 4784 ueniat
1279 4744 1531 4798 superante
1557 4728 1919 4782 misericordia
1947 4737 2071 4792 tua,

489 4823 732 4888 Domine,
767 4824 1005 4879 salutare
1036 4833 1185 4876 tuum
1214 4821 1501 4877 secundum
1540 4819 1753 4876 verbum
1789 4827 1957 4876 tuum.
2003 4818 2070 4873 Et

489 4914 809 4987 respondebo
836 4914 1276 4985 exprobrantibus
1298 4912 1428 4967 mihi
1457 4911 1690 4977 verbum,
1720 4913 1845 4982 quia
1868 4911 2075 4980 speravi

491 5009 545 5062 in
575 5006 902 5063 sermonibus
932 5008 1057 5062 tuis.
1088 5005 1158 5061 Et
1192 5022 1255 5062 ne
1278 5006 1493 5076 auferas
1515 5004 1581 5059 de
1601 5020 1690 5058 ore
1718 5019 1833 5058 meo
1863 5003 2072 5057 verbum

490 5101 730 5157 seritatis
763 5116 925 5170 usque
954 5098 1125 5166 valde,
1161 5100 1285 5172 quia
1322 5099 1375 5151 in
1410 5096 1637 5167 judiciis
1663 5096 1767 5151 tuis
1800 5108 2072 5167 superspe-

494 5193 628 5249 ταοὶ.
670 5190 741 5245 Et
779 5191 1075 5246 custodiam
1106 5190 1266 5262 legem
1305 5198 1449 5242 tuam
1477 5202 1699 5256 semper,
1731 5187 1785 5240 in
1820 5186 2075 5241 steculum

494 5295 544 5341 et
579 5286 633 5338 in
671 5284 925 5339 saeculum
957 5282 1158 5338 stcculi.
1190 5281 1260 5336 Et
1291 5280 1633 5336 ambulabant
1671 5280 1727 5335 in
1769 5279 2073 5346 latitudine,

495 5378 622 5450 quia
645 5377 903 5431 mandata
939 5385 1032 5429 tua
1056 5375 1332 5445 exquisivi.
1374 5372 1444 5428 Et
1475 5374 1722 5445 loquebar
1754 5374 1809 5428 in
1840 5374 2077 5428 testimo-

497 5472 601 5527 niis
629 5472 734 5525 tuis
792 5472 849 5525 in
895 5480 1174 5540 conspectu
1216 5485 1417 5541 regum,
1453 5478 1502 5523 et
1555 5484 1658 5521 non
1694 5464 2075 5535 confundebar.

500 5563 615 5619 Hoc
639 5563 865 5635 "pulchre
885 5562 1235 5635 quadraverit
1259 5563 1315 5617 in
1338 5575 1462 5617 eum
1485 5560 1577 5631 qui
1601 5559 1668 5613 ad
1698 5572 1896 5613 nomen
1920 5555 2081 5613 Chri-

502 5657 572 5711 sti
602 5655 969 5712 contltendum
997 5665 1123 5711 ante
1159 5670 1317 5729 roges
1346 5664 1400 5710 et
1437 5653 1699 5725 praesides
1728 5650 1966 5706 ducitur.
2011 5647 2081 5703 Et

502 5748 796 5803 meditabar
828 5749 883 5802 in
914 5746 1179 5804 mandatis
1219 5747 1345 5815 tuis,
1377 5762 1493 5817 qua:
1518 5743 1686 5800 dilexi
1707 5742 1875 5799 valde.
1919 5741 1981 5811 Et
2010 5741 2082 5797 le-

576 5930 621 5967 ”
651 5925 811 5982 Joan.
851 5944 935 5992 xv,
972 5928 1024 5983 ι.

2115 697 2216 752 καὶ
2261 696 2513 768 φυλάξω
2534 697 2723 755 αὐτὸν
2757 698 2828 753 ἐν
2853 698 2966 769 ὅλῃ
2995 701 3208 771 καρδίᾳ
3248 721 3389 774 μου.
3434 702 3696 757 Βούλεται

2115 789 2464 861 ὲξερευνῆσαι
2491 788 2585 843 τὸν
2623 789 2785 860 νόμον
2812 791 2906 845 τοῦ
2939 791 3074 846 Θεοῦ
3099 796 3128 848 ὁ
3160 796 3443 867 προφήτης
3470 795 3699 848 ἐπιστά-

2119 897 2298 952 μενος,
2322 880 2409 933 ὅτι
2435 881 2536 934 οὐκ
2565 879 2679 935 ἐστι
2705 883 2883 954 σαφὴς
2907 882 3002 936 καὶ
3027 886 3517 959 εὐκαταφρόνητος.
3564 889 3695 941 2w-

2117 971 2293 1027 έτισόν
2311 988 2377 1043 με
2392 972 2590 1037 τοίνυν,
2604 972 2691 1028 ἵνα
2705 973 2923 1045 ζητήσω
2938 976 3098 1029 αὐτὸν
3115 976 3252 1048 μετὰ
3266 978 3363 1049 τῆς
3377 979 3696 1051 πρεπούσης

2117 1063 2346 1137 ἐρεύνης
2370 1065 2465 1119 καὶ
2486 1065 2831 1133 ἐπιστασίας,
2852 1066 2929 1131 ὡς
2957 1067 3017 1133 ἐξ
3041 1068 3205 1122 αὐτοῦ
3227 1069 3406 1127 λαϐεῖν
3431 1071 3537 1126 τῶν
3557 1088 3702 1142 πρα-

2119 1156 2291 1211 κτὲων
2318 1157 2410 1211 καὶ
2432 1156 2722 1230 θεωρητῶν
2743 1156 2843 1231 τὴν
2865 1159 3060 1231 χρῆσιν
3087 1162 3178 1215 καὶ
3206 1163 3526 1234 κατάληψιν·
3558 1162 3702 1218 οῦτω

2119 1248 2230 1322 γὰρ
2259 1248 2558 1321 δυνήσομαι
2590 1249 2821 1320 φυλάξαι
2871 1251 3034 1307 αὐτὸν
3067 1254 3125 1306 ὲν
3168 1253 3263 1325 ὅλῃ
3311 1254 3505 1327 καρδία
3544 1256 3699 1309 ἀνενο

2120 1341 2387 1405 δοιάστως
2401 1340 2550 1412 αὐτῷ
2575 1345 3032 1416 προσερχόμενος.
3068 1345 3130 1399 El
3158 1345 3216 1399 δὲ
3239 1346 3506 1411 συνέσεως
3530 1346 3703 1400 δεῖται

2122 1432 2210 1485 ῐνα
2238 1432 2393 1503 μόνον
2418 1434 2686 1508 ὲρευνήσῃ
2715 1435 2805 1488 τὸν
2830 1437 3015 1507 νόμον,
3046 1436 3189 1503 τίνος
3217 1437 3412 1505 δεῖται,
3436 1438 3707 1502 συνέσεως

2122 1523 2231 1577 ἀπὸ
2254 1523 2388 1578 Θεοῦ
2412 1523 2712 1598 διδομένης,
2738 1527 2825 1581 ἴνα
2855 1527 2988 1602 εὕρῃ
3014 1528 3076 1581 τὸ
3098 1528 3282 1595 τέλος

2210 1698 2536 1771 Ὀδήγησόν
2569 1717 2648 1769 με
2684 1700 2762 1754 ἐν
2800 1699 2876 1768 τῇ
2916 1702 3090 1769 τρίϐῳ
3130 1700 3250 1755 τῶν
3273 1701 3537 1755 ἐντολῶν
3565 1718 3706 1767 σου,

2128 1791 2218 1846 ὅτι
2246 1790 2442 1860 αὐτὴν
2460 1789 2751 1861 ἠθέλησα.
2802 1794 2920 1846 Ἵνα
2947 1792 3080 1867 εἴπῃ
3110 1793 3202 1847 τὸν
3233 1793 3414 1864 νόμον,
3457 1793 3576 1864 ἦτοι
3608 1793 3711 1867 τὴν

2128 1884 2330 1957 τρίϐον·
2386 1884 2502 1938 ἐστι
2536 1884 2646 1956 γὰρ
2672 1885 2902 1939 ἐντολῶν
2931 1884 3137 1958 τρίϐος.
3167 1885 3365 1958 Τρίϐος
3393 1886 3450 1939 δὲ
3494 1885 3710 1954 λέγεται

2131 1979 2166 2049 ἡ
2196 1977 2526 2049 τετριμμένη
2558 1977 2695 2043 ὁδὸς,
2719 1979 2786 2048 ἢν
2817 1978 3002 2033 πολλοὶ
3026 1978 3132 2049 πρὸ
3153 1980 3308 2050 ἡμῶν
3337 1978 3713 2053 ἐπορεύθησαν

2131 2068 2241 2123 τῶν
2272 2068 2514 2123 δικαίων.
2556 2069 2682 2123 Ἐὰν
2714 2069 2771 2123 δέ
2796 2088 2881 2134 τις
2911 2072 2984 2144 μὴ
3010 2070 3190 2143 ὁδηγῷ
3216 2074 3486 2144 χρήσηται
3527 2070 3605 2141 τῷ
3635 2072 3715 2125 δι·

2134 2162 2293 2233 καίῳ,
2323 2163 2383 2215 οὐ
2409 2162 2626 2217 δύναται
2652 2163 2865 2218 ὁδεῦσαι
2894 2164 3036 2218 κατὰ
3065 2167 3165 2229 τὰς
3193 2164 3412 2228 ἐντολὰς
3435 2162 3530 2216 τοῦ
3553 2162 3690 2217 Θεοῦ

2134 2254 2372 2325 Χριστοῦ
2399 2254 2507 2327 γὰρ
2531 2257 2672 2326 ἡμᾶς
2703 2255 2787 2309 δεῖ
2828 2256 3067 2325 γίνεσθαι
3109 2257 3371 2330 μιμητὰς,
3417 2255 3511 2311 καὶ
3539 2254 3717 2327 αἴρειν

2135 2346 2235 2400 τὸν
2250 2347 2500 2418 σταυρὸν,
2536 2349 2626 2401 καὶ
2653 2348 2965 2404 ἀκολουθεῖν
2993 2349 3168 2404 ὀπίσω
3208 2348 3372 2404 αὐτοῦ

2208 2437 2431 2493 Κλῖνον
2460 2437 2576 2507 τὴν
2612 2438 2865 2509 καρδίαν
2886 2457 3006 2511 μου
3044 2443 3133 2507 είς
3168 2440 3241 2495 τὰ
3256 2438 3552 2511 μαρτύριά
3577 2456 3718 2503 σου,

2139 2528 2239 2584 καὶ
2279 2530 2367 2600 μὴ
2413 2531 2502 2595 είς
2542 2530 2923 2597 πλεονεξίαν.
2972 2533 3390 2601 Ἀπόστρεψον
3430 2531 3573 2598 τοὺς
3615 2531 3723 2600 όφ-

2140 2623 2407 2693 θαλμούς
2424 2641 2545 2693 μου
2573 2624 2677 2678 τοῦ
2696 2622 2784 2694 μὴ
2817 2623 2964 2679 ίδεῖν
2985 2626 3371 2695 ματαιότητα,·
3410 2625 3480 2678 ὲν
3500 2622 3579 2692 τῇ
3607 2620 3725 2688 όδῷ

2141 2730 2258 2770 σου
2296 2713 2482 2783 ζῆσόν
2515 2732 2612 2787 με.
2660 2716 2909 2785 Στῆσον.
2939 2715 3019 2782 τῷ
3046 2716 3247 2787 δούλῳ
3273 2730 3390 2771 σου
3419 2713 3488 2769 τὸ
3516 2715 3728 2783 λόγιόν

2142 2821 2258 2861 σου
2295 2807 2383 2873 είς
2419 2805 2527 2861 τὸν
2563 2807 2751 2877 φόϐον
2780 2822 2919 2863 σου.
2962 2809 3219 2879 Περίελε,
3243 2807 3352 2862 τὸν
3382 2806 3730 2877 όνειδισμόν

2139 2914 2257 2968 μου
2285 2894 2357 2950 δν
2383 2894 2767 2963 ὑπώπτευσα,
2798 2899 2889 2954 ὅτι
2918 2898 2993 2953 τὰ
3027 2898 3287 2969 κρίματα,
3319 2912 3438 2954 σου
3466 2896 3707 2969 χρηστά

2158 2986 2303 3042 Ἰδοὺ
2331 2986 2679 3061 ἐπεθύμησα
2701 2992 2808 3057 τὰς
2837 2990 3091 3057 ἐντολάς
3114 3006 3253 3056 σου,
3288 2991 3359 3045 ἐν
3394 2989 3471 3059 τῇ
3506 2989 3730 3044 δικαιο-

2147 3078 2311 3151 σύνῃ
2366 3094 2486 3135 σου
2542 3079 2725 3151 ζῆσόν
2755 3098 2851 3152 με.
2909 3082 3095 3137 Πάντα
3153 3083 3245 3137 ἐπὶ
3290 3082 3382 3137 τὸν
3431 3081 3564 3137 Θεον
3596 3081 3731 3135 ἀνα-

2150 3170 2400 3241 φέρουσιν
2429 3172 2481 3225 ol
2507 3172 2675 3241 ἅγιοι,
2715 3172 3052 3236 διδάσκοντες
3091 3175 3260 3245 ἡμᾶς,
3293 3174 3377 3227 ὅτι
3401 3175 3568 3246 χωρὶς
3597 3168 3733 3225 Θεοῦ

2072 3304 2117 3366 c
2148 3263 2300 3366 οὺδξν
2314 3263 2609 3366 δυανὰμεθα.
2643 3265 2912 3366 Ἐὰν.ι)’ὰρ
3044 3266 3114 3366 έν
3138 3265 3291 3336 ἐμοὶ,
3317 3265 3731 3366 φησι-ἐξῇτε,

2150 3354 2331 3410 οὐδὲν
2353 3354 2619 3410 δύνασθε
2641 3354 2853 3409 ποιεῖν.
2891 3355 3030 3409 Ἀλλ’
3050 3355 3180 3420 ῐσως
3203 3373 3286 3420 τις
3308 3357 3441 3427 ipsi“
3465 3355 3529 3407 Et
3557 3352 3734 3408 πάντα

2152 3443 2479 3516 ἀναφέρεται
2507 3444 2601 3498 ἐπὶ
2627 3444 2717 3499 τὸν
2747 3445 2903 3512 Θεὸν,
2933 3443 3040 3499 ποῦ
3064 3445 3126 3499 τὸ
3150 3448 3236 3500 ἐπ’
3266 3444 3419 3516 luci;
3458 3445 3521 3498 Ei
3546 3445 3604 3498 δὲ
3635 3443 3733 3517 μὴ,

2153 3535 2426 3606 πανταχοῦ
2465 3535 2728 3604 ὲπέπλεξε
2779 3540 2893 3603 τοῖς
2935 3537 3044 3592 ἀπὸ
3076 3536 3170 3592 τοῦ
3201 3537 3337 3592 Θεοῦ
3372 3536 3444 3591 τὰ
3470 3537 3554 3607 ἐφ’
3582 3539 3734 3610 ἡμῖν.

2165 3626 2299 3680 Ἀπὸ
2335 3626 2428 3681 τοῦ
2474 3626 2610 3682 Θεοῦ
2654 3629 2734 3683 τόο
2785 3629 3210 3700 Νομοθέτησόν
3235 3647 3333 3701 με.
3380 3631 3585 3699 Κύριε,
3624 3629 3740 3698 τὴν

2155 3717 2299 3773 όδόν
2323 3717 2440 3774 τῶν
2466 3719 2877 3796 δικαιωμάτων
2904 3738 3042 3781 σου·
3074 3722 3137 3780 τὸ
3162 3723 3205 3776 δ’
3233 3724 3318 3791 ἐφ’
3345 3720 3622 3794 ἡμῖν·Καὶ
3641 3721 3743 3781 ἐκ.-

2155 3809 2386 3880 ζητήσω
2421 3813 2617 3882 αὐτὴν
2658 3815 3001 3882 διαπαντός.
3049 3815 3183 3875 Ἀπὸ
3213 3813 3348 3871 Θεοῦ
3383 3813 3521 3868 αἰτῶ
3554 3812 3736 3874 πάλιν·

2156 3901 2490 3965 Συνέτισόν
2525 3921 2637 3979 με,
2660 3903 2761 3960 καὶ
2795 3904 3175 3975 ἐξερευνήσω
3211 3904 3319 3961 τὸν
3369 3906 3561 3976 νόμον
3600 3922 3741 3965 σου.

2156 3994 2231 4049 Τὸ
2259 3994 2303 4048 δ’
2339 3995 2426 4057 ἐπ’
2455 3996 2598 4068 ἔμοι·
2630 3996 2740 4053 Kal
2775 3996 3024 4067 φυλάξω
3052 3998 3241 4053 αὐτὸν
3267 3997 3338 4052 ἐν
3365 3997 3479 4068 ὅλῃ
3506 3996 3738 4067 καρδίᾳ.

2158 4087 2273 4141 Καὶ
2302 4088 2484 4160 τρίτον
2515 4088 2624 4142 ἀπὸ
2649 4088 2784 4143 Θεοῦ
2818 4088 2955 4143 αἰτῶ
2981 4089 3174 4159 λέγωντ
3220 4088 3551 4159 Ὀδήτιησόν
3567 4103 3643 4157 με
3672 4086 3745 4140 ἐν

2158 4180 2334 4247 τρίϐῳ
2371 4178 2489 4233 τῶν
2519 4179 2783 4235 ἐντολῶν
2820 4196 2957 4235 σου·
2985 4181 3039 4235 τί
3072 4180 3132 4241 τὸ
3159 4181 3246 4235 ἐπ’
3290 4166 3463 4251 ἐμοί,
3483 4178 3749 4233 Ὀτι-αὐτ

2159 4268 2266 4322 τὸν
2290 4268 2580 4339 ἠθέλησαο
2629 4269 2787 4341 δῆλον
2815 4270 2873 4324 δὲ
2929 4272 3013 4325 ὃτι
3041 4271 3132 4325 τὸν
3160 4269 3417 4342 ἀνωτέρω
3460 4266 3748 4341 εἰρημένον

2160 4357 2343 4430 νόμον,
2366 4358 2508 4415 ὥστε
2530 4360 2772 4433 αἰτῶμεν
2790 4362 2867 4421 τὰ.
2881 4362 2989 4421 ἀπὸ
3016 4361 3152 4416 Θεοῦ
3173 4359 3570 4433 προσγενέσθαι
3591 4360 3747 4431 ἡμῖν,

2161 4448 2619 4522 ἐπαγγελλόμενοι
2652 4453 2744 4505 καὶ
2790 4451 2861 4505 τὰ
2897 4451 2984 4520 ἐφ’
3023 4453 3155 4529 ἡμῖν
3180 4452 3274 4509 καὶ
3305 4449 3748 4527 μηψευδάμενοι,

2164 4538 2251 4593 ἵνα
2283 4540 2358 4613 μὴ
2388 4540 2493 4606 τὰς,
2516 4541 2652 4619 πρὸς
2684 4542 2817 4595 Θεὸν
2846 4540 3129 4613 ἀθετῶμεν
3157 4540 3463 4615 συνοήικαςι.

2242 4733 2354 4792 Kal
2385 4733 2552 4790 ἔλθοι
2579 4734 2673 4790 ἐπ’
2718 4735 2823 4805 ἐμὲ
2853 4736 2918 4790 τὸ
2952 4735 3126 4802 ἔλεός
3147 4749 3287 4801 σου,
3319 4736 3517 4803 Κύριε,
3541 4732 3607 4787 τὸ
3639 4741 3755 4792 σωῗ

2173 4826 2375 4896 τήριόν
2397 4843 2513 4883 σου
2535 4827 2684 4905 κατᾲ
2712 4827 2817 4883 τὸν
2838 4830 3028 4898 λόγον
3051 4843 3188 4882 σου.
3218 4828 3326 4883 Kal
3356 4824 3756 4894 ἀποκριθήσο-

2167 4937 2274 4995 gat
2314 4919 2439 4996 τοῖς
2477 4919 2831 4981 ὀνειδίζουσί
2860 4938 2961 4990 μοι
3005 4921 3211 4990 λόγον,
3251 4919 3342 4973 ὅτι
3384 4918 3618 4987 ἤλπισα
3652 4913 3757 4971 ἐπὶ

2174 5012 2297 5081 τοῖς
2326 5015 2532 5084 λόγοις
2568 5026 2704 5069 σου.
2746 5014 2857 5068 Kal
2878 5012 2964 5083 μὴ
2995 5010 3277 5084 περιέλῃς
3299 5012 3368 5066 ἐκ
3402 5009 3507 5065 τοῦ
3521 5009 3754 5078 στόμα-

2174 5108 2276 5175 τός
2302 5125 2422 5177 μου
2448 5108 2637 5177 λόγον
2663 5107 2948 5176 ἀληθείας
2974 5106 3085 5173 ἕως
3113 5106 3370 5176 σφόδρα,
3392 5104 3484 5158 ὅτι
3508 5103 3605 5156 ἐπὶ
3633 5101 3759 5167 τοῖς

2175 5199 2421 5272 κρίμασί
2440 5215 2556 5257 σου
2567 5197 2903 5267 ἐπήλπισα.
2923 5198 3035 5255 Kal
3053 5197 3306 5267 φυλάξω
3320 5196 3427 5251 τὸν
3436 5195 3625 5265 νόμον
3637 5207 3757 5247 σου

2175 5287 2499 5355 διαπαντὸς
2512 5291 2601 5355 είς
2620 5285 2727 5342 τὸν
2741 5286 2926 5341 αἰῶνα
2941 5286 3039 5341 καὶ
3060 5288 3149 5353 εἰς
3167 5283 3275 5339 τὸν
3289 5282 3476 5345 αἰῶνα
3493 5280 3603 5336 τοῦ
3616 5277 3755 5334 alti)-

2176 5400 2302 5449 νος.
2319 5380 2429 5437 Kal
2442 5378 2893 5450 ἐπυρευόμηνέν
2909 5376 3368 5447 πλατυσμῷ,,ὄτι
3382 5377 3489 5443 τὰς
3505 5368 3761 5443 ἐντολάς

2178 5489 2294 5529 σου
2330 5470 2680 5541 ἐξεζήτησα.
2721 5470 2835 5525 Kal
2867 5468 3131 5525 ἐλάλουν
3158 5469 3229 5523 ὲν
3264 5465 3390 5534 τοῖς
3412 5464 3760 5536 μαρτυρίοις

2180 5579 2295 5619 σου
2342 5564 2620 5618 ἐναντίον
2676 5560 3006 5627 βασιλέων,
3067 5559 3165 5616 καὶ
3218 5560 3331 5615 οὐκ
3375 5556 3758 5627 ᾐσχυνόμην.

2182 5654 2493 5727 Χαριέντως
2521 5653 2782 5726 ἁρμόσειε
2814 5652 2969 5707 τοῦτο
3003 5651 3080 5724 τῷ
3114 5652 3206 5705 ἐπὶ
3234 5649 3507 5723 ἡγεμόνας
3539 5646 3632 5701 καί
3665 5645 3768 5715 βας

2186 5745 2349 5809 misi;
2376 5745 2625 5816 ἀγομένῳ
2660 5743 2843 5799 ἕνεκεν
2882 5743 2976 5799 τοῦ
3000 5744 3260 5813 ὀνόματος
3285 5739 3518 5812 Χριστοῦ
3551 5754 3766 5813 μαρτυη
