4102 6460
453 516 593 575 1575

1156 509 1426 567 EUSEBH
1460 505 1936 565 CESARIENSIS
1957 504 2107 562 OPP.
2141 499 2322 557 PARS
2357 498 2447 556 Ill.
2475 530 2545 541 -—
2581 493 2989 552 EXEGETICA.

3566 484 3710 549 ,1576

460 638 643 711 βρέχει
687 638 780 693 ἐπὶ
804 637 1042 701 δικαίους
1071 636 1166 690 καὶ
1191 635 1430 699 ἀδίκους,
1473 634 1647 702 ἐρεῖς·
1691 629 1800 686 Τοῦ
1829 627 2039 693 ἐλέους
2085 624 2306 695 Κυρίου
2341 622 2578 691 πλήρης
2614 620 2655 688 ἠ
2710 616 2811 687 τῆ,
2846 616 2920 671 τὰ
2982 611 3340 683 δικαιώματὰ
3385 624 3500 665 σου
3541 606 3712 661 διδα-

458 732 570 797 ξόν
587 749 682 802 με.

532 791 700 881 νέας.
727 821 819 887 65,
852 821 943 879 66.
1002 821 1305 877 Bonitatem
1361 821 1533 891 fecisti
1581 834 1698 875 cum
1734 833 1881 872 servo
1921 826 2032 875 tua,

2208 800 2593 872 Χρηστότητα
2636 796 2931 863 ἐποίησας
2977 793 3128 864 μετὰ
3164 792 3270 848 τοῦ
3320 791 3543 847 δούλου
3569 807 3713 861 σου,

461 917 708 981 Domine,
731 915 1021 971 secundum
1041 912 1252 968 uerbum
1279 922 1448 969 tuum.
1479 912 1777 967 Bonitatem
1803 922 1853 965 et
1871 909 2035 964 disci-

462 1007 663 1074 plinam
687 1014 738 1060 et
757 1006 1035 1062 scientiam
1062 1003 1191 1059 doce
1211 1020 1311 1069 me,
1336 1005 1462 1074 quia
1493 1003 1764 1059 mandatis
1788 1004 1892 1057 tuis
1923 1019 2037 1057 cre-

462 1095 600 1150 didi.
632 1094 738 1150 Pro
782 1096 874 1149 illo
907 1115 920 1149 :
957 1093 1260 1150 Bonitatem
1288 1094 1483 1164 fecisti,
1525 1092 1885 1167 Symmachus
1921 1093 2038 1149 edi-

464 1186 585 1241 dit:
623 1186 939 1256 Benefecisti
992 1201 1139 1241 serva
1167 1193 1277 1240 tuo.
1330 1184 1570 1240 Docetur
1615 1192 1796 1240 autem
1828 1183 1910 1249 is,
1941 1183 2037 1255 qui

458 1277 671 1345 divinis
700 1278 987 1335 institutus
1016 1286 1123 1344 est,
1158 1293 1231 1335 ne
1268 1280 1517 1349 ingratus
1552 1280 1624 1335 sit
1654 1293 1754 1349 pro
1774 1278 2039 1334 beneﬁcio

466 1384 565 1439 per
598 1368 767 1425 Deum
804 1370 908 1426 sibi
935 1371 1174 1439 collato;
1235 1372 1331 1427 sed
1379 1373 1539 1433 sciat,
1573 1372 1818 1428 bonitate
1851 1370 1946 1428 Dei
1969 1372 2039 1427 ad

468 1475 529 1516 se
561 1461 933 1531 perveniente,
958 1477 1019 1517 se
1049 1461 1273 1534 dignum
1324 1462 1570 1517 habitum
1605 1460 1778 1518 fuisse
1806 1462 1900 1533 qui
1927 1477 2039 1518 ser-

393 1617 397 1622 ‘
465 1567 570 1608 vus
594 1551 685 1608 Dei
717 1562 1027 1622 vocaretur,
1061 1555 1366 1611 secundum
1386 1554 1611 1610 verbum
1641 1554 1762 1624 ejus
1795 1553 1918 1609 talis
1960 1551 2043 1609 ef-

425 1711 435 1722 _
468 1642 669 1700 fectus.

422 1729 442 1777 il
543 1733 710 1790 Vsus.
743 1734 832 1791 67.
884 1734 1210 1806 Priusquam
1283 1738 1620 1804 liumiliarer,
1678 1753 1772 1808 ego
1822 1737 2040 1808 deliqui,

468 1836 746 1895 propterea
770 1827 1035 1898 eloquium
1058 1838 1206 1883 tuum
1248 1829 1529 1885 custodivi.
1555 1828 1786 1901 Propter
1833 1830 2042 1900 priora,

470 1919 673 1990 inquit,
713 1933 939 1991 peccata
969 1938 1092 1993 quae
1120 1922 1477 1988 admiseram,
1501 1923 1758 1988 traditus,
1792 1924 2046 1979 humilia-

471 2021 561 2065 tus
590 2025 737 2075 sum,
764 2010 973 2084 Deique
993 2012 1204 2084 judicio
1228 2013 1284 2068 id
1316 2030 1438 2070 sum
1477 2029 1793 2085 perpessus.
1838 2015 2031 2081 Quam-

471 2103 661 2161 obrem
708 2104 1014 2176 disciplina:
1066 2106 1324 2173 traditus,
1355 2107 1662 2163 doctrinam
1709 2109 1950 2179 postulo,
1981 2113 2045 2163 ut

2135 897 2333 963 Κύριε,
2356 891 2509 947 κατά
2532 889 2639 945 τὸν
2661 889 2849 959 λόγον
2869 902 3009 941 σου.
3039 885 3423 954 Χρηστότητα
3448 884 3548 938 καὶ
3574 898 3711 938 παι-

2135 986 2306 1042 δείαν
2343 981 2443 1037 καὶ
2486 980 2714 1053 γνῶσιν
2741 978 2991 1043 δίδαξόν
3030 994 3127 1047 με,
3160 975 3251 1030 ὅτι
3287 975 3417 1041 ταῖς
3438 975 3714 1044 ἐντολαῖς

2136 1093 2251 1134 σου
2270 1075 2621 1130 ἐπίστευσα,
2657 1072 2801 1126 Ἀντὶ
2841 1070 2936 1124 τοῦ
2952 1086 2967 1101 ·
2996 1069 3379 1138 Χρηστότητα
3397 1068 3711 1134 ἐποίησας,

2137 1164 2548 1236 εὺτιρτέτησας
2578 1162 2686 1217 τὸν
2717 1160 2944 1216 δοῦλόν
2973 1175 3112 1223 σου,
3135 1158 3393 1225 ἐξέδωκεν
3418 1159 3445 1210 ὁ
3482 1156 3714 1228 Σύμμαο

2139 1279 2252 1334 χος.
2303 1256 2624 1312 Διδάσκεται
2678 1253 2736 1308 δὲ
2787 1256 2816 1308 ὁ
2861 1252 2930 1306 τὰ
2968 1252 3086 1305 θεῖα
3146 1248 3574 1319 πεπαιδευμένος
3638 1248 3714 1318 μὴ

2139 1351 2479 1423 ἀναισθήτως
2539 1347 2682 1419 ἐχειν
2717 1345 2820 1417 τῆς
2867 1345 2949 1408 είς
3002 1341 3163 1398 αὐτὸν
3212 1340 3576 1412 γεγενημένος
3616 1342 3715 1396 τοῦ

2140 1444 2276 1499 Θεοῦ
2306 1438 2649 1512 εὐεργεσίας·
2700 1437 2895 1490 εἰδέναι
2921 1435 2999 1499 δὲ,
3034 1435 3138 1496 ὃτι,
3186 1434 3553 1504 χρηστότητος
3580 1433 3716 1488 Θεοῦ

2143 1534 2447 1608 φθανούσης
2475 1535 2555 1595 εἰς
2583 1529 2764 1595 αὐτὸν,
2801 1525 3133 1598 κατηξίωται
3170 1524 3354 1590 δοῦλος
3383 1524 3719 1597 χρηματίσαι

2142 1623 2301 1689 Θεοῦ,
2323 1623 2465 1678 κατὰ
2492 1621 2582 1674 τὸν
2609 1621 2765 1689 λόγον
2796 1618 2957 1672 αὐτοῦ
2982 1617 3294 1688 γενόμενος.

2213 1713 2334 1782 Πρὸ
2365 1711 2473 1769 τοῦ
2506 1709 2940 1779 ταπεινωθῆναι
2988 1708 3102 1777 ἐγὼ
3130 1707 3591 1778 ἐπλημμέλησα,
3622 1705 3725 1760 διὰ

2144 1807 2320 1862 τοῦτο
2353 1805 2420 1860 τὸ
2455 1805 2659 1874 λόγιόν
2690 1820 2807 1858 σου
2836 1802 3129 1872 ἐφύλαξα.
3165 1800 3263 1854 Διά
3301 1800 3399 1864 τὰς
3430 1799 3722 1872 προτέρας,

2147 1898 2301 1969 φησὶ,
2333 1895 2666 1969 πραχθείσας
2691 1895 2964 1968 ἁμαρτίας
2987 1892 3307 1965 παραδοθεὶς
3332 1890 3722 1963 ἐταπεινώθην,

2148 1988 2328 2062 κρίσει
2359 1984 2496 2040 Θεοῦ
2526 1984 2700 2040 ταῦτα
2733 1984 2938 2039 παθών.
2971 1975 3046 2038 Οὗ
3074 1982 3140 2055 δὴ
3165 1982 3258 2036 καὶ
3306 1981 3467 2053 χάριν
3504 1980 3727 2052 παιδείᾳ

2150 2079 2495 2153 παραδοθεὶς,
2528 2077 2714 2140 δέομαι
2742 2077 3109 2141 διδασκαλίας,
3138 2076 3215 2139 ὠς
3248 2076 3313 2129 ἄν
3337 2072 3450 2143 γνῶ
3467 2074 3549 2126 ὅτι
3569 2075 3605 2145 ἠ
3628 2089 3728 2127 τα-

471 2210 803 2267 cognoscam
827 2197 971 2252 hanc
1004 2198 1462 2266 humiliationem,
1498 2216 1620 2271 qua:
1653 2199 1786 2254 mihi
1827 2199 2047 2264 accidit,

2157 2174 2407 2238 πείνωσις
2442 2173 2476 2243 ἡ
2506 2171 2765 2243 γενομένη
2804 2187 2893 2242 μοι
2921 2168 3061 2223 κατά
3095 2167 3437 2239 χρηστότητα
3473 2166 3569 2218 καὶ
3600 2181 3729 2218 παι-

472 2302 542 2340 οι
569 2286 812 2343 bonitate
845 2298 901 2343 et
928 2287 1223 2360 disciplina
1257 2290 1507 2346 evenisse
1542 2290 1697 2346 mihi.

548 2376 714 2434 Vens.
746 2378 838 2435 68.
873 2379 1136 2451 Benignus
1164 2398 1218 2436 es
1242 2391 1320 2447 tu,
1349 2381 1588 2449 Domine,
1614 2384 1762 2438 et‘in
1820 2384 2051 2440 bonitate

476 2476 571 2521 tua
599 2468 726 2524 doce
769 2484 850 2524 me
863 2470 1277 2540 justiﬁcationes
1311 2482 1453 2527 tuas.
1507 2470 1658 2543 Opus
1702 2473 1839 2543 justi
1870 2481 1975 2540 est,
1996 2474 2051 2528 in

477 2560 737 2615 omnibus
762 2578 884 2631 quae
940 2565 1221 2628 accidunt,
1258 2564 1517 2621 alacriter
1548 2581 1609 2622 se
1648 2566 1873 2630 habere,
1905 2566 2053 2636 quod

474 2648 594 2704 haec
622 2664 654 2704 a
679 2650 1026 2709 Providentia
1049 2654 1456 2726 dispensentur,
1482 2664 1647 2728 atque
1668 2658 1752 2716 uel
1768 2658 2055 2715 acerbiora

475 2739 727 2816 hilariter
755 2745 1077 2815 accipiendo
1101 2744 1212 2803 Deo
1231 2747 1415 2804 dicere
1439 2766 1453 2802 :
1486 2747 1752 2821 Benignus
1777 2764 1832 2804 es
1855 2756 1910 2801 tu
1927 2764 1947 2813 ;
1963 2756 2050 2806 et;

476 2833 797 2890 Benedicam
817 2836 1044 2893 Domino
1066 2840 1123 2893 in
1161 2840 1305 2894 omni
1337 2848 1585 2909 tempore,
1614 2842 1671 2896 in
1703 2841 1807 2897 hoc
1841 2854 2057 2910 semper

478 2932 763 3002 proposito
794 2932 1120 2989 insistendo.
1142 2932 1249 2990 Pro
1274 2934 1368 2988 illo
1393 2953 1407 2989 :
1428 2934 1695 3007 Benignus
1721 2951 1776 2989 es
1817 2943 1896 3000 tu,
1924 2934 2055 2989 reli-

478 3036 601 3092 quae
630 3020 902 3078 editiones
935 3021 1151 3077 :Bonus
1179 3039 1235 3077 es
1258 3032 1337 3088 tu,
1364 3024 1736 3095 interpretata:
1758 3031 1907 3079 sunt.
1926 3021 2056 3079 Scio

479 3107 693 3177 utique,
723 3108 823 3171 ait,
861 3123 1039 3180 neque
1070 3110 1262 3166 dubito
1295 3111 1365 3167 de
1408 3121 1607 3168 natura
1631 3124 1744 3178 tua,
1781 3115 1927 3184 quod
1970 3114 2050 3169 ni-

478 3198 680 3253 mirum
737 3198 857 3270 ipsa
912 3200 1130 3258 bonitas
1177 3203 1286 3269 sit;
1323 3202 1420 3258 sed
1474 3205 1693 3274 postulo
1748 3205 2056 3260 doctrinam

473 3289 934 3361 justilicationum
994 3300 1237 3359 tuarum,
1285 3309 1393 3365 qua
1439 3310 1528 3350 me
1590 3296 1807 3351 institui
1870 3311 2053 3368 rogo:

479 3396 607 3436 nam
640 3383 893 3439 doctrina
930 3400 1087 3456 egeo,
1120 3393 1179 3441 ut
1224 3401 1510 3445 sermones
1544 3388 1613 3445 de
1655 3390 1909 3460 superbis
1964 3403 2059 3443 co-

479 3489 764 3545 gnoscam.

2149 2266 2293 2321 δείαν
2317 2264 2549 2335 ἐγένετο.

2218 2356 2492 2427 Χρηστὸς
2532 2351 2593 2411 εἴ
2618 2353 2722 2418 σὺ,
2755 2354 2951 2423 Κύριε,
2986 2350 3084 2407 καὶ
3120 2349 3194 2421 τῇ
3226 2349 3587 2420 χρηστότητι
3610 2362 3730 2403 σου

2151 2448 2400 2515 διδαξόν-
2441 2464 2519 2519 με
2557 2448 2628 2503 τὰ
2675 2444 3033 2517 δικαιώματά
3084 2460 3221 2500 σου.
3288 2444 3511 2498 Δικαίου
3569 2443 3731 2516 ἔργον

2146 2542 2321 2607 ἐστὶν,
2338 2541 2430 2595 ἐπὶ
2445 2542 2579 2595 πᾶσι
2603 2542 2712 2606 τοῖς
2743 2539 3127 2611 πμὸαίνουσιν
3151 2538 3614 2609 εὐαρεστούμενον
3638 2537 3732 2592 καὶ

2153 2632 2664 2706 κατακληρούμενον
2693 2632 2801 2688 ἀπὸ
2828 2633 2927 2704 τῆς
2960 2632 3247 2705 Προνοίας,
3275 2632 3475 2705 ἱλαρῶς
3505 2630 3731 2703 δεχομέ-

2152 2740 2244 2779 νου
2266 2723 2461 2793 λὲγειν,
2479 2724 2573 2777 καὶ
2591 2724 2681 2777 ἐπὶ
2699 2725 2809 2786 τοῖς
2820 2723 3161 2795 πικροτέροις
3176 2719 3313 2778 εἶναι
3334 2723 3732 2796 νομιζομένοις,

2155 2815 2235 2887 τῷ
2259 2815 2377 2888 Θεῷ
2403 2815 2463 2868 τό
2479 2833 2492 2846 ·
2533 2814 2802 2885 Χρηστὸς
2824 2810 2883 2868 εἷ
2906 2810 3008 2879 σὺ,
3040 2816 3133 2868 καὶ
3155 2814 3217 2868 τό
3232 2832 3246 2845 ο
3271 2814 3605 2886 Εὐλοτήσω
3625 2813 3734 2869 τὸν

2156 2907 2377 2977 Κύριον
2431 2904 2502 2960 ἐν
2556 2902 2731 2959 παντί
2796 2904 2999 2973 καιρῷ,
3063 2903 3165 2974 τῆς
3230 2904 3399 2975 αὐτῆς
3476 2904 3733 2976 ἐχόμενον

2160 2997 2546 3070 προαιρέσεως.
2593 2996 2735 3049 Ἀντλ⁵
2763 2995 2880 3064 τοῦ,
2913 2998 3186 3065 Χρηστὸς
3209 2993 3266 3050 εἷ
3307 2995 3410 3060 σὺ,
3443 2998 3501 3051 ai
3546 2995 3733 3051 λοιπαὶ

2156 3088 2395 3152 ἐκδόσεις
2413 3105 2426 3118 ο
2459 3087 2687 3159 Ἀγαθός
2714 3083 2774 3142 εἷ
2790 3087 2894 3147 σὺ,
2921 3088 3292 3159 ἡρμήνευσαν.
3313 3087 3445 3141 Οἶδα
3476 3088 3574 3158 μὲν
3611 3082 3729 3152 οὖν,

2157 3181 2315 3254 φησὶ,
2331 3181 2423 3235 καὶ
2445 3181 2546 3235 οὐκ
2581 3180 2905 3252 ἀμφιϐάλλου
2929 3180 3175 3253 περὶτῆς
3200 3181 3299 3250 σῆς
3326 3179 3537 3246 οὓσίας,
3565 3180 3649 3233 ὅτι
3669 3180 3734 3250 δὴ

2158 3273 2494 3343 αὑτοάγαθον
2531 3273 2774 3344 πέφυκεν
2794 3287 2808 3300 ·
2835 3272 2971 3327 ἀλλὰ
3010 3272 3199 3344 δέομαι
3235 3272 3584 3336 διδασκαλίας
3625 3273 3736 3327 τῶν

2157 3363 2537 3435 δικαιωμάτων
2568 3381 2682 3427 σου,
2713 3364 2779 3435 ἢν
2811 3363 2946 3428 ἀξιῶ
2984 3362 3193 3429 διδάξαι
3251 3379 3348 3435 με·
3386 3362 3734 3427 διδασκαλίας

2160 3455 2269 3528 γάρ
2317 3472 2404 3527 μοι
2451 3456 2552 3518 δεῖ,
2608 3457 2688 3520 εἰς
2730 3455 2792 3508 τὸ
2836 3454 3036 3524 γνῶναι
3077 3456 3203 3520 τοὺς
3250 3455 3377 3529 περὶ
3419 3454 3527 3509 τῶν
3569 3454 3738 3529 ὑπερ-

2087 3538 2129 3593 C
2161 3547 2384 3620 ηιράνων
2414 3548 2625 3618 λόγους.

553 3635 722 3692 Vens.
756 3635 847 3692 69.
885 3634 1250 3708 Multiplicata
1272 3645 1352 3692 est
1381 3652 1538 3707 super
1571 3653 1651 3693 me
1681 3636 1934 3707 iniquitas
1967 3652 2052 3690 su-

479 3727 797 3797 perborum;
827 3743 919 3798 ego
947 3736 1120 3781 autem
1157 3727 1212 3780 in
1266 3735 1374 3782 toto
1430 3726 1586 3781 corde
1638 3742 1750 3780 meo
1781 3726 2060 3780 scrutabor

482 3817 742 3874 mandata
778 3828 890 3874 tua.
919 3818 1136 3885 Quanto
1169 3818 1373 3889 justior
1398 3818 1672 3891 quispiam
1699 3826 1805 3884 est,
1844 3816 2060 3889 Deoque

482 3912 661 3983 magis
708 3910 969 3976 adhaeret,
1002 3927 1067 3968 ac
1113 3912 1171 3967 in
1219 3927 1285 3969 eo
1325 3928 1432 3983 pax
1484 3912 1581 3968 Dei
1625 3911 2090 3982 multiplicatur;

482 4010 638 4060 tanto
672 4005 843 4077 magis
874 4006 929 4061 in
951 4020 1038 4072 eo,
1068 4013 1258 4076 utpote
1286 4005 1652 4077 praestantiori
1689 4004 1914 4073 athleta,
1947 4005 2033 4059 vir

484 4102 576 4152 tus
619 4097 910 4163 accrescit,
977 4097 1269 4169 plusquam
1320 4095 1684 4167 superborum
1740 4094 1921 4165 ipsum
1966 4095 2060 4149 lte-

484 4189 618 4245 dere
646 4189 983 4259 volentium;
1012 4190 1128 4246 sive
1156 4187 1599 4244 adversariarum
1629 4187 1917 4250 virtutum,
1948 4188 2063 4243 sive

487 4281 794 4337 hominum.
829 4279 946 4337 Hoc
1001 4292 1184 4337 autem
1230 4287 1478 4352 peracto,
1530 4296 1599 4335 ne
1636 4280 1717 4336 vel
1776 4280 2062 4334 minimum

487 4375 707 4445 quidem
738 4376 1023 4433 remissior
1056 4374 1256 4443 evadit,
1291 4375 1588 4445 quominus
1652 4374 1707 4428 in
1756 4379 1874 4428 toto
1899 4372 2065 4428 corde

486 4474 768 4523 scrutetur
800 4468 1056 4522 mandata
1084 4465 1202 4532 Dei,
1234 4475 1293 4523 ut
1319 4466 1487 4523 faciat
1515 4483 1600 4525 ea.

559 4553 726 4610 Vsus.
758 4555 946 4612 70-72.
970 4554 1325 4627 Coagulatum
1345 4566 1423 4612 est
1456 4559 1594 4612 sicut
1613 4557 1697 4612 lac
1728 4574 1820 4613 cor
1850 4570 2065 4612 eorum:

486 4664 579 4719 ego
616 4664 734 4703 vero
765 4649 925 4720 legem
971 4659 1121 4703 tuam
1160 4651 1445 4706 meditatus
1497 4668 1637 4706 sum.
1679 4652 1888 4706 Bonum
1938 4652 2066 4705 mihi

487 4742 617 4811 quia
646 4740 943 4797 humiliasti
977 4759 1077 4806 me,
1111 4752 1169 4796 ut
1207 4742 1410 4797 discam
1456 4744 1871 4814 iustiﬁcationes
1921 4752 2062 4798 tuas.

489 4834 697 4889 Bonum
727 4836 858 4891 mihi
886 4837 970 4890 lea:
994 4838 1099 4892 oris
1129 4840 1206 4893 tui
1229 4853 1384 4909 super
1401 4840 1573 4894 millia
1605 4839 1727 4893 auri
1756 4849 1807 4895 et
1838 4840 2062 4911 argenti.

2242 3641 2614 3710 Ἐπληθύνθη
2636 3640 2730 3694 ἐπ’
2771 3638 2878 3711 ἐμὲ
2919 3638 3123 3697 ἀδικία
3163 3638 3594 3710 ὑπερηφάνων·
3624 3637 3743 3709 ἐγὼ

2157 3731 2228 3787 δὲ
2251 3732 2321 3786 ὲν
2342 3731 2454 3803 ὅλῃ
2501 3733 2713 3803 καρδίᾳ
2739 3751 2859 3803 μου
2906 3732 3286 3803 ἐξερευνήσω
3332 3733 3438 3799 τὰς
3487 3731 3744 3797 ἐντολάς

2158 3838 2295 3881 σου.
2313 3824 2461 3896 Ὅσῳ
2479 3824 2683 3890 δίκαιός
2708 3825 2792 3890 τίς
2814 3827 2955 3892 ἐστι,
2974 3824 3400 3897 προστιθέμενος
3437 3825 3529 3878 ὲπὶ
3559 3823 3743 3877 πλεῖον

2151 3916 2238 3989 ,τῷ
2274 3915 2412 3989 Θεῷ,
2448 3918 2543 3971 καὶ
2566 3916 2894 3989 πληθύνεται
2922 3919 2980 3972 ὲν
3003 3902 3154 3989 αὑτῷ
3179 3919 3214 3989 ὴ
3241 3919 3434 3990 είρήνη
3460 3916 3555 3971 τοῦ
3582 3915 3741 3980 Θεοῦ,

2159 4008 2419 4080 τοσούτῳ,
2452 4007 2529 4073 ὡς
2564 4009 2656 4063 ἐπὶ
2713 4008 2951 4081 ἀθλητὴν
2990 4008 3214 4081 μείζονα
3274 4009 3362 4063 ἐπ’
3412 4008 3560 4082 αὐτῷ
3608 4008 3745 4081 πλη-

2162 4099 2401 4167 θύνεται,
2434 4100 2469 4174 ἢ
2497 4100 2605 4155 τῶν
2631 4101 2834 4156 ἀδικεῖν
2857 4101 3019 4157 αὐτὸν
3055 4100 3317 4156 θελόντων
3355 4099 3742 4173 ὑπερηφάνων,

2162 4193 2274 4247 εὖτε
2328 4193 2612 4264 δυνάμεων
2653 4192 3068 4264 ἀντικειμένων,
3103 4194 3213 4247 εἴτε
3245 4191 3568 4264 ἀνθρώπων.
3608 4189 3747 4244 Τού-

2163 4302 2256 4339 του
2284 4283 2342 4338 δὲ
2373 4283 2679 4355 γινομένου,
2712 4284 2834 4338 οὐδὲ
2866 4283 3008 4339 κατά
3045 4284 3108 4338 τὸ
3157 4284 3309 4338 ποιὸν
3349 4282 3626 4337 ἐνδίδωσιν
3647 4279 3743 4336 τοῦ

2166 4376 2243 4449 μὴ
2280 4378 2337 4432 ὲν
2375 4375 2471 4448 ὅλῃ
2502 4375 2700 4448 καρδία
2746 4376 3035 4449 ὲξερευνᾷν
3065 4375 3167 4440 τὰς
3195 4374 3414 4439 ἐντολὰς
3463 4374 3559 4429 τοῦ
3606 4374 3743 4429 Θεοῦ

2166 4469 2303 4540 πρὸς
2333 4468 2394 4522 τὸ
2429 4469 2523 4523 καὶ
2547 4468 2770 4539 ποιῆσαι
2792 4469 2982 4533 αὑτάς.

2248 4561 2542 4631 Ἐτυρὼθη
2578 4562 2661 4629 ὡς
2697 4561 2854 4632 ’μάλα
2876 4564 2933 4631 νή
2981 4561 3194 4630 καρδία
3251 4558 3479 4615 αὐτῶν·
3517 4557 3633 4628 ἐγὼ
3677 4556 3748 4611 δὲ

2164 4654 2272 4707 τόν
2296 4654 2483 4723 νόμον
2517 4668 2633 4708 σου
2669 4651 3023 4723 ἐμελέτησα.
3064 4653 3303 4724 Ἆγαθόν
3320 4669 3444 4721 μοι,
3492 4650 3583 4704 ὅτι
3610 4650 3745 4705 ἑτα-

2164 4742 2466 4810 πείνωσάς
2495 4759 2593 4813 με,
2635 4743 2793 4809 ὅπως
2829 4742 2906 4797 ἂν
2925 4742 3092 4812 μάθω
3123 4743 3195 4797 τὰ
3217 4740 3575 4812 δικαιώματά
3605 4758 3743 4795 σου.

2177 4831 2412 4900 Ἀγαθός
2437 4849 2541 4901 μοι
2568 4836 2603 4888 ό
2638 4833 2822 4902 νόμος
2854 4832 2960 4886 τοῦ
2993 4833 3291 4903 στόματός
3325 4848 3442 4888 σου
3468 4831 3619 4900 ὑπὲρ
3651 4850 3744 4902 χι-

486 4923 624 4980 Nam
672 4938 797 4981 ante
841 4929 1153 4998 superbiam
1193 4930 1435 5001 quidem,
1471 4930 1775 4988 incolumes
1809 4937 1863 4985 et
1897 4930 2054 4986 corde

2166 4924 2379 4991 λιάδας
2423 4924 2679 4994 χρυσίου
2722 4926 2820 4979 καὶ
2870 4925 3173 4996 ἀργυρίου.
3227 4927 3341 4998 Πρὸ
3373 4925 3472 4998 μὲν
3511 4924 3621 4998 γὰρ
3648 4926 3749 4997 τῆς

492 5019 739 5089 vigentes
792 5029 967 5088 erant,
999 5029 1182 5092 atque,
1221 5031 1282 5077 ut
1326 5022 1403 5077 ita
1444 5022 1646 5087 dicam,
1677 5021 1970 5093 potabiles,
2002 5029 2063 5077 ut

488 5112 655 5167 etiam
687 5113 815 5168 lacti
859 5115 927 5169 ad
984 5130 1169 5171 escam
1225 5115 1523 5173 utilissimo
1575 5124 2060 5187 compararentur;

460 5214 778 5276 .postquam
808 5214 990 5264 autem
1040 5208 1352 5279 superbiam
1412 5207 1730 5275 induerunt,
1756 5224 1947 5266 omnes
1975 5210 2064 5264 in-

489 5295 673 5350 durati
726 5296 886 5367 quasi
920 5312 952 5353 e
987 5296 1129 5353 lacte
1179 5298 1236 5352 in
1265 5312 1488 5353 caseum
1540 5297 1861 5352 commutati
1911 5304 2062 5352 sunt.

489 5385 599 5442 Pro
647 5387 743 5442 illo
775 5398 982 5452 autem,
1012 5390 1352 5460 coagulatum
1371 5398 1471 5455 est,
1508 5388 1705 5460 Aquila
1734 5388 1870 5445 dicit
1900 5405 1916 5442 :
1951 5386 2067 5443 Im-

492 5478 803 5548 pinguatum
830 5490 908 5535 est
940 5480 1096 5551 quasi
1136 5480 1298 5551 adeps
1345 5497 1438 5537 cor
1452 5496 1667 5543 eorum;
1701 5479 2065 5552 Symmachus

492 5577 679 5625 autem
716 5587 732 5624 :
763 5570 1119 5627 Hedullatum
1139 5583 1218 5628 est
1239 5573 1377 5627 sicut
1408 5573 1567 5643 adeps
1589 5589 1681 5629 cor
1709 5589 1911 5628 eorum.
1947 5572 2067 5628 Ca:-

496 5669 675 5718 terum
703 5664 834 5721 licet
872 5665 948 5720 illi
982 5665 1039 5721 in
1071 5666 1159 5722 his
1184 5676 1561 5732 versarentur,
1595 5682 1696 5739 ego
1724 5682 1754 5721 a
1786 5666 2070 5738 proposito

496 5752 721 5811 minime
740 5758 981 5826 recessi;
1017 5759 1112 5815 sed
1146 5767 1261 5814 toto
1286 5760 1453 5816 corde
1486 5761 1775 5816 scrutabar
1807 5759 2061 5815 mandata

496 5852 592 5899 tua
626 5863 640 5898 :
674 5845 744 5899 ab
788 5848 1106 5903 eorumdem
1175 5851 1515 5907 scrutatione
1557 5851 1915 5920 providentiae
1958 5860 2066 5907 tute

500 5948 563 5989 ac
590 5938 972 5994 universorum
998 5941 1496 6015 administrationis
1522 5942 1770 5999 notitiam
1818 5953 2064 6013 captans.

2172 5015 2548 5088 ὑπερηφανίας
2574 5015 2786 5070 εὗεκτοί
2810 5034 2953 5080 τινες
2979 5018 3072 5071 καὶ
3095 5017 3292 5072 ἁπαλοὶ
3318 5013 3460 5090 ἦσαν
3480 5019 3582 5090 τὴν
3611 5035 3748 5090 καρ-

2170 5107 2307 5175 δίαν,
2356 5108 2453 5161 καὶ
2510 5108 2729 5180 πότιμοι
2781 5109 2857 5174 ὡς
2910 5110 2989 5180 τῷ
3043 5110 3276 5180 γάλακτι
3332 5110 3502 5182 αὐτὴν
3564 5125 3748 5180 παρα-

2169 5199 2457 5254 ϐάλλεσθαι
2490 5203 2912 5273 τροφιμωτιὴψ
2954 5204 3117 5275 ἡνίκα
3156 5203 3214 5257 δὲ
3244 5202 3343 5275 τὴν
3370 5202 3755 5275 ὑπερηφανίαν

2173 5292 2486 5349 ὲνεδύσαντο
2535 5296 2757 5360 πάντες,
2801 5296 2897 5350 καὶ
2944 5295 3389 5367 σκληρυνθέντες,
3428 5294 3591 5348 οἱονεὶ
3638 5295 3749 5349 ἀπὸ

2171 5383 2439 5452 γάλακτος
2470 5385 2551 5450 εἰς
2594 5385 2756 5457 τυρὸν
2791 5384 3280 5458 μεταϐεϐλήκασιν.
3328 5385 3472 5439 ’Δντὶ
3520 5384 3580 5439 δὲ
3625 5383 3755 5449 τοῦ,

2169 5476 2462 5547 ἐτυρώθη,
2508 5481 2538 5532 ὁ
2591 5478 2691 5551 μὲν
2748 5478 2976 5543 ’Δκύλας
3039 5477 3201 5549 φησίν
3220 5493 3236 5509 ⁶
3284 5475 3603 5544 Ἐλιπάνθη
3667 5476 3751 5543 ὡς

2169 5569 2406 5639 στέαρή
2424 5570 2636 5641 καρδία
2663 5571 2862 5627 αὐτῶν
2879 5587 2893 5603 ⁸
2920 5571 3018 5626 ὀδὲ
3047 5571 3341 5643 Σύμμαχος
3360 5589 3374 5602 ο
3408 5568 3747 5640 Ἑμυαλώθη

2175 5662 2254 5729 ὡς
2290 5663 2474 5733 στέαρ
2508 5666 2548 5733 ἡ
2577 5665 2790 5735 καρδία
2828 5666 3045 5720 αὐτῶν.
3078 5665 3227 5737 Πλὴν
3259 5665 3377 5719 ἀλλ’
3407 5665 3459 5719 εί
3506 5665 3751 5719 κάκεῖνοι

2175 5757 2237 5810 ἐν
2271 5756 2480 5822 τούτοις
2527 5753 2688 5829 ἦσαν,
2744 5757 2855 5828 ἐγὼ
2908 5760 3015 5813 τῶν
3052 5760 3176 5831 ἐμοὶ
3225 5758 3599 5830 προκειμένων
3649 5756 3751 5811 οὐκ

2174 5851 2496 5923 ἀνεχώρουν,
2524 5854 2581 5907 ὲν
2602 5852 2699 5925 ὅλῃ
2724 5850 2917 5923 καρδίᾳ
2940 5851 3235 5924 ἐξερευνῶν
3255 5851 3353 5915 τὰς
3380 5849 3598 5915 ἐντολάς
3630 5865 3750 5911 σου,

2175 5941 2283 5995 ἀπὸ
2326 5942 2423 6012 τῆς
2459 5939 2660 5995 τούτων
2708 5940 2934 6012 ἐρεύνης
2961 5941 3057 6012 τὴν
3097 5939 3298 6010 γνῶσιν
3339 5939 3441 6011 τῆς
3466 5940 3574 6009 σῆς
3612 5952 3753 6008 προ-
