4102 6412
316 334 452 390 1577

1493 323 2000 384 COMMENTARIA
2039 325 2103 380 IN
2147 324 2489 382 PSALMOS.

3430 330 3574 388 1378

309 453 458 513 νοίας
492 450 586 503 καὶ
626 449 723 520 τῆς
771 446 1001 502 καθόλου
1050 444 1366 516 διοικήσεως
1421 441 1756 515 θηρώμενος,
1804 441 1881 494 κα¹

2004 441 2184 511 Atque
2216 441 2436 496 illorum
2469 439 2688 511 quidem
2733 455 2829 496 cor
2869 441 3123 512 praesenti
3173 441 3299 496 cibo
3346 459 3447 500 suo
3475 446 3578 502 im-

306 543 417 599 τῶν
449 542 545 613 μὲν
577 545 610 613 ἡ
646 541 840 612 καρδία
882 537 1190 623 ξλιπαίνετο
1235 539 1291 591 ὲν
1323 539 1390 608 τῇ
1420 535 1674 607 παρούσῃ
1709 534 1892 597 αὐτοῖς

307 635 479 706 τροφῇ
499 649 513 663 °
547 631 656 701 ἐγὼ
677 631 733 685 δὲ
756 632 848 684 τὸν
876 631 1036 701 νόμον
1060 647 1153 683 σου
1192 627 1516 700 ὲμελέτησα.

370 729 438 779 Αἱ
475 723 672 792 χεῖρές
720 737 836 776 σου
885 723 1184 791 ἐποίησάν
1210 738 1289 792 με
1336 719 1436 774 καὶ
1467 718 1746 774 ἔπλασαν
1777 737 1851 788 με
1875 737 1887 750 ·

308 818 635 872 συνέτσόν
672 832 749 886 με
793 815 892 870 καὶ
923 816 1268 886 μαθήσομαι
1317 814 1426 879 τὰς
1468 811 1721 878 ἐντολάς
1752 828 1888 868 σου.

308 910 546 982 Οὐρανὸν
581 909 679 980 μὲν
716 907 823 979 γὰρ
872 908 967 961 καὶ
1018 907 1122 978 γῆν
1166 907 1262 962 καὶ⁹
1299 907 1477 961 πάντα
1521 905 1589 959 τὰ
1621 907 1678 960 ὲν
1711 907 1892 970 αὐτοῖς

305 1003 449 1074 λόγῳ
474 1002 882 1073 δημιουργήσας
935 1001 1029 1054 καὶ
1064 999 1469 1072 προστάγματι,
1498 1000 1585 1052 ὅτε
1609 995 1770 1071 ἦλθεν
1799 999 1892 1053 ἐπὶ

305 1097 395 1148 τὸν
429 1094 712 1164 ἄνθρωπον
739 1088 920 1146 εἶπεν·
948 1091 1303 1163 Ποιήσωμεν
1329 1091 1642 1160 ἄνθρωπον
1667 1094 1791 1145 κατ’
1813 1095 1892 1146 εἱ-

305 1187 454 1239 κόνα
488 1185 646 1238 ἰδίαν
666 1184 764 1238 καὶ
803 1184 929 1238 καθ’
969 1184 1274 1253 ὁμοίωσιν.
1306 1183 1424 1236 Τίνι
1459 1182 1514 1235 δὲ
1548 1181 1692 1252 ἄλλῳ
1721 1182 1888 1250 λέγει,

304 1277 656 1344 Ποιήσωμεν
701 1277 1034 1344 ἄνθρωπον,
1069 1277 1103 1348 ἤ
1157 1275 1236 1347 τῷ
1266 1277 1561 1344 Μονογενεῖ
1606 1275 1765 1329 αὐτοῦ
1797 1275 1890 1328 καὶ

304 1369 382 1440 τῷ
414 1370 689 1441 Πνεύματι
739 1370 898 1441 ἁγίῳ,
947 1369 1041 1432 οὓς
1088 1369 1182 1422 καὶ
1229 1372 1417 1439 χεῖρας
1460 1367 1556 1422 νῦν
1589 1367 1886 1432 άποκαλεῖ;

306 1463 419 1514 Καὶ
446 1462 503 1514 ἐν
535 1461 612 1532 τῷ
648 1459 765 1512 ’1ὼὸ
793 1461 849 1513 δὲ
871 1460 1178 1529 γέγραπται
1197 1476 1211 1490 ’
1240 1462 1309 1513 Al
1341 1458 1536 1529 χεῖρές
1556 1473 1670 1512 σου
1689 1457 1890 1526 ἐποίη-

303 1549 427 1606 σάν
446 1567 544 1620 με,
577 1550 674 1603 καὶ
711 1546 991 1604 ἔπλασαν
1012 1565 1089 1618 με
1111 1561 1126 1575 ⁸
1163 1547 1312 1618 μετὰ
1340 1547 1523 1601 ταῦτα
1541 1545 1890 1616 μεταϐαλών

298 1660 376 1714 με
423 1641 632 1708 δεινῶς
685 1642 938 1708 ὀλέκεις,
983 1640 1458 1702 ἐπανακαινίζων
1491 1640 1583 1695 ἐπ’
1619 1639 1725 1710 ἐμὲ
1774 1639 1890 1707 τὴν

305 1735 521 1788 ἐτασίν
542 1751 680 1803 μου.
720 1732 930 1786 Οὐκοῦν
961 1735 1016 1786 at
1075 1735 1253 1804 χεῖρες
1277 1731 1371 1786 τοῦ
1399 1730 1534 1785 Θεοῦ
1569 1732 1661 1785 καὶ
1698 1731 1886 1802 ἐποίη-

2001 533 2392 605 pinguabatur,
2422 533 2551 588 dum
2584 548 2685 604 ego
2713 534 2887 605 legem
2919 540 3069 589 tuam
3103 534 3416 589 meditarer.

2072 709 2238 764 Vens.
2272 710 2359 764 75.
2385 707 2579 764 Manus
2609 719 2712 764 tute
2735 710 2971 780 fecerunt
3003 727 3082 765 me
3115 721 3163 766 et
3182 711 3577 780 plasmaverunt

1998 819 2081 857 me
2111 819 2130 857 :
2161 803 2233 855 da
2263 802 2393 856 mihi
2431 802 2781 868 intellectum,
2813 811 2864 857 et
2910 804 3114 857 discam
3157 805 3416 859 mandata
3459 813 3572 860 tua.

1997 894 2133 950 Cum
2173 895 2318 951 Deus
2344 897 2542 951 coelum
2579 904 2633 951 et
2685 905 2888 953 terram
2931 905 2984 952 et
3042 898 3224 952 omnia
3258 914 3379 970 qua:
3406 899 3460 953 in
3492 899 3573 956 eis

1997 995 2127 1044 sunt
2175 988 2342 1043 verbo
2390 998 2444 1044 et
2498 999 2771 1060 prmeepto
2815 1005 2917 1046 suo
2966 991 3320 1054 condidisset,
3352 993 3573 1063 quando

1996 1082 2146 1138 venit
2175 1082 2242 1136 ad
2283 1081 2584 1146 hominem,
2637 1081 2776 1137 dixit
2808 1100 2823 1137 :
2860 1079 3154 1136 Faciamus
3193 1083 3447 1138 hominem
3502 1084 3571 1137 ad

1996 1175 2278 1246 imaginem
2305 1183 2353 1227 et
2381 1174 2782 1228 similitudinem
2813 1185 3052 1228 nostram
3078 1177 3142 1232 ⁸⁵.
3171 1175 3402 1230 Cuinam
3443 1192 3574 1232 vero

1996 1266 2087 1320 alii
2112 1266 2246 1319 dicit
2282 1285 2294 1320 :
2331 1264 2620 1320 Faciamus
2663 1266 2945 1331 hominem,
2978 1268 3086 1322 nisi
3145 1266 3437 1337 Unigenito
3470 1284 3574 1323 suo

1995 1366 2049 1412 et
2069 1354 2295 1427 Spiritui
2323 1367 2535 1421 sancto,
2555 1374 2694 1429 quos
2715 1359 2825 1430 jam
2855 1374 3052 1414 manus
3082 1360 3357 1428 appellat?
3382 1359 3439 1413 ln
3469 1357 3572 1414 Job

1994 1448 2123 1502 item
2155 1449 2418 1503 scribitur
2449 1468 2462 1504 :
2498 1449 2689 1504 Manus
2730 1459 2834 1504 tute
2857 1450 3090 1520 fecerunt
3116 1467 3216 1516 me,
3245 1459 3294 1504 et
3335 1450 3574 1520 plasma-

1994 1551 2174 1594 verunt
2198 1557 2277 1595 me
2299 1559 2316 1595 :
2338 1551 2518 1610 postea
2555 1552 2791 1597 mutatus
2821 1559 2902 1597 me
2931 1544 3044 1598 dire
3078 1542 3278 1611 perdis,
3313 1560 3570 1598 renovans

1993 1633 2046 1685 in
2073 1649 2152 1686 me
2172 1649 2391 1687 examen
2420 1650 2589 1688 meum
2611 1635 2676 1689 ¹⁵.
2706 1632 2894 1706 Itaque
2933 1650 3128 1692 manus
3177 1635 3273 1692 Dei
3322 1636 3570 1691 iecerunt

1993 1733 2046 1780 et
2094 1726 2527 1795 plastnaverunt.
2577 1726 2655 1782 Ae
2698 1714 2966 1800 Origenes
2984 1729 3205 1800 quidem
3231 1739 3285 1784 et
3315 1731 3569 1785 nonnulli

307 1843 406 1878 σαν
434 1827 530 1878 καὶ
556 1825 814 1878 ἔπλασαν.
839 1825 951 1876 Καὶ
982 1824 1261 1896 Ὠριγένης
1297 1825 1396 1895 μὲν
1418 1824 1513 1878 καὶ
1543 1823 1716 1894 ἕτεροί
1744 1839 1881 1886 τινες

1989 1818 2081 1873 alii
2111 1818 2264 1883 illud,
2295 1819 2552 1887 fecerunt,
2577 1818 2644 1875 de
2665 1820 2848 1876 anima
2875 1822 3084 1876 dictum
3114 1823 3190 1876 ait
3217 1839 3231 1888 ;
3255 1823 3388 1876 illud
3413 1838 3564 1889 vero,

303 1918 384 1979 τὸ,
428 1917 744 1984 ἐποίησαν,
799 1915 892 1969 ἐπὶ
936 1915 1038 1986 τῆς
1097 1915 1274 1987 ψυχῆς
1307 1915 1560 1988 εἰρῆσθαί
1590 1931 1774 1984 φασιν,
1824 1915 1887 1968 τὸ

303 2008 383 2072 δὲ,
413 2008 712 2072 ἔπλασαν,
769 2007 864 2060 ἐπὶ
912 2005 1007 2060 τοῦ
1067 2005 1338 2078 σώματος.
1377 2006 1556 2059 Ἀλλοι
1584 2005 1639 2059 δὲ
1668 2005 1730 2058 τὸ
1763 2004 1881 2076 μὲν,

305 2101 621 2167 ἐποίησαν,
672 2100 765 2152 ἐπὶ
799 2101 897 2172 τῆς
936 2098 1159 2172 πρώτης
1213 2099 1569 2170 δημιουργίας
1616 2098 1778 2168 φασὶν
1810 2100 1886 2152 εί-

309 2192 526 2263 ρῆσθαι,
556 2193 615 2244 τὸ
634 2192 708 2257 δὲ,
723 2192 1023 2256 ἔπλασαν,
1058 2192 1151 2245 ἐπὶ
1182 2191 1278 2264 τῆς
1315 2191 1408 2246 τοῦ
1437 2190 1660 2262 λουτροῦ
1687 2191 1884 2260 παλιγ-

306 2284 553 2352 γενεσίας
586 2283 680 2337 καὶ
712 2283 1087 2348 ἀναπλάσεως.

380 2378 443 2428 Ol
477 2376 838 2445 φοϐούμενοί
861 2391 936 2430 σε
978 2375 1233 2444 ὄψονται
1267 2392 1363 2444 με,
1424 2374 1518 2428 καὶ
1547 2373 1885 2444 εὐφρανθή-

305 2481 534 2528 σονται,
551 2464 640 2519 ὅτι
653 2468 741 2532 εις
754 2466 898 2532 τοὺς
914 2467 1137 2536 λόγους
1151 2480 1268 2519 σου
1289 2464 1619 2536 ἐπήλπισα.
1631 2466 1879 2534 Ἕγνων,

304 2560 501 2624 Κυριε,
545 2558 634 2611 ὅτι
660 2558 1022 2627 δικαιοσύνη
1049 2558 1123 2612 τὰ
1153 2556 1407 2629 κρίματά
1439 2574 1573 2623 σου,
1610 2557 1704 2611 καὶ
1735 2557 1884 2624 ἀλη-

305 2649 434 2714 θείᾳ
463 2649 861 2714 ἐταπείνωσάς
885 2665 983 2718 με.
1023 2648 1343 2718 Γενηθήτω
1369 2648 1448 2717 δὴ
1469 2647 1538 2702 τὸ
1558 2648 1732 2714 ἔλεός
1765 2663 1882 2702 σου

304 2741 412 2796 τοῦ
452 2740 866 2810 παρακαλέσαι
923 2757 1031 2811 με,
1078 2742 1230 2796 κατὰ
1288 2740 1356 2794 τὸ
1401 2742 1611 2810 λόγιόν
1651 2757 1769 2796 σου
1801 2740 1882 2807 τῷ

301 2833 504 2898 δούλῳ
555 2849 691 2887 σου.
738 2833 1108 2888 Ἐλθέτωσάν
1149 2851 1252 2904 μοι
1304 2836 1360 2888 οἱ
1413 2835 1700 2902 οἰκτιρμοί
1740 2848 1878 2900 σου,

304 2929 402 2981 καὶ
433 2927 703 2996 ζήσομαι,
730 2927 819 2980 ὅτι
861 2929 894 2981 ὁ
918 2926 1102 2996 νόμος
1129 2943 1247 2980 σου
1270 2926 1488 2995 μελέτη
1527 2943 1645 2995 μου
1683 2926 1876 2981 ἐστίν.

305 3021 368 3072 El
401 3018 542 3072 ἔλθοι
574 3019 659 3072 ἐπ’
693 3018 794 3090 ὲμὲ
828 3018 887 3071 τὸ
925 3017 1071 3082 ἔλεός
1109 3035 1224 3082 σου,
1264 3018 1359 3070 καὶ
1381 3017 1645 3089 φθήσαιεν
1671 3018 1795 3089 ἐμοὶ
1827 3022 1878 3073 οἱ

303 3111 578 3183 οἰκτιρμοί
607 3128 719 3176 σου,
767 3111 828 3163 οὐ
861 3109 1315 3181 καταποθήσομαι
1354 3110 1457 3163 ὑπὸ
1488 3111 1586 3182 τῆς
1615 3110 1879 3165 ταπεινὼι

305 3218 463 3266 σεως,
499 3202 612 3255 ἀλλ’
640 3203 1056 3274 ἐγκαρτερήσας
1084 3200 1171 3254 διὰ
1191 3201 1290 3271 τῆς
1328 3201 1625 3274 ὑπομονῆς,
1667 3197 1727 3255 εὖ
1759 3198 1876 3255 οἶδα

303 3293 386 3346 ὃτι
438 3293 698 3366 ζήσομαι.
757 3295 952 3363 Τυχεϊν
1009 3294 1066 3346 δὲ
1109 3291 1204 3346 τοῦ
1254 3293 1434 3357 ἐλέους
1485 3311 1578 3347 σου
1634 3295 1730 3348 καὶ
1773 3295 1882 3346 τῶν

302 3385 606 3457 οἰκτιρμῶν
636 3402 729 3438 σου
761 3384 926 3452 ἀξιῶ·
963 3387 1088 3438 ἐπεὶ
1126 3387 1219 3439 καὶ
1252 3386 1412 3449 αὐτὸς
1448 3386 1516 3439 τὰ
1553 3388 1678 3459 παρ’
1710 3388 1882 3457 ἐμαυ-

301 3476 396 3531 τοῦ
421 3478 600 3531 πάντα
637 3478 860 3549 πληρῶν
901 3479 962 3531 οὐ
995 3479 1375 3550 διαλιμπάνω,
1417 3480 1511 3533 καλ⁹
1550 3481 1608 3533 ἐν
1651 3479 1786 3550 αὐτῇ
1813 3482 1880 3550 τῇ

302 3566 628 3622 ταπεινώσει
653 3568 744 3621 τὸν
770 3568 934 3638 νόμον
963 3586 1056 3622 σου
1096 3570 1396 3642 μελετήσω.

372 3659 888 3730 Αίσχυνθήτωσαν
930 3659 1324 3729 ὑπερήφανοι,
1365 3660 1454 3715 ὅτι
1490 3660 1710 3727 ἀδίκως
1739 3663 1880 3730 ήνό-

298 3767 509 3822 μησαν
540 3755 628 3820 εἰς
669 3751 794 3823 ἐμὲ,
821 3751 937 3822 ἐγὼ
977 3750 1047 3805 δὲ
1085 3751 1488 3822 ἀδολεσχήσω
1518 3753 1587 3806 ὲν
1616 3753 1743 3818 ταῖς
1779 3754 1878 3806 ἐν-

305 3843 515 3911 τολαῖς
547 3861 685 3898 σου.
735 3842 1306 3912 Ἐπιστρεψάτωσάν
1335 3860 1414 3912 με
1445 3847 1499 3898 οὶ
1524 3845 1894 3914 φοϐούμενοί.

303 3951 398 3999 σε,
432 3936 530 3989 καὶ
558 3938 610 3989 οἱ
649 3934 1053 4005 γινώσκοντες
1099 3933 1172 3988 τὰ
1205 3933 1500 4004 μαρτύριὰ
1527 3950 1662 3989 σου.
1692 3937 1879 4003 Γενη-

301 4028 460 4097 θήτω
503 4030 541 4098 ἡ
583 4027 797 4096 καρδία
819 4045 938 4098 μου
989 4029 1227 4098 ἄμωμος
1269 4028 1340 4081 ἐν
1371 4027 1492 4092 τοῖς
1530 4026 1879 4096 δικαιώμασί

301 4136 442 4186 σου,
473 4121 632 4188 ὅπως
663 4122 740 4176 ἂν
760 4121 846 4192 μὴ
880 4119 1207 4191 αίσχυνθῶ.
1243 4120 1426 4174 Πάντα
1454 4120 1563 4192 γὰρ
1597 4120 1666 4174 τὰ
1696 4123 1877 4193 ἁμαρ-

302 4216 527 4286 τήματα
570 4216 832 4288 αἰσχύνης
875 4215 1024 4268 ἐστὶν
1059 4213 1203 4281 ἄξια.
1257 4215 1401 4278 Ἕως
1445 4215 1544 4286 μὲν
1590 4215 1697 4287 γὰρ
1740 4233 1876 4287 καρ-

301 4307 390 4362 δία
425 4307 624 4378 ἀτελὴς
649 4309 931 4379 τυγχάνει,
962 4309 1131 4380 πολλὴ
1170 4310 1390 4380 φροντὶς
1423 4311 1517 4362 καὶ
1554 4311 1763 4379 ἀγωνία
1803 4312 1876 4382 μή

303 4417 379 4472 πη
411 4400 519 4471 ἄρα
567 4400 662 4453 καὶ
694 4400 966 4474 ἀσθενήσῃ
1017 4403 1111 4456 κα)⁸
1163 4401 1355 4472 χείρων
1389 4403 1587 4473 ἑαυτῆς
1614 4403 1832 4475 γένηται
1860 4421 1874 4433 ο

1986 1911 2401 1980 plasmaverunt,
2429 1911 2498 1966 de
2523 1927 2777 1983 corpore.
2807 1912 2914 1968 Alii
2947 1930 3077 1968 vero
3123 1915 3278 1979 illud,
3307 1917 3564 1984 fecerunt,

1985 2004 2053 2060 de
2069 2005 2245 2073 prima
2283 2004 2565 2060 creatione
2615 2006 2823 2060 dictum
2859 2005 3164 2074 alIirmant;
3196 2007 3328 2062 illud
3360 2017 3565 2076 autem,

1983 2097 2399 2164 plasmauerunt,
2433 2098 2500 2154 de
2535 2098 2757 2153 lavacro
2810 2099 3245 2170 regenerationis
3277 2115 3340 2156 ac
3389 2099 3566 2156 refor-

1985 2202 2246 2247 mattone.

2051 2371 2220 2428 Vens.
2253 2373 2440 2428 74-77.
2483 2372 2589 2438 Qui
2623 2373 2807 2428 timent
2842 2381 2908 2436 te,
2942 2373 3187 2428 videbunt
3222 2389 3324 2439 me,
3371 2383 3421 2429 et
3470 2373 3566 2428 lte-

1985 2465 2259 2529 tabuntur,
2291 2466 2418 2536 quia
2459 2465 2514 2518 in
2556 2463 2713 2520 verba
2759 2473 2852 2519 tua
2887 2466 3265 2535 supersperavi.
3310 2465 3561 2537 Cognovi,

1985 2559 2230 2623 Domine,
2261 2557 2386 2628 quia
2417 2557 2641 2627 (equitas
2668 2557 2879 2627 judicia
2916 2567 3029 2619 tua,
3056 2568 3106 2612 et
3138 2559 3190 2611 in
3224 2558 3443 2613 veritate
3464 2558 3564 2610 Itu-

1982 2651 2205 2704 miliasti
2237 2665 2336 2704 me.
2377 2647 2503 2702 Fiat
2536 2649 2901 2703 misericordia
2932 2659 3023 2702 tua
3053 2658 3111 2702 ut
3146 2649 3445 2703 consoletur
3461 2665 3562 2713 me,

1952 2729 2267 2796 ‘secundum
2303 2742 2567 2812 eloquium
2617 2752 2765 2795 tuum
2811 2759 2954 2797 servo
3008 2751 3118 2798 tuo.
3175 2742 3393 2797 Veniant
3437 2743 3566 2796 mihi

1982 2833 2349 2888 miserationes
2381 2843 2484 2888 tua:
2519 2842 2570 2886 et
2619 2834 2808 2899 vivam,
2834 2835 2960 2904 quia
3011 2835 3095 2888 lea:
3138 2843 3230 2889 tua
3287 2833 3562 2888 meditatio

1982 2945 2098 2982 mea
2132 2936 2232 2984 est.
2277 2926 2335 2981 Si
2368 2928 2623 2983 adveniat
2655 2927 2790 2982 mihi
2823 2927 3201 2984 misericordia
3235 2935 3350 2995 tua,
3373 2935 3427 2983 et
3455 2926 3560 2982 mi-

1981 3021 2287 3077 serationes
2320 3031 2426 3076 tute
2463 3020 2530 3075 ad
2578 3036 2665 3076 me
2699 3021 3057 3085 accesserint,
3088 3035 3433 3091 nequaquam
3463 3020 3563 3074 ab-

1984 3113 2253 3168 sorbebor
2328 3112 2744 3181 lmmiliatione;
2785 3113 2883 3168 sed
2926 3128 3022 3184 per
3067 3112 3386 3183 patientiam
3431 3128 3562 3183 per-

1984 3221 2264 3270 severans,
2296 3204 2436 3261 bene
2480 3205 2608 3259 novi
2658 3220 2746 3260 me
2796 3206 2850 3260 in
2892 3207 3004 3260 vita
3053 3220 3372 3262 mansurum
3418 3220 3560 3261 esse.

1985 3297 2420 3354 Misericordiam
2472 3311 2603 3351 vero
2649 3305 2704 3352 et
2747 3297 3134 3352 miserationes
3185 3304 3310 3352 tuas
3368 3313 3564 3353 conse-

1982 3390 2077 3460 qui
2125 3405 2300 3461 rogo;
2332 3391 2458 3460 quia
2492 3398 2546 3445 et
2579 3391 2695 3460 ipse
2725 3390 2912 3445 omnia
2945 3405 3067 3459 quae
3118 3390 3397 3448 facultatis
3432 3407 3566 3447 metu

1983 3491 2112 3539 sunt
2142 3483 2367 3555 implere
2389 3499 2496 3539 non
2526 3483 2740 3547 desino,
2753 3485 2879 3540 etin
2909 3485 3025 3553 ipsa
3041 3482 3418 3539 humiliatione
3443 3499 3564 3540 mea

1983 3575 2157 3645 legem
2188 3583 2334 3630 tuam
2370 3575 2696 3629 meditabor.

2053 3664 2222 3720 Vens.
2279 3665 2464 3720 78-80.
2493 3664 2906 3733 Confundantur
2937 3663 3169 3732 superbi,
3213 3665 3338 3735 quia
3367 3664 3562 3733 injuste

1980 3759 2312 3827 iniquitatem
2340 3757 2572 3825 fecerunt
2603 3757 2658 3809 in
2706 3773 2809 3819 me,
2840 3772 2933 3825 ego
2981 3765 3155 3809 autem
3198 3756 3477 3810 exercebar
3505 3755 3561 3809 in

1981 3847 2250 3902 mandatis
2296 3849 2420 3902 tuis.
2454 3845 2841 3901 Convertuntur
2870 3846 2997 3899 mihi
3028 3848 3263 3901 timentes
3293 3857 3360 3912 te,
3398 3855 3448 3900 et
3471 3849 3561 3917 qui

1979 3949 2232 3995 noverunt
2263 3940 2567 3994 testimonia
2617 3949 2729 3993 tua.
2765 3937 2891 3992 Fiat
2922 3955 3015 3992 cor
3044 3955 3213 3992 meum
3245 3940 3561 3993 immacula-

1982 4039 2091 4083 tum
2122 4032 2174 4083 in
2185 4029 2664 4100 justiﬁeationibus
2699 4033 2826 4092 tuis,
2861 4040 2918 4082 ut
2945 4046 3047 4083 non
3074 4030 3400 4100 eonfundar.
3431 4029 3562 4086 0m;

1979 4124 2073 4177 nia
2104 4137 2344 4193 namque
2373 4130 2597 4195 peccata
2637 4122 2962 4178 confusione
2991 4123 3153 4193 digna
3179 4131 3328 4179 sunt.
3371 4125 3558 4191 Quan-

1977 4215 2073 4269 diu
2117 4215 2261 4270 enim
2304 4230 2402 4268 cor
2442 4214 2823 4284 imperfectum
2867 4214 3106 4276 exsistit,
3149 4215 3320 4268 multa
3352 4215 3559 4270 sollici-

1979 4305 2113 4359 tudo
2151 4313 2205 4360 et
2257 4305 2541 4361 contentio
2587 4312 2695 4369 est,
2742 4321 2812 4360 ne
2842 4305 3147 4359 intirmetur
3198 4312 3254 4361 et
3310 4306 3555 4362 deterius

1977 4396 2173 4451 evadat
2206 4397 2467 4468 :quando
2501 4405 2684 4453 autem
2735 4397 3045 4468 pervenerit
3083 4396 3151 4451 ad
3187 4399 3396 4469 apicem
3429 4414 3554 4470 per-

302 4493 391 4544 ὃτε
425 4492 481 4545 δὲ
515 4494 595 4556 εἰς
647 4493 818 4564 ἄκρον
869 4493 1054 4568 φθάσῃ
1106 4494 1203 4564 τῆς
1249 4493 1604 4563 τελειότητος,
1657 4496 1714 4547 ὲν
1763 4495 1873 4562 ἕξει

1984 4488 2257 4554 iectionis,
2291 4489 2346 4543 in
2395 4487 2614 4543 virtutis
2658 4488 2848 4544 habitu
2887 4494 2942 4544 et
2973 4487 3373 4544 consuetudine
3426 4505 3556 4546 con-

303 4584 506 4656 ἀρετῆς
551 4585 890 4648 καταστᾶσα,
950 4583 1054 4648 ἔξω
1106 4587 1395 4657 γενήσεται
1446 4585 1646 4649 παντὸς
1691 4586 1876 4655 φόϐου,

301 4678 484 4730 οὐκέτι
512 4674 926 4748 ἀμφιϐάλλουσα
963 4678 1038 4748 μή
1079 4693 1208 4730 ποτε
1242 4679 1349 4751 ἄρα
1380 4678 1768 4750 καταισχυνθῇ.

388 4771 685 4824 Ἐκλείπει
717 4771 805 4835 είς
849 4769 915 4823 τὸ
971 4769 1270 4838 σωτήριόν
1311 4788 1427 4825 σου
1461 4773 1499 4839 ή
1537 4771 1708 4840 ψυχή
1733 4790 1874 4841 μου,

300 4865 388 4929 εἰς
426 4863 568 4930 τοὺς
615 4864 838 4933 λόγους
870 4878 986 4916 σου
1028 4861 1363 4928 ὲπήλπισα.
1401 4864 1612 4935 Σφόδρα
1653 4863 1876 4917 ἀκολού-

302 4954 408 5020 θως
437 4955 754 5027 ἑρμηνεύων
798 4957 851 5008 τί
887 4956 1015 5009 ποτέ
1062 4957 1178 5009 ἐστι
1223 4955 1285 5007 τὸ
1318 4957 1582 5028 σωτήριον
1631 4957 1870 5026 ἐπιλέγει

301 5047 429 5118 ἑξῆς
444 5065 463 5080 ‘
507 5051 611 5116 Ε’ίς
632 5048 739 5102 τὸν
759 5049 944 5118 λόγον
965 5063 1082 5102 σου
1105 5048 1438 5118 ἐπήλπισα,
1461 5050 1760 5120 σημαίνων,
1791 5051 1873 5104 ὅτι

301 5141 362 5194 τὸ
377 5141 644 5213 σωτήριον
657 5141 684 5192 ὁ
697 5140 820 5204 Υἱὸς
837 5139 930 5193 τοῦ
951 5140 1086 5194 Θεοῦ
1105 5142 1240 5194 ὲστι.
1259 5141 1575 5206 Ἐξέλιπον
1590 5144 1645 5196 οἱ
1661 5143 1874 5210 ὀφθαλ-

296 5235 399 5301 μοί
431 5251 550 5301 μου
579 5234 666 5298 είς
679 5233 745 5286 τὸ
769 5233 976 5304 λόγιόν
998 5248 1135 5297 σου,
1165 5233 1471 5304 λέγοντος·
1511 5235 1661 5288 Πότε
1690 5251 1874 5304 παρα-

300 5322 582 5391 καλέσεις
599 5341 712 5395 με;
749 5324 836 5377 ὅτι
873 5325 1167 5395 ἐγενήθην
1203 5326 1283 5393 ὠς
1318 5326 1510 5393 ἀσκὸς
1542 5327 1613 5381 ἐν
1645 5327 1868 5397 πάχνη,

300 5415 372 5470 τὰ
417 5415 778 5488 δικαιώματά
820 5433 936 5473 σου
974 5421 1086 5474 οὐκ
1123 5421 1521 5491 ἐπελαθόμην.
1563 5423 1754 5476 Πόσαι
1797 5423 1875 5476 εί-

1979 4579 2252 4644 stitutum,
2287 4580 2434 4633 omni
2479 4586 2628 4634 metu
2658 4593 2893 4634 vacuum
2930 4579 3058 4643 erit,
3083 4594 3262 4649 neque
3291 4578 3556 4654 pasitans

1975 4671 2257 4726 verebitur
2286 4686 2356 4726 ne
2381 4670 2776 4726 confundatur.

2046 4763 2215 4820 Vens.
2250 4765 2340 4819 81.
2381 4763 2573 4834 Deﬁcit
2618 4766 2673 4819 in
2703 4768 2942 4819 salutare
2981 4774 3129 4816 tuum
3165 4763 3348 4817 anima
3380 4779 3494 4816 mea
3536 4780 3554 4817 :

1975 4858 2028 4910 in
2061 4856 2218 4911 verba
2252 4866 2345 4910 tua
2384 4857 2773 4927 supersperavi.
2811 4855 3120 4912 Admodum
3151 4865 3557 4924 consequenter

1978 4949 2261 5018 explicans
2289 4950 2422 5019 quid
2448 4951 2520 5005 sit
2553 4951 2797 5006 salutare
2834 4949 2991 5012 illud,
3018 4948 3206 5018 adjicit
3228 4954 3418 5019 postea
3448 4967 3461 5002 :
3488 4947 3556 5002 In

1980 5042 2190 5096 verbum
2217 5052 2364 5096 tuum
2391 5045 2774 5113 supersperavi,
2814 5042 3131 5114 signiﬁcans
3156 5041 3395 5096 salutare
3419 5037 3554 5092 illud

1978 5151 2102 5193 esse
2133 5135 2332 5192 Filium
2366 5136 2483 5193 Dei.
2518 5167 2589 5177 —
2619 5135 2785 5193 Vens.
2820 5135 3010 5191 82.88.
3052 5134 3364 5204 Defecerunt
3413 5130 3555 5185 oeuli

1979 5231 2081 5285 mei
2109 5230 2165 5283 in
2191 5230 2453 5301 eloquium
2494 5239 2661 5297 tuum,
2687 5229 2912 5285 dicentes
2943 5245 2961 5283 :
2992 5226 3217 5296 Quando
3249 5221 3555 5280 consolabe-

1977 5323 2052 5377 ris
2089 5324 2215 5379 me?
2247 5323 2386 5390 Quia
2422 5323 2595 5393 factus
2625 5339 2740 5376 sum
2773 5323 2908 5377 sicut
2937 5331 3053 5376 uter
3085 5322 3138 5374 in
3157 5319 3367 5388 pruina,
3388 5316 3555 5386 justi-

1981 5417 2255 5487 ﬁcationes
2290 5426 2408 5472 tuas
2431 5435 2534 5472 non
2562 5434 2681 5472 sum
2720 5417 2935 5471 oblitus.
2961 5414 3102 5481 Quot
3126 5423 3248 5467 sunt
3275 5411 3387 5466 dies
3420 5407 3555 5463 serui

299 5509 408 5562 σίν
439 5513 498 5563 αἱ
529 5510 739 5580 ἡμέραι
791 5511 898 5565 τοῦ
936 5511 1160 5568 δούλου
1211 5528 1364 5580 σου;
1422 5517 1567 5569 πότε
1603 5515 1876 5584 ποιήσεις

1986 5511 2062 5565 tui
2085 5513 2110 5566 .’
2134 5513 2344 5581 quando
2375 5513 2535 5576 facies
2569 5511 2700 5566 mihi
2727 5511 2790 5566 de
2827 5506 3250 5580 persequentibus
3289 5521 3370 5561 me
3399 5502 3554 5574 judi-

296 5618 399 5672 μοι
449 5601 518 5655 ἐκ
577 5600 697 5654 τῶν
747 5602 1237 5658 καταδιωκόντων
1275 5624 1353 5678 με
1405 5609 1640 5678 κρίσιν;
1670 5609 1880 5680 Διητή-

1987 5607 2126 5662 eium
2150 5610 2175 5664 .9
2200 5607 2254 5664 Ν
2259 5616 2569 5665 arraverunt
2589 5605 2718 5662 mihi
2745 5605 2909 5677 iniqui
2936 5602 3310 5679 fabulatianes,
3338 5599 3428 5655 sed
3451 5612 3554 5652 non

263 5783 275 5790 ”
373 5768 800 5848 l‘t‘nen.t,26.
879 5781 1245 5849 "Jobx,8.
