4102 6424
548 332 680 387 1379

1251 330 1516 388 EUSEBII
1548 327 2032 386 CESARIENSIS
2067 324 2220 384 OPP.
2261 327 2441 385 PARS
2475 329 2564 386 Ill.
2605 361 2673 371 —
2708 331 3114 388 EXEGETICA.

3660 335 3798 392 i330

546 460 603 504 ut
642 452 726 505 (ea:
783 460 893 516 tua,
937 451 1177 506 Domine.
1215 451 1408 507 Omnia
1444 453 1701 506 mandata
1763 462 1852 505 tua
1879 453 2068 506 ueritas
2101 492 2105 505 .

2223 465 2413 505 σαντα
2437 470 2540 521 μοι
2571 451 2899 524 εαρώθομοι
2939 455 3302 523 ἀδολεσχίας
3323 495 3338 519 ,
3389 455 3526 510 ἀλλ’
3564 457 3675 524 οὐχ
3713 456 3795 521 ὠς

545 543 717 612 inique
745 545 1005 612 persecuti
1059 553 1181 598 sunt
1233 560 1334 604 me.
1363 545 1560 613 adjuua
1598 560 1698 597 me.
1736 542 1911 596 Paulo
1946 544 2117 597 minus

544 646 1037 690 consummaverunt
1072 653 1153 691 me
1176 639 1228 690 in
1262 647 1424 691 terra.
1477 636 1586 707 Ego
1623 645 1799 690 autem
1840 653 1942 689 non
1971 635 2119 690 dere-

545 723 674 792 liqui
709 725 964 778 mandata
995 734 1108 779 tua.
1157 724 1454 779 Secundum
1506 726 1921 779 misericordiam
1971 736 2118 779 tuam

544 817 752 885 uiuiﬁca
792 834 892 882 me,
916 826 966 870 et
1002 818 1300 870 custodiam
1327 819 1626 872 testimonia
1653 820 1762 871 oris
1787 819 1884 872 tui.
1918 816 2118 871 Secun-

544 910 672 964 dum
731 910 1006 979 eloquium
1050 909 1142 964 Dei
1177 910 1376 974 vivere,
1411 919 1492 965 est
1531 927 1655 964 cum
1703 911 1901 981 pietate
1948 912 2114 965 vitam

545 1016 722 1071 agere,
755 1017 932 1070 neque
977 1002 1234 1057 sensilem
1276 1005 1652 1057 tantummodo
1688 1004 1853 1056 vitam
1892 1003 2112 1060 ducere.

543 1091 677 1146 Nam
713 1093 965 1163 quisquis
999 1093 1052 1147 id
1082 1095 1473 1164 consequitur,
1508 1094 1704 1148 bonam
1737 1095 2004 1166 transiget
2035 1095 2116 1148 vi-

543 1193 686 1250 tam;
723 1185 794 1238 ita
844 1195 903 1239 ut
953 1185 1225 1240 cusmdiat
1278 1186 1587 1241 testimonia
1620 1185 1733 1239 oris
1765 1183 1859 1238 Dei
1897 1201 2055 1255 :quae
2083 1200 2113 1239 a

543 1273 724 1330 Verbo
752 1275 868 1338 Dei,
898 1278 1042 1347 quod
1072 1294 1134 1332 os
1163 1277 1283 1347 ejus
1311 1293 1434 1334 esse
1470 1278 1607 1343 dixi,
1639 1277 1952 1332 testimonio
1982 1293 2114 1332 con-

545 1370 756 1423 tirmata
783 1378 837 1424 et
869 1370 1148 1425 declarata
1172 1379 1322 1425 sunt.

613 1548 782 1603 Vens.
815 1549 1005 1604 89-91.
1028 1549 1094 1603 In
1123 1559 1400 1613 arternum,
1436 1550 1678 1616 Domine,
1711 1553 1919 1604 verbum
1966 1563 2112 1606 tuum

540 1651 805 1709 permanet
837 1641 892 1694 in
921 1641 1068 1696 caelo.
1113 1640 1177 1694 In
1203 1645 1590 1712 generationem
1634 1654 1681 1696 et
1725 1645 2110 1713 generationem

542 1735 732 1787 ueritas
765 1742 875 1797 tua,
901 1733 1139 1800 fundasti
1160 1745 1376 1798 terram,
1405 1744 1453 1788 et
1482 1745 1769 1805 permanet.
1800 1735 2112 1790 Ordinatio-

2225 546 2259 596 ό
2289 545 2473 610 νόμος
2498 560 2636 609 σου,
2679 547 2878 614 Κύριε.
2910 547 3110 602 Πᾶσαι
3144 551 3204 602 αὶ
3240 547 3481 602 ἐντολαί
3513 562 3629 602 σου
3654 547 3797 616 ἀλή·

2223 637 2368 696 θεια,
2395 634 2614 702 ἀδίκως
2640 636 3004 702 κατεδίωξαν
3023 655 3120 708 με,
3141 638 3462 708 ,βοήθησόν
3481 657 3597 707 μοι.
3625 642 3793 706 Παρὰ

2215 728 2416 796 ,βραχὺ
2443 728 2731 782 ἐτέλεσαν
2751 747 2828 798 με
2851 729 2920 782 ἐν
2944 729 3020 799 τῇ
3055 729 3133 799 τῇ
3148 749 3163 763 ·
3197 731 3312 801 ἐγὼ
3349 731 3419 784 δὲ
3446 733 3560 785 οὐκ
3589 731 3790 802 ἐγκατ-

2221 818 2435 874 έλιπον
2501 820 2607 885 τὰς
2661 820 2914 887 ἐντολάς
2961 835 3099 876 σου.
3155 823 3316 877 Κατὰ
3351 823 3416 876 τὸ
3460 823 3634 889 ἔλεός
3668 838 3788 878 σου

2223 907 2408 977 ζῆσόν
2456 927 2552 978 με,
2590 910 2689 964 καὶ
2733 911 2985 980 φυλάξω
3047 914 3118 967 τὰ
3158 915 3447 982 μαρτύρια
3493 912 3600 968 τοῦ
3648 914 3790 967 στό-

2215 1002 2404 1070 ματός
2458 1017 2592 1056 σου.
2646 1003 2719 1055 Τὸ
2764 1003 2905 1057 κατὰ
2951 1005 3012 1057 τὸ
3053 1005 3230 1074 λόγιον
3269 1005 3363 1058 τοῦ
3417 1005 3552 1059 Θεοῦ
3584 1004 3682 1076 ζῇν
3727 1005 3790 1058 τὸ

2223 1095 2318 1148 σὺν
2344 1094 2596 1165 εὐσεϐείᾳ
2627 1095 2725 1165 ζῇν
2782 1097 2950 1161 ἐστιν,
3001 1099 3097 1168 οὐχ
3147 1096 3334 1160 ἁπλῶς
3381 1097 3478 1170 τὴν
3523 1097 3788 1168 αἰσθητὴν

2219 1184 2421 1256 ταύτην
2454 1185 2618 1258 ζωήν.
2671 1187 2873 1240 Τούτου
2907 1187 3016 1260 γὰρ
3051 1189 3251 1259 τυχὼν,
3291 1192 3350 1242 ἐν
3377 1189 3576 1260 εὐζωϊᾳ
3612 1187 3782 1252 ἔσται,

2216 1276 2292 1340 ὼς
2321 1278 2612 1346 φυλάσσειν
2645 1280 2714 1332 τὰ
2751 1280 3026 1352 μαρτύρια
3057 1281 3149 1334 τοῦ
3197 1281 3464 1352 στόματος
3499 1279 3594 1333 τοῦ
3627 1279 3782 1345 Θεοῦ,

2221 1370 2630 1442 μαρτυρηθέντα
2653 1374 2745 1426 καὶ
2769 1373 3154 1443 ἀποδειχθέντα
3181 1373 3284 1426 ὑπὸ
3309 1373 3480 1441 Λόγου
3507 1371 3599 1426 τοῦ
3624 1369 3781 1434 Θεοῦ,

2216 1452 2278 1513 οῦ
2310 1456 2464 1515 εἶπον
2495 1462 2656 1515 αὑτοῦ
2691 1464 2863 1534 στόμα
2889 1460 3047 1519 εἷναι.

2287 1553 2390 1615 Εἰς
2438 1551 2542 1604 τὸν
2565 1551 2773 1616 αἰῶνα,
2831 1555 3028 1622 Κύριε,
3073 1557 3107 1607 ό
3141 1555 3322 1623 λόγος
3371 1571 3487 1609 σου
3521 1551 3780 1622 διαμένει

2215 1641 2284 1694 ἐν
2295 1641 2372 1706 τῷ
2386 1641 2688 1710 οὺρανῷ.Ε
2695 1645 2746 1709 lc
2761 1644 2971 1712 γενεὰν
2985 1645 3081 1698 καὶ
3101 1645 3312 1714 γενεὰν
3326 1646 3364 1712 ή
3377 1643 3626 1713 ἀλήθειά
3641 1657 3780 1707 σου,

2214 1733 2609 1802 ἐθεμελίωσας
2640 1735 2754 1804 τὴν
2786 1735 2922 1805 γῆν,
2949 1736 3044 1790 καὶ
3085 1736 3362 1806 διαμένει.
3405 1735 3483 1804 Τῇ
3517 1734 3784 1800 διατάξει

541 1840 602 1877 ne
634 1834 724 1877 tua
754 1834 1051 1892 perseverat
1084 1825 1218 1888 dies,
1253 1828 1504 1895 quoniam
1529 1828 1707 1880 omnia
1733 1829 1963 1881 serviunt
1995 1828 2105 1881 tibi.

2212 1838 2329 1878 σου
2363 1824 2619 1893 διαμένει
2646 1827 2854 1894 ἡμέρα,
2894 1825 2983 1880 ὅτι
3013 1827 3086 1881 τὰ
3109 1827 3429 1896 σύμπαντα
3448 1825 3640 1880 δοῦλα
3675 1823 3777 1878 σά.

540 1915 838 1973 Veritatem
871 1928 1050 1972 autem
1094 1929 1253 1972 vocat
1295 1919 1439 1974 hanc
1471 1921 1914 1990 promissionem,
1946 1937 2107 1990 quam

540 2010 750 2065 sciebat
778 2012 1003 2066 omnino
1029 2011 1267 2066 futuram
1302 2013 1356 2066 in
1388 2014 1786 2081 generationem
1817 2022 1871 2068 et
1891 2029 2112 2084 genera-

539 2102 765 2158 tionem.
818 2100 879 2156 ln
923 2103 1156 2174 singulis
1191 2104 1393 2174 quippe
1441 2104 1887 2175 generationibus
1930 2113 2111 2175 partes

537 2195 805 2266 quasdam
863 2197 1110 2251 veritatis
1168 2197 1480 2252 hominibus
1535 2197 1748 2261 mittis,
1815 2211 2110 2266 omnesque

539 2287 728 2343 mundi
765 2295 970 2360 partes,
1003 2295 1058 2343 et
1103 2305 1167 2344 ea
1217 2305 1338 2360 quae
1391 2291 1496 2345 sub
1553 2298 1833 2360 aspectum
1880 2291 2104 2353 cadunt,

538 2381 886 2436 ordinatione
920 2389 1014 2435 tua
1057 2390 1332 2446 constant,
1368 2397 1478 2436 non
1515 2382 1816 2437 aterminis
1849 2382 1964 2438 suis
1993 2397 2110 2436 mo-

539 2482 616 2537 ta,
680 2488 860 2544 neque
909 2474 1015 2528 sibi
1070 2481 1332 2528 statutam
1386 2473 1558 2544 legem
1624 2473 2102 2543 transgredientia.

537 2564 715 2620 Causa
748 2581 876 2620 vero
902 2565 1097 2620 horum
1129 2565 1373 2619 omnium
1401 2563 1800 2634 permansionis
1836 2572 1938 2628 est,
1963 2565 2106 2632 quod

537 2665 595 2711 tu
625 2657 776 2713 solus
816 2655 1080 2712 Dominus
1115 2657 1192 2712 sis
1237 2657 1648 2721 universorum;
1684 2656 1893 2727 reliqua
1925 2663 2104 2710 autem

535 2751 718 2804 omnia
755 2749 853 2805 tibi
883 2749 1143 2817 serviant,
1167 2765 1230 2804 ac
1263 2757 1521 2820 tanquam
1555 2750 1825 2819 mancipia
1860 2749 2107 2818 subjecta

535 2841 666 2896 sint.

607 2932 774 2990 Vens.
811 2933 902 2989 92.
930 2931 1050 2987 Nisi
1081 2932 1220 3004 quod
1264 2934 1350 2987 tea:
1395 2942 1488 2986 tua
1537 2932 1812 2988 meditatio
1856 2953 1969 2990 n'ea
2001 2946 2100 3004 est,

534 3039 658 3082 tunc
697 3028 835 3095 forte
884 3027 1154 3096 periissem
1202 3027 1258 3079 in
1301 3026 1668 3080 Immiliatione
1717 3044 1856 3084 mea.
1888 3027 2102 3085 Dictum

531 3129 639 3184 est,
673 3129 888 3190 tempus
919 3119 1282 3173 tentationum
1315 3132 1379 3171 ac
1423 3117 1798 3172 calamitatum
1848 3119 2102 3173 humilia-

534 3213 737 3264 tionem
765 3209 1089 3280 nuncupari.
1119 3207 1234 3261 Viri
1266 3208 1431 3276 igitur
1455 3207 1598 3262 beati
1620 3217 1704 3264 est
1726 3207 1895 3264 fuisse
1924 3209 1977 3261 in
2004 3208 2108 3261 hu-

533 3301 860 3362 miliatione,
894 3309 948 3354 et
977 3314 1087 3353 non
1138 3299 1368 3368 periisse
1411 3317 1424 3352 :
1459 3309 1519 3351 ut
1547 3299 1616 3363 si,
1658 3315 1712 3354 v.
1759 3315 1833 3369 g.,
1866 3299 2107 3353 venerim

531 3393 587 3445 in
623 3391 982 3446 tentationem
1028 3389 1299 3460 martyrii,
1343 3389 1390 3444 si
1442 3391 1660 3459 quidem
1722 3401 2012 3460 antequam
2049 3392 2107 3445 in

530 3499 649 3537 eam
689 3482 987 3537 inciderem
1020 3483 1102 3536 lex
1127 3489 1220 3536 tua
1258 3481 1540 3536 meditatio
1577 3481 1708 3535 mihi
1736 3496 1952 3551 semper
1986 3481 2106 3535 fue-

530 3575 624 3640 rit,
648 3581 702 3629 et
739 3590 860 3629 eam
889 3582 1188 3630 exsecutus
1229 3575 1365 3640 sim;
1397 3589 1520 3628 cum
1561 3575 1617 3628 in
1669 3574 2104 3628 humiliationem

530 3682 624 3736 per
656 3668 1014 3721 tentationem
1053 3666 1303 3737 martyrii
1344 3681 1565 3730 venero,
1603 3680 1712 3720 non
1744 3667 1956 3734 peribo.
2011 3664 2105 3720 Sic

528 3757 586 3810 in
632 3756 784 3811 omni
832 3756 1136 3811 tentatione
1191 3757 1340 3826 loqui
1370 3770 1470 3826 par
1505 3755 1706 3812 fuerit:
1737 3764 1812 3820 at,
1850 3757 2106 3828 malignis

529 3846 953 3916 cogitationibus
995 3856 1044 3902 et
1091 3847 1426 3904 adversariis
1457 3849 1754 3905 virtutibus
1793 3865 1882 3905 me
1927 3851 2104 3921 impu-

530 3936 844 4005 gnantibus,
875 3936 1216 4006 pereundum
1258 3939 1391 3992 mihi
1421 3947 1562 4004 erat,
1595 3940 1702 3995 nisi
1735 3941 1820 3996 lex
1852 3948 1946 3995 tua
1995 3942 2102 3996 ful-

527 4041 624 4082 cro
647 4029 777 4082 mihi
802 4028 1014 4084 fuisset.

598 4117 764 4174 Vnus.
799 4120 888 4174 95.
922 4118 989 4174 1η
1029 4130 1284 4174 aeternum
1317 4137 1420 4174 non
1455 4121 1738 4176 obliviscar
1763 4123 2107 4194 justi/icatio—

2227 1914 2502 1984 Ἀλήθειαν
2531 1915 2582 1967 δὲ
2611 1915 2757 1984 λέγει
2791 1916 2888 1988 τὴν
2916 1916 3244 1985 ἐπαγγελίαν
3286 1915 3510 1988 ταύτην,
3561 1915 3628 1986 ἣν
3668 1912 3776 1968 οἶδε

2214 2007 2430 2070 πάντως
2462 2008 2829 2078 γενησομένην
2881 2010 2960 2070 εἰς
3009 2009 3202 2078 γενεὰν
3247 2009 3341 2063 καὶ
3382 2009 3595 2076 γενεάν.
3639 2007 3780 2061 Καθ’

2215 2099 2447 2169 ἑκάστην
2465 2100 2575 2170 γὰρ
2593 2099 2786 2167 γενεὰν
2820 2102 2961 2171 μέρη
2988 2100 3108 2155 τινὰ
3139 2101 3238 2171 τῆς
3270 2099 3527 2171 ἀληθείας
3571 2098 3782 2169 ἀνθρώ-

2214 2208 2334 2252 ποις
2363 2189 2726 2255 ἀποστέλλεις,
2751 2193 2845 2246 καὶ
2869 2194 2936 2245 τὰ
2965 2192 3256 2263 σύμπαντα
3279 2191 3372 2244 τοῦ
3397 2191 3603 2262 κόσμου
3637 2190 3777 2262 μέρη

2213 2283 2282 2334 τά
2309 2299 2367 2334 τε
2397 2283 2568 2352 ὁρατὰ
2607 2285 2668 2354 τῇ
2704 2287 2767 2354 σῇ
2815 2283 3054 2350 διατάξει
3089 2284 3437 2353 συνέστηκεν,
3492 2284 3566 2352 μὴ
3601 2281 3780 2335 κινού-

2217 2391 2351 2446 μενα
2381 2375 2486 2428 τῶν
2515 2375 2673 2445 ὁρῶν,
2730 2376 2862 2446 μηδὲ
2895 2377 2984 2429 τὸν
3021 2376 3183 2446 νόμον
3226 2375 3316 2428 τὸν
3365 2375 3649 2447 ὁρισθέντα
3676 2375 3773 2427 αὑ-

2211 2469 2324 2530 τοῖς
2361 2467 2774 2538 παραόαίνοντα.
2823 2469 3002 2522 Αἴτιον
3054 2468 3111 2521 δὲ
3147 2469 3244 2539 τῆς
3275 2467 3480 2521 τούτων
3522 2468 3771 2521 ἁπάντων

2210 2556 2471 2630 διαμονῆς
2501 2561 2560 2612 τὸ
2615 2560 2669 2612 σὲ
2706 2561 2861 2632 μόνον
2900 2561 3103 2632 Κύριον
3136 2557 3274 2613 εἶναι
3314 2561 3424 2613 τῶν
3473 2559 3607 2613 ὅλων
3645 2575 3659 2590 ·
3703 2559 3772 2612 τὰ

2209 2647 2267 2702 δὲ
2299 2649 2456 2703 λοιπά
2503 2649 2676 2703 πάντα
2719 2656 2788 2704 σὰ
2813 2651 3005 2716 δοῦλα,
3061 2652 3157 2704 καὶ
3197 2651 3273 2714 ῶς
3309 2649 3474 2704 δοῦλα
3511 2649 3768 2704 ὑποτέτα-

2211 2756 2356 2793 κται.

2282 2838 2348 2888 Εί
2381 2835 2467 2904 μὴ
2499 2837 2589 2890 ὅτι
2627 2839 2660 2890 ό
2685 2837 2867 2906 νόμος
2898 2852 3013 2890 σου
3047 2837 3271 2907 μελέτη
3304 2855 3424 2907 μου
3452 2838 3607 2901 ἐστὶ,
3642 2839 3774 2891 τότε

2211 2931 2291 2984 ἄν
2314 2932 2639 3000 ἀπωλόμην
2675 2934 2744 2986 ἐν
2768 2932 2842 3001 τῇ
2875 2933 3227 2988 ταπεινώσει
3261 2951 3401 3002 μου.
3431 2933 3658 3004 Εἴρηται
3694 2934 3770 2997 ὡς

2208 3024 2237 3075 ὁ
2268 3022 2456 3094 καιρὸς
2489 3023 2594 3076 τῶν
2641 3023 2957 3096 πειρασμῶν
3000 3025 3094 3078 καὶ
3135 3024 3243 3077 τῶν
3272 3024 3640 3095 περιστάσεων
3685 3041 3774 3078 τα-

2209 3115 2464 3179 πείνωσις
2492 3115 2829 3186 ὀνομάζεται.
2867 3117 3153 3186 Μακαρίου
3183 3115 3363 3170 τοίνυν
3400 3117 3546 3169 ἐστὶν
3582 3116 3771 3188 ἀνδρὸς

2207 3207 2268 3260 τὸ
2295 3207 2542 3276 γενέσθαι
2574 3211 2631 3261 ἐν
2673 3212 2739 3280 τῇ
2793 3208 3140 3273 ταπεινώσει,
3184 3209 3279 3262 καί
3316 3209 3389 3280 μὴ
3441 3208 3766 3263 ἀπολέσθαι·

2205 3300 2368 3352 οἱονεὶ
2395 3300 2627 3370 ἐλήλυθα
2657 3303 2735 3364 εἰς
2771 3301 3071 3375 πειρασμὸν
3123 3300 3456 3373 μαρτυρίου·
3505 3301 3553 3353 εἰ
3601 3302 3698 3370 μὲν
3741 3303 3771 3354 ὁ

2205 3389 2366 3461 νόμος
2393 3391 2485 3444 τοῦ
2519 3392 2653 3445 Θεοῦ
2691 3391 2887 3462 μελέτη
2940 3408 3039 3462 μου
3081 3387 3149 3462 ἦν
3191 3392 3277 3443 ἀεὶ
3320 3389 3425 3460 πρὸ
3468 3389 3558 3442 τοῦ
3594 3391 3767 3459 ἐμπε-

2207 3483 2341 3545 σεῖν,
2391 3482 2481 3534 καί
2516 3484 2717 3552 ἧσκουν
2749 3482 2929 3545 αὑτὸν,
2974 3480 3144 3534 ἐλθὼν
3189 3482 3280 3534 ἐπὶ
3310 3479 3407 3550 τὴν
3438 3480 3766 3533 ταπείνωσιν

2203 3570 2299 3643 τὴν
2334 3573 2472 3626 κατὰ
2499 3573 2590 3625 τὸν
2629 3573 2932 3644 πειρασμὸν
2977 3571 3071 3625 τοῦ
3115 3570 3436 3643 μαρτυρίου,
3473 3571 3573 3624 οὑκ
3602 3570 3768 3623 ἀπόλ-

2203 3664 2388 3735 λυμαι.
2426 3665 2610 3728 Οῦτως
2648 3665 2875 3738 ἁρμόζει
2919 3667 3014 3720 καὶ
3061 3665 3154 3717 ἐπὶ
3213 3663 3412 3726 παντὸς
3460 3661 3765 3734 πειρασμοῦ

2203 3759 2405 3810 εἰπεῖν’
2439 3757 2574 3810 ἀλλὰ
2619 3758 2714 3812 καὶ
2750 3758 2856 3812 τῶν
2903 3757 3155 3828 πονηρῶν
3186 3756 3459 3826 λογισμῶν
3513 3757 3606 3808 καὶ
3657 3756 3766 3809 τῶν

2201 3848 2591 3917 ἀντικειμένων
2638 3849 2915 3919 δυνάμεων
2952 3848 3303 3918 πολεμουσῶν
3335 3849 3476 3919 ἐμοί.
3511 3844 3671 3919 Εἶχον
3699 3845 3767 3900 ἂν

2203 3937 2542 4003 ἀπολεῖσθαι,
2591 3941 2639 3992 εἰ
2684 3939 2758 4011 μὴ
2801 3942 2830 3992 ὁ
2863 3940 2954 4003 σὸς
2999 3939 3162 4010 νόμος
3205 3939 3606 4011 άντιστήριγμά
3661 3955 3763 4010 μου

2201 4031 2440 4102 γένηται.

2262 4123 2364 4187 Εἰς
2400 4122 2506 4174 τὸν
2539 4119 2722 4174 αἰῶνα
2750 4123 2822 4175 οὐ
2846 4123 2934 4190 fui;
2977 4119 3340 4190 ἐπιλάθωμαι
3376 4119 3494 4173 τῶν
3532 4119 3762 4172 δικαιω-

528 4228 617 4266 nes
645 4226 785 4275 tuas,
817 4213 942 4282 quia
971 4213 1024 4265 in
1049 4213 1176 4281 ipsis
1216 4213 1494 4283 vivi/icasti
1529 4230 1630 4268 me.
1664 4212 1862 4268 Verum
1895 4229 2103 4268 memor

2208 4213 2397 4281 μάτων
2409 4228 2548 4276 σου,
2577 4214 2664 4267 ὅτι
2684 4215 2974 4280 ἐναύτοῖς
2999 4212 3212 4281 ἕζησὰς
3227 4230 3322 4282 με.
3356 4212 3517 4266 Ἀλλὰ
3552 4210 3762 4282 μεμνή-

527 4319 623 4359 ero
673 4305 1087 4373 disciplinarum
1139 4314 1394 4370 tuarum,
1423 4321 1561 4376 quas
1599 4305 1654 4360 in
1693 4307 1801 4360 vita
1846 4305 2045 4361 edidici
2084 4327 2097 4362 :

527 4410 625 4465 per
649 4395 771 4450 illas
788 4396 931 4449 enim
956 4409 986 4448 a
1010 4405 1157 4450 terra
1184 4395 1239 4450 in
1261 4397 1459 4452 caelum
1489 4397 1788 4461 transiens,
1821 4413 1946 4452 cum
2000 4413 2099 4451 an-

2201 4322 2363 4375 σομαι
2384 4305 2492 4358 τῶν
2515 4305 2850 4376 μαθημάτων
2874 4323 2987 4369 σου,
3025 4299 3100 4358 ὧν
3128 4304 3327 4375 ἔμαθον
3356 4306 3414 4356 ἐν
3445 4303 3522 4374 τῷ
3545 4302 3663 4372 βίῳ·
3695 4301 3764 4353 δι’

2201 4400 2381 4452 ἐκεῖνα
2405 4397 2514 4468 γὰρ
2544 4397 2651 4451 ἀπὸ
2675 4397 2777 4468 γῆς
2803 4398 2882 4460 εἰς
2917 4397 3142 4467 οὐρανὸν
3185 4393 3452 4466 μετελθὼν
3487 4392 3619 4447 οἰκῶ
3645 4393 3767 4462 μετ’

527 4486 661 4558 gelis
706 4487 913 4541 habito.
978 4486 1449 4553 Quemadmodum
1497 4491 1642 4543 enim
1689 4488 1782 4557 qui
1833 4504 1897 4543 ex
1943 4489 2094 4558 gravi

2208 4490 2462 4559 ἀγγέλων.
2497 4491 2708 4560 Ὥσπερ
2755 4489 2864 4560 γάρ
2915 4491 2943 4542 ό
2995 4490 3058 4542 ἐκ
3105 4487 3345 4560 μεγάλης
3378 4488 3532 4540 νόσου
3563 4485 3653 4538 διά
3684 4501 3766 4536 τι-

523 4579 720 4634 morbo
753 4579 1088 4634 medicorum
1120 4581 1381 4636 subsidiis
1413 4582 1623 4635 lit-mam
1650 4590 1704 4636 et
1737 4582 1982 4636 stabilem
2009 4598 2092 4637 sa-

525 4671 755 4725 nitatem
786 4671 1006 4741 accipit,
1034 4671 1180 4742 quod
1212 4671 1504 4726 incolumis
1538 4680 1591 4725 et
1620 4672 1760 4726 bona
1791 4671 2098 4726 valetudine

527 4763 620 4828 sit,
658 4778 764 4816 non
806 4761 928 4817 ideo
955 4762 1300 4818 obliviscitur
1327 4760 1676 4824 medicinam,
1711 4776 1818 4831 qua
1863 4762 1980 4831 ipse
2009 4779 2100 4817 sa-

527 4854 751 4907 nitatem
774 4864 1102 4909 consecutus
1131 4861 1246 4919 est;
1273 4854 1346 4908 ita
1375 4855 1477 4908 iste
1505 4861 1728 4908 sanctus
1753 4868 1782 4906 a
1805 4853 1916 4910 Deo
1941 4855 2100 4922 justi-

527 4943 873 5000 ﬁcatlonibus
894 4959 1031 5015 quas
1064 4945 1276 5014 accepit
1310 4943 1641 5008 viviﬁcatus,
1673 4961 1768 5016 per
1801 4961 1962 5000 omne
1995 4961 2096 5000 sa:-

525 5037 710 5091 culum
744 5038 818 5091 ait
850 5053 908 5092 se
932 5053 1120 5092 earum
1155 5039 1380 5091 minime
1408 5037 1636 5091 oblitum
1675 5037 1775 5104 iri;
1807 5038 1949 5093 hanc
1973 5039 2098 5094 red-

524 5128 660 5184 deus
690 5129 986 5194 rationem,
1014 5145 1072 5184 se
1111 5130 1167 5182 in
1198 5129 1266 5185 iis
1295 5144 1325 5182 a
1370 5127 1478 5183 Deo
1509 5129 1838 5184 viviﬁeatum
1877 5145 2018 5186 esse.

501 5320 504 5322 ‘
596 5305 760 5368 Vsus.
785 5307 971 5364 94-96.
995 5309 1138 5362 Tuus
1167 5325 1282 5362 sum
1321 5325 1434 5378 ego,
1457 5310 1659 5363 saluum
1701 5326 1780 5365 me
1825 5311 1932 5380 fac,
1963 5329 2092 5382 quo-

523 5402 669 5454 niam
706 5400 1120 5471 justiﬁcationes
1161 5411 1279 5454 tuas
1323 5402 1599 5471 exquisivi.
1636 5400 2094 5472 He‘exspectaue-

525 5501 648 5546 runt
673 5502 993 5561 peccatores,
1027 5502 1085 5547 ut
1121 5493 1395 5563 perderent
1421 5509 1522 5557 me,
1549 5496 1851 5550 testimonia
1885 5506 1974 5550 tua
2009 5499 2091 5551 in-

498 5585 722 5639 ‘tetlexi.
768 5587 954 5642 Omnis
1013 5587 1484 5641 consummationis
1525 5587 1630 5641 vidi
1671 5589 1828 5657 finem
1920 5591 2086 5644 latum

524 5677 830 5733 mandatum
857 5689 1002 5732 tuum
1022 5680 1198 5734 nimis.

600 5767 764 5824 Vens.
797 5771 1011 5825 97-100.
1057 5770 1330 5837 Quomodo
1370 5771 1533 5825 dilexi
1575 5771 1734 5841 legem
1776 5782 1940 5841 tuam,
1979 5775 2076 5830 Do-

2201 4599 2305 4635 νων
2341 4581 2596 4652 ἰατρικῶν
2631 4579 2990 4651 βοηθημάτων
3014 4580 3213 4648 παγίαν
3251 4577 3344 4630 καὶ
3375 4575 3595 4648 βεϐαίαν
3630 4575 3765 4627 ἀνα-

2199 4671 2377 4726 λαϐὼν
2414 4673 2625 4741 ὑγίειαν
2652 4673 2718 4725 δι’
2753 4671 2916 4725 αὑτοῦ
2958 4671 3049 4724 τοῦ
3083 4670 3345 4738 ὑγιαίνειν
3391 4669 3484 4722 καὶ
3522 4666 3766 4720 εὐεκτεῖν

2197 4763 2299 4817 οὐκ
2344 4763 2759 4818 ἐπιλανθάνεται
2794 4763 2902 4814 τῶν
2959 4763 3216 4833 ἰατρικῶν
3247 4760 3467 4814 ἐκείνων
3513 4753 3593 4820 οἷς
3631 4758 3766 4825 ἠκο-

2197 4855 2425 4926 λούθησε
2460 4856 2520 4909 τὸ
2553 4855 2724 4918 οὕτως
2755 4855 2916 4908 αὑτὸν
2950 4857 3065 4924 μετ’
3097 4852 3308 4917 εὐεξίας
3343 4851 3632 4919 ὑγιαίνειν·
3669 4848 3766 4902 οὖ-

2195 4966 2303 5011 τως
2347 4951 2375 5002 ὁ
2421 4949 2574 5016 ἅγιος
2621 4940 2796 5012 οὗτος,
2840 4946 2946 4999 ὑπὸ
2993 4943 3127 5000 Θεοῦ
3176 4941 3534 5013 ζωοποιηθεὶς
3578 4942 3635 4994 ἐν
3679 4934 3765 5004 οἷς

2195 5040 2320 5110 ἔσχε
2380 5041 2507 5109 παρ’
2557 5038 2720 5092 αὐτοῦ
2777 5038 3106 5112 δικαιώμρισι
3153 5036 3298 5104 λέγει
3344 5033 3472 5106 παρ’
3507 5033 3626 5086 ὅλον
3669 5032 3764 5086 τὸν

2194 5131 2364 5185 αἰῶνα
2397 5131 2469 5202 μὴ
2504 5130 2954 5184 ἐπιλανθάνεσθαι
3008 5128 3206 5192 αὐτῶν,
3237 5127 3519 5189 ἀποδιδοὺς
3546 5125 3644 5196 τὴν
3675 5127 3763 5178 αἱ-

2193 5224 2335 5286 τίαν,
2365 5225 2425 5277 τὸ
2459 5225 2516 5276 ὲν
2544 5224 2726 5287 αὐτοῖς
2752 5223 2840 5276 τόν
2868 5222 3001 5275 Θεὸν
3030 5220 3191 5275 αὑτὸν
3220 5219 3474 5291 ἐζηκέναι
3505 5217 3650 5286 (sic).

2264 5314 2377 5377 Σός
2426 5315 2541 5381 ειμι
2591 5311 2725 5381 ἐγὼ,
2778 5311 2986 5366 σῶσόν
3011 5328 3107 5380 με,
3147 5309 3236 5363 ὄτι
3285 5308 3356 5362 τὰ
3398 5305 3762 5376 δικαιώματά

2191 5420 2307 5460 σου
2345 5403 2690 5472 ἑξεζήτησα.
2763 5401 2892 5474 Ἐμὲ
2934 5402 3262 5472 ὑπέμειναν
3317 5405 3369 5457 ot
3425 5399 3763 5470 ἁμαρτωλοὶ

2191 5497 2295 5552 τοῦ
2321 5497 2620 5552 ἀπολέσαι
2648 5515 2744 5566 με,
2768 5499 2841 5552 τὰ
2868 5495 3161 5566 μαρτύριά
3194 5512 3310 5550 σου
3349 5493 3608 5562 συνῆκα.
3649 5493 3761 5546 Πά-

2190 5606 2308 5656 σης
2336 5590 2690 5656 συντελείας
2721 5586 2884 5644 εἶδον
2917 5588 3122 5657 πέρας,
3176 5587 3429 5643 πλατεῖα
3459 5590 3498 5656 ἠ
3537 5587 3758 5656 ἐντολή

2189 5703 2304 5739 σου
2334 5685 2588 5753 σφόδρα.

2273 5779 2364 5842 Ὡς
2389 5776 2674 5846 ἠγάπησα
2712 5777 2817 5831 τὸν
2843 5779 3029 5847 νόμον
3061 5796 3198 5845 σου,
3227 5779 3422 5847 Κύριε,
3460 5778 3613 5847 ὅλην
3646 5773 3765 5847 τὴν
