4102 6386
337 339 468 398 ίέζόι

1491 327 1990 386 COMMENTARIA
2029 327 2094 381 ιχ
2135 326 2472 384 PSALMOS.

3438 329 3580 387 {382

335 455 559 526 ἡμέραν
599 452 821 523 μελέτη
857 469 973 518 μου
1011 450 1202 502 ἐστίν.
1250 446 1428 516 ’Υπὲρ
1477 447 1617 514 τοὺς
1651 448 1901 516 ἐχθρούς

2024 446 2168 508 nine,
2190 453 2300 498 tota
2329 443 2416 497 die
2441 444 2709 499 meditatio
2731 463 2843 500 mea
2865 456 2960 501 est.
2989 446 3156 514 Super
3178 446 3418 500 inimicos
3443 463 3582 501 meos

333 565 450 618 μου
489 543 786 612 ἐσοφισάς
825 559 900 611 με
943 542 1058 608 τὴν
1095 539 1352 605 ἐντολήν
1398 555 1534 601 σου,
1570 537 1659 591 ὅτι
1685 540 1772 604 είς
1799 538 1906 590 τὸν

335 635 520 690 αἰῶνα
559 632 669 703 ἐμή
706 633 894 686 ἐστιν.
937 629 1104 699 Ὑπὲρ
1147 630 1376 696 πάντας
1421 629 1562 694 τοὺς
1597 626 1908 681 διδάσκον-

335 728 443 794 τάς
467 744 543 796 με
573 724 838 792 συνῆκα,
870 723 959 777 ὅτι
985 723 1058 776 τὰ
1079 722 1370 792 μαρτύριά
1393 739 1509 776 σου
1532 720 1754 791 μελέτη
1787 738 1906 790 μου

335 821 530 873 ἐστίν.
585 815 754 884 ’Υπὲρ
779 813 1220 884 πρεσϐυτέρους
1239 813 1502 882 συνῆκα,
1543 813 1631 866 ὅτι
1667 814 1773 878 τὰς
1812 812 1908 866 ἐν·

336 909 518 974 τολάς
569 923 684 961 σου
729 905 1076 974 ἐξεζήτησα.
1117 905 1182 958 Εἰ
1208 905 1265 956 δὲ
1297 903 1442 972 λέγοι
1483 922 1585 957 που
1619 905 1648 955 ὁ
1695 904 1902 974 Σωτήρ·

341 1002 462 1053 Οὐκ
489 998 621 1051 ἐστι
646 998 920 1067 μαθητὴς
954 995 1107 1064 ὑπὲρ
1144 995 1251 1048 τὸν
1279 993 1674 1056 διδάσκαλον,
1708 994 1800 1046 καὶ
1841 993 1908 1046 τὰ

339 1090 488 1159 ἑξῆς,
539 1089 777 1152 λεκτέον,
833 1089 913 1141 ὅτι
969 1087 1112 1140 τοῦτ’
1146 1087 1356 1158 εἴρηται
1385 1087 1463 1156 τῷ
1490 1086 1700 1157 Σωτῆρι
1739 1103 1908 1156 προσ-

339 1180 786 1250 διαστειλαμένῳ,
828 1180 921 1232 καὶ
953 1180 1144 1247 φάντι·
1175 1178 1272 1246 Μὴ
1305 1177 1599 1245 καλέσητε
1629 1175 1911 1229 διδάσκα-

339 1277 454 1326 λον
483 1273 581 1325 ἐπὶ
614 1271 724 1340 τῆς
761 1271 875 1342 γῆς
897 1289 911 1302 ο
948 1266 1035 1336 εἷς
1060 1273 1169 1340 γάρ
1189 1271 1360 1326 ἐστιν
1379 1271 1545 1340 ὑμῶν
1568 1273 1600 1324 ὀ
1621 1268 1908 1322 διδάσκα-

341 1368 451 1428 λος
479 1367 511 1417 ό
555 1364 624 1416 ἐν
650 1363 775 1431 τοῖς
816 1363 1112 1431 οὐρανοῖς.
1163 1363 1250 1424 Ὠς
1284 1361 1419 1433 πρὸς
1449 1362 1652 1414 ἐκεῖνον
1689 1356 1781 1413 οὖν
1819 1360 1909 1411 τὸν

340 1455 663 1508 διδάσκαλον
715 1456 814 1509 οὐκ
851 1455 966 1508 ἔστι
1003 1454 1248 1526 μαθητὴς
1295 1452 1579 1524 κρείττων.
1638 1453 1700 1506 Ol
1728 1453 1784 1506 δὲ
1833 1453 1912 1505 ὲν-

343 1543 514 1598 ταῢθα
544 1544 860 1616 δηλούμενοι
912 1544 1097 1598 πολλοὶ
1147 1543 1460 1597 διδάσκαλοι
1501 1543 1674 1614 ἓτεροι
1720 1544 1914 1612 τυγχά-

344 1651 541 1699 νουσιν,
571 1628 647 1689 ὧν
677 1636 934 1699 πολλάκις
963 1637 991 1688 ὁ
1026 1633 1272 1706 μαθητὴς
1304 1634 1583 1706 κρείττων.
1620 1633 1832 1686 Γίνεται
1853 1635 1911 1686 δὲ

345 1728 588 1792 πλείονος
618 1730 710 1782 καὶ
748 1727 1002 1799 συνεχοῦς
1034 1727 1133 1798 τῆς
1172 1728 1300 1797 περὶ
1344 1727 1469 1790 τοὺς
1507 1726 1680 1791 θείους
1722 1725 1912 1794 λόγους

343 1815 486 1886 ὰσκή
494 1833 652 1880 σεως.

428 1908 520 1962 Ἐκ
551 1908 750 1977 πάσης
775 1909 917 1963 ὀδοῦ
951 1906 1215 1977 πονηρᾶς
1240 1907 1517 1962 ἐκώλυσα
1546 1907 1686 1974 τοὺς
1724 1907 1914 1974 πόδας

338 2018 478 2070 μου,
504 2001 663 2067 ὅπως
692 1999 768 2054 ἂν
791 2001 1039 2070 φυλάξω
1067 2001 1209 2067 τοὺς
1237 2000 1459 2070 λόγους
1490 2015 1621 2053 σου.
1643 1999 1773 2054 Ἀπὸ
1800 1998 1917 2052 τῶν

345 2093 646 2161 χριμάτων
675 2107 790 2145 σου
822 2093 930 2144 οὐκ
963 2089 1263 2155 ἐξέκλινα,
1311 2089 1399 2142 ὅτι
1446 2088 1524 2143 σὺ
1569 2088 1916 2158 ἐνομοθέτη-

346 2187 464 2253 σάς
478 2204 598 2257 μοι.
617 2185 710 2250 Ὠς
734 2181 959 2253 γλυκέα
988 2181 1068 2248 τῷ
1090 2182 1344 2251 λάρυγτί
1358 2199 1476 2250 μου
1497 2181 1565 2234 τὰ
1585 2178 1757 2248 λόγιά
1776 2195 1910 2232 σου·

345 2278 497 2346 ὑπὲρ
529 2275 668 2346 μέλι
693 2273 770 2340 τῷ
791 2273 1041 2341 στόματί
1052 2289 1192 2341 μου.
1212 2272 1342 2326 Ἀπὸ
1365 2272 1481 2324 τῶν
1503 2271 1767 2325 ἐντολῶν
1800 2284 1915 2325 σου

345 2366 617 2437 συνῆκα,
665 2366 764 2420 διὰ
811 2363 985 2418 τοῦτο
1036 2363 1302 2431 ἐμίσησα
1346 2361 1549 2418 πᾶσαν
1598 2361 1741 2415 ὁδὸν
1788 2360 1915 2416 ἀδι-

347 2461 503 2526 κίας.

419 2551 656 2618 Λύχνος
706 2547 832 2615 τοῖς
874 2550 1022 2604 ποσί
1059 2565 1180 2618 μου
1225 2548 1259 2600 ό
1285 2547 1466 2614 νόμος
1493 2558 1630 2611 σου,
1666 2542 1763 2596 καὶ
1794 2541 1917 2611 φῶς

347 2639 480 2704 ταῖς
526 2639 745 2706 τρίϐοις
784 2641 1162 2707 μου.”Ωμοσα
1205 2637 1302 2692 καὶ
1332 2637 1564 2704 ἕστησα
1592 2634 1697 2688 τοῦ
1726 2633 1918 2703 φυλά-

349 2731 565 2794 ξασθαι
613 2730 684 2783 τὰ
733 2729 985 2797 κρίματα
1023 2727 1132 2796 τῆς
1171 2727 1559 2794 δικαιοσύνης
1591 2741 1726 2780 σου.
1746 2726 1916 2792 Ἐπεὶ,

351 2820 581 2892 μηδενὸς
625 2819 1045 2890 ὲκὸιασαμένου,
1076 2818 1254 2889 οἰκείᾳ
1282 2817 1620 2889 χρησάμενος
1649 2819 1792 2888 ὁρμῇ
1826 2818 1920 2870 καὶ

349 2910 666 2985 προαιρέσει
695 2911 893 2981 ἀγαθῇ,
923 2911 1068 2981 ὅρκῳ
1091 2909 1282 2962 ἑαυτὸν
1315 2908 1641 2980 κατεδήσατο
1667 2908 1757 2961 καὶ
1775 2906 1921 2977 ὡμο-

353 3017 413 3053 σε
441 3000 532 3054 τοῦ
564 2999 900 3071 φυλάξασθαι
941 3001 1006 3054 τὰ
1043 3001 1286 3071 κρίματα
1325 3001 1422 3070 τῆς
1450 2999 1792 3069 δικαιοσύνης
1824 2999 1919 3052 τοῦ

2011 539 2297 607 sapientem
2335 553 2415 591 me
2449 537 2619 606 fecisti
2654 539 2901 595 mandato
2945 551 3051 607 tuo,
3092 543 3215 611 quia
3248 541 3300 594 in
3332 550 3585 594 aeternum

2013 646 2184 684 meum
2221 638 2318 683 est.
2347 628 2515 698 Super
2549 646 2723 682 omnes
2759 629 2996 685 docentes
3039 648 3119 685 me
3167 630 3438 694 intellexi,
3461 631 3585 700 quia

2015 721 2315 774 testimonia
2347 729 2438 772 tua
2475 721 2748 776 meditatio
2776 738 2890 775 mea
2929 730 3025 778 est.
3066 720 3235 790 Super
3255 738 3398 775 senes
3423 721 3583 774 intel-

2015 812 2138 875 lexi,
2165 811 2289 878 quia
2338 811 2593 865 mandata
2625 821 2716 865 tua
2766 813 2999 882 quesivi.
3034 812 3189 879 Quod
3235 813 3282 868 si
3333 813 3585 867 Salvator

2015 903 2214 958 alicubi
2231 903 2378 958 dicat
2404 923 2416 957 :
2440 902 2563 958 Non
2593 903 2978 974 estdiscipulus
3009 921 3162 973 super
3189 907 3496 975 magistrum
3517 906 3584 962 ‘°,

2017 1004 2070 1050 et
2097 1003 2311 1058 caetera,
2346 995 2636 1049 dicendum
2677 1002 2761 1050 est
2803 995 2907 1049 hoc
2951 997 3359 1066 pronuntiatum
3392 1011 3420 1048 a
3466 994 3589 1049 Sal-

2016 1095 2201 1140 vatore
2233 1085 2420 1148 fuisse,
2461 1100 2584 1139 cum
2630 1085 2781 1154 prius
2826 1085 3271 1141 distiuxisset'ac
3308 1085 3537 1141 dixisset
3568 1105 3583 1141 :

2018 1176 2100 1231 Ne
2125 1178 2311 1231 vocetis
2345 1177 2656 1246 magistrum
2697 1191 2855 1244 super
2888 1185 3087 1229 terram
3119 1193 3137 1230 :
3169 1192 3301 1230 unus
3337 1177 3472 1229 enim
3509 1180 3590 1230 est

2016 1267 2273 1340 Magister
2302 1279 2466 1323 uester
2499 1267 2685 1339 quiest
2716 1267 2767 1318 in
2800 1267 2942 1320 caelis
2975 1269 3038 1320 ".
3075 1266 3224 1322 Illius
3263 1267 3445 1336 itaque
3471 1280 3590 1319 ma-

2019 1361 2174 1430 gistri
2202 1362 2608 1430 comparatione
2634 1377 2741 1416 non
2773 1369 2856 1416 est
2883 1360 3189 1430 discipulus
3220 1357 3586 1429 praestantior.

2019 1453 2262 1524 Magistri
2284 1461 2489 1517 autem,
2526 1454 2618 1524 qui
2651 1453 2740 1506 hic
2769 1452 2922 1506 multi
2954 1467 3075 1506 esse
3105 1449 3472 1515 declarantur,
3495 1445 3590 1503 alii

2019 1553 2168 1609 sunt,
2229 1545 2430 1615 quibus
2479 1546 2798 1615 plerumque
2860 1543 3165 1614 discipulus
3218 1543 3433 1596 doctior
3480 1548 3587 1596 est.

2019 1638 2174 1705 Quod
2224 1638 2406 1692 evenit
2454 1653 2521 1692 ex
2573 1641 2779 1705 majore
2801 1646 2852 1692 et
2891 1635 3260 1706 frequentiore
3300 1634 3355 1688 in
3387 1631 3590 1688 divinis

2020 1727 2367 1785 sermonibus
2402 1728 2813 1782 exercitatione.

2085 1900 2252 1956 Vens.
2292 1899 2386 1953 101
2420 1898 2574 1953 404.
2606 1898 2684 1952 Ab
2707 1897 2849 1952 omni
2875 1897 2958 1950 uia
2985 1895 3129 1948 mala
3161 1893 3401 1963 prohibui
3433 1893 3588 1962 pedes

2017 2009 2177 2055 meos,
2219 1999 2275 2044 ut
2325 1989 2620 2044 custodiam
2665 1987 2819 2042 verba
2853 1996 2964 2038 tua.
3001 1986 3042 2037 Α
3080 1986 3303 2055 judiciis
3349 1986 3450 2038 tuis
3482 2001 3588 2038 non

2015 2080 2297 2143 declinavi,
2343 2079 2468 2148 quia
2503 2088 2557 2130 tu
2590 2078 2748 2147 legem
2781 2077 3006 2145 posuisti
3050 2075 3193 2128 milii.
3247 2074 3420 2139 Quam
3464 2073 3588 2128 dui-

2017 2175 2099 2225 cia
2130 2171 2374 2241 faucibus
2419 2172 2546 2225 meis
2578 2170 2785 2239 eloquia
2832 2179 2919 2221 tua
2936 2169 2956 2220 .'
2996 2183 3149 2236 super
3187 2167 3288 2220 mel
3326 2167 3406 2220 ori
3451 2183 3582 2219 meo.

2016 2266 2060 2319 Α
2118 2264 2385 2318 mandatis
2436 2264 2540 2317 tuis
2576 2262 2832 2326 intellexi,
2891 2271 3162 2329 propterea
3210 2259 3348 2313 odiri
3385 2275 3586 2313 omnem

2017 2361 2064 2412 vi
2070 2376 2154 2411 aut
2187 2358 2502 2423 iniquitatis.

2093 2533 2260 2588 Vens.
2307 2531 2431 2593 105,
2477 2530 2599 2586 106,
2651 2527 2891 2580 Lucerna
2941 2526 3156 2594 pedibus
3199 2529 3326 2581 meis
3377 2527 3586 2581 verbum

2021 2639 2190 2692 tuum,
2218 2634 2266 2679 et
2303 2627 2478 2678 lumen
2508 2621 2708 2676 semitis
2748 2620 2896 2673 meis.
2920 2617 3110 2671 Juravi
3137 2627 3184 2671 et
3215 2619 3378 2671 statui
3404 2628 3586 2672 custo—

2020 2719 2134 2773 dire
2156 2717 2366 2787 judicia
2382 2715 2754 2784 justitiaztute.
2786 2711 2925 2778 Quia
2974 2712 3124 2766 nullo
3153 2712 3259 2766 vim
3299 2711 3588 2774 inlerente,

2020 2810 2116 2866 sed
2145 2808 2366 2880 proprio
2388 2815 2522 2860 nutu
2547 2815 2600 2860 et
2634 2806 2775 2860 bono
2799 2805 3100 2876 proposito,
3137 2818 3257 2858 sese
3278 2803 3592 2873 jurejuran-

2019 2907 2091 2962 do
2121 2904 2396 2965 astrinxit.
2429 2909 2483 2956 et
2508 2901 2714 2971 juravit
2743 2916 2803 2956 se
2849 2908 3192 2956 servaturum
3237 2914 3359 2954 esse
3381 2899 3589 2968 judicia

2021 2994 2245 3065 iustitiae
2275 2992 2392 3056 Dei,
2420 3000 2575 3062 rogat
2603 3000 2663 3044 ut
2687 2991 3058 3058 juramentum
3087 3004 3249 3044 suum
3277 2991 3591 3058 acceptione

352 3091 510 3155 Θεοῦ,
545 3091 760 3162 εὔχεται
788 3093 879 3146 τὸν
907 3093 1066 3162 ὅρκον
1105 3091 1268 3145 αὐτοῦ
1302 3091 1569 3161 ἀποδοχῆς
1595 3089 1740 3154 ἄξιον
1769 3089 1918 3161 παρὰ

2022 3087 2243 3157 dignum
2276 3085 2416 3154 apud
2449 3082 2618 3138 Deum
2647 3081 2841 3137 evadat
2874 3102 2886 3137 :
2921 3098 3046 3136 nam
3083 3081 3325 3152 cognitio
3356 3081 3594 3152 judicio-

351 3184 431 3254 τῷ
463 3153 580 3253 est;
606 3153 883 3252 γενέσθαιο
922 3153 1088 3236 δεῖται
1112 3183 1219 3253 γὰρ
1243 3181 1440 3251 πολλῆς
1463 3153 1806 3244 διδασκαλίας
1829 3153 1920 3234 καὶ

2023 3153 2143 3235 ruin
2174 3179 2268 3234 Dei
2297 3153 2468 3232 multa
2499 3177 2748 3232 doctrina
2771 3186 2912 3247 eget.

351 3276 385 3344 ἡ
414 3274 612 3343 γνῶσις
649 3275 756 3328 τῶν
783 3275 1066 3347 χριμάτων
1100 3274 1194 3327 τοῦ
1228 3274 1383 3327 Θεοῦ.

435 3386 862 3455 Ἐταπεινώθην
905 3387 1014 3452 ἕως
1062 3385 1314 3454 σφόδρα,
1364 3386 1536 3454 Κύριε
1560 3403 1572 3415 ·
1622 3384 1804 3455 ζ’ῆσόν
1847 3403 1924 3454 με

350 3476 502 3530 κατὰ
548 3476 654 3528 τὸν
696 3477 882 3544 λόγον
918 3489 1054 3528 σου.
1097 3475 1173 3527 Τὰ
1202 3474 1449 3527 ἑκούσια
1495 3473 1600 3526 τοῦ
1631 3473 1926 3540 στόματός

345 3582 466 3634 μου
508 3561 849 3630 εὐδόκησον
903 3561 1002 3627 δὴ,
1038 3562 1233 3627 Κύριε,
1267 3561 1367 3614 καὶ
1412 3562 1482 3614 τὰ
1532 3560 1782 3630 κρίματα
1810 3577 1926 3614 σου

350 3652 601 3716 δίδαεόν
624 3669 718 3722 με.
737 3652 796 3705 Ἡ
826 3648 996 3717 ψυχή
1025 3665 1142 3713 μου
1171 3647 1242 3700 ἐν
1268 3648 1396 3712 ταῖς
1438 3648 1612 3716 χερσί
1646 3663 1766 3714 ⁶ιιου
1799 3645 1925 3698 δια-

351 3744 598 3810 παντὸς,
639 3742 736 3795 καὶ
790 3737 897 3792 τοῦ
952 3740 1140 3806 νόμου
1202 3751 1318 3790 σου
1367 3738 1476 3789 οὐκ
1523 3736 1919 3803 ἐπελαθόμην.

359 3842 596 3891 Ἕθεντο
629 3830 955 3903 ἁμαρτωλοὶ
990 3827 1210 3898 παγίδα
1236 3845 1358 3897 μοι,
1390 3825 1487 3880 καὶ
1513 3827 1580 3879 ἐκ
1612 3824 1728 3879 τῶν
1758 3827 1923 3879 ἐντο-

353 3927 480 3984 λῶν
510 3941 623 3981 σου
655 3924 764 3976 οὐκ
797 3917 1165 3984 ἐπλανήθην.
1183 3916 1244 3968 Ἦ
1274 3915 1417 3986 ψυχή
1449 3931 1591 3977 τινος
1638 3915 1695 3966 ὲν
1741 3914 1924 3985 χερσὶν

354 4015 518 4071 αὑτοῦ
549 4015 714 4073 ἐστιν,
733 4009 929 4062 εἴποτε
956 4007 1012 4059 ὲν
1045 4003 1306 4068 κινδύνοις
1334 4003 1642 4075 γεγένηται.
1662 4003 1925 4056 καὶτοῦτο

355 4114 388 4182 ἡ
423 4106 679 4178 συνήθεια
717 4101 862 4170 λέγει
890 4100 1004 4154 ὅτι·
1041 4098 1152 4168 Τὴν
1173 4096 1349 4168 ψυχήν
1385 4112 1487 4168 μου
1520 4091 1662 4165 εἶχον
1700 4096 1779 4158 είς
1826 4095 1924 4158 τὰς

357 4199 544 4274 χεῖράς
593 4191 873 4268 μου.Ἐγὼ
921 4185 1034 4254 οὖν,
1070 4189 1232 4258 φησὶν
1276 4189 1305 4240 ὁ
1345 4187 1568 4251 δίκαιος,
1607 4183 1926 4258 καθημέραν

357 4291 706 4361 ἀποθνήσκω,
734 4285 820 4339 ἀεὶ
845 4279 1136 4336 κινδυνεύω
1165 4280 1252 4334 διὰ
1276 4280 1367 4333 τὸν
1398 4279 1552 4347 λόγον
1579 4296 1692 4340 σου,
1717 4277 1805 4331 διὰ
1829 4277 1925 4349 τὴν

355 4381 634 4454 ἀλήθειαν,
663 4379 751 4432 διὰ
783 4375 875 4430 τὸν
913 4375 1151 4444 ἔλεγχον,
1179 4372 1268 4426 διὸ.
1295 4372 1391 4443 τὴν
1422 4371 1695 4442 βασιλείαν
1731 4372 1796 4442 ἢν
1833 4370 1927 4442 βα-

2093 3377 2260 3432 Vens.
2306 3376 2605 3432 lO‘l-HS.
2664 3374 2991 3428 Humiliatus
3043 3389 3160 3427 sum
3207 3390 3593 3445 usquequaque,

2028 3470 2248 3525 Domine
2283 3485 2302 3524 :
2342 3471 2546 3538 vivi/ica
2588 3485 2670 3522 me
2707 3467 2989 3522 secundum
3023 3465 3233 3518 verbum
3286 3475 3450 3520 tuum.
3496 3467 3596 3521 Vo-

2025 3563 2261 3616 luntaria
2303 3562 2410 3614 oris
2441 3561 2540 3612 mei
2571 3559 2895 3626 beneplacita
2929 3555 3035 3622 fac,
3075 3553 3322 3618 Domine,
3361 3565 3410 3608 et
3441 3556 3596 3624 judi-

2024 3655 2108 3704 cia
2139 3662 2231 3704 tua
2269 3650 2395 3702 doce
2426 3664 2524 3701 me.
2554 3649 2749 3699 Anima
2781 3660 2894 3697 mea
2921 3645 2975 3696 in
3005 3643 3249 3696 manibus
3296 3645 3424 3697 meis
3454 3662 3592 3698 sem-

2021 3761 2132 3813 per,
2164 3752 2212 3796 et
2244 3742 2406 3812 legem
2435 3751 2579 3792 tuam
2611 3755 2715 3792 non
2744 3753 2860 3790 sum
2899 3735 3113 3788 oblitus.
3148 3733 3447 3789 Posuerunt
3482 3752 3595 3803 pec-

2024 3846 2226 3888 catores
2251 3832 2492 3902 laqueum
2517 3829 2668 3892 mihi,
2693 3837 2741 3880 et
2765 3826 2829 3880 de
2846 3825 3112 3879 mandatis
3142 3824 3247 3878 tuis
3276 3842 3378 3879 non
3398 3829 3591 3882 erravi.

2023 3926 2218 3980 Anima
2259 3923 2502 3992 cujusvis
2535 3921 2591 3975 in
2620 3918 2875 3973 manibus
2903 3919 3022 3986 cjus
3068 3926 3173 3980 est,
3208 3917 3253 3972 si
3289 3919 3508 3986 quando
3538 3920 3594 3973 in

2023 4017 2282 4088 periculis
2309 4021 2577 4076 versetur,
2609 4019 2772 4082 atque
2799 4025 2864 4066 ex
2898 4009 3293 4064 consuetudine
3328 4011 3428 4063 hoc
3453 4010 3593 4064 dici-

2024 4115 2113 4162 tur
2146 4105 2435 4160 :Animam
2468 4118 2642 4159 meam
2675 4103 2729 4156 in
2774 4101 3030 4157 manibus
3063 4099 3198 4154 meis
3243 4101 3424 4154 habui.
3482 4099 3594 4170 Ego

2026 4198 2230 4268 itaque,
2255 4197 2330 4250 ait
2353 4196 2562 4266 justus,
2599 4192 2844 4264 quotidie
2874 4192 3098 4255 morior,
3137 4207 3349 4260 semper
3375 4191 3445 4245 ob
3470 4207 3588 4245 ser-

2027 4305 2242 4345 monem
2275 4297 2427 4343 tuum
2454 4289 2508 4342 in
2539 4287 2782 4358 pericqu
2808 4301 3017 4351 versor,
3049 4297 3266 4355 propter
3288 4285 3592 4349 veritatem,

2027 4392 2251 4456 propter
2277 4380 2778 4451 reprehensionem,
2801 4387 3025 4450 propter
3058 4393 3280 4448 regnum
3304 4377 3390 4432 cui
3418 4378 3593 4448 impe—

358 4475 582 4533 σιλεύωο
614 4473 708 4527 καὶ
739 4471 827 4525 διὰ
858 4470 1032 4524 ταῦτα
1065 4469 1104 4537 ἡ
1134 4466 1303 4536 qiuari
1337 4483 1457 4536 μου
1494 4465 1563 4518 ὲν
1590 4464 1718 4530 ταῖς
1754 4465 1920 4532 χερσί

2031 4490 2093 4530 ro
2123 4493 2138 4541 ;
2167 4481 2220 4530 et
2240 4474 2361 4529 ideo
2385 4472 2566 4525 anima
2586 4487 2702 4523 mea
2726 4470 2780 4522 in
2802 4470 3046 4522 manibus
3073 4469 3201 4522 meis
3230 4484 3443 4536 semper.
3475 4467 3595 4523 Non

351 4587 471 4640 μου
492 4563 832 4628 διαπαντός.
850 4561 926 4614 Οὐ
946 4561 1054 4630 γὰρ
1073 4561 1100 4612 ὁ
1115 4557 1359 4620 κίνδυνος
1379 4554 1472 4609 τοῦ
1497 4555 1725 4608 Θανάτου
1755 4554 1928 4606 ἐποίει

363 4678 448 4732 μετ
464 4655 813 4713 ἐπιλαθέσθαι
840 4653 934 4707 τοῦ
983 4653 1150 4723 νόμου
1178 4669 1290 4706 σου.
1326 4649 1554 4704 Δύναται
1601 4648 1658 4701 δέ
1707 4665 1791 4711 τις
1834 4647 1930 4700 καὶ

360 4751 686 4822 ὑψηλότερον
719 4746 906 4817 νοῆσαι
936 4743 999 4797 τὸ
1027 4741 1207 4814 ῥητὸν,
1239 4743 1334 4795 καὶ
1367 4743 1557 4804 εἰπεῖν,
1577 4740 1658 4793 ὅτι
1693 4740 1731 4806 ἠ
1757 4735 1927 4807 ψυχή

354 4865 474 4918 μου
505 4847 574 4899 ἐν
602 4843 730 4908 ταῖς
765 4839 938 4911 χερσί
961 4855 1082 4907 μου
1116 4831 1196 4906 ἦν
1221 4831 1564 4899 διαπαντὸς,
1594 4832 1713 4885 ἀντὶ
1737 4829 1850 4895 τοῦ,
1872 4830 1930 4881 ὲν

362 4935 623 5008 πράξεσιν
647 4931 902 5001 ἀγαθαῖς·
934 4930 967 4999 ἠ
998 4926 1117 4997 χεὶρ
1139 4923 1248 4995 γὰρ
1275 4924 1366 4975 ἐπὶ
1392 4922 1498 4976 τῶν
1535 4920 1782 4991 πράξεων
1806 4919 1931 4972 πολ-

361 5027 519 5089 λάκις
552 5019 926 5093 παραδέδοται.
970 5017 1032 5068 Ei
1056 5015 1112 5068 δὲ
1140 5016 1199 5066 ὲν
1225 5015 1344 5076 ταῖς
1373 5011 1527 5084 χερσί
1558 5028 1650 5064 σου
1679 5010 1784 5080 εἴη,
1807 5011 1932 5080 νοή-

365 5135 545 5189 σωμεν
567 5117 752 5187 χεῖρας
775 5106 909 5165 εῐναι
932 5107 1026 5162 τοῦ
1054 5106 1188 5182 Θεοῦ
1203 5106 1301 5176 τὴν
1313 5105 1670 5175 δημιουργίαν
1691 5102 1874 5164 αὐτοῦ,

364 5210 646 5285 προσιτέον
681 5202 993 5265 διαπαντός.
1012 5199 1498 5267 Ἐκληρονόμησα
1540 5197 1611 5250 τὰ
1641 5193 1933 5266 μαρτύριά

361 5319 478 5357 σου
508 5303 594 5366 εις
626 5297 734 5354 τὸν
763 5293 948 5348 αἰῶνα
969 5310 982 5323 ·
1033 5292 1122 5345 ὅτι
1153 5289 1494 5358 ἁγαλλίαμα
1537 5285 1647 5355 τῆς
1687 5285 1932 5356 καρδίας

355 5411 476 5465 μου
501 5391 937 5446 εὶσίν.Ἔκλινα
959 5383 1074 5452 τὴν
1104 5380 1352 5451 καρδίαν
1389 5398 1508 5448 μου
1545 5379 1652 5433 τοῦ
1684 5377 1931 5446 ποιῆσαι

360 5486 437 5540 τὰ
463 5479 820 5554 δικαιώματά
845 5494 962 5534 σου
993 5477 1080 5542 είς
1103 5473 1212 5528 τὸν
1237 5470 1421 5526 αἰῶνα
1439 5471 1513 5524 δι’
1544 5471 1925 5540 ἀντάμειψιν.
1956 5483 1960 5488 ’

329 5773 346 5786 ι
437 5752 484 5787 ιι
523 5750 710 5809 Matth.
745 5711 816 5821 ι,
849 5754 938 5810 24.
1019 5759 1061 5791 ιτ
1105 5752 1295 5811 blattis.
1335 5765 1505 5816 um,
1541 5751 1610 5818 9,
1649 5751 1738 5807 10.

2031 4567 2178 4621 enim
2209 4563 2510 4636 periculum
2543 4562 2737 4618 mortis
2765 4562 2902 4632 legis
2929 4573 3031 4615 tuac
3056 4561 3304 4616 oblivisci
3329 4575 3415 4615 me
3443 4559 3592 4616 fecit.

2026 4659 2297 4713 Caeterum
2329 4664 2510 4728 potest
2561 4655 2834 4726 quispiam
2892 4653 3181 4708 sublimius
3237 4652 3340 4708 hoc
3388 4653 3596 4707 dictum

2028 4750 2330 4819 intelligere
2361 4762 2426 4802 ac
2458 4747 2641 4803 dicere
2673 4765 2686 4800 :
2720 4747 2916 4800 Anima
2959 4763 3074 4800 mea
3104 4747 3156 4798 in
3199 4744 3440 4798 manibus
3469 4744 3597 4800 meis

2028 4850 2147 4898 erat
2179 4856 2417 4912 semper;
2455 4839 2508 4894 id
2537 4850 2643 4904 est,
2677 4841 2729 4893 in
2759 4839 2918 4893 bonis
2952 4839 3166 4892 actibus
3195 4855 3209 4892 :
3244 4852 3370 4892 nam
3398 4852 3597 4892 manus

2028 4945 2128 5000 pro
2159 4929 2370 4985 actibus
2402 4929 2713 4999 frequenter
2747 4927 3002 4982 traditur.
3037 4926 3092 4981 Si
3127 4937 3309 4983 autem
3338 4927 3393 4981 in
3421 4927 3598 4981 mani-

2032 5023 2134 5078 bus
2157 5022 2266 5077 tuis
2291 5021 2473 5085 l'uerit,
2494 5021 2857 5091 intelligamus
2885 5035 3079 5074 manus
3108 5019 3200 5074 Dei
3227 5034 3349 5076 esse
3367 5018 3596 5073 creatio-

2033 5131 2154 5171 nem
2179 5115 2322 5184 ejus,
2349 5114 2437 5169 cui
2465 5127 2679 5183 semper
2712 5113 2927 5167 animus
2960 5121 3040 5166 est
3071 5110 3434 5166 adhibendus.
3462 5107 3596 5162 Ηιτ-

2031 5207 2256 5261 reditate
2303 5206 2557 5276 acquisiui
2595 5203 2894 5258 testimonia
2929 5213 3021 5255 tua
3057 5205 3109 5254 in
3155 5211 3430 5264 (sternam,
3471 5199 3596 5266 quia

2029 5302 2314 5356 exsultatio
2345 5298 2519 5354 cordis
2549 5300 2650 5353 mei
2688 5305 2828 5353 sunt.
2882 5295 3140 5350 Inclinavi
3175 5311 3268 5348 cor
3311 5307 3480 5346 meum
3527 5290 3594 5342 ad

2035 5391 2305 5462 faciendas
2328 5390 2740 5461 justiﬁcaliones
2791 5400 2908 5443 tuas
2967 5391 3020 5442 in
3066 5397 3338 5452 cternum,
3387 5393 3604 5454 propter

2035 5484 2445 5548 retributionem.
