4102 6400
1215 295 1480 352 EUSEBII
1510 293 1988 352 CJESARIENSIS
2024 295 2176 351 OPP.
2217 293 2400 351 PARS
2430 293 2520 351 Ill.
2561 327 2627 336 -—
2659 294 3066 354 EXEGETICA.
3612 298 3751 354 1384

472 299 499 356 1
511 299 616 357 585

545 419 711 475 Vsus.
740 419 1010 476 115-116.
1047 416 1262 488 Iniquos
1293 418 1413 471 odio
1437 418 1618 482 habui,
1640 428 1689 471 et
1713 417 1875 488 legem
1902 427 2033 470 tuam

2220 419 2608 488 Παρανόμους
2653 420 2938 490 ἐμίσησα,
2966 420 3072 473 τὸν
3107 419 3176 473 δὲ
3210 421 3397 490 νόμον
3433 436 3550 475 σου
3601 420 3750 490 ἠτά-

472 513 660 566 dilexi.
694 511 924 580 Adjutor
953 519 1002 564 et
1032 519 1304 576 susceptor
1331 527 1476 563 meus
1501 527 1554 564 es
1584 523 1660 576 tu,
1686 511 1740 563 in
1771 510 1928 564 verba
1960 519 2033 564 tut

2155 519 2342 578 πησα.
2375 513 2600 579 Βοηθός
2626 529 2746 581 μου
2775 513 2871 565 καὶ
2897 512 3277 580 ἀντιλήπτωρ
3294 529 3414 581 μου
3442 508 3503 566 εἴ
3528 513 3634 576 σὺ,
3655 513 3747 578 εις

472 603 853 671 supersperavi.
899 601 1166 656 Dcclinate
1205 618 1235 654 a
1265 617 1364 665 me,
1412 601 1650 670 maligni,
1680 610 1731 655 et
1775 601 2033 655 scrutabm

2153 603 2296 670 τοὺς
2317 606 2538 672 ,λόγους
2569 618 2687 658 σου
2707 604 3039 670 ἐπήλπισα.
3067 604 3414 658 Ἑκκλίνατε
3442 604 3545 658 ἀπ’
3570 599 3742 672 ἐμοῦ,

475 693 733 747 mandata
763 692 859 747 Dei
887 693 1007 746 mei.
1059 688 1276 760 Suscipe
1311 709 1392 746 me
1422 691 1704 746 secundum
1753 692 2033 745 misericor‘

2154 696 2638 764 πονηρευόμενοι,
2664 698 2761 750 καὶ
2794 695 3170 764 ἐξερευνήσω
3199 694 3304 760 τὰς
3338 693 3596 758 ἐντολὰς
3635 693 3742 747 τοῦ

471 784 618 838 diam
655 797 822 848 tuam,
863 794 912 838 et
939 785 1143 854 vivi/ica
1187 799 1288 847 me,
1327 792 1376 836 et
1409 800 1513 836 non
1539 782 1838 851 confundas
1867 800 1948 837 me
1986 783 2033 838 al

2157 789 2304 842 Θεοῦ
2329 806 2468 858 μου.
2488 787 2828 842 Ἀντιλαϐοῦ
2848 806 2968 858 μου
2998 787 3145 842 κατὰ
3181 787 3246 840 τὸ
3273 787 3446 852 ἔλεός
3483 799 3601 838 σου
3639 783 3740 838 καὶ

469 878 855 944 exspectatione
890 893 1024 930 mea.
1059 875 1350 946 Postquam
1385 875 1523 931 dixit
1559 892 1571 926 :
1605 875 1872 930 Declinate
1895 893 1928 930 a
1949 892 2033 930 me

2153 879 2339 947 ζῆσόν
2364 895 2461 948 με,
2491 879 2590 932 καὶ
2609 879 2694 948 μὴ
2725 879 3138 948 καταισχύνῃς
3162 894 3237 947 με
3262 875 3382 930 ἀπὸ
3414 874 3526 944 τῆς
3552 889 3741 942 προσ-

471 965 714 1034 matigni,
748 973 1150 1034 consequenter
1192 964 1358 1019 Deum
1387 965 1454 1018 ad
1492 979 1611 1019 eam
1642 980 1755 1019 rem
1808 965 2028 1020 invocat

2151 969 2359 1035 δοκίας
2395 987 2537 1038 μου.
2594 968 2798 1033 Είπὼν,
2831 970 3175 1022 Ἐκκλίνατε
3208 968 3308 1022 ἀπ’
3340 966 3486 1036 ἐμοῦ
3506 1005 3522 1029 ,
3558 981 3741 1030 πονη-

471 1061 530 1106 ιιι
560 1054 680 1123 ejus
708 1055 908 1108 virtute
935 1055 1154 1124 maligni
1180 1054 1247 1109 ab
1273 1055 1452 1108 anima
1481 1070 1580 1110 sua
1615 1055 1889 1125 pellantur
1920 1073 1933 1109 :
1969 1065 2033 1108 at-

2143 1063 2476 1131 ρευόμενοι,
2509 1061 2818 1125 ἀκολούθως
2844 1061 2935 1114 τὸν
2965 1061 3097 1114 Θεὸν
3125 1061 3220 1114 καὶ
3251 1061 3329 1122 είς
3360 1057 3518 1111 τοῦτο
3546 1059 3739 1110 ἐπικα-

470 1160 578 1214 que
609 1146 780 1198 otium
831 1155 1046 1210 nactus,
1087 1147 1250 1199 vitam
1283 1155 1338 1201 et
1388 1147 1646 1212 salutem,
1680 1163 1804 1217 quae
1853 1162 2033 1203 secun-

2151 1155 2342 1217 λεῖται,
2378 1155 2453 1218 ὡς
2488 1154 2554 1208 ἂν
2582 1157 2648 1225 τῇ
2673 1154 2838 1208 αὑτοῦ
2863 1153 3088 1223 δυνάμει
3121 1150 3443 1205 ἀπελαθεῖεν
3478 1147 3578 1218 τῆς
3603 1149 3736 1201 ὲαυ-

469 1237 600 1292 dum
633 1236 800 1292 Deum
835 1246 937 1302 est,
974 1247 1362 1308 consequatur,
1395 1254 1574 1310 neque
1605 1240 1824 1295 excidat
1857 1239 1926 1294 ab
1955 1255 2033 1295 ex-

2149 1247 2244 1300 τοῦ
2272 1247 2446 1318 ψυχῆς
2473 1249 2522 1300 οἱ
2546 1247 2982 1319 πονηρευόμενοι,
3009 1244 3202 1316 σχολῆς
3226 1260 3283 1296 τε
3314 1239 3490 1312 τυχὼν
3517 1240 3617 1309 τῆς
3636 1255 3737 1292 xa-

469 1327 807 1396 spcctatione
837 1342 934 1381 sua
971 1345 983 1381 :
1016 1343 1080 1381 ac
1111 1343 1326 1382 rursum
1353 1343 1510 1398 opem
1538 1321 1780 1409 postulat
1805 1329 1874 1384 ad
1903 1330 2033 1385 salut

2149 1339 2218 1392 τὰ
2249 1339 2379 1392 Θεὸν
2410 1338 2553 1409 ζωῆς
2583 1355 2641 1390 τε
2669 1340 2761 1392 καὶ
2795 1338 3068 1409 σωτηρίας
3090 1336 3267 1405 τύχοι,
3302 1333 3396 1388 καὶ
3422 1333 3496 1404 μὴ
3525 1329 3735 1384 ἀποπέ-

470 1426 601 1472 tem.
635 1449 704 1458 —
746 1419 907 1475 Vens.
944 1420 1048 1473 117
1070 1450 1090 1460 -
1116 1421 1238 1474 l20.
1268 1420 1477 1490 Adjuva
1513 1408 1612 1486 me,
1642 1433 1692 1476 et
1727 1422 1906 1476 salvus
1935 1439 2033 1485 ero1

2151 1446 2234 1482 σοι
2260 1431 2358 1500 τῆς
2386 1408 2576 1483 ἑαυτοῦ
2609 1408 2962 1502 προσδοκίας·
2996 1430 3090 1481 καὶ
3123 1426 3284 1480 πάλιν
3313 1425 3453 1491 ἀξιοί
3483 1421 3735 1492 βοηθείας

467 1517 518 1562 et
551 1509 841 1564 meditabor
866 1512 917 1562 in
944 1511 1423 1580 justi/icationibus
1454 1514 1558 1566 tuis
1591 1530 1811 1582 semper.
1846 1513 2033 1582 Sprevi-

2148 1522 2328 1590 τυχεῖν
2352 1523 2432 1584 εἰς
2463 1520 2521 1573 τὸ
2549 1520 2897 1591 διασωθῆναι.
2918 1517 3240 1588 Βοήθησόν
3262 1533 3384 1586 μοι,
3414 1513 3512 1568 καὶ
3545 1511 3735 1576 σωθήσ

467 1603 540 1656 sti
597 1620 773 1657 omnes
824 1604 1204 1658 discedentesa
1244 1605 1466 1673 judiciis
1508 1607 1636 1670 tuis,
1667 1607 1793 1676 quia
1849 1607 2033 1676 injuste

2148 1628 2350 1680 σομαι,
2379 1613 2475 1665 καὶ
2501 1611 2812 1681 μελετήσω
2847 1613 2918 1665 ἐν
2950 1611 3072 1676 τοῖς
3096 1605 3448 1676 δικαιώμασί
3472 1619 3588 1657 σου
3613 1602 3735 1655 δια-

467 1695 717 1764 cogitatio
761 1712 963 1750 eorum.
999 1695 1416 1752 Prwvaricantes
1447 1699 1684 1766 reputavi
1721 1715 1898 1770 omnes
1929 1715 2033 1768 pec-

2148 1703 2392 1767 παντός.
2414 1700 2852 1768 Ἑξυυδένωσας
2885 1700 3116 1766 πάντας
3151 1698 3292 1762 τοὺς
3320 1692 3733 1750 ἀποστατοῦν-

466 1796 668 1839 catores
710 1796 885 1848 terrre,
921 1787 1036 1842 ideo
1086 1788 1252 1842 dilexi
1317 1791 1617 1844 testimonia
1680 1798 1791 1842 tua.
1828 1766 2033 1861 conﬁge

2146 1807 2254 1856 τας
2286 1766 2402 1845 ἀπὸ
2429 1790 2544 1844 τῶν
2572 1766 2977 1862 δικαιωμάτων
3000 1805 3139 1854 σου,
3170 1789 3260 1844 ὅτι
3297 1788 3506 1841 ἄδικον
3535 1787 3598 1839 τὸ
3627 1785 3730 1838 ὲν-

467 1877 650 1930 timore
699 1887 788 1931 tuo
841 1895 1024 1932 carnes
1084 1896 1247 1948 meas,
1302 1897 1335 1934 a
1370 1881 1593 1950 judiciis
1637 1882 1776 1936 enim
1819 1882 1924 1936 tuis
1977 1883 2033 1935 ti-

2147 1885 2385 1953 θύμημα
2409 1882 2624 1938 αὐτῶν.
2659 1885 3144 1952 Παραϐαίνοντας
3171 1879 3542 1952 ἐλογισάμην
3573 1877 3729 1931 πάν-

465 1969 596 2020 mui.
2144 1990 2252 2040 τας
2300 1973 2440 2039 τοὺς
2487 1975 2871 2043 ἁμαρτωλοὺς
2921 1972 3033 2041 τῆς
3063 1973 3197 2042 τῆς,
3236 1971 3334 2026 διὰ
3369 1970 3546 2026 τοῦτο
3584 1964 3731 2038 ἠγά-

463 2074 630 2125 πησα
655 2059 725 2112 τὰ
741 2059 1032 2129 μαρτύριά
1063 2077 1199 2115 σου.
1225 2062 1597 2130 Καθήλωσον
1619 2063 1689 2118 ἐκ
1717 2065 1826 2119 τοῦ
1850 2067 2040 2134 φόϐου
2076 2082 2193 2122 σου
2227 2067 2328 2133 τὰς
2362 2066 2592 2135 σάρκας
2616 2084 2765 2137 μου·
2791 2065 2909 2121 ἀπὸ
2935 2067 3044 2137 γὰρ
3093 2065 3214 2120 τῶν
3268 2064 3566 2135 χριμάτων
3606 2077 3727 2118 σου

460 2153 780 2222 ἐφοϐήθηνο

535 2247 702 2303 Vens.
736 2247 859 2301 121.
890 2244 1016 2300 Feci
1046 2245 1311 2316 judicium
1336 2256 1384 2300 et
1398 2248 1694 2315 justitiam,
1721 2265 1827 2303 non
1855 2250 2037 2306 tradas

461 2356 543 2394 me
571 2341 825 2408 injuriam
850 2339 1196 2408 inferentibus
1228 2338 1376 2393 mihi.
1405 2339 1510 2405 Qui
1559 2341 1612 2394 in
1643 2341 1913 2413 principio
1962 2345 2040 2398 in-

461 2434 685 2488 stitutus
718 2431 914 2496 fuerat,
959 2439 1018 2485 ut
1048 2431 1160 2500 jam
1210 2433 1442 2486 multum
1477 2432 1777 2502 prolectus,
1815 2450 1878 2489 ac
1919 2452 2038 2492 ma-

459 2538 564 2592 gna
597 2530 874 2592 operatus,
923 2530 1079 2593 rogat
1134 2537 1206 2578 ne
1253 2537 1284 2576 a
1339 2523 1587 2593 profectu
1646 2540 1746 2581 suo
1794 2527 2028 2584 excidat.

460 2613 665 2669 Deinde
695 2614 1054 2669 considerans
1092 2614 1358 2683 plurimos
1397 2629 1521 2669 esse
1545 2617 1635 2685 qui
1677 2618 1863 2686 probis
1893 2619 2032 2673 invi-

459 2705 644 2769 deant,
681 2719 806 2760 cum
850 2704 989 2759 nihil
1035 2706 1160 2758 mali
1201 2706 1268 2760 de
1299 2706 1432 2774 ipsis
1465 2705 1752 2762 dicendum
1783 2709 2038 2773 habeant.

2218 2247 2506 2313 Ἐποίησα
2542 2245 2716 2314 κρίμα
2744 2247 2841 2298 καὶ
2876 2221 3296 2313 δι’καιοσυνην,
3325 2243 3413 2313 μὴ
3444 2246 3728 2314 παωδῷς

2129 2355 2206 2409 με
2239 2337 2361 2402 τοῖς
2393 2336 2676 2390 ἀδικοῦσί
2699 2353 2796 2406 με.
2816 2337 2872 2388 Ὀ
2902 2335 3042 2390 κατὰ
3072 2335 3168 2408 τὴν
3209 2336 3382 2407 ἀρχὴν
3423 2341 3721 2409 στοιχειού-

2139 2447 2320 2502 μενος,
2345 2429 2420 2492 ὡς
2451 2429 2514 2484 ἂν
2538 2429 2636 2500 ἢδη
2669 2429 2946 2500 προκόψας
2974 2430 3067 2482 ἐπὶ
3097 2429 3252 2493 πολὺ,
3287 2429 3472 2482 καὶτὰ
3508 2432 3721 2501 μεγάλα

2139 2521 2510 2594 κατορθώσας,
2531 2520 2746 2591 εὖχεται
2778 2521 2851 2591 μὴ
2881 2523 3131 2575 ἐκπεσεῖν
3152 2520 3250 2591 τῆς
3274 2522 3572 2593 προκοπῆς.
3588 2520 3719 2577 Εἶτα

2140 2613 2401 2686 συνορῶν,
2429 2614 2510 2665 ὅτι
2546 2615 2653 2675 τοῖς
2679 2613 2859 2675 καλοῖς
2890 2611 3077 2664 πολλοὶ
3103 2611 3478 2682 βασκαίνουσι,
3507 2615 3602 2667 καὶ
3635 2615 3722 2668 λέ-

2136 2723 2255 2774 γειν
2291 2703 2388 2774 μέν
2414 2721 2466 2756 τι
2506 2702 2705 2771 φαῦλον
2737 2703 2862 2772 περὶ
2899 2701 3078 2756 αὐτῶν
3111 2703 3262 2756 οὐδὲν
3293 2703 3532 2774 ἔχουσιν,
3564 2723 3722 2778 περι-

456 2797 870 2868 calumniasque
900 2807 1081 2853 tamen
1130 2807 1379 2865 struant;
1408 2801 1661 2855 obsecrat
1695 2809 1747 2856 et
1791 2813 1945 2872 rogat
1972 2806 2033 2858 ab

2137 2795 2394 2849 πλέκουσι
2419 2794 2476 2846 δὲ
2504 2794 2883 2862 συκοφαντίας,
2917 2793 3147 2846 ἱκετεύει
3180 2795 3272 2848 καὶ
3302 2795 3480 2849 δέεται
3515 2796 3720 2853 τούτων

458 2889 528 2946 iis
558 2889 804 2946 liberari.
845 2889 954 2945 Pro
995 2889 1088 2944 illo
1130 2897 1314 2944 autem
1350 2907 1364 2943 :
1398 2891 1654 2958 iniuriam
1697 2891 2039 2960 inferentibus

457 2981 607 3046 mihi,
656 2981 854 3054 Aquila
885 3001 898 3037 :
934 2980 1018 3035 Ne
1049 2979 1291 3035 dimittas
1333 2998 1412 3035 me
1448 2983 1898 3038 calumniantibus
1931 3001 2031 3050 me,

456 3073 648 3126 edidit.

531 3163 695 3217 Vsus.
738 3162 860 3217 122.
905 3161 1029 3217 Feci
1060 3163 1333 3232 judicium
1371 3174 1416 3217 et
1439 3165 1731 3233 justitiam,
1771 3183 1874 3219 non
1921 3177 2035 3222 tra-
2061 3137 2104 3196 α

455 3257 554 3310 das
590 3273 670 3309 me
703 3256 957 3324 injuriam
981 3255 1325 3320 inferentibus
1362 3256 1509 3309 mihi.
1565 3253 1780 3323 Suscipe
1825 3274 2033 3312 servum

455 3356 605 3398 tuum
632 3346 686 3398 in
721 3344 936 3409 bonum,
975 3361 1079 3398 non
1117 3345 1512 3397 calumnientur
1541 3361 1620 3398 me
1667 3347 1895 3414 superbi.
1931 3347 2034 3414 Qui

455 3435 837 3507 paenitentiam
873 3435 1003 3505 egit,
1040 3449 1070 3487 a
1107 3435 1433 3490 vexantibus
1474 3451 1532 3491 se
1560 3444 1774 3500 erutus,
1812 3447 1974 3508 atque
2004 3455 2036 3494 a

453 3527 767 3597 captivitate
800 3524 1117 3596 redemptus
1145 3525 1221 3578 ait
1263 3540 1275 3576 :
1311 3523 1531 3595 Suscipe
1570 3543 1774 3580 servum
1806 3535 1949 3582 tuum
1981 3531 2036 3584 in

453 3619 684 3680 bonum;
713 3616 764 3670 hi
802 3631 1039 3686 namque
1074 3630 1162 3670 me
1193 3615 1248 3668 in
1275 3615 1478 3668 malum
1514 3625 1888 3685 susceperant.
1917 3618 2033 3673 Nisi

451 3713 598 3766 enim
638 3724 725 3763 me
750 3723 969 3763 servum
1005 3714 1158 3759 tuum
1187 3706 1427 3761 inimicis
1455 3708 1741 3762 subactum
1776 3724 2034 3780 suscepe-

452 3803 570 3868 ris;
622 3801 676 3854 hi
725 3798 970 3869 superbi,
1011 3798 1266 3853 videlicet
1328 3798 1659 3856 adversaria:
1707 3808 2030 3871 potestates.

451 3911 539 3950 me
565 3894 977 3949 calumniaturae
1003 3899 1150 3946 sunt.
1175 3889 1460 3957 Quomodo
1481 3900 1663 3948 autem
1693 3893 2034 3950 calumnian-

453 3988 580 4042 tur?
611 3987 746 4058 lpsae
770 4001 856 4040 me
885 3985 1192 4040 incitarunt
1220 3984 1464 4054 mihique
1499 3993 1793 4040 suaserunt
1817 3993 1877 4039 ut
1908 4001 2032 4057 pec-

449 4089 606 4135 cator
636 4078 922 4136 evaderem
954 4097 968 4133 :
999 4093 1064 4134 ac
1096 4079 1230 4149 ipsae
1255 4078 1369 4147 jam
1414 4091 1500 4132 me
1544 4084 1830 4142 accusant,
1860 4083 2032 4133 totam

453 4172 658 4242 peccati
692 4186 918 4226 causam
953 4171 1008 4224 in
1051 4185 1140 4225 me
1172 4168 1538 4225 conferentes.
1572 4167 1896 4226 Necessario
1942 4186 2032 4225 ro-

449 4276 542 4336 gat
591 4263 762 4320 Deum
818 4273 877 4318 ut
925 4273 1212 4335 susceptor
1246 4263 1422 4333 ipsius
1453 4263 1544 4330 sit,
1573 4263 2030 4334 quemadmodum

449 4366 503 4411 et
531 4372 797 4428 sponsor;
846 4364 904 4410 ut
943 4357 1063 4426 ipse
1104 4363 1296 4412 custos
1331 4355 1503 4425 ipsius
1535 4354 1823 4419 elliciatur,
1867 4371 2031 4426 spon-

2141 2887 2425 2958 ρυσθῆναι.
2444 2887 2588 2942 Ἀντὶ
2611 2887 2686 2950 δὲ,
2713 2885 2838 2952 τοῖς
2866 2886 3147 2941 ἀδικοῦσί
3167 2904 3265 2956 με,
3283 2888 3514 2953 Ἀκύλας
3534 2888 3720 2954 ἐξέδω-

2141 2997 2230 3035 κε·
2265 2979 2362 3048 Μὴ
2394 2978 2554 3048 ἀφῇς
2576 2997 2651 3048 με
2685 2980 2808 3045 τοῖς
2838 2979 3293 3048 συκοφαντοῦσι
3312 2996 3409 3052 με.

2219 3162 2502 3229 Ἐποίησα
2532 3162 2708 3231 κρίμα
2741 3161 2839 3215 καὶ
2870 3161 3284 3230 δικαιοσύνην,
3325 3163 3410 3233 μὴ
3437 3161 3715 3233 παραδῷ(-

2132 3270 2210 3324 με
2237 3253 2359 3318 τοῖς
2384 3254 2664 3308 ἀδικοῦσί
2685 3253 3075 3324 με.Ἕκδεξαι
3103 3253 3210 3307 τὸν
3234 3254 3460 3309 δοῦλόν
3479 3272 3596 3310 σου
3625 3259 3716 3323 εὶς

2137 3345 2380 3415 ἀγαθὸν,
2408 3345 2494 3414 μὴ
2531 3344 3168 3414 συκοφαντησάτωσάν
3199 3363 3275 3414 με
3315 3344 3699 3416 ὑπερήφανοι.

2149 3433 2208 3487 '0
2246 3436 2578 3505 μετανοήσας
2603 3436 2696 3488 καὶ
2735 3435 2842 3488 ἀπὸ
2870 3435 2977 3489 τῶν
3004 3435 3407 3508 ἐνεργησάντων
3440 3438 3517 3499 εἱς
3543 3436 3704 3490 αὑτὸν

2137 3525 2367 3592 ἐξελθὼν
2397 3529 2490 3582 καὶ
2517 3529 2614 3599 τῆς
2646 3528 3017 3599 αἰχμαλωσίας
3041 3521 3333 3600 λυτρωθείς
3359 3546 3520 3601 φησιν
3538 3546 3549 3556 ·
3581 3531 3708 3583 Ἕκ-

2135 3617 2304 3684 δεξαι
2325 3619 2428 3672 τὸν
2453 3619 2678 3674 δοῦλόν
2704 3637 2819 3674 σου
2841 3623 2927 3686 εἰς
2953 3622 3177 3690 ἀγαθόν
3196 3637 3208 3650 ⁸
3246 3614 3389 3674 οὗτοι
3411 3621 3518 3692 γάρ
3545 3638 3608 3692 με
3632 3622 3712 3685 εἰς

2135 3711 2367 3783 πονηρὸν
2395 3709 2719 3775 ἐξεδέξαντο.
2738 3711 2860 3767 Ἐὰν
2895 3711 3000 3783 γὰρ
3033 3713 3108 3783 μὴ
3137 3712 3326 3783 ὲκδέξῃ
3361 3730 3430 3784 με
3467 3714 3560 3769 τὸν
3596 3714 3714 3768 δοῦ-

2134 3803 2224 3858 λόν
2252 3820 2344 3856 σου
2378 3804 2683 3874 ὑποχείριον
2711 3805 3000 3875 γενόμενον
3023 3807 3132 3868 τοῖς
3169 3805 3466 3875 πολεμίοις,
3497 3800 3639 3860 οὗτοι
3663 3809 3711 3860 οἱ

2135 3895 2492 3966 ὑπερήφανοι,
2522 3897 2576 3949 αἱ
2619 3898 2986 3968 ἀντικείμεναι
3027 3897 3303 3968 δυνάμεις,
3340 3899 3591 3969 μέλλουσί
3643 3918 3710 3971 με

2136 3991 2506 4057 συκοφαντεῖν.
2542 3990 2665 4052 Πῶς
2702 3989 2758 4043 δὲ
2793 3989 3249 4060 συκοφαντοῦσιν;
3279 3987 3449 4046 Abeat
3480 3993 3713 4066 ἐνήργη-

2135 4097 2234 4135 σαν
2275 4082 2368 4135 καὶ
2411 4081 2633 4136 ἔπεισαν
2668 4083 2734 4136 ἶν’
2766 4083 3087 4155 ἁμαρτωλὸς
3113 4083 3360 4154 γένωμαι
3379 4101 3392 4116 ·
3422 4086 3518 4140 καὶ
3551 4079 3710 4139 αὗταί

2136 4188 2228 4242 μοι
2259 4175 2966 4246 κατήγοροιγίνονται,δλην
2993 4175 3090 4246 τὴν
3120 4177 3300 4230 αἰτίαν
3329 4176 3437 4231 τῶν
3461 4179 3714 4250 ἁμαρτη-

2136 4263 2322 4336 μάτων
2365 4264 2442 4327 είς
2488 4265 2587 4334 ἐμὲ
2630 4266 3371 4337 ἀναφέρουσαι.Ἀναγκαίως
3405 4269 3714 4341 παρακαλεί

2131 4356 2222 4410 τὸν
2251 4355 2382 4410 Θεὸν
2405 4355 2662 4426 ἀνάδοχον
2693 4357 2856 4410 αὑτοῦ
2877 4359 3150 4426 γενέσθαι,
3177 4360 3365 4432 ὥσπερ
3388 4361 3482 4413 καὶ
3509 4363 3710 4430 ἐγγυη-

451 4450 660 4504 sionem
695 4463 924 4504 servans
953 4463 1018 4501 ac
1059 4446 1398 4510 custodiens,
1432 4453 1490 4498 ut
1523 4460 1590 4500 ne
1620 4444 1903 4498 minimam
1939 4461 2031 4499 an-

2132 4447 2259 4518 τήν·
2297 4447 2361 4500 ἵν’
2390 4447 2550 4511 αὐτὸς
2595 4447 2765 4516 φύλαξ
2808 4447 2971 4501 αὑτοῦ
3021 4449 3264 4521 γένηται,
3301 4450 3484 4521 τηρῶν
3534 4449 3711 4520 ἑαυτῷ

450 4557 566 4598 sam
591 4542 829 4613 praebeat
856 4538 1247 4596 insidiantibus
1281 4538 1386 4594 sibi
1409 4535 1918 4592 calumniatoribus.

521 4720 686 4776 Vsus.
721 4719 861 4775 125-
882 4719 1002 4773 liti.
1050 4717 1204 4773 Oculi
1242 4717 1343 4770 mei
1384 4714 1682 4785 defecerunt
1710 4718 1764 4770 in
1792 4716 2029 4771 salutare

451 4826 620 4881 tuum,
657 4825 705 4868 et
745 4817 799 4867 in
843 4813 1108 4880 eloquium
1129 4810 1362 4880 justitiae
1399 4817 1521 4865 tute.
1565 4807 1680 4863 Fac
1721 4826 1839 4863 cum
1882 4826 2028 4864 servo

451 4918 541 4961 tuo
575 4907 858 4962 secundum
887 4904 1310 4958 misericordiam
1346 4913 1512 4969 tuam,
1543 4913 1592 4956 et
1616 4901 2025 4971 justiﬁcationes

451 5012 570 5056 tuas
614 5000 740 5055 doce
779 5016 877 5054 me.
911 4997 1103 5054 Servus
1136 5003 1256 5051 tuus
1289 5013 1404 5051 sum
1438 5013 1531 5066 ego
1563 5009 1582 5047 ,ο
1615 4993 1684 5047 da
1712 4995 1838 5047 mihi
1874 4994 2028 5047 intel-

453 5095 680 5157 lectum,
737 5102 786 5146 et
820 5092 988 5144 sciam
1032 5089 1334 5143 testimonia
1385 5098 1497 5140 tua.
1542 5085 1764 5154 Tempus
1796 5085 2026 5154 faciendi

450 5171 701 5250 Domino,
717 5185 1101 5252 dissipaverunt
1124 5182 1283 5253 legem
1311 5191 1476 5235 tuam.
1502 5179 1732 5234 Sursum
1753 5179 2026 5249 aspiciens

451 5278 518 5332 ad
570 5277 807 5332 salutare
836 5285 988 5330 tuum
1022 5281 1076 5330 et
1106 5274 1332 5329 verbum
1365 5280 1542 5337 tuum,
1590 5278 1778 5335 totam,
1825 5270 2022 5338 inquit,

451 5385 601 5439 spem
634 5385 808 5424 meam
859 5368 988 5422 hinc
1021 5366 1258 5436 pendere
1301 5363 1427 5429 feci,
1457 5364 1575 5419 erui
1618 5377 1703 5416 me
1743 5362 2024 5432 postulans

451 5463 518 5516 ab
545 5460 912 5518 invidentibus
941 5457 1104 5514 saluti
1142 5472 1294 5512 meae.

522 5652 687 5706 Vens.
725 5653 848 5706 l‘Z7.
891 5651 1018 5704 Ideo
1048 5647 1209 5702 dilexi
1238 5646 1491 5699 mandata
1522 5655 1613 5698 tua
1641 5659 1794 5711 super
1829 5659 2021 5695 aurum

450 5752 501 5799 et
531 5747 793 5813 topazicn.
829 5742 939 5814 Ego
972 5739 1192 5811 quidem
1219 5737 1324 5795 feci
1351 5737 1617 5809 judicium
1649 5743 1702 5791 et
1719 5734 2015 5806 justitiam,

2135 4536 2230 4589 καὶ
2277 4537 2554 4605 φυλάττων
2582 4537 2677 4608 τὴν
2705 4536 2928 4608 ἐγγύην,
2967 4539 3103 4610 πρὸς
3143 4539 3206 4593 τὸ
3246 4539 3514 4611 μηδεμίαν
3539 4538 3709 4612 λαϐὴν

2131 4631 2430 4700 παρασχεῖν
2459 4632 2571 4693 τοῖς
2605 4628 2986 4701 ἐφεδρεύουσιν
3019 4631 3167 4702 αὺτῷ
3195 4633 3580 4701 συκοφάνταις.

2203 4725 2266 4775 Ol
2299 4723 2592 4792 ὀφθαλμοί
2609 4740 2728 4790 μου
2751 4722 3032 4786 ἐξέλιπον
3048 4726 3134 4789 εὶς
3161 4724 3228 4776 τὸ
3251 4724 3548 4791 σωτήριόν
3563 4737 3705 4786 σου,

2127 4813 2224 4866 καὶ
2262 4816 2349 4879 εὶς
2385 4813 2450 4867 τὸ
2477 4817 2687 4883 λόγιον
2722 4812 2833 4882 τῆς
2857 4813 3245 4881 δικαιοσύνης
3266 4830 3401 4868 σου.
3440 4815 3708 4881 Ποίησον

2121 4906 2273 4974 μετὰ
2299 4905 2406 4959 τοῦ
2439 4905 2665 4960 δούλου
2692 4919 2808 4959 σου
2837 4905 2987 4960 κατὰ
3019 4905 3086 4958 τὸ
3121 4905 3294 4970 ἔλεός
3326 4922 3464 4970 σου,
3502 4905 3598 4958 καὶ
3633 4904 3706 4958 τὰ

2126 4995 2486 5066 δικαιώματά
2509 5014 2623 5051 σου
2651 4996 2899 5062 δίδαξόν
2913 5013 3007 5067 με.
3029 4996 3255 5062 Δοῦλός
3281 5013 3396 5051 σου
3422 4997 3538 5065 εἰμὶ
3566 4995 3702 5067 ἐγὼ,

2127 5090 2453 5143 συνέτισόν
2495 5107 2592 5158 με,
2624 5089 2721 5143 καὶ
2761 5088 3060 5158 γνώσομαι
3111 5088 3183 5143 τὰ
3227 5088 3520 5159 μαρτύριά
3561 5105 3698 5142 σου.

2125 5182 2341 5250 Καιρὸς
2373 5181 2478 5236 τοῦ
2509 5181 2757 5250 ποιῆσαι
2803 5180 2883 5246 τῷ
2919 5182 3132 5250 Κυρίῳ,
3164 5181 3564 5235 διεσκέδασαν
3594 5180 3702 5232 τὸν

2125 5276 2310 5343 νόμον
2334 5276 2627 5328 σου.¹Ἀνω
2651 5273 2860 5343 βλέπων
2889 5274 2981 5327 ἐπὶ
3011 5273 3071 5326 τὸ
3103 5273 3363 5345 σωτήριόν
3387 5291 3478 5328 σου
3495 5273 3587 5327 καὶ
3609 5273 3699 5327 τὸν

2124 5364 2279 5433 λόγον
2315 5384 2428 5431 σου,
2469 5369 2668 5430 πάσας,
2704 5367 2892 5438 φησὶν,
2928 5367 3210 5439 ἀνήρτησα
3255 5366 3348 5419 ἐπὶ
3391 5366 3562 5420 ταῦτα
3598 5365 3700 5429 τὰς

2125 5459 2361 5528 ἐμαυτοῦ
2396 5459 2634 5522 ἐλπίδας,
2663 5459 2922 5529 ρυσθῆναι
2947 5458 3196 5529 δεόμενος
3207 5453 3325 5512 ’ἀπὸ
3344 5459 3450 5512 τῶν
3478 5458 3698 5528 διαφθο-

2123 5550 2360 5605 νούντων
2396 5569 2496 5620 μου
2524 5555 2590 5621 τῇ
2626 5551 2886 5622 σωτηρίᾳ.

2195 5641 2298 5695 Διὰ
2322 5640 2495 5694 τοῦτο
2523 5639 2812 5708 ἠγάπησα
2846 5638 2950 5704 τὰς
2974 5637 3225 5703 ἐντολάς
3247 5654 3361 5691 σου
3385 5637 3536 5706 ὑπὲρ
3563 5652 3699 5706 χρυ-

2125 5735 2264 5789 σίον
2293 5733 2390 5791 καὶ
2432 5732 2720 5795 τοπάζιον,
2743 5732 2882 5803 Ἐγὼ
2914 5733 3011 5808 μὲν
3035 5732 3266 5804 ἐποίησα
3299 5732 3471 5805 κρίμα
3501 5731 3596 5787 καὶ
3617 5728 3701 5786 δι·-
