4102 6392
417 412 554 470 1585

1512 395 2013 456 (ΣΟΜΜΕΝΤΑΒΙΔ
2052 395 2116 454 ιΝ
2154 394 2488 452 PSALMOS.

3536 394 3669 452 1386

416 527 726 598 καιοσύνην,
757 525 850 580 καὶ
886 525 970 578 col.
1009 523 1065 577 δὲ
1091 521 1170 592 τῷ
1197 519 1319 591 Θεῷ
1358 520 1510 573 ἔσται
1549 521 1678 572 πατὲ
1708 519 1803 572 τοῦ
1845 517 1988 587 ποιῆ-

2103 523 2267 586 atque
2308 515 2423 580 tibi,
2461 502 2623 577 Deus,
2660 519 2872 584 tempus
2920 513 3214 584 aliquando
3247 513 3420 570 aderit
3469 529 3534 568 ea
3591 512 3674 567 fa-

416 637 505 672 σαι
538 618 748 690 καιρὸς,
775 616 1016 686 δηλονότι
1065 617 1236 684 κρῖμα
1283 615 1376 666 καὶ
1406 611 1748 682 δικαιοσύνην
1769 610 1858 664 διὰ
1887 610 1994 664 τῶν

417 709 934 765 κατααεδασάντων
966 707 1058 760 τὸν
1088 707 1252 776 νόμον
1281 702 1573 758 σου.Τοῦτο
1590 699 1684 757 οὖν
1710 702 1864 765 εἰδὼς
1885 700 1995 770 ἐγὼ

417 805 510 858 καὶ
535 802 934 872 φυλαττόμενος
966 799 1283 870 περιπεσεῖν
1316 794 1393 865 τῷ
1417 795 1592 866 καιρῷ
1624 792 1993 866 ὲκείνῳ,ὴγά-σ

416 909 568 963 πησα
608 892 705 956 τὰς
752 891 969 954 ἐντολάς
1002 906 1095 942 σου
1130 885 1270 956 ὑπὲρ
1306 884 1484 938 πάντα
1531 885 1661 955 παρ’
1691 883 1994 956 ἀνθρώποις

416 984 571 1054 τίμια
598 982 982 1052 νενομισμένα.

487 1096 591 1149 Διὰ
618 1095 793 1150 τοῦτο
829 1095 978 1164 πρὸς
1026 1093 1229 1162 πάσας
1271 1096 1379 1163 τὰς
1411 1092 1661 1157 ἐντολάς
1709 1105 1827 1144 σου
1855 1105 1993 1143 κατ-

419 1185 747 1254 ινρθούμην,
793 1183 1002 1240 πᾶσαν
1051 1184 1196 1238 ὁδὸν
1233 1184 1442 1239 ἄδικον
1476 1184 1762 1253 ἐμίσησα.
1809 1180 1872 1232 Ἡ
1907 1180 1996 1232 ἀν-

419 1274 664 1345 θρωπίνη
701 1274 848 1346 ψυχὴ
878 1275 1328 1346 συμπληρώσασα
1355 1273 1445 1328 τὸν
1482 1276 1658 1342 λόγον,
1691 1269 1908 1334 πάντως
1937 1272 1996 1324 ὲν

419 1365 587 1435 κακίᾳ
635 1365 864 1434 γίνεται.
911 1365 1194 1420 Ἀδύνατον
1242 1365 1349 1437 γὰρ
1394 1365 1509 1436 ἀμα
1543 1363 1621 1433 τῷ
1667 1361 1997 1432 συμπληρω-

420 1455 576 1524 θῆναι
609 1457 700 1510 τὸν
746 1457 910 1528 νόμον
940 1457 1030 1510 τὸν
1059 1457 1286 1526 φυσικὸν
1324 1457 1382 1509 ὲν
1420 1454 1723 1524 ἀνθρώποις
1759 1453 1832 1523 μὴ
1872 1453 1998 1505 ὑπο-

421 1547 613 1616 στῆναι
659 1547 754 1619 τὴν
806 1549 1094 1618 ἁμαρτίαν.
1153 1547 1320 1600 Ἐπὰν
1360 1542 1452 1600 οὖν
1480 1547 1705 1615 γένηται
1753 1546 1787 1615 ἡ
1831 1543 1996 1596 κακία

420 1640 515 1693 καὶ
545 1640 856 1711 στρεϐλωθῇ
899 1641 932 1710 ἡ
970 1640 1137 1710 ψυχὴ,
1185 1639 1354 1692 δεῖται
1404 1636 1812 1708 κατορθώσεως.
1861 1633 1996 1688 Τίνα

419 1725 512 1783 οὖν
543 1733 658 1783 ἐστι
699 1731 770 1784 τὰ
799 1731 1202 1801 κατορθοῦντα;
1237 1730 1350 1782 Μία
1383 1729 1568 1798 ἐντολὴ
1615 1728 1835 1782 δύναταί
1877 1745 1996 1790 πως

2065 667 2069 676 ,
2097 606 2299 670 ciendi,
2335 605 2583 660 videlicet
2611 604 2882 674 judicium
2909 615 2964 659 et
2989 606 3286 676 justitiam,
3324 613 3552 676 propter
3574 619 3672 661 eos

2045 719 2072 765 ·,
2094 697 2186 767 qui
2211 697 2380 766 legem
2413 703 2562 752 tuam
2596 695 2970 764 pessumdant.
3002 695 3177 768 Hujus
3213 697 3396 766 itaque
3436 697 3513 752 rei
3537 713 3674 767 ειη.

2094 801 2188 840 rus
2220 800 2341 856 ego,
2377 799 2441 840 ac
2470 800 2670 844 cavens
2696 800 2765 838 ne
2797 785 3034 839 incidam
3075 787 3132 840 in
3161 796 3374 856 tempus
3400 787 3553 850 illud,
3585 787 3672 840 di-

2095 875 2203 930 lexi
2243 875 2502 929 mandata
2534 883 2629 930 tua
2675 890 2838 946 super
2875 877 3056 930 omnia
3085 892 3206 947 quae
3245 876 3389 948 apud
3421 877 3670 933 homines

2095 967 2328 1038 pretiosa
2359 967 2759 1022 existimantur.

2165 1080 2330 1135 Vitas.
2391 1079 2511 1135 128.
2541 1075 2827 1148 Propterea
2859 1080 2928 1133 ad
2949 1080 3132 1134 omnia
3171 1079 3427 1134 mandata
3457 1090 3548 1134 tua
3584 1079 3670 1133 dio

2095 1171 2324 1241 rigebar,
2348 1187 2553 1225 omnem
2581 1173 2719 1224 uiam
2751 1171 2990 1241 iniquam
3041 1170 3164 1226 odio
3209 1171 3388 1227 habui.
3418 1170 3670 1226 Humana

2096 1265 2277 1318 anima
2317 1272 2604 1333 postquam
2636 1277 2946 1317 sermonem
2981 1263 3357 1333 compleverit,
3386 1263 3441 1317 in
3465 1263 3670 1317 malitia

2097 1369 2322 1426 prorsus
2347 1361 2618 1410 versatur.
2651 1351 2798 1408 Fieri
2829 1353 2978 1408 enim
3023 1355 3236 1424 nequit,
3269 1363 3334 1409 ut
3380 1363 3667 1425 postquam

2098 1447 2182 1500 lex
2222 1445 2490 1500 naturalis
2526 1446 2580 1499 in
2612 1445 2928 1502 hominibus
2979 1446 3199 1516 impleta
3250 1454 3355 1510 est,
3384 1454 3668 1517 peccatum

2097 1549 2206 1589 non
2240 1534 2492 1589 exsistat.
2526 1532 2664 1588 Cum
2699 1534 2882 1604 itaque
2907 1534 3112 1593 malitia
3145 1535 3380 1589 accessit
3409 1543 3462 1588 et
3487 1535 3669 1588 anima

2095 1631 2346 1679 tortuosa
2367 1631 2475 1689 est,
2511 1622 2814 1680 directione
2841 1640 2980 1694 opus
3011 1625 3192 1680 habet.
3230 1624 3490 1690 Quaenam
3538 1640 3666 1680 vero

2097 1722 2225 1770 sunt
2247 1729 2370 1784 qua:
2413 1713 2657 1784 dirigunt
2714 1721 2768 1767 et
2828 1715 3146 1784 corrigunt?
3183 1712 3363 1768 Unum
3397 1714 3668 1770 duntaxat

339 1846 352 1859 η
418 1821 518 1892 τῂν
551 1821 816 1892 στρέϐλαν
867 1822 965 1892 τῆς
1007 1821 1206 1891 ψυχῆς,
1259 1820 1357 1891 τὴν
1402 1819 1698 1890 γενομένην
1750 1818 1860 1871 ἀπὸ
1905 1835 1988 1871 και

2098 1806 2411 1861 mandatum
2445 1807 2641 1864 animat
2671 1808 3092 1871 tortuositatcm,
3129 1820 3249 1875 qua:
3284 1821 3378 1876 per
3398 1806 3665 1860 malitiam

420 1865 565 1973 θείας,
611 1865 956 1964 ἑατευθῦνᾶἐ.
1005 1865 1116 1964 ’ἷὸλ
1131 1865 1325 1981 μέντοιΙ
1363 1865 1597 1980 diem):
1587 1865 1988 1981 xa|1opﬁm0ﬁvat

2097 1896 2323 1951 advecta
2344 1903 2451 1961 est,
2494 1904 2675 1966 potest
2731 1897 3026 1966 corrigere.
3060 1865 3398 1966 Et.quidem
3426 1897 3665 1950 animam

417 1999 516 2070 τὴν
551 1999 728 2071 ψυχὴν
763 1998 996 2055 ἐνταῦθα
1023 2001 1302 2072 ἀμήχανόν
1326 2002 1442 2053 ἐστι
1465 1999 1630 2069 χωρὶς
1673 1999 1863 2052 πασῶν
1889 1999 1998 2052 τῶν

419 2087 667 2143 ἐντολῶν.
714 2091 776 2143 El
814 2089 995 2160 μέντοι
1038 2106 1102 2159 γε
1153 2089 1341 2143 σκολιὰ
1383 2087 1713 2160 παραληφθῇ
1756 2091 1789 2158 η
1825 2087 1993 2158 ψυχὴ,

416 2183 600 2237 οὐκέτι
630 2184 869 2246 ἐντολαῖς
893 2181 1542 2255 κατορθωθήσεται,ἀλλά
1573 2183 1707 2252 πυρὶ
1737 2183 1770 2253 ἢ
1797 2183 1992 2252 σκότῳ,

416 2275 450 2346 ἢ
484 2275 786 2346 διχοτομίᾳ,
814 2277 848 2346 ἡ
873 2293 979 2329 τινι
1009 2274 1117 2327 τῶν
1155 2274 1619 2346 σκυθρωποτέρων
1651 2274 1995 2345 προσαγομὲ-

417 2385 522 2422 νων
551 2367 656 2421 ὑπὸ
683 2367 840 2420 Θεοῦ.
889 2368 1012 2420 Ἐὰν
1041 2367 1222 2422 τοίνυν
1255 2367 1331 2438 μὴ
1355 2369 1669 2438 ποιήσωμεν
1694 2365 1875 2428 πάσας
1896 2365 1997 2430 τὰς

415 2457 652 2522 ἐντολὰς,
675 2459 735 2512 ού
761 2458 1027 2530 κατορθού
1037 2457 1194 2529 μεθα.
1227 2457 1388 2511 Ὅθεν
1414 2457 1730 2528 θαυμασίως
1752 2458 1991 2528 εῐρηται·

416 2551 519 2604 Διά
557 2550 734 2604 τοῦτο
764 2549 912 2617 πρὸς
955 2549 1158 2614 πάσας
1199 2549 1309 2615 τὰς
1335 2548 1590 2613 ἐντολάς
1627 2562 1745 2602 σου
1775 2565 1994 2615 κατωρ-

416 2641 687 2710 θούμεθα,
725 2639 932 2696 πᾶσαν
955 2638 1100 2695 ὀδόν
1123 2639 1334 2693 ἄδικον
1354 2637 1750 2709 ἐμισήσαμεν.
1779 2639 1853 2693 Oti
1887 2638 1993 2710 γὰρ

413 2731 494 2785 ιτι
525 2732 942 2804 περισπώμενος
972 2732 1077 2784 om
1119 2732 1219 2801 τῆς
1248 2732 1328 2794 είς
1359 2731 1420 2784 τὸ
1445 2730 1647 2783 ἀδικεῖν
1676 2729 1989 2799 ἐπιθυμίας,

416 2823 680 2893 ἀπέχεται
723 2823 822 2894 τῆς
865 2824 1096 2888 ἀδικίας,
1149 2822 1262 2875 ἀλλ’
1301 2821 1562 2890 ἀπέχεται
1623 2822 1857 2891 μισήσας
1897 2820 1992 2891 τὴν

414 2915 628 2971 ἀδικίαν
678 2917 708 2970 δ
756 2914 1118 2986 κατορθωθιὶς
1165 2914 1300 2986 πρὸς
1351 2913 1532 2975 πάσας
1573 2912 1671 2974 τὰς
1708 2911 1802 2965 τοῦ
1853 2911 1989 2966 Θεοῦ

416 3007 658 3070 ἐντολάς.

483 3118 806 3187 Θαυμαστὰ
840 3117 911 3172 τὰ
932 3117 1224 3188 μαρτύριά
1246 3133 1384 3184 σου,
1419 3114 1515 3172 διὰ
1546 3115 1720 3173 τοῦτο
1757 3116 1990 3185 ἐξερεύ-

2095 1989 2186 2044 hic
2242 1990 2311 2044 ad
2371 2005 2682 2060 supremam
2735 1988 3115 2045 rectiludinem
3163 1988 3495 2057 pertingere,
3527 1987 3666 2041 citra

2094 2083 2339 2135 omnium
2370 2081 2752 2134 mandatorum
2798 2079 3235 2135 observationem
3291 2077 3409 2132 lieri
3453 2078 3661 2148 nequit.

2097 2173 2153 2227 Si
2187 2175 2371 2243 itaque
2399 2173 2578 2227 anima
2627 2179 2874 2228 tortuosa
2918 2170 3379 2241 deprehendatur,
3416 2184 3524 2223 non
3547 2185 3666 2223 am-

2095 2265 2293 2334 pliusa
2325 2263 2599 2320 mandatis
2651 2263 2993 2334 corrigetur;
3042 2261 3138 2318 sed
3195 2261 3342 2332 igne,
3395 2262 3663 2323 tenebris.

2094 2355 2338 2411 sectione
2399 2354 2632 2424 aliisque
2665 2353 3000 2409 tristioribus
3056 2367 3087 2407 a
3142 2350 3251 2408 Deo
3308 2352 3570 2407 advectis.
3607 2350 3665 2405 Si

2093 2461 2223 2517 ergo
2256 2461 2364 2501 non
2386 2446 2566 2500 omnia
2583 2443 2840 2499 mandata
2878 2459 3180 2508 servemus,
3207 2457 3316 2496 non
3341 2441 3662 2513 dirigentur.

2093 2535 2218 2592 Ideo
2268 2536 2662 2593 admirabiliter
2718 2535 2920 2590 dicitur
2973 2552 2985 2588 :
3036 2532 3322 2603 Propterea
3367 2533 3436 2586 ad
3490 2533 3669 2587 omnia

2093 2629 2348 2682 mandata
2401 2636 2496 2681 tua
2557 2625 2934 2698 dirigebantur,
2971 2641 3176 2682 omnem
3235 2626 3373 2679 uiam
3427 2625 3664 2695 iniquam

2093 2721 2213 2776 odio
2244 2721 2541 2775 habuimus.
2578 2717 2696 2773 Non
2729 2719 2873 2773 enim
2900 2718 3042 2771 ultra
3065 2717 3362 2772 distractus
3395 2731 3426 2771 a
3453 2729 3663 2770 concu-

2093 2811 2358 2883 piscentia
2390 2810 2575 2880 inique
2602 2810 2816 2880 agendi,
2848 2809 2916 2862 ab
2939 2809 3227 2878 iniquitate
3259 2805 3534 2872 abstinet,
3567 2805 3664 2862 sed

2091 2903 2332 2958 abstinet
2397 2902 2606 2972 utique.
2659 2901 2789 2971 quia
2855 2899 3200 2968 iniquitatem
3262 2897 3398 2962 odit,
3445 2896 3540 2967 qui
3595 2893 3666 2950 ad

2094 2997 2276 3051 ontttia
2299 2994 2397 3051 Dei
2417 2993 2674 3048 mandata
2707 2993 2979 3064 dirigitur.

2165 3104 2330 3160 Vsus.
2376 3104 2626 3159 1294M.
2693 3099 2970 3156 Mirabilia
3019 3098 3322 3156 testimonia
3377 3109 3495 3166 tua,
3543 3097 3665 3154 ideo

408 3223 600 3275 νησεν
635 3210 787 3262 αὐτὰ
826 3211 865 3277 ἡ
898 3209 1066 3278 ψυχή
1105 3227 1240 3279 μου.
1275 3209 1340 3266 Ἡ
1361 3208 1625 3276 δήλωσις
1655 3205 1773 3261 τῶν
1795 3211 1988 3279 λόγων

2092 3206 2336 3252 scrutata
2381 3204 2463 3249 est
2493 3211 2556 3248 ea
2591 3195 2776 3248 anima
2832 3209 2967 3247 mea.
3010 3192 3316 3248 Declaratio
3363 3205 3665 3250 sermonum

409 3312 526 3352 σου
574 3299 792 3368 Samaei,
826 3299 923 3353 καί
949 3300 1217 3354 συνετιεῖ
1238 3301 1511 3368 νηπίους.
1548 3301 1614 3354 Τὸ
1644 3301 1839 3369 στόμα
1869 3317 1990 3368 μου

407 3388 623 3457 ἦνοιεα
665 3391 762 3445 καὶ
810 3394 1070 3447 elatvam:
1119 3392 1391 3460 πνεῦμα,
1439 3389 1527 3445 ὅτι
1578 3391 1684 3457 τὰς
1737 3389 1990 3456 ἐντολάς

408 3496 526 3537 σου
567 3483 922 3538 ἐπεπόθουν.
967 3482 1032 3534 Ἡ
1067 3481 1256 3552 πρώτη
1292 3481 1494 3550 γνῶσις
1533 3481 1627 3534 καὶ
1669 3481 1702 3550 ή
1746 3481 1804 3532 ὲν
1843 3480 1987 3550 ἀρχῇ

409 3571 812 3643 παραδιδομένη
848 3570 1164 3624 διδασκαλία
1208 3571 1316 3623 τῶν
1348 3569 1522 3638 λόγων
1551 3586 1645 3621 σου
1678 3570 1871 3637 φωτιεῖ
1897 3569 1990 3621 καὶ

408 3664 645 3716 συνετιεῖ
687 3661 934 3732 νηπίους.
983 3660 1063 3714 Τὰ
1111 3661 1168 3713 δὲ
1213 3659 1488 3732 μαρτύριά
1538 3673 1633 3711 σου
1669 3655 1981 3726 θαυμαστὰ,

406 3754 501 3806 καὶ
561 3752 876 3823 ἐκπλήξεως
939 3752 1142 3823 πλήρη.
1209 3751 1448 3814 Εἰκότως
1503 3751 1564 3803 τὸ
1632 3750 1836 3819 δοχεῖον
1888 3749 1987 3818 τῆς

405 3843 648 3910 ιμαυτοῦ
698 3843 875 3914 ψυχῆς
917 3843 1285 3906 ἀναπετάσας,
1339 3843 1434 3895 καὶ
1487 3838 1676 3913 ὥσπερ
1698 3842 1760 3895 τὸ
1813 3843 1988 3913 στόμα

404 3935 656 4000 ἀνοίξας,
706 3935 768 3989 τὸ
821 3935 969 4007 παρά
1030 3934 1124 3987 σοῦ
1179 3934 1320 3988 θεῖον
1368 3933 1592 4005 Πνεῦμα
1644 3933 1986 4007 ύπεδεχόμην

405 4027 701 4091 πιστεύσας
735 4027 1036 4099 ἐπαγγελίᾳ
1076 4025 1306 4096 λεγούσῃ
1327 4043 1339 4053 ’
1392 4026 1672 4090 Ἀνοιξον
1701 4027 1762 4080 τὸ
1793 4026 1988 4095 στόμα

403 4133 521 4171 σου
547 4117 643 4170 καί
685 4115 982 4185 πληρώσω
1010 4119 1177 4171 αὐτό.
1209 4119 1317 4172 Καὶ
1351 4118 1492 4171 τοῦτ’
1524 4117 1790 4190 ἔπραττον
1825 4116 1984 4186 ἐφελ-

404 4209 632 4280 κόμενος
665 4212 744 4272 είς
769 4209 956 4264 ἑαυτὸν
986 4210 1044 4262 τὸ
1067 4210 1219 4278 παρά
1257 4209 1351 4264 σοῦ
1390 4208 1627 4280 πνεῦμα,
1655 4210 1742 4263 ἵνα
1781 4211 1873 4263 καὶ
1915 4208 1986 4262 τὰ

407 4301 684 4372 μαρτύριά
730 4318 822 4354 σου
851 4301 918 4354 τὰ
941 4300 1228 4370 θαυμαστὰ
1259 4301 1392 4370 γνῶ,
1427 4301 1520 4354 καὶ
1549 4300 1656 4355 τῶν
1684 4300 1856 4368 λόγων
1890 4317 1983 4353 σου

401 4392 493 4446 τὸν
526 4393 804 4462 φωτισμὸν
821 4394 1126 4462 κτήσωμαι,
1153 4392 1240 4445 διὰ
1277 4391 1370 4445 τοῦ
1406 4391 1499 4444 σοῦ
1534 4390 1840 4462 πνεύματος
1883 4391 1984 4463 τὴν

401 4482 606 4535 τούτων
639 4480 876 4552 εἰληφὼς
908 4481 1229 4552 κατάληψιν.
1266 4482 1335 4535 Τὸ
1373 4482 1568 4548 στόμα
1607 4499 1727 4550 μου
1763 4481 1980 4550 ἧνοιξα

401 4572 499 4624 καί
526 4571 784 4624 εἵλκυσα
809 4569 1062 4638 πνεῦμα,
1089 4569 1179 4623 ὅτι
1204 4571 1309 4635 τὰς
1331 4568 1584 4634 ἐντολάς
1617 4583 1734 4622 σου
1758 4569 1977 4626 ἐπεπό-

400 4666 581 4716 θουνο
627 4661 796 4728 αὐτῆς
821 4658 924 4727 τῆς
959 4657 1268 4721 ὑποθέσεως
1309 4656 1418 4710 τῶν
1459 4655 1686 4709 ἐντολῶν
1727 4658 1977 4709 ἐπισπω-

403 4751 574 4823 μένης
621 4752 715 4804 καὶ
762 4749 1127 4820 ὲφελκομένης
1167 4748 1231 4802 τὸ
1262 4745 1502 4817 πνεῦμα.
1545 4747 1681 4816 Περὶ
1720 4745 1816 4799 τοῦ
1851 4746 1978 4800 στό-

403 4859 569 4914 ματος
584 4841 676 4895 τοῦ
705 4839 946 4914 κρυπτοῦ
979 4837 1265 4910 ἀνθρώπου
1297 4838 1450 4910 φησί·
1471 4837 1565 4891 καὶ
1588 4837 1810 4891 δύναται
1839 4831 1980 4888 εἶναι

397 4931 575 5004 ψυχῆς
603 4932 777 5002 στόμα
796 4933 829 5001 ἡ
855 4929 1168 5000 διαδοητικὴ
1194 4929 1363 5000 αὐτῆς
1381 4927 1630 4998 δύναμιςε
1673 4928 1706 4998 ἢ
1737 4927 1978 4979 διανοου-

405 5022 539 5092 μένη
571 5021 831 5102 προφέρει
861 5021 950 5074 τὸν
983 5022 1041 5072 ἑν
1067 5019 1276 5090 διανοίᾳ
1307 5019 1478 5086 λόγον.
1520 5016 1688 5070 Οὐδὲν
1727 5015 1975 5086 διαφέρει

2092 3299 2302 3342 tuorum
2331 3286 2676 3348 illumiuabit,
2699 3292 2753 3339 et
2779 3284 3098 3338 intellectura
3129 3281 3277 3335 dabit
3309 3279 3565 3350 parvulis.
3591 3278 3666 3334 Os

2091 3397 2262 3437 meum
2293 3379 2496 3449 operui,
2521 3388 2571 3433 et
2609 3377 2814 3430 attraxi
2847 3375 3114 3443 spiritum,
3141 3372 3266 3442 quia
3295 3370 3552 3424 mandata
3567 3378 3665 3423 tua

2090 3469 2476 3526 desiderabam.
2512 3465 2694 3521 Prima
2744 3462 3006 3534 cognitio,
3037 3469 3093 3516 et
3135 3475 3255 3528 quae
3296 3457 3452 3512 initio
3491 3457 3666 3512 tradi-

2091 3570 2182 3617 tur
2207 3559 2461 3615 doctrina
2491 3568 2808 3612 sermonum
2857 3559 3098 3614 tuorum,
3136 3548 3470 3602 illutuinabit
3497 3555 3551 3600 et
3581 3547 3665 3605 in-

2091 3650 2366 3707 tellectum
2420 3646 2574 3702 dabit
2621 3641 2864 3714 parvulis
2896 3653 2910 3690 ε
2941 3637 3253 3696 testimonia
3281 3649 3411 3689 vero
3443 3643 3535 3689 tua
3558 3634 3666 3688 mi-

2089 3738 2282 3794 rabilia
2315 3744 2445 3794 sunt
2474 3743 2528 3791 et
2557 3731 2847 3803 stupenda.
2883 3727 3080 3785 Merito
3107 3727 3275 3797 igitur
3307 3725 3502 3780 anima:
3530 3741 3682 3781 mem

2089 3827 2493 3898 receptaculum
2532 3821 2869 3894 espandens,
2905 3831 2961 3876 et
2986 3819 3145 3890 quasi
3175 3832 3240 3873 os
3272 3815 3546 3891 aperiens,
3577 3815 3664 3870 di-

2090 3921 2273 3976 vinum
2308 3933 2338 3972 a
2368 3925 2423 3973 te
2484 3914 2750 3986 Spiritum
2810 3911 3018 3981 accepi,
3045 3907 3275 3966 (sedens
3312 3907 3664 3978 promissioni

2086 4011 2292 4067 dicenti
2327 4026 2339 4062 :
2374 4009 2530 4077 Aperi
2558 4022 2616 4060 os
2641 4014 2811 4068 tum,
2862 4011 2912 4056 et
2959 3998 3184 4071 implebo
3209 3997 3429 4052 illud".
3459 3997 3526 4052 Et
3555 3999 3662 4054 hoc

2087 4101 2192 4158 Ieci
2248 4099 2441 4170 spiritu
2469 4105 2564 4151 tuo
2587 4096 2752 4149 inme
2778 4097 3075 4163 pertracto,
3109 4098 3167 4142 ut
3209 4086 3519 4143 testimonia
3564 4087 3660 4142 illa

2087 4203 2181 4250 tua
2219 4190 2490 4246 mirabilia
2513 4201 2925 4259 cognoscerem,
2964 4190 3018 4238 et
3063 4197 3385 4244 sermonum
3435 4193 3657 4242 tuorum

2087 4283 2510 4341 illustrationem
2561 4279 2889 4339 obtinerent,
2943 4288 3040 4343 per
3085 4272 3340 4342 spiritum
3375 4283 3534 4333 tuum
3565 4286 3658 4327 co-

2085 4371 2334 4430 rumdem
2388 4370 2723 4425 intellectum
2780 4372 2837 4421 et
2895 4362 3144 4418 notitiam
3235 4360 3532 4430 accipiens.
3583 4357 3657 4422 0s

2089 4480 2258 4520 meum
2284 4461 2464 4531 aperui
2493 4469 2543 4514 et
2582 4457 2786 4512 attraxi
2815 4455 3083 4523 spiritum,
3117 4452 3242 4521 quia
3283 4454 3540 4504 mandata
3563 4457 3658 4502 tua

2011 4536 2054 4590 Ῑ)
2083 4553 2448 4612 desiderabam
2485 4565 2503 4604 :
2535 4550 2653 4619 ipsa
2674 4546 3057 4606 mandatorum
3087 4541 3359 4602 sententia
3397 4539 3654 4610 spiritum

2088 4647 2394 4705 atii-ahenae
2423 4651 2476 4699 et
2515 4639 2844 4712 pelliciente.
2890 4636 2967 4692 De
3017 4650 3113 4690 ore
3144 4641 3326 4689 autem
3375 4631 3655 4703 interioris

2083 4738 2325 4796 hominis
2374 4734 2623 4804 loquitur
2658 4749 2672 4786 :
2705 4738 2990 4801 potestque
3032 4741 3101 4783 os
3156 4725 3350 4780 anima:
3394 4722 3524 4789 dici,
3573 4722 3656 4777 vis

2082 4832 2202 4902 ejus
2232 4826 2552 4887 enuntiandi
2575 4839 2704 4896 quae
2745 4819 3037 4892 cogitando
3080 4817 3134 4871 in
3193 4823 3375 4874 tuente
3428 4813 3654 4872 verbum

2080 4921 2308 4995 profert.
2345 4918 2490 4979 Nihil
2518 4917 2720 4981 dill‘ert,
2757 4916 2803 4970 si
2827 4913 2980 4968 dicas
3017 4925 3296 4967 assumere
3323 4921 3652 4970 sermonem,

2079 5021 2134 5070 et
2164 5011 2437 5068 attrahere
2463 5009 2720 5078 spiritum
2765 5023 2779 5059 :
2815 5003 3052 5070 idipsum
3091 5001 3238 5055 enim
3283 5005 3369 5056 est
3402 4995 3649 5066 spiritus,

399 5088 584 5166 λασείν
610 5088 792 5180 λόγονλ
819 5113 914 5165 καὶ
960 5109 1182 5162 ὲλκῦσαι
1241 5088 1454 5177 πνεῦμα
1509 5108 1716 5160 εἰπεῖν·
1769 5104 1968 5159 ταυτὸν

2087 5104 2222 5176 quod
2249 5102 2469 5158 divinus
2495 5113 2693 5157 sermo.
2731 5094 3097 5162 Quamobrem
3125 5090 3387 5145 Servator
3425 5088 3492 5144 de
3533 5102 3653 5142 ser-

396 5203 503 5272 γάρ
539 5202 600 5254 τὸ
657 5202 872 5272 πνεῦμα
917 5201 996 5269 τῷ
1031 5201 1158 5270 θείῳ
1202 5199 1364 5270 λόγῳ.
1414 5198 1506 5250 Διὸ
1542 5197 1636 5250 καὶ
1672 5198 1702 5249 δ
1759 5195 1969 5266 Σωτὴρ,

397 5293 528 5363 περὶ
566 5285 626 5345 οὗ
661 5292 812 5359 ἔλεγε
853 5291 1011 5360 λόγου
1050 5291 1142 5344 καὶ
1189 5291 1448 5362 ῥημάτων
1480 5290 1670 5360 εἴρηκε
1695 5306 1708 5318 ·
1752 5288 1827 5342 Τὰ
1861 5285 1976 5355 ῥή-

2082 5174 2243 5250 mone
2272 5201 2325 5248 et
2355 5190 2536 5250 verbis
2561 5189 2636 5242 ait
2668 5205 2682 5240 :
2726 5184 2895 5241 Verba
2919 5198 3035 5253 qute
3081 5181 3286 5236 locutus
3324 5193 3441 5232 sum
3482 5174 3646 5237 vobis,

2079 5283 2298 5351 spiritus
2321 5288 2370 5334 et
2399 5279 2507 5332 vita
2530 5285 2654 5331 sunt
2676 5275 2740 5326 ¹⁹.

393 5400 550 5452 ματα
597 5382 636 5436 d
664 5383 975 5449 λελάληκα
998 5381 1171 5450 ὑμῖν,
1219 5380 1456 5451 πνεῦμά
1505 5381 1636 5434 ἐστι
1698 5378 1797 5433 καὶ
1861 5375 1971 5445 ﬁmi
2005 5376 2158 5430 ἐστι.

477 5491 834 5559 Eata/tsng
879 5490 972 5543 ἐπ’
997 5489 1102 5559 ἐμὲ
1152 5490 1248 5542 καὶ
1283 5489 1543 5555 ἐλέησόν
1565 5505 1662 5557 με,
1706 5487 1861 5541 κατὰ
1905 5486 1973 5539 τὸ

397 5581 573 5652 κρῖμα
615 5580 734 5634 τῶν
769 5581 1133 5649 ἀγαπώντων
1165 5580 1232 5634 τὸ
1283 5579 1470 5648 ὄνομά
1520 5595 1658 5632 σου.
1705 5578 1826 5632 Τῶν
1871 5576 1975 5629 ὑπὸ

475 5799 518 5830 ³⁸
555 5794 698 5852 Psal.
735 5809 912 5859 Lux,
946 5792 1032 5847 ll.
1111 5793 1154 5824 ”
1192 5790 1350 5848 Joan.
1385 5805 1440 5844 vr
1466 5830 1482 5854 ,
1515 5790 1605 5846 6i.

718 5888 990 5948 Ρηιοι..
1047 5883 1165 5944 Gtt.
1247 5882 1484 5943 XXIII.

2159 5481 2322 5537 Vsus.
2367 5476 2490 5534 I32.
2524 5473 2736 5544 Respice
2786 5474 2841 5528 in
2893 5487 2973 5525 me
3017 5477 3068 5525 et
3117 5468 3361 5522 miserere
3411 5462 3535 5528 mei,
3568 5475 3652 5516 se-

2085 5573 2313 5630 cundum
2342 5569 2604 5641 judicium
2657 5565 2990 5637 diligentiam
3031 5575 3217 5618 nomen
3252 5565 3421 5610 tuum.
3472 5552 3550 5608 Ex
3583 5553 3650 5607 iis

3256 5853 3333 5918 [si
