4102 6384
348 5312 351 5315 Α
441 5249 693 5307 datorum
723 5252 814 5308 Dei
844 5253 1214 5308 meditatione.

439 377 577 437 1587

1073 358 1342 429 EUSEDII
1377 364 1859 425 CAESARIENSIS
1896 362 2050 422 OPP.
2090 363 2273 420 PARS
2314 361 2405 417 Ill.
2446 393 2515 405 —
2546 361 2954 421 EXEGETICA.

3554 360 3694 417 i388

436 495 588 566 quia
628 471 1232 562 ῡεοςιίιιίεοτὶοοτάἰαω
1271 491 1705 556 consequuntur,
1742 482 1834 536 alii
1882 495 2002 535 eam

2110 479 2242 532 Θεοῦ
2266 477 2621 549 ὲλεουμένων,
2650 478 2701 532 οί
2744 479 2846 550 μὲν
2884 476 3213 549 τυγχάνουσι
3242 475 3435 530 τούτου
3467 472 3557 528 διὰ
3592 493 3689 546 με·

438 603 536 657 per
563 585 937 657 paenitentiam
962 579 1231 647 obtinent,
1258 580 1372 649 jam
1404 592 1435 631 α
1469 576 1712 646 peccatis
1746 571 2005 628 receden-

436 687 519 732 tes
552 691 724 747 eaque
749 672 1110 738 conﬁtentes;
1155 669 1250 725 alii
1290 667 1681 724 misericordia:
1712 665 1807 720 Dei
1839 678 2003 735 expe-

438 767 729 821 rimentum
765 770 1012 826 sumunt,
1048 760 1197 831 quod
1228 759 1479 830 profectu
1511 758 1658 813 aucti
1710 755 1778 810 ad
1829 756 2009 825 ipsum

436 858 658 915 virtutis
677 857 838 912 linem
871 861 1168 910 maturent.
1214 851 1317 905 llic
1341 851 1527 920 itaque
1556 856 1815 920 precatur
1840 844 2009 900 mise-

438 952 735 1008 ricordiam
757 949 1046 1019 consequi,
1070 962 1178 1001 non
1210 943 1508 1003 secundum
1526 940 1793 1011 judicium
1821 949 2011 992 eorum

441 1044 534 1113 qui
568 1040 948 1113 penitentiam
995 1043 1194 1105 agunt;
1239 1033 1335 1088 scd
1390 1045 1580 1087 eorum
1635 1028 1731 1099 qui
1779 1026 2012 1098 diligunt

442 1146 642 1188 nomen
698 1128 913 1183 Domini
944 1145 960 1181 :
991 1140 1114 1179 nam
1165 1138 1398 1194 persona
1447 1135 1569 1191 quas
1625 1117 1869 1189 loquitur
1927 1119 2013 1169 est

441 1235 655 1284 eorum,
688 1219 783 1288 qui
806 1217 1037 1272 multum
1079 1214 1136 1268 in
1188 1214 1390 1268 virtute
1425 1220 1481 1266 et
1515 1209 1765 1264 veritatis
1813 1203 2010 1261 notitia

442 1310 812 1382 profecerunt.
864 1304 1231 1372 Quamobrem
1288 1301 1627 1356 conﬁdenter
1658 1295 1899 1369 postulat
1954 1294 2008 1347 in

440 1406 797 1472 conspectum
838 1397 932 1452 Dei
961 1411 1022 1451 se
1068 1395 1274 1450 venire.
1305 1391 1558 1463 Respice,
1588 1390 1785 1460 inquit,
1818 1388 1872 1442 in
1899 1400 2006 1448 me,

2111 569 2349 632 τανοίας,
2377 568 2502 639 ἄρτι
2543 568 2826 640 ἁμαρτιῶν
2865 567 3272 640 ἀναχωροῦντες
3309 568 3403 620 καὶ
3446 563 3688 636 ἰξομολο-

2113 659 2367 730 γούμενοι
2386 676 2399 689 ”
2433 661 2483 712 οί
2514 659 2571 712 δὲ
2613 663 2809 732 πεῖραν
2837 659 2987 715 ἐλέου
3015 660 3153 714 Θεοῦ
3177 658 3568 731 λαμϐάνουσιν⁹
3600 657 3693 710 ἐπὶ

2114 750 2192 821 τῷ
2243 751 2653 822 προκόπτοντας
2701 750 2934 806 σπεῦσαι
2966 752 3063 806 ἐπὶ
3111 751 3174 805 τὸ
3212 752 3365 816 τέλος
3412 742 3546 804 αὐτὸ
3594 751 3693 821 τῆς

2115 839 2336 909 ἀρετῆς.
2385 836 2619 909 Εὔχεται
2661 834 2754 893 οὖν
2802 835 2957 903 οὗτος
3003 839 3289 912 ἐλεηθῆναι
3338 839 3399 893 οὐ
3447 837 3590 893 κατὰ
3632 839 3693 891 τὺ

2112 930 2289 1001 κρῖμα
2312 929 2419 984 τῶν
2451 924 2877 1001 μετανοούντων,
2892 931 3041 999 ,ἀλλὰ
3061 931 3173 985 τῶν
3200 930 3540 1000 ἀγαπώντων
3576 930 3692 983 δνο-

2115 1039 2191 1093 μα
2238 1022 2445 1093 Κυρίου
2471 1041 2483 1051 ·
2518 1024 2628 1079 τῶν
2669 1006 2803 1095 γὰρ⁹
2828 1006 2948 1079 κατ’
2981 1024 3181 1097 ἀρετὴν
3229 1024 3324 1078 καὶ
3355 1023 3556 1091 γνῶσιν
3593 1021 3693 1091 τῆς

2114 1111 2373 1184 ἀληθείας
2418 1113 2552 1166 πολὺ
2598 1114 2988 1186 προκοψάντων
3037 1113 3100 1168 τὸ
3150 1114 3308 1183 λέγον
3368 1114 3688 1185 πρόσωπον

2114 1199 2195 1253 διὸ
2214 1202 2317 1257 καὶ
2342 1199 2776 1274 παρρησιάζεται
2806 1203 3039 1273 ὀφθῆναι
3064 1203 3143 1275 τῷ
3174 1203 3311 1275 Θεῷ.
3346 1201 3692 1272 Ἐπίϐλεψον,

2118 1290 2226 1361 γάρ
2254 1309 2419 1364 φησιν
2442 1333 2459 1360 ,
2485 1295 2570 1348 ἐπ’
2600 1296 2698 1366 ἐμὲ
2712 1295 2805 1349 καὶ
2831 1296 2889 1362 ἐξ
2915 1295 3159 1367 ἀνάγκης
3178 1280 3364 1364 ἕψεται
3387 1294 3448 1348 τὸ
3471 1291 3694 1364 ἐλεηθῆ-

2121 1381 2208 1434 ναί
2250 1399 2338 1452 με.

440 1503 493 1550 et
547 1495 678 1549 hinc
736 1489 1050 1545 necessario
1115 1494 1375 1557 sequetur
1441 1500 1530 1540 me
1571 1479 2008 1538 misericordiam
2043 1475 2332 1544 consequi.

516 1602 681 1658 Vens.
711 1603 837 1656 155.
867 1598 1090 1655 Gressus
1130 1615 1272 1652 meos
1321 1596 1492 1666 dirige
1548 1593 1838 1649 secundum
1896 1591 2009 1646 elo-

437 1696 619 1771 quium
644 1703 809 1758 tuum,
845 1702 896 1747 et
922 1708 1026 1745 non
1053 1689 1352 1743 dominetur
1375 1688 1502 1741 mihi
1531 1686 1701 1740 omnis
1721 1684 2009 1754 injustitia.

2192 1589 2276 1644 Τὰ
2314 1589 2644 1659 mamma
2689 1608 2811 1660 μου
2852 1592 3225 1649 κατεύθυνον
3271 1592 3424 1647 κατὰ
3464 1592 3533 1649 τὸ
3590 1558 3715 1650 λάξ

2118 1680 2252 1750 τιόν
2310 1694 2428 1735 σου
2446 1720 2462 1743 ,
2514 1679 2610 1733 καί
2655 1680 2742 1749 μὴ
2800 1683 3319 1750 κατακυριευσάτω
3361 1702 3482 1755 μου
3527 1684 3697 1742 πᾶσα

442 1786 751 1842 Secundum
772 1782 1050 1850 eloquium
1087 1778 1177 1834 Dei
1213 1778 1387 1848 dirige
1429 1791 1654 1848 gressus
1710 1788 1888 1838 meos,
1919 1772 2013 1843 qui

2117 1771 2355 1841 ἀνομία.
2388 1771 2546 1826 Κατὰ
2586 1771 2648 1825 τὸ
2687 1772 2866 1840 λόγιον
2898 1774 2991 1828 τοῦ
3036 1774 3174 1829 Θεοῦ
3225 1777 3552 1831 κατευθύνει
3583 1781 3600 1799 ⁸
3624 1778 3696 1833 τὰ

437 1891 503 1930 ex
538 1874 744 1928 malitia
771 1879 827 1926 et
845 1869 1151 1940 ignorantia
1185 1868 1255 1922 ad
1286 1868 1544 1921 virtutem
1571 1863 2012 1935 etcognitionem

436 1966 685 2021 veritatis
707 1961 1048 2034 proﬁciscor.
1081 1959 1217 2014 Nam
1250 1966 1440 2015 rectus
1479 1971 1663 2012 sermo
1689 1955 1928 2011 director
1957 1963 2014 2009 et

402 2117 413 2123 λ
437 2057 547 2112 dux
575 2056 763 2111 talium
793 2068 1078 2125 gressuum
1100 2059 1203 2108 est.

510 2253 679 2310 Vens.
746 2252 869 2308 154.
908 2250 1119 2306 Redime
1151 2264 1232 2302 me
1263 2263 1295 2301 α
1325 2245 1595 2301 calumnia
1642 2243 1934 2304 hominum,
1963 2249 2015 2296 et

439 2346 740 2401 custodiam
765 2343 1021 2398 mandata
1047 2351 1159 2397 tua.
1187 2340 1247 2395 lu
1285 2338 1592 2395 mercedem
1623 2334 2018 2390 misericordiae

438 2454 547 2508 qua
585 2437 852 2491 liberatus
896 2441 980 2490 est
1023 2448 1053 2488 a
1092 2432 1382 2488 calumniis
1422 2428 1727 2491 hominum,
1768 2441 1829 2481 se
1861 2437 2017 2479 man-

439 2529 567 2581 data
616 2525 834 2581 Domini
887 2524 1306 2581 observaturum
1373 2519 1661 2592 pollicetur
1704 2536 1719 2572 :
1766 2519 1850 2572 vel
1901 2531 2014 2571 non

439 2624 554 2673 tam
583 2616 914 2683 mercedem,
958 2630 1121 2686 quam
1183 2612 1484 2684 gratiarum
1540 2609 1809 2664 actionem
1874 2621 2016 2678 pra:-

444 2705 565 2770 beo,
597 2714 659 2760 ut
689 2704 929 2761 redimar
957 2718 986 2757 a
1019 2701 1291 2757 calumnia
1349 2699 1655 2755 hominum.
1699 2695 1854 2752 Hanc
1882 2711 2016 2752 vero

440 2794 673 2865 gratiam
711 2795 1075 2865 impetrarunt
1102 2791 1304 2860 Joseph
1338 2796 1393 2844 et
1437 2786 1710 2844 Susanna.
1743 2786 2013 2842 Caeterum

441 2883 650 2952 tropice
682 2881 933 2936 homines
977 2880 1083 2936 dici
1119 2879 1335 2950 possint
1371 2877 1624 2932 diabolus
1652 2882 1708 2930 et
1756 2877 2015 2931 adversa-

442 2981 538 3033 riae
569 2979 689 3049 ejus
740 2977 905 3034 sociae
953 2983 1273 3049 potestates,
1304 2988 1334 3027 a
1366 2986 1600 3044 quarum
1655 2969 2013 3043 syeopltantia

441 3068 708 3125 redimere
727 3068 899 3123 solius
924 3065 1017 3121 Dei
1045 3077 1148 3122 est.

2115 1861 2427 1933 διαϐήματά
2457 1880 2581 1933 μου,
2630 1863 2696 1916 ἐκ
2740 1864 2939 1927 κακίας
2977 1866 3073 1920 καὶ
3103 1866 3328 1934 ἀγνοίας
3367 1870 3448 1932 εἰς
3494 1868 3696 1940 ἀρετὴν

2116 1953 2210 2006 καὶ
2259 1953 2463 2021 γνῶσιν
2509 1954 2610 2025 τῆς
2658 1954 2913 2025 ἀληθείας
2960 1956 3347 2022 διαϐαίνοντος.
3414 1959 3698 2030 Εὑθυντὴρ

2116 2041 2224 2111 γὰρ
2256 2043 2351 2096 καὶ
2401 2041 2623 2114 ἡγεμὼν
2655 2042 2764 2097 τῶν
2803 2044 3057 2100 τοιούτων
3096 2046 3451 2119 διαδημάτων
3472 2049 3502 2100 ὁ
3537 2048 3698 2120 ὀρθὸς

2115 2132 2291 2201 λόγος.
2749 2193 2752 2196 .

2186 2226 2502 2293 Λύτρωσαί
2530 2243 2608 2296 με
2641 2226 2758 2281 ἀπὸ
2783 2229 3196 2298 συκοφαντίας
3223 2230 3569 2300 ἀνθρώπων,
3596 2233 3697 2288 καὶ

2115 2318 2367 2388 φυλάξω
2393 2318 2502 2385 τὰς
2529 2319 2781 2386 ἐντολάς
2812 2336 2949 2376 σου.
2984 2321 3190 2375 Μισθδν
3222 2322 3317 2376 τοῦ
3357 2323 3510 2377 ὲλέου
3546 2324 3699 2379 λελυ-

2115 2409 2358 2481 τρῶσθαι
2418 2411 2529 2465 άπὸ
2580 2412 2944 2480 συκοφαντίας
2995 2412 3299 2484 ἀνθρώπων
3355 2416 3696 2485 ὑπισχνεῖται

2114 2496 2308 2553 δώσειν
2345 2497 2444 2569 τὴν
2477 2498 2585 2551 τῶν
2630 2499 2862 2552 ἐντολῶν
2912 2501 3118 2573 Κυρίου
3158 2503 3408 2575 φυλακήν
3434 2522 3447 2534 ο
3484 2505 3518 2574 ἢ
3577 2505 3697 2558 οὐδὲ

2119 2586 2332 2659 μισθὸν,
2350 2588 2465 2642 ἀλλ’
2490 2589 2840 2661 εὐχαριστίαν
2883 2592 2964 2654 εἰς
2994 2591 3055 2644 τὸ
3086 2593 3426 2665 λυτρωθῆναί
3472 2612 3540 2666 με
3585 2597 3697 2649 ἀπὸ

2117 2680 2481 2747 συκοφαντίας
2501 2709 2505 2714 -
2522 2678 2845 2751 ἀνθρώπων.
2897 2680 3007 2735 Καὶ
3031 2683 3393 2752 τετυχήκασιν
3419 2683 3698 2757 αἰσθητῶς

2114 2770 2214 2841 τῆς
2242 2771 2509 2841 αἰτήσεως
2554 2771 2745 2842 Ἰωσὴφ
2789 2772 2882 2826 καὶ
2910 2774 3204 2828 Σουσάννα.
3248 2775 3492 2847 Ῥηθεῖεν
3518 2776 3576 2831 δὲ
3604 2778 3700 2832 άν-

2117 2858 2323 2932 θρωποι
2349 2861 2625 2932 τροπικῶς
2667 2864 2696 2915 ὁ
2723 2861 2971 2925 διάϐολος
3019 2864 3114 2917 καὶ
3159 2867 3216 2918 αί
3257 2867 3379 2920 κατ’
3412 2869 3573 2921 αὐτὸν
3601 2886 3697 2923 πο-

2115 2951 2278 3020 νηρα)⁵
2318 2950 2596 3022 δυνάμεις,
2631 2953 2723 3021 ἀφ’
2752 2945 2827 3007 ὧν
2849 2953 2949 3025 τῆς
2990 2956 3355 3023 συκοφαντίας
3394 2960 3556 3029 μόνου
3600 2962 3697 3014 τοῦ

2115 3040 2251 3094 Θεοῦ
2279 3040 2624 3111 λυτροῦσθαι.

514 3114 1241 3220 ἶξᾷζίι⁷ειξᾶἶδῖιίῖἇξὲεηι
1262 3166 1410 3210 tuom
1438 3116 1684 3210 illumina
1715 3171 1873 3226 super
1903 3171 2014 3209 ser-

2192 3134 2263 3188 Τὸ
2312 3136 2638 3202 πρόσωπόν
2683 3150 2800 3192 σσυ
2851 3139 3150 3209 ἐπίφανον
3178 3142 3275 3195 ἐπὶ
3322 3144 3429 3197 τὸν
3472 3143 3699 3199 δοῦλόν

440 3264 561 3303 vum
606 3257 774 3310 tuum,
804 3257 856 3302 et
896 3252 1023 3301 doce
1050 3263 1133 3299 me
1165 3248 1575 3316 justiﬁcationes
1621 3256 1763 3301 tuas.
1800 3246 2013 3305 Secun-

441 3342 572 3397 dum
626 3339 931 3395 Salvatoris
984 3340 1255 3394 illustrem
1307 3339 1602 3394 adventum
1651 3339 1838 3393 videre
1892 3354 2017 3407 per-

441 3441 660 3503 optans,
718 3414 820 3504 pro
877 3445 943 3486 eo
984 3430 1136 3485 Patri
1186 3430 1460 3502 supplicat
1496 3431 1686 3486 dicens
1729 3449 1743 3486 :
1796 3430 2017 3485 Faciem

442 3535 609 3589 tuam,
645 3523 893 3587 Domine,
920 3521 1169 3577 illumina
1207 3537 1227 3574 :
1258 3536 1423 3592 quam
1477 3523 1571 3592 qui
1605 3522 1760 3587 vidit,
1788 3523 1926 3577 vidit
1961 3530 2018 3577 et

441 3617 679 3671 Patrem.
728 3614 863 3669 Nam
916 3616 1036 3684 ipse
1082 3613 1151 3669 de
1200 3614 1385 3683 seipso
1440 3614 1517 3667 ait
1552 3613 1703 3680 πρωί
1744 3615 1875 3668 vidit
1912 3631 2014 3677 me,

442 3707 574 3761 vidit
632 3716 682 3761 et
742 3705 960 3760 Patrem
976 3707 1047 3760 ".
1100 3703 1291 3758 Exitus
1358 3721 1621 3775 aquarum
1682 3706 2014 3761 deduxerunt

442 3796 582 3851 oeuli
621 3795 743 3858 mei,
767 3796 892 3865 quia
919 3811 1021 3849 non
1046 3793 1407 3849 custodierunt
1440 3796 1601 3867 legem
1641 3806 1810 3852 tuam.

510 3885 675 3942 Vsus.
707 3885 966 3941 137-145.
1012 3884 1204 3941 Justus
1245 3901 1322 3950 es,
1376 3886 1621 3952 Domine,
1652 3896 1702 3941 et
1751 3898 1895 3942 recta
1926 3888 2016 3958 iu-

440 3978 586 4032 dicia
610 3986 722 4033 tua.
761 3975 1038 4031 Mandasti
1063 3976 1337 4045 justitiam
1369 3979 1667 4031 testimonia
1707 3987 1822 4042 tua,
1854 3988 1903 4032 et
1932 3995 2016 4045 ve-

442 4066 653 4118 ritatem
679 4074 824 4118 tuam
848 4114 851 4119 ,
876 4065 1047 4121 valde.
1103 4065 1390 4119 Tabescere
1423 4082 1504 4120 me
1538 4065 1657 4134 fecit
1686 4066 1829 4120 zelus
1866 4076 2012 4132 tuus,

438 4154 567 4224 quia
591 4153 744 4207 obliti
775 4163 896 4208 sunt
934 4154 1090 4209 verba
1123 4164 1217 4208 tua
1242 4154 1442 4208 inimici
1466 4155 1586 4208 mei.
1627 4152 1861 4224 Ignitum
1899 4156 2012 4211 elo-

382 4273 386 4277 ρ
438 4245 620 4312 quium
647 4253 794 4296 tuum
829 4245 1171 4308 vehementer,
1203 4254 1253 4299 et
1273 4261 1452 4299 servus
1486 4254 1612 4299 tuus
1638 4244 1824 4301 dilexit
1853 4246 2010 4303 illud.

438 4334 876 4391 Adolescentulus
900 4353 1019 4392 sum
1047 4353 1139 4407 ego
1165 4349 1215 4390 et
1238 4346 1584 4406 contemptus,
1597 4337 2012 4407 iustiﬁcationes

442 4433 562 4479 tua:
580 4441 685 4479 non
715 4441 832 4479 sum
872 4426 1087 4481 oblitus.
1121 4425 1349 4481 Iustitia
1386 4436 1481 4481 tua
1510 4428 1731 4495 justitia
1767 4429 1826 4482 in
1856 4438 2019 4483 latere
2046 4458 2089 4512 ο

440 4531 590 4580 num,
619 4524 669 4569 et
707 4516 793 4570 lea:
823 4525 915 4572 tua
947 4519 1161 4572 veritas.
1191 4516 1585 4572 Tribulationes
1629 4528 1681 4572 et
1723 4520 2012 4575 necessita-

442 4616 517 4662 tes
568 4609 873 4664 invenerunt
924 4626 1008 4664 me
1038 4624 1056 4663 :
1081 4609 1337 4665 mandata
1384 4620 1479 4663 tua
1538 4610 1814 4665 meditatio
1875 4628 2013 4666 mea.

442 4697 806 4779 Symmachus
828 4703 991 4757 aliam
1010 4702 1166 4758 ell‘ert
1194 4702 1523 4758 sententiam
1549 4702 1738 4767 dicens
1774 4721 1788 4758 :
1823 4700 2019 4757 Tribus

441 4797 664 4851 lationes
701 4806 753 4852 et
798 4799 1100 4870 afﬂictiones
1148 4801 1648 4869 comprehenderunt
1692 4819 1773 4857 me
1805 4819 1823 4857 :
1865 4820 2018 4857 man-

441 4886 573 4940 data
594 4902 713 4942 vero
737 4888 1066 4943 delectabant
1097 4906 1178 4945 me
1210 4905 1229 4943 :
1255 4905 1321 4946 ac
1374 4891 1419 4948 si
1461 4893 1640 4948 omnis
1684 4892 1779 4949 Dei
1806 4934 1809 4937 λ
1837 4896 2020 4950 cultor

440 4976 679 5046 graviter
710 4984 928 5048 etagre
968 4978 1107 5034 ferat
1136 4979 1301 5050 hujus
1331 4982 1453 5035 vitae
1482 4984 1721 5051 negotia,
1753 4990 1918 5055 atque
1948 5001 2015 5041 ex

442 5067 725 5123 hominum
748 5069 960 5124 malitia
995 5078 1241 5135 vexetur,
1275 5072 1564 5144 solamque
1590 5074 1787 5130 habeat
1811 5091 2016 5133 conso-

442 5160 721 5223 lationem,
753 5163 1245 5219 recreationcmet
1288 5165 1706 5223 delectationem
1741 5168 1797 5223 in
1844 5184 2001 5225 man-

513 5384 678 5441 Vsns.
711 5386 831 5440 1M.
891 5384 1115 5441 Iustitia
1148 5388 1446 5442 testimonia
1488 5397 1579 5442 tua
1630 5389 1686 5442 in
1731 5397 2014 5453 internum,

443 5474 761 5529 intellectum
787 5475 857 5529 da
879 5476 1029 5541 mihi,
1078 5485 1127 5531 et
1161 5476 1348 5532 vivam.
1388 5473 1513 5531 llaec
1552 5476 1792 5546 iustitia,
1844 5493 2010 5549 quam

514 5608 560 5641 ”
595 5608 753 5664 Joan.
792 5628 905 5678 xw,
940 5612 999 5669 9.

473 5708 493 5776 ἱ
520 5708 543 5733 ⁹
570 5705 841 5780 lnlerpres
874 5712 1000 5782 legit
1028 5711 1340 5769 κατεύθυνε.
1381 5714 1539 5771 Εοιτ.
1581 5714 1821 5772 Panos.

2116 3239 2255 3288 σου,
2281 3226 2378 3279 καὶ
2399 3226 2649 3292 δίδαξόν
2674 3246 2751 3299 με
2778 3230 2851 3284 τὰ
2878 3230 3238 3303 δικαιώματά
3266 3248 3404 3288 σου.
3445 3236 3554 3307 Τὴν
3584 3237 3697 3289 δευ-

2115 3316 2280 3387 τέραν
2310 3317 2405 3370 τοῦ
2433 3320 2682 3389 Σωτῆρος
2714 3321 3011 3393 ὲπίλαμψιν
3039 3324 3166 3377 ἰδεῖν
3200 3326 3381 3380 ποθῶν
3401 3327 3541 3393 ἀξιοῖ
3572 3330 3699 3401 περὶ

2116 3408 2307 3478 αὐτῆς,
2334 3406 2412 3477 τῷ
2430 3408 2605 3478 Πατρὶ
2634 3411 2879 3478 φάσκων,
2899 3414 2969 3466 Τὸ
2990 3416 3317 3482 πρόσωπόν
3341 3434 3479 3484 σου,
3500 3420 3695 3490 Κύριε,

2115 3497 2414 3565 ἐπίεσαν-ον
2439 3513 2453 3527 ο
2483 3497 2621 3569 ὅπερ
2662 3498 2784 3553 ἰδών
2822 3517 2905 3564 τις
2935 3502 3145 3573 ἑώρακε
3192 3507 3286 3559 καὶ
3312 3507 3404 3561 τὸν
3452 3496 3711 3580 Πατέρα(

2115 3587 2289 3649 Αὐτὸς
2332 3587 2440 3658 γὰρ
2476 3587 2605 3660 περὶ
2629 3589 2819 3643 ἑαυτοῦ
2848 3590 3024 3661 λέγει’
3055 3593 3108 3646 '0
3139 3594 3410 3663 ἑωρακὼς
3436 3598 3561 3667 ἐμὲ,
3591 3598 3695 3651 ἑώ-

2105 3693 2258 3745 ρακε
2284 3677 2393 3730 τὸν
2413 3680 2664 3748 Πατέρα.
2691 3680 3006 3748 Διεεόδους
3024 3682 3259 3738 ὑδάτων
3274 3688 3616 3743 κατέδυσαν
3640 3693 3697 3742 οι

2012 3841 2021 3847 .
2115 3769 2413 3838 ὀφθαλμοί
2426 3787 2567 3839 μου,
2592 3772 2727 3826 ἐπεὶ
2741 3775 2853 3827 οὐκ
2870 3775 3186 3843 ἐφύλαξαν
3201 3776 3309 3829 τὸν
3323 3781 3513 3848 νόμον
3553 3796 3692 3835 σου.

2185 3858 2420 3924 Δίκαιος
2455 3855 2529 3924 εἷ,
2563 3861 2763 3929 Κύριε,
2799 3861 2897 3915 καί
2941 3863 3137 3929 εὐθεῖς
3179 3868 3240 3918 al
3277 3868 3507 3933 κρίσεις
3553 3884 3692 3923 σου.

2127 3948 2438 4017 Ἐνετείλω
2482 3949 2883 4022 δικαιοσύνην
2928 3954 2999 4009 τὰ
3040 3956 3338 4025 μαρτύριά
3390 3974 3506 4012 σου
3526 4001 3542 4026 ,
3595 3960 3695 4014 καὶ

2112 4038 2404 4108 ἀλήθειαν
2445 4041 2701 4110 σφόδρα.
2747 4042 3021 4111 Ἐξέτηξέ
3043 4062 3120 4113 με
3145 4048 3178 4098 ὁ
3207 4044 3385 4114 ζῆλός
3425 4050 3567 4114 a'ov,
3605 4051 3695 4104 ὅτι

2112 4129 2480 4186 ἐπελάθοντο
2512 4131 2631 4185 τῶν
2656 4134 2855 4203 λόγων
2877 4151 2995 4188 σου
3022 4139 3076 4190 οἱ
3104 4137 3308 4205 ἐχθροί
3330 4158 3472 4208 μου.
3508 4144 3696 4195 Πεπυ-

2105 4220 2380 4290 ρωμένον
2420 4223 2487 4275 τὸ
2531 4225 2743 4293 λόγιόν
2784 4241 2901 4280 σου
2945 4227 3201 4296 σφόδρα,
3246 4232 3343 4284 καὶ
3392 4235 3426 4286 ὀ
3475 4233 3698 4300 δοῦλός

2114 4327 2232 4367 σου
2268 4312 2586 4382 ἠγάπησεν
2606 4317 2775 4372 αὑτό.
2801 4319 3095 4386 Νεώτερος
3121 4319 3235 4389 ἐγώ
3257 4324 3373 4391 ειμι
3405 4324 3503 4378 καὶ
3533 4324 3699 4388 ἐξου-

2115 4403 2466 4473 δενωμένος,
2482 4407 2555 4462 τὰ
2573 4407 2931 4480 δικαιώματά
2944 4425 3062 4465 σου
3076 4415 3187 4467 οὐκ
3202 4398 3598 4486 ἐπελαθόμην.
3629 4418 3697 4470 'H

2117 4495 2473 4567 δικαιοσύνη
2509 4514 2626 4554 σου
2662 4500 3018 4571 δικαιοσύνη
3053 4506 3139 4570 εὶς
3169 4505 3278 4558 τὸν
3305 4504 3509 4570 αἰῶνα,
3534 4506 3632 4560 καὶ
3662 4510 3698 4560 ό

2116 4588 2300 4662 νόμος
2318 4603 2434 4643 σου
2449 4590 2718 4658 ἀλήθεια.
2739 4594 2986 4662 Θλίψεις
3016 4595 3115 4649 καὶ
3156 4596 3410 4666 ἀνάγκαι
3432 4596 3655 4664 εὖροσά
3661 4615 3699 4649 ν

2111 4695 2190 4746 με
2206 4696 2220 4710 ’
2240 4681 2300 4732 al
2313 4679 2558 4734 ἐντολαί
2574 4697 2690 4736 σου
2703 4682 2923 4752 μελέτη
2933 4702 3053 4752 μου
3076 4724 3090 4738 .
3106 4686 3164 4738 '0
3185 4685 3478 4757 Σύμμαχος
3503 4688 3697 4756 ἑτέραν

2118 4769 2427 4840 παρέστησε
2473 4770 2711 4826 διάνοιαν
2763 4772 2963 4838 εἰπὼν,
3002 4773 3249 4843 estid-sic
3290 4776 3388 4829 καὶ
3437 4775 3694 4845 ἐνκακή-

2117 4872 2250 4925 σεις
2277 4859 2611 4916 κατέλαϐόν
2630 4879 2709 4932 με
2727 4880 2742 4893 ο
2766 4866 2826 4917 αι
2847 4863 2915 4916 δὲ
2941 4865 3178 4918 ἐντολαὶ
3210 4864 3466 4933 ἕτερπόν
3491 4883 3564 4935 με
3583 4883 3595 4895 ’
3620 4864 3697 4928 ὡς

2118 4946 2320 5011 παντὸς
2356 4947 2638 5014 θεοσεϐοῦς
2686 4949 3024 5023 βαρουμένου
3068 4953 3167 5023 μὲν
3196 4955 3289 5008 καί⁵
3319 4954 3697 5025 δυσχεραίνον-

2115 5053 2209 5101 τος
2239 5038 2331 5092 ὲπὶ
2360 5042 2474 5103 τοῖς
2502 5039 2593 5093 τοῦ
2640 5040 2756 5110 βίου
2804 5043 3145 5114 πράγμασιν,
3186 5045 3593 5110 ἀποκακοῖητός
3634 5065 3695 5100 τε

2116 5129 2182 5181 ὲκ
2204 5129 2306 5200 τῆς
2334 5130 2442 5183 τῶν
2467 5131 2767 5199 ἀνθρώπων
2793 5135 3011 5198 κακίας,
3056 5136 3222 5206 μόνην
3254 5136 3309 5188 δὲ
3344 5138 3556 5207 ἔχοντος
3588 5156 3695 5191 πα-

2018 5294 2023 5300 ,
2119 5220 2392 5290 ραμυθίαν
2415 5224 2509 5276 καὶ
2532 5223 2832 5296 ἀνάκτησιν
2861 5227 2951 5279 καὶ
2978 5227 3171 5297 τέρψιν
3194 5227 3291 5299 τὴν
3323 5227 3552 5299 μελέτην
3582 5229 3695 5281 τῶν

2118 5310 2345 5365 ἐντολῶν
2373 5313 2468 5366 τοῦ
2510 5312 2668 5368 Θεοῦ.

2187 5403 2542 5472 Δικαιοσύνη
2598 5404 2669 5459 τὰ
2712 5406 3006 5476 μαρτύριά
3056 5422 3173 5461 σου
3220 5409 3309 5473 εις
3355 5408 3463 5461 τὸν
3485 5407 3719 5470 αἰῶνα(

2117 5492 2444 5549 συνέτισόν
2462 5511 2560 5565 με,
2591 5496 2691 5549 καὶ
2718 5496 2987 5569 ζήσομαι.
3019 5497 3168 5569 Αὕτη
3200 5498 3232 5570 ὴ
3258 5492 3591 5571 δικαιοσύνη,
3625 5500 3694 5571 ἠν
