4102 6414
447 434 586 491 1589

1583 433 2090 491 COMMENTARIA
2131 433 2197 487 IN
2236 433 2566 490 PSALMOS.

3572 443 3713 498 1590

443 548 720 619 ἀσκοῦμεν
762 547 854 602 ἐπὶ
900 547 994 600 τοῦ
1029 550 1312 619 παρόντος,
1349 551 1448 602 οὐκ
1485 551 1792 604 ἀποδίδοται
1822 555 1951 622 ἡμῖν
1978 554 2012 606 ὲε

2140 553 2192 607 in
2237 554 2491 623 praesenti
2529 568 2869 618 exercemus,
2906 569 3014 609 non
3070 555 3230 610 datur
3251 556 3420 616 nobis
3463 557 3529 609 ad
3579 571 3713 625 pau-

441 639 647 706 ὀλίγαις
691 638 944 710 ἡμέραις,
977 637 1089 690 ἀλλ’
1114 641 1193 701 εἰς
1220 639 1308 691 τὸν
1337 638 1526 692 αίῶνα.
1548 639 1634 691 Ἐν
1675 639 1883 702 τούτοις
1919 642 2024 693 πᾶ-

444 745 528 781 σιν
563 731 700 782 αἰτεῖ
718 732 746 783 ὁ
770 731 1060 800 Προφήτης
1092 730 1200 781 ἀπὸ
1223 728 1316 783 τοῦ
1347 729 1481 781 Θεοῦ
1513 731 1749 789 σύνεσιν,
1778 732 1838 783 τὸ
1861 733 2026 800 ἀναγ-

443 821 726 873 καιότατον
749 819 856 872 τῶν
886 820 979 873 τοῦ
1003 818 1136 871 Θεοῦ
1165 819 1522 890 δωρημάτων,
1551 821 1644 873 καὶ
1663 821 1809 888 λέγει
1828 838 1840 850 ·
1873 825 2024 875 Συν-

440 910 646 964 έτισόν
664 927 761 979 με,
785 912 885 964 ἵνα
910 909 1065 975 ζήσω
1085 927 1097 940 ·
1132 913 1217 962 ἐπ’
1248 910 1461 979 ἐκείνην
1482 910 1589 979 γὰρ
1617 910 1714 979 τὴν
1749 912 2023 982 μακαρίαν

441 1001 586 1070 ζωὴν
617 1001 840 1072 ἀνόητος
869 1003 968 1054 οὐκ
999 1002 1216 1073 ἔρχεται
1247 1002 1279 1072 ἢ
1315 1001 1588 1063 ἀσύνετος,
1617 1001 1752 1054 ἀλλὰ
1772 1002 1852 1055 δεῖ
1873 1004 2023 1073 αἰτῆ-

442 1110 534 1144 σαι
568 1093 717 1163 παρὰ
745 1092 839 1146 τοῦ
864 1093 998 1146 Θεοῦ
1027 1092 1261 1156 σύνεσιν,
1284 1093 1377 1144 τοῦ
1407 1093 1638 1154 διδόντος
1669 1094 1804 1146 πᾶσι
1825 1097 1936 1158 τοῖς
1963 1095 2020 1160 ἐξ

387 1231 396 1236 .
439 1184 567 1254 ὅλης
591 1183 766 1253 ψυχῆς
790 1184 1030 1238 αίτοῦσιν
1057 1183 1240 1246 αὐτὸν,
1268 1184 1354 1236 ἵνα
1385 1183 1641 1246 λαϐόντες
1675 1183 1910 1250 σύνεσιν,
1931 1185 2022 1238 δυ-

440 1275 693 1345 νηθῶμεν
731 1277 932 1328 εἰπεῖν·
974 1275 1304 1328 Συνέτισόν
1339 1292 1437 1344 με,
1473 1275 1574 1327 καὶ
1607 1274 1876 1345 ζήσομαι.

522 1362 844 1432 Ἐκέκραεα
875 1364 944 1416 ἐν
965 1363 1076 1431 ὅλῃ
1100 1363 1315 1431 καρδίᾳ
1334 1381 1474 1431 μου,
1503 1362 1854 1417 ἐπάκουσόν
1875 1380 2018 1432 μου,

438 1455 634 1521 Κύριε,
674 1455 746 1507 τὰ
787 1452 1148 1522 δικαιώματά
1196 1468 1312 1507 σου
1361 1453 2023 1521 ἑκζητήσω.Ἐκέκραξά

438 1560 558 1607 σοι,
604 1543 812 1598 σῶσόν
849 1561 939 1611 με,
984 1545 1086 1599 καὶ
1136 1543 1386 1614 φυλάξω
1438 1544 1510 1598 τὰ
1547 1544 1840 1613 μαρτύριά
1880 1561 2018 1598 σου.

436 1637 796 1704 Προέφθασα
817 1637 1003 1704 ἀωρίᾳ
1038 1637 1135 1690 καὶ
1162 1635 1477 1704 ἐκέκραξα,
1505 1637 1593 1700 εὶς
1627 1635 1767 1700 τοὺς
1798 1636 2020 1704 λόγους

435 1713 553 1781 σου
577 1728 906 1796 ἐπήλπισα.
926 1730 1320 1798 Προέφθασαν
1341 1732 1394 1783 οὶ
1417 1715 1711 1797 ὀξοθαλμοί
1733 1711 1851 1798 μού
1873 1729 2022 1797 πρὸς

436 1819 670 1887 ὄρθρον,
695 1821 802 1874 τοῦ
820 1818 1083 1890 μελετᾶν
1107 1821 1178 1874 τὰ
1203 1821 1378 1890 λόγιά
1392 1837 1529 1875 σου.
1547 1821 1604 1872 Ὁ
1623 1822 1678 1872 ὲν
1695 1819 1869 1892 ἀωρίᾳ
1888 1836 2020 1890 προ-

2135 662 2232 700 cos
2264 647 2404 710 dies,
2431 645 2525 702 sed
2549 647 2603 699 in
2630 653 2916 700 aeternum.
2943 645 2999 700 ln
3027 648 3110 701 his
3146 648 3403 702 omnibus
3439 648 3710 717 Propheta

2135 737 2479 806 prudentiam
2515 751 2545 789 a
2594 734 2703 790 Deo
2736 738 2961 806 expetit,
3013 739 3155 808 quod
3197 747 3283 794 est
3316 741 3559 794 omnium
3615 739 3709 793 Dei

2133 822 2402 880 donorum
2427 826 2663 880 maxime
2715 829 3126 896 necessarium;
3190 845 3254 883 ac
3294 831 3426 884 dicit
3454 851 3464 885 :
3489 829 3710 883 Intelle-

2129 925 2272 968 ctum
2306 915 2382 968 da
2412 915 2562 978 mihi,
2590 924 2646 967 ut
2675 918 2862 970 vivam.
2892 916 2948 971 In
2978 917 3124 972 illam
3155 920 3353 989 quippe
3370 922 3582 976 beatam
3621 920 3706 973 vir-

2128 1015 2240 1061 tam
2277 1022 2469 1062 amens
2495 1015 2550 1062 et
2585 1007 2857 1076 insipiens
2887 1023 2995 1062 non
3032 1009 3371 1078 ingreditur;
3419 1011 3514 1065 sed
3543 1010 3708 1064 intel-

2129 1100 2327 1152 lectum
2361 1112 2391 1150 a
2443 1096 2554 1152 Deo
2588 1105 2838 1167 petamus
2889 1109 3126 1168 oportet,
3178 1100 3271 1169 qui
3323 1101 3414 1154 dat
3451 1101 3706 1156 omnibus

2130 1195 2246 1242 toto
2278 1187 2443 1242 corde
2472 1188 2540 1242 ab
2582 1203 2642 1242 se
2679 1188 3034 1264 petentibus:
3071 1196 3129 1241 ut
3160 1198 3384 1261 accepto
3429 1190 3706 1246 intellectu

2125 1279 2308 1333 dicere
2332 1279 2612 1333 valeamus
2641 1297 2658 1332 :
2686 1277 3021 1332 Intellectum
3045 1279 3116 1332 da
3150 1280 3300 1346 mihi,
3333 1289 3381 1334 et
3409 1283 3596 1336 vivam.

2199 1366 2368 1421 Vens.
2393 1367 2651 1421 145-148.
2689 1366 2934 1422 Clamavi
2961 1368 3015 1420 in
3037 1376 3147 1422 toto
3165 1368 3323 1423 corde
3346 1385 3481 1435 meo,
3513 1370 3707 1422 exaudi

2125 1476 2226 1524 me,
2264 1458 2502 1523 Domine,
2528 1459 2948 1528 justiﬁcationes
2991 1468 3108 1512 tuas
3141 1462 3423 1530 requiram.
3467 1460 3707 1515 Clamavi

2126 1549 2194 1602 ad
2227 1557 2294 1612 te,
2339 1549 2543 1602 salvum
2581 1565 2668 1610 me.
2696 1549 2803 1616 fac,
2835 1558 2883 1602 et
2916 1550 3216 1604 custodiam
3262 1551 3562 1606 testimonia
3593 1561 3703 1604 tua.

2127 1636 2371 1691 Prwveni
2401 1637 2453 1689 in
2485 1637 2791 1704 crepusculo
2821 1647 2870 1691 et
2914 1639 3164 1703 clamavi,
3216 1642 3271 1694 in
3302 1641 3455 1694 verba
3491 1651 3584 1701 tuo
3612 1657 3702 1694 su-

2127 1730 2446 1796 persperavi.
2476 1727 2850 1783 Prwvenerunt
2881 1730 3023 1785 oculi
3048 1731 3150 1783 mei
3173 1730 3407 1785 diluculo
3449 1732 3517 1785 ad
3540 1732 3706 1786 medi-

2135 1823 2354 1872 tandum
2383 1818 2593 1890 eloquia
2619 1828 2732 1874 tua.
2778 1819 2883 1886 Qui
2917 1821 2970 1873 in
3003 1821 3331 1890 crepusculo
3357 1823 3618 1891 praevenit
3651 1829 3706 1877 et

435 1911 616 1965 λαϐὼν
649 1913 742 1964 καὶ
778 1888 868 1966 τδν
896 1912 1029 1964 Θεὸν
1055 1888 1485 1982 ἐπικαλούμενος
1512 1888 1886 1983 ἐλευθεροῦται
1911 1888 2012 1964 τῶν

2130 1908 2299 1963 Deum
2349 1888 2588 1974 invocat,
2643 1921 2675 1963 a
2720 1910 3007 1965 nocturnis
3061 1888 3278 1966 insidiis
3313 1888 3599 1976 liberatur,
3651 1919 3706 1966 et

436 2003 761 2074 νυκτερινῶν
792 2003 1114 2067 ὲπιῦουλῶν,
1147 2007 1240 2058 καὶ
1268 2007 1326 2057 ἐν
1347 2004 1426 2073 τῷ
1454 2004 1636 2075 ὄρθρῳ
1657 2003 1844 2068 αὑτοῦ,
1867 2020 2020 2056 τουτ-

436 2091 582 2146 έστιν
608 2093 666 2144 ὲν
698 2095 762 2162 τῇ
801 2091 1032 2163 ἀνατολῇ
1074 2091 1168 2144 τοῦ
1209 2092 1382 2160 φωτὸς
1423 2091 1819 2162 προφθάνοντος
1859 2091 2021 2160 δηλα-

433 2181 519 2252 δὴ,
546 2183 672 2244 τοὺς
723 2182 1034 2252 ὀφθαλμοὺς
1084 2181 1546 2252 προαπαντῶντας
1587 2181 1872 2250 κέκτηται,
1924 2179 2020 2232 καὶ

437 2273 636 2344 μελετᾷ
663 2271 759 2326 τοῦ
790 2273 924 2326 Θεοῦ
955 2273 1054 2325 σὺν
1085 2274 1366 2344 παρρησίᾳ
1390 2271 1460 2324 τὰ
1478 2273 1650 2340 λόγια.
1670 2271 1884 2340 Ἐκείνη
1913 2268 2020 2341 γὰρ

2124 1999 2386 2064 diluculo,
2432 1999 2484 2052 id
2511 2008 2595 2055 est
2626 2007 2750 2052 ortu
2780 2000 2942 2064 lucis,
3001 2001 3116 2070 jam
3153 2000 3468 2064 accedente,
3511 2001 3704 2057 oculos

2126 2089 2176 2142 ei
2206 2095 2564 2143 occurrentes
2604 2088 2788 2155 habet,
2835 2104 2902 2142 ac
2937 2104 3062 2143 cum
3112 2088 3309 2144 ﬁducia
3356 2088 3450 2143 Dei
3487 2090 3703 2160 eloquia

2127 2177 2443 2231 meditatur.
2479 2175 2578 2231 Illa
2610 2193 2848 2247 namque
2885 2178 3069 2231 anima
3102 2178 3446 2247 potissimum
3489 2179 3543 2232 in
3585 2177 3704 2248 lege

2131 2267 2352 2339 gaudet,
2385 2284 2509 2339 qua:
2541 2269 2646 2324 sibi
2681 2269 3050 2324 exsecutionis
3082 2269 3203 2340 ejus
3234 2270 3457 2325 conscia
3487 2277 3592 2325 est.

436 2364 669 2434 μάλιστα
712 2365 791 2435 τῷ
823 2366 971 2436 νόμῳ
1011 2366 1190 2436 χαίρει
1227 2363 1396 2434 ψυχὴ,
1425 2363 1546 2432 ἥτις
1595 2363 1731 2432 αὐτὴ
1781 2362 2018 2416 σύνοιδεν
2049 2360 2218 2428 ἑαυτῇ
2249 2357 2346 2429 τὴν
2384 2358 2744 2438 κατόρθωσιν.

507 2473 621 2540 Τῆς
659 2471 864 2542 φωνῆς
879 2492 998 2542 μου
1022 2473 1310 2535 ἄκουσον,
1335 2474 1529 2539 Κύριε,
1565 2474 1714 2527 κατὰ
1742 2473 1812 2526 τὸ
1844 2473 2018 2539 ἔλεός

430 2581 569 2632 σου,
595 2565 744 2618 κατὰ
774 2565 840 2618 τὸ
861 2565 1038 2634 κρῖμά
1057 2581 1173 2619 σου
1196 2563 1380 2631 ζῆσόν
1393 2582 1488 2633 με.
1514 2565 1940 2634 Προσήγγισαν
1962 2568 2016 2619 ol

433 2655 896 2722 καταδιώκοντες
920 2673 998 2726 με
1035 2658 1279 2725 ἀνομίᾳ·
1314 2656 1434 2710 ἀπὸ
1458 2655 1526 2709 δὲ
1560 2657 1665 2710 τοῦ
1687 2657 1874 2724 νόμου
1900 2670 2016 2710 σου

429 2745 914 2814 ἐμακρύνθησαν.
932 2747 1141 2816 Ἐ’γγὺς
1162 2744 1220 2801 εἷ
1243 2747 1345 2812 σὺ,
1385 2748 1580 2814 Κύριε,
1610 2747 1706 2800 καὶ
1737 2745 1924 2800 πᾶσαι
1956 2749 2015 2799 al

429 2837 561 2891 ὁδοί
591 2854 707 2892 σου
738 2838 1008 2903 ἀλήθεια.
1049 2839 1361 2907 Καταρχὰς
1389 2838 1580 2906 ἔγνων
1610 2838 1678 2890 ἐκ
1709 2837 1828 2890 τῶν
1862 2855 2010 2906 μαρογ

429 2929 646 2998 τυριων
676 2945 812 2994 σου,
830 2929 920 2982 ὅτι
946 2931 1032 2997 εις
1063 2930 1170 2984 τὸν
1195 2929 1381 2984 αίῶνα
1414 2929 1812 2999 ἐθεμελίωσας
1836 2930 2006 2982 αὑτά.

501 3123 614 3177 Ἴδε
656 3122 771 3191 τὴν
805 3123 1171 3178 ταπείνωσίν
1204 3140 1342 3192 μου,
1389 3121 1486 3175 καὶ
1512 3119 1726 3184 ἐξέλοι)
1770 3137 1867 3188 με,
1923 3119 2011 3172 ὅτι

430 3214 534 3268 τοῦ
562 3217 750 3284 νόμου
793 3229 908 3268 σου
934 3217 1046 3268 οὐκ
1078 3213 1479 3281 ἐπελαθόμην.
1507 3211 1726 3279 Κρῖνον
1755 3210 1867 3279 τὴν
1896 3210 2013 3277 κρι-

427 3322 531 3361 σιν
553 3325 672 3376 μου
713 3308 809 3360 καὶ
846 3308 1150 3375 λύτρωσαί
1188 3324 1277 3370 με,
1311 3305 1409 3359 διὰ
1432 3305 1538 3358 τὸν
1565 3305 1748 3372 λόγον
1778 3319 1894 3356 σου
1926 3301 2014 3369 ζῆ-

428 3399 546 3451 σόν
562 3415 659 3467 με.
694 3397 966 3469 Κριθῆναι
993 3398 1127 3469 πρὸς
1157 3398 1283 3461 τοὺς
1311 3396 1539 3466 ὲχοροὺς
1562 3397 1704 3447 αἰτεῖ
1735 3395 1858 3458 τοὺς
1880 3396 2015 3463 ἀφα-

429 3489 533 3552 νῶς
564 3489 596 3559 ἢ
626 3489 882 3560 ἐμφανῶς
910 3489 1300 3559 πολεμοῦντας,
1324 3490 1418 3542 καὶ
1442 3485 1781 3558 λυτρωθῆναι
1801 3502 1814 3516 °
1854 3485 2014 3556 μόνος

429 3584 534 3652 γάρ
565 3582 712 3633 ἐστιν
731 3581 766 3632 ό
799 3579 928 3641 Θεὸς
953 3580 982 3630 ὁ
1013 3579 1070 3644 ἐξ
1102 3578 1376 3648 ἑκατέρων
1401 3576 1784 3647 λυτρούμενος,
1813 3576 1912 3628 καὶ
1950 3576 2011 3627 οὐ

427 3673 657 3726 θανάτου
709 3672 867 3742 μόνον
911 3669 1057 3740 ἡμᾶς
1100 3668 1480 3733 ἀπαλλάττων,
1505 3665 1564 3719 ὃν
1592 3664 1875 3719 ἀπειλοῦσι
1917 3665 2011 3718 καὶ

425 3760 738 3832 ἐνεργοῦσιν
768 3761 817 3812 οἱ
845 3759 1114 3830 δαίμονες,
1148 3758 1284 3810 ἀλλὰ
1328 3757 1420 3809 καὶ⁸
1465 3755 1608 3825 ζωὴν
1638 3754 1894 3826 παρέχων
1925 3752 2012 3805 διά

425 3852 518 3906 τὸν
551 3851 710 3904 αὑτὸν
748 3851 925 3918 λόγον.
958 3850 1208 3916 Μακρὰν
1257 3845 1375 3902 ἀπὸ
1423 3844 1786 3914 ἁμαρτωλῶν
1820 3859 2011 3911 σωτη-

424 3947 542 4013 ρία,
581 3946 669 3998 ὅτι
702 3945 774 3998 τὰ
818 3941 1179 4012 δικαιώματά
1219 3956 1335 3994 σου
1369 3940 1481 3991 οὐκ
1519 3935 1908 4003 ἐξεζήτησαν.
1945 3937 2008 3988 Ol

424 4034 712 4103 οἰκτιρμοί
738 4051 854 4087 σου
881 4033 1119 4094 πολλοὶ,
1150 4033 1344 4100 Κύριε,
1378 4028 1528 4083 κατὰ
1572 4025 1636 4080 τὸ
1683 4025 1859 4095 κρῖμά
1892 4041 2008 4079 σου

424 4123 612 4191 ζῆσόν
637 4123 930 4192 με.Ἔλεος
971 4121 1260 4192 ἀνθρώπου
1305 4121 1397 4172 ἐπὶ
1425 4120 1514 4172 τὸν
1544 4117 1768 4188 πλησίον
1798 4114 1963 4169 αὐτοῦ
1990 4131 2003 4145 ο

424 4213 573 4277 ἔλεος
611 4213 667 4266 δὲ
713 4214 918 4284 Κυρίου
955 4213 1047 4264 ὲπὶ
1095 4214 1273 4265 πᾶσαν
1302 4211 1500 4282 σάρκα,
1529 4209 1587 4272 ὃς
1635 4209 1729 4262 καὶ
1759 4207 1898 4261 πάνυ
1925 4206 2007 4258 διο

424 4307 707 4368 καιότατος
751 4302 889 4358 εἶναι
929 4306 1096 4358 δοκεῖ.
1142 4304 1434 4375 Συγκρίσει
1463 4301 1572 4370 γὰρ
1598 4298 1899 4371 ἀνθρώπων
1932 4297 2008 4361 ὡς

425 4397 562 4468 πρὸς
588 4398 686 4465 τὴν
719 4396 920 4467 ἀκριϐῆ
948 4397 1128 4465 κρίσιν
1161 4394 1252 4447 τοῦ
1286 4393 1442 4454 Θεοῦ,
1474 4392 1623 4444 ἐλέου
1650 4391 1819 4444 δεῖται
1844 4389 1905 4441 τὸ
1933 4387 2007 4440 δί-

2199 2467 2367 2523 Vens.
2400 2468 2656 2523 M9452.
2699 2468 2888 2523 Vocem
2940 2485 3111 2523 meum
3144 2468 3294 2535 audi,
3339 2469 3581 2534 Domine,
3624 2487 3702 2524 se-

2123 2557 2353 2610 cundum
2404 2557 2824 2612 misericordiam
2877 2567 3064 2622 tuam,
3120 2559 3406 2612 secundum
3437 2559 3702 2628 judicium

2121 2655 2268 2698 tuum
2296 2645 2500 2713 viviﬁca
2524 2662 2624 2700 me.
2654 2645 3217 2716 Appropinquaveruut
3238 2657 3598 2716 persequentes
3623 2665 3704 2703 me

2117 2735 2436 2804 iniquitati:
2473 2752 2504 2788 a
2543 2735 2652 2804 lege
2678 2745 2852 2790 autem
2884 2749 2973 2788 tua
3004 2737 3156 2806 longe
3173 2736 3302 2799 facti
3337 2747 3482 2790 sunt.
3531 2737 3702 2806 Prope

2117 2841 2171 2878 es
2203 2834 2282 2886 tu,
2339 2825 2594 2889 Domine,
2650 2837 2700 2880 et
2739 2843 2916 2882 omnes
2958 2828 3056 2882 via:
3095 2837 3213 2882 tua:
3259 2829 3472 2882 veritas.
3534 2827 3700 2885 Initia

2118 2916 2339 2984 cognovi
2384 2916 2448 2970 de
2493 2917 2810 2972 testimoniis
2843 2919 2969 2983 tuis,
3013 2920 3138 2988 quia
3178 2920 3232 2972 in
3264 2927 3520 2972 retentum
3563 2919 3701 2988 {un-

2119 3003 2264 3059 dasti
2309 3021 2393 3061 ea.

2197 3115 2366 3172 Vens.
2395 3118 2654 3172 155-156.
2721 3117 2850 3174 Vide
2889 3119 3241 3174 humilitatem
3276 3128 3444 3175 meam
3483 3128 3532 3175 et
3561 3121 3699 3188 eripe

2123 3223 2225 3270 me,
2253 3209 2379 3276 quia
2410 3208 2569 3279 legem
2601 3220 2747 3264 tuam
2782 3227 2886 3264 non
2923 3227 3042 3264 sum
3071 3212 3290 3266 oblitus.
3324 3211 3521 3265 Judica
3547 3211 3699 3280 judi-

2118 3299 2257 3352 cium
2291 3316 2462 3353 meum
2489 3309 2538 3354 et
2568 3301 2766 3354 redime
2793 3318 2894 3365 me,
2947 3313 3158 3370 propter
3194 3303 3406 3356 verbum
3440 3313 3588 3370 tuum
3626 3306 3700 3357 vi-

2118 3391 2274 3457 viﬁca
2321 3407 2420 3444 me.
2459 3389 2665 3444 Contra
2697 3391 2951 3446 inimicos
2993 3392 3080 3445 vel
3116 3392 3257 3445 clam
3306 3393 3390 3448 vel
3426 3394 3606 3464 palam
3640 3409 3701 3450 se

2117 3488 2500 3550 oppugnantes
2521 3480 2794 3549 judicium
2828 3480 2980 3542 ferri,
3013 3487 3067 3535 et
3097 3481 3317 3536 liberari
3349 3498 3408 3537 se
3434 3484 3695 3552 postulat.

2123 3571 2286 3626 Solus
2317 3573 2556 3641 namque
2588 3571 2732 3626 Deus
2755 3578 2859 3636 est,
2893 3571 2987 3640 qui
3035 3570 3104 3625 ab
3142 3573 3388 3642 utrisque
3437 3575 3696 3642 redimit;

2115 3669 2170 3716 et
2201 3677 2309 3717 non
2341 3677 2371 3715 a
2405 3671 2581 3716 morte
2614 3662 2790 3716 solum
2838 3677 2938 3717 nos
2973 3662 3186 3726 liberat,
3225 3679 3390 3733 quam
3418 3666 3696 3722 daemones

2114 3749 2395 3804 minantur
2432 3757 2486 3804 et
2540 3749 2803 3817 inferunt,
2852 3765 3043 3804 verum
3096 3751 3260 3804 etiam
3306 3753 3378 3806 ob
3445 3755 3693 3809 eamdem

2116 3840 2384 3894 rationem
2414 3837 2581 3892 vitam
2613 3839 2839 3908 praebet.
2867 3838 3041 3908 Longe
3069 3855 3101 3892 a
3130 3841 3494 3908 peccatoribus
3519 3832 3708 3906 salus,-

2111 3932 2239 4000 qnia
2276 3931 2688 4000 justiﬁcationes
2737 3939 2857 3984 tuas
2906 3947 3010 3984 non
3051 3932 3430 4001 exquisierunt.
3486 3933 3696 3988 Miseri:

2110 4021 2306 4086 cordia:
2361 4030 2468 4074 tua:
2519 4021 2722 4084 multae,
2783 4019 3034 4087 Domine,
3096 4022 3383 4076 secundum
3425 4023 3694 4092 judicium

2113 4120 2261 4164 tuum
2310 4110 2517 4178 vivi/ica
2554 4127 2655 4163 me.
2702 4107 3074 4164 Misericordia
3117 4110 3356 4165 hominis
3393 4111 3450 4164 in
3499 4111 3693 4179 proxi~

2113 4217 2260 4254 mum
2296 4216 2457 4257 suum
2491 4207 2614 4266 est;
2642 4195 3039 4255 .misericordia
3080 4215 3213 4254 vero
3242 4199 3338 4254 Dei
3387 4201 3442 4254 in
3472 4216 3690 4255 omnem

2110 4296 2359 4357 carnem,
2387 4292 2481 4361 qui
2505 4291 2670 4346 etiam
2693 4291 2853 4361 longe
2879 4290 3223 4360 iustissimus
3243 4297 3349 4345 est.
3379 4289 3514 4345 Nam
3541 4306 3693 4344 com~

2114 4385 2402 4455 paratione
2432 4383 2717 4436 hominum
2765 4381 2906 4436 facta
2943 4382 3011 4436 ad
3047 4387 3366 4435 accuratum
3410 4379 3503 4434 Dei
3541 4380 3692 4449 judi-

423 4464 595 4540 καιον.
631 4464 745 4539 Πᾶν
795 4464 919 4558 κὰρ
947 4464 999 4537 δῦ
1029 4487 1177 4538 δοκεῖ
1208 4483 1486 4552 γεγονέναι
1514 4481 1634 4535 κατ’
1664 4480 1828 4544 ἔλεον,
1868 4477 2005 4548 ἐλέῳ

2118 4471 2303 4533 cium,
2346 4470 2562 4539 justitia
2617 4464 3000 4525 niiseriCOrdia
3045 4469 3271 4540 indiget.
3317 4468 3693 4538 Quodcunque

422 4576 557 4630 Θεοῦ
589 4576 814 4644 γίνεται.
842 4577 906 4627 Τί
926 4577 1034 4646 γάρ
1063 4592 1146 4637 τις
1179 4574 1326 4640 ἄξιον
1355 4571 1618 4642 πεποίηκε
1650 4569 1866 4622 αἰωνίου
1898 4583 2004 4638 μα-

424 4667 743 4737 καριότητος
781 4666 875 4719 καὶ¹
906 4665 1180 4736 βασιλείας
1199 4662 1461 4733 οὐρανῶν,
1495 4661 1568 4732 μὴ
1600 4661 1704 4713 ὑπὸ
1727 4658 1863 4712 Θεοῦ
1888 4658 2006 4729 βοη-

423 4757 514 4810 οού
523 4774 680 4828 μενος
695 4755 1004 4823 ;-Πολλοὶ
1023 4759 1075 4808 ol
1096 4752 1478 4818 ἐκδιώκοντές
1487 4769 1564 4820 με
1586 4751 1681 4804 καὶ
1699 4747 2004 4814 θλίϐοντες

417 4865 515 4916 με,
550 4848 618 4900 ἐκ
650 4846 768 4899 τῶν
796 4847 1138 4915 μαρτυρίων
1189 4861 1307 4898 σου
1343 4846 1454 4897 οὐκ
1493 4842 1793 4907 ἐξέκλινα.
1822 4836 2004 4893 Εἶδον

422 4934 870 5000 ἁσυνετοῦντας
925 4934 1024 4986 καὶ
1093 4933 1481 5000 ἐξετηκόμην,
1527 4932 1616 4983 ὅτι
1694 4931 1767 4984 τὰ
1831 4927 2005 4998 λόγια

423 5039 539 5078 σου
570 5027 681 5077 οὐκ
719 5023 1264 5093 ἐφυλάξαντο.”ιδε,
1310 5023 1400 5076 ὅτι
1447 5024 1554 5087 τὰς
1594 5020 1846 5085 ἐντολάς
1885 5034 2002 5073 σου

421 5107 727 5174 ἠγάπησα,
750 5109 946 5174 Κύριε,
972 5107 1042 5159 ἐν
1065 5106 1146 5172 τῷ
1173 5108 1330 5160 ἐλέει
1361 5121 1477 5159 σου
1511 5105 1696 5174 ξῆσόν
1717 5112 1812 5174 με.
1831 5102 2001 5172 Ἀρχὴ

422 5196 540 5250 τῶν
567 5199 766 5266 λόγων
793 5212 911 5251 σου
939 5196 1190 5262 ἀλήθεια
1208 5214 1220 5226 ·
1259 5197 1358 5250 καὶ
1385 5200 1470 5263 εἰς
1497 5199 1604 5252 τὸν
1631 5195 1819 5252 αἰῶνα
1855 5194 2005 5248 πάν-

422 5305 495 5340 τα
515 5287 588 5340 τὰ
618 5288 871 5358 κρίματα
898 5287 1008 5357 τῆς
1035 5287 1425 5356 δικαιοσύνης
1452 5304 1587 5343 σου.

495 5485 816 5552 Ἄρχοντες
847 5483 1214 5548 κατεδίωξαν
1228 5501 1304 5553 με
1333 5485 1579 5553 δωρεὰν,
1609 5485 1706 5539 καὶ
1736 5486 1852 5540 ἀπὸ
1886 5486 2004 5540 τῶν

404 5557 618 5646 ..ίόγων
638 5591 754 5629 σου
781 5575 1122 5630 ἐδειλίασεν
1158 5577 1197 5644 ἠ
1226 5575 1440 5644 καρδία
1459 5595 1597 5646 μου.
1617 5561 2000 5647 Ἀταλλιάσο»

416 5682 522 5736 μαι
553 5666 667 5736 ἐγὼ
691 5665 789 5718 ἐπὶ
821 5665 895 5719 τὰ
930 5665 1105 5736 ,πότιά
1127 5682 1264 5731 σου,
1292 5668 1372 5734 ὡς
1405 5668 1452 5722 δ’
1473 5669 1772 5737 εὑρίσκων
1801 5670 2004 5725 σκῦλα

419 5755 639 5818 πολλὰ.
658 5756 908 5824 Ἀδικίας
931 5757 1197 5829 ἐμίσησα
1221 5759 1317 5815 καὶ
1344 5759 1777 5833 ἐϐδελυξάμην,
1810 5762 1913 5819 τὸν
1935 5762 2002 5820 δὲ

2113 4561 2262 4616 enim
2295 4562 2598 4617 secundum
2634 4562 3070 4616 misericordiam
3113 4561 3298 4631 peragi
3327 4561 3562 4627 videtur,
3589 4561 3692 4614 mi-

2112 4653 2415 4708 sericordia
2460 4652 2552 4708 Dei
2589 4651 2844 4707 edicitur.
2901 4651 3043 4718 Quid
3076 4651 3222 4706 enim
3269 4651 3396 4721 quis
3447 4665 3688 4720 unquam

2110 4750 2316 4795 aeterna
2343 4741 2686 4798 beatitudine
2723 4748 2777 4796 et
2809 4755 2978 4812 regno
3021 4741 3286 4796 malorum
3313 4740 3539 4812 dignum
3570 4756 3691 4810 ges-

2111 4832 2266 4895 serit,
2304 4831 2411 4887 nisi
2442 4831 2552 4887 Deo
2576 4832 2917 4902 opitulante?
2944 4862 3015 4872 —
3045 4829 3213 4888 Vens.
3242 4830 3498 4887 157-160.
3526 4829 3692 4885 Multi

2108 4921 2199 4990 qui
2238 4931 2618 4990 persequuntur
2651 4937 2731 4975 me
2757 4930 2808 4975 et
2856 4920 3122 4974 tribulant
3148 4937 3250 4987 me,
3297 4937 3331 4974 a
3376 4921 3688 4974 testimoniis

2109 5011 2214 5063 tuis
2246 5027 2352 5064 non
2382 5012 2661 5065 declinavi.
2728 5009 2845 5065 Vidi
2882 5012 3210 5081 insipientes,
3252 5023 3302 5067 et
3336 5013 3682 5076 tabescebam,

2109 5097 2236 5164 quia
2268 5095 2478 5167 eloquia
2535 5108 2627 5150 tua
2673 5114 2776 5152 non
2824 5100 3205 5155 custodierunt.
3268 5100 3396 5154 Vide
3440 5104 3689 5170 quoniam

2109 5186 2370 5240 mandata
2402 5197 2494 5240 tua
2545 5189 2732 5253 dilexi,
2785 5189 3029 5255 Domine,
3079 5191 3134 5244 in
3182 5191 3549 5245 misericordia
3596 5202 3689 5245 tua

2108 5280 2315 5348 viviﬁca
2349 5297 2450 5335 me.
2487 5280 2818 5348 Principium
2853 5282 3127 5336 verborum
3156 5293 3367 5336 tuorum
3394 5285 3604 5350 veritas,
3637 5292 3688 5337 et

2107 5371 2164 5423 in
2201 5380 2457 5425 aeternum
2481 5372 2659 5426 omnia
2678 5371 2890 5442 judicia
2914 5373 3143 5443 justitite
3166 5383 3292 5428 tute.

2178 5485 2346 5544 Vens.
2367 5487 2619 5543 161-164.
2642 5487 2911 5559 Principes
2926 5489 3185 5559 persecuti
3201 5494 3321 5542 sunt
3338 5487 3620 5558 megratis,
3639 5497 3688 5541 et

2109 5594 2142 5630 a
2175 5577 2344 5632 verbis
2376 5580 2480 5633 tuis
2510 5579 2816 5647 formidavit
2848 5597 2939 5634 cor
2971 5596 3164 5634 meum.
3199 5575 3446 5634 Ltelabor
3471 5595 3564 5649 ego
3593 5596 3687 5634 su-

2108 5687 2199 5740 per
2225 5671 2436 5741 eloquia
2459 5681 2571 5737 tua,
2605 5673 2741 5727 sicut
2772 5673 2862 5744 qui
2891 5673 3081 5727 invenit
3107 5671 3278 5740 spolia
3317 5671 3507 5726 multa.
3571 5671 3686 5725 Ini-

2107 5763 2340 5836 quitates
2393 5763 2513 5819 odio
2542 5764 2732 5839 fiabui'
2750 5775 2800 5822 et
2833 5765 3170 5822 abominatus
3201 5780 3340 5832 sum,
3388 5764 3547 5836 legem
3587 5779 3685 5818 au-
