4102 6410
433 409 569 468 I39!

1175 400 1442 458 EUSEBII
1480 398 1959 457 CESARIENSIS
1995 397 2144 454 OPP.
2174 396 2352 452 PARS
2391 395 2481 452 Ill.
2523 427 2593 436 ——
2632 395 3040 451 EXEGETICA.

3549 399 3571 451 i
3582 398 3692 452 592

437 537 540 584 tem
584 535 730 578 tuam
765 523 947 578 dilexi.
991 519 1190 589 Septies
1238 521 1294 574 in
1342 519 1427 572 die
1478 517 1690 572 laudem
1746 515 1860 569 dixi
1914 515 2006 569 tibi

2110 516 2300 583 νόμον
2319 529 2436 566 σου
2465 511 2774 580 ἠγάπησα.
2793 511 3065 577 Ἐπτάκις
3093 510 3204 578 τῆς
3239 511 3464 581 ἡμέρας
3501 512 3696 580 ᾔνεσά

433 635 588 686 super
609 618 817 688 judicia
844 617 1073 687 justiliw
1098 625 1223 669 tum.
1268 613 1383 669 Hoc
1422 614 1550 668 item
1591 611 1865 682 intelligas
1903 611 2009 666 bac

433 712 664 774 ratione,
705 709 849 780 quod
881 708 1141 763 nimirum
1171 716 1297 759 ante
1325 705 1495 760 solem
1522 705 1715 759 electo
1753 717 2007 788 surgens,

433 801 734 857 secundum
768 801 899 856 illud
937 819 951 856 :
991 800 1069 854 De
1115 807 1262 854 nocte
1291 813 1442 851 mane
1475 795 1740 864 consurgit
1790 795 2008 864 spiritus

431 908 578 946 meus
614 891 684 944 ad
720 901 788 956 te,
838 891 978 945 Deus
1005 881 1081 954 ⁸¹;
1113 896 1167 943 et
1198 905 1211 942 ε
1255 887 1426 952 Deus,
1471 885 1610 939 Deus
1648 900 1814 949 meus,
1859 884 1928 936 ad
1960 893 2010 937 te

431 991 496 1040 de
523 987 635 1040 luce
657 986 813 1055 vigilo
831 985 899 1046 η,
933 984 1169 1053 primum
1195 981 1466 1037 emitteret
1491 978 1785 1050 hymnum;
1811 977 2010 1033 deinde

429 1079 673 1131 instante
705 1076 814 1138 die,
873 1074 1046 1143 prima
1096 1072 1227 1126 hora
1272 1070 1402 1134 dici,
1461 1069 1617 1140 quasi
1674 1069 2006 1123 sacriﬁcium

431 1165 788 1226 matutinum,
845 1163 1146 1217 secundum
1179 1160 1442 1231 hymnum
1491 1158 1602 1214 Deo
1631 1158 2004 1228 persolveret;

431 1255 568 1310 liora
623 1254 876 1310 similiter
920 1252 1105 1315 tertia,
1157 1252 1284 1306 item
1345 1251 1600 1317 tertium;
1647 1258 1801 1305 sexta
1852 1249 2004 1313 item,

431 1355 724 1415 quartum;
771 1359 936 1408 noua,
975 1343 1262 1414 quintum;
1311 1341 1635 1397 duodecima
1671 1341 1828 1406 hora,
1882 1355 2007 1396 sex-

434 1444 549 1489 tum
578 1453 593 1501 ;
628 1434 827 1490 deinde
857 1449 1085 1503 vespera
1113 1440 1238 1504 post
1264 1432 1561 1487 adhibitam
1597 1431 1814 1501 corpori
1847 1445 2010 1486 cura-

432 1522 661 1588 tionem,
707 1521 996 1576 adlectum
1030 1535 1380 1584 accessurus,
1423 1519 1712 1590 septimum
1744 1520 2006 1590 hymnum

431 1611 736 1667 cll‘underet
762 1629 776 1678 ;
810 1620 974 1682 atque
1011 1611 1086 1677 ita
1114 1611 1372 1684 implebat
1401 1611 1532 1666 illud
1561 1629 1574 1666 :
1613 1607 1811 1679 Septies
1841 1611 1896 1664 in
1923 1608 2009 1664 die

431 1703 639 1760 laudem
671 1704 786 1759 dixi
812 1703 923 1760 tibi.

2115 621 2190 658 σε
2212 605 2308 658 ἐπὶ
2337 603 2409 657 τὰ
2433 604 2687 672 κρίματα
2724 601 2832 668 τῆς
2872 601 3268 669 δικαιοσύνης
3292 617 3428 657 σου.
3461 603 3696 674 Νοήσεις

2112 696 2207 748 καὶ
2237 695 2408 758 οὑτως
2433 695 2733 765 ἐπιστήσας
2750 692 2826 756 ὡς
2847 693 2953 764 πρὸ
2978 693 3128 763 ήλίου
3161 693 3567 763 διανιστάμενος
3593 693 3695 762 τῆς

2112 787 2295 856 κοίτης
2319 785 2460 839 κατὰ
2494 786 2588 838 τὸν
2625 785 2852 853 λέγοντα
2879 801 2892 814 ο
2935 786 3028 836 Ἐκ
3072 783 3293 849 νυκτὸς
3337 783 3582 852 ὀρθρίζει
3626 783 3692 836 τὸ

2111 877 2347 948 πνεῦμά
2365 895 2486 946 μου
2511 877 2660 944 πρὸς
2687 875 2783 938 σὲ,
2815 879 2848 929 ό
2880 876 3024 942 Θεός
3043 892 3056 905 ο
3091 877 3205 938 καὶ,
3223 879 3270 929 τό
3299 876 3464 942 Θεὸς,
3491 880 3524 930 d
3547 877 3692 942 Θεός

2105 989 2246 1040 μου,
2264 970 2412 1039 πρὸς
2432 969 2507 1023 σὲ
2526 969 2780 1037 δρθρίζω,
2810 969 2900 1022 τὸν
2924 967 3141 1040 πρῶτον
3165 968 3479 1039 ἀνέπεμπεν
3500 966 3687 1038 ὑμνον·

2110 1056 2207 1114 εἶτ’
2223 1059 2520 1128 ἐπιστάτης
2539 1058 2768 1128 ἡμέρας,
2789 1057 2932 1110 κατά
2949 1057 3048 1128 τὴν
3071 1054 3294 1129 πρώτην
3313 1055 3480 1129 ῶραν,
3503 1058 3695 1130 ὥσπερ

2109 1150 2277 1204 ἕωθεν
2314 1149 2413 1220 τὴν
2459 1149 2650 1202 Θυσίαν
2699 1147 3005 1220 προσέφερε
3043 1148 3122 1218 τῷ
3153 1148 3272 1219 Θεῷ
3302 1149 3392 1201 τὸν
3420 1147 3696 1220 δεύτερον,

2110 1241 2201 1292 καὶ
2229 1241 2370 1292 κατά
2391 1239 2488 1309 τὴν
2519 1239 2710 1309 τρίτην
2746 1237 3008 1302 ὡσαύτως
3045 1237 3144 1308 τὴν
3169 1238 3370 1308 τρίτον,
3405 1239 3501 1291 καὶ
3536 1239 3698 1292 πάλιν

2109 1328 2252 1381 κατὰ
2295 1327 2394 1398 τὴν
2439 1326 2606 1397 ἕκτην
2646 1327 2738 1380 τὸν
2785 1327 3064 1398 τέταρτον,
3098 1327 3237 1380 κατά
3286 1327 3342 1380 δὲ
3375 1327 3473 1398 τὴν
3499 1328 3696 1400 ἐνάτην

2109 1417 2258 1488 ῶραν
2289 1415 2379 1469 τὸν
2403 1416 2669 1486 πέμπτον,
2701 1415 2842 1472 κατά
2874 1416 2932 1470 δὲ
2955 1416 3050 1487 τὴν
3072 1417 3378 1486 δωδεκάτην
3397 1418 3487 1470 τὸν
3510 1419 3688 1483 ἕκτον,

2109 1503 2209 1560 εἶθ’
2243 1507 2482 1578 ἑσπέρας
2525 1507 2666 1576 μετά
2710 1507 2809 1576 τὴν
2835 1507 2931 1560 τοῦ
2962 1507 3214 1578 σώματος
3245 1508 3564 1579 θεραπείαν,
3593 1509 3690 1562 ἐπὶ

2109 1600 2295 1668 κοίτην
2325 1597 2530 1668 μέλλων
2556 1597 2851 1668 τρέπεσθαι
2895 1597 2986 1650 τὸν
3031 1598 3258 1669 εὗδομον
3304 1598 3472 1669 ὕμνον
3499 1599 3687 1653 ἀπεδίη

2107 1689 2221 1753 ὼυ,
2260 1689 2354 1745 καὶ
2405 1687 2576 1753 οὑτως
2604 1687 2840 1760 ἐπλήρου
2874 1688 2970 1741 τόο
3013 1687 3287 1756 Ἐπτάκις
3320 1688 3431 1758 τῆς
3461 1689 3690 1759 ἡμέρας

2109 1779 2304 1849 ﬁre-od
2339 1793 2434 1833 σε.

501 1875 669 1931 Vsus.
704 1874 830 1930 165.
883 1873 1003 1929 Pax
1041 1875 1210 1930 multa
1243 1874 1578 1946 diligentibus
1626 1875 1786 1946 legens
1835 1882 2002 1940 tuam,

2178 1869 2403 1938 Εἰρήνη
2431 1869 2629 1937 πολλὴ
2656 1868 2780 1936 τοῖς
2811 1869 3082 1939 ἀγαπῶσι
3099 1870 3204 1924 τὸν
3226 1871 3415 1940 νόμον
3437 1871 3690 1936 σανίσι

429 1975 479 2022 et
511 1982 613 2021 non
632 1976 712 2021 est
742 1967 854 2021 illis
879 1966 1216 2024 scandalum.
1283 1966 1379 2021 Dei
1417 1981 1616 2021 nomen
1657 1964 1878 2037 [legem]
1922 1965 2007 2019 di-

432 2056 726 2127 ligentibus
751 2067 855 2128 pax
884 2058 1026 2112 inest
1049 2057 1216 2110 multa
1241 2074 1256 2124 ;
1292 2072 1403 2112 non
1429 2057 1610 2128 qualis
1627 2063 1852 2112 externa
1879 2071 1892 2107 :
1914 2055 2005 2108 illa

429 2150 634 2218 quippe
655 2160 766 2202 non
798 2161 968 2218 penes
1024 2163 1128 2204 nos
1173 2157 1294 2216 est;
1331 2149 1426 2203 sed
1457 2163 1521 2203 ea
1554 2163 1675 2218 qua:
1705 2147 1759 2201 in
1796 2147 2006 2217 cogita-

430 2239 676 2294 tionibus
706 2239 811 2294 sita
845 2245 949 2304 est,
987 2254 1053 2293 ex
1084 2253 1192 2308 qua
1234 2237 1570 2294 turbationis
1615 2243 1668 2293 et
1715 2237 2004 2301 tumultus,

429 2346 552 2400 qua:
592 2345 658 2384 ex
701 2328 994 2385 allectuum
1062 2330 1338 2384 vacuitate
1390 2329 1632 2400 gignitur
1687 2327 2006 2383 immunitas

429 2417 670 2472 exsistit.
705 2416 860 2471 Hanc
885 2430 994 2471 una
1026 2430 1152 2470 cum
1199 2416 1525 2488 congruenti
1572 2417 1744 2487 gratia
1775 2431 2005 2486 accepe-

428 2514 582 2572 runt,
608 2509 702 2578 qui
736 2521 855 2562 eum
880 2523 910 2561 ε
936 2506 1046 2562 Deo
1079 2506 1239 2563 Patre
1267 2517 1322 2562 et
1359 2507 1588 2562 Domino
1621 2507 1753 2564 Jesu
1784 2509 2008 2564 Christo

431 2597 582 2652 nacti
617 2604 766 2652 sunt.
799 2595 936 2651 Cum
969 2597 1118 2651 illam
1144 2598 1332 2667 itaque
1369 2599 1424 2652 in
1462 2598 1684 2652 nomine
1706 2596 1800 2651 Dei
1828 2597 2008 2668 possi-

429 2685 620 2750 deant,
649 2691 839 2756 utpote
879 2685 1078 2740 eximie
1112 2684 1362 2755 perfecti,
1417 2685 1736 2741 scandalum
1771 2701 1880 2740 non
1908 2686 2008 2740 ba-

430 2777 561 2834 bent
593 2777 648 2830 iu
697 2775 1014 2845 semetipsis
1065 2793 1078 2830 :
1133 2791 1258 2830 nam
1321 2776 1642 2845 pusillorum
1688 2776 1843 2840 illud,
1895 2791 2007 2831 non

427 2881 561 2920 vero
594 2866 1037 2936 praestandorum
1073 2873 1180 2930 est,
1236 2856 1697 2936 quemadmodum
1753 2867 1830 2920 ait
1879 2866 2005 2922 Ser-

429 2964 589 3010 vatur
640 2972 656 3010 :
719 2956 903 3012 Videte
952 2973 1014 3010 ne
1045 2957 1423 3012 scandalizetis
1474 2973 1634 3011 unum
1684 2956 1748 3012 de
1795 2959 2006 3026 pusillis

428 3049 548 3104 istis
578 3049 644 3104 “.
687 3047 845 3114 Quod
894 3048 941 3104 si
989 3049 1160 3103 multa
1195 3063 1298 3117 pax
1345 3049 1416 3104 sit
1448 3049 1806 3119 diligentibus
1835 3049 2004 3118 legem

2106 1963 2217 2016 οὐκ
2244 1961 2416 2015 ἐστιν
2440 1960 2644 2026 αὐτοῖς
2670 1959 3040 2018 σκάνδαλον.
3081 1963 3206 2025 Τοῖς
3236 1962 3328 2016 τοῦ
3353 1961 3489 2016 Θεοῦ
3516 1963 3690 2034 ὄνομα

2107 2051 2362 2106 ποθοῦσιν
2394 2053 2583 2123 εἰρήνη
2617 2053 2871 2122 τυγχάνει
2903 2052 3095 2124 πολλή,
3129 2054 3191 2106 οὑ
3219 2054 3475 2108 τοσοῦτον
3497 2056 3531 2124 ή
3558 2054 3692 2119 ἔξω·

2109 2143 2199 2197 θεν
2217 2161 2232 2174 υ
2263 2143 2324 2196 οὑ
2354 2143 2464 2214 γὰρ
2490 2145 2574 2212 ὑφ’
2598 2145 2732 2213 ἡμῖν
2759 2143 2899 2214 αῦτη
2919 2161 2932 2176 ⁸
2962 2143 3076 2198 ἀλλ’
3109 2147 3141 2215 ή
3169 2145 3229 2199 ὲν
3249 2146 3360 2208 τοῖς
3381 2144 3686 2215 λογισμοῖς,

2107 2233 2227 2287 καθ’
2257 2235 2321 2304 ἢν
2354 2233 2640 2303 συμϐαίνει
2663 2233 2960 2305 ἀταραξίαν
2986 2234 3078 2286 καὶ
3100 2233 3484 2304 ἀνενοχλησίαν
3510 2233 3612 2304 τῆς
3629 2232 3692 2299 ἐξ

2107 2323 2376 2387 ἀπαθείας
2395 2323 2558 2394 ἔχειν.
2583 2322 2796 2394 Ταύτην
2823 2324 2941 2393 ἅμα
2969 2325 3035 2394 τῇ
3060 2322 3381 2394 καταλλήλῳ
3407 2323 3589 2394 χάριτι
3613 2325 3692 2377 εί-

2106 2413 2339 2484 λήφασιν
2364 2416 2412 2466 oi
2443 2413 2656 2484 ἔχοντες
2679 2413 2788 2466 ἀπὸ
2819 2413 2954 2466 Θεοῦ
2987 2415 3079 2466 καὶ
3109 2413 3322 2484 Πατρός
3354 2414 3450 2466 καὶ
3483 2413 3690 2484 Κυρίου

2118 2503 2292 2574 Ἰησοῦ
2325 2502 2580 2574 Χριστοῦ.
2606 2503 2946 2573 Κεκτημένοι
2978 2503 3110 2572 γοῦν
3136 2503 3305 2574 αὐτὴν
3325 2502 3412 2556 διὰ
3439 2503 3500 2556 τὸ
3519 2501 3691 2573 ὄνομα

2104 2595 2201 2650 τοῦ
2235 2594 2392 2659 Θεοῦ,
2421 2594 2866 2665 ὑπερϐαλλόντως
2894 2595 3231 2666 ὑπάρχοντες
3273 2595 3490 2658 τέλειοι,
3527 2595 3693 2650 σκάνο

2105 2686 2262 2740 δαλον
2304 2685 2404 2738 οὑκ
2435 2683 2647 2754 ἔχουσιν
2687 2686 2744 2736 ὲν
2777 2685 3021 2748 ἑαυτοῖς·
3071 2683 3284 2755 μικρῶν
3331 2683 3440 2755 γὰρ
3487 2684 3602 2738 ἀλλ’
3628 2684 3690 2738 οὑ

2111 2777 2363 2847 μεγάλων
2387 2775 2449 2830 τὸ
2482 2775 2628 2848 ἔχειν
2669 2776 2844 2840 τοῦτο,
2873 2775 2949 2838 ὣς
2983 2791 3147 2845 φησιν
3175 2778 3204 2828 ό
3234 2775 3449 2845 Σωτήρο
3494 2773 3691 2842 Ὁρᾶτε

2100 2867 2187 2936 μὴ
2221 2866 2674 2934 σκανδαλίσητε
2701 2866 2810 2920 ἕνα
2837 2865 2955 2919 τῶν⁹
2974 2864 3204 2936 μικρῶν
3238 2867 3481 2920 τούτων.
3528 2867 3590 2919 Et
3630 2865 3690 2920 δὲ

2107 2958 2192 3028 εἴη
2221 2959 2407 3028 εἰρήνη
2442 2957 2612 3026 πολλὴ
2641 2959 2752 3020 τοῖς
2780 2955 3035 3024 ἀγαπῶσι
3067 2957 3159 3009 τὸν
3203 2957 3366 3026 νόμον
3407 2955 3501 3009 τοῦ
3525 2955 3686 3020 Θεοῦ,

2107 3052 2326 3120 εἰρήνην
2347 3049 2458 3118 ἔχει
2486 3049 2706 3120 πολλὴν,
2735 3049 2970 3118 πόλεμος
2995 3049 3091 3121 οὑχ
3126 3049 3358 3102 ἀπτεται
3384 3051 3482 3121 τῆς
3512 3050 3691 3121 ψυχῆς

429 3138 547 3201 Dei,
585 3154 776 3208 pacem
810 3139 900 3192 ille
933 3139 1160 3192 multam
1192 3138 1380 3200 habet,
1422 3137 1738 3207 bellumque
1767 3137 2002 3189 animam

2110 3139 2274 3193 αὑτοῦ
2295 3156 2308 3171 ·
2339 3140 2490 3196 οὐδὲν
2515 3139 2622 3210 γὰρ
2653 3139 2761 3193 τῶν
2792 3140 3202 3210 ἁμαρτημάτων
3231 3139 3446 3195 ἐκκαίει
3469 3141 3566 3212 τὴν
3597 3141 3692 3211 ψυο

426 3227 549 3296 ejus
569 3243 677 3280 non
696 3227 911 3296 attingit
930 3246 941 3280 :
962 3227 1173 3280 nullum
1192 3227 1335 3279 enim
1348 3233 1631 3294 peccatum
1649 3225 1758 3280 urit
1771 3225 2006 3280 animam

2111 3229 2210 3300 χὴν
2234 3227 2423 3292 αὑτοῦ,
2455 3228 2549 3281 καὶ
2577 3228 2672 3281 ἅτε
2710 3230 2899 3299 εἰρήνη
2916 3247 2934 3281 λ
2960 3228 3098 3298 ἔχων
3135 3228 3375 3292 τοιοῦτος
3403 3229 3688 3299 γεγένηται

429 3315 584 3384 ejus:
617 3323 672 3369 et
697 3314 826 3384 quia
862 3328 1050 3384 pacem
1080 3313 1264 3379 habet,
1283 3315 1408 3368 talis
1428 3315 1625 3380 evasit,
1657 3321 1768 3369 uta
1789 3313 2010 3370 nemine

434 3405 576 3460 ultra
618 3403 1046 3470 scaudalizetur,
1081 3403 1316 3458 dicens:
1352 3403 1482 3470 Quis
1535 3420 1629 3459 nos
1670 3404 1936 3473 separabit
1977 3421 2009 3457 a

427 3497 688 3552 charitate
736 3494 982 3550 Christi?
1018 3493 1337 3558 Tribulatio,
1377 3511 1447 3548 an
1471 3495 1717 3565 angustia
1738 3497 1804 3560 ’⁵,
1836 3503 1943 3549 etc.

504 3584 670 3642 Vsus.
701 3584 826 3639 166.
864 3583 1254 3652 Exspectabam
1285 3585 1536 3640 Salutare
1565 3596 1734 3652 tuum,
1759 3585 2005 3647 Domine.

429 3685 479 3734 et
510 3675 770 3733 mandata
813 3684 907 3728 tua
961 3673 1148 3730 dilexi.
1211 3675 1350 3730 Cum
1401 3691 1430 3729 a
1463 3684 1515 3732 te
1553 3691 1736 3731 veram
1774 3677 2006 3731 salutem

429 3774 830 3840 exspectarem,
879 3781 987 3820 non
1034 3765 1196 3819 modo
1227 3767 1472 3831 servavi,
1508 3765 1604 3821 sed
1647 3767 1812 3822 etiam
1845 3765 2006 3821 dilexi

441 3857 704 3914 mandata
751 3865 866 3912 tua.
908 3854 1044 3910 Nam
1079 3871 1204 3909 cum
1247 3865 1402 3912 actus
1447 3871 1555 3911 una
1602 3873 1726 3912 cum
1768 3856 2027 3941 perlecta.

431 3948 812 4003 mandatorum
841 3946 1134 4000 dilectione
1162 3945 1445 4017 jungetur,
1487 3953 1862 4016 exspectatum
1903 3947 2006 4002 Sa-

431 4042 608 4097 lutare
666 4040 956 4096 confestim
1007 4049 1290 4110 sequetur,
1339 4040 1483 4111 quod
1539 4057 1649 4094 non
1699 4041 1846 4096 aliud
1900 4050 2003 4106 est,

432 4149 598 4204 quam
631 4134 784 4188 salus
815 4147 1009 4188 eorum
1053 4133 1147 4202 qui
1193 4133 1366 4202 ipsam
1409 4143 1798 4203 assequuntur.
1849 4134 2005 4202 Quod

432 4221 479 4276 si
511 4221 677 4277 etiam
711 4222 1049 4278 Salvatorem
1079 4231 1382 4293 exspectet,
1415 4225 1484 4280 de
1512 4239 1622 4295 quo
1637 4226 1844 4280 dictum
1873 4235 1955 4282 est
1989 4245 2003 4282 :

440 4310 647 4366 Videbit
689 4312 862 4366 omnis
909 4327 1035 4366 caro
1067 4309 1319 4366 Salutare
1358 4311 1455 4367 Dei
1477 4313 1544 4380 ”,
1605 4320 2008 4383 consequenter

427 4401 682 4457 mandata
704 4400 796 4457 Dei
824 4400 1022 4471 diligit,
1043 4401 1203 4471 cujus
1227 4402 1390 4458 etiam
1425 4402 1675 4460 Salutare
1717 4413 2005 4474 exspecta-

2109 3319 2185 3380 ὡς
2221 3317 2326 3370 ὑπὸ
2371 3316 2598 3386 μηδενὸς
2641 3315 2719 3368 ἔτι
2759 3315 3119 3387 σκανδαλισθῇ
3159 3316 3364 3385 λέγων’
3402 3319 3497 3384 Τίς
3535 3316 3695 3386 ἡμᾶς

2110 3410 2350 3476 χωρίσει
2373 3407 2498 3461 ἀπὸ
2524 3407 2634 3475 τῆς
2659 3407 2895 3475 ἀγάπης
2920 3405 3026 3462 τοῦ
3060 3410 3356 3478 Χριστοῦ;
3398 3409 3615 3478 autem
3652 3409 3691 3480 ἢ

2110 3499 2496 3567 στενοχωρία,
2533 3499 2628 3551 καὶ⁸
2658 3498 2726 3551 τά
2756 3498 2901 3569 ἑξῆς.

2178 3589 2572 3657 Προσεδόκων
2613 3589 2679 3643 τὸ
2722 3589 3020 3660 Σωτήριόν
3062 3606 3200 3656 σου,
3230 3592 3428 3659 Κύριε,
3458 3591 3554 3645 καί
3585 3592 3692 3660 τὰς

2107 3679 2361 3746 ἐντολάς
2384 3695 2498 3736 σου
2521 3679 2826 3750 ἠγάπησα.
2855 3679 3175 3753 Προσδοκῶν
3203 3682 3301 3752 τὴν
3331 3681 3438 3736 ἀπὺ
3469 3681 3562 3735 σοῦ
3591 3700 3693 3736 σω-

2108 3772 2304 3842 τηρίαν
2360 3769 2458 3843 τὴν
2511 3770 2792 3842 ἀληθινὴν,
2820 3772 2880 3826 οὑ
2927 3773 3086 3841 μόνον
3133 3773 3395 3842 ἐτήρησα,
3427 3771 3562 3826 ἀλλὰ
3598 3771 3695 3824 καὶ

2108 3860 2374 3930 ἠγάπησά
2401 3876 2494 3912 σου
2533 3859 2631 3918 τὰς
2663 3858 2902 3922 ἐντολάς.
2928 3856 3040 3929 Τῆς
3078 3858 3186 3928 γὰρ
3220 3859 3336 3929 μετ’
3365 3862 3693 3930 ἀγαπήσεως

2108 3953 2217 4005 τῶν
2259 3949 2488 4004 ἐντολῶν
2534 3948 2974 4022 κατωρθωμένης
3023 3950 3303 4020 ἐνεργείας
3349 3949 3690 4021 ὑπαρξάσης,

2110 4043 2270 4106 εὐθὺς
2293 4041 2646 4112 ἀκολουθήσει
2679 4040 2740 4096 τὸ
2769 4039 3215 4112 προσδοκώμενον
3261 4041 3557 4112 Σωτήριον,
3592 4041 3692 4112 οὐχ

2108 4133 2293 4202 ἓτερον
2320 4130 2379 4186 δν
2411 4131 2511 4200 τῆς
2541 4130 2650 4184 τῶν
2683 4127 3003 4200 σωζομένων
3045 4130 3338 4200 σωτηρίας.
3380 4131 3442 4183 Ei
3491 4129 3548 4183 δὲ
3596 4131 3692 4184 καὶ

2107 4222 2198 4276 τὸν
2228 4221 2452 4294 Σωτῆρα
2481 4217 2775 4291 προσδοκᾷ,
2807 4219 2932 4290 περὶ
2959 4215 3021 4274 οὑ
3049 4219 3292 4291 εἴρηταιο
3325 4218 3503 4274 Πᾶσα
3533 4219 3691 4288 σὰρξ

2111 4314 2319 4382 ὄψεται
2349 4313 2414 4366 τὸ
2448 4311 2748 4380 Σωτήρων
2793 4311 2900 4366 τοῦ
2939 4311 3109 4374 Θεοῦ,
3159 4311 3468 4375 ἀκολούθως
3501 4311 3692 4382 ἀγαπᾷ

2111 4405 2210 4471 τὰς
2233 4403 2452 4468 ὲντολάς
2482 4402 2576 4456 τοῦ
2599 4401 2757 4466 Θεοῦ,
2782 4398 2842 4456 οὑ
2862 4403 2956 4456 καὶ
2978 4403 3038 4455 τὸ
3061 4403 3335 4474 Σωτήριον
3360 4403 3692 4475 προσεδόκη-

428 4498 526 4560 vit,
559 4505 616 4551 ut
647 4504 701 4551 et
729 4497 944 4552 actione
985 4512 1156 4566 purus
1202 4507 1257 4552 et
1304 4497 1715 4566 exspectatione
1760 4502 2006 4549 contem-

2113 4514 2223 4560 σεν,
2257 4497 2342 4549 ἵνα
2385 4495 2479 4550 καὶ
2510 4495 2608 4567 τὴν
2646 4493 2842 4567 πρᾶξιν
2951 4494 3225 4566 καθαρῶς,
3271 4496 3362 4549 καὶ
3393 4493 3491 4566 τὴν
3522 4511 3692 4565 προσ-

430 4586 739 4654 plabuudus
787 4587 880 4650 sit,
911 4596 1243 4657 exspectans
1280 4601 1497 4657 semper
1527 4595 1582 4642 et
1629 4585 2006 4655 contemplans

428 4663 597 4730 Deum
634 4675 874 4733 Verbum
908 4678 1215 4735 venientem
1246 4693 1494 4750 quaerere
1543 4686 1598 4733 et
1657 4679 1870 4733 salvum
1924 4677 2008 4733 la-

426 4782 552 4823 cere
575 4767 721 4837 quod
763 4769 1021 4836 perierat.

500 4857 666 4913 Vatis.
710 4857 834 4922 167,
869 4860 992 4914 168.
1013 4859 1310 4915 Custodiuit
1341 4862 1523 4915 anima
1557 4877 1671 4915 mea
1701 4861 2006 4916 testimonia

427 4957 553 5009 tua,
587 4955 636 5000 et
667 4945 855 5000 dilexit
892 4963 956 5003 ea
989 4949 1337 5004 uehementer.
1371 4948 1490 5003 Non
1528 4951 1706 5005 solum
1745 4950 2001 5004 mandata

428 5047 520 5090 tua
547 5035 749 5100 dilexi,
782 5049 969 5091 verum
997 5038 1163 5093 etiam
1199 5039 1514 5094 testimonia
1548 5046 1641 5093 tua
1677 5038 1834 5093 valde
1865 5039 2003 5094 dile-

428 5126 507 5179 xit
557 5126 741 5181 anima
788 5141 941 5193 mea,
987 5135 1044 5183 et
1081 5129 1381 5183 custodivit
1420 5145 1503 5184 ea.
1549 5129 1734 5184 Primo
1782 5130 2004 5199 quidem

429 5215 744 5285 singulatim
783 5217 1037 5283 dicebat,
1067 5218 1373 5289 diligebam,
1399 5227 1490 5284 et,
1536 5219 1702 5273 dilea‘zi
1749 5219 2006 5274 mandata

434 5316 566 5369 tua;
599 5308 842 5362 secundo
878 5319 1092 5372 autem,
1135 5309 1434 5367 Custodiuit
1479 5312 1661 5366 anima
1700 5328 1814 5365 mea
1858 5312 2006 5365 testi-

427 5401 604 5454 monia
657 5411 788 5467 tua;
842 5404 1005 5459 tertio
1055 5405 1183 5461 item
1236 5415 1470 5478 utraque
1515 5408 1855 5479 coniungens
1891 5408 2000 5462 ait:

429 5487 642 5544 Servavi
677 5492 932 5548 mandata
962 5504 1054 5550 tua
1082 5506 1132 5551 et
1165 5497 1470 5554 testimonia
1507 5509 1640 5563 tua;
1669 5499 1795 5570 quia
1825 5515 2003 5554 omnes

429 5581 523 5635 uia:
554 5599 680 5638 mea:
705 5586 759 5639 in
783 5597 1061 5658 conspectu
1086 5597 1195 5656 tuo,
1229 5589 1468 5647 Domine.
1492 5590 1756 5654 Peccator
1782 5606 1892 5646 non
1923 5591 2007 5646 di-

2112 4589 2296 4642 δοκίαν
2329 4586 2699 4659 θεωρητικῶς,
2731 4585 3045 4657 προσδοκῶν
3073 4586 3160 4638 ἀεὶ
3197 4588 3291 4640 καὶ
3321 4585 3540 4658 θεωρῶν
3565 4586 3692 4655 ὲλη-

2110 4678 2310 4734 λυθότα
2335 4678 2426 4734 τὸν
2446 4679 2578 4731 Θεδν
2607 4677 2782 4746 Λόγον
2812 4677 3044 4748 ζητῆσαι
3071 4676 3165 4731 καὶ
3197 4676 3368 4731 σῶσαι
3393 4679 3453 4730 τὸ
3479 4677 3685 4730 ἀπολω-

2107 4771 2215 4834 λός.

2195 4860 2524 4931 Ὲφύλαξεν
2554 4861 2594 4926 ἠ
2628 4857 2796 4926 ψυχή
2819 4877 2940 4928 μου
2983 4855 3054 4910 τὰ
3090 4855 3383 4927 μαρτύριὰ
3423 4873 3559 4922 σου,
3591 4857 3690 4910 καὶ

2108 4953 2427 5022 ἠγάπησεν
2454 4949 2607 5006 αὐτὰ
2640 4950 2895 5018 σφόδρα.
2931 4950 3005 5002 Οὐ
3036 4949 3193 5020 μόνον
3217 4948 3316 5011 τὰς
3345 4948 3562 5011 ἐντολάς
3593 4965 3688 5001 σου

2107 5044 2390 5114 ἠγάπησα,
2419 5041 2555 5094 ἀλλά
2583 5042 2678 5095 καὶ
2703 5041 2772 5093 τὰ
2803 5039 3079 5111 μαρτύριά
3111 5055 3204 5091 σου
3240 5039 3445 5110 σφόδρα
3467 5040 3690 5110 ἠγάπη-

2110 5153 2199 5190 σεν
2231 5136 2263 5206 ἠ
2295 5133 2439 5205 ψυχή
2471 5151 2594 5204 μου,
2634 5133 2730 5186 καὶ
2778 5131 3039 5200 ἐφύλαξεν
3087 5131 3244 5184 αὑτά.
3279 5131 3548 5203 Πρότερον
3593 5132 3693 5200 μὲν

2109 5225 2250 5278 κατά
2274 5223 2352 5289 ἒν,
2383 5224 2652 5294 ἠγάπων,
2681 5224 2795 5286 καὶ,
2826 5222 3112 5292 ἠγάπησα
3139 5215 3244 5289 τὰς
3264 5221 3521 5288 ἐντολάς
3548 5237 3688 5276 σοιν

2106 5318 2355 5387 δεύτερον
2379 5333 2392 5347 °
2456 5312 2790 5384 Ἑφύλαξεν
2827 5315 2865 5382 ἡ
2900 5314 3070 5383 ψυχή
3119 5332 3240 5383 μου
3289 5315 3362 5367 ἰὰ
3397 5312 3692 5382 μαρτύριὰ

2108 5424 2223 5462 σου
2243 5423 2256 5436 ⁶
2278 5406 2420 5460 κατὰ
2454 5405 2512 5458 δὲ
2538 5406 2598 5458 τὸ
2629 5405 2810 5476 τρίτον
2844 5403 3162 5472 συναγαγὼν
3191 5403 3476 5475 ἀμφότερα
3501 5405 3581 5467 είς
3608 5404 3690 5468 ἓν,

2111 5495 2274 5568 φησίν
2293 5513 2306 5526 ·
2351 5493 2652 5564 Ἐφύλαξα
2680 5494 2786 5559 τὰς
2809 5490 3060 5560 ἐντολάς
3088 5507 3205 5546 σου
3248 5491 3344 5544 καὶ
3373 5491 3444 5544 τὰ
3468 5491 3704 5560 μαρτύο.

2105 5589 2211 5658 ριὰ
2237 5605 2376 5654 σου,
2405 5589 2493 5643 ὅτι
2520 5584 2706 5644 πᾶσαι
2729 5592 2788 5644 al
2818 5586 2948 5642 ὁδοί
2968 5605 3090 5657 μου
3118 5583 3398 5640 ἐναντίον
3420 5599 3558 5652 σου,
3575 5585 3690 5640 Κύ-

509 5737 549 5769 “
595 5737 713 5794 lsa.
759 5749 884 5795 xxv!
912 5784 927 5812 _.
965 5739 1017 5797 9.
1095 5745 1138 5776 "
1181 5741 1326 5800 Psal.
1363 5761 1510 5815 nul,
1547 5745 1602 5799 2.
1680 5746 1724 5776 ”
1764 5738 1953 5800 Matth.
1990 5759 2161 5810 an,
2197 5743 2282 5799 l0.
2360 5743 2418 5814 “_
2445 5740 2603 5800 Rom".
2641 5757 2771 5808 un,
2808 5743 2895 5798 55.
2977 5743 3022 5776 ’⁸
3063 5745 3170 5798 lsa.
3209 5755 3312 5809 ιι,
3350 5741 3403 5795 5.
