4102 6408
377 447 516 505 1393
1531 429 1942 490 ΟΟΜΙΕΝΤΑΕ

2073 429 2140 484 ΙΝ
2179 430 2520 488 PSALMOS.
3514 438 3652 496 1391

367 584 480 636 με.
496 564 556 617 '0
573 561 896 633 ἁμαρτωλὸς
927 561 1027 614 οὐκ
1049 559 1165 630 ἐρεῖ
1182 574 1194 588 ο
1215 555 1408 611 Πᾶσαι
1433 558 1491 609 al
1523 554 1653 608 ὁδοί
1666 571 1786 623 μου
1805 553 1942 607 ἐναν

2073 560 2192 617 cet,
2229 551 2423 607 Omnes
2465 553 2565 606 ait:
2615 567 2742 606 mea:
2783 551 2836 606 in
2877 561 3158 624 conspectu
3201 561 3336 609 tuo:
3378 571 3505 611 nam
3553 559 3654 612 viae

375 656 507 708 τίον
536 668 652 705 σου
671 669 684 682 ·
713 652 768 704 αι
801 652 910 719 γὰρ
941 648 1050 701 ὁδοὶ
1092 646 1187 699 τοῦ
1233 642 1560 716 ἀμαρτωλοῦ
1594 642 1694 693 οὐκ
1739 641 1876 692 εἰσὶν
1905 641 1942 692 ὲκ

2067 645 2377 714 peccatoris
2411 660 2520 699 non
2569 643 2782 700 suntin
2823 655 3118 715 conspectu
3161 647 3292 713 Dei,
3336 648 3433 704 sed
3471 649 3650 704 solum

376 744 674 813 ὀξθαλμοῖς
711 713 1001 801 τοῦνΘεοῦ,
1035 738 1170 790 ἀλλὰ
1401 737 1457 787 αἱ
1494 731 1587 786 τοῦ
1621 731 1856 784 δικαίου·
1895 730 1942 783 ἵν

2065 713 2164 788 via:
2183 735 2341 803 justi.
2375 733 2444 788 Ut
2474 735 2641 804 igitur
2663 749 2856 790 omnes
2903 713 3004 792 via:
3032 746 3232 792 nostra:
3257 739 3318 792 in
3351 748 3648 810 conspectu
3685 777 3687 780 ι

376 830 470 886 οῦν
505 835 597 886 καὶ
626 836 682 885 αἱ
713 833 975 903 ἡμέτεραι
1003 831 1268 897 γένωνται
1299 827 1469 879 πᾶσαι
1495 827 1549 876 αί
1583 823 1692 876 ὁδοὶ
1725 820 1942 874 ἐναντίοι

2065 827 2154 881 Dei
2191 828 2341 890 sint;
2385 825 2642 883 videlicet
2669 827 2852 898 leges,
2891 830 3198 898 prophetae,
3234 829 3477 900 perfecta
3516 831 3646 886 item

376 923 469 975 τοῦ
498 923 655 986 Θεοῦ,
679 925 727 975 οί
756 923 928 992 νόμοι,
961 923 1010 974 οί
1040 919 1340 992 προφῆται,
1377 919 1410 988 ἡ
1439 917 1537 969 ἐπὶ⁴
1578 917 1715 968 πᾶσι
1755 913 1942 966 τελεία

2059 931 2186 972 vera
2229 923 2284 971 et
2327 917 2468 972 bona
2509 917 2598 970 illa
2631 920 2751 984 via,
2795 934 2995 989 nempe
3047 918 3140 989 qui
3173 917 3350 984 dixit,
3386 918 3499 990 Ego
3527 936 3648 976 sunt

375 1013 601 1084 ἀληθινὴ
633 1014 726 1066 καὶ
754 1013 931 1084 ἀγαθὴ
953 1012 1090 1078 ὁδὸς,
1115 1014 1143 1064 ὁ
1169 1009 1336 1063 εἰπών
1356 1027 1369 1040 ο
1416 1006 1554 1076 Ἐγώ
1578 1009 1693 1074 εὶμι
1720 1005 1759 1071 ή
1795 1004 1942 1070 ὁδὸς1

2057 1009 2145 1062 eia
2171 1009 2239 1073 “,
2271 1008 2532 1064 Christus
2563 1005 2756 1076 Jesus,
2807 1024 3099 1081 precemur
3134 1011 3190 1064 in
3236 1011 3325 1064 via
3371 1025 3546 1080 usque
3589 1010 3644 1064 in

376 1103 611 1174 Χριστὸς
646 1103 872 1173 Ἰησοῦς,
906 1100 1191 1171 εὑξώμεθα
1230 1101 1288 1152 ἐν
1331 1102 1396 1168 τῇ
1443 1097 1547 1168 ὁδῷ
1578 1096 1738 1167 μέχρι
1768 1095 1942 1157 τέλους

2057 1093 2262 1160 ﬁnem;
2318 1103 2379 1149 ut
2423 1094 2528 1151 iter
2567 1107 2792 1166 agentes
2838 1099 3226 1168 perveniamus
3273 1100 3340 1153 ad
3382 1093 3552 1154 Deum
3590 1106 3647 1155 et

374 1194 657 1258 ὁδεύοντας
680 1195 880 1262 φθάσαι
904 1193 1041 1264 πρὸς
1063 1191 1155 1246 τὸν
1177 1192 1308 1245 Θεὸν
1331 1191 1430 1244 καῖ
1449 1189 1668 1260 Πατέρα
1689 1186 1798 1239 τῶν
1816 1185 1942 1240 δλωι

2055 1183 2273 1240 Patrem
2305 1186 2693 1241 universorum
2724 1201 2823 1258 per
2840 1186 3126 1244 Christum
3151 1186 3363 1244 Jesum.

375 1283 463 1337 διὰ
491 1284 725 1352 Χριστοῦ
768 1283 964 1354 Ἰησοῦ.

459 1373 776 1444 Ἑγτισάτω
823 1376 862 1442 ἠ
907 1374 1118 1441 δέησίς
1146 1389 1266 1441 μου
1300 1369 1556 1424 ἐνώπιόν
1585 1383 1721 1433 σου,
1751 1368 1948 1435 Κύριε,

374 1461 524 1515 κατὰ
564 1443 638 1516 τὸ
689 1463 899 1531 λόγιόν
935 1478 1050 1516 σου
1098 1460 1425 1515 συνέτισόν
1449 1476 1544 1528 με.
1576 1457 1852 1510 Εὶσέλθοι
1883 1455 1942 1508 τὸ

2052 1467 2331 1525 conspectu
2353 1466 2442 1510 tuo
2462 1496 2478 1520 ,
2502 1456 2726 1509 Domine
2742 1496 2759 1521 ,
2777 1455 2941 1524 juxta
2963 1455 3228 1522 eloquium
3251 1463 3398 1507 tuum
3423 1454 3494 1507 da
3517 1443 3648 1508 mihi

373 1549 602 1620 ἀξίωμά
631 1569 750 1619 μου
774 1551 1032 1606 ἐνώπιόν
1057 1568 1194 1616 σου,
1224 1552 1419 1618 Κύριε,
1459 1546 1608 1600 κατὰ
1644 1546 1710 1600 τὸ
1744 1547 1942 1614 λόγιόν

2055 1547 2400 1600 intellectum.
2441 1543 2611 1599 Intret
2641 1545 2936 1614 postulatio
2969 1561 3085 1598 mea
3115 1546 3168 1597 in
3194 1555 3474 1611 conspectu
3517 1553 3605 1598 tuo
3626 1583 3644 1609 ,

372 1657 490 1694 σου
512 1641 703 1709 ῥῦσαί
718 1659 816 1710 με.
834 1641 1263 1710 Ἐ’ξηρεύξαντο
1289 1641 1360 1693 τὰ
1379 1639 1548 1709 χείλη
1581 1657 1700 1708 μου
1733 1638 1942 1707 ὕμνον,

2057 1637 2313 1703 Domine,
2347 1636 2635 1691 secundum
2661 1637 2926 1705 eloquium
2953 1645 3103 1688 tuum
3123 1636 3265 1703 eripe
3293 1652 3392 1690 me.
3423 1633 3648 1689 Eruciu-

372 1731 518 1787 ὅταν
540 1731 788 1800 διδάξῃς
809 1750 887 1802 με
913 1733 986 1787 τὰ
1010 1731 1370 1802 δικαιώματά
1391 1747 1506 1785 σου
1522 1747 1535 1760 ·
1571 1729 1886 1798 φθέγξαιτο
1909 1730 1942 1796 ἡ

2057 1738 2241 1784 verunt
2273 1728 2420 1782 labia
2447 1745 2560 1782 mea
2585 1728 2834 1796 hymnum
2856 1765 2871 1792 ,
2899 1743 3018 1780 cum
3057 1726 3298 1780 docueris
3337 1743 3417 1780 me
3445 1727 3646 1796 iustiﬁ-

369 1822 622 1892 γλῶσσά
643 1842 763 1893 μου
791 1825 864 1878 τὰ
886 1825 1060 1894 λόγια
1089 1841 1226 1887 σου,
1255 1823 1342 1878 ὅτι
1380 1822 1568 1878 πᾶσαι
1606 1823 1667 1875 αἱ
1705 1821 1942 1875 ἐντολαὶ

2062 1820 2297 1873 rationes
2329 1828 2472 1876 tuas.
2519 1817 2835 1872 Pronuntiet
2879 1817 3059 1888 lingua
3101 1834 3219 1871 mea
3261 1817 3470 1887 eloquia
3515 1828 3640 1884 tua,

370 1931 487 1968 σου
509 1917 886 1983 δικαιοσύνη.
918 1916 1132 1987 Σφόδρα
1159 1914 1468 1977 ἀκολούθως
1504 1913 1642 1984 μετὰ
1673 1913 1767 1966 τοῦ
1796 1910 1942 1977 εὖξα-

2059 1910 2184 1980 quia
2211 1911 2389 1985 omnia
2422 1910 2676 1963 mandata
2696 1918 2813 1971 tua,
2833 1908 3074 1978 justitia.
3108 1907 3416 1962 Admodum
3451 1924 3645 1965 conse-

371 2005 494 2060 σθαι
524 2007 653 2060 περὶ
698 2007 798 2077 τῆς
840 2007 1080 2071 διανοίας
1099 2026 1113 2039 ·
1141 2009 1202 2060 τὸ
1234 2008 1342 2083 γὰρ
1376 2006 1758 2076 συνετισθῆναι
1791 2007 1858 2059 τὰ
1881 2004 1942 2058 λό

2061 2010 2295 2072 quenter
2340 2010 2629 2074 postquam
2678 2017 2777 2071 pro
2825 2009 3004 2057 mente
3034 2016 3133 2057 sua
3164 2010 3418 2071 precatus
3451 2008 3637 2065 esset;

369 2109 463 2161 για
489 2093 584 2148 τοῦ
613 2095 748 2149 Θεοῦ
776 2096 877 2149 οὐκ
910 2092 979 2168 ἦν
1005 2097 1226 2166 χειλέων
1253 2098 1375 2151 οὐδὲ
1406 2097 1678 2168 γλώσσης,
1704 2095 1838 2150 ἀλλὰ
1863 2095 1942 2149 τοὶ

2060 2109 2169 2149 non
2199 2094 2344 2149 enim
2378 2093 2646 2148 labiorum
2689 2101 2745 2148 et
2775 2094 2976 2164 linguae
3028 2102 3114 2149 est
3155 2093 3495 2161 eloquiorum
3542 2089 3640 2147 Dei

367 2187 508 2241 κατὰ
527 2187 704 2258 ψυχὴν
727 2189 1071 2260 διανοητικοῦ
1087 2206 1100 2220 ο
1126 2189 1194 2242 τὰ
1219 2189 1497 2260 ἡγούμενα
1521 2189 1701 2242 τοίνυν
1732 2189 1942 2258 αἰτήσας

2061 2184 2478 2254 intelligentiam
2513 2183 2793 2253 accipere,
2841 2184 2933 2238 sed
2964 2184 3139 2238 solius
3186 2198 3310 2253 quae
3358 2183 3413 2236 in
3457 2182 3641 2236 anima

366 2274 459 2328 hri
490 2275 560 2327 τὰ
587 2275 814 2345 δεύτερα
849 2277 1079 2347 μέτεισι,
1107 2280 1201 2331 καὶ
1225 2278 1366 2343 ἀξιοῖ
1393 2277 1462 2330 τὰ
1497 2277 1593 2330 τοῦ
1619 2279 1678 2329 ὲν
1703 2276 1852 2345 αὐτῷ
1879 2275 1942 2328 λό

2057 2282 2143 2330 est
2171 2273 2508 2346 intelligendi
2543 2274 2820 2330 facultatis
2847 2292 2863 2341 ;
2895 2289 3022 2329 cum
3049 2275 3230 2346 priora
3266 2274 3600 2345 postulasset
3621 2311 3636 2336 ,

2050 1366 2078 1418 ι
2127 1363 2300 1420 Vsls.
2341 1363 2603 1420 169-172.
2647 1364 3046 1434 Appropinquet
3090 1363 3392 1432 deprecatio
3431 1376 3553 1415 mea
3591 1361 3648 1414 in

366 2380 464 2431 γου
490 2363 695 2434 ὄργανα
740 2365 810 2419 τὰ
834 2367 987 2438 χείλη
1018 2369 1113 2422 καὶ
1156 2369 1256 2438 τὴν
1285 2367 1531 2436 γλῶτταν
1562 2365 1956 2438 ἀφιερωθῆναι,

366 2454 438 2518 ὡς
473 2454 538 2508 ἂν
565 2457 859 2522 διαπαντὸς
885 2457 955 2512 τὰ
986 2460 1086 2528 μὲν
1114 2459 1264 2530 χείλη
1300 2459 1466 2529 ῦμνον
1491 2459 1871 2529 διερεύγοιντο,
1887 2457 1957 2510 διο

366 2545 696 2616 δασκομένου
745 2548 840 2602 τοῦ
892 2551 983 2604 νοῦ
1034 2553 1125 2604 ὑπ’
1164 2551 1331 2604 αὑτοῦ
1361 2551 1457 2605 τοῦ
1485 2551 1620 2605 Θεοῦ
1646 2551 1716 2605 τὰ
1736 2549 1956 2605 δικαιώ-

366 2654 511 2706 ματα
543 2639 706 2692 αὐτοῦ
727 2657 740 2671 ·
775 2645 806 2711 ὴ
839 2642 896 2694 δὲ
919 2641 1134 2710 γλῶττα
1171 2640 1462 2712 φθέγγοιτο
1500 2643 1664 2713 μηδὲν
1690 2643 1875 2712 ἕτερον
1917 2640 1950 2711 ἢ

369 2727 428 2782 τὰ
457 2727 610 2797 λόγια
633 2730 727 2783 τοῦ
751 2731 909 2798 Θεοῦ,
947 2733 1041 2785 καὶ
1067 2732 1226 2785 τοῦτο
1253 2733 1512 2803 πράσσοι,
1545 2732 1635 2785 ὅτι
1672 2729 1862 2788 πᾶσαι
1892 2734 1952 2786 al

362 2818 489 2874 ὁδοὶ
512 2822 700 2877 αὐτοῦ
729 2823 1126 2878 δικαιοσύναι.

431 2993 708 3049 Γενέσθω
734 2997 772 3064 ἠ
799 2997 928 3065 χείρ
957 3012 1072 3051 σου
1095 2997 1200 3051 τοῦ
1226 2996 1424 3052 σῶσαι
1443 3016 1541 3069 με,
1585 2998 1674 3053 ὅτι
1721 2999 1826 3066 τὰς
1853 3000 1948 3054 ἐν-

361 3084 544 3151 τολάς
579 3100 696 3140 σου
752 3087 1138 3157 ῄρετισάμην.
1187 3088 1418 3142 Συνιδὼν
1465 3088 1527 3142 τὸ
1573 3090 1800 3160 μέγεθος
1849 3089 1944 3144 τοῦ

359 3174 597 3244 ἑτοίμου,
634 3176 884 3248 βοηθείας
913 3179 1082 3233 δεῖται
1131 3182 1229 3252 τῆς
1269 3180 1422 3252 παρὰ
1466 3181 1559 3235 τοῦ
1592 3181 1728 3234 Θεοῦ
1770 3185 1850 3245 εἰς
1883 3184 1943 3236 τὸ

359 3266 700 3336 κατορθῶσαι
725 3269 795 3322 τὰ
822 3269 1228 3340 προλελεγμένα
1247 3287 1260 3303 ο
1292 3271 1504 3341 μεγάλα
1528 3271 1584 3323 δὲ
1608 3274 1772 3325 αἰτῶν
1795 3273 1944 3345 παρὰ

358 3357 452 3410 τοῦ
473 3357 628 3422 Θεοῦ,
651 3360 745 3412 καὶ
766 3359 827 3412 τὸ
847 3363 977 3431 παρ’
995 3361 1187 3414 ἑαυτοῦ
1219 3362 1564 3433 συνεισφέρει
1584 3362 1759 3431 λέγων
1778 3380 1792 3394 °
1829 3365 1946 3418 Ὅτι

357 3447 464 3515 τὰς
485 3448 740 3515 ἐντολάς
761 3465 880 3503 σου
917 3450 1495 3521 ᾑρετισὰμην.”υπερ
1523 3451 1630 3521 γὰρ
1665 3447 1734 3521 ἦν
1758 3453 1851 3505 ἐπὶ
1878 3455 1944 3523 τῇ

356 3539 465 3610 ιμῂ
500 3540 738 3610 ἐξουσίᾳ,
758 3540 902 3593 τοῦτ’
929 3541 989 3605 ἐξ
1027 3541 1161 3611 ἐμοῦ
1189 3543 1564 3615 πεπλήρωται.
1591 3545 1702 3607 Τὰς
1729 3545 1948 3609 ἐντολάς

357 3647 450 3682 σου
477 3632 836 3703 ᾑρετισάμην,
871 3632 1169 3702 ἀγαπήσας
1215 3633 1387 3697 αὐτὰς
1421 3633 1563 3687 κατὰ
1596 3633 1666 3687 τὰ
1711 3633 1946 3704 πρόσθεν

353 3721 641 3792 εἰρημένα.

439 3809 815 3878 Ἐπεπόθησα
837 3810 903 3863 τὸ
935 3811 1235 3877 Σωτήριόν
1265 3825 1405 3876 σου,
1432 3811 1529 3865 καί
1561 3812 1803 3880 ὁ⁹νόμος
1828 3824 1944 3866 σου

351 3901 568 3970 μελέτη
596 3919 714 3970 μου
743 3902 896 3954 ἐστί.
941 3903 1002 3954 Oi
1045 3901 1230 3955 πολλοὶ
1261 3901 1369 3955 τῶν
1409 3901 1712 3974 ἀνθρώπιον
1754 3903 1946 3956 ἐπιπο-

354 3991 507 4046 θοῦσι
541 3993 836 4062 σωτηρίαν,
860 3992 973 4045 ἀλλ’
998 3992 1060 4043 οὑ
1087 3991 1148 4042 τὸ
1175 3991 1271 4045 τοῦ
1301 3991 1459 4055 Θεοῦ,
1483 3991 1619 4045 ἀλλὰ
1649 3992 1710 4045 τὸ
1743 3995 1945 4064 σαρκὸς

355 4084 619 4153 σωτήριον
646 4081 706 4134 τδ
737 4084 794 4134 ὲν
829 4081 1248 4151 κόσμῳ.’¹Εργον
1271 4081 1328 4133 δέ
1349 4082 1498 4135 ἐστιν
1529 4081 1863 4152 ὲπιποθῆσαι
1882 4083 1943 4136 τὸ

351 4172 446 4225 τοῦ
479 4171 614 4225 Θεοῦ
647 4173 944 4244 Σωτήριον,
977 4169 1117 4223 ὥστε
1159 4172 1216 4225 ὲν
1253 4170 1373 4240 Θεῷ
1419 4170 1678 4242 σωθῆναι,
1707 4174 1764 4224 ἐν
1792 4171 1942 4242 αὐτῷ

352 4262 749 4328 ἀναπαύεσθαι,
775 4263 1182 4334 κληρονομῆσαι
1223 4263 1292 4316 τὰ
1321 4264 1452 4332 ἅγια
1470 4279 1484 4293 ’
1527 4263 1589 4316 τὸ
1618 4263 1726 4335 γὰρ
1759 4264 1940 4336 Σωτή-

354 4373 470 4430 ριον
491 4355 584 4408 τοῦ
617 4354 753 4408 Θεοῦ
783 4355 940 4408 τοῦτό
969 4356 1118 4407 ἐστιν
1157 4355 1190 4424 ἡ
1226 4353 1441 4418 αἰώνιος
1469 4354 1604 4426 ζωή.
1625 4355 1750 4408 Ἐὰν
1779 4355 1940 4431 θέλῃς

352 4444 688 4516 ὲπαναδῆναι
719 4443 796 4514 τῷ
831 4443 995 4514 λόγῳ,
1026 4443 1086 4497 τὸ
1117 4445 1390 4515 Σωτήριον
1420 4443 1514 4497 τοῦ
1557 4444 1692 4498 Θεοῦ
1736 4447 1766 4500 ὁ
1807 4447 1940 4517 Χρι-

2057 2367 2125 2420 ad
2156 2368 2397 2422 secunda
2429 2375 2620 2438 postea
2649 2369 2885 2433 transit,
2917 2383 2983 2424 ac
3027 2374 3184 2438 rogat
3225 2375 3282 2421 ut
3332 2369 3485 2422 verbi
3515 2383 3641 2438 qua:

2058 2457 2113 2511 in
2145 2473 2204 2512 se
2230 2458 2467 2513 habebat
2496 2460 2860 2514 instrumenta
2881 2498 2897 2524 ,
2932 2474 3126 2528 nempe
3163 2458 3305 2512 labia
3333 2467 3388 2513 et
3416 2459 3598 2530 lingua
3619 2499 3636 2526 ,

2054 2555 2554 2612 consecrarentur;
2587 2555 2646 2602 ut
2674 2549 2816 2602 labia
2863 2549 3082 2619 quidem
3116 2547 3379 2618 hymnum
3421 2563 3638 2619 semper

2053 2645 2404 2702 eructarent,
2438 2646 2728 2707 postquam
2778 2639 2886 2694 Deo
2941 2639 3169 2693 doctore
3207 2637 3635 2706 justiﬁcationes

2050 2728 2172 2797 ejus
2199 2744 2354 2784 mens
2385 2729 2703 2784 edidicisset
2731 2747 2746 2794 ;
2784 2729 2971 2795 lingua
3008 2741 3140 2782 vero
3178 2725 3317 2781 nihil
3349 2726 3499 2780 aliud
3549 2727 3633 2782 lo-

2049 2827 2311 2888 queretur
2357 2835 2518 2890 quam
2541 2819 2759 2888 eloquia
2795 2819 2887 2875 Dei
2916 2839 2928 2874 :
2953 2827 3118 2890 atque
3149 2818 3203 2873 id
3239 2823 3466 2888 ageret,
3510 2818 3638 2888 quia

2050 2925 2226 2963 omnes
2253 2911 2348 2963 uia:
2376 2909 2491 2978 ejus
2512 2910 2763 2978 justitiaz.

2119 2997 2287 3055 Vens.
2331 3000 2456 3054 175.
2497 2999 2628 3054 Fiat
2661 3016 2850 3055 manus
2894 3011 3020 3068 tua,
3065 3010 3125 3054 ut
3157 3004 3322 3058 salvet
3355 3021 3436 3059 me
3457 3046 3472 3072 ,
3503 3022 3636 3076 quo-

2046 3093 2193 3147 niam
2224 3092 2486 3146 mandata
2521 3102 2614 3147 tua
2647 3094 2799 3164 elegi.
2831 3092 3038 3149 Videns
3091 3096 3523 3166 magnitudinem
3569 3099 3634 3152 il—

2048 3182 2155 3237 lius
2187 3181 2333 3252 quod
2369 3183 2422 3236 in
2457 3191 2710 3253 promptu
2739 3191 2888 3246 erat,
2921 3197 3079 3254 Opem
3129 3199 3161 3238 a
3211 3184 3322 3240 Deo
3353 3188 3631 3256 postulat,

2050 3282 2110 3326 ut
2139 3273 2399 3342 praedicta
2431 3273 2700 3343 perﬁciat.
2731 3274 2870 3328 Cum
2902 3289 3067 3343 porro
3101 3291 3297 3346 magna
3328 3280 3570 3346 postulet
3599 3294 3630 3334 a

2047 3361 2181 3426 Deo,
2213 3365 2374 3419 etiam
2403 3365 2548 3434 quod
2582 3378 2612 3417 a
2642 3378 2702 3420 se
2733 3371 2819 3420 est
2848 3364 3058 3434 profert
3088 3365 3280 3422 dicens
3314 3382 3331 3420 :
3364 3367 3634 3434 Quoniam

2048 3453 2305 3506 mandata
2332 3463 2426 3506 tua
2453 3453 2605 3523 elegi.
2631 3451 2767 3506 Nam
2792 3452 2939 3522 quod
2962 3453 3016 3508 in
3040 3468 3159 3509 mea
3185 3463 3452 3523 potestate
3477 3461 3596 3510 erat
3615 3497 3630 3520 ,

2048 3543 2099 3598 id
2134 3558 2164 3597 a
2197 3560 2283 3600 me
2313 3545 2594 3613 impletum
2625 3551 2729 3598 est.
2763 3542 3014 3596 Mandata
3047 3555 3140 3597 tua
3173 3543 3346 3615 elegi,
3379 3545 3508 3614 quia
3541 3545 3628 3600 di-

2045 3634 2276 3705 ligebam
2304 3648 2403 3700 ea,
2435 3644 2496 3687 ut
2525 3633 2782 3702 superius
2815 3633 3024 3688 dictum
3056 3640 3163 3690 est.

2115 3807 2281 3863 Vens.
2325 3808 2448 3862 174.
2490 3806 2776 3876 Concupivi
2822 3807 3076 3864 Salutare
3111 3820 3300 3878 tuum,
3329 3821 3380 3866 et
3403 3811 3487 3866 lea:
3533 3821 3627 3868 tua

2045 3900 2319 3954 meditatio
2347 3916 2463 3954 mea
2495 3910 2596 3954 est.
2625 3898 2780 3954 Multi
2816 3901 3100 3956 hominum
3142 3903 3374 3958 salutem
3415 3919 3626 3959 concu~

2044 3989 2300 4060 piscunt;
2331 3990 2426 4044 sed
2454 4005 2562 4043 non
2590 3991 2832 4046 salutare
2861 3990 2988 4054 Dei,
3018 3991 3114 4046 sed
3147 3993 3331 4049 carnis
3360 3993 3624 4058 salutare,

2041 4080 2188 4152 quod
2224 4081 2276 4134 in
2311 4081 2517 4135 mundo
2549 4089 2653 4136 est.
2707 4079 2858 4152 Opus
2900 4089 3086 4136 autem
3115 4091 3199 4137 est
3230 4085 3628 4153 concupiscere

2045 4171 2296 4226 Salutare
2325 4171 2417 4225 Dei
2445 4189 2459 4237 ;
2493 4179 2554 4225 ut
2594 4172 2647 4225 in
2680 4171 2790 4227 Deo
2816 4173 3062 4228 salutem
3111 4174 3521 4238 nauciscamnr,
3569 4175 3624 4232 in

2042 4262 2162 4332 ipso
2205 4263 2592 4333 quiescamus,
2639 4271 2830 4318 sancta
2872 4264 2926 4316 in
2969 4263 3338 4320 iuereditatem
3383 4267 3623 4336 accipia-
3659 4323 3661 4325 ,

2041 4368 2205 4408 mus:
2256 4367 2384 4408 nam
2413 4353 2669 4407 Salutare
2717 4351 2810 4408 Dei
2853 4360 2939 4409 est
2961 4362 3164 4407 aeterna
3187 4353 3317 4408 vita.
3362 4353 3519 4421 Quod
3574 4358 3624 4415 si

2047 4443 2185 4498 velis
2219 4442 2386 4497 verbo
2417 4441 2708 4497 sublimius
2735 4444 3016 4514 progredi,
3054 4442 3306 4498 Salutare
3338 4443 3432 4500 Dei
3463 4445 3625 4500 Chri-

355 4537 477 4600 στός
500 4538 646 4588 ἐστιν
669 4553 682 4566 ο
733 4535 936 4605 Ἰησοῦς
960 4535 1068 4605 γὰρ
1097 4534 1483 4606 ἑρμηνεύεται,
1509 4535 1646 4589 Θεοῦ
1671 4537 1935 4608 σωτηρία.

2044 4540 2164 4587 stus
2191 4538 2276 4586 est
2308 4549 2322 4588 :
2371 4529 2533 4587 Jesus
2563 4548 2803 4604 namque
2830 4533 3158 4603 explicatur,
3188 4532 3284 4589 Dei
3316 4523 3496 4589 salus.
3523 4533 3624 4594 llic

352 4621 520 4688 Οὗτος
552 4627 682 4696 ἡμῖν
711 4624 985 4694 ἐπέμφθη.
1004 4624 1153 4686 Ὁδὸς
1185 4624 1278 4676 τοῦ
1309 4623 1699 4688 ἐπιποθοῦντος
1737 4625 1800 4677 τὸ
1827 4625 1941 4678 Σω-

350 4717 537 4787 τήριον
561 4715 653 4768 τοῦ
684 4714 839 4777 Θεοῦ,
868 4715 930 4768 τὸ
966 4715 1058 4768 τὸν
1086 4715 1247 4785 νόμον
1290 4711 1428 4768 εἶναι
1455 4715 1684 4786 μελέτην
1715 4715 1791 4786 τῷ
1816 4718 1939 4769 ἐπιο

354 4804 628 4867 ποθοῦντι,
657 4804 1149 4875 προαναφωνοῦντα
1191 4807 1289 4876 τὴν
1333 4805 1491 4877 δεῦρο
1526 4806 1690 4860 αὐτοῦ
1733 4807 1935 4874 ἄφιξιν.

355 4897 537 4951 Νόμιον
560 4896 616 4948 δὲ
641 4895 878 4951 ἐνταῦθα
896 4896 1049 4949 καλεῖ
1078 4899 1258 4951 πᾶσαν
1285 4897 1384 4968 τὴν
1409 4898 1642 4953 παλαιὰν
1662 4900 1757 4953 καὶ¹
1789 4900 1938 4954 θείαν

353 4989 392 5040 Γ
397 4991 596 5059 ραφήν.

424 5077 679 5144 Ζήσεται
705 5079 742 5146 ἠ
762 5076 932 5147 ψυχή
951 5096 1093 5146 μου,
1111 5077 1208 5131 καὶ
1233 5079 1461 5132 αἰνέσει
1485 5096 1578 5145 σε,
1602 5080 1702 5133 καὶ
1726 5080 1797 5134 τὰ
1815 5081 1938 5148 κρί-

348 5165 506 5235 ματὰ
550 5181 667 5220 σου
706 5166 1004 5234 βοηθήσει
1041 5184 1164 5236 μοι.
1204 5169 1300 5231 Εἰς
1326 5169 1418 5221 τὸν
1454 5169 1714 5239 μέλλοντα
1746 5171 1938 5241 χρόνον

352 5256 621 5310 ἐνέκλειεν
647 5257 746 5328 τὴν
770 5255 916 5328 ζωὴν
941 5257 1044 5327 τῆς
1064 5258 1263 5328 ψυχῆς.
1282 5259 1342 5313 'H
1368 5260 1476 5330 γὰρ
1515 5258 1628 5328 ζωὴ
1651 5261 1818 5330 ἡμῶν
1847 5256 1938 5316 κέ·-

354 5365 606 5416 κρυπται
634 5349 756 5403 σὺν
783 5349 1015 5418 Χριστῷ
1039 5352 1109 5403 ἐν
1138 5350 1217 5416 τῷ
1248 5350 1389 5416 Θεῷ.
1410 5352 1542 5405 Τότε
1575 5353 1808 5424 ὑμνήσει
1833 5373 1933 5408 κυ-

354 5441 484 5511 ρίως
511 5439 601 5493 τὸν
631 5440 784 5494 Θεόν.
817 5441 927 5496 Kal
959 5441 1032 5495 τὰ
1069 5442 1324 5511 κρίματα
1349 5459 1466 5496 σου
1488 5445 1786 5513 βοηθήσει
1807 5464 1930 5515 μοι.

366 5530 488 5583 Ἐπὶ
520 5529 742 5602 βοηθείᾳ
767 5531 876 5584 τῶν
911 5534 1245 5604 κρινομένων
1277 5534 1346 5587 τὰ
1380 5534 1618 5605 κρίματα
1660 5535 1754 5589 τοῦ
1797 5538 1934 5592 Θεοῦ

351 5620 580 5688 γίνεται.
627 5620 786 5675 Ἀλλὰ
829 5621 964 5694 ἄλλη
1012 5623 1295 5695 παρρησία
1345 5623 1596 5696 βοηθείας
1649 5628 1933 5699 χριμάτων

429 5791 478 5824 ’⁸
514 5790 672 5848 Joan.
711 5809 822 5860 11v,
860 5794 912 5849 6.
987 5797 1032 5828 "
1073 5795 1286 5854 Coloss.
1321 5813 1410 5866 ιιι,
1443 5799 1496 5892 3:

2043 4622 2248 4692 estqui
2282 4621 2443 4676 nobis
2495 4622 2702 4678 missus
2743 4629 2848 4678 est.
2893 4621 2988 4676 Via
3035 4623 3482 4692 concupiscentis
3517 4623 3622 4677 Sa-

2042 4717 2221 4770 lutare
2257 4713 2353 4768 Dei
2380 4722 2502 4779 est,
2540 4722 2600 4768 ut
2629 4714 2734 4770 sibi
2777 4714 3191 4784 concupiscenti
3233 4715 3514 4770 meditatio
3545 4715 3622 4772 sit

2041 4807 2124 4862 lex
2146 4846 2162 4871 ,
2196 4822 2318 4876 qua:
2347 4805 2467 4875 ejus
2492 4804 2560 4858 ad
2591 4821 2694 4860 nos
2725 4805 3020 4860 adventum
3041 4806 3390 4876 pramuntiat.
3422 4805 3619 4878 Legem

2039 4906 2220 4953 autem
2248 4897 2339 4952 hic
2369 4903 2530 4950 vocat
2571 4903 2740 4951 totam
2789 4905 3028 4952 veterem
3072 4911 3136 4952 ac
3184 4897 3428 4952 divinam
3467 4896 3620 4953 Sari.

2039 4997 2132 5057 ptu
2141 5003 2276 5042 ram.

2112 5083 2283 5138 Vens.
2323 5083 2457 5146 175,
2501 5080 2625 5138 176.
2678 5081 2823 5136 Vivet
2862 5082 3046 5136 anima
3085 5099 3236 5148 mea,
3284 5091 3335 5136 et
3371 5082 3621 5138 laudabit

2039 5184 2118 5236 te,
2151 5184 2201 5228 et
2229 5174 2436 5244 judicia
2461 5183 2552 5227 tua
2583 5173 2909 5242 adjuvabunt
2943 5190 3042 5227 me.
3075 5172 3130 5227 In
3165 5172 3348 5227 futuro
3371 5182 3620 5244 tempore

2034 5266 2201 5318 vitam
2229 5264 2424 5318 animae
2454 5263 2707 5318 includit.
2756 5263 2878 5317 Vita
2906 5265 3052 5318 enim
3087 5273 3272 5318 nostra
3302 5264 3618 5319 abscondita

2035 5367 2114 5410 est
2143 5373 2263 5410 cum
2291 5355 2503 5412 Christo
2535 5357 2588 5409 in
2623 5355 2728 5409 Deo
2767 5357 2834 5410 ’⁷.
2867 5354 3022 5409 Tunc
3052 5355 3220 5410 Deum
3255 5356 3472 5426 proprie
3500 5357 3618 5413 lau-

2041 5447 2214 5502 dabit.
2252 5446 2320 5500 Et
2367 5447 2578 5516 judicia
2611 5457 2703 5499 tua
2751 5446 3073 5516 adjuvabunt
3107 5463 3207 5501 me.
3242 5447 3324 5501 Ad
3353 5449 3616 5503 auxilium

2035 5554 2225 5594 eorum
2246 5580 2260 5604 ,
2291 5539 2358 5594 de
2383 5540 2584 5610 quibus
2611 5539 2917 5609 judicatur,
2939 5539 3148 5609 judicia
3192 5539 3283 5595 Dei
3313 5539 3465 5594 ﬁunt.
3503 5538 3613 5595 Ve-

2037 5647 2156 5687 rum
2210 5632 2317 5686 alia
2363 5631 2551 5688 auxilii
2607 5631 2662 5688 in
2698 5632 2924 5712 iudiciis
2950 5630 3157 5689 ferendi
3199 5631 3398 5688 ﬁducia
3442 5645 3616 5702 penes
