4262 6380
1246 438 2198 447 ΨΜ

1441 893 1668 980 ΤΟΥ
1709 892 2327 982 -ΠΑΜΦΙΛΟΥ

315 1037 1554 1226 ’ΥΠΟΜΝΗΜΑΤΑ
1636 1091 1899 1218 ΕΙΣ
1992 1087 2446 1222 ΤΟΥΣ
2519 1092 3404 1232 ΨΑΑΜΟΥΣ.

607 1469 1650 1741 EUSEBII
1837 1415 3154 1750 PAMPHILI

994 1869 1819 2042 COMMENTARIA
1924 1884 2056 2038 IN
2167 1883 2736 2044 PSALMOS.

257 2155 362 2219 Ea:
405 2173 554 2217 mss.
585 2155 902 2218 codicibus
949 2163 1150 2226 eruta,
1193 2152 1416 2215 Latine
1445 2171 1647 2234 versa,
1687 2171 1758 2214 ac
1785 2152 2346 2234 Lnotisqillustrata,
2379 2153 2590 2217 studio
2629 2165 2686 2216 et
2717 2175 2908 2234 opera
2938 2159 3015 2218 Β.
3057 2159 3368 2223 Bernardi
3398 2164 3490 2225 De.

376 2237 847 2310 Μοππλυεοη,
879 2234 1235 2314 presbyteri
1271 2242 1329 2293 et
1358 2233 1656 2296 monachi.
1685 2231 1931 2294 ordinis
1964 2232 2029 2296 S.
2076 2232 2424 2309 Benedicti,
2457 2253 2484 2294 e
2516 2230 2993 2315 congregatione
3019 2239 3084 2300 S.
3127 2241 3364 2302 Mauri.

286 440 349 446 τ.»-
386 439 475 445 —.—-
510 437 565 445 ο-
601 436 709 447 α--κη
750 441 757 444 η
780 439 867 444 --νη
1030 439 1039 443 -
1102 437 1130 443 ³
1246 439 1265 443 »-
1311 439 1333 444 -
1376 439 1403 444 ›-
1650 438 1721 446 qr.—
1776 438 1891 446 ιι...ιὺ
1964 433 1976 442 ο
2002 440 2073 446 .__.
2098 440 2198 447 μγ..
2228 443 2261 447 γὴ.
2330 442 2389 447 .-η
2432 440 2739 451 ...ν-ωσισ-ν-.
2908 442 3011 451 *ιρι*
3036 444 3161 452 ν.-.Α
3203 448 3235 453 _,
3306 449 3327 455 _
3404 428 3410 436 ’

308 466 517 473 ...Ἤν
540 465 772 473 ηρ--ω-
796 464 2493 475 *μσ--κμ--ο--Ἧαν--ῆοο
2518 468 2705 475 ».-.τ.-γ...-
2732 468 2805 477 -σ-ο.
2836 468 2999 477 ω--..θ-
3018 471 3069 477 .-.
3210 476 3215 479 .
3246 472 3375 483 ﬁ,
3444 477 3477 484 ,ν

801 2395 1047 2463 (Collectio
1067 2409 1188 2448 nova
1208 2398 1415 2447 Patrum
1444 2403 1490 2447 et
1508 2393 1798 2458 scriptorum
1819 2396 2114 2466 Graecorum,
2141 2395 2360 2458 Parisiis,
2389 2396 2528 2460 1707,
2551 2397 2734 2459 in-fol.,
2760 2406 2876 2450 tam.
2912 2400 2976 2466 Ι.)

1854 2596 1924 2610 υ.

953 2678 1508 2743 CLEMENTI
1573 2681 1685 2741 XI
1732 2680 2295 2746 PONTIFICI
2347 2682 2781 2750 MAXIMO.

333 2805 490 2866 Cum
521 2819 640 2881 per
665 2801 1007 2862 Romanum
1036 2799 1230 2859 otium
1259 2797 1567 2876 colloquio
1598 2815 1726 2860 non
1751 2800 1938 2861 semel
1956 2796 2256 2879 dignatus
2281 2809 2412 2874 tuo,
2436 2802 2839 2866 Sanctissime
2867 2809 3094 2886 Pater,
3127 2781 3485 2886 Gracarum

250 2922 406 2986 quas
435 2899 716 2982 apprime
757 2901 964 2972 calles,
997 2897 1480 2977 disciplinarum
1501 2901 1835 2960 maximam
1864 2901 1932 2960 in
1961 2909 2017 2960 te
2048 2919 2265 2961 curam
2293 2903 2859 2982 animadverterim,
2905 2929 2975 2971 ea
3006 2880 3159 2977 mihi
3201 2937 3339 2978 cum
3369 2880 3484 2980 sdi-

253 3007 456 3068 mulos
498 3002 764 3078 addidit,
795 3013 868 3064 ut
889 3007 1026 3085 jam
1066 3001 1280 3063 multis
1323 3003 1508 3092 annis
1556 3003 1787 3065 initum
1819 3001 2179 3063 Gracarum
2223 3005 2553 3067 Musarum
2595 3012 2985 3074 curriculum
3023 3034 3480 3098 prosequerer;

255 3117 384 3170 tum
412 3109 651 3170 animos
684 3107 856 3188 fecit,
884 3111 954 3164 ut
980 3101 1662 3165 hasce'lucubrationes
1688 3120 1852 3162 meas
1871 3102 2222 3197 °Sanctitati
2261 3106 2407 3164 Tua
2439 3124 2887 3186 nuncuparem.
2915 3112 3032 3173 Est
3061 3117 3290 3197 quippe
3321 3121 3483 3182 illud

254 3211 338 3272 iis
370 3210 481 3288 qui
523 3218 797 3270 veterum
824 3208 1234 3268 monumentis
1269 3203 1557 3283 eruendis
1585 3216 1825 3266 atatem
1855 3195 2211 3277 conterunt,
2245 3224 2354 3266 nec
2389 3205 2698 3270 modicum
2726 3203 2807 3271 ad
2849 3230 3101 3292 operam
3137 3195 3482 3282 navandum

254 3311 743 3382 incitamentum,
775 3325 912 3368 cum
943 3309 993 3369 ii
1022 3309 1130 3386 qui
1160 3307 1466 3384 dignitate
1498 3314 1555 3367 et
1583 3303 1995 3386 amplitudine
2031 3308 2271 3367 cateris
2293 3316 2625 3386 prastant,
2673 3329 2889 3389 parem
2940 3315 3008 3375 in
3051 3335 3118 3376 re
3165 3317 3480 3384 litteraria

254 3409 517 3492 gradum
561 3419 750 3488 gustu
780 3417 837 3469 et
858 3410 1100 3486 peritia
1135 3426 1345 3467 rerum
1373 3408 1644 3467 assecuti
1685 3415 1853 3469 Sunt.
1891 3406 2046 3469 Cum
2083 3417 2313 3481 autem,
2346 3409 2751 3477 Sanctissime
2780 3413 3009 3488 Pater,
3047 3419 3142 3478 rei
3191 3423 3478 3484 ecclesia-

255 3511 427 3572 stica
441 3510 638 3589 juxta
666 3527 738 3568 ac
767 3509 1096 3569 litteraria-
1110 3505 1319 3587 judea:
1345 3507 1700 3584 arbiterque
1747 3506 1983 3579 sedeas,
2016 3526 2280 3586 quorum
2320 3507 2498 3570 aliud
2529 3509 2646 3571 tibi
2693 3530 2930 3572 summa
2971 3516 3175 3576 virtus
3207 3522 3480 3581 omnium

254 3611 590 3691 conjuncta
616 3610 776 3670 votis
809 3605 1055 3678 detulit,
1083 3604 1261 3667 aliud
1299 3607 1532 3667 eximia
1559 3607 2045 3685 disciplinarum
2077 3608 2349 3668 omnium
2377 3608 2610 3670 notitia
2641 3629 2769 3670 una
2792 3613 3155 3677 conciliavit
3175 3636 3200 3683 ξ
3225 3620 3328 3680 cui
3342 3639 3468 3699 po-

254 3714 383 3776 tius
413 3709 622 3772 labore
653 3718 709 3769 et
740 3706 964 3768 sudore
994 3713 1212 3779 nostra
1238 3712 1432 3785 parta
1461 3705 1818 3779 offeramus,
1851 3722 2034 3781 quam
2067 3708 2123 3767 ei
2151 3709 2260 3786 qui
2282 3726 2407 3767 non
2437 3707 2788 3771 eruditione
2815 3713 3020 3775 minus
3052 3733 3234 3796 quam
3260 3717 3474 3800 digni-

256 3822 380 3874 tate
410 3809 648 3874 cateris
684 3809 1015 3870 antecellat
1035 3811 1064 3868 ?
2169 3877 2172 3880 _
2250 3875 2255 3880 _

329 3912 590 3976 Eusebii
628 3913 835 3992 itaque
866 3912 1074 3972 nostri
1105 3910 1561 3974 Commentario
1590 3913 1659 3972 in
1709 3911 1979 3990 psalmos
2011 3911 2352 3974 Sanctitati
2391 3916 2536 3976 Tua
2563 3914 2869 3979 sistimus.
2905 3915 3077 3997 Opus
3119 3938 3264 3981 sane
3308 3941 3479 4002 egre~

253 4019 445 4096 gium,
494 4015 552 4075 si
589 4015 940 4092 Scriptura
968 4030 1162 4074 saera
1191 4013 1506 4086 notitiam,
1537 4020 1817 4074 veterum
1850 4013 2268 4092 interpretum
2295 4015 2613 4094 copiosam
2649 4017 3121 4096 supellectilem,
3160 4021 3372 4084 doctas
3403 4024 3477 4084 do

236 4116 552 4196 cujusque
576 4115 810 4196 psalmi
839 4122 1094 4174 auctore
1128 4122 1185 4174 et
1215 4123 1488 4194 tempore
1520 4114 1984 4176 observationes
2013 4118 2418 4194 spectaveris.
2453 4106 2594 4179 Huc
2619 4118 2922 4180 accedunt
2952 4121 3302 4200 frequentes
3330 4143 3478 4185 con-

254 4227 356 4278 tra
385 4218 595 4279 atheos
625 4235 696 4275 ac
727 4215 952 4293 impios
981 4216 1399 4283 velitationes,
1439 4235 1511 4277 ac
1561 4215 1633 4276 de
1677 4214 2075 4276 Psalmorum
2119 4219 2448 4290 sententia,
2486 4228 2616 4278 tum
2662 4217 2951 4289 litterali,
3007 4229 3136 4280 tum
3167 4231 3474 4301 mystago-

251 4320 392 4397 gica
419 4314 907 4378 accuratissima
937 4311 1392 4388 meditationes,
1423 4323 1480 4375 et
1513 4317 1646 4376 alia
1676 4313 1872 4375 multa
1918 4316 2092 4393 queis
2123 4311 2414 4377 rudiares
2445 4319 2639 4378 animi
2667 4316 2749 4376 ad
2783 4318 3082 4393 pietatem
3102 4363 3118 4390 ,
3149 4322 3477 4399 perfectio-

248 4437 352 4480 res
379 4429 603 4490 autem,
632 4414 714 4476 ad
746 4413 1064 4477 sublimem
1091 4413 1440 4493 Scriptura
1469 4433 1661 4476 sacra
1689 4418 1984 4478 notitiam
2012 4415 2349 4496 informari
2375 4417 2597 4483 solent.
2623 4416 2766 4475 Hac
2793 4432 2872 4474 ea:
2899 4413 3207 4477 diuturna
3241 4428 3470 4480 tracta-

251 4523 420 4584 tione
471 4517 821 4590 Eusebius,
883 4517 1200 4595 Pamphili
1241 4517 1544 4593 martyris
1591 4517 2073 4596 Scripturarum
2140 4516 2545 4577 scientissimi
2594 4515 3004 4578 contubernio
3055 4517 3464 4592 nobilitatus,

247 4621 535 4700 apprime
559 4617 799 4689 calluit,
832 4617 956 4678 hac
987 4617 1160 4674 docte
1190 4612 1492 4676 disseruit
1525 4623 1583 4675 et
1612 4617 2015 4695 explanavit;
2052 4614 2215 4674 unde
2244 4617 2464 4676 merito
2498 4633 2643 4674 sane
2671 4616 3092 4696 Hieronymus
3123 4617 3475 4680 eruditissi-

248 4742 379 4802 mos
425 4724 604 4786 hosce
646 4721 1132 4785 Commentarios
1183 4714 1309 4778 esse
1352 4721 1756 4796 pronuntiat.
1791 4719 2071 4794 Quorum
2105 4727 2279 4780 tanta
2323 4719 2447 4796 fuit
2475 4716 2646 4797 apud
2688 4703 2923 4780 veteres
2963 4723 3368 4793 existimatio,
3400 4734 3471 4784 ut
3531 4736 3535 4740 '

248 4825 670 4890 Occidentalis
720 4825 1020 4888 Ecclesia
1063 4825 1269 4884 lumen
1313 4820 1476 4882 illud
1507 4821 1815 4884 Eusebius
1857 4823 2261 4884 Vercellensis
2307 4821 2376 4881 in
2405 4820 2778 4882 Latinorum
2820 4842 2998 4884 usum
3045 4833 3239 4884 totum
3288 4842 3467 4904 opus,

245 4926 547 4990 submotis
581 4935 782 4994 tamen
828 4929 908 4990 iis
939 4943 1070 5004 qua
1108 4922 1534 4984 Ariunismum
1579 4923 1839 4995 olerent,
1891 4923 2109 4988 Latine
2143 4923 2386 5002 fecerit.
2440 4922 2644 5003 Hujus
2679 4941 2791 4984 nos
2853 4923 3238 5002 diligentiam
3288 4943 3467 4984 anm-

248 5026 466 5100 iantes,
499 5046 599 5102 ne,
632 5025 884 5109 jamdiu
933 5029 1094 5089 tanti
1123 5025 1249 5087 viri
1295 5025 1815 5102 interpretatione
1847 5026 2094 5086 amissa.
2127 5034 2349 5083 nostra
2379 5034 2526 5085 atas
2555 5027 2668 5088 hoc
2713 5027 2948 5105 insigni
2991 5043 3176 5104 opere
3220 5025 3460 5097 orbata,

245 5128 530 5203 segnitiei
557 5127 736 5189 nobis
766 5139 977 5189 notam
1004 5130 1314 5197 inureret,
1353 5143 1431 5185 ea:
1461 5123 1853 5186 bibliothecis
1890 5135 2136 5185 erutum
2168 5132 2226 5184 et
2251 5123 2472 5186 Latine
2502 5131 2748 5187 versum
2781 5125 3197 5205 publicamus,
3230 5123 3464 5204 tibique

245 5226 590 5304 offerimus,
623 5237 696 5290 'ut
726 5232 878 5303 tuis,
904 5229 1306 5292 Sanctissime
1336 5227 1552 5296 Pater,
1588 5227 1894 5305 auspiciis
1925 5225 2174 5303 felicius
2207 5227 2274 5286 in
2306 5227 2502 5287 lucem
2537 5225 2822 5305 prodeat,
2855 5234 3027 5304 teque
3067 5221 3216 5283 duce
3245 5223 3461 5302 faciles

244 5325 363 5386 sibi
391 5337 571 5404 paret
599 5329 680 5388 ad
708 5329 1155 5408 rempublicam
1184 5327 1558 5389 litterariam
1583 5325 1818 5388 aditus.

325 5430 544 5491 Verum
588 5449 716 5490 non
763 5430 1032 5510 perinde
1065 5429 1414 5493 laudandus
1443 5430 1706 5492 Eusebii
1736 5439 1995 5492 conatus
2026 5431 2364 5492 (sanctitati
2405 5433 2546 5490 Tua
2576 5430 2886 5503 videatur,
2919 5429 2975 5489 si
3001 5425 3082 5486 ad
3110 5424 3453 5489 doctrinan'

239 5527 312 5591 de
345 5529 678 5603 Trinitate,
715 5531 772 5594 si
815 5528 897 5592 ad
939 5535 1223 5595 vitiatam
1266 5532 1339 5594 de
1402 5531 1587 5592 Verbo
1627 5533 1743 5594 Dei
1790 5532 2158 5593 sententiam
2192 5532 2855 5594 animum'attenderis.
2889 5531 3005 5592 Est
3034 5530 3196 5591 enim
3225 5548 3461 5602 eorum,

239 5653 345 5714 qui
373 5635 562 5698 nimis
585 5636 834 5713 ingenio
866 5633 1286 5719 doctrinaque
1309 5656 1435 5700 sua
1454 5635 1678 5717 ﬁdunt,
1701 5644 2050 5717 perpetuus
2081 5635 2188 5697 ille
2218 5635 2540 5716 scopulus,
2570 5644 2639 5695 ut
2667 5651 2805 5696 cum
2834 5643 2946 5693 suo
2975 5642 3169 5695 marte
3201 5633 3464 5711 religie-

238 5737 334 5802 nis
384 5737 595 5817 capita
641 5734 897 5814 deﬁnire
921 5736 1222 5806 audeant.
1276 5760 1314 5800 a
1365 5757 1522 5801 sera
1573 5736 1720 5817 ﬁdei
1759 5737 2008 5799 tramite
2049 5738 2289 5815 passim
2321 5735 2632 5798 aberrent.
2682 5737 2930 5796 Possem
2974 5735 3454 5798 innumerabiles

557 5838 829 5898 Ριτιιοι..
863 5837 979 5898 Gn.
1038 5835 1274 5905 XXIII.

3031 5840 3061 5899 1
