4262 6444
898 476 959 548 n
1078 474 1087 479 ’
1560 497 1824 554 susum
1862 492 2339 553 CESARIENSIS
2376 493 2525 549 opp.
2569 493 2749 547 esss
2788 492 2875 549 Ill.
2918 523 2991 536 —
3026 494 3431 554 EXEGETICA.
4046 496 4116 551 is.

894 618 1210 692 proferre,
1250 618 1356 694 qui
1393 636 1549 676 nova
1580 627 1817 678 tentata
1847 620 1977 698 ejus
2012 614 2419 693 explananda
2449 613 2571 683 via,
2602 614 3003 691 naufragium
3030 614 3348 692 fecerunt;
3380 633 3592 675 verum
3619 632 3781 674 unus
3814 620 3939 673 esto
3968 613 4113 673 Eu-

892 718 1101 778 sebius
1132 720 1286 779 satis
1318 742 1336 779 :
1370 721 1423 780 is
1457 724 1524 781 in
1559 722 1904 799 exemplum
1959 720 2201 781 cunctis
2241 716 2565 795 offeratur.
2610 715 2765 777 Nam
2804 716 2861 775 si
2908 717 3009 775 vir
3040 715 3146 777 ille
3181 727 3415 787 tantus,
3460 727 3549 779 tot
3594 716 3951 796 disciplinis
3984 735 4104 779 ex—

891 818 1124 888 cultus,
1162 820 1270 880 ubi
1314 840 1441 879 sese
1488 821 1750 898 ﬁdenter
1788 838 2113 880 sacrorum
2143 820 2545 895 interpretem
2586 818 2913 894 priestitit,
2955 824 3194 875 tantum
3224 836 3262 875 a
3307 835 3464 877 verte
3507 818 3769 895 pietatis
3801 819 4115 879 sententia

890 916 1243 996 deﬂexerit,
1275 920 1424 999 quid
1449 924 1592 984 aliis
1616 919 2014 999 sperandum,
2045 922 2153 998 qui
2191 937 2317 978 non
2343 918 2609 996 paribus
2642 917 2878 992 ingenii
2909 917 3321 994 doctrinaque
3355 916 3602 979 dotibus
3632 920 3952 991 instructi,
3982 937 4111 998 pa-

890 1037 1021 1077 rem
1048 1031 1245 1081 tamen
1274 1024 1466 1082 aleam
1498 1025 1709 1085 subire
1740 1042 1865 1083 non
1888 1031 2225 1081 vereantur
2248 1022 2277 1079 ?
2310 1021 2462 1091 Una,
2490 1038 2616 1078 una
2647 1027 2735 1077 est
2764 1036 2918 1077 verte
2946 1016 3091 1095 ﬁdei
3113 1019 3408 1090 anchora,
3443 1028 3679 1078 statuta
3706 1020 3945 1079 scilicet
3977 1019 4112 1078 Ec-

892 1119 1091 1180 clesioe
1122 1119 1358 1201 {hujus
1414 1132 1504 1193 tu,
1538 1125 1775 1183 Summe
1813 1122 2132 1199 Pontifex,
2168 1126 2377 1197 caput,
2410 1118 2789 1194 antistesque
2839 1133 3184 1187 sacrorum,
3221 1118 3325 1176 cui
3356 1116 3687 1192 religionis
3707 1118 3869 1195 jura
3900 1114 4115 1175 dicere

887 1224 957 1281 in
987 1222 1191 1298 officio
1222 1233 1331 1284 est.
1368 1224 1455 1283 Ab
1486 1226 1594 1283 hac
1636 1242 1779 1283 vero
1826 1242 2043 1281 norma
2093 1222 2371 1300 quisquis
2402 1219 2811 1289 aberraverit,
2844 1219 2989 1278 huic
3032 1226 3311 1279 extrema
3347 1224 3403 1277 et
3440 1226 3610 1276 certa
3661 1218 3975 1295 pernicies
4019 1226 4113 1277 est

885 1321 1395 1398 pertimescenda.

962 1420 1215 1481 Accedit
1257 1423 1456 1498 igitur
1489 1421 1568 1481 ad
1596 1422 1778 1500 pedes
1807 1422 2173 1481 Sanctitatis
2209 1422 2357 1481 Tace
2397 1418 2707 1479 Eusebius
2739 1419 2843 1477 ille
2877 1418 3210 1497 Pamphili,
3245 1428 3313 1479 ut
3345 1420 3475 1497 ejus
3504 1423 3577 1484 de
3627 1420 3815 1481 Verbo
3847 1420 3961 1481 Dei
3991 1423 4105 1477 do-

883 1524 1111 1593 ctrina,
1151 1540 1329 1599 quam
1361 1542 1495 1581 cum
1536 1543 1613 1583 ex
1650 1526 2095 1602 pestiferorum
2140 1524 2453 1585 hominum
2486 1520 2738 1598 afﬂatu,
2772 1531 2899 1577 tum
2938 1536 3016 1577 ex
3064 1520 3304 1593 ingenii
3344 1522 3444 1580 sui
3491 1520 3757 1581 arbitrio
3800 1520 4101 1603 protulit,

874 1620 1181 1700 judicium
1223 1622 1440 1681 subeat
1496 1632 1687 1683 tuum.
1733 1626 1945 1682 ierum
1993 1621 2219 1682 talibus
2268 1627 2529 1679 onustus
2572 1618 2876 1677 mercibus
2908 1620 3019 1678 vix
3064 1630 3458 1697 conspectum
3498 1620 3677 1682 illum
3726 1622 3944 1698 ferret,
3977 1621 4097 1680 vix

881 1721 1051 1782 illam
1100 1722 1420 1782 oculorum
1470 1726 1715 1801 orisque
1764 1723 2128 1800 dignitatem
2172 1722 2559 1791 sustineret,
2620 1721 2746 1779 nisi
2787 1719 3089 1797 permista
3138 1720 3316 1779 malis
3360 1720 3519 1781 bona
3565 1722 3932 1791 innumera,
3966 1720 4101 1781 nisi

896 1821 1073 1879 nulta
1104 1821 1380 1900 offerret,
1414 1840 1544 1899 qua:
1562 1823 1798 1899 passim
1830 1824 1895 1880 in
1927 1839 2112 1898 opere
2143 1818 2393 1896 decerpi
2420 1820 2669 1895 possint
2703 1820 3105 1877 emolumenta
3130 1840 3149 1877 :
3180 1829 3247 1878 ut
3278 1821 3389 1880 hac
3424 1822 3488 1879 in
3516 1838 3582 1877 re
3609 1818 3786 1879 nobis
3840 1818 4104 1879 Eusebii

884 1919 1268 1997 diligentiam
1311 1920 1575 1979 laudare
1613 1922 1813 1992 liceat,
1848 1921 1902 1979 si
1931 1922 2131 1979 minus
2170 1921 2356 1978 liceat
2396 1920 2462 1979 in
2495 1918 2637 1977 aliis
2669 1916 2969 1979 doctrina:
3002 1919 3441 1979 sinceritatem.
3473 1918 3601 1979 Nos
3639 1937 3804 1991 vero,
3834 1918 3946 1977 etsi
3971 1936 4097 1997 pro

877 2038 1046 2078 more
1077 2028 1294 2079 nostro
1325 2020 1447 2079 haec
1479 2017 1559 2077 ad
1589 2019 1868 2079 codicum
1897 2016 2097 2095 ﬁdem,
2124 2017 2227 2076 'uti
2260 2034 2321 2074 se
2364 2015 2615 2085 dabant,
2644 2004 2899 2092 publica
2929 2017 3279 2095 fecerimus,
3320 2017 3581 2077 Eusebii
3615 2025 3815 2074 tamen
3850 2017 4089 2101 {'ercel-

879 2116 1067 2177 lensis
1099 2118 1445 2177 cautionem
1482 2117 1610 2176 alia
1650 2117 1935 2176 cautione
1972 2132 2304 2193 pensamus
2332 2135 2349 2171 :
2376 2116 2441 2174 in
2466 2114 3002 2192 praeliminaribus
3034 2119 3286 2195 quippe,
3328 2116 3589 2175 Eusebii
3622 2114 3693 2175 de
3740 2116 3926 2175 Verbo
3971 2116 4089 2175 Dei

877 2218 1252 2296 opinionem,
1285 2235 1410 2277 non
1450 2236 1527 2278 ex
1562 2218 1659 2279 his
1701 2215 1876 2276 modo
1926 2216 2437 2286 Commentariis,
2489 2217 2595 2275 sed
2628 2236 2707 2275 ex
2751 2217 2894 2276 aliis
2941 2220 3084 2276 item
3128 2218 3384 2295 scriptis
3429 2212 3697 2295 ejusdem
3743 2218 4088 2292 aperimus,

876 2317 1270 2395 confutamus
1301 2336 1319 2373 :
1349 2326 1421 2375 ac
1450 2333 1524 2374 ne
1567 2316 1794 2374 malum
1830 2314 2091 2373 occultis
2124 2312 2383 2373 subinde
2416 2315 2622 2375 verbis
2664 2314 3017 2375 obvolutum
3050 2315 3238 2374 latius
3281 2323 3515 2393 serpat,
3549 2333 3586 2371 a
3613 2314 3835 2393 quibus
3873 2333 4097 2375 caven-

872 2416 1017 2476 dum
1041 2418 1125 2477 sit
1156 2415 1523 2486 indicamus,
1558 2425 1614 2475 et
1637 2425 2003 2494 argumenta
2034 2424 2254 2475 contra
2285 2414 2461 2492 ﬁdem
2495 2415 2701 2475 oblata
2734 2434 2854 2495 pro
2886 2416 3061 2476 virili
3093 2414 3487 2495 depellimus.

952 2521 1118 2581 Huic
1167 2529 1401 2579 nostra
1461 2537 1685 2597 operte,
1728 2518 2129 2583 Sanctissime
2160 2518 2370 2589 Pater,
2406 2520 2460 2578 si
2508 2518 2812 2579 calculum
2858 2518 3196 2592 addideris,
3239 2520 3295 2581 si
3336 2521 3459 2581 haec
3501 2518 3706 2580 studio
3733 2520 4091 2599 vigiliisque

872 2621 1107 2681 nostris
1138 2629 1331 2699 parta
1362 2619 1597 2680 lubenti
1626 2620 1830 2677 animo
1864 2620 2203 2697 acceperis,
2238 2638 2398 2679 unus
2423 2620 2602 2679 nobis
2634 2623 2840 2680 instar
2869 2623 3138 2682 omnium
3168 2632 3389 2681 auctor
3420 2625 3565 2695 eris,
3586 2633 3653 2683 ut
3689 2624 3925 2683 exteris
3954 2639 4090 2699 qua

873 2737 987 2798 per
1018 2721 1211 2781 otium
1238 2728 1574 2803 parantur,
1607 2720 1885 2780 alacrius
1932 2738 2178 2779 manum
2219 2720 2669 2781 admoveamus.
2711 2723 2792 2781 Te
2828 2723 3057 2801 quippe
3100 2723 3211 2783 hoc
3245 2724 3312 2783 in
3352 2726 3609 2786 honoris
3641 2727 3930 2795 culmine,
3972 2726 4089 2785 hac

872 2824 941 2884 in
986 2822 1237 2901 specula
1272 2822 1539 2897 sedente,
1574 2822 1653 2883 ad
1680 2826 1938 2885 virtutis
1981 2823 2279 2896 studium,
2316 2834 2375 2884 et
2405 2823 2485 2884 ad
2522 2825 2881 2885 litterarum
2921 2826 3159 2893 cultum
3202 2839 3516 2889 acuuntur
3544 2831 3781 2896 animi;
3825 2838 3893 2889 ut
3947 2847 4090 2909 spes

868 2924 954 2985 sit
988 2924 1387 3005 afﬂictam-et
1411 2922 1715 2988 labantem
1741 2926 1808 2985 in
1830 2923 1961 2984 dies
1991 2944 2121 2983 rem
2151 2924 2529 2989 litterariam
2556 2944 2669 3005 ope
2700 2937 2757 2987 et
2786 2928 3144 3005 patrocinio
3171 2936 3275 2989 tuo
3308 2940 3728 2991 restauratum
3763 2930 3869 2992 iri.
3903 2930 4090 3006 Quod

870 3028 1035 3087 omni
1063 3024 1523 3104 exspectatione
1555 3026 1864 3084 maturius
1901 3024 2163 3096 accidet,
2188 3026 2243 3085 si
2271 3026 2448 3091 nobis
2477 3028 2689 3108 fausta
2733 3027 3137 3107 precantibus
3164 3031 3389 3109 faverit
3420 3032 3689 3090 omnium
3733 3029 4091 3093 moderator

869 3124 996 3194 ille,
1025 3123 1134 3202 qui
1159 3120 1343 3181 rebus
1362 3122 1677 3200 prospicit
1704 3122 2012 3192 humanis,
2046 3140 2156 3182 nec
2189 3131 2245 3181 te
2288 3122 2465 3183 modo
2499 3125 2871 3185 incolumem
2901 3125 3139 3187 diutius
3171 3131 3532 3201 servaverit,
3565 3128 3671 3187 sed
3702 3130 3881 3189 etiam
3914 3140 4089 3192 tran-

871 3220 1067 3301 quilla
1097 3229 1443 3299 pacataque
1480 3228 1759 3287 tempora
1791 3221 1959 3301 plebi
1988 3239 2115 3283 sure
2132 3222 2512 3300 providerit,
2548 3223 2714 3303 quod
2743 3244 2878 3285 cum
2900 3229 3130 3305 primis
3163 3230 3491 3307 efflagitat,

2164 3324 2379 3384 Sancti
2385 3326 2531 3385 tatis
2568 3327 2727 3385 Tute.

2954 3492 3596 3573 Obsequentissimus
3636 3504 3696 3558 et
3733 3498 3921 3559 addi-

3038 3574 3358 3635 ctissimus
3376 3575 3543 3636 [ilius
3582 3583 3640 3637 et
3672 3584 3920 3648 servus.

2953 3673 3020 3733 F.
3086 3673 3268 3734 Bern.
3304 3676 3411 3734 -Ds
3453 3668 3909 3741 Morere-sucos

2565 3818 2572 3826 n

2257 3835 2913 3845 _——-——_—————_————
3048 3839 3175 3847 ρ...

2886 3840 2930 3861 ;
3048 3840 3175 3863 ’νά-ο
3184 3840 3897 3868 εοὟεε--ψ-α--α-κ--α-
3887 3848 3959 3868 ,π’
3966 3848 4025 3855 --

1870 4008 3063 4138 PRIELIMINARIA
3233 4193 3247 4215 ‘

1232 4271 1355 4361 IN
1434 4268 1911 4361 EUSEBII
1988 4260 2862 4355 COMMENTARIA
2940 4262 3063 4351 IN
3144 4265 3703 4363 PSALMOS.

871 3834 2859 3866 mm

1434 4579 1846 4638 PROtEmUM.
2438 4564 2495 4643 ,λ’
2512 4578 2691 4649 prodit
2718 4575 2981 4635 Eusebius
3015 4600 3026 4635 :
3053 4597 3117 4652 qu

2438 4564 2691 4649 A'prodit
2718 4575 2981 4635 Eusebius
3015 4583 3145 4652 :qui
3178 4584 3223 4638 si
3267 4594 3523 4654 quantam
3576 4588 3917 4655 eruditionis,
3948 4600 4069 4643 tari—

924 4672 1156 4727 Tantum
1188 4672 1287 4727 sibi
1323 4686 1517 4726 nomen
1552 4674 1606 4727 in
1630 4689 1687 4727 re
1718 4674 1980 4728 litteraria
2004 4676 2210 4743 peperit
2241 4672 2411 4727 Euse-

852 4765 976 4820 bius
999 4763 1372 4825 Caesariensis,
1399 4770 1457 4815 ut
1473 4777 1595 4816 cum
1627 4766 1679 4818 in
1699 4767 1817 4835 ejus
1852 4768 2071 4836 scriptis
2101 4776 2412 4821 restauran-

852 4859 959 4919 dis,
991 4859 1038 4913 si
1078 4866 1350 4929 prostent,
1385 4858 1661 4917 emendis,
1690 4862 1735 4925 si
1774 4862 1994 4923 lateant,
2027 4875 2193 4930 opera
2249 4874 2413 4913 nava—

851 4958 961 5013 tur,
989 4949 1040 5004 id
1081 4951 1134 5002 in
1171 4950 1444 5019 praeipua
1475 4949 1631 5003 ollicii
1665 4960 1817 5017 parte
1855 4962 2057 5019 ponant
2098 4952 2315 5007 eruditi.
2364 4952 2413 5006 Is

850 5042 995 5094 enim
1027 5048 1105 5093 tot
1138 5041 1193 5093 in
1220 5040 1464 5105 historia,
1498 5041 1551 5091 in
1574 5040 1947 5106 chronologia,
1981 5042 2032 5094 in
2074 5044 2413 5113 antiquitatis

855 5133 1065 5199 notitia,
1099 5134 1300 5204 ingenii
1343 5134 1425 5188 sui
1460 5133 1758 5203 specimina
1782 5133 1957 5195 dedit,
1994 5142 2049 5186 ut
2070 5150 2192 5189 cum
2224 5136 2412 5206 primis

853 5228 1111 5284 Ecclesiae
1144 5228 1503 5297 scriptoribus
1544 5230 1753 5283 censeri
1799 5236 2089 5284 mereatur.
2123 5229 2297 5285 Unum
2334 5248 2416 5285 re-

854 5322 1031 5374 stabat
1052 5322 1104 5373 in
1125 5335 1233 5389 quo
1253 5320 1517 5373 nullidum
1540 5319 1754 5375 Eusebii
1772 5321 2018 5390 peritiam
2035 5322 2410 5377 internoscen-

852 5411 906 5463 di
945 5419 1182 5480 potestas
1208 5410 1401 5474 fuerat,
1434 5413 1805 5481 interpretatio
1833 5413 2081 5467 videlicet
2110 5413 2413 5484 Scriptura-

853 5520 995 5558 rum.
1028 5502 1143 5569 Qua
1175 5507 1228 5557 in
1262 5520 1318 5559 re
1338 5518 1462 5558 cum
1494 5520 1601 5557 non
1629 5504 1854 5558 minoris
1885 5504 2027 5573 apud
2050 5516 2255 5562 veteres
2286 5524 2412 5577 pre-

852 5595 912 5647 tii
946 5594 1130 5658 fuerit,
1164 5603 1468 5665 temporum
1498 5605 1677 5649 tamen
1712 5597 1908 5666 injuria
1946 5598 2160 5665 ignotus
2183 5614 2318 5667 pene
2345 5601 2409 5653 ad

852 5695 1100 5743 nostrum
1150 5704 1325 5741 aevum
1356 5688 1577 5743 mansit.
1618 5686 1736 5741 Jam
1787 5703 1914 5743 vero
1945 5689 2035 5741 ubi
2074 5690 2407 5743 celeberrimi

847 5778 925 5831 illi
950 5779 1001 5831 in
1046 5776 1289 5833 Psalmos
1315 5778 1713 5838 commentarii,
1747 5778 1853 5831 situ
1895 5785 1950 5832 et
1976 5786 2240 5835 vetustate
2276 5796 2410 5851 pene

847 5872 1050 5936 obruti,
1080 5871 1133 5925 in
1166 5872 1336 5926 lucem
1365 5870 1601 5937 veniunt,
1623 5872 1673 5922 in
1696 5870 1957 5926 omnibus
1980 5873 2063 5926 sui
2094 5888 2147 5928 se
2176 5874 2403 5929 similem

2518 4681 2625 4723 tam
2656 4671 2881 4726 sincera:
2903 4672 3025 4727 ﬁdei
3052 4674 3263 4728 laudem
3290 4678 3522 4739 tulisset,
3546 4677 3632 4732 vix
3660 4694 3841 4747 parem
3866 4680 4067 4734 admit-

2520 4771 2677 4817 teret.
2712 4762 2822 4819 Hos
2849 4765 3031 4835 itaque
3058 4770 3495 4833 commentarios,
3522 4770 3614 4823 diu
3659 4776 3947 4841 expetitos,
3984 4774 4079 4829 sed

2516 4871 2793 4925 nunquam
2836 4864 3094 4923 tentatos,
3148 4861 3268 4923 tibi,
3306 4862 3475 4916 lector
3532 4864 3760 4929 erudite,
3820 4866 4078 4936 legendos

2508 4947 2781 5021 sistimus.
2812 4947 3127 5005 Versioncm
3174 4968 3337 5022 porro
3370 4953 3614 5010 Latinam
3662 4973 3761 5027 pro
3796 4973 3947 5014 more
3978 4976 4074 5013 no-

2514 5052 2628 5096 stro
2679 5044 2751 5097 ita
2803 5044 3217 5114 adornavimus,
3263 5056 3340 5112 ut,
3377 5051 3479 5103 etsi
3538 5053 3964 5121 compendiaria,
4015 5064 4073 5108 ut

2514 5134 2827 5203 plurimum,
2861 5138 2945 5191 via
2980 5138 3125 5191 dicta
3152 5138 3368 5193 Eusebii
3422 5141 3856 5214 interpretemur,
3887 5142 4073 5199 (ἓως

2514 5238 2690 5286 tamen
2718 5249 2823 5288 non
2850 5236 3065 5303 penitus
3095 5252 3125 5290 e
3145 5236 3369 5305 vestigio
3391 5246 3660 5293 sectemur
3686 5258 3698 5294 :
3727 5256 3899 5309 neque
3925 5243 4068 5296 enin

2515 5327 2821 5398 importuno
2852 5333 3108 5401 scrupulo
3137 5333 3209 5384 ita
3233 5331 3421 5387 littera:
3456 5334 3740 5399 literemus,
3773 5345 3831 5389 ut
3851 5338 4071 5391 concin-

2514 5432 2636 5471 nam
2690 5422 2971 5475 sententia:
3015 5424 3378 5489 exprimenda:
3432 5427 3693 5480 rationem
3730 5428 4066 5487 deseranmt,

2510 5524 2620 5561 non
2653 5511 2845 5571 nescii,
2882 5510 2947 5564 iis
2978 5512 3073 5579 qui
3118 5512 3277 5565 talem
3310 5518 3549 5569 vertendi
3584 5517 3801 5571 modum
3830 5532 4067 5586 aggressi

2514 5608 2662 5662 sunt,
2716 5617 2825 5655 non
2866 5602 3097 5657 feliciter
3126 5607 3361 5661 cessisse
3405 5620 3677 5662 conatum.
3703 5601 3891 5673 'Quam
3946 5622 4071 5661 vero

2513 5690 2721 5745 Latina:
2752 5693 2946 5762 lingua:
2988 5698 3425 5765 peregrinitatem
3483 5701 3781 5755 intuletunt
3818 5699 4058 5754 Ecclesil

2503 5787 2713 5849 Patres,
2733 5802 2851 5840 eam
2880 5804 2984 5842 non
3015 5792 3237 5845 omnino
3261 5809 3459 5849 exuere
3488 5796 3692 5849 licitum
3730 5795 3782 5847 fu
3808 5803 3827 5848 t
3854 5814 3865 5848 :
3897 5811 4015 5863 nequ
4037 5808 4067 5847 e

2511 5877 2653 5933 cnim
2710 5881 2995 5962 abstineri
3024 5875 3201 5951 poiest
3234 5901 3261 5937 a
3301 5889 3520 5941 vocibus
3550 5888 3803 5941 diuturno
3835 5888 4065 5957 scriptu-
