4262 6450
238 548 306 605 l3
1013 548 1519 610 COMMENTAPJA
1550 548 1624 605 1N
1666 543 2002 604 pSALnos.
2044 581 2110 590 —
2147 510 2693 611 PR£LtMlNARlA.
3409 560 3479 615 it

229 634 356 726 rum
381 667 637 728 Ecciesis
677 686 778 726 usu
805 670 971 733 tritis,
999 680 1056 726 ut
1088 680 1237 740 sunt,
1277 674 1622 742 morti/icore,
1648 673 1815 741 vivifi-
1845 677 1886 733 Α
1919 670 2129 733 haberi,
2160 686 2223 725 ac
2245 671 2582 730 maturandae
2611 669 2866 732 editionis
2900 685 3092 732 anet'or
3121 672 3240 732 fuit.
3278 674 3479 732 Accer-

229 777 374 827 care,
406 764 717 831 persecutio,
751 763 1116 828 tribulatio,et
1138 766 1364 828 similes,
1391 781 1508 836 qua:
1533 765 1792 834 quodam-

232 856 397 911 modo
427 866 780 921 consecratae,
818 867 870 913 et
901 860 953 913 in
1005 861 1160 914 libris
1195 859 1462 929 frequenti
1504 859 1796 929 Scripturae

231 948 467 1004 lectione
507 950 830 1008 intermistis
876 964 1101 1020 prorsus
1154 948 1476 1007 necessariae
1512 962 1660 1006 sunt.
1699 952 1797 1006 Ubi

231 1049 532 1095 occurrunt
571 1041 869 1111 Scriptura:
892 1059 1064 1098 sacra:
1087 1045 1257 1108 dicta,
1291 1045 1597 1116 Vulgatam.
1632 1048 1676 1102 si
1713 1065 1798 1102 res

231 1135 305 1187 ita
334 1133 493 1198 ferat,
528 1137 811 1205 sequimur
849 1155 860 1188 :
898 1136 992 1191 sed
1039 1136 1260 1206 quando
1291 1154 1354 1194 ex
1399 1138 1580 1193 Veteri
1611 1139 1800 1200 Testa-

230 1234 417 1280 mento
437 1223 728 1280 sententiae
759 1218 1081 1287 aﬂeruntur,
1105 1229 1231 1295 quia
1256 1225 1578 1298 plerumque
1602 1230 1799 1300 Vulga-

229 1322 286 1368 ta
306 1355 320 1379 ,
353 1331 417 1369 ex
463 1315 687 1371 Hebraeo
710 1332 994 1388 expressa,
1032 1334 1154 1372 cum
1186 1318 1371 1374 Gt‘n'ca
1413 1324 1661 1378 versione
1691 1339 1796 1377 non

231 1405 487 1474 quadrat,
519 1414 633 1461 tum
667 1423 892 1462 necesse
935 1423 1161 1477 prorsus
1191 1418 1274 1464 est
1331 1412 1523 1468 litterae
1549 1417 1796 1484 obsequi,

226 1495 504 1566 aliamque
546 1498 1049 1567 interpretationem
1080 1515 1320 1568 parare:
1363 1506 1508 1573 quod
1543 1506 1669 1560 item
1707 1523 1800 1561 ne-

225 1590 474 1644 cessario
503 1591 870 1658 praestandum
918 1591 1094 1646 sicubi
1127 1593 1209 1647 vel
1253 1594 1417 1649 lectio
1447 1597 1680 1661 diversa,
1716 1601 1800 1652 vel

229 1681 454 1736 Eusebii
483 1683 753 1736 sententia
793 1683 953 1735 aliam
991 1685 1296 1740 versionem
1322 1691 1578 1755 postulat.
1623 1689 1678 1745 ln
1707 1691 1797 1746 de-

217 1786 397 1826 cursu
443 1783 621 1826 autem
662 1773 843 1840 operis
898 1774 1088 1830 breves
1145 1791 1423 1846 rarasque,
1443 1788 1602 1833 notas
1653 1781 1803 1835 dedi-

227 1877 395 1918 mus:
428 1863 555 1932 quia
612 1879 688 1917 ea:
738 1864 783 1918 si
846 1864 952 1919 buc
1003 1868 1137 1921 illuc
1191 1868 1576 1938 conjiciantur,
1640 1875 1801 1942 vulgo

227 1939 456 2022 pereunt
492 1952 871 2019 inobservataa,
915 1956 1152 2011 intactae.
1185 1958 1362 2024 Quare
1385 1961 1431 2014 si
1458 1961 1587 2028 quid
1631 1963 1684 2015 in
1716 1939 1800 2018 his

223 2047 636 2101 commentariis
668 2055 861 2100 notatu
890 2049 1115 2118 dignum
1151 2053 1412 2117 occurrit,
1444 2053 1496 2107 id
1533 2056 1586 2107 in
1619 2059 1797 2124 prteli-

224 2138 458 2191 minaria
487 2140 841 2204 contulimus,
883 2141 976 2194 ubi
1003 2142 1070 2197 de
1099 2144 1260 2211 stylo,
1302 2144 1369 2198 de
1398 2160 1596 2215 genere
1625 2147 1796 2203 inter-

221 2229 498 2298 pretandi,
531 2230 598 2285 de
650 2233 919 2298 doctrina,
959 2233 1024 2288 de
1077 2235 1362 2304 disciplina
1425 2221 1599 2308 deque
1652 2241 1794 2304 aliis,

200 2311 345 2393 qua:
374 2323 556 2376 omnia
584 2339 750 2377 unum
776 2325 879 2379 sub
901 2334 1178 2395 aspectum
1214 2327 1487 2396 conjicere
1518 2346 1548 2383 e
1593 2346 1650 2385 re
1684 2331 1797 2386 fore

221 2412 401 2468 visum
432 2422 516 2469 est
551 2433 563 2468 :
599 2431 773 2484 neque
829 2425 1082 2485 putamus
1126 2418 1353 2472 eruditis
1410 2429 1461 2473 ct
1511 2424 1794 2491 sagacibns

219 2505 515 2573 consilium
555 2505 981 2576 displiciturum.

734 2617 962 2673 CAPUT
995 2619 1288 2677 PRIMUM.

211 2746 587 2787 'COI'UENTARII
617 2749 822 2788 EUSEBH
855 2750 923 2789 EX
954 2751 1142 2800 QUIBUS
1170 2753 1447 2796 CODlCIBUS
1480 2757 1784 2799 PBODEANT.

228 2824 276 2878 1.
301 2823 378 2876 De
406 2826 583 2878 codice
613 2825 928 2882 Tauriuensi
961 2830 1252 2886 cardinalis
1295 2833 1558 2889 Perronii.
1595 2835 1678 2889 11.
1718 2837 1792 2890 De

291 2894 467 2949 codice
496 2895 785 2949 cardinalis
836 2897 1100 2954 Coislinii.
1135 2901 1249 2955 ΙΙΙ.
1291 2903 1366 2957 De
1385 2905 1694 2959 Colbertino
1742 2917 1791 2959 et

291 2969 493 3044 catenis
525 2965 767 3044 Regiis._l
784 2966 843 3020 V.
866 2967 1036 3044 (inieci
1067 2970 1288 3044 Eusebio
1311 2983 1374 3026 et-
1390 2976 1512 3028 aliis
1538 2985 1790 3044 suspecta:

294 3035 420 3104 fidei
471 3035 814 3107 scriptoribus
862 3041 1075 3107 infensi.
1121 3041 1180 3095 V.
1214 3042 1428 3098 Catena:
1467 3035 1788 3102 commenta-

291 3108 423 3184 rios
455 3106 944 3175 pesmmdederunt.
991 3110 1084 3166 VI.
1121 3111 1197 3165 De
1240 3112 1642 3184 praefationibus
1675 3118 1787 3172 Eir-

291 3175 441 3230 sebii.

405 3289 444 3340 Ι.
481 3292 557 3341 De
578 3293 744 3342 codice
767 3293 1054 3346 Taurinensi
1077 3297 1336 3348 cardinalis
1359 3299 1599 3351 Perrona.

290 3395 729 3455 Commentarios
764 3400 982 3458 Eusebii
1015 3404 1068 3459 in
1122 3405 1369 3461 Psalmos
1406 3408 1458 3462 in
1495 3409 1784 3465 bibliothe-

217 3483 300 3538 cis
325 3484 491 3542 latere
506 3490 799 3545 multorum
819 3506 1039 3550 narratu
1065 3496 1176 3565 jam
1204 3499 1410 3566 pridem
1436 3515 1780 3570 acceperam:

213 3582 408 3628 “verum
441 3577 586 3633 haud
612 3584 778 3638 certis
807 3587 951 3641 notis
982 3587 1340 3658 iudiciisque;
1366 3592 1456 3646 alii
1479 3594 1622 3647 enim
1641 3595 1783 3662 quod

212 3678 439 3720 rumore
489 3670 702 3733 nuntio,
740 3676 1128 3746 nonnullisque
1179 3678 1539 3735 referentibus
1598 3684 1784 3737 audie-

219 3767 361 3824 rant,
398 3761 548 3814 nnlla
579 3763 706 3818 data
736 3767 1055 3834 experiundi
1101 3769 1378 3833 facultate,
1422 3771 1780 3841 dictitabant;

223 3851 315 3904 alii
371 3851 648 3910 indicibus
681 3857 929 3912 codicum
987 3861 1218 3931 decepti,
1257 3864 1500 3932 quendam
1535 3866 1588 3919 in
1631 3863 1782 3922 Psal-

207 3951 338 3997 mos
368 3943 816 4016 ἁποσπασμάτια,
849 3949 1066 4006 Eusebii
1118 3954 1338 4007 nomine
1370 3954 1651 4024 insignita,
1683 3973 1780 4027 pro

214 4033 361 4090 veris
394 4035 611 4092 Eusebii
646 4045 1055 4098 commentariis
1099 4045 1434 4106 habuerante
1455 4047 1628 4124 Annis
1654 4065 1782 4104 vero

214 4126 284 4180 ab
311 4127 442 4182 hinc
468 4130 687 4186 circiter
717 4127 903 4188 decem
930 4139 1314 4192 renuntiarunt
1342 4141 1555 4196 sodales
1605 4144 1777 4196 nostri

219 4215 406 4272 Saneti
439 4217 663 4275 Taurini
700 4222 1047 4281 Ebroicensis
1071 4230 1342 4294 monachi,
1374 4240 1590 4287 exstare
1615 4233 1667 4285 in
1699 4233 1778 4287 bi-

209 4309 485 4365 bliotheca
513 4327 635 4376 sua,
671 4331 791 4384 quae
821 4317 950 4371 olim
980 4321 1275 4376 cardinalis
1309 4323 1551 4380 Perronii
1581 4325 1775 4389 fuerat,

214 4403 656 4472 antiquissimum
689 4409 932 4464 codicem
986 4416 1504 4472 commentariorum
1561 4418 1776 4475 Eusebii

212 4495 566 4552 Caesariensis
597 4499 651 4551 in
682 4501 994 4570 Evangelia,
1021 4519 1084 4559 ac
1125 4510 1483 4565 recentiorem
1528 4512 1692 4566 alium
1723 4515 1775 4566 in

210 4603 323 4656 quo
350 4592 725 4646 commentarii
763 4593 1006 4662 ejusdem
1040 4597 1094 4650 in
1126 4598 1391 4658 Psalmos.
1426 4603 1565 4658 Tum
1595 4607 1777 4659 animo

209 4681 503 4751 utriusque
536 4684 717 4754 operis
747 4687 1082 4754 publicandi,
1114 4695 1301 4760 rogavi
1356 4705 1415 4748 ut
1463 4699 1593 4752 mihi
1631 4701 1774 4754 anti-

1907 763 2076 815 situm
2111 763 2291 832 itaque
2343 766 2586 820 codicem
2636 759 2963 840 deprehendi
2992 759 3331 838 ipsissimum
3355 785 3480 825 esse

1898 855 2350 907 commentarium
2388 855 2630 920 Eusebii,
2661 873 2822 928 quem
2844 858 3139 912 cardinalis
3176 856 3484 914 Perronius

1899 946 1954 998 in
1981 943 2133 998 ltalia
2163 945 2364 1015 degens
2387 963 2453 1000 ex
2489 949 2892 1018 antiquioribus
2925 949 3207 1004 codicibus
3236 948 3480 1005 exscribi

1899 1046 2206 1091 curaverat.
2233 1038 2282 1094 ls
2315 1040 2418 1094 etsi
2451 1039 2516 1114 ad
2548 1040 2905 1095 centesimum
2930 1054 3102 1108 usque
3129 1047 3183 1095 et
3215 1040 3446 1095 duodem
3468 1071 3482 1082 η

1899 1141 2048 1180 mum
2081 1130 2350 1198 psalmum
2381 1131 2731 1200 pertingeret,
2766 1131 2820 1184 in
2848 1131 3032 1187 multis
3057 1131 3376 1193 deﬁciebat;
3402 1134 3480 1186 ita

1902 1225 1962 1270 ut
1995 1221 2160 1274 etiam
2195 1223 2388 1290 psalmi
2423 1238 2453 1275 a
2484 1222 2904 1292 quadragesimo
2926 1233 3119 1278 octavo
3156 1224 3222 1279 ad
3251 1234 3478 1298 octoge-

1901 1309 2100 1364 simum
2144 1313 2420 1379 abcssent,
2448 1315 2502 1368 in
2543 1316 2862 1384 caeterisque
2892 1329 3001 1369 non
3037 1327 3211 1386 pauca
3260 1317 3476 1373 desideo

1900 1412 2176 1459 rarentur.

2233 1517 2297 1567 Il.
2326 1520 2408 1572 De
2433 1521 2602 1569 codice
2624 1521 2882 1572 cardinalis
2904 1517 3143 1574 'Coislinii.

1969 1624 2127 1678 Tunc
2158 1625 2409 1678 iterando
2439 1627 2571 1678 mihi
2601 1627 2880 1696 diligentia
2899 1627 3019 1692 fuit,
3046 1636 3103 1682 ut
3149 1630 3195 1684 si
3232 1627 3357 1698 quid
3414 1627 3470 1683 in

1903 1717 1994 1768 illo
2021 1715 2254 1779 deesset,
2277 1715 2506 1769 aliorum
2536 1717 2777 1771 subsidio
2803 1718 3009 1772 sarcire
3036 1734 3270 1788 possem.
3310 1718 3472 1774 Forte

1902 1793 2119 1860 fortuna
2166 1807 2365 1861 accidit
2407 1815 2462 1860 ut
2494 1808 2548 1860 in
2586 1807 2913 1862 bibliotheca
2963 1808 3291 1879 Segueriana
3335 1812 3472 1866 alter

1886 1897 2069 1954 codex
2098 1897 2400 1954 Eusebiiin
2432 1897 2677 1955 Psalmos
2695 1900 2924 1956 adesset.
2949 1901 3104 1956 Hunc
3124 1903 3191 1957 ab
3222 1904 3469 1959 eminen-

1903 1989 2115 2043 tissimo
2145 1991 2410 2045 cardinali
2463 1990 2725 2045 Coislinio
2754 1994 3058 2062 impetravi,
3083 1995 3175 2064 qui
3209 2010 3317 2067 qua
3348 1988 3468 2064 pol-

1904 2081 1972 2134 let
1998 2081 2335 2137 humanitate
2370 2092 2423 2137 et
2456 2082 2829 2148 beneﬁcentia,
2865 2085 3124 2140 suadente
3149 2101 3211 2139 ac
3244 2100 3470 2140 monen-

1899 2180 1954 2228 te
1996 2173 2215 2227 domino
2249 2174 2324 2228 de
2372 2174 2422 2227 la
2455 2173 2689 2244 Vergne,
2720 2176 2771 2228 in
2810 2176 3088 2255 publicum
3121 2193 3279 2256 usum
3315 2176 3451 2231 codi»

1900 2279 2018 2317 cem
2068 2265 2381 2333 bujusmodi
2413 2267 2761 2321 commodare
2813 2270 2971 2322 nobis
3013 2268 3333 2339 dedignatus
3355 2285 3465 2326 non

1898 2363 2001 2408 est.
2040 2353 2210 2410 Habet
2240 2356 2286 2411 is
2310 2356 2558 2412 Psalmos
2591 2374 2713 2412 cum
2741 2362 3145 2416 commentariis
3186 2361 3356 2431 plenis
3382 2364 3467 2417 in-

1897 2446 2230 2515 tegrisque'a
2259 2447 2713 2518 quinquagesimo
2744 2451 2808 2504 ad
2846 2453 3261 2520 nonagesimum
3301 2455 3464 2524 quin-

1898 2545 2044 2604 tum;
2077 2539 2150 2592 ita
2182 2547 2241 2592 ut
2268 2540 2431 2606 hujus
2455 2541 2786 2596 adminiculo
2818 2543 3070 2597 lacunam
3094 2545 3238 2599 illam
3274 2547 3466 2618 ingen-

1897 2635 2003 2680 tem
2038 2629 2288 2698 explendi
2324 2628 2554 2685 facultas
2582 2640 2747 2687 esset.
2782 2632 2936 2696 Quod
2970 2648 3101 2689 sane
3130 2636 3262 2689 mihi
3284 2638 3463 2709 inopt-

1895 2725 2083 2772 natum
2111 2727 2164 2774 et
2196 2727 2408 2790 gratum
2439 2723 2638 2776 accidit
2659 2743 2672 2777 :
2697 2739 2821 2777 nam
2859 2723 3034 2778 solent
3061 2740 3183 2782 esse
3211 2743 3330 2798 quae
3361 2731 3462 2782 mi-

1895 2827 1998 2864 nus
2029 2821 2413 2880 exspectantur
2435 2813 2659 2869 laetiora.
2688 2814 2783 2871 Est
2812 2832 2974 2886 porro
3001 2817 3172 2873 codex
3202 2813 3292 2874 ille
3319 2821 3463 2877 deci-

1891 2905 2018 2957 cimi
2071 2903 2276 2966 saiculi,
2305 2890 2535 2975 egregiae
2565 2915 2727 2971 notae,
2764 2897 2852 2962 cui
2909 2911 3101 2965 titulus
3144 2912 3462 2981 huiusmodi

1890 2995 2130 3049 secunda
2180 3010 2343 3049 manu
2392 3013 2487 3051 xm
2538 2999 2720 3052 saeculi
2761 3001 3017 3070 praeﬁxus
3043 3011 3165 3056 est:
3200 2995 3459 3058 Εὐσεϐίου

1888 3086 1983 3140 τοῦ
2017 3088 2298 3157 Παμφίλου
2350 3089 2625 3160 Ἀρειανοῦ
2672 3091 2928 3165 ἐξήγησις
2973 3095 3052 3157 εἰς
3096 3095 3220 3159 τοὺς
3257 3090 3460 3166 νῖψαλ-

1888 3181 2023 3248 μοὺς
2052 3177 2143 3230 τοῦ
2171 3177 2350 3242 Δαυῗδ,
2390 3180 2513 3243 τοὺς
2531 3181 2637 3234 ἀπὸ
2675 3187 2753 3235 va'
2789 3183 2892 3246 ἓως
2926 3179 2990 3254 ρ’,
3025 3176 3203 3250 idest,
3246 3184 3460 3241 Eusebii

1889 3270 2158 3339 Pamphili
2186 3271 2375 3350 Ariani
2407 3275 2665 3342 expositio
2714 3275 2770 3329 in
2821 3278 3202 3348 quinquaginta
3228 3274 3460 3348 psalmos

1815 3364 1859 3421 (Γ.
1891 3360 2136 3427 Davidis,
2194 3379 2227 3414 a
2277 3365 2707 3435 quinquagesimo
2762 3368 2931 3435 primo
2973 3367 3041 3421 ad
3099 3371 3457 3426 centesimum.

1892 3453 2026 3508 Nam
2079 3455 2322 3524 plerique
2351 3471 2540 3512 omnes
2583 3455 2754 3512 Graeci
2797 3458 3112 3526 Eusebium,
3145 3479 3244 3518 nec
3272 3465 3460 3520 imme-

1891 3555 2126 3611 rentem,
2148 3562 2243 3615 pro
2265 3546 2468 3601 Ariano
2491 3550 2693 3621 passim
2719 3550 3044 3608 habuerunt.
3067 3552 3247 3610 Codex
3279 3560 3458 3611 autem

1891 3639 1981 3693 ille
2007 3647 2315 3708 temporum
2368 3640 2570 3708 injuria
2621 3643 2911 3710 postremis
2953 3642 3194 3713 quinque
3231 3646 3456 3713 psalmis

1889 3731 2151 3784 multatus
2210 3739 2326 3785 est.
2371 3747 2492 3785 nam
2535 3734 2588 3786 in
2635 3734 3043 3802 nonagesimum
3083 3736 3333 3805 quintum
3362 3738 3457 3792 de-

1889 3823 2040 3875 sinit.

2034 3955 2117 4006 III.
2158 3959 2228 4009 De
2255 3954 2423 4009 codice
2449 3946 2731 4011 Colbertino
2758 3966 2810 4010 et
2838 3963 2902 4011 de
2934 3966 3122 4014 catenis
3145 3969 3333 4030 Regiis.

1955 4061 2158 4118 Caetera
2185 4082 2302 4135 qua}
2322 4066 2649 4124 deﬁciebant
2670 4071 2956 4127 ex'codice
2979 4071 3295 4128 Colbertino
3325 4071 3451 4142 646,

1887 4155 2177 4211 admodum
2207 4161 2410 4213 recenti
2431 4168 2485 4214 et
2505 4176 2569 4215 ex
2593 4163 2802 4216 catenis
2835 4161 3019 4234 Regiis
3053 4164 3191 4219 l807
3211 4174 3265 4221 et
3293 4163 3450 4234 1878,

1885 4248 2143 4302 nonnulla
2189 4248 2316 4305 item
2360 4265 2426 4304 ex
2455 4260 2647 4306 catena
2678 4250 2946 4316 Corderii,
2973 4255 3201 4308 mutuati
3228 4270 3452 4322 sumus;

1887 4347 2014 4394 sunt
2052 4346 2231 4394 autem
2265 4349 2469 4396 catena:
2496 4342 2599 4396 illa:
2629 4358 2759 4398 mss.
2789 4344 3004 4412 optimm
3045 4351 3186 4398 notae
3208 4353 3318 4420 et‘x
3346 4360 3450 4399 sae-

1856 4431 2018 4513 lculi.
2052 4429 2239 4500 Neque
2265 4439 2444 4486 tamen
2495 4433 2546 4487 id
2579 4435 2837 4518 consequi
2889 4435 3160 4503 potuimus
3184 4443 3243 4488 ut
3274 4443 3450 4490 totum

1884 4523 2336 4576 commentarium
2369 4523 2436 4577 ad
2482 4526 2730 4587 ultimum
2773 4537 2944 4594 usque
2973 4526 3240 4594 psalmum
3276 4527 3332 4580 in
3367 4528 3450 4580 lu-

1884 4597 2001 4667 c‘em
2033 4614 2276 4681 proferre
2306 4614 2533 4669 liceret:
2564 4615 2619 4669 in
2651 4616 2800 4668 nullo
2838 4616 2983 4670 enim
3035 4631 3101 4670 ex
3135 4621 3474 4674 memoratis

1886 4705 2170 4762 codicibus
2227 4707 2368 4759 ultra
2431 4709 2789 4761 centesimum
2858 4711 3126 4764 decimum
3197 4717 3448 4769 octavum

203 4773 419 4842 quieris
471 4774 615 4830 illius
660 4779 869 4846 copiam
911 4778 1167 4835 facerent.
1204 4783 1455 4853 Mittitur,
1486 4792 1697 4855 evolvo,
1730 4803 1782 4848 et
1813 4795 1858 4852 ο
1887 4795 2178 4865 psalmum,
2211 4784 2486 4864 quidpiam
2516 4796 2740 4854 oil'ertur
2771 4799 2868 4870 (α).
2902 4799 3164 4871 Quodque
3193 4818 3290 4871 per
3315 4804 3446 4860 milii

202 4867 395 4922 statim
430 4865 612 4922 {uelim
631 4869 846 4924 olfacio.
876 4870 1012 4938 Quia
1043 4879 1186 4929 enim
1222 4876 1306 4931 bis
1341 4882 1774 4948 commentariis,

199 4971 272 5012 ex
303 4958 583 5012 variorum
620 4962 1158 5031 interpretationibus
1199 4971 1618 5038 consarcinatis,
1659 4978 1776 5030 vul-

196 5051 313 5117 ςδιῐὶ
345 5052 420 5104 illi
449 5051 667 5107 Eusebii
696 5067 933 5111 canones
956 5066 1109 5113 erant
1135 5061 1515 5128 praeﬁxi,'hinc
1539 5067 1774 5134 Eusebio

202 5149 376 5197 totum
429 5144 738 5215 ascriptum
790 5141 987 5205 fuerat.
1040 5149 1164 5204 Pari
1215 5151 1381 5223 igitur
1423 5171 1510 5210 me
1553 5160 1769 5215 fortuna

195 5247 431 5290 usurum
458 5237 520 5290 in‘
543 5237 740 5293 codice
771 5239 896 5303 alio,
932 5258 1091 5312 quem
1121 5246 1480 5302 recentiorem
1505 5251 1771 5318 praedica-

200 5323 360 5387 bant,
385 5334 557 5392 ratus,
588 5329 881 5385 consilium
922 5333 1190 5391 intermisi
1227 5354 1255 5393 ε,
1301 5351 1365 5391 ac
1399 5348 1458 5392 ut
1504 5343 1769 5412 principia

194 5429 320 5469 sese
351 5415 575 5482 dabant,
613 5423 679 5478 de
708 5423 1062 5482 restititendis
1095 5427 1310 5485 Eusebii
1355 5428 1769 5493 commentariis

195 5523 366 5577 prope
395 5507 803 5580 despondebam
839 5519 1098 5575 animum.
1135 5519 1248 5576 Sub
1270 5522 1383 5576 haec
1413 5540 1538 5578 eum
1584 5527 1668 5580 vir
1698 5531 1764 5582 cl.

198 5599 503 5662 Boivinius,
526 5600 710 5660 Graece
763 5607 1153 5678 peritissimus.
1189 5615 1326 5668 istac
1361 5614 1584 5670 haberet
1644 5621 1766 5683 iter,

197 5694 534 5748 renuntiavit
568 5711 674 5750 non
722 5715 787 5754 ex
844 5702 1013 5757 variis
1059 5707 1440 5777 scriptoribus.
1489 5725 1667 5780 neq-ue
1697 5728 1760 5768 ex

178 5786 408 5842 catenis
435 5789 744 5846 collectum.
779 5793 869 5848 sed
899 5808 1091 5849 verum
1128 5802 1578 5857 commentarium
1604 5805 1767 5860 isthic

1889 4887 2087 4941 mirum
2109 4887 2282 4942 visum
2311 4896 2412 4949 est.
2447 4884 2654 4946 catenae
2689 4891 2792 4947 illae
2816 4891 2995 4960 ltegiae
3023 4910 3149 4965 quae.
3171 4912 3342 4968 usque
3380 4900 3447 4953 ad

1885 4979 2242 5033 centesimum
2273 4977 2543 5036 decimum
2579 4994 2830 5038 octavum
2868 4984 3135 5055 psalmum
3166 4988 3447 5060 interpre-

1889 5067 2190 5153 tationibus
2237 5067 2453 5127 Eusebii
2501 5083 2749 5141 utuntur,
2782 5079 2856 5128 ita
2900 5084 2960 5128 ut
2993 5077 3175 5132 nullus
3205 5087 3445 5136 veterum

1879 5165 2237 5237 interpretum
2262 5165 2397 5220 adeo
2428 5166 2800 5237 irequentatu‘s
2828 5179 3102 5236 occurrat,
3134 5169 3188 5224 in
3212 5175 3447 5227 centesi-

1880 5273 1970 5313 mo
2000 5259 2210 5315 decimo
2241 5268 2437 5316 octavo
2469 5261 2677 5330 psalmo
2699 5261 2773 5315 ita
2818 5261 2979 5319 ﬁnem
3029 5263 3237 5320 faciunt
3269 5263 3442 5321 Euse-

1878 5348 2028 5404 bium
2081 5349 2135 5405 in
2168 5349 2406 5407 medium
2447 5350 2727 5415 aﬁ‘erendi,
2759 5360 2819 5408 ut
2849 5369 2917 5409 ne
2969 5355 3190 5411 verbum
3221 5355 3439 5422 quidem

1877 5441 2108 5497 ulterius
2143 5442 2363 5498 Ensebii
2409 5454 2736 5514 compareat;

1875 5553 1958 5602 ιν.
1985 5555 2139 5620 ΕΙ·εαί
2167 5555 2382 5608 Eusebio
2405 5566 2457 5608 et
2479 5559 2854 5674 aliisrzgsspecte
2875 5563 2988 5614 ﬁdei
3016 5563 3342 5624 scriptoribus
3365 5567 3441 5616 ln-

1949 5717 2107 5776 Unde
2139 5724 2450 5794 conjectare
2479 5725 2617 5782 forte
2641 5726 2848 5790 liceat:
2881 5727 3067 5786 multis
3084 5731 3198 5801 jam
3220 5733 3438 5788 seculis

1875 5811 2095 5870 Eusebii
2153 5818 2578 5872 commentarios
2635 5822 2736 5874 hac
2799 5821 3098 5890 posteriore
3147 5826 3231 5880 sui
3288 5837 3439 5895 parte

271 5938 848 6048 ςξξξηηςὲιξῡιεξξὶξιῗπη
896 5951 1170 6024 supplevit
1222 5959 1512 6016 cardinalis
1565 5961 1766 6033 Angclo
1808 5965 1929 6023 Mai.
2004 5969 2132 6038 Eir'ts
2174 5980 2544 6039 Ριέειδιῑίοῐιίξω
2603 5976 2706 6038 his.
2746 5978 3200 6048 pracliminaribus
3237 5989 3412 6041 subne

195 6017 414 6072 annus.
449 6011 600 6073 Εοιτ.
640 6011 808 6077 Pun.
