4262 6424
847 550 913 602 T5

1510 548 1780 604 EUSEBH
1818 548 2295 605 CESARIENSIS
2334 548 2484 605 OPP.
2526 548 2707 602 PAllS
2748 548 2835 603 ΙΙΙ.
2876 580 2944 590 --
2986 548 3400 605 ΕΧΕΕΕΤΙΕᾹ.
4005 545 4066 599 l6

844 669 1126 715 truncatos
1158 660 1502 715 librariorum
1534 662 1744 715 incuria
1790 661 1981 728 fuisse,
2022 665 2147 732 quia
2195 664 2401 719 scilicet
2435 664 2527 726 All

2385 672 2401 716 t
2435 673 2474 726 Α
2505 664 2610 727 (ἕως
2639 667 2967 737 ὲφαρμόπεις
2996 668 3142 737 αὑτῷ
3173 669 3238 721 τὰ
3269 670 3334 721 δι’
3364 669 3482 722 Biton
3516 670 3611 722 τοῦ
3643 670 3855 740 ψαλμοῦ
3880 672 4063 743 δηλού-

843 753 1139 821 scriptores
1166 754 1309 815 illos,
1336 754 1429 823 qui
1481 755 1552 809 ob
1598 765 1915 812 temeratam
1950 755 2108 810 tidem
2144 757 2283 811 male
2312 772 2407 809 au-

842 841 1086 907 diebant,
1108 860 1215 897 non
1244 846 1475 901 libenter
1490 849 1879 902 exscriberent.
1903 848 2077 917 Atque
2100 848 2225 902 hinc
2246 848 2406 901 etiam

842 932 1006 989 fuerit
1032 936 1176 1004 quod
1206 935 1479 1006 Origenis,
1512 939 1782 995 Theodori
1830 939 2180 1001 lleraeleobe,
2207 938 2409 1007 Apolli-

842 1020 1003 1083 narii,
1039 1019 1272 1091 Didymi,
1300 1031 1353 1075 et
1375 1021 1645 1077 Theodori
1674 1023 2038 1093 Mepsuesteni
2072 1031 2409 1076 commenta-

842 1112 908 1165 rii
936 1113 987 1166 in
1010 1113 1507 1183 Psalmosjamdiu,
1540 1116 1781 1183 exceptis
1812 1116 2137 1168 Catenarum
2174 1113 2405 1175 laciniis,

840 1219 1060 1273 pessum
1115 1205 1294 1259 ierint.
1326 1204 1389 1258 lli
1442 1206 1641 1276 quippe
1692 1207 2008 1275 scriptores,
2046 1206 2256 1259 violatae
2288 1206 2408 1259 lidei

842 1298 958 1351 sive
980 1296 1080 1360 rei,
1110 1297 1225 1351 sive
1251 1298 1511 1367 suspecti,
1542 1297 1677 1351 adeo
1709 1298 1887 1367 perosi
1915 1294 2117 1351 Graecis
2145 1290 2301 1352 erant
2320 1306 2409 1360 ,ut

841 1404 911 1443 ne
934 1403 1128 1442 nomen
1149 1388 1370 1457 quidem
1398 1386 1701 1458 proferrent
1735 1389 1852 1444 sine
1883 1387 2216 1457 indignantis
2243 1386 2407 1441 animi

843 1478 1261 1548 signiﬁcatione.
1293 1478 1427 1532 llinc
1454 1487 1546 1539 est
1576 1479 1722 1551 quod
1756 1480 2079 1549 plerumque’
2116 1480 2169 1535 in
2206 1478 2410 1532 codici»

841 1574 944 1627 bus
971 1571 1193 1634 Graecis,
1229 1569 1318 1625 ubi
1365 1570 1648 1641 Origenes,
1674 1560 1964 1633 Eusebius,
1986 1600 1989 1603 λ
2012 1556 2424 1645 Αρθῖιίῃᾶιὶυδι

840 1665 896 1719 in
943 1664 1176 1719 medium
1217 1663 1534 1730 aﬂ‘eruntur,
1570 1663 1638 1719 ad
1678 1665 1977 1733 marginem
2016 1647 2276 1733 scriptum
2306 1665 2407 1723 ob?-

838 1771 1045 1820 serves,
1097 1754 1286 1827 ψεύδῃ,
1343 1758 1601 1810 mentiris.
1656 1754 1824 1810 Incidi
1870 1771 1970 1826 ego
2017 1758 2074 1810 in
2121 1745 2442 1813 centonem-

836 1850 1162 1904 Colbertinte
1204 1850 1545 1905 bibliothecae
1583 1851 2039 1919 manuscriptum,
2076 1850 2167 1919 qui
2196 1850 2408 1905 adsin;
2456 1902 2459 1905 γ

837 1941 962 2010 gula
997 1939 1270 2009 Origenis,
1305 1940 1549 2002 Eusebii,
1590 1939 1936 2008 Apollinarii,
1967 1947 2101 2007 etc.,
2124 1940 2261 2004 loca,
2294 1939 2409 1992 sin-

836 2034 1078 2104 gularem
1102 2032 1242 2087 hanc
1282 2033 1611 2096 cautionem,
1638 2033 1804 2087 minio
1828 2041 2125 2094 exaratam,
2161 2032 2215 2085 in
2252 2046 2396 2084 mar-
2430 2021 2469 2074 Β
2500 2050 2503 2055 ν

839 2126 964 2195 εἰπε
989 2123 1161 2187 allert,
1182 2123 1428 2194 ἀνάθεμέι
1462 2141 1563 2186 om,
1590 2126 1869 2177 anathema
1895 2123 2007 2178 tibi.
2040 2122 2405 2189 Quamobrem

836 2218 1010 2271 miror
1034 2210 1179 2271 hunc
1226 2214 1443 2271 Eusebii
1492 2216 1946 2271 commentarium
1992 2215 2057 2269 ad
2105 2229 2205 2268 nos
2236 2228 2408 2281 usque

836 2304 1119 2362 devenisse
1146 2327 1157 2361 :
1186 2323 1347 2377 quam
1374 2308 1518 2361 enim
1548 2307 1788 2362 interitui
1816 2305 2098 2375 proximus
2130 2303 2296 2359 fuerit
2330 2303 2409 2355 in-

835 2398 982 2453 dicat
1020 2399 1267 2453 codicum
1300 2400 1391 2453 illa
1428 2399 1699 2468 paucitas,
1724 2398 1819 2468 qui
1846 2398 2009 2452 etiam
2039 2411 2147 2450 non
2181 2410 2406 2466 prorsus

834 2493 1105 2564 integrum
1128 2492 1437 2546 exhibeant.

1026 2583 1087 2633 V.
1122 2580 1319 2632 Catenae
1342 2581 1719 2628 commentarios
1742 2578 2212 2640 pessumdederunt.

905 2683 1016 2740 Nec
1058 2699 1165 2739 una
1217 2698 1280 2739 ea
1336 2693 1415 2736 est
1458 2689 1621 2735 tanta:
1663 2683 1890 2751 jactura:
1940 2696 2105 2736 causa
2152 2700 2165 2734 ε
2217 2696 2403 2735 verum

838 2778 1054 2846 quando
1087 2784 1402 2831 catenarum
1431 2789 1561 2829 usus
1594 2774 1645 2828 in
1687 2775 1873 2828 orbem
1907 2774 2152 2828 invectus
2180 2781 2283 2837 est,
2315 2773 2403 2824 illa

836 2868 1193 2938 interpretum
1222 2868 1456 2922 varietas
1480 2868 1551 2920 ita
1596 2866 1909 2921 Graecorum
1952 2864 2164 2918 animos
2190 2863 2402 2917 demul-

834 2962 925 3023 sit,
951 2968 1008 3013 ut
1044 2960 1463 3015 commentarios
1490 2959 1611 3012 illos
1642 2959 1831 3026 plenos
1856 2958 2204 3024 integrosque
2233 2953 2404 3023 negli-

836 3058 1059 3122 gerent:
1093 3051 1236 3104 unde
1273 3050 1363 3102 vix
1408 3047 1689 3102 ferendum
1742 3046 2001 3100 damnum
2032 3060 2120 3100 res
2161 3061 2284 3098 cum
2312 3057 2402 3097 cc;

836 3142 1145 3197 clesiastica
1181 3150 1294 3194 tum
1328 3140 1591 3194 litteraria
1628 3140 1814 3196 subiit.
1851 3138 1984 3191 Nam
2015 3139 2048 3192 ii
2082 3150 2399 3192 catenarum

830 3234 1170 3296 collectores,
1197 3242 1494 3302 cumgustu
1525 3241 1575 3287 et
1600 3231 1791 3303 peritia
1809 3246 1987 3285 rerum
2005 3245 2113 3284 non
2138 3230 2397 3291 valerent,

829 3324 1012 3379 missis
1027 3325 1186 3393 vulgo
1213 3325 1300 3388 iis,
1320 3340 1439 3394 quae
1460 3325 1539 3379 vel
1562 3322 1627 3377 ad
1659 3322 1943 3377 historiam
1966 3323 2049 3376 vel
2076 3320 2140 3373 ad
2161 3319 2398 3388 discipli-

2511 771 2663 823 μενα.
2682 754 2717 807 ἃ
2746 756 2838 807 καὶ
2859 756 3010 807 αὐτοὶ
3043 756 3179 809 κατὰ
3210 759 3300 810 τὸν
3328 760 3523 809 οἰκεῖον
3557 761 3743 829 καιρὸν
3773 760 4069 833 ὲπιθεωρή-

2510 865 2692 919 σομεν,
2725 848 2759 901 i.
2786 864 2859 914 e.,
2887 849 3267 917 Consequenter
3303 852 3370 904 ad
3393 855 3501 906 haec
3530 855 3630 921 ipsi
3658 854 3896 922 (Christo
3929 858 4066 914 scili-

2508 946 2614 1007 cet)
2670 940 2940 1009 coaptabis
2973 960 3035 995 ea
3062 960 3177 1011 qum
3209 945 3262 997 in
3305 954 3414 997 toto
3460 948 3665 1014 psalmo
3708 947 4065 1009 declarantur,

2509 1047 2722 1100 qumque
2751 1049 2843 1085 nos
2872 1050 2966 1086 suo
2998 1045 3224 1103 tempore
3281 1036 3688 1105 speculubimur.
3722 1040 3919 1094 Verum
3967 1058 4069 1096 non

2509 1118 2891 1178 animadvertit
2933 1126 3021 1181 ille
3071 1122 3155 1181 hic
3190 1130 3273 1197 agi
3305 1129 3371 1182 de
3406 1130 3612 1183 lusiore
3642 1130 3886 1199 ejusdem
3922 1135 4068 1200 psal-

2510 1216 2583 1269 mi
2637 1218 3263 1288 interpretatione,qua:
3323 1220 3414 1274 lib.
3484 1237 3539 1274 Ix
3596 1221 4071 1277 Demonstrationis

2508 1309 2820 1378 evangelica:
2840 1304 3060 1373 legitur.
3080 1328 3129 1380 p.
3157 1312 3284 1376 455,
3316 1312 3393 1382 (a)
3428 1313 3516 1367 ubi
3544 1314 3789 1382 pluribus
3807 1314 4074 1383 depugnat

2485 1399 2775 1455 Eusebius
2806 1408 2974 1454 totum
3003 1404 3267 1469 psalmum
3287 1405 3352 1458 ad
3382 1404 3582 1459 Christi
3609 1414 3727 1475 post
3745 1406 4071 1476 baptismum

2510 1493 2861 1547 tentationem
2907 1495 3195 1562 pertinere.
3234 1495 3386 1550 Unde
3415 1497 3550 1550 nihil
3582 1498 3669 1551 hic
3702 1497 3768 1553 de
3798 1514 4072 1553 commen-

2506 1582 2665 1637 tariis
2696 1583 2749 1635 in
2775 1582 3054 1639 Psalmos:
3082 1601 3258 1653 neque
3277 1602 3507 1657 usquam
3542 1598 3671 1658 puto
3705 1588 3994 1643 Eusebium
4019 1598 4070 1643 in

2508 1676 2576 1729 iis
2598 1692 2717 1746 qua;
2738 1676 2850 1745 jam
2903 1686 3197 1746 supersunt
3226 1681 3479 1747 operibus
3506 1696 3695 1735 eorum
3736 1666 4070 1743 meminisse,

2508 1776 2635 1837 puta
2667 1768 2793 1836 quia
2825 1783 2949 1821 cum
2986 1769 3091 1822 hos
3133 1772 3555 1825 commentarios
3609 1774 3900 1841 postremis
3944 1774 4068 1827 vita

2498 1860 2667 1913 annis
2694 1861 2991 1924 adornarit,
3019 1862 3101 1916 vel
3132 1846 3283 1917 nulla
3310 1864 3390 1917 vel
3422 1880 3590 1934 pauca
3618 1867 3918 1922 secundum
3957 1868 4071 1924 haec

2505 1950 2694 2005 edidit.

2980 2021 3039 2071 ll.
3070 2023 3401 2085 Hieronymus
3423 2027 3587 2076 laudat

2578 2125 2677 2191 Qui
2736 2130 2885 2196 prior
2908 2129 3091 2198 itaque
3150 2129 3249 2189 bos
3285 2132 3705 2187 commentarios
3750 2133 4071 2188 memoravit

2508 2224 2591 2271 est
2613 2215 2975 2288 Hieronymus
3013 2220 3065 2273 in
3108 2220 3250 2274 libro
3283 2221 3359 2275 De
3383 2223 3727 2292 scriptoribus
3756 2228 4071 2281 ecclesiasti-

2508 2308 2604 2369 cis,
2639 2308 2729 2361 ubi
2768 2308 2881 2362 haec
2926 2308 2993 2363 d'e
3034 2309 3311 2365 Eusebio:
3366 2310 3622 2367 Eusebius
3677 2313 3935 2370 (ἰᾶται-ειη
3965 2316 4073 2371 Ρα-

2509 2398 2730 2452 lreslinaa
2774 2401 3069 2469 episwpus,
3100 2402 3155 2467 in
3197 2401 3483 2470 Scripturis
3508 2404 3700 2458 divinis
3741 2406 4072 2462 studiosissi-

2509 2506 2643 2553 mus,
2673 2498 2719 2543 et
2758 2511 2775 2539 ι
2818 2491 3156 2547 Bibliotheca:
3185 2495 3375 2549 divina:
3405 2514 3423 2545 ι
3463 2512 3579 2549 cum
3616 2496 3894 2565 Pamphilo
3924 2516 4072 2553 mar-

2508 2592 2619 2649 tyre
2649 2582 3082 2652 diligentissimus
3109 2588 3501 2657 pervestigator,
3546 2588 3709 2642 edidit
3744 2591 3953 2658 inﬁnita
3983 2608 4073 2646 vo-

2508 2672 2727 2724 lumina.
2758 2672 2870 2755 Stlb
2903 2673 3016 2728 lucc
3048 2684 3224 2730 autem
3253 2680 3587 2734 enumeratis
3616 2681 3757 2745 aliis,
3796 2681 3907 2736 haee
3930 2684 4072 2753 adji-

2485 2764 2616 2826 γῆς
2658 2764 2723 2816 Et
2750 2766 2803 2817 in
2832 2780 2895 2819 Ct.
2944 2769 3177 2835 psalmos
3223 2770 3605 2824 eruditissimos
3642 2776 4069 2841 commentarios,

2502 2864 2552 2907 et
2581 2855 2747 2908 multa
2789 2857 2919 2912 alia.
2952 2855 3010 2909 ln
3044 2858 3273 2928 epistola
3307 2868 3486 2915 autem
3545 2878 3641 2916 sua
3690 2864 3754 2917 ad
3815 2864 4073 2935 Augusti-

2503 2962 2657 3010 num,
2689 2948 2935 3017 quazjam
2965 2949 3020 3003 in
3049 2950 3209 3005 editis
3229 2950 3515 3022 Augustini
3537 2970 3675 3008 Lxxv
3703 2971 3931 3010 numero
3958 2967 4066 3017 esl.

2504 3039 2631 3091 talia
2661 3037 2807 3093 fatur
2843 3059 2855 3092 :
2890 3039 2950 3093 In
2981 3042 3349 3109 explanatione
3382 3044 3740 3110 Psalmorum,
3763 3048 3889 3115 quos
3930 3047 4071 3116 apud

2505 3128 2714 3183 Graecos
2746 3133 3077 3201 interpretati
3106 3145 3228 3188 sunt
3259 3137 3436 3190 multis
3470 3137 3838 3199 voluminibus,
3867 3142 4070 3208 primus

2505 3222 2774 3291 Origenes,
2838 3226 3099 3281 secundus
3156 3227 3411 3283 Eusebius
3465 3228 3829 3293 Ca'sariensis,
3883 3237 4069 3287 tertius

2505 3313 2809 3370 Theodorus
2847 3316 3205 3385 Heracleotes,
3226 3332 3446 3392 quartus
3472 3323 3707 3379 Asterius
3738 3325 4072 3396 Scythopoli-

828 3431 977 3481 nam,
997 3416 1078 3471 vel
1093 3416 1157 3470 ad
1181 3416 1466 3471 lectionem
1500 3426 1741 3471 veterum
1778 3416 2137 3484 interpretum
2162 3412 2399 3482 pertine-
2427 3424 2471 3488 ε
2506 3415 2683 3473 tenus,
2715 3414 2929 3481 quintus
2962 3414 3290 3483 Apollinaris
3321 3414 3667 3483 Laodicenus,
3702 3428 3877 3472 sextus
3904 3418 4072 3487 Didy-

828 3515 971 3573 rent,
1028 3522 1091 3563 ea
1110 3510 1285 3565 solum
1309 3519 1719 3579 excerpserunt,
1751 3524 1869 3578 qua:
1883 3508 1967 3562 sui
1992 3514 2183 3575 captus
2210 3512 2388 3563 erant.

1200 3621 1285 3671 ’v'l.
1312 3623 1387 3673 De
1413 3619 1778 3684 praefationibus
1806 3618 2023 3670 Eusebii.

891 3732 1246 3788 Praelationcs
1284 3730 1386 3784 illte
1412 3727 1611 3781 Graecae
1641 3743 1759 3797 qua}
1791 3726 2200 3781 commentariis
2250 3740 2388 3794 prie-

823 3829 1113 3882 mittuntur
1139 3840 1203 3879 ex
1232 3823 1419 3877 codice
1446 3821 1769 3876 Taurincnsi
1800 3820 2089 3891 prodeunt,
2116 3819 2389 3873 similiter-

824 3936 928 3991 que
946 3924 1262 3989 argumenta
1289 3916 1641 3985 psalmorum,
1660 3919 1723 3967 ad
1753 3914 2179 3983 mystagogieum
2204 3912 2388 3981 cujus-

824 4030 929 4084 que
956 4012 1147 4083 psalmi
1185 4024 1406 4065 Sensum
1449 4019 1506 4062 ut
1545 4009 1837 4077 plurimum
1885 4007 2231 4066 concinnata,
2270 4020 2389 4074 qure

823 4107 1006 4160 omnia
1036 4103 1180 4159 haud
1215 4102 1376 4156 dubie
1410 4101 1477 4153 ab
1509 4102 1628 4170 ipso
1650 4100 1881 4153 Eusebio
1929 4107 2056 4152 sunt
2101 4098 2382 4151 adornata.

821 4197 956 4252 Nam
990 4195 1305 4251 Eusebianae
1333 4194 1436 4247 illzr.
1467 4190 1811 4261 praefationes
1853 4189 2021 4243 variis
2051 4197 2389 4242 commenta-

821 4294 1024 4344 riorum
1063 4288 1197 4356 locis
1230 4286 1364 4341 adeo
1389 4284 1575 4339 affines
1603 4290 1750 4345 sunt,
1789 4291 1848 4335 ut
1880 4281 2123 4335 eamdem
2178 4279 2387 4331 utrobi-

818 4396 925 4452 que
957 4379 1173 4435 Eusebii
1198 4393 1419 4432 mamun
1447 4376 1629 4432 statim
1669 4370 2386 4442 deprehendas.Argumen-

818 4478 874 4525 ta
908 4486 1037 4525 vero
1070 4485 1178 4523 non
1227 4470 1280 4522 in
1308 4465 1631 4521 Tauriueusi
1664 4463 1826 4517 modo
1860 4463 2066 4521 codice,
2100 4462 2190 4514 sed
2222 4460 2382 4514 etiam

819 4564 873 4617 in
901 4563 1074 4632 prima
1096 4568 1287 4614 catena
1322 4558 1509 4628 Regia,
1550 4574 1669 4627 qum
1697 4555 1891 4610 tlecizni
1918 4554 2098 4608 smculi
2135 4561 2238 4615 est,
2278 4551 2385 4604 Eu—

820 4656 953 4710 sebii
985 4654 1203 4707 nomine
1235 4658 1572 4720 comparent.

1434 4760 1659 4817 CAPUT
1694 4754 1760 4816 ill.
2414 4779 2454 4830 ι)

815 4867 1193 4912 (ΣΟΙΙΗΕΝΤΛΕΙῘ
1219 4865 1423 4907 ῑυεεῐιιι
1473 4865 1521 4902 Μ
1562 4864 1793 4901 νςιυωης
1838 4866 1864 4901 Λ
1903 4863 2088 4912 QUIBUS
2127 4861 2375 4907 ANTIQUZS

1277 4935 1657 4977 SCRIPTURZBUS
1696 4935 1945 4972 ιΑῑυΔτι.

817 5044 863 5100 Ι.
917 5042 1169 5096 Eusebius
1204 5041 1294 5093 hos
1348 5037 1749 5093 commentarios
1798 5051 2051 5103 nusquam
2104 5041 2375 5085 memorat.

883 5114 969 5170 ΙΙ.
1012 5112 1363 5183 Hieronymus
1389 5104 1742 5183 laudabili.
1774 5104 2028 5156 Eusebius
2046 5104 2379 5183 l'ercettensis

881 5185 1068 5238 Latine
1098 5176 1389 5251 transtulit.
1418 5178 1520 5233 IV.
1548 5176 1895 5229 Theodoretus
1916 5191 2093 5227 eorum
2124 5176 2375 5251 meminit.

896 5256 955 5310 V.
1000 5252 1231 5323 Itemque
1260 5249 1518 5304 Gelasius.

919 5366 953 5414 ι.
983 5363 1225 5414 Eusebius
1246 5362 1335 5410 bos
1358 5342 1732 5408 commentarios
1759 5369 1992 5417 nusquam
2025 5358 2281 5403 memorat.

2496 3516 2611 3555 mus
2642 3502 3048 3562 Alexandrinus.
3072 3506 3337 3561 Feruntur
3355 3519 3405 3562 et
3435 3509 3759 3564 diversorum
3791 3511 3843 3564 in
3871 3526 4067 3578 paucos

2491 3596 2722 3660 psalmos
2780 3590 3074 3665 apuscrtliz;
3103 3599 3193 3653 sed
3234 3616 3369 3655 nunc
3399 3602 3460 3655 de
3488 3604 3688 3673 integro
3729 3603 4066 3673 Psalmorum

2492 3705 2705 3757 corpore
2730 3689 2976 3747 dicimus.
3008 3695 3159 3761 Apud
3189 3694 3407 3749 Latinos
3453 3706 3625 3750 autem
3680 3696 3923 3751 Hilarius
3973 3697 4070 3752 Pi—

2490 3786 2788 3847 ctariensis,
2816 3795 2865 3838 et
2920 3785 3175 3840 Eusebius
3213 3785 3548 3841 Vercellensis
3578 3789 3824 3857 episcopi,
3879 3788 4067 3859 Orige-

2491 3890 2605 3926 nern
2636 3886 2683 3928 et
2718 3874 3003 3929 Eusebium
3042 3874 3442 3930 transtulerunt.
3474 3877 3709 3943 Quorum
3758 3880 3984 3947 priorem
4012 3890 4065 3934 et

2490 3973 2666 4016 noster
2687 3965 2999 4018 Ambrosius
3041 3966 3095 4017 in
3128 3966 3449 4035 quibusdam
3484 3973 3691 4023 secutus
3721 3979 3817 4025 est.
3845 3970 3947 4025 Ubi
3980 3973 4065 4027 in-

2491 4054 2705 4123 telligas
2738 4054 2806 4108 ab
2841 4054 3050 4107 llilario
3086 4056 3335 4125 Origenis
3368 4060 3794 4115 commenzarios
3825 4062 4063 4117 transla—

2490 4156 2575 4201 tos
2604 4163 2745 4206 esse.
2778 4157 2836 4200 ut
2867 4150 3025 4203 habet
3051 4149 3190 4203 idem
3224 4149 3581 4222 Hieronymus
3610 4170 3731 4207 cum
3756 4154 3823 4208 de
3851 4154 4060 4209 Hilario

2489 4239 2631 4304 agit;
2666 4240 2731 4293 ab
2760 4239 2995 4295 Eusebio
3018 4250 3195 4296 autem
3227 4240 3555 4300 Vercellensi
3580 4245 3795 4316 gentilis
3829 4246 3912 4302 sui
3941 4245 4061 4302 Ca:-

2490 4332 2752 4407 saricnsis
2779 4336 3202 4390 conmentarios
3231 4334 3422 4393 Latine
3452 4339 3609 4395 datos
3636 4341 3823 4395 fuisse.

2612 4424 2693 4474 lli.
2721 4424 2963 4475 Eusebius
2986 4428 3321 4479 Yercellensis
3342 4443 3430 4480 eos
3464 4431 3633 4481 Latine
3660 4434 3932 4481 transtulit.

2561 4526 2825 4583 Eusebius
2870 4530 3052 4600 itaque
3084 4530 3442 4589 Vercellensis
3486 4535 3583 4589 bos
3634 4535 4058 4590 commentarios

2486 4619 2677 4695 latine
2702 4625 3002 4679 transtulit.
3031 4634 3087 4679 ut
3113 4626 3238 4678 alibi
3272 4636 3455 4680 narrat
3487 4626 3628 4681 idem
3646 4624 4010 4699 Hieronymus
4038 4648 4051 4682 :

2490 4712 2691 4776 Edidit,
2745 4715 2942 4785 inquit,
2973 4717 3061 4770 ille
3095 4719 3145 4770 in
3203 4718 3443 4771 l’salmos
3503 4722 3906 4773 commentarios
3940 4719 4055 4773 Eu-

2485 4806 2611 4858 sebii
2652 4807 3015 4871 Casei-iea-sis,
3052 4828 3178 4881 quos
3235 4811 3298 4865 de
3338 4812 3518 4866 Cra'co
3561 4814 3615 4866 in
3658 4811 3905 4866 Latinum
3939 4831 4057 4868 rer-

2486 4901 2649 4954 terat.
2669 4900 2805 4965 Quia
2847 4917 2977 4956 vero
3011 4904 3062 4956 hi
3104 4890 3481 4957 continentur-ii
3537 4906 3819 4960 erroribus
3865 4922 4056 4977 asper-

2487 5006 2600 5044 sam
2658 4993 2725 5047 de
2766 4991 2902 5045 Filio
2937 4993 3028 5047 Dei
3078 4995 3404 5047 sententiam
3458 4990 3659 5066 passim
3711 4998 4051 5067 praeferrent,

2486 5099 2548 5135 ea
2616 5086 2879 5154 expunxit
2950 5086 3307 5141 Vercellensis
3367 5105 3486 5157 qua:
3549 5090 3806 5143 Arianam
3879 5091 4055 5147 lucre-

2488 5175 2589 5226 sim
2658 5188 2944 5245 saperent,
3008 5177 3198 5231 eodem
3268 5162 3403 5232 teste
3473 5178 3803 5249 Hieronymo
3848 5179 4051 5236 Contra

2493 5266 2854 5335 Vigilantium.
2890 5268 2946 5321 Si
2980 5270 3158 5338 igitur,
3192 5268 3285 5335 ait,
3326 5287 3441 5338 qua:
3476 5270 3610 5323 bona
3630 5282 3751 5325 sunt
3775 5277 4047 5338 transtuli,

2483 5367 2530 5409 et
2562 5359 2703 5411 mala
2733 5360 2810 5412 vel
2842 5362 3036 5427 aptari,
3073 5361 3146 5413 rel
3190 5362 3412 5425 correxi,
3444 5362 3521 5415 rel
3555 5365 3716 5429 tacui,
3747 5370 4049 5436 arguendus

2483 5466 2619 5507 sum,
2644 5467 2737 5503 cur
2762 5468 2853 5519 per
2882 5468 2959 5505 me
2995 5450 3172 5505 Latini
3201 5452 3335 5507 bona
3375 5454 3488 5521 ejus
3522 5453 3767 5523 habeant,
3814 5470 3862 5511 et
3901 5461 4049 5511 mala

880 5469 1147 5539 Opinatur
1186 5468 1267 5521 vir
1295 5464 1365 5519 el.
1400 5462 1780 5517 Tillemontius
1815 5478 1873 5516 se
1912 5458 2287 5541 commentarii
2322 5458 2372 5509 in

812 5561 1056 5617 Psalmos
1086 5561 1189 5616 sub
1220 5561 1333 5613 haec
1366 5557 1559 5625 edendi
1602 5566 1783 5608 notam
1834 5564 1885 5607 et
1931 5554 2372 5623 pollicitationem

813 5650 1027 5705 Eusebii
1046 5647 1466 5717 deprehendisse
1495 5647 1546 5699 in
1576 5644 2031 5699 Demonstratione
2056 5642 2371 5711 evangelica,

811 5743 903 5797 lib.
942 5757 993 5803 γ,
1026 5756 1075 5792 c.
1103 5738 1192 5800 21,
1226 5738 1317 5791 ubi
1348 5737 1414 5791 de
1445 5738 1657 5806 psalmo
1704 5736 1807 5801 Qui
1838 5735 2043 5786 habitat
2074 5736 2126 5786 in
2155 5732 2371 5791 adicito--

808 5834 887 5886 rio
916 5830 1197 5893 Altissimi,
1244 5830 1493 5899 laquens,
1526 5829 1639 5881 luce
1669 5828 1860 5880 habet:
1894 5826 2113 5888 Τούτοις
2152 5822 2373 5877 ἀκολού-

880 5927 956 5997 (a)
984 5926 1102 5991 llic,
1128 5937 1181 5979 et
1206 5926 1348 5985 mira
1379 5940 1483 5978 non
1512 5925 1700 5985 semel,
1732 5931 2019 5975 revocatur
2054 5924 2225 5975 lector
2253 5924 2317 5975 ad
2348 5936 2605 5999 mulieros
2655 5920 2958 5999 crassiores
2984 5917 3125 5999 qui"
3152 5919 3414 5999 librorum
3466 5918 3941 5973 Demonstratiouts
3989 5926 4048 5972 et

810 5990 1178 6065 l'rreparatien
1209 6016 1229 6051 ε
1260 6001 1424 6051 textui
1458 6000 1773 6049 insi-runnn‘
1805 5994 2123 6063 I’utrologiu'
2151 6003 2333 6055 nostra
2365 5994 2566 6047 Grcru-
2594 6001 2724 6044 tum.
2761 5990 2875 6043 XXI
2904 6001 2957 6045 ct
2996 5990 3148 6046 ΧΧἸΙ.
3178 5992 3329 6045 EDIT.

2480 5538 2756 5611 ignorent?
2787 5544 2875 5598 Sic
2903 5544 2996 5597 hoc
3021 5547 3214 5599 crimen
3253 5556 3359 5611 est,
3407 5560 3664 5618 arguatur
3699 5560 3749 5602 et
3780 5550 4052 5619 confessor

2484 5636 2744 5699 Hilarius,
2778 5638 2865 5704 qui
2903 5634 3237 5691 Psalmorum
3282 5625 3835 5708 interpretationem‘let
3869 5642 4048 5695 homi-

2479 5730 2579 5782 lins
2608 5736 2657 5783 in
2686 5730 2788 5783 Job
2814 5747 2879 5784 ex
2920 5732 3070 5785 libris
3103 5734 3237 5803 ejus,
3284 5734 3337 5786 id
3378 5745 3475 5797 est,
3504 5751 3568 5788 ea:
3595 5733 3774 5787 στωεο
3801 5736 3854 5787 in
3896 5734 4051 5789 Lati-

2477 5840 2598 5874 num
2630 5823 2941 5886 transtulit;
2993 5825 3062 5876 sit
3110 5826 3164 5877 in
3215 5824 3368 5893 culpa
3420 5824 3652 5893 ejusdem
3699 5825 3823 5891 co:..'
3860 5825 4047 5877 asionis
