4262 6448
805 483 871 536 19
1491 481 1757 540 EUSEBH
1797 484 2272 545 CESARIENSIS
2309 484 2459 542 OPP.
2501 484 2679 548 PARS
2714 481 2802 536 ιιι.
2847 513 2912 522 —-
2950 477 3358 534 EXEGETICA.
3975 477 4054 530 20

800 598 938 656 adeo
962 599 1208 656 intricata
1236 599 1549 672 plerumque
1575 611 1691 670 est,
1722 610 1782 657 ut
1811 605 2097 675 scriptoris
2127 615 2367 671 mentem.
2390 614 2432 668 Α
2462 614 2614 668 sunt,
2651 605 2728 657 ita
2753 611 2811 656 ut
2852 601 3102 658 divinitus
3143 598 3436 660 immissum
3467 598 3566 651 sibi
3608 597 3876 668 ﬂagellum
3919 596 4052 648 ani-

797 692 887 745 vix
913 705 1228 761 assequare.
1260 690 1521 754 Periodos
1558 694 1632 754 ita
1677 697 1918 766 prolixas
1956 699 2141 760 ducit,
2177 704 2237 751 ut
2260 712 2358 750 ex-

795 787 1025 837 tractam
1055 784 1265 853 longius
1293 785 1509 846 seriem.
1539 787 1586 840 si
1615 788 1743 855 quid
1777 789 1900 842 novi
1941 789 2109 843 menti
2143 805 2364 845 succur-

797 873 964 939 rerit,
1011 874 1240 934 subinde
1296 877 1621 946 intercipiat,
1658 879 1783 932 dum
1832 895 2138 949 suspensus.
2178 884 2360 936 animo

796 964 984 1031 lector,
1017 980 1117 1020 nec
1157 981 1266 1035 quo
1298 965 1584 1030 deducere,
1621 985 1719 1023 nec
1771 970 1859 1023 ubi
1893 971 2145 1027 claudere
2200 988 2362 1046 argue

794 1064 1037 1118 mentum
1059 1059 1207 1124 vclit,
1231 1059 1533 1129 intelligere
1560 1062 1720 1116 valet.
1750 1062 1905 1128 Quod
1933 1065 2166 1119 maxime
2196 1065 2279 1121 bis
2302 1068 2356 1120 in

794 1149 1200 1205 commentariis
1237 1152 1511 1215 observes,
1529 1152 1620 1206 ubi
1649 1162 1938 1227 perpetuus
1966 1165 2207 1211 veterum
2238 1173 2356 1212 ver-

794 1238 1031 1304 sionum,
1061 1255 1182 1310 qua
1207 1252 1262 1294 ut
1296 1243 1586 1312 plurimum
1642 1244 1994 1299 subbarbam
2023 1255 2170 1311 sunt,
2196 1263 2352 1311 usus,

793 1332 1030 1402 aliquam
1065 1334 1214 1404 ,stylo
1263 1335 1383 1403 ejus
1437 1338 1627 1409 intulit,
1665 1338 2121 1409 peregrinitatem.
2171 1338 2359 1409 Neque

792 1427 973 1476 tamen
1003 1437 1099 1492 par
1121 1425 1318 1494 ubique
1346 1426 1470 1496 styli
1495 1427 1634 1489 ratio
1675 1435 1958 1480 estznam
2002 1425 2101 1491 ubi
2149 1427 2216 1480 ad
2260 1427 2355 1482 de-

792 1513 1116 1582 scriptiones
1150 1518 1401 1582 vertitur,
1451 1519 1646 1573 seriem
1685 1527 1915 1572 exornat
1959 1519 2137 1574 verbis
2191 1535 2352 1589 quam

789 1613 970 1672 potest
996 1607 1305 1660 lectissimis
1332 1626 1354 1674 ;.
1382 1624 1488 1660 non
1540 1618 1594 1661 ut
1635 1609 1839 1662 otiosos
1888 1609 2035 1663 inani
2081 1610 2352 1680 voluptate

789 1696 1112 1757 demulceat,
1141 1697 1233 1751 sed
1267 1707 1325 1750 ut
1355 1713 1416 1753 ex
1440 1715 1619 1754 rerum
1651 1715 1770 1769 qua:
1809 1702 1910 1756 sub
1951 1711 2224 1770 aspectum
2260 1717 2352 1753 ca-

789 1787 925 1840 dunt
959 1787 1360 1854 pulchritudine
1413 1799 1466 1843 et
1517 1797 1818 1853 concentu,
1863 1791 1928 1843 ad
1975 1789 2185 1859 opiﬁcis
2217 1805 2350 1843 con-

788 1878 1189 1946 templationem
1223 1880 1444 1933 alliciat.
1499 1879 1588 1932 Sic
1638 1879 1706 1933 ad
1753 1872 2021 1948 psalmum
2073 1896 2242 1942 xvm,
2284 1881 2350 1933 de

786 1984 953 2024 cursu
997 1971 1127 2025 solis
1159 1969 1432 2024 ﬁoridiore
1474 1972 1616 2040 style
1641 1971 1866 2026 mirilice
1905 1971 2189 2027 edisserit:
2215 1973 2348 2026 alias
2383 1953 2421 2007 Β

786 2061 1039 2117 similiter
1067 2060 1134 2116 de
1168 2077 1332 2115 verno
1377 2070 1638 2132 tempore,
1675 2064 1847 2132 deque
1877 2078 2140 2132 aquarum
2169 2065 2349 2118 divor-

787 2149 912 2220 tiis,
947 2166 1067 2220 quas
1113 2154 1500 2222 sapientissimi
1531 2154 1842 2210 Conditoris
1877 2164 2042 2210 nutus
2093 2156 2160 2208 ad
2191 2163 2349 2210 terrae

788 2242 998 2296 cultum
1030 2253 1082 2299 et
1115 2242 1501 2300 fecunditatem
1553 2247 1884 2302 moderatur.
1935 2245 2122 2301 Divine
2171 2257 2348 2301 autem

784 2329 1028 2402 loquitur
1057 2335 1229 2390 sicubi
1258 2344 1448 2392 contra
1495 2351 1588 2391 eos
1640 2336 1944 2405 disceptat,
2001 2338 2092 2406 qui
2142 2344 2348 2407 tempe-

784 2436 940 2486 rante
971 2425 1189 2482 fortuna
1218 2443 1396 2481 rerum
1434 2428 1788 2481 humanarum
1827 2428 1999 2481 aleam
2037 2427 2229 2483 cadere
2259 2442 2348 2482 ar-

784 2518 1093 2583 bitrantur;
1127 2519 1239 2573 sive
1273 2521 1434 2572 etiam
1459 2560 1473 2580 ,
1521 2520 1615 2588 qui
1652 2534 1740 2572 res
1781 2535 2004 2580 omnes,
2061 2535 2183 2588 quas
2223 2527 2349 2574 sunt

785 2610 991 2664 homini
1021 2610 1366 2678 expetendae,
1399 2611 1672 2678 voluptate
1718 2614 2018 2665 metiuntur
2045 2632 2054 2663 :
2091 2614 2344 2680 frequen-

787 2698 994 2752 tissime
1035 2714 1165 2751 vero
1195 2700 1317 2752 illos
1348 2700 1614 2768 exagitat,
1671 2700 1760 2767 qui
1822 2699 2076 2752 mundum
2127 2700 2347 2752 fortuito

784 2803 850 2842 ac
877 2804 943 2842 ex
977 2791 1265 2843 temerario
1295 2793 1524 2858 partium
1561 2805 1827 2844 concursu
1858 2800 2046 2857 sponte
2080 2793 2346 2847 coaluisse

786 2878 1120 2946 pugnabant,
1157 2881 1208 2932 in
1264 2880 1458 2950 bisque
1515 2896 1645 2936 sane
1703 2883 2011 2938 invenimus
2055 2882 2346 2950 Eusebium

785 2966 1020 3022 Eusebio
1055 2971 1460 3038 elegantiorem.

846 3083 924 3134 ιν.
952 3077 1196 3134 Maximini
1209 3087 1538 3193 'carniﬁclrgim
1567 3092 1626 3194 git
1645 3090 1865 3138 oculatus
1893 3090 2034 3140 testis
2053 3095 2289 3139 memorat

1477 3161 1561 3194 use
1620 3162 1689 3194 us.

1477 3161 1689 3195 USCD‘IUS.

856 3227 997 3283 Α]νο
1048 3243 1148 3283 suo
1208 3236 1544 3298 grassantem
1591 3229 1866 3284 Maximini
1903 3250 1956 3284 Ill
2011 3235 2349 3285 Christianos

785 3317 1157 3377 carniﬁcinam
1187 3327 1244 3372 ut
1277 3320 1528 3374 oculatus
1577 3320 1735 3376 testis
1773 3329 2036 3375 memorat
2101 3321 2166 3375 ad
2209 3322 2343 3390 psal.

785 3426 977 3481 xxxvi,
996 3411 1086 3466 ubi
1120 3422 1403 3484 postquam
1434 3414 1710 3484 gentilium
1737 3415 2126 3469 immanitatem
2160 3429 2346 3469 recen-

785 3503 916 3573 suit,
948 3503 1063 3573 haec
1097 3505 1316 3559 subdit:
1353 3507 1560 3577 Ὥσπερ
1600 3507 1655 3559 δὲ
1682 3505 1853 3561 ταῦτα
1901 3509 2308 3579 ἱπορησάμενοι
2329 3550 2344 3574 ,

781 3592 925 3661 οὖτῳ
952 3594 1046 3649 καὶ
1067 3595 1162 3667 τὴν
1185 3596 1541 3671 μετελθοῦσαν
1585 3599 1780 3662 αὐτοὺς
1810 3599 1943 3652 Θεοῦ
1977 3601 2131 3670 δίκην
2162 3602 2348 3654 τεθεά-

786 3689 960 3760 μεθα,
1012 3689 1264 3758 τοιαύτην
1323 3690 1651 3761 γενομένην,
1697 3691 1770 3753 ὡς
1829 3693 1904 3761 μὴ
1963 3695 2225 3763 ἁμαρτεῖν
2258 3696 2346 3747 τὸν

784 3781 1029 3846 φήσαντα
1061 3781 1290 3850 ἀληθῶς,
1321 3781 1417 3852 τὴν
1447 3781 1713 3851 ῥομφαίαν
1749 3783 1924 3834 αὐτῶν
1951 3784 2347 3854 εἰσεληλυθέναι

780 3873 864 3934 ei;
893 3873 993 3940 τὴν
1034 3873 1256 3944 καρδίαν
1303 3874 1508 3936 αὐτῶν,
1554 3876 1646 3927 καὶ
1693 3875 1761 3927 τὰ
1829 3873 1957 3937 τόξα
2008 3875 2184 3928 αὐτῶν
2225 3893 2350 3929 συν-

781 3963 1084 4034 τετρίφθαι,
1113 3963 1166 4016 id
1194 3973 1275 4018 est
1307 3983 1318 4017 :
1348 3963 1602 4018 Utautem
1623 3965 1729 4019 ha’c
1751 3965 1992 4028 vidimus,
2021 3968 2096 4019 ita
2119 3977 2166 4019 et
2196 3969 2350 4021 ultio-

781 4073 899 4122 nem
921 4055 1018 4109 Dei
1044 4057 1182 4124 ipsos
1214 4057 1538 4110 invadentem
1561 4059 1909 4125 suspeximus,
1943 4073 2057 4126 qua:
2081 4059 2204 4112 talis
2237 4059 2345 4112 uti-

781 4162 878 4224 que
925 4147 1044 4215 fuit,
1073 4155 1131 4198 ut
1169 4147 1299 4199 nihil
1328 4148 1646 4201 aberraverit
1700 4149 1744 4200 is
1788 4148 1880 4218 qui
1927 4147 2080 4214 dixit,
2111 4149 2345 4220 gladium

779 4255 961 4302 eorum
1001 4238 1226 4307 inﬁxum
1253 4238 1306 4290 in
1341 4235 1499 4291 corda
1539 4241 1809 4304 ipsorum,
1867 4249 1917 4292 et
1962 4257 2116 4294 arcus
2167 4258 2345 4294 eorum

779 4313 1075 4399 confractos
1123 4346 1265 4385 esse.
1293 4329 1358 4384 Et
1386 4330 1511 4384 alibi
1543 4350 1555 4384 :
1593 4330 1722 4394 Quis
1779 4342 1950 4392 autem
2001 4333 2165 4388 oculis
2221 4351 2343 4389 con-

787 4424 1068 4490 templatus
1132 4423 1323 4489 impios
1387 4423 1532 4492 (nam
1583 4421 1768 4478 Graeca
1822 4425 2128 4500 compendii
2181 4415 2345 4501 causa

781 4511 1069 4583 mittimus)
1101 4513 1189 4581 qui
1244 4528 1351 4565 (evo
1395 4524 1574 4567 nostro
1605 4530 1668 4567 ea:
1697 4515 1914 4582 divitiis,
1946 4517 2137 4586 gloria,
2167 4516 2345 4586 digni-

783 4599 978 4653 tatibus
1011 4602 1064 4652 in
1102 4601 1453 4656 admiratione
1514 4605 1677 4672 fuere,
1709 4607 1764 4659 in
1825 4609 2120 4678 multasque
2174 4618 2346 4678 gentes

781 4690 1055 4766 imperium
1087 4689 1371 4754 obtinuere,
1407 4703 1608 4760 repente
1650 4693 1714 4746 ab
1756 4695 1852 4748 hac
1913 4696 2221 4750 celsitudine
2269 4698 2350 4750 la-

779 4794 921 4846 psos,
952 4796 1053 4840 non
1084 4780 1316 4850 fateatur
1363 4797 1536 4834 verum
1565 4801 1674 4836 esse
1703 4786 1975 4838 oraculum
1999 4771 2301 4855 hujusmodi
2324 4789 2352 4842 1

902 4892 1207 4959 V._Itemque
1235 4896 1442 4957 aliorum
1475 4895 2223 4966 Christianinominislhostium.

849 4995 1058 5053 Diserte
1083 5014 1211 5053 vero
1265 5001 1332 5055 ad
1382 5003 1528 5071 psal.
1589 5015 1736 5056 van
1785 5004 2007 5071 quinam
2069 5006 2148 5069 illi
2189 5006 2349 5061 Chri-

778 5088 1082 5142 stianorum
1137 5091 1418 5147 carniﬁces
1482 5094 1874 5161 imperatores,
1930 5104 1983 5150 et
2014 5111 2122 5165 quo
2156 5097 2348 5150 mortis

779 5196 976 5250 genere
1007 5182 1207 5243 sublati
1240 5184 1350 5238 sint
1378 5194 1599 5251 enarrat
1641 5189 1723 5242 bis
1756 5188 1935 5242 verbis
1969 5208 1980 5242 :
2022 5189 2154 5244 Ha'c
2191 5205 2346 5258 porro

780 5292 927 5346 opere
958 5278 1215 5346 completa
1262 5295 1354 5331 nos
1399 5280 1526 5346 ipsis
1558 5282 1724 5334 oculis
1754 5283 2073 5351 percepimus
2101 5300 2118 5336 :
2159 5282 2345 5353 quibus

787 5389 905 5431 sane
936 5374 1212 5427 verisimile
1241 5384 1316 5427 est
1346 5386 1576 5441 pesteros
1612 5387 1818 5430 nostros
1840 5377 2148 5444 incredulos
2171 5417 2184 5439 ,
2229 5393 2345 5428 cum

793 5465 893 5524 'twc
921 5465 1154 5528 audient,
1185 5465 1340 5534 ﬁdem
1365 5483 1468 5520 non
1496 5468 1763 5532 habituros
1788 5487 1918 5524 esse.
1947 5469 2208 5539 Quotquot
2243 5473 2342 5540 igi-

785 5567 872 5608 tur
905 5573 1011 5613 ¢t0
1047 5569 1224 5613 nostro
1255 5558 1396 5626 fuere
1430 5558 1678 5614 Ecclesia:
1709 5561 1800 5615 Dei
1840 5564 2058 5626 inimici,
2087 5564 2341 5630 principes

782 5650 940 5718 hujus
959 5652 1140 5706 seculi
1167 5660 1218 5706 et
1256 5654 1468 5722 tyranni
1493 5693 1508 5715 ,
1551 5654 1803 5711 diuinitus
1834 5657 2087 5711 immissis
2117 5657 2343 5727 ﬂagellis

784 5739 1007 5803 laniati;
1038 5740 1132 5795 alii
1174 5743 1381 5814 quidem
1415 5747 1656 5811 corporis
1699 5744 1890 5798 cariem
1935 5748 2164 5814 perpessi
2194 5754 2340 5809 sunt,

784 5839 840 5894 ut
872 5832 1030 5885 etiam
1064 5832 1139 5894 vel
1172 5833 1340 5899 adhuc
1396 5835 1613 5898 viventes
1666 5852 1782 5892 cum
1810 5836 2132 5892 intolerabili
2178 5834 2343 5901 fetore

783 5924 1040 5982 vermibus
1069 5933 1371 5980 scaterent.‘
1420 5929 1512 5982 alii
1572 5929 1786 5982 virentes
1840 5930 1959 5983 item
2006 5928 2170 5984 oculis
2206 5931 2342 5996 capti

2467 696 2862 760 madverterent,
2909 692 3335 763 palinodiamque
3362 700 3640 752 canerent,
3691 706 3754 742 ac
3788 688 4052 743 Ecclesia

2466 789 2630 843 Deum
2668 805 2915 859 magnum
2970 792 3275 855 verumque,
3321 793 3370 838 et
3407 783 3577 845 solum
3611 799 3722 844 esse
3754 781 4048 835 Dominum

2463 883 2857 950 conﬁterentur,
2889 893 3194 946 summaque
3227 893 3356 929 cura
3386 877 3746 944 praeciperent,
3771 881 3826 925 ut
3851 873 4046 938 sicitas

2461 973 2557 1026 illa
2589 971 2704 1035 Dei,
2737 971 2800 1032 ab
2845 987 2899 1024 se
2923 969 3049 1023 olim
3106 969 3411 1036 impugnata
3437 1007 3452 1028 ,
3496 973 3884 1021 restauraretur
3906 1005 3921 1028 ,
3975 978 4044 1014 ac

2459 1063 2628 1116 denuo
2651 1071 3060 1117 conttrueretur.
3087 1059 3350 1114 Videlicet
3371 1059 3620 1115 Galerius
3650 1058 4036 1116 Maximianus,

2457 1155 2549 1222 qui
2597 1153 2860 1208 vermium
2932 1149 3101 1206 fetore
3163 1151 3522 1220 computruit,
3559 1159 3617 1203 ut
3664 1151 3822 1203 habet
3867 1148 4041 1200 Euse-

2456 1244 2579 1299 bius
2615 1242 2759 1296 Hist.
2813 1243 2938 1296 eccl.
2977 1243 3070 1296 lib.
3105 1257 3197 1295 vin
3231 1282 3244 1306 ,
3299 1255 3346 1294 c.
3383 1239 3478 1306 16;
3529 1241 3666 1294 alius
3701 1241 3792 1310 qui
3837 1245 4046 1308 captus

2459 1334 2635 1388 oculis
2665 1333 2856 1396 fertur,
2881 1342 2965 1388 est
2996 1332 3322 1388 Maximinus
3351 1329 3588 1386 Orientis
3618 1333 3932 1394 imperator,
3969 1337 4040 1383 ut

2456 1426 2531 1478 ait
2564 1423 2853 1487 Eusebius,
2893 1426 2930 1477 l.
2967 1441 3042 1488 ix,
3071 1438 3122 1477 c.
3161 1423 3248 1477 10.
3306 1421 3604 1491 Utrumque
3635 1433 3762 1476 vero
3813 1422 4042 1492 palino-

2455 1515 2598 1569 diam
2630 1516 2897 1572 cecinisse
2927 1529 3114 1568 narrat
3140 1513 3406 1568 Eusebius
3439 1513 3527 1566 hic
3573 1523 3628 1567 et
3685 1515 3734 1565 in
3781 1513 4040 1571 Historia

2452 1607 2830 1663 ecclesiastica.
2897 1605 3157 1658 Similiter
3210 1603 3283 1657 ad
3326 1605 3588 1673 psalmum
3621 1618 3861 1666 Lxxvm,
3913 1604 4040 1658 haec

2453 1699 2658 1753 habet:
2719 1696 2896 1765 Neque
2949 1697 3120 1750 solum
3175 1696 3241 1747 iis
3305 1697 3429 1765 (qui
3485 1705 3724 1763 tempore
3773 1694 4039 1770 Antiochi.

2455 1792 2604 1860 passi
2650 1789 2802 1861 sunt)
2837 1791 2945 1843 hac
2978 1789 3176 1842 tradita
3207 1789 3382 1855 fuere;
3433 1788 3669 1842 omnibus
3711 1790 3896 1858 quippe
3948 1790 4034 1842 si-

2453 1883 2602 1936 milia
2623 1864 2941 1949 patientibus
2978 1889 3273 1947 competunt
3297 1895 3314 1931 :
3343 1880 3464 1946 quia
3491 1881 3545 1932 in
3559 1881 4028 1948 persecutionibus,

2449 1990 2565 2043 qua:
2595 1983 2775 2026 nostra
2799 1981 2951 2025 (etate
2981 1974 3325 2040 contigerunt,
3343 1973 3738 2040 sexcentisupta
3758 1971 4039 2026 'recensiti:

2449 2065 2647 2119 similia
2675 2073 2796 2118 sunt
2829 2063 3075 2132 perpessi.
3127 2063 3193 2115 Et
3227 2063 3292 2116 ad
3341 2055 3604 2131 psalmum
3653 2077 3740 2126 xc,
3774 2078 3919 2118 vers.
3963 2062 4027 2125 9,

2451 2172 2508 2210 se
2542 2172 2648 2210 non
2680 2158 2844 2210 unius
2876 2164 3083 2208 tantum
3139 2155 3233 2209 sed
3285 2155 3638 2224 plurimarum
3691 2156 4030 2224 persecutio-

2450 2263 2578 2300 num
2611 2255 2800 2301 testem
2832 2245 3001 2300 fuisse
3038 2251 3256 2308 narrat,
3289 2253 3657 2316 tyrannosque
3689 2261 3796 2299 non
3826 2247 3920 2300 diu
3955 2246 4034 2300 ab

2450 2339 2599 2392 illata
2631 2337 2957 2392 Christianis
2991 2335 3164 2397 clade,
3218 2337 3440 2390 interitu
3495 2337 3680 2406 plexos
3717 2337 3801 2392 his
3831 2338 4027 2393 testifi-

2448 2441 2640 2486 catur:
2683 2429 2796 2492 Nos
2840 2441 3015 2485 autem
3053 2431 3322 2485 veritatem
3367 2431 3480 2498 ipsa
3529 2431 3883 2500 exemplorum
3938 2433 4024 2484 in-

2450 2524 2816 2590 terpretatione
2846 2523 3189 2590 percepimus,
3215 2531 3482 2589 conspecto
3515 2523 3674 2575 variis
3708 2522 4034 2590 temporibus

2451 2612 2740 2666 Ecclesium
2768 2611 2966 2665 Christi
3009 2613 3426 2680 impugnantium
3483 2610 3656 2672 exitu,
3701 2612 3790 2680 qui
3842 2611 4044 2678 confcoa

2450 2706 2574 2757 stim
2596 2743 2610 2767 ,
2648 2721 2710 2757 ue
2740 2705 2990 2756 diuturno
3024 2712 3138 2770 post
3169 2714 3413 2770 tempore,
3443 2701 3686 2754 debellati
3717 2711 3857 2755 sunt.
3903 2700 4022 2770 Ipse

2449 2811 2682 2865 namque
2706 2795 2914 2849 viderat
2957 2793 3381 2855 Diocletianum,
3438 2792 3821 2846 Maxitnianum
3864 2791 4023 2846 Gale-

2449 2889 2609 2950 rium,
2639 2886 2985 2940 Maximinum
3011 2893 3064 2939 et
3091 2883 3356 2936 Licinium
3384 2923 3398 2946 ,
3441 2887 3537 2954 qui
3583 2885 3637 2938 in
3673 2884 4022 2938 Christianos

2448 2975 2817 3029 carniﬁcinam
2845 2982 3235 3036 exercuerant,
3296 2971 3534 3027 infausto
3578 2975 3771 3028 mortis
3824 2987 4030 3044 genere

2448 3067 2696 3136 periisse.

2618 3175 2694 3224 Vl.
2723 3175 2830 3234 Quo
2854 3183 3076 3238 tempore
3097 3177 3186 3225 hos
3210 3176 3583 3226 commentarios
3603 3176 3830 3224 ediderit.

2376 3295 2420 3357 ρ
2522 3278 2983 3336 Manifestissimis
3027 3281 3193 3350 igitur
3224 3282 3367 3336 notis
3416 3266 3742 3350 iudiciisque
3777 3295 3895 3334 sese
3927 3279 3996 3332 lio

2454 3387 2572 3426 rum
2605 3375 3119 3428 commentariorum
3161 3382 3437 3429 auctorem
3484 3375 3662 3444 prodit
3713 3373 4013 3427 Eusebius.

2451 3459 2560 3530 jam
2594 3475 2721 3514 vero
2756 3470 2924 3516 restat
2976 3470 3034 3514 ut
3087 3463 3428 3532 exploremus
3470 3479 3578 3532 quo
3634 3473 3878 3532 tempore
3916 3465 4005 3516 δα

2453 3565 2588 3619 opus
2621 3550 2873 3605 ediderit.
2911 3550 3024 3619 Qua
3057 3551 3125 3605 de
3159 3569 3217 3605 re
3256 3569 3319 3607 ex
3371 3569 3480 3606 uno
3519 3563 3727 3607 tantum
3783 3555 3900 3607 loco
3943 3554 4009 3606 lu-

2441 3655 2569 3714 cem
2600 3644 2834 3695 mutuari
2873 3643 3016 3696 licet.
3054 3642 3148 3698 Est
3183 3645 3228 3698 is
3287 3644 3338 3696 in
3398 3645 3608 3710 psalmo
3661 3661 3909 3704 Lxxxvu,
3949 3644 4015 3697 ad

2451 3731 2596 3786 hunc
2648 3748 2862 3788 versum
2900 3732 3190 3803 :Nunquid
3245 3737 3462 3794 mortuis
3512 3736 3672 3804 [acies
3712 3736 4018 3788 mirabilia?

2451 3825 2543 3879 ubi
2583 3826 2662 3880 sic
2711 3822 2869 3878 habet
2903 3843 2917 3877 :
2959 3826 3020 3876 Et
3054 3825 3113 3894 δέ
3139 3843 3220 3889 τις
3256 3826 3376 3879 νοῦν
3419 3829 3729 3896 ἐπιστήσειε
3759 3831 3868 3890 τοῖς
3897 3827 4017 3878 καθ’

2450 3919 2596 3986 ἡμᾶς
2627 3917 2766 3986 ἀμφὶ
2791 3917 2851 3969 τὸ
2874 3917 3059 3986 μνῆμα
3077 3918 3167 3969 καὶ
3201 3917 3258 3968 τὸ
3293 3917 3589 3989 μαρτύριον
3622 3918 3714 3970 τοῦ
3767 3917 4018 3988 Σωτῆρος

2453 4004 2606 4075 ἡμῶν
2648 4005 3035 4058 ὲπιτελεσθείσι
3093 4005 3444 4076 θαυμασίοις,
3473 4008 3684 4078 ἀληθῶς
3725 4006 3925 4067 afuerat
3962 4007 4020 4058 ὃο

2452 4113 2571 4159 πως
2613 4097 2959 4167 πεπλήρωται
2988 4095 3169 4168 ἔργοις
3214 4099 3280 4150 τὰ
3318 4099 3748 4169 τεθεσπισμένα,
3805 4099 3855 4151 id
3899 4108 4013 4152 est:

2456 4188 2607 4254 Quod
2636 4191 2681 4241 si
2714 4190 2828 4259 quis
2869 4191 3101 4243 animum
3134 4191 3378 4244 adhibeat
3411 4194 3496 4258 iis,
3523 4209 3638 4261 qum
3665 4201 3840 4247 nostra
3887 4201 4016 4244 tom—

2451 4295 2572 4348 pore
2602 4281 2676 4334 ad
2706 4282 2999 4349 sepulcrum
3048 4294 3096 4338 et
3149 4287 3465 4354 martyrium
3521 4285 3811 4338 Saluatoris
3845 4283 4016 4336 nostri

2451 4385 2664 4443 patrata
2699 4385 2841 4441 sunt,
2867 4377 3241 4451 mirabilibus,
3292 4379 3335 4430 is
3377 4393 3500 4430 sane
3531 4377 3865 4442 deprehendet
3915 4390 4017 4444 qua

2451 4477 2604 4535 pacto
2632 4483 2694 4520 ea
2722 4483 2837 4537 quae
2881 4469 3239 4534 praenuntiata
3273 4467 3518 4534 fuerant,
3569 4484 3714 4533 opere
3759 4467 4016 4535 completa

2452 4559 2578 4610 sint.
2608 4557 2683 4610 De
2715 4559 2996 4611 miraculis
3037 4559 3093 4612 in
3126 4559 3379 4628 sepulcro
3411 4567 3463 4613 et
3510 4560 3769 4630 martyrio
3811 4557 4016 4613 Christi

2380 4650 2427 4708 D
2453 4647 2616 4702 editis
2637 4663 2706 4701 ne
2731 4648 2952 4702 verbum
2982 4648 3197 4717 quidem
3225 4648 3488 4704 Eusebius
3515 4651 3568 4703 in
3610 4641 3726 4702 Vita
3757 4647 4016 4711 Constan-

2455 4739 2591 4801 tini;
2620 4738 2724 4793 etsi
2745 4739 3039 4802 detectum,
3063 4749 3289 4795 curante
3317 4740 3515 4796 Helena
3536 4781 3550 4803 ,
3601 4741 3908 4810 sepulcrum
3960 4747 4015 4793 et

2453 4830 2773 4899 martyrium
2825 4839 3107 4895 memoret,
3140 4839 3470 4885 exstructam
3529 4829 3717 4884 eodem
3771 4829 3888 4882 loco
3919 4844 4014 4898 per

2449 4921 2866 4976 Constantinum
2897 4923 3488 4993 magnilicentissimam
3534 4919 3818 4974 ecclesiam
3854 4936 3976 4974 enat
4008 4953 4015 4962 -

2450 5024 2528 5069 ret
2555 5055 2570 5078 ,
2603 5015 2866 5086 synodum
2891 5014 2950 5071 in
2971 5016 3218 5085 ejusdem
3240 5013 3484 5069 ecclesiae
3511 5013 3764 5068 encaeniis
3793 5029 3889 5066 seu
3917 5013 4013 5069 de-

2450 5106 2720 5168 dicatione
2781 5107 3108 5163 celebratam
3179 5121 3321 5161 anno
3377 5105 3521 5171 355,
3581 5106 3887 5160 minutatim
3959 5118 4014 5158 et

2450 5198 2683 5267 κομψῶς-
2701 5199 2991 5254 describat.
3015 5197 3217 5254 \‘erum
3256 5197 3346 5251 hic
3381 5197 3447 5250 de
3477 5197 3755 5251 miraculis
3787 5198 3868 5266 agi
3894 5213 4012 5266 qua:

2451 5305 2477 5340 a
2533 5287 2746 5353 Ruﬁno,
2783 5289 3019 5360 Sulpicio
3049 5288 3272 5354 Severo,
3301 5287 3555 5351 Socrate,
3610 5286 3912 5342 Sozomeuo
3959 5299 4012 5342 et

2451 5379 2788 5435 Theodoreto
2821 5388 3193 5442 recensentur,
3223 5395 3290 5434 ne
3324 5380 3583 5448 ambigas.
3615 5379 3782 5433 Aiunt
3811 5396 4011 5450 quippe

2451 5472 2548 5533 illi,
2586 5476 2797 5530 aﬁ'lante
2827 5474 3050 5527 numine
3110 5472 3286 5526 locum
3336 5473 3571 5541 sepulcri
3612 5471 3866 5527 Helenam
3913 5472 4009 5524 de-

2451 5567 2667 5627 texisse,
2701 5573 2814 5618 tres
2847 5565 2918 5617 ibi
2955 5577 3142 5616 cruces
3172 5569 3414 5632 repertas
3440 5578 3588 5618 esse:
3637 5562 4008 5629 haerentesque

2448 5672 2637 5712 omnes
2661 5671 2905 5727 quaenam
2939 5671 3004 5709 ex
3046 5656 3230 5710 .tribus
3260 5655 3461 5712 Christi
3493 5654 3787 5725 suspendio
3812 5668 4007 5707 conse-

2447 5757 2598 5803 crata
2625 5749 2834 5810 fuisset,
2866 5747 3029 5802 dubio
3064 5733 3278 5803 tandem
3315 5748 3516 5802 levatos
3549 5747 3716 5801 luisse
3738 5785 3751 5809 ,
3793 5759 3917 5799 cum
3951 5746 4003 5798 in

2447 5841 2701 5896 extremis
2731 5854 2896 5911 agens
2937 5838 3148 5902 mulier,
3182 5853 3244 5899 ex
3289 5837 3517 5890 aliarum
3584 5842 3836 5893 contactu
3871 5834 4009 5900 nihil

2451 5929 2668 5986 remedii
2714 5938 3040 5996 consecuta,
3095 5930 3306 5984 admota
3359 5929 3570 5998 demum
3624 5942 3746 5981 vera
3801 5925 4002 5981 Christi
