4262 6406
253 499 311 550 ει
1023 488 1524 546 COMMENTARIA
1565 487 1628 540 iN
1661 485 1999 543 essurus.
2049 520 2110 529 —
2149 489 2684 547 manumanu.
2983 479 2993 489 '
3405 491 3476 552 aa

253 628 432 672 cruce.
469 610 652 664 statim
688 625 715 661 a
747 609 932 662 morbo
953 610 1166 678 penitus
1190 617 1454 669 recreata,
1478 617 1531 661 et
1569 609 1814 677 pristinae
1848 615 1888 668 Α
1919 609 2106 663 lentim
2143 625 2272 663 vero
2311 610 2593 664 ratiocinia
2622 607 2848 678 profert,
2895 609 3050 672 nihil,
3084 607 3226 679 quod
3251 608 3324 675 ad
3359 622 3470 662 rem

252 702 540 757 valetudini
574 702 818 755 restituta
847 708 947 754 est.
972 698 1107 754 Cum
1139 707 1314 752 autem
1347 700 1459 752 inec
1503 714 1646 750 anno
1682 699 1804 761 527,

249 794 664 863 autinsequenti
707 802 853 860 gesta
899 792 1037 851 sint,
1096 790 1220 843 hinc
1254 792 1608 860 consequitur
1638 789 1808 845 Euse—

249 888 392 942 bium
423 902 519 940 sua
547 887 600 938 in
624 883 869 939 Psalmos
906 886 1296 937 commentaria
1344 883 1443 936 sub
1471 883 1584 936 haec
1611 881 1812 938 edidis-

245 991 323 1032 se.
356 974 542 1044 Neque
573 983 749 1027 tamen
785 973 965 1028 statim
1019 981 1205 1042 postea
1234 1014 1248 1036 ,
1303 973 1397 1028 sed
1454 975 1640 1028 multis
1682 974 1809 1026 hinc

243 1066 442 1134 elapsis
473 1069 628 1118 annis
658 1065 768 1118 haec
798 1065 1148 1119 eiucubrasse
1201 1063 1428 1118 suadere
1463 1063 1676 1118 videtur
1706 1081 1804 1118 vox

243 1157 364 1211 καθ’
395 1159 694 1228 quaequa:
727 1167 907 1210 nostra
938 1167 1090 1211 wtate
1121 1156 1385 1225 significat
1406 1174 1425 1222 ;
1448 1172 1622 1226 neque
1659 1158 1805 1210 enim

243 1265 338 1318 pro
364 1251 718 1318 praesentibus
743 1263 834 1305 aut
860 1253 932 1304 ita
964 1254 1183 1320 nuperis
1224 1253 1388 1306 rebus
1432 1253 1546 1306 inec
1579 1253 1804 1322 loquen-

237 1342 292 1394 di
323 1342 461 1394 ratio
487 1355 582 1394 usu
607 1342 790 1395 venire
822 1343 976 1397 solet.
1017 1341 1106 1394 Sic
1158 1342 1246 1395 ille
1289 1357 1410 1395 cum
1443 1344 1507 1397 de
1561 1346 1814 1414 tyrannis.

238 1433 366 1502 agit,
402 1433 493 1502 qui
525 1432 636 1500 jam
667 1433 862 1488 multos
902 1441 1027 1487 ante
1064 1447 1240 1487 annos
1284 1433 1394 1488 fato
1425 1433 1590 1489 functi
1622 1446 1798 1501 erant,

237 1537 366 1578 voce
395 1522 514 1577 καθ’
551 1525 696 1595 ἡμᾶς
729 1527 913 1588 utitur,
943 1540 1102 1593 quam
1127 1533 1302 1579 tamen
1334 1542 1600 1595 nusquam
1638 1544 1799 1582 usur-

234 1620 325 1682 pat
352 1627 476 1667 cum
512 1613 579 1669 de
607 1615 767 1669 rebus
788 1655 802 1675 ,
843 1629 963 1684 quae
992 1615 1071 1667 vel
1116 1616 1208 1669 illo
1258 1616 1547 1679 scribente,
1583 1620 1663 1672 vel
1697 1635 1797 1671 nu-

233 1706 470 1774 perrime
499 1712 661 1776 gesta
687 1713 849 1769 sunt,
898 1707 1094 1775 agitur.
1148 1705 1346 1760 Verum
1384 1716 1440 1760 ut
1474 1707 1588 1762 haec
1621 1709 1796 1779 conje-

229 1799 432 1852 ctando
474 1799 644 1852 solum
678 1798 945 1865 dicimus,
1003 1802 1076 1855 ita
1135 1809 1256 1870 post
1305 1813 1503 1855 annum
1535 1802 1637 1856 527
1665 1843 1679 1865 ,
1729 1819 1791 1857 ea

229 1904 392 1959 quam
424 1904 588 1960 supra
616 1889 853 1945 diximus
902 1891 969 1946 de
997 1905 1161 1946 causa
1184 1931 1199 1954 ,
1243 1891 1416 1946 editos
1461 1902 1792 1948 commenta-

1922 700 2210 769 pertineat,
2239 701 2500 755 intactum
2536 701 2812 770 relinquit.
2851 699 3037 755 Parem
3069 699 3327 772 arguendi
3363 699 3468 752 vim

1915 799 1968 843 et
1997 791 2312 854 methodum,
2332 792 2748 856 animadvertas,
2779 805 2900 844 cum
2922 805 3108 845 eorum
3139 791 3469 846 sententiam

1916 881 2158 950 depellit,
2196 884 2289 950 qui
2337 884 2547 936 numeri
2577 885 2840 936 rationem
2873 881 2938 934 ad
2972 882 3236 951 cujusque
3272 882 3466 951 psalmi

1915 971 2319 1041 intelligentiam
2351 973 2595 1042 conferre
2617 973 2926 1041 pugnabant
2959 991 2971 1025 :
3003 987 3161 1041 quam
3189 971 3467 1026 Philonia-

1910 1077 2034 1114 nam
2069 1063 2393 1133 explanandi
2429 1065 2757 1129 mcthodum,
2791 1070 2847 1116 ut
2881 1063 3084 1119 futiiem
3116 1071 3168 1118 et
3190 1062 3466 1117 ἀπροσδιό-

1908 1170 2084 1216 νυσον,
2122 1151 2371 1223 explodit'
2387 1153 2666 1208 Eusebius.

2283 1263 2376 1313 ill.
2398 1265 2470 1313 De
2493 1267 2694 1314 litterali
2716 1269 3077 1327 explanatione.

1974 1368 2283 1424 Litteralem
2310 1369 2650 1424 Psalmorum
2687 1382 2917 1426 mentem
2951 1373 3038 1425 ubi
3075 1373 3312 1442 explicat
3343 1370 3457 1425 Eu-

1903 1459 2107 1521 sebius,
2139 1461 2431 1529 genuinum
2455 1464 2614 1533 vulgo
2646 1479 2865 1518 sensum
2897 1466 3131 1534 attingit,
3167 1479 3340 1533 neque
3380 1464 3452 1518 ita

1902 1551 2211 1618 frequenter
2240 1552 2452 1605 aberrat
2505 1569 2534 1606 a
2584 1568 2752 1622 scopo
2781 1562 2833 1607 et
2872 1570 2899 1606 a
2945 1568 3069 1607 vera
3112 1553 3452 1606 Psalmorum

1901 1643 2186 1697 sententia.
2218 1641 2419 1696 Aderat
2473 1643 2672 1712 quippe
2717 1645 2896 1712 opima
2946 1645 3036 1696 illa
3091 1643 3451 1714 Hexaplorum

1897 1735 2160 1805 supellex,
2196 1735 2337 1790 unde
2357 1742 2411 1788 et
2440 1733 2763 1790 Hebraicam
2801 1737 3086 1790 lectionem
3120 1735 3173 1790 et
3208 1743 3450 1791 veterum

1895 1828 2244 1894 interpretum
2272 1825 2570 1880 versionem
2592 1826 2826 1879 mutuari
2839 1835 3049 1895 posset.
3072 1825 3256 1893 Neque
3279 1827 3446 1886 enim,

1894 1927 1951 1972 ut
1996 1926 2060 1972 ex
2107 1917 2191 1971 his
2230 1917 2637 1971 commentariis
2685 1916 3087 1986 deprehendere
3142 1916 3289 1976 licet,
3344 1914 3450 1969 He-

230 1983 340 2077 τξοῗ
376 1978 627 2077 δπίτφθῗί
662 1996 822 2077 Ροεδῗδ
855 1991 1130 2077 memuf’j
1194 1983 1397 2077 θθξθθίί
1432 1985 1564 2077 imm
1605 1983 1788 2039 Domi‘
1823 2014 1861 2066 Β
1889 2009 2069 2062 braice
2099 2009 2304 2077 peritus
2337 2007 2439 2060 fuit
2473 1978 2774 2062 Eusebius:
2802 2006 3067 2077 siquidem
3097 2007 3162 2062 de
3184 2005 3446 2062 Hebraica

230 2071 334 2124 nici
369 2071 602 2138 sepulcri
650 2073 894 2127 meminit
933 2070 1200 2129 Eusebius
1231 2074 1299 2128 ad
1331 2075 1597 2143 psalmum
1630 2090 1785 2138 cvm,

229 2161 310 2215 his
341 2163 557 2217 verbis:
596 2160 709 2217 Hoc
745 2171 915 2215 autem
941 2163 1145 2218 ediscas
1168 2205 1182 2228 ,
1231 2167 1278 2218 si
1333 2166 1626 2219 consideres
1686 2171 1789 2236 qua

226 2260 392 2305 ruente
422 2254 528 2305 sint
550 2250 748 2315 Judazi,
774 2251 1000 2307 videntes
1029 2255 1232 2326 quidem
1259 2257 1551 2310 veneranda
1579 2266 1628 2310 et
1658 2274 1781 2310 san-

224 2351 306 2394 cta
337 2359 437 2395 sua
461 2343 696 2410 funditus
729 2341 934 2409 deleta;
962 2347 1105 2401 illius
1136 2364 1251 2400 vero
1278 2349 1366 2420 qui
1397 2347 1461 2401 ab
1486 2349 1610 2414 ipsis
1639 2351 1785 2416 igno-

223 2434 386 2486 minia
417 2435 656 2502 aﬂ'zctur,
688 2451 747 2487 ac
777 2437 830 2490 in
865 2454 1068 2491 crucem
1098 2447 1146 2491 et
1177 2446 1393 2491 mortem
1425 2437 1650 2491 traditui
1683 2448 1780 2502 est,

222 2525 533 2592 sepulcrum,
565 2526 740 2580 studio
783 2535 832 2582 et
861 2528 1142 2581 honoribus
1183 2529 1465 2591 celebrari,
1518 2528 1781 2584 Ecclesias

223 2625 416 2678 autem,
451 2632 566 2684 quat
603 2618 713 2687 ejus
743 2621 929 2673 virtute
974 2634 1064 2687 per
1112 2627 1276 2673 totum
1327 2621 1497 2676 orbem
1548 2622 1783 2691 fundata

221 2716 358 2770 sunt,
393 2709 445 2760 in
472 2707 581 2762 dies
609 2725 918 2772 accrescere,
952 2718 1056 2764 etc.

820 2819 1046 2875 CAPUT
1092 2821 1181 2876 iV.

218 2949 283 2988 DD
321 2947 526 2988 GENERB
563 2949 983 2997 IRTERPRETANDI
1026 2951 1230 2990 EUSEBII
1255 2975 1268 2996 ,
1307 2951 1474 2998 θεοοε
1515 2952 1774 3000 ΔΝΤΙΟΠΙΒ

575 3018 919 3058 VEBSIONIDUS
959 3021 1022 3058 ΑΒ
1059 3022 1124 3058 E0
1165 3020 1407 3058 ALLATIS.

220 3092 266 3149 1.
296 3093 684 3163 lnterpretandi
708 3111 864 3163 genus
899 3093 1180 3146 Eusebium
1211 3099 1568 3150 commentarii
1591 3108 1773 3154 aucto-

281 3180 388 3235 r_e_n_i
409 3165 605 3235 prodit.
627 3162 714 3217 ll.
750 3163 1143 3235 Observationes
1168 3168 1360 3235 critiew
1378 3168 1591 3235 egregia:
1615 3179 1770 3223 notat.

286 3231 406 3307 ΙΙΙ.
440 3233 516 3307 1_)_e
561 3234 780 3307 litterali
823 3234 1204 3307 captaizatione.
1241 3234 1342 3289 IV.
1393 3231 1772 3307 De"ntystago-

278 3303 414 3376 gica.
462 3302 814 3376 K:_Eusebius
847 3305 1119 3372 Origeuem
1148 3307 1440 3376 sequitur,
1477 3302 1579 3359 alii
1602 3302 1769 3362 Euse-
1795 3353 1837 3376 ,,

281 3367 442 3423 in‘nm.
478 3370 572 3425 VI.
602 3375 839 3443 Antiquis
871 3367 1548 3446 interpretibus'frequenter
1575 3380 1758 3433 utitur.
1794 3367 1837 3412 υ

212 3486 248 3533 1.
272 3483 629 3545 interpretandi
678 3501 834 3548 genus
855 3488 1118 3597 Eusegipm
1150 3492 1483 3541 commentarii
1516 3501 1766 3544 auctorem

893 3561 979 3597 oro
1018 3561 1030 3596 l
1059 3585 1070 3596 .

893 3561 1070 3610 promi.

274 3655 452 3704 nosce
505 3651 921 3706 commentarios
995 3666 1306 3722 germanum
1370 3670 1491 3711 esse
1543 3658 1762 3715 Eusebii

203 3755 360 3811 opus,
391 3751 500 3795 non
532 3755 596 3794 ex
627 3743 923 3810 praemissis
950 3745 1133 3808 modo,
1168 3747 1262 3800 sed
1297 3747 1458 3800 etiam
1494 3765 1559 3803 ex
1593 3751 1759 3807 inter-

205 3829 450 3899 pretandi
502 3846 716 3900 genere,
749 3848 812 3886 ex
863 3831 1140 3902 frequente
1175 3837 1266 3889 illo
1319 3844 1555 3890 veterum
1592 3840 1760 3896 inter-

202 3927 412 3987 pretum
445 3936 570 3985 usu,
616 3938 682 3977 ex
721 3920 1012 3993 Scriptum
1064 3940 1232 3980 sacrae
1287 3925 1476 3995 peritia
1510 3942 1758 4001 compro-

202 4011 378 4066 batur.
407 4009 503 4064 His
536 4027 594 4066 se
635 4015 856 4069 tesseris
886 4024 938 4068 et
981 4021 1314 4087 argumentis
1343 4020 1557 4076 exhibet
1587 4016 1758 4076 Euse-

201 4103 322 4159 hius
348 4105 436 4159 ille
466 4105 730 4177 Pamphili
781 4112 1030 4180 martyris
1083 4113 1284 4179 socius,
1321 4115 1570 4184 quicum,
1619 4123 1756 4171 teste

200 4192 557 4266 Hieronymo,
614 4196 857 4250 Divinam
909 4199 1287 4255 Bibliothecam
1348 4202 1751 4273 diligentissime

199 4286 607 4354 pervestigarat-.
671 4285 794 4340 Tria
855 4299 1211 4356 porroicum'
1265 4293 1452 4361 primis
1511 4303 1753 4370 contem-

199 4377 391 4444 planda
425 4377 582 4430 nobis
612 4377 764 4432 offert
789 4380 1494 4452 ceieberrimusinterpres:
1532 4382 1752 4440 criticas

198 4465 250 4518 in
276 4463 614 4519 Psalmorum
649 4467 894 4522 ordinem
931 4479 1110 4535 notas,
1142 4473 1637 4540 interpretationem
1663 4475 1754 4528 lit-

195 4553 452 4617 teralem,
509 4563 562 4607 et
619 4558 1036 4626 mystagogicam
1093 4562 1411 4631 explanandi
1467 4562 1638 4618 viam.
1686 4564 1753 4617 de

199 4643 399 4712 quibus
429 4659 600 4714 pauca
629 4645 910 4716 praaiibare
937 4664 966 4702 e
996 4665 1054 4704 re
1082 4649 1242 4705 fuerit

424 4751 486 4802 Π.
514 4753 893 4804 Observationes
913 4758 1111 4817 criticse,
1133 4761 1349 4821 egregiae
1370 4763 1516 4811 notas.

264 4847 683 4914 Observationes
747 4858 962 4914 Eusebii
1017 4862 1259 4924 critica,
1328 4865 1554 4934 egregiae
1609 4872 1746 4920 nota:

195 4955 322 5001 sunt
363 4969 374 5002 :
401 4963 530 5016 nam
563 4959 757 5019 praeter
785 4967 846 5006 ea
872 4967 992 5021 quae
1027 4953 1079 5006 in
1115 4955 1524 5021 prmfationibus
1556 4956 1742 5011 ferun-

195 5044 298 5094 tur.
329 5052 436 5090 non
467 5041 770 5107 spernenda
804 5057 953 5107 sane,
987 5043 1152 5096 multa
1181 5045 1608 5112 expositionibus
1631 5049 1744 5103 suis

192 5123 258 5176 de
287 5122 477 5178 ordine
505 5128 650 5180 etde
698 5137 921 5184 auctore
973 5131 1234 5200 cujusque
1283 5135 1471 5201 psalmi
1516 5137 1744 5192 subinde

192 5216 486 5280 prmmittit,
511 5233 630 5286 quae
653 5220 915 5287 judicium
951 5225 1304 5292 peritiamque
1353 5227 1632 5294 scriptoris
1655 5245 1744 5282 ar-

189 5304 353 5362 guant
387 5318 400 5351 :
439 5315 544 5368 qua
575 5303 631 5356 in
679 5321 737 5360 re
767 5322 897 5362 sane
927 5311 1014 5362 vix
1043 5310 1349 5364 accuratius
1384 5316 1742 5382 sagaciusque

186 5383 450 5455 disputari
475 5405 635 5458 posse
659 5397 1001 5452 aestimabunt
1025 5402 1201 5467 periti.
1231 5399 1289 5455 In
1314 5402 1397 5458 his
1427 5412 1602 5458 autem
1633 5405 1741 5461 Eu-

189 5477 392 5540 sebius,
413 5479 516 5546 qui
545 5495 823 5550 nunquam
859 5491 1177 5556 compendio
1210 5492 1436 5552 studuit.
1488 5495 1605 5551 sine
1640 5499 1739 5552 ali-

186 5577 294 5631 quo
324 5564 543 5619 lectoris
566 5567 727 5620 tzedio
757 5569 1041 5631 fastidiove
1069 5579 1331 5646 prolixius
1365 5581 1493 5650 agit.
1533 5581 1594 5635 id
1611 5600 1736 5639 vero

190 5653 486 5714 praesertim
526 5654 781 5710 dbserves
812 5660 868 5712 in
897 5663 1015 5728 ejus
1043 5665 1110 5719 de
1140 5668 1484 5723 Abimeiecho
1529 5672 1734 5726 disser-

187 5738 411 5804 tatione,
443 5743 497 5796 in
527 5748 1009 5814 perquisitionihus
1040 5753 1108 5808 de
1134 5771 1259 5810 vera
1285 5757 1624 5815 Psalmorum
1649 5778 1729 5818 se-

187 5826 270 5921 rlle
293 5838 347 5921 et
379 5831 444 5886 de
471 5849 728 5903 germano
753 5841 1018 5913 cuiusque
1066 5854 1288 5900 auctore
1326 5868 1340 5903 :
1394 5851 1733 5921 maximeque

190 5905 274 5972 ubi
304 5918 371 5976 de
394 5925 603 5989 psalmo
625 5928 678 5982 in
712 5905 965 6002 spelunca
991 5936 1213 5990 miritice
1241 5938 1510 5996 edisserit.
1559 5905 1728 5999 Pede;

1891 2099 1981 2154 ille
2011 2100 2240 2154 lectione
2279 2099 2596 2167 plerumque
2622 2114 2729 2152 non
2762 2099 2834 2152 ita
2861 2099 3021 2154 docte
3047 2098 3325 2163 edisserit,
3358 2106 3446 2152 ut-

1889 2196 2013 2256 pote
2041 2187 2134 2256 qui
2179 2185 2441 2240 Hebraica
2496 2186 2697 2242 Graecis
2728 2186 2925 2242 litteris
2951 2202 3227 2256 expressa,
3263 2188 3444 2257 qualia

1889 2279 1941 2331 in
1972 2276 2224 2348 liexaplis
2253 2287 2431 2340 erant,
2469 2287 2676 2332 tantum
2724 2280 2948 2349 legerit;
2983 2279 3077 2334 sed
3127 2281 3172 2335 si
3215 2280 3345 2351 quid
3377 2281 3444 2335 de

1885 2371 2108 2424 vocibus
2140 2377 2192 2423 ct
2227 2371 2419 2425 litteris
2444 2362 2724 2426 Hebraicis
2747 2370 2873 2425 hinc
2899 2371 3022 2425 inde
3057 2372 3257 2434 tradat,
3291 2371 3345 2426 id
3375 2387 3441 2426 ex

1886 2460 2122 2515 Hebraeis
2171 2469 2447 2515 mutuatus
2479 2469 2580 2515 est.
2632 2459 2696 2512 Et
2735 2461 2931 2513 mirum
2989 2473 3119 2514 sane
3163 2459 3437 2513 hominem

1883 2553 1972 2622 qui
2015 2554 2067 2606 in
2102 2552 2387 2607 Palaestina
2414 2561 2622 2608 aetatem
2652 2553 2776 2623 egit,
2805 2568 2927 2606 cum
2956 2550 3154 2606 Judaeis
3181 2551 3436 2621 frequen-

1881 2653 1963 2698 ter
1993 2660 2294 2712 sermonem
2323 2644 2533 2708 habuit,
2574 2643 2826 2713 Hexapiis
2852 2653 2905 2696 et
2938 2642 3268 2696 Bibliotheca:
3308 2642 3439 2695 dioi-

1880 2754 1959 2791 me
1988 2751 2111 2791 cum
2161 2735 2442 2804 Pamphilo
2476 2742 2714 2804 martyre
2752 2734 3060 2803 digerendis
3093 2749 3309 2803 operam
3343 2734 3436 2788 de-

1877 2827 1976 2889 dit,
2011 2825 2270 2880 liebraice
2298 2825 2626 2877 ineruditum
2656 2823 2860 2876 fuisse?
2898 2822 3220 2876 Doctoribus
3253 2830 3431 2878 autem

1878 2919 1992 2974 suis
2042 2917 2205 2972 nimis
2235 2915 2512 2971 credulum
2550 2928 2790 2985 persmpe
2820 2913 3212 2982 deprehendas,
3247 2922 3432 2983 utpote

1874 3011 1965 3079 qui
1999 3010 2253 3062 nonnulla
2283 3008 2554 3063 interdum
2597 3006 2804 3069 aiierat,
2839 3006 2926 3061 ubi
2957 3004 3261 3059 accuratior
3288 3005 3431 3059 noti-

1873 3101 1946 3154 tia
1991 3100 2361 3166 desideretur;
2407 3101 2639 3169 exempli
2693 3114 2860 3153 causa
2907 3098 2970 3152 ad
3021 3099 3166 3151 hunc
3211 3105 3428 3153 versum

1873 3191 2064 3260 psalmi
2098 3207 2208 3255 cxi,
2250 3190 2331 3243 Ea:
2360 3201 2508 3245 utero
2549 3200 2670 3243 ante
2713 3191 2988 3258 luciferum
3034 3190 3185 3259 genui
3231 3199 3298 3254 te,
3336 3189 3426 3243 ubi

1873 3281 2194 3339 Hebraicum
2229 3294 2441 3346 tamn,
2478 3280 2738 3334 Mere/rem
2781 3281 2966 3346 habet,
2998 3288 3057 3332 ut
3089 3279 3426 3348 probabilem

1871 3376 2154 3446 cujusdam
2204 3375 2512 3444 opinionem
2549 3373 2725 3435 aliert,
2762 3373 2856 3442 qui
2895 3371 3120 3442 putabat
3164 3371 3254 3424 hic
3300 3371 3426 3424 bea-

1871 3476 1978 3520 tam
2009 3467 2228 3521 Mariam
2252 3466 2533 3542 Deiparam
2560 3464 2808 3535 indicari,
2833 3462 2976 3532 quod
3001 3478 3129 3517 sane
3145 3460 3428 3533 ἀπροσδιό-

1871 3575 2026 3611 νυσον
2057 3565 2139 3612 est
2170 3576 2182 3610 :
2213 3572 2336 3610 nam
2368 3553 2564 3616 Maria,
2603 3569 2797 3608 nomen
2841 3555 2978 3623 apud
3030 3552 3282 3609 Hebmos
3314 3553 3423 3605 fre-

1869 3650 2281 3721 quentissimum
2307 3655 2497 3712 Dina,
2526 3644 2576 3697 Μ
2587 3648 2740 3698 iriam
2766 3647 3138 3710 scribebatur;
3171 3651 3222 3699 et
3262 3641 3424 3698 Mere-

1867 3742 1980 3794 hem
2008 3738 2143 3793 nihil
2173 3737 2316 3791 aliud
2342 3751 2527 3807 quam,
2553 3752 2617 3788 ex
2640 3745 2804 3797 utero,
2838 3733 3128 3802 signiﬁcat.

2362 3850 2442 3898 iV.
2469 3847 2545 3898 De
2568 3847 2909 3909 mystagogica.

1936 3952 2351 4024 Mystagogicam
2383 3949 2706 4019 explanandi
2739 3951 2903 4014 viam,
2949 3967 3056 4019 qua
3103 3950 3168 4004 ad
3217 3950 3422 4006 Christi

1860 4055 2146 4112 personam
2195 4041 2279 4095 vel
2309 4039 2628 4102 Ecclesiam,
2662 4041 2774 4096 sive
2816 4041 2882 4095 ad
2924 4041 3129 4096 ﬁdelem
3157 4042 3416 4105 animam,

1861 4142 1954 4188 aut
1977 4133 2190 4188 demum
2220 4132 2285 4186 ad
2308 4133 2580 4186 cmlestem
2609 4131 2826 4186 Sionem
2852 4134 3029 4186 omnia
3063 4133 3413 4196 reduCuntur,

1861 4224 2148 4279 admodum
2183 4223 2542 4294 frequentavit
2568 4224 2866 4279 Eusebius:
2895 4225 3019 4294 quia
3043 4225 3134 4279 illo
3155 4240 3268 4278 aevo
3289 4240 3410 4279 cum

1858 4315 2027 4370 Judaei
2081 4324 2340 4384 perpetuo
2369 4315 2697 4371 Christianis
2747 4315 3122 4385 obgannirent,
3157 4323 3319 4382 atque
3347 4330 3414 4368 ex

1856 4421 2019 4476 prave
2068 4408 2280 4461 detorta
2333 4402 2740 4476 Scripturarurﬁ
2772 4405 3062 4467 sententia,
3103 4405 3410 4460 Christiana

1854 4500 1921 4552 de
1952 4497 2237 4553 Servatore
2262 4500 2509 4570 dogmata
2539 4487 2879 4553 traducerent
2907 4499 2961 4551 in
2992 4497 3107 4553 dies
3129 4541 3142 4564 ,
3187 4499 3409 4566 scripto-

1854 4603 1940 4641 res
1987 4584 2342 4642 eccieSiastici
2386 4582 2692 4649 contra,'ut
2742 4587 3004 4656 petulanti
3056 4597 3110 4642 et
3159 4598 3411 4657 protervo

1781 4692 1828 4746 1)
1855 4679 2039 4747 generi
2070 4687 2440 4744 occurrerent,
2468 4680 2645 4732 omnia
2681 4677 2746 4732 ad
2769 4678 3048 4733 Christum
3078 4687 3132 4735 et
3159 4680 3224 4732 ad
3252 4678 3411 4733 Chri-

1853 4766 1921 4818 sti
1950 4765 2248 4822 Ecciesiam
2281 4767 2587 4821 referebant
2635 4785 2648 4822 :
2705 4784 2802 4823 nec
2851 4768 3012 4822 modo
3057 4782 3119 4823 ea
3173 4783 3294 4837 qua:
3341 4769 3410 4823 de

1849 4855 2066 4911 Christo
2093 4855 2160 4911 et‘
2184 4856 2251 4910 de
2279 4856 2482 4911 Christi
2516 4858 2768 4914 ﬁdelibus
2798 4858 2997 4915 diserte
3028 4868 3080 4913 ct
3123 4861 3406 4917 evidenter

1848 4947 2122 5000 enuntiata
2150 4944 2382 5008 fuerant,
2406 4946 2499 5000 sed
2530 4949 2692 5002 etiam
2724 4964 2862 5017 quae,
2895 4949 3040 5003 haud
3071 4951 3144 5004 ita
3171 4951 3406 5007 dilucide

1848 5045 2120 5099 enarrata,
2151 5047 2376 5104 possent
2405 5037 2458 5089 in
2486 5039 2748 5091 utramvis
2780 5047 2984 5107 partem
3016 5040 3268 5097 derivari.
3297 5042 3404 5096 Nec

1847 5135 2022 5180 tutum
2081 5135 2198 5179 erat
2249 5127 2358 5181 illis
2412 5127 2746 5197 temporibus
2794 5128 3181 5199 interpretandi
3239 5133 3398 5185 aliam

1844 5203 1995 5272 inire
2026 5217 2292 5272 rationem
2323 5234 2336 5272 :
2372 5226 2520 5272 certe
2567 5233 2677 5272 non
2709 5220 2929 5289 impune
2982 5223 3080 5275 fuit
3111 5221 3400 5276 Theodoro

1844 5307 2242 5377 Mopsuesteno,
2269 5308 2412 5378 quod
2441 5311 2683 5378 neglecta
2705 5315 3072 5383 mystagogica
3104 5315 3213 5375 illa,
3247 5316 3395 5372 litte-

1843 5402 1940 5454 rali
1975 5401 2148 5454 solum
2173 5401 2494 5457 attenderet.

1909 5490 2176 5573 Cmterum
2208 5492 2354 5547 hunc
2380 5494 2703 5564 explanandi
2748 5497 2934 5560 ritum,
2985 5501 3204 5549 auctore
3234 5494 3395 5554 Chri-

1842 5592 1943 5643 sto,
1979 5586 2532 5638 commonstrantibus
2561 5587 2841 5655 apostolis,
2874 5586 3065 5641 sectati
3097 5595 3225 5642 sunt
3284 5585 3395 5642 Ec-

1840 5672 2019 5725 clesiae
2069 5671 2387 5741 scriptores.
2423 5674 2552 5728 Non’
2569 5676 2730 5731 modo
2759 5678 2901 5731 enim
2933 5678 3014 5730 lex
3051 5683 3207 5732 vetus
3258 5678 3389 5748 legis

1837 5775 1988 5814 novae
2017 5762 2186 5830 ﬁgura
2217 5766 2460 5830 exstitit;
2491 5767 2586 5820 sed
2621 5771 2783 5823 etiam
2809 5783 2896 5824 res
2929 5770 2983 5822 in
3011 5770 3177 5824 veteri
3205 5769 3389 5826 Eccle-

1837 5851 1915 5905 sia
1974 5861 2157 5922 gestze.
2217 5857 2518 5926 imertim
2568 5857 2884 5923 nobiliores,
2915 5861 3128 5928 ,umbra
3183 5860 3382 5915 Christi

1835 5944 2057 6012 ejusque
2085 5943 2473 6015 discipulorum
2508 5956 2680 6009 erant.
2711 5948 2845 6006 Nam
2878 5952 2984 6006 hcc
3020 5951 3194 6006 omnia
3236 5951 3288 6006 in
3313 5951 3380 6024 ﬁ-
