4262 6382
758 503 827 555 '23
1390 499 1691 557 TEUSEBII
1730 502 2205 563 CrESAHIENSlS
2240 505 2393 565 OPP.
2432 499 2613 556 PARS
2650 499 2742 553 Ill.
2782 529 2852 540 —
2890 498 3302 555 EXEGETICA.
3913 508 3989 558 96

759 618 905 687 guris
937 619 1299 688 contingebant
1324 619 1432 673 il'lis
1461 636 1478 672 :
1522 622 1719 689 scripta
1747 633 1868 675 sunt
1902 634 2076 678 autem
2119 626 2188 679 ad
2233 644 2325 679 no-
2357 631 2399 685 Α
2429 629 2515 673 rat
2538 619 2817 673 Eusebius
2842 617 2906 671 ad
2938 618 3199 687 psalmum
3231 615 3802 673 cxvm.'l‘heodoretus
3833 618 3988 683 item,

761 720 929 762 stram
960 709 1372 766 admonitionem
1400 711 1451 781 (Ι
1480 712 1603 767 Cor.
1643 730 1697 775 x.
1727 717 1837 783 Η),
1866 715 2017 771 Unde
2047 715 2328 772 Tertullia-

764 816 869 853 uus
918 799 987 855 de
1022 784 1442 858 fresurrectione
1488 806 1690 868 carnis,
1746 807 1899 859 Talia
1944 808 2176 874 interim,
2230 812 2326 873 ait,

763 891 1064 947 divinarum
1094 895 1283 948 virium
1307 895 1645 958 lineamenta,
1697 914 1797 951 non
1842 900 2013 953 minus
2059 901 2327 968 parabolis

765 993 978 1049 operata
1008 985 1137 1053 Deo,
1161 1002 1317 1054 quam
1354 987 1546 1041 locuto.
1580 986 1721 1042 lnter
1746 990 2035 1059 prophetas
2067 999 2245 1047 autem
2276 1002 2330 1048 et

764 1084 1091 1142 praestantes
1122 1078 1289 1141 viros,
1337 1079 1429 1146 qui
1482 1079 1535 1131 in
1570 1081 1731 1133 veteri
1765 1081 1879 1149 lege
1910 1082 2115 1137 Christi
2144 1093 2327 1154 typum

768 1178 1005 1232 gessere,
1040 1180 1199 1219 nemo
1228 1168 1450 1237 propius
1480 1184 1765 1237 personam
1789 1170 1907 1238 ejus
1937 1172 2142 1234 tetulit,
2169 1188 2355 1243 quam'

771 1254 965 1316 David.
997 1273 1191 1325 genere
1223 1259 1349 1313 item
1402 1262 1780 1331 propinquior.
1826 1262 1995 1331 Cujus
2037 1280 2145 1318 non
2171 1266 2331 1319 modo

769 1355 944 1416 gesta,
990 1349 1083 1402 sed
1131 1351 1297 1404 etiam
1344 1352 1487 1405 dicta
1544 1354 1597 1405 in
1648 1351 1879 1408 Psalmis
1912 1356 2233 1424 praesertim,
2264 1357 2331 1410 ad

769 1440 974 1495 Christi
1006 1457 1292 1511 personam
1338 1442 1748 1513 Ecclesiamque
1801 1446 2096 1515 pertinere,
2148 1448 2331 1503 divino

769 1531 941 1600 ipsius
980 1531 1182 1587 Christi
1210 1549 1304 1587 ore
1327 1532 1638 1590 didicimus.
1666 1534 1759 1590 llle
1794 1551 1925 1589 vero
1953 1553 2147 1592 sensus
2168 1539 2333 1609 ἀλλη-

768 1622 1116 1693 γορούμενος,
1154 1623 1267 1677 sive
1300 1627 1696 1696 mystagogicus
1718 1666 1733 1680 .
1791 1643 1899 1682 non
1934 1644 1963 1681 a
2009 1628 2333 1685 Christianis

769 1714 955 1779 modo,
988 1714 1082 1768 sed
1110 1716 1273 1769 etiam
1311 1731 1340 1769 a
1374 1716 1573 1772 Judreis
1597 1719 1870 1775 adhibitus
1910 1728 1994 1774 est
2042 1739 2053 1773 :
2095 1721 2198 1775 etsi
2232 1722 2329 1783 illi,

775 1812 836 1857 ut
892 1804 1149 1859 obcaecati
1185 1814 1345 1875 atque
1400 1810 1679 1863 sensilium
1734 1826 1914 1865 rerum
1958 1813 2097 1867 mole
2150 1798 2331 1867 obruti

768 1905 946 1959 erant,
980 1898 1161 1950 omnia
1196 1898 1260 1953 ad
1294 1914 1382 1952 res
1408 1902 1790 1968 temporarias,
1839 1903 2078 1965 divitias,
2129 1904 2328 1959 terreni

2430 714 2522 783 qui
2556 715 2876 783 plerumque
2906 712 2971 764 ab
3001 709 3302 764 Eusebiana
3332 711 3771 780 interpretatione
3819 710 3984 767 deﬂe-

2430 806 2549 865 ctit,
2586 820 2695 857 non
2728 818 2851 857 raro
2888 811 3065 856 tamen
3103 803 3191 855 illa
3222 818 3359 871 pene
3405 804 3471 857 ad
3517 802 3742 857 verbum
3791 804 3984 865 utitur,

2431 897 2538 952 etsi
2562 896 2808 950 breviore
2839 903 2897 947 ut
2926 893 3221 963 plurimum
3254 893 3395 963 style
3419 910 3432 946 :
3470 908 3591 946 nam
3618 892 3898 955 Eusebius,
3926 902 3988 972 ut

2428 987 2539 1056 jam
2594 986 2853 1050 diximus,
2895 987 2967 1039 ita
3004 986 3243 1056 prolian
3277 985 3503 1039 subinde
3533 985 3780 1053 periodos
3812 984 3985 1048 ducit,

2433 1078 2523 1131 vix
2550 1085 2607 1131 ut
2637 1078 2830 1132 seriem
2860 1078 3257 1147 deprehendas,
3292 1085 3344 1131 et
3372 1077 3463 1131 ubi
3494 1076 3810 1131 sententiam
3836 1075 3989 1129 elau—

2389 1190 2396 1199 ι
2433 1170 2525 1223 dat
2556 1184 2667 1222 non
2702 1170 2775 1221 ita
2807 1168 2962 1223 facile
2986 1168 3307 1237 comperias.
3343 1167 3539 1220 Asterii
3568 1182 3696 1221 vero
3723 1166 3987 1234 interpre-

2433 1258 2567 1311 tatio
2615 1257 2809 1325 psalmi
2862 1272 2936 1319 Iv,
2996 1272 3159 1326 quam
3213 1256 3603 1310 commentario
3656 1255 3873 1311 Eusebii
3928 1254 3989 1308 in

2434 1348 2683 1403 eumdem
2719 1350 2985 1418 psalmum
3021 1348 3423 1417 subjunximus,
3472 1361 3502 1398 a
3545 1346 3774 1415 quodam
3826 1345 3992 1401 scho-

2432 1440 2592 1495 liaste
2620 1442 2832 1494 invecta
2862 1446 2966 1502 est,
3011 1440 3101 1509 qui
3143 1440 3413 1494 Asterium
3465 1437 3721 1491 Arianum
3755 1452 3877 1493 esse
3904 1438 3991 1491 in-

2433 1532 2601 1595 dicat,
2638 1532 2844 1585 scilicet
2879 1531 3175 1599 sopliistam
3202 1532 3350 1583 illum
3382 1530 3780 1590 circulatorem.
3818 1532 3907 1600 qui
3931 1530 3990 1583 in

2435 1625 2572 1696 ipsis
2601 1624 2896 1678 Arianismi
2936 1622 3177 1679 exordiis
3219 1631 3406 1677 contra
3441 1622 3737 1677 catholicos
3773 1622 3993 1676 antisti-

2432 1728 2517 1774 tes
2548 1719 2838 1773 classicum
2882 1717 3131 1779 canebat,
3182 1725 3237 1770 et
3283 1708 3583 1771 doctrinam
3630 1717 3697 1771 de
3730 1716 3862 1771 Filio
3896 1718 3991 1772 Dei

2435 1809 2746 1879 spargebat,
2801 1808 2883 1864 vel
2930 1808 3047 1877 ipsa
3080 1807 3331 1861 Arianica
3367 1807 3706 1861 deteriorem.
3761 1805 3837 1859 Ex
3876 1813 3992 1863 hoc

2435 1909 2613 1956 autem
2639 1899 2934 1970 specimine
2957 1899 3350 1970 deprehendas,
3383 1900 3653 1954 Asterium
3684 1899 3879 1969 partim
3910 1899 3995 1953 lit-

770 1984 925 2051 regni
957 1983 1325 2053 latitudinem,
1357 1966 1568 2041 Messit'e
1613 1988 1697 2041 sui
1746 1990 2053 2058 imperium,
2104 1991 2331 2047 reduce-
2362 1966 2405 2021 Β
2435 1966 2686 2052 teralem;
2720 1990 2918 2061 partim
2954 1966 3380 2061 mystagogicum
3432 1966 3822 2059 interpretandi
3871 2005 3995 2045 mo-

768 2082 892 2127 rent
924 2091 943 2128 :
968 2090 1076 2143 qua
1108 2076 1162 2129 in
1210 2092 1270 2131 re
1312 2091 1339 2131 a
1366 2076 1517 2146 justa
1548 2080 1817 2151 allegoriae
1847 2084 2055 2137 ratione
2098 2083 2333 2139 immane

768 2171 1034 2233 quantum
1067 2168 1411 2224 aberrabant.
1451 2170 1723 2241 Allegoria
1757 2177 1976 2245 quippe,
2017 2173 2209 2245 figura,
2246 2184 2329 2245 ty-

772 2272 877 2325 pus
902 2264 956 2312 ct
988 2260 1197 2324 umbra,
1226 2262 1378 2330 signa
1408 2270 1534 2318 sunt
1558 2280 1736 2319 rerum
1771 2282 1879 2321 non
1902 2267 2214 2322 earumdem
2248 2277 2331 2321 at-

768 2365 874 2417 que
909 2349 1011 2404 illa:
1051 2367 1170 2421 qum
1214 2354 1487 2423 allegoriae
1539 2366 1593 2411 et
1640 2358 1751 2427 typi
1784 2374 1983 2413 munus
2026 2367 2325 2427 praestant:

770 2440 973 2495 etenim
1025 2446 1107 2497 vel
1158 2445 1274 2514 ipsa
1324 2447 1594 2517 allegoriae
1638 2464 1761 2515 vox,
1795 2451 1946 2520 signa
1990 2450 2326 2519 hujusmodi.

768 2545 887 2585 rem
915 2532 1075 2586 aliam
1106 2534 1262 2601 longe
1290 2536 1583 2599 diversam,
1616 2538 1888 2609 disparem
1926 2547 1979 2595 et
2024 2540 2327 2611 digniorem

770 2623 1083 2693 significare
1135 2628 1463 2683 subindicat.
1507 2629 1674 2685 Multo
1702 2633 1869 2702 igitur
1891 2637 2237 2705 praestantior
2274 2644 2329 2691 et

766 2714 947 2769 verior
989 2716 1081 2771 illa
1136 2718 1573 2777 Christianorum
1626 2724 2019 2794 interpretatio,
2079 2742 2187 2797 qua
2238 2743 2327 2782 res

763 2820 1057 2876 eorporeas
1105 2819 1159 2864 et
1190 2812 1498 2877 sensibiles,
1553 2814 1619 2869 ad
1656 2816 2020 2887 intelligibiles
2052 2833 2115 2872 ac
2162 2819 2327 2874 cccle-

764 2906 896 2960 stes,
932 2900 1188 2956 incolumi
1216 2912 1393 2959 tamen
1420 2906 1610 2960 littera:
1631 2922 1815 2969 sensu,
1846 2907 2110 2963 referunt.

837 2988 949 3045 Hoc
977 3008 1106 3064 ergo
1140 3010 1315 3065 genus
1347 2996 1743 3067 interpretandi
1775 3015 1983 3055 summe
2001 3009 2085 3056 est
2117 3002 2185 3056 ab
2214 3002 2324 3055 Eu-

762 3080 917 3135 sebio
942 3081 1364 3153 frequentatum.
1405 3084 1540 3140 Illud
1575 3096 1753 3142 autem
1784 3088 2095 3157 hujusmodi
2128 3097 2233 3155 est,
2264 3099 2326 3146 ut

762 3172 942 3226 sicubi
982 3174 1191 3230 inimici
1232 3176 1579 3247 insurgentes
1607 3190 1660 3233 et
1708 3181 2102 3237 tumultuantes
2144 3182 2325 3252 expri-

768 3270 1011 3328 mantur,
1044 3267 1187 3334 quod
1230 3268 1286 3322 in
1329 3269 1555 3337 psalmis
1589 3268 2031 3339 frequentissime
2059 3273 2322 3336 occurrit,

2433 2099 2546 2139 rem
2578 2090 2843 2139 sectatum
2880 2100 2892 2135 :
2928 2096 3029 2136 nec
3077 2082 3145 2136 iis
3196 2082 3394 2151 ingenii
3428 2080 3794 2151 doctrinaeque
3821 2083 3994 2152 parti-

2434 2170 2536 2225 bus
2572 2171 2920 2233 instructum,
2953 2186 3074 2239 quae
3105 2170 3335 2225 fuissent
3365 2170 3433 2224 ad
3466 2177 3674 2225 tantum
3704 2186 3840 2241 opus
3866 2188 3995 2243 per-

2435 2262 2722 2317 ﬁciendum
2754 2263 2911 2317 satis.
2967 2261 3298 2317 Scholiastes
3332 2278 3496 2332 porro
3542 2263 3631 2317 ille
3682 2278 3789 2317 non
3829 2266 3992 2319 Aste-

2430 2357 2569 2409 rium
2615 2353 2778 2409 modo
2826 2355 3076 2410 Arianica
3123 2354 3242 2409 labe
3289 2369 3567 2420 aspersum
3616 2354 3851 2414 indicat.
3893 2358 3992 2411 sed

2431 2448 2595 2502 etiam
2624 2445 2940 2507 Eusebium,
2985 2446 3159 2501 sicubi
3208 2444 3277 2501 ad
3329 2445 3696 2520 Arianismum
3727 2444 3989 2511 deﬂectit,

2433 2534 2492 2591 ut
2519 2537 2780 2590 Arianum
2810 2522 3067 2601 traduci:,
3102 2546 3159 2591 ut
3193 2552 3292 2592 suo
3314 2537 3434 2591 loco
3457 2536 3659 2591 videas.

2428 2650 2509 2699 Vl.
2528 2647 2765 2709 .Antiquis
2802 2648 3156 2712 interpretibus
3180 2649 3467 2758 frequenter
3498 2648 3668 2697 utitur.
3688 2646 3806 2697 LXX
3833 2647 3991 2697 inter-

3111 2723 3197 2758 nre
3222 2723 3294 2758 es.

3110 2723 3294 2772 pretes.

2498 2814 2643 2869 Nihil
2694 2825 2872 2871 autem
2928 2815 3015 2870 his
3060 2816 3115 2869 in
3166 2816 3571 2871 commentariis
3622 2816 3989 2884 przestantius,

2431 2907 2564 2962 nihil
2602 2908 2893 2978 pretiosius
2944 2906 3387 2978 frequentissimo
3421 2908 3513 2962 illo
3548 2914 3788 2962 veterum
3820 2908 3991 2961 inter—

2432 3008 2643 3070 pretum
2679 3016 2805 3058 usu.
2834 3000 3049 3056 Atenim
3083 3000 3256 3055 multo
3286 2998 3439 3068 plura
3467 3016 3533 3054 ex
3561 3000 3778 3069 Aquila,
3808 2996 3993 3053 Theo-

2428 3093 2649 3148 dotione
2704 3100 2757 3147 et
2800 3088 3128 3162 Symmacho
3178 3092 3332 3148 affert
3384 3092 3673 3155 Eusebius,
3724 3107 3885 3160 quam
3935 3091 3993 3144 in

2433 3182 2615 3252 Drusii
2666 3184 2753 3238 vel
2797 3181 2997 3237 Nobilii
3047 3182 3459 3239 collectionibus
3501 3198 3729 3252 usquam
3772 3196 3993 3252 compa-

2433 3283 2609 3338 reant,
2642 3274 2715 3327 ita
2746 3280 2805 3326 ut
2838 3273 2958 3342 ejus
2986 3273 3314 3328 adminiculo
3344 3288 3450 3327 non
3491 3288 3615 3328 raro
3640 3275 3879 3345 psalmos
3910 3276 3995 3329 in-

762 3350 819 3405 id
848 3354 932 3407 vel
957 3353 1022 3408 ad
1044 3353 1261 3412 Iudaeos
1293 3367 1485 3412 contra
1516 3358 1794 3415 Christum
1828 3361 2121 3417 frementes
2144 3371 2198 3417 et
2217 3377 2331 3417 ma-
2356 3348 2401 3408 (ἶ
2434 3374 2639 3437 tegros,
2670 3384 2736 3421 ex
2778 3367 3090 3439 Symmachi
3123 3367 3357 3421 maxime
3383 3367 3655 3429 versione,
3692 3376 3996 3424 restaurare

766 3441 1055 3500 chinantes
1075 3487 1088 3509 ,
1119 3448 1202 3499 vel
1226 3446 1293 3500 ad
1315 3446 1614 3503 Ecclesiam
1645 3452 1713 3505 ab
1743 3451 2014 3517 hostibus,
2055 3453 2264 3508 scilicet
2297 3466 2327 3505 a

771 3534 1115 3606 principibus
1142 3536 1308 3606 hujus
1334 3540 1539 3601 saeculi,
1593 3550 1685 3594 aut
1724 3555 1754 3593 a
1786 3540 2125 3597 daemonibus
2158 3557 2331 3611 oppu-
2385 3554 2391 3561 ‘

770 3632 1010 3693 gnatam.
1041 3627 1124 3680 vel
1153 3627 1221 3680 ad
1266 3627 1475 3682 fidelem
1524 3632 1756 3684 animam
1789 3640 2036 3686 vexatam
2071 3648 2099 3686 a
2130 3634 2331 3701 spiriti-

771 3715 864 3768 bus
890 3715 1203 3783 immundis,
1240 3720 1504 3774 referatur
1544 3740 1556 3775 :
1593 3722 1638 3776 si
1673 3723 1793 3777 laeta
1823 3730 1877 3778 et
1922 3724 2163 3793 jucunda
2202 3722 2332 3779 eﬂ‘e—

769 3815 983 3869 rantur,
1032 3810 1240 3864 cmlesti
1284 3808 1670 3883 Jerosolymae,
1722 3815 1837 3869 sive
1888 3814 2182 3879 Ecclesiae,
2234 3831 2331 3870 seu

769 3896 1067 3953 Christiani
1096 3901 1386 3969 cujuslibet
1412 3905 1628 3971 animae,
1652 3912 1826 3959 totum
1858 3906 2199 3961 adscribatur
2232 3925 2244 3960 :
2285 3906 2331 3960 si

774 3987 998 4041 ﬂumina
1045 3991 1365 4045 inundantia
1397 4004 1788 4059 memorentur,
1837 3996 1890 4049 id
1930 3996 1997 4051 de
2039 3995 2331 4052 conﬂuenti

767 4079 835 4132 ad
884 4077 1085 4133 Christi
1140 4080 1441 4135 doctrinam
1487 4086 1725 4154 gentium
1753 4084 2100 4139 multitudine
2131 4086 2332 4141 intelli-

770 4180 948 4240 gatur.
979 4171 1151 4237 Quam
1179 4173 1503 4242 explanandi
1539 4176 1704 4239 viam,
1728 4191 1839 4230 non
1860 4174 2127 4233 Eusebius
2148 4179 2328 4242 modo.

768 4262 864 4315 sed
907 4262 1072 4317 etiam
1108 4261 1429 4319 Theodorus
1478 4261 1843 4329 Heracleotes,
1884 4264 2328 4338 Cbrysostomus.
2362 4305 2374 4320 .

769 4352 1148 4410 Theodoretus
1193 4362 1249 4409 et
1296 4355 1387 4409 alii
1420 4354 1665 4425 plerique
1698 4356 1897 4430 sectati.
1940 4362 2089 4420 sunt,
2136 4371 2243 4425 qua
2275 4357 2337 4429 in

768 4450 926 4513 parte
972 4444 1020 4499 si
1069 4459 1238 4501 unum
1290 4446 1465 4509 noris.
1510 4459 1701 4499 omnes
1731 4444 1900 4501 noris.
1931 4444 2118 4515 Neque
2150 4456 2331 4501 tamen

770 4534 925 4588 inter
984 4536 1383 4608 mystagogieas
1455 4535 1933 4605 interpretationes
1986 4539 2334 4603 accensendaa

768 4622 898 4687 ιιιεε,
925 4639 1047 4694 qua:
1078 4623 1315 4680 litteram
1342 4626 1516 4697 ipsam
1538 4626 1607 4681 ad
1634 4642 1801 4689 unum
1828 4625 2103 4682 Christum
2138 4628 2329 4683 referri

2436 3457 2620 3511 liceat.
2671 3458 2797 3514 illas
2845 3474 3010 3528 porro
3047 3458 3328 3513 versiones
3382 3456 3544 3511 modo
3574 3456 3641 3510 ad
3685 3457 3992 3523 litteralem,

2436 3549 2598 3603 modo
2650 3550 2715 3605 ad
2776 3551 3196 3621 mystagogicam
3261 3550 3611 3605 asserendam
3670 3552 3992 3606 sententiam

2439 3648 2664 3710 usurpat
2697 3661 2709 3695 :
2744 3658 3131 3713 nonnunquam
3163 3642 3228 3696 ad
3270 3641 3454 3696 decem
3485 3657 3676 3697 versus
3710 3656 3817 3697 una
3855 3644 4000 3698 serie

2434 3730 2589 3787 affert
2624 3753 2635 3786 :
2671 3734 3147 3804 expositionesque
3190 3748 3376 3807 eorum
3434 3729 3787 3804 Septuaginta
3823 3733 3995 3789 Inter-

2436 3828 2647 3890 pretum
2680 3824 2922 3877 versioni
2977 3821 3385 3891 anteponendas
3438 3822 3635 3875 asserit
3657 3821 3799 3876 haud
3826 3821 3996 3877 infre-

2436 3920 2683 3981 quenter.
2712 3914 2963 3983 Aquilam
2994 3912 3275 3967 Hebraicze
3300 3913 3491 3967 littera!
3515 3912 3998 3977 servientem,bsu-

2436 4004 2657 4059 λεύοντα
2677 4008 2743 4076 τῇ
2789 4004 3050 4076 Ἐϐραῖκῇ
3082 4005 3245 4072 λέξει,
3278 4004 3365 4060 hic
3388 4014 3441 4061 et
3466 4006 3521 4061 in
3565 4005 3855 4075 evangelica
3893 4004 3996 4058 De-

2437 4096 2814 4150 monstratione
2846 4098 3031 4153 multis
3061 4099 3114 4153 in
3146 4099 3282 4154 locis
3317 4106 3619 4168 nuncupat.
3655 4096 3706 4153 Is
3740 4098 3995 4153 nimirum

2438 4191 2512 4241 ita
2560 4188 2749 4243 littera:
2793 4188 2971 4253 haesit,
3005 4197 3065 4243 ut
3096 4190 3224 4244 dum
3268 4191 3432 4246 verba
3477 4192 3745 4255 redderet,
3779 4196 3991 4245 senten-

2440 4270 2571 4333 tiam
2606 4294 2713 4334 non
2746 4280 2818 4333 ita
2850 4281 3143 4335 curaverit.
3179 4279 3562 4351 Symmachum
3608 4297 3746 4351 saepe
3776 4278 3994 4333 mirabi-

2438 4367 2541 4421 lem
2558 4368 2688 4422 dicit
2718 4367 3089 4438 interpretem,
3110 4369 3338 4438 ejusque
3361 4369 3610 4425 versione
3634 4371 3805 4423 utitur
3828 4370 3995 4424 liben-

2437 4458 2568 4518 tius,
2598 4455 2937 4525 frequentius
2969 4465 3023 4511 et
3050 4458 3346 4525 copiosius.
3381 4458 3585 4514 Ambos
3615 4466 3795 4513 tamen
3831 4458 3907 4512 ait
3937 4457 3990 4511 in

2438 4549 2664 4617 gratiam
2693 4546 3007 4603 Iudaeorum
3055 4550 3368 4620 prOpbetias
3389 4551 3456 4606 de
3484 4552 3703 4607 Christo
3742 4550 3901 4603 aliam
3937 4550 3994 4605 is

2438 4640 2761 4695 sententiam
2818 4640 3095 4695 derivasse
3163 4660 3175 4694 :
3251 4642 3697 4713 Ἰουδαῖκώτερον,
3745 4643 3826 4696 sic
3884 4641 3996 4705 ille,

767 4726 873 4767 nec
924 4712 1316 4783 infrequenter'
1342 4716 1731 4783 comprobant;
1772 4722 1833 4770 ut
1863 4716 2095 4786 exempli
2139 4732 2327 4782 causa,
2362 4714 2382 4767 1

2389 4716 2408 4766 ⁵
2451 4728 2679 4793 Ἀκύλας
2710 4732 2807 4784 καὶ
2836 4731 3125 4804 Σύμμαχος
3154 4733 3250 4805 τὴν
3299 4712 3593 4806 ὲρμηνείαύ
3638 4732 3992 4795 excedet-4am,

768 4816 896 4856 cum
919 4797 1185 4859 Eusebius
1226 4804 1494 4877 psalmum
1526 4821 1659 4869 xvu,
1690 4807 1854 4873 Deus,
1886 4806 2027 4861 Deus
2055 4824 2222 4873 meus,
2250 4825 2333 4862 re-

768 4894 912 4961 spice
936 4893 989 4945 in
1022 4909 1125 4957 me,
1160 4894 1215 4949 in
1259 4906 1369 4948 uno
1400 4894 1927 4964 Christoimpletum
1958 4911 2079 4951 esse
2106 4910 2328 4951 asseve-

768 4990 856 5037 rat
888 5002 907 5039 :,
936 4983 993 5038 in
1025 4983 1129 5037 hoc
1156 4987 1301 5039 enim
1327 4992 1381 5040 et
1407 4985 1464 5039 in
1485 4984 1780 5051 similibus,
1830 4994 1888 5040 ut
1929 5002 2088 5042 nemo
2110 5001 2219 5040 non
2253 4986 2333 5038 fa-

767 5084 1199 5143 teaturhsensus
1222 5078 1337 5145 ipse
1358 5076 1610 5131 litteralis
1637 5074 1916 5131 Christum
1938 5077 2179 5147 respicit.
2206 5074 2332 5131 Haec

768 5168 837 5223 de
869 5166 1261 5238 interpretandi
1292 5168 1401 5222 ritu
1426 5166 1570 5221 dicta
1600 5176 1784 5223 sunto.

896 5273 956 5326 ν.
986 5274 1229 5326 Eusebius
1248 5274 1515 5339 Origenem
1540 5278 1784 5339 sequitur,
1811 5275 1896 5327 alii
1926 5277 2207 5329 Eusebium.

839 5354 1107 5411 Caeterum
1158 5355 1430 5413 Eusebius
1480 5358 1727 5429 Origenis
1774 5360 2143 5430 expositiones
2189 5359 2333 5415 haud

773 5450 1004 5505 obscure
1057 5458 1320 5516 sectatur,
1358 5458 1470 5505 tam
1507 5452 1651 5521 quod
1700 5451 1767 5505 ad
1801 5452 1972 5521 ipsam
2004 5451 2329 5522 explanandi

772 5542 1059 5607 rationem,
1108 5558 1270 5613 quam
1317 5545 1467 5613 quod
1505 5544 1573 5599 ad
1601 5544 1886 5599 verborum
1921 5542 2155 5611 seriem;
2187 5554 2245 5598 ut
2276 5548 2333 5599 in

772 5633 1161 5701 manuscriptis
1212 5642 1266 5690 et
1315 5634 1478 5689 editis
1528 5636 1737 5690 catenis
1792 5633 1972 5688 videre
2011 5642 2091 5688 est
2140 5653 2153 5687 :
2205 5649 2331 5688 nam

774 5726 1201 5781 commentarios
1233 5726 1487 5797 Origenis
1512 5726 1703 5797 plenos
1736 5708 2081 5797 integrosque
2120 5725 2331 5795 jamdiu

774 5813 1057 5879 amisimus
1089 5834 1101 5869 :
1137 5816 1256 5885 ejus
1290 5833 1452 5888 porro
1476 5819 1894 5876 commentarios
1927 5817 2091 5873 semel
2131 5830 2331 5874 meum.

842 5929 916 5989 (α)
938 5914 1067 5993 ἴδη.
1086 5927 1213 5986 510.

2438 4818 2491 4871 id
2516 4827 2618 4881 est,
2650 4818 2811 4873 Modo
2853 4821 2920 4872 ad
2961 4819 3246 4875 Iudaicam
3274 4822 3565 4873 doctrinam
3603 4820 3815 4889 propius
3846 4836 3994 4874 acce-

2437 4907 2607 4973 dente,
2642 4898 2915 4980 Aquilaet
2948 4910 3293 4980 Symmachus
3334 4910 3661 4977 interpretati
3687 4920 3829 4965 sunt.
3861 4908 3996 4963 Nam

2439 4997 2493 5051 in
2527 4998 2984 5055 Demonstrationc
3027 4995 3323 5071 evangelica
3353 5000 3429 5070 (α)
3472 4999 3544 5053 ait
3578 5009 3866 5068 utrumque
3893 4998 3990 5055 Ju-

2438 5090 2613 5145 dmum
2648 5098 2741 5146 aut
2778 5091 3185 5147 semi-Judaeum
3208 5090 3395 5145 fuisse.
3416 5089 3836 5145 Theodotionem
3869 5108 3993 5146 cum

2440 5181 2601 5237 laude
2649 5192 2948 5248 memorat,
3006 5191 3059 5237 et
3118 5189 3430 5235 accuratum
3488 5183 3837 5251 interpretem
3897 5182 3991 5238 ait.

2441 5270 2640 5337 Quinta
2673 5272 2853 5326 minus
2877 5271 3209 5340 frequenter,
3242 5266 3402 5323 Sexta
3431 5284 3559 5323 vero
3599 5270 3878 5325 rarissime
3910 5272 3997 5325 in-

2440 5358 2917 5430 terpretationibus
2971 5360 3163 5416 utitur.
3197 5356 3366 5415 Notas
3409 5358 3463 5413 in
3512 5358 3825 5429 hujusmodi
3871 5376 3995 5413 ver-

2441 5452 2622 5508 siOnes
2653 5467 2805 5507 raras
2828 5460 2883 5507 et
2907 5451 3259 5506 brevissimas
3280 5452 3527 5506 dedimus
3555 5471 3566 5505 :
3599 5438 3725 5522 quia
3749 5467 3780 5505 a
3810 5451 3994 5505 multis

2433 5544 2545 5613 jam
2596 5543 2755 5598 annis
2805 5542 2873 5595 ad
2919 5540 3279 5611 Hexaplorum
3335 5550 3586 5611 excerpta
3613 5557 3679 5597 ex
3709 5522 3994 5597 codicibus

2437 5650 2561 5690 cum
2616 5633 2777 5690 editis
2825 5640 2940 5687 tum
2996 5635 3383 5704 manuscriptis
3423 5631 3725 5700 colligenda
3751 5631 3990 5687 animum

2438 5724 2621 5795 appuli
2670 5743 2685 5779 :
2734 5722 2986 5795 quodque
3043 5723 3209 5779 habui
3271 5724 3480 5779 caeteris
3526 5738 3647 5792 qua:
3690 5722 3983 5778 tractabam

2440 5816 2561 5882 otii,
2598 5817 2727 5873 huic
2760 5817 3053 5878 provincia
3103 5816 3413 5899 consecravi
3452 5835 3465 5870 :
3502 5824 3549 5869 et
3582 5814 3689 5884 jam
3720 5824 3869 5871 tanta
3894 5829 3993 5874 eoo
