4262 6398
291 526 365 583 es
1074 520 1580 578 counmrama
1622 519 1686 573 lN
1722 488 2056 573 rsannos.
2091 547 2159 557 —
2190 511 2732 569 pamuumma.
2992 546 2995 550 -
3463 509 3562 566 se.

291 661 411 702 rum
445 656 689 699 accessno
718 636 860 696 facta
890 648 994 705 est,
1022 648 1082 693 ut
1106 638 1413 710 quadruplo
1465 640 1655 693 saltem
1706 638 1861 707 plura
1892 643 1935 697 Α

1928 680 1935 695 _
1964 631 2137 704 θρασὺ
2167 632 2260 685 καὶ
2291 628 2577 702 προπετές,
2604 626 2834 679 arbitror
2868 624 3001 680 illud
3033 641 3162 681 esse.
3193 625 3535 693 pronuntiare
3581 630 3586 635 '

291 750 461 806 penes
484 750 586 789 nos
615 734 931 792 habeamus‘,
958 726 1121 802 quam
1146 731 1398 787 Nobilius
1422 740 1476 783 et
1502 728 1862 782 Drusiusedi-

292 826 493 883 derint.
549 824 647 881 His
694 824 1002 894 propediem
1056 831 1382 893 postremam
1419 821 1707 875 admovere
1743 836 1859 874 ma-

294 931 444 978 num,
464 931 637 985 eaque
658 914 932 984 publicare
964 916 1177 970 animus
1206 914 1508 980 est.Quare
1540 927 1567 964 a
1600 912 1861 980 prolixio-

292 1006 446 1062 ribus
492 1006 547 1061 in
597 1014 808 1083 veteres
866 1006 1189 1075 interpretes
1225 1008 1371 1059 notis
1402 1003 1654 1059 consulto
1692 1002 1861 1057 absti-

291 1100 536 1161 nuimus,
554 1114 629 1153 ne
656 1098 758 1153 sub
795 1097 910 1152 haec
939 1109 1118 1153 actum
1156 1111 1313 1167 agere
1342 1110 1681 1164 cogeremur.

362 1190 450 1245 Ait
481 1189 746 1245 Eusebius
778 1189 1126 1260 Septuaginta
1168 1186 1494 1257 lnterpretes
1532 1201 1655 1240 cum
1677 1185 1857 1241 Ptole-

293 1284 412 1339 mari
429 1282 763 1352 Philadelphi
791 1290 1033 1352 tempore
1064 1278 1337 1336 vertendis
1368 1278 1663 1347 Scriptura:
1692 1292 1859 1329 sacrae

294 1374 448 1430 libris
478 1364 698 1444 operam
731 1374 945 1438 darent,
971 1375 1088 1427 loca
1139 1371 1407 1440 quaedam,
1445 1374 1601 1440 queis
1655 1368 1857 1423 Christi

293 1475 447 1521 ortus
497 1466 736 1536 apertius
788 1463 1267 1537 prmnuntiaretur,
1314 1477 1381 1515 ne
1423 1462 1475 1514 in
1522 1459 1855 1521 Graecorum,

292 1559 491 1627 quibus
520 1558 701 1612 versio
734 1558 1045 1627 parabatur,
1080 1553 1327 1608 notitiam
1355 1552 1624 1613 venirent,
1660 1551 1856 1605 obseu-
1916 1602 1919 1605 ,

291 1665 408 1704 rtus
437 1651 819 1719 interpretatos
874 1663 1014 1703 esse.
1053 1645 1169 1712 Qua
1211 1648 1277 1699 de
1311 1660 1367 1698 re
1404 1634 1685 1697 adeundus
1720 1643 1850 1710 ipse.

290 1758 414 1797 cum
454 1743 647 1813 psalmi
690 1754 911 1803 Lxxxvt,
953 1738 1321 1793 Fundamenta
1366 1736 1479 1805 ejus
1512 1737 1565 1787 in
1595 1733 1855 1787 montibus

290 1838 507 1899 sanctis,
541 1834 933 1905 expositionem
976 1834 1107 1888 edit.
1142 1831 1248 1885 Nec
1280 1831 1495 1885 silentio
1525 1826 1854 1881 mittendum

287 1910 395 1994 est,
420 1926 711 1982 Eusebium
738 1942 977 1997 persaepe
1003 1925 1299 1996 Scriptura:
1333 1939 1498 1979 sacrm
1524 1923 1641 1976 loca
1668 1922 1855 1982 secus,"

288 2035 450 2089 quam
481 2018 536 2072 in
567 2018 966 2088 exemplaribus
1002 2017 1280 2081 hodiernis
1339 2017 1611 2085 leguntur,
1640 2012 1851 2077 aﬂ‘erre,

284 2109 485 2180 partim
545 2109 691 2180 quod
750 2110 1077 2180 exemplaria
1138 2126 1235 2179 sua
1293 2110 1497 2161 variam
1556 2106 1844 2158 lectionem

290 2199 627 2269 praeferrent,
670 2200 867 2268 partim
933 2199 1076 2269 quod
1135 2199 1224 2252 ille
1286 2210 1672 2265 nonnunquam
1728 2193 1849 2273 sine

288 2290 486 2361 praevia
544 2288 845 2345 monitione
896 2290 1128 2345 aliorum
1184 2289 1533 2357 interpretum
1586 2286 1846 2342 lectiones

290 2379 585 2436 admisceat
621 2398 637 2435 :
672 2380 868 2450 partim
902 2381 1063 2435 etiam
1097 2379 1239 2449 quod
1284 2378 1600 2448 plerumque
1644 2392 1847 2432 memo-

290 2474 422 2528 riter
454 2472 860 2541 Scripturarum
893 2473 1033 2527 dicta
1066 2472 1332 2537 enuntiet,
1366 2486 1429 2527 ac
1468 2487 1764 2543 synonyma
1795 2479 1846 2526 et

289 2570 543 2619 extranea
578 2564 743 2619 verba
776 2564 1084 2619 interserat.

903 2672 1130 2728 CAPUT
1172 2672 1237 2729 ν.

448 2784 515 2824 ιε
544 2783 711 2824 δεῦσε
742 2781 1047 2822 DOCTRINAM
1081 2782 1471 2825 SPECTANTIBUS
1505 2782 1557 2822 IN
1588 2783 1685 2824 30C

872 2852 1270 2893 COIIMENTARIO.
1491 2872 1496 2877 -

299 2948 346 3009 Ῐ.
373 2951 439 3005 In
472 2949 821 3018 scriptoribus;
843 2954 1011 3005 sacris
1042 2966 1104 3005 ne
1140 2950 1409 3003 minimum
1446 2949 1627 3018 vitium
1658 2947 1850 3001 admit-

364 3022 427 3074 tit
452 3016 729 3088 Eusebius.
757 3016 842 3077 ΙΙ.
870 3020 1185 3074 Sanctorum
1212 3019 1397 3088 merita
1431 3017 1577 3071 nobis
1607 3018 1851 3088 prodesse

360 3098 529 3150 putat.
568 3087 685 3143 Ill.
728 3090 915 3143 Veram
950 3089 1149 3145 Christi
1174 3090 1227 3141 in
1255 3086 1851 3157 Eucharistia'prarsen-

360 3161 491 3214 tiam
512 3160 769 3214 declarat.
802 3158 901 3215 IV.
930 3159 1070 3225 Quid
1099 3160 1163 3212 de
1196 3158 1356 3211 libero
1387 3158 1607 3212 arbitrio
1639 3160 1847 3212 sentiat.

371 3228 435 3284 ν.
470 3230 712 3284 Gratiam
750 3230 1118 3299 indiﬂrrentiaa
1149 3228 1217 3282 ad
1249 3227 1573 3289 utrumlibet,
1607 3245 1697 3282 seu
1739 3229 1852 3282 ver-

360 3302 591 3383 sutilem,
613 3300 787 3383 docet.
806 3298 899 3354 Vl.
936 3299 1006 3354 Et
1039 3299 1549 3368 prwdestinationem
1575 3307 1689 3368 post
1713 3313 1852 3368 pra:-

358 3380 472 3425 visa
492 3380 701 3425 merita.

359 3479 516 3538 Haud
573 3462 844 3552 ingratum
894 3482 1085 3537 lectori
1141 3482 1256 3537 fore
1300 3496 1604 3552 speramus,
1654 3482 1699 3538 si
1733 3498 1854 3561 quae

294 3574 527 3645 sparsim
550 3574 830 3647 variisque
863 3574 916 3626 in
950 3573 1109 3633 locis,
1137 3588 1249 3642 quo
1300 3572 1412 3629 fors
1456 3574 1601 3639 tulit,
1634 3575 1854 3630 inducta

293 3676 421 3720 sunt
467 3663 731 3719 doctrina:
776 3663 976 3732 capita,
1023 3662 1112 3716 hic
1164 3664 1221 3716 in
1270 3679 1438 3717 unum
1486 3665 1713 3720 collecta
1751 3666 1854 3736 ipsi

293 3754 607 3817 offeramus,
637 3768 761 3808 cum
801 3753 867 3807 ad
901 3768 1119 3807 manum
1149 3753 1308 3808 nobis
1338 3754 1410 3808 sit
1441 3770 1527 3819 ea,
1560 3772 1681 3827 qua:
1716 3759 1856 3813 assi-

293 3840 402 3895 dua
448 3841 769 3902 tractatione
814 3840 941 3897 hinc
976 3839 1102 3897 inde
1127 3841 1520 3917 decerpsimus,
1551 3860 1660 3899 una
1705 3860 1856 3899 com-

293 3931 486 4002 plecti;
530 3939 591 3987 ut
635 3931 822 3987 labore
870 3933 1127 3987 diuturno
1165 3940 1319 4003 parta
1366 3933 1623 3990 harumce
1672 3950 1852 3989 rerum

295 4023 506 4088 notitia,
574 4022 805 4079 eruditis
872 4024 1097 4095 ingratae
1159 4023 1570 4094 perquisitionis
1633 4024 1852 4079 ttedium

293 4111 453 4169 iii-st.

346 4219 391 4274 Ῐ.
414 4220 471 4273 In
493 4222 815 4295 scriptoribus
838 4223 991 4335 δοριξ
1022 4225 1356 4335 ngbminimum
1384 4226 1552 4293 vitium
1584 4226 1796 4277 admittit

996 4302 1052 4335 us
1138 4302 1209 4335 us.

996 4301 1209 4336 υςροιιις.

367 4389 629 4446 Estimat
658 4388 925 4446 Eusebius
972 4407 1083 4447 non
1132 4393 1251 4449 sine
1280 4392 1528 4465 audacia
1559 4394 1614 4447 et
1638 4392 1855 4449 temeri-

296 4490 409 4536 tate
437 4480 589 4534 credi
620 4493 801 4550 posse,
845 4481 1141 4552 scriptores
1182 4483 1324 4551 illos,
1358 4484 1451 4555 qui
1482 4482 1698 4539 atllante
1745 4482 1857 4537 Nu-

295 4574 439 4627 mine
490 4571 705 4628 divinas
754 4573 913 4629 nobis
966 4573 1177 4631 litteras
1201 4575 1650 4638 transmiserunt,
1683 4575 1765 4630 vel
1799 4574 1857 4628 in

296 4661 536 4717 minimis
573 4677 819 4729 errasse;
856 4664 929 4717 ita
967 4672 1027 4717 ut
1055 4665 1217 4719 etiam
1251 4680 1449 4721 nomen
1482 4680 1585 4734 pro
1626 4665 1732 4719 alio
1768 4664 1850 4719 vel

293 4770 358 4808 ex
388 4751 758 4822 imprudentia
783 4753 867 4808 vel
896 4770 958 4809 ex
989 4754 1339 4826 incogitantia
1366 4746 1766 4813 substituerint.
1794 4755 1852 4810 id

295 4845 493 4902 diserte
541 4844 639 4907 ait,
688 4846 1292 4917 explanando'titulum
1336 4849 1531 4920 psalmi
1569 4864 1766 4917 xxxiii,
1798 4849 1853 4902 in

293 4951 403 5008 quo
441 4934 643 4999 dicitur
670 4936 987 4993 immutasse
1030 4936 1199 4994 David
1245 4941 1452 4995 vultum
1482 4954 1639 4995 suum
1669 4954 1852 4994 coram

294 5025 605 5083 Abimelech
662 5046 675 5081 :
730 5028 822 5082 ubi
839 5029 1181 5087 Achimeiech
1232 5031 1543 5101 legendum,
1591 5038 1754 5101 atque
1796 5032 1853 5086 in

291 5116 715 5189 exemplaribus,
744 5119 857 5171 beta
919 5135 975 5174 in
1031 5116 1158 5185 capti
1205 5128 1471 5175 mutatum
1507 5120 1675 5176 fuisse
1701 5127 1856 5191 putat

293 5205 606 5266 Eusebius:
638 5208 782 5279 quod
832 5224 963 5265 sane
1012 5210 1084 5264 ob
1132 5210 1430 5265 litterarum
1466 5208 1582 5267 bth
1629 5218 1683 5265 et
1712 5214 1844 5285 cap'i

280 5298 435 5358 jnter
457 5315 517 5355 se
548 5298 857 5362 aﬂlnitatem
880 5300 1137 5369 perfacile
1160 5300 1279 5355 fuit.
1307 5300 1443 5355 Tum
1470 5301 1634 5355 allata
1662 5316 1851 5357 eorum

294 5391 565 5445 sententia
590 5392 683 5462 qui
710 5392 975 5456 dicerent,
1008 5388 1349 5447 Achimelech
1378 5408 1475 5462 pro
1510 5392 1676 5450 Aeliis
1707 5395 1855 5466 posi-
1947 5462 1953 5468 _

295 5492 405 5537 tum
453 5480 643 5547 fuisse,
675 5483 857 5551 ibique
883 5484 968 5552 agi
997 5482 1065 5539 de
1092 5482 1407 5539 Davidis'in
1450 5482 1585 5540 Geth
1615 5486 1854 5556 peregri-

294 5574 536 5635 natione,
567 5571 660 5626 ubi
688 5585 813 5655 cum
841 5572 1138 5639 periculum
1186 5572 1379 5642 capitis
1413 5572 1738 5637 immineret,
1769 5573 1854 5626 in»

293 5667 503 5723 saniam
534 5663 643 5718 ille
702 5652 996 5725 simulavit,
1027 5672 1082 5718 et
1126 5664 1430 5718 immutavit
1452 5663 1660 5718 vultum
1693 5678 1852 5719 suum

294 5738 477 5811 coram
504 5753 670 5809 Achis
707 5767 833 5822 rege
879 5752 1050 5823 Getb;
1082 5754 1195 5809 haec
1238 5756 1293 5810 in
1325 5755 1610 5811 adversum
1640 5755 1853 5827 reponit

297 5844 386 5901 ille
427 5865 440 5900 :
481 5828 548 5898 At
571 5860 664 5915 ego
694 5844 870 5896 audax
899 5845 1329 5913 temerariumque
1360 5845 1586 5913 facinus,
1616 5843 1771 5916 ἔργον
1795 5844 1853 5898 δὲ

365 5954 442 6025 (a)
461 5951 547 6009 Cl.
577 5952 654 6008 De
681 5956 1062 6023 preparations
1079 5972 1285 6028 evang,
1317 5973 1367 6027 p.
1396 5956 1515 6011 575.
1605 5961 1612 5966 ‘

1964 723 2287 792 conﬁdenter
2314 722 2545 776 divinam
2590 717 2922 787 Scripturam
2953 718 3159 786 lapsam
3191 734 3324 781 esse,
3355 727 3403 771 et
3429 717 3535 770 tale

1965 815 2145 869 citium
2187 813 2455 882 praeferre,
2480 821 2537 864 ut
2562 826 2658 879 pro
2681 811 2791 864 viro
2816 809 3109 879 alienigena
3146 807 3390 863 sacerdos
3424 807 3535 861 Do-

1962 906 2089 958 mini
2110 914 2363 972 ,ponatur,
2396 919 2512 955 cum
2558 902 2789 954 maxime
2824 899 3085 954 Hebraica
3130 898 3283 956 lectio
3326 907 3375 951 et
3407 898 3533 951 reli-

1960 996 2049 1064 qui
2080 996 2379 1061 interpretes
2421 1007 2596 1045 omnes
2639 987 2967 1043 Achimelech
2998 988 3396 1064 circumferant.
3427 985 3532 1041 Ubi

1960 1063 2116 1141 notes
2177 1085 2337 1139 velim
2390 1081 2729 1137 Hebraieam.
2765 1080 3052 1133 lectionem
3107 1080 3269 1133 hodie
3307 1063 3532 1161 15:29:13

1959 1172 2330 1236 circumferre,
2358 1182 2411 1227 et
2439 1168 2493 1226 in
2534 1169 2739 1225 Graecis
2776 1169 2968 1223 Bibliis
3005 1169 3293 1240 Ἀϐιμέλεχ
3332 1186 3346 1199 ·
3386 1169 3533 1222 unde

1958 1263 2105 1336 patet
2132 1265 2348 1321 Eusebii
2372 1261 2702 1333 exemplaria
2732 1261 3001 1315 diversam
3039 1262 3107 1314 ab
3128 1276 3211 1322 ea,
3241 1275 3361 1329 quae
3384 1274 3532 1312 nunc

1959 1355 2207 1420 habetur,
2246 1353 2532 1409 lectionem
2588 1352 2912 1422 praetulisse.
2989 1345 3116 1400 Utut
3181 1366 3310 1404 vero
3360 1351 3429 1405 sit
3463 1351 3530 1403 de

1959 1446 2178 1501 Eusebii
2214 1446 2267 1499 in
2301 1452 2656 1500 memoratum
2688 1442 2910 1497 titulum
2945 1443 3224 1512 opinione,
3259 1458 3379 1511 qua!
3410 1441 3525 1494 for-
3599 1493 3607 1511 I

1956 1540 2122 1593 tassis
2153 1554 2262 1592 non
2310 1530 2562 1591 omnibus
2595 1537 2857 1607 placitura
2910 1546 3012 1597 est,
3067 1542 3218 1605 putat
3248 1552 3380 1590 sane
3438 1535 3529 1588 ille

1956 1626 2128 1682 nefas
2153 1642 2277 1681 esse
2306 1627 2518 1691 vitium,
2553 1628 2597 1680 si
2631 1612 2776 1694 quod
2808 1627 2891 1680 vel
2927 1627 3209 1680 minimum
3243 1628 3438 1691 subsit,
3474 1627 3527 1681 in

1959 1718 2275 1788 scriptorem
2307 1732 2522 1770 sacrum
2555 1714 2865 1770 retundere.

2140 1826 2199 1876 Η.
2225 1828 2511 1876 Sanctorum
2533 1827 2708 1873 merita
2734 1826 2873 1874 nobis
2897 1827 3136 1888 prodesse
3164 1830 3320 1888 putat.

1886 1986 1928 2044 Β
2025 1955 2116 2009 Ait
2155 1970 2264 2009 non
2310 1954 2477 2008 semel
2506 1936 3141 2017 Eusebius-sanctorum,
3173 1952 3286 2008 sive
3319 1964 3525 2025 marty-

1961 2062 2102 2113 rum,
2124 2048 2238 2101 εἴγε
2259 2047 2488 2099 aliorum
2510 2044 2619 2100 Deo
2632 2055 2972 2115 acceptorum
3007 2046 3285 2099 hominum
3307 2046 3522 2106 merita,

1948 2137 2191 2193 subsidio
2230 2152 2352 2207 aput
2418 2134 2584 2191 “eum
2616 2137 2773 2191 nobis
2796 2153 2937 2191 esse.
2992 2136 3081 2191 Sic
3112 2136 3251 2207 psal.
3293 2151 3523 2199 Lxxvm,

1944 2242 2084 2281 vers.
2112 2229 2208 2283 υἷε
2240 2229 2323 2281 Ad
2351 2228 2456 2282 lucc
2476 2230 2528 2281 in
2550 2231 2783 2297 precibus
2808 2240 3031 2297 tempore
3053 2228 3424 2296 persecutionis
3444 2226 3527 2281 di-

1945 2320 2109 2373 cenda
2155 2320 2504 2385 instituimur,
2543 2320 2838 2373 hostiarum
2889 2331 2937 2375 et
2961 2320 3385 2374 liolocaustorum
3414 2321 3527 2374 loco

1946 2411 2247 2479 sanguinem
2267 2419 2567 2464 sanctorum
2593 2420 2883 2480 martyrum
2899 2427 3021 2478 prop
3041 2409 3525 2477 mentes,acliujus-

1947 2501 2087 2556 modi
2106 2502 2507 2571 supplicationes
2524 2505 2809 2556 amittentes
2828 2507 2919 2563 ;.'et
2936 2519 3077 2556 vers.
3104 2503 3159 2555 ii
3184 2522 3209 2564 ;⁴
3227 2500 3338 2555 Nos
3362 2503 3527 2572 siqui-

1946 2593 2060 2646 dem
2085 2610 2185 2648 non
2201 2594 2343 2665 digni
2372 2594 2536 2648 habiti
2565 2612 2744 2667 sumus
2764 2597 2852 2663 qui
2872 2596 2939 2648 ad
2972 2596 3129 2663 ﬁnem
3152 2611 3308 2664 usque
3324 2605 3547 2648 certtre-

1948 2701 2085 2747 mus,
2111 2702 2173 2739 ae
2189 2700 2281 2753 pro
2308 2685 2414 2739 Deo
2446 2689 2745 2757 sanguinem
2767 2685 3133 2755 (auderemus;
3165 2688 3252 2740 sed
3276 2688 3395 2757 quia
3424 2686 3526 2755 ﬁlii

1946 2791 2129 2829 sumus
2161 2792 2339 2829 eorum
2374 2778 2463 2846 qui
2492 2778 2599 2830 [nec
2641 2788 2759 2829 sunt
2794 2778 3049 2845 perpessi,
3082 2777 3273 2830 virtute
3312 2788 3522 2845 patrum

1952 2874 2253 2919 nostrorum
2283 2869 2479 2931 ornati,
2518 2884 2795 2936 precamur
2822 2879 2879 2921 ut
2911 2869 3124 2924 illorum
3163 2871 3336 2940 gratia
3366 2869 3522 2923 mira-

1952 2956 2240 3009 ricordiam
2273 2974 2675 3027 consequamur.

2012 3065 2097 3117 lIl.
2118 3068 2296 3119 Veram
2316 3069 2490 3121 Christi
2511 3073 2559 3119 in
2581 3066 2879 3141 Eucharistia
2900 3070 3210 3134 praesentiam
3222 3072 3457 3137 declarat.

2026 3171 2223 3230 Veram
2271 3174 2476 3229 Christi
2538 3173 2593 3227 in
2645 3174 2985 3230 Eucharistia
3045 3177 3384 3246 praesentiam
3445 3174 3522 3247 (a)

1955 3264 2239 3337 profitetur
2285 3281 2408 3320 cum
2458 3266 2602 3320 hunc
2674 3282 2887 3322 versum
2952 3268 3264 3335 explicans.
3318 3265 3525 3322 Cibavit

1877 3352 2039 3416 Ceos
2119 3372 2187 3411 ea:
2248 3358 2401 3427 adipe
2439 3358 2710 3425 frumenti,
2746 3368 2797 3411 et
2844 3357 2908 3412 de
2954 3369 3101 3426 petra
3155 3359 3553 3437 melle'satu-c

1953 3451 2090 3505 rasit
2146 3465 2233 3503 eos
2282 3447 2458 3518 (Psal.
2509 3463 2676 3511 mm,
2731 3448 2841 3519 Π),
2893 3450 2968 3502 ait
3008 3468 3020 3502 :
3060 3448 3215 3501 Κατὰ
3278 3448 3523 3502 τοῦτοδὲ

1954 3540 2190 3613 ἐπλήρου
2242 3537 2581 3603 καταξιώσας
2612 3541 2807 3603 αὐτοὺς
2836 3540 2935 3611 τῆς
2971 3540 3175 3604 οἰκείας
3201 3539 3427 3611 τροφῆς,
3457 3542 3523 3595 οὐ

1957 3633 2115 3703 μόνον
2139 3631 2474 3703 σῳματικῆς,
2498 3630 2631 3683 ἀλλὰ
2652 3631 2745 3683 καὶ
2767 3631 2864 3701 τῆς
2894 3630 3209 3701 ἐπουρανίου
3242 3631 3333 3683 καὶ
3361 3648 3524 3683 πνευ-

1957 3700 2209 3795 ξιατικῆξ,
2225 3700 2462 3791 Ἵὸπηνίιξα
2490 3720 2723 3791 πρώτοις
2743 3700 2924 3783 abi-oi;
2948 3700 3106 3790 ὲπέδή
3117 3737 3205 3790 μει
3231 3722 3259 3772 6
3291 3721 3523 3790 Χριστὸς

1951 3810 2044 3865 τοῦ
2081 3809 2237 3873 Θεοῦ,
2268 3809 2470 3883 τροφὴν
2514 3809 2694 3869 αὐτοῖς
2736 3806 2996 3880 παρεῖχεν
3047 3808 3138 3862 τὸν
3201 3810 3520 3877 ἐπουράνιον

1953 3902 2133 3972 ἄρτον,
2164 3882 2385 3954 ΔΥΤόΣ
2417 3900 2711 3961 ΕΑΥΊῸΝ,
2744 3899 2795 3953 id
2814 3910 2933 3954 est:
2962 3899 3105 3953 Tunc
3127 3916 3283 3969 porro
3309 3904 3524 3969 proprio

1954 3992 2074 4045 illos
2118 3990 2232 4044 cibo
2266 3992 2459 4058 replere
2491 3992 2733 4060 dignatus
2766 4001 2866 4052 est,
2901 4006 3003 4044 non
3038 4006 3286 4057 corporeo
3324 3992 3519 4054 solum,

1956 4082 2045 4137 sed
2073 4083 2233 4136 etiam
2273 4084 2467 4136 caelesti
2500 4093 2547 4135 et
2576 4082 2864 4158 spirituali,
2897 4099 3018 4135 cum
3047 4081 3115 4135 ad
3154 4084 3291 4153 ipsas
3325 4084 3527 4151 pr‘mos

1954 4172 2195 4228 Christus
2233 4173 2322 4228 Dei
2347 4177 2706 4245 peregrinatus
2739 4184 2838 4237 est,
2875 4186 3028 4244 atque
3075 4175 3127 4228 in
3175 4176 3347 4228 cibum
3390 4177 3525 4242 ipsis

1954 4266 2208 4322 caelestem
2252 4284 2459 4336 panem,
2487 4269 2597 4331 ipse
2647 4266 3205 4339 semetipsum,.dedit.
3256 4266 3335 4321 Ad
3376 4267 3523 4335 psal-
3557 4262 3563 4266 ’

1954 4372 2103 4413 mum
2140 4374 2269 4413 vero
2311 4374 2494 4421 xxxvi,
2522 4359 2632 4412 haec
2678 4358 2840 4410 habet
2876 4374 2889 4410 :
2928 4358 3291 4428 Κατατρυφᾷν
3328 4356 3385 4409 δὲ
3426 4356 3523 4411 τοῦ

1956 4444 2157 4515 Κυρίου
2170 4447 2451 4517 δυνήσεται
2470 4444 2499 4495 6
2516 4445 2615 4513 τῆς
2634 4445 2810 4513 ψυχῆς
2838 4442 2908 4495 τὰ
2938 4444 3262 4515 αἰσθητήρια
3288 4444 3523 4498 κεκαθα-

1961 4535 2253 4605 ρισμένος,·
2272 4536 2347 4598 ὡς
2378 4534 2633 4589 δύνασθαι
2681 4534 2881 4586 ἐσθίειν
2908 4532 2997 4584 τὸν
3023 4531 3198 4596 ζῶντα
3233 4536 3395 4608 ἄρτον
3426 4538 3523 4591 καὶ

1957 4626 2053 4688 τὰς
2085 4625 2375 4690 (mor-comit;
2408 4624 2568 4679 αὑτοῦ
2602 4623 2833 4693 σάρκα,,
2868 4626 3039 4678 π’νειν
3070 4642 3137 4677 τε
3179 4627 3227 4679 :6
3255 4629 3523 4700 σωτήριον

1955 4717 2118 4775 αὐτοῦ
2168 4712 2323 4787 αἷμα.
2376 4715 2597 4777 Τούτοις
2636 4715 2971 4785 τρεφόμενος
3016 4717 3109 4770 καὶ
3152 4736 3171 4765 ιι
3200 4718 3515 4788 ξαινόμενος.

1952 4810 2051 4879 τῆς
2103 4808 2284 4861 ἐνθέου
2340 4804 2507 4876 μέθης
2555 4803 2861 4876 ἀπολαύων,
2901 4792 3525 4873 κατατρύφιεαονὶοῦ

1953 4900 2191 4967 Kvplov,
2223 4897 2277 4951 id
2324 4903 2408 4951 est
2436 4917 2448 4949 :
2482 4894 2740 4949 Delectari
2775 4904 2947 4951 autem
2976 4897 3030 4949 in
3062 4895 3282 4950 Domine
3307 4897 3508 4950 valebit.

1952 4994 2186 5063 quisquis
2218 4989 2410 5043 animae
2435 4988 2669 5044 sensibus
2696 4989 2842 5055 puris
2870 4987 3208 5057 purgatisque
3232 4988 3408 5055 fuerit,
3436 4988 3514 5041 ita

1953 5094 2011 5138 ut
2034 5099 2218 5151 panem
2249 5085 2416 5135 vivum
2443 5092 2490 5136 et
2529 5078 2965 5149 viviﬁcas'earnes
2994 5078 3109 5147 ejus
3141 5079 3289 5133 edere
3326 5097 3375 5147 ῖιη
3497 5122 3512 5140 ,

1954 5192 2017 5229 ac
2058 5174 2345 5228 salutarem
2379 5178 2492 5240 eius
2532 5172 2701 5226 bibere
2744 5170 3067 5237 sanguinem.
3124 5170 3222 5223 llis
3253 5188 3329 5223 ενι·
3364 5174 3516 5225 'ritus

1951 5279 1999 5323 et
2029 5268 2403 5337 impinguatus,
2430 5269 2619 5323 divina
2638 5270 2816 5339 [ruens
2831 5268 3098 5329 ebrietate,
3131 5283 3150 5317 ι
3177 5264 3432 5319 delectare
3456 5263 3517 5330 in
3560 5263 3568 5269 ’

1953 5358 2195 5413 Domino.
2236 5380 2255 5412 ι
3134 5375 3139 5379 ·

2255 5470 2338 5521 IV.
2366 5473 2493 5533 Quid
2515 5473 2578 5525 de
2600 5471 2761 5522 libero
2784 5472 2986 5521 arbitrio
3007 5465 3205 5519 sentiat.

2022 5560 2277 5628 Liberum
2296 5575 2582 5637 arbitrium,
2608 5574 2663 5629 in
2686 5572 2905 5628 homine
2924 5570 2992 5625 ad
3016 5569 3219 5623 bonum
3243 5565 3514 5621 malnmve

1952 5665 2294 5736 deligendum
2344 5668 2425 5722 sic
2472 5666 2708 5737 explicat
2747 5666 2858 5730 ille,
2893 5663 2958 5719 ad
3011 5661 3458 5734 psalmumaxnv
3492 5675 3507 5711 :

1964 5757 2309 5823 Ἀκαλύπτως
2341 5757 2397 5811 δὲ
2420 5758 2448 5810 6
2474 5754 2709 5821 τοιοῦτος
2740 5750 2994 5821 ἐξέδωκεν
3024 5751 3215 5806 ἑαυτὸν
3238 5750 3304 5821 τῇ
3332 5749 3504 5833 susp.

1963 5848 2058 5919 τίᾳ,
2080 5846 2154 5911 ὡς
2184 5846 2280 5901 καὶ
2315 5845 2383 5901 τὰ
2417 5846 2634 5918 ῥήματα
2674 5844 2766 5899 τοῦ
2800 5843 3060 5914 στόματος
3085 5836 3248 5897 αὐτοῦ
3279 5834 3512 5908 ἀνομίαν
