4262 6450
720 485 791 540 27
850 516 851 519 η
1386 477 1655 536 EUSEBII
1692 477 2167 535 CESARIENSIS
2204 476 2356 533 OPP.
2396 476 2577 532 PARS
2602 477 2690 535 111.
2730 503 2799 520 ——
2835 476 3243 536 EXEGETICA.
3880 483 3956 540 28

660 634 663 637 ν
718 596 975 657 εἶναικαὶ
1000 600 1169 654 δόλον.
1206 599 1350 653 Πάνυ
1380 598 1440 656 δὲ
1464 597 1633 652 ταῦτα
1667 597 1806 651 ἑκὼν
1853 597 2052 652 εἵλετο·
2087 597 2182 652 ἅτε
2222 596 2287 668 δὴ
2316 647 2320 654 .

2388 594 2512 648 dum
2533 595 2801 665 Aquilam,
2838 615 2856 647 ‹
2893 596 3122 666 confisus
3147 610 3294 659 sum;
3330 614 3346 647 ι
3378 604 3471 649 aut
3497 604 3555 648 ut
3584 594 3958 667 Symmachus.

720 692 1064 757 αὑτεξούσιος
1083 690 1177 755 ὢν,
1202 694 1296 745 καὶ
1316 690 1610 761 δυνάμενος
1636 692 1731 763 μὲν
1750 692 1853 763 τὴν
1870 690 2289 761 ἀγαθὴνμετελ-

721 787 833 838 θεῖν
861 782 1000 847 ὁδὸν,
1144 782 1422 856 βουληθεὶς
1458 784 1532 856 ᾷέ.
1565 782 1675 837 Hoc
1712 793 1797 838 est
1827 802 1839 837 :
1864 783 2055 836 Palam
2114 792 2287 836 autem

722 877 816 930 ille
842 893 896 930 se
922 886 1133 945 peccato
1174 876 1396 941 dedidit,
1433 878 1510 929 ita
1544 886 1600 930 ut
1630 877 1785 931 verba
1814 877 1920 930 oris
1950 875 2062 944 ejus
2092 875 2289 943 iniqui-

724 978 808 1023 tas
839 977 888 1022 et
915 967 1067 1022 dolus
1095 977 1288 1022 essent.
1323 966 1449 1021 ch
1470 979 1643 1023 autem
1673 970 1782 1036 ipse
1814 966 2098 1021 admodum
2133 966 2288 1020 libere

720 1059 894 1128 elegit,
927 1068 1103 1127 utpote
1139 1058 1288 1112 liberi
1327 1058 1557 1123 arbitrii,
1601 1074 1754 1127 penes
1790 1074 1941 1128 quem
1991 1068 2103 1112 erat
2150 1061 2286 1111 viam

723 1150 884 1205 adire
903 1150 1090 1205 bonam
1128 1167 1147 1208 :
1176 1150 1313 1220 quod
1344 1152 1435 1205 ille
1479 1152 1671 1206 noluit.
1709 1151 2058 1217 Quamobrem
2090 1155 2287 1206 dictum

720 1250 822 1303 est,
864 1259 883 1294 ι
925 1240 1115 1296 Noluit
1152 1241 1444 1311 intelligere
1475 1251 1532 1293 ut
1566 1241 1690 1295 bene
1724 1252 1894 1311 ageret
1930 1260 1948 1295 :
1977 1242 2066 1296 sed
2106 1244 2290 1313 iniqui-

727 1346 887 1389 tatem
932 1334 1216 1388 meditatus
1246 1343 1322 1387 est
1354 1334 1406 1386 in
1439 1333 1599 1387 cubili
1630 1350 1742 1388 suo.
1783 1354 1801 1385 ι
1832 1332 1896 1388 Et.
1925 1334 1991 1388 ad
2024 1336 2287 1404 psalmum

721 1441 832 1483 ινιι
862 1424 1111 1494 ιἙπειδὴ
1138 1425 1245 1495 γὰρ
1274 1424 1487 1495 φύσεως
1510 1424 1799 1497 ἐλευθέρας
1834 1428 1923 1481 καὶ
1944 1426 2286 1491 αὑτεξουσὶου

722 1517 1025 1588 γενόμενοι,
1052 1514 1374 1588 διακριτικοί
1397 1532 1455 1568 τε
1476 1516 1567 1568 τοῦ
1596 1516 1761 1570 καλοῦ
1794 1518 1885 1570 καὶ
1906 1508 1997 1570 τοῦ
2024 1516 2283 1581 ἐναντίου,

724 1610 823 1680 τήν
853 1624 912 1661 τε
938 1609 1015 1671 είς
1037 1606 1271 1674 ἑκάτερα
1298 1608 1467 1678 ῥοπὴν
1500 1608 1597 1679 τὴν
1627 1610 1683 1660 ἐν
1715 1610 1922 1669 ἑαυτοῖς
1942 1609 2285 1678 κεκτημένοι,

723 1702 824 1753 οὐκ
855 1698 1028 1771 ὀρθῶς
1063 1700 1357 1771 ἐχρήσαντο
1386 1699 1463 1769 τῷ
1493 1700 1781 1771 κριτηρίῳ,
1830 1700 1948 1753 οὐδὲ
1995 1700 2287 1771 ἠγάπησαν

726 1791 823 1862 τὴν
847 1789 1074 1853 εὐθεῖαν,
1098 1789 1295 1860 καίπερ
1321 1788 1517 1852 εἰδότες
1545 1789 1734 1861 αὐτὴν,
1751 1790 1869 1842 οὐδ’
1887 1790 2064 1861 ἔργοις
2096 1789 2289 1862 μετῆλο

686 1878 819 1935 ,θον
855 1880 953 1949 τὴν
1007 1878 1371 1947 δικαιοσύνην,
1427 1880 1492 1947 ἢν
1545 1878 1689 1945 λόγῳ
1712 1868 1858 1949 μόνῷ
1906 1880 1999 1931 καὶ
2055 1880 2288 1950 χείλεσιν

727 1968 1136 2039 ιπηγγέλλοντο,
1154 1967 1232 2037 τῷ
1263 1967 1475 2038 παλαιῷ
1505 1966 1560 2021 δὲ
1582 1967 1703 2036 δφει
1730 1969 2104 2038 ὁμοιωθέντες,
2126 1973 2285 2025 ἁσπί-
2316 1953 2357 2007 Β

723 2059 811 2125 bo;
843 2059 1032 2129 κωφῆς
1064 2058 1277 2129 χείρους
1310 2059 1583 2127 ἐγένοντο·
1618 2059 1805 2113 τούτου
1847 2062 2003 2132 χάριν
2049 2063 2283 2116 ἐπακού-

725 2165 853 2205 erat:
891 2150 1012 2203 τίνα
1055 2150 1149 2202 καὶ
1194 2150 1391 2213 αὐτοὺς
1423 2152 1720 2221 περιμένει,
1773 2152 1823 2205 id
1869 2160 1952 2205 est
1983 2172 1995 2207 :
2024 2152 2283 2217 Quoniam

723 2240 862 2293 enim
904 2238 1068 2291 libera
1097 2247 1147 2292 et
1178 2234 1263 2293 sui
1292 2240 1501 2293 arbitrii
1529 2250 1721 2294 natura
1770 2242 2000 2309 pra'diti,
2033 2244 2081 2295 vi
2124 2245 2284 2296 inter-

723 2332 968 2386 noscendi
1017 2330 1135 2385 boni
1183 2342 1231 2386 et
1264 2334 1515 2386 contrarii
1556 2334 1819 2396 instructi,
1856 2344 2008 2403 atque
2066 2333 2283 2389 liberam

724 2425 793 2477 ad
821 2424 1120 2477 utrumlibet
1147 2424 1539 2477 inclinationem
1566 2425 1728 2485 nacti,
1762 2439 1863 2476 non
1924 2432 2059 2478 recte
2076 2427 2282 2493 judicio

724 2530 819 2567 suo
870 2523 993 2567 sunt
1043 2514 1147 2573 usi,
1185 2528 1343 2579 neque
1386 2524 1581 2565 rectam
1628 2513 1785 2576 uiam,
1821 2515 1922 2567 etsi
1951 2525 2127 2567 notam
2158 2518 2279 2581 sibi,

721 2604 1035 2665 dilexerunt,
1068 2620 1228 2673 neque
1262 2602 1501 2671 Operibus
1526 2602 1797 2671 justitiam
1831 2604 2095 2668 adierunt,
2125 2624 2282 2676 quam

721 2694 891 2748 verbis
942 2692 1201 2745 duntaxat
1258 2701 1306 2745 et
1358 2691 1512 2745 labiis
1561 2702 1683 2745 sunt
1732 2694 1975 2761 professi,
2030 2699 2283 2766 veterique

721 2784 948 2851 serpenti
990 2782 1209 2845 similes,
1261 2784 1438 2846 aspide
1486 2783 1650 2838 surda
1701 2784 1983 2842 deteriores
2036 2806 2279 2854 evasere;

722 2866 839 2928 ideo
893 2890 1029 2943 qua,
1061 2875 1188 2943 ipsis
1233 2885 1476 2929 eventura
1519 2886 1640 2931 sunt
1685 2878 1882 2932 audite.
1914 2878 2176 2935 Similiter
2215 2881 2282 2937 de

723 2963 963 3020 Hebraeis
992 2980 1181 3036 agens,
1214 2967 1407 3034 psalmi
1442 2982 1625 3021 uth
1656 2969 1723 3022 ad
1754 2969 1899 3024 hunc
1940 2986 2178 3035 versum,
2212 2972 2280 3027 Et

670 3112 682 3122 ,
720 3056 871 3111 obliti
900 3065 1021 3110 sunt
1049 3056 1437 3123 benefactorum
1464 3058 1594 3127 ejus,
1633 3059 1712 3111 ita
1737 3059 1977 3130 loquitur
2011 3082 2023 3115 :
2056 3061 2282 3119 Πάντων

721 3148 832 3219 γὰρ
860 3148 1061 3202 τούτων
1088 3146 1255 3218 λήθην
1282 3148 1653 3218 πεποιημένοι,
1675 3151 1783 3205 τῶν
1814 3152 1948 3225 πρὸς
1969 3155 2092 3217 τοὺς
2119 3154 2282 3208 πατέ-

727 3254 828 3309 ρας
870 3237 1048 3290 αὐτῶν
1103 3236 1565 3308 ἐπιδεδειγμένων,
1611 3241 1748 3293 ὅπλα
1793 3243 1991 3312 ἤραντο
2018 3244 2157 3297 κατὰ
2184 3244 2278 3299 τοῦ

722 3326 878 3392 Θεοῦ,
927 3327 986 3379 οὐ
1012 3326 1375 3399 Δβουληθέντες
1422 3326 1499 3398 τῷ
1542 3328 1689 3400 νόμῳ
1719 3330 1879 3384 αὑτοῦ
1920 3332 2275 3403 πορεύεσθαι·

725 3417 903 3473 καίτοι
958 3418 1042 3470 ἐπ’
1078 3418 1271 3480 αὐτοὺς
1324 3419 1572 3487 κειμένου
1618 3419 1709 3473 τοῦ
1754 3420 2029 3486 δύνασθαι,
2063 3425 2281 3480 καὶτοῦ

728 3507 1033 3579 βούλεσθαι,
1065 3508 1117 3563 id
1138 3517 1220 3563 est
1259 3528 1270 3563 :
1305 3507 1443 3563 Nam
1474 3513 1704 3565 omnium
1734 3528 1912 3567 eorum
1957 3515 2127 3578 obliti,
2169 3528 2283 3587 quas

722 3598 965 3670 patribus
1017 3601 1125 3653 suis
1177 3608 1383 3653 ostensa
1437 3610 1579 3663 sunt,
1614 3618 1765 3655 arma
1814 3604 2049 3658 tulerunt
2101 3598 2284 3665 contra

726 3690 917 3755 Deum,
960 3706 1076 3744 cum
1121 3689 1319 3744 nollent
1368 3692 1421 3745 in
1454 3693 1561 3759 lege
1597 3692 1709 3759 ejus
1761 3692 2051 3772 ambulare.
2075 3697 2285 3751 etiamsi

638 3787 655 3813 δ
724 3782 877 3850 penes
908 3780 1049 3848 ipsos
1077 3789 1210 3834 esset
1236 3790 1292 3832 ut
1317 3790 1523 3849 possent
1549 3789 1597 3834 et
1630 3781 1833 3836 vellent.

726 3890 783 3941 ν.
810 3872 1022 3942 Gratiam
1045 3891 1389 3941 indill'erentia
1421 3892 1811 4003 zgcgtrumlibet,
1853 3884 1943 3944 seu
1982 3897 2281 3959 vel-samem,

791 4052 876 4113 Ne
900 4054 1031 4125 quis
1062 4067 1189 4109 vero
1216 4054 1481 4129 opinetur,
1504 4066 1695 4126 putare
1727 4056 2038 4124 Eusebium,
2070 4075 2135 4114 ex
2167 4061 2283 4115 solo

727 4146 882 4203 liberi
928 4145 1141 4202 arbitrii
1195 4153 1343 4231 motu
1393 4147 1685 4211 hominem,
1724 4165 1822 4205 nec
1851 4151 2023 4220 gratia
2063 4150 2279 4218 fultum,

687 4259 694 4267 ·
726 4241 927 4296 bonum
960 4239 1217 4311 perinde
1255 4247 1419 4308 atque,
1449 4241 1646 4294 malum
1693 4242 1843 4296 adire
1907 4257 2098 4312 posse;
2157 4244 2282 4298 huic

727 4332 1024 4407 suspicioni
1058 4330 1311 4401 occurrit
1330 4331 1420 4386 ille
1464 4330 1550 4385 his
1581 4331 1762 4387 verbis
1789 4352 1801 4387 :
1830 4334 1971 4399 Quos
1999 4336 2283 4403 ρνωηίεη,

726 4425 803 4478 tia
835 4440 936 4479 sua
966 4434 1274 4492 prtevertens
1320 4421 1481 4486 Deus,
1509 4430 1785 4490 antequam
1844 4443 1873 4475 ιι
1912 4426 2075 4478 lucem
2103 4426 2292 4493 prodi-,

725 4526 861 4578 rent,
892 4516 1019 4570 tales
1054 4516 1262 4585 futuros
1300 4522 1414 4571 esse
1446 4526 1686 4578 noverat;
1725 4516 1813 4569 sed
1844 4525 2015 4569 tamen
2045 4518 2281 4584 permisit

727 4615 785 4657 ut
817 4614 1171 4669 nascerentur,
1201 4603 1373 4673 gratia
1398 4618 1497 4656 sua
1537 4605 1662 4672 ipsis
1692 4620 1888 4673 quoque
1934 4619 2195 4666 concessa,
2224 4614 2281 4657 ut
2311 4615 2356 4671 ι)

724 4696 906 4766 palam
928 4711 1106 4749 eorum
1133 4698 1455 4765 propositum
1480 4697 1753 4768 [ἑωθινὴν
1787 4699 1916 4768 παρ’
1936 4696 2098 4750 αὐτοῦ
2125 4700 2282 4769 χάριν

728 4787 821 4841 καὶ
877 4784 1058 4848 αὐτοῖς
1096 4784 1497 4857 δωρησάμενος.
1524 4788 1603 4849 εἰς
1633 4787 1693 4839 τὸ
1724 4790 1988 4858 φανεροὺς
2035 4788 2299 4857 γενέσθαι·

726 4878 826 4948 τὴν
856 4876 1188 4948 προαίρεσιν.
1225 4876 1490 4946 Siquidem
1542 4887 1591 4931 et
1634 4878 1865 4931 ordinem
1890 4880 2154 4948 justorum
2202 4898 2285 4936 re-

727 4984 869 5024 ctam
920 4985 983 5035 ac
1046 4968 1260 5022 minime
1281 4968 1537 5035 deﬂexam
1590 4968 1728 5020 viam
1778 4977 1959 5035 suapte
1999 4970 2263 5025 voluntate

729 5064 985 5117 initurum
1027 5070 1336 5129 prteoertens
1378 5058 1515 5113 Deus
1566 5067 1801 5115 noverat.
1835 5058 2034 5115 Deinde
2078 5063 2286 5133 utrique

728 5150 902 5225 ordini
937 5150 1158 5205 liberum
1209 5148 1416 5202 arbitrii
1467 5157 1661 5201 motum
1722 5147 1946 5213 dimisit,
1994 5153 2275 5207 concedens

727 5242 888 5297 utin
919 5242 1090 5296 stadio
1138 5256 1349 5293 cursum
1407 5242 1739 5309 conﬁcerent.
1794 5239 1871 5293 Ac
1921 5256 2038 5294 cum
2073 5245 2286 5297 univer-

729 5350 815 5387 sos
888 5330 1335 5386 natura.similes
1415 5331 1787 5393 constituisset,
1871 5328 2133 5388 voluntate
2188 5348 2287 5385 sua

728 5441 975 5495 quemque
1034 5424 1254 5479 meliora
1315 5420 1538 5491 deligere
1602 5424 1801 5490 pariter
1860 5424 2121 5491 permisit.
2183 5425 2278 5477 ltli

734 5532 873 5577 vero,
923 5522 1101 5582 utpote
1140 5515 1229 5587 qui
1273 5512 1357 5567 sui
1401 5512 1634 5582 ipsorum
1668 5512 1888 5576 domini,
1920 5516 2004 5567 sui
2027 5516 2190 5582 juris,
2224 5532 2285 5570 ac

737 5610 884 5662 liberi
954 5606 1127 5677 quoad
1196 5614 1394 5659 motum
1454 5614 1657 5669 essent,
1715 5594 1977 5659 arbitratu
2022 5620 2116 5659 suo
2169 5604 2283 5659 dis-

727 5698 898 5766 juucti
956 5704 1097 5759 sunt,
1133 5694 1255 5751 aliis
1286 5706 1499 5759 rectam,
1543 5696 1805 5767 obliquam
1836 5699 1957 5754 aliis
2007 5699 2146 5753 viam
2197 5715 2285 5751 co-

734 5787 1050 5855 optantibus.
1075 5786 1198 5844 Pari
1218 5791 1481 5846 sententia
1503 5788 1569 5844 de
1588 5786 1725 5843 luds
1741 5789 1969 5862 loquens
1989 5791 2102 5843 haec
2125 5789 2283 5843 habet

730 5883 797 5937 ad
822 5883 1014 5953 psalm.
1045 5896 1113 5938 ιι.
1140 5878 1382 5936 :Sed.¢in
1411 5896 1513 5937 auo
1533 5883 1795 5952 speravi,»
1846 5881 1955 5943 ait;
1986 5882 2061 5938 uel
2100 5899 2279 5937 secun-

2393 705 2411 737 ι
2460 688 2689 757 conﬁsus
2745 704 2891 757 eram
2935 704 2953 739 :
3006 706 3024 737 ι
3061 686 3481 757 quandoquidem
3533 687 3701 755 ipsum
3737 686 3969 753 paribus,

2388 787 2540 846 atque
2562 786 2775 829 cateros
2810 774 3075 843 apostolos
3116 774 3269 829 donis
3324 775 3591 842 aﬂ'ecerat.
3644 768 3985 843 Conﬁdebati

2388 878 2558 921 autem
2587 870 2635 921 ei
2666 867 2931 931 Salvator,
2963 874 3012 919 et
3058 864 3248 921 bonam
3285 865 3349 920 de
3388 868 3501 936 ipso
3532 881 3673 934 spem
3706 864 3986 931 habebat,’

2386 960 2509 1029 quia
2530 959 2583 1011 in
2607 976 2665 1013 eo
2690 957 2915 1012 liberum
2941 958 3219 1011 arbitrium
3238 964 3391 1011 esset.
3420 954 3597 1026 Neque
3625 958 3761 1009 enim
3780 952 3811 1006 J
3819 953 3954 1007 udas

2386 1066 2451 1104 ea:
2479 1050 2781 1119 hujusmodi
2819 1060 3014 1104 natura
3047 1058 3183 1112 erat,
3216 1065 3330 1118 qute
3364 1065 3466 1102 non
3510 1056 3683 1117 posset
3724 1045 3952 1099 salutem

2388 1144 2665 1211 consequi;
2698 1141 2785 1196 sed
2828 1151 3055 1210 poterat,
3091 1142 3137 1195 si
3160 1138 3374 1213 quidem
3400 1138 3663 1204 voluisset,
3690 1147 3747 1191 ut
3776 1146 3824 1190 et
3848 1151 3953 1188 ca:—

2389 1233 2485 1286 teri
2510 1231 2755 1296 apostoli,
2784 1247 2814 1282 a
2834 1230 2977 1283 Filio
3012 1228 3107 1283 Dei
3139 1228 3358 1291 erudiri,
3382 1243 3443 1280 ac
3472 1227 3630 1280 bonus
3660 1224 3954 1295 probusque

2387 1322 2673 1391 discipulus
2706 1323 2851 1392 eﬁ‘ici.
2898 1321 3052 1376 Unde
3091 1321 3267 1391 palam
3297 1326 3380 1374 est
3406 1334 3528 1373 eum
3563 1319 3788 1388 gratiam
3825 1333 3955 1372 ver-

2388 1415 2620 1477 satilem,
2652 1414 2719 1467 ad
2753 1413 3092 1476 utrumlibet,
3128 1413 3242 1467 sive
3267 1412 3465 1465 bonum
3503 1410 3614 1464 sive
3642 1411 3838 1463 malum
3860 1410 3952 1463 in-

2385 1504 2741 1568 diﬂerentem,
2774 1505 2828 1557 in
2870 1504 3123 1557 omnibus
3162 1517 3389 1573 prorsus
3420 1499 3749 1564 hominibus,
3780 1498 3949 1555 etiam

2388 1597 2569 1667 impiis
2601 1605 2655 1651 et
2689 1596 3086 1667 peccatoribus,
3113 1595 3459 1650 constituisse

2523 1702 2609 1756 VI.
2653 1702 2717 1753 Et
2734 1702 3214 1766 predestinationem
3234 1708 3344 1764 post
3365 1700 3568 1764 praevisa
3599 1701 3790 1749 merita.

2454 1805 2563 1862 Nec
2596 1807 2775 1861 minus
2800 1815 2984 1876 aperte
3019 1806 3543 1877 praedestinationem
3577 1810 3698 1875 post
3720 1803 3944 1873 previss

2388 1900 2578 1952 merita
2609 1897 2766 1951 docet
2801 1896 2866 1951 ad
2895 1898 3086 1965 psalm.
3123 1911 3231 1960 Lvt,
3266 1897 3357 1950 ubi
3385 1896 3525 1949 hanc
3546 1894 3697 1949 Pauli
3725 1902 3947 1950 senten-

2399 1984 2525 2037 tiam
2546 1984 2840 2052 explicans,
2869 1983 3009 2037 Nam
3030 2002 3155 2054 quos
3179 1988 3459 2055 praesciuit,
3484 1997 3534 2039 et
3553 1989 3942 2055 praedestinavit

2397 2073 2575 2144 (Rom.
2596 2092 2708 2140 vm,
2722 2077 2833 2146 29),
2848 2062 2977 2138 etc.,
2994 2079 3067 2131 ait
3087 2095 3099 2128 :
3119 2079 3324 2151 Ὠσπερ
3340 2076 3432 2133 οὖν
3446 2079 3663 2143 τούτους
3675 2080 3941 2150 προγνοὺς

2397 2166 2683 2237 μέλλοντας
2712 2170 2927 2239 ἀγαπᾷν
2960 2168 3117 2221 αὐτὸν
3154 2169 3661 2241 προώρισεν-οὓτως
3692 2172 3784 2223 καὶ
3815 2172 3950 2237 τοὺς

2392 2257 2622 2320 ἀσεϐεῖς,
2647 2259 2828 2327 ἐπειδὴ
2845 2260 3089 2328 προέγνω
3107 2258 3393 2327 μέλλοντας
3408 2258 3580 2310 λαλεῖν
3602 2257 3950 2328 δικαιοσύνην·

2381 2348 2466 2403 διὰ
2486 2350 2545 2429 τὸ
2568 2349 2849 2417 γινώσκειν
2869 2348 3054 2419 αὐτὴν,
3083 2348 3141 2401 οὐ
3175 2347 3279 2419 μὴν
3313 2348 3405 2401 καὶ
3435 2350 3544 2406 τοῖς
3574 2345 3752 2415 ἔργοις
3780 2342 3946 2415 αὐτὴν

2385 2441 2888 2512 μετελευσομένους,
2909 2440 2995 2493 διὰ
3024 2440 3084 2492 τὸ
3111 2442 3231 2502 ταῖς
3266 2458 3325 2510 χε
3336 2440 3451 2511 ρσὶν
3479 2438 3685 2491 ἀδικίαν
3711 2452 3771 2487 συ
3781 2433 3947 2505 μπλέ-

2382 2548 2517 2594 κειν,
2550 2531 2739 2583 τούτου
2764 2530 2919 2600 χάριν
2962 2530 3395 2600 ἀπηλλοτρίωσεν
3439 2528 3546 2581 ἀπὸ
3588 2529 3817 2597 μήτρας,
3851 2526 3944 2579 καὶ

2382 2620 2439 2670 ἐν
2467 2618 2835 2688 πλανωμένοις
2853 2617 2945 2669 καὶ
2968 2615 3181 2670 λαλοῦσι
3220 2618 3384 2689 ψευδῆ
3422 2617 3549 2687 παρ’
3590 2615 3763 2685 ἑαυτῷ
3816 2631 3946 2668 κατ-

2379 2707 2503 2777 ηρίθ
2514 2725 2649 2778 μησε
2677 2708 2802 2779 πρὶν
2822 2708 3087 2775 γενέσθαι,
3118 2706 3457 2778 συνεχώρησέ
3487 2724 3569 2769 τε,
3587 2704 3738 2767 εἰδὼς
3753 2706 3943 2775 αὐτοὺς

2379 2796 2645 2859 τοιούτους
2663 2796 2966 2867 ἐσομένους,
2996 2798 3074 2860 είς
3097 2797 3329 2866 φανερὸν
3345 2797 3535 2857 ἐλθεῖν,
3560 2796 3633 2860 ὼς
3663 2796 3727 2848 ἂν
3750 2796 3809 2847 τὸ
3832 2794 3946 2849 διά-

2381 2905 2544 2959 φορον
2569 2888 2677 2941 τῶν
2703 2887 2923 2941 δικαίων
2957 2890 3049 2943 καὶ
3078 2887 3340 2942 θεοσεὸὦν
3370 2886 3577 2959 ἀνδρῶν
3618 2888 3683 2940 ὲκ
3710 2887 3807 2959 τῆς
3831 2884 3941 2939 τῶν

2380 2979 2631 3050 χειρόνων
2670 2978 3019 3049 παραθέσεως
3066 2978 3438 3049 διαλάμψειεν.
3468 2979 3611 3041 Mla;
3655 2978 3760 3048 γὰρ
3790 2976 3943 3041 ὅντες

2379 3069 2591 3138 φύσεως
2621 3072 2673 3123 οἱ
2702 3070 2918 3132 πάντες,
2953 3070 3003 3121 oi
3039 3069 3137 3139 μὲν
3165 3068 3381 3141 έκόντες
3414 3068 3626 3121 εἵλαντο
3656 3067 3726 3119 τὰ
3759 3065 3944 3138 κρείτ-

2377 3176 2473 3225 τω,
2493 3160 2543 3214 οί
2561 3159 2727 3231 δὲτὴν
2747 3160 2986 3213 ἐναντίαν
3014 3158 3145 3212 ὦδευ
3154 3176 3268 3223 ταν,
3287 3156 3609 3228 αὐτεξουσίῳ
3630 3157 3943 3229 προαιρέσει

2379 3252 2728 3323 χρησάμενοι.
2784 3250 2840 3305 Id
2870 3259 2950 3307 est
2980 3267 2993 3301 :
3031 3250 3479 3316 Quemadmodum
3515 3250 3675 3319 igitur
3705 3265 3820 3302 cum
3852 3264 3941 3304 eos

2382 3344 2747 3411 prwscivisset,
2771 3343 2857 3411 qui
2890 3344 3121 3395 amaturi
3169 3343 3339 3411 ipsum
3396 3351 3566 3404 erant,
3597 3344 3754 3396 etiam
3807 3356 3945 3409 prat-

2384 3433 2665 3487 destinavit
2712 3449 2831 3497 eos;
2876 3435 2951 3487 sic
2997 3443 3044 3487 et
3083 3435 3267 3501 impios
3299 3450 3415 3486 cum
3440 3433 3760 3502 prwvidisset
3778 3434 3945 3503 justi-

2386 3526 2515 3578 tiam
2537 3524 2741 3596 quidem
2768 3524 3053 3589 locuturos,
3089 3534 3263 3593 utpote
3292 3525 3380 3591 qui
3408 3533 3615 3577 nossent
3637 3523 3818 3589 illam,
3851 3524 3943 3602 sed

2384 3616 2551 3685 ipsam
2582 3624 2752 3670 tamen
2792 3632 2893 3670 non
2926 3615 3167 3685 operibus
3207 3613 3444 3668 adituros
3480 3631 3611 3675 esse,
3652 3617 3772 3684 quia
3802 3614 3944 3684 inju-

2383 3709 2585 3761 stitiam
2632 3707 2875 3762 manibus
2916 3706 3281 3776 complicaturi
3324 3714 3503 3771 erant;
3548 3706 3659 3759 ideo
3695 3706 3942 3758 alienavit

2383 3814 2469 3852 eos
2503 3815 2535 3851 a
2564 3797 2734 3861 vulva,
2767 3806 2835 3861 et,
2863 3797 2941 3851 uel
2975 3808 3251 3865 antequam
3278 3795 3477 3863 ﬁerent,
3507 3796 3561 3847 in
3587 3796 3873 3848 errantium
3892 3806 3941 3849 et

2384 3888 2657 3942 mendacia
2704 3888 3023 3958 loquentium
3062 3902 3274 3939 numero
3318 3886 3454 3953 apud
3484 3904 3538 3939 se
3577 3888 3940 3954 computavit:

2384 3977 2714 4050 permisitq’ue
2744 3976 2936 4040 tamen,
2968 3980 3065 4033 etsi
3126 3980 3253 4031 tales
3281 3979 3486 4047 futuros
3515 3995 3624 4031 esse
3656 3987 3848 4041 nosset,
3880 3987 3937 4032 ut

2383 4074 2561 4143 palam
2587 4072 2874 4142 prodirent,
2908 4090 3008 4143 quo
3040 4073 3350 4140 prwstantia
3365 4072 3632 4139 justorum
3655 4080 3702 4125 et
3727 4072 3935 4141 religio~

2386 4183 2562 4221 sorum
2606 4166 2872 4221 hominum
2901 4182 2963 4221 ea:
3004 4167 3237 4235 pejorum
3281 4166 3667 4231 comparatione
3697 4164 3936 4218 eluceret.

2389 4256 2535 4312 Nam'
2570 4273 2686 4311 cum
2732 4273 2795 4311 ex
2828 4274 2933 4310 una
2967 4274 3142 4311 omnes
3192 4266 3385 4310 natura
3426 4265 3741 4318 constarent,
3781 4254 3939 4309 libero

2382 4350 2467 4404 usi
2514 4351 2753 4413 arbitrio,
2792 4349 2887 4402 alii
2944 4348 3150 4419 quidem
3202 4358 3381 4417 sponte
3432 4346 3617 4399 bonum
3657 4348 3936 4417 elegerunt,

2384 4440 2478 4493 alii
2503 4440 2824 4492 contrariam
2855 4439 3013 4492 iniere
3040 4439 3197 4491 viam.
3224 4437 3353 4502 Quae
3384 4438 3563 4491 omnia
3612 4438 3684 4491 ita
3727 4437 3939 4508 perspi-

2383 4544 2484 4584 cue
2512 4530 2885 4593 enuntiantur,
2914 4536 2970 4582 ut
2989 4526 3195 4597 (Εόίρο
3229 4542 3336 4581 non
3362 4539 3571 4599 egeant.

2988 4656 3216 4713 CAPUT
3257 4659 3343 4715 Vl.

2488 4788 2692 4827 IUSEBII
2749 4787 2813 4826 DE
2853 4786 3023 4826 VERBO
3060 4786 3127 4827 ετ
3165 4787 3312 4826 ι-Ίιιο
3359 4785 3447 4824 DEI
3487 4784 3783 4825 εειιτπιητιι.

2386 4904 2436 4960 1.
2478 4904 2652 4960 Varia!
2685 4906 2825 4959 circa
2859 4902 3077 4958 Eusebii
3112 4902 3174 4956 de
3207 4901 3347 4956 Filio
3377 4901 3473 4955 Dei
3498 4900 3790 4953 doctrinam
3820 4903 3935 4968 opi-

2451 4977 2655 5030 niones.
2704 4972 2787 5029 II.
2834 4973 3087 5029 Eusebius
3132 4973 3281 5025 docet
3329 4974 3582 5023 unitatem
3633 4969 3840 5023 deitatis
3883 4973 3936 5023 in

2452 5062 2554 5098 uno
2599 5044 2759 5099 Patre
2805 5045 3023 5098 servari.
3072 5041 3188 5097 III.
3238 5039 3437 5092 Filium
3489 5038 3635 5107 longe
3685 5041 3936 5093 minorem

2454 5113 2632 5168 Patre.
2670 5113 2774 5180 IV.
2805 5113 3037 5169 Diversa:
3068 5112 3396 5180 substantias.
3443 5107 3503 5161 V.
3540 5108 3803 5180 Interpres
3830 5108 3933 5161 La-

2456 5184 2593 5236 tinus
2630 5202 2647 5233 ι
2680 5177 3152 5237 Demonstrationis
3180 5178 3484 5247 evangelicrv
3521 5197 3537 5227 ι
3568 5177 3629 5247 de
3671 5178 3933 5232 industria

2455 5249 2735 5306 Eusebium
2765 5254 2832 5305 ad
2870 5252 3181 5306 catholicam
3208 5246 3511 5301 sententiam
3543 5246 3779 5302 detorsit.
3836 5248 3929 5304 VI.

2454 5322 2708 5378 Eusebius
2745 5320 2875 5375 Filii
2902 5321 3148 5375 deitatem
3189 5319 3349 5371 aliam
3389 5318 3575 5375 statuit
3616 5335 3646 5369 a
3690 5327 3929 5382 paterna.

2462 5392 2592 5447 VII.
2646 5386 2873 5446 Grandis
2907 5389 3291 5457 paralogismus
3332 5386 3556 5457 Eusebii.
3603 5386 3773 5457 VIII.
3813 5386 3933 5457 Non

2451 5463 2663 5517 obscure
2688 5462 2835 5515 docet
2866 5458 3062 5512 Filium
3084 5455 3186 5510 non
3206 5475 3314 5511 esse
3339 5474 3448 5510 vere
3474 5455 3659 5511 Deum.
3691 5455 3792 5511 IX.
3819 5455 3933 5519 Quo

2453 5548 2605 5587 sensu
2640 5529 2839 5585 Filium
2882 5529 3041 5581 Deum
3071 5544 3180 5581 esse
3211 5525 3371 5581 dicat.
3407 5527 3475 5581 ἔξ.
3514 5526 3685 5591 Quam
3714 5524 3931 5578 adversa

2456 5602 2650 5655 rationi
2696 5608 2747 5654 et
2794 5599 3084 5659 priscorum
3144 5596 3367 5651 Patrum
3417 5597 3681 5651 sententiae
3732 5598 3929 5647 tradat.

2453 5670 2555 5725 XI.
2586 5670 2717 5725 Cum
2750 5669 2959 5721 Arianis
2992 5668 3143 5735 plane
3183 5667 3454 5721 consentit.
3485 5662 3619 5735 XII.
3660 5662 3775 5735 Qua
3802 5680 3932 5735 ism-

2454 5732 3111 5809 ιωιιίατῷ-ὁμουσίῳζεὶυε
3133 5734 3587 5809 consubstantiali,
3611 5732 3933 5809 subscripse-

2453 5813 2539 5863 rit.
2582 5804 2901 5875 XlIIfQuo
2936 5804 3093 5862 sensu
3131 5808 3189 5873 ἐξ
3214 5808 3312 5875 ουκ
3337 5804 3501 5857 οντων
3530 5811 3689 5871 neget,
3714 5812 3761 5854 et
3788 5806 3930 5869 geni-

2452 5892 2559 5933 tum
2606 5873 2995 5933 Filiumrdicat.
3049 5876 3130 5931 XI
3149 5876 3205 5931 l’.
3237 5873 3434 5928 Filium
3476 5879 3621 5943 negat
3661 5883 3929 5927 (eternium.
