4262 6388
296 483 367 544 99
1076 482 1577 540 COMMENTARIA
1615 483 1681 538 IN
1723 481 2064 539 PSALMOS.
2107 512 2176 525 --
2213 480 2737 538 ΡΒΕΗΜΙΝΛΜει
3465 479 3536 535 30

357 598 727 672 XV._S_ungma
742 600 995 672 doctrinm
1013 597 1246 672 Eusebii.
1278 599 1327 654 Χ
1342 566 1608 672 γιλςη
1637 599 1871 668 defendi-
1903 608 1946 660 Α
1976 608 2199 670 occupat
2248 599 2536 666 Eusebius,
2585 600 2714 655 dum
2770 599 2868 653 ait.
2903 597 2977 651 ad
3019 597 3284 664 psalmum
3332 597 3538 668 Asapbi

339 667 510 726 'tur.X
525 669 923 726 VII.Arianum
950 671 1294 753 probanttam
1318 682 1462 743 gesta
1486 667 1642 742 quam
1655 667 1868 738 scripta.

303 779 333 831 l.
366 781 523 832 Varia
541 782 670 832 circa
694 781 900 832 Eusebii
925 783 988 831 de
1013 779 1139 831 Filio
1164 783 1258 833 Dei
1291 779 1560 830 doctrinam
1594 782 1867 843 opiniones.

370 864 587 921 Jamdiu
618 867 763 920 inter
807 866 999 921 doctos
1041 866 1401 935 disceptatum
1447 874 1550 930 est,
1579 884 1700 938 qua
1744 881 1873 921 vera

305 958 468 1020 fuerit
489 958 709 1015 Eusebii
745 958 1101 1016 Caesariensis
1125 961 1192 1015 de
1234 959 1372 1015 Filio
1405 961 1499 1016 Dei
1529 962 1745 1031 opinio;
1780 962 1869 1015 alii

299 1053 448 1108 enim
489 1053 758 1107 catboiice
804 1053 1048 1107 sensisse
1099 1052 1419 1116 defendunt,
1448 1070 1549 1108 nec
1595 1055 1871 1124 quidpiam

305 1141 518 1214 Arianae
549 1144 684 1198 labis
711 1145 767 1197 in
797 1145 1021 1215 scriptis
1063 1145 1185 1214 ejus
1218 1143 1550 1214 deprehendi
1597 1154 1866 1216 pugnant;

303 1235 386 1290 vel
417 1236 464 1289 si
501 1236 630 1306 quid
663 1236 1125 1306 deprehendatur,
1153 1235 1208 1290 in
1241 1236 1308 1291 iis
1346 1245 1494 1293 certe
1522 1239 1741 1307 scriptis
1773 1237 1870 1292 ob-

303 1327 531 1392 servari,
558 1344 678 1398 qua
703 1339 830 1385 ante
853 1328 1124 1384 Nimam
1155 1329 1423 1400 synodum
1452 1331 1650 1398 edidit;
1686 1330 1740 1384 in
1776 1345 1870 1400 po-

301 1418 628 1476 sterioribus
674 1436 785 1476 non
832 1422 961 1475 item
1001 1439 1014 1474 :
1074 1421 1167 1473 alii
1213 1430 1407 1477 contra
1459 1423 1530 1477 ab
1575 1423 1868 1477 Arianismi

301 1516 517 1573 exortu,
553 1510 619 1565 ad
653 1511 860 1566 obitum
895 1526 1077 1575 suum,
1110 1511 1247 1567 adeo
1281 1513 1597 1570 manifestas
1627 1529 1749 1568 cum
1777 1528 1870 1583 ge-

303 1601 403 1656 stis
430 1609 546 1656 tum
572 1602 792 1671 scriptis
822 1602 937 1658 suis
963 1602 1181 1660 dedisse
1205 1603 1866 1659 contendunt'Arianismi

300 1704 482 1760 notas,
535 1694 1016 1764 ut,incunctanter
1059 1697 1202 1751 inter
1243 1696 1571 1750 Arianorum
1622 1697 1868 1766 primipi—

301 1785 445 1842 ιιι-οε
459 1785 965 1841 connumerandum
992 1795 1269 1843 censeant.
1289 1785 1563 1853 Talemne,
1591 1787 1864 1856 inquiunt,

301 1876 598 1940 hominem,
632 1878 726 1946 qui
775 1893 989 1950 semper
1031 1879 1292 1949 augendae
1325 1872 1594 1934 Arianicae
1634 1881 1714 1934 rei
1756 1887 1866 1933 tam

1973 694 2241 748 decimum
2275 708 2288 745 :
2323 694 2438 746 Ἵνα
2473 694 2568 763 μήΔ
2589 709 2674 755 τις
2691 692 2851 746 αὐτὸν
2886 689 3038 760 ψιλὸν
3072 689 3327 743 ὑπολάϐοι
3370 689 3540 760 ἄνδρα

1976 787 2063 838 καὶ
2091 789 2202 848 τοῖς
2231 785 2443 848 πολλοῖς
2474 759 2676 854 ϐμίϐιον,
2705 759 2943 850 θεολογὲί
2967 782 3127 835 αὑτὸν
3163 783 3220 834 ὲν
3260 784 3371 844 τοῖς
3402 759 3542 851 μετὰ

1971 881 2173 946 χεῖρας,
2204 878 2380 946 φήσας
2402 893 2414 905 ·
2458 877 2510 927 '0
2547 874 2690 940 Θεὸς
2729 875 2878 940 ἔστη
2906 873 2974 925 ἐν
3018 870 3337 942 συναγωγῇ
3368 868 3540 924 θεῶν.

1973 968 2080 1020 Καὶ
2116 967 2259 1027 ὃπως
2294 965 2367 1036 μὴ
2398 963 2694 1035 ταραχθείη
2725 974 2809 1024 τις
2847 963 2925 1025 εἰς
2963 960 3054 1014 τὸν
3085 961 3213 1032 περὶ
3243 961 3542 1032 μοναρχίας

1971 1060 2146 1128 λόγον,
2175 1059 2302 1128 Θεὸν
2347 1057 2558 1110 ἀκούων
2588 1056 2676 1108 τὸν
2719 1055 2951 1125 Χριστὸν
2990 1052 3083 1106 τοῦ
3115 1052 3271 1115 Θεοῦ,
3315 1053 3540 1116 εἰκότως

1971 1152 2064 1205 καὶ
2095 1145 2344 1213 πλείονας
2369 1150 2520 1211 θεοὺς
2549 1147 2798 1217 ὀνομάζει
2825 1147 2948 1210 τοὺς
2967 1146 3061 1199 διὰ
3087 1145 3196 1198 τῶν
3226 1145 3353 1216 ἐξῆς
3407 1161 3541 1198 κατ·

1971 1243 2392 1314 ηγορουμένους,
2450 1241 2725 1311 μονονουχὶ
2760 1238 3260 1309 παρακελευόμενος
3313 1235 3386 1308 μὴ
3430 1237 3540 1289 άπ-

1969 1339 2148 1390 οκνεῖν
2173 1335 2378 1388 καὶτὸν
2411 1335 2539 1386 Υίὸν
2569 1334 2660 1387 τοῦ
2687 1333 2820 1386 Θεοῦ
2844 1331 2976 1384 Θεὸν
2999 1329 3314 1384 ἀποκαλεῖν.
3344 1329 3407 1381 El
3430 1327 3539 1400 γὰρ

1967 1429 2017 1482 oi
2048 1426 2450 1498 διαϐαλλόμενοι
2493 1426 2586 1479 τοῦ
2635 1424 2820 1488 ἔθνους
2851 1425 3108 1495 ἄρχοντες
3151 1421 3264 1474 Θεοὶ
3306 1418 3538 1490 ἠξιώθη-

1971 1536 2066 1572 σαν
2098 1518 2484 1589 ὀνομασθῆναι,
2519 1521 2669 1581 ποῖος
2696 1517 2761 1570 ἂν
2802 1516 3012 1585 γένοιτο
3043 1514 3283 1577 κίνδυνος
3327 1513 3417 1565 τὸν
3450 1512 3538 1567 ἂν·

1966 1611 2065 1681 δρα
2101 1610 2198 1679 τῆς
2222 1610 2401 1674 δεξιᾶς
2428 1609 2520 1661 τοῦ
2560 1607 2696 1662 Θεοῦ
2725 1608 2820 1661 καὶ
2851 1607 2942 1658 τὸν
2973 1606 3099 1658 Υἰὸν
3129 1605 3223 1658 τοῦ
3253 1603 3536 1675 ἀνθρώπου

1967 1700 2054 1752 τὸν
2100 1697 2572 1768 κεκραταιωμένον
2614 1696 2745 1750 Θεὸν
2791 1697 3122 1768 ὀμολογεῐν-;
3182 1697 3238 1750 id
3283 1704 3367 1751 est
3402 1716 3414 1750 :
3456 1694 3536 1750 Ne

1967 1794 2080 1863 quis
2113 1794 2285 1859 ipsum
2317 1808 2518 1845 merum
2548 1790 2827 1852 hominem,
2851 1797 2899 1841 et
2931 1788 3112 1842 multis
3138 1787 3263 1841 aliis
3289 1788 3532 1849 similem,

1969 1887 2338 1949 arbitraretur,
2379 1885 2552 1953 ipsum
2585 1881 2666 1934 hic
2710 1881 2878 1935 Deum
2922 1881 3180 1949 pradicat
3221 1880 3302 1932 his
3333 1878 3532 1933 verbis.

297 1970 499 2024 acriter
523 1969 881 2034 adlaboravit,
930 1971 1022 2040 qui
1066 1970 1356 2025 diuturnas
1394 1985 1518 2026 cum
1554 1971 1771 2026 Arianis
1800 1971 1866 2024 ad
1898 1963 1940 2017 Β
1974 1998 1992 2030 ς
2046 1979 2185 2033 Deus
2232 1980 2373 2032 ειειὶι
2406 1979 2459 2030 in
2487 1991 2754 2045 synagoga
2795 1975 3032 2028 deorum.
3063 1992 3084 2024 ι
3133 1973 3208 2026 Ac
3240 1989 3302 2026 ne
3328 1973 3445 2040 quis
3475 1972 3531 2025 οι

298 2061 695 2118 restituendum
726 2063 918 2117 Arium
963 2065 1222 2120 excubias
1250 2066 1384 2134 egit,
1417 2065 1510 2134 qui
1539 2065 1868 2135 capitalibus

297 2153 439 2209 odiis
470 2154 754 2210 catholicae
796 2156 874 2210 rei
901 2171 1156 2225 proceres
1184 2158 1405 2213 assidue
1437 2159 1746 2230 exagitavit,
1775 2176 1868 2215 ca-

296 2245 558 2302 tholicum
592 2250 958 2304 censeamus?
990 2247 1129 2304 Hinc
1171 2251 1219 2306 si
1265 2250 1484 2320 scriptis
1528 2252 1646 2321 ejus
1693 2260 1868 2308 atten-

297 2339 625 2404 das,'aiunt,
659 2340 827 2408 probe
858 2354 980 2394 cum
1010 2339 1180 2410 gestis
1208 2354 1531 2416 consonare
1565 2341 1866 2410 deprehen-

298 2429 430 2484 des:
470 2444 602 2483 nam
626 2431 718 2501 qui
753 2429 946 2485 Filium
978 2431 1182 2501 passim
1200 2421 1480 2487 lniinorem
1507 2430 1691 2496 Patre,
1732 2434 1866 2487 alte-

295 2536 415 2576 rum
444 2499 975 2588 nernminferiorem,
1003 2539 1068 2578 ac
1095 2525 1406 2580 ministrum
1438 2540 1631 2595 purum
1659 2525 1752 2589 ait,
1774 2526 1863 2595 qui

296 2613 607 2671 catholicus
638 2614 937 2669 habeatur?
965 2615 1078 2686 Ego
1109 2632 1239 2672 vero
1275 2618 1343 2674 iis
1372 2618 1464 2689 qui
1503 2619 1862 2672 orthodosum

297 2702 594 2760 Eusebium
629 2713 858 2763 censent
905 2706 974 2761 ad
1022 2708 1158 2763 tanti
1185 2709 1287 2763 viri
1325 2711 1700 2781 purgationem
1737 2711 1862 2765 asti.

293 2798 468 2868 pulari
518 2805 883 2868 peroptarem,
916 2798 963 2854 si
1011 2814 1108 2869 per
1138 2799 1260 2870 ejus
1312 2802 1517 2871 scripta
1561 2803 1781 2866 liceret;
1810 2811 1860 2855 at

294 2906 455 2948 secus
484 2890 717 2946 suadent
743 2905 869 2945 cum
905 2899 1102 2946 caetera
1129 2891 1247 2960 ejus
1271 2906 1457 2962 opera,
1487 2902 1600 2946 tum
1631 2893 1857 2948 maxime

295 2983 346 3037 hi
385 2981 789 3042 commentarii,
821 2981 914 3035 ubi
939 2981 1312 3037 Arianismum
1339 2990 1525 3054 aperte
1556 2983 1863 3052 profitetur.

293 3072 409 3127 Non
439 3088 508 3128 ex
551 3073 734 3143 aliqua
772 3071 938 3142 igitur
970 3074 1322 3144 praajudicata
1353 3075 1610 3144 opinione
1647 3075 1713 3128 ad
1744 3089 1864 3128 eam

293 3167 622 3222 sententiam
664 3167 1009 3221 accedimus:
1058 3167 1260 3222 nedum
1307 3168 1451 3222 enim
1498 3183 1639 3238 agre
1671 3169 1861 3231 feram,

294 3274 641 3329 summopere
674 3259 941 3330 gaudebo,
975 3259 1020 3314 si
1052 3259 1178 3330 quis
1212 3261 1278 3314 ab
1309 3276 1374 3316 eo
1400 3245 1526 3314 non
1559 3261 1720 3316 modo
1748 3262 1861 3315 cul-

294 3367 440 3421 pam,
480 3352 572 3406 sed
606 3351 770 3407 etiam
805 3352 1194 3422 suspicionem.
1227 3353 1502 3408 dimovere
1534 3356 1740 3424 possit:
1776 3354 1862 3408 id—

293 3458 398 3513 que
426 3443 557 3497 mihi
586 3457 692 3496 non
724 3443 994 3498 minus'ex
1021 3445 1320 3507 voluntate,
1343 3460 1505 3514 quam
1528 3457 1723 3515 praeter
1746 3447 1864 3515 opi-

294 3534 512 3589 nionem
537 3534 712 3589 cadet.
756 3532 963 3588 Vereor
991 3537 1135 3589 enim
1178 3543 1236 3588 ut
1269 3537 1360 3604 qui
1393 3537 1721 3590 catholicum
1755 3537 1860 3590 Eu-

295 3625 506 3680 sebium
550 3624 842 3689 afﬁrmant,
877 3634 1084 3697 tantam
1117 3628 1173 3681 in
1204 3626 1493 3694 adversum
1523 3643 1648 3682 mox
1682 3629 1860 3697 proie—

295 3719 520 3782 rendam
563 3719 806 3772 locorum
839 3721 1030 3774 silvam
1078 3735 1438 3789 concoquere,
1469 3727 1522 3773 et
1554 3720 1620 3772 ad
1649 3721 1862 3775 sincera

294 3810 548 3880 dogmata
609 3811 938 3881 detorquere
999 3813 1231 3866 valeant.
1289 3811 1506 3866 Eusebii
1566 3813 1747 3881 itaque
1795 3812 1862 3868 de

293 3901 472 3960 Verbo
509 3913 559 3958 et
595 3901 731 3960 Filio
759 3904 853 3960 Dei
883 3906 1208 3960 sententiam
1255 3906 1309 3959 in
1357 3916 1503 3959 certa
1527 3906 1699 3974 capita
1749 3906 1860 3960 dis-

291 3995 545 4055 tinctam,
604 4005 713 4048 tam
758 4011 825 4050 ex
856 3995 940 4051 bis
974 3996 1407 4061 commentariis,
1441 4011 1606 4066 quam
1640 4012 1705 4050 ex
1740 3998 1862 4053 aliis

288 4083 410 4153 ejus
436 4084 677 4151 scriptis,
707 4085 1054 4154 maximeque
1100 4101 1166 4138 ex
1191 4087 1486 4157 evangelica
1517 4087 1848 4142 Demonstra-

291 4174 451 4236 tione,
476 4179 532 4226 et
552 4187 616 4227 ex
649 4173 803 4228 libris
834 4171 1035 4229 Contra
1063 4172 1375 4228 Marcellum
1396 4177 1452 4230 in
1483 4178 1716 4231 medium
1742 4177 1834 4231 alie

290 4279 510 4322 remus:
546 4279 775 4336 eamque
819 4265 1146 4323 sententiam
1180 4268 1591 4336 amplectentur,
1633 4285 1754 4339 quae
1796 4285 1820 4301 τι

291 4361 408 4430 ipsa
435 4360 512 4412 rei
538 4362 766 4415 veritate
785 4369 839 4417 et
870 4362 1256 4432 perspicuitate
1277 4359 1612 4416 suadebitur.

290 4469 351 4519 Il.
376 4468 621 4519 Eusebius
639 4470 786 4520 docet
808 4475 1048 4523 unitatem
1072 4475 1162 4524 Dei
1201 4477 1251 4523 in
1276 4485 1375 4524 uno
1399 4473 1547 4524 Patre
1576 4479 1774 4525 servari.

565 4550 650 4602 Ill.
687 4553 867 4603 Filium
889 4557 1037 4618 longe
1061 4558 1313 4606 minorem
1333 4557 1488 4606 Patri.

1969 2069 2310 2134 monarchiw,
2345 2069 2452 2121 sive
2493 2067 2649 2119 unius
2695 2066 2960 2134 principii,
2994 2065 3249 2119 rationem
3300 2061 3530 2115 turbare-

1968 2169 2073 2225 tur,
2106 2157 2380 2212 Christum
2421 2156 2520 2209 Dei
2558 2155 2724 2208 Deum
2756 2173 2869 2210 esse
2911 2156 3172 2233 audiens;
3202 2145 3534 2225 congruenter

1965 2248 2049 2300 hic
2077 2248 2269 2301 multos
2307 2247 2431 2301 deos
2467 2248 2704 2300 nominat
2739 2261 2852 2310 eos,
2883 2249 2972 2317 qui
3012 2247 3108 2302 sub
3151 2247 3261 2304 hac
3301 2248 3535 2300 incusan-

1967 2349 2052 2392 tur
2076 2357 2094 2392 :
2126 2350 2332 2393 tantum
2361 2357 2463 2394 non
2490 2341 2797 2408 prtecipiens
2827 2349 2884 2392 ut
2920 2357 2981 2393 ne
3009 2347 3310 2393 cunctamur
3336 2337 3537 2392 Filium

1965 2448 2164 2502 quoque
2198 2431 2293 2486 Dei
2334 2431 2499 2485 Deum
2543 2447 2748 2486 vocare.
2788 2429 2848 2485 Si
2879 2432 3016 2484 enim
3056 2431 3220 2500 gentis
3253 2431 3537 2497 principes,

1964 2527 2051 2587 qui
2087 2524 2224 2578 male
2261 2510 2564 2586 audiebant,
2599 2525 2695 2579 Dei
2722 2524 2932 2578 nomine
2964 2521 3168 2592 dignati
3202 2527 3342 2586 sunt,
3373 2520 3534 2590 quod,

1963 2633 2159 2686 quaso,
2193 2617 2481 2684 periculum
2509 2617 2688 2686 fuerit,
2721 2618 2768 2671 si
2799 2616 2968 2670 virum
3002 2614 3227 2668 dexterae
3247 2612 3340 2666 Dei
3363 2620 3412 2665 et
3444 2610 3538 2664 Fi-

1966 2711 2093 2762 lium
2123 2709 2347 2764 hominis
2373 2711 2766 2779 conﬁrmatum,
2805 2710 2970 2765 Deum
2995 2707 3298 2778 fateamur?
3323 2704 3538 2760 Clarius

1965 2808 2140 2854 autem
2157 2804 2208 2854 in
2228 2801 2568 2870 expositione
2581 2801 2772 2871 psalmi
2800 2797 3278 2863 Lxxxvm,vers.7,
3300 2797 3534 2868 idipsum

1963 2892 2216 2960 exprimit
2268 2891 2352 2946 his
2404 2893 2620 2949 verbis:
2653 2895 2812 2945 Δοκεῖ
2857 2891 2914 2944 δέ
2968 2908 3056 2961 μοι
3088 2893 3116 2943 ὁ
3151 2890 3532 2960 Προφήτης....

1963 2980 2497 3052 ὑπερεκπλήττεσθαι
2532 2984 2623 3036 τὸν
2673 2983 2929 3036 ἐπέκεινα
2981 2982 3214 3041 πάντων,
3253 2981 3347 3032 καὶ
3398 2980 3537 3053 ὑπὲρ

1965 3073 2172 3136 πάντας
2210 3073 2300 3128 τὸν
2343 3074 2624 3146 Μονογενῆ
2656 3075 2747 3129 τοῦ
2783 3074 2918 3129 Θεοῦ
2939 3093 2951 3105 ο
2986 3070 3082 3127 εἶτ’
3111 3076 3175 3126 ὲκ
3198 3071 3289 3125 τοῦ
3323 3070 3536 3141 Οαύμα-

1961 3184 2050 3226 τος
2087 3168 2571 3239 ἀναπεφωνηκὲναι
2601 3169 2680 3233 τὸ,
2719 3171 2846 3223 "Ott
2870 3170 2961 3234 τίς
2989 3167 3058 3220 ἐν
3087 3164 3371 3234 νεφέλαις
3399 3167 3531 3217 ὶσωο

1965 3263 2208 3326 θήσεται
2259 3259 2338 3324 τῷ
2381 3261 2675 3330 Κυρίῳ;ἢ
2726 3261 2866 3313 κατὰ
2921 3260 3011 3312 τὸν
3059 3256 3384 3329 Σύμμαχον·
3444 3257 3536 3322 Τίς

1966 3353 2074 3421 γὰρ
2106 3352 2176 3404 ἐν
2222 3349 2408 3418 αἰθέρι
2440 3349 2896 3417 ἀντιπαραθέσει
2943 3349 3021 3413 τῷ
3052 3351 3246 3417 Κυρίῳ
3289 3351 3357 3402 ἐν
3388 3348 3536 3412 υἱοῖς

1969 3443 2145 3504 ﬁeri};
2173 3441 2354 3494 Ταῦτα
2398 3441 2453 3493 δὲ
2484 3441 2608 3512 περὶ
2643 3441 2738 3510 μὲν
2779 3441 2871 3494 τοῦ
2908 3441 3244 3509 Μονογενοῦς
3281 3439 3375 3492 τοῦ
3402 3437 3536 3492 Θεοῦ

1967 3533 2226 3602 ιιεγόμενα
2259 3531 2418 3596 σώζοι
2453 3531 2518 3584 ἂν
2545 3523 2740 3603 εὐσεϐῆ
2771 3532 2870 3602 τὴν
2902 3532 3156 3594 διάνοιαν,
3190 3532 3250 3584 οὐ
3280 3531 3377 3601 μὲν
3407 3519 3536 3602 περὶ

1963 3624 2054 3677 τοῦ
2086 3625 2298 3695 Πατρὸς
2341 3624 2434 3677 καὶ
2463 3624 2598 3676 Θεοῦ
2627 3624 2734 3677 τῶν
2775 3615 2942 3677 ὅλωνί
2979 3625 3243 3686 ἀνοίκειος
3289 3622 3398 3690 γὰρ
3440 3621 3536 3676 καὶ⁸

1964 3718 2163 3788 ἀσεϐὴς
2201 3721 2233 3790 ἡ
2279 3717 2595 3789 παράθεσις.
2633 3718 2704 3769 Τὸ
2751 3717 2858 3785 γὰρ
2900 3704 3036 3778 υίοίς
3077 3713 3211 3767 Θεοῦ
3256 3713 3535 3783 παραϐάλ-

1963 3809 2073 3862 λειν
2115 3810 2174 3862 τὸ
2228 3810 2443 3863 πάντων
2488 3809 2680 3873 αἴτιον,
2731 3808 2823 3860 καὶ
2869 3807 2929 3858 τὸ
2979 3806 3284 3878 συγκρίνειν
3331 3806 3536 3878 ἑτέροις

1961 3902 2163 3972 τολμᾷν
2193 3902 2283 3953 τὸν
2315 3901 2570 3953 ἐπέκεινα
2615 3899 2721 3951 τῶν
2751 3897 2883 3950 ὅλων
2923 3896 3073 3960 Θεὸν,
3105 3896 3319 3950 πάντων
3345 3895 3410 3948 ἀν
3438 3895 3536 3963 γέ-

1963 4011 2103 4046 νοιτο
2130 3993 2502 4045 ἀνοσιώτατον.
2545 3989 2845 4052 Ἀκίνδυνος
2868 3990 2911 4041 δ’
2948 3989 3012 4041 ἂν
3042 3989 3127 4058 εἴη
3160 3991 3186 4040 ὸ
3218 3987 3370 4054 λόγος
3404 3988 3535 4050 υἱοῖς

1963 4082 2101 4134 Θεοῦ
2146 4082 2455 4152 συγκρίνειν
2494 4080 2621 4133 Υἱὸν
2649 4078 2784 4133 Θεοῦ
2835 4080 3116 4150 μονογενῆ,
3162 4079 3256 4132 καὶ
3294 4079 3351 4130 τὸ
3399 4079 3534 4148 πρὸς

1963 4174 2169 4236 πάντας
2229 4173 2558 4244 ἀσύγκριτον
2613 4171 2775 4224 αὑτοῦ
2835 4173 2927 4225 καὶ
2983 4170 3352 4242 ἀπαράθετον,
3413 4169 3533 4236 καθ’

1965 4261 2267 4333 ὑπερϐολήν
2293 4279 2352 4314 τε
2382 4262 2644 4332 ὑπερέχον
2683 4261 2990 4331 σημαίνειν.
3044 4261 3100 4314 1d
3137 4268 3221 4315 est
3259 4259 3533 4314 :Videtur-

1962 4371 2058 4427 que
2083 4354 2209 4408 mihi
2231 4351 2607 4422 Propheta.....
2643 4370 2759 4408 eum
2788 4355 2876 4423 qui
2905 4369 3081 4407 omnes
3111 4353 3329 4414 excedit,
3356 4368 3531 4418 omnes

1963 4455 2196 4512 superat,
2228 4442 2562 4515 Unigenitum
2606 4442 2705 4495 Dei
2750 4457 2867 4494 cum
2910 4450 3120 4508 stupore
3161 4439 3531 4495 considerare:

1963 4536 2146 4590 deinde
2178 4551 2241 4588 ex
2265 4537 2613 4591 admiratione
2649 4534 2758 4588 lucc
2811 4531 2968 4602 eﬂ'ari
2996 4549 3015 4585 :
3054 4551 3071 4582 ι
3114 4531 3379 4597 Ωιιοηίαὴ
3414 4535 3527 4603 quis

361 4635 445 4689 Ab
475 4635 683 4689 unitate
724 4635 817 4691 Dei
853 4638 1022 4692 ordiri
1054 4655 1231 4708 opem
1272 4641 1506 4709 pretium
1539 4642 1662 4704 em,
1695 4658 1838 4711 quan
1894 4645 1934 4698 υ
1964 4631 2018 4682 in
2065 4627 2286 4683 nubibus
2327 4627 2642 4697 wquabitur
2697 4625 2968 4681 Domino?
3023 4643 3038 4676 ο
3092 4625 3196 4679 sive
3244 4624 3532 4678 secundum

292 4722 563 4800 Eusebius
585 4724 642 4779 in
674 4741 783 4779 uno
812 4725 973 4782 Patre
1007 4732 1237 4795 servari,
1270 4745 1444 4800 neque
1469 4729 1688 4797 Filium,
1716 4735 1858 4788 mul-

291 4824 458 4887 toque
491 4819 674 4878 minus
707 4818 968 4889 Spiritum
997 4830 1268 4887 sanctum,
1296 4823 1349 4877 in
1392 4823 1636 4892 ejusdem
1676 4826 1859 4878 unita-

290 4910 361 4964 tis
392 4912 736 4965 consortium
768 4912 956 4966 venire
980 4913 1128 4967 clare
1157 4922 1211 4968 et
1247 4915 1435 4970 multis
1466 4914 1520 4968 in
1553 4914 1689 4970 locis
1717 4917 1861 4970 aiiir-

289 5008 426 5057 mat.
468 5001 686 5057 Patrem
729 5005 874 5060 enim
909 5005 964 5058 in
996 5019 1054 5059 se
1102 5012 1271 5060 totam
1316 5006 1534 5069 deitatis
1563 5007 1862 5077 plenitudi-

289 5105 436 5154 nem,
470 5095 693 5150 excluso
731 5095 890 5161 Filio,
921 5097 1207 5166 complecti
1247 5098 1471 5163 indicat,
1507 5097 1635 5152 dum
1681 5098 1859 5168 ipsum

291 5182 466 5238 solum
503 5187 704 5255 passim
756 5195 936 5253 vocat,
982 5189 1072 5242 τὸν
1118 5187 1226 5241 τῶν
1271 5187 1406 5241 ὅλων
1437 5189 1591 5254 Θεὸν,
1632 5189 1722 5242 τὸν
1768 5193 1861 5246 ἐπὶ

288 5276 507 5330 πάντων
553 5279 706 5342 Θεὸν,
759 5281 850 5333 τὸν
884 5282 1139 5347 ἐπέκεινα
1179 5279 1392 5334 πάντων
1445 5280 1599 5343 Θεόν,
1650 5281 1704 5335 id
1753 5293 1858 5348 est,

287 5366 457 5420 Deum
485 5370 868 5437 universarum,
899 5373 1064 5427 Deum
1093 5389 1254 5442 supra
1283 5374 1483 5434 omnia,
1512 5372 1676 5427 Deum
1715 5374 1860 5428 ultra

287 5456 496 5519 omnia;
527 5455 832 5530 Filiumque
865 5471 1056 5517 contra
1094 5471 1391 5534 nuncupat,
1419 5463 1671 5534 δεύτερον
1703 5464 1856 5528 Θεὸν,

283 5548 534 5620 δεύτερον
568 5549 792 5621 Κύριον,
821 5554 1106 5608 secundum
1134 5555 1324 5618 Deum,
1361 5555 1643 5609 secundum
1678 5554 1854 5608 Domi-

287 5659 432 5697 num.
485 5641 564 5698 Ne
611 5643 736 5713 quis
776 5659 906 5700 vero
950 5657 1195 5715 reponat,
1239 5647 1456 5703 Patrem
1507 5647 1653 5705 ideo.
1685 5646 1843 5702 Deun

286 5737 670 5792 universorum
702 5737 770 5792 ab
811 5735 1046 5795 Eusebio
1080 5741 1292 5807 vocari,
1326 5739 1472 5810 quod
1510 5741 1581 5795 sit
1613 5741 1765 5810 origo
1803 5753 1845 5795 et

287 5823 411 5882 lous
442 5825 754 5908 Trinitatis,
779 5837 833 5886 et
855 5830 909 5885 in
942 5831 1152 5886 ratione
1188 5835 1439 5904 principii
1475 5833 1684 5902 primus
1708 5833 1854 5886 exsi»

285 5923 423 5980 stat;
477 5916 578 5974 huc
607 5919 931 5980 catholicum
965 5921 1356 5994 interpretandi
1395 5937 1566 5994 genus
1599 5936 1854 5996 τθεΡυθτο

1967 4719 2360 4789 Symmachum,
2392 4726 2413 4767 ·‹
2451 4717 2581 4782 Quis
2608 4718 2745 4770 enim
2779 4718 2834 4771 in
2861 4715 3048 4770 wthere
3077 4714 3308 4783 conferet
3339 4731 3392 4768 se
3422 4711 3533 4767 Do-

1966 4817 2105 4868 mino
2131 4815 2194 4868 in
2235 4813 2363 4880 ﬁliis
2395 4810 2534 4866 Dei?
2575 4829 2592 4860 ι
2640 4810 2769 4865 Haec
2803 4809 2866 4863 de
2904 4807 3180 4879 Unigenito
3226 4807 3323 4862 Dei
3363 4807 3527 4872 dicta,

1962 4908 2106 4973 piam
2138 4910 2344 4956 servant
2369 4903 2718 4964 sententiam;
2749 4901 2812 4955 de
2842 4899 3007 4954 Patre
3037 4916 3155 4956 vero
3193 4915 3255 4950 ac
3287 4897 3394 4950 Deo
3421 4897 3532 4948 uni-

1964 5011 2226 5049 uersorum
2258 5008 2440 5047 secus:
2472 4994 2757 5062 impropria
2778 4993 2916 5046 enim
2935 5003 2983 5046 et
3011 4993 3175 5064 impia
3206 4991 3530 5056 comparatio

1960 5097 2113 5142 esset.
2160 5086 2304 5140 Nam
2343 5088 2471 5158 ﬁliis
2504 5085 2602 5140 Dei
2652 5085 2885 5140 omnium
2935 5100 3153 5138 causam
3196 5082 3449 5150 conferre,
3481 5092 3530 5136 et

1961 5196 2077 5234 eum
2143 5181 2232 5249 qui
2278 5195 2439 5248 supra
2504 5178 2683 5232 omnia
2731 5185 2810 5231 est
2839 5175 2978 5231 Deus
3037 5176 3156 5228 aliis
3203 5189 3527 5251 comparare,

1961 5270 2380 5340 improbissimus
2411 5273 2646 5326 omnium
2673 5285 2833 5324 ausus
2864 5278 3019 5323 esset.
3051 5269 3120 5321 At
3156 5267 3267 5320 sine
3297 5251 3548 5335 periculo-

1963 5365 2136 5419 Filius
2169 5365 2266 5420 Dei
2297 5365 2620 5435 unigenitus,
2652 5363 2783 5432 ﬁliis
2833 5362 2924 5417 Dei
2957 5372 3319 5429 comparatur,
3358 5378 3420 5413 ac
3453 5361 3530 5414 di-

1961 5461 2097 5513 citur
2121 5476 2240 5515 eum
2272 5458 2737 5529 incomparabilem
2771 5474 2903 5520 esse,
2937 5472 3054 5512 cum
3079 5453 3224 5510 nullo
3253 5455 3521 5524 confereno

1959 5551 2103 5616 dum,
2139 5561 2292 5622 atque
2325 5550 2610 5605 admodum
2635 5551 2942 5617 antecellere
2971 5548 3268 5603 asseritur?
3293 5546 3390 5600 Hic
3415 5563 3529 5600 ma-

1963 5644 2156 5698 nifeste
2191 5645 2343 5700 vides
2387 5642 2584 5699 Filium
2632 5644 2791 5714 longe
2829 5643 3085 5697 inferiore
3115 5656 3276 5710 quam
3312 5639 3524 5693 Patrem

1960 5737 2131 5803 gradu
2176 5739 2244 5792 ab
2273 5736 2510 5792 Eusebio
2557 5738 2778 5807 reponi;
2819 5739 2892 5788 ita
2924 5745 2982 5788 ut
3015 5750 3116 5788 nec
3162 5733 3230 5788 ad
3260 5734 3525 5790 unitatem

1963 5830 2075 5893 Dei,
2107 5845 2208 5886 nec
2237 5831 2302 5886 ad
2330 5831 2594 5884 unitatem
2631 5827 2880 5897 principii
2931 5827 3312 5882 universorum
3343 5825 3526 5893 perti-

1961 5929 2106 5990 neat,
2139 5938 2314 5996 neque
2345 5923 2545 5981 deitate
2575 5935 2696 5976 cum
2732 5919 2824 5975 illo
2848 5919 3022 5988 primo
3057 5917 3324 5990 principio
3354 5929 3521 5971 unum
