4262 6422
693 512 758 572 81
1358 505 1627 562 EUSEBII
1657 503 2130 561 CESARIENSIS
2167 502 2316 557 OPP.
2350 501 2528 555 PARS
2568 499 2654 554 Ill.
2694 531 2763 540 —
2800 492 3207 551 EXEGETICA.
3835 489 3907 546 32

697 635 789 688 sit.
838 631 966 685 Nam
1014 629 1101 683 ubi
1134 627 1336 683 dictum
1379 628 1532 692 illud,
1565 626 1699 681 Deus
1734 629 1877 680 stetit
1909 629 1960 679 in
1988 641 2251 695 synagoga
2280 636 2293 687 λ

2387 623 2471 675 πελ.
2514 622 2607 674 καὶ
2652 621 2809 682 αὐτὸς
2850 622 2877 671 ὁ
2909 618 3034 681 Υἱὸς
3070 616 3242 687 ἀρχὴν
3278 616 3633 687 ἐπιγράφεται
3676 614 3766 667 τὸν
3805 616 3931 677 air—1

698 724 934 782 deorum,
966 721 1033 775 de
1062 718 1199 773 Filio
1228 718 1322 773 Dei
1350 719 1603 788 explicat,
1644 734 1707 772 ac
1741 718 1873 771 nihil
1905 717 2248 770 metuendum

701 814 799 875 ait,
825 796 1127 875 etsi'Filius
1158 810 1299 864 Deus
1328 820 1571 874 vocetur,
1600 824 1667 862 ne
1699 809 1878 863 unitas
1922 808 2170 877 principii
2201 817 2253 862 et

701 905 918 958 deitatis
952 905 1201 968 tollatur;
1232 919 1340 956 non
1372 918 1550 956 veram
1587 902 1676 955 ille
1702 916 1922 955 causam
1955 900 2127 964 aﬂ‘ert,
2156 916 2254 953 cur

703 996 828 1049 hinc
853 994 999 1049 nulla
1029 996 1401 1064 multiplicitas
1441 993 1663 1048 deorum
1696 994 1984 1048 metuenda
2013 994 2102 1058 sit,
2129 994 2254 1062 quia

704 1085 910 1141 scilicet
940 1084 1097 1139 Pater
1135 1092 1188 1139 et
1232 1083 1420 1149 Filius,
1466 1101 1605 1140 unus
1633 1084 1792 1147 Deus,
1841 1100 2006 1147 unum
2054 1085 2255 1154 princi-

703 1174 848 1243 pium
896 1190 1077 1229 rerum
1106 1183 1265 1237 sunt;
1311 1174 1426 1239 sed,
1459 1178 1552 1239 ait,
1586 1176 1843 1244 quoniam
1877 1162 1979 1245 ipsi
2014 1176 2257 1231 homines

703 1263 778 1315 dii
823 1271 1106 1326 vocantur,
1149 1266 1281 1334 quin
1323 1266 1429 1318 ulla
1466 1266 1595 1318 hinc
1626 1265 1852 1318 deorum
1889 1265 2258 1332 multiplicitas

703 1352 889 1407 inferri
939 1356 1133 1423 possit,
1182 1372 1340 1426 posse
1385 1358 1587 1425 pariter
1641 1354 1833 1409 Filium
1888 1356 2051 1409 Deum
2098 1356 2205 1410 dici
2241 1396 2255 1417 ,

704 1447 837 1515 quin
868 1448 1068 1501 multos
1114 1463 1236 1502 esse
1269 1448 1400 1502 deos
1446 1449 1808 1516 suspicemur.
1857 1448 2068 1502 Etenim
2104 1457 2160 1502 ut
2206 1450 2261 1502 in

704 1537 827 1590 loco
874 1538 976 1591 sub
1025 1538 1141 1591 huic
1182 1539 1343 1593 allato
1388 1539 1745 1608 significatur,
1791 1539 1947 1609 longe
1990 1539 2263 1595 inferioris

707 1636 906 1699 gradus
944 1635 1047 1689 est,
1097 1643 1257 1696 quam
1296 1636 1351 1681 ut
1393 1629 1563 1698 possit
1605 1628 1669 1683 ad
1716 1630 1941 1698 primam
1994 1629 2137 1681 illam
2171 1628 2263 1683 Dei

708 1721 973 1795 unitatem
1004 1720 1297 1796 pertinere,
1329 1702 1511 1787 utpote
1542 1734 1699 1787 quem
1745 1719 2010 1773 creaturis
2054 1734 2268 1787 compa-

706 1824 830 1863 rare
857 1809 1036 1873 liceat,
1066 1811 1169 1865 etsi
1207 1810 1380 1863 multo
1411 1809 1759 1864 excellentior
1785 1810 1853 1862 iis
1891 1810 1962 1861 sit
1987 1825 1999 1859 :
2028 1809 2173 1877 quod
2199 1808 2268 1863 de

709 1900 866 1955 Patre
899 1916 1140 1957 asserere
1170 1901 1551 1969 impiissimum
1577 1909 1629 1954 et
1660 1898 2118 1968 improbissimum
2148 1914 2268 1953 esse

2353 713 2446 765 τοῦ
2476 711 2709 781 Πατέρα.
2746 709 2969 779 Κεφαλὴ
3010 710 3117 779 γὰρ
3156 706 3386 778 Χριστοῦ
3417 708 3444 758 ὁ
3470 705 3617 767 Θεὸς,
3647 707 3785 758 κατὰ
3816 706 3936 767 τὸν

2365 803 2696 863 Ἀπὸστολον,
2727 803 2829 854 hoc
2854 810 2933 855 cst
2958 820 2969 853 :
2998 801 3060 853 At
3081 800 3289 864 vereris,
3316 800 3385 851 mi
3408 798 3677 859 homo,ne,
3706 798 3751 849 si
3772 798 3908 849 duas

2352 896 2553 963 fateare
2579 894 2923 953 substantias,
2953 892 3055 943 dno
3082 892 3204 943 item
3232 889 3486 956 prinripia
3520 886 3760 944 inducas.
3795 895 3842 936 et
3866 892 3909 937 'a

2352 984 2686 1038 monarchica
2713 982 2903 1034 deitate
2932 980 3163 1035 excidas.
3198 980 3384 1034 Discas
3416 981 3593 1049 igitur,
3631 977 3766 1047 quod
3790 993 3910 1028 cum

2354 1092 2487 1128 unus
2522 1076 2589 1127 sit
2614 1074 2723 1126 sine
2747 1073 3001 1139 principio
3025 1081 3071 1123 et
3117 1072 3375 1140 ingenitus
3417 1069 3577 1131 Deus,
3616 1067 3785 1120 Filius
3815 1082 3912 1118 an-

2359 1178 2458 1220 tem
2505 1181 2567 1219 ex
2612 1164 2703 1217 illo
2745 1166 3009 1235 gignatur,
3059 1178 3219 1214 unum
3270 1162 3561 1213 necessario
3598 1160 3913 1227 principium

2358 1260 2539 1325 fuerit,
2574 1257 2875 1309 monarcltia
2907 1263 2955 1307 et
2986 1268 3197 1323 regnum
3226 1268 3421 1311 unum;
3449 1252 3573 1321 quia
3601 1253 3709 1319 ipse
3739 1248 3914 1303 Filius

2361 1350 2575 1403 Patrem
2603 1365 2751 1401 suum
2783 1348 3097 1416 principium
3132 1346 3387 1399 ascribit:
3418 1345 3736 1412 saput,enim
3768 1342 3919 1397 Chri-

2358 1443 2429 1494 sti
2462 1439 2602 1494 Deus
2636 1448 2733 1502 est,
2765 1439 3045 1492 secundum
3091 1437 3400 1507 Apostolum
3447 1435 3497 1505 (I
3532 1428 3655 1489 Cor.
3698 1450 3775 1500 ιι,
3836 1435 3912 1503 '5).

2363 1530 2464 1585 Ubi
2496 1532 2678 1584 videas
2702 1529 3103 1583 monarchicam
3131 1529 3246 1583 sive
3272 1541 3433 1581 unam
3466 1527 3608 1579 illam
3642 1535 3693 1580 et
3726 1526 3921 1594 prima-

2362 1621 2502 1673 riam
2537 1620 2810 1684 deitatem,
2858 1634 2925 1672 ex
2974 1616 3206 1672 Eusebio
3253 1619 3307 1671 in
3340 1617 3497 1670 Patre
3540 1616 3656 1669 solo
3687 1616 3915 1670 servari.

2366 1711 2504 1776 Quia
2560 1725 2687 1763 vero
2733 1710 2969 1778 aliquam
3017 1706 3195 1763 Patris
3226 1719 3280 1763 et
3324 1706 3447 1761 Filii
3498 1708 3757 1761 unitatem
3799 1720 3929 1760 esse

2364 1802 2663 1857 concedere
2693 1816 2916 1855 necesse
2949 1800 3050 1854 fuit
3075 1800 3374 1855 secundum
3402 1800 3531 1853 illud
3557 1820 3567 1853 :
3605 1798 3717 1869 Ego
3742 1808 3791 1851 et
3820 1796 3925 1851 Pa-

2369 1904 2442 1948 ter
2470 1909 2627 1946 unum
2664 1908 2843 1945 sumus
2872 1892 3055 1962 (Joan.
3084 1907 3138 1957 ι,
3161 1889 3273 1959 ⁸50),
3315 1891 3675 1945 animadverte
3718 1890 3772 1943 in
3813 1903 3923 1959 quo

709 1991 785 2043 ait
807 1974 1087 2044 Eusebius.
1115 1966 1320 2041 Similia
1344 1988 1585 2042 habetin
1619 1966 2068 2041 Dcnionstratione
2113 2005 2267 2042 evan-
2295 1966 2339 2023 Β
2366 1984 2525 2036 talem
2571 1982 2869 2035 constituat
2914 1983 3178 2036 unitatem
3224 1978 3509 2045 Eusebius,
3536 1981 3571 2034 l.
3624 1996 3683 2033 Ill
3723 1978 3925 2035 Contra

709 2080 894 2149 gelica,
927 2080 963 2132 l.
996 2095 1070 2142 vt,
1107 2094 1157 2146 p.
1191 2077 1316 2139 257,
1350 2078 1438 2131 ubi
1471 2078 1538 2131 de
1576 2076 1736 2131 Patre
1772 2084 1825 2132 et
1856 2076 1992 2131 Filio
2030 2078 2155 2131 talia
2188 2076 2269 2130 ta-

712 2178 801 2223 tur
828 2186 839 2219 :
870 2168 1062 2237 Σαφῶς
1095 2171 1149 2220 ὲν
1181 2170 1259 2237 τῷ
1283 2169 1511 2238 πέμπτῳ
1542 2169 1929 2238 συγγράμματι
1956 2170 2051 2235 τῆς
2079 2171 2270 2237 Εὐαγ-

718 2256 961 2327 γελικῆς
1007 2257 1374 2322 Ἀποδείξεωλς
1424 2258 1721 2326 ὡρισμένου
1762 2260 1851 2311 τοῦ
1898 2260 2023 2329 περὶ
2061 2259 2271 2329 Πατρὸς

714 2348 808 2401 καὶ
843 2346 975 2400 Υἱοῠ
1004 2348 1179 2416 λόγου,
1223 2348 1316 2401 καὶ
1347 2349 1478 2401 Θεοῦ
1513 2352 1605 2420 μὲν
1653 2350 1767 2412 ἐνὸς
1798 2351 1889 2403 τοῦ
1929 2353 2019 2404 ἐπὶ
2055 2352 2271 2405 πάντων

711 2437 1145 2508 ὡμολογημένον,
1174 2438 1425 2508 δευτέρας
1452 2441 1507 2493 δὲ
1540 2441 1653 2511 μετ’
1687 2442 1845 2493 αὑτὸν
1871 2442 2272 2512 ἀποδειχθείσης

711 2529 900 2591 οὐσίας
932 2530 1235 2599 ἡγουμένης
1266 2532 1371 2582 τῶν
1405 2530 1644 2598 γενητῶν
1680 2531 1956 2594 ἁπάντων,
1989 2533 2053 2603 ἣν
2082 2534 2272 2601 σοφίαν

714 2619 871 2683 Θεοῦ,
898 2638 952 2673 κ.
989 2637 1038 2672 τ.
1062 2619 1112 2675 λ.
1148 2619 1262 2674 Hoc
1281 2631 1398 2675 est:
1424 2620 1621 2689 Cum'jn
1637 2622 1816 2689 quinto
1846 2620 2167 2691 Evangelica:
2184 2623 2276 2675 de-

714 2708 1113 2761 monstrationis
1157 2707 1310 2772 libro,
1347 2709 1484 2762 clare
1509 2710 1571 2763 de
1588 2709 1748 2762 Patre
1769 2720 1817 2763 et
1845 2710 1981 2764 Filio
2004 2711 2275 2779 deﬁnitum

715 2804 1075 2867 statutumque
1108 2798 1292 2867 fuerit,
1340 2816 1400 2852 ac
1447 2799 1614 2855 Deum
1652 2800 1858 2870 quidem
1906 2817 2066 2854 unum
2113 2819 2276 2871 supra

717 2887 893 2940 omnia
934 2904 1045 2942 esse
1078 2888 1425 2955 declaratum,
1475 2891 1755 2945 secundam
1798 2908 1917 2946 vero
1960 2903 2075 2962 post
2104 2894 2276 2964 ipsum

717 2980 1069 3035 substantiam
1090 2999 1220 3049 esse,
1251 3000 1365 3055 qua:
1391 2984 1629 3038 omnibus
1652 2987 1874 3055 opiﬁciis
1902 2988 2101 3055 pstesit,
2132 3004 2275 3041 com-

716 3082 1064 3127 monstratum
1090 3076 1181 3137 sit,
1205 3092 1361 3145 quant
1390 3077 1707 3144 sapientiam
1737 3076 1867 3141 Dei,
1891 3084 2021 3143 etc.,
2058 3080 2150 3133 ubi
2192 3079 2277 3133 in-

718 3172 928 3232 terpres
959 3165 1050 3233 qui
1083 3165 1220 3219 solet
1245 3164 1463 3219 Eusebii
1483 3166 1627 3219 dicta
1683 3166 1749 3221 ad
1782 3167 1923 3236 piam
1956 3172 2277 3225 sententiam

719 3251 777 3304 in
811 3251 1061 3307 versione
1093 3268 1189 3306 sua
1221 3254 1564 3323 detorquere,
1594 3263 1868 3324 postrema
1908 3258 1987 3311 sic
2014 3259 2279 3329 interpre-

718 3349 902 3395 tatur:
938 3340 1005 3394 Et
1049 3341 1263 3397 Patrem
1291 3346 1495 3414 quidem
1530 3347 1693 3402 Deum
1732 3365 1891 3403 unum
1934 3365 2046 3403 esse
2093 3354 2282 3404 consti~

724 3432 823 3493 tit;
854 3430 1081 3485 alteram
1124 3443 1297 3487 autem
1332 3445 1520 3502 prwter
1547 3437 1699 3491 illum
1737 3449 1787 3491 et
1833 3454 1951 3490 cum
1986 3438 2079 3491 illo
2106 3454 2281 3507 perso-

722 3540 846 3575 nam
888 3538 1018 3586 esse,
1045 3540 1160 3593 qua:
1199 3525 1374 3577 omnia
1403 3543 1517 3595 qua:
1549 3527 1691 3595 facta
1720 3537 1841 3581 sunt
1871 3529 2166 3591 antecedat,
2201 3528 2283 3582 de-

724 3624 1073 3669 monstratum
1108 3624 1204 3669 est.
1237 3614 1355 3680 Q‘uo
1384 3615 1439 3670 in
1487 3617 1608 3671 loco
1637 3619 1821 3672 οὐσίαν
1864 3619 1953 3673 ille
1981 3635 2277 3685 personam,

722 3707 905 3771 vertit,
955 3706 1057 3762 etsi
1107 3708 1468 3763 substantiam
1514 3711 1776 3780 signiﬁcet
1816 3711 1904 3779 hic
1950 3720 2005 3766 et
2055 3711 2109 3765 in
2160 3712 2281 3766 aliis

724 3793 942 3850 Eusebii
988 3796 1142 3859 locis,
1192 3803 1251 3849 ut
1295 3812 1361 3850 ex
1414 3801 1657 3868 repetitis
1694 3802 1967 3873 sub'haec
2019 3800 2283 3870 exemplis

723 3884 1003 3952 propalam
1042 3885 1145 3938 erit
1181 3904 1193 3938 :
1226 3886 1359 3940 illud
1400 3896 1579 3943 autem
1627 3893 1741 3959 μετ’
1776 3891 1960 3956 αὐτόν,
1999 3907 2283 3961 perperam

724 3974 886 4027 vertit
930 3972 1039 4037 i‘lle,
1072 3986 1260 4043 prazter
1287 3977 1437 4029 illum
1466 3986 1515 4027 et
1548 3994 1665 4031 cum
1691 3981 1804 4045 illo,
1836 3997 1960 4035 cum
1987 3992 2170 4052 aperte
2207 3982 2283 4037 si—

725 4060 963 4129 gniﬁcet,
988 4072 1104 4129 post
1136 4064 1308 4129 illum,
1342 4081 1443 4119 nec
1479 4082 1701 4123 numero
1726 4077 1958 4138 tantum,
1984 4071 2077 4127 sed
2106 4073 2285 4143 digni-

726 4160 838 4207 tate
882 4160 937 4207 et
983 4157 1325 4224 praestantia;
1366 4166 1423 4211 ut
1463 4143 1536 4214 ex.
1564 4160 1677 4229 jam
1720 4162 1884 4218 dictis
1935 4162 2282 4219 manifestum

725 4253 830 4307 est,
878 4252 933 4298 et
972 4261 1037 4299 ex
1083 4245 1222 4299 infra
1270 4247 1514 4305 dicendis
1555 4252 1816 4321 liquidius
1860 4256 2154 4309 constabit.
2196 4255 2285 4310 Ait

726 4337 993 4406 siquidem
1010 4338 1102 4391 lib.
1142 4353 1177 4391 ιι
1212 4337 1409 4393 Contra
1431 4340 1760 4410 Marcellum,
1784 4361 1838 4414 p.
1863 4346 1964 4400 109
1991 4364 2004 4401 :
2032 4347 2165 4399 Οὐδὲ
2192 4346 2284 4400 δύο

726 4428 881 4492 θεοὺς
900 4430 1108 4500 ἀνάγκη
1136 4426 1315 4484 δοῦναι
1340 4432 1432 4485 τὸν
1457 4432 1551 4496 τὰς
1573 4432 1664 4486 δύο
1692 4435 2012 4503 ὑποστάσεις
2034 4438 2278 4496 τιθένταὲ

725 4522 847 4575 οὐδὲ
880 4523 988 4591 γὰρ
1026 4523 1295 4594 ἰσοτίμους
1327 4525 1496 4588 αὑτὰς
1525 4525 1837 4597 ὁριζόμεθα,
1870 4529 1922 4582 id
1949 4539 2033 4585 est
2063 4550 2081 4584 ς
2105 4530 2283 4601 Neque

2366 2072 2698 2135 Marcellum;
2729 2087 2777 2126 c.
2812 2073 2897 2135 19,
2937 2088 2989 2141 p.
3030 2072 3161 2126 192:
3196 2072 3304 2124 Kal.
3340 2071 3403 2141 δὴ
3432 2071 3569 2123 κατὰ
3616 2072 3799 2137 τοῦτον
3832 2072 3931 2125 τὸν,

2365 2165 2564 2233 τρόπον
2594 2166 2650 2216 ἓν
2682 2164 2815 2234 πρὸς
2848 2164 2937 2215 τὸν
2966 2164 3181 2233 Πατέρα
3214 2163 3307 2214 καὶ
3350 2162 3441 2214 τὸν
3474 2161 3598 2214 Υἰὸν
3632 2165 3679 2215 οἱ
3726 2163 3925 2225 πάντες

2366 2255 2723 2325 γενησόμεθα.
2760 2256 2965 2325 Ὥσπερ
3009 2253 3117 2326 γὰρ
3167 2254 3325 2317 αὐτὸς
3374 2254 3665 2313 ὲαυτόντε
3712 2254 3927 2306 καὶτὸν

2368 2348 2585 2418 Πατέρα
2608 2346 2663 2399 ἓν
2689 2342 2825 2400 εἶναι
2860 2346 3033 2411 ἔλεγε,
3066 2346 3321 2414 φάσκων’
3368 2346 3508 2416 Ἐγὼ
3534 2346 3629 2399 καὶ
3663 2350 3695 2401 ό
3729 2346 3943 2425 ηατὴρ⁵

2367 2443 2435 2496 ἓν
2464 2443 2682 2513 ἐσμεν·
2714 2440 2857 2494 οὕτω
2890 2442 2980 2493 καὶ
3025 2438 3227 2501 πάντας
3256 2439 3421 2508 ἡμᾶς,
3453 2438 3593 2491 κατὰ
3620 2438 3731 2509 ’τὴν
3764 2436 3937 2489 αὑτοῦ.

2350 2536 2620 2607 μίμησιν,
2662 2533 2760 2602 τῆς
2803 2524 3053 2605 ὲνὸτητος
3092 2531 3188 2601 τῆς
3232 2530 3393 2583 αὐτοῦ
3446 2532 3734 2601 μετασχεῖν
3777 2528 3931 2597 εὔχε-

2368 2640 2487 2676 ται·
2531 2623 2590 2675 οὑ
2643 2620 2782 2674 κατὰ
2828 2620 3145 2689 Μάρκελλον
3196 2619 3289 2672 τοῦ
3334 2620 3503 2687 Λόγου
3536 2619 3800 2687 ἑνωμένου
3852 2611 3931 2686 τῷ

2370 2713 2505 2784 Θεῷ,
2536 2712 2629 2765 καὶ
2656 2714 2718 2781 τῇ
2748 2710 2905 2780 οὐσίᾳ
2936 2710 3405 2779 συναφθησομένου
3427 2725 3441 2740 ο
3465 2707 3643 2769 καθὼς
3669 2708 3727 2759 δὲ
3755 2708 3929 2778 ἐμαρ-

2371 2804 2601 2875 τύρησεν
2634 2805 2666 2873 ἡ
2701 2802 2947 2871 ἀλήθεια,
2982 2802 3009 2852 ὁ
3036 2800 3223 2870 Σωτὴρ
3256 2800 3418 2862 αὐτὸς
3454 2797 3617 2851 εἰπών
3639 2815 3652 2827 ·
3690 2797 3808 2864 Τὴν
3834 2797 3932 2851 δό-

2373 2897 2487 2962 ξαν
2514 2896 2593 2965 ἢν
2616 2895 2841 2961 ἔδωκάς
2861 2911 2983 2964 μοι,
3011 2892 3235 2946 δέδωκα
3274 2891 3476 2957 αὐτοῖς
3494 2933 3509 2956 ,
3539 2892 3638 2944 ἵνα
3662 2886 3812 2945 ὦσιν
3841 2888 3929 2955 ἐν,

2372 2989 2564 3055 καθὼς
2589 2989 2683 3041 καὶ
2702 2987 2870 3056 ἡμεῖς
2888 2987 2955 3040 ἒν
2981 2986 3185 3053 ἐσμεν.
3220 2982 3331 3037 Hoc
3360 2994 3443 3038 est
3471 3002 3483 3037 :
3512 2983 3677 3053 Atque
3696 2983 3761 3034 ad
3797 2983 3933 3035 hunc

2373 3082 2583 3134 modum
2614 3096 2706 3132 nos
2748 3094 2922 3131 omnes
2952 3093 3069 3130 cum
3093 3074 3252 3129 Patre
3278 3084 3326 3128 et
3357 3074 3497 3128 Filio
3523 3090 3685 3128 unum
3710 3076 3927 3127 erimus.

2379 3169 2831 3239 Quemadmodum
2872 3168 3009 3221 enim
3034 3169 3142 3237 ipse
3175 3184 3227 3220 se
3271 3175 3320 3220 et
3369 3164 3581 3219 Patrem
3629 3180 3790 3218 unum
3824 3182 3937 3219 esss

2384 3261 2539 3320 dixit.
2576 3279 2594 3310 ι
2629 3260 2755 3329 Ego,
2780 3261 3037 3329 inquiens,
3074 3268 3123 3312 et
3158 3260 3317 3312 Pater
3350 3273 3511 3309 unum
3544 3270 3758 3319 sumus;
3790 3274 3808 3307 ι
3857 3257 3936 3315 ita

2380 3367 2599 3421 quoque,
2624 3359 2681 3402 ut
2736 3348 2803 3403 ad
2852 3350 3015 3418 ipsius
3079 3349 3425 3401 imitationem
3471 3364 3563 3401 nos
3598 3363 3771 3407 omnes
3796 3347 3938 3416 ejus-

2382 3440 2497 3495 dem
2525 3441 2731 3493 unionis
2753 3440 3030 3506 participes
3054 3441 3235 3504 simus,
3265 3445 3503 3507 precatus
3531 3446 3624 3490 est.
3654 3435 3775 3491 Non
3801 3438 3937 3507 quod

2396 3530 2638 3593 Verbum,
2667 3540 2723 3582 ut
2758 3528 3043 3584 Marcellus
3073 3529 3200 3596 vu!t,
3234 3530 3446 3582 uniatur
3472 3526 3601 3593 Deo,
3625 3540 3673 3582 et
3693 3530 3939 3582 substan-

2387 3621 2582 3673 tialiter
2616 3622 2715 3688 ipsi
2745 3620 3091 3691 conjungatur
3115 3638 3133 3675 :
3162 3621 3251 3691 sed
3291 3630 3349 3675 ut
3379 3621 3591 3683 veritas,
3627 3621 3731 3688 ipse
3760 3617 3941 3673 Serua-

2388 3720 2469 3764 tor
2504 3712 2723 3775 scilicet,
2762 3713 3076 3781 testiﬁcatur
3108 3712 3316 3768 dicens:
3351 3730 3369 3762 ι
3409 3710 3641 3766 Gloriam
3668 3725 3825 3781 quam
3857 3710 3941 3763 de-

2385 3802 2513 3855 disti
2542 3803 2669 3855 mihi
2693 3802 2815 3856 dedi
2849 3804 2946 3868 eis,
2978 3813 3034 3854 ut
3066 3803 3169 3856 sint
3200 3818 3361 3855 unum
3396 3804 3531 3855 sicut
3563 3813 3611 3854 et
3646 3818 3739 3855 nos
3778 3806 3940 3853 unum

2386 3888 2563 3947 sumus
2597 3894 2776 3961 (Joan.
2818 3908 2953 3956 xvn,
2996 3892 3141 3961 22).»
3180 3890 3279 3946 Ubi
3306 3894 3563 3946 unitatem
3602 3892 3745 3945 illam
3780 3895 3943 3949 subs-

2387 3985 2663 4039 tantialem
2729 3983 2906 4037 Patris
2969 3998 3091 4057 cum
3167 3981 3303 4036 Filio
3382 3982 3619 4037 dilucide
3703 3970 3947 4053 esplodit‘
4002 3968 4011 3975 “

2388 4074 2686 4139 Eusebius;
2720 4074 2950 4151 vultque
2990 4081 3200 4127 tantum
3248 4072 3392 4126 illam
3440 4072 3700 4126 unitatem
3747 4088 3942 4129 conce-

2387 4165 2535 4229 dere,
2569 4180 2675 4234 qua
2706 4182 2774 4219 ex
2802 4167 3112 4237 dignatione
3138 4166 3369 4235 quadam
3406 4164 3791 4221 Pater.Filium
3828 4166 3945 4236 glo-

2388 4256 2481 4310 ria:
2509 4271 2618 4311 suae
2649 4258 2967 4327 participem
3001 4258 3182 4319 eﬂicit,
3209 4265 3270 4311 ut
3296 4264 3349 4312 et
3374 4255 3544 4311 Filius
3572 4273 3673 4311 nos
3700 4257 3943 4325 ejusdem

2387 4348 2571 4419 gloria:
2613 4356 2895 4405 consortes
2934 4348 3187 4404 reddidit.
3226 4348 3340 4402 Sub
3385 4348 3499 4401 haec
3546 4355 3727 4402 autem
3768 4348 3943 4403 eidem

2388 4441 2802 4511 comprobanda:
2830 4443 3110 4497 sententiae
3138 4447 3283 4495 totus
3312 4434 3537 4504 insustit,
3561 4450 3723 4509 atque
3756 4441 3829 4494 ita
3857 4439 3946 4495 de-

2387 4548 2535 4586 mum
2564 4533 2873 4587 concludit:
2916 4531 3101 4593 Οὒτως
3130 4527 3223 4583 οὖν
3252 4531 3309 4583 ἓν
3338 4532 3478 4583 εἰσιν
3510 4534 3537 4584 ὁ
3570 4530 3755 4601 Πατὴρ
3789 4530 3882 4582 κα)⁸
3913 4530 3942 4581 ὁ

727 4628 930 4665 necesse
961 4622 1037 4665 est
1065 4629 1185 4665 eum
1224 4614 1353 4667 duos
1386 4615 1508 4669 deos
1538 4616 1716 4685 fateri,
1740 4618 1829 4685 qui
1852 4617 1986 4672 duas
2012 4620 2284 4674 admiserit

2390 4623 2514 4686 Υἱὸς
2552 4624 2689 4677 κατὰ
2728 4624 2826 4694 τὴν
2872 4622 3150 4676 κοινωνίαν
3192 4622 3291 4691 τῆς
3329 4622 3504 4691 δόξης,
3540 4618 3606 4694 ἧς
3637 4626 3747 4685 τοῖς
3780 4622 3944 4676 αὐτοῦ

728 4700 1053 4756 substantias
1075 4719 1093 4756 :
1136 4720 1236 4757 non
1271 4705 1407 4757 enim
1437 4706 1561 4759 illas
1599 4707 1794 4761 honore
1830 4723 1980 4776 pares
2016 4725 2125 4761 esse
2166 4710 2287 4778 deﬁ-

730 4794 934 4857 nimus;
965 4794 1037 4847 ita
1070 4802 1130 4848 ut
1177 4803 1402 4851 eatenus
1446 4798 1703 4853 unitatem
1743 4800 1960 4855 deitatis
2004 4802 2165 4854 statui
2198 4818 2288 4856 vc-

728 4885 811 4949 lit,
845 4894 1113 4955 quatenus
1143 4888 1233 4941 illa
1271 4888 1448 4958 prima
1484 4889 1677 4951 deitas,
1709 4892 2053 4961 primumque
2086 4892 2290 4961 princi-

727 4976 875 5046 pium
928 4977 983 5030 in
1033 4995 1143 5033 uno
1191 4980 1354 5035 Patre
1404 4990 1671 5045 servatur,
1718 4984 1805 5036 cui
1860 4984 2019 5053 longe
2070 4983 2291 5038 inferior

728 5067 871 5125 Deus
913 5068 1102 5135 Filius,
1147 5074 1200 5126 iu
1252 5076 1458 5127 unitate
1502 5074 1591 5127 illa
1634 5089 1743 5127 non
1779 5076 2287 5144 comprehendatur.

730 5158 882 5223 Quod
921 5160 1009 5214 ille
1043 5162 1239 5217 ibidem
1279 5165 1508 5218 alTIrmat
1548 5164 1635 5217 his
1676 5165 1891 5219 verbis:
1942 5166 2098 5220 Ἀλλὰ
2130 5166 2289 5237 φοϐῇ,

670 5308 677 5317 1
727 5242 773 5301 ὦ
801 5250 1069 5321 ἄνθρωπε,
1107 5254 1180 5323 μὴ
1218 5255 1309 5306 δύο
1340 5256 1661 5319 ὑποστάσεις
1689 5256 2045 5327 ὁμολογήσας,
2079 5259 2171 5311 δύο
2197 5260 2293 5328 ἀρα

730 5340 829 5407 χὰς
850 5336 1185 5412 εἰσαγάγοις,
1221 5348 1312 5398 καὶ
1344 5349 1440 5415 τῆς
1471 5350 1803 5418 μοναρχικῆς
1837 5346 2082 5416 θεότητος
2128 5349 2289 5402 ἐκπέ-

737 5446 867 5493 σοις.
903 5434 1151 5488 Μάνθανε
1198 5436 1394 5501 τοίνυν,
1442 5439 1535 5503 ὼς,
1573 5439 1687 5500 ἐνὸς
1729 5439 1879 5501 ὄντος
1925 5439 2157 5510 ἀνάρχου
2202 5440 2292 5491 καὶ

734 5522 1023 5592 ἁγεννήτου
1066 5526 1221 5590 Θεοά,
1269 5526 1359 5579 τοῦ
1404 5528 1457 5580 δὲ
1491 5528 1619 5582 Υἱοῦ
1655 5529 1713 5593 ἐξ
1753 5514 1934 5582 adeo?
1964 5531 2292 5601 γεγεννημέ-

732 5630 845 5679 νου,
879 5614 974 5683 μία
1010 5616 1157 5670 ἔσται
1188 5620 1350 5690 ἀρχὴ,
1382 5621 1644 5691 μοναρχία
1673 5638 1731 5673 τε
1758 5620 1851 5674 καὶ
1882 5621 2123 5690 βασιλεία
2159 5624 2255 5693 μία
2282 5651 2284 5654 ν

806 5745 1209 5821 ριχςρηιηιεηι.
1232 5753 1286 5804 in
1318 5751 1463 5805 Psnl.
1490 5769 1541 5821 p.
1584 5753 1670 5815 86,
1708 5754 1831 5815 3M,
1863 5754 1985 5816 557,
2014 5754 2136 5818 358,
2166 5755 2289 5815 579..

735 5815 860 5887 sic.
884 5816 1018 5887 377.
1054 5820 1331 5885 410.426,
1364 5815 1643 5885 tonsas.
1686 5824 1807 5885 sat,
1838 5824 1961 5887 sse.
2004 5815 2133 5886 est;
2165 5826 2288 5885 ΜΠ.

740 5885 871 5951 £398;
922 5884 1216 5943 Demonstr.
1257 5908 1437 5963 evang.
1476 5884 1600 5959 7N7,
1649 5895 1767 5961 HS,
1800 5884 2290 5964 149,258,255;

2390 4717 2651 4787 μαθηταῖς
2688 4714 2948 4787 μεταδιδοὲ
2971 4740 3015 4769 ς..
3039 4714 3136 4783 τῆς
3159 4714 3325 4782 αὐτῆς
3353 4714 3594 4775 ὲνὼσεως
3628 4714 3719 4767 καὶ
3752 4715 3946 4776 αὐτοὺς

2386 4806 2559 4875 ἠξίου,
2585 4808 2686 4861 hoc
2707 4814 2789 4860 est
2826 4824 2839 4858 :
2876 4805 2967 4858 Ita
2992 4803 3155 4859 Pater
3186 4815 3232 4859 et
3262 4804 3437 4858 Filius
3464 4821 3626 4856 unum
3656 4816 3779 4857 sunt
3811 4821 3946 4858 com-

2388 4899 2628 4951 munione
2669 4898 2883 4967 gloriae:
2927 4913 3083 4965 quam
3130 4886 3246 4949 cum
3289 4896 3560 4963 discipulis
3606 4897 3714 4948 suis
3756 4896 3947 4963 imper-

2390 4989 2507 5049 tiat,
2533 4988 2762 5055 ejusdem
2795 5004 2881 5040 eos
2912 4988 3122 5041 unionis
3153 4987 3431 5055 participes
3464 4986 3633 5055 efﬁcit.
3665 4985 3779 5051 Qua
3807 4988 3859 5039 in
3890 5000 3948 5041 re

2390 5080 2579 5148 grandi
2619 5080 2979 5149 paralogismo
3024 5080 3196 5131 utitur
3223 5076 3511 5143 Eusebius,
3543 5085 3600 5131 ut
3631 5076 3769 5131 infra
3804 5076 3947 5130 vide-

2388 5170 2555 5235 bitur,
2585 5169 2713 5223 dum
2762 5171 3020 5223 unitatem
3055 5170 3199 5223 illam
3228 5168 3428 5235 gloriae,
3468 5168 3521 5221 in
3564 5182 3724 5236 quam
3768 5182 3834 5221 ex
3866 5167 3941 5221 di-

2392 5262 2645 5329 gnatione
2698 5268 2906 5313 tantum
2954 5258 3205 5327 discipuli
3253 5257 3456 5313 Christi
3503 5266 3787 5321 vocantur,
3830 5257 3948 5325 pari

2391 5352 2551 5408 modo
2589 5366 2618 5405 a
2666 5351 2825 5407 Patre
2866 5349 3254 5407 communicari
3295 5347 3429 5403 Filio
3468 5363 3587 5414 suo,
3619 5356 3779 5417 atque
3824 5349 3950 5402 hinc

2394 5446 2805 5500 substantialem
2855 5446 3114 5500 unitatem
3165 5442 3400 5507 excludi,
3446 5443 3744 5496 contendit.
3800 5441 3951 5494 Hanc

2393 5552 2556 5607 porro
2584 5537 2801 5592 deitatis
2827 5538 3088 5591 unitatem
3115 5544 3168 5588 et
3196 5536 3561 5589 monarchiam
3593 5534 3863 5589 sexcentis
3894 5532 3950 5587 in

2395 5630 2529 5684 locis
2559 5628 2635 5699 (a)
2663 5628 2821 5684 docet
2848 5628 2957 5693 ille,
2992 5642 3112 5696 quae
3140 5642 3207 5681 ne
3252 5627 3461 5697 longius
3498 5626 3830 5681 abducamur
3862 5625 3948 5679 in-

2392 5760 2794 5888 (‘qutr‘a‘qlara
2818 5761 2906 5829 6'3,
2938 5759 3024 5829 66,
3055 5761 3142 5829 69,
3171 5761 3260 5830 70,
3284 5761 3373 5828 90,
3405 5760 3491 5825 96,
3529 5759 3646 5821 106,
3674 5760 3793 5819 107,
3827 5759 3948 5826 ΗΟ,
