4262 6410
351 532 422 589 35
461 584 465 588 .
515 612 518 614 η
1119 513 1614 588 COMMENTAmA
1654 531 1720 584 IN
1759 529 2091 584 PSALMOS.
2131 561 2200 572 —
2238 528 2774 588 PRrELlMlNARIA.
3488 537 3558 590 Si

353 653 537 708 dicare
569 652 744 708 solum
771 652 1019 709 suilli-ist.
1064 653 1332 708 Caeterum
1370 654 1459 707 ubi
1486 668 1587 708 vox
1615 653 1906 714 ὑπόστασις
1933 672 1978 721 Α
2005 661 2138 704 erat.
2184 648 2250 707 Et
2286 651 2376 703 ille
2416 649 2621 718 quidem
2657 664 2748 717 per
2791 651 3016 718 seipsum
3049 651 3309 721 perfectus
3350 663 3399 707 et
3446 657 3558 723 pri-

353 743 614 811 eccurrit,
646 759 748 800 nos
779 745 1130 799 substantiam
1180 747 1471 811 vertimus;
1505 753 1618 798 tum
1666 745 1791 814 quia
1826 743 1906 798 sic

355 836 573 891 Eusebii
601 852 714 891 aevo
743 851 806 890 ex
851 845 1071 907 recepto
1114 852 1264 893 more
1296 837 1678 907 accipiebatur,
1708 842 1767 889 ut
1805 835 1904 888 ba-

355 923 466 997 bet'
491 927 857 993 Athanasius;
901 940 1015 984 tum
1057 931 1206 1001 quia,
1248 945 1370 984 cum
1416 927 1684 984 Eusebius
1726 927 1907 980 diver—

357 1034 471 1074 sam
495 1019 563 1073 in
597 1019 758 1075 Patre
796 1031 850 1076 et
879 1021 1016 1076 Filio
1057 1021 1415 1078 subStantiam
1447 1019 1696 1074 admittat
1725 1025 1779 1073 et
1806 1017 1898 1072 do-

353 1116 496 1174 eoat,
539 1110 746 1165 inutilis
790 1127 922 1167 sane
962 1111 1119 1168 fuerit
1164 1125 1516 1183 personarum
1554 1119 1607 1166 et
1651 1110 1906 1182 hyposta-

355 1201 495 1254 siuni
520 1203 735 1273 vulgata
760 1204 1064 1260 distinctio.

355 1356 433 1406 IV.
456 1358 675 1428 Diversae
694 1357 1392 1428 substantiae.—_V._In_terpres
1408 1346 1900 1428 Latinus__Demonstr.

345 1482 349 1488 Ι
408 1420 694 1489 evangelica:
736 1422 997 1470 Eusebium
1033 1422 1096 1470 de
1122 1420 1356 1478 industria
1387 1424 1448 1472 ad
1470 1425 1753 1474 catholicam
1790 1438 1905 1474 seu-

414 1488 618 1531 tentiam
643 1482 864 1532 detorsit.

421 1629 574 1686 Licet
612 1638 792 1686 autem
841 1647 906 1686 ex
952 1629 1247 1700 praemissis
1290 1632 1568 1702 propalam
1618 1634 1690 1689 sit
1733 1633 1904 1689 Ense-

350 1723 496 1778 bium
527 1723 795 1778 diversam
841 1737 872 1776 a
903 1730 1126 1794 paterna
1162 1723 1520 1779 substantiam
1559 1732 1614 1779 et.
1649 1724 1903 1780 deitatem

351 1813 406 1868 in
434 1812 569 1869 Filio
592 1813 924 1870 constituere
949 1833 963 1870 :
996 1830 1122 1870 nam
1145 1815 1283 1870 duas
1313 1815 1367 1880 in
1391 1815 1568 1869 allatis
1594 1815 1730 1870 locis
1773 1817 1905 1871 sub-

349 1901 580 1956 stantius
625 1908 809 1971 aperte
867 1901 1189 1971 proﬁtetur:
1233 1906 1288 1958 et
1329 1918 1461 1960 sane
1508 1905 1599 1975 qui
1639 1906 1903 1960 unitatem

2006 758 2156 805 mus,
2212 751 2386 810 utpote
2433 742 2625 805 Pater,
2662 753 2711 795 et
2757 744 3141 796 constitutionis
3184 742 3316 797 Filii
3369 757 3554 806 causa,

2005 835 2138 888 nihil
2181 833 2248 886 ad
2297 833 2511 887 deitatis
2544 849 2652 886 sua:
2695 832 3121 902 complementum
3159 851 3190 887 a
3225 833 3368 889 Filio
3412 838 3556 888 acci—

2003 927 2180 993 piens;
2211 927 2292 979 hic
2325 936 2499 979 autem
2526 934 2775 996 tanquam
2800 940 2862 977 ea:
2891 942 3051 979 causa
3075 926 3245 995 factus
3277 929 3444 996 ﬁlius,
3475 945 3557 982 se-

2003 1016 2202 1070 cundus
2228 1026 2304 1070 est
2337 1015 2401 1068 ab
2427 1032 2486 1069 eo
2516 1017 2664 1084 cujus
2698 1026 2777 1070 est
2813 1016 2978 1085 ﬁlius,
3007 1019 3189 1087 quippe
3212 1019 3302 1088 qui
3332 1036 3363 1072 a
3394 1019 3558 1072 Patre

2002 1115 2052 1158 et
2080 1116 2137 1158 ut
2165 1107 2254 1172 sit,
2282 1115 2330 1158 et
2357 1117 2413 1159 ut
2447 1105 2571 1159 talis
2600 1107 2690 1167 sit,
2727 1108 2994 1175 acceperit.
3026 1107 3102 1160 Ac
3128 1124 3358 1172 rursum,
3383 1110 3557 1180 splen-

2003 1196 2102 1250 dor
2149 1195 2353 1266 quidem
2400 1212 2504 1250 non
2549 1197 2918 1264 exproposito
2954 1205 3002 1249 et
3036 1198 3300 1250 voluntate
3343 1198 3557 1256 luminis

1939 1289 1946 1302 “
2003 1287 2258 1356 splendet,
2283 1286 2371 1354 sed
2401 1287 2680 1340 secundum
2706 1287 2942 1341 accidens
2971 1287 3236 1358 quidpiam
3257 1305 3288 1341 a
3310 1288 3558 1344 substan-

2005 1380 2079 1433 tia
2106 1379 2483 1453 inseparabile;
2515 1377 2686 1432 Filius
2715 1396 2832 1433 vero
2853 1396 2916 1433 ex
2942 1381 3197 1434 sententia
3225 1391 3272 1434 et
3293 1383 3556 1450 proposito

2001 1470 2307 1532 uoluntatis,
2338 1470 2511 1539 imago
2545 1469 2725 1525 Patris
2755 1470 3006 1524 substitit.
3039 1470 3226 1526 Valens
3261 1475 3396 1526 enim
3419 1473 3558 1528 Deus

2003 1559 2136 1613 Filii
2168 1560 2328 1614 Pater
2354 1563 2577 1624 exstitit,
2611 1578 2673 1614 ac
2709 1562 2993 1615 secundum
3034 1562 3208 1617 lumen
3255 1579 3346 1632 per
3383 1564 3560 1616 omnia

2001 1652 2171 1704 simile
2199 1651 2299 1704 sibi
2328 1650 2610 1704 subsistere
2639 1651 2715 1722 (a)
2746 1653 2887 1719 fecit.
2920 1652 3024 1708 Ubi
3058 1655 3324 1723 interpres
3353 1654 3466 1709 sive
3491 1669 3559 1709 ex

1914 1791 1923 1799 .
2003 1743 2168 1798 insito
2211 1757 2337 1812 erga
2386 1741 2676 1796 Eusebium
2729 1742 2957 1810 all‘cctu;
2999 1744 3114 1799 sive
3146 1746 3250 1798 alia
3280 1746 3458 1814 ignota
3490 1745 3561 1801 de

2003 1847 2189 1898 causa,
2222 1832 2388 1886 multa
2407 1846 2567 1886 secus
2594 1830 2767 1901 posita
2793 1832 2860 1886 ad
2890 1833 3210 1887 catholicam
3233 1834 3559 1892 sententiain

2003 1939 2102 1993 pro
2134 1937 2284 1978 more
2319 1936 2418 1978 suo
2454 1921 2670 1977 deﬂexit
2709 1941 2722 1976 :
2753 1937 2876 1976 nam
2904 1922 3062 1987 illud,
3086 1922 3204 1976 καθ’
3233 1922 3424 1977 ἑαυτὸν
3468 1927 3561 1980 οὐ·

349 1992 599 2064 principii
637 2001 692 2048 et
727 1993 947 2050 deitatis
989 1995 1043 2049 in
1085 2011 1194 2050 uno
1242 1995 1422 2060 Patre,
1473 1999 1696 2053 excluso
1743 1996 1901 2063 Filio,

1973 2050 1974 2057 η
2004 1992 2283 2086 σιωμένος,
2312 2014 2392 2070 sic
2429 2014 2706 2069 transtulit
2734 2033 2748 2068 :
2784 2012 2905 2068 Non
2932 2029 3023 2082 per
3054 2016 3278 2084 seipsum
3311 2015 3559 2072 substam

347 2094 544 2149 servat,
595 2094 990 2155 consequenter
1041 2087 1202 2140 aliam
1248 2089 1304 2142 in
1351 2076 1488 2143 Filio
1536 2096 1590 2143 et
1628 2088 1898 2143 diversam

310 2175 704 2252 'substantiam
733 2183 785 2232 et
816 2177 1090 2242 deitatem,
1131 2178 1178 2233 si
1215 2181 1433 2249 quidem
1473 2178 1615 2236 Deus
1657 2181 1746 2243 sit,
1792 2188 1902 2235 sta-

346 2271 463 2320 tuat
493 2280 717 2322 necesse
736 2274 865 2334 est;
893 2283 922 2322 e
943 2284 1001 2323 re
1030 2279 1211 2324 tamen
1243 2269 1498 2326 luerit'ex
1521 2272 1706 2327 multis
1731 2287 1903 2341 pauca

346 2355 565 2413 Eusebii
597 2357 716 2413 loca
757 2358 814 2414 in
855 2359 1094 2414 medium
1137 2360 1350 2428 allerre,
1391 2363 1483 2416 ubi
1533 2363 1623 2417 ille
1651 2364 1904 2418 substan-

346 2450 475 2505 tiam
511 2457 566 2506 et
585 2452 836 2507 deitatem
868 2451 1011 2520 Filii,
1045 2469 1075 2507 a
1104 2462 1326 2524 paterna
1349 2456 1509 2511 aliam
1533 2467 1586 2511 et
1610 2456 1901 2521 diversam,

347 2550 670 2614 separatam,
697 2545 906 2616 ipsique
932 2548 1103 2632 multo
1128 2548 1436 2605 inferiorem
1473 2558 1904 2607 commonstrare

347 2637 564 2691 nititur:
602 2636 744 2692 unde
774 2639 938 2693 etiam
982 2639 1198 2709 planius
1241 2642 1433 2697 evadat
1464 2645 1605 2712 quod
1654 2646 1905 2715 superius

349 2730 633 2797 probatum
664 2736 768 2794 est,
815 2728 1108 2786 Eusebium
1153 2733 1404 2789 videlicet
1450 2736 1710 2792 unitatem
1752 2738 1906 2807 prin-

347 2817 472 2886 cipii
506 2830 560 2872 et
608 2818 825 2874 deitatis
854 2819 907 2873 in
949 2837 1055 2876 nno
1103 2820 1282 2889 Patre,
1321 2825 1545 2880 excluso
1587 2823 1744 2888 Filio,
1795 2835 1916 2881 sta:

347 2917 520 2962 tuere.
560 2909 650 2962 Ait
691 2909 856 2978 igitur
933 2910 986 2964 in
1065 2910 1519 2967 Demonstratione
1589 2915 1903 2986 evangeliea,

349 2999 387 3054 Ι.
418 3015 492 3063 tv,
528 2993 578 3054 (Ξ.
609 3001 674 3082 ἦ,
707 3017 756 3070 p.
786 3001 884 3054 147
919 3021 931 3056 :
974 3002 1131 3069 Ἀλλὰ
1173 3003 1266 3056 τοῦ
1304 2999 1400 3073 μὲν
1449 3005 1701 3075 αἰσθητοῦ
1734 3006 1907 3077 φωτὸς

329 3092 644 3166 λὰχὼριστος
673 3097 705 3166 ή
739 3097 912 3168 αὐγῇ,
932 3098 960 3150 6
985 3099 1040 3150 δὲ
1072 3098 1212 3175 Υἱὸς.
1232 3100 1388 3164 ἰδίως·
1403 3102 1550 3172 παρὰ
1575 3102 1664 3154 τὸν
1689 3103 1908 3177 Πατέρα.

346 3183 470 3239 καθ’
498 3184 690 3238 ἑαυτὸν
723 3186 1014 3257 ὑφέστηκε.
1061 3189 1168 3242 Καὶ
1203 3186 1378 3259 φωτὸς
1421 3192 1518 3263 μὲν
1549 3195 1580 3264 ἡ
1626 3193 1765 3265 αὐγὴ
1798 3193 1908 3264 χώ.-

351 3293 449 3347 ραν
493 3276 771 3349 ἐνεργείας
815 3279 1018 3350 ἐπέχει,
1057 3281 1087 3332 6
1119 3281 1176 3335 δὲ
1210 3283 1336 3347 Υἱὸς
1381 3283 1566 3355 ἕτερόν
1613 3304 1664 3340 τι
1706 3287 1909 3359 ﬁxa-.3:

2003 2107 2129 2159 tiam
2161 2117 2366 2169 nactus,
2398 2105 2486 2159 sed
2513 2122 2544 2158 a
2579 2103 2775 2169 Patre;
2805 2120 2926 2160 cum
2968 2105 3296 2176 disparatam
3338 2108 3558 2161 omnino

2003 2199 2322 2252 sententiam
2356 2197 2542 2251 ell'erat
2573 2195 2861 2260 Eusebius,
2892 2197 3120 2259 scilicet,
3141 2213 3231 2265 per
3259 2214 3312 2251 se
3331 2206 3381 2250 et
3415 2214 3559 2252 seor-

2001 2292 2100 2344 sim
2123 2289 2471 2342 substantiam
2504 2287 2719 2342 habens.
2750 2287 2875 2342 Pari
2903 2289 3062 2342 modo
3097 2289 3227 2343 illud
3257 2290 3346 2342 :'0
3376 2290 3431 2343 δὲ
3448 2292 3561 2344 Πα-

2001 2381 2101 2452 τὴρ
2152 2382 2492 2452 προϋπάρχει
2544 2379 2638 2433 τοῦ
2682 2379 2835 2442 Υἱοῦ,
2865 2381 2957 2432 καὶ
2989 2380 3087 2450 τῆς
3109 2381 3370 2449 γενέσεως
3398 2380 3560 2435 αὐτοῦ

2001 2473 2430 2544 προῡφέστηκεν,
2532 2473 2686 2544 μόνος
2710 2471 2998 2542 ἁγέννητος
3021 2467 3107 2542 ἦν’
3157 2473 3234 2527 sic
3257 2473 3342 2526 ille
3369 2471 3557 2526 vertit:

1995 2565 2068 2616 At
2099 2581 2130 2617 a
2156 2563 2318 2618 Patre
2347 2563 2520 2620 Filius
2561 2558 2813 2634 procedit,
2843 2573 2891 2617 et
2921 2563 3071 2616 illum
3108 2575 3339 2633 generat,
3371 2573 3426 2616 at
3454 2565 3563 2631 ipse

2003 2673 2103 2712 non
2137 2659 2340 2728 genitus
2385 2669 2482 2712 est.
2531 2659 2600 2712 At
2633 2672 2758 2712 vera
2793 2657 3061 2711 sententia
3090 2655 3204 2711 haec
3248 2663 3332 2713 est
3363 2675 3376 2709 :
3403 2655 3565 2711 Pater

2004 2756 2178 2802 autem
2211 2746 2354 2800 Filio
2381 2746 2800 2816 prasexsistebat,
2828 2754 2877 2799 et
2917 2755 3035 2799 ante
3077 2756 3250 2800 ortum
3281 2746 3392 2815 ejus
3423 2745 3564 2800 exsi-

2003 2837 2190 2902 stebat,
2213 2848 2464 2907 quatenus
2488 2837 2631 2890 solus
2660 2853 2760 2891 non
2783 2837 2984 2905 genitus
3011 2847 3144 2892 erat.
3172 2835 3262 2891 Sic
3285 2837 3450 2892 etiam
3475 2838 3565 2892 ille

2006 2929 2118 2984 fere
2160 2929 2362 2998 ubique
2409 2927 2628 2982 Eusebii
2670 2927 2814 2982 dicta
2845 2927 2898 2982 in
2927 2926 3088 2979 aliam
3115 2929 3436 2981 sententiam
3470 2927 3565 2980 dc-

2004 3017 2186 3080 torsit,
2220 3023 2280 3070 ut
2303 3017 2628 3071 catholicum
2658 3015 2906 3071 redderet
2940 3034 2952 3068 :
2990 3031 3113 3069 nam
3145 3015 3240 3070 lib.
3266 3031 3340 3077 Iv,
3386 3031 3436 3069 c.
3472 3015 3562 3082 l5,

2005 3127 2058 3181 p.
2094 3110 2214 3176 175,
2246 3112 2358 3165 ὴωο
2388 3109 2604 3165 Eusebii
2628 3111 2811 3177 verba,
2839 3111 2946 3164 Kal.
2977 3111 3133 3182 μόνον
3163 3109 3222 3174 ἐξ
3253 3109 3417 3164 αὐτοῦ
3441 3127 3567 3178 γενέ

2007 3203 2234 3274 νηοέντα
2286 3202 2418 3256 Θεὸν
2463 3202 2656 3270 Λόγον,
2691 3205 2887 3274 μετοχῇ
2934 3219 2994 3256 τε
3043 3200 3140 3255 WB
3190 3204 3564 3272 γεννήσαντος,

2009 3295 2300 3370 ἀγεννήτου
2348 3295 2442 3347 καὶ
2474 3292 2686 3364 πρώτου
2719 3295 2812 3346 καὶ
2844 3293 3105 3364 μείζονος,
3139 3292 3272 3346 Θεὸν
3321 3294 3386 3346 ὲκ
3431 3292 3568 3346 Θεοῦ

347 3367 628 3458 ένέργειαν
651 3371 921 3439 τυγχάνει,
948 3371 1068 3424 καθ’
1095 3373 1282 3428 ἑαυτὸν
1303 3375 1649 3448 οὐσιωμένος.
1671 3379 1790 3432 Καὶ
1813 3380 1910 3435 πά-
1935 3361 1980 3424 C
2009 3361 2404 3456 ἁττοφανθέντα,
2430 3361 2659 3458 Χριστὸν
2679 3387 2772 3442 καὶ
2798 3361 3120 3458 ἠλειμμένον
3144 3385 3467 3449 ἀπεκάλεσε,
3489 3387 3569 3441 sic

348 3457 518 3530 λιν,’ὴ
575 3460 672 3529 μὲν
705 3461 1217 3535 αὑγὴησυνυπάρχει
1255 3466 1330 3538 τῷ
1373 3469 1529 3536 φωτὶ,
1577 3471 1908 3544 συμπληρω-

346 3554 473 3625 τική
507 3571 592 3636 τις
622 3551 753 3607 οὖσα
791 3555 984 3608 αὐτοῦ·
1033 3558 1160 3610 ἄνευ
1193 3559 1302 3630 γὰρ
1333 3562 1507 3631 αὐτῆς
1541 3563 1640 3616 οὐκ
1669 3564 1735 3617 ἂν
1781 3565 1912 3617 ὑπο-

351 3648 509 3716 σταίη
559 3646 694 3716 φῶς,
726 3647 859 3717 όμοῦ
885 3663 942 3699 τε
977 3648 1071 3700 καὶ
1103 3651 1223 3700 κατ’
1250 3651 1381 3703 αὐτὸ
1415 3653 1815 3724 συνυφέστηκεν
1838 3673 1850 3684 ο
1882 3658 1910 3708 6

348 3736 405 3792 δὲ
435 3737 622 3808 Πατὴρ
663 3737 1001 3810 προῦπάρχει
1045 3738 1138 3791 τοῦ
1177 3739 1328 3802 Υἱοῦ,
1364 3743 1459 3793 καὶ
1499 3741 1600 3812 τῆς
1643 3745 1910 3811 γενέσεως

350 3830 514 3888 αὐτοῦ
546 3825 1048 3906 προῦτέστηκεν,ᾖ
1087 3832 1245 3902 μόνος
1286 3832 1576 3902 ἀγέννητος
1619 3831 1706 3906 ἦν.
1741 3837 1850 3890 Καὶ
1883 3841 1910 3890 ὁ

355 3925 454 3996 μὲν
493 3925 611 3978 καθ’
635 3923 832 3998 ἑαυτὸν
865 3923 1063 3989 τέλειος
1090 3926 1182 3978 καὶ
1215 3925 1446 3998 πρῶτος,
1470 3927 1543 3990 ὡς
1574 3927 1779 3998 Πατὴρ,
1816 3929 1910 3982 καὶ

351 4016 447 4089 τῆς
488 4015 584 4070 τοῦ
623 3997 754 4070 Ῠὶοῦ
799 4015 1106 4080 συστάσεως
1137 4017 1326 4082 αἴτιος,
1364 4018 1513 4071 οὐδὲν
1561 4020 1640 4082 εἰς
1675 4019 1912 4090 συμπλή-

356 4123 518 4177 ρωσιν
556 4106 654 4176 τῆς
697 4104 887 4159 ἑαυτοῦ
925 4104 1171 4174 θεότητος
1213 4105 1361 4176 παρὰ
1404 4105 1496 4158 τοῦ
1538 4104 1666 4158 Υἱοῦ
1705 4105 1913 4174 λαμϐά-

353 4213 457 4251 νων
481 4215 494 4228 ·
525 4201 552 4250 ό
593 4197 647 4250 δὲ
676 4197 751 4260 (τις
796 4199 855 4262 ἐξ
900 4200 1071 4253 αἰτίου
1119 4197 1355 4267 γεγονὼς
1398 4197 1531 4260 υἱὸς,
1574 4196 1820 4266 δεύτερος
1851 4190 1911 4248 οὗ

355 4290 498 4344 ἐστιν
523 4291 638 4353 υἱὸς
657 4291 983 4362 καθέστηκε,
1017 4290 1168 4364 παρὰ
1192 4289 1285 4342 τοῦ
1313 4290 1522 4361 Πατρὸς
1543 4290 1636 4343 καὶ
1665 4281 1725 4342 τὸ
1754 4288 1911 4354 εἶναι,

355 4369 679 4450 οιαὶ,τοιόσό;
725 4378 862 4435 εἶναι
909 4381 1161 4454 εἰληφώς·
1206 4384 1315 4437 Καὶ
1352 4383 1590 4454 iiii-“hil
1641 4383 1737 4453 μὲν
1775 4383 1914 4452 αίγὴ

355 4474 414 4526 οὐ
449 4474 588 4526 κατὰ
621 4474 935 4544 προαίρεσιν
970 4475 1061 4528 τοῦ
1096 4475 1269 4544 φωτὸς
1292 4474 1582 4543 ἐκλάμπει,
1615 4474 1753 4527 κατά
1778 4491 1830 4525 τι
1859 4474 1916 4526 δὲ

356 4565 468 4634 τῆς·
492 4563 678 4627 οὐσίας
708 4562 1407 4636 συμϐεϐηκὸς.ἁχώριστον’
1453 4567 1480 4618 ὁ
1519 4565 1576 4618 δὲ
1619 4565 1744 4627 Υἱὸς
1776 4565 1917 4617 κατὰ

357 4654 579 4726 γνώμην
623 4655 716 4708 καὶ
761 4655 1074 4727 προαίρεσιν
1120 4655 1281 4708 εἰκὼν
1312 4657 1514 4727 ὑπέστη
1559 4656 1650 4709 τοῦ
1686 4656 1913 4726 Πατρός.

359 4747 647 4821 BoquOalg
672 4747 778 4820 γὰρ
806 4750 835 4800 ὁ
864 4747 995 4812 Θεὸς
1022 4747 1242 4814 γέγονεν
1273 4747 1402 4800 Υἱοῦ
1432 4747 1640 4817 Πατὴρ,
1681 4747 1775 4800 καὶ
1802 4747 1915 4815 φῶς

358 4841 607 4913 δεύτερον
646 4840 785 4895 κατὰ
812 4841 985 4895 πάντα
1019 4838 1194 4910 ἐαυτῷ
1222 4840 1647 4910 ἀφωμοιωμένον
1682 4841 1917 4908 ὑπεστή-

360 4953 508 4990 σατο.
538 4935 668 5002 Quae
697 4937 777 4990 sic
817 4951 916 5006 ego
948 4935 1303 5002 interpretor:
1338 4932 1441 4986 Sed
1471 4950 1503 4984 a
1533 4931 1767 4985 sensibili
1801 4934 1919 5001 qui-

357 5027 475 5082 dem
501 5028 696 5082 lumine
717 5025 1226 5097 splendor-separari
1249 5040 1352 5078 non
1372 5032 1559 5092 potest,
1594 5023 1766 5078 Filius
1801 5042 1917 5079 vero

359 5136 596 5174 seorsum
638 5139 670 5174 a
704 5119 867 5175 I’atre
895 5136 986 5190 per
1025 5121 1250 5188 seipsum
1284 5117 1541 5172 subsistit.
1585 5118 1658 5169 Αε
1709 5117 1917 5170 luminis

358 5213 567 5282 quidem
592 5213 838 5283 splendor
861 5213 1031 5267 locum
1061 5212 1343 5284 eﬁicientia:
1373 5209 1589 5270 obtinet,
1626 5206 1799 5262 Filius
1825 5226 1914 5262 au-

361 5310 464 5354 tem
505 5303 655 5357 aliud
680 5305 948 5375 quidpiam
977 5308 1133 5374 quam
1161 5301 1442 5358 secundum
1470 5301 1794 5379 efficientiam
1821 5317 1913 5355 est.

365 5409 456 5450 Der
484 5394 710 5470 seipsum
739 5397 1039 5452 substantia
1079 5395 1354 5467 prteditus,
1394 5393 1644 5474 Rursum,
1676 5393 1922 5462 splentlw

287 5492 294 5501 '
363 5490 522 5544 simul
561 5490 767 5543 exsistit
821 5506 938 5543 cum
991 5491 1206 5555 lumine,
1259 5487 1490 5558 illudque
1538 5485 1922 5558 quodammodo

362 5583 616 5652 complet:
660 5598 782 5634 nam
811 5582 922 5635 sine
950 5583 1227 5650 splendore
1257 5583 1431 5636 lumen
1455 5594 1781 5649 nequaquam
1807 5579 1922 5630 sub-

361 5677 537 5737 sistat,
570 5673 826 5744 simulque
867 5689 982 5726 cum
1023 5674 1119 5726 illo
1155 5690 1217 5726 ac
1257 5672 1541 5728 secundum
1584 5669 1718 5724 illud
1745 5668 1914 5723 subsi-

363 5770 486 5832 stit;
534 5767 692 5823 Pater
743 5775 916 5821 autem
961 5764 1103 5818 Filio
1142 5768 1556 5832 prwexsistebat,
1595 5750 1644 5816 et
1682 5772 1800 5816 ante
1833 5778 1917 5814 or-

365 5870 472 5914 tum
527 5861 639 5930 ejus
691 5859 994 5925 exsistebat,
1049 5868 1304 5928 quatenus
1353 5859 1495 5909 solus
1555 5854 1914 5924 non-genitus

2008 3478 2286 3534 transtulit
2309 3479 2397 3532 ille
2423 3497 2436 3532 :
2466 3477 2534 3531 Et
2557 3479 2648 3549 qui
2674 3479 2816 3533 solus
2839 3493 2902 3532 ex
2925 3478 3016 3532 illo
3044 3479 3247 3548 genitus
3270 3475 3409 3530 Deus
3442 3476 3570 3530 Ver-

2009 3574 2148 3634 bum,
2174 3573 2640 3625 communicatione
2656 3573 2913 3642 gignentis
2941 3571 3177 3641 ingenili,
3200 3569 3340 3624 Deus
3369 3569 3434 3624 de
3456 3568 3568 3623 Deo

2005 3673 2082 3718 est
2115 3663 2436 3726 declaratus,
2469 3662 2736 3717 Christum
2781 3671 2933 3731 atque
2972 3668 3184 3714 unctum
3209 3661 3441 3720 vocavit;
3473 3660 3568 3716 ubi

2007 3770 2168 3810 voces
2212 3754 2334 3808 illas
2375 3753 2591 3823 πρώτου
2636 3754 2730 3806 καὶ
2769 3752 3027 3824 μείζονος,
3061 3752 3217 3819 primi
3249 3759 3297 3805 et
3326 3751 3567 3819 majoris,

2007 3844 2350 3914 praetermisit
2378 3845 2487 3910 ille,
2523 3845 2602 3900 sic
2642 3852 2820 3899 autem
2853 3843 3170 3898 vertendum
3207 3842 3306 3897 fuit
3337 3862 3349 3896 :
3386 3841 3452 3894 Et
3481 3859 3569 3895 so-

2005 3936 2115 3988 lum
2161 3951 2224 3989 ex
2263 3937 2377 4004 ipso
2407 3937 2639 4006 genitum
2676 3935 2843 3990 Deum
2891 3934 3132 4008 Verbum,
3167 3933 3574 4003 participatione

2007 4027 2260 4098 genitoris
2298 4028 2610 4098 non-geniti,
2636 4028 2792 4096 primi
2821 4025 2869 4081 et
2891 4026 3136 4096 majoris,
3165 4025 3329 4078 Deum
3365 4024 3426 4078 de
3460 4021 3569 4077 Deo

2008 4119 2356 4184 declaratum,
2393 4119 2661 4176 Christum
2705 4129 2753 4174 et
2805 4130 3018 4172 unctum
3049 4117 3266 4172 vaeavit.
3297 4117 3361 4170 Et
3388 4132 3439 4184 p.
3468 4115 3564 4171 181

2010 4213 2051 4267 Β
2083 4233 2094 4268 :
2132 4213 2327 4283 Διόπερ
2358 4213 2448 4265 ἐπὶ
2478 4212 2651 4283 τούτῳ
2680 4210 2860 4284 ἔχρισὲ
2906 4228 2986 4274 σε,
3021 4204 3064 4263 ὦ
3093 4210 3213 4272 Θεὲ,
3245 4210 3272 4261 6
3313 4208 3572 4261 ἀνωτάτω

2013 4309 2104 4364 καὶ
2155 4306 2350 4379 μείζων
2399 4304 2580 4368 αὐτὸς,
2614 4307 2641 4357 6
2671 4304 2762 4358 καί
2793 4319 2882 4356 σου
2914 4301 3064 4364 Θεὸς,
3094 4301 3168 4364 ὡς
3197 4295 3332 4352 εἶναι
3362 4301 3451 4350 καὶ
3480 4297 3572 4351 τὸν

1995 4383 2292 4471 χριόμενον
2336 4396 2430 4449 καὶ
2469 4396 2562 4448 τὸν
2605 4394 2822 4467 χρίοντα
2869 4391 2998 4444 πολὺ
3048 4391 3326 4460 πρότερον,
3355 4388 3571 4441 πάντων

2017 4491 2116 4562 μὲν
2145 4489 2270 4543 ὄντα
2298 4489 2449 4552 Θεὸν,
2484 4487 2574 4540 καὶ
2617 4483 2775 4538 αὑτοῦ
2817 4481 3172 4552 διαφερόντως
3212 4479 3304 4533 τοῦ
3352 4479 3571 4554 χριομέ-

2016 4599 2126 4644 νου,
2153 4582 2245 4635 ubi
2273 4581 2327 4633 in
2352 4579 2554 4634 Graecis
2579 4575 2886 4632 necessario
2917 4573 3084 4642 legas,
3105 4572 3179 4636 ὡς
3202 4567 3337 4624 εἶναι
3362 4572 3452 4624 καὶ
3475 4568 3572 4623 toﬁ
3656 4645 3657 4648 η

2019 4650 2302 4742 χρωμένου
2333 4669 2422 4722 τὸν
2454 4667 2670 4737 χρίοντα
2703 4664 2836 4727 πολὺ
2871 4661 3153 4733 πρότερον,
3188 4661 3321 4716 alias
3355 4671 3574 4714 senten-

2018 4766 2092 4817 tia
2122 4779 2226 4816 non
2256 4761 2541 4815 constabit.
2567 4755 2768 4819 Locum
2803 4755 2876 4827 ita
2907 4756 3085 4818 vertit,
3119 4754 3231 4808 sive
3253 4754 3432 4822 potius
3455 4769 3576 4822 pcr-

2021 4855 2184 4907 vcrtit
2217 4853 2486 4921 interpres
2513 4848 2832 4917 ;Proplerea
2862 4847 2923 4901 ob
2962 4845 3094 4898 hanc
3127 4848 3293 4914 ipsam
3337 4861 3573 4905 causam,

2019 4943 2176 5000 unxit
2203 4951 2271 5004 te,
2297 4957 2326 4994 ο
2354 4937 2515 5003 Deus,
2545 4939 2654 4994 ille.
2689 4938 2777 5007 qui
2821 4948 2939 4988 tuus
2983 4949 3179 5003 quoque
3204 4941 3278 4984 est
3309 4929 3481 4993 Deus;
3518 4939 3575 4981 ut

2022 5035 2089 5088 sit
2129 5040 2178 5086 et
2221 5031 2310 5100 qui
2339 5030 2573 5099 ungitur,
2610 5026 2773 5092 Deus,
2802 5035 2851 5080 et
2895 5025 2983 5096 qui
3024 5023 3169 5092 ungit
3202 5036 3219 5072 :
3252 5019 3340 5088 qui
3370 5018 3575 5088 quidem

2022 5128 2090 5178 sit
2121 5123 2351 5176 omnium
2382 5120 2543 5174 Deus.
2576 5118 2649 5174 Ea
2677 5133 2838 5189 porro
2859 5127 2942 5171 est
2964 5129 3087 5171 vera
3114 5111 3239 5167 diei?
3272 5109 3576 5166 sententia:

2029 5212 2150 5266 Ideo
2180 5212 2332 5264 unxit
2363 5220 2429 5275 te,
2465 5227 2494 5263 ο
2520 5209 2678 5273 Deus,
2710 5203 3097 5278 qui'squrremus
3125 5212 3172 5256 et
3201 5202 3388 5282 major,
3416 5215 3476 5252 ac
3505 5199 3579 5251 tui

2025 5309 2221 5372 quoque
2253 5300 2395 5356 Deus
2421 5312 2532 5354 est:
2557 5301 2631 5354 ita
2656 5309 2713 5352 ut
2742 5284 2932 5368 angens
2955 5307 3108 5350 uncto
3133 5293 3296 5348 multa
3322 5292 3466 5360 prior
3487 5291 3576 5352 sit,

2025 5413 2142 5449 cum
2178 5393 2425 5447 omnium
2469 5392 2675 5463 quidem
2719 5393 2788 5445 sit
2819 5389 2978 5455 Deus,
3001 5388 3290 5459 pra’sertim
3320 5402 3436 5437 vuo
3465 5384 3580 5453 ejus
3622 5451 3626 5455 _

2028 5488 2116 5556 qui
2143 5486 2371 5556 ungitur.
2405 5481 2467 5537 Et
2499 5499 2548 5554 p.
2581 5482 2686 5536 256
2717 5482 2795 5535 A:
2834 5482 2942 5534 Καὶ
2975 5483 3003 5532 ὁ
3032 5478 3160 5540 Θεὸς
3202 5477 3406 5540 Ἰσαὰκ,
3427 5469 3471 5542 ᾧ
3491 5474 3598 5527 usti

2030 5576 2228 5646 στήλην
2259 5575 2551 5646 ἀνέστησεν
2582 5577 2610 5627 6
2640 5573 2908 5644 θεοφιλὴς,
2943 5569 3071 5632 Θεὸς
3107 5569 3201 5636 μὲν
3239 5561 3308 5637 ἦν
3347 5569 3443 5631 καὶ
3475 5564 3586 5624 Κύ-

2032 5686 2141 5741 ριος
2189 5667 2378 5738 (αὐτῷ
2408 5668 2516 5739 γὰρ
2540 5667 2748 5734 λέγοντι
2782 5661 3148 5732 πιστευτέον),
3181 5661 3238 5713 οὺ
3273 5659 3379 5730 μὴν
3417 5655 3587 5710 bent
3616 5714 3619 5717 ,

2026 5761 2260 5824 πὰίτων,
2294 5760 2404 5812 ἀλλ’
2435 5762 2463 5812 6
2495 5758 2700 5811 ἐκείνου
2729 5756 2996 5826 δεύτερος,
3030 5754 3096 5806 τὰ
3124 5751 3220 5805 τοῦ
3253 5749 3465 5821 Πατρὸς
3506 5748 3587 5809 εἰς

2024 5855 2046 5894 r‘
2067 5853 2338 5924 -ιορωπους
2369 5851 2775 5930 διακονούμενος
2804 5847 2895 5902 καὶ
2923 5844 3270 5919 διαγγέλλων,
3301 5843 3390 5899 ubi
3418 5843 3589 5897 inter-

437 5995 512 6065 (a)
549 5994 668 6076 Quo
697 6012 860 6052 smsu
895 6011 990 6066 per
1018 5994 1200 6052 omnia
1231 5995 1460 6051 similem
1515 5992 1709 6048 Filium
1759 5991 1924 6056 dicat,
1967 5990 2083 6045 vide
2116 5990 2277 6045 infra.
