4262 6380
708 505 793 567 ss
1400 498 1667 557 EUSEBII
1702 497 2178 555 casaumusxs
2217 495 2366 551 ore.
2412 492 2592 554 PARS
2635 499 2722 555 tu.
2764 531 2833 541 —
2870 492 3276 560 EKEGETICA.
3885 498 3953 568 ss

706 635 832 690 pres
885 634 1033 675 more
1089 620 1247 674 solito
1280 637 1292 671 :
1335 617 1400 671 Et
1443 618 1583 676 Deus
1632 618 1814 683 Isaac,
1848 621 1933 672 cui
1965 630 2014 673 et
2061 619 2272 672 titulum
2305 631 2348 685 Α
2377 631 2488 671 rem
2521 616 2766 674 Graecum
2793 619 3022 686 vitiavit,
3054 628 3110 676 et
3137 621 3401 679 catholice
3473 625 3618 697 loqui
3667 629 3950 699 compulit.

702 713 869 767 erexit
894 711 992 767 Dei
1018 714 1240 773 amicus,
1262 712 1403 767 Deus
1435 712 1642 783 quidem
1665 723 1779 767 erat
1805 722 1854 768 et
1879 712 2136 768 Dominus
2160 715 2282 784 (ipsi

701 805 840 858 enim
863 805 1059 858 dicenti
1093 803 1406 859 credendum
1430 814 1506 858 est
1530 806 1570 876 ),
1594 823 1696 860 non
1725 814 1896 859 tamen
1931 806 1976 859 is
2009 807 2098 876 qui
2124 805 2284 860 Pater

701 904 778 947 est
808 903 856 948 et
886 912 918 948 a
959 894 1103 948 nullo
1133 905 1247 956 est;
1295 896 1384 948 sed
1411 896 1500 966 qui
1528 912 1611 961 ea,
1637 913 1754 966 qute
1780 895 1848 948 ad
1880 895 2097 950 Patrem
2122 899 2282 964 perti-

703 997 842 1048 nent,
869 985 1165 1040 hominibus
1197 986 1564 1040 subministrat
1585 997 1634 1040 et
1655 988 1890 1041 nuntiat.
1934 986 2034 1041 Ubi
2068 996 2283 1042 verten-

703 1078 830 1132 dum
857 1089 974 1134 erat
1006 1099 1018 1132 :
1047 1079 1114 1132 Et
1149 1079 1290 1134 Deus
1323 1079 1500 1145 Isaac,
1531 1081 1618 1133 cui
1661 1088 1709 1134 et
1758 1082 1967 1134 titulum
2002 1081 2164 1135 erexit
2206 1083 2284 1134 vir

685 1171 792 1241 ,ille
819 1171 1116 1241 religiosus,
1151 1170 1291 1224 Deus
1325 1170 1533 1241 quidem
1586 1181 1700 1224 erat
1749 1181 1797 1224 et
1846 1169 2138 1234 Dominus;
2181 1171 2283 1236 ipsi

700 1265 838 1316 enim
869 1263 1064 1317 dicenti
1094 1262 1411 1317 credendum
1445 1273 1560 1327 est;
1591 1281 1681 1316 nec
1714 1273 1887 1316 tamen
1914 1277 2035 1325 ,erat
2075 1266 2162 1320 ille
2192 1283 2280 1320 su-

686 1357 797 1422 pra
829 1353 1249 1427 omnia.[Deus],
1285 1357 1375 1409 sed
1409 1355 1492 1408 illi
1521 1356 1801 1430 secundus,
1837 1359 1927 1426 qui
1975 1375 2054 1412 res
2103 1358 2279 1414 Patris

698 1452 754 1504 in
780 1450 1080 1504 hominibus
1109 1452 1380 1504 ministrat
1428 1461 1477 1504 et
1528 1453 1758 1506 nuntiat.
1788 1452 1920 1518 Qum
1951 1455 2194 1508 recidunt
2225 1456 2279 1509 in

699 1544 848 1596 illam
884 1543 1137 1611 superius
1170 1552 1652 1597 commonstratam
1683 1544 1901 1600 Eusebii
1932 1549 2276 1613 sententiam,

698 1636 963 1688 unitatem
1001 1635 1209 1689 scilicet
1233 1634 1328 1689 Dei
1356 1636 1740 1691 universorum
1771 1638 1823 1691 in
1851 1654 1957 1692 uno
1978 1637 2140 1693 Patre
2163 1650 2278 1694 ser-

697 1727 837 1789 vari,
864 1725 1003 1781 Filio
1037 1729 1347 1792 excluso,et
1375 1727 1430 1781 in
1463 1728 1764 1783 secundum
1796 1730 1975 1784 locum
2007 1732 2274 1801 ablegato.

701 1815 964 1872 Similiter
986 1819 1183 1888 p.158,
1213 1820 1276 1882 C,
1316 1819 1430 1873 haec
1459 1818 1677 1875 Eusebii
1706 1821 1868 1876 verba
1905 1824 2055 1877 ε”Οτε
2083 1824 2137 1876 δὲ
2168 1825 2278 1876 Κύ-

701 1924 812 1982 ριον
845 1911 938 1964 καὶ
970 1910 1101 1964 Θεὸν
1126 1905 1233 1963 οἶδε
1266 1902 1826 1981 τὸνὲπιφαινόμενον,
1844 1913 2066 1977 ταύταις
2090 1917 2277 1980 αὑταῖς

2461 711 2580 769 Jam
2625 729 2744 783 quo.
2786 712 3180 771 destinavimus
3211 732 3550 788 pergamus:
3587 720 3954 777 substantiam

2380 821 2510 876 ergo
2556 805 2675 860 Filii
2710 805 3000 870 Eusebius,
3030 807 3192 861 aliam
3217 816 3273 863 et
3296 809 3568 866 diversam
3601 813 3760 869 docet
3794 830 3823 869 a
3851 813 3958 868 Pa-

2381 902 2483 955 tris
2516 897 2846 960 substantia,
2881 897 3044 967 idque
3071 913 3176 951 non
3201 898 3255 952 in
3285 902 3585 970 praemissis
3607 903 3769 957 modo
3795 904 3953 967 locis,

2382 991 2478 1045 sed
2516 991 2678 1043 etiam
2730 989 2858 1042 alibi
2890 989 3245 1060 plerumque;
3291 993 3371 1045 sic
3406 992 3460 1047 in
3491 993 3958 1049 Demonstratione

2379 1081 2696 1150 evangelica,
2714 1080 2810 1134 lib.
2841 1096 2894 1144 v,
2927 1094 3045 1148 cap.
3073 1081 3124 1143 1,
3151 1095 3271 1150 pag.
3297 1081 3424 1147 215,
3453 1093 3740 1155 postquam
3766 1086 3818 1139 in
3843 1100 3956 1156 quo

2380 1173 2609 1242 quadret
2630 1172 2961 1241 comparatio
2983 1171 3160 1226 Patris
3180 1180 3232 1226 et
3253 1171 3376 1227 Filii
3406 1190 3528 1251 cum
3554 1177 3672 1233 luce
3693 1186 3746 1234 et
3770 1181 3956 1249 splen-

2380 1267 2533 1329 dore,
2569 1266 2960 1335 explicavcrat;
2997 1266 3051 1320 in
3084 1284 3193 1337 quo
3217 1267 3469 1322 diﬂ‘erant
3502 1267 3661 1325 Pater
3699 1281 3751 1325 et
3780 1270 3954 1325 Filius

2380 1373 2408 1410 a
2439 1355 2727 1427 splendore
2757 1358 2809 1410 et
2841 1358 2960 1412 luce
3011 1360 3090 1414 sic
3137 1369 3355 1414 enarrat
3386 1361 3557 1415 :‘An‘
3580 1363 3641 1416 οὐ
3674 1367 3784 1427 τοῖς
3817 1365 3953 1418 ὑπο-

2378 1449 2630 1517 δείγμασι
2672 1447 2812 1501 κατὰ
2853 1448 3028 1501 πάντα
3059 1452 3256 1521 τρόπον
3284 1452 3502 1522 ὁμοίως,
3535 1452 3818 1524 ὡσπεροῦν
3849 1453 3953 1525 ἤδη

2381 1541 2645 1611 πρότερον
2673 1543 2907 1620 εἴρῃται.
2925 1541 3004 1593 Τὰ
3029 1543 3123 1611 μὲν
3156 1542 3266 1614 γὰρ
3289 1544 3468 1615 ἄψυχα
3497 1545 3719 1618 σώματα
3745 1546 3804 1599 τὸ
3824 1564 3955 1617 cup.-

2379 1630 2611 1702 ϐεϐηκὸς
2643 1633 2700 1684 ἐν
2741 1631 2987 1702 ποιότησι
3019 1633 3338 1703 κέκτηνται·
3365 1637 3479 1706 ἥτε
3507 1636 3616 1708 γὰρ
3638 1637 3802 1708 αὐγὴ,
3823 1636 3954 1708 σύμο

2379 1729 2540 1790 φυτος
2573 1719 2705 1776 οὖσα
2737 1726 2802 1793 τῇ
2837 1723 2930 1776 τοῦ
2964 1718 3138 1791 φωτὸς
3180 1725 3357 1793 φύσει,
3391 1729 3484 1782 καὶ
3521 1728 3791 1792 ούσιωδῶς
3824 1745 3919 1782 συν

2378 1814 2697 1887 υπάρχονσα
2724 1816 2800 1886 τῷ
2828 1816 2986 1883 φωτὶ,
3015 1818 3116 1869 οὐκ
3144 1814 3208 1869 ἂν
3233 1817 3445 1871 δύναιτο
3474 1820 3628 1883 ὲκτὸς
3657 1820 3954 1890 ὑφεστάναι

2378 1908 2470 1961 τοῦ
2508 1898 2564 1960 ὲν
2602 1899 2646 1976 ᾧ
2680 1911 2825 1961 ἐστιν
2850 1925 2862 1935 ·
2901 1909 2928 1960 ό
2959 1907 3014 1960 δέ
3040 1924 3102 1975 γε
3125 1907 3219 1959 τοῦ
3246 1907 3380 1961 Θεοῦ
3409 1911 3576 1979 Λόγος
3610 1913 3727 1965 καθ’
3763 1901 3951 1966 ἑαυτὸν

699 2000 884 2071 σαφῶς
906 1999 1172 2070 κέχρηται
1195 2001 1312 2061 ταῖς
1336 1999 1691 2070 προσρήσεσι.
1725 1999 1928 2070 Κύριον
1953 1999 2007 2053 δὲ
2031 2003 2122 2053 καὶ
2145 2002 2273 2055 Θεὸν
2309 1997 2348 2056 Β
2377 1999 2630 2052 οῦσίωταί
2670 2017 2731 2052 τε
2764 2000 2858 2052 καὶ
2891 1993 3186 2070 ὑφέστηκε,
3217 2000 3311 2052 καὶ
3343 2002 3441 2054 οῦκ
3479 2004 3784 2075 ἁγεννήτως
3825 2023 3950 2059 συνδ

696 2094 780 2146 δτι
808 2091 881 2162 μὴ
907 2091 996 2144 τὸν
1016 2091 1187 2144 αἴτιον
1209 2091 1378 2160 λέγοι,
1402 2091 1691 2162 προφανῶς
1714 2090 1991 2156 ἐπέδειξαν
2013 2093 2109 2162 τῆς
2133 2094 2278 2158 θείας

697 2182 922 2254 Γραφῆς
973 2182 1028 2234 αἱ
1074 2179 1266 2245 λέξεις,
1299 2179 1526 2248 ἄγγελον
1581 2179 1715 2233 Θεοῦ
1769 2169 2159 2249 προσειποῦσαι
2189 2181 2278 2232 τὸν

699 2275 794 2328 ἐπὶ
817 2273 909 2327 τοῦ
927 2273 1118 2327 Ἰακὼϐ
1138 2273 1340 2343 Κύριον
1357 2273 1452 2326 καὶ⁵
1477 2271 1606 2325 Θεὸν
1625 2272 2133 2343 προωνομασμένον.
2158 2272 2279 2325 Λεί-

698 2369 861 2424 πεται
894 2386 977 2433 τις
998 2368 1116 2440 ’ἄρα
1141 2368 1213 2422 ὢν
1238 2369 1295 2420 ὲν
1324 2371 1436 2432 τοῖς
1463 2364 1579 2422 οὖσι
1616 2367 1746 2432 Θεὸς
1777 2368 1870 2421 καὶ⁵
1906 2367 2109 2438 Κύριος
2142 2366 2276 2436 μετὰ

695 2457 790 2511 τὸν
822 2457 1168 2528 παμϐασιλέα
1206 2457 1299 2511 καὶ
1329 2457 1460 2510 Θεὸν
1498 2458 1604 2534 τῷν
1636 2458 1771 2512 ὅλων
1791 2476 1804 2488 ’
1835 2458 1921 2528 εἴη
1953 2459 1995 2510 δ’
2029 2459 2094 2511 ἂν
2125 2450 2278 2520 οὗτος

696 2551 726 2603 ὸ
760 2550 866 2621 πρὸ
897 2550 1108 2603 αἰώνων
1141 2548 1234 2604 τοῦ
1266 2548 1402 2602 Θεοῦ
1430 2550 1617 2618 Λόγος,
1639 2553 1666 2602 ὁ
1692 2551 1949 2620 κρείττων
1980 2551 2078 2620 μὲν
2110 2549 2141 2619 ἦ
2175 2552 2278 2603 πᾶ-

702 2649 768 2694 σά
804 2641 1069 2717 ἀγγελικὴ
1103 2640 1285 2711 φύσις,
1321 2641 1486 2711 μείων
1515 2641 1574 2694 δὲ
1605 2643 1637 2712 ἢ
1681 2643 1819 2696 κατὰ
1857 2641 1917 2694 τὸ
1952 2641 2164 2714 πρῶτον
2193 2638 2276 2694 αἴ-

700 2748 830 2796 τιον,
864 2734 937 2786 ita
971 2732 1163 2788 Latine
1195 2732 1323 2811 fecit
1351 2733 1440 2786 ille
1476 2752 1486 2786 :
1521 2733 1736 2797 Quoties
1760 2749 1877 2788 vero
1905 2732 2190 2787 Dmtinum
2226 2743 2274 2787 et

697 2823 888 2888 Deum,
940 2843 1056 2879 eum
1106 2827 1196 2895 qui
1238 2832 1456 2896 apparet
1503 2827 1774 2897 intelligit,
1809 2827 1890 2880 Itis
1930 2828 2057 2896 ipsis
2095 2828 2275 2895 palam

696 2918 872 2970 utitur
920 2916 1274 2973 locationibus
1307 2935 1324 2973 :
1353 2918 1492 2990 quod
1540 2937 1657 2974 vero
1691 2920 1970 2973 Dominum
2010 2921 2276 2992 Deumque

696 3025 801 3062 non
832 3026 948 3062 eum
977 2999 1243 3081 signiﬁcet
1266 3011 1357 3081 qui
1389 3010 1556 3064 Pater
1586 3021 1684 3076 est,
1722 3013 1850 3080 ipsae
1881 3009 2169 3081 Scriptura:
2190 3014 2275 3067 di-

697 3104 831 3156 uina:
878 3102 1168 3156 locutiones
1210 3103 1264 3155 in
1299 3103 1654 3169 superioribus
1690 3098 2073 3159 euidentissime
2104 3115 2277 3159 osten-

697 3197 853 3262 dunt,
883 3197 971 3248 ubi
999 3196 1243 3267 angelum
1278 3195 1376 3250 Dei
1402 3196 1669 3266 appellant
1703 3213 1820 3250 eum
1850 3199 2059 3266 quicum
2086 3198 2149 3250 de
2177 3195 2277 3251 Ja-

699 3291 794 3345 eob
823 3307 993 3346 sermo
1021 3301 1188 3353 esset;
1220 3299 1452 3360 superest
1489 3291 1652 3361 igitur
1683 3300 1741 3343 ut
1773 3305 2091 3361 quaramus,
2127 3291 2273 3360 quis-

2381 2092 2611 2162 υπάρχει
2663 2089 2740 2162 τῷ
2788 2091 2983 2163 Πατρὶ,
3015 2091 3126 2143 ἀλλ’
3157 2083 3231 2155 ὼς
3286 2095 3577 2166 μονογενὴς
3618 2096 3745 2160 Υἱὸς
3793 2097 3952 2168 μόνος

2379 2185 2484 2255 πρὸ
2516 2184 2732 2238 πάντων
2763 2185 2870 2237 τῶν
2909 2183 3118 2238 αἰώνων
3150 2187 3213 2236 ἐκ
3254 2184 3348 2236 τοῦ
3379 2185 3593 2258 Πατρὸς
3618 2191 3950 2261 γεγεννημέ-

2379 2295 2484 2339 νος,
2513 2276 2616 2329 hoc
2646 2284 2728 2330 est
2756 2296 2768 2331 :
2800 2274 2900 2330 Sed
2927 2294 3028 2330 non
3062 2277 3356 2331 omnimode
3383 2282 3736 2345 exemplorum
3767 2281 3952 2336 simili-

2381 2369 2504 2421 tudo
2529 2369 2788 2440 convenit,
2819 2370 3011 2438 utjam
3041 2369 3241 2423 dictum
3264 2370 3365 2440 fuit
3392 2386 3411 2423 :
3440 2387 3562 2423 nam
3604 2385 3826 2439 corpora
3863 2371 3950 2424 in-

2380 2461 2619 2513 animato
2679 2457 2920 2516 accidens
2948 2461 3001 2514 in
3031 2456 3377 2533 qualitatibus
3410 2461 3642 2516 obtinent
3667 2477 3684 2514 :
3708 2462 3954 2532 splendor

2376 2556 2514 2607 enim
2543 2570 2658 2606 cum
2688 2564 2892 2607 naturae
2922 2551 3052 2608 lucis
3080 2563 3334 2607 connatus
3372 2554 3461 2616 sit,
3495 2563 3544 2606 et
3584 2553 3951 2629 substantiali-

2379 2653 2457 2696 ter
2481 2661 2600 2697 cum
2630 2645 2745 2696 luce
2778 2642 3085 2707 coexsistat,
3117 2653 3267 2697 extra
3299 2643 3525 2714 idipsum
3550 2645 3603 2696 in
3628 2661 3727 2714 quo
3755 2655 3830 2699 est
3861 2663 3948 2700 ne-

2376 2752 2641 2806 quaquam
2684 2735 2984 2790 subsistere.
2997 2739 3198 2804 possit;
3229 2745 3284 2788 at
3313 2734 3409 2789 Dei
3454 2733 3677 2789 Verbum
3697 2752 3793 2805 per
3824 2753 3878 2791 se
3900 2747 3949 2790 et

2377 2830 2596 2881 seorsim
2632 2827 2986 2882 substantiam
3009 2823 3201 2881 obtinet
3231 2837 3280 2881 et
3308 2824 3543 2882 subsistit
3567 2845 3586 2893 ;
3625 2845 3783 2898 neque
3803 2830 3950 2900 inge-

2376 2919 2483 2972 nite
2513 2917 2570 2988 (i.
2597 2934 2646 2972 e.
2671 2928 2728 2996 ut
2752 2919 3103 2989 non-genitus)
3117 2917 3264 2971 Patri
3289 2920 3556 2973 coexsistit
3581 2935 3598 2983 ε
3630 2920 3719 2974 sed
3745 2929 3800 2974 ut
3830 2920 3952 2974 uni-

2374 3011 2577 3082 genitus
2614 3009 2811 3074 Filius,
2844 3010 2989 3064 solus
3027 3018 3148 3063 ante
3176 3011 3352 3063 omnia
3373 3011 3569 3065 sa'cula
3595 3026 3659 3064 ea:
3686 3009 3849 3064 Patre
3865 3027 3954 3080 ge-

2377 3105 2539 3157 nitus.
2572 3100 2892 3172 Pariterque
2922 3103 3016 3156 lib.
3049 3116 3101 3157 vt
3134 3101 3288 3156 initio
3316 3102 3587 3172 procnmii,
3623 3103 3764 3156 ineo
3789 3114 3952 3172 quem

2377 3209 2543 3264 supra
2595 3194 2886 3265 retulimus
2938 3195 3079 3255 loco,
3111 3193 3188 3246 ait
3241 3189 3438 3246 Filium
3487 3208 3610 3249 esse
3658 3195 3954 3249 secundam

2377 3293 2500 3355 post
2546 3283 2760 3340 Patrem
2810 3283 3194 3355 substantiam,
3235 3271 3356 3354 qua:
3386 3283 3550 3338 rebus
3581 3283 3740 3337 factis
3774 3285 3954 3338 omnia

698 3400 825 3437 nam
855 3384 946 3445 sit,
980 3384 1034 3437 in
1067 3384 1130 3437 iis
1163 3354 1453 3454 qua-sunt,
1490 3354 1629 3436 Deus
1678 3391 1728 3437 et
1783 3354 2054 3447 Dominus,
2082 3354 2272 3452 praeter
2298 3365 2340 3423 Ο
2376 3354 2477 3434 bus
2513 3379 2717 3450 praesit.
2756 3375 2820 3430 Et
2857 3376 2951 3434 lib.
2982 3391 3000 3429 ι
3054 3354 3263 3431 ῖοηινα
3308 3376 3639 3443 Marcellum,
3681 3392 3734 3445 p.
3767 3376 3820 3439 5,
3855 3378 3953 3442 ait,

697 3474 916 3529 Patrem
969 3476 1223 3540 omnium,
1277 3483 1327 3528 et
1361 3492 1533 3546 regem
1558 3474 1824 3546 Deumque
1871 3477 2099 3530 universi
2129 3492 2146 3530 :
2175 3477 2276 3530 erit

699 3582 876 3623 autem
903 3570 988 3623 hic
1029 3568 1252 3623 Verbum
1291 3569 1406 3634 Dei,
1450 3571 1586 3641 quod
1617 3578 1692 3624 est
1721 3580 1841 3624 ante
1875 3572 2093 3633 sarcula,
2125 3586 2278 3639 supe-

691 3650 1057 3731 riorquidem
1085 3662 1228 3714 omni
1271 3661 1510 3732 angelica
1556 3674 1768 3728 natura,
1800 3662 2066 3730 profectus
2104 3670 2276 3714 autem

698 3752 764 3804 ab
815 3768 894 3808 eo.
924 3754 1014 3821 qui
1049 3751 1213 3806 Pater
1236 3762 1359 3807 ’est.
1395 3750 1501 3807 Sed
1541 3753 1697 3823 longe
1729 3755 1834 3807 alia
1869 3751 2074 3822 profert
2105 3751 2276 3807 Euse—

698 3844 846 3907 bius,
876 3845 1088 3899 seilicet
1114 3862 1127 3899 :
1155 3843 1287 3898 Cum
1315 3863 1432 3899 vero
1468 3845 1750 3900 Dominum
1779 3857 1828 3900 et
1856 3846 2045 3911 Deum,
2069 3847 2158 3916 qui
2184 3863 2278 3916 ap-

697 3947 868 4002 paret,
895 3954 1005 3990 esse
1034 3939 1292 4008 agnoscit,
1325 3939 1513 3993 iisdem
1568 3924 1706 4009 ipsis
1743 3938 1885 3993 clare
1920 3940 2087 3992 utitur
2110 3939 2279 4008 appel-

701 4030 988 4082 lotionibus
1012 4046 1029 4082 :
1053 4031 1190 4099 quod
1224 4044 1340 4084 vero
1367 4030 1653 4091 Dominum
1687 4041 1735 4084 et
1760 4031 1927 4086 Deum
1957 4033 2156 4098 dicens,
2176 4048 2278 4084 non

698 4137 839 4186 eum,
863 4123 952 4192 qui
983 4121 1160 4177 Causa
1187 4132 1285 4187 est,
1311 4102 1588 4193 signiﬁcet,
1613 4124 1876 4177 evidenter
1898 4123 2174 4178 ostendunt
2192 4124 2278 4175 di-

700 4217 834 4270 uinas
867 4214 1158 4286 Scriptura:
1189 4229 1354 4279 uoces,
1388 4232 1503 4287 qua:
1535 4217 1776 4286 angelum
1815 4215 1914 4270 Dei
1943 4218 2114 4290 ipsum
2147 4233 2280 4269 nun-

699 4321 918 4378 cupant,
951 4311 1041 4380 qui
1085 4298 1524 4382 Jacoboiuisus]
1577 4297 1830 4364 Dominus
1876 4318 1926 4362 et
1956 4309 2095 4363 Deus
2125 4320 2279 4362 antea

702 4403 998 4472 appellatus
1027 4411 1122 4457 est.
1153 4401 1335 4455 Restat
1365 4417 1484 4472 ergo
1513 4401 1774 4472 quispiam
1793 4400 1928 4452 inter
1957 4416 2020 4453 ea
2047 4415 2162 4469 qua:
2183 4414 2280 4451 eat--

699 4499 894 4552 sistunt
945 4496 1088 4551 Deus
1133 4505 1180 4551 et
1237 4495 1518 4562 Dominus,
1568 4505 1685 4562 post
1729 4494 1962 4547 omnium
2012 4510 2180 4565 regem
2231 4503 2282 4546 et

703 4582 869 4637 Deum
900 4586 1262 4639 universorum
1291 4600 1309 4637 :
1339 4587 1382 4638 is
1408 4593 1584 4638 autem
1611 4583 1793 4654 fuerit,
1824 4585 1913 4654 qui
1937 4596 2059 4636 ante
2087 4583 2282 4637 stecula

700 4686 803 4741 est,
839 4676 939 4731 Dei
975 4676 1221 4740 Verbum,
1252 4681 1423 4747 major
1447 4677 1654 4748 quidem
1688 4678 1830 4734 omni
1865 4676 2100 4745 angelica
2128 4684 2283 4728 natu-

704 4788 799 4836 ra,
832 4769 1006 4822 minor
1037 4785 1153 4824 vero
1183 4768 1281 4822 illa
1325 4771 1497 4837 prima
1538 4787 1719 4823 causa.
1760 4768 1862 4825 Ubi
1896 4769 1961 4824 de
1992 4782 2142 4823 more
2172 4759 2280 4822 Eu-

703 4863 888 4920 sebius
914 4861 1113 4917 Filium
1137 4862 1254 4926 Dei,
1281 4877 1310 4916 a
1333 4864 1594 4933 primaria
1623 4865 1710 4917 illa
1730 4863 1928 4920 deitate
1954 4871 2006 4917 et
2033 4861 2278 4916 omnium

601 4993 607 4999 -
703 4971 871 5012 causa
901 4956 1197 5019 seclusum,
1226 4955 1489 5026 dignitate
1517 4967 1568 5010 et
1589 4956 1781 5012 ordine
1809 4971 1908 5010 ceu
1940 4953 2180 5009 medium
2205 4954 2283 5008 in-

704 5057 789 5102 ter
837 5047 1005 5102 Deum
1047 5057 1100 5100 et
1144 5047 1371 5113 angelos
1417 5046 1719 5102 COnstituit.
1756 5045 2024 5100 Sescenta
2059 5045 2164 5099 alia
2211 5060 2279 5101 ex

700 5139 999 5210 euangelica
1042 5138 1501 5194 Demonstratione
1557 5138 1676 5192 loca
1724 5137 1915 5198 aﬂ‘erre
1945 5139 1998 5191 in
2028 5143 2282 5208 promptu

701 5239 872 5297 esset,
892 5233 981 5285 ubi
1007 5233 1276 5302 interpres
1306 5230 1598 5287 Eusebium
1633 5229 1697 5284 ad
1725 5230 2047 5286 catholicam
2077 5228 2284 5285 doctri-

704 5338 834 5379 nam
862 5324 948 5378 vel
983 5324 1211 5377 invitum
1243 5323 1464 5378 deduxit
1496 5342 1509 5377 :
1536 5325 1628 5379 sed
1666 5323 1780 5377 hinc
1813 5323 1998 5377 lectori
2032 5327 2193 5377 erunt
2217 5319 2283 5374 ad

704 5416 980 5486 cautelam
1012 5413 1170 5475 satis,
1203 5427 1274 5467 ne
1318 5413 1373 5466 in
1417 5411 1611 5466 Latina
1662 5410 1915 5466 versione
1957 5420 2021 5464 se
2065 5405 2283 5463 Eusebii

685 5505 1034 5561 sententiam
1076 5504 1348 5574 expiscari
1396 5515 1556 5573 posse
1590 5501 1845 5557 conﬁdat.
1880 5499 2117 5557 Estimo
2155 5513 2287 5554 sane

707 5599 912 5654 multos
945 5597 1258 5667 interpretis
1292 5595 1522 5650 artiﬁcio
1544 5596 1610 5650 ad
1634 5594 1852 5650 Eusebii
1879 5593 2137 5649 tutandas
2163 5607 2286 5663 par-

708 5699 792 5746 tes
812 5690 1113 5745 accessisse
1146 5707 1160 5744 :
1194 5702 1319 5743 nam
1372 5688 1419 5743 is
1469 5688 1651 5742 sciens
1681 5695 1734 5741 ct
1761 5687 2000 5756 prudens
2049 5685 2285 5756 scripto-

2376 3485 2499 3525 eum
2524 3470 2615 3540 qui
2648 3469 2847 3523 dixerit
2875 3466 3091 3522 Patrem
3117 3476 3171 3522 et
3201 3466 3395 3523 Filium
3429 3467 3734 3522 substantia
3758 3477 3950 3529 anum.

2377 3568 2560 3633 aperte
2597 3559 2963 3614 Sabellianum
2991 3574 3148 3624 esse;
3172 3566 3226 3613 et
3254 3575 3305 3629 p.
3333 3559 3402 3624 25
3431 3571 3719 3614 accusatus
3745 3575 3772 3612 a
3810 3553 3955 3614 Μαι-μ

2377 3654 2514 3709 cello
2562 3652 2867 3716 Eusebius,
2904 3652 3046 3722 quod
3097 3660 3234 3708 teste
3287 3651 3547 3708 Narcisso
3606 3651 3954 3715 Neroniadis.

2377 3747 2513 3800 duas
2565 3761 2686 3802 esse
2731 3744 2912 3801 Patris
2953 3753 3006 3800 et
3059 3744 3182 3799 Filii
3215 3746 3550 3801 substantias
3584 3745 3809 3808 diceret,
3839 3761 3953 3799 rem

2379 3838 2470 3892 ille
2504 3835 2610 3892 non
2642 3848 2824 3908 negat,
2859 3836 2953 3892 sed
2985 3837 3090 3890 alio
3118 3852 3230 3891 rem
3278 3844 3332 3890 et
3380 3851 3686 3890 sermonem
3711 3837 3954 3891 divertit.

2376 3933 2618 4005 Tempus
2645 3950 2731 3988 me
2760 3932 3035 3996 deﬁceret,
3066 3933 3111 3987 si
3135 3931 3335 3986 similia
3365 3929 3582 3985 Eusebii
3610 3931 3728 3985 loca
3757 3942 3958 4000 conge-

2380 4044 2503 4083 rere
2535 4027 2726 4082 vellem
2758 4045 2770 4079 :
2803 4025 2871 4080 de
2892 4025 3161 4079 industria
3188 4024 3334 4078 enim
3360 4024 3448 4078 ille
3471 4024 3676 4094 passim
3711 4039 3826 4077 rem
3849 4023 3960 4094 θεία

2380 4131 2462 4176 tat
2493 4129 2547 4176 et
2582 4119 2943 4190 comprobare
2973 4119 3166 4173 nititur
3201 4118 3304 4190 (a).

2393 4252 2401 4257 ’
2449 4255 2533 4306 Vl.
2561 4254 2806 4305 Eusebius
2829 4254 2943 4304 Filii
2967 4256 3204 4304 deitatem
3230 4257 3372 4305 aliam
3399 4256 3573 4303 statuit
3605 4268 3629 4302 a
3659 4260 3879 4316 paterna.

2451 4382 2589 4436 Cum
2620 4399 2749 4454 ergo
2794 4382 2991 4438 Filium
3026 4382 3254 4438 diversae
3289 4396 3318 4435 a
3356 4393 3584 4452 paterna
3641 4380 3960 4436 substantia!

2382 4477 2548 4538 dicat,
2583 4475 2711 4529 hinc
2741 4476 3093 4545 consequitur
3121 4480 3180 4528 ut
3205 4473 3459 4528 deitatem
3482 4474 3642 4527 aliam
3673 4487 3701 4525 a
3736 4481 3961 4543 paterna

2381 4570 2439 4622 in
2475 4567 2614 4622 Filio
2654 4585 2777 4623 esse
2805 4568 3034 4623 doceat:
3067 4566 3209 4636 quod
3247 4565 3372 4620 licet
3399 4565 3592 4620 eodem
3639 4564 3867 4627 recidat,
3894 4579 3958 4619 ex

2385 4662 2519 4733 ipsis
2559 4661 2775 4717 Eusebii
2818 4661 2980 4715 dictis
3003 4659 3220 4731 planius
3250 4657 3438 4712 evadet
3468 4677 3477 4710 :
3511 4653 3653 4710 unde
3686 4656 3850 4709 etiam
3877 4669 3964 4708 usu

2386 4767 2602 4812 seratur
2635 4755 2781 4827 quod
2828 4756 2984 4809 initio
3013 4752 3520 4823 comprobavimus,
3555 4749 3765 4806 scilicet
3793 4747 3963 4803 Eusc-

2391 4851 2535 4904 bium
2591 4838 2879 4912 unitatem
2907 4847 3126 4904 deitatis
3169 4849 3226 4903 in
3263 4861 3371 4899 uno
3407 4841 3562 4896 Patre
3607 4843 3961 4896 constitue-re.

2388 4943 2477 4997 Ait
2508 4945 2671 5014 igitur
2706 4943 2800 4998 lib.
2829 4960 2860 4994 ν
2905 4941 3054 4996 Dem.
3088 4956 3297 5010 evang.,
3330 4956 3378 4990 c.
3415 4937 3504 4998 30,
3553 4952 3605 5005 p.
3639 4935 3745 4990 255
3776 4934 3968 4990 ς’Δλλὰ

2386 5037 2494 5110 γὰρ
2539 5033 2605 5089 δι’
2635 5035 2771 5090 ὅλων
2803 5035 3097 5106 τριάκοντα
3129 5028 3478 5102 προφητικῶν
3509 5027 3819 5096 κεφαλαίων
3846 5026 3966 5080 δεύ-

2388 5147 2544 5201 τερον
2567 5127 2698 5183 Θεὸν
2736 5128 2873 5198 μετὰ
2905 5125 2994 5180 τὸν
3026 5124 3284 5180 ἀνωτάτω
3312 5122 3405 5176 καὶ
3427 5122 3518 5175 ὲπί
3547 5123 3700 5185 πᾶσι,
3735 5118 3824 5172 τὸν
3858 5118 3970 5171 Σω-

2389 5217 2532 5295 τῆρα
2577 5223 2669 5276 καὶ
2710 5221 2915 5292 Κύριον
2942 5216 3122 5290 ήμῶν,
3152 5216 3244 5270 τὸν
3291 5214 3383 5287 1ςοῦ
3433 5212 3568 5266 Θεοῦ
3612 5209 3804 5279 Λόγον,
3832 5204 3969 5266 εἶναιΙ

2394 5315 2790 5386 μεμαθηκότες,
2818 5315 2903 5381 ἐφ’
2930 5312 3118 5382 ἑτέραν
3163 5309 3263 5379 τῆς
3303 5308 3421 5362 κατ’
3453 5303 3613 5359 αὐτὸν
3657 5300 3977 5392 οἰκονομίας

2391 5403 2646 5461 ὖπόθεσιν
2673 5403 3111 5478 μεταϐησόμεθα.
3134 5398 3236 5456 Ubi
3261 5400 3535 5469 interpres
3556 5411 3655 5468 pro
3680 5410 3830 5478 more
3853 5393 3968 5449 hac

2390 5500 2558 5570 impia
2579 5477 2724 5553 dicta
2761 5497 2828 5551 ad
2856 5495 3180 5550 catholicam
3205 5490 3530 5549 sententiam
3563 5477 3967 5542 detersitznam

2394 5591 2476 5647 sic
2515 5589 2798 5646 transtulit
2829 5607 2841 5642 :
2875 5587 3085 5641 Atenim
3133 5594 3406 5656 postquam
3455 5581 3704 5636 hactenus
3733 5590 3798 5632 ex
3844 5575 3966 5630 totis

2396 5683 2615 5754 triginta
2655 5677 2968 5750 propheticis
3011 5678 3293 5749 capitibus,
3325 5675 3513 5739 Deum,
3543 5671 3871 5728 Salutarem
3907 5680 3970 5721 ac

791 5907 866 5966 tu)
922 5897 1049 5948 l'idc
1076 5906 1346 5949 comment.
1378 5899 1427 5949 in
1461 5895 1598 5947 θεοί.
1647 5910 1765 5963 pag.
1808 5893 1934 5950 εις).
1975 5894 2110 5948 Ξὶ34;
2168 5889 2464 5946 Demonstr.

2284 5897 2464 5945 tonstr.
2505 5905 2716 5958 "ang,
2788 5884 2907 5949 H8,
2961 5876 3259 5946 $5,102,
3313 5876 3442 5942 2'50,
3487 5869 3612 5940 233,
3668 5870 3797 5937 254,
3828 5864 3967 5937 255,

711 5980 897 6023 contra
945 5968 1280 6034 Μακρίίριηι,
1321 5969 1373 6031 4,
1400 5967 1487 6034 09,
1524 5969 1608 6033 79,
1656 5967 1772 6019 104.
