4262 6416
266 516 333 570 37
1040 512 1545 569 COMMENTARIA
1585 522 1649 565 ttV
1693 514 2031 567 raALMUS.
2075 541 2144 552 -—-
2181 509 2731 575 PRELIMINARIA.
3436 518 3505 571 58

267 630 551 687 Dominum
592 637 851 696 nostrum,
884 628 982 683 Dei
1025 628 1248 683 Verbum
1286 645 1398 682 esse
1425 626 1727 691 didicimus,
1757 626 1825 679 ad
1856 636 1897 689 Α
1930 637 1986 680 ιιι
2042 627 2201 682 habet
2252 624 2547 696 Gregorius
2601 626 3014 684 Nazianzenus:
3051 627 3131 684 sic
3178 629 3208 696 ό
3257 626 3506 698 θεολόγος

266 718 489 772 alterum
513 717 636 789 'ejus
666 735 780 789 quia
813 716 881 770 ad
912 718 1148 771 eumdem
1172 718 1389 785 pertinet
1427 718 1828 784 dispensationis

266 820 629 882 argumentum
667 820 1017 865 transeamus.
1052 810 1156 864 Ubi
1188 808 1505 864 vertendum
1554 808 1654 861 fuit
1691 827 1702 861 :
1732 808 1830 861 At-

264 905 401 956 enim
434 913 713 973 postquam
738 917 802 956 ea:
828 902 953 956 totis
975 901 1190 971 triginta
1214 901 1522 969 propheticis
1546 900 1826 967 capitibus,

262 996 549 1049 secundum
578 994 764 1058 Deum,
813 1002 930 1063 post
971 994 1122 1048 illum
1154 1010 1451 1063 supremum
1479 1002 1526 1046 et
1552 994 1640 1063 qui
1668 1009 1829 1061 supra

266 1090 443 1143 omnia
486 1098 583 1155 est,
615 1086 945 1143 Salvatorem
996 1088 1195 1141 scilicet
1239 1086 1523 1139 Dominum
1570 1096 1825 1150 nostrum,

264 1180 361 1237 Dei
400 1179 645 1243 Verbum,
678 1196 790 1233 esse
816 1178 1135 1241 didicimus;
1163 1179 1278 1248 jam
1305 1178 1373 1231 ad
1392 1177 1539 1232 aliud
1562 1178 1675 1247 ejus
1696 1194 1830 1231 ceco-

263 1271 455 1326 nemiw
500 1278 866 1341 argumentum
916 1282 1265 1325 transeamus.
1300 1257 1399 1324 Hic
1433 1261 1585 1325 vides
1631 1285 1827 1325 secun-

263 1361 414 1424 dum,
446 1362 562 1417 sive
593 1362 826 1416 alterum
859 1360 1050 1424 Deum,
1076 1377 1105 1415 a
1134 1376 1386 1431 supremo
1412 1362 1504 1415 illo
1530 1370 1582 1416 et
1614 1362 1706 1431 qui
1740 1377 1830 1416 su-

263 1469 361 1527 pra
384 1456 566 1509 omnia
596 1461 700 1520 est,
724 1453 1065 1517 distinctum,
1093 1454 1376 1522 praedicari
1410 1472 1423 1508 :
1457 1468 1581 1507 nam
1613 1454 1830 1523 utrique

265 1559 418 1599 suam
451 1544 704 1598 deitatem
752 1543 995 1606 ascribit,
1023 1543 1257 1597 alteram
1284 1557 1593 1613 supremam
1622 1551 1676 1598 et
1715 1557 1829 1597 nia-

259 1637 456 1707 iorem,
488 1651 609 1707 quas
636 1635 702 1691 ad
721 1634 934 1689 Patrem
959 1675 973 1699 ,
998 1635 1222 1691 alteram
1254 1651 1384 1689 vero
1403 1637 1686 1697 minorem,
1711 1650 1830 1705 quae

261 1730 330 1783 ad
354 1728 876 1798 Filium,pertineat.
912 1729 977 1781 Et
1002 1742 1128 1781 vero
1162 1728 1215 1781 in
1247 1728 1385 1781 libro
1418 1728 1592 1796 primo
1627 1726 1827 1780 Contra

266 1821 593 1885 Marcellum,
628 1819 831 1874 diserte
879 1826 932 1873 et
963 1820 1079 1874 sine
1109 1819 1334 1889 ambage
1361 1818 1426 1873 de
1456 1818 1613 1872 Patre
1634 1819 1709 1870 ait
1736 1819 1826 1871 :'O

260 1912 361 1983 τὴν
405 1911 609 1965 οἰκείαν
651 1900 875 1981 Θεὸτητα
906 1909 1255 1981 κεκτημένος,
1285 1910 1373 1981 qui
1414 1910 1680 1979 propriam
1726 1907 1827 1962 sibi

265 1980 514 2060 deitatem
548 2003 764 2059 obtinet.
790 2000 973 2073 Neque
1006 1980 1173 2065 enim,
1208 2011 1266 2056 ut
1295 2003 1385 2056 ille
1425 2004 1625 2073 passim
1654 2002 1829 2071 loqui-
1860 1980 1899 2035 Β

266 2107 373 2160 tur,
406 2095 605 2150 Filium
636 2096 700 2150 ad
735 2094 881 2148 illam
920 2094 1231 2163 primariam
1261 2095 1531 2163 pertinere
1571 2093 1829 2148 deitatem

266 2198 446 2261 putat;
470 2188 565 2244 sed
597 2188 822 2244 seorsim
852 2203 882 2240 a
905 2186 1065 2241 Patre
1089 2187 1352 2241 minorem
1376 2200 1497 2240 esse
1518 2183 1683 2239 Deum
1705 2200 1832 2255 pro-

265 2284 480 2337 nuntiat
506 2296 673 2353 :‘nam
707 2282 761 2334 in
804 2281 1045 2335 secundo
1081 2277 1279 2334 Contra
1301 2276 1616 2331 Marcellum
1668 2278 1827 2343 libro,

266 2395 383 2451 cap.
407 2379 476 2433 16
504 2387 557 2433 et
589 2378 681 2453 i7,
698 2392 819 2447 pag.
842 2375 943 2429 126
966 2384 1019 2430 et
1042 2375 1163 2440 127,
1195 2388 1292 2443 pro
1324 2373 1533 2428 viribus
1559 2372 1831 2442 depugnat

263 2470 355 2526 ille
381 2470 594 2525 Patrem
637 2477 691 2524 et
721 2467 918 2528 Filium
946 2482 1055 2521 non
1082 2465 1330 2521 eumdem
1363 2482 1484 2521 esse
1511 2464 1712 2531 Deum;
1735 2461 1829 2520 sed

265 2578 333 2618 ex
362 2565 511 2618 inani
538 2564 629 2617 illa
671 2562 1041 2626 distinctione,
1070 2575 1235 2632 quam
1266 2560 1321 2614 in
1352 2559 1526 2629 primo
1555 2557 1831 2627 Evangelii

260 2651 493 2711 Joannis
522 2656 792 2712 versiculo
812 2654 1267 2719 comminiscitur,
1295 2652 1460 2706 alium
1507 2665 1627 2707 esse
1662 2648 1830 2702 Deum

254 2748 359 2816 qui
413 2763 580 2818 supra
629 2748 810 2802 omnia
842 2754 957 2813 est,
994 2744 1160 2799 alium
1195 2758 1325 2800 vero
1354 2743 1543 2804 Deum,
1579 2740 1670 2809 qui
1698 2737 1833 2793 Ven-

266 2837 396 2893 bum
446 2839 667 2895 dicitur.
702 2837 1005 2909 Siquidem,
1040 2838 1118 2892 ait
1160 2835 1278 2898 ille,
1327 2834 1442 2887 haec
1489 2829 1833 2899 evangelista

267 2930 428 2985 verba
463 2930 583 2986 :‘Ev
614 2918 860 3000 ἀρχῇ⁵ἦν
908 2930 935 2993 ό
976 2928 1169 2996 Λόγος·
1200 2925 1292 2978 καὶ
1323 2925 1351 2975 ὁ
1382 2922 1549 2989 Λόγος
1590 2914 1658 2988 ἦν
1696 2916 1830 2987 πρὸς

265 3019 354 3073 τὸν
385 3017 548 3072 Θεόν·
602 3018 696 3071 καὶ
730 3015 860 3079 Θεὸς
889 3012 956 3085 ἦν
985 3018 1012 3069 ὁ
1041 3015 1232 3084 Λόγος,
1263 3004 1430 3066 Deum
1462 3007 1675 3063 Patrem
1705 3022 1827 3060 cum

261 3107 499 3162 articulo
539 3106 869 3176 exprimunt,
904 3106 1038 3176 πρὸς
1076 3104 1167 3156 τὸν
1201 3100 1352 3163 Θεὸν,
1384 3098 1551 3154 Deum
1585 3111 1713 3152 vero
1740 3093 1831 3149 Fi-

265 3200 397 3254 lium
436 3199 557 3255 sine
579 3197 828 3261 articulo,
860 3197 954 3251 καὶ
984 3197 1113 3260 Θεὸς
1136 3190 1203 3267 ἦν
1226 3198 1253 3247 ὁ
1278 3194 1449 3262 Λόγος
1478 3212 1492 3246 :
1521 3206 1586 3246 ex
1609 3204 1717 3261 quo
1743 3203 1832 3244 ar-

263 3294 381 3364 guit
430 3293 540 3356 ille,
590 3290 758 3347 Deum
789 3289 1025 3357 Verbum
1074 3289 1193 3345 sine
1226 3287 1453 3342 articulo
1486 3297 1824 3355 expressum,

256 3385 431 3453 ,alium
461 3399 584 3439 esse
621 3381 788 3439 Deum
819 3380 888 3436 ab
912 3395 979 3435 eo
1008 3379 1101 3450 qui
1150 3393 1273 3433 cum
1325 3375 1554 3430 articulo
1578 3371 1830 3442 exprimi-

261 3484 355 3531 tur
373 3494 388 3541 ;
406 3484 569 3546 atque
594 3475 666 3528 ita
690 3474 919 3530 Sabellii
948 3472 1119 3527 errori
1144 3485 1203 3526 se
1225 3482 1511 3525 occurrere
1535 3473 1706 3535 putat,
1731 3462 1827 3534 qui

266 3568 533 3632 crederet,
578 3564 794 3623 Patrem
853 3572 906 3618 et
940 3561 1163 3615 ‘Filium
1208 3576 1315 3614 non
1365 3557 1612 3613 eumdem
1667 3556 1828 3610 modo

266 3657 467 3718 Deum,
500 3656 594 3712 sed
623 3653 865 3709 eamdem
890 3668 1013 3708 esse
1046 3654 1353 3722 personam,
1383 3664 1502 3719 quae
1528 3648 1824 3703 secundum

268 3752 446 3806 varias
479 3740 811 3818 intelligendi
836 3746 1074 3801 rationes
1101 3743 1547 3813 distingueretur,
1575 3756 1639 3794 ac
1665 3740 1826 3795 modo

262 3840 445 3907 Pater,
484 3840 645 3896 modo
676 3839 845 3895 Filius
869 3846 921 3894 et
954 3837 1189 3894 Verbum
1217 3836 1578 3908 appellaretur

568 3971 675 4021 VII.
701 3960 1281 4034 Grandis-paralogismus
1301 3967 1521 4019 Eusebii.

337 4077 409 4130 At
436 4092 546 4131 non
576 4072 723 4131 videt
748 4074 1017 4132 Eusebius
1047 4091 1106 4130 se
1136 4076 1191 4129 in
1214 4074 1539 4145 impietatem
1572 4068 1828 4126 Sabellia-

263 4187 335 4227 ua
379 4170 520 4227 forte
550 4170 875 4224 deteriorem
910 4167 1173 4232 incidere,
1210 4184 1274 4222 ac
1303 4181 1459 4223 sacro
1487 4165 1828 4235 evangelista

259 4263 522 4335 grandem
558 4262 976 4332 paralogismum
1012 4259 1281 4332 alIingere.
1314 4258 1449 4314 Nam
1491 4260 1556 4327 si,
1586 4269 1643 4313 ut
1676 4266 1827 4329 putat

268 4355 554 4419 Eusebius,
585 4354 916 4424 evangelista
947 4351 1115 4407 Deum
1149 4354 1315 4407 alium
1366 4353 1621 4422 majorem
1654 4361 1709 4407 et
1735 4367 1829 4406 su-

264 4452 511 4520 premum
552 4447 639 4501 hic
686 4445 907 4508 indicet,
937 4445 1101 4497 alium
1134 4460 1261 4499 vero
1290 4445 1551 4499 minorem
1587 4452 1638 4498 et
1674 4443 1829 4513 longe

262 4542 617 4613 inatqualem;
652 4540 1010 4609 incogitanter
1039 4536 1329 4593 admodum
1374 4537 1633 4599 Joannes,
1665 4546 1723 4591 ut
1752 4536 1828 4589 ait

265 4638 588 4707 plerumque
620 4632 947 4687 Athanasius
974 4676 988 4697 ,
1040 4646 1129 4686 res
1173 4631 1306 4685 adeo
1356 4631 1658 4701 disparatas
1712 4629 1828 4684 sine

1925 716 2160 774 Joannes
2192 719 2347 773 initio
2402 718 2677 791 Evangelii
2734 720 2821 775 sui
2869 720 3094 776 deorum
3126 721 3507 790 multiplicita-

1926 818 2034 865 tem
2071 811 2361 867 induxerit.
2394 811 2492 865 llic
2542 826 2602 867 se
2651 812 2787 868 mire
2838 820 3161 883 contorquet
3212 810 3503 875 Eusebius.

1926 912 1981 959 et
2019 919 2088 958 ne
2118 902 2257 960 duos
2288 912 2515 975 cogatur
2545 904 2834 961 admittere
2864 906 2996 961 deos
3038 913 3117 960 tot
3156 905 3506 961 circuitioni-

1925 997 2030 1052 bus
2070 1004 2125 1051 et
2171 997 2491 1068 ambagibus
2542 998 2730 1062 utitur,
2772 1004 2832 1052 ut
2881 981 3190 1069 perplexam
3236 999 3501 1069 arguendi

1927 1088 2239 1144 methodum
2265 1090 2455 1142 mirari
2486 1089 2701 1144 subeat.
2732 1089 2824 1143 Ait
2859 1090 3024 1160 igitur
3046 1088 3313 1145 Eusebius
3341 1092 3435 1145 lib.
3463 1106 3502 1144 tt

1928 1178 2125 1255 Contra
2153 1178 2462 1233 Marcellum
2487 1179 2564 1252 (a)
2592 1200 2605 1235 :
2631 1181 2758 1235 Δέον
2789 1181 3032 1235 ἐντεῦθεν
3060 1185 3314 1245 συνεῖναι,
3338 1183 3413 1248 ὼς
3440 1186 3499 1239 οὐ

1925 1269 2016 1323 δύο
2044 1271 2247 1341 Θεοὺςὴ
2276 1270 2568 1343 Ἐκκλησία
2588 1271 2683 1325 τοῦ
2713 1271 2847 1326 Θεοῦ
2871 1273 3131 1345 κηρύττει
3150 1296 3165 1305 ν·
3194 1275 3256 1329 οὐ
3277 1274 3386 1347 γὰρ
3409 1274 3504 1329 δύο

1925 1362 2211 1433 ἀγέννητα,
2242 1361 2361 1415 οὐδὲ
2386 1362 2478 1416 δύο
2505 1362 2735 1435 ἄναρχα,
2768 1363 2843 1428 ὼς
2883 1364 3139 1428 πολλάκις
3172 1367 3304 1449 ἡμῖν
3350 1366 3501 1442 εἴρη-

1924 1469 2032 1517 ται,
2060 1453 2181 1506 οὐδὲ
2203 1452 2296 1505 δύο
2324 1449 2510 1516 οὗσίας
2541 1454 2599 1520 ὲξ
2635 1455 2902 1524 ἰσοτιμίας
2931 1454 3532 1529 ἀντιπαρεξαγομέναςι

1925 1544 2172 1616 ἀλλήλοις
2207 1545 2414 1613 εἰσάγει
2435 1562 2448 1575 °
2478 1545 2556 1598 διὸ
2587 1545 2707 1599 οὐδὲ
2739 1545 2832 1599 δύο
2861 1540 3020 1611 θεούς
3040 1565 3053 1577 ι
3077 1547 3213 1601 ἀλλὰ
3248 1547 3376 1619 μίαν
3404 1549 3505 1622 ἀρ-

1924 1635 2025 1707 χὴν
2054 1636 2147 1688 καὶ
2170 1635 2300 1689 Θεὸν
2338 1634 2496 1700 εἶναι,
2534 1637 2623 1690 τὸν
2652 1638 2815 1691 αὐτὸν
2841 1640 3058 1710 Πατέρα
3087 1628 3411 1696 διδάσκουσα
3432 1635 3505 1693 εἷ-

1912 1744 2015 1806 ἰναι
2057 1726 2151 1779 τοῦ
2204 1724 2519 1797 μονογενοῦς
2570 1727 2663 1779 καὶ
2710 1728 2993 1798 ἀγαπητοῦ
3036 1728 3186 1795 Υἱοῦ,
3229 1730 3333 1785 hoc
3363 1738 3446 1785 est
3482 1748 3498 1785 :

1932 1818 2071 1872 Hinc
2103 1818 2495 1888 intelligendum
2521 1828 2597 1872 est
2631 1818 2923 1873 Ecclesium
2955 1819 3057 1874 Dei
3087 1838 3188 1875 non
3212 1821 3345 1877 duos
3370 1821 3496 1878 deos

1931 1909 2219 1977 pradicare
2250 1926 2270 1963 :
2303 1927 2404 1964 non
2429 1910 2567 1963 enim
2596 1911 2700 1964 duo
2730 1928 2834 1966 non
2863 1913 3059 1982 genita,
3088 1931 3179 1969 nec
3207 1914 3311 1970 duo
3349 1917 3502 1986 prin-
3572 1980 3585 1991 ο

1929 2003 2062 2067 cipio
2095 2003 2350 2065 carentia,
2394 2014 2454 2055 ut
2506 2019 2641 2071 sirpe
2685 2003 2886 2057 dictum
2932 2022 2964 2058 a
3008 1988 3155 2060 nobis
3201 2016 3299 2071 est,
3341 2022 3503 2078 neque

1929 2093 2064 2149 duas
2087 2093 2434 2161 substantias,
2465 2095 2659 2148 honore
2688 2096 2806 2165 pari
2826 2111 2889 2149 ex
2914 2095 3129 2151 adverso
3170 2106 3349 2151 mutuo
3388 2099 3499 2153 col-

1930 2184 2091 2249 latas,
2138 2186 2372 2249 inducit,
2419 2184 2632 2255 ideoque
2676 2202 2765 2239 nec
2811 2185 2942 2239 duos
2987 2186 3109 2241 deos
3147 2202 3164 2239 :
3205 2187 3294 2240 sed
3340 2204 3501 2241 unum

1928 2278 2240 2348 principium
2273 2288 2322 2333 et
2353 2279 2541 2342 Deum,
2580 2281 2750 2347 ipsum
2788 2278 3004 2333 Patrem
3035 2281 3291 2350 unigeniti
3329 2289 3378 2335 et
3414 2281 3499 2334 di-

1932 2372 2051 2426 lecti
2089 2371 2219 2426 Filii
2249 2390 2358 2427 esse
2381 2372 2548 2449 docet.
2581 2375 2768 2443 Itaque
2801 2379 3029 2428 eatenus
3055 2389 3162 2427 non
3202 2374 3341 2430 duos
3370 2373 3513 2431 deos.

1930 2482 2050 2522 esse
2076 2459 2226 2531 dicit,
2249 2477 2516 2537 quatenus
2541 2468 2692 2523 solus
2720 2465 2879 2522 Pater
2905 2482 3013 2521 non
3048 2468 3266 2537 genitus
3294 2477 3349 2523 et
3381 2469 3502 2523 sine

1932 2558 2219 2628 principio,
2254 2574 2396 2613 unus
2428 2557 2572 2614 Deus
2603 2566 2657 2613 et
2700 2574 2866 2613 unum
2912 2560 3241 2630 principium
3275 2568 3381 2623 est,
3411 2559 3502 2615 Fi-

1932 2650 2037 2704 lius
2062 2657 2428 2719 vero,-utpote
2461 2652 2564 2721 ipsi
2595 2651 2900 2722 inaequalis,
2935 2667 3043 2706 non
3080 2653 3133 2706 in
3164 2653 3423 2723 primaria
3448 2662 3501 2709 et

1932 2754 2038 2793 una
2084 2739 2173 2792 illa
2219 2738 2416 2793 deitate
2463 2748 2713 2795 censetur
2755 2756 2916 2795 esse:
2952 2745 3101 2810 atqui
3145 2742 3273 2797 hinc
3323 2744 3499 2798 solum

1931 2830 2181 2885 concludi
2221 2838 2419 2899 potest,
2450 2846 2558 2884 non
2606 2846 2729 2887 esse
2771 2832 2909 2887 duos
2946 2836 3183 2903 mquales
3212 2833 3365 2899 deos,
3401 2836 3497 2891 sed

1930 2937 2096 2975 unum
2123 2919 2336 2976 Patrem
2381 2938 2695 2991 supremum
2738 2937 2861 2978 esse
2906 2922 3080 2999 Deum
3116 2941 3279 2980 :cum
3314 2938 3495 2982 autem

1890 3024 1893 3027 ‘
1929 3010 2121 3075 Filius,
2156 3010 2282 3066 licet
2309 3012 2484 3082 impar
2513 3018 2567 3067 et
2595 3013 2793 3080 minor,
2814 3012 2957 3068 Deus
2988 3023 3169 3071 tamen
3202 3032 3323 3072 esse
3344 3017 3501 3072 dica-

1930 3114 2019 3157 tur
2038 3143 2053 3166 ,
2080 3102 2209 3158 hinc
2236 3119 2367 3159 sane
2392 3112 2761 3175 consequetur
2792 3107 2929 3162 duos
2969 3122 3092 3163 esse
3124 3107 3291 3177 deos;
3326 3109 3500 3173 maio—-

1930 3211 2044 3252 rem
2081 3197 2269 3260 alium,
2301 3198 2528 3253 alterum
2558 3214 2689 3254 vero
2721 3199 3008 3255 minorem.

1930 3286 2059 3342 VIII.
2080 3289 2185 3341 Non
2224 3289 2429 3340 obscure
2452 3291 2597 3341 docet
2629 3292 2807 3342 Filium
2846 3305 2940 3341 non
2966 3306 3076 3342 esse
3099 3306 3217 3342 vere
3240 3294 3413 3344 Deum.
3440 3321 3502 3332 —-

2175 3352 2254 3401 IX.
2280 3353 2385 3412 Quo
2407 3365 2553 3403 sensu
2582 3352 2760 3405 Filium
2784 3365 2894 3403 esse
2924 3356 3082 3405 Deum
3110 3356 3248 3405 dicit.

2002 3436 2173 3492 Probe
2200 3436 2582 3492 animadvertit
2626 3432 2895 3494 Eusebius
2927 3454 3036 3494 non
3071 3455 3232 3510 posse
3280 3442 3499 3497 ratioci-

1932 3527 2022 3580 nia
2053 3541 2150 3582 sua
2196 3524 2499 3581 consistere
2531 3544 2544 3581 :
2578 3526 2955 3595 quamobrem.
2988 3542 3115 3595 quae
3134 3527 3237 3596 ipsi
3271 3542 3375 3579 una
3406 3542 3498 3581 su-

1932 3626 2144 3685 pererat
2174 3616 2423 3670 elabendi
2450 3616 2611 3679 ratio,
2643 3630 2711 3670 ne
2738 3614 2876 3669 duos
2903 3602 3190 3670 admittere
3237 3615 3370 3673 deos
3402 3631 3499 3669 co-

1931 3715 2107 3777 gatur,
2144 3707 2305 3762 modo
2332 3714 2516 3777 aperte
2542 3706 2717 3769 docet,
2755 3721 2881 3758 mox
2924 3720 3024 3760 nec
3074 3705 3309 3761 obscure
3356 3708 3494 3761 insi—

1931 3807 2061 3855 nuat
2080 3798 2280 3854 Filium
2306 3814 2414 3854 non
2446 3814 2568 3855 esse
2590 3813 2711 3853 vere
2734 3797 2924 3853 Deum.
2956 3796 3011 3851 In
3036 3798 3265 3868 epistola
3293 3801 3495 3870 quippe

1930 3908 2027 3947 sua
2079 3893 2147 3947 ad
2199 3890 2645 3962 Euphrationem,
2683 3891 2751 3945 ab
2784 3890 3084 3946 Athanasio
3125 3899 3181 3946 et
3225 3908 3254 3945 a
3281 3890 3495 3947 Nictena

1931 3986 2169 4040 secunda
2192 3984 2401 4056 synodo
2431 3984 2647 4038 laudata
2669 3982 2846 4055 (b),de
2874 3981 3012 4036 Filio
3038 3983 3163 4037 talia
3193 3980 3337 4037 fatur
3360 4002 3373 4037 :
3393 3983 3497 4036 Τὸν

1930 4080 2091 4134 αὑτὸν
2114 4079 2171 4134 δὲ
2202 4078 2294 4131 καὶ
2323 4077 2479 4150 μόνον
2508 4077 2756 4148 ἀληθινὸν
2781 4070 2917 4130 εἶναι
2949 4075 3187 4133 διδάσκει
3212 4076 3276 4129 δι’
3296 4071 3369 4130 ὧν
3393 4093 3497 4145 φη-

1934 4191 2015 4229 σιν
2032 4191 2045 4204 ·
2079 4175 2203 4229 Ἵνα
2224 4172 2560 4243 γινώσκωσι
2580 4188 2654 4227 σε
2668 4172 2774 4226 τὸν
2792 4173 2985 4241 μόνον
3002 4170 3288 4234 ἀληθινὸν
3313 4170 3458 4237 Θεόν
3475 4186 3489 4198 °

1927 4266 2050 4339 οὐχὶ
2080 4266 2153 4331 ὡς
2182 4267 2299 4331 ἐνὸς
2329 4266 2479 4328 ὄντος
2507 4267 2666 4336 μόνου
2698 4263 2791 4317 τοῦ
2836 4262 2989 4327 Θεοῦ,
3022 4261 3134 4314 ἀλλ’
3158 4261 3233 4325 ὡς
3263 4261 3379 4323 ἐνὸς
3410 4260 3494 4313 ὕν-

1930 4376 2019 4423 τος
2047 4358 2205 4429 μόνου
2236 4356 2484 4428 ἀληθινοῦ
2520 4355 2676 4417 Θεοῦ,
2708 4353 2843 4425 μετὰ
2876 4352 3189 4424 προσθήκης
3208 4351 3493 4417 ἀναγκαιοο

1931 4451 2095 4520 τάτης
2138 4448 2252 4512 τοῦ,
2283 4447 2593 4525 ἀληθινοῦ.
2613 4448 2763 4500 Ἐπεὶ
2814 4445 2906 4498 καὶ
2952 4443 3111 4503 αὐτὸς
3160 4440 3290 4501 Θεὸς
3344 4440 3493 4509 μὲνό

1940 4545 2086 4609 Υἱὸς,
2116 4543 2345 4597 ἀλλὀὐκ
2374 4540 2621 4612 ἀληθινὸς
2650 4537 2800 4601 Θεός·
2819 4530 2896 4599 εἷς
2929 4536 3034 4605 γάρ
3068 4534 3184 4587 ἐστι
3216 4533 3308 4586 καὶ
3336 4531 3492 4603 μόνος

1923 4630 2185 4707 ’ἀληθινὸς
2205 4635 2354 4697 Θεὸς,
2387 4632 2472 4685 διὰ
2504 4632 2564 4683 τὸ
2597 4631 2670 4701 μὴ
2692 4628 2834 4699 ἔχειν
2868 4628 2973 4699 πρὸ
2996 4626 3157 4681 αὑτοῦ
3186 4643 3325 4687 τινα.
3352 4627 3414 4678 Εἰ
3434 4625 3491 4678 δὲ

272 4730 377 4783 ulla
401 4726 771 4789 distinctione,
798 4739 904 4778 uno
925 4723 1223 4791 eodemque
1251 4724 1515 4777 vocabulo
1545 4730 1827 4791 utramque
1859 4694 1899 4752 Β

1938 4694 2213 4790 καὶάύτθᾷς
2233 4731 2260 4781 ὁ
2292 4694 2417 4788 re;
2441 4694 2854 4794 ἀληθιξιδξ,’ὲιλλ’
2882 4694 2956 4784 ὧς
2985 4717 3145 4772 εἰκὼν
3179 4717 3272 4771 τοῦ
3305 4717 3491 4789 ἀληθι-

266 4816 947 4891 copulans,~signilicavit:
984 4813 1053 4867 Et
1086 4813 1330 4881 Verbum,
1380 4816 1473 4874 ait,
1520 4824 1634 4867 erat
1690 4813 1829 4883 apud

268 4914 456 4977 Deum,
486 4924 534 4967 et
566 4912 706 4967 Deus
744 4913 856 4966 ει·ᾶῖ
890 4908 1107 4963 Verbum
1138 4904 1320 4979 (Joau.
1357 4923 1393 4971 I,
1427 4908 1499 4977 1).
1534 4906 1663 4965 Nam
1707 4905 1823 4977 quis

269 5022 377 5061 non
412 5006 555 5071 voci,
583 5004 745 5067 Deus,
771 4988 1103 5072 conjunctim
1130 4999 1391 5069 repetitae,
1416 4996 1829 5054 eamdem'utro-

271 5100 431 5170 hique
462 5098 926 5170 significationem.
960 5094 1143 5148 statim
1185 5079 1492 5161 aptaverit?
1522 5090 1654 5157 Quis
1685 5106 1826 5145 eam-

268 5188 388 5243 dem
414 5204 624 5249 vocem,
659 5186 744 5241 bis
770 5177 959 5241 eodem
991 5185 1109 5238 loco
1128 5182 1488 5247 enuntiatam,
1515 5191 1624 5235 tam
1647 5180 1822 5251 dispa«

268 5284 383 5329 rata
418 5276 728 5344 signiﬁcare
757 5272 1056 5344 putaverit?
1083 5272 1221 5326 Hinc
1253 5272 1378 5325 item
1396 5271 1573 5341 longe
1598 5271 1827 5327 deterri-

270 5381 356 5419 ma
383 5366 635 5435 impietas
664 5366 1035 5435 consequitur,
1066 5382 1095 5419 a
1134 5380 1242 5435 qua
1284 5379 1496 5434 semper
1534 5373 1642 5417 tam
1673 5373 1823 5419 vetus

270 5472 430 5527 quam
497 5472 628 5509 nmo
689 5455 929 5511 Ecclesia
986 5470 1199 5511 summe
1252 5454 1733 5509 abhorruitznam
1782 5456 1828 5511 si

270 5547 463 5604 Filium
538 5548 702 5600 alium
752 5562 783 5600 a
832 5546 993 5601 Patre
1042 5546 1209 5603 Deum
1270 5562 1393 5602 esse
1445 5545 1824 5611 admittamus,

272 5642 408 5697 duos
434 5655 555 5696 esse
610 5637 741 5695 deos
796 5637 1062 5693 fateamur
1098 5654 1321 5696 necesse
1369 5644 1474 5702 est,
1503 5638 1668 5692 alium
1714 5653 1830 5691 ma-

266 5734 438 5804 jorem
485 5734 758 5805 aiiumque
800 5732 1065 5786 minorem
1100 5750 1111 5784 :
1149 5743 1310 5802 atque
1352 5732 1431 5787 sic
1462 5732 1517 5786 in
1548 5730 1830 5801 pluralita-

274 5835 376 5880 tem
420 5824 646 5881 deorum
694 5825 1016 5890 incidamus,
1069 5832 1122 5880 et
1180 5825 1233 5879 in
1295 5823 1552 5880 πολύθεον
1606 5824 1825 5890 ἁθεῖαν,

340 5969 413 6029 (α)
454 5961 513 6014 Ρ.
548 5962 668 6016 141.

1939 4823 2050 4878 νοῦ.
2076 4826 2157 4892 εἴη
2184 4821 2247 4874 ἂν
2271 4820 2362 4872 καὶ
2383 4818 2530 4880 Θεόςο
2554 4816 2675 4868 ἐπεὶ
2696 4816 2788 4869 καὶ
2810 4813 2939 4877 Θεὸς
2960 4809 3025 4884 ἦν
3042 4814 3067 4866 ό
3088 4811 3275 4879 Λόγος,
3298 4812 3357 4864 οὐ
3386 4811 3490 4880 μὴν

1936 4916 2010 4979 ὡς
2035 4917 2062 4968 ὁ
2093 4914 2249 4983 μόνος
2276 4907 2522 4980 ἀληθινὸς
2550 4906 2681 4971 Θεὸς
2701 4947 2713 4970 ,
2746 4908 2849 4961 hoc
2877 4914 2959 4959 est
2990 4924 3003 4958 :
3040 4902 3293 4956 Eumdem
3318 4912 3489 4954 autem

1937 5020 1984 5063 et
2020 5007 2187 5061 solum
2215 5019 2390 5057 verum
2428 5018 2538 5056 esse
2566 5000 2714 5053 docet
2756 5001 2834 5053 his
2866 4998 3030 5052 verbis
3062 5011 3079 5049 :
3112 5014 3147 5047 r
3176 4993 3239 5049 Ut
3274 5009 3490 5061 cognos-

1938 5110 2059 5156 cant
2099 5110 2146 5153 te
2188 5096 2356 5150 solum
2400 5111 2575 5148 verum
2610 5092 2775 5147 Deum
2809 5090 2990 5163 (Joan.
3037 5104 3176 5145 xvn.
3221 5086 3295 5151 5),
3332 5105 3351 5135 ι
3388 5102 3489 5137 non

1928 5187 2080 5260 quasi
2118 5201 2252 5239 unus
2280 5185 2423 5239 solus
2460 5184 2531 5238 sit
2574 5181 2735 5244 Deus,
2768 5178 2855 5233 sed
2893 5177 3047 5248 quasi
3089 5190 3222 5229 unus
3249 5171 3392 5227 solus
3420 5174 3491 5225 sit

1930 5297 2079 5335 uerus
2103 5277 2261 5339 Deus,
2280 5294 2395 5330 cum
2429 5277 2524 5330 hoc
2547 5274 2933 5344 pernecessario
2964 5268 3343 5330 additamenta,
3369 5284 3385 5315 ι
3408 5280 3489 5319 ve-

1930 5389 2047 5426 rus.
2072 5390 2090 5422 ι
2124 5368 2267 5423 Nam
2295 5379 2342 5423 et
2373 5370 2481 5439 ipse
2509 5367 2717 5438 quidem
2749 5363 2939 5425 Filius,
2972 5361 3130 5423 Deus,
3159 5358 3246 5414 sed
3284 5374 3381 5409 non
3405 5372 3488 5411 ve—

1930 5479 2019 5515 rus
2046 5460 2182 5514 Deus
2209 5475 2225 5512 :
2251 5475 2387 5513 unus
2416 5466 2491 5512 est
2517 5457 2654 5510 enim
2696 5453 2838 5508 solus
2883 5466 3033 5504 verus
3069 5446 3227 5506 Deus,
3259 5460 3319 5497 eo
3352 5441 3488 5513 quod

1932 5571 2033 5610 non
2061 5552 2247 5605 habeat
2272 5551 2497 5621 aliquem
2528 5559 2647 5602 ante
2671 5564 2744 5599 se.
2776 5542 2927 5610 Quod
2958 5543 3001 5596 si
3042 5542 3151 5607 ipse
3170 5551 3372 5607 quoque
3398 5533 3479 5587 Fi-

1928 5646 2033 5701 lius
2067 5660 2219 5700 uerus
2256 5640 2357 5708 est,
2390 5642 2479 5696 sed
2518 5642 2653 5695 sicut
2682 5641 2856 5708 imago
2896 5636 2998 5690 ueri
3047 5631 3162 5690 Dei.
3196 5627 3335 5683 Deus
3378 5628 3487 5697 fue-

1929 5736 2000 5789 rit
2030 5752 2048 5789 :
2077 5733 2328 5804 siquidem
2350 5742 2398 5786 et
2426 5731 2565 5785 Deus
2596 5738 2711 5785 erat
2749 5726 2991 5787 Verbum,
3026 5738 3128 5775 non
3152 5729 3325 5774 tamen
3350 5727 3490 5789 sicut

1931 5828 2021 5884 ille
2062 5827 2205 5882 salus
2244 5841 2391 5881 verus
2443 5823 2601 5877 Dcus.
2636 5821 2873 5889 Idipsutn
2902 5817 3104 5872 diserte
3153 5814 3391 5869 declarat
3438 5812 3490 5866 in

2003 5962 2075 6033 (ὁ)
2120 5962 2315 6017 Athan.
2349 5968 2388 6014 t.
2424 5958 2463 6029 I;
2494 5974 2533 6013 ιι
2572 5956 2716 6020 Nic.,
2750 5962 2855 6010 act.
2886 5971 2937 6019 ν,
2971 5968 3022 6023 p.
3053 5950 3175 6007 ὅδε.
