4262 6388
272 497 335 553 Μ
1080 497 1571 557 COMMENTARIA
1608 499 1673 554 IN
1700 498 2036 555 PSAIMOS.
2078 531 2146 539 ——
2184 496 2713 552 PRAELI‘MINARIA.
3416 498 3485 550 42

275 618 395 671 Ὅτι
440 617 636 689 ἔχομεν
678 618 771 671 καὶ
804 619 963 688 ἡμεῖς
1002 620 1258 690 ἀρχιερέα
1290 620 1459 689 μέγαν
1490 619 1831 688 διεληλυθότα
1859 622 1902 680 Α

1865 622 1906 680 Λ
1936 616 2065 671 illud
2093 608 2363 681 αὐτὸοεος,
2411 618 2518 685 ipse
2556 617 2691 670 Deus
2716 614 2824 685 (b);
2857 614 2967 669 sive
2993 612 3135 683 quod
3175 612 3302 667 alibi
3332 613 3484 675 dicit,

273 711 394 773 τοὺς
423 710 706 781 οὐρανοὺς,
749 710 951 781 Ἰησοῦν
982 711 1070 764 τὸν
1098 711 1223 763 Υῑὸν
1256 709 1345 762 τοῦ
1376 710 1527 763 Θεοῦ·
1559 706 1618 765 οὗ
1644 711 1709 764 τὰ
1738 712 1833 781 μὲν

274 802 531 857 ἀνωτάτω
554 804 648 856 καὶ
680 805 944 873 κορυφαῖα
974 803 1071 872 τῆς
1099 803 1349 872 Θεότητος
1377 802 1629 857 ἐπέκεινα
1655 804 1834 874 πάσης

273 894 500 957 κτίσεως
548 894 820 965 διήκοντα,
866 894 1181 964 καλύμματι
1230 893 1475 965 πατρικῷ
1521 895 1618 965 τῆς
1655 894 1834 948 ἐνθέου

272 983 569 1055 ὰῖδιότητος
612 985 704 1039 καὶ
750 986 1071 1057 ἀγεννησίας
1124 986 1571 1051 ἐπικαλύπτεται,
1602 989 1653 1043 id
1701 998 1830 1044 est:

276 1076 416 1143 Quia
450 1076 699 1132 habemus
728 1088 777 1132 et
811 1096 903 1133 nos
932 1079 1241 1147 Pontiﬁcem
1273 1096 1537 1148 magnum.
1568 1083 1657 1152 qui
1682 1083 1834 1137 cwlos

273 1169 579 1236 prceterivit,
603 1167 783 1224 Iesum
806 1169 854 1223 F
858 1171 1006 1225 ilium
1029 1172 1145 1236 Dei,
1168 1174 1317 1242 cujus
1348 1172 1571 1227 Deitatis
1592 1191 1837 1242 suprema

274 1269 324 1313 et
344 1277 584 1335 summa,
613 1278 776 1332 supra
803 1280 1001 1318 omnem
1034 1274 1329 1318 creaturam
1363 1265 1718 1335 pervadentia,
1740 1282 1836 1334 pa-

278 1363 422 1408 terno
454 1354 643 1409 divina:
664 1357 975 1410 teternitatis
996 1365 1043 1411 et
1067 1356 1493 1412 innascibilitatis
1521 1362 1835 1427 operimento

274 1453 637 1515 conteguntur.
669 1446 780 1501 Sub
811 1449 923 1502 base
948 1456 1125 1504 autem
1156 1450 1356 1506 clarius
1392 1470 1404 1503 :
1453 1452 1509 1504 Ὁ
1539 1449 1596 1505 δὲ
1624 1454 1713 1505 ἐπὶ
1742 1453 1833 1506 τοῦ

278 1535 526 1606 μετώπου
572 1537 830 1606 στέφανος
862 1538 958 1606 τῆς
999 1535 1179 1589 ἐνθέου
1211 1540 1321 1590 καὶ.
1342 1542 1836 1612 παντοκρατορικῆς

278 1626 547 1696 βασιλείας
578 1644 637 1680 τε
674 1629 765 1680 καὶ
800 1627 1111 1691 δεσποτείας
1140 1628 1325 1698 ἐδήλου
1358 1630 1745 1699 προσηγορίαν,
1769 1631 1835 1701 ἣν

277 1718 421 1789 μόνῳ
454 1718 531 1790 τῷ
564 1720 854 1787 Μονογενεῖ
874 1719 902 1770 ὁ
929 1719 1185 1772 ἀνωτάτω
1222 1720 1312 1772 καὶ
1349 1720 1503 1789 μόνος
1538 1720 1699 1773 αὐτοῦ
1727 1721 1837 1773 Πα-

274 1812 377 1882 τὴρ
406 1811 739 1882 ἐδωρήσατο,
772 1810 902 1864 Θεὸν
950 1811 1044 1863 καὶ
1090 1812 1292 1882 Κύριον
1335 1813 1429 1865 καὶ
1463 1812 1685 1882 βασιλέα
1726 1813 1835 1867 τῶν

274 1903 407 1956 ὅλων
431 1904 588 1974 μόνον
616 1904 775 1958 αὑτὸν
807 1903 946 1973 μετά
976 1922 1040 1972 γε
1070 1905 1259 1958 ἑαυτὸν
1292 1905 1589 1972 ἀναδείξας.
1624 1906 1673 1960 id
1708 1915 1829 1961 est:

274 1992 482 2049 Corona
510 2004 682 2048 autem
708 1996 761 2048 in
790 1996 960 2063 fronte
989 1997 1181 2064 posita,
1207 1996 1368 2049 divini
1395 2006 1443 2050 et
1467 1998 1831 2061 omnipotentis

275 2089 416 2156 regni
454 2104 517 2140 ac
554 2086 774 2141 dominii
813 2089 1210 2156 appellationem
1241 2089 1695 2159 declarat:quam
1734 2092 1833 2145 soli

279 2174 555 2248 Unigenito
574 2195 844 2247 supremus
861 2188 910 2232 et
931 2180 1073 2233 solus
1090 2181 1202 2248 ejus
1223 2180 1380 2235 Pater
1399 2182 1629 2245 donavit,
1644 2182 1832 2247 Deum,

274 2269 559 2323 Hominum
588 2277 635 2321 et
662 2268 843 2339 Regem
874 2271 1233 2325 universorum
1255 2273 1423 2325 solum
1448 2275 1618 2340 ipsum
1638 2285 1753 2343 post
1781 2294 1835 2331 se

273 2357 574 2413 declarans.
608 2357 709 2413 Ubi
739 2358 889 2415 vides
915 2375 980 2414 ex
1004 2360 1254 2424 Eusebio,
1280 2361 1498 2425 Filium,
1527 2363 1619 2418 Dei
1647 2374 1700 2421 et
1724 2366 1833 2421 Do-

274 2451 402 2505 mini
422 2451 832 2522 appellationem
852 2468 916 2507 ex
935 2453 1047 2507 sola
1066 2454 1372 2524 dignatione
1384 2454 1555 2513 Patris
1567 2458 1831 2525 obtinere,

276 2555 339 2595 ac
365 2540 662 2601 secundum
686 2556 714 2594 a
743 2540 900 2596 Patre
931 2541 1094 2597 Deum
1118 2559 1258 2607 esse,
1290 2558 1397 2613 quo
1429 2547 1650 2615 respicit
1671 2548 1832 2601 etiam

277 2629 900 2686 illeCommentariorum
921 2633 1152 2696 locus,in
1169 2649 1377 2705 argum.
1396 2638 1529 2706 psal.
1548 2652 1691 2691 Lxxu
1710 2637 1836 2693 Asa-

277 2720 391 2791 phi,
409 2732 464 2777 et
478 2722 543 2775 ad
568 2723 701 2793 psal.
726 2738 757 2777 ι
779 2723 875 2775 :Ac
894 2740 955 2776 ne
982 2725 1096 2792 quis
1127 2725 1190 2779 ob
1210 2728 1543 2791 manare/tite,
1559 2730 1663 2782 sive
1679 2729 1832 2783 unius

276 2812 539 2882 principii,
557 2814 810 2868 rationem
828 2814 1144 2879 turbaretur,
1165 2816 1432 2872 Christum
1444 2818 1537 2872 Dei
1552 2820 1715 2873 Deum
1726 2838 1835 2875 esse

276 2902 531 2967 audiens;
556 2915 895 2975 congruenter
911 2908 992 2959 hic
1012 2910 1201 2962 multos
1219 2911 1339 2963 deos
1359 2912 1589 2964 nominat
1606 2928 1713 2975 eos,
1746 2914 1834 2981 qui

276 2995 369 3050 sub
389 2994 499 3049 hazc
520 2997 828 3051 incusantur
845 3014 863 3051 :
882 3009 1084 3052 tantum
1116 3018 1214 3054 non
1232 3001 1535 3070 pra'cipiens
1557 3011 1613 3054 ut
1630 3020 1691 3056 ne
1706 3019 1835 3056 cun-

276 3097 475 3141 ctemur
491 3084 691 3141 Filium
708 3106 905 3160 quoque
926 3090 1019 3143 Dei
1039 3091 1201 3145 Deum
1226 3109 1425 3146 vocare.
1446 3091 1503 3147 Si
1522 3094 1658 3147 enim
1670 3096 1834 3164 gentis

274 3181 549 3251 principes,
563 3183 651 3252 qui
664 3182 798 3236 male
812 3183 1112 3244 audiebant,
1145 3184 1234 3237 Dei
1254 3185 1456 3239 nomine
1468 3185 1673 3256 dignati
1692 3198 1832 3253 sunt,

276 3271 433 3343 quod,
462 3289 657 3342 quaeso,
688 3275 975 3344 periculum
1001 3277 1181 3344 fuerit,
1205 3278 1251 3330 si
1279 3276 1446 3331 virum
1470 3278 1696 3333 dextera:
1716 3279 1830 3347 Dei,
1859 3314 1902 3371 ο

273 3371 322 3417 et
356 3364 527 3432 ﬁlium
557 3364 783 3419 hominis
825 3362 1217 3436 conﬁrmatum,
1253 3368 1418 3423 Deum
1460 3369 1747 3439 fateamur,
1779 3373 1833 3427 id

274 3461 377 3517 est,
410 3468 535 3507 cum
570 3454 817 3513 homines
844 3457 1007 3510 etiam
1041 3459 1114 3512 dii
1147 3469 1425 3521 vocentur,
1460 3462 1629 3517 multo
1662 3466 1834 3534 magis

275 3561 568 3615 possumus
600 3548 874 3602 Christum
901 3551 1171 3619 appellare
1204 3551 1390 3616 Deum,
1421 3555 1549 3625 quin
1581 3556 1707 3611 hinc
1729 3574 1846 3621 mea

275 3645 361 3689 tus
396 3636 469 3691 sit
494 3651 563 3691 ne
591 3636 960 3713 pluralitatem
993 3640 1217 3695 deorum
1247 3650 1299 3697 et
1323 3645 1713 3715 principiorum
1750 3649 1833 3702 in-

272 3726 561 3795 ducamus,
593 3729 720 3799 quia
753 3730 962 3785 scilicet
1006 3730 1176 3787 Filius
1222 3750 1328 3788 non
1362 3740 1575 3806 preprie
1623 3747 1677 3793 et
1711 3756 1833 3795 vere

276 3820 417 3876 Deus
446 3834 551 3888 εει,
580 3821 724 3892 quod
748 3822 836 3884 hic
857 3823 945 3879 ille
969 3824 1229 3890 insinuat,
1253 3834 1304 3882 et
1329 3828 1455 3883 alibi
1478 3829 1620 3885 clare
1642 3838 1695 3885 et
1715 3832 1833 3887 sine

274 3915 499 3984 ambage
526 3913 682 3971 dixit.
712 3914 839 3970 Ideo
855 3923 1054 3984 autem,
1075 3928 1133 3971 ut
1150 3919 1263 3989 ipse
1281 3920 1331 3974 in
1351 3921 1511 3975 allato
1534 3922 1671 3985 loco,
1700 3924 1752 3977 in
1771 3924 1833 3977 li-

275 4006 389 4061 bris
404 4004 602 4060 Contra
619 4006 1008 4070 Marcellumet
1024 4010 1075 4064 in
1092 4009 1391 4066 Comment.
1408 4015 1462 4067 in
1484 4014 1617 4083 psal.
1636 4030 1830 4080 Lxxxv,

278 4092 622 4165 lO,explicat,
642 4095 784 4152 Deus
800 4098 888 4154 ille
910 4102 1279 4169 pratomnibus
1298 4102 1383 4168 iis,
1397 4104 1486 4172 qui
1504 4102 1597 4157 Dei
1616 4105 1834 4161 nomine

276 4186 481 4257 dignati
518 4178 664 4252 sunt,
707 4190 1027 4259 appellatur,
1076 4194 1203 4262 quia
1236 4194 1291 4248 in
1335 4194 1453 4265 ipso
1497 4197 1614 4251 solo
1655 4195 1833 4251 Patris

274 4278 575 4333 similitudo
620 4289 904 4347 servatur;
938 4290 989 4336 et
1019 4282 1075 4337 in
1116 4295 1238 4339 ortu
1281 4301 1379 4363 suo
1422 4301 1450 4339 a
1488 4285 1649 4342 Patre
1692 4286 1833 4344 Deus

275 4371 450 4427 factus
480 4379 533 4426 et
560 4372 850 4442 deputatus
875 4381 978 4440 est,
1015 4374 1349 4448 θεοποιηθείς
1378 4387 1436 4432 ut
1468 4394 1653 4449 supra,
1691 4381 1834 4435 unde

271 4466 432 4518 etiam
454 4472 539 4520 est
566 4463 707 4534 quod
733 4464 983 4530 αὑτόθεος
1004 4476 1228 4523 vocetur
1260 4471 1314 4524 in
1356 4470 1499 4524 Hist.
1553 4471 1678 4526 εει-ι.
1707 4472 1743 4525 l.
1776 4488 1830 4532 κ,

264 4572 327 4625 ηρ.
364 4556 469 4611 575
504 4555 605 4627 (α),
636 4559 1045 4633 comparatione
1073 4559 1277 4616 scilicet
1298 4562 1599 4629 hominum,
1633 4563 1725 4633 qui
1755 4561 1841 4621 dii

1932 708 2177 779 ἀληθινὸς
2198 702 2346 772 Θεὸς,
2374 725 2521 763 verus
2549 706 2723 768 Deus;
2752 706 2959 761 scilicet
2974 712 3285 772 comparate
3309 704 3374 758 ad
3393 703 3490 757 ho-

1934 799 2128 857 mines,
2158 798 2249 866 qui
2275 798 2566 868 aliquando
2598 797 2670 850 dii
2705 796 3077 866 appellantur:
3113 806 3239 847 nam
3266 808 3490 862 compa-

1934 897 2050 943 rate
2084 889 2149 942 ad
2178 888 2412 951 Patrem,
2446 889 2561 944 sive
2590 888 2757 942 Deum
2790 887 3191 950 universorum,
3226 900 3335 940 non
3362 900 3489 939 vere

1934 988 1984 1039 et
2014 981 2227 1050 proprie
2255 980 2396 1037 Deus
2424 980 2645 1045 dicitur,
2684 979 2982 1035 secundum
3022 978 3236 1033 Eusebii
3267 985 3491 1031 senten-

1936 1073 2083 1147 tiam.

1934 1184 1992 1235 Χ.
2017 1186 2169 1245 Quam
2190 1186 2392 1235 adversa
2415 1187 2592 1235 rationi
2624 1192 2674 1297 ρι
2696 1186 2965 1296 gritscorum
3001 1186 3201 1236 Patrum
3225 1183 3487 1235 sententia

2646 1263 2695 1296 ra
2733 1262 2757 1295 a
2788 1284 2799 1295 .

2646 1262 2799 1296 radat.

2007 1329 2097 1385 Sic
2128 1331 2217 1387 ille
2243 1348 2311 1387 ne
2330 1332 2467 1387 duos
2497 1333 2628 1388 deos
2656 1310 2838 1388 dicere
2861 1340 3106 1403 cogatur,
3135 1310 3327 1385 Filium
3362 1346 3489 1386 vere

1936 1421 2101 1477 Deum
2133 1439 2255 1478 esse
2281 1431 2457 1494 negat,
2495 1423 2904 1493 Evangeliorum
2936 1424 3079 1477 dicta
3113 1422 3435 1493 distorquet,
3460 1437 3489 1475 a

1935 1514 2235 1582 priscorum
2252 1512 2470 1568 Patrum
2490 1514 2735 1570 doctrina
2752 1514 2999 1578 discedit,
3018 1522 3071 1570 et
3084 1513 3149 1568 ad
3166 1514 3492 1568 Arianorum

1934 1611 2114 1668 partes
2130 1602 2356 1656 accedit.
2371 1601 2503 1655 Nam
2525 1613 2582 1657 ut
2601 1604 2892 1673 Evangelia
2908 1611 3019 1658 tres
3041 1619 3161 1660 esse
3180 1604 3236 1658 in
3257 1619 3364 1658 uno
3381 1604 3491 1657 Deo

1934 1706 2197 1760 personas
2218 1692 2361 1745 clare
2393 1692 2663 1758 indicant;
2698 1695 2773 1747 ita
2808 1695 3072 1749 rationem
3102 1695 3199 1749 Del
3227 1694 3282 1749 in
3316 1696 3488 1749 tribus

1936 1799 2095 1837 unam
2118 1791 2171 1839 et
2192 1784 2431 1839 eamdem
2455 1799 2581 1839 esse
2609 1783 2836 1838 docent:
2858 1786 3080 1838 stultum
3101 1787 3297 1855 quippe
3323 1794 3406 1841 est
3433 1788 3488 1841 in

1937 1870 2037 1923 hoc
2064 1868 2287 1924 Joannis
2304 1870 2467 1933 dicto,
2498 1888 2537 1934 ι,
2565 1872 2588 1924 1
2618 1890 2630 1925 :
2660 1870 2721 1925 In
2743 1873 2994 1940 principio
3020 1885 3133 1927 erat
3174 1873 3416 1938 Verbum,
3439 1884 3491 1931 et

1865 1973 1905 2026 Β
1944 1957 2162 2011 Verbum
2185 1968 2299 2012 erat
2319 1959 2454 2028 apud
2472 1959 2656 2025 Deum,
2671 1972 2718 2014 et
2736 1960 2871 2015 Deus
2887 1972 2998 2015 erat
3024 1962 3262 2029 Verbum,
3280 1964 3415 2019 duas
3433 1973 3487 2019 et

1935 2048 2240 2120 disparatas
2274 2049 2365 2105 Dei
2399 2050 2634 2105 rationes
2673 2052 2963 2113 somniare,
2999 2060 3050 2107 et
3094 2052 3484 2122 ineptissimam

1935 2140 2383 2212 amphibologiam
2408 2141 2658 2212 scriptori
2684 2157 2840 2198 sacro
2867 2142 3303 2214 aliingere,_unde
3320 2146 3485 2215 prisci

1935 2230 2189 2288 Ecclesia:
2199 2231 2403 2299 Patres,
2416 2242 2523 2287 tam
2543 2234 2579 2287 ii
2595 2234 2685 2304 qui
2703 2234 2768 2288 ad
2783 2250 2953 2305 usque
2965 2240 3215 2305 quartum
3231 2239 3485 2293 saeculum

1934 2325 2184 2388 ﬂoruere,
2221 2340 2380 2394 quam
2410 2327 2446 2380 ii
2475 2326 2565 2395 qui
2595 2342 2661 2381 ex
2691 2333 2805 2380 toto
2836 2327 2966 2383 orbe
3002 2332 3174 2384 coacti
3214 2328 3485 2385 Nicaanam

1935 2417 2199 2487 synodum
2221 2417 2583 2484 celebrarunt,
2603 2419 2704 2473 etsi
2756 2419 3123 2489 bypostasium
3149 2428 3203 2475 et
3229 2436 3489 2490 persona-

1935 2522 2054 2559 rum
2086 2507 2311 2563 vocibus
2350 2523 2457 2562 non
2490 2516 2791 2575 uterentur,
2833 2508 3021 2565 eadem
3070 2511 3334 2565 sententia
3374 2520 3485 2567 tres

1936 2611 2101 2649 unum
2130 2599 2465 2654 constituere
2499 2598 2691 2665 Deum,
2724 2600 3351 2665 constanterdocebant.
3386 2602 3486 2658 Hic

1935 2692 2178 2757 apposite
2215 2703 2378 2745 aurea
2412 2692 2503 2745 illa
2530 2690 2774 2762 Dionysii
2806 2692 3181 2757 Alexandrini,
3202 2710 3360 2765 quem
3392 2710 3488 2765 pa-

1933 2781 2191 2835 trocinari
2243 2783 2348 2837 sibi
2398 2782 2536 2838 falso
2577 2784 2899 2852 iactitabant
2950 2784 3158 2852 Ariani,
3217 2788 3487 2842 sententia

1934 2872 2109 2926 locum
2155 2868 2350 2927 habeat
2381 2891 2394 2927 :
2431 2872 2588 2927 Οὕτω
2634 2873 2731 2944 μὲν
2763 2877 2921 2945 ἡμεῖς
2958 2878 3037 2939 εἷς
3068 2894 3127 2929 τε
3154 2877 3253 2948 τὴν
3285 2878 3489 2950 Τριάδα

1934 2964 2030 3034 τὴν
2060 2963 2258 3032 μονάδα
2300 2962 2634 3035 πλατύνομεν
2678 2965 2998 3035 ἀδιαίρετον,
3031 2967 3123 3019 καὶ
3160 2967 3255 3037 τὴν
3288 2969 3487 3038 Τριάδα

1936 3056 2095 3110 πάλιν
2138 3056 2402 3126 ἀμείωτον
2446 3058 2523 3119 εἰς
2563 3056 2661 3125 τὴν
2698 3056 2894 3127 μονάδα
2924 3058 3483 3128 συγκεφαλαιούμεοα,

1938 3150 2039 3203 hoc
2066 3155 2189 3203 est:
2223 3147 2311 3202 Sic
2343 3146 2547 3219 quidem
2581 3164 2673 3201 nos
2727 3147 3093 3201 indivisibilcm
3139 3149 3390 3202 unitatem
3430 3150 3485 3201 in

1940 3242 2255 3296 Trinitatem
2297 3241 2609 3306 dilatantus,
2655 3249 2705 3293 et
2758 3240 3069 3295 Trinitatem
3115 3242 3324 3304 iterum,
3372 3257 3488 3312 quae

1934 3336 2177 3405 imminui
2211 3334 2404 3405 nequit,
2446 3336 2498 3386 in
2527 3332 2779 3386 unitatem
2811 3332 3180 3387 contrahimus.
3208 3331 3308 3389 Ubi
3335 3334 3489 3389 vides

1937 3404 2197 3484 unitatem
2232 3404 2347 3491 Dei,
2381 3434 2570 3482 contra
2595 3440 2754 3496 quam
2787 3424 3053 3481 Eusebius
3090 3429 3272 3492 sentit,
3303 3428 3359 3482 in
3388 3428 3489 3482 tri-

1934 3523 2036 3577 bus
2068 3522 2315 3591 personis
2344 3519 2625 3575 constitui.
2658 3516 2938 3587 Siquidem
2964 3518 3203 3576 Trinitas
3240 3522 3327 3575 illa
3354 3522 3489 3577 nihil

1933 3614 2126 3668 unitati
2152 3612 2333 3675 oﬂicit,
2362 3612 2489 3681 quia
2519 3612 2572 3664 in
2604 3611 2781 3665 tribus
2803 3626 2909 3665 una
2934 3621 3146 3670 natura.
3183 3614 3487 3669 substantia

1933 3711 1985 3758 et
2018 3702 2194 3757 deitas
2238 3701 2473 3756 exsistit.
2520 3700 2594 3754 De
2626 3700 2893 3754 sententia
2934 3715 3060 3753 vero
3088 3700 3306 3757 Eusebii
3340 3703 3486 3757 circa

1935 3794 2193 3863 Spiritum
2224 3802 2488 3856 sanctum,
2517 3807 2623 3846 non
2653 3800 2734 3845 est
2754 3790 2895 3861 quod
2924 3790 3224 3847 disseratur
3252 3796 3488 3849 :etenim

1932 3886 2013 3941 vel
2046 3887 2079 3940 ii
2111 3886 2199 3955 qui
2245 3886 2361 3953 ejus
2407 3883 2473 3937 de
2517 3883 2652 3937 Filio
2693 3884 2997 3939 doctrinam
3031 3886 3165 3938 tueri
3198 3897 3487 3952 conantur,

1934 3992 2040 4032 non
2069 3977 2277 4031 inﬁcias
2300 3985 2430 4030 eunt
2459 3977 2636 4045 ipsum
2667 3976 2733 4031 de
2758 3975 2958 4045 Spiritu
2994 3986 3180 4030 sancto
3209 3992 3314 4032 non
3345 3986 3490 4033 recte

1933 4073 2193 4126 locutum.
2225 4069 2357 4122 Nam
2389 4069 2530 4123 libro
2564 4080 2745 4121 contra
2786 4067 3195 4140 Marcellum.(c)
3237 4070 3328 4134 ait,
3367 4070 3490 4140 Spi-

1933 4166 2097 4219 ritum
2128 4172 2373 4221 sanctum
2406 4179 2579 4231 neque
2605 4163 2768 4217 Deum
2799 4179 2974 4232 neque
3009 4161 3202 4216 Filium
3232 4178 3382 4228 esse;
3415 4165 3489 4217 ita

1936 4267 1992 4311 ut
2023 4256 2171 4308 illum
2200 4255 2456 4309 decernat
2481 4252 2617 4308 Filio
2651 4253 2981 4317 inferiorem,
3005 4253 3201 4323 quippe
3228 4267 3389 4333 quem
3420 4268 3490 4307 ne

1935 4367 1997 4405 ex
2034 4349 2344 4419 dignatione
2389 4347 2606 4417 quidem
2646 4345 2814 4401 Deum
2855 4346 3156 4414 nuncupari
3198 4345 3324 4397 velit
3352 4362 3365 4398 :
3393 4344 3487 4398 sed

1936 4450 2057 4513 post
2090 4439 2283 4494 Filium
2330 4454 2443 4506 non
2472 4453 2698 4493 numero
2737 4443 2965 4499 tantum,
3001 4435 3093 4489 sed
3126 4434 3285 4488 etiam
3317 4433 3489 4502 gradu

1936 4542 1990 4589 et
2021 4532 2281 4601 dignitate
2318 4529 2637 4584 constituat.
2683 4525 2739 4578 In
2780 4525 2864 4578 bis
2910 4540 3037 4578 vero
3082 4524 3488 4578 commentariis

272 4612 720 4716 vocanturi’nec
758 4612 939 4705 iamen
989 4630 1063 4705 dii
1086 4651 1191 4705 dici
1218 4646 1463 4723 possunt,
1493 4656 1537 4710 si
1568 4612 1690 4710 dubi
1731 4656 1825 4711 illo
1863 4662 1907 4718 ι)
1936 4635 2160 4723 per”?
2190 4618 2490 4723 deASPiTli
2516 4614 2892 4723 if‘"°‘°'?'ba
2916 4612 3063 4723 facii'
3097 4630 3222 4723 {13m
3247 4614 3486 4723 minim?

273 4739 649 4806 conferantur,
672 4748 732 4798 ut
758 4742 919 4799 habet
947 4742 1004 4798 in
1029 4742 1115 4798 his
1152 4746 1574 4802 commentariis.
1606 4750 1757 4815 Quod
1782 4751 1829 4804 si

272 4832 405 4886 illud
434 4833 722 4903 adjiciatur
749 4835 848 4907 (sic
889 4835 1019 4905 ille),
1059 4853 1077 4884 ι
1116 4834 1193 4888 Τιι
1219 4852 1272 4890 es
1304 4835 1443 4903 Deus
1467 4840 1611 4894 solus
1652 4841 1827 4911 (Psal.

272 4936 469 4993 Lxxtt'v,
486 4928 575 5000 10)
592 4946 640 4995 ς»
657 4928 711 4982 id
727 4929 953 5000 applices
978 4929 1265 4993 Saluatori,
1288 4929 1383 4983 hoc
1402 4931 1533 4984 item'
1545 4948 1828 5001 apponens,

277 5034 297 5069 ε
324 5016 449 5073 Non
477 5029 553 5074 est
579 5021 768 5075 similis
793 5022 868 5075 tui
894 5021 947 5074 in
970 5018 1095 5083 diis,
1126 5019 1341 5073 Domine
1361 5018 1525 5088 (Ibid.
1545 5019 1623 5091 8):
1650 5041 1668 5072 ι
1696 5023 1831 5077 sicut

271 5111 409 5163 enim
433 5113 481 5165 si
506 5127 554 5165 te
574 5128 691 5166 cum
718 5114 1017 5167 memoratis
1040 5113 1141 5167 diis
1168 5127 1542 5179 comparemus,
1578 5128 1596 5162 ι
1635 5130 1735 5168 ηοη
1756 5125 1834 5169 est

272 5201 460 5258 similis
492 5205 591 5269 tui,
618 5223 641 5259 ι
674 5206 751 5259 sic
779 5205 827 5259 si
849 5216 896 5259 te
922 5207 1252 5277 conferamus
1275 5222 1391 5258 cum
1420 5203 1625 5269 iisdem,
1663 5216 1748 5259 «tu
1776 5225 1831 5262 es

272 5292 413 5349 Deus
452 5296 616 5352 solus.
650 5318 669 5352 ι
700 5298 988 5370 Siquidem
1029 5300 1172 5355 solus
1207 5298 1451 5353 Salvator
1484 5309 1533 5352 et
1576 5297 1831 5355 Dominus

248 5370 501 5453 uoster-gi
537 5388 594 5440 in
631 5390 885 5457 principio
928 5401 1070 5455 erat,
1113 5390 1210 5445 Dei
1263 5389 1480 5444 Verbum
1510 5398 1646 5453 erat,
1691 5393 1831 5460 apud

275 5477 445 5551 Deum,
458 5488 592 5543 erat,
607 5478 659 5533 et
679 5480 818 5536 Deus
835 5491 948 5536 erat
971 5481 1152 5553 (Joan.
1171 5498 1208 5546 ι,
1231 5483 1279 5553 1)
1303 5498 1315 5531 :
1335 5500 1352 5532 ι
1368 5481 1705 5550 quamobrem
1728 5498 1831 5534 non

274 5578 349 5623 est
368 5567 557 5623 similis
580 5568 679 5634 ipsi
700 5570 753 5622 in
782 5570 906 5634 diis,
932 5587 995 5624 ac
1022 5571 1169 5625 solus
1190 5573 1295 5639 ipse
1323 5570 1474 5640 quasi
1494 5571 1549 5624 in
1565 5571 1666 5623 diis
1688 5570 1831 5625 Deus

276 5658 464 5728 fuerit;
504 5676 621 5715 cum
650 5658 824 5714 nullus
852 5676 916 5714 ea:
939 5663 1120 5715 multis
1166 5664 1298 5726 illis,
1332 5665 1417 5733 qui
1449 5661 1524 5714 dii
1559 5672 1829 5728 vocantur,

247 5749 661 5822 comparatione
686 5753 829 5815 illius
865 5752 999 5807 Deus
1026 5754 1131 5807 dici
1159 5756 1345 5817 possit.
1387 5752 1523 5807 llinc
1563 5753 1830 5823 intelligas

345 5866 421 5938 (ο)
442 5865 676 5938 Hujusce
701 5868 1021 5938 Patrotogiw
1040 5875 1244 5923 nostra:
1276 5879 1405 5923 tom.
1458 5864 1576 5923 ΧΧ.

343 5936 417 6006 (b)
457 5936 605 5992 Dem.
637 5955 711 5993 ev.
746 5956 797 6009 p.
834 5936 952 5995 156.
1234 6014 1235 6017 η

551 6036 820 6100 Paeon.
854 6039 970 6102 Gn.
1002 6036 1240 6098 XXI".

1932 4725 2079 4770 mota
2109 4714 2282 4768 fuerat
2304 4711 2370 4764 de
2402 4708 2599 4777 Spiritu
2632 4708 3097 4777 sanctoquiestio.
3122 4707 3256 4762 Nam
3286 4709 3387 4763 etsi
3419 4708 3487 4763 ab

1931 4816 2119 4862 exortu
2158 4800 2469 4866 Arianismi,
2502 4814 2761 4868 sequaces
2803 4798 2914 4853 Arii
2947 4800 3014 4854 de
3049 4799 3252 4869 Spiritu
3295 4808 3487 4854 sancto

1933 4901 2095 4970 impie
2126 4896 2411 4957 sentirent,
2459 4892 2698 4946 nondum
2740 4891 3015 4963 quidpiam
3047 4892 3330 4947 adversum
3363 4905 3489 4960 pro-

1933 4996 2187 5049 tulerant.
2217 4988 2321 5043 Sed
2349 4993 2469 5056 post
2490 4992 2719 5039 mortem
2742 4985 2856 5038 Arii
2876 4992 2929 5039 et
2952 4984 3190 5049 Eusebii,
3217 4984 3307 5037 ubi
3326 4981 3487 5035 Aria-

1934 5100 2125 5142 norum
2161 5088 2286 5137 sunt
2314 5081 2454 5133 facta
2481 5081 2731 5144 divortia,
2759 5075 3125 5131 Macedoniam
3149 5081 3201 5129 et
3218 5076 3481 5130 Pneuma-

1934 5175 2168 5235 tomaehi
2200 5174 2465 5244 Spiritum
2513 5181 2783 5238 sanctum,
2824 5169 3048 5242 perinde
3081 5180 3240 5237 atque
3265 5165 3483 5231 Filium,

1936 5275 2074 5327 inter
2106 5268 2321 5341 opiticia
2351 5275 2404 5323 et
2443 5284 2530 5324 res
2566 5275 2776 5322 creatas
2820 5267 2997 5337 palam
3040 5269 3352 5331 computare
3377 5273 3491 5313 cce-

1938 5374 2148 5434 perunt.

2270 5475 2351 5526 XI.
2378 5475 2497 5527 Cum
2514 5472 2705 5523 Arianis
2727 5473 2873 5534 plane
2894 5470 3155 5519 consentit.

2007 5561 2067 5615 In
2101 5561 2167 5616 iis
2192 5574 2357 5629 porro
2401 5573 2521 5627 qua;
2554 5571 2720 5626 supra
2761 5555 3061 5615 attulimus,
3107 5546 3401 5619 cumArio
3438 5556 3491 5601 et
3524 5606 3545 5627 .

1934 5654 2148 5708 Arianis
2181 5650 2636 5721 plane'consentit
2680 5646 2944 5702 Eusebius
2995 5643 3070 5713 (ά)
3105 5661 3118 5699 :
3147 5657 3268 5695 nam
3301 5650 3355 5697 et
3389 5640 3491 5708 ipsi

1934 5746 2160 5817 perinde
2180 5751 2340 5813 atque
2368 5740 2720 5797 Caesariensis
2745 5739 2834 5792 ille
2862 5737 3077 5808 prmsul,
3108 5750 3274 5789 unum
3315 5742 3368 5788 et
3400 5747 3490 5786 so-

2008 5862 2074 5930 (:)
2116 5859 2314 5930 9,174
2340 5866 2393 5909 et
2421 5856 2540 5930 trs.

2004 5923 2079 6001 (ά)
2111 5929 2312 5985 Alban.
2347 5944 2397 5997 p.
2430 5924 2551 5989 79.8,
2581 5923 2703 5979 7‘25).
