4262 6446
744 475 815 569 ιτ

1417 507 1683 565 EUSEBH
1717 504 2197 564 CASSARIENSIS
2236 505 2385 561 OPP.
2426 502 2606 559 PARS
2646 501 2730 557 Ill.
2773 531 2840 542 —
2878 498 3284 556 EXEGETICA.

3895 495 3970 549 44

745 634 857 687 lum
894 646 1017 688 ve.)
1048 630 1239 695 Deum,
1276 628 1486 691 Patrem
1523 628 1754 691 scilicet,
1788 600 2179 691 admittebant;
2210 623 2304 677 Fi-
2334 641 2380 697 Α
2406 622 2535 672 XIII.
2581 623 2688 682 Quo
2728 634 2878 671 sensu
2922 632 3175 697 ιεοπιιεηπ.
3198 622 3368 697 neget,
3408 622 3460 668 et
3514 619 3735 681 genitum
3781 610 3968 665 Filium

746 724 879 778 lium
900 738 1028 777 vero
1062 723 1199 776 alius
1231 736 1259 774 a
1294 728 1519 791 paterna
1548 719 1848 773 substantia
1869 758 1883 781 ,
1919 718 2307 786 neque-verum

746 814 1063 870 esseDeum
1101 812 1503 881 praedicabant:
1537 810 1662 874 etsi,
1700 808 1923 879 perinde
1956 805 2118 877 atque
2143 805 2310 861 Ense.

750 904 894 967 bius,
945 905 1011 957 de
1056 902 1194 956 Filio
1240 903 1521 972 loquentes
1570 916 1599 954 a
1647 898 1741 953 Dei
1796 898 2153 969 appellatione
2202 912 2309 951 non

753 996 1135 1059 abhorrerent;
1170 993 1366 1047 Filium
1403 994 1559 1063 longe
1590 993 1853 1061 imparem
1883 997 1938 1044 et
1990 989 2310 1058 inaequalem

746 1084 914 1150 Patri,
939 1086 1164 1155 ipsoque
1191 1086 1452 1138 minorem
1475 1082 1813 1136 afﬁrmabant
1836 1100 1849 1135 :
1876 1082 2021 1151 quod
2046 1079 2310 1134 Eusebius

749 1179 802 1231 in
836 1179 985 1233 hisce
1036 1176 1463 1240 commentariis,
1522 1174 1574 1227 in
1618 1172 1935 1243 Evangelica
1974 1171 2313 1226 Demonstra-

751 1274 886 1325 tione
918 1278 971 1348 et
1016 1272 1071 1325 in
1106 1270 1261 1325 libris
1306 1269 1506 1323 Contra
1537 1265 1848 1321 Marcellum
1881 1264 2313 1335 frequentissime

752 1364 883 1420 dicit
933 1380 995 1419 ac
1053 1364 1271 1433 repetit,
1309 1378 1409 1417 nec
1446 1377 1507 1416 ea
1540 1362 1595 1415 in
1630 1376 1686 1415 re
1718 1375 1957 1429 unquam
1988 1357 2312 1413 circuitione

751 1458 835 1511 vel
868 1456 1093 1525 ambage
1120 1457 1307 1509 utitur.

755 1590 855 1640 ἶιΙ.
904 1592 1007 1649 Qua
1049 1590 1297 1639 sententia
1334 1598 1582 1656 19w»
1613 1586 1735 1656 .sive
1778 1581 2315 1633 consubstantialisub-

1399 1656 1667 1709 scripserit.

825 1779 1071 1849 Objicere
1094 1778 1268 1834 solent
1303 1778 1396 1847 qui
1431 1776 1647 1831 Eusebii
1701 1783 1885 1846 partes
1936 1772 2316 1840 tutantur,ip-

758 1888 874 1928 sum
911 1873 963 1925 in
992 1871 1199 1941 synodo
1233 1870 1471 1933 Nicena,
1502 1868 1579 1939 τῷ
1608 1867 1897 1939 ὁμοσυσὶῳ,
1944 1865 2057 1918 sive
2081 1864 2318 1917 consub-

758 1965 998 2021 stantiali
1026 1962 1439 2032 subscripsisse.
1470 1959 1537 2013 Et
1560 1960 1613 2013 id
1636 1974 1768 2013 sane
1797 1956 2123 2011 testificatur
2152 1954 2319 2009 Euse-

756 2058 880 2113 bius
918 2059 973 2111 in
1009 2056 1385 2125 epistola'sua
1443 2051 1512 2105 ad
1565 2050 1960 2113 Caesarienses;
2012 2054 2137 2101 nam
2168 2038 2345 2108 cum,‘

757 2151 1088 2221 imperatore
1112 2153 1416 2217 .prazsente,
1446 2145 1674 2199 instaret
1712 2141 1889 2197 exsilii
1920 2148 2117 2203 metus,
2150 2137 2319 2193 Euse-

761 2243 905 2305 bius,
928 2240 1022 2310 qui
1049 2252 1159 2292 non
1181 2252 1245 2293 ex
1266 2226 1453 2292 eorum
1479 2248 1707 2289 numero
1737 2234 1859 2298 fuit,
1890 2232 1983 2302 qui
2007 2231 2075 2286 de
2104 2230 2321 2285 civitate

760 2332 1070 2386 maluerunt
1109 2343 1270 2399 quam
1303 2328 1369 2383 de
1401 2324 1671 2383 sententia
1700 2322 1988 2388 dimoveri,
2026 2336 2166 2391 aegre
2193 2328 2319 2373 tan-

761 2426 883 2481 dem
922 2421 1121 2494 synodi“
1155 2418 1372 2491 placitis
1403 2432 1663 2475 assensus
1703 2422 1817 2480 est;
1852 2420 1910 2467 ut
1948 2413 2064 2485 ipse
2098 2427 2198 2468 nec
2227 2411 2323 2466 ob-

762 2531 921 2573 scure
950 2514 1128 2570 innuit
1156 2514 1211 2567 in
1240 2511 1429 2566 eadem
1461 2508 1708 2579 epistola,
1738 2508 1833 2561 καὶ
1872 2505 2324 2579 μέχριῇιὲσχάτης

761 2609 909 2682 ὥρας
942 2604 1289 2676 summa,
1324 2617 1488 2673 usque
1519 2600 1586 2654 ad
1623 2598 1909 2653 extremam
1948 2598 2133 2652 horam
2158 2597 2323 2653 obsti-

766 2703 943 2754 timus.
975 2698 1155 2765 Quare
1188 2696 1241 2751 id
1273 2709 1382 2749 non
1418 2687 1549 2764 put‘h
1575 2708 1696 2748 esse
1726 2694 1864 2746 tanti
1898 2691 1965 2745 ad
1994 2692 2113 2761 ejus
2140 2690 2325 2757 defene

765 2793 972 2848 sionem
1006 2809 1018 2844 :
1048 2789 1178 2860 quid
1200 2782 1343 2843 enim
1367 2792 1695 2842 exoneratus
1724 2793 1867 2839 metu
1898 2782 2137 2846 fecisset,
2168 2797 2327 2852 expe-

765 2885 945 2940 riundi
974 2890 1215 2953 potestas
1245 2896 1354 2935 non
1385 2878 1507 2933 fuit.
1543 2876 1648 2933 Sed
1679 2886 1858 2932 tamen
1898 2875 2207 2930 ita'ibidem
2232 2874 2325 2928 τοῦ

765 2977 1044 3048 ρμοουσίου
1074 2973 1434 3046 signiﬁcatum
1465 2971 1677 3037 extulit,
1703 2979 1763 3024 ut
1785 2970 1887 3025 sibi
1917 2968 2146 3039 pristina
2170 2982 2327 3039 repe-

766 3076 878 3123 tere
908 3068 1112 3129 liceret,
1137 3064 1311 3120 sicubi
1357 3062 1588 3117 facultas
1632 3063 1866 3117 adesset.
1911 3058 2049 3112 Nam
2088 3059 2202 3114 haec
2232 3073 2327 3113 ea-

765 3162 886 3217 dem
915 3162 969 3213 in
998 3158 1227 3229 epistola
1257 3154 1465 3227 profert
1500 3176 1511 3209 :
1544 3143 1961 3225 Παραστατιιὲὸν
1994 3153 2050 3206 δὲ
2093 3149 2229 3205 εἶναι
2270 3151 2330 3204 τὸ

769 3254 1089 3323 όμοούσιον
1108 3249 1185 3316 τῷ
1201 3248 1385 3319 Harp),
1402 3248 1460 3301 τὸ
1492 3246 1757 3318 μηδεμίαν
1788 3246 2080 3317 ἐμφέρειαν
2108 3245 2243 3315 πρὸς
2266 3242 2331 3296 τὰ

3110 684 3253 742 dicat.

2478 784 2614 851 Quia
2644 785 2773 839 vero
2814 771 2877 837 in.
2911 781 3127 837 Nicaan'a
3165 782 3288 845 fide,
3322 781 3409 836 cui
3448 778 3771 848 subscripsit
3797 775 3971 831 Euse-

2408 881 2554 943 bius,
2586 880 2874 933 damnatur
2901 877 3029 931 item
3060 878 3373 931 Arianicum
3396 875 3548 938 illud,
3573 873 3630 940 ἐξ
3652 874 3750 925 οἰκ
3778 872 3968 933 ὄντων,

2408 987 2473 1027 ea:
2500 988 2603 1025 non
2634 970 3029 1043 assistentibus,
3070 967 3349 1023 et'Filium
3389 967 3627 1038 genitum
3668 975 3720 1020 et
3749 979 3857 1018 non
3888 960 3974 1015 fa-

2408 1070 2555 1117 ctum
2586 1077 2706 1117 esse
2734 1061 3064 1126 declaratur;
3120 1060 3259 1113 hanc
3303 1056 3496 1128 synodi
3538 1056 3842 1110 doctrinam
3873 1066 3974 1106 ore

2409 1161 2570 1207 tenus
2620 1149 2861 1205 defendit
2904 1148 3192 1211 Eusebius.
3240 1162 3307 1201 ne
3353 1143 3697 1201 Cdustantini
3738 1141 3975 1195 Nicanaa

2409 1242 3031 1299 doctrinaetenacissimi
3059 1239 3483 1309 indignationem
3510 1238 3847 1297 incurreret;
3877 1247 3977 1285 ore

2411 1345 2570 1391 tenus
2593 1334 2729 1395 dixi,
2782 1349 2887 1387 non
2919 1349 2984 1387 ex
3012 1332 3323 1401 conjectura
3352 1336 3404 1384 et
3430 1330 3685 1399 Opinione
3708 1324 3975 1395 quadam;

2412 1428 2601 1483 sed‘ex
2631 1424 2765 1494 ipsis
2798 1422 3015 1477 Eusebii
3062 1422 3248 1485 dictis,
3300 1420 3391 1491 qui
3426 1436 3489 1476 ea
3528 1420 3581 1473 in
3619 1432 3677 1472 re
3715 1432 3859 1470 unus
3888 1412 3976 1467 sui

2413 1518 2585 1589 ipsius
2619 1517 2889 1584 interpres
2916 1528 3041 1567 esse
3069 1513 3261 1567 valeat.
3298 1510 3431 1564 Nam
3460 1509 3624 1570 illud,
3666 1504 3726 1571 ἐξ
3752 1507 3849 1558 οὐκ
3887 1504 3977 1556 ὃν·
4005 1556 4011 1564 ,

2412 1626 2539 1673 των,
2569 1606 2781 1662 duobus
2824 1611 3001 1676 potest
3034 1603 3208 1658 modis
3257 1601 3521 1673 intelligi;
3557 1600 3751 1670 primo,
3802 1598 3875 1651 ita
3917 1603 3981 1649 ut

2414 1699 2507 1770 qui
2534 1713 2640 1753 non
2664 1704 2822 1751 antea
2844 1694 3137 1757 exstiterit,
3161 1693 3374 1747 initium
3399 1689 3696 1747 exsistendi
3723 1686 3978 1757 accipiat,

2415 1798 2469 1845 et
2501 1803 2626 1843 cum
2663 1788 2799 1842 nihil
2842 1793 3001 1840 antea
3028 1772 3261 1846 fuisset,
3307 1784 3363 1837 in
3409 1798 3589 1839 rerum
3626 1790 3817 1835 natura
3851 1794 3981 1849 pro-

2416 1882 2541 1937 deat
2570 1900 2583 1935 :
2608 1895 2770 1951 quam
2798 1893 2980 1933 veram
3006 1875 3175 1931 fuisse
3204 1882 3337 1945 puto
3358 1875 3678 1929 Arianorum
3706 1883 3937 1929 mentem
3964 1890 3977 1925 :

2348 2007 2389 2061 Β
2418 1982 2472 2028 et
2500 1972 2628 2027 huic
2664 1970 2948 2027 sententia:
2978 1963 3242 2023 Eusebius
3273 1980 3487 2036 semper
3516 1966 3733 2031 institit,
3762 1965 3853 2035 qui
3888 1962 3985 2017 ιη.

2421 2066 2552 2120 lium
2578 2065 2703 2120 ante
2732 2064 3063 2118 creationem
3093 2075 3201 2114 non
3229 2060 3616 2129 sempiternum
3645 2072 3767 2113 esse
3796 2054 3983 2111 defen-

2425 2155 2505 2209 dit
2532 2155 2641 2225 (a);
2684 2153 2947 2214 secundo,
2992 2168 3059 2206 ex
3098 2165 3207 2205 non
3241 2150 3586 2209 exstantibus
3623 2149 3826 2219 aliquid
3861 2148 3984 2202 ﬁeri

2422 2247 2656 2312 dicatur,
2678 2261 2801 2300 cum
2827 2261 2893 2300 ex
2918 2244 3068 2299 nullo
3092 2244 3498 2314 praeexsistente
3518 2241 3778 2310 originem
3794 2240 3943 2294 ducit
3968 2258 3981 2291 :

2424 2354 2532 2409 quo
2568 2353 2733 2392 sensu
2782 2336 3049 2392 Eusebius
3083 2334 3279 2390 Filium
3320 2351 3385 2390 ex
3434 2349 3544 2388 non
3594 2333 3989 2388 exsistentibus

2422 2426 2695 2498 prodiisse
2722 2435 2901 2496 negat,
2932 2440 3057 2479 nam
3085 2427 3285 2495 passim
3316 2423 3446 2477 dicit
3478 2431 3530 2478 et
3563 2430 3764 2493 pugnat
3792 2421 3985 2477 Filium

2425 2535 2490 2575 ex
2520 2518 2679 2572 Patre
2707 2518 2946 2588 genitum
2977 2532 3117 2583 esse,
3151 2518 3273 2571 licet
3300 2530 3410 2570 non
3434 2530 3533 2570 sua
3566 2516 3669 2570 sibi
3699 2516 3987 2569 ratiocinia
4048 2555 4053 2563 .

2425 2618 2703 2666 constent:
2739 2610 3003 2680 siquidem
3037 2610 3089 2664 in
3130 2609 3231 2664 hoc
3262 2608 3649 2663 commentario
3682 2606 3777 2671 ait,
3834 2606 3987 2659 Psat.

2427 2720 2570 2769 xuv,
2602 2704 2659 2769 2,
2676 2701 2870 2756 Filium
2892 2716 2921 2754 a
2936 2700 3095 2755 Patre
3115 2717 3179 2756 ex
3208 2698 3370 2755 corde
3386 2708 3437 2754 et
3454 2716 3519 2754 ex
3538 2698 3836 2753 visceribus
3860 2712 3989 2768 pro-

2427 2796 2571 2850 duci.
2604 2793 2670 2847 Et
2735 2796 2789 2847 in
2824 2792 3281 2847 Demonstratione
3319 2792 3630 2861 evangelica,
3675 2790 3709 2844 Ι.
3747 2804 3819 2852 tv,
3854 2804 3901 2843 c.
3926 2786 3987 2850 9,

2429 2902 2480 2956 p.
2543 2884 2678 2948 HG,
2734 2882 2933 2937 Filium
2982 2879 3225 2954 genitum
3290 2881 3565 2945 declarat,
3632 2881 3994 2949 similiterque

2430 2994 2482 3049 p.
2526 2978 2648 3041 “8,
2687 2984 2744 3032 et
2776 2978 2975 3047 passim
3018 2976 3220 3044 ubique
3257 2989 3381 3028 cum
3423 2975 3477 3028 i-n
3512 2974 3615 3028 hoc
3657 2974 3774 3043 ipso
3802 2987 3987 3042 Opere,

2428 3080 2542 3126 tum
2586 3070 2639 3123 in
2693 3070 2847 3125 libris
2897 3067 3097 3123 Contra
3138 3066 3467 3131 Marcellum,
3510 3067 3746 3137 genitum
3796 3064 3990 3118 Filium

2431 3160 2749 3239 contendit:
2779 3169 2832 3213 et
2860 3168 3037 3213 tamen
3064 3160 3221 3213 aliam
3248 3175 3277 3213 a
3302 3157 3461 3212 Patre
3484 3158 3838 3212 substantiam
3866 3155 3990 3210 Filii

2431 3270 2571 3316 esse,
2614 3268 2723 3307 non
2754 3266 2983 3305 numero
3043 3260 3273 3313 tantum,
3308 3250 3400 3304 sed
3432 3248 3689 3319 dignitate
3707 3256 3760 3301 et
3784 3248 3993 3318 magni-

772 3341 967 3412 γενητὲ
1000 3341 1268 3411 κτίσματα
1292 3339 1381 3392 τὸν
1411 3338 1534 3390 Υἱὸν
1560 3335 1654 3388 τοῦ
1688 3334 1820 3387 Θεοῦ
1857 3334 2061 3405 φέρειν,
2276 3331 2332 3383 δὲ

2395 3347 2401 3401 ι
2435 3346 2621 3399 tudine
2657 3344 3003 3414 pronuntiat;
3039 3341 3114 3395 ita
3144 3349 3201 3395 ut
3230 3357 3329 3397 nec
3358 3356 3482 3395 vere
3513 3351 3566 3395 et
3602 3341 3815 3410 proprie
3850 3338 3991 3393 Deus

770 3435 845 3506 τῷ
868 3435 1041 3505 Πατρὶ
1068 3431 1144 3502 τῷ
1158 3428 1508 3501 γεγεννηκότι
1535 3426 1945 3497 ἀφωμοιῶσθαι,
1975 3425 2066 3477 καὶ
2093 3423 2167 3494 μὴ
2196 3417 2332 3475 εἶναι

770 3528 829 3593 ἐξ
868 3526 1055 3597 ἑτέρας
1080 3524 1222 3588 τινὸς
1267 3519 1614 3583 ὑποπάσεώς
1643 3536 1699 3573 τε
1736 3519 1827 3571 καὶ
1864 3517 2069 3580 οὐσίας,
2115 3514 2226 3568 ἀλλ’
2270 3516 2333 3566 ὲκ

769 3614 861 3673 τοῦ
897 3619 1127 3690 Πατρός,
1160 3617 1262 3679 hoc
1296 3621 1380 3671 est
1413 3633 1425 3667 :
1463 3613 1651 3667 Verum
1690 3611 1830 3665 hisce
1879 3608 2070 3672 verbis,
2103 3621 2334 3661 consus-

770 3729 1107 3769 STANTIALEI
1150 3712 1342 3776 PATRI,
1376 3708 1603 3763 indicari
1652 3708 1855 3761 nullam
1884 3704 2028 3758 Filio
2073 3701 2172 3756 Dei
2217 3717 2334 3755 cum

770 3806 927 3875 factis
961 3813 1009 3859 et
1042 3805 1233 3858 creatis
1277 3802 1428 3857 rebus
1475 3818 1585 3856 esse
1636 3798 2077 3859 similitudinem;
2113 3794 2201 3850 sed
2234 3794 2336 3848 soli

772 3899 949 3962 Patri,
981 3899 1069 3968 qui
1094 3884 1283 3966 ipsum
1330 3897 1528 3966 genuit,
1573 3895 1716 3948 omni
1749 3892 1902 3947 modo
1944 3890 2168 3945 similem
2203 3905 2333 3953 esse,

771 4006 929 4059 neque
964 4004 1027 4043 ea:
1071 3989 1181 4041 alia
1230 4006 1387 4058 quam
1447 3991 1509 4042 ex
1544 3987 1735 4041 'Patris
1808 3986 2082 4058 hypostasi
2125 3996 2173 4040 et
2218 3984 2338 4042 sub-

770 4081 969 4135 stantia
1021 4096 1151 4134 esse.
1202 4080 1305 4135 Ubi
1359 4080 1510 4144 vides
1559 4088 1783 4135 eatenus
1806 4078 1999 4134 Filium
2020 4077 2167 4132 Patri
2202 4093 2335 4132 con-

766 4174 1184 4230 substantialem
1207 4152 1634 4242 dici,'quatenus
1661 4189 1769 4247 non
1805 4172 2007 4227 creatis
2035 4171 2217 4234 rebus,
2243 4168 2336 4223 sed

770 4266 919 4321 Patri
963 4266 1111 4322 omni
1163 4266 1325 4320 modo
1373 4266 1569 4320 similis
1620 4273 1737 4337 est.‘
1769 4264 2079 4334 Ὀμοούσιος
2112 4264 2335 4333 quippe,

770 4364 885 4415 sive
929 4359 1437 4423 consubstantialis,
1480 4356 1637 4410 ‘Patri
1687 4354 1856 4411 Filius
1903 4364 1988 4410 est
2040 4358 2337 4411 secundum

771 4439 1085 4513 Eusebium,
1118 4449 1245 4519 quia
1266 4448 1387 4517 ejus
1411 4447 1742 4510 substantia,
1779 4444 1955 4499 Patris
1977 4446 2337 4501 substantiam

772 4542 974 4608 refert;
1012 4543 1083 4597 ita
1115 4551 1175 4597 ut
1202 4546 1415 4597 ratione
1446 4540 1825 4597 similitudinis
1857 4554 1960 4593 una
1994 4540 2065 4592 sit
2100 4540 2152 4592 in
2188 4547 2339 4592 utra-

771 4649 878 4704 que
922 4636 1226 4689 substantia
1269 4634 1699 4702 repraesentatio.
1743 4631 1900 4698 Quod
1954 4632 2080 4685 alibi
2133 4631 2337 4701 passim

772 4728 1038 4789 enuntiat,
1075 4727 1416 4795 maximeque
1456 4727 1509 4778 in
1552 4726 1704 4780 libris
1737 4722 1935 4779 Contra
1970 4723 2279 4777 Marcellum
2315 4740 2333 4777 :

773 4819 831 4872 in
871 4832 980 4887 quo
1015 4824 1194 4871 autem
1226 4832 1345 4870 eam
1395 4816 1806 4871 similitudinem
1848 4816 2163 4879 constituat,
2209 4828 2335 4867 mox

772 4910 1019 4981 pluribus
1050 4909 1439 4978 expendemus.
1478 4906 1633 4973 Quod
1660 4908 1844 4976 adjicit
1874 4908 1963 4962 iile
1992 4905 2188 4970 Filium
2225 4920 2335 4959 non

772 5021 835 5058 ex
873 5002 999 5067 alia,
1041 5019 1204 5074 quam
1253 5018 1320 5057 ex
1371 4998 1550 5055 Patris
1598 5000 1877 5070 hypostasi
1923 5007 1977 5055 et
2028 4999 2334 5055 substantia

771 5111 914 5159 esse,
951 5111 1060 5150 non
1088 5096 1161 5148 ita
1195 5094 1446 5163 intelligit
1474 5091 1764 5155 Eusebius,
1807 5090 1949 5160 quod
1970 5090 2081 5159 jam
2104 5088 2336 5157 conspi-

773 5204 875 5244 cue
906 5188 1189 5259 probatum
1221 5194 1326 5249 est,
1371 5193 1431 5240 ut
1472 5185 1717 5240 eamdem
1750 5190 1900 5255 putet
1925 5198 2046 5237 esse
2074 5179 2254 5234 Patris
2282 5188 2336 5234 et

774 5280 894 5335 Filii
924 5278 1282 5335 substantiam
1322 5299 1334 5334 :
1369 5279 1421 5333 id
1454 5281 1597 5333 enim
1637 5277 1909 5332 sexcentis
1948 5276 2003 5329 in
2052 5275 2189 5328 locis
2238 5288 2333 5326 ex-
2366 5262 2375 5271 ’

774 5374 942 5444 plodit
976 5373 1085 5439 ille,
1120 5379 1173 5424 et
1212 5380 1273 5425 ut
1316 5370 1537 5427 Sabellii
1575 5370 1878 5425 doctrinam
1924 5367 2191 5431 traducit;
2242 5365 2334 5419 sed

774 5468 917 5538 quod
965 5465 1327 5522 substantiam
1368 5480 1398 5517 a
1444 5476 1689 5535 paterna,
1732 5459 1911 5532 quoad
1955 5459 2242 5529 imaginem
2283 5464 2338 5513 ct

726 5608 734 5615 ,
777 5553 1211 5616 similitudinem,
1235 5560 1551 5622 expressam
1584 5552 1873 5621 acceperit,
1903 5548 2028 5603 licet
2069 5549 2335 5602 minorem

776 5658 829 5702 et
872 5648 1027 5717 longe
1072 5645 1332 5715 imparem
1382 5664 1395 5697 :
1441 5644 1572 5698 illud
1616 5658 1779 5713 porro
1822 5642 2045 5714 perinde
2086 5650 2248 5712 atque
2278 5642 2337 5695 τὸ

774 5739 1077 5809 ὁμοούσιον,
1103 5740 1228 5809 quia
1258 5740 1309 5791 in
1343 5736 1557 5791 Nicmna
1589 5734 1692 5791 tlde
1722 5737 2114 5802 contineretur,
2143 5736 2335 5791 admit.

778 5843 891 5915 tere
922 5841 1145 5886 coactus
1178 5842 1278 5911 εει.
1714 5878 1722 5883 .
1865 5841 1868 5845 ’

851 5994 925 6059 (a‘)
967 5988 1151 6047 Contr.
1186 5989 1421 6045 Μαι-ειη.
1453 5990 1546 6046 lib.
1581 6006 1620 6059 ι,
1658 6004 1710 6062 p.
1739 5989 1828 6056 67,
1860 5987 1949 6045 69.

2435 3437 2539 3491 dici
2574 3436 2780 3507 possit;
2813 3435 2906 3490 sed
2937 3434 3011 3486 ait
3041 3433 3194 3486 illum
3224 3432 3514 3502 imaginem
3544 3446 3653 3485 non
3685 3431 3843 3484 modo
3870 3429 3992 3483 Dci-

2435 3529 2585 3593 tatis,
2638 3527 2735 3583 sed
2781 3527 2944 3582 etiam
2994 3525 3219 3579 unitatis
3260 3529 3497 3594 paterna
3540 3521 3991 3593 perfectissimam

2436 3637 2589 3685 esse,
2627 3628 2791 3690 atque
2822 3619 2942 3673 ideo
2971 3634 3038 3673 ex
3064 3617 3221 3671 Patre
3243 3615 3617 3687 prodeuntem,
3651 3616 3776 3688 quia
3806 3615 3870 3668 ad
3886 3613 3996 3667 ‘Pa-

2435 3717 2535 3771 tris
2578 3711 2986 3769 similitudinem
3032 3712 3103 3767 sit
3140 3724 3417 3779 expressa,
3464 3708 3602 3761 κατὰ
3638 3706 3861 3777 γνώμην
3900 3707 3994 3759 καὶ

2438 3807 2774 3883 προᾳίρεσιν,
2804 3804 2855 3859 id
2882 3815 2985 3867 est,
3013 3819 3078 3857 ex
3100 3802 3385 3855 voluntate
3413 3806 3466 3854 et
3484 3799 3772 3869 proposito
3793 3798 3990 3858 Patris,

2436 3917 2545 3955 non
2580 3918 2646 3957 ex
2673 3908 2883 3955 natura:
2910 3896 3267 3959 necessitate;
3297 3907 3417 3963 qua:
3452 3901 3629 3945 tamen
3660 3892 3858 3960 imago,
3889 3889 3993 3943 alia

2439 3996 2507 4049 sit
2530 4009 2559 4047 a
2586 4002 2808 4063 paterna
2840 3991 3067 4053 Deitate,
3102 3988 3301 4046 minor,
3326 3988 3517 4054 impar,
3545 3998 3664 4055 qua:
3687 3982 3998 4053 dignatione

2437 4082 2655 4152 quidem
2678 4078 2859 4136 Patris
2880 4079 2937 4133 in
2964 4085 3089 4132 ortu
3114 4092 3214 4131 suo
3236 4076 3328 4131 Dei
3353 4091 3549 4130 nomen
3574 4075 3873 4145 acceperit,
3903 4074 3994 4130 sed

2438 4188 2547 4227 non
2578 4185 2705 4227 vere
2734 4178 2787 4225 ct
2816 4171 3035 4240 proprie
3058 4167 3210 4223 Deus
3239 4169 3327 4222 sit.

2419 4293 2427 4299 -
2509 4264 2587 4319 Ex
2630 4262 2741 4318 Deo
2770 4270 2948 4317 autem
2983 4271 3036 4316 et
3072 4277 3136 4315 ex
3174 4259 3479 4315 substantia
3522 4258 3616 4314 Dei
3650 4274 3771 4314 esse
3798 4256 3990 4312 Filium

2439 4356 2569 4411 dicit
2602 4358 2814 4411 ratione
2861 4353 3265 4419 similitudinis;
3322 4352 3777 4424 quemadmodum
3821 4353 3983 4421 imagt

2441 4449 2744 4520 cujuspiam
2777 4464 2806 4502 a
2834 4447 3169 4520 peritissimo
3203 4446 3409 4517 pictore
3437 4446 3759 4501 concinnata
3779 4484 3792 4507 ,
3843 4459 3908 4497 ex
3934 4458 3988 4497 et

2440 4550 2493 4596 et
2519 4556 2582 4596 ex
2617 4556 2848 4609 persona
2882 4543 3000 4609 ejus
3032 4555 3290 4609 expressa
3320 4555 3555 4609 eumque
3585 4538 3822 4608 perfecte
3845 4536 3997 4592 exhi—

2442 4638 2570 4691 bere
2589 4636 2790 4691 dicitur
2815 4655 2827 4690 :
2855 4636 2957 4690 etsi
2983 4634 3205 4689 alterius
3226 4644 3280 4689 et
3301 4634 3528 4691 diversa:
3550 4634 3871 4689 substantiae
3895 4632 3995 4696 sit;

2443 4728 2518 4783 ita
2555 4726 2745 4793 Filius,
2784 4728 3082 4793 secundum
3118 4725 3431 4792 Eusebium,
3473 4742 3539 4781 ex
3570 4724 3873 4780 substantia
3902 4721 3997 4777 Dei

2440 4828 2493 4875 et
2524 4834 2588 4873 ex
2619 4818 2729 4875 Deo
2758 4786 2883 4875 es's‘e"
2918 4818 3140 4885 dicitur,
3184 4820 3275 4888 qui
3326 4828 3410 4874 est
3456 4819 3630 4888 imago
3656 4833 3720 4873 ex
3760 4815 3869 4870 Deo
3905 4830 3999 4869 ex~

2442 4924 2649 4981 pressa,
2694 4910 2860 4963 Deum
2893 4907 3131 4977 perfecte
3167 4913 3585 4978 repraesentans,
3631 4906 3735 4959 etsi
3774 4904 3999 4959 alterius

2440 5009 2492 5056 et
2521 5001 2748 5057 diversa:
2783 5000 3101 5055 substantiae
3143 5000 3231 5055 sit.
3274 5000 3330 5053 ln
3365 5014 3472 5069 quo
3511 5013 3643 5054 sane
3675 4996 3939 5051 Eusebius
3970 5010 4001 5049 a

2441 5102 2590 5148 recto
2630 5093 2987 5148 ratiocinandi
3029 5107 3228 5161 genere
3275 5092 3510 5159 immane
3554 5099 3813 5161 quantum
3846 5088 4001 5143 aber-

2442 5194 2527 5239 rat
2558 5207 2571 5242 :
2606 5201 2733 5239 nam
2779 5201 2845 5240 ex
2890 5185 3165 5240 communi
3206 5192 3262 5239 et
3306 5167 3525 5253 recepto
3558 5167 3837 5237 hominum
3874 5197 3997 5245 usu,

2442 5283 2534 5350 qui
2580 5295 2705 5335 vere
2750 5278 3008 5347 gignitur,
3059 5274 3742 5349 gignentis'substantiam
3786 5272 3999 5343 plenam

2444 5374 2817 5443 integramque
2870 5373 3089 5442 accipit,
3148 5379 3208 5425 ut
3253 5371 3397 5425 filius
3442 5369 3626 5423 vocari
3680 5369 3874 5438 possit.
3928 5368 3998 5422 Ea

2443 5467 2641 5536 quippe
2696 5472 2779 5519 est
2832 5462 2924 5517 lilii
2974 5466 3194 5535 proprie
3245 5463 3377 5517 dicti
3431 5463 3593 5527 ratio,
3649 5470 3706 5515 ut
3757 5446 4002 5516 eamdem

2443 5571 2668 5625 prorsus
2705 5570 2866 5627 quam
2898 5563 3051 5625 pater
3084 5566 3333 5610 naturam
3375 5551 3645 5613 obtineat:
3689 5554 3844 5614 alias,
3893 5567 4001 5606 non

2445 5648 2607 5711 ﬁlius,
2643 5648 2737 5703 sed
2770 5647 3045 5718 opiﬁcium
3078 5647 3212 5706 erit;
3252 5647 3517 5711 eamdem,
3553 5648 3797 5721 inquam,
3822 5644 4002 5713 specie

2444 5750 2695 5795 naturam
2742 5740 2796 5794 in
2851 5741 3014 5795 rebus
3065 5739 3286 5802 creatis,
3335 5755 3455 5809 qua:
3502 5737 3847 5806 multiplicari
3881 5751 4006 5805 pos--

2444 5841 2602 5895 sunt;
2641 5832 2884 5889 eamdem
2917 5846 3045 5888 vero
3086 5818 3383 5913 numerice’
3408 5833 3461 5886 in
3504 5831 3721 5891 divinis,
3756 5828 3881 5899 quia
3909 5843 4003 5883 na:
