4262 6398
686 546 755 600 ιτ
1393 527 1658 590 susse"
1694 515 2164 582 CASSARIENSIS
2199 511 2351 570 opp.
2392 510 2571 565 PARS
2606 508 2694 566 tu.
2727 538 2797 550 -
2828 503 3233 562 exeamus.
3794 503 3895 559 ta

688 680 811 734 xvx,
834 678 980 742 Εετθ
1016 670 1311 742 defenditur.
1349 658 1407 708 4—
1429 662 1863 742 XVII._i-A_rianum
1907 656 2115 723 probant
2146 658 2243 703 tam
2274 656 2318 712 Α
2348 650 2503 706 libuit
2531 648 2815 704 desistere.
2847 645 2964 711 Qua
2996 646 3050 699 in
3083 658 3141 699 re
3172 643 3302 714 quid
3342 643 3545 699 certius
3584 622 3893 712 evangelica

1161 740 1319 799 gesta,
1337 744 1481 795 quam
1498 729 1695 789 scripta.

656 907 661 911 ,
762 848 828 902 At
857 845 949 916 qui
980 847 1265 914 purgatum
1298 834 1589 889 Eusebium
1623 829 1830 890 volunt,
1856 841 1978 881 cum
2007 830 2239 883 veteres,

692 950 807 997 tum
834 936 1186 995 recentiores,
1216 930 1273 984 in
1294 926 1526 982 medium
1543 923 1669 993 ‘ejus
1688 918 1831 973 dicta
1851 917 2100 977 aﬁ‘erunt,
2125 928 2244 983 quae

693 1029 1018 1086 catholicum
1047 1021 1321 1079 hominem
1354 1018 1576 1087 arguere
1614 1017 1888 1083 pugnant;
1932 1002 2243 1075 hujusmodi

696 1130 844 1190 sunt,
872 1119 1017 1191 quod
1047 1115 1245 1172 dixerit
1264 1112 1355 1167 ille
1384 1126 1445 1165 ex
1481 1110 1609 1172 Deo,
1644 1117 1699 1162 et
1727 1122 1792 1160 ex
1822 1100 2125 1158 substantia
2151 1096 2244 1151 Dei

694 1231 817 1272 esse
843 1190 1061 1274 Filium,
1086 1205 1231 1278 quod
1262 1219 1386 1260 vere
1410 1202 1576 1257 Deum
1611 1208 1664 1254 et
1703 1196 1953 1251 αὐτόοεον
1980 1190 2246 1263 praedica-

695 1308 855 1372 verit,
893 1299 1037 1374 quod
1081 1306 1363 1356 aeternum,
1395 1292 1539 1364 quod
1566 1288 1867 1361 ὁμοούσιον,
1905 1285 2103 1355 quibus
2148 1295 2246 1335 nos

697 1372 972 1457 omnibus,
994 1393 1115 1463 ipso
1143 1386 1379 1445 Eusebio
1419 1385 1499 1439 usi
1530 1384 1843 1451 interprete,
1867 1372 2247 1447 jam'occurri-

696 1506 837 1546 mus.
863 1486 1060 1541 Verum
1083 1484 1197 1537 haec
1227 1480 1301 1533 illi
1331 1493 1397 1533 ex
1422 1474 1630 1529 arbitrii
1654 1472 1735 1528 sui
1767 1466 2054 1530 sententia,
2074 1478 2250 1532 neque

698 1599 764 1638 ex
794 1583 911 1651 ipsa
939 1575 1156 1632 Eusebii
1187 1578 1385 1635 mente,
1425 1567 1670 1639 pluribus
1702 1564 1757 1617 in
1794 1561 1930 1615 locis
1969 1570 2247 1627 expressa,

700 1648 1053 1741 com—probare
1084 1663 1187 1719 nisi
1218 1667 1348 1717 sunt
1382 1679 1393 1713 :
1426 1658 1515 1711 alii
1552 1668 1764 1725 quoque
1794 1648 2103 1719 interpretis
2131 1662 2252 1701 ver-

702 1744 856 1819 sione
887 1754 1115 1826 decepti,
1147 1768 1211 1809 ex
1239 1752 1391 1805 libris
1414 1747 1476 1801 de
1507 1741 1959 1800 Demonstratione
1990 1744 2045 1792 et
2069 1744 2253 1789 contra

703 1838 1033 1913 Marcellum,
1061 1846 1249 1901 Latine
1278 1849 1487 1896 tantum
1512 1836 1686 1899 lectis,
1709 1833 1775 1887 ad
1799 1845 1916 1886 eam
1946 1828 2255 1913 opinionem

704 1947 1072 2003 accesserunt,
1096 1950 1223 2007 pars
1245 1932 1481 1987 Marcelli
1508 1927 1653 1981 dicta
1676 1938 1775 1994 pro
1794 1918 2115 1975 Eusebianis
2135 1916 2257 1970 sub-

2346 742 2614 803 cautione,
2636 738 2717 792 E1
2730 737 2985 807 [motibus
3006 752 3183 790 eorum
3204 736 3519 806 cognoscetis
3533 737 3655 789 eos?
3674 732 3893 804 (Matth.

2347 848 2444 895 vit,
2477 830 2587 901 16.)
2616 830 2775 885 Certe
2802 829 3098 884 secundum
3123 827 3392 881 Nicmnam
3418 826 3679 897 synodum
3710 823 3897 879 foven-

2347 923 2428 978 da:
2451 921 2718 993 Arianicae
2738 921 2815 975 rei
2844 921 2918 972 ita
2942 926 3088 973 totus
3114 917 3359 971 incubuit
3383 918 3493 979 ille,
3518 924 3575 969 ut
3600 914 3732 969 nihil
3759 929 3897 985 pm-

2347 1015 2641 1072 termisisse
2674 1014 2921 1069 videatur
2950 1027 3059 1082 quo
3091 1026 3149 1066 se
3177 1011 3432 1064 Arianum
3465 1007 3737 1079 proderet.

2938 1125 3161 1183 CAPUT
3202 1124 3312 1180 VII.

2351 1257 2417 1296 DE
2457 1254 2704 1303 BELIQUIS
2742 1254 2795 1295 IN
2832 1255 3018 1302 QUIBUS
3057 1254 3155 1292 νει
3210 1256 3238 1291 Α
3278 1252 3395 1293 FIDE
3439 1248 3711 1289 ABERRARE
3749 1246 3901 1286 VIDE-

2422 1326 2526 1366 TUR
2563 1326 2814 1365 EUSEBIUS
2854 1327 2905 1363 ΙΝ
2942 1326 3027 1365 HIS
3064 1322 3477 1371 COIIFNTABIIS,
3520 1320 3617 1360 νει
3657 1318 3902 1357 ΕΧΡΙΛΕΛ·

2424 1396 2583 1437 ΤΙΟΝΕ
2620 1397 2751 1437 OPUS
2788 1397 2979 1434 ΠΑΒΕΤ.

2354 1491 2404 1546 1.
2448 1489 2711 1559 Eusebius
2745 1490 3042 1559 plerumque
3084 1502 3215 1553 sua,
3280 1504 3381 1541 non
3423 1485 3697 1559 Ecclesiar,
3750 1501 3905 1539 sensa

2424 1561 2605 1614 tradit.
2650 1556 2852 1616 "(An
2878 1556 3021 1629 neget
3053 1569 3321 1628 peccatum
3358 1558 3632 1629 originale,
3671 1564 3720 1607 et
3751 1571 3817 1607 an
3842 1556 3905 1629 id

2420 1632 2683 1699 dogmatis
2724 1647 2786 1686 ea:
2819 1624 3333 1699 Origene-hauserit.
3392 1624 3510 1699 Ill.
3540 1626 3622 1679 Au
3667 1634 3808 1699 putet
3836 1624 3904 1677 Β.

2436 1696 2700 1771 Virginem
2750 1701 2884 1754 alios
2918 1696 3078 1769 quam
3108 1698 3375 1753 Christum
3418 1696 3556 1771 ﬁlios
3601 1696 3902 1771 suscepisse.

2428 1765 2693 1826 lViEam
2754 1787 2856 1824 non
2900 1765 3051 1835 quasi
3106 1785 3287 1830 suam,
3348 1770 3434 1820 sed
3487 1767 3638 1835 quasi
3683 1765 3909 1835 alienam

2425 1842 2731 1896 sententiam
2783 1834 2981 1893 attulit.
3042 1839 3102 1892 ιν.
3139 1836 3259 1890 Non
3287 1836 3471 1890 statuit
3500 1834 3635 1888 duas
3667 1836 3721 1888 in
3748 1834 3908 1888 Chri-

2428 1921 2507 1963 sto
2534 1927 2803 1979 personas.
2850 1907 2943 1962 VI.
2973 1907 3111 1974 Quid
3141 1907 3205 1961 de
3234 1906 3553 1975 confessione
3580 1915 3909 1974 peccatorum

704 1982 1072 2003 ..υνυσουηηη
1134 1982 1222 1991 κ.-
1248 1982 1349 1987 τη,
1470 1982 1473 1983 ν
1680 1982 1695 1994 _
2613 1982 2622 1991 .

704 2039 1014 2099 stitucntes,
1050 1982 1309 2086 ualet-num
1356 2025 1423 2078 ab
1464 2019 1694 2075 Eusebio
1730 2015 1925 2071 Filium
1974 2009 2257 2085 praedicari
2288 2006 2329 2061 Β
2429 1991 2666 2035 κηδεῖα-

707 2126 952 2187 arbitrati
984 2131 1110 2180 sunt
1138 2140 1151 2174 :
1182 2118 1316 2175 nulli
1362 2116 1528 2170 hosce
1558 2108 1770 2165 Eusebii
1820 2102 2254 2163 Commentarios

703 2221 1085 2289 inspexerunt,
1108 2210 1197 2265 ubi
1219 2208 1392 2279 palam
1419 2205 1507 2259 ille
1529 2208 1760 2257 mentem
1784 2211 1937 2252 suam
1971 2193 2165 2265 aperit,
2202 2199 2256 2245 et

705 2282 925 2369 nonnisi
949 2308 1257 2374 comparate
1290 2295 1357 2351 ad
1382 2294 1629 2350 homines
1654 2288 1849 2349 Filium
1876 2284 2057 2339 vocari
2088 2282 2255 2335 Deum

707 2400 962 2457 insinuat.
1005 2371 1117 2464 Ego
1146 2403 1274 2445 vero
1322 2401 1405 2441 me
1451 2380 1708 2454 proﬁteor
1738 2378 1842 2431 hac
1881 2375 1935 2429 in
1960 2371 2259 2443 quaestione

705 2493 840 2549 nihil
870 2460 1208 2561 pratjudicati
1242 2478 1509 2538 attulisse,
1550 2471 1644 2527 sed
1679 2480 1906 2540 pronum
1941 2478 2154 2534 semper
2191 2460 2258 2515 ad

707 2558 975 2639 mitiorem
1006 2574 1282 2632 ferendam
1326 2565 1667 2625 sententiam,
1697 2558 1915 2615 Eusebii
1946 2558 2148 2627 scripta
2173 2570 2258 2611 as-

625 2724 639 2737 .
707 2675 860 2731 sidue
890 2670 1189 2728 lectitasse,
1217 2661 1547 2735 ponderasse
1578 2654 1723 2708 dicta
1756 2659 1811 2707 et
1844 2650 2162 2715 sententias,
2198 2662 2261 2702 ac

710 2767 924 2820 demum
963 2760 1041 2814 rei
1075 2755 1459 2827 perspicuitate
1486 2752 1709 2811 victum,
1746 2751 1937 2802 contra
1972 2740 2261 2798 Eusebium

617 2853 624 2862 ’
708 2855 976 2912 calculum
1021 2850 1290 2922 posuisse.
1335 2845 1511 2907 Certe,
1559 2850 1616 2897 ut
1663 2840 1819 2895 initio
1869 2836 2002 2904 dixi,
2046 2832 2261 2890 Eusebii

709 2953 859 3018 gesta
911 2924 1034 2998 cum
1069 2934 1304 3010 scriptis
1337 2937 1411 2990 ita
1442 2937 1779 2996 consonant;
1823 2933 1882 2982 ut
1928 2926 2057 2981 hinc
2100 2924 2263 2979 etiam

712 3035 959 3094 testatior
1004 3033 1218 3088 animus
1256 3027 1629 3095 sententiaque
1675 3022 1824 3078 illius
1847 3020 2099 3075 omnibus
2143 3030 2265 3071 esse

710 3132 904 3188 valeat.
932 3127 1014 3183 Ab
1038 3122 1263 3181 exordio
1286 3121 1429 3177 enim
1451 3116 1744 3173 Arianism’i
1768 3114 1833 3168 ad
1863 3112 2068 3177 obitum
2095 3121 2266 3178 usque

710 3241 835 3282 cum
879 3219 1097 3277 Arianis
1134 3212 1562 3271 concordissime
1593 3208 1745 3273 vixit,
1795 3203 2041 3261 nascenti
2073 3199 2267 3256 haeresi

715 3332 911 3373 nomen
952 3312 1128 3379 dedit;
1176 3311 1231 3365 in
1263 3307 1477 3366 Nicmna
1526 3301 1754 3375 synodo,
1798 3304 2060 3370 quantum
2092 3294 2266 3355 licuit,

608 3412 611 3415 ’
712 3404 1010 3464 Catholicis
1039 3401 1281 3469 obstitit;
1324 3396 1419 3453 sed
1469 3394 1559 3465 qui
1599 3390 1841 3462 apprime
1868 3386 2090 3442 calleret
2139 3398 2273 3439 con-

715 3498 908 3556 cedere
952 3494 1203 3564 tempori,
1234 3491 1451 3547 demum
1484 3484 1651 3541 cessit
1688 3490 1745 3538 et
1786 3479 2111 3550 subscripsit
2146 3495 2159 3531 :
2193 3476 2273 3531 sic

714 3592 860 3648 enim
888 3585 1149 3643 suadebat
1174 3584 1355 3645 timor,
1385 3567 1493 3635 non
1516 3575 1758 3633 diuturni
1787 3572 2046 3643 magister
2070 3567 2229 3625 olﬁcii
2256 3588 2269 3623 :

721 3696 830 3753 qua
863 3680 1007 3736 enim
1050 3682 1231 3731 mente
1256 3673 1310 3729 id
1342 3670 1533 3742 egerit,
1566 3668 1668 3725 sibi
1698 3664 1932 3721 subditis
1955 3661 2170 3735 populis
2192 3659 2275 3715 sic

714 3769 1008 3836 enarravit,
1039 3774 1098 3821 ut
1128 3765 1230 3822 sibi
1271 3762 1501 3834 pristina
1530 3757 1828 3830 repetendi,
1860 3755 2035 3811 sicubi
2067 3754 2271 3815 liceret,

718 3862 925 3917 aditum
953 3854 1253 3927 reliquerit.
1289 3850 1408 3907 Non
1437 3850 1530 3905 diu
1562 3862 1690 3904 vero
1718 3853 1905 3919 postea
1943 3845 2065 3899 ﬁcte
2093 3856 2276 3898 recon-

720 3954 956 4008 ciliatam
1012 3962 1137 4004 cum
1190 3944 1488 4003 Catholicis
1520 3942 1764 4014 gratiam
1816 3936 2173 4002 disturbavit;
2218 3942 2277 3989 ut

680 4102 683 4105 ,
724 4044 938 4101 nescias
962 4042 1156 4113 plusne
1188 4054 1367 4110 opera:
1397 4038 1453 4093 in
1481 4035 1729 4107 pellendo
1758 4030 2059 4088 Athanasio
2081 4042 2272 4099 posue.

720 4141 812 4205 rit,
859 4151 1021 4209 quam
1057 4134 1114 4189 in
1154 4130 1489 4190 restituendo
1537 4128 1685 4183 Ario.
1728 4128 1927 4180 Contra
1967 4121 2277 4176 Marcellum

721 4228 1170 4301 intemperantior
1215 4225 1449 4281 fortasse
1494 4236 1657 4291 quam
1702 4219 1985 4283 debuerat,
2019 4230 2123 4270 non
2156 4212 2278 4283 plus

723 4324 792 4380 ad
823 4318 1247 4396 propulsandum
1280 4316 1450 4383 illum,
1490 4330 1653 4385 quam
1687 4312 1753 4367 ad
1788 4308 2099 4381 purgandos
2121 4306 2280 4361 Aria-

722 4430 917 4472 norum
949 4410 1312 4483 primipilares
1339 4406 1583 4478 scripsit.
1610 4403 1904 4459 Historiam
1936 4398 2165 4455 Nicaente
2190 4412 2281 4469 sy-

721 4508 850 4567 nodi
884 4506 1003 4563 t'use
1039 4505 1303 4568 narravit,
1344 4509 1398 4557 et
1447 4499 1604 4572 quasi
1651 4511 1747 4567 per
1790 4494 2279 4550 dissimulationem

724 4596 1029 4671 ignorandi,
1060 4594 1188 4666 quia
1234 4602 1507 4665 gestorum
1540 4586 1715 4661 pudor
1746 4586 2023 4641 silentium
2050 4584 2281 4654 impera—

2354 2093 2391 2143 l.
2422 2092 2665 2143 Eusebius
2680 2092 2973 2154 plerumque
2997 2102 3100 2146 sua,
3143 2101 3241 2137 non
3288 2085 3539 2144 Ecclesia,
3577 2098 3719 2134 sensa
3746 2081 3912 2133 tradit.

2422 2196 2559 2251 Cum
2596 2195 2717 2264 quis
2754 2210 2819 2250 eo
2855 2193 3069 2247 devenit
3106 2201 3163 2245 ut
3195 2190 3317 2246 ﬁdei
3345 2190 3594 2259 dogmata
3630 2204 3692 2244 ex
3720 2187 3915 2257 judicii

2353 2287 2438 2341 sui
2504 2286 2728 2340 arbitrio
2768 2284 3030 2347 deﬁniat,
3070 2298 3132 2338 ac
3169 2284 3282 2338 sive
3315 2298 3380 2336 ex
3414 2280 3757 2351 praejudicata
3796 2281 3917 2351 opi-

2356 2380 2535 2442 nione,
2565 2379 2677 2434 sive
2703 2394 2769 2433 ex
2796 2377 2987 2433 aﬁ'ectu
3017 2377 3359 2449 partiumque
3390 2375 3588 2441 studio,
3613 2372 3915 2427 divinarum

2358 2485 2538 2525 rerum
2575 2470 2987 2540 explicationem
3032 2468 3409 2539 aggrediatur,
3451 2467 3588 2522 nihil
3626 2466 3819 2518 mirum
3866 2465 3919 2519 si

2359 2562 2670 2632 frequenter
2717 2562 2929 2616 aberret
2972 2581 2982 2615 :
3023 2561 3200 2614 omnia
3256 2562 3452 2630 quippe
3508 2565 3633 2614 sunt
3688 2557 3916 2619 incerta,

2358 2670 2483 2709 cum
2539 2654 2703 2709 semel
2774 2654 2841 2709 ab
2894 2652 3146 2707 Ecclesia:
3207 2652 3422 2708 statutis
3463 2650 3763 2704 discessum
3811 2657 3916 2702 est.

2360 2746 2493 2803 Nam
2529 2761 2652 2802 cum
2686 2759 2884 2799 arcana
2915 2743 3139 2801 Deitatis
3173 2753 3226 2801 et
3262 2744 3559 2814 religionis.
3591 2741 3657 2796 ab
3684 2740 3922 2795 humano

2362 2856 2526 2896 sensu
2572 2839 2957 2899 remotissima,
2996 2837 3203 2892 Numen
3242 2837 3417 2907 ipsum
3461 2834 3761 2899 tradiderit,
3790 2847 3923 2887 non-

2369 2933 2475 2987 nisi
2530 2931 2771 3001 ejusdem
2833 2928 3079 2984 Numiuis
3116 2944 3217 2999 ope
3267 2935 3320 2982 et
3356 2926 3537 2983 alliatu
3590 2940 3654 2981 ea
3694 2931 3927 2996 possunt

2362 3023 2623 3093 explicari
2666 3037 2729 3076 ac
2767 3030 2914 3076 recte
2953 3020 3156 3090 percipi
3196 3035 3208 3070 :
3245 3034 3310 3073 ac
3362 3034 3486 3072 cum
3546 3016 3641 3071 uni
3667 3014 3927 3091 Ecclesia:

2363 3114 2675 3168 earumdem
2722 3128 2905 3167 rerum
2953 3100 3237 3167 arbitrium
3270 3109 3412 3171 Deus
3447 3090 3785 3178 permiserit,
3818 3107 3927 3176 ipsi

2366 3206 2466 3261 soli
2506 3205 2693 3259 eadem
2721 3204 3032 3273 explananti
3066 3218 3124 3258 se
3166 3200 3480 3255 adiuturum
3521 3198 3795 3268 pollicitus
3818 3206 3924 3252 est.

2371 3294 2515 3350 Nihil
2555 3296 2738 3363 itaque
2780 3294 3022 3349 insolens
3047 3301 3151 3355 est,
3180 3293 3227 3349 si
3259 3291 3547 3356 Eusebius,
3575 3290 3665 3359 qui
3692 3290 3930 3359 plerum-

2374 3403 2477 3457 que
2506 3384 2907 3455 Scripturarum
2944 3394 2997 3441 et
3026 3384 3284 3439 Ecclesia:
3309 3382 3561 3453 dogmata
3586 3398 3650 3437 ex
3684 3396 3848 3437 sensu
3871 3388 3932 3435 et

2373 3480 2628 3551 opinione
2660 3494 2758 3535 sua
2788 3478 3069 3549 aestimare
3102 3492 3269 3532 ausus
3299 3483 3403 3541 est,
3434 3476 3490 3529 in
3523 3473 3709 3529 multis
3742 3473 3933 3543 lapsus

2375 3576 2463 3630 sit.
2508 3572 2573 3627 Et
2614 3572 2722 3642 jam
2757 3572 2974 3643 quidem
3013 3571 3131 3640 ejus
3156 3568 3414 3625 deVerbo
3440 3566 3537 3623 Dei
3576 3575 3831 3629 mentem,
3860 3580 3929 3619 ex

2374 3665 2618 3736 ejusdem
2664 3664 2885 3720 Eusebii
2937 3662 3189 3733 scriptis,
3250 3662 3449 3716 Ariana
3510 3660 3630 3715 labe
3683 3658 3931 3713 vitiatam

2375 3758 2959 3821 commonstravimus;
2997 3762 3245 3825 superest
3276 3763 3335 3808 ut
3364 3764 3560 3809 caetera
3588 3751 3935 3806 Commenta-

2374 3856 2580 3911 riorum
2616 3854 2752 3916 loca,
2789 3851 2880 3905 ubi
2910 3848 2993 3902 vel
3023 3846 3348 3901 beterodoxa
3381 3845 3465 3899 vel
3488 3831 3740 3913 suspecta
3766 3840 3936 3896 tradi—

2376 3948 2523 4003 disse
2551 3945 2786 4008 videtur,
2815 3940 3053 3996 breviter
3091 3936 3480 4007 expendamus.

2380 4055 2439 4105 ll.
2484 4055 2561 4103 An
2586 4054 2741 4114 neget
2779 4052 3032 4114 peccatum
3063 4044 3319 4114 originale.
3344 4045 3448 4114 __An
3490 4044 3538 4092 id
3582 4043 3823 4106 dogmatis
3869 4054 3932 4090 ex

2911 4107 3129 4171 Origene
3162 4107 3396 4155 hauserit.

2447 4218 2735 4274 Peccatum
2780 4215 3064 4287 originale,
3093 4213 3206 4269 sive
3226 4213 3440 4282 culpam
3479 4212 3548 4266 ab
3574 4212 3812 4265 humano
3845 4224 3936 4277 ge-

2380 4326 2509 4366 nere
2549 4325 2615 4365 ex
2646 4307 2838 4362 Adami
2875 4308 3027 4379 lapsu
3071 4314 3425 4367 contractam,
3475 4318 3673 4374 negare
3706 4316 3937 4372 prorsus

2378 4402 2594 4458 videtur
2642 4398 2911 4456 Eusebius
2977 4400 3044 4455 ad
3104 4398 3299 4473 psalm.
3346 4411 3538 4457 xtvtu,
3599 4394 3632 4448 6
3666 4380 3829 4447 :l'Cur
3867 4393 3937 4444 ti-

2381 4491 2527 4546 mebo
2560 4491 2614 4544 in
2636 4490 2719 4544 die
2746 4489 2926 4545 mala?
2962 4488 3222 4558 lniquitas
3254 4485 3487 4540 calcanei
3516 4484 3614 4538 mei
3640 4479 3939 4537 circumda-

2381 4584 2456 4638 bit
2500 4600 2579 4638 me
2617 4601 2634 4638 :
2679 4583 2769 4638 ubi
2816 4583 2895 4639 sic
2928 4582 3089 4635 habet
3120 4598 3132 4633 :
3158 4580 3219 4632 Εἰ
3246 4577 3302 4631 δὲ
3332 4576 3616 4649 πρόσωπον
3647 4574 3850 4645 Κυρίου
3880 4572 3942 4625 τὸ

723 4663 839 4752 bat,
871 4702 940 4743 ne
968 4663 1191 4741 verbum
1221 4663 1439 4753 quidem
1480 4682 1607 4737 fecit
1639 4678 1709 4734 de
1738 4677 1868 4732 Ario
1902 4684 1955 4733 et
1985 4676 2053 4730 de
2079 4674 2283 4728 Ariana
2312 4676 2406 4753 ολ

2254 4687 2283 4727 a
2312 4694 2360 4753 ο
2384 4676 2559 4746 λέγον,
2593 4675 2827 4747 πτέρναν
2859 4671 3023 4726 αὐτοῦ
3058 4670 3222 4743 εὕρῃς
3246 4671 3338 4723 τὸν
3369 4670 3591 4738 ἔσχατον
3619 4665 3713 4719 τοῦ
3751 4663 3937 4736 σώμα-

726 4779 919 4836 ltreresi
953 4796 967 4834 :
992 4776 1136 4847 quod
1168 4774 1393 4846 perinde
1416 4782 1500 4829 est
1528 4786 1592 4827 ac
1622 4771 1669 4827 si
1692 4770 1817 4841 quis
1835 4766 2163 4822 Tridentinte
2195 4780 2286 4835 sy-

726 4872 857 4929 nodi
892 4868 1175 4926 historiam
1217 4874 1427 4927 texens,
1461 4863 1528 4920 de
1555 4861 1880 4933 quibusdam
1911 4863 1975 4914 ὲκ
2007 4859 2284 4930 παρέργου

725 4964 892 5038 gestis
920 4967 1120 5030 ageret,
1152 4958 1220 5015 de
1248 4956 1487 5012 Lutbero
1516 4954 1671 5009 nihil.
1719 4952 1776 5009 Si
1819 4967 1941 5008 cum
1974 4951 2172 5007 talibus
2196 4964 2290 5020 ge-

730 5054 986 5113 stis-talia
1013 5052 1213 5122 scripta
1237 5065 1346 5105 non
1375 5047 1561 5104 obsint
1590 5044 1881 5115 quominus
1906 5043 2172 5099 Eusebius
2197 5054 2289 5094 ca—

730 5150 967 5203 tholicus
1008 5134 1223 5201 dicatur
1258 5158 1380 5199 meo
1424 5138 1688 5213 periculo,
1730 5152 1890 5193 nemo
1922 5151 2159 5207 unquam
2189 5132 2290 5187 fuit

731 5247 825 5293 aut
856 5237 1073 5293 futurus
1108 5245 1212 5299 est,
1256 5234 1386 5304 quin
1418 5229 1741 5287 Eusebianis
1769 5226 2171 5282 conditionibus
2201 5237 2291 5275 or-

730 5329 1006 5386 thodoxus
1036 5326 1143 5381 dici
1168 5326 1364 5381 valeat.
1394 5322 1537 5378 Nihil
1560 5336 1743 5377 moror
1761 5335 1856 5376 eos
1881 5320 1975 5390 qui
1997 5316 2291 5373 Eusebium

732 5430 858 5479 ante
884 5420 1158 5476 Nicaenam
1194 5416 1414 5487 quidem
1447 5415 1712 5487 synodum
1752 5411 2007 5467 Arianice
2052 5408 2293 5485 sensisse

734 5528 799 5569 ac
824 5512 1114 5583 scripsisse
1147 5508 1406 5575 fatentur,
1430 5517 1618 5578 postea
1640 5520 1767 5562 vero
1788 5519 1947 5560 secus
1976 5522 1990 5558 :
2022 5517 2145 5559 nam
2167 5514 2292 5556 cum

736 5607 855 5663 sine
880 5602 1255 5662 controversia
1284 5601 1385 5656 bos
1417 5598 1852 5656 Commentarios
1883 5606 1937 5654 et
1963 5597 2135 5652 libros
2155 5594 2296 5651 Con-

737 5708 823 5752 tra
853 5694 1183 5761 Marcellum,
1210 5694 1355 5749 unde
1378 5693 1695 5763 perspicuas
1723 5700 1776 5747 et
1801 5690 2111 5760 frequentes
2140 5687 2295 5740 Aria-

734 5791 900 5846 nismi
953 5796 1111 5844 notas
1160 5786 1427 5850 eruimus,
1476 5786 1633 5855 longe
1676 5792 1800 5857 post
1838 5783 1982 5837 illam
2020 5778 2293 5853 synodum

735 5879 989 5944 ediderit,
1040 5878 1249 5934 inutilis
1300 5892 1525 5946 prorsus
1562 5877 1654 5931 illa
1700 5875 1979 5931 distinctio
2026 5892 2040 5929 :
2078 5887 2202 5927 nam
2237 5880 2297 5925 ut

736 5984 865 6025 vere
889 5967 958 6025 de
979 5966 1211 6027 Eusebio
1233 5966 1464 6050 dicatur,
1498 5981 1597 6023 nec
1627 5965 1880 6037 paenituit
1912 5964 2169 6035 cmpisse,
2195 5976 2295 6018 nec

2385 4786 2475 4833 τος
2534 4770 2627 4822 καὶ
2671 4771 2738 4839 τῇ
2778 4768 2851 4837 γῇ
2903 4764 3291 4839 πλησιάζοντα,
3328 4759 3521 4816 Ἰούδαν
3547 4776 3559 4789 ·
3626 4756 3781 4828 σῶμα
3835 4756 3942 4827 γὰρ

2388 4860 2589 4932 Kuplou
2632 4860 2682 4912 ot
2721 4856 3028 4912 ἀπόστολοι.
3075 4856 3150 4909 Οὐ
3193 4852 3463 4923 φοϐοῦμαι
3512 4842 3604 4901 οὖν
3639 4842 3944 4917 τὴνηἸούδα

2389 4930 2672 5022 προδοσίαν
2721 4950 2777 5001 ὲν
2827 4944 2906 5017 τῷ
2958 4944 3131 5017 καιρῷ
3185 4940 3277 4996 τοῦ
3332 4935 3599 5008 σταυροῦο
3636 4933 3756 4987 ἐπεὶ
3810 4930 3945 5003 μηδὲ

2388 5021 2612 5103 incitato;
2641 5038 2741 5107 τὴν
2766 5033 2858 5089 τοῦ
2891 5034 3058 5104 Ἀδὰμ
3082 5028 3387 5107 παρακοῄν·
3424 5024 3625 5093 ταύτην
3672 5021 3781 5092 γὰρ
3840 5021 3943 5073 ὑπ-

2389 5102 3196 5204 ῃνιξάμεΘα-πτέρνανάνομίας
3230 5102 3387 5172 εἶναι.
3419 5114 3603 5178 Οὐδεὶς
3629 5114 3736 5183 γὰρ
3763 5113 3830 5166 δι’
3854 5112 3947 5167 ἄλ-

2390 5225 2479 5279 λου
2512 5223 2706 5278 κακίαν
2738 5218 3174 5281 καταδικάζεται,
3193 5212 3247 5267 id
3271 5218 3354 5267 est
3376 5227 3387 5261 :
3410 5208 3468 5265 Si
3493 5224 3713 5278 persona
3733 5205 3947 5261 Domini

2391 5327 2467 5371 est
2498 5332 2613 5387 qua:
2654 5314 2902 5385 loquitur,
2962 5309 3269 5364 calcaneum
3298 5305 3411 5374 ejus
3443 5301 3797 5372 deprehendas
3837 5314 3948 5355 esse

2391 5411 2422 5463 J
2432 5410 2609 5472 udam,
2642 5408 2730 5478 qui
2758 5406 2974 5461 ultimus
3004 5402 3060 5455 in
3092 5414 3324 5469 corpore,
3352 5407 3401 5451 et
3435 5405 3587 5449 terra:
3613 5392 3950 5465 propinquior

2392 5512 2525 5561 erat.
2547 5500 2689 5554 Nam
2719 5514 2903 5567 corpus
2926 5493 3138 5549 Domini
3182 5498 3302 5545 sunt
3333 5487 3576 5559 apostoli.
3641 5483 3765 5539 Non
3797 5483 3950 5556 timeo

2393 5598 2569 5667 itaque
2586 5592 2742 5647 Iuda:
2771 5589 3114 5661 proditionem
3150 5586 3206 5640 in
3237 5596 3469 5652 tempore,
3483 5580 3651 5634 crucis
3676 5594 3695 5631 :
3716 5572 3953 5646 quando-

2393 5664 2599 5759 quidem
2625 5700 2784 5753 neque
2814 5678 3008 5749 singuli
3030 5677 3260 5732 homines
3286 5672 3478 5730 Adami
3511 5664 3955 5736 inobsequentiam

2396 5757 2576 5833 timere
2620 5775 2805 5831 debent
2843 5792 2859 5831 :
2891 5772 3028 5825 hanc
3072 5771 3258 5841 quippe
3310 5764 3615 5820 calcaneum
3659 5757 3953 5831 iniquitatis

2395 5887 2505 5926 esse
2545 5866 3016 5923 subindicavimus.
3086 5860 3251 5917 Nemo
3300 5859 3439 5912 enim
3480 5866 3688 5924 propter
3738 5850 3955 5905 alterius

2398 5962 2681 6036 nequitiam
2724 5956 3119 6014 condemnatur.
3156 5952 3259 6010 Ubi
3293 5948 3469 6005 innuit
3501 5946 3612 6011 ille,
3646 5958 3754 6001 non
3783 5938 3956 6012 magis
