4262 6378
337 507 404 564 ⁴9
1114 501 1607 560 COMMENTARlA
1645 499 1708 555 IN
1748 493 1936 550 PSAL}

1958 491 2080 549 IOS.
2113 525 2180 534 ——
2200 495 2737 555 ΡΒΑΞΙΛΜΙΝΛΠΙΑ.
3465 498 3534 557 50

337 623 698 680 damnandum
725 637 891 693 genus
922 620 1215 672 humanum
1239 632 1365 672 esse
1391 616 1466 670 ’ob
1496 614 1684 670 Adami
1730 612 1882 666 inob-
1911 613 1957 667 Α
1983 624 2076 674 pro
2110 611 2225 665 istis
2256 614 2593 681 accipiamus,
2631 628 2830 666 necesse
2863 621 2936 666 est
2971 629 3062 666 nos
3091 623 3329 666 sanctam
3368 613 3538 684 Virgi-

339 709 696 785 sequentiani,
741 727 900 781 quam
933 722 1154 764 cznteros
1198 708 1470 778 apostolos
1498 705 1738 759 oanudce
1768 718 1890 773 pro-

337 807 613 862 ditionem.
660 803 762 868 Qui
805 801 1087 870 Origenem
1130 799 1196 853 de
1245 805 1463 868 peccato
1499 795 1744 865 originali
1785 808 1889 846 non

339 898 603 953 catholice
640 894 878 948 sensisse
906 899 1115 961 putant,
1146 889 1436 944 Eusebium
1477 903 1541 942 ex
1567 885 1890 956 Origeniana

338 989 640 1058 disciplina,
676 986 729 1038 in
771 1000 877 1054 qua
915 984 1142 1038 eductus
1198 981 1318 1045 fuit,
1355 980 1467 1032 haec
1497 978 1746 1032 hausisse
1775 977 1892 1046 opi-

340 1077 630 1133 nabuntur.
675 1073 808 1126 Nam
857 1073 936 1135 is,
980 1079 1040 1126 ut
1080 1073 1290 1141 ignorat
1336 1083 1515 1131 nemo,
1547 1065 1889 1135 Origenianis

339 1183 548 1237 semper
577 1166 819 1236 partibus
843 1160 1230 1220 haesit.Verum
1260 1160 1314 1212 in
1343 1157 1618 1212 hodiernis
1644 1155 1890 1226 Origenis

339 1259 556 1328 scriptis
585 1257 718 1310 nihil
746 1271 853 1310 non
887 1269 1074 1310 sanum
1105 1260 1157 1306 et
1177 1250 1534 1306 orthodoxam
1570 1249 1636 1303 de
1669 1257 1887 1318 peccato

339 1344 584 1414 originali
634 1343 882 1398 traditur.
950 1341 1040 1396 Sic
1094 1338 1380 1395 Comment.
1439 1339 1502 1418 in
1555 1336 1883 1402 Mattha’um,

342 1436 498 1491 ﬂuet.
541 1452 592 1505 p.
625 1435 747 1499 591,
779 1435 951 1506 arguit
980 1433 1067 1486 ille
1096 1447 1160 1486 ex
1197 1431 1414 1484 lavacro
1447 1430 1884 1498 regenerationis,

345 1529 484 1601 quod
513 1531 672 1585 etiam
701 1529 996 1583 infantibus
1033 1525 1430 1584 conferebatur,
1465 1523 1734 1578 hominem
1768 1538 1887 1576 sor-

343 1624 502 1678 dibus
552 1622 890 1692 inquinatum
941 1618 1112 1671 nasci.
1187 1615 1251 1669 Et
1303 1618 1356 1668 in
1400 1613 1676 1678 Joannem,
1728 1613 1886 1668 Huet.

344 1733 394 1785 p.
442 1714 568 1777 500,
631 1713 725 1774 ait,
766 1709 879 1762 Nos
932 1705 1165 1778 quandiu
1220 1721 1488 1774 peccamus
1547 1712 1780 1756 nostram
1825 1718 1888 1754 ea:

336 1807 545 1860 diabolo
572 1802 951 1874 generationem
999 1798 1226 1853 nondum
1259 1799 1461 1851 exuisse
1488 1814 1549 1849 ac
1570 1795 1882 1863 deposuisse.
1931 1839 1936 1845 .

342 1899 502 1949 Ὅσον
555 1891 810 1961 ποιοῦμεν
843 1889 1143 1960 ἁμαρτίας,
1187 1886 1392 1938 οὐδέπω
1430 1887 1526 1954 τὴν
1558 1885 1621 1936 ἐκ
1651 1883 1743 1935 τοῦ
1775 1883 1885 1936 δια-

343 1985 495 2038 ϐόλου
546 1983 754 2051 γένεσιν
803 1977 1238 2048 ἀπεκδυσάμεθα.
1278 1976 1342 2029 1η
1400 1975 1621 2029 Levitico
1681 1983 1880 2037 autem,

341 2078 470 2134 edit.
500 2075 811 2129 Genebrard
857 2090 908 2143 p.
940 2074 1008 2127 90
1034 2093 1045 2125 :
1086 2071 1413 2139 Quazcunque
1445 2070 1620 2122 anima
1651 2070 1702 2121 in
1733 2086 1886 2122 carne

342 2169 600 2232 nascitur,
646 2167 942 2235 iniquitatis
982 2175 1032 2218 et
1069 2165 1267 2233 peccati
1303 2163 1452 2218 sorde
1477 2162 1787 2230 .polluitur;
1835 2171 1887 2214 et

342 2257 570 2318 inferius
596 2278 609 2312 :
637 2255 695 2310 Si
725 2255 856 2309 nihil
896 2263 1025 2308 esset
1049 2256 1100 2307 in
1140 2254 1368 2322 parvulis
1389 2293 1402 2317 ,
1435 2252 1570 2321 quod
1601 2251 1670 2304 ad
1704 2253 1886 2305 remis-

338 2352 534 2404 sionem
565 2348 769 2402 deberet
805 2358 852 2400 et
885 2347 1258 2414 indulgentiam
1285 2346 1558 2411 pertinere,
1593 2346 1767 2414 gratia
1795 2344 1888 2396 ba-

337 2441 515 2508 ptismi
562 2439 828 2507 superﬂua
878 2436 1152 2489 videretur.
1211 2432 1317 2488 Nec
1349 2430 1884 2502 prmlermitlendum,

337 2533 451 2586 haec
483 2527 874 2586 Commentario
917 2527 971 2578 in
1003 2523 1287 2578 Leviticum
1332 2538 1430 2592 pro
1463 2523 1660 2592 spuriis
1685 2522 1886 2592 passim

339 2622 543 2678 haberi.
612 2620 848 2689 ldipsum
902 2624 1082 2669 tamen
1131 2616 1257 2668 alibi
1306 2616 1462 2670 docet
1526 2614 1786 2684 Origenes
1833 2616 1887 2668 in

346 2712 481 2775 suis,
530 2725 649 2779 quae
695 2707 962 2775 hodieque
1018 2713 1347 2774 supersunt,
1415 2705 1715 2775 operibus:
1750 2704 1892 2758 unde

340 2797 601 2853 inferatur
637 2811 732 2850 eos
765 2794 858 2863 qui
908 2793 1189 2862 Urigenem
1243 2794 1346 2846 hac
1393 2794 1448 2847 in
1487 2802 1638 2861 parte
1680 2793 1890 2846 violatae

341 2888 463 2944 ﬁdei
489 2893 798 2947 accusant,
833 2901 897 2940 ex
930 2886 1156 2954 objectis
1201 2885 1499 2954 priscorum
1544 2883 1662 2952 ejus
1697 2882 1888 2937 adver-

342 2979 630 3042 sariorum,
672 2992 784 3030 non
813 2991 880 3031 ex
916 2977 1034 3045 ejus
1063 2976 1338 3030 hodiernis
1375 2974 1649 3043 Operibus,
1689 2975 1741 3028 id
1774 2975 1887 3044 upi-

341 3068 520 3124 nionis
547 3076 818 3121 mutuatos
867 3080 1007 3121 esse.
1042 3064 1108 3118 Et
1129 3081 1259 3120 sane
1303 3067 1358 3119 in
1388 3065 1595 3136 synodo
1618 3081 1671 3130 v,
1702 3062 1890 3136 Orige-

342 3176 439 3216 nes
468 3160 587 3215 ideo
617 3159 901 3213 damnatus
945 3166 998 3212 et
1029 3156 1363 3226 proscriptus
1406 3165 1489 3212 est
1518 3177 1530 3212 :
1565 3158 1707 3212 unde
1753 3157 1890 3212 forte

1993 718 2106 754 nem
2139 703 2449 773 reliquorum
2486 704 2716 772 fratrum
2745 706 2856 771 ejus
2882 714 3098 756 matrem
3122 705 3310 758 dicere.
3350 703 3537 758 Verum

1989 791 2217 847 Jacobus
2236 834 2249 858 ,
2279 796 2367 864 qui
2397 796 2590 848 dicitur
2623 797 2790 865 frater
2811 795 3040 856 Domini,
3084 811 3185 848 non
3218 794 3418 848 videtur
3447 810 3538 864 pe-

1989 886 2226 954 regrinus
2259 887 2356 954 ipsi
2384 887 2579 954 fuisse,
2630 905 2720 942 nec
2750 888 2874 956 ﬁdei
2925 888 2979 940 in
3012 888 3182 955 ipsum
3219 895 3534 952 extraneus;

1990 981 2092 1032 ima
2136 994 2252 1032 vero
2285 995 2417 1031 unus
2468 989 2584 1032 erat
2626 994 2689 1033 ea:
2734 980 2800 1032 iis
2816 983 2838 1046 ',
2894 979 2984 1048 qui
3027 994 3144 1031 cum
3183 978 3366 1046 primis
3401 980 3537 1033 inter

1988 1087 2258 1140 germanos
2287 1070 2397 1139 ejus
2427 1069 2708 1133 discipulos
2739 1069 3206 1138 comparabantur;
3235 1071 3312 1123 ita
3343 1078 3399 1123 ut
3429 1071 3537 1138 ipse

1987 1161 2186 1228 primus
2207 1159 2662 1228 J'erosolymitanw
2691 1158 2940 1214 Ecclesia
2987 1158 3230 1213 thronum
3260 1149 3532 1229 acciperet.

1990 1248 2190 1319 Reliqui
2219 1250 2339 1304 item
2369 1249 2480 1318 ejus
2511 1248 2722 1318 fratres,
2753 1251 2850 1303 etsi
2879 1267 2910 1302 a
2939 1251 3195 1318 principio
3225 1267 3327 1304 non
3356 1250 3533 1305 crede-

1988 1348 2102 1393 rent
2139 1341 2192 1393 in
2227 1343 2432 1408 ipsum;
2463 1350 2517 1394 at
2549 1351 2745 1395 certum
2777 1333 2865 1395 est
2891 1357 2976 1395 eos
3015 1350 3192 1409 postea
3232 1342 3531 1396 credidisse.

1991 1429 2194 1484 Narrat
2223 1433 2360 1485 enim
2387 1430 2726 1503 Evangelium
2746 1432 2954 1504 (Matth.
2991 1446 3090 1494 xu,
3121 1431 3211 1488 471
3240 1442 3459 1487 matrem
3485 1443 3536 1487 et

1987 1522 2178 1590 fratres
2213 1523 2324 1591 ejus
2354 1523 2500 1592 foras
2543 1525 2767 1587 stetisse,
2807 1533 3095 1593 quwrentes
3141 1540 3259 1577 eum
3313 1525 3530 1595 alloqui.

1989 1613 2055 1666 Et
2084 1616 2136 1668 in
2159 1615 2375 1669 Actibus
2401 1615 2758 1682 apostolorum
2796 1615 2994 1668 dicitur
3016 1655 3031 1679 ,
3066 1615 3229 1683 fuisse
3272 1617 3532 1685 apostolos

1988 1721 2094 1758 una
2119 1716 2498 1774 perseverantes
2531 1707 2584 1759 in
2613 1706 2847 1760 oratione
2878 1723 2993 1759 cum
3018 1705 3194 1760 Maria
3223 1717 3390 1761 matre
3421 1709 3533 1778 ejus

1986 1806 2034 1848 et
2080 1797 2336 1868 fratribus
2381 1798 2494 1866 ejus
2530 1796 2670 1868 (Act.
2707 1812 2747 1861 ι,
2776 1796 2882 1867 id).
2918 1796 3020 1863 Qui
3053 1814 3173 1868 ergo
3206 1800 3536 1854 emistimetur

1987 1888 2052 1940 iis
2083 1889 2381 1959 peregrinus
2409 1891 2556 1944 esse?
2592 1887 2786 1944 Nullus
2818 1891 2990 1961 itaque
3023 1890 3166 1944 locus
3201 1900 3450 1958 superest,
3475 1901 3536 1943 ut

1986 1975 2048 2029 de
2093 1977 2157 2029 iis
2203 1977 2412 2030 dicatur
2452 1993 2470 2031 :
2516 1997 2534 2029 ι
2566 1977 2863 2032 Extraneus
2908 1979 3080 2048 factus
3123 1996 3239 2033 sum
3277 1979 3531 2048 fratribus

1986 2069 2135 2132 meis,
2157 2077 2206 2120 et
2227 2070 2535 2138 peregrinus
2553 2069 2679 2138 filiis
2719 2072 2903 2125 matris
2929 2087 3075 2127 mere.
3110 2090 3128 2123 ι
3165 2070 3289 2125 Νοη
3308 2073 3443 2126 enim
3467 2073 3532 2126 iis

1985 2163 2315 2230 peregrinus,
2346 2161 2435 2214 sed
2469 2160 2691 2214 multum
2720 2163 2978 2230 pretiosus
3013 2172 3154 2227 erat;
3203 2164 3279 2216 ita
3315 2173 3372 2216 ut
3408 2163 3531 2216 nul-

1989 2254 2191 2308 latenus
2227 2251 2431 2306 credere
2467 2253 2619 2306 liceat
2657 2265 3162 2322 supra'memoratos
3199 2255 3388 2325 fratres
3420 2257 3532 2325 ejus

1988 2347 2128 2414 ﬁlios
2149 2346 2339 2401 Maria:
2363 2346 2544 2415 fuisse.
2593 2346 2703 2398 Alii
2733 2363 2858 2416 sane
2897 2348 3089 2416 fuerint
3122 2349 3211 2417 qui
3249 2350 3303 2402 in
3330 2347 3531 2418 psalmo

1987 2439 2089 2507 ﬁlii
2121 2441 2306 2493 matris
2331 2440 2442 2507 ejus
2467 2439 2727 2502 dicuntur,
2751 2438 3032 2508 quibusque
3060 2447 3338 2493 exlraneus
3360 2439 3531 2507 factus

1987 2539 2083 2586 est.
2132 2530 2409 2600 Intelligos
2453 2548 2608 2600 porro
2643 2540 2862 2585 matrem
2895 2530 3098 2601 quidem
3125 2530 3236 2600 ejus
3283 2514 3392 2585 esse
3430 2529 3532 2583 Ju-

1987 2623 2222 2677 dworum
2267 2622 2616 2693 Synagogam,
2652 2633 2756 2678 etc.
2814 2623 2998 2678 Greca
3042 2623 3326 2680 brevitatis
3367 2638 3533 2678 causa

1988 2713 2308 2776 omittimus,
2340 2714 2466 2782 quia
2490 2715 2638 2766 nulla
2665 2714 2732 2768 de
2761 2714 2828 2769 iis
2857 2721 3037 2784 potest
3065 2714 3199 2768 oriri
3229 2722 3534 2769 controver—
3586 2744 3591 2749 -

1989 2803 2089 2857 sia.
2118 2801 2216 2857 Hic
2246 2809 2445 2865 autem,
2484 2810 2542 2857 ut
2580 2799 2761 2857 videre
2787 2811 2892 2866 est,
2927 2819 3040 2858 rem
3080 2803 3532 2875 προδληματικῶς

1987 2902 2198 2948 tantum
2233 2896 2515 2964 pr0ponit,
2557 2909 2657 2948 nec
2686 2908 2804 2948 eam
2845 2895 2992 2948 velut
3021 2911 3172 2949 suam
3203 2895 3532 2950 sententiam

1989 2985 2161 3040 atfert.
2205 2983 2337 3040 Nam
2379 2987 2452 3039 ita
2492 2985 2666 3055 arguit
2716 2985 2806 3039 ille
2845 3001 2859 3038 :
2907 2983 2963 3038 Si
2995 2985 3134 3040 ﬁlios
3184 2985 3375 3040 matris
3410 2986 3532 3057 ejus

1989 3077 2078 3131 hic
2107 3077 2173 3131 ad
2201 3077 2437 3133 litteram
2472 3078 2823 3147 accipiamus,
2865 3076 2990 3130 hinc
3021 3076 3373 3146 consequitur
3405 3090 3531 3131 san-

1990 3175 2133 3220 ctam
2164 3165 2440 3236 Virginem
2471 3155 3066 3235 reliquorum’fratrum
3099 3165 3217 3235 ejus
3261 3180 3381 3221 esse
3417 3181 3530 3220 ma-

343 3252 554 3307 dicatur
584 3266 706 3322 qua:
741 3253 794 3304 in
829 3249 1100 3304 hodiernis
1148 3249 1265 3318 ejus
1294 3250 1510 3319 scriptis
1545 3263 1641 3320 pro
1668 3257 1896 3319 peccato
1914 3287 1960 3347 ο
1992 3263 2158 3319 trem;
2193 3269 2316 3308 cum
2356 3260 2533 3306 autem
2576 3254 2714 3305 nolit
2743 3253 2830 3306 hic
2861 3267 3147 3322 germanos
3189 3252 3384 3309 fratres
3411 3255 3531 3320 ejus

341 3343 591 3414 originali
635 3351 966 3410 comparent,
1013 3341 1187 3395 aliena
1246 3357 1406 3394 manu
1455 3342 1663 3395 invecta
1699 3341 1885 3396 fuisse.

344 3430 478 3485 Nam
511 3447 673 3500 opera
698 3429 948 3500 Origenis
984 3429 1036 3482 in
1067 3428 1400 3498 Scriptorum
1421 3469 1436 3493 ,
1469 3431 1637 3484 variis
1672 3430 1726 3482 in
1755 3431 1888 3485 locis

345 3524 688 3593 interpolata,
719 3531 812 3577 aut
852 3523 1037 3576 vitiata
1067 3519 1150 3574 vel
1194 3529 1446 3573 truncata
1478 3521 1625 3576 fuere
1662 3538 1673 3572 :
1715 3537 1889 3590 neque

343 3615 398 3669 in
419 3623 667 3684 promptu
699 3623 782 3669 est
807 3615 985 3668 dicere
1009 3627 1254 3683 quaenam
1291 3611 1344 3663 in
1376 3611 1592 3680 scriptis
1621 3612 1738 3680 ejus
1767 3628 1888 3666 cor-

345 3713 520 3776 rupta,
560 3720 804 3774 quamam
853 3719 1137 3774 germana,
1180 3712 1233 3758 et
1257 3701 1618 3756 Graculorum
1663 3704 1888 3758 ausibus

347 3799 550 3852 intacta
590 3805 736 3853 sunt.
775 3796 956 3850 Ruﬁni
989 3811 1203 3866 quoque
1229 3796 1404 3850 versio
1431 3794 1591 3864 vulgo
1638 3803 1888 3863 suspecta

345 3890 596 3944 habetur.
646 3880 802 3956 Quod
830 3887 1121 3943 Eusebium
1167 3903 1298 3942 vero
1343 3892 1571 3958 spectat,
1611 3884 1718 3939 duo
1753 3885 1889 3940 forte

342 3984 548 4050 possint
575 3980 640 4035 ad
666 3979 1038 4050 purgationem
1069 3980 1188 4048 ejus
1215 3978 1470 4049 proferri;
1503 3978 1674 4048 primo
1708 3978 1887 4030 locum

343 4064 594 4133 superius
642 4066 890 4130 allatum,
948 4082 1056 4120 non
1107 4067 1412 4135 integrum,
1450 4069 1542 4121 sed
1578 4074 1886 4120 truncatum

344 4156 513 4211 fuisse
546 4171 558 4205 :
593 4164 652 4208 ut
689 4157 814 4210 hinc
854 4158 1140 4211 manifeste
1183 4161 1449 4228 arguitur,
1497 4160 1642 4228 quod
1688 4159 1802 4226 ipse
1830 4173 1889 4212 se

343 4247 593 4318 superius
640 4247 911 4302 indicasse
947 4247 1287 4311 testificetur,
1328 4248 1638 4302 calcaneum
1687 4249 1888 4319 iniqui-

343 4342 468 4394 tatis
515 4353 636 4393 esse
675 4337 1390 4406 Adamiinohsequentiam,
1426 4341 1568 4408 quod
1620 4355 1886 4409 nusquam

345 4433 478 4486 alias
512 4430 567 4484 in
598 4429 684 4484 his
714 4429 1116 4484 commentariis
1151 4431 1413 4496 habetur;
1464 4431 1702 4485 secundo
1742 4432 1886 4500 quod

344 4525 470 4579 alibi
517 4525 573 4578 in
613 4523 696 4578 his
727 4522 1128 4579 commentariis
1176 4531 1455 4591 peccatum
1495 4522 1758 4592 originale
1785 4525 1884 4578 ad-

1990 3343 2318 3414 signiﬁcari,
2366 3355 2541 3410 neque
2589 3341 2861 3409 sequelam
2892 3341 3036 3396 haud
3073 3343 3235 3398 dubie
3280 3343 3529 3398 admittit.

1985 3433 2052 3486 Et
2077 3446 2206 3487 sane
2234 3446 2340 3484 non
2371 3431 2642 3486 nesciebat
2669 3431 2756 3484 ille
2775 3439 3012 3485 veterum
3039 3430 3293 3488 Ecclesia:
3314 3432 3530 3487 Patrum

1985 3538 2102 3580 eam
2151 3523 2473 3578 sententiam
2507 3520 2694 3586 fuisse,
2720 3520 2944 3575 Mariam
2985 3524 3144 3578 unius
3169 3523 3373 3580 Christi
3411 3541 3533 3580 esse

1985 3621 2244 3678 matrem,
2277 3612 2625 3677 Tertulliani,
2665 3612 2955 3669 Clementis
2990 3614 3370 3680 Alexandrini,
3406 3615 3531 3670 Ori-

1985 3707 2136 3777 genis
2161 3723 2173 3760 :
2199 3708 2290 3777 qui
2320 3715 2498 3762 tamen
2529 3715 2832 3776 postremus
2859 3708 3036 3761 innuit
3068 3709 3358 3766 nonnullos
3377 3726 3531 3765 secus

1986 3799 2276 3863 aestimare,
2331 3807 2384 3853 et
2414 3797 2647 3853 Eusebio
2694 3813 2894 3868 suppar
2933 3799 3162 3855 Basilius
3209 3815 3322 3855 rem
3375 3801 3531 3870 quasi

1985 3888 2226 3944 nondum
2265 3889 2539 3943 deﬁnitam
2578 3891 2848 3958 proponit.
2885 3888 3082 3943 Verum
3106 3889 3348 3946 Ecclesia
3378 3891 3528 3945 dein—
3576 3945 3581 3950 .

1987 3995 2111 4048 ceps
2164 3978 2217 4031 in
2246 3977 2562 4031 Helvidium
2605 3978 2924 4045 sententiam
2972 3978 3209 4043 ferente,
3270 3990 3532 4050 quotquot

1986 4069 2044 4123 B.
2076 4069 2346 4138 Virginem
2380 4068 2515 4122 alios
2548 4077 2737 4137 praeter
2759 4067 3032 4123 Christum
3061 4070 3199 4127 [Ilios
3227 4073 3532 4143 suscepisse

1987 4163 2257 4222 dixerunt,
2291 4173 2396 4233 pro
2421 4159 2768 4215 heterodosis
2788 4161 2960 4217 habiti
2990 4170 3138 4217 sunt.

2225 4295 2280 4344 V.
2306 4295 2414 4345 Non
2432 4295 2608 4346 statuit
2623 4298 2743 4346 duas
2759 4299 2810 4345 in
2833 4297 3023 4347 Christo
3046 4310 3292 4359 personas.

2054 4422 2264 4477 Passim
2293 4422 2562 4480 Eusebius
2595 4424 2650 4478 in
2679 4424 2764 4478 his
2805 4421 3206 4477 commentariis
3232 4421 3299 4475 de
3337 4420 3532 4475 huma-

1988 4513 2156 4568 nitate
2177 4513 2413 4580 Christi,
2448 4516 2607 4585 quasi
2644 4514 2712 4570 de
2747 4525 2979 4582 persona
3026 4512 3258 4583 quadam
3295 4514 3530 4583 propria,

345 4619 558 4669 mittere
595 4604 878 4668 videatur:
917 4610 996 4666 sic
1028 4611 1084 4664 in
1114 4611 1227 4667 haec
1251 4614 1414 4668 verba
1443 4612 1643 4682 psalmi
1665 4627 1717 4677 ι,
1752 4613 1884 4668 Ecce
1914 4611 1959 4667 ι)
1987 4602 2150 4657 verba
2190 4603 2367 4658 facere
2410 4605 2643 4668 videtur.
2697 4601 2824 4656 dum
2870 4604 3173 4659 sexcenties
3219 4603 3532 4668 humanam.

344 4707 478 4760 enim
507 4707 560 4758 in
589 4705 951 4773 iniquitatibus
973 4713 1242 4772 conceptus
1259 4721 1393 4767 sum,
1423 4707 1496 4760 ait
1522 4703 1753 4760 infantes
1778 4719 1885 4759 non

345 4800 400 4854 in
425 4800 614 4855 matris
639 4799 1037 4870 iniquitatibus,
1067 4796 1161 4851 sed
1194 4796 1246 4848 in
1275 4799 1413 4860 suis,
1434 4797 1606 4851 nasci.

346 4931 427 4980 Ill.
454 4933 528 4982 An
550 4913 695 4993 putet
736 4932 813 4994 BL
835 4931 1086 4994 Virginem
1126 4927 1246 4994 alios
1267 4936 1447 4990 praeter
1482 4928 1739 4994 Christum
1763 4930 1889 4980 filios

399 4991 644 5057 habuisse.
672 4992 844 5057 —1V._
878 4991 944 5040 Id
959 5005 1056 5041 non
1079 4992 1215 5052 quasi
1233 5003 1384 5049 suam,
1410 4993 1496 5039 sed
1523 4993 1658 5053 quasi
1679 4992 1887 5041 alienam

403 5055 692 5104 sententiam
709 5055 888 5103 attulit.

414 5157 509 5212 Est
539 5159 675 5212 alius
704 5145 922 5212 Eusebii
954 5156 1128 5219 locus,
1163 5154 1218 5207 in
1246 5168 1356 5223 quo
1391 5154 1564 5222 prima
1604 5155 1781 5209 fronte
1806 5155 1886 5208 vi-

345 5248 536 5304 deatur
563 5248 804 5313 credere,
836 5256 927 5300 aut
953 5245 1229 5316 probabile
1259 5244 1569 5300 existimare
1596 5245 1654 5298 B.
1689 5243 1749 5297 V.
1771 5244 1885 5297 Ma-

346 5342 480 5395 riam
520 5340 655 5393 alios
689 5348 880 5409 prater
905 5339 1180 5394 Christum
1224 5336 1362 5390 ﬁlios
1404 5336 1752 5404 suscepisse;
1799 5350 1887 5388 ve-

347 5445 468 5484 rum
512 5428 820 5482 accuratius
861 5428 1140 5496 explorata
1183 5423 1473 5478 verborum
1515 5422 1655 5476 serie
1695 5422 1887 5488 depre—

349 5523 605 5576 henditur
629 5519 776 5574 illum
803 5519 942 5584 hanc
971 5515 1290 5571 sententiam
1311 5511 1466 5583 quasi
1494 5512 1746 5575 alienam,
1778 5527 1885 5564 non

348 5625 474 5666 vero
511 5626 695 5674 suam,
738 5621 1056 5680 proponere.
1102 5605 1278 5660 Locus
1319 5607 1397 5660 sic
1428 5604 1586 5657 habet
1629 5603 1888 5656 adhunc

347 5703 482 5771 psal.
537 5717 705 5762 uvm
742 5715 958 5755 versum
993 5717 1004 5750 :
1043 5716 1060 5747 ε
1087 5695 1381 5749 Extraneus
1421 5694 1592 5763 factus
1629 5711 1744 5748 sum
1774 5696 1887 5763 fra-

348 5784 514 5847 tribus
552 5797 712 5860 meis,
755 5802 804 5848 et
833 5790 1127 5861 peregrinus
1173 5787 1304 5856 ﬁliis
1352 5787 1535 5838 matris
1583 5803 1726 5840 mea.
1761 5807 1798 5838 »-
1829 5787 1889 5842 Si

347 5888 506 5959 igitur
536 5887 673 5956 ﬁlios
714 5886 895 5939 matris
941 5883 1052 5953 ejus
1093 5881 1144 5933 in
1182 5879 1274 5933 hoc
1311 5879 1513 5948 psalmo
1555 5880 1628 5933 sic
1660 5890 1883 5948 vocatos,

1989 4707 2150 4762 quam
2181 4693 2430 4750 Christus
2471 4693 2764 4762 assumpsit
2807 4701 3088 4759 naturam,
3131 4694 3388 4749 hominem
3411 4693 3534 4749 Ser-

1989 4785 2214 4850 vatoris,
2257 4791 2310 4838 et
2349 4783 2617 4850 hominem-
2646 4783 2844 4840 Christi
2896 4795 3208 4853 nuncupat,
3263 4795 3320 4840 et
3369 4785 3534 4838 alium

1991 4887 2022 4926 a
2049 4871 2228 4928 Verbo
2255 4871 2459 4926 Christi
2502 4872 2774 4928 hominem
2822 4873 3060 4928 indicare
3091 4873 3304 4928 videtur
3339 4891 3352 4927 :
3388 4873 3533 4942 quod

1991 4964 2245 5035 loquendi
2290 4977 2461 5032 genus
2489 4963 2789 5018 secundum
2826 4963 2940 5017 haec
2979 4964 3163 5019 multis
3225 4963 3534 5019 nominibus

1992 5065 2299 5125 suspectum
2321 5069 2442 5110 esse
2481 5056 2665 5124 coepit,
2703 5070 2825 5109 cum
2856 5055 3095 5110 haeretici
3124 5056 3365 5126 quidam,
3399 5054 3535 5112 Ver-

1929 5160 1931 5162 '
1991 5148 2119 5203 bum
2169 5145 2260 5201 Dei
2301 5145 2358 5199 in
2403 5146 2674 5221 hominem
2710 5161 2773 5199 es
2815 5143 2983 5198 Maria
3036 5145 3222 5200 nattim
3249 5187 3265 5210 ,
3317 5146 3536 5214 perinde

1992 5249 2152 5308 atque
2199 5236 2326 5291 olim
2380 5238 2436 5291 in
2479 5239 2803 5308 prophetas,
2860 5237 3145 5294 advenisse
3189 5249 3531 5309 pugnarent:

1991 5330 2222 5385 maxime
2248 5343 2373 5385 vero
2399 5339 2604 5398 postea,
2633 5343 2756 5381 cum
2791 5328 2982 5383 horum
3006 5330 3246 5399 vestigiis
3278 5328 3536 5384 insistens

1991 5419 2305 5482 Nestorius,
2347 5419 2483 5474 duas
2519 5419 2574 5473 in
2596 5417 2815 5473 Christo
2843 5435 3106 5490 personas
3147 5434 3266 5474 esse
3309 5419 3540 5474 aliirma-

1992 5520 2092 5568 ret.
2118 5509 2316 5564 Verum
2347 5519 2634 5579 anteanam
2665 5510 2768 5566 hac
2809 5511 2862 5564 in
2898 5527 2956 5566 re
2987 5520 3245 5565 novarent
3269 5509 3531 5571 haretici,

1994 5601 2090 5657 SS.
2119 5600 2308 5656 Patres
2339 5603 2406 5656 ab
2430 5603 2512 5657 his
2540 5601 2788 5670 loquendi
2826 5601 3114 5672 generibus
3139 5617 3250 5655 non
3275 5603 3536 5656 abhorren

1994 5695 2141 5750 bant.
2181 5693 2314 5770 Plana
2343 5695 2672 5748 Athanasius
2700 5695 2876 5748 virum
2911 5708 2976 5747 ex
2998 5690 3166 5747 Maria
3205 5700 3411 5754 natum,
3446 5691 3538 5744 lto-

1993 5785 2184 5843 minem
2209 5787 2571 5851 Dominicum,
2609 5800 2716 5839 non
2758 5783 2922 5839 semel
2959 5783 3266 5852 appellavit.
3307 5783 3538 5852 Epipha-

1994 5881 2118 5934 nius
2151 5878 2399 5934 similiter
2432 5878 2532 5932 hac
2559 5875 2810 5947 loquendi
2839 5875 3069 5930 formula
3095 5885 3179 5930 est
3204 5890 3354 5929 usus.
3398 5873 3534 5939 Quia
