4262 6388
742 495 806 549 51
1410 492 1677 550 EUSEBH
1713 486 2183 550 CESARIENSIS
2216 489 2365 549 OPP.
2402 489 2583 545 PARS
2614 487 2699 543 111.
2738 516 2809 525 -
2846 481 3251 539 EXEGETICA.
3864 470 3957 528 ‘52

745 625 879 670 tunc
912 612 1170 683 temporis
1208 626 1331 667 cum
1362 610 1497 665 nihil
1521 626 1584 667 ea
1622 590 1678 665 in
1722 626 1780 667 re
1811 609 1959 665 dubii
1987 610 2071 665 vel
2096 609 2300 665 erroris
2330 615 2375 671 Α

2420 609 2512 663 δια
2589 604 2793 661 ἑαυτῶν
2847 604 3077 665 ἕκαστος
3126 599 3196 653 τὰ
3257 599 3474 670 ῥήματα
3524 596 3621 665 τῆς
3675 590 3959 664 μετανοίας

747 713 895 764 esset
929 704 1202 769 obortum,
1245 703 1359 758 haec
1397 702 1521 758 ﬁdei
1570 704 1748 774 capita
1791 717 1899 757 non
1937 709 2095 757 erant
2140 700 2303 755 certis
2404 700 2755 771 ποιούμενοι,
2790 697 2895 752 hoc
2928 703 3023 769 est
3058 692 3196 749 :Die
3233 691 3361 760 .jam
3413 688 3736 742 illucescente
3781 699 3960 737 omnes

745 794 1034 855 verborum
1074 795 1342 874 limitibus
1382 795 1820 865 circumscripta.
1868 791 2048 860 Quare
2089 807 2198 847 non
2224 792 2306 845 vi-
2405 792 2595 857 simul,
2648 791 2801 862 quasi
2854 804 2956 842 uno
3002 803 3089 841 ore
3134 794 3183 840 et
3228 800 3332 837 uno
3377 780 3563 845 corde,
3610 768 3959 848 confessionis

745 892 905 951 detur
934 888 1206 945 Eusebius
1225 902 1289 942 ea
1322 884 1592 942 decausa
1621 887 1676 940 in
1707 891 1925 955 novata:
1957 882 2083 939 fidei
2114 875 2299 954 suspi-

2406 886 2671 957 psalmum
2700 882 2924 939 Domino
2954 879 3205 949 referunt,
3235 875 3428 947 singuli
3463 873 3775 944 pmnitentice
3804 868 3964 924 verba

746 983 957 1038 ciouem
986 980 1169 1038 vocari
1196 994 1374 1049 posse.
1403 978 1573 1033 Secus
1596 984 1782 1032 tamen
1811 978 1947 1032 bene
1975 976 2127 1031 multi
2157 975 2307 1030 aesti-
2409 979 2563 1050 quasi
2612 994 2709 1031 sua
2753 968 3093 1044 proferentes.
3134 970 3273 1026 Haec
3300 984 3408 1023 una
3441 965 3716 1022 confessio
3749 970 3854 1027 est,
3893 960 3965 1016 de

747 1081 931 1142 mant,
965 1087 1030 1127 ac
1054 1070 1348 1127 Eusebium
1380 1071 1517 1125 duas
1557 1073 1613 1125 in
1644 1068 1867 1125 Christo
1894 1082 2159 1139 personas
2196 1075 2311 1122 sta-
2338 1090 2350 1103 ε
2410 1085 2519 1142 qua
2551 1069 2638 1123 hic
2665 1067 2931 1123 Eusebius
2971 1064 3099 1134 agit.
3143 1060 3279 1116 Nam
3316 1058 3717 1115 confessionem
3767 1053 3965 1111 saltem

747 1164 922 1220 tuisse
972 1176 1291 1235 persuasum
1340 1160 1562 1215 habent.
1607 1157 1816 1216 Verum
1866 1173 1999 1212 cum
2045 1173 2110 1213 ea
2140 1157 2209 1213 de
2253 1171 2313 1210 re
2413 1160 2681 1233 publicam
2715 1157 2922 1213 homini
2951 1153 3251 1211 faciendam
3289 1167 3357 1206 ne
3387 1148 3698 1206 heterodoxi
3743 1144 3965 1217 quidem

747 1253 969 1311 Eusebii
1014 1247 1257 1323 tempore
1300 1251 1569 1322 nihildum
1603 1260 2013 1306 controversum
2042 1258 2136 1303 aut
2166 1262 2313 1317 quae-

750 1346 916 1400 situm
947 1344 1160 1409 fuisset,
1191 1358 1302 1398 non
1332 1344 1388 1399 in
1412 1350 1662 1413 promptu
1688 1348 1773 1397 est
1798 1340 1977 1396 dicere
2010 1338 2317 1412 novandine

751 1435 935 1491 studio
973 1424 1039 1491 ac
1069 1435 1137 1491 de
1170 1434 1478 1512 industria,
1520 1447 1590 1487 an
1637 1430 2005 1503 perfunctorie
2040 1440 2095 1486 et
2129 1429 2306 1486 obiter

751 1515 969 1585 locutus
1002 1527 1093 1583 sit.
1127 1524 1229 1581 Cui
1260 1525 1549 1597 posteriori
1583 1524 1866 1580 sententiae
1896 1523 2155 1579 libentius
2184 1522 2316 1577 asti-

754 1615 994 1687 pularer,
1040 1612 1168 1685 quia
1210 1627 1329 1669 non
1384 1614 1549 1669 semel
1604 1612 1694 1666 ille
1739 1611 1801 1667 Β.
1826 1610 2104 1683 Virginem
2152 1620 2320 1665 vocat

755 1702 1016 1758 Θεοτόκον
1057 1718 1071 1754 :
1118 1718 1279 1772 quam
1326 1716 1506 1756 vocem
1552 1700 1913 1772 respuebant,
1963 1701 2055 1770 qui
2093 1699 2231 1756 duas
2264 1700 2321 1755 in

757 1796 978 1853 Christo
1020 1810 1282 1867 personas
1328 1809 1449 1851 esse
1493 1793 1924 1849 arbitrabantur.
1973 1791 2091 1848 Vox
2140 1797 2321 1846 autem

759 1890 849 1944 illa
897 1888 1114 1944 Eusebii
1177 1880 1422 1959 tempore
1473 1899 1506 1937 a
1544 1882 1803 1939 Patribus
1853 1882 2320 1953 frequentabatur.

764 1979 1014 2038 Occurrit
1038 1978 1181 2034 enim
1213 1952 1529 2065 iul—epistola
1556 1965 1849 2031 Alexandri
1872 1952 2221 2045 Alexandrini
2255 1972 2323 2028 ad
2354 1952 2397 2007 Β

763 2072 1133 2145 Alexandrum
1157 2068 1532 2141 Byzantinum,
1563 2076 1617 2123 et
1654 2068 1797 2139 apud
1817 2067 2173 2123 Athanasium
2214 2064 2321 2122 fre-
2367 2082 2375 2087 ’

759 2160 1139 2236 quentissime.

912 2276 999 2329 VI.
1024 2276 1154 2338 Quid
1170 2275 1235 2325 de
1268 2274 1577 2325 confessione
1603 2276 1915 2335 peccatorum
1935 2272 2167 2321 senserit.

833 2381 1019 2454 Neque
1044 2388 1175 2453 puto
1198 2379 1325 2435 item
1364 2380 1419 2434 in
1438 2378 1531 2449 jus
1556 2376 1862 2433 vocandum
1890 2373 2182 2431 Eusebium
2204 2387 2328 2429 esse

763 2475 912 2545 quod
938 2474 1008 2529 ad
1040 2472 1306 2543 psalmum
1335 2485 1445 2534 xei,
1475 2470 1682 2525 Bonum
1709 2478 1786 2524 est
1819 2467 2057 2538 conﬁteri
2077 2464 2324 2527 Domino,

762 2565 957 2621 dixerit
980 2564 1125 2620 :Kul.
1153 2562 1261 2634 γὰρ
1286 2563 1549 2633 προσήκει
1582 2562 1656 2632 μὴ
1689 2559 1997 2631 ἀνθρώποις
2026 2556 2329 2611 ἐπιδεικνυν

764 2658 890 2713 σθαι
932 2648 1479 2729 τὴνὲξομολόγησιν,
1516 2653 1571 2707 id
1598 2659 1682 2707 est
1712 2668 1724 2703 :
1758 2650 1866 2703 Par
1897 2650 2081 2720 quippe
2125 2656 2203 2701 est
2224 2661 2329 2700 non

754 2747 1069 2807 hominibus
1095 2744 1494 2814 canfessionem,
1521 2750 1866 2814 peccatorum
1884 2740 2127 2804 scilicet,
2156 2737 2327 2792 edere.

768 2840 870 2897 llic
920 2840 1063 2894 enim
1090 2838 1200 2907 agit
1232 2838 1298 2893 de
1331 2838 1523 2907 priscae
1568 2837 1715 2892 illius
1757 2834 2015 2890 Ecclesiae
2053 2834 2184 2899 ritu,
2222 2845 2331 2900 quo

765 2928 1065 2991 Dominica
1108 2928 1195 2983 die
1229 2927 1404 2998 primo
1458 2925 1703 2979 diluculo
1758 2926 1811 2979 in
1866 2922 2098 2979 ecclesia
2156 2921 2329 2977 coacti

762 3020 1063 3078 Christiani
1088 3018 1293 3089 populi,
1324 3016 1431 3073 Deo
1462 3016 1887 3080 confitebantur,
1919 3030 2042 3068 cum
2080 3020 2333 3084 peccato-

763 3129 889 3170 ntm
933 3111 1123 3170 sordes
1150 3126 1246 3182 per.
1280 3110 1545 3164 sinceram
1585 3106 1651 3162 ad
1682 3106 1850 3179 Deum
1897 3107 2155 3161 emissam
2193 3119 2330 3159 con-

767 3204 1066 3261 feuionetn
1114 3202 1481 3273 deplorantes,
1516 3207 1630 3253 tum
1662 3212 1763 3270 pro
1792 3196 2004 3251 collatis
2038 3194 2332 3250 beneficiis

2416 1251 2665 1309 hodierni
2698 1259 2827 1304 tunc
2869 1250 2924 1303 in
2962 1262 3112 1303 more
3159 1244 3326 1299 fuisse
3373 1247 3588 1312 negant.
3627 1238 3807 1305 Quare
3838 1250 3966 1291 cum

2417 1346 2507 1399 hic
2564 1342 2786 1397 Eusebii
2836 1341 2989 1395 locus
3033 1352 3141 1393 non
3195 1336 3365 1404 magis
3425 1339 3613 1387 contra
3661 1329 3967 1401 privatam,

2418 1450 2579 1507 quam
2616 1440 2809 1489 contra
2836 1430 3105 1500 publicam
3130 1427 3525 1484 confessionem
3558 1422 3739 1478 afferri
3768 1422 3969 1485 valeat,

2419 1540 2665 1586 neutram
2705 1541 2831 1582 vere
2871 1525 3100 1595 impetit.
3137 1522 3297 1578 Certe
3340 1521 3395 1574 in
3436 1516 3676 1571 Historia
3718 1513 3971 1571 ecclesia-
4046 1514 4053 1523 '

2423 1623 2558 1677 sticc
2586 1619 2762 1689 legem
2794 1613 3083 1670 confitendi
3114 1620 3334 1683 peccata
3366 1612 3454 1673 iis,
3483 1608 3679 1678 quibus
3724 1602 3972 1660 solvendi

2423 1714 2654 1769 facultas
2706 1707 3069 1771 conceditur,
3123 1713 3311 1773 aperte
3358 1700 3620 1759 memorat
3672 1696 3968 1753 Eusebius:

2424 1820 2549 1861 nam
2580 1804 2678 1859 .de
2721 1802 2969 1870 Philippo
3031 1798 3356 1867 imperatore
3404 1809 3569 1864 agens
3624 1792 3739 1846 haec
3785 1788 3974 1852 habet,

2426 1900 2462 1952 1.
2485 1912 2569 1958 ιιι,
2601 1911 2648 1950 c.
2677 1894 2746 1949 σι
2770 1892 2995 1947 εΤοῦτον
3023 1889 3239 1958 κατέχει
3268 1886 3442 1953 λόγος,
3470 1882 3788 1955 Χριστιανὸν
3823 1880 3976 1941 ὅντα,

2422 1990 2481 2042 ἐν
2520 1986 2704 2057 ἡμέρᾳ·
2737 1983 2835 2052 τῆς
2878 1982 3109 2049 ὑστάτης
3148 1978 3239 2030 τοῦ
3276 1974 3467 2044 Πάσχα.
3510 1972 3847 2057 παννυχίδος,
3868 1968 3981 2021 τῶν

2406 2078 2514 2132 -ὲπὶ
2543 2056 2640 2148 τῆς
2676 2071 2995 2144 Ἐκκλησίας
3019 2070 3189 2139 εὐχῶν
3220 2068 3299 2137 τῷ
3326 2064 3515 2137 πλήθει
3547 2056 3829 2134 μετασχεῖν
3862 2060 3983 2114 ὲθσ-
4072 2111 4091 2129 ,

2422 2172 2615 2243 λῆσαισ
2648 2170 2709 2222 οὐ
2734 2166 2997 2239 πρότερον
3024 2163 3081 2215 δὲ
3113 2162 3216 2215 ὑπὸ
3238 2160 3331 2213 τοῦ
3362 2157 3613 2230 τηνικάδε
3642 2152 3982 2227 προεστῶτος

2424 2259 2787 2332 ἐπιτραπῆναι
2819 2252 3106 2316 εἰσϐαλεῖν,
3141 2250 3173 2321 ἢ
3206 2245 3711 2319 ἐξομολογήσασθαι,
3745 2243 3837 2297 καὶ.
3864 2243 3983 2299 τοῖς

2425 2358 2482 2410 ὲν
2511 2329 2946 2424 παραπτώμασιν
2991 2340 3424 2411 ἑξεταζομένοις,
3463 2334 3742 2407 μετανοίας
3780 2350 3841 2386 τε
3878 2329 3987 2405 χώ-

2427 2460 2525 2517 ραν
2559 2443 2819 2512 ῐσχουσιν,
2853 2432 3052 2490 ἑαυτὸν
3098 2428 3386 2492 καταλέξαι
3410 2444 3423 2457 θ
3462 2426 3634 2488 ἄλλως
3658 2424 3766 2495 γὰρ
3802 2424 3876 2495 μὴ
3918 2424 3988 2478 ἄν

2426 2515 2558 2589 stare
2604 2533 2740 2603 πρὸς
2783 2527 2982 2589 αὑτοῦ,
3034 2524 3108 2596 μὴ
3153 2522 3272 2593 οὐχὶ
3320 2519 3473 2574 τοῦτο
3519 2520 3871 2588 ποιήσαντα,
3897 2515 3987 2569 διὰ

2427 2627 2625 2692 πολλὰς
2645 2624 2753 2693 τῶν
2770 2625 2888 2681 κατ’
2920 2621 3080 2682 αὑτὸν
3100 2618 3293 2681 αἰτίας,
3331 2611 3749 2686 παραδεχοῆναι,
3784 2610 3837 2666 id
3864 2616 3983 2665 est:

2431 2722 2706 2787 Narratur
2748 2718 2919 2779 hunc,
2959 2712 3291 2768 Christianus
3325 2725 3443 2762 cum
3482 2714 3644 2767 esset,
3690 2705 3746 2757 in
3776 2702 3859 2756 die
3887 2717 3986 2771 po-

2430 2814 2611 2871 stremi
2641 2810 2863 2867 Pascha
2899 2803 3179 2878 peruigilii,
3207 2801 3564 2872 precationum
3592 2796 3842 2852 Ecclesiae
3868 2811 3987 2848 cum

2430 2909 2635 2979 reliqua
2677 2899 3017 2958 multitudine
3062 2895 3373 2967 participem
3414 2891 3529 2960 ﬁeri
3576 2889 3798 2944 uoluisse
3838 2902 3856 2939 :
3897 2882 3989 2938 sed

2431 3018 2535 3057 non
2566 2999 2713 3068 prius
2743 2995 2791 3049 ei
2830 2992 2893 3047 ab
2924 3008 3004 3054 eo,
3036 2990 3124 3060 qui
3153 2987 3305 3041 isthic
3334 2992 3588 3054 praerat,
3624 2980 3831 3035 aditum
3866 2991 3995 3029 con-

2433 3067 2634 3148 cessum
2663 3089 2846 3159 fuisse,
2874 3100 3031 3155 quam
3064 3079 3331 3149 confessus
3358 3083 3514 3139 esset,
3550 3089 3611 3127 ac
3639 3072 3707 3125 iis
3736 3070 3829 3140 qui
3859 3067 3996 3159 lapsi

2435 3188 2649 3257 fuerant
2665 3156 2814 3235 etin
2843 3174 3201 3245 penitentiam
3239 3169 3422 3223 ordine
3454 3164 3687 3226 stabant,
3716 3156 3999 3228 se-edi'un-
4042 3180 4045 3183 λ

769 3298 885 3353 Deo
909 3295 1113 3367 gratias
1151 3300 1370 3365 agentes
1397 3311 1408 3345 :
1445 3307 1567 3348 nam
1602 3253 1857 3362 fuiroque
1905 3289 2066 3343 modo
2111 3287 2325 3343 confes-
2351 3292 2397 3351 ο
2426 3282 2608 3337 sisset.
2652 3271 2897 3367 nti-atquin
2927 3269 3079 3367 pltea
3106 3279 3222 3367 qqu
3248 3260 3540 3367 pdmise'tut
3572 3253 3826 3367 crimine:
3861 3265 4001 3367 nr:

771 3386 991 3445 sionem
1012 3387 1235 3443 edinon
1267 3386 1432 3442 semel
1468 3384 1626 3440 docet
1646 3382 1935 3439 Eusebius.
1968 3378 2124 3447 Quod
2152 3385 2333 3433 autem

770 3481 842 3535 de
868 3479 964 3534 illa
1006 3480 1217 3532 tantum
1262 3476 1607 3534 confessione
1651 3473 1940 3537 matutina,
1972 3474 2027 3526 in
2066 3477 2213 3526 coetu
2244 3484 2335 3523 ec-

771 3570 954 3626 clesia.
1001 3569 1241 3633 edenda,
1302 3570 1391 3623 hic
1443 3580 1564 3639 agat
1587 3562 1892 3630 Eusebius,
1942 3562 2226 3635 pr0palam
2269 3574 2334 3613 ex

774 3661 1211 3734 praecedentibus
1244 3670 1349 3716 est.
1383 3660 1516 3715 Nam
1551 3676 1674 3715 cum
1708 3660 1949 3728 psalmus
1996 3658 2106 3723 ille,
2137 3654 2336 3709 inscri-

774 3767 920 3824 ptus,
964 3757 1028 3808 In
1067 3754 1149 3808 die
1180 3753 1423 3818 Sabbati,
1468 3754 1545 3808 sic
1580 3752 1863 3807 exordium
1908 3750 2092 3813 ducat,
2133 3746 2336 3802 Bonum

775 3855 862 3900 est
892 3848 1134 3915 conﬁteri
1175 3846 1429 3910 Domino,
1472 3846 1561 3897 hic
1596 3843 1892 3898 Sabbatum
1929 3856 2027 3911 pro
2057 3839 2339 3893 Dominica

776 3936 1017 4007 positum
1070 3950 1428 3998 asseverans,
1483 3934 1700 3987 nonnisi
1742 3933 1807 3988 de
1859 3932 2123 3986 matutino
2156 3929 2341 3983 Domi—

776 4029 916 4083 nica:
962 4036 1227 4081 conventu
1274 4032 1579 4095 pertractat
1641 4025 1769 4089 ille;
1808 4024 1889 4078 sic
1940 4022 2083 4076 enim
2140 4022 2334 4076 habet:

779 4120 960 4184 Quare
993 4128 1051 4172 ut
1094 4135 1156 4172 ea
1193 4118 1276 4172 die
1321 4119 1683 4172 conveniamus
1735 4116 1985 4168 traditum
2040 4112 2188 4167 nobis
2238 4124 2338 4177 est,

777 4219 830 4263 et
864 4226 927 4262 ea
956 4226 1073 4280 qua:
1104 4211 1157 4261 in
1187 4208 1389 4275 psalmo
1410 4208 1664 4277 jubentur
1708 4206 1854 4259 nobis
1896 4205 2106 4274 exsequi
2150 4220 2341 4272 prwce-

780 4313 929 4371 ptum
976 4310 1089 4367 est,
1130 4317 1351 4371 quorum
1394 4302 1618 4368 primum
1666 4308 1742 4353 est
1794 4298 2053 4367 conﬁteri.
2114 4296 2343 4366 Moxque

784 4393 1044 4464 adjicitur
1084 4393 1175 4447 illa
1207 4395 1463 4463 superius
1498 4394 1660 4447 allata
1694 4392 1961 4461 clausula.
2008 4405 2113 4459 qua
2142 4389 2343 4445 dicitur

781 4503 883 4556 par
938 4501 1048 4541 non
1099 4500 1221 4541 esse
1265 4485 1607 4548 hominibus,
1662 4484 1871 4539 scilicet
1909 4482 2342 4537 Christianorum

784 4576 973 4639 cmtui,
1010 4573 1279 4636 conﬁteri,
1321 4574 1414 4628 sed
1442 4573 1569 4628 Deo.
1627 4571 1757 4639 Quae
1793 4576 2096 4641 sequuntur
2144 4572 2345 4641 pariter

2433 3383 2591 3442 quem
2631 3363 2695 3418 ab
2735 3337 2831 3415 ilio
2871 3356 3137 3412 admissus
3183 3352 3389 3422 fuisset.
3440 3345 3542 3403 Ubi
3591 3344 3765 3407 vides,
3804 3337 4000 3397 testifi-

2436 3430 2595 3516 cante
2630 3452 2898 3519 Eusebio,
2938 3445 3351 3515 confessionem
3384 3445 3732 3511 peccaton
3788 3430 3999 3488 homini

2437 3551 2660 3609 factam,
2706 3542 3073 3599 necessariam
3132 3549 3360 3607 prorsus
3414 3530 3602 3586 fuisse.
3652 3528 3729 3581 Eo
3776 3523 4000 3596 respicit

2437 3645 2567 3705 item
2612 3638 2756 3711 quod
2800 3635 2977 3690 habet
3006 3631 3092 3685 his
3143 3630 3199 3683 in
3234 3622 3658 3681 commentariis
3694 3618 3997 3680 Eusebius,

2438 3736 2575 3806 psal.
2612 3746 2819 3793 xxxvii,
2863 3727 2929 3781 ad
2954 3722 3279 3778 versiculum
3307 3718 3338 3772 5
3365 3739 3375 3771 :
3403 3716 3667 3783 Quoniam
3698 3711 3998 3781 iniquitates

2440 3845 2567 3884 mea:
2597 3834 2943 3894 supergressa:
2971 3824 3090 3869 sunt
3121 3821 3274 3879 caput
3302 3824 3488 3871 meum,
3524 3808 3657 3859 sicut
3686 3819 3814 3856 onus
3846 3815 4002 3870 grave

2441 3891 2670 3992 gravatat
2695 3891 2813 3969 sunt
2846 3923 2997 3977 super
3025 3922 3124 3959 me.
3157 3903 3499 3959 Pntruerunt,
3518 3908 3620 3950 etc.
3652 3893 3747 3946 Διὰ
3776 3891 3998 3954 τούτων,

2443 3982 2641 4083 inquit,
2675 4007 2910 4060 διδάσκει
2949 4000 3092 4072 ἡμᾶς
3126 4000 3153 4049 ὁ
3177 3994 3354 4062 λόγος,
3390 3992 3461 4062 μὴ
3494 3982 3851 4083 κρύπτειντὰ
3875 3983 4002 4083 εαυ-

2440 4075 2547 4161 ea;
2593 4100 2769 4163 κακὰ,
2825 4097 2942 4169 μηδ’
2982 4094 3168 4160 ὥσπερ
3214 4087 3333 4140 τινὰ
3382 4082 3633 4169 μελανιαν
3694 4078 3813 4169 καὶ-
3840 4075 4001 4145 σῆψιν

2442 4190 2583 4248 κατὰ
2630 4164 2836 4257 βάθους-ν
2868 4164 2967 4249 τῆς
3004 4176 3181 4247 ψυχῆς
3230 4170 3468 4239 συνέχειν
3504 4167 3573 4219 τὰ
3606 4164 4000 4257 ἁμαρτήματα,

2443 4288 2546 4341 hoc
2578 4254 2661 4336 est
2696 4298 2708 4333 :
2738 4275 2832 4329 His
2863 4279 3125 4331 docemur,
3170 4284 3230 4320 ne
3272 4262 3414 4317 mala
3436 4258 3751 4315 occultemus
3795 4254 4001 4316 nostra,

2444 4389 2542 4427 neu
2565 4374 2779 4439 peccata
2809 4380 2901 4418 ceu
2925 4357 3197 4431 quemdam
3237 4356 3495 4424 nigrorem
3538 4358 3584 4402 et
3621 4345 4002 4414 corruptionem

2446 4468 2501 4518 in
2534 4462 2717 4516 intimo
2770 4458 2960 4511 anima:
3017 4446 3411 4504 concludamus.
3472 4440 3591 4495 Non
3637 4439 3746 4493 Deo
3798 4445 4023 4519 autem,

2449 4558 2539 4612 cui
2576 4566 2834 4608 arcanum
2882 4545 3049 4605 nihil,
3098 4540 3371 4593 occultare
3413 4544 3632 4605 peccata
3684 4538 3857 4594 vetat;
3906 4525 4001 4581 sed

796 4618 973 4639 ..,,,-,.,,
1012 4618 1279 4636 --....--..,
1321 4618 1414 4628 η..
1442 4618 1569 4628 ην.
1680 4618 1757 4628 τη
1793 4618 1850 4627 -..
1896 4618 2086 4626 --_..-_-
2183 4618 2337 4626 _.----

796 4666 865 4719 ad
898 4665 1226 4718 matutinum
1266 4662 1415 4715 illum
1460 4618 1785 4717 conventum
1826 4618 2114 4731 partinent.
2145 4618 2237 4713 lEa
2264 4666 2348 4715 est
2370 4649 2421 4705 Β
2454 4646 2767 4704 hominibus
2798 4641 2891 4712 «ιιιί
2926 4645 2981 4692 ει
3010 4629 3256 4689 “idem”
3288 4638 3340 4684 θί
3368 4632 3599 4699 Ρθοεθιδί
3628 4618 3871 4677 δοινεηάί
3907 4633 4005 4688 Ρο-

787 4756 953 4826 igitur
978 4751 1195 4833 Eusebii
1229 4751 1516 4810 sententia.
1544 4766 1650 4804 non
1673 4759 1923 4820 oportere
1950 4752 2005 4803 in
2029 4757 2171 4805 coetu
2192 4750 2347 4803 Chri-

786 4848 1114 4908 stianorum,
1166 4859 1228 4897 ac
1281 4845 1336 4896 in
1388 4844 1666 4898 matutinis
1723 4844 2080 4898 comentibus
2129 4848 2351 4912 peccata

790 4938 1009 5007 publice
1042 4944 1095 4991 et
1142 4936 1245 4988 alta
1286 4950 1418 4989 voce
1471 4933 1736 4998 confiteri,
1769 4936 1862 4990 sed
1913 4937 2005 4989 uni
2043 4934 2152 4989 Deo
2187 4932 2351 4986 corda

792 5028 1058 5082 scrutanti
1102 5026 1491 5080 conscientiam
1539 5024 1751 5095 aperire
1802 5042 1975 5082 suam.
2020 5026 2120 5080 Cui
2153 5023 2354 5077 accinit

794 5118 1033 5174 Basilius
1080 5117 1133 5170 in
1183 5118 1408 5188 epistola
1460 5118 1526 5171 ad
1571 5117 2070 5180 Neocaesarienses,
2126 5116 2221 5169 ubi
2275 5115 2353 5168 sic

715 5208 718 5211 ⁷
785 5208 992 5264 habet:
1035 5208 1133 5260 Ἐκ
1168 5211 1355 5273 νυκτὸς
1399 5209 1506 5281 γὰρ
1552 5208 1790 5281 ὤρθριζει
1832 5210 1960 5277 παρ’
2007 5212 2137 5279 ἡμῖν
2172 5210 2200 5259 ὁ
2231 5206 2353 5267 λαὸς

796 5299 889 5351 ἐπὶ
930 5300 1021 5352 τὸν
1068 5296 1215 5351 οἷκον
1247 5302 1342 5371 τῆς
1372 5301 1676 5372 προσευχῆς
1697 5341 1711 5363 ,
1762 5300 1861 5353 και
1896 5303 1951 5353 ἐν
1988 5300 2130 5368 πόνῳ
2172 5298 2265 5351 καὶ
2297 5299 2355 5348 εν

797 5389 971 5458 θλίψει
1016 5392 1107 5444 καὶ
1148 5392 1204 5443 ὲν
1255 5395 1453 5462 συνοχῇ
1487 5392 1732 5462 δακρύων
1779 5390 2251 5460 ἐξομολογούμενοι
2278 5387 2355 5455 τῷ

798 5480 954 5548 Θεῷ,
1000 5482 1050 5535 id
1105 5490 1187 5537 est
1228 5482 1312 5535 :A
1358 5492 1503 5535 nocte
1559 5482 1697 5549 apud
1746 5499 1839 5536 nos
1886 5482 2104 5548 populus
2150 5480 2355 5549 vigilias

799 5574 908 5640 «ait
952 5573 1007 5625 in
1050 5573 1202 5628 domo
1247 5575 1539 5637 orationis,
1593 5592 1653 5627 ac
1703 5576 1758 5627 in
1808 5572 2003 5635 labore,
2050 5574 2359 5631 contritione

800 5673 849 5717 et
880 5664 1229 5733 lacrumarum
1268 5652 1932 5736 contentioneconﬁtentur
1958 5664 2064 5719 Deo
2096 5684 2112 5719 :
2140 5673 2194 5720 et
2224 5680 2359 5733 pau—

800 5758 885 5809 cis
919 5753 1259 5836 interﬁcit}:
1298 5760 1537 5830 Ἡμέρας
1558 5760 1655 5830 ήδη
1686 5740 2131 5829 ὑπολαμπούσης,
2164 5757 2360 5818 πάντες

804 5850 953 5916 κοινῇ
976 5887 988 5907 ,
1037 5842 1116 5914 ὼς
1141 5849 1199 5920 ἐς
1237 5851 1351 5913 ἑνὸς
1386 5852 1648 5921 στόματος
1698 5853 1787 5904 καὶ
1817 5853 1942 5921 μιᾶς
1991 5850 2232 5921 καρδίας,
2271 5846 2360 5899 τὸν

800 5940 900 6009 τῆς
947 5937 1378 6019 δξοξωσὶαγήσεως
1413 5943 1622 6015 ψαλμὸν
1668 5944 1988 6013 ἀναφέρουσι
2040 5941 2116 6011 τῷ
2150 5941 2356 6011 Κυρίῳ,

2450 4746 2650 4795 testate
2674 4734 2859 4791 donati
2890 4734 3039 4785 sunt.

3038 4858 3263 4916 CAPUT
3291 4856 3422 4912 Vill.

2452 5002 2518 5040 DE
2550 5000 2617 5039 IIS
2639 4997 2755 5047 ουλε
2800 4994 2864 5031 AD
2918 4987 3183 5029 ECCLESIE
3225 4978 3565 5029 DISCIPBINAI
3594 4975 3888 5017 PEBTJNENJ'
3935 4974 4003 5011 εκ

2660 5066 2839 5106 VARUS
2885 5060 3061 5101 HORUI
3089 5050 3581 5097 COIIENTARIOBUI
3627 5046 3794 5086 LOCIS.

2457 5169 2505 5224 1.
2542 5141 2776 5221 Ecclesia
2818 5177 3083 5231 nunquam
3104 5158 3274 5212 uariat
3298 5154 3353 5205 in
3368 5141 3872 5231 prtpcipuis'..1_l.hlie
3890 5158 4009 5231 crin-

2525 5211 2774 5300 £51155?
2804 5211 3231 5300 (inﬁtiantium
3267 5211 3565 5300 matutinis.
3589 5269 3594 5274 .
3620 5215 3736 5300 Ill.
3764 5212 3860 5300 ηε
3885 5211 4009 5300 adp:

2528 5282 2893 5360 quit}
2914 5282 3151 5354 Ecclesia
3189 5292 3471 5363 singularis
3499 5287 3711 5363 Eusebii
3738 5295 3803 5363 et
3818 5282 4007 5363 Basilii

2526 5353 3140 5441 £512}.adtinentur.
3171 5364 3197 5417 Ι
3214 5353 3294 5417 Vi
3320 5362 3539 5430 Inﬁnita
3580 5360 3718 5412 dona
3759 5353 4006 5407 Ecclesiis

2532 5446 2741 5501 Eusebii
2769 5436 2994 5511 tempore
3016 5436 3229 5490 collata.

2666 5562 2703 5609 Ι.
2740 5558 2957 5609 Ecclesia
2989 5564 3233 5614 nunquam
3267 5549 3416 5597 variat
3445 5549 3491 5595 in
3520 5542 3794 5607 precipuls.

2528 5661 2831 5719 Occasione
2872 5658 3047 5713 solum
3078 5670 3244 5726 pauca
3276 5652 3540 5707 Eusebius
3573 5647 3741 5716 tangit
3767 5651 3821 5697 et
3841 5642 4011 5712 expli-

2460 5766 2569 5822 cat,
2594 5758 2721 5825 qua‘.’
2742 5754 2817 5807 ad
2837 5751 2933 5806 aevi
2990 5751 3074 5805 sui
3125 5746 3461 5816 disciplinam
3484 5746 3749 5810 spectant,
3788 5749 4012 5805 quaeque

2462 5865 2565 5903 nos
2592 5848 2645 5900 in
2670 5844 2888 5901 lectoris
2946 5839 3286 5896 commodum
3322 5851 3427 5891 una
3473 5830 3832 5888 conferemus.
3863 5824 4011 5878 Licet

2467 5940 2608 5997 enim
2635 5936 2687 5991 in
2721 5934 2881 5991 rebus
2907 5931 3193 6004 praecipuis
3217 5937 3271 5985 et
3302 5924 3620 5997 capitalibus
3654 5935 3758 5976 una
3802 5930 4015 5986 senium
