4262 6384
292 447 358 501 53
1059 446 1558 502 COMMENTARIA
1604 446 1669 500 IN
1708 446 2128 502 PSALMOS.—
2170 447 2705 502 PBELIMINABIA.
3364 437 3398 488 λ
3453 450 3518 500 5b

290 556 544 613 Ecclesiae
571 561 928 624 consuetudo,
956 561 1089 616 ritus
1116 580 1260 617 unus.
1277 563 1457 626 fuerit,
1487 565 1541 616 in
1581 563 1645 616 iis
1667 571 1842 617 tamen

1949 565 2349 636 κεχῳρημένως·
2373 565 2661 628 ἱδιάζοντας
2688 567 3022 634 προσκυνεῖν,
3039 563 3148 615 ἀλλ’
3170 563 3519 626 ἀπαντῶντας

289 667 407 720 qua:
429 653 494 706 ad
526 665 808 709 externum
859 671 1061 710 morem
1119 658 1464 726 minoresque
1503 656 1856 709 caaremonias

290 744 580 812 pertinent,
629 753 683 800 ct
712 755 1012 816 temporum
1053 756 1106 801 et
1153 748 1392 801 locorum
1432 747 1855 801 consuetudines

289 835 450 888 variae
497 835 879 900 observantur,
920 853 1040 906 qua:
1091 839 1297 893 scilicet
1348 846 1600 907 possunt,
1651 839 1853 891 illibata

290 928 611 985 Christiana
629 931 912 1002 religione,
936 933 1152 986 mutari.

459 1042 621 1093 II;‘De
647 1045 970 1099 conventibus
997 1046 1382 1097 Christianorum
1407 1049 1674 1096 matutinis.

356 1146 512 1212 Quod
565 1149 809 1219 plerique
847 1151 1151 1220 priscorum
1220 1151 1471 1205 Ecclesiae
1523 1151 1849 1220 scriptorum

289 1238 512 1292 tradunt
539 1239 609 1294 de
639 1243 997 1297 conventibus
1039 1242 1476 1296 Christianorum
1511 1235 1567 1296 in
1592 1243 1846 1307 ecclesia,

288 1328 564 1385 Dominica
596 1333 683 1387 die
703 1334 964 1388 celebrari
995 1332 1191 1394 solitis,
1225 1334 1397 1400 deque
1433 1336 1573 1389 sacri
1603 1336 1848 1404 corporis

287 1424 487 1506 Christi
510 1425 711 1481 ibidem
737 1427 935 1481 usitata
985 1429 1354 1493 comestionc;
1414 1427 1467 1482 id
1500 1428 1764 1484 Eusebius
1795 1431 1845 1483 in

287 1514 452 1569 variis
483 1514 674 1570 horum
707 1517 1222 1572 commentariorum
1251 1519 1386 1574 locis
1418 1536 1518 1574 nec
1552 1521 1728 1576 obiter
1753 1537 1848 1575 ex—

287 1605 469 1674 plicat.
506 1605 567 1662 In
592 1623 742 1662 more
792 1608 992 1678 quippe
1024 1619 1155 1664 tunc
1189 1620 1326 1675 erat,
1360 1623 1417 1666 ut
1457 1611 1737 1668 Dominica
1759 1614 1847 1670 die

285 1697 583 1754 Christiani
609 1714 798 1755 omnes
827 1708 1077 1756 exortum
1107 1703 1237 1758 solis
1256 1711 1657 1758 anteverterent
1683 1713 1735 1758 et
1778 1706 1843 1760 ad

290 1789 577 1843 ecclesiam
633 1800 1010 1860 properarent,
1068 1793 1159 1847 ubi
1214 1795 1509 1848 matutinos
1547 1784 1845 1850 conventus

284 1881 562 1936 exoriente
588 1881 710 1936 luce
764 1897 873 1936 una
928 1885 1102 1938 coacti
1165 1885 1649 1950 celebrabant;ut,
1676 1886 1729 1938 in
1759 1886 1846 1942 die

283 1974 669 2030 resurrectidni
723 1974 938 2031 Domini
973 1983 1314 2039 consecrata,
1362 1993 1519 2032 sacro
1578 1977 1843 2032 Domi'nici

175 2113 187 2122 .
281 2067 528 2137 corporis
553 2067 678 2122 cibo
710 2068 899 2123 refecti
924 2110 938 2133 ,
985 2069 1178 2138 pignus
1212 2069 1404 2123 futurae
1421 2078 1473 2123 et
1511 2070 1760 2140 gloriose
1789 2070 1843 2124 in

280 2173 444 2213 carne
461 2159 890 2214 resurrectionis
937 2162 1284 2229 acciperent:
1333 2175 1547 2229 unoque
1577 2170 1844 2216 concentu

283 2243 448 2305 Deum
481 2259 535 2306 et
554 2251 838 2307 Christum
889 2254 1248 2314 celebrarent,
1276 2269 1373 2322 pro
1408 2254 1564 2308 bonis
1607 2257 1845 2326 acceptis

283 2336 489 2410 gratias
546 2348 788 2410 agerent,
840 2357 940 2411 pro
986 2344 1313 2416 necessariis
1343 2352 1452 2396 tum
1499 2345 1693 2400 animae
1729 2355 1842 2401 tum

279 2432 515 2492 corpori.
558 2431 726 2486 Deum
785 2428 984 2488 obnixe
1033 2443 1406 2503 precarentur.
1443 2435 1514 2489 De
1549 2436 1632 2492 liis
1663 2437 1845 2507 itaque

277 2525 640 2578 conventibus
695 2524 808 2576 haec
859 2523 1021 2576 habet
1068 2520 1332 2576 Eusebius
1400 2521 1452 2572 in
1516 2523 1648 2588 psal.
1707 2535 1836 2581 ιιι,

271 2631 412 2671 vers.
457 2616 528 2671 30
572 2634 585 2669 :
620 2633 638 2664 ί
687 2611 1135 2667 Manducaverunt
1177 2623 1226 2666 et
1266 2614 1614 2666 adoraueruut
1663 2627 1838 2668 omnes

269 2706 487 2775 pingues
516 2715 688 2768 terra,
717 2713 765 2758 et
789 2707 846 2758 in
873 2716 1143 2774 conspectu
1170 2703 1283 2774 ejus
1305 2703 1509 2768 cadent,
1531 2712 1636 2758 etc.
1667 2722 1685 2754 ι
1714 2701 1840 2757 εἱειε-

273 2789 412 2859 gulis
453 2791 856 2846 resurrectionis
907 2791 1202 2846 Saluatoris
1251 2795 1418 2846 nostri
1465 2794 1684 2860 diebus,
1726 2813 1843 2866 qua:

273 2869 565 2934 Baliarica:
586 2891 858 2944 uocantur,
905 2883 1034 2950 ipsis
1070 2882 1235 2936 oculis
1277 2898 1486 2937 cernere
1523 2895 1610 2942 est-
1644 2899 1730 2938 eos
1755 2885 1843 2953 qui

273 2985 481 3025 sacrum
503 2971 674 3024 cibum
703 2980 751 3024 et
775 2970 1044 3034 Salutare,
1089 2971 1144 3024 id
1187 2980 1264 3024 est
1308 2971 1602 3026 Saluatoris
1653 2988 1841 3040 corpus

272 3062 560 3131 accipiunt,
583 3069 699 3130 post
718 3063 887 3130 ipsum
907 3078 1052 3116 esum
1073 3063 1262 3131 viviﬁci
1283 3063 1518 3117 alimenti
1541 3065 1840 3140 largitorem

270 3163 319 3207 et
338 3168 579 3222 promum
598 3153 842 3220 adorare,
865 3162 1018 3223 atque
1039 3155 1223 3207 mirari
1243 3155 1511 3210 verborum
1531 3155 1839 3226 hujusmodi

269 3252 618 3319 euentum,.ae
643 3261 697 3298 re
721 3255 885 3316 gesta,
928 3246 1102 3315 quoad
1145 3235 1448 3316 planiorem.
1486 3247 1613 3302 dicti
1634 3258 1840 3304 senten-
1867 3277 1907 3332 ο

272 3337 712 3404 ιὶωηνὶηψιειιιπι
752 3338 1076 3392 vaticinium.
1106 3338 1237 3404 Quae
1269 3349 1448 3394 autem
1475 3341 1621 3408 quod
1658 3342 1725 3396 ad
1766 3343 1840 3395 ri-
1871 3381 1878 3385 -

270 3435 384 3481 tum
410 3430 735 3483 exteriorem
775 3428 864 3480 illa
905 3429 1151 3482 adoratio
1202 3439 1367 3494 esset,
1405 3431 1506 3498 sic,
1537 3434 1725 3501 paucis
1754 3434 1840 3487 in-

269 3517 569 3587 terpositis,
595 3519 832 3586 explicat
861 3535 874 3568 :
905 3537 923 3568 ι
974 3517 1038 3570 In
1061 3530 1337 3587 conspectu
1361 3521 1473 3588 ejus
1493 3522 1682 3576 cadent
1726 3541 1840 3577 om-

269 3625 357 3664 nes
381 3608 471 3678 qui
492 3606 807 3661 descendunt
838 3607 892 3659 in
923 3617 1116 3661 terram
1141 3627 1157 3664 :
1190 3629 1207 3660 ι
1232 3626 1326 3677 pro
1354 3628 1454 3680 quo
1475 3612 1690 3682 Aquila,
1720 3633 1736 3665 ι
1774 3613 1838 3667 In

268 3701 473 3757 cultum
494 3700 609 3768 ejus
643 3699 850 3770 ﬂectent
876 3718 929 3754 se
955 3718 1132 3755 omnes
1161 3704 1248 3771 qui
1291 3703 1605 3756 descendunt
1650 3707 1702 3758 in
1729 3708 1840 3774 pul-

169 3859 175 3866 ,
268 3810 456 3848 verem.
489 3812 507 3845 ι
535 3791 694 3859 Queis
721 3793 998 3862 manifeste
1028 3810 1229 3860 eorum,
1281 3796 1370 3864 qui
1395 3797 1447 3847 in
1491 3796 1710 3849 ecclesia
1744 3797 1839 3852 Dei

266 3901 434 3956 genua
455 3885 691 3955 ﬂectunt,
716 3902 910 3940 morem
934 3886 1212 3940 declarat:
1261 3887 1331 3940 ibi
1361 3889 1499 3941 enim
1543 3905 1710 3958 genua
1743 3890 1838 3959 ﬂe-

267 3988 485 4043 ctentes,
514 3988 669 4049 atque
695 3979 957 4048 [rentibus
983 3981 1092 4033 suis
1123 3989 1276 4034 terra:
1299 3981 1673 4046 incumbentes,
1701 3982 1838 4036 hunc

266 4067 525 4125 adorandi
558 4071 719 4123 ritum
740 4078 967 4123 servant.
1011 4070 1098 4122 Ἐν
1193 4071 1390 4138 γόνατα
1417 4072 1712 4136 κλίναντες,
1743 4074 1836 4127 καὶ

263 4158 331 4211 τὰ
353 4157 578 4228 μέτωπα
606 4159 685 4220 εἰς
705 4157 807 4227 γῆν
824 4156 1148 4227 ἐρείσαντες,
1165 4157 1351 4212 τοῦτον
1373 4166 1692 4234 προσκυνεῖν
1721 4163 1838 4215 εἰώο

265 4249 388 4303 ϐασι
420 4245 510 4300 τὸν
533 4246 749 4316 τρόπον.
779 4245 854 4301 De
880 4248 1161 4302 matutinis
1185 4248 1313 4302 item
1335 4254 1688 4309 conventibus
1705 4257 1833 4325 agit,

264 4340 401 4412 psal.
421 4352 692 4403 va,vers.
718 4335 832 4402 6,et
859 4353 1009 4400 Lvm,
1038 4339 1127 4394 ubi
1157 4355 1329 4408 genua
1354 4341 1604 4401 ﬂectendi
1632 4363 1833 4402 morem

267 4430 710 4501 antiquissimum
771 4429 1010 4484 declarat
1042 4447 1053 4481 :
1082 4433 1474 4500 procumbendi
1500 4439 1652 4494 item
1701 4455 1832 4494 con-

266 4522 633 4588 suetudinem,
657 4521 740 4577 vel
767 4521 959 4592 primis
988 4522 1247 4581 Ecclesiae
1287 4528 1505 4582 saeculis
1549 4539 1828 4595 statutam,

1960 659 2038 718 εὶς
2059 659 2154 727 τὴν
2173 657 2463 729 ἐκκλησίαν
2490 658 2675 721 αὐτοῦ,
2708 658 2757 710 id
2780 666 2862 712 cst
2887 677 2896 709 :
2928 655 3043 710 Non
3071 656 3177 709 uult
3213 658 3350 708 enim
3371 667 3521 709 extra

1956 748 2430 818 ecclesiam,neque
2454 751 2507 803 in
2549 766 2753 804 secessu
2795 758 3017 803 semotas
3064 748 3291 802 adorare
3315 751 3518 818 ipsum;

1957 839 2045 891 sed
2067 838 2468 908 accederejubet
2520 839 2590 892 ad
2633 841 2907 895 ecclesiam
2956 857 3130 894 suam.
3172 838 3520 907 ldipsumque

1955 930 2199 990 Basilius
2239 932 2399 984 habet
2452 932 2505 984 in
2574 931 2818 996 eumdem
2889 932 3176 1000 psalmum,
3231 930 3376 982 hom.
3427 929 3516 988 28.

1953 1039 2004 1090 p.
2031 1024 2122 1076 181
2161 1043 2171 1076 :
2210 1022 2351 1086 Ἔξω
2371 1021 2646 1089 τῆς-ἀγίας
2677 1021 2843 1089 αὐλῆς
2879 1023 2938 1072 οὐ
2966 1021 3069 1092 χρὴ
3105 1023 3421 1090 προσκυνεῖν
3445 1019 3520 1087 τῷ

1954 1114 2157 1183 Κυρίῳ,
2202 1113 2311 1164 ἀλλ’
2340 1112 2486 1182 ξνδον
2532 1111 2817 1181 γενόμενον
2845 1128 2855 1161 :
2885 1111 2938 1165 id
2978 1119 3060 1165 est
3105 1130 3117 1163 :
3155 1110 3274 1162 Non
3321 1117 3519 1177 oportet

1950 1204 2242 1271 quempiam
2271 1212 2422 1254 extra
2470 1217 2678 1254 sacram
2721 1200 2899 1253 aulam
2947 1198 3170 1252 adorare
3213 1199 3512 1260 Dominum,

1951 1295 2042 1350 sed
2070 1296 2480 1363 intuslpasitum.
2507 1292 2573 1346 At
2605 1309 2762 1348 nemo
2779 1310 2958 1348 rerum
2984 1309 3263 1348 sacrarum
3291 1293 3373 1346 vel
3405 1308 3521 1346 me-

1949 1388 2206 1443 diocriter
2236 1387 2441 1456 peritus
2473 1387 2706 1456 ignorat,
2734 1387 2872 1440 hanc
2897 1386 3164 1456 praecipue
3210 1401 3363 1439 novae
3384 1385 3518 1453 legis
3606 1459 3610 1464 ι

1948 1488 2231 1542 tesseram,
2282 1479 2386 1532 hoc
2441 1477 2772 1542 institutum,
2809 1476 2953 1529 hanc
2991 1477 3285 1530 solemnem
3314 1474 3512 1529 Christi

1947 1572 2248 1627 doctrinam
2294 1586 2437 1640 esse,
2479 1569 2808 1640 quod.Deus
2857 1570 3055 1638 ubique
3096 1567 3405 1621 adorandus
3447 1567 3519 1620 sit

1947 1662 1999 1714 in
2022 1662 2210 1731 spiritu
2233 1671 2278 1714 et
2303 1639 2520 1715 ve'ritate
2548 1676 2564 1713 :
2594 1674 2771 1730 neque
2805 1660 2870 1713 ad
2901 1675 3018 1714 eam
3046 1674 3158 1715 rem
3193 1673 3417 1715 necesse
3447 1657 3520 1713 sit

1948 1754 2282 1824 assignatum
2335 1754 2643 1823 quempiam
2676 1752 2825 1805 adire
2866 1753 3083 1817 locum;
3139 1753 3518 1820 sed'quisque

1949 1848 2198 1916 privatim
2222 1848 2366 1902 hunc
2391 1847 2595 1900 cultum
2642 1848 2949 1916 persolvere
2979 1846 3152 1916 possit
3201 1860 3261 1897 ac
3302 1845 3513 1898 debeat.

1877 1925 1916 1979 Β
1946 1938 2057 1993 Cur
2071 1954 2201 2010 ergo
2224 1939 2324 1992 viri
2351 1939 2598 1994 doctrina
2632 1939 2894 2008 insignes,
2933 1938 3163 1992 Basilius
3205 1934 3432 2004 Magnus
3462 1942 3518 1987 et

1948 2028 2239 2094 Eusebius,
2269 2030 2345 2084 ah
2365 2029 2675 2099 huiusmodi
2704 2030 2875 2090 cultu,
2922 2029 3016 2095 qui
3048 2028 3115 2082 ab
3147 2029 3267 2098 ipso
3297 2026 3515 2080 Christo

1947 2120 2183 2175 traditus
2213 2128 2266 2176 ct
2296 2121 2540 2175 sancitus
2593 2129 2695 2183 est,
2749 2119 2997 2174 homines
3046 2117 3421 2173 absterreant?
3447 2115 3517 2168 At

1945 2215 2090 2272 enim
2121 2228 2220 2268 nec
2242 2214 2296 2267 in
2340 2211 2524 2268 Veteri
2571 2212 2787 2283 quidem
2821 2211 3192 2276 Testamento,
3223 2226 3346 2264 cum
3394 2219 3516 2280 post

1945 2306 2129 2376 templi
2154 2305 2454 2370 conditum,
2480 2312 2587 2358 no'n
2636 2303 2904 2369 sacriﬁcia
2925 2346 2939 2369 ,
2969 2321 3077 2359 non
3098 2311 3276 2358 certas
3314 2312 3515 2358 statas—

1945 2411 2050 2467 quc
2078 2397 2432 2452 caeremonias
2479 2396 2607 2450 alibi
2637 2395 2947 2466 persolvere
2978 2395 3184 2449 licitum
3217 2401 3385 2458 esset,
3421 2409 3512 2448 ve-

1945 2490 2104 2543 titum
2130 2504 2366 2559 usquam
2411 2490 2641 2562 legimus
2677 2504 2947 2560 quemque
2998 2503 3163 2558 penes
3195 2503 3253 2542 se
3278 2502 3436 2541 orare
3458 2497 3533 2544 eL

1946 2580 2176 2636 adorare
2207 2580 2398 2645 Deum,
2448 2582 2494 2636 si
2518 2581 2726 2637 liberet.
2776 2580 2891 2635 lmo
2937 2596 3068 2636 vero
3099 2579 3306 2641 Daniel,
3334 2580 3388 2633 in
3411 2577 3510 2632 Ba-

1945 2672 2142 2744 bylone
2164 2688 2412 2738 versans,
2442 2672 2750 2744 frequenter
2776 2673 2944 2730 Deum
2976 2673 3235 2730 adorabat
3265 2691 3278 2728 :
3314 2673 3512 2742 aliique

1944 2767 2083 2820 bene
2111 2766 2264 2820 multi
2294 2765 2474 2820 sancti
2524 2766 2626 2820 viri
2662 2764 2830 2820 Deum
2881 2775 3032 2820 extra
3075 2766 3334 2836 templum
3381 2765 3510 2818 ado-

1943 2870 2100 2911 rasse
2126 2855 2625 2926 deprehenduntur.
2658 2855 2787 2910 Haec
2816 2857 3002 2926 itaque
3038 2856 3316 2912 Basilii-ct
3335 2855 3506 2910 Euse-

1944 2948 2019 3003 bii
2045 2949 2164 3003 loca
2192 2965 2259 3018 ex
2295 2949 2546 3018 superius
2593 2949 2757 3003 allato
2789 2947 3010 3004 Eusebii
3044 2950 3162 3003 loco
3191 2949 3512 3019 sunt'e‘xpli-

1943 3038 2138 3105 cauda,
2165 3040 2256 3093 ubi
2291 3040 2517 3116 recitata
2557 3038 2764 3109 Aquilae
2793 3037 3042 3094 versione
3074 3041 3150 3093 sic
3184 3039 3343 3092 habet
3373 3037 3462 3091 ille
3491 3053 3504 3088 :

1943 3127 2103 3197 Queis
2154 3131 2430 3200 manifeste
2468 3147 2668 3196 eorum,
2699 3132 2785 3202 qui
2833 3134 2885 3184 in
2939 3127 3156 3184 eccle’sia
3201 3129 3297 3183 Dei
3344 3145 3510 3199 genua

1941 3223 2177 3290 ﬂectunt,
2209 3239 2405 3276 morem
2437 3221 2676 3276 declarat
2703 3240 2720 3275 :
2743 3223 2816 3275 ibi
2841 3223 2977 3276 enim
3014 3207 3197 3292 genua:
3225 3222 3505 3292 flectentes,

1942 3327 2097 3387 atque
2110 3316 2373 3382 frontibus
2396 3318 2503 3369 suis
2528 3324 2680 3369 terra
2700 3315 3081 3378 incumbentes,
3099 3316 3236 3366 hunc
3250 3313 3510 3389 adorandi

1939 3409 2101 3461 ritum
2135 3417 2361 3462 seruant.
2397 3407 2602 3478 Opinor
2632 3406 2796 3477 igitur
2818 3406 2962 3460 hunc
2989 3406 3247 3461 adorandi
3280 3419 3505 3467 morem,

1940 3509 2133 3571 utpote
2152 3500 2554 3580 quodammodo
2602 3507 3008 3568 consecratum,
3039 3508 3189 3555 extra
3219 3497 3506 3553 ecclesiam

1938 3595 2164 3648 vetitum
2190 3591 2358 3650 fuisse
2393 3608 2492 3648 :ea
2537 3609 2789 3664 prorsus.
2808 3593 3016 3648 ratione
3037 3606 3142 3660 qua
3195 3590 3356 3643 hodie
3397 3604 3506 3643 non

1939 3686 2062 3739 licet
2083 3683 2280 3752 cuique
2307 3683 2536 3740 arbitrio
2592 3701 2711 3745 suo,
2763 3682 2994 3752 exempli
3025 3697 3190 3735 causa
3222 3680 3504 3734 incensum

1939 3785 1991 3831 et
2024 3775 2377 3847 thymiamata
2408 3779 2462 3830 in
2496 3778 2630 3832 vicis
2658 3787 2710 3831 et
2735 3776 2925 3847 plateis
2951 3773 3257 3845 promiscue
3288 3772 3501 3835 offerre,

1939 3867 2064 3936 quia
2100 3867 2215 3920 haec
2244 3868 2469 3938 speciali
2491 3909 2493 3911 .
2515 3868 2620 3922 ritu
2650 3874 2968 3924 consecrata
3017 3873 3070 3921 et
3111 3872 3312 3920 statuta
3341 3873 3502 3927 sunt;

1939 3959 2011 4013 ita
2036 3951 2148 4014 illis
2170 3961 2530 4029 temporibus,
2554 3961 2655 4014 etsi
2687 3959 2894 4012 licitum
2915 3959 3111 4029 cuique
3154 3965 3300 4013 esset
3333 3955 3503 4011 Deum

1939 4065 2104 4119 penes
2133 4065 2190 4104 se
2207 4050 2418 4119 precari
2446 4059 2500 4105 et
2520 4050 2785 4112 adorare,
2823 4049 2915 4102 illo
2941 4056 3119 4104 tamen
3163 4048 3325 4104 modo
3362 4062 3504 4119 genu

1938 4142 2187 4197 flectendi
2217 4156 2280 4196 ac
2325 4143 2379 4196 in
2412 4141 2646 4198 frontem
2689 4141 3083 4212 procumbendi
3123 4149 3275 4195 extra
3329 4140 3505 4196 eccle-

1938 4234 2074 4287 siam
2123 4231 2351 4287 adorare
2372 4233 2597 4289 vetitum
2632 4241 2784 4289 erat:
2822 4240 3045 4301 eratque
3095 4229 3222 4284 huic
3255 4226 3508 4296 rei,locu’s

1937 4329 2098 4391 atque
2129 4327 2343 4392 tempus
2364 4303 2740 4379 ecclesiastico
2772 4337 2979 4376 canone
3018 4323 3374 4375 constitutum
3399 4334 3412 4370 :
3435 4335 3503 4373 ne

1936 4411 2190 4467 fortassis
2215 4412 2342 4467 hinc
2364 4414 2510 4469 risus
2535 4421 2588 4467 et
2616 4412 3007 4467 cachinnorum
3049 4410 3273 4464 materia
3298 4407 3499 4464 Iudaeis

1936 4511 1990 4557 et
2037 4502 2292 4570 ethnicis,
2325 4520 2558 4574 quorum
2603 4512 2717 4557 tum
2773 4495 2963 4572 ingens
3010 4510 3126 4556 erat
3185 4500 3497 4563 multitudo,

263 4615 465 4671 diserte
488 4613 741 4684 explicat.
768 4611 848 4665 Ad
873 4612 1138 4682 psalmum
1161 4630 1291 4669 vero
1342 4631 1451 4680 xei,
1478 4617 1652 4674 fusius
1672 4637 1830 4675 enar-
1862 4619 1866 4672 1

1937 4589 2479 4662 subministraretur;
2533 4609 2667 4650 neve
2720 4595 2848 4649 hinc
2873 4596 3092 4666 quidam
3143 4593 3500 4663 exfreqyen-

263 4717 349 4764 rat
368 4724 468 4764 cur
493 4706 790 4763 Christiani
816 4705 1553 4762 SabbatuminDominicam
1589 4719 1828 4765 transtu-

262 4799 424 4855 lerint
449 4816 462 4851 :
494 4789 612 4870 qua
625 4805 836 4853 ratione
857 4790 1032 4868 primo
1054 4795 1295 4852 diluculo
1321 4807 1622 4854 conventus
1646 4811 1826 4870 agant,

263 4906 430 4962 panes
460 4890 845 4961 propositionis
865 4887 1194 4950 oderant,“
1224 4886 1498 4943 Orientem
1521 4892 1663 4945 versi
1706 4908 1830 4961 pre-

263 4989 476 5047 centur,
504 4982 747 5054 psalmos
778 4995 885 5034 una
938 4977 1303 5034 multitudinis
1334 4993 1465 5033 voce
1500 4980 1817 5047 concinant,

263 5081 325 5128 ct.
376 5061 592 5136 cateia,
640 5088 760 5142 qua:
791 5069 1234 5142 _pU.ﬂtxw1épr
1306 5069 1397 5125 ille
1458 5073 1822 5140 prosequitur.

263 5157 601 5215 Esalmorum
637 5169 814 5213 autem
849 5169 1068 5213 cantum
1117 5159 1172 5212 in
1201 5159 1454 5214 omnibus
1473 5161 1710 5216 universi
1739 5179 1826 5218 or-

261 5247 344 5304 bis
369 5257 481 5306 tam
526 5247 836 5304 Graecorum
857 5265 1028 5320 .quam
1058 5236 1412 5304 barbarorum
1468 5252 1714 5308 ecclesiis
1735 5258 1826 5310 ob-

264 5321 470 5395 servari
500 5338 828 5393 testificatur
861 5338 972 5402 ille,
1004 5339 1138 5408 psal.
1171 5355 1293 5392 va.

321 5453 407 5501 lii.
430 5451 879 5524 Deladora‘ndi‘ritu
900 5453 953 5524 in
975 5456 1183 5524 ecclesia
1204 5453 1464 5524 singularis
1486 5454 1684 5504 Eusebii
1710 5464 1762 5508 et

648 5514 816 5564 Basilii
847 5518 1096 5564 sententia
1123 5514 1428 5578 explanatur.

334 5595 620 5667 Singulare
640 5610 866 5668 prorsus
903 5611 966 5659 ac
987 5597 1394 5664 ponderandum
1427 5582 1509 5653 est
1554 5603 1695 5669 quod
1747 5602 1821 5655 ait

263 5685 558 5753 Eusebius,
601 5703 707 5743 non
741 5687 904 5742 licere
943 5696 1096 5742 extra
1147 5692 1431 5764 ecclesiam
1475 5691 1641 5747 Deum
1689 5693 1819 5747 adn-

266 5793 383 5833 rare
412 5794 425 5828 :
455 5781 658 5852 utsipse
675 5779 739 5834 ad
765 5779 1027 5850 psalmum
1079 5795 1266 5839 xxviii,
1301 5783 1385 5835 his
1424 5785 1602 5837 verbis
1644 5801 1819 5840 enun-

267 5870 402 5926 tiat:
438 5871 522 5927 Οὐ,
540 5871 647 5944 {ap
672 5872 776 5938 ἔξω
797 5873 894 5942 τῆς
920 5869 1212 5942 ἐκκλησίας
1244 5872 1348 5942 βσμ
1376 5894 1507 5941 παι,
1541 5877 1661 5929 οὐδὲ
1690 5878 1817 5932 ἀνα-

1930 4690 2415 4750 tioriadorationis
2448 4704 2548 4742 usu
2602 4685 2901 4743 inﬁdelium
2952 4690 3164 4743 animos
3211 4701 3498 4755 exaspera-

1929 4774 2050 4834 rent
2075 4780 2131 4832 in
2160 4778 2543 4841 Christianos;
2580 4792 2685 4830 neu
2736 4778 2954 4832 demum
2985 4776 3244 4834 ementita
3280 4774 3495 4844 pietatis

1929 4870 2109 4939 specie
2142 4861 2366 4938 gloriam
2391 4853 2680 4922 etlaudem
2730 4867 3022 4926 humanam
3069 4872 3491 4934 aucuparentur,

1929 4971 2023 5015 aut
2052 4961 2156 5014 alia
2204 4958 2362 5014 nobis
2391 4959 2572 5030 ignota
2611 4960 2678 5016 de
2721 4975 2906 5016 causa.
2952 4959 3106 5013 Hunc
3151 4959 3333 5025 itaque
3363 4955 3494 5008 ado-

1927 5053 2085 5107 randi
2134 5065 2340 5104 morem
2396 5059 2581 5107 vetant
2641 5051 2874 5108 Basilius
2915 5058 2968 5105 et
3018 5047 3284 5102 Eusebius
3338 5055 3491 5100 extra

1927 5143 2214 5200 ecclesiam
2246 5158 2548 5214 peragere:
2593 5159 2767 5213 neque
2810 5143 2997 5197 volunt
3025 5142 3145 5197 ideo
3178 5139 3492 5195 adoratione

1926 5235 2016 5288 illa
2040 5234 2271 5297 interna,
2325 5235 2526 5305 ubique
2567 5233 2784 5287 Numini
2832 5234 3159 5303 praestanda,
3189 5233 3288 5302 piis
3316 5232 3494 5287 homi-

1925 5326 2113 5378 nibus-
2139 5324 2390 5379 interdici
2418 5344 2429 5378 :
2460 5322 2604 5394 quod
2639 5323 2908 5377 neminem
2965 5333 3094 5395 puto
3140 5322 3348 5377 inﬁcias
3385 5323 3491 5376 itu-

1923 5431 2065 5470 rum.
2102 5414 2251 5468 Alias
2284 5415 2614 5487 enimoiidem
2637 5414 2870 5470 Basilius
2911 5425 2966 5471 et
3003 5415 3287 5481 Eusebius,
3318 5414 3488 5469 Deum

1923 5523 2021 5578 pro
2043 5506 2213 5560 lubito
2241 5509 2506 5578 cujusque
2550 5508 2882 5563 adorandum
2927 5515 3173 5564 statuunt
3203 5526 3224 5577 :7
3249 5508 3392 5579 quod
3435 5510 3489 5561 in

1924 5599 2144 5667 scriptis
2176 5599 2361 5654 Basilii
2392 5599 2704 5668 frequenter
2723 5599 3047 5670 comperias,
3080 5612 3143 5653 ac
3171 5599 3224 5652 in
3260 5600 3344 5655 his
3362 5600 3486 5654 item

1923 5695 2330 5748 commentariis
2365 5691 2636 5748 Eusebius
2677 5706 2778 5767 nec
2815 5690 2979 5745 semel
3007 5689 3340 5744 adorandum
3371 5691 3490 5743 ubi-

1921 5801 2026 5855 que
2055 5785 2220 5840 Deum
2250 5801 2373 5841 esse
2393 5786 2573 5840 docet.
2613 5786 2671 5837 In
2721 5790 3084 5854 promptuque
3127 5793 3291 5851 esset,
3319 5786 3486 5839 multa

1922 5878 2078 5934 adid
2117 5876 2578 5948 comprobandum
2629 5878 2747 5934 loca
2790 5894 3117 5949 congerere:
3146 5895 3331 5935 verum
3364 5897 3490 5934 cum
