4262 6406
780 513 851 567 55
1430 500 1696 559 EUSEBII
1733 499 2203 555 CESARIENSIS
2241 498 2387 556 OPP.
2422 495 2594 552 PARS
2633 495 2720 551 lli.
2756 525 2824 535 —-
2862 493 3268 551 EKEGETICA.
3918 494 3986 550 56

780 634 963 689 nullus
994 635 1093 686 hac
1132 630 1197 685 de
1227 645 1283 683 re
1325 626 1708 683 controversiae
1735 626 1887 682 locus
1910 641 2031 681 esse
2054 626 2251 689 valeat,
2276 624 2341 679 iis
2370 628 2414 682 A
2442 622 2793 685 servabatur;
2826 618 3110 674 Matthams
3138 633 3267 673 sane
3301 616 3513 687 propria
3540 615 3989 685 interpretatione

782 725 1065 791 afferendis
1094 724 1530 794 supersedemus.

841 857 923 908 IV.
950 855 1139 906 Infinita
1178 857 1302 905 dona
1330 858 1554 905 ecclesiis
1586 855 1787 905 Eusebii
1834 861 2054 917 tempore
2080 855 2271 905 collata.

850 980 905 1035 In
936 982 1197 1051 psalmum
1226 997 1374 1047 Lxxt,
1404 982 1555 1037 Deus‘
1558 984 1817 1051 judicium
1847 992 1991 1034 tuum
2022 983 2129 1051 regi
2157 980 2334 1045 da,‘ad

781 1073 927 1127 hunc
952 1088 1189 1137 versum,
1215 1072 1282 1125 Et
1312 1074 1437 1127 vivet
1468 1085 1515 1127 et
1539 1074 1751 1127 dabitur
1782 1073 1910 1127 cide
1940 1090 2078 1131 auro
2101 1073 2331 1134 Arabiaz,

781 1164 857 1215 ait
880 1161 1146 1217 Eusebius
1176 1182 1187 1215 :
1217 1161 1285 1214 Et
1308 1163 1443 1216 alias
1498 1180 1696 1233 quoque
1748 1165 1802 1217 in
1840 1145 2068 1216 ecclesiis
2114 1161 2331 1224 Christi,

779 1254 907 1321 ipsis
932 1254 1096 1307 oculis
1126 1253 1357 1308 videmus
1390 1253 1603 1321 inﬁnita
1656 1270 1720 1307 ea:
1780 1271 1911 1308 auro
1945 1270 2076 1323 puro
2105 1254 2331 1317 cimelia,

780 1349 837 1399 in
869 1348 979 1417 ejus
1002 1348 1247 1401 honorem
1269 1355 1593 1400 consecrata.
1616 1344 1732 1411 Quo
1761 1346 1946 1400 videas
1974 1362 2081 1399 non
2113 1360 2332 1409 novum,

782 1453 955 1507 neque
979 1452 1168 1493 recens
1196 1438 1473 1492 inductum
1497 1452 1702 1490 morem
1735 1452 1874 1499 esse,
1910 1430 2051 1491 dana
2075 1446 2129 1490 et
2172 1436 2336 1491 cime—

782 1531 853 1583 lia
886 1532 940 1582 in
996 1527 1244 1584 ecclesiis
1284 1527 1488 1582 Christi
1550 1526 1905 1582 consecrandi
1940 1512 2115 1596 :‘quin
2154 1527 2334 1597 potius

781 1622 925 1691 quod
950 1618 1212 1674 Eusebius
1244 1618 1733 1687 frequentissimum
1758 1617 1981 1681 indicat,
2002 1618 2112 1687 jam
2146 1633 2335 1688 perra-

782 1729 904 1766 rum
948 1728 1069 1767 esse
1110 1712 1725 1781 comprobaturzneque
1776 1710 1919 1764 enim
1954 1712 2026 1763 ita
2078 1712 2241 1763 multa
2270 1725 2334 1764 ex

786 1820 916 1860 auro
959 1820 1093 1874 puro
1135 1804 1347 1858 cimelia
1386 1804 1441 1855 in
1476 1802 1689 1870 templis
1730 1801 1890 1855 hodie
1941 1800 2331 1870 deprehendas.

783 1893 974 1949 Narrat
1020 1910 1146 1949 vero
1196 1894 1335 1947 idem
1389 1893 1652 1947 Eusebius
1686 1892 2124 1955 Constantinum,
2162 1892 2335 1946 eccle-

785 1989 921 2042 siam
954 1988 1067 2042 sive
1090 1986 1407 2055 martyrium
1433 1984 1730 2038 Salvatoris
1753 2023 1767 2045 ,
1793 1982 1933 2050 quod
1971 1982 2083 2051 ipse
2126 1982 2334 2052 magni-
2366 1989 2406 2042 Β

783 2076 1193 2132 ficentissitnum
1224 2082 1585 2135 exstruxerat,
1645 2073 1865 2127 infinitis
1912 2073 2152 2127 donariis
2186 2074 2335 2127 locu-

782 2168 1039 2237 pletasse,
1083 2164 1277 2234 partim
1304 2180 1367 2218 ex
1428 2178 1560 2217 auro
1620 2173 1673 2217 et
1723 2172 1967 2231 argento,
2020 2164 2210 2232 partim
2270 2177 2332 2215 ex

786 2257 1012 2327 gemmis
1047 2265 1098 2317 et
1130 2257 1251 2310 aliis
1298 2255 1550 2324 pretiosis
1606 2254 1855 2308 cimeliis.
1912 2254 2013 2319 Qui
2046 2254 2337 2322 imperator

786 2349 909 2403 aliis
937 2348 1169 2402 fortasse
1196 2348 1443 2417 exemplo
1485 2361 1549 2399 ac
1586 2345 1804 2399 stimulo
1839 2343 2019 2406 fuerit,
2059 2353 2113 2395 ut
2142 2342 2337 2396 similia

784 2439 926 2492 dona
972 2439 1217 2492 certatim
1265 2438 1317 2490 in
1379 2435 1622 2490 ecclesiis
1663 2440 2065 2489 consecrarent.
2102 2431 2335 2501 ldipsum

783 2530 973 2599 paucis
1002 2528 1195 2597 repetit
1227 2529 1291 2579 ad
1330 2526 1594 2595 psalmum
1633 2516 1799 2587 cxvu,
1844 2523 2097 2592 additque
2146 2522 2336 2577 diebus

783 2619 1083 2690 praesertim
1115 2617 1515 2673 solemnitatum
1560 2616 1847 2683 ecclesiam
1892 2614 2047 2668 donis
2070 2629 2337 2669 exornan-

785 2714 909 2766 dam
930 2725 1069 2765 esse.
1106 2709 1207 2764 Ubi
1235 2709 1301 2763 ad
1332 2709 1442 2763 haec
1466 2707 1774 2780 Symmachi
1805 2706 1998 2770 verba,
2040 2705 2338 2775 Συνδήσατε

785 2806 843 2856 ἐν
894 2802 1192 2872 πανηγύρει
1249 2801 1594 2871 πυκάσματα,
1646 2798 1751 2860 ἕως
1797 2797 1905 2849 τῶν
1950 2798 2192 2863 κεράτων
2245 2795 2337 2847 τοῦ

786 2895 1186 2965 θυσιαστηρίου,
1212 2893 1265 2947 id
1292 2903 1394 2956 est,
1430 2891 1689 2961 Colligate
1710 2894 1763 2943 in
1793 2889 2089 2943 celebritate
2116 2887 2342 2941 densita-

788 2999 859 3042 tes
890 3002 1048 3055 usque
1073 2985 1141 3037 ad
1166 3001 1363 3038 cornua
1393 2985 1623 3044 altaris;
1670 2984 1784 3035 hIBC
1810 2981 1969 3035 habet
1999 3002 2009 3033 ε
2042 2978 2139 3031 His
2168 2988 2340 3031 autem

786 3080 1044 3145 prarcipit,
1075 3076 1253 3129 multis
1282 3073 1501 3128 cimeliis
1553 3073 1765 3125 domum
1816 3071 1913 3124 Dei
1942 3069 2157 3140 replere,
2192 3078 2342 3138 atque

787 3170 1023 3223 donariis
1055 3167 1403 3237 frequentibus
1434 3166 1599 3233 Ipsam
1617 3164 1928 3233 temporibus
1953 3161 2343 3215 solemnitatem

880 3273 1058 3311 enare.

1378 3409 1605 3465 CAPUT
1655 3409 1745 3463 IX.

916 3540 1289 3582 .IISCELLANEA
1340 3540 1566 3586 quanam
1620 3538 1958 3577 OBSEIH'ANDA

1355 3608 1771 3647 COIIENTARHS.

2013 3538 2063 3574 IN
2117 3538 2202 3575 IIIS

796 3742 846 3799 Ι.
883 3742 1093 3797 Eusebii
1125 3742 1186 3795 de
1213 3742 1451 3797 Matt/mai
1475 3742 1752 3811 Evangelia
1776 3744 2050 3811 sententia.
2079 3741 2160 3795 H.
2178 3740 2344 3795 Joan-

863 3830 949 3867 nes
990 3811 1246 3865 llebraica
1287 3813 1573 3881 exemplari
1607 3810 1733 3881 usus
1776 3825 1875 3874 est,
1932 3810 2133 3863 Paulus
2174 3822 2343 3864 autem

867 3882 1046 3936 (ὑπ’εο
1098 3882 1249 3934 LXX
1282 3880 1648 3951 Interpretum.
1713 3880 1830 3935 IlI.
1881 3881 2121 3942 Apostoli
2170 3897 2343 3934 omnes

861 3954 1117 4021 martyrio
1153 3956 1408 4017 coronati,
1428 3950 1499 4006 ex
1533 3970 1637 4022 qua
1671 3954 1805 4004 tribu
1832 3950 2023 4021 singuli
2048 3951 2345 4022 fuerintde-

864 4024 1111 4090 prehendi
1140 4035 1330 4089 potest.
1382 4023 1484 4077 IV.
1533 4025 1615 4076 An
1662 4023 2035 4090 prophetarum
2088 4021 2344 4073 successio

867 4091 935 4142 ad
982 4092 1238 4160 Joannem
1279 4091 1577 4160 Baptistam
1619 4094 1922 4159 pervenerit.
1974 4091 2033 4142 V.
2090 4090 2343 4142 Eusebius

867 4158 1210 4230 labituridum
1240 4158 1515 4214 monachos
1549 4180 1579 4213 η
1611 4160 1921 4230 Symmacho
1949 4162 2345 4230 memoraripu-

867 4239 966 4285 tut.
1014 4229 1108 4283 VI.
1142 4229 1385 4283 Manachi
1432 4228 1899 4299 penori—tempore
1924 4230 2164 4299 Eusebii.
2213 4228 2341 4299 νυ.

867 4299 1166 4370 Martyrum
1195 4303 1461 4354 cruciatus
1501 4297 1814 4369 singulares.
1866 4297 2346 4370 Vlll._.iliud‘teiJe-

865 4368 1247 4440 rosolymarum
1277 4370 1423 4440 aditu
1456 4368 1745 4440 interclusi.
1783 4370 1976 4440 Quare.
2016 4368 2121 4422 IX.
2151 4370 2341 4421 Tradi-

869 4438 1030 4493 tioues
1061 4441 1301 4503 qutvdam
1330 4439 1658 4493 Judwarum.
1688 4438 1755 4493 X.
1790 4438 2211 4492 Christianorum
2248 4442 2346 4505 [re-

869 4512 1079 4577 quentia
1122 4511 1177 4561 in
1238 4509 1548 4573 Moabitide,
1601 4508 1951 4561 Ammonitide
1985 4518 2031 4559 et
2081 4508 2339 4564 Iduma'a.

872 4578 976 4631 XI.
1012 4578 1264 4630 Eusebius
1300 4581 1372 4629 ait
1414 4581 1662 4631 mundum
1696 4578 1952 4644 sphazrica
1988 4579 2160 4641 [arma
2204 4594 2342 4637 esse;

868 4658 1067 4701 ηιοηιεδ
1090 4656 1137 4700 et
1161 4658 1336 4716 petras
1369 4650 1555 4700 δεηδὶηι
1585 4664 1830 4702 crescere.

996 4780 1034 4828 Ι.
1061 4780 1252 4829 Eusebii
1275 4782 1335 4828 de
1361 4780 1571 4829 Μίληὴωὶ
1597 4782 1864 4844 Evangelia
1886 4783 2151 4830 sententia.

865 4930 953 4983 Ait
974 4926 1239 4983 Eusebius
1266 4928 1595 4990 Matthaaum,
1632 4927 1885 4983 llebrasus
1911 4944 2033 4983 cum
2063 4936 2225 4994 esset,
2260 4929 2349 4981 ubi

799 5019 1008 5073 Veteris
1034 5017 1365 5074 Testamenti
1386 5020 1563 5074 locum
1589 5020 1784 5081 attulit,
1813 5021 2026 5088 prapria
2049 5036 2202 5073 usum
2233 5035 2354 5073 esse

800 5111 1287 5180 interpretatione:
1335 5127 1459 5164 nam
1495 5110 1648 5177 illud,
1690 5119 1942 5195 D‘tp'ut:
1980 5118 2142 5171 m‘t’t't
2180 5118 2355 5173 mihi:

799 5201 944 5267 quod
965 5203 1037 5254 ita
1061 5218 1089 5253 a
1120 5200 1468 5269 Septuaginta
1491 5202 1877 5272 interpretibus
1900 5202 2162 5266 redditur,
2187 5200 2355 5267 Φοέγ-

801 5289 963 5357 ξομαι
1003 5290 1276 5361 ..ρυόλήμσ
1298 5310 1347 5343 7e.
1371 5294 1538 5361 λιὲἁι.
1570 5292 1665 5362 ἧς,
1684 5291 1889 5360 Loquar
1932 5292 2255 5358 problemata
2288 5290 2351 5341 ab

802 5380 953 5432 initio
975 5381 1151 5449 (Psal.
1186 5398 1386 5443 mixtu,
1418 5382 1496 5449 9.),
1533 5384 1584 5437 in
1609 5374 1796 5438 Graeco
1821 5382 2053 5435 Matthaei
2098 5390 2244 5436 textu
2273 5382 2354 5435 his

801 5472 983 5526 verbis
997 5474 1242 5537 vertitur,
1262 5473 1573 5544 Ἐρεύξομαι
1587 5472 1937 5544 κεκρυμμένα
1948 5472 2356 5540 ἁπὺκαταϐολῆς

803 5564 1030 5633 κόσμου,
1068 5562 1332 5619 Eructabo
1359 5565 1666 5619 abscmdita
1704 5584 1735 5618 α
1767 5565 2137 5619 constitutione
2156 5563 2357 5615 mundi.

805 5656 873 5707 At
902 5672 1025 5709 cum
1066 5655 1370 5723 Mattbaaus,
1403 5657 1623 5721 Irenaeo,
1667 5658 1929 5727 Origene,
1964 5655 2213 5727 Eusebio
2241 5655 2357 5723 ipso

778 5755 857 5821 et
906 5746 1233 5819 Hieronymo
1260 5753 1510 5814 testibus,
1547 5751 1899 5821 Evangelium
1931 5747 2193 5803 llebraice
2222 5748 2355 5801 scri-

806 5844 998 5908 pserit,
1060 5843 1216 5910 cujus
1266 5844 1540 5912 exemplar
1570 5858 1684 5898 aevo
1718 5840 2027 5910 Hieronymi
2077 5840 2129 5893 in
2162 5840 2358 5894 biblio-

806 5931 958 5987 theca
1002 5932 1359 5999 Cmsariensi,
1411 5951 1437 5985 ει
1496 5933 1775 5998 Pamphilo
1822 5931 2055 6002 Martyrc
2106 5930 2353 5997 collecta,

2436 712 2619 767 Graeca
2644 728 2776 767 usus
2811 726 2920 764 non
2948 718 3051 773 est,
3099 710 3192 763 sed
3224 708 3340 777 ipsa
3382 707 3649 762 llebraica
3686 706 3850 760 verba
3880 703 3986 776 Sy-

2434 803 2816 859 ro-Chaldaico
2862 816 3133 867 sermone,
3177 801 3353 870 qualis
3399 808 3530 855 tunc
3578 799 3719 870 apud
3768 789 3997 854 Judzeo!

2437 912 2536 949 usu
2571 893 2840 959 veniebat,
2870 892 3157 962 expressit,
3191 898 3249 943 ut
3295 891 3351 944 in
3395 906 3529 946 voce
3564 890 3785 945 Lamma
3814 876 3989 946 Saba-

2435 984 2609 1038 cthani
2644 983 3037 1054 deprehendas,
3075 984 3131 1035 in
3181 982 3409 1051 aliisque
3453 998 3560 1037 non
3590 982 3799 1053 paucis,
3827 981 3986 1051 queis

2434 1075 2609 1143 palam
2660 1082 2742 1128 est
2789 1072 3094 1127 Matthzeum
3147 1072 3202 1125 in
3256 1071 3543 1142 Evangelia
3590 1090 3689 1129 suo
3723 1072 3987 1128 Hebraice

2434 1162 2765 1233 conscripto,
2800 1163 2974 1219 sicubi
3006 1164 3124 1216 loca
3166 1177 3231 1217 ex
3284 1161 3463 1217 Veteri
3513 1162 3859 1219 Testamento
3890 1179 3988 1220 oc-

2434 1256 2746 1319 currebant,
2777 1271 2837 1310 ea
2869 1254 3315 1325 Syro—Cbaldaico
3336 1270 3582 1310 sermone
3611 1259 3944 1326 expressisse
3968 1275 3983 1311 :

2436 1362 2505 1401 an
2532 1361 2662 1402 vero
2696 1348 2908 1416 prapria
2942 1347 3030 1401 ille
3052 1347 3490 1416 interpretatione
3524 1347 3595 1402 sit
3632 1356 3784 1414 osus,
3818 1363 3886 1401 an
3917 1364 3987 1403 ex

2436 1440 2541 1492 alia
2569 1432 2736 1507 prius
2792 1439 3053 1494 adornata
3103 1441 3350 1496 versione
3398 1440 3515 1493 loca
3563 1439 3634 1494 sit
3683 1450 3984 1504 mutuatus,

2436 1530 2579 1584 haud
2631 1530 2764 1585 levis
2812 1531 3037 1600 quaestio
3086 1542 3193 1587 est.
3242 1531 3437 1587 Postea
3484 1538 3661 1584 autem
3718 1530 3987 1601 interpres

2436 1621 2673 1685 Graseus,
2697 1624 2821 1693 quis
2846 1624 2935 1677 ille
2964 1623 3125 1685 fuerit
3159 1624 3420 1678 incertum
3440 1638 3564 1679 esse
3597 1629 3778 1675 narrat
3804 1621 3991 1679 Hiero-

2437 1729 2650 1784 nymus,
2707 1715 2822 1768 haec
2878 1714 3097 1785 propria
3146 1715 3586 1784 interpretatione
3618 1712 3855 1779 donavit,
3887 1728 3989 1769 nec

2437 1804 2571 1858 LXX
2606 1806 3047 1874 interpretatione
3068 1814 3151 1860 est
3179 1821 3331 1860 usus.

2438 1956 2498 2005 ll.
2530 1957 2741 2005 Joannes
2779 1955 3017 2005 Hebraico
3039 1958 3308 2019 exemplari
3348 1971 3465 2006 usus
3486 1964 3579 2016 est,
3606 1958 3787 2009 Paulus
3822 1964 3989 2009 autem

2878 2020 3042 2067 Grseeo
3065 2018 3549 2081 LXX’lnterpretum.

2503 2137 2762 2195 Joannem
2791 2141 3058 2207 similiter,
3098 2150 3281 2211 utpote
3332 2141 3611 2197 Hebraeum
3667 2152 3720 2200 et
3765 2159 3830 2199 ex
3882 2141 3992 2197 Ile-

2434 2230 2592 2307 braeis
2618 2240 2816 2296 ortum,
2862 2235 2937 2287 ait
2962 2233 3226 2289 Eusebius
3255 2234 3322 2287 ad
3353 2236 3620 2305 psalmum
3654 2251 3743 2301 χι,
3772 2235 3993 2304 propria

2435 2308 2877 2391 interpretatione
2909 2341 3067 2391 usum
3098 2340 3221 2379 esse
3242 2326 3331 2379 ubi
3365 2327 3622 2397 πτέρναν,
3655 2327 3790 2391 sive,
3821 2327 3996 2382 calca-

2436 2430 2585 2467 neum
2608 2415 2791 2477 vertit,
2827 2430 2936 2483 quo
2967 2416 3085 2470 luco
3111 2414 3249 2468 LXX
3279 2418 3627 2488 πτερνισμόν,
3659 2417 3712 2470 id
3738 2425 3842 2479 est,
3866 2431 3995 2483 sup-

2434 2504 2846 2572 plantationem,
2903 2514 3213 2576 posuerant.
3266 2505 3469 2561 Contra
3529 2521 3658 2561 vero
3711 2508 3993 2576 apostolus

2436 2594 2659 2657 Paulus,
2683 2596 2761 2650 sic
2790 2595 3071 2663 Eusebius,
3094 2613 3175 2666 ps.
3197 2599 3339 2662 "1,7,
3362 2599 3682 2668 legisperitns
3700 2614 3818 2652 cum
3835 2608 3992 2663 esset,

2437 2685 2493 2739 in
2525 2681 2763 2754 Epistula
2810 2686 2876 2739 ad
2922 2685 3175 2742 Hebraeos
3223 2686 3573 2759 Septuaginta
3634 2686 3990 2757 lnterpretum

2438 2774 2684 2829 versione
2704 2781 2784 2828 est
2816 2790 2968 2829 usus.
3005 2774 3127 2831 llzec
3156 2792 3283 2833 vero
3314 2779 3559 2847 pluribus
3590 2778 3643 2831 in
3672 2778 3996 2831 collectione

2440 2862 2829 2933 llexaplorum,
2868 2880 2898 2919 a
2922 2866 3080 2922 nobis
3108 2869 3419 2937 propediem
3443 2868 3779 2935 adornanda,
3805 2868 3993 2939 explo-

2440 2954 2606 3009 randa
2630 2957 2862 3011 venient.

2513 3079 2601 3130 Ill.
2622 3081 2847 3143 Apostoli
2867 3096 3038 3132 omnes
3059 3086 3292 3143 martyrio
3310 3088 3541 3134 coronati.
3572 3086 3643 3134 Ex
3664 3098 3761 3146 qua
3778 3084 3913 3133 tribu

2759 3146 2938 3205 singuli
2958 3146 3143 3195 fuerint
3163 3147 3470 3208 deprehendi
3488 3154 3665 3207 potest.

2516 3293 2571 3347 ln
2603 3292 2751 3346 illum
2773 3293 2961 3362 psalmi
2985 3309 3109 3347 uxr
3132 3308 3370 3358 versum,
3393 3293 3461 3347 Et
3488 3295 3791 3348 honorabile
3811 3313 3997 3351 nomen

2444 3400 2624 3439 eorum
2650 3401 2832 3441 coram
2864 3384 2997 3448 illo;
3032 3386 3145 3439 sive
3168 3385 3463 3439 secundum
3489 3385 3888 3457 Symmachum,
3929 3386 3997 3440 Et

2441 3477 2706 3542 pretiosus
2729 3477 2827 3530 erit
2864 3476 3081 3546 sanguis
3121 3492 3301 3530 eorum
3334 3492 3512 3529 coram
3545 3478 3660 3543 illo,
3684 3478 3806 3533 inec
3838 3479 3999 3533 habet

2441 3565 2707 3622 Eusebius
2764 3584 2777 3620 :
2837 3567 2995 3634 Quets
3062 3578 3231 3635 aperte
3285 3584 3454 3621 necem
3509 3569 3722 3624 illorum
3762 3572 3995 3639 (aposto—

2445 3656 2638 3727 lorum)
2699 3658 3066 3720 subindicavit,
3132 3675 3234 3726 qua
3304 3659 3498 3729 singuli
3561 3662 3704 3715 vario
3754 3663 3999 3731 martyrii

2442 3738 2623 3816 genere
2659 3750 2835 3817 a/fecti
2870 3761 3015 3813 sunt,
3057 3764 3119 3799 ac
3163 3746 3298 3799 alius
3327 3749 3432 3801 alio
3458 3750 3631 3812 modo,
3664 3750 3725 3803 ob
3763 3752 4000 3804 testimo—

2444 3840 2683 3909 niumde
2715 3840 2807 3893 illa
2849 3842 3055 3903 datum,
3102 3835 3373 3906 sanguinis
3418 3854 3633 3906 agonem
3681 3840 3861 3894 subiit.
3918 3840 3998 3896 Ex

2444 3930 2805 3983 monumentis
2835 3938 3010 3982 autem
3028 3928 3212 3992 certis,
3233 3942 3350 3995 quae
3375 3928 3486 3995 jam
3516 3940 3828 3998 supersunt,
3855 3933 3997 3986 haud

2448 4016 2599 4071 facile
2627 4026 2708 4073 est
2747 4018 3084 4089 singulorum
3108 4018 3475 4089 apostolorum
3507 4022 3825 4089 martyrium
3851 4036 3999 4075 com-

2448 4110 2693 4177 probare.
2731 4108 2927 4163 Verum
2977 4107 3265 4169 Eusebius,
3301 4117 3359 4160 ut
3399 4114 3710 4177 apostolicis
3745 4114 4001 4183 tempori-

2446 4203 2548 4257 bus
2582 4203 2827 4265 vicinior,
2872 4203 3048 4273 potuit
3082 4200 3310 4254 forsitan
3340 4200 3406 4255 de
3453 4205 3719 4276 cujusque
3769 4207 3999 4277 apostoli

2445 4293 2703 4363 martyrio
2731 4295 2991 4351 certiores
3027 4300 3181 4345 notas
3211 4293 3470 4348 invenire.
3507 4295 3601 4352 Est
3623 4312 3749 4352 vero
3782 4299 3869 4351 illa
3884 4297 3999 4366 jam

2445 4399 2544 4438 usu
2578 4400 2711 4453 pene
2741 4394 2951 4454 recepta
2976 4382 3159 4450 apinio
3186 4385 3459 4451 apostolos
3489 4402 3675 4443 omnes
3709 4404 3807 4458 pro
3840 4388 4001 4444 Chri-

2446 4483 2532 4527 sto
2558 4488 2750 4541 psssos
2776 4490 2917 4537 esse,
2950 4474 3050 4527 etsi
3079 4489 3187 4526 non
3219 4474 3398 4529 desint
3426 4477 3517 4544 qui
3547 4493 3706 4534 secus
3730 4479 3998 4535 arbitren-

2446 4575 2554 4620 tur.
2583 4564 2781 4619 Verum
2812 4579 2873 4619 ea
2913 4565 2967 4617 in
2998 4580 3054 4617 re
3100 4580 3355 4636 perquam
3385 4567 3599 4622 difﬁcile
3628 4578 3709 4623 est
3735 4572 3999 4641 explorati

2383 4674 2424 4726 ι)
2450 4656 2722 4727 quidpiam
2748 4657 2939 4710 afferre
2973 4675 2984 4709 :
3020 4670 3140 4710 nam
3171 4659 3473 4727 apostolica
3496 4668 3733 4729 tempora
3769 4670 3819 4716 et
3851 4671 4001 4733 gesta

2458 4753 2624 4807 tantis
2653 4759 2778 4806 sunt
2808 4749 3050 4805 tenebris
3073 4750 3264 4815 offusa,
3299 4761 3357 4805 ut
3382 4766 3481 4805 nec
3506 4751 3593 4805 ubi
3615 4761 3837 4807 mortem
3861 4753 4006 4808 obie-

2456 4850 2562 4898 rint
2591 4842 2843 4914 apostoli,
2894 4844 3083 4912 paucis
3132 4845 3392 4914 exceptis,
3429 4858 3527 4898 nec
3574 4859 3710 4913 quas
3736 4843 3884 4899 orbis
3916 4860 4005 4899 re-

2453 4935 2636 5003 giones
2660 4935 3013 5004 peragrarint,
3039 4935 3113 4989 ita
3132 4934 3415 5005 perspicue
3439 4936 3645 4991 narrari
3669 4936 3859 5006 possit.
3892 4935 4005 4992 Nec

2454 5026 2612 5079 modo
2644 5026 2892 5094 quatiam
2920 5027 3208 5081 traduntur
3228 5028 3429 5080 incerta
3458 5036 3617 5094 sunt;
3642 5026 3737 5082 sed
3766 5028 3926 5082 etiam
3957 5030 4004 5083 si

2452 5134 2554 5186 qua
2569 5118 2634 5171 ab
2645 5117 2895 5179 Eusebio,
2911 5126 2966 5172 et
2984 5134 3013 5171 a
3042 5118 3234 5172 coazvis
3256 5125 3348 5172 aut
3370 5119 3693 5189 supparibus
3724 5119 4005 5188 scriptori-

2455 5205 2555 5260 bus
2578 5208 2803 5276 carptim
2819 5206 2884 5261 de
2899 5206 3007 5261 illis
3025 5204 3391 5276 proferantur,
3412 5223 3516 5261 non
3543 5208 3615 5260 ita
3648 5208 3792 5263 clare
3814 5224 4006 5265 recen-

2455 5305 2658 5350 sentur.
2688 5295 2841 5361 Quod
2868 5304 3047 5349 autem
3078 5295 3153 5346 ait
3181 5292 3467 5358 Eusebius,
3493 5296 3545 5348 in
3566 5296 3703 5365 psal.
3726 5313 3895 5361 van,
3927 5298 3999 5350 28

2456 5388 2520 5441 ad
2554 5388 2707 5441 ﬁnem
2732 5407 2743 5440 :
2768 5385 2825 5439 Si
2840 5387 2954 5454 quis
2967 5400 3082 5438 vero
3103 5399 3190 5450 per
3213 5382 3372 5438 otium
3392 5395 3634 5440 accurate
3656 5387 4002 5456 perquisierit,

2456 5480 2702 5547 cujusque
2726 5476 2950 5543 apostoli
3000 5474 3189 5526 tribum
3226 5475 3439 5542 reperiet
3478 5490 3494 5527 :
3535 5493 3656 5530 nam
3685 5478 3848 5529 cuivis
3872 5489 4008 5542 quc-

2457 5568 2589 5620 renti
2612 5567 2772 5619 datur
2801 5582 2821 5617 (
2858 5564 3132 5626 Scrutare
3161 5566 3451 5619 inveniendi
3486 5567 3798 5635 promissio;
3830 5566 3905 5627 id,
3926 5567 4006 5620 in-

2457 5672 2642 5728 quam,
2672 5648 2889 5717 Eusebii
2912 5666 3032 5714 avo
3068 5655 3297 5711 fortasse
3334 5665 3546 5726 poterat
3578 5672 3645 5711 ex
3687 5671 4007 5713 monumen—

2459 5750 2527 5803 tis
2556 5755 2798 5803 veterum
2843 5747 3131 5817 eXplorari.
3179 5746 3297 5801 Iam
3341 5762 3469 5802 vero
3498 5762 3619 5802 cum
3654 5761 3841 5801 eorum
3871 5748 4009 5804 bene

2458 5838 2633 5915 multa
2658 5837 2856 5893 fuerint
2884 5844 3150 5892 vetustate
3172 5836 3459 5891 obliterata
3487 5843 3541 5891 et
3564 5836 3857 5903 exstincta;
3894 5836 4007 5891 fru-

2461 5939 2594 5997 stra,
2644 5941 2700 5987 ut
2745 5932 3000 5996 arbitror,
3036 5937 3308 6000 quaeratur
3360 5944 3425 5987 ex
3478 5945 3583 5998 qua
3637 5931 3778 6008 tribu
3810 5930 4013 6003 singuli
