4262 6406
275 488 337 544 57
1058 489 1555 548 COMMENTARIA
1590 490 1657 545 IN
1688 490 2020 549 PSALMOS.
2061 525 2128 533 —
2152 492 2693 549 PRELIMI‘NARIA.

3421 494 3539 553 58.

278 608 505 675 apostoli
537 606 839 677 prodierint
876 628 886 662 :
920 610 1063 679 quod
1087 611 1251 663 etiam
1286 610 1331 665 si
1365 602 1694 681 deprehendi
1719 626 1839 680 pos-
1864 619 1907 671 Α
1940 612 2143 676 sebius,
2178 611 2393 667 Hilario
2425 622 2477 667 et
2510 612 2745 666 fortasse
2792 611 2881 665 alii
2917 608 3123 680 perrari
3175 613 3227 665 in
3259 612 3490 667 desertis

280 707 376 762 set,
413 715 521 754 non
545 716 737 771 magno
768 717 945 771 opera:
966 702 1136 770 pretio
1173 702 1342 756 ﬁeret.

280 790 457 841 IV.An
500 792 853 854 prophetarum
901 794 1247 903 succcssio_lad
1286 794 1525 843 Joannem
1568 794 1831 855 Baptistam

910 867 1169 903 nervenen
1198 891 1208 901 .

910 867 1208 915 pervenerit.

346 934 529 1005 Neque
565 937 690 991 item
715 938 941 1006 probatu
971 935 1127 992 facile
1147 947 1230 992 est
1256 936 1401 1005 quod
1434 937 1510 990 ait
1539 937 1828 999 Eusebius,

284 1026 417 1094 psal.
450 1042 639 1089 Lxxut,
672 1020 725 1092 8,
752 1026 908 1089 9,10,
928 1028 1307 1099 prophetarum
1325 1026 1721 1081 successionem
1742 1042 1833 1079 us-

283 1130 384 1184 que
408 1116 473 1169 ad
504 1114 763 1172 Joannem
793 1117 1082 1189 Baptistam
1106 1119 1389 1174 devenisse
1417 1138 1430 1171 :
1459 1133 1581 1171 nam
1612 1134 1677 1173 ex
1710 1119 1832 1172 libri

286 1204 709 1265 Machabtcorum
772 1217 826 1263 et
888 1206 1053 1263 Flavii
1076 1206 1293 1277 Josephi
1326 1208 1658 1271 testimonio,
1703 1205 1831 1261 Per~

283 1294 465 1350 saruni
498 1304 739 1367 tempore
752 1298 911 1353 desiit
940 1300 1030 1351 illa
1060 1298 1439 1368 prophetarum
1464 1300 1662 1365 series;
1688 1304 1744 1353 ut
1767 1314 1834 1354 ne

285 1388 367 1441 vel
382 1403 547 1442 unum
565 1403 594 1442 a
609 1387 875 1445 Nehemiae
886 1389 1213 1459 temporibus
1227 1390 1539 1458 prephetam
1556 1390 1834 1460 assignare

285 1478 485 1557 valeas.
505 1478 681 1544 Quare
701 1481 909 1535 aestimo
925 1479 1144 1535 Eusebii
1162 1480 1365 1534 dictum
1382 1495 1489 1533 non
1507 1482 1573 1534 ad
1598 1481 1831 1536 litteram

286 1569 660 1639 accipiendum
680 1586 833 1635 esse;
860 1570 953 1624 sed
980 1570 1220 1625 indicare
1246 1571 1420 1625 solum
1443 1571 1611 1640 legem
1633 1582 1685 1625 et
1705 1588 1832 1641 pro-

287 1659 476 1727 phetas
510 1660 565 1713 in
598 1658 856 1713 Joannem
884 1659 1180 1737 Baptistam
1204 1660 1474 1721 desinere,
1502 1662 1635 1729 quin
1672 1671 1830 1733 neget

287 1749 648 1806 intermissam
677 1751 967 1821 aliquando
994 1751 1160 1807 fuisse
1190 1752 1571 1823 prophetarum
1612 1760 1833 1808 succes-

286 1856 514 1896 snonem.

287 1929 325 1978 ν
373 1930 612 1978 Eusebius
632 1931 815 1981 labitur
834 1934 946 1981 dum
978 1934 1237 1982 monachos
1259 1949 1283 1983 a
1310 1934 1597 1993 Symmacho
1648 1946 1832 1982 memo-

346 1993 443 2039 rari
479 1999 633 2053 putat.
660 2020 721 2029 —
747 1994 827 2043 γι.
850 1994 1068 2043 Monachi
1095 1998 1281 2055 perrari
1308 2002 1529 2056 tempore
1555 1995 1771 2045 Eusebii.

354 2072 435 2127 Ad
461 2074 607 2129 hunc
634 2093 850 2135 versum
878 2078 1069 2148 psalmi
1103 2093 1271 2141 vatt,
1300 2079 1402 2144 Qui
1433 2079 1728 2131 inhabitare
1749 2077 1831 2146 fa-

282 2163 352 2216 cit
401 2165 561 2243 unius
617 2167 779 2221 moris
844 2168 897 2220 in
950 2167 1126 2232 domo,
1184 2175 1424 2221 veterum
1478 2167 1831 2243 interpretum

282 2256 568 2312 lectionem
633 2258 786 2312 affert
832 2256 1116 2325 Eusebius,
1197 2257 1290 2311 ubi
1349 2256 1656 2326 Symmachi
1713 2272 1835 2309 ver-

285 2346 367 2400 sio
421 2347 502 2400 sic
555 2348 714 2402 habet
742 2368 754 2402 :
786 2347 1006 2401 Δὶδωσιν
1055 2350 1219 2401 οἰκεῖν
1252 2348 1500 2418 μοναχοῖς
1526 2346 1699 2399 οἰκίαν
1730 2364 1743 2376 -
1780 2348 1834 2400 id

285 2443 407 2491 est:
437 2436 539 2489 Dat
579 2436 975 2489 inhabitandam
1008 2436 1277 2507 monachis
1306 2435 1518 2489 domum
1546 2450 1566 2499 ;
1602 2449 1725 2487 nam
1761 2435 1832 2487 ita

285 2519 385 2582 nos
418 2528 677 2582 vertimus
710 2529 836 2598 quia
886 2528 1150 2584 Eusebius
1196 2528 1264 2582 de
1317 2526 1597 2583 monachis
1655 2526 1831 2579 locum

284 2617 517 2685 explicat
553 2635 565 2670 :
618 2618 740 2679 etsi,
770 2632 889 2672 mea
925 2618 1141 2687 quidem
1185 2618 1474 2682 sententia,
1503 2632 1610 2671 non
1642 2630 1832 2669 mona-

285 2707 507 2761 chorum
540 2707 849 2762 institutum
883 2708 970 2761 hic
1001 2706 1355 2779 Symmachus
1395 2707 1685 2777 respiciat,
1737 2706 1833 2759 sed

287 2797 559 2853 solitarios
588 2799 883 2867 generatim
909 2800 1198 2868 quoslibet.
1224 2799 1437 2852 Atenim
1461 2813 1568 2866 quo
1590 2805 1829 2864 tempore

289 2887 648 2959 Symmachus
674 2889 975 2943 versionem
1007 2905 1159 2943 suam
1220 2890 1583 2951 concinnavit,
1626 2888 1831 2942 scilicet

288 2963 547 3049 Septimio
565 2978 850 3043 Severo,ut
866 2980 1040 3034 verior
1056 2979 1158 3033 fert
1172 2978 1374 3048 opinio,
1395 2979 1709 3048 imperante,
1727 2992 1838 3030 mo-

285 3072 581 3126 nachorum
609 3087 675 3126 ne
692 3087 887 3127 nomen
906 3072 1120 3142 quidem
1139 3078 1323 3124 notum
1344 3080 1481 3136 erat,
1500 3086 1674 3139 neque
1694 3070 1835 3125 ullus

287 3164 487 3217 tuncin
511 3165 643 3219 orbe
674 3164 993 3223 monachus,
1016 3163 1118 3219 nisi
1142 3164 1371 3218 fortasse
1395 3164 1449 3217 in
1481 3160 1836 3232 penitioribus

1938 709 1991 755 et
2024 702 2261 756 latibulis
2292 704 2542 771 agebant.
2576 702 2689 756 Sub
2722 703 2835 756 haec
2860 709 3038 756 autem
3070 701 3275 758 Ililario
3304 704 3358 757 in
3392 704 3493 757 Pa-

1938 794 2147 846 laestina
2182 803 2229 847 et
2271 794 2425 864 Syria
2468 796 2661 848 mirum
2716 796 2771 848 in
2827 793 3043 847 modum
3100 796 3491 850 monachorum

1938 885 2244 940 institutum
2278 887 2450 951 auxit,
2505 894 2559 941 et
2606 896 2738 940 tunc
2782 886 3116 956 monasteria
3159 886 3297 942 bene
3326 891 3490 942 multa

1937 976 2151 1031 condita
2184 984 2330 1031 sunt.

2210 1091 2314 1140 VII.
2343 1074 2609 1152 Martyrum
2646 1094 2891 1165 cruciatus
2924 1092 3218 1156 singulares.

2007 1194 2301 1264 Martyrum
2314 1196 2395 1249 sui
2410 1196 2666 1265 temporis
2682 1194 3036 1259 cruciatus,in
3051 1195 3163 1250 haec
3175 1195 3334 1249 verba
3352 1195 3465 1264 psal
3476 1223 3495 1237 -

1937 1283 2011 1338 mi
2031 1284 2202 1353 (Psal.
2218 1284 2731 1351 va,10):Quoniam
2747 1284 2979 1353 probasti
2989 1282 3389 1353 nos,Deus,igne
3400 1300 3489 1337 nos

1936 1378 2251 1430 examinasti
2299 1378 2433 1430 sicut
2479 1377 2811 1430 examinatur
2856 1385 3144 1445 argentum,
3179 1389 3283 1428 non
3316 1376 3490 1431 obiter

1936 1466 2193 1522 describit
2213 1467 2498 1523 Eusebius.
2516 1468 2593 1521 Ac
2621 1468 2744 1523 licet
2765 1467 2821 1521 in
2835 1466 3076 1521 Historia
3119 1466 3489 1530 ecclesiastica,

1935 1555 2001 1609 de
2026 1554 2297 1609 Maximini
2329 1540 2641 1612 carniﬁcina
2669 1573 2855 1627 agens,
2886 1558 3175 1612 multorum
3198 1564 3489 1627 martyrum

1935 1661 2134 1716 agones
2167 1646 2530 1715 descripserit,
2571 1647 2657 1700 hic
2689 1656 2868 1702 tamen
2900 1649 3158 1701 nonnulla
3188 1648 3350 1717 tangit
3381 1648 3484 1702 sin-
3518 1688 3523 1691 ‹

1936 1738 2160 1808 gularia,
2194 1754 2295 1793 nec
2328 1738 2465 1793 forte
2521 1738 2648 1792 alibi
2699 1738 3002 1800 enuntiata,
3060 1755 3113 1792 v.
3152 1738 3329 1807 g.:Et
3376 1755 3497 1793 vero

1932 1828 2236 1896 plerumque
2266 1828 2343 1880 vel
2386 1827 2616 1896 pupillas
2669 1827 2936 1881 oculorum
2985 1827 3342 1891 verberabant,
3366 1828 3493 1882 dum

1936 1918 2108 1984 capita
2135 1915 2451 1969 athletarum
2488 1915 2585 1969 Dei
2635 1917 2801 1985 plagis
2838 1915 3110 1970 avdet-ent.
3142 1916 3492 1970 Atrocitatem

1935 2023 2062 2061 vero
2114 2006 2497 2075 suppliciorum
2554 1990 2778 2075 subjicit
2837 2007 2922 2061 his
2978 2008 3208 2061 verbis:
3265 2006 3492 2061 Ferrum

1934 2099 2137 2168 quippe,
2164 2107 2213 2149 et
2248 2096 2386 2164 ferro
2432 2096 2587 2149 illata
2610 2099 2868 2166 supplicia
2888 2138 2903 2163 ,
2949 2100 3158 2168 aliaque
3185 2100 3368 2152 mortis
3406 2116 3492 2169 ge-

1934 2208 2078 2254 nera,
2093 2206 2206 2259 qua:
2236 2190 2465 2241 maxima
2493 2204 2616 2256 pars
2650 2202 2887 2244 nostrum
2909 2193 3177 2255 sustinuit,
3209 2208 3302 2260 pro
3329 2192 3493 2249 nihilo

1934 2290 2302 2349 computantur
2337 2282 2399 2333 ea:
2438 2278 2751 2332 deteriorum
2793 2285 3203 2349 comparatione.
3260 2284 3494 2351 Quamo-

1934 2370 2075 2425 brem
2105 2373 2213 2425 htcc
2237 2372 2443 2441 quidem
2486 2379 2735 2424 tacemus.
2783 2371 2923 2436 Quia
2950 2389 3067 2426 vero
3097 2374 3231 2426 inter
3263 2376 3489 2439 atrocia,

1934 2463 2070 2516 nihil
2131 2463 2397 2519 crudelius
2459 2481 2576 2519 nece
2628 2480 2716 2533 per
2763 2465 2931 2533 ignem
2986 2473 3036 2517 et
3091 2481 3283 2533 aquam
3336 2466 3491 2531 illata

1931 2555 2285 2621 existimatur,
2325 2556 2433 2610 htcc
2489 2573 2582 2609 nos
2630 2571 2895 2625 perpessos
2941 2555 3185 2610 dicimus.
3211 2555 3352 2609 Nam
3392 2557 3495 2610 alii.

1934 2658 2170 2697 nostrum
2201 2646 2254 2699 in
2288 2649 2424 2701 mari
2452 2657 2502 2701 et
2532 2649 2584 2700 in
2611 2647 2917 2716 [luminibus
2951 2646 3172 2701 demersi
3219 2658 3360 2712 sunt,
3396 2649 3488 2702 alii

1934 2733 2064 2802 ignis
2090 2736 2398 2803 supplicium
2418 2738 2646 2791 luerunt.
2666 2737 2731 2790 Et
2747 2752 2939 2793 caetera
2959 2752 3077 2810 "quae
3106 2741 3280 2796 fusius
3308 2738 3381 2797 ibi
3404 2741 3513 2819 ille.

1933 2824 2298 2891 prosequitur.

2013 2931 2139 2983 Vill.
2164 2933 2320 2983 Judaei
2339 2934 2752 2997 Jerosolymorum
2777 2936 2909 2985 aditu
2931 2935 3204 2996 interclusi,
3223 2950 3394 3001 quare.

2003 3061 2154 3118 Trita
2177 3079 2264 3119 res
2296 3072 2349 3119 et
2369 3064 2501 3118 nulli
2536 3079 2645 3119 non
2677 3072 2801 3135 nota
2829 3072 2933 3127 est,
2962 3061 3165 3118 Judaeis
3202 3074 3487 3134 postquam

1934 3155 2312 3211 Barchocheba
2360 3158 2497 3212 duce
2524 3197 2539 3220 ,
2581 3156 2845 3211 seditione
2884 3156 3059 3221 facta,
3114 3157 3217 3211 sub
3254 3155 3490 3213 Adriano

287 3252 503 3325 Egypti
536 3256 863 3318 recessibus,
896 3252 1063 3309 fuisse
1107 3264 1345 3324 putatur.
1401 3255 1578 3320 Quare
1614 3253 1700 3306 hic
1732 3267 1834 3306 vos
1863 3290 1903 3347 ϐ
1937 3250 2176 3319 principe
2222 3252 2387 3304 armis
2421 3251 2631 3305 subacti
2663 3264 2726 3304 ac
2756 3264 2891 3319 pene
2918 3250 3288 3305 internecione
3330 3251 3489 3307 deleti

289 3345 515 3413 μοναχὸς
547 3359 645 3414 pro
680 3345 923 3399 solitario
974 3346 1212 3415 quolibet
1253 3345 1307 3400 in
1357 3360 1577 3400 secessu
1618 3342 1834 3413 degenti

287 3435 638 3504 accipienda;
676 3450 784 3488 non
819 3449 917 3503 pro
950 3436 1250 3500 monachis,
1304 3452 1532 3506 quorum
1581 3451 1610 3490 a
1640 3443 1836 3506 quarto

287 3528 509 3582 sarculo.
540 3525 845 3579 institutum
886 3524 1085 3578 ﬂoruit.
1138 3524 1270 3578 Nam
1321 3528 1449 3595 quia
1497 3527 1646 3582 solus
1692 3528 1837 3581 vivat

285 3624 493 3685 oportet
523 3617 612 3684 qui
645 3616 773 3669 velit
799 3615 989 3669 abesse
1009 3630 1038 3667 a
1068 3615 1331 3668 malorum
1357 3616 1653 3677 consortio,
1684 3622 1838 3683 quot-

286 3713 417 3776 quot
448 3705 784 3760 declinandze
818 3703 1131 3774 frequentiae
1185 3718 1351 3758 causa
1402 3702 1455 3755 in
1490 3718 1711 3757 secessu
1742 3704 1837 3758 de-

288 3799 503 3866 gebant,
539 3795 757 3867 μοναχοί
787 3794 972 3851 Graece
998 3795 1396 3852 vocitabantur.
1433 3793 1679 3846 Altamen
1717 3807 1838 3862 quae

287 3889 355 3944 de
383 3888 667 3944 monachis
697 3889 784 3943 hic
833 3888 997 3943 habet
1050 3887 1317 3943 Eusebius
1369 3900 1476 3940 non
1518 3887 1838 3953 praztermit—

288 3979 448 4032 tenda
482 3997 495 4032 :
528 3977 744 4031 Primus
776 3979 967 4047 itaque,
1000 3978 1095 4042 ait,
1130 3976 1258 4032 ordo
1285 3992 1463 4030 eorum
1491 3975 1579 4045 qui
1610 3976 1661 4026 in
1683 3972 1837 4028 Chri-

289 4083 367 4125 sto
401 4070 703 4140 proﬁciunt,
746 4079 822 4123 est
856 4069 1248 4123 monachorum.
1287 4066 1388 4121 Sed
1423 4066 1535 4118 rari
1581 4074 1700 4117 sunt
1731 4064 1833 4129 illi,

286 4178 447 4234 quare
475 4159 757 4212 secundum
788 4160 1056 4230 Aquilam,
1088 4157 1348 4229 Unigeniti
1382 4156 1480 4210 Dei
1504 4154 1671 4235 vocati
1693 4164 1834 4218 sunt,

288 4254 482 4309 similes
515 4251 643 4319 {acti
672 4254 937 4322 unigenito
974 4251 1117 4305 Filio
1146 4250 1244 4304 Dei
1270 4267 1287 4304 :
1311 4250 1592 4303 secundum
1618 4248 1836 4318 Septua-

285 4348 429 4417 ginta
464 4341 778 4410 Interpretes
814 4353 1006 4406 autem,
1042 4342 1219 4404 unius,
1276 4356 1379 4393 non
1434 4340 1623 4393 diversi
1678 4340 1838 4392 moris

286 4444 429 4497 sunt,
467 4436 626 4501 n‘eque
654 4432 872 4487 subinde
902 4450 1095 4485 morem
1146 4432 1389 4505 variant;
1420 4431 1509 4484 sed
1556 4446 1717 4482 unum
1746 4447 1837 4484 co-

1936 3348 2082 3406 sunt,
2113 3339 2568 3411 Jerosolymorum
2619 3340 2823 3394 aditum
2882 3340 3233 3401 interclusum
3282 3341 3488 3408 fuisse;

1934 3442 2259 3486 concessum
2304 3439 2483 3485 tamen
2538 3438 2597 3484 ut
2640 3430 2934 3499 quotannis
2970 3431 3036 3486 ad
3074 3440 3252 3488 certos
3292 3434 3489 3490 limites

1935 3523 2151 3593 lugendi
2214 3537 2379 3577 causa
2434 3522 2677 3591 proxime
2739 3524 2927 3578 urbem
2992 3524 3333 3578 accederent.
3387 3524 3482 3581 Ve-

1935 3630 2057 3668 rum
2118 3613 2381 3669 Eusebius
2441 3614 2517 3679 ad
2566 3618 2741 3669 'suum
2810 3628 2982 3681 usque
3057 3622 3267 3682 tempus
3343 3614 3489 3670 hunc

1936 3720 2140 3759 morem
2201 3706 2381 3774 vigere
2436 3705 2689 3774 graphice
2724 3713 2932 3757 .narrat
2985 3704 3097 3759 his‘
3128 3705 3306 3760 verbis
3347 3724 3359 3759 :
3402 3704 3490 3757 Ir-

1937 3804 2139 3871 ruentes
2169 3792 2409 3858 Romani,
2455 3794 2608 3847 dictis
2652 3793 2959 3862 propheticis
2993 3795 3146 3864 ﬁnem
3166 3795 3487 3849 intulerunt:

1935 3880 2187 3948 siquidem
2227 3879 2477 3932 victorum
2541 3881 2667 3949 lege,
2734 3880 2986 3935 universa:
3040 3880 3284 3937 Iudaicte
3348 3885 3490 3953 genti

1936 3968 2084 4021 aditu
2134 3967 2364 4021 locorum
2410 3968 2743 4021 interdictum
2775 3979 2851 4022 est
2884 3984 2903 4023 :
2944 3962 3256 4027 inevitabilis
3308 3971 3492 4039 quippe

1939 4060 2060 4129 legis
2088 4058 2559 4128 transgressoribus
2588 4060 2843 4127 impendet
2874 4060 3025 4114 ultio.
3051 4058 3400 4127 Quamobrem
3422 4060 3488 4112 ad

1937 4153 2071 4204 hanc
2096 4166 2251 4221 usque
2280 4148 2436 4213 diem,
2461 4151 2528 4203 ad
2558 4162 2723 4205 certos
2755 4153 2997 4215 terminos
3037 4152 3090 4204 in
3140 4150 3364 4203 circuitu
3402 4166 3492 4203 ac-

1938 4240 2189 4303 cedentes,
2215 4241 2397 4307 procul
2418 4243 2709 4295 consistunt
2735 4255 2753 4293 :
2782 4258 2942 4311 neque
2975 4241 3145 4294 solum
3170 4238 3325 4302 illud,
3354 4238 3489 4307 quod

1938 4350 2145 4388 sacrum
2189 4334 2313 4386 olim
2340 4311 2702 4401 repdtabatur,
2725 4335 2802 4390 vel
2831 4332 3014 4400 procul
3046 4332 3335 4397 conspicere
3361 4330 3489 4397 ipsis

1939 4424 2263 4487 conceditur;
2295 4424 2383 4477 sed
2405 4426 2547 4491 {oras
2564 4425 2957 4487 circumeuntes,
2983 4419 3290 4488 Scriptum,
3307 4420 3370 4473 de
3386 4438 3490 4491 qua

288 4529 418 4591 lunt,
450 4526 539 4596 qui
569 4524 639 4578 ad
662 4526 871 4578 virtutis
903 4541 1148 4579 cacumen
1201 4522 1426 4577 advenit.
1468 4520 1619 4591 Ipsos
1661 4534 1836 4576 autem

1930 4513 2046 4582 jam
2079 4514 2272 4582 agitur,
2304 4508 2457 4582 ﬁdem
2489 4512 2786 4574 conciliant,
2818 4509 3049 4564 dicenti:
3077 4528 3094 4560 ι
3120 4507 3493 4566 Convertentur

287 4624 443 4674 unius
474 4635 638 4685 sonte,
660 4616 1030 4684 Quintaeditio
1060 4618 1279 4679 vocavit,
1300 4626 1351 4667 ut
1390 4625 1506 4684 pote
1529 4616 1616 4683 qui
1650 4616 1836 4669 solita-

1907 4632 1913 4661 ι
1938 4602 2004 4657 ad
2030 4598 2309 4670 vesperam,
2334 4612 2381 4656 et
2412 4602 2603 4667 [amem
2632 4599 2897 4672 patientur
2933 4608 2989 4651 ut
3021 4613 3195 4663 canes,
3219 4608 3267 4650 et
3310 4599 3493 4650 circui-

286 4713 351 4764 rii
373 4722 419 4765 et
440 4710 845 4780 prazcinctisint.
865 4707 928 4760 Et
946 4708 1000 4760 in
1018 4710 1152 4776 psal.
1172 4722 1398 4770 Lxxxm,
1421 4707 1454 4758 4
1488 4725 1501 4759 :
1526 4705 1571 4758 E
1587 4722 1640 4759 re
1663 4718 1836 4762 autem

282 4802 503 4867 dixeris,
536 4802 797 4870 expeditos
831 4798 949 4852 illos
968 4798 1179 4863 milites,
1207 4802 1294 4868 qui
1316 4798 1655 4852 monasticam
1678 4800 1835 4854 vitam

285 4899 514 4968 amplexi
534 4907 679 4961 sunt,
713 4913 806 4966 pro
827 4893 1123 4963 passeribus
1152 4894 1420 4950 habendos
1454 4910 1597 4957 esse;
1636 4910 1721 4948 eos
1748 4913 1838 4950 au-

285 4998 385 5043 tem
416 4990 504 5059 qui
534 4989 707 5041 liberis
730 4987 859 5039 dant
893 5000 1122 5053 operam,
1148 4985 1439 5057 aca'eliquis
1471 4987 1591 5039 uitta
1616 4987 1835 5054 negotiis

182 5128 193 5139 .
281 5089 331 5133 et
362 5079 502 5133 curis
549 5095 603 5133 se
646 5077 861 5139 dedunt,
892 5077 1114 5129 turturis
1155 5077 1313 5132 vicem
1345 5093 1516 5148 agere.
1555 5076 1674 5141 Quo
1699 5084 1837 5131 tem-

283 5186 415 5240 pore
464 5171 627 5240 igitur
669 5162 961 5223 Eusebius.
989 5168 1103 5222 haec
1150 5169 1415 5223 scriberet
1472 5167 1724 5238 perpauci
1779 5168 1833 5221 in

283 5262 413 5315 orbe
440 5259 693 5316 monachi
719 5270 896 5325 erant,
926 5274 989 5315 ac
1018 5259 1238 5314 nonnisi
1274 5259 1325 5312 in
1372 5258 1606 5329 Atlgypto
1644 5272 1835 5310 mona-

282 5351 478 5411 sticum
511 5346 1184 5420 genus'frequentabatur,
1217 5352 1533 5405 auctoribus
1572 5347 1829 5408 Antonio,

282 5444 396 5513 qui,
433 5457 574 5497 anno
607 5442 735 5507 271,
779 5442 1035 5505 monachi
1077 5449 1281 5495 statum
1336 5443 1639 5511 amplexus,
1677 5441 1835 5492 innu-

282 5543 464 5589 meros
491 5533 737 5602 exemplo
774 5546 874 5586 suo
924 5533 1141 5600 pellexit
1180 5533 1247 5585 ad
1280 5547 1463 5603 parem
1490 5534 1613 5586 vita:
1643 5531 1835 5586 condi-

283 5629 482 5681 tionem
512 5622 970 5695 amplectendam;
1007 5623 1322 5689 Pacbomio,
1347 5625 1441 5695 qui
1481 5625 1535 5678 in
1560 5624 1835 5679 Thebaide

282 5718 640 5772 monasticum
678 5730 848 5785 genus
891 5715 1088 5769 mirum
1134 5716 1191 5769 in
1239 5714 1456 5769 modum
1508 5713 1836 5787 adauxit,‘et

285 5804 491 5860 Amune
520 5797 801 5870 Nitrieusi,
828 5804 1185 5873 complurium
1219 5804 1675 5867 monasteriorum
1710 5801 1834 5856 fun-

278 5894 493 5954 'datore.
530 5896 589 5952 In
620 5896 905 5955 Palaestina
947 5911 1094 5959 vero,
1149 5894 1237 5949 ubi
1270 5893 1428 5953 sedes
1464 5893 1694 5950 habebat
1725 5892 1832 5948 Eu-

1939 4694 2063 4745 bunt
2092 4694 2369 4746 civitatem.
2410 4710 2427 4741 ι
2462 4688 2633 4761 (Psal.
2664 4702 2817 4751 LVIII,
2894 4689 2982 4759 7.)
3020 4687 3258 4757 ldipsum
3296 4688 3493 4757 repetit

1936 4782 1990 4836 in
2008 4784 2142 4851 psal.
2162 4798 2303 4841 LXIX,
2338 4778 2428 4842 9.6,
2457 4778 2754 4848 adjicitque
2796 4778 3002 4832 nullum
3032 4775 3489 4847 JerosolymisJu-

1935 4866 2170 4930 datorum
2188 4872 2515 4928 domicilium
2535 4887 2834 4941 superesse,
2854 4872 2907 4923 in
2925 4884 3030 4939 quo
3054 4868 3223 4921 Grznci
3254 4869 3494 4922 habitare

1935 4961 2163 5031 possint,
2194 4974 2378 5012 verum
2401 4958 2581 5012 excisa
2607 4959 2787 5013 omnia
2809 4972 2871 5010 ac
2905 4954 3146 5009 funditus
3164 4956 3337 5010 deleta
3369 4956 3491 5009 uni-
3560 4947 3566 4952 ’

1937 5062 2197 5120 versaque
2224 5064 2447 5119 prorsus
2476 5049 2608 5119 ipsis
2632 5049 2841 5103 sublata
2884 5045 3053 5102 fuisse
3077 5065 3093 5115 ;
3117 5047 3190 5100 ita
3219 5054 3276 5099 ut
3311 5061 3492 5101 sacer-

1935 5143 2143 5206 dotum,
2173 5139 2591 5196 Sadducaaorum
2636 5148 2690 5194 et
2744 5137 3142 5193 Pharisaeorum
3186 5153 3254 5192 ne
3295 5152 3494 5193 nomen

1934 5235 2148 5303 quidem
2174 5241 2514 5317 superesset.
2700 5290 2706 5295 ,

2208 5323 2288 5372 ΙΧ.
2311 5324 2618 5374 Traditiones
2655 5321 2875 5384 quadam
2910 5320 3207 5371 Judaorum.

2004 5428 2350 5483 Hebraeorum
2395 5424 2736 5481 traditionem
2769 5425 2844 5477 ait
2870 5439 3024 5490 esse,
3067 5434 3214 5475 mare
3248 5417 3491 5474 Rubrum

1935 5525 1990 5577 in
2017 5521 2293 5577 duodecim
2332 5521 2585 5575 sectiones
2616 5519 2841 5573 divisum
2883 5516 3048 5586 fuisse
3081 5508 3361 5568 secundum
3393 5531 3494 5567 nu—

1880 5624 1886 5629 ”
1936 5635 2134 5673 merum
2157 5616 2428 5671 duodecim
2457 5612 2719 5677 tribuum,
2753 5612 2826 5665 ita
2858 5619 2917 5664 ut
2952 5606 3180 5675 singulae
3233 5606 3409 5660 tribus
3436 5607 3492 5659 in

1907 5695 2212 5775 ‘assignatu
2252 5703 2354 5757 sibi
2402 5707 2580 5754 meatu
2627 5697 3049 5769 pertransirent;
3098 5710 3217 5765 qua:
3254 5682 3511 5749 narratio

1937 5812 2043 5852 non
2066 5796 2278 5850 videtur
2308 5808 2431 5848 cum
2461 5791 2642 5845 divina
2668 5790 2949 5859 Scriptura
2970 5802 3294 5850 consonare,
3331 5795 3494 5857 atque

1938 5891 2060 5949 ideo
2100 5892 2240 5945 inter
2275 5886 2599 5943 Rabbinicas
2640 5884 2863 5940 fabulas
2910 5882 3056 5940 torte
3111 5884 3491 5953 computanda.
