4262 6450
15 1255 47 1580 i

15 1641 50 1858 l

41 1861 51 1942 Ι

40 2269 54 2424 l

807 459 875 512 59
1480 453 1747 506 EUSEBII
1788 450 2263 507 (ZIESARIENSIS
2299 449 2450 506 OPP.
2487 447 2667 502 PARS
2699 446 2786 501 ΙΙΙ.
2826 478 2895 488 --
2927 444 3335 500 EXEGETICA.
3975 441 4049 494 60

808 572 952 626 Inter
979 570 1322 624 Hebraeorum
1371 569 1689 624 traditiones
1726 571 1929 640 pariter
1977 569 2364 624 recensendum
2396 571 2438 625 Α
2469 571 2615 627 runt,
2663 571 2892 632 quorum
2931 561 3013 615 vis
3044 569 3097 614 et
3147 560 3412 614 sententia
3453 557 3689 612 nondum
3724 559 4047 620 observata,

808 672 890 718 est
918 664 1058 733 quod
1089 662 1246 716 habet
1271 662 1558 724 Eusebius,
1586 661 1806 715 Azotios
1828 660 1950 714 ideo
1976 661 2028 712 in
2052 659 2371 728 posteriori—

808 753 910 809 bus
940 762 991 807 et
1042 753 1325 826 podicibus
1356 767 1648 823 percussos
1677 767 1821 814 esse,
1854 749 2000 820 quod
2052 750 2119 803 iis
2152 749 2205 801 in
2249 763 2373 816 par-

807 847 950 901 tibus
979 855 1317 917 peccassent,
1355 852 1405 900 et
1441 846 1814 917 ἀρῤενοκοῖται
1865 850 2070 904 essent,
2100 841 2206 895 nisi
2264 840 2372 893 lor-

806 947 950 993 tasse
979 955 1043 995 ea
1075 937 1293 992 Eusebii
1323 937 1516 1006 ipsius,
1541 951 1640 989 nec
1689 936 1757 990 ab
1811 935 1930 989 aliis
1963 944 2179 1001 accepta
2211 931 2372 985 fuerit

805 1048 1008 1101 opimo.

805 1144 862 1195 Χ.
889 1143 1267 1194 Christianorum
1294 1143 1567 1252 frequeqéia
1592 1142 1640 1187 in
1664 1139 1945 1198 Moabitide,
1971 1138 2296 1187 Ammonitide
2320 1142 2373 1185 et

1532 1216 1701 1251 nmina.

1532 1216 1701 1251 nmina.

877 1309 932 1362 In
973 1309 1083 1363 haec
1132 1309 1293 1362 verba
1358 1308 1494 1376 psal.
1547 1320 1678 1371 evn,
1732 1304 1819 1362 10,
1871 1302 1902 1354 ι
1947 1301 2027 1354 ωὸ
2082 1301 2214 1354 lebes
2263 1302 2372 1368 spei

808 1420 952 1462 mete,
986 1404 1037 1455 in
1076 1401 1364 1454 Idumaeam
1417 1397 1695 1452 extendam
1747 1395 2151 1448 calceamentum
2180 1409 2368 1457 meum,

807 1494 915 1548 duo
961 1494 1116 1548 nobis
1147 1491 1318 1561 aperit
1349 1488 1636 1549 Eusebius,
1673 1487 1924 1539 nimirum
1951 1485 2290 1539 Ammonitas
2318 1493 2371 1538 et

809 1585 1073 1638 Moabitas
1129 1585 1272 1636 inter
1329 1581 1535 1633 Arabas
1586 1593 1700 1632 aevo
1729 1594 1829 1632 suo
1863 1578 2018 1632 sedes
2075 1576 2366 1642 habuisse;

807 1681 1042 1747 itemque
1092 1691 1257 1747 penes
1306 1675 1662 1739 Ammonitas,
1714 1673 1974 1727 Moabilas
2005 1681 2058 1725 et
2108 1669 2370 1724 [dummos

809 1772 1069 1824 inﬁnitam
1135 1785 1255 1824 esse
1306 1768 1738 1822 Christianorum
1797 1764 2218 1826 multitudinem,
2259 1763 2371 1816 haec

807 1864 922 1932 ejus
965 1864 1125 1916 verba
1157 1869 1284 1916 sunt
1319 1880 1332 1914 :
1367 1859 1432 1912 Et
1466 1860 1574 1911 htrc
1607 1874 1756 1926 opere
1789 1855 2047 1923 completa
2089 1854 2206 1906 licet
2246 1835 2370 1920 ipsis

807 1955 967 2006 oculis
1001 1953 1258 2020 percipere
1286 1953 1371 2012 iis,
1430 1951 1518 2018 qui
1553 1949 1606 2000 in
1636 1949 1870 2000 Arabum
1914 1949 2117 2016 regione
2145 1945 2372 2013 peregri-

805 2052 1020 2102 nantur,
1080 2057 1194 2092 cum
1236 2039 1438 2091 videant
1498 2036 1764 2090 Moabitae
1797 2045 1843 2088 et
1889 2035 2238 2093 Ammonitas,
2289 2033 2375 2100 qui

805 2147 956 2199 penes
987 2131 1106 2184 illos
1141 2147 1328 2198 magno
1365 2145 1578 2182 numero
1632 2138 1773 2188 sunt,
1832 2127 2094 2180 Ecclesiae
2150 2123 2245 2177 Dei
2282 2124 2376 2175 im-

806 2226 962 2290 plere.
1001 2221 1371 2289 Similiterque,
1410 2239 1426 2269 l
1467 2221 1520 2272 in
1557 2219 1872 2279 Idumceam,
1909 2217 2103 2286 inquit,
2136 2230 2375 2268 conscen-

808 2316 930 2368 dam
980 2316 1324 2367 calceamento
1383 2329 1526 2372 meo,
1593 2332 1610 2362 ι
1650 2310 1935 2364 secundum
1976 2306 2370 2378 Symmachum.

810 2410 977 2474 Quam
1023 2409 1145 2460 item
1182 2403 1568 2473 pra’dictionem
1589 2403 1640 2454 in
1664 2409 1904 2469 promptu
1937 2408 2011 2452 est
2061 2399 2373 2466 completam

808 2499 974 2553 videre
1025 2499 1088 2550 iis
1115 2477 1201 2564 qui
1237 2500 1287 2548 in
1314 2494 1605 2547 Idumaram
1655 2491 1958 2554 concedunt,
1996 2499 2044 2542 et
2077 2487 2375 2541 multitudi-

781 2588 920 2643 'nem
958 2586 1315 2640 Ecclesiarum
1355 2583 1451 2636 Dei
1491 2583 1562 2635 ibi
1600 2582 1962 2649 conspiciunt,
1995 2589 2052 2631 ut
2107 2588 2374 2632 cunctetur

807 2692 955 2729 nemo
980 2674 1235 2734 confiteri,
1271 2688 1381 2725 vere
1414 2673 1467 2724 in
1520 2674 1634 2723 loca
1658 2669 1755 2722 illa
1810 2684 2144 2723 conscensum
2174 2667 2372 2736 factum

760 2801 766 2806 τ
804 2784 935 2823 esse.

812 2877 873 2927 XI
918 2874 1158 2925 Eusebius
1178 2876 1247 2924 ait
1269 2874 1501 2946 mundum
1524 2873 1757 2946 sphaerica
1779 2870 1927 2946 forma
1952 2883 2079 2921 esse.
2110 2870 2300 2920 Montes
2321 2874 2373 2920 et

1271 2943 1434 2997 petras
1457 2943 1638 2982 sensim
1666 2945 1916 2982 crescere.

877 3040 1141 3094 Eusebius
1190 3037 1415 3106 qui,'uti
1449 3037 1723 3123 diximus,
1768 3035 2225 3104 descriptionibus
2259 3035 2370 3104 ple-

808 3145 1033 3200 rumque
1064 3129 1278 3199 gaudet,
1299 3129 1364 3183 ad
1389 3129 1662 3199 physicam
1694 3126 1921 3182 subinde
1951 3125 2372 3196 speculationem

2475 654 2858 723 interpretibus
2890 651 3109 707 errandi
3142 652 3359 706 occasio
3399 665 3521 705 esse
3551 649 3782 716 possint.
3825 647 4046 717 Hujus-

2472 748 2613 802 modi
2641 755 2816 800 autem
2839 760 3010 815 pauca
3031 745 3114 798 his
3132 745 3185 797 in
3209 741 3615 796 commentariis
3639 748 3874 802 exstant,
3897 753 4048 808 quo-

2473 855 2590 892 rum
2624 837 2891 908 praecipua
2924 836 3011 890 hic
3056 834 3378 904 consignare
3413 839 3466 887 et
3495 832 3783 900 explanare
3816 830 3998 884 visum
4027 845 4044 884 :

2473 945 2596 986 nam
2619 930 2910 984 minutiora
2940 927 3004 982 ad
3029 926 3262 981 indicem
3295 939 3476 979 rerum
3507 923 3821 989 allegamus.

2863 1039 2901 1090 Ι.
2927 1040 3072 1091 Vocis
3106 1053 3184 1099 et»;
3211 1049 3328 1085 usus
3352 1033 3643 1095 singularis.-

2544 1143 2846 1215 Singularis
2867 1154 2950 1198 est
2974 1140 3116 1210 apud
3142 1138 3433 1193 Eusebium
3456 1136 3604 1191 vocis
3629 1136 3738 1206 βίος
3768 1133 4047 1204 signiﬁéa-

2471 1237 2546 1290 tio
2573 1254 2585 1288 :
2622 1234 2821 1304 passim
2849 1235 3047 1302 quippe
3066 1245 3164 1300 pro
3190 1243 3384 1298 genere
3421 1228 3695 1280 hominum
3724 1227 3996 1295 accipitur
4027 1243 4040 1277 :

2474 1328 2551 1381 sic
2574 1327 2711 1395 psal.
2735 1341 2788 1387 v,
2808 1324 2843 1376 2
2863 1343 2876 1376 :
2899 1323 3146 1385 Τοιοῦτος
3179 1321 3276 1391 μὲν
3297 1314 3387 1372 οὖν
3409 1318 3697 1387 ἐτύγχανεν
3723 1319 3830 1378 πᾶς
3860 1317 3888 1366 ὁ
3929 1307 4045 1386 πρὸ

2471 1419 2566 1487 τῆς
2592 1417 2683 1468 τοῦ
2706 1416 2948 1486 Σωτῆρος
2972 1414 3124 1486 ἡμῶν
3144 1410 3441 1484 παρουσίας
3464 1408 3592 1478 βίος,
3622 1408 3674 1462 id
3705 1418 3811 1473 est,
3842 1407 4048 1474 Hujus-

2471 1509 2614 1562 modi
2627 1509 2856 1578 profecto
2887 1514 3133 1562 eratante
3153 1490 3446 1561 Saluatoris
3473 1502 3746 1555 adventum
3764 1509 3926 1554 totum
3951 1499 4045 1550 ho-

2471 1602 2668 1654 minum
2698 1617 2854 1671 genus
2881 1617 2898 1652 :
2928 1608 2980 1654 et
2997 1599 3131 1670 psal.
3155 1614 3320 1664 uvn,
3342 1613 3482 1655 vers.
3506 1597 3538 1652 5
3567 1596 3712 1647 :"Iva.
3742 1592 3848 1664 γὰρ
3867 1590 4040 1660 ἐπιϐῇ

2475 1700 2502 1750 ὁ
2523 1696 2653 1758 Θεὸς
2677 1695 2751 1765 τῷ
2781 1697 2887 1748 τῶν
2911 1693 3206 1765 ἀνθρώπων
3237 1692 3353 1762 βίῳ,
3383 1694 3482 1745 hoc
3509 1701 3610 1757 est,
3644 1689 3779 1742 Nam
3812 1701 3865 1741 ut
3895 1689 4042 1742 Dens

2477 1790 2545 1840 ad
2577 1789 2844 1839 hominum
2872 1801 3031 1854 genus
3065 1785 3343 1847 accederet,
3376 1793 3427 1834 et
3454 1783 3650 1850 passim
3680 1782 3814 1835 alios
3843 1797 3854 1831 :
3883 1783 4044 1834 item-

2475 1892 2582 1946 que
2615 1878 2666 1928 in
2696 1875 2800 1929 ﬁne
2828 1891 2880 1927 γι
2914 1874 3032 1927 libri
3065 1873 3470 1938 Prceparationis
3498 1873 3822 1941 evangelicw,
3846 1874 3872 1924 ὁ
3897 1872 4044 1942 σύμ-

2477 1984 2588 2028 πας
2619 1965 2725 2017 τῶν
2755 1965 3050 2035 ἀνθρώπων
3086 1964 3215 2032 βίος,
3240 1965 3532 2017 universum
3561 1965 3824 2018 hominum
3850 1981 4037 2033 genus.

2481 2057 2740 2111 Similiter
2791 2058 3152 2120 Athanasius,
3199 2067 3240 2110 t.
3273 2056 3324 2121 l,
3380 2071 3503 2127 pag.
3543 2057 3697 2118 1233,
3733 2055 4040 2120 καταλαζο-

2479 2149 2754 2218 νευόμενοι
2793 2149 2885 2202 τοῦ
2929 2149 3034 2202 τῶν
3079 2146 3374 2219 ἀνθρώπων
3406 2148 3539 2218 βίου,
3582 2146 3792 2214 superbe
3824 2160 4039 2218 agentes

2480 2240 2753 2292 adversum
2785 2256 2941 2308 genus
2985 2241 3291 2292 humanum.
3333 2239 3449 2304 Quo
3487 2240 3647 2293 etiam
3690 2252 3790 2292 usu
3830 2241 3879 2290 in
3915 2239 4042 2290 aliis
4075 2275 4079 2278 -

2476 2331 2603 2384 item
2638 2331 2995 2400 scriptoribus
3032 2332 3288 2395 occurrit,
3335 2341 3384 2385 et
3415 2331 3474 2383 in
3522 2329 3789 2384 Heliodori
3820 2327 4045 2383 Ethio-

2480 2425 2617 2493 picis
2641 2439 2746 2479 non
2778 2424 2943 2478 semel
2973 2424 3310 2500 observatur.

2957 2526 3033 2575 ΙΙ..
3051 2525 3274 2586 Itemque
3301 2540 3364 2574 τοῦ
3389 2532 3506 2572 sua.

2540 2607 2791 2660 Alia-vos
2811 2614 2915 2669 est,
2936 2605 2990 2659 in
3011 2621 3115 2674 qua
3147 2605 3271 2658 item
3303 2604 3492 2657 Latine
3520 2599 3892 2655 transferenda
3922 2613 4033 2652 non
4063 2629 4066 2632 -

2472 2699 2627 2766 pauci
2661 2699 2981 2768 interpretes
3030 2697 3306 2758 labuntur,
3352 2695 3558 2750 scilicet
3595 2693 3790 2753 δοκεῖν,
3845 2690 4037 2750 videri.

2470 2785 2646 2850 δοκεῖ,
2699 2788 2944 2843 videtur:
2991 2785 3134 2854 quod
3181 2786 3402 2838 verbum
3440 2783 3600 2852 vulgo
3633 2789 3926 2849 usurpatur
3966 2778 4036 2829 ad

2471 2876 2816 2931 minuendam
2834 2875 3242 2928 aﬁirmationem
3264 2893 3277 2940 ;
3297 2874 3370 2927 ita
3399 2879 3458 2926 ut
3486 2873 3553 2936 si,
3585 2871 3733 2927 verbi
3757 2882 3942 2928 causa,
3969 2866 4039 2921 de

2472 2969 2723 3036 quapiam
2744 2967 2976 3030 dicatur,
2999 2967 3145 3020 δοκεῖ
3176 2961 3311 3019 εἶναι
3335 2963 3526 3032 σοφός,
3568 2963 3778 3016 videtur.
3808 2975 3919 3013 esse
3942 2974 4037 3011 sa-

2470 3061 2642 3130 piens,
2669 3060 2723 3113 id
2747 3067 2806 3112 ut
2841 3064 3214 3116 ssscversnter
3231 3057 3447 3110 dictum
3483 3069 3593 3108 non
3627 3055 3909 3119 habeatur,
3937 3051 4086 3107 sed".

2471 3152 2863 3205 dubitationem
2907 3149 3194 3220 quamdam
3234 3150 3503 3220 praeferat.
3546 3147 3746 3201 Verum
3784 3146 4039 3215 frequen-

808 3222 1054 3275 vermur‘
1093 3221 1179 3273 An
1205 3236 1331 3275 vero
1362 3236 1468 3275 non
1514 3234 1622 3273 “"0
1653 3220 1772 3274 loco
1820 3217 2080 3272 mundum
2106 3217 2370 3288 “marica
2399 3245 2439 3302 C
2474 3243 2681 3298 tissime
2714 3242 2853 3311 apud
2884 3217 3178 3310 scriptores
3207 3217 3577 3295 benemultos
3606 3237 3752 3291 δοκεῖ
3775 3237 3910 3290 nihil
3935 3235 4041 3290 mi-

809 3313 981 3368 forma
1036 3328 1155 3367 esse
1214 3333 1226 3366 :
1294 3328 1413 3382 quae
1462 3313 1646 3382 opinio
1691 3312 1819 3366 olim
1865 3311 2172 3381 agitabatur
2227 3311 2372 3365 inter

811 3406 1140 3474 scriptores;
1190 3405 1310 3460 aliis
1357 3405 1593 3472 planam,
1627 3404 1903 3458 montibus
1945 3412 2124 3457 tamen
2174 3402 2371 3457 distin-

810 3479 1159 3557 ctam,terraa
1183 3493 1519 3563 superﬁciem
1577 3493 2016 3563 prmdicantibus,‘
2061 3509 2091 3547 e
2143 3509 2372 3562 quorum

811 3600 1038 3639 numero
1081 3586 1415 3654 Augustinus
1466 3593 1517 3639 et
1565 3584 1792 3640 Cosmas
1841 3583 2128 3653 Egyptius
2184 3600 2373 3639 mona-

812 3677 967 3740 chus,
1022 3677 1112 3745 qui
1163 3677 1358 3730 librum
1413 3691 1474 3730 ea
1531 3675 1597 3730 de
1646 3690 1705 3728 re
1757 3672 1922 3728 edidit
1960 3673 2372 3743 Topographiam

813 3764 1174 3820 Christianam
1206 3767 1556 3835 inscriptum,
1596 3765 1689 3818 ubi
1735 3764 1999 3833 sphaeram
2058 3765 2230 3820 sacris
2264 3764 2374 3817 Lit-

811 3857 944 3909 teris
994 3864 1175 3923 aperte
1202 3871 1504 3928 repugnare
1529 3856 1806 3911 contendit
1841 3856 1931 3910 ille
1951 3851 1972 3922 ;’
1993 3857 2116 3910 aliis
2165 3870 2369 3920 veram,

814 3954 866 4000 et
892 3948 1255 4017 experimento
1297 3950 1512 4003 demum
1544 3959 1806 4004 assertam
1837 3988 1852 4012 ,
1882 3949 2188 4017 Opinionem
2219 3958 2373 4003 tuen-

814 4039 979 4108 tibus,
1036 4040 1212 4108 qualis
1258 4039 1542 4104 Eusebius,
1594 4040 1686 4114 qui
1734 4042 1994 4095 mundum
2050 4041 2372 4110 sphaericum

812 4145 933 4185 esse
986 4146 1093 4184 non
1147 4131 1310 4184 semel
1339 4131 1616 4195 indicavit.
1652 4129 1780 4185 Eam
1813 4141 1992 4187 tamen
2025 4132 2368 4194 sententiam,

813 4238 920 4275 non
950 4228 1007 4276 ut
1037 4237 1190 4275 suam
1224 4221 1332 4286 ille,
1365 4221 1459 4276 sed
1490 4229 1549 4274 ut
1580 4221 1809 4275 alienam
1845 4222 2016 4277 aﬂ‘ert.
2063 4221 2371 4277 Verisimile

815 4311 952 4366 ltem'
973 4311 1267 4366 arbitratur
1295 4321 1505 4366 montes
1564 4319 1617 4367 et
1648 4321 1826 4382 petras
1860 4314 2060 4368 sensim
2104 4329 2370 4375 crescere,

812 4410 977 4473 atque
1006 4404 1234 4478 occultis
1263 4405 1578 4475 intimisque
1611 4405 1957 4459 incrementis
1986 4407 2219 4472 majores
2248 4421 2372 4459 eva-

809 4471 941 4549 dere
961 4471 1524 4565 ique-quorumdam,
1553 4497 1728 4567 inquit
1751 4496 1858 4557 ille,
1877 4497 1959 4551 sui
1982 4471 2080 4550 aevi,
2106 4498 2372 4583 physiolo.

2475 3336 2592 3389 nuit
2625 3334 3057 3396 alﬁrmationem,
3098 3339 3156 3386 ut
3197 3332 3429 3400 exempli
3466 3333 3638 3401 gratia
3681 3331 3732 3383 in
3771 3329 3856 3383 bis
3889 3343 4042 3382 com-

2474 3426 2752 3489 mentariis
2790 3425 2854 3478 ad
2875 3425 3138 3494 psalmum
3165 3438 3354 3485 cxvm,
3387 3439 3527 3478 vers.
3561 3422 3684 3486 156,
3715 3422 3781 3476 de
3816 3420 3925 3474 Deo
3951 3419 4039 3472 di-

2475 3525 2614 3576 citur
2653 3521 2985 3581 δικαιότατος
3019 3514 3154 3571 εἶναι
3195 3519 3371 3580 δοκεῖ,.’
3395 3518 3484 3571 ubi
3543 3516 3861 3571 vertendum
3923 3517 4044 3569 sine

2474 3616 2658 3679 dubio,
2696 3614 3022 3682 justissimus
3066 3624 3162 3666 est.
3222 3610 3767 3680 lnnumeraprol‘erri
3818 3616 4042 3678 possent

2473 3720 2595 3758 cum
2623 3720 2687 3758 ex
2714 3703 2966 3764 Eusebio,
3007 3711 3118 3755 tum
3145 3716 3209 3754 ex
3237 3702 3356 3756 aliis
3385 3701 3744 3768 scriptoribus
3770 3698 4036 3766 excinpla.

2475 3794 2565 3850 Sic
2594 3797 2731 3865 apud
2763 3794 3141 3854 Athanasium,
3205 3793 3290 3844 ἵνα
3328 3791 3499 3844 τοίνυν
3527 3793 3618 3843 καὶ
3645 3784 3718 3842 ὧν
3756 3789 4044 3858 ἐπιθυμεῖς

2473 3888 2822 3957 τετυχηκέναι
2863 3885 3093 3954 δοκοίης,
3140 3892 3197 3935 ut
3239 3884 3398 3952 igitur
3442 3892 3634 3951 optata
3678 3879 4036 3936 ροηδεωαηὼ-

2476 3976 2581 4032 Sed
2604 3981 2714 4043 jam
2752 3978 2851 4031 hac
2881 3977 2948 4030 de
2979 3992 3038 4029 re
3069 3983 3355 4029 tractatum
3381 3992 3408 4029 a
3434 3976 3591 4030 nobis
3629 3982 3730 4029 est.

2584 4134 2586 4136 τ
2632 4145 2636 4148 ξ
2657 4089 2736 4137 lli.
2761 4092 2994 4152 ὲντδηάνιιν
3011 4089 3127 4149 quid
3145 4089 3391 4150 signiﬁcet
3412 4088 3539 4148 apud
3564 4087 3847 4137 Eusebium.

2542 4193 2600 4248 in
2626 4192 2975 4247 Onomastico
3003 4194 3068 4247 ad
3093 4194 3372 4248 Athanasii
3399 4192 3573 4263 Opera
3607 4195 3918 4248 monuimus
3940 4208 4038 4244 vo-

2473 4280 2586 4342 Cem
2619 4287 2959 4357 ἐντυγχάνειν
2993 4287 3309 4356 plerumque
3340 4282 3665 4355 signiﬁcare,
3701 4285 3944 4354 conqueri
3973 4283 4040 4336 de

2474 4379 2683 4449 aliqua,
2732 4394 3010 4439 accusare,
3067 4377 3364 4444 petitionem
3433 4376 3680 4430 adversus
3739 4374 4063 4445 quempiam.

2738 4468 2813 4522 vel
2852 4467 3189 4536 magistratui
3227 4466 3411 4533 o/Ierre
3435 4483 3452 4518 :
3493 4475 3546 4520 et
3581 4482 3765 4520 vocem
3793 4466 4063 4534 ὲντυχίὰ,..

812 4557 1143 4657 gorumverat
1163 4589 1453 4656 opinio;ut
1475 4557 1585 4657 jam
1604 4557 1856 4643 enostris
1874 4598 1999 4642 sunt
2020 4557 2119 4657 qui.
2138 4557 2369 4658 idipsum
2404 4579 2446 4634 ῐ)
2471 4559 3061 4658 Ρεξίίίθηθπιξάξθΐευε
3085 4557 3342 4626 aliquem.
3373 4558 3498 4658 sive.
3517 4558 3904 4658 accusationem
3936 4571 4035 4610 ex-

815 4684 1172 4745 propugnent,
1201 4680 1689 4749 experimentisque
1719 4678 2022 4734 manifestis
2066 4693 2176 4734 rem
2223 4696 2367 4735 com-

816 4768 1031 4839 probari
1057 4767 1342 4824 aﬂirment.

1428 4879 1654 4936 CAPUT
1694 4880 1760 4937 Χ.

816 5006 897 5044 ΒΕ·
933 5006 1221 5048 IDIO'I'ISIIS
1267 5009 1471 5048 EUSEBII
1513 5009 1564 5048 IN
1597 5010 1682 5048 HIS
1718 5010 2150 5058 COIIENTABIIS,
2203 5012 2269 5050 ΕΤ
2306 5014 2368 5050 DE

984 5078 1255 5118 SINGULABI
1286 5080 1608 5126 QUARUIDAI
1644 5079 1820 5120 TOCUI
1850 5081 2200 5123 SIGNIFICATU.

817 5165 860 5226 Ι.
902 5171 1053 5257 vocis
1074 5171 1362 5257 είοςε-εκε
1404 5177 1704 5257 singularis.
1747 5176 2101 5257 -I.I._Itemque
2138 5177 2242 5257 τοῆ
2277 5177 2371 5257 (:0-

1067 5239 1638 5324 Il{;"Errurz&r£tr
1669 5248 1791 5316 quid
1809 5239 2237 5324 signiﬁcat'apud
2259 5245 2374 5324 βια-

889 5311 1104 5384 sebium.
1132 5310 1234 5365 IV.
1257 5310 1612 5384 Περιοίέασις
1628 5310 1720 5384 pro
1738 5310 2058 5372 calamitate.
2096 5310 2153 5372 ν.
2206 5321 2350 5370 ’Υπα

889 5382 1088 5434 nouim-
1115 5383 1438 5451 respondere.
1484 5385 1578 5441 VI.
1615 5382 1908 5455 Σωήριος
1928 5390 2071 5458 quid,
2098 5401 2195 5443 etc.

891 5489 1005 5546 Etsi
1033 5508 1061 5547 ι
1085 5495 1268 5550 multis
1304 5496 1593 5568 Graeceque
1622 5501 1966 5568 peritissimis
1990 5501 2140 5564 viris,
2181 5504 2233 5557 in
2261 5503 2372 5556 col-

820 5581 1380 5652 ligendaGraeearum
1436 5590 1673 5646 omnium
1737 5587 1932 5648 vocum
1986 5593 2373 5663 signiﬁcatione

819 5679 968 5725 tanta
998 5680 1069 5726 sit
1103 5675 1366 5731 industria
1397 5677 1741 5745 desudatam,
1771 5693 1828 5737 ut
1861 5698 2126 5753 perpauca
2165 5686 2274 5753 jam
2305 5686 2371 5739 ad

821 5764 1111 5829 perfectam
1145 5765 1448 5822 Graecorum
1488 5770 1812 5838 scriptorum
1843 5772 2248 5841 intelligentiam
2278 5771 2371 5827 de-

822 5851 1116 5909 siderentur
1144 5875 1156 5923 ;
1193 5859 1421 5915 subinde
1443 5868 1619 5916 tamen
1651 5863 2158 5934 nomina‘verbaquc
2179 5879 2370 5920 occur,

2469 4651 2720 4721 primere.
2779 4650 2982 4704 Eodem
3017 4663 3120 4702 usu
3171 4649 3618 4718 κατεντυγχάνειν
3657 4647 3710 4700 in
3755 4647 3839 4700 his
3888 4663 4038 4702 com-

2467 4744 2747 4797 mentariis
2766 4741 3024 4800 occurrit,
3049 4755 3130 4809 ps.
3158 4741 3368 4805 xut,2:
3393 4737 3636 4810 Ἥρμοζε
3656 4738 3712 4789 δὲ
3734 4737 3800 4790 τὰ
3819 4739 4036 4810 προκεί-

2472 4847 2602 4899 μενα
2628 4831 2719 4883 καὶ
2764 4829 2838 4898 τῷ
2878 4830 3127 4902 προφήτῃ
3172 4829 3346 4900 Ἠλίᾳ,
3381 4830 3439 4890 ὃς
3484 4827 3635 4895 ἔλεγε
3676 4831 4034 4899 γατεντυγχά-

2467 4937 2572 4973 νων
2624 4920 2713 4973 τοῦ
2756 4919 2917 4972 λαοῦ·
2967 4921 3174 4987 Κύριε,
3226 4919 3368 4986 τοὺς
3408 4917 3718 4985 προφήτας
3764 4935 3878 4970 σου
3927 4921 4036 4973 ἀπ-

2467 5012 2754 5074 έκτειναν,
2798 5011 2894 5064 καὶ
2929 5010 2999 5064 τὰ
3029 5008 3421 5076 θυσιαστήριά
3465 5024 3578 5062 σου
3627 5008 4030 5079 κατέσκαψαν,

2469 5103 2520 5156 id
2556 5112 2638 5157 est
2679 5120 2690 5153 :
2735 5102 2859 5155 ﬂare
2880 5101 3238 5180 porrqueliae
3265 5100 3527 5168 prophetae
3542 5100 3913 5170 congruebant,
3943 5108 4034 5173 qui

2471 5192 2692 5246 Domino
2735 5203 2915 5246 contra
2954 5193 3202 5262 populum
3244 5189 3546 5258 supplicans
3585 5191 3659 5242 ita
3705 5191 4030 5260 loquebatur,

2477 5302 2495 5334 ι
2535 5284 2773 5347 Domine,
2824 5285 3101 5354 prophetas
3141 5291 3254 5335 tuos
3286 5280 3603 5345 occiderunt,
3630 5293 3677 5337 et
3704 5283 3918 5340 altaria.
3943 5295 4044 5340 tua

2486 5380 2866 5441 subrerterunt,
2892 5385 3000 5432 etc.
3069 5399 3076 5413 -

2891 5487 2970 5537 Π.
3004 5500 3221 5548 ηιριασσις
3250 5499 3337 5548 pro
3360 5488 3652 5538 calamitate.

2541 5592 2862 5662 Περίπασις
2939 5592 3079 5647 idem
3130 5592 3232 5647 sibi
3269 5593 3383 5647 vult
3425 5595 3568 5665 quod
3612 5594 4046 5655 circum..antia,._

2472 5684 2610 5751 apud
2638 5683 3055 5748 Quintilianum,
3093 5682 3351 5739 Senecam
3391 5695 3443 5741 et
3471 5685 3535 5739 A.
3555 5673 3804 5740 Geiiimn.
3833 5681 4029 5739 Veruzn

2473 5776 2759 5843 aliquando
2802 5776 3068 5843 signiﬁcat
3112 5792 3431 5840 aerumnam,
3477 5775 3769 5830 infaustum
3820 5792 4028 5837 casum,

2472 5867 2852 5922 calamitatem.
2882 5864 2999 5933 Quo
3027 5881 3188 5921 sensu
3216 5881 3427 5924 semper
3447 5866 3499 5918 in
3525 5865 3608 5919 his
3630 5867 4040 5924 commentariis
