4262 6382
282 474 340 526 61
1088 459 1589 518 COMMENTABIA
1608 514 1609 517 η
1628 458 1693 514 IN
1734 458 1859 513 PSA

1866 457 2066 513 LMOS.
2099 488 2167 498 —
2200 452 2736 511 PRELIMINARM.
3431 452 3499 505 οἳ

283 554 594 657 usurpatur.
608 584 698 641 Sic
713 600 796 654 ps.
818 597 895 651 tv,
909 581 965 646 9,
981 581 1050 636 i0
1076 600 1088 635 :
1122 579 1325 635 Μαθὼν
1338 580 1446 652 γὰρ
1463 581 1609 653 παρὰ
1626 580 1717 639 τοῦ
1733 580 1848 633 Σω-

1877 583 1921 637 Α
1944 573 2098 628 tenda
2130 584 2212 628 est
2240 574 2353 628 :sic
2404 573 2437 643 ἡ
2474 574 2734 644 σωτήριος
2757 568 3089 631 διδασκαλία,
3114 565 3367 622 salutaris
3398 565 3497 617 do-

277 684 437 755 τῆρος
466 681 562 755 ita}
582 679 688 733 τῶν
716 677 822 731 σῶν
848 673 1208 745 ἐπαγγελιῶν,
1226 676 1326 735 ὅτι,
1344 676 1391 727 εί
1409 674 1500 726 καὶ
1527 674 1593 727 τὰ
1613 674 1841 744 μάλιστα

277 747 414 827 κατὰ
446 747 548 824 τδνΙ
575 767 853 823 ῒνεστῶτα
897 767 1007 838 βίον
1043 766 1211 820 λύπαι
1252 764 1357 835 μοι
1384 765 1476 817 καὶ
1508 762 1713 832 θλίψεις
1749 765 1841 817 καὶ

278 864 572 937 ποιρασμοὶ
616 864 709 917 καὶ
758 860 1106 934 περιστάσεις
1160 860 1222 913 οὐ
1272 857 1663 919 διαλείπουσιν,
1724 855 1840 909 ἀλλ’

278 956 429 1029 [erat
456 973 543 1027 μοι
564 954 753 1027 καιρὸς
778 953 808 1007 ὁ
837 952 936 1025 τῆς
957 950 1277 1021 ἀπαλλαγῆς
1306 947 1400 1003 τοῦ
1428 947 1695 1019 σώματος,
1720 946 1839 1001 καθ’

275 1048 333 1102 δν
361 1050 421 1101 ὲν
449 1048 641 1121 εἰρήνῃ
664 1046 959 1118 ποιήσομαι
980 1044 1076 1116 τὴν
1108 1043 1360 1113 κοίμησιν
1381 1058 1394 1071 ·
1429 1040 1532 1094 hoc
1552 1046 1634 1095 est
1661 1058 1675 1093 :
1708 1037 1840 1095 Cum

276 1140 412 1197 enim
446 1157 477 1192 ιι
507 1128 804 1203 Saluatore,
842 1153 1005 1208 exque
1042 1136 1316 1207 promissis
1364 1135 1472 1188 tuis
1519 1132 1837 1199 edidicerint,

273 1230 483 1285 etiamsi
509 1216 636 1284 mihi
664 1228 894 1298 dolores,
921 1244 1193 1297 (erumna,
1214 1228 1545 1300 natationes,
1566 1225 1839 1282 calamita-

275 1333 350 1386 tes
396 1314 451 1376 in
484 1324 732 1392 presenti
774 1323 895 1377 vita'
927 1338 1030 1376 non
1072 1320 1341 1390 deﬁciant,
1392 1314 1630 1389 futurum
1665 1312 1838 1371 tamen

262 1413 408 1501 (mihi
438 1424 636 1485 tempus
678 1423 775 1477 est,
815 1430 916 1484 quo
954 1430 987 1467 a
1016 1392 1232 1481 corpore
1271 1410 1517 1465 decedam
1546 1427 1608 1464 ac
1636 1411 1690 1464 in
1713 1426 1839 1479 pace

274 1498 553 1575 dormiant.
594 1503 709 1561 Etsi
737 1511 921 1573 autem
964 1504 1049 1559 his
1106 1502 1510 1558 commentariis
1548 1517 1649 1557 vos
1681 1498 1837 1573 περί-

276 1614 464 1662 στασις
489 1586 693 1668 passim
724 1602 998 1659 occurrat,
1030 1595 1120 1650 vix
1150 1592 1360 1664 uspiam
1391 1594 1499 1647 alio
1538 1608 1704 1649 sensu
1733 1608 1837 1647 usu

229 1690 234 1699 '
270 1689 438 1763 venit,
468 1703 630 1759 quam
663 1703 763 1757 pro
806 1685 1117 1741 calamitate
1146 1704 1158 1740 :
1200 1685 1508 1754 frequenter
1544 1683 1673 1737 item
1701 1682 1837 1737 dici-

261 1775 363 1838 tur
396 1779 776 1853 περιστατικὺς
820 1777 1037 1850 καιρός,
1085 1793 1180 1849 pro
1223 1786 1449 1845 tempore
1495 1774 1837 1840 calamitosa,

254 1879 326 1926 ‘et
350 1871 615 1927 aerumnis
644 1870 823 1941 pleno.

746 2004 804 2054 ν.
831 2006 1026 2057 Mm
1049 2002 1371 2066 respondere.

336 2150 639 2213 Observata
687 2153 813 2209 item
843 2150 1051 2222 dignus;
1072 2162 1169 2221 est,
1191 2149 1343 2206 vocis
1376 2149 1666 2204 ὑπακούειν
1694 2162 1837 2204 usus

268 2234 365 2315 pro
396 2242 707 2313 respondere
731 2260 749 2297 :
784 2242 942 2313 cujus
995 2242 1109 2311 jam
1156 2240 1400 2310 exempla
1430 2239 1711 2295 attulimus
1738 2238 1824 2294 t.l

266 2349 489 2405 operum
513 2334 793 2392 Athanasii
810 2325 866 2408 p'.
884 2333 1011 2389 554.
1030 2330 1156 2388 Fuit
1171 2339 1348 2387 autem
1362 2346 1467 2385 vox
1486 2331 1673 2387 isthaec
1690 2331 1829 2389 mul—

264 2432 441 2479 torum
477 2431 875 2489 tamveterum,
901 2438 1064 2493 quam
1094 2422 1456 2502 recentiorum
1474 2422 1826 2491 interpretum

265 2518 546 2602 scapulas,
568 2517 671 2588 qui
687 2515 871 2571 audire
885 2514 1271 2575 velsubaudire
1289 2520 1598 2571 verterunt:
1632 2527 1826 2583 quam~

261 2609 449 2665 nbrem
476 2621 585 2663 non
604 2608 701 2664 abs
715 2623 774 2663 re
789 2607 952 2663 fuerit
965 2607 1209 2676 exempla
1224 2606 1471 2678 quaedam
1486 2622 1548 2661 ex
1569 2606 1654 2661 his
1676 2619 1829 2659 com-

262 2700 547 2758 mentariis
569 2698 831 2772 proferre.
846 2698 905 2755 in
918 2699 1234 2771 praefatione
1247 2698 1467 2755 Eusebii
1487 2700 1541 2753 in
1557 2696 1824 2760 Psalmos,

264 2789 451 2864 (infra,
472 2784 586 2855 col.
620 2790 765 2862 81),:
797 2791 986 2846 Ἡνίκα
1034 2792 1213 2854 τοίνυν
1247 2790 1474 2861 ἐσκίρτα
1520 2787 1580 2840 τὸ
1603 2785 1827 2859 Πνεῦμα

259 2884 355 2939 sui
380 2900 504 2938 τινα
525 2883 635 2937 τῶν
667 2883 939 2954 ἀρχόντων
965 2883 1073 2938 τῶν
1100 2881 1409 2957 ψαλτιρδῶν,
1428 2883 1480 2933 οῖ
1504 2878 1677 2933 λοιποὶ
1702 2879 1826 2948 ἠσυ-

257 2976 376 3047 χειν
404 2970 539 3047 ἦγον
554 2973 899 3047 παρεστῶτες
917 2975 1010 3028 καὶ
1032 2973 1393 3039 ὑπακούοντες
1417 2969 1718 3043 συμφώνως
1744 2967 1826 3039 τῷ

255 3067 528 3139 ψάλλοντι,
563 3065 899 3137 ’Δλληλούϊα,
930 3066 985 3121 id
1013 3073 1098 3123 est
1118 3085 1132 3121 :
1155 3066 1283 3119 Cum
1302 3066 1479 3134 itaque
1507 3062 1735 3129 Spiritus
1765 3062 1821 3114 in

258 3160 557 3233 quempiam
575 3159 869 3229 principum
890 3166 1165 3213 cantorum
1186 3156 1433 3219 insiliret,
1462 3155 1637 3210 elateri
1653 3153 1821 3233 quiete

258 3228 480 3321 agebant
493 3228 753 3313 astantes,
769 3264 844 3304 ιιι-
862 3262 1229 3304 υοσσοοοιιεοιια
1251 3245 1451 3322 psallat
1459 3245 1497 3299 ti
1508 3228 1821 3313 respondet»
1847 3269 1889 3325 ο

1946 663 2152 728 ctrina;
2193 664 2370 732 aptius
2405 672 2582 716 autem
2633 670 2838 723 vertas,
2874 657 3167 712 Saluatoris
3222 655 3497 717 doctrina;

1943 756 2132 811 eodem
2174 754 2334 811 modo
2378 754 2519 825 apud
2548 752 2930 816 Athanasium,
2965 748 3028 801 τδ
3060 748 3322 817 σωτήριον
3359 762 3497 817 μαρ-

1944 849 2127 922 τύριον
2149 891 2165 915 ,
2206 851 2518 920 martyrium
2555 848 2670 902 sive
2711 843 2931 898 ecclesia
2976 839 3290 897 Seruatoris.
3328 837 3385 892 In
3414 838 3501 893 bis

1945 958 2072 997 vero
2100 942 2502 999 commentariis
2535 941 2615 995 sic
2644 938 2755 993 fere
2786 928 2997 1007 semper
3026 932 3310 1000 intelligas.

2008 1032 2068 1087 In
2098 1032 2184 1087 his
2212 1030 2619 1086 commentariis
2650 1029 2852 1099 passim
2879 1025 3157 1085 observes,
3180 1034 3363 1083 vocem
3387 1017 3503 1070 ἀλλ’

1940 1127 1996 1197 ἦ,
2026 1140 2147 1195 quas
2174 1125 2463 1205 signiﬁcat,
2498 1124 2620 1187 nisi,
2652 1122 2741 1175 ubi
2765 1114 3009 1188 sequitur
3044 1111 3270 1173 vocalis,
3300 1109 3503 1165 omissa

1938 1202 2243 1287 particuiai
2295 1213 2362 1283 ἦ.
2442 1213 2691 1286 exprimi.
2773 1208 2863 1263 Sic
2918 1206 3013 1260 lib.
3100 1220 3160 1259 ιιι
3194 1225 3208 1258 :
3242 1202 3505 1271 Κληρονοο

1940 1308 2035 1378 μία
2065 1307 2122 1360 δὲ
2164 1306 2328 1360 αὐτοῦ
2359 1305 2442 1367 τίς
2480 1299 2546 1374 ἧν
2577 1301 2713 1373 μετὰ
2747 1299 2839 1378 τὸν
2869 1300 3129 1370 πρότερον
3166 1294 3293 1348 λαὸν
3321 1292 3431 1346 ἀλλ’
3469 1290 3503 1360 ὴ

1937 1375 1997 1464 te
2020 1398 2188 1452 ἐθνῶν
2226 1394 2538 1467 Ἐκκλησία,
2567 1394 2622 1448 id
2652 1400 2734 1448 est
2769 1375 2784 1446 ὲ
2823 1389 3117 1444 Hazreditas
3154 1403 3313 1457 porro
3335 1385 3501 1443 illius.

1934 1504 2177 1559 quaenam
2204 1496 2320 1541 erat
2342 1496 2458 1555 post
2481 1486 2705 1555 priorem
2724 1483 2877 1537 illum
2896 1481 3165 1551 populum,
3197 1477 3301 1532 nisi
3324 1475 3505 1530 Eccle-

1936 1577 2017 1632 sia
2041 1576 2312 1647 gentium?
2342 1575 2435 1628 ubi
2477 1573 2590 1641 ἀλλ’
2624 1575 2657 1644 ἠ
2684 1571 2929 1642 prom’
2960 1568 2995 1642 ἢ
3022 1573 3055 1641 ἡ
3095 1568 3333 1640 ponitur.
3368 1562 3503 1621 Sex-

1935 1673 2094 1721 centa
2121 1672 2279 1720 notes
2305 1663 2505 1719 similia
2547 1664 2601 1718 in
2632 1663 2718 1717 his
2742 1661 3169 1721 commentariis,
3202 1658 3292 1713 ubi
3320 1652 3502 1711 hiatus

1934 1759 2140 1814 vitandi
2161 1772 2326 1813 causa
2351 1757 2389 1828 ἧ
2414 1764 2540 1811 ante
2564 1753 2807 1809 vocalem
2827 1753 3113 1831 omittitur.
3142 1749 3207 1806 Et
3233 1748 3503 1822 principio
3532 1814 3541 1821 ς

1934 1854 2150 1922 quidem
2208 1853 2462 1923 putabam
2512 1863 2612 1919 ego
2656 1847 3066 1901 amanuensium
3106 1845 3239 1901 vitio
3288 1845 3321 1915 ἦ
3367 1844 3499 1899 illud

1863 1917 1908 1974 Β
1932 1945 2235 2011 excidisse;
2281 1958 2470 1999 verum
2501 1940 2629 2011 quia
2674 1940 2729 1992 in
2766 1938 3040 2003 omnibus,
3069 1936 3219 1991 nullo
3245 1942 3495 2005 excepto,

1931 2028 2211 2094 codicibus
2242 2036 2405 2092 etiam
2456 2033 2874 2104 antiquissimis,
2923 2033 2998 2087 ita
3036 2031 3236 2104 passim
3272 2029 3492 2099 legitur,

1928 2137 2145 2185 certum
2189 2128 2364 2183 habeo
2412 2126 2482 2181 ab
2513 2127 2632 2194 ipso
2658 2132 2899 2179 auctore
2939 2136 3286 2193 suppressam
3317 2121 3494 2189 εὐφω-

1928 2221 2045 2284 νίας
2068 2235 2197 2292 ergo
2249 2217 2570 2288 particulam
2604 2216 2794 2271 fuisse.
2829 2213 3023 2271 Parem
3067 2213 3310 2269 omnium
3345 2212 3495 2271 codi—

1927 2326 2052 2367 cum
2086 2323 2413 2365 consensum
2461 2306 2713 2361 advertas
2741 2306 2797 2360 in
2830 2318 2963 2360 voce
3002 2303 3368 2360 ᾰποκλάεσθαι
3395 2319 3495 2375 pro

1926 2394 2339 2466 ἀποκλαίεσθαι,
2356 2398 2483 2468 ﬂere
2498 2412 2653 2467 :quas
2664 2396 3103 2466 frequentissime
3119 2395 3223 2450 hoc
3253 2397 3308 2450 in
3330 2411 3493 2466 opere

1925 2498 2220 2561 comparet,
2252 2496 2306 2544 et
2348 2487 2593 2559 sagum,
2621 2501 2721 2557 pro
2756 2485 3017 2553 ἐξέκαιον.
3049 2482 3151 2539 Ubi
3186 2491 3373 2538 eorum
3397 2487 3490 2555 qui

1925 2579 2156 2635 antehac
2180 2577 2493 2640 Graecorum
2532 2578 2859 2648 scriptorum
2887 2588 3052 2646 Opera
3099 2574 3313 2644 publica
3350 2572 3492 2628 fece-

1924 2682 2072 2735 runt,
2104 2685 2313 2726 morem
2334 2666 2627 2727 sectamur.
2652 2669 2692 2724 li
2719 2668 2888 2732 enim,
2915 2667 3041 2737 quia
3065 2657 3490 2737 euphonizegra-

1924 2768 2003 2842 tia.
2026 2754 2250 2837 ταμεῖον
2276 2777 2376 2834 pro
2403 2763 2669 2832 ταμιεῖον,
2693 2758 2849 2841 ὑγεία
2880 2774 2978 2828 pro
3008 2757 3186 2826 ὑγίεια
3218 2757 3492 2828 legebatur

1922 2858 1980 2912 in
2000 2840 2307 2913 codicibus.
2331 2852 2536 2907 omisso
2566 2853 2748 2922 primo
2783 2866 2822 2913 t,
2844 2840 3084 2920 ταμεῖον
3115 2861 3168 2904 et
3202 2849 3356 2917 ὑγεία
3379 2850 3490 2920 ple-

1920 2963 2150 3018 rumque
2183 2944 2489 3001 ediderunt.
2530 2942 2851 3012 Quanquam
2900 2940 3016 2996 leve
3054 2940 3286 2995 fortasse
3306 2943 3492 2998 videa-

1922 3048 2028 3105 tur,
2058 3054 2278 3095 monere
2312 3054 2383 3094 ne
2408 3036 2606 3109 pigeat,
2640 3049 2826 3091 vocem
2862 3032 3045 3097 Δαυῖδ,
3091 3048 3212 3103 quin
3246 3034 3408 3105 vulgo
3433 3034 3489 3089 in

1920 3122 2201 3195 codicibus
2248 3131 2351 3186 Δᾶιδ
2397 3129 2625 3199 legitur;
2670 3126 2847 3182 sicubi
2894 3133 3005 3181 tota
3054 3126 3396 3181 describatur
3432 3127 3487 3181 in

1920 3220 2308 3277 vetustioribus
2334 3214 2742 3285 manuscriptis,
2768 3228 2864 3283 per
2896 3231 2928 3265 υ
2956 3212 3132 3277 efferri
3166 3210 3348 3277 Δαυῖδ,
3380 3226 3487 3267 non

260 3303 355 3406 "vs,
372 3303 627 3397 Alleluia.
650 3303 905 3413 Apartius
923 3356 1052 3397 vero
1079 3339 1229 3396 Psal.
1251 3303 1410 3405 tua,
1440 3352 1565 3394 vers
1591 3303 1690 3392 l9:
1713 3336 1826 3389 Kal.
1847 3303 1863 3325 ‘

1863 3304 1889 3325 ⁵⁸
1925 3324 2101 3369 autem
2134 3310 2319 3375 Aaﬁl6,
2368 3315 2428 3364 ut
2477 3308 2532 3361 in
2568 3304 2731 3366 editis
2764 3303 3059 3359 Bibliorum
3112 3303 3327 3373 legitur.
3361 3304 3487 3373 quia

258 3434 556 3506 ἂπιιᾶήπερ
581 3433 751 3488 ταῦτα
765 3434 827 3487 τὸ
842 3430 1063 3504 Πνεῦμα
1080 3433 1140 3486 τὸ
1157 3433 1309 3502 ἅγιον
1326 3428 1674 3502 προφητικῶς
1698 3428 1827 3500 μέλ-

256 3522 415 3588 λσντα
437 3522 656 3577 ἔσεσθαι
692 3523 1079 3596 προανεφώνει,
1112 3523 1269 3594 χορὸς
1299 3519 1823 3590 ἀγγέλωνλὺπακούει

258 3613 646 3692 συνευχόμενος
677 3616 739 3683 τῇ
780 3613 886 3666 τῶν
915 3613 1251 3686 πραγμάτων
1291 3608 1579 3673 τελειώσει,
1614 3607 1845 3677 πιστού-·

260 3705 420 3776 μενός
450 3721 509 3757 τε
541 3703 679 3757 αὐτὰ
702 3705 793 3758 καὶ
818 3704 988 3773 λέγων
1007 3722 1020 3734 ·
1055 3703 1284 3766 Γένοιτο,
1316 3701 1550 3769 γένοιτοί
1577 3701 1679 3754 hoc
1705 3708 1818 3754 est:

260 3796 327 3851 Et
354 3798 479 3864 quia
509 3796 618 3866 hagc
649 3796 881 3865 Spiritus
920 3804 1134 3850 sanatus
1163 3793 1454 3865 prophetice
1482 3792 1661 3860 futura
1688 3806 1831 3860 ρτιεπ

254 3889 488 3955 dixerat,
514 3890 703 3944 chorus
757 3891 1060 3961 angelorum
1102 3889 1373 3957 respondet
1404 3904 1507 3941 una
1542 3886 1823 3955 deprecans

256 3984 450 4050 pro.rei
476 3986 943 4049 consummatione,
968 3985 1163 4054 illaque
1178 3984 1495 4051 conﬁrmans
1521 3996 1582 4033 ac
1607 3980 1780 4032 dicens
1803 3995 1819 4031 :

259 4072 407 4138 Fiat,
444 4073 573 4142 ﬁat!
600 4070 799 4131 Eodem
832 4059 1068 4145 quoque?~
1092 4074 1395 4146 signiﬁcatu
1436 4070 1534 4127 vox
1576 4087 1819 4143 προσυπ-

258 4164 487 4218 ακούεινν
517 4166 641 4223 alibi
677 4165 929 4235 occurrit,
958 4165 1012 4219 id
1038 4172 1141 4227 est,
1168 4162 1235 4244 ad
1261 4159 1461 4232 aliquid
1493 4159 1818 4230 respondere.

258 4256 442 4336 Hujus
462 4256 637 4321 vocis,
684 4256 788 4311 hac
829 4256 1095 4312 sententia
1140 4262 1394 4324 acceptas,
1448 4252 1822 4336 frequentissi:

258 4364 380 4404 mus
416 4358 511 4407 cst
557 4346 700 4418 apud
730 4346 1038 4419 scriptores.
1072 4346 1373 4416 praesertim
1420 4344 1820 4401 ecclesiasticos

258 4456 411 4497 ωηε.

822 4574 904 4627 VI.
930 4588 1105 4638 satis.“
1130 4572 1263 4637 quid,
1288 4577 1403 4623 etc.-

1922 3421 2114 3476 nempe
2138 3404 2194 3457 in
2222 3398 2505 3457 Hebraicis
2529 3393 2950 3465 exemplaribus,
2978 3410 3072 3465 per
3102 3412 3203 3449 vau
3233 3406 3325 3456 ττι
3365 3398 3489 3453 des-

1925 3494 2169 3549 cribitur.
2200 3489 2317 3556 Qua
2356 3493 2410 3546 in
2447 3505 2508 3545 re
2535 3496 2780 3544 veterum
2809 3484 3049 3543 omnium
3099 3487 3345 3541 codicum
3380 3478 3488 3540 mol

1921 3602 2035 3643 rem
2058 3586 2217 3656 sequi
2240 3586 2413 3640 visum
2435 3588 2537 3638 est.

1991 3678 2279 3742 Caeterum,
2315 3685 2373 3729 ut
2401 3690 2683 3745 speramus
2716 3689 2824 3727 non
2859 3673 3125 3741 ingratum
3159 3667 3344 3721 lectori
3370 3666 3485 3721 fore

1922 3771 2213 3826 Eusebium
2247 3775 2491 3823 nostrum
2514 3807 2528 3830 ,
2563 3768 2636 3819 ita
2664 3766 2718 3818 in
2748 3771 2954 3834 partem
2990 3761 3176 3829 gratia:
3210 3752 3482 3814 vocandas

1921 3877 2205 3919 censemus
2255 3875 2370 3923 eos,
2414 3860 2507 3929 qui
2539 3858 2697 3913 nobis
2745 3856 2825 3908 vel
2878 3852 3094 3906 codices
3138 3852 3220 3904 vel
3261 3865 3480 3919 operam

1920 3954 2199 4019 contulere
2230 3964 2403 4006 suam.
2431 3948 2509 4002 Ex
2539 3947 2704 4016 Regia
2725 3954 2871 3999 certe
2893 3942 3241 4003 bibliotheca,
3259 3942 3483 4010 jubente

1920 4044 2285 4103 illustrissimo
2312 4043 2500 4095 abbate
2539 4056 2605 4094 ns
2639 4038 2892 4101 Louvms,
2925 4036 3169 4105 ejusdem
3206 4034 3479 4103 prmiecto.

1920 4140 2133 4195 codices
2174 4135 2330 4190 nobis
2362 4150 2458 4204 pro
2493 4142 2638 4195 voto,
2676 4132 2834 4201 idque
2870 4131 2933 4185 ad
2970 4130 3286 4197 diuturnum
3324 4143 3480 4181 usum

1919 4231 2100 4287 traditi
2125 4241 2250 4283 sunt
2281 4242 2309 4278 a
2348 4225 2681 4280 doctissimis
2725 4231 2778 4277 et
2821 4216 3169 4275 amicissimis
3198 4218 3331 4272 viris
3360 4216 3478 4271 Cle-

1807 4314 1840 4380 ἷ
1921 4331 2085 4377 mente
2108 4328 2161 4372 et
2190 4318 2448 4380 Boivinio,
2482 4315 2820 4370 custodibus.
2852 4311 3043 4365 Parem
3072 4310 3479 4364 benelicentiam

1918 4412 2120 4483 experti
2175 4425 2381 4472 sumus,
2411 4424 2578 4480 penes
2623 4403 3112 4460 eminentissimum
3152 4398 3480 4453 cardinalem

1920 4523 1985 4561 ns
2015 4506 2255 4568 Consum,
2291 4504 2381 4573 qui
2414 4502 2570 4555 nobis
2610 4498 2815 4573 codicis
2848 4492 3283 4565 praestantissimi
3314 4506 3478 4559 supra

1849 4612 1895 4668 ι)
1922 4596 2203 4653 memorati
2237 4594 2453 4668 copiam
2489 4590 2631 4645 fecit.
2680 4587 2745 4639 Et
2791 4568 3220 4639 illustrissimum
3266 4582 3466 4636 archie-

323 4700 516 4758 Parem
557 4698 824 4755 cautelam
858 4686 1114 4755 adhibeas
1157 4699 1214 4753 in
1265 4711 1396 4753 voce
1428 4701 1687 4768 σωτήριος
1717 4711 1818 4764 pro
1919 4693 2201 4762 piscopum
2241 4685 2749 4753 Bothomagensem,
2782 4678 2939 4747 cujus
2962 4677 3301 4731 bibliothecas
3324 4673 3472 4727 codi-

258 4797 490 4863 ntroque
512 4805 711 4864 genere
736 4788 1047 4845 masculino.
1066 4799 1121 4845 et
1148 4775 1407 4845 feminino
1446 4784 1697 4853 usurpari
1726 4800 1817 4841 so-

257 4882 374 4950 lita,
414 4882 575 4953 cujus
607 4882 753 4952 prior
796 4879 1119 4951 signiﬁcatio
1143 4892 1226 4936 est
1253 4880 1540 4942 salutaris;
1576 4877 1670 4932 sed
1701 4876 1812 4933 fre-

254 4975 538 5045 quentiori
581 4989 682 5030 usu
727 4974 868 5044 apud
912 4970 1307 5030 ecclesiasticos
1325 5014 1347 5040 ,.
1383 4970 1655 5027 salvatoris
1688 4984 1811 5024 ver-

1920 4786 2076 4857 cibus
2098 4783 2167 4837 ad
2197 4776 2510 4840 nutuml'rui
2544 4775 2687 4837 licet,
2723 4781 2947 4826 curante
2968 4770 3117 4824 Dom.
3144 4768 3215 4824 du
3242 4768 3473 4829 Chesne,

1919 4872 2352 4948 biblio‘thec‘ario.
2380 4869 2559 4935 Salve,
2596 4867 2805 4923 erudite
2839 4866 3023 4919 lector.
