4262 6426
831 511 900 567 cs
1521 508 1788 564 EUSEBII
1826 482 2301 563 CASSARIENSIS
2340 504 2489 560 OPP.
2523 502 2721 559 PARS.
2765 503 2852 559 ιιι.
2894 537 2961 545 -
3001 502 3403 559 exeamus.
3973 505 4043 560 et

2041 825 2147 884 DE
2190 822 2840 886 CONTINUATIONE

1144 1001 2290 1129 COMMENTARIORUM
2368 1000 2841 1090 EUSEBII
2931 998 3722 1090 C/ESARIENSIS

1461 1198 1514 1258 Α
1568 1196 1715 1258 PSA
1725 1193 1897 1257 uno
1930 1174 2127 1256 CXIX
2175 1191 2431 1266 USQUE
2486 1190 2600 1252 AD
2646 1189 3097 1253 PSALTERII
3144 1190 3427 1255 FINEM

1900 1367 2380 1447 EDITORIS
2458 1367 2977 1445 MONITUM.

1316 1549 1538 1622 (Angela
1570 1546 1695 1613 ΜΑι,
1735 1546 2060 1601 Bibliotheca
2089 1563 2220 1600 nova
2251 1544 2496 1609 Patrum,
2529 1550 2569 1598 t.
2606 1542 2696 1608 IV,
2742 1560 2795 1615 p.
2851 1543 2939 1599 65.
2974 1546 2999 1596 ι

1847 1546 2060 1601 liotheca
2089 1563 2220 1600 nova
2251 1544 2496 1609 Patrum,
2529 1550 2569 1598 ι.
2606 1542 2696 1608 IV,
2742 1560 2795 1615 p.
2851 1543 2939 1599 65.
2974 1545 3155 1599 Romae
3185 1544 3339 1609 1847,
3376 1544 3530 1618 ἰο-ι.)

905 1792 998 1847 Vir
1031 1792 1381 1859 doctissimus,
1414 1805 1461 1849 et
1494 1796 1557 1849 de
1601 1794 1767 1849 sacris
1799 1794 2015 1849 Litteris
2044 1796 2411 1853 immortaliter
2453 1800 2687 1861 meritus,
2731 1814 2792 1850 ac
2830 1796 3095 1852 Hauriua:
3137 1799 3356 1868 familia:
3403 1816 3659 1855 summum
3698 1800 3877 1865 decus,
3914 1799 4053 1855 Ben-

770 1907 777 1913 ·
829 1886 1025 1939 nardus
1069 1888 1495 1957 Montfauconius
1528 1891 1580 1941 in
1621 1890 1928 1957 prtefatione
1961 1889 2028 1941 ad
2072 1890 2279 1944 Eusebii
2308 1892 2645 1947 Caesariensis
2676 1907 2804 1960 quos
2846 1890 3006 1943 edidit
3043 1890 3455 1946 Commentarios
3494 1894 3561 1946 ad
3585 1891 3931 1957 Psalterium,
3969 1895 4051 1945 ait

826 1994 880 2047 p.
911 1993 970 2031 ιιι
1006 1997 1019 2031 :
1059 1996 1077 2028 ι
1120 1977 1299 2047 Neque
1341 1986 1513 2030 tamen
1542 1976 1595 2030 id
1625 1978 1865 2046 consequi
1895 1981 2179 2045 potuimus,
2214 1992 2268 2033 ut
2302 1991 2465 2035 totum
2492 1981 2918 2034 commentarium
2948 1980 3015 2033 ad
3038 1982 3277 2035 ultimum
3308 1999 3467 2051 usque
3501 1984 3761 2051 psalmum
3784 2000 3848 2041 CI.
3875 1988 3933 2039 in
3961 1984 4050 2037 lu-

828 2086 936 2122 cem
961 2069 1193 2138 proferre
1218 2068 1393 2121 liceret
1420 2084 1438 2121 .·
1470 2070 1521 2121 in
1568 2069 1711 2122 nullo
1742 2071 1878 2123 enim
1912 2086 1976 2123 ex
2013 2074 2311 2125 memoratis
2340 2072 2602 2126 codicibus
2630 2071 2771 2124 ultra
2798 2086 2959 2126 cxvm
3009 2075 3267 2141 psalmum
3296 2073 3561 2143 quidpiam
3592 2075 3827 2143 offertur.
3861 2074 4051 2143 Quod-

828 2178 925 2232 que
952 2179 1042 2231 per
1072 2161 1199 2213 mihi
1226 2163 1415 2214 mirum
1456 2162 1621 2215 visunt
1638 2170 1736 2226 est,
1773 2162 1980 2217 Catena:
2008 2162 2119 2217 illm
2143 2160 2311 2233 Regia:
2340 2162 2674 2234 (Parisiacte)
2702 2179 2816 2232 quat
2848 2180 3005 2232 usque
3034 2164 3102 2217 ad
3124 2179 3285 2218 οινιιι
3314 2164 3573 2233 psalmum
3601 2167 4051 2236 interpretationi-

832 2256 925 2310 bus
970 2255 1175 2309 Eusebii
1197 2264 1436 2316 utuntur,
1473 2257 1547 2308 ita
1576 2264 1632 2308 ut
1654 2255 1828 2308 nullus
1854 2266 2075 2326 veterum
2106 2258 2438 2323 interpretum
2469 2254 2598 2308 adeo
2626 2255 2975 2325 frequentatus
3013 2267 3273 2319 occurrat,
3302 2258 3353 2311 in
3378 2273 3541 2315 cxvm
3568 2260 3770 2327 psalmo
3792 2262 3867 2315 ita
3887 2263 4050 2330 ﬁnem

829 2352 1029 2419 faciunt
1060 2350 1338 2404 Eusebium
1362 2352 1413 2404 in
1448 2350 1671 2403 medium
1700 2352 1973 2419 afferendi,
2001 2360 2056 2404 ut
2087 2368 2147 2405 ne
2169 2352 2374 2404 verbum
2391 2351 2593 2419 quidem
2627 2350 2844 2405 ulterius
2868 2350 3077 2427 Eusebii
3098 2363 3413 2420 compareat.
3440 2351 3583 2407 Unde
3598 2355 3887 2425 conjectare
3911 2357 4052 2426 forte

831 2446 1004 2508 liceat,
1029 2464 1061 2499 a
1080 2446 1257 2499 multis
1266 2447 1381 2515 jam
1407 2447 1613 2500 steculis
1638 2446 1851 2500 Eusebii
1865 2444 2277 2500 Commentarios
2294 2445 2389 2498 hac
2404 2446 2685 2513 posteriore
2710 2446 2792 2499 sui
2803 2454 2949 2513 parte
2968 2449 3233 2502 truncatas
3252 2446 3585 2501 librariorum
3608 2449 3809 2502 incuria
3824 2449 4007 2518 fuisse.
4025 2467 4044 2498 ι

830 2536 898 2590 Et
926 2539 1131 2609 quidem
1171 2538 1597 2607 Montfauconius
1650 2547 1783 2591 recte
1823 2554 1915 2590 nos
1962 2552 2153 2603 mouet,
2187 2536 2469 2590 Eusebium
2506 2538 2561 2589 in
2596 2546 2759 2589 totum
2794 2552 2970 2603 reapse
3015 2537 3333 2592 Psalterium
3365 2541 3653 2609 scripsisse,
3690 2549 3813 2594 teste
3854 2539 4051 2594 Hiero-

830 2646 984 2700 nymo
1020 2629 1094 2684 De
1127 2632 1311 2699 script.
1338 2631 1498 2691 ecc|.,
1532 2643 1646 2696 cap.
1676 2630 1735 2681 8i
1765 2647 1777 2681 :
1810 2647 1827 2679 ι
1866 2626 2124 2687 Eusebius
2160 2629 2213 2680 in
2240 2644 2302 2682 CL
2326 2628 2554 2694 psalmos
2595 2626 2978 2681 eruditissimos
3011 2627 3422 2703 Commentarios
3458 2631 3639 2684 edidit.
3679 2652 3697 2682 ι
3735 2630 3803 2684 Et
3834 2634 3887 2685 in
3935 2631 4050 2698 epio

829 2722 969 2777 stola
1013 2722 1098 2785 75,
1130 2722 1197 2776 ad
1238 2723 1631 2792 Augustinum:
1672 2740 1688 2773 ι
1728 2720 1968 2774 Psalmos
2015 2720 2339 2787 interpretati
2374 2730 2492 2773 sunt
2540 2719 2676 2783 apud
2721 2717 2927 2774 Cra'cos
2970 2722 3171 2782 primus
3203 2723 3468 2803 Origenes,
3504 2724 3757 2781 secundus
3790 2722 4048 2784 Eusebius

740 2832 750 2841 ·
831 2812 1194 2882 Caesariensis,
1238 2854 1249 2869 .
1294 2857 1308 2871 .
1353 2855 1367 2871 .
1406 2814 1470 2871 de
1492 2818 1688 2889 integra
1717 2814 2053 2873 Psalmorum
2092 2835 2304 2887 corpore
2324 2813 2563 2875 dicimus.
2604 2840 2623 2873 ›

904 2928 1001 2985 His
1028 2949 1120 3002 ego
1160 2932 1299 3001 apud
1333 2932 1786 3013 Montfauconium
1835 2935 2002 2997 lectis,
2031 2945 2219 2989 etcum
2265 2954 2325 2991 ne
2359 2938 2495 3004 apud
2550 2937 2788 2994 Corderii
2818 2940 3021 3009 quidem
3068 2940 3320 2996 Catenam
3366 2939 3646 2996 Eusebium
3699 2942 3903 3011 uspiam
3928 2951 4049 3013 post

830 3022 1041 3106 dictum
1076 3027 1353 3079 terminum
1404 3004 1612 3078 laudar‘i
1640 3028 1884 3089 viderem,
1917 3028 2130 3095 quwsivi
2158 3028 2335 3081 sedqu
2369 3031 2421 3082 in
2460 3030 2728 3085 Vaticanis
2767 3004 3031 3087 codicibus
3064 3036 3295 3106 nunquid
3324 3036 3457 3104 forte
3496 3036 3703 3098 lateret,
3738 3034 3874 3104 quod
3902 3004 4049 3087 ultra

832 3104 1137 3185 pra’dictam
1163 3120 1274 3186 ejus
1301 3118 1576 3172 editionem
1612 3128 1925 3173 excurreret.
1972 3118 2038 3172 Et
2067 3122 2296 3173 continui
2328 3124 2533 3190 quidem
2563 3126 2943 3187 commentarii,
2970 3126 3141 3195 qualis
3178 3104 3316 3197 apud
3342 3126 3793 3196 lontfauconium
3819 3134 3918 3189 est,
3941 3135 4047 3179 tres

834 3210 938 3263 vidi
964 3208 1161 3263 codices
1200 3208 1497 3273 Vaticanos,
1536 3228 1754 3281 quorum
1785 3221 1957 3265 tamen
2005 3212 2180 3267 nullus
2213 3214 2353 3267 ultra
2389 3216 2649 3284 psalmum
2687 3232 2818 3280 cxn,
2861 3230 3049 3286 prceter
3089 3220 3385 3289 interjectas
3424 3220 3661 3281 lacunas,
3712 3218 4043 3287 procedebat.

836 3303 976 3374 Ergo
1005 3305 1072 3358 ad
1101 3304 1327 3359 Catenas
1372 3305 1654 3361 Vaticanus
1696 3323 1996 3371 conversus,
2030 3307 2083 3359 in
2109 3308 2295 3376 quibus
2326 3308 2535 3363 Eusebii
2566 3308 2834 3363 abundant
2862 3320 3125 3379 excerpta,
3156 3312 3210 3364 in
3249 3312 3504 3382 plerisque
3532 3312 3704 3380 utique
3743 3312 3926 3380 agnovi
3955 3310 4053 3364 de.

835 3400 988 3467 ﬁcere
1024 3401 1231 3454 omnino
1271 3399 1549 3454 Eusebium
1587 3410 1701 3470 post
1736 3401 1997 3469 psalmum
2026 3415 2212 3461 cxvm,
2245 3417 2358 3471 quae
2388 3418 2467 3455 res
2508 3418 2623 3454 cum
2660 3400 3041 3471 Montfauconii
3079 3402 3141 3456 de
3188 3402 3474 3457 Parisiacis
3505 3402 3714 3457 Catenis
3741 3403 4046 3455 narratione

835 3490 1092 3561 congruit.
1128 3490 1229 3544 Sed
1277 3498 1448 3544 tamen
1486 3491 1623 3560 quod
1650 3492 1767 3545 Ituic
1810 3490 1962 3545 docto
2005 3491 2192 3545 editori
2222 3509 2321 3545 non
2354 3492 2557 3562 obtigit,
2590 3503 2646 3544 ut
2691 3493 2833 3546 ultra
2870 3510 2986 3548 eum
3037 3497 3312 3551 terminum
3347 3493 3646 3564 prwten'ehi
3692 3502 3883 3562 posset,
3916 3491 4045 3546 mihi

836 3583 1101 3638 commode
1128 3600 1189 3637 ac
1233 3584 1453 3653 feliciter
1496 3583 1694 3638 obvenit
1723 3601 1739 3638 :
1769 3585 1955 3637 etenim
1985 3584 2119 3636 inter
2166 3593 2237 3636 tot
2282 3584 2585 3647 Vaticanus,
2624 3593 2726 3638 tres
2758 3586 2927 3640 inveni
2958 3585 3208 3652 Catenas,
3231 3588 3299 3641 'in
3335 3586 3521 3657 quibus
3558 3583 3769 3639 Eusebii
3800 3592 4055 3653 excerpta

837 3691 937 3729 non
961 3674 1332 3729 contemnenda
1366 3692 1525 3745 usque
1569 3676 1636 3727 ad
1666 3673 1918 3728 Psalterii
1948 3674 2101 3743 ﬁnem
2130 3673 2385 3743 leguntur.
2435 3674 2619 3729 Prima
2646 3686 2724 3731 est
2765 3688 2946 3732 catena
2975 3680 3252 3747 pervetusti
3289 3678 3602 3732 membranei
3626 3676 3840 3740 codicis,
3864 3674 4048 3730 seculi

740 3829 747 3835 ι
837 3759 997 3843 ferme
1018 3782 1071 3819 XI
1096 3783 1244 3836 quem
1273 3768 1327 3820 in
1351 3767 1535 3836 Cyrilli
1559 3766 1789 3845 editione
1805 3766 1877 3838 (in
1902 3783 2003 3836 qua
2039 3766 2323 3820 Vaticanus
2346 3766 2413 3818 ad
2445 3768 2761 3839 Psalterium
2792 3769 3018 3825 Catenas
3049 3770 3322 3839 descripsi)
3352 3768 3617 3837 designavi
3640 3768 3817 3821 littera
3847 3765 3913 3821 D.
3949 3768 4044 3822 Se-

838 3861 1009 3911 cunda
1035 3868 1111 3912 est
1144 3859 1335 3913 codicis
1369 3863 1490 3913 item
1520 3861 1726 3930 egregii,
1760 3860 2067 3930 bombycini,
2093 3860 2271 3913 steculi
2291 3861 2498 3913 circiter
2526 3876 2647 3926 xm,
2671 3879 2822 3933 quem
2851 3862 3106 3938 denotavi-
3130 3862 3305 3914 littera
3342 3859 3405 3915 C.
3445 3859 3624 3913 Tertia
3655 3867 3731 3912 est
3755 3856 3949 3911 codicis
3976 3856 4041 3923 G,

839 3938 1120 4003 chartacei.
1154 3948 1381 4019 Denique
1406 3953 1573 4004 "etiam
1607 3953 1663 4004 in
1694 3951 1956 4005 codicibus
1984 3950 2032 4005 E
2051 3960 2099 4005 et
2131 3950 2196 4015 L,
2227 3952 2480 4005 nonnulla
2509 3951 2718 4008 Eusebii
2741 3962 2857 4023 post
2895 3968 3061 4007 cxvm
3089 3952 3347 4020 psalmum
3376 3951 3571 4005 scholia
3591 3960 3883 4020 supersunt.
3911 3949 4043 4015 Qun

803 4096 806 4104 λ
840 4056 959 4092 cum
986 4042 1063 4093 ita
1092 4057 1145 4094 se
1171 4039 1433 4105 haberent,
1474 4042 1617 4096 nolui
1650 4043 1883 4113 equidem
1923 4043 2156 4097 oblatam
2195 4043 2497 4111 facultatem
2540 4045 2776 4098 omittere
2814 4045 3085 4114 supplendi
3112 4046 3385 4115 egregiam,
3415 4054 3666 4115 quantum
3711 4043 3837 4097 mihi
3865 4043 4037 4106 licuit,

840 4128 1228 4198 Mantfauconii
1276 4132 1580 4199 editionem,
1612 4142 1661 4186 et
1697 4134 1741 4186 si
1771 4150 1871 4187 non
1894 4135 2152 4205 integrum
2193 4134 2399 4189 Eusebii
2422 4133 2887 4204 Commentarium,
2919 4137 3102 4191 saltem
3145 4139 3257 4208 ejus
3292 4148 3530 4205 excerpta
3567 4148 3617 4193 et
3646 4136 3895 4203 reliquias
3924 4145 4042 4190 stu—

838 4225 982 4278 diose
1009 4240 1036 4279 e
1065 4222 1328 4279 cedicibus
1350 4230 1605 4294 sumptas,
1637 4224 1921 4282 Latinitate
1950 4229 2130 4291 etiam,
2162 4229 2457 4281 imminente
2486 4230 2650 4297 prelo,
2687 4246 2718 4282 a
2751 4245 2829 4283 me
2857 4229 3101 4291 donatas,
3137 4228 3204 4282 ad
3227 4229 3473 4284 Ecclesia:
3503 4244 3656 4283 usum
3675 4226 3968 4298 perducere.

908 4337 1074 4392 Porro
1106 4337 1245 4391 haud
1281 4340 1581 4399 continuum
1610 4320 1743 4393 hunc
1763 4356 1872 4395 esse
1900 4320 2362 4405 Commentarium,
2387 4322 2503 4411 ja‘m
2532 4342 2666 4415 dixi,
2702 4346 2824 4415 quia
2865 4345 3071 4399 nonnisi
3105 4362 3133 4399 e
3159 4345 3354 4398 catenis
3385 4352 3652 4415 excerptus
3672 4359 3705 4396 a
3734 4338 4040 4411 nobiufuit.‘

838 4428 978 4492 Quid
1002 4431 1156 4485 vero?
1189 4428 1374 4483 Nonne
1394 4439 1444 4483 et
1472 4430 1751 4484 Athanasii
1778 4431 1831 4484 in
1861 4430 2125 4497 Psalmos,
2161 4450 2331 4487 nonne
2352 4435 2505 4486 etiam
2543 4413 2847 4489 Theodoreti
2880 4438 2931 4488 in
2978 4434 3178 4491 isaiam
3201 4413 3479 4503 deperdita?
3503 4436 3867 4505 expositiones,
3899 4431 4041 4498 prio-

837 4520 913 4572 ris
937 4519 1141 4588 quidem
1166 4537 1199 4573 a
1240 4519 1660 4590 Montfauconio,
1700 4523 2004 4591 posterioris
2039 4540 2070 4577 a
2098 4524 2377 4579 Sirmondo
2399 4543 2425 4580 e
2453 4524 2663 4582 Catenis
2694 4529 3053 4584 tantummodo
3084 4528 3327 4583 delibatte
3352 4529 3603 4598 fuerunt?
3632 4528 3699 4582 Et
3728 4526 3933 4599 quidem
3946 4525 4040 4593 ju—

834 4608 1013 4663 dicare
1037 4627 1093 4664 se
1111 4612 1253 4665 dicit
1281 4610 1615 4688 Sirmondus,
1650 4614 1932 4670 medullam
1958 4616 2099 4677 haud
2136 4616 2288 4671 dubie
2316 4634 2623 4687 succumque
2653 4619 2897 4690 cujusque
2915 4622 3093 4689 scripti
3114 4622 3363 4675 contineri
3394 4622 3445 4675 in
3474 4619 3685 4677 Catenis
3709 4618 3893 4673 solere.
3924 4614 4041 4671 Etsi

779 4720 782 4724 λ
837 4710 1009 4755 autem
1040 4703 1147 4758 haec
1180 4703 1389 4758 Eusebii
1416 4705 1619 4759 scholia
1649 4708 1702 4760 in
1723 4708 1979 4777 plerisque
2014 4710 2232 4777 psalmis
2264 4712 2500 4765 tenuiora
2538 4721 2679 4775 sunt,
2712 4714 2944 4767 attamen
2973 4714 3026 4765 in
3063 4711 3258 4781 aliquot
3282 4714 3356 4766 ita
3393 4709 3682 4775 abundant,
3721 4718 3778 4761 ut
3801 4722 3956 4777 prope
3975 4724 4041 4762 ea:

839 4797 1037 4864 integro
1070 4804 1224 4863 'opere
1272 4812 1536 4865 superesse
1562 4784 1851 4863 videantur,
1894 4803 1940 4855 si
1959 4788 2095 4854 certe
2122 4802 2316 4869 partim
2361 4802 2683 4870 psalmorum
2730 4803 3075 4874 quorumdam
3123 4804 3441 4867 brevitatem,
3481 4804 3674 4871 partim
3722 4801 4045 4856 scholiorum

837 4886 1041 4953 copiam
1060 4894 1367 4955 spectemus,
1390 4888 1546 4940 veluti
1575 4888 1642 4939 ad
1669 4889 1907 4957 'psalmos
1927 4907 2085 4955 cxxv,
2112 4905 2315 4956 cxxvu,
2343 4907 2546 4957 cxxxu,
2576 4910 2790 4959 cum,
2808 4911 2894 4958 CL,
2929 4904 2979 4948 et
3007 4894 3074 4947 ad
3101 4910 3255 4963 CXLV,
3287 4912 3433 4960 cus,
3466 4910 3589 4951 cu.
3616 4892 3861 4948 Jamvero
3899 4892 4041 4947 theae

840 4977 1033 5046 logicus
1056 4980 1109 5045 in
1136 4977 1235 5032 hac
1263 4994 1395 5032 nova
1416 4976 1626 5032 Eusebii
1650 4990 1800 5047 parte
1837 4984 1900 5035 de
1935 4980 2423 5037 Christi'divinitate
2455 5001 2633 5040 sensus
2663 5003 2823 5041 sanus
2856 4986 3271 5058 orthodoxusque
3302 4989 3488 5057 ubique
3507 4995 3604 5049 est.
3628 4984 3844 5039 moralis
3868 4994 4039 5041 autem
4132 4988 4139 4991 ’

836 5077 884 5122 et
918 5068 1224 5126 doctrinalis
1265 5072 1414 5127 valde
1436 5074 1552 5141 pius
1588 5082 1636 5126 et
1665 5068 1835 5139 utilis,
1855 5074 1918 5128 de
1946 5086 2079 5129 recte
2112 5075 2309 5146 agenda
2343 5076 2467 5140 vita,
2501 5077 2566 5130 de
2597 5078 2784 5131 orandi
2821 5094 2939 5141 usu,
2982 5078 3044 5131 de
3084 5081 3275 5134 animos
3313 5079 3729 5142 immortalitate,
3769 5075 4038 5144 defutura

836 5161 1059 5238 vita,gde
1084 5148 1444 5217 hereticorum
1490 5162 1900 5234 reprehensione,
1932 5175 2037 5221 etc.
2072 5167 2152 5221 Ad
2181 5184 2386 5220 sacram
2418 5168 2647 5222 criticem
2673 5178 2722 5222 et
2768 5168 3106 5239 philologiam
3136 5169 3273 5240 quod
3322 5170 3526 5234 attinet,
3561 5166 3744 5223 laudat
3781 5164 4056 5222 Eusebius.

838 5239 942 5321 non
976 5252 1132 5308 semel
1161 5254 1423 5322 Aquilam,
1454 5257 1644 5324 sapius
1683 5254 2071 5327 Symmachum,
2101 5257 2405 5327 quandoque
2437 5260 2594 5313 etiam
2621 5259 3041 5324 Theodotionem,
3075 5239 3416 5330 Septuaginta
3448 5258 3777 5327 Interpretes,
3803 5258 4037 5327 quintam

837 5343 1132 5410 editionem,
1158 5353 1207 5399 et
1246 5348 1415 5401 varios
1442 5348 1701 5403 interdum
1724 5348 1944 5413 codices,
1968 5350 2182 5421 denique
2214 5348 2549 5403 tiebrazorum
2572 5360 2770 5404 textum
2811 5360 2962 5420 atque
2990 5353 3305 5406 idiotismos.
3337 5351 3513 5417 Quare
3538 5360 3587 5404 et
3619 5365 3749 5403 nova
3771 5346 4037 5415 hexapla-

840 5434 983 5490 ribus
1011 5436 1346 5492 varietatibus
1378 5442 1602 5495 accessio
1630 5443 1749 5495 hinc
1774 5442 1890 5511 ﬁeri
1912 5441 2182 5495 videbitur.
2215 5441 2296 5495 Ad
2317 5442 2577 5509 psalmum
2606 5455 2823 5507 ειιιιν,
2856 5443 3087 5511 loquitur
3129 5443 3317 5496 diserte
3349 5440 3602 5496 Eusebius
3632 5440 3696 5495 de
3716 5439 4035 5493 ethnicorum

839 5542 937 5579 sua
974 5537 1127 5583 aetate
1174 5531 1522 5597 conversione,
1553 5550 1681 5603 quos
1726 5549 1927 5603 reapse,
1961 5536 2224 5602 regnantis
2257 5534 2584 5603 potissimum
2613 5533 2846 5601 exemplo
2885 5532 3238 5599 Constantini,
3280 5533 3531 5600 plurimos
3581 5531 3649 5585 ad
3683 5529 4034 5586 Christianam

784 5679 791 5685 ,
841 5620 996 5690 fidem
1017 5624 1294 5679 accessisse
1313 5625 1523 5678 scimus.
1552 5624 1938 5698 Qualiscunq'ue
1975 5625 2177 5680 demum
2206 5629 2274 5681 sit
2310 5626 2493 5680 horum
2522 5625 2837 5681 scholiorum
2869 5643 3014 5691 usus,
3057 5639 3192 5681 certe
3229 5637 3335 5681 tam
3370 5628 3527 5697 prisci
3556 5616 3787 5692 claritiue
3814 5619 4039 5675 hominis

840 5697 999 5768 nulla
1030 5731 1062 5768 a
1095 5730 1173 5768 me
1196 5697 1913 5788 pratermittendtereliquia:
1950 5728 2121 5772 erant.
3078 5702 3083 5703 γ
