4262 6412
275 496 339 550 πε
1363 485 1854 549 (ἸΟΜΜΕΝΤΑΒΙΔ

1920 490 1961 544 Ν
2000 490 2333 571 essurus.
3417 487 3483 547 ἰι

273 609 468 678 στήσας
495 608 663 680 αὑτήν
688 610 765 672 εἰς
792 607 1160 679 Ἰερουσαλὴμ,
1194 609 1498 679 ἐπιλέγεται
1518 594 1581 664 ἑκ
1606 611 1702 682 τῆς
1734 629 1833 681 φυ-

1936 608 2270 680 reposuisset
2291 609 2458 673 illam,
2489 626 2552 665 ex
2584 610 2727 663 tribu
2762 606 2889 663 Levi
2934 607 3262 679 psalmorum
3302 620 3488 665 canto~

267 697 361 769 λῆς
384 696 515 751 Δευτ
535 698 722 770 κλήρῳ
745 697 1051 768 ψαλτῳδοὺς
1074 699 1336 770 ἄρχοντας
1356 699 1508 771 ᾠδῶν
1541 700 1826 773 τέσσαρας,

264 788 354 843 τοῦ
384 788 605 858 ψάλλειν
638 790 733 842 καὶ
775 789 918 860 ᾅδειν
946 788 1173 841 ἐνώπιον
1202 791 1311 861 τῆς
1351 789 1579 844 κιϐωτοῦ
1606 792 1682 862 τῷ
1720 794 1830 846 Κυ-

268 882 383 953 ρίῳ,
436 882 531 936 καὶ
561 881 853 955 ἀναφέρειν
886 880 1067 953 φωνήν
1098 882 1430 954 εὐφροσύνης
1462 885 1541 947 είς
1584 883 1831 954 ἐξομολό-

262 989 419 1042 γησιν
442 972 537 1027 καὶ
558 972 761 1028 αἷνεσιν
782 976 838 1027 ὲν
860 973 1106 1045 ὀργάνοις
1124 975 1503 1045 ήρμοσμένοις,
1530 977 1622 1030 καὶ
1644 977 1826 1048 ᾠδαῖς,

263 1065 353 1117 καὶ
380 1063 648 1137 κινύραις,
676 1067 769 1120 καὶ
804 1067 1048 1133 νάϐλαις,
1082 1072 1172 1122 καὶ
1214 1068 1530 1138 τυμπάνοις,
1568 1069 1658 1122 καὶ
1691 1085 1829 1141 κυμ-

265 1155 465 1220 ϐάλοις,
512 1157 605 1211 καὶ
654 1158 954 1231 ψαλτηρίῳ,
1008 1162 1100 1214 καὶ
1159 1160 1436 1233 κερατίνη.
1488 1161 1578 1213 τὸν
1634 1162 1824 1231 ’Δσάφ,

263 1247 457 1316 Amm,
507 1248 693 1313 Αίθάν,
750 1250 1013 1324 Ἰδιθούμο
1046 1246 1143 1314 οἷς·
1167 1250 1394 1321 ἀριθμὸς
1436 1250 1589 1321 ῲδῶν
1642 1254 1827 1306 ἐπετέ-

262 1355 446 1401 τακτο,
475 1339 707 1410 ᾀδόντων
744 1341 1029 1396 διακοσίων
1067 1342 1391 1415 ὀγδοήκοντα
1418 1344 1579 1407 ὀκτὼ,
1616 1344 1827 1414 ἑκάστῳ

263 1426 633 1499 ἐϐδομήκοντα
677 1431 789 1498 δύο,
814 1435 877 1487 ὲκ
908 1432 1002 1486 τοῦ
1039 1433 1169 1503 Χάμ
1198 1432 1296 1498 λε’,
1330 1434 1423 1487 τοῦ
1462 1436 1581 1507 Σήμ
1608 1435 1707 1499 κε’,
1731 1435 1826 1489 τοῦ

276 1519 451 1589 Ἰάφεθ
490 1528 569 1574 ιε’.
600 1524 826 1589 Οἴτινες,
862 1514 1427 1597 ἑστῶτες-ἔμπροσθεν
1463 1526 1565 1596 τῆς
1596 1526 1826 1582 κιϐωτοῦ

261 1611 533 1685 Διαθήκης
582 1612 808 1687 Κυρίου.
858 1616 1081 1687 ἔψαλλον
1123 1618 1215 1672 καὶ
1245 1616 1372 1691 ᾖδον
1411 1618 1487 1689 τῷ
1520 1618 1732 1691 Κυρίῳ·
1768 1620 1827 1685 ὃς

264 1703 361 1774 μὲν
391 1705 449 1757 ὲν
478 1704 691 1778 κινύρᾳ,
715 1708 772 1772 ὃς
813 1706 868 1761 δὲ
899 1710 955 1761 ὲν
983 1710 1298 1781 κυμϐάλοις,
1338 1711 1396 1775 ὃς
1428 1708 1483 1763 δὲ
1516 1712 1572 1764 ὲν
1604 1711 1823 1784 κιθάρᾳ..

256 1795 316 1857 ὃς
359 1795 415 1849 δὲ
457 1798 516 1850 ὲν
562 1795 877 1870 ψαλτηρίῳ·
913 1793 987 1853 ὧν
1040 1801 1200 1872 μέσος
1239 1802 1421 1855 ἵστατο
1472 1802 1500 1853 ό
1561 1802 1827 1873 μακάριος

258 1884 435 1950 Δαυῒδ,
459 1887 619 1952 αὑτὸς
643 1890 824 1961 ἄρχων
849 1889 1125 1963 ἀρχόντων
1164 1891 1334 1964 ᾠδῶν,
1365 1893 1579 1965 κρατῶν
1604 1894 1695 1946 ἐπὶ
1717 1896 1827 1964 χεῖ-

1931 717 2021 757 res
2042 710 2303 772 quatuor,
2342 701 2678 755 canticorum
2711 700 3003 770 principes,
3036 700 3138 755 sibi
3170 709 3316 758 sorte
3343 700 3487 755 dele-

1932 794 2043 863 git;
2088 801 2146 846 ut
2179 794 2235 847 in
2282 800 2575 861 conspectu
2632 807 2771 846 arcaa
2828 790 3056 846 Domino
3113 792 3403 861 psallerent
3436 802 3489 848 et

1930 880 2236 946 eantarent,
2280 898 2575 953 vocemque
2624 882 2842 946 laetitiae,
2903 883 2959 938 in
3007 883 3403 939 confessionem
3433 892 3487 939 et

1932 975 2145 1029 laudem
2179 975 2556 1029 instrumentis
2597 975 2888 1031 concinnis
2944 974 3266 1049 proferrent,
3313 976 3489 1030 canti-

1930 1066 2033 1130 cis,
2070 1066 2293 1137 cyniris,
2340 1067 2535 1131 nablis,
2569 1070 2860 1139 tympanis,
2890 1068 3171 1139 cymbalis,
3207 1067 3484 1138 psalterio,

1928 1164 1985 1211 et
2019 1158 2147 1212 tuba
2195 1174 2426 1225 cornea;
2459 1160 2707 1215 videlicet
2757 1160 2959 1229 Asaph,
3001 1158 3218 1223 Aﬂman,
3255 1155 3486 1223 ’A‘Jthan,

1929 1248 2187 1312 ldithum,
2219 1251 2377 1320 queis
2410 1258 2597 1307 certus
2628 1252 2965 1306 canticorum
2995 1266 3251 1306 numerus
3283 1251 3487 1306 consti-

1929 1352 2081 1401 tutus
2116 1357 2233 1401 erat
2255 1364 2278 1417 ;_
2303 1346 2576 1415 deputatis
2600 1345 2917 1400 cantoribus
2940 1345 3187 1400 ducentis
3210 1344 3483 1415 octoginta

1929 1447 2102 1502 octo;
2178 1438 2408 1506 singulis
2480 1438 2735 1492 nimirum
2796 1436 3134 1507 septuaginta
3204 1437 3330 1491 duo.
3408 1434 3539 1493 Ex.

1925 1526 2134 1581 Chamo
2202 1529 2315 1583 sive
2378 1528 2564 1583 Cbami
2628 1529 2883 1599 progenie
2942 1528 3162 1599 triginta
3221 1528 3485 1596 duo;‘ex

1930 1619 2093 1674 Semo
2124 1621 2315 1690 viginti
2349 1622 2625 1691 quinque;
2658 1637 2721 1676 ex
2759 1621 2985 1692 Japlieto
3018 1622 3348 1692 quindecim.
3381 1620 3485 1688 Qui

1927 1721 2134 1768 stantes
2165 1727 2346 1767 coram
2390 1727 2516 1766 arca
2548 1715 2860 1767 testamenti
2890 1712 3127 1779 Domini,
3166 1714 3484 1783 psallebant,

1925 1806 2300 1874 canebantque
2347 1803 2604 1869 Domino;
2657 1804 2747 1857 alii
2800 1804 3009 1875 cinyra,
3058 1804 3151 1858 alii
3199 1805 3482 1874 cymbalis,

1928 1896 2150 1967 quidam
2184 1896 2417 1957 cithara,
2443 1893 2608 1963 aliqui
2634 1893 2890 1964 psalterio
2922 1910 2935 1947 :
2971 1892 3024 1947 in
3044 1906 3275 1963 quorum
3308 1892 3487 1947 medio

261 1996 357 2050 ρας
404 1980 467 2033 τὸ
515 1981 828 2054 ψαλτήριον.
862 1984 1128 2050 Ἕκαστος
1182 1986 1238 2040 δὲ
1282 1984 1407 2061 ᾖδεν
1460 1987 1552 2041 καὶ
1600 1987 1823 2057 ἔψαλλεν

1929 1988 2264 2043 consistebat
2295 1986 2484 2049 David,
2522 1986 2637 2055 ipse
2666 1985 2919 2055 princeps
2967 1984 3269 2054 principum
3313 1983 3488 2037 cauti-

257 2067 436 2138 ὑμνῶν
459 2069 550 2124 τὸν
580 2071 711 2125 Θεὸν
737 2073 875 2145 ἁγίῳ
905 2075 1177 2147 Πνεὺματι
1215 2077 1578 2149 τεταγμένως.
1635 2077 1821 2131 Ἠνίκα

255 2160 429 2214 τοίνυν
451 2163 675 2236 ἐσκίρτα
700 2163 759 2219 τὸ
779 2165 1002 2238 Πνεῦμα
1022 2167 1113 2222 ἐπί
1133 2186 1253 2223 τινα
1278 2169 1395 2222 τῶν
1413 2170 1685 2240 ἀρχόντων
1711 2171 1820 2224 τῶν

255 2253 565 2326 ψαλτῳδῶν,
588 2259 636 2311 οἱ
659 2260 835 2314 λοιποὶ
883 2262 1110 2333 ἡσυχίαν
1150 2258 1283 2333 ἦγον
1340 2263 1685 2333 παρεστῶτες
1729 2265 1822 2317 καὶ

257 2343 615 2412 ὑπακούοντες
633 2349 707 2420 (l)
726 2342 1028 2421 συμφώνως
1042 2351 1120 2423 τῷ
1139 2352 1411 2422 ψάλλοντι,
1442 2350 1819 2421 Ἀλληλούτα.

1927 2095 2141 2143 eorum,
2178 2095 2340 2133 manu
2374 2088 2615 2133 tractans
2637 2076 2974 2149 psalterium.
3008 2075 3216 2147 Singuli
3245 2091 3377 2131 vero
3395 2089 3487 2128 ca.

1928 2171 2128 2227 nebant
2160 2177 2214 2226 et
2247 2170 2570 2241 psallebant,
2612 2170 2828 2241 hymnis
2864 2169 3029 2224 Deum
3052 2168 3319 2233 concinne
3363 2164 3487 2236 Spi-

1928 2265 2035 2318 ritu
2072 2273 2259 2323 sancto
2283 2264 2437 2327 moti,
2480 2264 2835 2319 celebrantes.
2862 2262 2997 2318 Cum
3038 2263 3218 2331 itaque
3251 2258 3485 2330 Spiritus

1932 2356 1987 2409 in
2018 2356 2327 2427 quempiam
2352 2355 2657 2426 principum
2690 2362 2975 2409 cantorum
3024 2353 3274 2417 insiliret,
3306 2353 3485 2407 caeteri

255 2445 430 2511 mliete
472 2447 701 2514 agebant
738 2455 980 2503 astantes
1025 2464 1088 2502 ac
1120 2465 1252 2505 voce
1282 2464 1524 2504 consona
1560 2451 1811 2519 psallenti
1848 2452 2265 2523 respondentes,
2306 2451 2559 2505 Alleluia.

331 2535 421 2587 ‘Ev
462 2539 527 2606 τῇ
569 2535 827 2609 Ἑϐραῖκῇ
861 2538 1026 2610 βίϐλῳ
1059 2541 1167 2593 τῶν
1191 2540 1419 2613 ψαλμῶν
1452 2542 1580 2596 ἀνευ
1604 2542 1700 2614 τῆς
1730 2543 1823 2596 τοῦ

253 2625 483 2698 ἀριθμοῦ
514 2631 827 2701 προσθήκης
855 2632 1237 2703 ἀνεγράφησαν
1268 2637 1315 2687 οἱ
1351 2636 1547 2699 πάντες
1585 2632 1677 2689 καὶ
1704 2634 1821 2688 δια-

254 2715 447 2789 φόρως.
501 2721 564 2772 Ol
604 2719 702 2789 μέν
738 2723 841 2773 εἰσι
892 2723 1245 2793 συνημμένοι,
1292 2726 1341 2778 oi
1382 2725 1437 2778 δὲ
1482 2725 1817 2798 διῃρημένοι.

263 2804 473 2875 Ἀμέλει
506 2809 535 2860 ό
564 2809 669 2889 μὲν
694 2809 906 2881 πρῶτος
936 2812 1029 2865 καὶ
1055 2812 1301 2884 δεύτερος
1348 2815 1680 2884 συνημμένοι
1713 2815 1818 2867 sla!

253 2897 387 2951 κατὰ
416 2898 476 2950 τὸ
522 2898 833 2969 Ἔϐραῖκόν·
872 2902 964 2955 καὶ
997 2902 1154 2956 πάλιν
1179 2905 1206 2956 ὁ
1238 2903 1443 2967 ἔνατος,
1477 2904 1815 2974 συνημμένος
1850 2930 1857 2935 τ

252 2990 374 3059 παρ’
403 2988 554 3059 ἡμῖν,
601 2990 658 3041 ὲν
681 2989 756 3061 τῷ
798 2991 1069 3063 Ἐϐραῖκῷ
1098 2992 1345 3063 διῄρηται
1378 2995 1457 3056 εἰς
1498 2993 1606 3048 δύο.
1641 2997 1816 3067 Παρα-

251 3081 508 3153 τήρητέον
538 3082 616 3145 δὲ,
658 3083 739 3135 ὅτι
776 3084 849 3154 μὴ
885 3084 1025 3137 κατά
1053 3085 1369 3139 ἀκολουθίαν
1410 3087 1517 3139 τῶν
1541 3086 1639 3156 τῆς
1676 3088 1814 3140 lno-

255 3172 367 3245 βίας
398 3175 611 3249 ῑρόνων
642 3180 674 3249 ή
709 3176 816 3231 τῶν
846 3176 1075 3249 ψαλμῶν
1118 3176 1394 3246 σύγκειται
1440 3179 1620 3243 τάξιςο
1657 3180 1813 3251 ἐνήλ-

250 3270 435 3324 λακται
457 3272 514 3324 δὲ
538 3271 868 3343 παράλπολὺ,
898 3269 1083 3335 καθὼς
1112 3272 1144 3343 ἡ
1170 3271 1349 3341 βίϐλος
1370 3272 1477 3325 τῶν
1499 3273 1810 3337 Βασιλειῶν,

252 3361 339 3414 καλ⁸
369 3361 507 3432 αὕτη
536 3364 567 3433 ή
616 3362 765 3427 τάξις
795 3363 960 3433 δηλοῖ.
997 3363 1203 3433 Πολλῆς
1252 3363 1428 3415 τοίνυν
1476 3381 1816 3436 κατακρατή-

236 3450 418 3523 νσάσης
467 3452 905 3522 είδωλολατρείας
951 3452 1045 3506 τοῦ
1088 3453 1352 3506 Ἰουδαίων
1405 3454 1607 3517 ἔθνους,
1651 3454 1816 3529 λήθην

252 3545 440 3609 αὐτούς
488 3562 621 3613 φασι
671 3545 996 3615 πεποιῆσθαι
1026 3545 1133 3597 τῶν
1178 3547 1419 3618 πατρίων
1465 3548 1710 3619 γραφῶν,
1741 3550 1816 3613 ὡς

255 3636 379 3707 μηδὲ
428 3635 522 3689 τοῦ
557 3636 831 3698 Μωῡσέως
863 3634 1024 3705 νόμου
1054 3633 1232 3705 βίϐλον
1272 3638 1646 3707 ἐπιφέρεσθαι,
1683 3640 1813 3709 μηδὲ

255 3726 467 3797 μνήμην
486 3725 583 3796 τῆς
608 3725 715 3778 τῶν
738 3726 984 3794 πατέρων
1009 3724 1285 3789 εὐσεϐείας
1313 3726 1634 3792 ἀποσώζειν.
1659 3727 1814 3781 Οὕτω
1852 3798 1853 3801 η

250 3818 372 3886 γοῦν
398 3819 522 3881 τοὺς
557 3810 837 3889 προφήτας
860 3816 1088 3889 ἀνῄρουν
1125 3816 1491 3888 διελέγχοντας
1515 3818 1693 3871 αὑτῶν
1714 3819 1813 3881 τὰς

249 3898 597 3975 δυσσεϐείας.Δ
628 3910 760 3964 Οὑδὲ
792 3910 886 3963 νῦν
928 3909 1235 3980 θαυμαστὸν
1279 3912 1335 3962 ἐν
1381 3908 1602 3982 τοιαύτῃ
1643 3927 1810 3963 κατα-

252 4002 432 4056 στάσει
465 4000 670 4072 καιρῶν
704 4001 931 4055 καὶτῶν
964 4000 1345 4073 ἐμφερομένων
1372 4000 1521 4064 τινὰς
1552 4003 1613 4071 τῇ
1649 4000 1813 4071 βίϐλῳ

248 4096 350 4153 τῶν
372 4095 604 4166 ψαλμῶν
631 4094 1085 4159 διαπεπτωκέναι,
1120 4095 1259 4168 λήθῃ
1291 4112 1348 4148 τε
1376 4098 1601 4166 μακροῖς
1634 4111 1809 4169 παρα-

247 4185 482 4241 δεδόσθαι
504 4187 902 4258 χρόνοις.⁸’Υστε
911 4205 998 4259 ρον
1012 4188 1069 4241 δὲ
1085 4188 1221 4259 μετὰ
1232 4186 1423 4252 ταῦτα,
1441 4187 1549 4241 εἴτε
1559 4187 1809 4259 Ἔσδραν,

245 4278 351 4331 εἶτε
399 4279 548 4341 τινάς
579 4279 797 4350 ἐτέρους
829 4280 1134 4351 προφήτας,
1186 4283 1313 4353 περὶ
1352 4281 1449 4353 τήν
1496 4281 1812 4353 συναγωγὴν

244 4365 420 4423 αὑτῶν
446 4368 853 4434 ἐσπουδακέναι,
881 4369 1000 4440 μεθ’
1026 4364 1100 4424 ὧν
1124 4372 1216 4425 καὶ
1230 4372 1326 4443 τήν
1348 4373 1525 4443 βίϐλον
1548 4374 1653 4426 τῶν
1678 4372 1812 4442 ψαλ-

247 4458 359 4530 μῶν
385 4459 663 4531 ήγιοχέναι
710 4460 855 4531 (sic),
886 4460 986 4513 οὐκ
1032 4460 1241 4532 ἀθρόως
1272 4463 1497 4534 εὑρόντα
1525 4465 1653 4528 τοὺς
1679 4464 1812 4518 πάν-

243 4566 357 4618 τας,
392 4553 525 4607 ἀλλά
549 4552 684 4607 κατά
709 4551 992 4624 διαφόρους
1023 4553 1264 4623 χρόνους.
1297 4556 1405 4608 Καὶ
1437 4556 1645 4610 τάττειν
1670 4554 1726 4609 δὲ
1754 4558 1811 4609 ὲν

2000 2544 2057 2597 1η
2097 2541 2365 2599 Hebraico
2396 2542 2733 2598 Psalmorum
2759 2542 2917 2605 libro,
2947 2541 3340 2611 psalmiomnes
3367 2540 3486 2595 sine

1928 2635 2139 2689 numeri
2168 2633 2444 2689 additione
2476 2635 2625 2688 varie
2654 2632 2903 2703 inscripti
2938 2642 3085 2687 sunt.
3118 2631 3184 2686 Et
3207 2639 3335 2688 sunt
3364 2631 3485 2701 qui-

1924 2729 2045 2783 dem
2077 2729 2166 2783 alii
2199 2728 2499 2798 conjuncti,
2526 2729 2616 2782 alii
2647 2744 2776 2783 vero
2803 2728 2983 2784 divisi.
3020 2726 3163 2782 Sane
3193 2728 3402 2797 primus
3431 2734 3484 2780 et

1924 2822 2195 2876 secundus
2224 2822 2377 2889 juxta
2406 2819 2728 2874 Hebraicum
2762 2821 3087 2888 copulantur
3113 2840 3124 2875 :
3154 2835 3329 2875 nonus
3351 2835 3485 2874 con-

1922 2921 2005 2966 tra
2029 2913 2120 2982 qui
2157 2912 2296 2982 apud
2330 2928 2429 2967 nos
2460 2910 2791 2979 coniunctus
2823 2917 2926 2973 est,
2960 2910 3012 2963 in
3038 2910 3177 2966 duos
3198 2910 3338 2980 apud
3369 2909 3479 2965 He—

1920 3005 2162 3058 braicum
2198 3012 2405 3058 textum
2446 3003 2811 3058 distribuitur.
2854 3000 3265 3072 Observandum
3298 3008 3477 3054 autem

1919 3101 2025 3159 est,
2061 3110 2173 3148 non
2206 3092 2273 3147 ad
2302 3093 2497 3147 seriem
2522 3094 2766 3149 historia:
2796 3101 3124 3161 temporum,
3145 3091 3477 3161 psalmorum

1919 3188 2169 3241 ordinem
2190 3188 2549 3240 constitutum
2580 3200 2737 3240 esse:
2777 3184 3043 3253 siquidem
3082 3183 3310 3237 multum
3331 3195 3481 3235 com-

1920 3286 2179 3338 mutatur,
2205 3278 2283 3332 uti
2308 3276 2619 3347 Regnorum
2644 3276 2780 3331 liber
2811 3291 2875 3330 ac
2902 3275 2982 3330 vel
3004 3276 3119 3346 ipse
3147 3275 3280 3329 ordo
3307 3274 3481 3329 decla-

1919 3376 2022 3422 rat.
2050 3366 2189 3422 Cum
2220 3368 2403 3434 itaque
2431 3364 2601 3419 multo
2631 3364 2954 3419 idololatriae
3003 3378 3197 3433 genere
3220 3360 3480 3418 Iudaicus

1918 3460 2153 3529 populus
2184 3459 2537 3522 detineretur,
2572 3457 2762 3512 dicunt
2796 3472 2859 3512 eo
2886 3472 3059 3526 usque
3080 3456 3385 3519 devenisse,
3418 3462 3481 3509 ut

1919 3554 2123 3622 patrias
2153 3553 2453 3622 scripturas
2504 3567 2533 3606 e
2582 3550 2843 3606 memoria
2883 3549 3282 3611 oblitterarent,
3320 3550 3393 3602 ita
3421 3555 3479 3601 ut

1916 3659 2091 3713 neque
2116 3642 2365 3697 Mosaicae
2398 3642 2530 3711 legis
2558 3640 2695 3695 liber
2744 3640 2885 3692 ultra
2916 3632 3271 3707 reperiretur,
3299 3651 3476 3706 neque

1917 3739 2153 3801 paternae
2179 3730 2392 3799 pietatis
2420 3728 2737 3783 memoriam
2758 3733 3164 3780 conscrvarent.
3188 3723 3475 3778 Enimvero

1915 3823 2209 3891 prophetas
2260 3820 2601 3889 impietatem
2655 3823 3215 3888 suam-coarguentes
3267 3815 3474 3869 interfi-

1914 3912 2149 3965 ciebant.
2180 3909 2324 3964 Nihil
2374 3911 2554 3980 itaque
2594 3909 2795 3963 mirum
2829 3917 2913 3964 est
2939 3908 2994 3961 in
3037 3907 3129 3960 tali
3167 3918 3473 3977 temporum

1913 4002 2244 4066 conditione,
2263 4002 2502 4071 psalmos
2519 4001 2728 4071 aliquot
2752 4000 2881 4055 olim
2896 3998 3319 4053 inPsahnorum
3337 3998 3475 4054 libro

1912 4101 2285 4159 occurrentes,
2322 4094 2481 4164 longo
2516 4107 2787 4148 annorum
2828 4091 3105 4145 curriculo
3136 4090 3344 4145 incuria
3376 4090 3475 4144 οὶ)-
3510 4126 3515 4131 ι

1915 4186 2186 4241 litteratos
2214 4185 2506 4246 excidisse.
2546 4184 2658 4240 Sub
2682 4184 2797 4239 haec
2830 4192 3011 4238 autem
3044 4184 3197 4236 aiunt
3228 4182 3343 4237 sive
3375 4183 3474 4235 Es—

1912 4280 2090 4343 dram,
2109 4279 2223 4335 sive
2246 4280 2383 4335 alios
2405 4278 2669 4349 quosdam
2688 4281 3001 4348 prophetas,
3020 4276 3167 4345 ipsos
3187 4274 3473 4343 colligendi

1911 4388 2100 4426 curam
2136 4372 2444 4443 suscepisse
2471 4410 2487 4435 ,
2528 4379 2822 4440 posteaque
2877 4366 3215 4421 Psalmorum
3273 4365 3468 4417 librum

1911 4472 2423 4529 consecrasse,'nec
2446 4460 2729 4517 confertim
2765 4464 3010 4526 repertos
3054 4469 3244 4509 omnes
3277 4453 3467 4517 fuisse,

1912 4554 2007 4611 sed
2036 4554 2270 4618 diversis
2301 4553 2656 4627 temporibus.
2700 4549 2913 4604 Primos
2958 4555 3137 4602 autem
3169 4547 3471 4602 collocasse

243 4644 477 4718 πρώτοις
499 4646 624 4707 τοὺς
644 4640 891 4715 πρώτους
923 4642 1368 4715 εὑρισκομένουςι
1405 4644 1538 4717 μηδὲ
1566 4647 1690 4711 τοὺς
1714 4647 1807 4701 τοῦ
1839 4667 1854 4722 ι

1920 4663 2007 4703 eos
2032 4647 2123 4716 qui
2154 4646 2318 4716 primi
2350 4646 2552 4700 inventi
2589 4643 2803 4697 fuerant
2842 4659 2856 4705 ;
2913 4640 3150 4711 hincque
3178 4637 3379 4695 factum
3411 4648 3470 4693 ut

241 4735 398 4794 Δαυῖδ
430 4735 627 4807 ἐφεξῆς
658 4734 868 4789 κεῖσθαι
910 4736 1149 4799 πάντας·
1179 4736 1237 4789 έν
1274 4754 1335 4790 τε
1365 4737 1443 4808 τῷ
1476 4736 1676 4808 μεταξὺ
1714 4740 1808 4793 καὶ

1920 4740 1946 4793 ii
1978 4741 2129 4809 quia
2162 4736 2363 4790 Davide
2412 4734 2705 4802 conscripti
2748 4739 2875 4789 sunt
2920 4734 3029 4787 non
3075 4736 3471 4800 consequenter

238 4827 344 4881 τῶν
373 4828 507 4882 υἱῶν
532 4828 694 4899 Κορὲ,
731 4827 825 4881 καὶ
852 4826 946 4881 τοῦ
984 4826 1175 4897 Ἀσάφ,
1204 4829 1296 4881 καὶ
1316 4828 1673 4900 Σολομῶντος,
1716 4832 1809 4887 καὶ

239 4919 532 4984 Μωῦσέως,
551 4919 727 4990 Αίμάν
751 4937 831 4985 τε,
862 4919 955 4972 καὶ
981 4917 1167 4984 Λίθὰν,
1190 4918 1284 4972 καλ¹
1318 4918 1567 4992 Ἰδιθοὺμ.
1594 4924 1686 4977 καὶ
1707 4926 1809 4979 πά-

239 5010 317 5065 λιν
351 5013 446 5067 τοῦ
476 5012 637 5069 Δαυῖδ
660 5013 1004 5085 εὑρίσκεσθαι
1033 5012 1231 5084 ἀναμὶξ
1254 5013 1311 5067 ὲν
1338 5014 1403 5085 τῇ
1444 5013 1610 5086 βίϐλῳ
1640 5035 1795 5072 κατα·
1847 5042 1853 5050 υ

238 5107 622 5178 τεταγμένους,
673 5107 733 5160 οὑ
756 5105 874 5160 καθ’
906 5105 999 5169 οὓς
1048 5102 1342 5175 ἐλέχθησαν
1386 5104 1628 5177 χρόνους,
1672 5109 1807 5164 άλλά

239 5197 354 5251 καθ’
378 5197 473 5261 οὓς
495 5197 769 5279 εὕρηνται.
799 5197 988 5252 Ἔνθεν
1007 5215 1064 5251 τε
1097 5196 1365 5269 συμϐῆναι
1398 5199 1521 5261 τοὺς
1541 5203 1655 5264 τοῖς
1681 5203 1803 5273 χρό-

237 5305 340 5353 νοις
360 5289 619 5360 ὑστέρους
642 5290 890 5361 πρώτους
914 5289 1253 5360 εὑρεθέντας,
1280 5287 1649 5359 ἀναληφθῆναι
1674 5311 1801 5364 προ-

236 5372 448 5452 τέρους·
483 5382 606 5444 τοὺς
636 5382 692 5434 δὲ
722 5382 1015 5454 προτέρους
1048 5382 1184 5451 μετά
1212 5380 1381 5434 ταῦτα
1404 5381 1721 5452 εὑρεθέντας
1741 5388 1800 5440 ὲν

235 5471 458 5543 δευτέρᾳ
478 5471 709 5541 ταγῆναι
734 5472 888 5544 χώρα
906 5490 918 5504 ·
947 5474 1008 5528 τὸ
1026 5474 1069 5527 δ’
1098 5472 1228 5527 αὑτὸ
1244 5472 1417 5545 εὕροις
1440 5476 1799 5546 γεγενημένον

237 5559 290 5615 ὲν
314 5564 422 5623 τοῖς
450 5560 770 5631 προφήταις.

301 5653 487 5705 Πάντα
508 5651 693 5721 ὥσπερ
727 5652 785 5703 ὲν
815 5652 1034 5720 μεγάλῳ
1066 5656 1172 5708 τινὶ
1198 5652 1291 5707 καὶ
1313 5652 1474 5721 κοινῷ
1494 5654 1702 5725 ταμείῳ
1726 5658 1793 5728 τῇ

240 5739 399 5813 βίϐλῳ
426 5743 536 5795 τῶν
558 5740 787 5813 ψαλμῶν
816 5731 1253 5814 τεθησαὺρισται.
1284 5743 1515 5795 Κάκεῖνο
1544 5742 1599 5795 δὲ
1635 5746 1801 5815 τηρή-

1904 4834 2141 4903 jaceant,
2199 4829 2294 4885 sed
2329 4827 2599 4882 commisti
2631 4840 2754 4879 cum
2799 4824 2869 4882 iis
2913 4824 3006 4894 qui
3044 4822 3275 4878 filiorum
3306 4820 3467 4884 Core,

1906 4925 2132 4995 Asapbi,
2154 4919 2479 4987 Salomonis,
2500 4918 2721 4991 Moysis,
2741 4918 2961 4982 Eman,
2980 4914 3466 4981 Etbaanithum,

1909 5030 2235 5085 rursumque
2263 5011 2484 5067 Davidis
2520 5012 2918 5073 inscribuntur,
2957 5024 3065 5068 non
3097 5007 3305 5062 ratione
3330 5010 3468 5059 tem-

1907 5110 2055 5181 poris
2083 5121 2191 5177 quo
2223 5102 2459 5175 primum
2489 5102 2618 5157 editi
2640 5113 2696 5157 et
2725 5101 3081 5172 pronuntiati,
3114 5098 3208 5155 sed
3238 5110 3345 5167 quo
3372 5095 3467 5150 de—

1913 5196 2163 5269 prehensi
2185 5201 2332 5250 sunt.
2363 5192 2610 5263 H'..eque
2638 5193 2955 5262 contigisse,
3006 5199 3062 5245 ut
3102 5188 3194 5260 qui
3223 5194 3467 5256 tempore

1910 5287 2239 5360 posteriores
2263 5293 2441 5351 erant,
2475 5301 2599 5340 cum
2628 5285 2789 5352 primi
2811 5283 3009 5354 reperti
3042 5281 3263 5343 fuerint,
3303 5278 3464 5349 primi

1906 5378 2127 5450 repositi
2161 5378 2313 5443 sint;
2344 5391 2409 5430 ac
2434 5378 2552 5431 vice
2590 5390 2746 5431 versa
2765 5376 2859 5445 qui
2880 5375 3039 5445 primi
3070 5373 3305 5435 fuerant,
3336 5371 3465 5442 quia

1904 5476 2025 5541 post
2049 5467 2186 5521 alios
2215 5467 2522 5531 erutisuut,
2556 5465 2914 5535 posteriorem
2950 5464 3197 5517 inlocum
3212 5461 3466 5516 sintcon—

1902 5559 2073 5617 stituti
2095 5578 2105 5612 :
2125 5559 2270 5628 quod
2293 5559 2468 5627 ipsum
2494 5558 2548 5611 in
2565 5557 2840 5628 prophetis
2855 5556 3054 5611 factum
3070 5553 3461 5623 deprehendas.

1974 5652 2033 5706 ln
2067 5650 2208 5704 libro
2236 5646 2575 5703 Psalmorum
2629 5649 2812 5702 omnia
2850 5661 2946 5702 ceu
2965 5647 3017 5698 in
3046 5660 3241 5715 magno
3268 5659 3333 5699 ac
3363 5659 3465 5715 pu-

1910 5746 2054 5801 blico
2084 5742 2347 5814 penuario
2367 5739 2643 5796 recondita
2671 5748 2816 5795 sunt.
2843 5736 3251 5793 Observandum
3282 5743 3463 5791 autem

301 5854 373 5935 (ᾖ)
414 5854 790 5935 ξχεξαπιούειν,
828 5854 883 5909 id
921 5864 1006 5935 est
1046 5854 1349 5935 respondere
1399 5855 1609 5911 :multa
1642 5854 1807 5925 hujus
1845 5859 2253 5933 signiﬁcationis
2304 5858 2546 5929 exempla
2588 5855 2867 5911 attulimus
2920 5855 2977 5910 in
3008 5854 3244 5912 editione
3296 5855 3462 5911 Atha-

236 5922 392 5981 nasii.
417 5922 552 5980 Vide
595 5925 648 5979 in
678 5925 1029 5981 Onomastico
1060 5922 1277 5982 ibidem.

473 6020 742 6081 ΡΑτιιοι..
776 6021 890 6083 (in.
941 6020 1178 6087 XXIII.

3216 6012 3253 6072 3
