4262 6384
778 447 848 501 75
1506 435 1773 493 ΕΗΞΕΒΙΙ
1812 436 2289 495 ϐΑΞΞΑΒΙΕΝΒΙδ
2318 436 2342 494 (

2443 448 2466 493 '.
2498 436 2679 491 PARS
2716 436 2804 493 lll.
2834 467 2905 479 -—
2940 437 3351 494 EXEGETICA.
3946 454 4015 508 τε

774 572 859 619 est
891 564 1086 618 librum
1134 565 1466 633 psalmorum
1500 577 1625 636 post
1656 566 1856 638 Moysis
1908 567 2101 637 legem,
2143 581 2342 621 novam

2446 586 2578 632 σεις,
2613 570 2688 633 ὼς
2736 573 2767 641 ἡ
2816 570 2995 640 βίϐλος
3029 570 3135 623 τῶν
3166 569 3395 639 ψαλμῶν
3442 567 3629 638 καινὴν
3668 566 4017 621 διδασκαλίαν

775 657 1067 726 (amplecti
1121 657 1425 712 doctrinam
1452 698 1467 723 ,
1506 659 1802 728 ipsumque
1835 665 1959 728 post
1988 667 2344 712 memoratam

777 747 979 819 Moysis
1035 751 1385 819 scripturam,
1421 750 1721 805 secundum
1743 792 1757 816 ,
1790 750 1855 803 ad
1886 749 2188 804 doctrinam
2222 764 2346 819 spe.

773 848 1031 907 ctantem,
1050 856 1172 899 esse
1196 842 1414 897 librum.
1429 842 1565 897 Cum
1591 842 1774 913 itaque
1801 851 1922 913 post
1946 850 2177 896 mortem
2195 841 2345 912 Moy-

776 934 852 987 sis
879 940 932 988 et
975 930 1127 998 Jesu,
1154 942 1208 987 et
1241 942 1366 1003 post
1390 933 1641 1003 judicum
1664 945 1903 1005 tempus,
1936 934 2341 990 Davidaetatem

774 1014 1049 1092 duxerit;
1084 1032 1276 1095 utpote
1328 1025 1421 1097 qui
1472 1025 1772 1082 Salvatoris
1827 1036 1982 1097 pater
2033 1026 2344 1097 nuncupari

772 1118 1054 1184 meruerit,
1088 1134 1294 1173 novum
1337 1119 1454 1189 ipse
1480 1120 1727 1185 modum,
1760 1117 2078 1190 psalmodia:
2111 1118 2339 1182 scilicet,

717 1255 723 1262 .
770 1210 981 1278 primus
1004 1208 1245 1266 Hebraeis
1278 1211 1536 1277 tradidit;
1564 1227 1673 1281 quo
1696 1211 1790 1265 illa
1823 1226 1945 1280 quae
1966 1210 2034 1266 de
2056 1210 2342 1266 sacriﬁciis

771 1316 801 1354 a
833 1299 1013 1372 Moyse
1052 1302 1261 1357 sancita
1292 1302 1506 1358 fuerant
1540 1304 1606 1358 de
1629 1303 1812 1359 medio
1849 1304 2009 1368 tollit,
2028 1317 2342 1371 novumque

770 1389 941 1443 divini
998 1391 1181 1446 cultus
1243 1406 1451 1447 morem
1484 1407 1581 1463 per
1610 1392 1846 1463 hymnos
1876 1407 1940 1448 ac
1985 1393 2341 1464 jubilatinnes

769 1481 977 1536 invehit
1009 1501 1021 1538 ε
1059 1485 1274 1554 aliaque
1328 1485 1465 1540 bene
1518 1486 1687 1539 multa
1724 1485 1928 1557 Moysis
1980 1487 2154 1559 legem
2184 1487 2342 1559 longe

768 1576 1084 1645 superantia
1111 1592 1208 1646 per
1239 1584 1413 1630 totum
1442 1592 1580 1638 onus
1604 1576 1817 1632 edocet.

1011 1753 1233 1812 Eusebii
1251 1753 1599 1813 Caesariensis
1624 1755 1688 1810 de
1710 1756 2090 1825 diapsalmate.

839 1846 1149 1917 Diapsalma
1191 1847 1537 1918 scripserunt
1586 1847 1917 1917 interpretes
1964 1840 2051 1900 illi
2094 1844 2337 1916 quinque

2446 658 2689 727 περιέχει
2716 659 2854 730 μετά
2871 661 2969 730 τὴν
3001 660 3273 723 Μωῦσέως
3307 658 3643 727 νομοθεσίαν,
3670 658 3763 713 καὶ
3791 658 3875 711 ὅτι
3896 657 4019 710 δευο

2446 749 2575 818 τέρα
2605 751 2741 820 μετά
2767 753 2866 822 τὴν
2894 750 3161 815 Μωῦσέως
3186 751 3500 821 νομοθεσίαν
3526 750 3741 822 γραφὴν
3758 749 4019 803 διδασκα-

2444 841 2567 911 λικὴ
2598 841 2776 911 βίϐλος
2804 841 2941 912 αὓτη
2968 844 3244 913 τυγχάνεί.
3270 843 3423 898 Μετά
3452 842 3581 911 γοῦν
3613 842 3710 914 τὴν
3737 841 4019 903 Μωῦσέως

2442 935 2536 986 καὶ
2571 934 2742 1005 Ἰησοῦ
2775 935 3027 1007 τελευτὴν
3059 937 3150 990 καὶ
3191 935 3327 1007 μετά
3351 936 3477 999 τοὺς
3504 933 3694 1006 κριτὰς
3733 932 3894 987 Δαυίδ
3924 949 4021 1000 γε·

2444 1025 2683 1096 νόμενος,
2721 1027 2919 1080 ὡσανεὶ
2950 1026 3043 1080 τοῦ
3072 1028 3318 1098 Μτῆρος
3355 1027 3515 1090 αὐτὸς
3549 1025 3881 1097 χρηματίσαι
3914 1041 4023 1077 πα-

2443 1120 2548 1190 τὴρ
2579 1119 2955 1185 καταξιωθεὶς,
2991 1121 3175 1177 καινὸν
3207 1122 3407 1192 τρόπον
3441 1120 3532 1173 τὸν
3572 1121 3669 1191 τῆς
3699 1118 4020 1190 ψαλμῳδίας

2444 1211 2657 1283 πρῶτος
2692 1211 2959 1282 Ἑϐραίοις
2974 1213 3255 1285 παρέδωκε
3272 1230 3285 1243 °
3311 1207 3457 1283 δι’ἦς
3472 1213 3683 1284 ἀναιρεῖ
3709 1210 3785 1282 (1)
3828 1210 3925 1282 μὲν
3948 1208 4022 1262 τὰ

2444 1303 2595 1373 παρά
2620 1305 2825 1376 Μωῦσῇ
2860 1305 2986 1376 περὶ
3012 1305 3209 1359 θυσιῶν
3236 1304 3715 1375 νενομοθετημένα,
3745 1302 3932 1356 καινὸν
3961 1301 4022 1354 δὲ

2440 1393 2532 1447 τὸν
2546 1395 2611 1447 δι’
2635 1394 2817 1465 ὓμνων
2837 1396 2945 1448 ,καὶ
2956 1395 3286 1466 ἀλαλαγμῶν
3306 1397 3504 1467 τρόπον
3516 1396 3617 1467 τῆς
3641 1395 3734 1448 τοῦ
3761 1394 3895 1448 Θεοῦ
3924 1393 4024 1447 λα-

2439 1488 2624 1557 τρείας
2671 1489 2917 1555 εἰσάγει·
2951 1488 3045 1541 καὶ
3086 1488 3219 1542 ἀλλα
3250 1486 3307 1541 δὲ
3333 1487 3558 1540 πλεῖστα
3602 1485 3694 1540 τὸν
3741 1485 4023 1548 Μωῦσέως

2440 1582 2600 1650 νόμον
2650 1579 3094 1650 ἐπαναϐεϐηκότα
3136 1580 3201 1633 δι’
3232 1580 3359 1653 ὅλης
3402 1581 3567 1635 αὐτοῦ
3614 1580 3713 1651 τῆς
3758 1594 4023 1649 πραγμα-

2446 1674 2592 1737 τείας
2623 1673 2883 1726 διδάσκει.
3074 1680 3085 1736 ί
4086 1656 4089 1657 ν

2508 1766 2801 1819 Είισεϐίου
2830 1765 3183 1833 Καισαρείας
3208 1762 3470 1831 περὶτοῦ
3505 1761 3936 1832 δωψάίματος.
3998 1772 4009 1782 ·

2512 1857 2797 1928 Ἔγραψαν
2844 1857 2905 1909 τὸ
2957 1854 3234 1925 διάψαλμα
3280 1856 3328 1908 οἰ
3379 1854 3811 1925 έρμηνεύσαντες
3855 1853 4025 1905 πέντε

764 1939 1063 2012 principes,
1113 1939 1264 2011 quia
1292 1939 1500 1994 Davide
1548 1954 1676 2011 rege
1708 1954 1776 1994 ex
1807 1938 1955 1992 tribu
2001 1935 2131 1992 Levi
2156 1936 2335 1991 allecti

2443 1949 2714 2020 ἄρχοντες,
2760 1948 2809 2001 οἳ
2841 1947 3148 2016 ἐξελέγοντο
3178 1946 3284 2000 ὑπὸ
3315 1945 3475 2000 Δαυῒδ
3519 1946 3611 1999 τοῦ
3658 1946 3919 2016 βασιλέως
3957 1946 4027 1999 ὲκ

764 2041 894 2089 sunt
929 2051 944 2099 ;
979 2049 1235 2103 quorum
1266 2032 1383 2087 haec
1416 2032 1639 2086 nomina
1671 2048 1683 2082 :
1740 2029 1957 2100 Asaph,
2017 2030 2112 2085 ﬁlii
2173 2028 2334 2095 Core,

764 2123 1250 2190 Emamiﬂtliam,
1282 2124 1518 2179 ldithum
1549 2145 1560 2180 :
1594 2124 1761 2182 hosce
1783 2133 1967 2181 certus
1995 2125 2337 2181 canticorum

766 2232 1030 2272 numerus
1059 2216 1518 2286 consequebatur,
1572 2217 1782 2272 scilicet
1811 2216 2060 2286 singulos
2118 2223 2338 2285 septua-

765 2308 917 2378 ginta
947 2305 1077 2361 duo.
1108 2305 1174 2361 lli
1203 2306 1425 2361 stabant
1452 2307 1503 2360 in
1533 2314 1835 2377 conspectu
1878 2305 2179 2361 sanctuarii
2225 2304 2338 2359 Do-

760 2400 920 2464 mini,
978 2399 1263 2456 laudantes
1298 2399 1545 2453 omnium
1576 2396 1867 2453 Dominum
1903 2414 1917 2463 ;
1946 2397 2088 2451 alius
2116 2395 2339 2467 cymba-

761 2492 834 2553 la,
871 2491 1013 2546 alius
1065 2490 1413 2561 psalterium,
1451 2490 1594 2543 alius
1646 2488 1891 2559 cinyram
1923 2527 1938 2551 ,
1973 2480 2113 2541 alius
2150 2485 2339 2539 tubam

760 2596 1040 2644 corneam,
1076 2582 1217 2636 alius
1246 2581 1515 2635 citharam
1541 2580 1781 2635 tenebat.
1805 2577 2048 2643 Quorum
2076 2577 2132 2631 in
2161 2576 2340 2630 medio

760 2675 943 2731 stabat
976 2673 1165 2729 David.
1201 2673 1423 2743 llocque
1452 2679 1614 2743 pacto
1640 2672 1857 2727 cantica
1888 2670 2339 2741 auspicabantur,

759 2768 1080 2839 hujusmodi
1119 2768 1486 2823 instrumenta
1533 2766 1792 2821 manibus
1834 2772 2111 2821 tenentes.
2162 2763 2341 2834 Atque

761 2862 986 2933 singuli,
1020 2859 1227 2931 Spiritu
1255 2865 1447 2915 sancto
1476 2866 1751 2921 movente,
1781 2856 1953 2913 Deum
1982 2856 2221 2925 hymnis
2250 2871 2342 2911 ce-

758 2953 1085 3017 lebrabant,
1123 2966 1425 3022 omnesque
1475 2954 1586 3004 una
1638 2949 1895 3021 psallenti
1952 2948 2337 3013 succinebant,

761 3043 1014 3098 Alleluia.
1038 3043 1354 3099 Absistente
1388 3047 1570 3095 autem
1599 3041 1667 3095 ad
1716 3040 1885 3095 breve
1916 3046 2133 3116 tempus
2164 3036 2342 3107 Spiri-

756 3146 849 3193 tus
865 3135 1043 3193 sancti
1058 3135 1258 3205 gratia,
1276 3132 1501 3203 organis
1517 3131 1780 3202 deinceps
1799 3131 2170 3189 cessantibus.
2186 3138 2339 3197 tunc,

761 3234 844 3289 uti
877 3247 974 3303 par
992 3236 1135 3293 erat,
1170 3226 1477 3296 diapsalma
1507 3224 1845 3279 scribebant.
2268 3232 2269 3235 ‘

1345 3313 1669 3372 PSALMUS
1706 3313 1749 3369 1.

827 3414 996 3469 Vens.
1026 3414 1078 3467 1.
1112 3412 1309 3466 Beatus
1337 3411 1413 3464 vir
1429 3410 1519 3479 qui
1544 3424 1647 3462 non
1672 3408 1803 3461 abiit
1830 3408 1887 3461 in
1920 3410 2347 3477 consilioimpio-

764 3525 904 3562 rum.
967 3502 1422 3575 Quandoquidem
1483 3502 1569 3557 vel
1627 3501 1747 3571 ipso
1805 3508 2017 3556 naturae
2080 3499 2347 3556 instinctu

757 3616 950 3657 omnis
983 3597 1377 3654 beatitudinem
1409 3596 1749 3668 appetimus,
1807 3595 1939 3650 boni
2000 3594 2160 3648 ﬁnem
2222 3602 2336 3648 sta-

759 3702 972 3750 tuentes
1008 3692 1355 3757 felicitatem;
1410 3705 1709 3760 errareque
1754 3690 1956 3744 mentis
2000 3687 2151 3742 ducti
2196 3702 2348 3741 com-

756 3789 962 3863 plures,
998 3784 1145 3842 illam
1177 3782 1233 3840 in
1277 3782 1654 3854 Voluptatibus
1685 3781 1967 3851 corporeis
1997 3778 2346 3849 quaerendam

758 3888 990 3956 putant,
1031 3878 1273 3944 divitias,
1301 3876 1598 3947 dignitates
1621 3914 1637 3940 ,
1670 3873 2071 3945 praesentisque
2100 3870 2225 3925 vita:
2254 3886 2349 3924 vo-

761 3979 999 4047 luptates
1042 3974 1096 4028 in
1150 3971 1325 4041 pretio
1360 3970 1655 4035 habentes;
1703 3967 1833 4021 hinc
1862 3966 1985 4035 jure
2017 3964 2346 4035 hymnorum

761 4069 829 4124 ad
860 4068 1033 4123 Deum
1063 4062 1393 4118 laudandum
1422 4060 1712 4117 exordium
1737 4058 1963 4114 ductum
1994 4064 2099 4122 est,
2128 4055 2351 4111 descri-

758 4159 1024 4217 biturme
1059 4154 1315 4227 quisnam
1358 4168 1506 4227 vere
1539 4153 1734 4207 beatus
1782 4151 1892 4213 sit,
1942 4157 2105 4219 atque
2144 4148 2348 4202 bonum

760 4252 922 4307 linem
956 4266 985 4303 a
1022 4224 1130 4302 Deo
1164 4224 1555 4315 consequatur.
1606 4242 1673 4296 Et
1705 4257 1838 4298 sane
1880 4240 2001 4306 hic,
2049 4240 2179 4311 quia
2224 4253 2351 4310 per-

759 4361 925 4418 quam
970 4343 1081 4398 rari
1126 4341 1345 4397 fuerant
1369 4339 1404 4393 ii
1438 4338 1530 4408 qui
1555 4335 1883 4413 olimqprobe
1912 4334 2080 4388 vitam
2102 4339 2347 4403 egerant,

762 4452 935 4493 unum
989 4435 1299 4504 quempiam
1356 4431 1574 4485 beatum
1626 4426 1887 4497 praedicat
1932 4422 2243 4480 Psalmista.
2281 4424 2352 4476 At

763 4532 1022 4588 Servator
1050 4535 1238 4582 noster
1268 4526 1362 4594 qui
1414 4521 1726 4592 complures
1775 4520 1964 4573 beatos
1997 4516 2206 4581 eﬂ‘ecit,
2235 4516 2353 4586 plu—

2437 2040 2538 2109 τῆς
2566 2039 2740 2109 φυλῆς
2765 2040 2913 2093 Λευΐ·
2945 2032 3018 2092 ὧν
3039 2039 3107 2092 τὰ
3135 2037 3375 2107 ὀνόματά
3394 2039 3500 2090 εἰσι
3529 2037 3720 2102 ταῦτα,
3758 2037 3948 2105 ’Δσάφ,
3971 2038 4023 2091 οί

2439 2133 2545 2185 υἱοὶ
2573 2133 2738 2204 Κορὲ,
2769 2132 2967 2203 Αίμὰν,
2996 2131 3200 2201 Αίθὰμ,
3248 2126 3505 2200 ἰδιθούμ·
3537 2128 3745 2192 τούτοις
3787 2128 4025 2201 ἀριθμὸς

2438 2224 2590 2295 ᾠδῶν
2621 2224 3041 2296 παρηκολούθει,
3069 2224 3285 2294 ἑκάστῳ
3322 2222 3687 2294 ὲὸδομήκοντα
3712 2221 3823 2277 δύο.
3861 2216 4025 2275 υῦτοι

2440 2318 2656 2371 ἵσταντο
2694 2316 2925 2370 ἐνώπιον
2966 2316 3059 2369 τοῦ
3096 2313 3436 2386 ἀγιισματος
3480 2314 3705 2385 Κυρίου,
3746 2310 4026 2376 αἰνοῦντες

2439 2410 2529 2463 τὸν
2563 2410 2778 2463 πάντων
2798 2409 3063 2481 δεσπότην
3083 2449 3099 2473 ,
3128 2409 3186 2471 ὃς
3216 2407 3314 2479 μὲν
3345 2405 3621 2477 κύμϐαλα,
3660 2405 3719 2468 ὃς
3745 2404 3802 2458 δὲ
3825 2403 4027 2475 ψαλτή-

2443 2520 2575 2576 ριον,
2618 2503 2675 2567 ὃς
2708 2502 2765 2555 δὲ
2798 2500 3055 2573 κινύραν,
3096 2500 3153 2565 ὃς
3178 2500 3235 2554 δὲ
3276 2499 3589 2569 κερατίνην,
3622 2498 3681 2562 ὃς
3712 2498 3768 2550 δὲ
3792 2496 4026 2567 κιθάραν

2441 2593 2598 2665 ἔχων,
2635 2587 2708 2646 ὧν
2746 2592 2905 2663 μέσος
2948 2592 3132 2645 ἵστατο
3163 2592 3193 2643 6
3228 2590 3408 2644 Δαυῖδ.
3433 2591 3542 2643 Καὶ
3577 2588 3747 2651 οὕτως
3794 2589 4027 2658 ἤρχοντο

2440 2684 2550 2737 τῶν
2573 2682 2723 2753 ᾠδῶν
2768 2683 3093 2755 κρατοῦντες
3114 2672 3206 2735 ὲπί
3240 2685 3395 2752 χεῖρα
3423 2682 3489 2735 τὰ
3535 2680 3757 2735 τοιαῦτα
3785 2678 4021 2748 ὄργανα·

2442 2774 2537 2827 καὶ
2587 2773 2815 2837 ἕκαστος
2860 2772 3139 2844 Πνεύματι
3194 2773 3334 2844 ἁγίῳ
3373 2772 3686 2845 κινούμενος
3731 2770 3888 2844 ὕμνει
3933 2770 4026 2824 τὸν

2441 2864 2592 2929 Θεὸν,
2624 2866 2718 2919 κα)⁵
2746 2866 2946 2927 πάντες
2981 2865 3293 2936 ἐπεφώνουν
3322 2865 3399 2937 τῷ
3436 2866 3689 2936 ψάλλοντι
3717 2866 3779 2919 τὸ
3821 2867 4028 2933 Ἀλλη-

2441 2959 2636 3012 λούῖα.
2706 2956 2973 3027 Ὀπηνίκα
3024 2957 3079 3010 δὲ
3135 2958 3167 3027 ἡ
3220 2956 3315 3015 τοῦ
3360 2957 3675 3029 Πνεύματος
3720 2956 3811 3011 τοῦ
3867 2958 4025 3025 ἁγίου

2442 3048 2657 3119 ἀπέστη
2698 3048 2859 3119 χάρις
2893 3034 3029 3119 πρὸς
3063 3048 3259 3120 βραχὺ,
3290 3046 3396 3100 τῶν
3437 3047 3682 3117 ὀργάνων
3723 3046 3905 3100 λοιπὸν
3949 3046 4027 3119 μὴ

2442 3139 2798 3209 κινουμένων,
2852 3141 2914 3193 τὸ
2970 3139 3270 3211 τηνικαῦτα
3322 3139 3469 3202 εἰκὸς
3510 3139 3604 3191 καὶ
3644 3139 3705 3192 τὸ
3745 3138 4028 3210 διάψαλμα

2384 3289 2410 3303 ν.
2444 3229 2701 3301 ἔγραφον-

3038 3323 3331 3377 ΨΔΛΜΟΣ
3359 3327 3439 3378 A'.

2516 3412 2817 3483 Μακάριος
2853 3417 2887 3468 ό
2916 3412 3073 3482 ἀνὴρ
3123 3413 3192 3479 ὃς
3235 3415 3346 3467 οὐκ
3387 3413 3677 3481 ἐπορεύθη
3721 3411 3793 3465 ἐν
3822 3408 4029 3480 ,βουλῇ

2447 3508 2700 3579 ἀσεϐῶν.
2744 3509 2896 3562 Ἐπεὶ
2929 3506 3175 3577 φυσικῶς
3212 3505 3519 3579 ὀρεγόμεθα
3553 3506 3751 3569 πάντες
3782 3502 3875 3557 τοῦ
3922 3521 4029 3574 μαο

2448 3604 2628 3676 κάριοι
2659 3600 2817 3668 εἶναι,
2852 3602 3006 3665 τέλος
3036 3601 3243 3669 ἀγαθοῦ
3288 3601 3348 3654 τὸ
3395 3601 3661 3672 μακάριον
3699 3597 4028 3669 ὁριζόμενοι,

2449 3693 2884 3765 πεπλανημένως
2914 3710 2977 3762 γε
3018 3693 3123 3765 μὴν
3162 3692 3347 3745 πολλοὶ
3388 3689 3546 3744 τοῦτο
3575 3689 3928 3761 μεταδιώκειν
3970 3688 4030 3741 ὲν

2451 3789 2719 3856 σωμάτων
2764 3784 2977 3856 ἡδοναῖς
3033 3782 3312 3854 ἡγοῦνται,
3346 3780 3609 3844 πλούτους
3661 3779 4032 3850 θαυμάζοντες

2406 3941 2415 3953 ε
2449 3878 2542 3931 καὶ
2580 3876 2884 3947 ἀξιώματα,
2918 3876 3010 3929 καὶ
3040 3875 3138 3937 τὰς
3169 3875 3227 3927 ὲν
3269 3872 3347 3943 τῷ
3380 3874 3609 3943 παρόντι
3640 3871 3739 3941 βίῳ
3782 3870 4027 3942 τρυφὰςο

2450 3970 2675 4033 εἰκότως
2705 3970 2735 4021 6
2773 3969 2929 4037 λόγος
2956 3969 3012 4021 ὲν
3041 3966 3251 4029 τούτοις
3274 3965 3396 4019 ὅθεν
3430 3965 3595 4036 ἐχρῆν
3620 3962 3719 4035 τὴν
3750 3964 4032 4035 καταρχὴν

2450 4067 2744 4135 ἐποιήσατο
2770 4056 2867 4135 τῆς
2899 4061 3041 4116 κατὰ
3071 4060 3203 4115 Θεὸν
3230 4058 3524 4130 ὑμνῳδίας,
3557 4058 3648 4135 τὸν
3683 4056 3897 4128 ἀληθῶς
3930 4074 4034 4127 μα-

2450 4128 2641 4228 κάριον
2674 4156 2768 4209 καὶ
2800 4128 2986 4218 τέλους
3014 4151 3219 4221 ἀγαθοῦ
3262 4128 3361 4205 τοῦ
3397 4148 3549 4221 παρά
3574 4128 3704 4220 ’Θεῷ
3733 4148 4034 4219 ἠξιωμένον

2448 4248 2810 4320 ὑπογράφων.
2845 4247 2955 4300 Καὶ
2990 4244 3177 4300 ἐνθάδε
3211 4246 3308 4316 μὲν
3345 4244 3433 4297 διὰ
3458 4243 3518 4296 τὸ
3554 4242 3779 4299 σπάνιον
3800 4241 3909 4294 τῶν
3937 4241 4037 4297 πά-

2452 4344 2542 4397 λαι
2572 4344 2835 4415 πρότερον
2894 4339 3302 4413 κατορθούντων
3348 4340 3446 4393 ἕνα
3488 4336 3610 4392 τινὰ
3643 4334 3969 4407 μακαρίζει·
4005 4336 4036 4388 6

2452 4436 2512 4490 δὲ
2537 4436 2726 4508 Σωτὴρ
2757 4438 2789 4506 ἡ
2799 4436 2916 4507 μῶν
2946 4434 3198 4497 πλείονας
3229 4432 3397 4487 ποιῶν
3444 4431 3767 4503 μακαρίους,
3795 4426 4035 4498 πληθυν-

2450 4530 2617 4595 τικῶς
2657 4532 2783 4593 τοὺς
2836 4528 3217 4601 μακαρισμοὺς
3260 4524 3649 4597 προσφέρεται.
3707 4522 3931 4575 Πάντων
3977 4520 4035 4573 δὲ

666 4650 674 4659 ·
761 4625 952 4680 raliter
1009 4618 1375 4677 beatitudines
1425 4616 1649 4687 profert.
1720 4612 1938 4668 Primus
1995 4617 2176 4664 autem
2235 4610 2342 4678 ipse

2455 4626 2671 4698 πρῶτος
2702 4624 2861 4687 αὐτὸς
2902 4623 2970 4678 ἂν
3010 4621 3095 4691 εἴη
3125 4622 3153 4673 6
3202 4616 3666 4690 μακαριζόμενος’
3706 4615 3785 4668 διὸ
3814 4615 3906 4667 καὶ
3947 4613 4035 4666 ἐπ’

759 4719 887 4789 jure
924 4716 1141 4770 dicatur
1179 4726 1369 4766 eorum
1402 4711 1491 4779 qui
1519 4709 1659 4765 beati
1712 4706 2100 4778 praedicantur.
2147 4702 2353 4768 Quam-

763 4811 953 4866 obrem
1011 4807 1069 4860 in
1118 4804 1270 4858 illum
1322 4799 1642 4855 referendus
1695 4799 1905 4868 primus
1947 4795 2193 4866 psalmus
2243 4798 2348 4857 est,

764 4913 953 4974 utpote
975 4900 1067 4973 qui
1095 4898 1179 4952 vir
1211 4896 1378 4952 fuerit
1409 4891 1669 4948 Ecclesia:
1723 4904 1940 4961 sponsa:
1998 4901 2129 4943 suae.
2193 4882 2350 4949 Quod

762 4998 977 5055 videtur
1033 4991 1303 5049 Hebraica
1354 5002 1489 5044 voce
1541 4982 1880 5054 signiﬁcari,
1928 4981 2083 5052 juxta
2151 4992 2351 5048 quam,

765 5090 964 5145 Beatus
994 5088 1096 5157 vir,
1127 5100 1252 5140 cum
1290 5080 1507 5137 articuli
1542 5077 1727 5132 addito
1760 5074 1967 5129 dictum
1998 5080 2104 5129 est.

841 5180 911 5236 Et
931 5183 985 5235 in
1016 5181 1103 5234 via
1138 5184 1472 5248 peccatorum
1516 5189 1618 5226 non
1650 5170 1836 5236 stetit,
1894 5177 1945 5222 et
1992 5168 2050 5221 in
2105 5165 2359 5219 cathedra

764 5275 1135 5346 pestiferorum
1192 5286 1295 5324 non
1332 5268 1490 5323 sedit.
1530 5266 1703 5321 Primi
1758 5271 1886 5319 sunt
1940 5260 2033 5330 qui
2089 5258 2229 5314 l‘also
2260 5272 2358 5311 no-

770 5370 975 5423 minata
1003 5364 1316 5435 cognitione
1346 5360 1539 5415 imbuti
1574 5347 1702 5416 Sunt
1730 5356 1748 5428 [
1754 5357 1807 5411 id
1840 5364 1925 5411 est
1951 5350 2231 5427 gnostici],
2260 5349 2352 5420 qui

771 5460 906 5515 nihil
931 5458 1147 5513 firmum
1180 5455 1480 5523 stabilcque
1504 5452 1733 5517 habent;
1775 5449 1868 5504 sed
1898 5462 2000 5517 pro
2028 5446 2201 5501 lubito
2229 5456 2351 5505 suo,

770 5553 923 5609 nullo
944 5554 1194 5607 examine
1216 5547 1533 5618 ponderatis
1570 5541 1998 5615 cogitationibus
2026 5544 2314 5594 moventur
2334 5574 2350 5600 ,

772 5645 925 5716 impii
960 5644 1228 5699 homines.
1282 5638 1516 5696 Secundi
1553 5644 1681 5695 sunt
1724 5640 1995 5707 quotquot
2025 5640 2150 5703 post
2175 5627 2358 5699 cogni-

770 5742 974 5793 tionem
999 5735 1245 5791 veritatis
1277 5734 1329 5788 in
1360 5739 1583 5804 peccata
1634 5730 1902 5785 incidunt.
1958 5724 2127 5781 Tertii
2183 5720 2356 5793 pesti-

838 5835 920 5903 .(l)
960 5831 1016 5886 ld
1045 5839 1151 5892 est,
1171 5831 1237 5903 de
1259 5830 1439 5903 medio
1461 5828 1601 5883 tollit
1626 5827 2022 5903 sacriﬁciorum
2058 5823 2226 5903 leges,
2251 5834 2359 5873 non

774 5895 950 5965 rci‘osa
974 5902 1261 5968 abolendo,
1292 5902 1387 5958 sed
1417 5898 1833 5967 praenuntiando
1851 5895 2195 5964 abrogandas
2214 5908 2358 5951 esse.

2457 4718 2620 4773 αὑτὸν
2664 4717 2866 4771 ἀνοίσει
2899 4732 2982 4777 τις
3012 4713 3103 4767 τὸν
3134 4712 3375 4783 παρόντα
3400 4709 3633 4780 ψαλμὸν,
3677 4706 3773 4761 ἆτε
3806 4706 4036 4775 γενόμε-

2457 4827 2547 4864 νον
2575 4810 2744 4881 ἄνδρα
2776 4809 2873 4879 τῆς
2918 4805 3133 4876 νύμφης
3172 4802 3336 4858 αὑτοῦ
3384 4801 3707 4871 Ἑκκλησίας
3731 4816 3743 4829 ·
3791 4798 3949 4852 τοῦτο
3978 4798 4037 4852 δὲ
4108 4802 4111 4805 ’

2458 4903 2632 4956 ἔοικεν
2665 4905 2717 4973 ἡ
2744 4897 3004 4973 Ἐὅραῖκὴ
3031 4898 3182 4967 φωνὴ
3204 4896 3492 4967 παριστᾷν,
3516 4892 3636 4947 καθ’
3659 4893 3724 4964 ἣν
3752 4891 3827 4963 (2)
3847 4890 4039 4960 μακά-

2447 5015 2580 5065 ριος
2606 5000 2639 5050 d
2665 4993 2819 5062 ἀνὴρ
2851 4992 2987 5063 μετά
3002 4992 3101 5061 τῆς
3122 4990 3212 5044 τοῦ
3236 4989 3436 5061 ἄρθρου
3461 4986 3776 5059 προσθήκης
3800 4984 4034 5056 εἴρηται.

2526 5154 2635 5208 Καὶ
2670 5154 2739 5207 ἐν
2764 5148 2881 5216 ὀδῷ
2913 5149 3276 5220 ἁμαρτωλῶν
3295 5149 3407 5200 οὐκ
3434 5146 3604 5213 ἔστη,
3642 5146 3737 5197 καί
3771 5142 3869 5196 ἐπὶ
3901 5146 4040 5200 καθ·-

2460 5246 2642 5317 έδραν
2690 5243 2916 5315 λοιμῶν
2953 5246 3064 5297 οὐκ
3107 5240 3406 5295 ἐκάθισεν.
3455 5237 3669 5310 Πρῶτοί
3702 5238 3836 5288 εἰσιν
3864 5237 3911 5287 οἱ
3941 5235 4040 5307 τὴν

2458 5337 2805 5409 ψευδώνυμον
2845 5335 3057 5405 ἔχοντες
3083 5332 3304 5402 γνῶσιν.
3345 5331 3510 5403 μηδὲν
3552 5329 3763 5401 ἔχοντες
3791 5328 4039 5398 ὲσττριὸς,

2461 5432 2575 5485 ἀλλ’
2626 5428 3003 5496 ἀνεξετάστως
3050 5428 3357 5499 κινούμενοι
3408 5426 3689 5495 λογισμοῖς
3742 5425 3799 5476 ὲν
3852 5415 3933 5484 οἷς
3976 5420 4043 5474 ἂν

2464 5526 2818 5598 βουληθῶσιν,
2868 5526 2918 5577 οἱ
2968 5522 3205 5585 ἀσεϐεῖς.
3260 5520 3513 5591 Δεύτεροι
3557 5517 3759 5579 πάντες
3802 5516 3853 5567 οἱ
3906 5512 4043 5583 μετά

2463 5620 2662 5693 γνῶσιν
2695 5618 2952 5689 ἀληθείας
2985 5612 3572 5691 ἐξαμαρτάνοντες,οί
3610 5609 3665 5661 δὲ
3708 5606 3887 5677 λοιμοὶ
3929 5603 4045 5674 τρί-
4119 5632 4125 5638 -

2460 5734 2567 5780 τοι,
2611 5714 2686 5786 μὴ
2737 5711 2896 5783 μόνον
2938 5708 3243 5772 νοσοῦντες,
3289 5705 3424 5760 ἀλλά
3467 5705 3563 5757 καὶ
3603 5696 3925 5772 φθοροποιοῦ
3969 5697 4046 5749 δι-

2508 5813 2619 5899 ’(2)
2660 5810 2719 5867 1n
2755 5809 3024 5868 Hebraico
3080 5806 3279 5878 legitur
3322 5812 3479 5865 vim
3523 5798 3681 5873 quasi
3728 5796 3900 5862 dicas,
3954 5797 4046 5849 ille

2470 5905 2568 5943 vir.
