  <div class='ocr_page' id='page_1' title='image "/cluster/home/n/w/nwhite01/storage/ocr_20150623/23/coo.31924054873041/054.png"; bbox 0 0 4262 6380; ppageno 0'>
   <div class='ocr_carea' id='block_1_1' title="bbox 239 473 3453 532">
    <p class='ocr_par' dir='ltr' id='par_1_1' title="bbox 239 473 3453 532">
     <span class='ocr_line' id='line_1_1' title="bbox 239 473 3453 532; baseline 0.002 -9"><span class='ocrx_word' id='word_1_1' title='bbox 239 473 301 523; x_wconf 83' lang='grc' dir='ltr'><strong>’Π</strong></span> <span class='ocrx_word' id='word_1_2' title='bbox 1390 474 1889 532; x_wconf 54' lang='grc' dir='ltr'><strong>(ἹΟΜΜΕἉΤΑΒΙΔ</strong></span> <span class='ocrx_word' id='word_1_3' title='bbox 1935 474 2000 521; x_wconf 82' lang='grc' dir='ltr'><strong>ΙΝ</strong></span> <span class='ocrx_word' id='word_1_4' title='bbox 2041 473 2375 524; x_wconf 57' lang='grc' dir='ltr'>ρςλιλιης..</span> <span class='ocrx_word' id='word_1_5' title='bbox 3389 473 3453 528; x_wconf 73' lang='lat'><strong>78</strong></span> 
     </span>
    </p>
   </div>
   <div class='ocr_carea' id='block_1_2' title="bbox 233 582 1819 658">
    <p class='ocr_par' dir='ltr' id='par_1_2' title="bbox 233 585 1819 658">
     <span class='ocr_line' id='line_1_2' title="bbox 233 585 1819 658; baseline 0.002 -20"><span class='ocrx_word' id='word_1_6' title='bbox 233 585 530 649; x_wconf 72' lang='grc' dir='ltr'>δασκαλίας</span> <span class='ocrx_word' id='word_1_7' title='bbox 562 587 929 656; x_wconf 79' lang='grc' dir='ltr'><strong>μεταδιδόντες</strong></span> <span class='ocrx_word' id='word_1_8' title='bbox 950 589 1059 651; x_wconf 86' lang='grc' dir='ltr'>τοῖς</span> <span class='ocrx_word' id='word_1_9' title='bbox 1098 588 1296 653; x_wconf 78' lang='grc' dir='ltr'>ἀλλοις,</span> <span class='ocrx_word' id='word_1_10' title='bbox 1326 591 1358 658; x_wconf 85' lang='grc' dir='ltr'>ἢ</span> <span class='ocrx_word' id='word_1_11' title='bbox 1398 592 1544 641; x_wconf 84' lang='grc' dir='ltr'><strong>κατά</strong></span> <span class='ocrx_word' id='word_1_12' title='bbox 1589 593 1785 654; x_wconf 83' lang='grc' dir='ltr'>γνῶσιν</span> <span class='ocrx_word' id='word_1_13' title='bbox 1817 649 1819 655; x_wconf 20' lang='grc' dir='ltr'><em>Α</em></span> 
     </span>
    </p>
   </div>
   <div class='ocr_carea' id='block_1_3' title="bbox 1863 582 3450 658">
    <p class='ocr_par' dir='ltr' id='par_1_3' title="bbox 1891 582 3450 656">
     <span class='ocr_line' id='line_1_3' title="bbox 1891 582 3450 656; baseline -0.004 -16"><span class='ocrx_word' id='word_1_14' title='bbox 1891 595 1988 642; x_wconf 81' lang='lat' dir='ltr'><strong>teri</strong></span> <span class='ocrx_word' id='word_1_15' title='bbox 2021 591 2289 650; x_wconf 82' lang='lat' dir='ltr'><strong>homines,</strong></span> <span class='ocrx_word' id='word_1_16' title='bbox 2331 602 2423 656; x_wconf 79' lang='lat' dir='ltr'><strong>qui</strong></span> <span class='ocrx_word' id='word_1_17' title='bbox 2473 600 2579 639; x_wconf 92' lang='lat' dir='ltr'><strong>non</strong></span> <span class='ocrx_word' id='word_1_18' title='bbox 2614 598 2776 640; x_wconf 85' lang='lat' dir='ltr'><strong>moao</strong></span> <span class='ocrx_word' id='word_1_19' title='bbox 2811 582 3128 654; x_wconf 57' lang='lat' dir='ltr'><strong>aegritudine</strong></span> <span class='ocrx_word' id='word_1_20' title='bbox 3168 583 3450 645; x_wconf 82' lang='lat' dir='ltr'><strong>laborant;</strong></span> 
     </span>
    </p>
   </div>
   <div class='ocr_carea' id='block_1_4' title="bbox 235 676 1791 749">
    <p class='ocr_par' dir='ltr' id='par_1_4' title="bbox 235 676 1791 749">
     <span class='ocr_line' id='line_1_4' title="bbox 235 676 1791 749; baseline 0.001 -21"><span class='ocrx_word' id='word_1_21' title='bbox 235 677 266 746; x_wconf 78' lang='grc' dir='ltr'><strong>ἢ</strong></span> <span class='ocrx_word' id='word_1_22' title='bbox 294 676 430 729; x_wconf 83' lang='grc' dir='ltr'><strong>κατά</strong></span> <span class='ocrx_word' id='word_1_23' title='bbox 473 677 690 748; x_wconf 79' lang='grc' dir='ltr'>πρᾶξιν,</span> <span class='ocrx_word' id='word_1_24' title='bbox 721 679 752 747; x_wconf 81' lang='grc' dir='ltr'>ἢ</span> <span class='ocrx_word' id='word_1_25' title='bbox 784 680 900 730; x_wconf 88' lang='grc' dir='ltr'>κατ’</span> <span class='ocrx_word' id='word_1_26' title='bbox 939 678 1220 749; x_wconf 81' lang='grc' dir='ltr'>ἀμφότερα</span> <span class='ocrx_word' id='word_1_27' title='bbox 1246 695 1257 704; x_wconf 93' lang='grc'><strong>·</strong></span> <span class='ocrx_word' id='word_1_28' title='bbox 1296 679 1343 731; x_wconf 82' lang='grc' dir='ltr'>οἳ</span> <span class='ocrx_word' id='word_1_29' title='bbox 1377 679 1468 730; x_wconf 77' lang='grc' dir='ltr'><strong>καὶ</strong></span> <span class='ocrx_word' id='word_1_30' title='bbox 1495 677 1791 749; x_wconf 82' lang='grc' dir='ltr'>ὲνίδρυνται</span> 
     </span>
    </p>
   </div>
   <div class='ocr_carea' id='block_1_5' title="bbox 201 765 1790 838">
    <p class='ocr_par' dir='ltr' id='par_1_5' title="bbox 201 765 1790 838">
     <span class='ocr_line' id='line_1_5' title="bbox 201 765 1790 838; baseline 0.001 -20"><span class='ocrx_word' id='word_1_31' title='bbox 201 765 308 835; x_wconf 58' lang='grc' dir='ltr'><strong>,τῷ</strong></span> <span class='ocrx_word' id='word_1_32' title='bbox 359 766 534 837; x_wconf 80' lang='grc' dir='ltr'>κακῷ,</span> <span class='ocrx_word' id='word_1_33' title='bbox 579 767 686 820; x_wconf 91' lang='grc' dir='ltr'><strong>τῶν</strong></span> <span class='ocrx_word' id='word_1_34' title='bbox 726 768 987 838; x_wconf 80' lang='grc' dir='ltr'><strong>δευτέρων</strong></span> <span class='ocrx_word' id='word_1_35' title='bbox 1025 769 1328 838; x_wconf 78' lang='grc' dir='ltr'>ἑστηκότων</span> <span class='ocrx_word' id='word_1_36' title='bbox 1372 769 1429 820; x_wconf 85' lang='grc' dir='ltr'>ὲν</span> <span class='ocrx_word' id='word_1_37' title='bbox 1478 768 1790 838; x_wconf 82' lang='grc' dir='ltr'><strong>ἁμαρτίαις,</strong></span> 
     </span>
    </p>
   </div>
   <div class='ocr_carea' id='block_1_6' title="bbox 233 856 1792 934">
    <p class='ocr_par' dir='ltr' id='par_1_6' title="bbox 233 856 1792 934">
     <span class='ocr_line' id='line_1_6' title="bbox 233 856 1792 934; baseline 0.004 -27"><span class='ocrx_word' id='word_1_38' title='bbox 233 856 336 908; x_wconf 85' lang='grc' dir='ltr'><strong>τῶν</strong></span> <span class='ocrx_word' id='word_1_39' title='bbox 373 857 431 908; x_wconf 84' lang='grc' dir='ltr'>δὲ</span> <span class='ocrx_word' id='word_1_40' title='bbox 464 857 694 928; x_wconf 81' lang='grc' dir='ltr'>πρώτων</span> <span class='ocrx_word' id='word_1_41' title='bbox 733 858 1023 912; x_wconf 84' lang='grc' dir='ltr'>ὁδευόντων</span> <span class='ocrx_word' id='word_1_42' title='bbox 1057 863 1112 912; x_wconf 84' lang='grc' dir='ltr'>ὲν</span> <span class='ocrx_word' id='word_1_43' title='bbox 1147 860 1341 934; x_wconf 78' lang='grc' dir='ltr'>πλάνῃ.</span> <span class='ocrx_word' id='word_1_44' title='bbox 1389 862 1445 913; x_wconf 90' lang='lat'><strong>&#39;0</strong></span> <span class='ocrx_word' id='word_1_45' title='bbox 1478 861 1534 914; x_wconf 82' lang='grc' dir='ltr'>δὲ</span> <span class='ocrx_word' id='word_1_46' title='bbox 1580 862 1792 914; x_wconf 80' lang='grc' dir='ltr'>πάντων</span> 
     </span>
    </p>
   </div>
   <div class='ocr_carea' id='block_1_7' title="bbox 232 947 1177 1020">
    <p class='ocr_par' dir='ltr' id='par_1_7' title="bbox 232 947 1177 1020">
     <span class='ocr_line' id='line_1_7' title="bbox 232 947 1177 1020; baseline 0.003 -20"><span class='ocrx_word' id='word_1_47' title='bbox 232 947 431 1002; x_wconf 85' lang='grc' dir='ltr'>τούτων</span> <span class='ocrx_word' id='word_1_48' title='bbox 454 949 868 1020; x_wconf 79' lang='grc' dir='ltr'><strong>ἀπηλλαγμένος</strong></span> <span class='ocrx_word' id='word_1_49' title='bbox 894 951 1177 1019; x_wconf 83' lang='grc' dir='ltr'>μακάριος.</span> 
     </span>
    </p>
   </div>
   <div class='ocr_carea' id='block_1_8' title="bbox 1899 677 3457 747">
    <p class='ocr_par' dir='ltr' id='par_1_8' title="bbox 1899 677 3457 747">
     <span class='ocr_line' id='line_1_8' title="bbox 1899 677 3457 747; baseline -0.004 -14"><span class='ocrx_word' id='word_1_50' title='bbox 1899 678 1994 733; x_wconf 89' lang='lat' dir='ltr'><strong>sed</strong></span> <span class='ocrx_word' id='word_1_51' title='bbox 2030 685 2283 747; x_wconf 89' lang='lat' dir='ltr'><strong>corrupta</strong></span> <span class='ocrx_word' id='word_1_52' title='bbox 2317 677 2563 731; x_wconf 79' lang='lat' dir='ltr'><strong>doctrina</strong></span> <span class='ocrx_word' id='word_1_53' title='bbox 2608 677 2744 732; x_wconf 91' lang='lat' dir='ltr'><strong>alios</strong></span> <span class='ocrx_word' id='word_1_54' title='bbox 2793 677 3070 741; x_wconf 90' lang='lat' dir='ltr'><strong>imbuunt;</strong></span> <span class='ocrx_word' id='word_1_55' title='bbox 3103 677 3217 730; x_wconf 87' lang='lat' dir='ltr'><strong>sive</strong></span> <span class='ocrx_word' id='word_1_56' title='bbox 3262 690 3457 731; x_wconf 83' lang='lat' dir='ltr'><strong>secun-</strong></span> 
     </span>
    </p>
   </div>
   <div class='ocr_carea' id='block_1_9' title="bbox 1898 766 3457 837">
    <p class='ocr_par' dir='ltr' id='par_1_9' title="bbox 1898 766 3457 837">
     <span class='ocr_line' id='line_1_9' title="bbox 1898 766 3457 837; baseline -0.001 -16"><span class='ocrx_word' id='word_1_57' title='bbox 1898 767 2028 821; x_wconf 91' lang='lat' dir='ltr'><strong>dum</strong></span> <span class='ocrx_word' id='word_1_58' title='bbox 2054 767 2439 837; x_wconf 70' lang='lat' dir='ltr'><strong>cognitianem,</strong></span> <span class='ocrx_word' id='word_1_59' title='bbox 2476 767 2589 822; x_wconf 85' lang='lat' dir='ltr'><strong>sive</strong></span> <span class='ocrx_word' id='word_1_60' title='bbox 2619 766 2914 821; x_wconf 89' lang='lat' dir='ltr'><strong>secundum</strong></span> <span class='ocrx_word' id='word_1_61' title='bbox 2935 766 3457 836; x_wconf 88' lang='lat' dir='ltr'><strong>operationem,sive</strong></span> 
     </span>
    </p>
   </div>
   <div class='ocr_carea' id='block_1_10' title="bbox 1879 853 3456 925">
    <p class='ocr_par' dir='ltr' id='par_1_10' title="bbox 1879 853 3456 925">
     <span class='ocr_line' id='line_1_10' title="bbox 1879 853 3456 925; baseline 0.001 -19"><span class='ocrx_word' id='word_1_62' title='bbox 1879 858 2196 912; x_wconf 72' lang='lat' dir='ltr'><strong>secundum</strong></span> <span class='ocrx_word' id='word_1_63' title='bbox 2236 865 2522 925; x_wconf 87' lang='lat' dir='ltr'><strong>utramque</strong></span> <span class='ocrx_word' id='word_1_64' title='bbox 2560 876 2572 910; x_wconf 92' lang='lat'><strong>:</strong></span> <span class='ocrx_word' id='word_1_65' title='bbox 2615 856 2708 925; x_wconf 85' lang='lat' dir='ltr'><strong>qui</strong></span> <span class='ocrx_word' id='word_1_66' title='bbox 2740 856 2946 910; x_wconf 77' lang='lat' dir='ltr'><strong>scilicet</strong></span> <span class='ocrx_word' id='word_1_67' title='bbox 2980 858 3034 908; x_wconf 91' lang='lat' dir='ltr'><strong>in</strong></span> <span class='ocrx_word' id='word_1_68' title='bbox 3063 853 3202 908; x_wconf 90' lang='lat' dir='ltr'><strong>malo</strong></span> <span class='ocrx_word' id='word_1_69' title='bbox 3235 854 3456 907; x_wconf 84' lang='lat' dir='ltr'><strong>ﬁrman-</strong></span> 
     </span>
    </p>
   </div>
   <div class='ocr_carea' id='block_1_11' title="bbox 1896 943 3456 1014">
    <p class='ocr_par' dir='ltr' id='par_1_11' title="bbox 1896 943 3456 1014">
     <span class='ocr_line' id='line_1_11' title="bbox 1896 943 3456 1014; baseline -0.001 -14"><span class='ocrx_word' id='word_1_70' title='bbox 1896 955 2010 1009; x_wconf 94' lang='lat' dir='ltr'><strong>tur,</strong></span> <span class='ocrx_word' id='word_1_71' title='bbox 2046 946 2176 999; x_wconf 88' lang='lat' dir='ltr'><strong>dum</strong></span> <span class='ocrx_word' id='word_1_72' title='bbox 2201 943 2426 1000; x_wconf 86' lang='lat' dir='ltr'><strong>secundi</strong></span> <span class='ocrx_word' id='word_1_73' title='bbox 2464 943 2519 998; x_wconf 94' lang='lat' dir='ltr'><strong>in</strong></span> <span class='ocrx_word' id='word_1_74' title='bbox 2543 944 2781 1014; x_wconf 76' lang='lat' dir='ltr'><strong>peccatis</strong></span> <span class='ocrx_word' id='word_1_75' title='bbox 2812 951 3180 1014; x_wconf 87' lang='lat' dir='ltr'><strong>perseverant,</strong></span> <span class='ocrx_word' id='word_1_76' title='bbox 3213 951 3266 998; x_wconf 91' lang='lat' dir='ltr'><strong>et</strong></span> <span class='ocrx_word' id='word_1_77' title='bbox 3294 944 3456 1013; x_wconf 87' lang='lat' dir='ltr'><strong>primi</strong></span> 
     </span>
    </p>
   </div>
   <div class='ocr_carea' id='block_1_12' title="bbox 235 1036 3030 1110">
    <p class='ocr_par' dir='ltr' id='par_1_12' title="bbox 235 1036 3030 1110">
     <span class='ocr_line' id='line_1_12' title="bbox 235 1036 3030 1110; baseline -0.002 -14"><span class='ocrx_word' id='word_1_78' title='bbox 235 1044 287 1096; x_wconf 90' lang='lat' dir='ltr'><strong>in</strong></span> <span class='ocrx_word' id='word_1_79' title='bbox 324 1042 528 1096; x_wconf 92' lang='lat' dir='ltr'><strong>erroris</strong></span> <span class='ocrx_word' id='word_1_80' title='bbox 560 1041 642 1094; x_wconf 88' lang='lat' dir='ltr'><strong>via</strong></span> <span class='ocrx_word' id='word_1_81' title='bbox 687 1041 1028 1110; x_wconf 78' lang='lat' dir='ltr'><strong>gradiuntur.</strong></span> <span class='ocrx_word' id='word_1_82' title='bbox 1073 1042 1174 1108; x_wconf 87' lang='lat' dir='ltr'><strong>Qui</strong></span> <span class='ocrx_word' id='word_1_83' title='bbox 1208 1050 1386 1097; x_wconf 89' lang='lat' dir='ltr'><strong>autem</strong></span> <span class='ocrx_word' id='word_1_84' title='bbox 1429 1043 1680 1097; x_wconf 91' lang='lat' dir='ltr'><strong>omnibus</strong></span> <span class='ocrx_word' id='word_1_85' title='bbox 1719 1041 1788 1096; x_wconf 88' lang='lat' dir='ltr'><strong>iis</strong></span> <span class='ocrx_word' id='word_1_86' title='bbox 1820 1040 2085 1095; x_wconf 86' lang='lat' dir='ltr'><strong>liberatus</strong></span> <span class='ocrx_word' id='word_1_87' title='bbox 2130 1043 2184 1092; x_wconf 92' lang='lat' dir='ltr'><strong>et</strong></span> <span class='ocrx_word' id='word_1_88' title='bbox 2211 1051 2418 1092; x_wconf 85' lang='lat' dir='ltr'><strong>vacuus</strong></span> <span class='ocrx_word' id='word_1_89' title='bbox 2461 1045 2545 1090; x_wconf 93' lang='lat' dir='ltr'><strong>est</strong></span> <span class='ocrx_word' id='word_1_90' title='bbox 2581 1037 2774 1091; x_wconf 89' lang='lat' dir='ltr'><strong>beatus</strong></span> <span class='ocrx_word' id='word_1_91' title='bbox 2814 1036 3030 1091; x_wconf 90' lang='lat' dir='ltr'><strong>dicitur.</strong></span> 
     </span>
    </p>
   </div>
   <div class='ocr_carea' id='block_1_13' title="bbox 313 1129 1790 1206">
    <p class='ocr_par' dir='ltr' id='par_1_13' title="bbox 313 1129 1790 1206">
     <span class='ocr_line' id='line_1_13' title="bbox 313 1129 1790 1206; baseline 0.001 -18"><span class='ocrx_word' id='word_1_92' title='bbox 313 1134 474 1188; x_wconf 78' lang='grc' dir='ltr'><strong>Ἀλλ’</strong></span> <span class='ocrx_word' id='word_1_93' title='bbox 503 1133 540 1202; x_wconf 82' lang='grc' dir='ltr'>ἢ</span> <span class='ocrx_word' id='word_1_94' title='bbox 576 1133 645 1186; x_wconf 82' lang='grc' dir='ltr'><strong>ἐν</strong></span> <span class='ocrx_word' id='word_1_95' title='bbox 673 1133 752 1198; x_wconf 85' lang='grc' dir='ltr'>τῷ</span> <span class='ocrx_word' id='word_1_96' title='bbox 783 1135 941 1203; x_wconf 83' lang='grc' dir='ltr'>νόμῳ</span> <span class='ocrx_word' id='word_1_97' title='bbox 970 1136 1189 1203; x_wconf 80' lang='grc' dir='ltr'><strong>Κυρίου</strong></span> <span class='ocrx_word' id='word_1_98' title='bbox 1228 1136 1293 1188; x_wconf 88' lang='grc' dir='ltr'>τὸ</span> <span class='ocrx_word' id='word_1_99' title='bbox 1328 1137 1553 1206; x_wconf 79' lang='grc' dir='ltr'>θέλημα</span> <span class='ocrx_word' id='word_1_100' title='bbox 1584 1129 1790 1202; x_wconf 72' lang='grc' dir='ltr'>αὐτοῦ,</span> 
     </span>
    </p>
   </div>
   <div class='ocr_carea' id='block_1_14' title="bbox 230 1221 1790 1294">
    <p class='ocr_par' dir='ltr' id='par_1_14' title="bbox 230 1221 1790 1294">
     <span class='ocr_line' id='line_1_14' title="bbox 230 1221 1790 1294; baseline 0.001 -16"><span class='ocrx_word' id='word_1_101' title='bbox 230 1225 326 1278; x_wconf 74' lang='grc' dir='ltr'>καὶ</span> <span class='ocrx_word' id='word_1_102' title='bbox 348 1224 418 1277; x_wconf 81' lang='grc' dir='ltr'><strong>ἐν</strong></span> <span class='ocrx_word' id='word_1_103' title='bbox 444 1221 523 1288; x_wconf 80' lang='grc' dir='ltr'>τῷ</span> <span class='ocrx_word' id='word_1_104' title='bbox 549 1223 708 1290; x_wconf 83' lang='grc' dir='ltr'>νόμῳ</span> <span class='ocrx_word' id='word_1_105' title='bbox 737 1223 922 1276; x_wconf 84' lang='grc' dir='ltr'>αὑτοῦ</span> <span class='ocrx_word' id='word_1_106' title='bbox 953 1224 1273 1293; x_wconf 79' lang='grc' dir='ltr'><strong>μελετήσει</strong></span> <span class='ocrx_word' id='word_1_107' title='bbox 1305 1226 1528 1294; x_wconf 75' lang='grc' dir='ltr'>ἡμέρας</span> <span class='ocrx_word' id='word_1_108' title='bbox 1557 1227 1650 1279; x_wconf 76' lang='grc' dir='ltr'>καὶ</span> <span class='ocrx_word' id='word_1_109' title='bbox 1684 1223 1790 1280; x_wconf 57' lang='grc' dir='ltr'>τιυ-</span> 
     </span>
    </p>
   </div>
   <div class='ocr_carea' id='block_1_15' title="bbox 229 1306 1792 1390">
    <p class='ocr_par' dir='ltr' id='par_1_15' title="bbox 229 1306 1792 1390">
     <span class='ocr_line' id='line_1_15' title="bbox 229 1306 1792 1390; baseline 0.001 -20"><span class='ocrx_word' id='word_1_110' title='bbox 229 1317 386 1381; x_wconf 79' lang='grc' dir='ltr'>κτός.</span> <span class='ocrx_word' id='word_1_111' title='bbox 437 1306 654 1380; x_wconf 76' lang='grc' dir='ltr'>Ἐπειδὴ</span> <span class='ocrx_word' id='word_1_112' title='bbox 687 1313 853 1384; x_wconf 86' lang='grc' dir='ltr'>πολλή</span> <span class='ocrx_word' id='word_1_113' title='bbox 886 1315 969 1379; x_wconf 89' lang='grc' dir='ltr'><strong>τίς</strong></span> <span class='ocrx_word' id='word_1_114' title='bbox 1003 1317 1115 1369; x_wconf 77' lang='grc' dir='ltr'>ἐστι</span> <span class='ocrx_word' id='word_1_115' title='bbox 1141 1317 1372 1388; x_wconf 82' lang='grc' dir='ltr'>διαφορά</span> <span class='ocrx_word' id='word_1_116' title='bbox 1397 1317 1505 1371; x_wconf 87' lang='grc' dir='ltr'><strong>τῶν</strong></span> <span class='ocrx_word' id='word_1_117' title='bbox 1541 1317 1688 1390; x_wconf 76' lang='grc' dir='ltr'>φόϐῳ</span> <span class='ocrx_word' id='word_1_118' title='bbox 1712 1336 1792 1371; x_wconf 84' lang='grc' dir='ltr'>τι·</span> 
     </span>
    </p>
   </div>
   <div class='ocr_carea' id='block_1_16' title="bbox 230 1401 1789 1479">
    <p class='ocr_par' dir='ltr' id='par_1_16' title="bbox 230 1401 1789 1479">
     <span class='ocr_line' id='line_1_16' title="bbox 230 1401 1789 1479; baseline 0.001 -21"><span class='ocrx_word' id='word_1_119' title='bbox 230 1405 450 1476; x_wconf 89' lang='grc' dir='ltr'>μωριῶν</span> <span class='ocrx_word' id='word_1_120' title='bbox 480 1401 537 1459; x_wconf 86' lang='grc' dir='ltr'><strong>εὖ</strong></span> <span class='ocrx_word' id='word_1_121' title='bbox 565 1404 818 1475; x_wconf 80' lang='grc' dir='ltr'>πράττειν</span> <span class='ocrx_word' id='word_1_122' title='bbox 846 1407 1376 1477; x_wconf 85' lang='grc' dir='ltr'>κατηναγκασμένων</span> <span class='ocrx_word' id='word_1_123' title='bbox 1407 1408 1497 1461; x_wconf 77' lang='grc' dir='ltr'>καὶ</span> <span class='ocrx_word' id='word_1_124' title='bbox 1523 1409 1629 1460; x_wconf 88' lang='grc' dir='ltr'><strong>τῶν</strong></span> <span class='ocrx_word' id='word_1_125' title='bbox 1656 1423 1789 1479; x_wconf 87' lang='grc' dir='ltr'>προ-</span> 
     </span>
    </p>
   </div>
   <div class='ocr_carea' id='block_1_17' title="bbox 226 1486 1786 1570">
    <p class='ocr_par' dir='ltr' id='par_1_17' title="bbox 226 1486 1786 1570">
     <span class='ocr_line' id='line_1_17' title="bbox 226 1486 1786 1570; baseline 0 -20"><span class='ocrx_word' id='word_1_126' title='bbox 226 1497 431 1568; x_wconf 79' lang='grc' dir='ltr'>αιρέσει</span> <span class='ocrx_word' id='word_1_127' title='bbox 471 1497 602 1550; x_wconf 77' lang='grc' dir='ltr'>αὐτὸ</span> <span class='ocrx_word' id='word_1_128' title='bbox 634 1497 693 1549; x_wconf 79' lang='grc' dir='ltr'><strong>τὸ</strong></span> <span class='ocrx_word' id='word_1_129' title='bbox 721 1497 882 1549; x_wconf 84' lang='grc' dir='ltr'>καλὸν</span> <span class='ocrx_word' id='word_1_130' title='bbox 915 1497 1272 1568; x_wconf 79' lang='grc' dir='ltr'>αἱρουμένων,</span> <span class='ocrx_word' id='word_1_131' title='bbox 1313 1486 1402 1552; x_wconf 84' lang='grc' dir='ltr'><strong>διά</strong></span> <span class='ocrx_word' id='word_1_132' title='bbox 1431 1498 1586 1551; x_wconf 75' lang='grc' dir='ltr'>τοῦτό</span> <span class='ocrx_word' id='word_1_133' title='bbox 1623 1515 1786 1570; x_wconf 79' lang='grc' dir='ltr'>φησι’</span> 
     </span>
    </p>
   </div>
   <div class='ocr_carea' id='block_1_18' title="bbox 239 1581 1792 1658">
    <p class='ocr_par' dir='ltr' id='par_1_18' title="bbox 239 1581 1792 1658">
     <span class='ocr_line' id='line_1_18' title="bbox 239 1581 1792 1658; baseline 0.006 -25"><span class='ocrx_word' id='word_1_134' title='bbox 239 1583 332 1634; x_wconf 85' lang='grc' dir='ltr'><strong>Ἐν</strong></span> <span class='ocrx_word' id='word_1_135' title='bbox 356 1581 437 1648; x_wconf 82' lang='grc' dir='ltr'>τῷ</span> <span class='ocrx_word' id='word_1_136' title='bbox 468 1583 629 1652; x_wconf 79' lang='grc' dir='ltr'>νόμῳ</span> <span class='ocrx_word' id='word_1_137' title='bbox 660 1583 878 1650; x_wconf 84' lang='grc' dir='ltr'><strong>Κυρίου</strong></span> <span class='ocrx_word' id='word_1_138' title='bbox 903 1584 1133 1652; x_wconf 75' lang='grc' dir='ltr'>θέλημα</span> <span class='ocrx_word' id='word_1_139' title='bbox 1173 1588 1377 1640; x_wconf 85' lang='grc' dir='ltr'>αὐτοῦ.</span> <span class='ocrx_word' id='word_1_140' title='bbox 1404 1588 1584 1657; x_wconf 85' lang='grc' dir='ltr'>Νόμον</span> <span class='ocrx_word' id='word_1_141' title='bbox 1608 1587 1663 1640; x_wconf 86' lang='grc' dir='ltr'><em>δέ</em></span> <span class='ocrx_word' id='word_1_142' title='bbox 1697 1605 1792 1658; x_wconf 80' lang='grc' dir='ltr'>φη-</span> 
     </span>
    </p>
   </div>
   <div class='ocr_carea' id='block_1_19' title="bbox 229 1672 1789 1746">
    <p class='ocr_par' dir='ltr' id='par_1_19' title="bbox 229 1672 1789 1746">
     <span class='ocr_line' id='line_1_19' title="bbox 229 1672 1789 1746; baseline 0.003 -22"><span class='ocrx_word' id='word_1_143' title='bbox 229 1689 312 1724; x_wconf 88' lang='grc' dir='ltr'><strong>σιν</strong></span> <span class='ocrx_word' id='word_1_144' title='bbox 357 1672 416 1724; x_wconf 87' lang='grc' dir='ltr'><strong>ού</strong></span> <span class='ocrx_word' id='word_1_145' title='bbox 451 1673 667 1736; x_wconf 77' lang='grc' dir='ltr'>πάντως</span> <span class='ocrx_word' id='word_1_146' title='bbox 698 1673 787 1727; x_wconf 84' lang='grc' dir='ltr'><strong>τὸν</strong></span> <span class='ocrx_word' id='word_1_147' title='bbox 827 1673 1023 1745; x_wconf 82' lang='grc' dir='ltr'>σκιώδη</span> <span class='ocrx_word' id='word_1_148' title='bbox 1058 1676 1150 1728; x_wconf 81' lang='grc' dir='ltr'>καὶ</span> <span class='ocrx_word' id='word_1_149' title='bbox 1177 1676 1401 1728; x_wconf 84' lang='grc' dir='ltr'>τυπικὸν</span> <span class='ocrx_word' id='word_1_150' title='bbox 1439 1677 1617 1746; x_wconf 89' lang='grc' dir='ltr'>νόμον,</span> <span class='ocrx_word' id='word_1_151' title='bbox 1656 1677 1789 1730; x_wconf 84' lang='grc' dir='ltr'>πολὺ</span> 
     </span>
    </p>
   </div>
   <div class='ocr_carea' id='block_1_20' title="bbox 226 1761 1786 1837">
    <p class='ocr_par' dir='ltr' id='par_1_20' title="bbox 226 1761 1786 1837">
     <span class='ocr_line' id='line_1_20' title="bbox 226 1761 1786 1837; baseline 0.005 -24"><span class='ocrx_word' id='word_1_152' title='bbox 226 1761 281 1814; x_wconf 70' lang='grc' dir='ltr'>δὲ</span> <span class='ocrx_word' id='word_1_153' title='bbox 304 1763 564 1833; x_wconf 89' lang='grc' dir='ltr'>πρότερον</span> <span class='ocrx_word' id='word_1_154' title='bbox 586 1763 674 1815; x_wconf 82' lang='grc' dir='ltr'><strong>τὸν</strong></span> <span class='ocrx_word' id='word_1_155' title='bbox 696 1765 753 1817; x_wconf 80' lang='grc' dir='ltr'>ὲν</span> <span class='ocrx_word' id='word_1_156' title='bbox 779 1764 926 1834; x_wconf 86' lang='grc' dir='ltr'><strong>αύτῴ</strong></span> <span class='ocrx_word' id='word_1_157' title='bbox 950 1765 1209 1836; x_wconf 83' lang='grc' dir='ltr'>λεληθότα</span> <span class='ocrx_word' id='word_1_158' title='bbox 1232 1767 1595 1837; x_wconf 79' lang='grc' dir='ltr'>πνευματικὸν</span> <span class='ocrx_word' id='word_1_159' title='bbox 1614 1769 1786 1836; x_wconf 86' lang='grc' dir='ltr'>λόγον.</span> 
     </span>
    </p>
   </div>
   <div class='ocr_carea' id='block_1_21' title="bbox 225 1851 1792 1926">
    <p class='ocr_par' dir='ltr' id='par_1_21' title="bbox 225 1851 1792 1926">
     <span class='ocr_line' id='line_1_21' title="bbox 225 1851 1792 1926; baseline 0.005 -22"><span class='ocrx_word' id='word_1_160' title='bbox 225 1851 325 1923; x_wconf 60' lang='lat' dir='ltr'><strong>Elin</strong></span> <span class='ocrx_word' id='word_1_161' title='bbox 351 1852 394 1904; x_wconf 75' lang='grc' dir='ltr'>δ’</span> <span class='ocrx_word' id='word_1_162' title='bbox 428 1852 493 1905; x_wconf 83' lang='grc' dir='ltr'><strong>ἂν</strong></span> <span class='ocrx_word' id='word_1_163' title='bbox 523 1854 686 1924; x_wconf 86' lang='grc' dir='ltr'>νόμος</span> <span class='ocrx_word' id='word_1_164' title='bbox 717 1855 918 1926; x_wconf 82' lang='grc' dir='ltr'>Κυρίου</span> <span class='ocrx_word' id='word_1_165' title='bbox 962 1857 1055 1910; x_wconf 77' lang='grc' dir='ltr'>καὶ</span> <span class='ocrx_word' id='word_1_166' title='bbox 1092 1859 1120 1909; x_wconf 95' lang='lat'><strong>6</strong></span> <span class='ocrx_word' id='word_1_167' title='bbox 1153 1857 1291 1910; x_wconf 84' lang='grc' dir='ltr'>κατὰ</span> <span class='ocrx_word' id='word_1_168' title='bbox 1321 1861 1480 1926; x_wconf 89' lang='grc' dir='ltr'>φύσιν</span> <span class='ocrx_word' id='word_1_169' title='bbox 1511 1861 1672 1912; x_wconf 82' lang='grc' dir='ltr'>πᾶσιν</span> <span class='ocrx_word' id='word_1_170' title='bbox 1701 1860 1792 1912; x_wconf 87' lang='grc' dir='ltr'>ἀν·-</span> 
     </span>
    </p>
   </div>
   <div class='ocr_carea' id='block_1_22' title="bbox 226 1941 1789 2021">
    <p class='ocr_par' dir='ltr' id='par_1_22' title="bbox 226 1941 1789 2021">
     <span class='ocr_line' id='line_1_22' title="bbox 226 1941 1789 2021; baseline 0.006 -25"><span class='ocrx_word' id='word_1_171' title='bbox 226 1942 460 2016; x_wconf 87' lang='grc' dir='ltr'>θρώποις</span> <span class='ocrx_word' id='word_1_172' title='bbox 493 1947 912 2017; x_wconf 83' lang='grc' dir='ltr'>ὲνεσπαρμένος,</span> <span class='ocrx_word' id='word_1_173' title='bbox 955 1949 1021 2001; x_wconf 88' lang='grc' dir='ltr'>δι’</span> <span class='ocrx_word' id='word_1_174' title='bbox 1052 1941 1112 2002; x_wconf 75' lang='grc' dir='ltr'>οὗ</span> <span class='ocrx_word' id='word_1_175' title='bbox 1167 1949 1506 2021; x_wconf 88' lang='grc' dir='ltr'>κατορθῶσαι</span> <span class='ocrx_word' id='word_1_176' title='bbox 1551 1949 1789 2019; x_wconf 80' lang='grc' dir='ltr'>λέγονται</span> 
     </span>
    </p>
   </div>
   <div class='ocr_carea' id='block_1_23' title="bbox 223 2036 1792 2115">
    <p class='ocr_par' dir='ltr' id='par_1_23' title="bbox 223 2036 1792 2115">
     <span class='ocr_line' id='line_1_23' title="bbox 223 2036 1792 2115; baseline 0.004 -26"><span class='ocrx_word' id='word_1_177' title='bbox 223 2039 270 2090; x_wconf 89' lang='lat' dir='ltr'><strong>oi</strong></span> <span class='ocrx_word' id='word_1_178' title='bbox 309 2037 416 2108; x_wconf 78' lang='grc' dir='ltr'><strong>πρὸ</strong></span> <span class='ocrx_word' id='word_1_179' title='bbox 443 2036 537 2089; x_wconf 80' lang='grc' dir='ltr'>τοῦ</span> <span class='ocrx_word' id='word_1_180' title='bbox 567 2037 653 2091; x_wconf 80' lang='grc' dir='ltr'>διὰ</span> <span class='ocrx_word' id='word_1_181' title='bbox 699 2037 967 2105; x_wconf 81' lang='grc' dir='ltr'>Μωῦσέως</span> <span class='ocrx_word' id='word_1_182' title='bbox 1008 2040 1169 2111; x_wconf 86' lang='grc' dir='ltr'>νόμου</span> <span class='ocrx_word' id='word_1_183' title='bbox 1217 2041 1392 2109; x_wconf 62' lang='grc' dir='ltr'>ἅγιον</span> <span class='ocrx_word' id='word_1_184' title='bbox 1430 2044 1556 2113; x_wconf 79' lang='grc' dir='ltr'>περὶ</span> <span class='ocrx_word' id='word_1_185' title='bbox 1583 2037 1655 2096; x_wconf 84' lang='grc' dir='ltr'>ὧν</span> <span class='ocrx_word' id='word_1_186' title='bbox 1689 2061 1792 2115; x_wconf 84' lang='grc' dir='ltr'>φη-</span> 
     </span>
    </p>
   </div>
   <div class='ocr_carea' id='block_1_24' title="bbox 1968 1127 3456 1200">
    <p class='ocr_par' dir='ltr' id='par_1_24' title="bbox 1968 1127 3456 1200">
     <span class='ocr_line' id='line_1_24' title="bbox 1968 1127 3456 1200; baseline -0.002 -16"><span class='ocrx_word' id='word_1_187' title='bbox 1968 1131 2134 1185; x_wconf 70' lang='lat' dir='ltr'><strong>Vens.</strong></span> <span class='ocrx_word' id='word_1_188' title='bbox 2165 1131 2218 1184; x_wconf 75' lang='grc'><strong>2.</strong></span> <span class='ocrx_word' id='word_1_189' title='bbox 2261 1130 2362 1185; x_wconf 90' lang='lat' dir='ltr'><strong>Sed</strong></span> <span class='ocrx_word' id='word_1_190' title='bbox 2417 1131 2472 1182; x_wconf 90' lang='lat' dir='ltr'><strong>in</strong></span> <span class='ocrx_word' id='word_1_191' title='bbox 2524 1131 2626 1200; x_wconf 77' lang='lat' dir='ltr'><strong>lege</strong></span> <span class='ocrx_word' id='word_1_192' title='bbox 2653 1129 2867 1184; x_wconf 87' lang='lat' dir='ltr'><strong>Domini</strong></span> <span class='ocrx_word' id='word_1_193' title='bbox 2892 1131 3131 1182; x_wconf 77' lang='lat' dir='ltr'><strong>voluntas</strong></span> <span class='ocrx_word' id='word_1_194' title='bbox 3159 1127 3292 1196; x_wconf 85' lang='lat' dir='ltr'><strong>ejus,</strong></span> <span class='ocrx_word' id='word_1_195' title='bbox 3326 1137 3373 1182; x_wconf 91' lang='lat' dir='ltr'><strong>et</strong></span> <span class='ocrx_word' id='word_1_196' title='bbox 3402 1130 3456 1181; x_wconf 88' lang='lat' dir='ltr'><strong>in</strong></span> 
     </span>
    </p>
   </div>
   <div class='ocr_carea' id='block_1_25' title="bbox 1897 1209 3456 1292">
    <p class='ocr_par' dir='ltr' id='par_1_25' title="bbox 1897 1209 3456 1292">
     <span class='ocr_line' id='line_1_25' title="bbox 1897 1209 3456 1292; baseline 0 -18"><span class='ocrx_word' id='word_1_197' title='bbox 1897 1221 2002 1292; x_wconf 83' lang='lat' dir='ltr'><strong>lege</strong></span> <span class='ocrx_word' id='word_1_198' title='bbox 2038 1209 2539 1284; x_wconf 51' lang='lat' dir='ltr'><strong>eius&#39;meditabitur</strong></span> <span class='ocrx_word' id='word_1_199' title='bbox 2589 1221 2671 1274; x_wconf 89' lang='lat' dir='ltr'><strong>die</strong></span> <span class='ocrx_word' id='word_1_200' title='bbox 2723 1238 2784 1274; x_wconf 89' lang='lat' dir='ltr'><strong>ac</strong></span> <span class='ocrx_word' id='word_1_201' title='bbox 2834 1231 2997 1275; x_wconf 89' lang='lat' dir='ltr'><strong>nocte.</strong></span> <span class='ocrx_word' id='word_1_202' title='bbox 3049 1218 3187 1286; x_wconf 76' lang='lat' dir='ltr'><strong>Quia</strong></span> <span class='ocrx_word' id='word_1_203' title='bbox 3223 1221 3456 1274; x_wconf 83' lang='lat' dir='ltr'><strong>mullum</strong></span> 
     </span>
    </p>
   </div>
   <div class='ocr_carea' id='block_1_26' title="bbox 1895 1311 3456 1388">
    <p class='ocr_par' dir='ltr' id='par_1_26' title="bbox 1895 1311 3456 1388">
     <span class='ocr_line' id='line_1_26' title="bbox 1895 1311 3456 1388; baseline -0.001 -22"><span class='ocrx_word' id='word_1_204' title='bbox 1895 1312 2232 1368; x_wconf 80' lang='lat' dir='ltr'><strong>discriminis</strong></span> <span class='ocrx_word' id='word_1_205' title='bbox 2259 1321 2344 1367; x_wconf 92' lang='lat' dir='ltr'><strong>est</strong></span> <span class='ocrx_word' id='word_1_206' title='bbox 2378 1312 2519 1388; x_wconf 85' lang='lat' dir='ltr'><strong>inter</strong></span> <span class='ocrx_word' id='word_1_207' title='bbox 2547 1327 2642 1368; x_wconf 90' lang='lat' dir='ltr'><strong>eos</strong></span> <span class='ocrx_word' id='word_1_208' title='bbox 2670 1313 2764 1382; x_wconf 88' lang='lat' dir='ltr'><strong>qui</strong></span> <span class='ocrx_word' id='word_1_209' title='bbox 2795 1320 2938 1366; x_wconf 90' lang='lat' dir='ltr'><strong>metu</strong></span> <span class='ocrx_word' id='word_1_210' title='bbox 2973 1311 3223 1382; x_wconf 84' lang='lat' dir='ltr'><strong>supplicii</strong></span> <span class='ocrx_word' id='word_1_211' title='bbox 3263 1326 3456 1366; x_wconf 76' lang='lat' dir='ltr'><strong>neces-</strong></span> 
     </span>
    </p>
   </div>
   <div class='ocr_carea' id='block_1_27' title="bbox 1895 1404 3456 1473">
    <p class='ocr_par' dir='ltr' id='par_1_27' title="bbox 1895 1404 3456 1473">
     <span class='ocr_line' id='line_1_27' title="bbox 1895 1404 3456 1473; baseline 0.001 -16"><span class='ocrx_word' id='word_1_212' title='bbox 1895 1405 2163 1473; x_wconf 84' lang='lat' dir='ltr'><strong>sitateque</strong></span> <span class='ocrx_word' id='word_1_213' title='bbox 2195 1406 2370 1458; x_wconf 91' lang='lat' dir='ltr'><strong>coacti</strong></span> <span class='ocrx_word' id='word_1_214' title='bbox 2417 1405 2554 1459; x_wconf 86' lang='lat' dir='ltr'><strong>bene</strong></span> <span class='ocrx_word' id='word_1_215' title='bbox 2597 1415 2801 1473; x_wconf 80' lang='lat' dir='ltr'><strong>agunt,</strong></span> <span class='ocrx_word' id='word_1_216' title='bbox 2844 1420 2898 1458; x_wconf 82' lang='lat' dir='ltr'><strong>et</strong></span> <span class='ocrx_word' id='word_1_217' title='bbox 2942 1419 3037 1458; x_wconf 82' lang='lat' dir='ltr'><strong>eos</strong></span> <span class='ocrx_word' id='word_1_218' title='bbox 3081 1404 3172 1473; x_wconf 91' lang='lat' dir='ltr'><strong>qui</strong></span> <span class='ocrx_word' id='word_1_219' title='bbox 3225 1404 3456 1473; x_wconf 72' lang='lat' dir='ltr'><strong>proprizr</strong></span> 
     </span>
    </p>
   </div>
   <div class='ocr_carea' id='block_1_28' title="bbox 1894 1493 3457 1560">
    <p class='ocr_par' dir='ltr' id='par_1_28' title="bbox 1894 1493 3457 1560">
     <span class='ocr_line' id='line_1_28' title="bbox 1894 1493 3457 1560; baseline -0.002 -9"><span class='ocrx_word' id='word_1_220' title='bbox 1894 1498 2189 1551; x_wconf 74' lang='lat' dir='ltr'><strong>voluntatis</strong></span> <span class='ocrx_word' id='word_1_221' title='bbox 2251 1498 2460 1552; x_wconf 90' lang='lat' dir='ltr'><strong>delectu</strong></span> <span class='ocrx_word' id='word_1_222' title='bbox 2512 1495 2576 1549; x_wconf 92' lang='lat' dir='ltr'><strong>ad</strong></span> <span class='ocrx_word' id='word_1_223' title='bbox 2614 1495 2816 1550; x_wconf 88' lang='lat' dir='ltr'><strong>bonum</strong></span> <span class='ocrx_word' id='word_1_224' title='bbox 2864 1509 2922 1549; x_wconf 90' lang='lat' dir='ltr'><strong>se</strong></span> <span class='ocrx_word' id='word_1_225' title='bbox 2968 1493 3290 1560; x_wconf 76' lang='lat' dir='ltr'><strong>conferunt,</strong></span> <span class='ocrx_word' id='word_1_226' title='bbox 3337 1494 3457 1548; x_wconf 90' lang='lat' dir='ltr'><strong>ideo</strong></span> 
     </span>
    </p>
   </div>
   <div class='ocr_carea' id='block_1_29' title="bbox 1896 1583 3456 1660">
    <p class='ocr_par' dir='ltr' id='par_1_29' title="bbox 1896 1583 3456 1660">
     <span class='ocr_line' id='line_1_29' title="bbox 1896 1583 3456 1660; baseline -0.003 -17"><span class='ocrx_word' id='word_1_227' title='bbox 1896 1590 2008 1646; x_wconf 90' lang='lat' dir='ltr'><strong>ait:</strong></span> <span class='ocrx_word' id='word_1_228' title='bbox 2048 1589 2114 1643; x_wconf 86' lang='lat' dir='ltr'><strong>In</strong></span> <span class='ocrx_word' id='word_1_229' title='bbox 2162 1589 2267 1660; x_wconf 84' lang='lat' dir='ltr'><strong>lege</strong></span> <span class='ocrx_word' id='word_1_230' title='bbox 2318 1588 2530 1642; x_wconf 85' lang='lat' dir='ltr'><strong>Domini</strong></span> <span class='ocrx_word' id='word_1_231' title='bbox 2576 1587 2816 1640; x_wconf 80' lang='lat' dir='ltr'><strong>voluntas</strong></span> <span class='ocrx_word' id='word_1_232' title='bbox 2857 1586 2991 1654; x_wconf 88' lang='lat' dir='ltr'><strong>ejus.</strong></span> <span class='ocrx_word' id='word_1_233' title='bbox 3048 1583 3244 1656; x_wconf 78' lang='lat' dir='ltr'><strong>Legem</strong></span> <span class='ocrx_word' id='word_1_234' title='bbox 3277 1593 3456 1639; x_wconf 90' lang='lat' dir='ltr'><strong>autem</strong></span> 
     </span>
    </p>
   </div>
   <div class='ocr_carea' id='block_1_30' title="bbox 1896 1677 3455 1746">
    <p class='ocr_par' dir='ltr' id='par_1_30' title="bbox 1896 1677 3455 1746">
     <span class='ocr_line' id='line_1_30' title="bbox 1896 1677 3455 1746; baseline -0.003 -10"><span class='ocrx_word' id='word_1_235' title='bbox 1896 1681 2048 1744; x_wconf 84' lang='lat' dir='ltr'><strong>dicit,</strong></span> <span class='ocrx_word' id='word_1_236' title='bbox 2077 1696 2186 1734; x_wconf 91' lang='lat' dir='ltr'><strong>non</strong></span> <span class='ocrx_word' id='word_1_237' title='bbox 2217 1680 2560 1735; x_wconf 82' lang='lat' dir='ltr'><strong>umbratilem</strong></span> <span class='ocrx_word' id='word_1_238' title='bbox 2588 1679 2735 1732; x_wconf 84' lang='lat' dir='ltr'><strong>illam</strong></span> <span class='ocrx_word' id='word_1_239' title='bbox 2778 1684 2830 1731; x_wconf 93' lang='lat' dir='ltr'><strong>et</strong></span> <span class='ocrx_word' id='word_1_240' title='bbox 2871 1677 3156 1746; x_wconf 81' lang='lat' dir='ltr'><strong>ﬁguratam</strong></span> <span class='ocrx_word' id='word_1_241' title='bbox 3177 1717 3192 1740; x_wconf 92' lang='lat'><strong>,</strong></span> <span class='ocrx_word' id='word_1_242' title='bbox 3224 1677 3320 1732; x_wconf 87' lang='lat' dir='ltr'><strong>sed</strong></span> <span class='ocrx_word' id='word_1_243' title='bbox 3364 1692 3455 1745; x_wconf 89' lang='lat' dir='ltr'><strong>po-</strong></span> 
     </span>
    </p>
   </div>
   <div class='ocr_carea' id='block_1_31' title="bbox 1895 1769 3455 1843">
    <p class='ocr_par' dir='ltr' id='par_1_31' title="bbox 1895 1769 3455 1843">
     <span class='ocr_line' id='line_1_31' title="bbox 1895 1769 3455 1843; baseline -0.003 -15"><span class='ocrx_word' id='word_1_244' title='bbox 1895 1775 2005 1830; x_wconf 91' lang='lat' dir='ltr'><strong>tius</strong></span> <span class='ocrx_word' id='word_1_245' title='bbox 2039 1773 2316 1843; x_wconf 89' lang='lat' dir='ltr'><strong>spirituale</strong></span> <span class='ocrx_word' id='word_1_246' title='bbox 2343 1771 2567 1826; x_wconf 80' lang='lat' dir='ltr'><strong>verbum</strong></span> <span class='ocrx_word' id='word_1_247' title='bbox 2610 1771 2665 1824; x_wconf 92' lang='lat' dir='ltr'><strong>in</strong></span> <span class='ocrx_word' id='word_1_248' title='bbox 2704 1784 2769 1824; x_wconf 89' lang='lat' dir='ltr'><strong>ea</strong></span> <span class='ocrx_word' id='word_1_249' title='bbox 2803 1771 2976 1823; x_wconf 83' lang='lat' dir='ltr'><strong>latens</strong></span> <span class='ocrx_word' id='word_1_250' title='bbox 3017 1778 3070 1822; x_wconf 89' lang='lat' dir='ltr'><strong>et</strong></span> <span class='ocrx_word' id='word_1_251' title='bbox 3118 1769 3455 1823; x_wconf 83' lang='lat' dir='ltr'><strong>obvolutum.</strong></span> 
     </span>
    </p>
   </div>
   <div class='ocr_carea' id='block_1_32' title="bbox 1898 1860 3457 1929">
    <p class='ocr_par' dir='ltr' id='par_1_32' title="bbox 1898 1860 3457 1929">
     <span class='ocr_line' id='line_1_32' title="bbox 1898 1860 3457 1929; baseline -0.002 -12"><span class='ocrx_word' id='word_1_252' title='bbox 1898 1863 2081 1920; x_wconf 85' lang='lat' dir='ltr'><strong>Fuerit</strong></span> <span class='ocrx_word' id='word_1_253' title='bbox 2111 1867 2274 1919; x_wconf 89' lang='lat' dir='ltr'><strong>etiam</strong></span> <span class='ocrx_word' id='word_1_254' title='bbox 2319 1862 2551 1917; x_wconf 80' lang='lat' dir='ltr'><strong>fortasse</strong></span> <span class='ocrx_word' id='word_1_255' title='bbox 2596 1861 2681 1915; x_wconf 83' lang='lat' dir='ltr'><strong>lex</strong></span> <span class='ocrx_word' id='word_1_256' title='bbox 2716 1860 2927 1915; x_wconf 86' lang='lat' dir='ltr'><strong>Domini</strong></span> <span class='ocrx_word' id='word_1_257' title='bbox 2963 1874 3028 1914; x_wconf 90' lang='lat' dir='ltr'><strong>ea</strong></span> <span class='ocrx_word' id='word_1_258' title='bbox 3059 1875 3179 1929; x_wconf 63' lang='lat' dir='ltr'><strong>qua:</strong></span> <span class='ocrx_word' id='word_1_259' title='bbox 3204 1861 3457 1914; x_wconf 87' lang='lat' dir='ltr'><strong>omnibus</strong></span> 
     </span>
    </p>
   </div>
   <div class='ocr_carea' id='block_1_33' title="bbox 1895 1950 3456 2025">
    <p class='ocr_par' dir='ltr' id='par_1_33' title="bbox 1895 1950 3456 2025">
     <span class='ocr_line' id='line_1_33' title="bbox 1895 1950 3456 2025; baseline -0.007 -12"><span class='ocrx_word' id='word_1_260' title='bbox 1895 1956 2208 2013; x_wconf 80' lang='lat' dir='ltr'><strong>hominibus</strong></span> <span class='ocrx_word' id='word_1_261' title='bbox 2232 1956 2300 2010; x_wconf 91' lang='lat' dir='ltr'><strong>ab</strong></span> <span class='ocrx_word' id='word_1_262' title='bbox 2327 1955 2444 2025; x_wconf 90' lang='lat' dir='ltr'><strong>ipsa</strong></span> <span class='ocrx_word' id='word_1_263' title='bbox 2473 1965 2666 2007; x_wconf 82' lang='lat' dir='ltr'><strong>natura</strong></span> <span class='ocrx_word' id='word_1_264' title='bbox 2707 1951 2870 2006; x_wconf 90' lang='lat' dir='ltr'><strong>insita</strong></span> <span class='ocrx_word' id='word_1_265' title='bbox 2912 1960 3026 2017; x_wconf 90' lang='lat' dir='ltr'><strong>est;</strong></span> <span class='ocrx_word' id='word_1_266' title='bbox 3062 1965 3168 2020; x_wconf 90' lang='lat' dir='ltr'><strong>qua</strong></span> <span class='ocrx_word' id='word_1_267' title='bbox 3207 1952 3343 2005; x_wconf 92' lang='lat' dir='ltr'><strong>duce</strong></span> <span class='ocrx_word' id='word_1_268' title='bbox 3372 1950 3456 2003; x_wconf 72' lang='lat' dir='ltr'><strong>ali-</strong></span> 
     </span>
    </p>
   </div>
   <div class='ocr_carea' id='block_1_34' title="bbox 1895 2041 3454 2117">
    <p class='ocr_par' dir='ltr' id='par_1_34' title="bbox 1895 2041 3454 2117">
     <span class='ocr_line' id='line_1_34' title="bbox 1895 2041 3454 2117; baseline -0.006 -15"><span class='ocrx_word' id='word_1_269' title='bbox 1895 2056 2096 2102; x_wconf 89' lang='lat' dir='ltr'><strong>cuntur</strong></span> <span class='ocrx_word' id='word_1_270' title='bbox 2125 2047 2292 2117; x_wconf 90' lang='lat' dir='ltr'><strong>probe</strong></span> <span class='ocrx_word' id='word_1_271' title='bbox 2324 2047 2525 2101; x_wconf 81' lang='lat' dir='ltr'><strong>vixisse</strong></span> <span class='ocrx_word' id='word_1_272' title='bbox 2565 2044 2738 2099; x_wconf 85' lang='lat' dir='ltr'><strong>sancti</strong></span> <span class='ocrx_word' id='word_1_273' title='bbox 2767 2043 2859 2113; x_wconf 92' lang='lat' dir='ltr'><strong>qui</strong></span> <span class='ocrx_word' id='word_1_274' title='bbox 2894 2051 3018 2097; x_wconf 89' lang='lat' dir='ltr'><strong>ante</strong></span> <span class='ocrx_word' id='word_1_275' title='bbox 3047 2042 3246 2113; x_wconf 73' lang='lat' dir='ltr'><strong>Moysis</strong></span> <span class='ocrx_word' id='word_1_276' title='bbox 3285 2041 3454 2108; x_wconf 74' lang='lat' dir='ltr'><strong>legem</strong></span> 
     </span>
    </p>
   </div>
   <div class='ocr_carea' id='block_1_35' title="bbox 224 2113 1819 2211">
    <p class='ocr_par' dir='ltr' id='par_1_35' title="bbox 224 2113 1791 2207">
     <span class='ocr_line' id='line_1_35' title="bbox 224 2113 1791 2207; baseline 0.007 -26"><span class='ocrx_word' id='word_1_277' title='bbox 224 2139 307 2182; x_wconf 81' lang='grc' dir='ltr'><strong>σιν</strong></span> <span class='ocrx_word' id='word_1_278' title='bbox 334 2131 390 2184; x_wconf 90' lang='grc' dir='ltr'>ό.</span> <span class='ocrx_word' id='word_1_279' title='bbox 416 2129 765 2194; x_wconf 73' lang='grc' dir='ltr'>Ἀπόστολοςο</span> <span class='ocrx_word' id='word_1_280' title='bbox 818 2132 993 2186; x_wconf 80' lang='grc' dir='ltr'>Ὅταν</span> <span class='ocrx_word' id='word_1_281' title='bbox 1037 2135 1148 2202; x_wconf 79' lang='grc' dir='ltr'>γὰρ</span> <span class='ocrx_word' id='word_1_282' title='bbox 1193 2136 1452 2202; x_wconf 81' lang='grc' dir='ltr'><strong>ἕθ›”η.τὰ</strong></span> <span class='ocrx_word' id='word_1_283' title='bbox 1485 2137 1571 2205; x_wconf 84' lang='grc' dir='ltr'>μὴ</span> <span class='ocrx_word' id='word_1_284' title='bbox 1604 2113 1791 2207; x_wconf 57' lang='grc' dir='ltr'>νόμοκ</span> 
     </span>
    </p>
   </div>
   <div class='ocr_carea' id='block_1_36' title="bbox 1863 2113 3473 2211">
    <p class='ocr_par' dir='ltr' id='par_1_36' title="bbox 1892 2113 3473 2211">
     <span class='ocr_line' id='line_1_36' title="bbox 1892 2113 3473 2211; baseline -0.006 -15"><span class='ocrx_word' id='word_1_285' title='bbox 1892 2113 2148 2198; x_wconf 51' lang='lat' dir='ltr'><strong>fuerunti</strong></span> <span class='ocrx_word' id='word_1_286' title='bbox 2178 2141 2244 2195; x_wconf 91' lang='lat' dir='ltr'><strong>de</strong></span> <span class='ocrx_word' id='word_1_287' title='bbox 2267 2141 2464 2210; x_wconf 86' lang='lat' dir='ltr'><strong>quibus</strong></span> <span class='ocrx_word' id='word_1_288' title='bbox 2490 2141 2565 2193; x_wconf 88' lang='lat' dir='ltr'><strong>ait</strong></span> <span class='ocrx_word' id='word_1_289' title='bbox 2589 2139 2880 2208; x_wconf 85' lang='lat' dir='ltr'><strong>Apostolus</strong></span> <span class='ocrx_word' id='word_1_290' title='bbox 2903 2156 2914 2188; x_wconf 90' lang='lat'><strong>:</strong></span> <span class='ocrx_word' id='word_1_291' title='bbox 2936 2135 3068 2190; x_wconf 87' lang='lat' dir='ltr'><strong>Cum</strong></span> <span class='ocrx_word' id='word_1_292' title='bbox 3094 2138 3229 2189; x_wconf 81' lang='lat' dir='ltr'><strong>enim</strong></span> <span class='ocrx_word' id='word_1_293' title='bbox 3258 2144 3473 2211; x_wconf 67' lang='lat' dir='ltr'><strong>gentes,</strong></span> 
     </span>
    </p>
   </div>
   <div class='ocr_carea' id='block_1_37' title="bbox 219 2221 1786 2295">
    <p class='ocr_par' dir='ltr' id='par_1_37' title="bbox 219 2221 1786 2295">
     <span class='ocr_line' id='line_1_37' title="bbox 219 2221 1786 2295; baseline 0.006 -23"><span class='ocrx_word' id='word_1_294' title='bbox 219 2221 459 2288; x_wconf 72' lang='grc' dir='ltr'>ἔχοντα,</span> <span class='ocrx_word' id='word_1_295' title='bbox 505 2222 596 2274; x_wconf 70' lang='grc' dir='ltr'>τὸν</span> <span class='ocrx_word' id='word_1_296' title='bbox 639 2223 880 2293; x_wconf 82' lang='grc' dir='ltr'>γραπτὸν</span> <span class='ocrx_word' id='word_1_297' title='bbox 925 2224 1185 2295; x_wconf 84' lang='grc' dir='ltr'>δηλονότι,</span> <span class='ocrx_word' id='word_1_298' title='bbox 1229 2227 1407 2295; x_wconf 68' lang='grc' dir='ltr'>φύσει</span> <span class='ocrx_word' id='word_1_299' title='bbox 1439 2228 1510 2281; x_wconf 82' lang='grc' dir='ltr'>τὰ</span> <span class='ocrx_word' id='word_1_300' title='bbox 1551 2227 1656 2280; x_wconf 87' lang='grc' dir='ltr'>τοῦ</span> <span class='ocrx_word' id='word_1_301' title='bbox 1686 2230 1786 2282; x_wconf 82' lang='grc' dir='ltr'><strong>νό-</strong></span> 
     </span>
    </p>
   </div>
   <div class='ocr_carea' id='block_1_38' title="bbox 214 2309 1788 2384">
    <p class='ocr_par' dir='ltr' id='par_1_38' title="bbox 214 2309 1788 2384">
     <span class='ocr_line' id='line_1_38' title="bbox 214 2309 1788 2384; baseline 0.006 -20"><span class='ocrx_word' id='word_1_302' title='bbox 214 2330 332 2380; x_wconf 84' lang='grc' dir='ltr'><strong>μου</strong></span> <span class='ocrx_word' id='word_1_303' title='bbox 374 2311 539 2380; x_wconf 77' lang='grc' dir='ltr'>ποιῇ,</span> <span class='ocrx_word' id='word_1_304' title='bbox 572 2309 754 2378; x_wconf 83' lang='grc' dir='ltr'>οὗτοι,</span> <span class='ocrx_word' id='word_1_305' title='bbox 788 2316 975 2383; x_wconf 72' lang='grc' dir='ltr'>νόμον</span> <span class='ocrx_word' id='word_1_306' title='bbox 992 2315 1077 2384; x_wconf 82' lang='grc' dir='ltr'><strong>μὴ</strong></span> <span class='ocrx_word' id='word_1_307' title='bbox 1103 2313 1366 2384; x_wconf 78' lang='grc' dir='ltr'>ἔχοντες,</span> <span class='ocrx_word' id='word_1_308' title='bbox 1401 2317 1632 2383; x_wconf 83' lang='grc' dir='ltr'>ἑαυτοῖς</span> <span class='ocrx_word' id='word_1_309' title='bbox 1671 2321 1788 2372; x_wconf 76' lang='grc' dir='ltr'>εἶσι</span> 
     </span>
    </p>
   </div>
   <div class='ocr_carea' id='block_1_39' title="bbox 216 2405 1786 2482">
    <p class='ocr_par' dir='ltr' id='par_1_39' title="bbox 216 2405 1786 2482">
     <span class='ocr_line' id='line_1_39' title="bbox 216 2405 1786 2482; baseline 0.004 -26"><span class='ocrx_word' id='word_1_310' title='bbox 216 2405 421 2482; x_wconf 76' lang='grc' dir='ltr'>νόμος.</span> <span class='ocrx_word' id='word_1_311' title='bbox 459 2407 528 2459; x_wconf 88' lang='grc' dir='ltr'><strong>Ἦ</strong></span> <span class='ocrx_word' id='word_1_312' title='bbox 574 2407 736 2477; x_wconf 87' lang='grc' dir='ltr'>νόμος</span> <span class='ocrx_word' id='word_1_313' title='bbox 780 2407 982 2479; x_wconf 85' lang='grc' dir='ltr'>Κυρίου</span> <span class='ocrx_word' id='word_1_314' title='bbox 1023 2409 1108 2478; x_wconf 78' lang='grc' dir='ltr'><strong>εἴη</strong></span> <span class='ocrx_word' id='word_1_315' title='bbox 1155 2408 1219 2462; x_wconf 87' lang='grc' dir='ltr'>ἂν</span> <span class='ocrx_word' id='word_1_316' title='bbox 1261 2411 1289 2461; x_wconf 97' lang='lat'><strong>6</strong></span> <span class='ocrx_word' id='word_1_317' title='bbox 1323 2407 1457 2480; x_wconf 78' lang='grc' dir='ltr'>πρὸς</span> <span class='ocrx_word' id='word_1_318' title='bbox 1496 2409 1659 2463; x_wconf 81' lang='grc' dir='ltr'>αὑτοῦ</span> <span class='ocrx_word' id='word_1_319' title='bbox 1693 2409 1786 2464; x_wconf 77' lang='grc' dir='ltr'>τοῦ</span> 
     </span>
    </p>
   </div>
   <div class='ocr_carea' id='block_1_40' title="bbox 220 2485 1789 2572">
    <p class='ocr_par' dir='ltr' id='par_1_40' title="bbox 220 2485 1789 2572">
     <span class='ocr_line' id='line_1_40' title="bbox 220 2485 1789 2572; baseline 0.004 -25"><span class='ocrx_word' id='word_1_320' title='bbox 220 2494 426 2566; x_wconf 80' lang='grc' dir='ltr'>Κυρίου</span> <span class='ocrx_word' id='word_1_321' title='bbox 457 2498 549 2550; x_wconf 73' lang='grc' dir='ltr'><strong>καὶ</strong></span> <span class='ocrx_word' id='word_1_322' title='bbox 585 2497 835 2568; x_wconf 77' lang='grc' dir='ltr'>Σωτῆρος</span> <span class='ocrx_word' id='word_1_323' title='bbox 875 2498 1029 2567; x_wconf 74' lang='grc' dir='ltr'>ἡμῶν</span> <span class='ocrx_word' id='word_1_324' title='bbox 1072 2501 1202 2552; x_wconf 80' lang='grc' dir='ltr'>πᾶσι</span> <span class='ocrx_word' id='word_1_325' title='bbox 1239 2502 1349 2563; x_wconf 86' lang='grc' dir='ltr'>τοῖς</span> <span class='ocrx_word' id='word_1_326' title='bbox 1377 2499 1551 2554; x_wconf 78' lang='grc' dir='ltr'>ἔθνεσι</span> <span class='ocrx_word' id='word_1_327' title='bbox 1585 2485 1789 2572; x_wconf 78' lang='grc' dir='ltr'>κατηγ-</span> 
     </span>
    </p>
   </div>
   <div class='ocr_carea' id='block_1_41' title="bbox 219 2585 1051 2658">
    <p class='ocr_par' dir='ltr' id='par_1_41' title="bbox 219 2585 1051 2658">
     <span class='ocr_line' id='line_1_41' title="bbox 219 2585 1051 2658; baseline 0.007 -22"><span class='ocrx_word' id='word_1_328' title='bbox 219 2585 480 2656; x_wconf 80' lang='grc' dir='ltr'>γελμένος</span> <span class='ocrx_word' id='word_1_329' title='bbox 500 2589 848 2656; x_wconf 86' lang='grc' dir='ltr'>εύαγγελικὸς</span> <span class='ocrx_word' id='word_1_330' title='bbox 875 2589 1051 2658; x_wconf 89' lang='grc' dir='ltr'>λόγος.</span> 
     </span>
    </p>
   </div>
   <div class='ocr_carea' id='block_1_42' title="bbox 288 2678 1790 2754">
    <p class='ocr_par' dir='ltr' id='par_1_42' title="bbox 288 2678 1790 2754">
     <span class='ocr_line' id='line_1_42' title="bbox 288 2678 1790 2754; baseline 0.007 -25"><span class='ocrx_word' id='word_1_331' title='bbox 288 2679 398 2730; x_wconf 81' lang='lat' dir='ltr'><strong>Kal</strong></span> <span class='ocrx_word' id='word_1_332' title='bbox 429 2678 600 2732; x_wconf 80' lang='grc' dir='ltr'>ἔσται</span> <span class='ocrx_word' id='word_1_333' title='bbox 622 2680 702 2745; x_wconf 89' lang='grc' dir='ltr'>ὠς</span> <span class='ocrx_word' id='word_1_334' title='bbox 729 2680 796 2732; x_wconf 91' lang='grc' dir='ltr'>τὸ</span> <span class='ocrx_word' id='word_1_335' title='bbox 835 2680 1027 2744; x_wconf 75' lang='grc' dir='ltr'>ξύλον</span> <span class='ocrx_word' id='word_1_336' title='bbox 1063 2681 1128 2735; x_wconf 83' lang='grc' dir='ltr'>τὸ</span> <span class='ocrx_word' id='word_1_337' title='bbox 1159 2683 1604 2753; x_wconf 71' lang='grc' dir='ltr'>πεφυτευμένον</span> <span class='ocrx_word' id='word_1_338' title='bbox 1632 2685 1790 2754; x_wconf 76' lang='grc' dir='ltr'>παρὰ</span> 
     </span>
    </p>
   </div>
   <div class='ocr_carea' id='block_1_43' title="bbox 218 2756 1788 2844">
    <p class='ocr_par' dir='ltr' id='par_1_43' title="bbox 218 2756 1788 2844">
     <span class='ocr_line' id='line_1_43' title="bbox 218 2756 1788 2844; baseline 0.005 -22"><span class='ocrx_word' id='word_1_339' title='bbox 218 2768 326 2834; x_wconf 83' lang='grc' dir='ltr'>τὰς</span> <span class='ocrx_word' id='word_1_340' title='bbox 356 2768 665 2836; x_wconf 81' lang='grc' dir='ltr'>διεξόδους</span> <span class='ocrx_word' id='word_1_341' title='bbox 692 2769 811 2824; x_wconf 79' lang='grc' dir='ltr'>τῶν</span> <span class='ocrx_word' id='word_1_342' title='bbox 842 2771 1094 2837; x_wconf 76' lang='grc' dir='ltr'>ὑδάτων,</span> <span class='ocrx_word' id='word_1_343' title='bbox 1131 2773 1161 2826; x_wconf 83' lang='grc' dir='ltr'>ὃ</span> <span class='ocrx_word' id='word_1_344' title='bbox 1193 2775 1300 2827; x_wconf 81' lang='grc' dir='ltr'><strong>τὸν</strong></span> <span class='ocrx_word' id='word_1_345' title='bbox 1338 2777 1574 2844; x_wconf 82' lang='grc' dir='ltr'>καρπὸν</span> <span class='ocrx_word' id='word_1_346' title='bbox 1602 2756 1788 2830; x_wconf 76' lang='grc' dir='ltr'>αὐτοῦ</span> 
     </span>
    </p>
   </div>
   <div class='ocr_carea' id='block_1_44' title="bbox 218 2860 1786 2937">
    <p class='ocr_par' dir='ltr' id='par_1_44' title="bbox 218 2860 1786 2937">
     <span class='ocr_line' id='line_1_44' title="bbox 218 2860 1786 2937; baseline 0.004 -23"><span class='ocrx_word' id='word_1_347' title='bbox 218 2860 396 2915; x_wconf 85' lang='grc' dir='ltr'>δώσει</span> <span class='ocrx_word' id='word_1_348' title='bbox 429 2863 499 2915; x_wconf 77' lang='grc' dir='ltr'><em>ἐν</em></span> <span class='ocrx_word' id='word_1_349' title='bbox 537 2862 718 2930; x_wconf 77' lang='grc' dir='ltr'>καιρῷ</span> <span class='ocrx_word' id='word_1_350' title='bbox 753 2863 958 2918; x_wconf 85' lang='grc' dir='ltr'>αὐτοῦ.</span> <span class='ocrx_word' id='word_1_351' title='bbox 1007 2865 1064 2918; x_wconf 88' lang='lat'><strong>&#39;0</strong></span> <span class='ocrx_word' id='word_1_352' title='bbox 1110 2866 1198 2919; x_wconf 83' lang='grc' dir='ltr'>διὰ</span> <span class='ocrx_word' id='word_1_353' title='bbox 1245 2867 1424 2937; x_wconf 82' lang='grc' dir='ltr'><strong>πάσης</strong></span> <span class='ocrx_word' id='word_1_354' title='bbox 1461 2867 1560 2936; x_wconf 81' lang='grc' dir='ltr'>τῆς</span> <span class='ocrx_word' id='word_1_355' title='bbox 1595 2868 1786 2921; x_wconf 80' lang='grc' dir='ltr'>ἑαυτοῦ</span> 
     </span>
    </p>
   </div>
   <div class='ocr_carea' id='block_1_45' title="bbox 220 2953 1788 3029">
    <p class='ocr_par' dir='ltr' id='par_1_45' title="bbox 220 2953 1788 3029">
     <span class='ocr_line' id='line_1_45' title="bbox 220 2953 1788 3029; baseline 0.004 -23"><span class='ocrx_word' id='word_1_356' title='bbox 220 2953 364 3024; x_wconf 80' lang='grc' dir='ltr'>ζωῆς</span> <span class='ocrx_word' id='word_1_357' title='bbox 404 2955 497 3007; x_wconf 75' lang='grc' dir='ltr'><strong>καὶ</strong></span> <span class='ocrx_word' id='word_1_358' title='bbox 540 2956 598 3007; x_wconf 86' lang='grc' dir='ltr'>ὲν</span> <span class='ocrx_word' id='word_1_359' title='bbox 636 2956 798 3008; x_wconf 78' lang='grc' dir='ltr'>παντὶ</span> <span class='ocrx_word' id='word_1_360' title='bbox 824 2957 1004 3028; x_wconf 84' lang='grc' dir='ltr'>καιρῷ</span> <span class='ocrx_word' id='word_1_361' title='bbox 1034 2959 1226 3020; x_wconf 88' lang='grc' dir='ltr'>νυκτός</span> <span class='ocrx_word' id='word_1_362' title='bbox 1263 2975 1322 3010; x_wconf 89' lang='grc' dir='ltr'><strong>τε</strong></span> <span class='ocrx_word' id='word_1_363' title='bbox 1355 2959 1448 3011; x_wconf 77' lang='grc' dir='ltr'><strong>καὶ</strong></span> <span class='ocrx_word' id='word_1_364' title='bbox 1476 2959 1684 3029; x_wconf 81' lang='grc' dir='ltr'>ἡμέρας</span> <span class='ocrx_word' id='word_1_365' title='bbox 1708 2958 1788 3025; x_wconf 84' lang='grc' dir='ltr'><strong>τῷ</strong></span> 
     </span>
    </p>
   </div>
   <div class='ocr_carea' id='block_1_46' title="bbox 218 3046 1787 3120">
    <p class='ocr_par' dir='ltr' id='par_1_46' title="bbox 218 3046 1787 3120">
     <span class='ocr_line' id='line_1_46' title="bbox 218 3046 1787 3120; baseline 0.004 -21"><span class='ocrx_word' id='word_1_366' title='bbox 218 3046 346 3118; x_wconf 85' lang='grc' dir='ltr'>θείῳ</span> <span class='ocrx_word' id='word_1_367' title='bbox 375 3047 648 3118; x_wconf 80' lang='grc' dir='ltr'><strong>σχολάζων</strong></span> <span class='ocrx_word' id='word_1_368' title='bbox 678 3048 847 3120; x_wconf 84' lang='grc' dir='ltr'>νόμῳ,</span> <span class='ocrx_word' id='word_1_369' title='bbox 882 3050 1110 3112; x_wconf 78' lang='grc' dir='ltr'>καὶτοῖς</span> <span class='ocrx_word' id='word_1_370' title='bbox 1138 3047 1196 3113; x_wconf 77' lang='grc' dir='ltr'><strong>ἐξ</strong></span> <span class='ocrx_word' id='word_1_371' title='bbox 1218 3048 1381 3103; x_wconf 82' lang='grc' dir='ltr'>αὑτοῦ</span> <span class='ocrx_word' id='word_1_372' title='bbox 1417 3049 1652 3119; x_wconf 86' lang='grc' dir='ltr'>λογικοῖς</span> <span class='ocrx_word' id='word_1_373' title='bbox 1693 3052 1787 3106; x_wconf 81' lang='grc' dir='ltr'><strong>νά-</strong></span> 
     </span>
    </p>
   </div>
   <div class='ocr_carea' id='block_1_47' title="bbox 223 3140 1786 3216">
    <p class='ocr_par' dir='ltr' id='par_1_47' title="bbox 223 3140 1786 3216">
     <span class='ocr_line' id='line_1_47' title="bbox 223 3140 1786 3216; baseline 0.004 -24"><span class='ocrx_word' id='word_1_374' title='bbox 223 3157 386 3210; x_wconf 80' lang='grc' dir='ltr'>μασιν</span> <span class='ocrx_word' id='word_1_375' title='bbox 415 3140 729 3213; x_wconf 84' lang='grc' dir='ltr'>ἀρδόμενος,</span> <span class='ocrx_word' id='word_1_376' title='bbox 761 3141 967 3213; x_wconf 81' lang='grc' dir='ltr'>σφόδρα</span> <span class='ocrx_word' id='word_1_377' title='bbox 1003 3142 1216 3206; x_wconf 85' lang='grc' dir='ltr'>οίκείως</span> <span class='ocrx_word' id='word_1_378' title='bbox 1248 3142 1399 3214; x_wconf 81' lang='grc' dir='ltr'>φυτῷ</span> <span class='ocrx_word' id='word_1_379' title='bbox 1431 3146 1560 3216; x_wconf 88' lang='grc' dir='ltr'>παρ’</span> <span class='ocrx_word' id='word_1_380' title='bbox 1604 3143 1786 3198; x_wconf 78' lang='grc' dir='ltr'>ὕδασιν</span> 
     </span>
    </p>
   </div>
   <div class='ocr_carea' id='block_1_48' title="bbox 217 3232 1790 3306">
    <p class='ocr_par' dir='ltr' id='par_1_48' title="bbox 217 3232 1790 3306">
     <span class='ocr_line' id='line_1_48' title="bbox 217 3232 1790 3306; baseline 0.003 -22"><span class='ocrx_word' id='word_1_381' title='bbox 217 3232 572 3303; x_wconf 73' lang='grc' dir='ltr'>ὲρριζωμένῳ</span> <span class='ocrx_word' id='word_1_382' title='bbox 619 3232 1066 3305; x_wconf 72' lang='grc' dir='ltr'>παραϐέϐληται·</span> <span class='ocrx_word' id='word_1_383' title='bbox 1118 3233 1198 3287; x_wconf 79' lang='grc' dir='ltr'><strong>διὸ</strong></span> <span class='ocrx_word' id='word_1_384' title='bbox 1253 3235 1346 3288; x_wconf 78' lang='grc' dir='ltr'>καὶ</span> <span class='ocrx_word' id='word_1_385' title='bbox 1400 3235 1665 3306; x_wconf 83' lang='grc' dir='ltr'>μακάριος</span> <span class='ocrx_word' id='word_1_386' title='bbox 1713 3236 1790 3300; x_wconf 86' lang='grc' dir='ltr'>ὼς</span> 
     </span>
    </p>
   </div>
   <div class='ocr_carea' id='block_1_49' title="bbox 1889 2225 3455 2304">
    <p class='ocr_par' dir='ltr' id='par_1_49' title="bbox 1889 2225 3455 2304">
     <span class='ocr_line' id='line_1_49' title="bbox 1889 2225 3455 2304; baseline -0.007 -18"><span class='ocrx_word' id='word_1_387' title='bbox 1889 2250 2006 2304; x_wconf 75' lang='lat' dir='ltr'><strong>qua:</strong></span> <span class='ocrx_word' id='word_1_388' title='bbox 2033 2231 2198 2302; x_wconf 85' lang='lat' dir='ltr'><strong>legem</strong></span> <span class='ocrx_word' id='word_1_389' title='bbox 2250 2247 2351 2284; x_wconf 85' lang='lat' dir='ltr'><strong>non</strong></span> <span class='ocrx_word' id='word_1_390' title='bbox 2385 2229 2611 2295; x_wconf 89' lang='lat' dir='ltr'><strong>habent,</strong></span> <span class='ocrx_word' id='word_1_391' title='bbox 2653 2229 2911 2297; x_wconf 80' lang='lat' dir='ltr'><strong>scriptam</strong></span> <span class='ocrx_word' id='word_1_392' title='bbox 2936 2225 3208 2291; x_wconf 83' lang='lat' dir='ltr'><strong>videlicet,</strong></span> <span class='ocrx_word' id='word_1_393' title='bbox 3238 2233 3455 2278; x_wconf 84' lang='lat' dir='ltr'><strong>natura-</strong></span> 
     </span>
    </p>
   </div>
   <div class='ocr_carea' id='block_1_50' title="bbox 1836 2317 3456 2404">
    <p class='ocr_par' dir='ltr' id='par_1_50' title="bbox 1836 2317 3456 2404">
     <span class='ocr_line' id='line_1_50' title="bbox 1836 2317 3456 2404; baseline -0.006 -24"><span class='ocrx_word' id='word_1_394' title='bbox 1836 2390 1858 2404; x_wconf 63' lang='lat'><em>_</em></span> <span class='ocrx_word' id='word_1_395' title='bbox 1892 2327 2012 2380; x_wconf 81' lang='lat' dir='ltr'><strong>liter</strong></span> <span class='ocrx_word' id='word_1_396' title='bbox 2038 2342 2100 2379; x_wconf 90' lang='lat' dir='ltr'><strong>ea</strong></span> <span class='ocrx_word' id='word_1_397' title='bbox 2121 2341 2238 2394; x_wconf 73' lang='lat' dir='ltr'><strong>qua:</strong></span> <span class='ocrx_word' id='word_1_398' title='bbox 2267 2323 2393 2392; x_wconf 76' lang='lat' dir='ltr'><strong>legis</strong></span> <span class='ocrx_word' id='word_1_399' title='bbox 2427 2331 2551 2376; x_wconf 86' lang='lat' dir='ltr'><strong>sunt</strong></span> <span class='ocrx_word' id='word_1_400' title='bbox 2592 2321 2794 2390; x_wconf 83' lang='lat' dir='ltr'><strong>faciunt</strong></span> <span class='ocrx_word' id='word_1_401' title='bbox 2819 2361 2834 2386; x_wconf 92' lang='lat'><strong>,</strong></span> <span class='ocrx_word' id='word_1_402' title='bbox 2881 2317 3142 2386; x_wconf 81' lang='lat' dir='ltr'><strong>ejusmodi</strong></span> <span class='ocrx_word' id='word_1_403' title='bbox 3169 2317 3325 2386; x_wconf 86' lang='lat' dir='ltr'><strong>legem</strong></span> <span class='ocrx_word' id='word_1_404' title='bbox 3355 2333 3456 2370; x_wconf 89' lang='lat' dir='ltr'><strong>non</strong></span> 
     </span>
    </p>
   </div>
   <div class='ocr_carea' id='block_1_51' title="bbox 1888 2403 3457 2478">
    <p class='ocr_par' dir='ltr' id='par_1_51' title="bbox 1888 2403 3457 2478">
     <span class='ocr_line' id='line_1_51' title="bbox 1888 2403 3457 2478; baseline -0.008 -10"><span class='ocrx_word' id='word_1_405' title='bbox 1888 2415 2152 2477; x_wconf 78' lang='lat' dir='ltr'><strong>habentes,</strong></span> <span class='ocrx_word' id='word_1_406' title='bbox 2186 2413 2285 2478; x_wconf 74' lang='lat' dir='ltr'><strong>ipsi</strong></span> <span class='ocrx_word' id='word_1_407' title='bbox 2322 2409 2422 2465; x_wconf 88' lang='lat' dir='ltr'><strong>sibi</strong></span> <span class='ocrx_word' id='word_1_408' title='bbox 2454 2417 2574 2463; x_wconf 85' lang='lat' dir='ltr'><strong>sunt</strong></span> <span class='ocrx_word' id='word_1_409' title='bbox 2617 2411 2698 2462; x_wconf 78' lang='lat' dir='ltr'><strong>lea:</strong></span> <span class='ocrx_word' id='word_1_410' title='bbox 2735 2409 2796 2459; x_wconf 71' lang='grc' dir='ltr'><strong>ι’.</strong></span> <span class='ocrx_word' id='word_1_411' title='bbox 2839 2407 2944 2460; x_wconf 84' lang='grc' dir='ltr'>Αυι</span> <span class='ocrx_word' id='word_1_412' title='bbox 2986 2407 3074 2461; x_wconf 84' lang='lat' dir='ltr'><strong>lex</strong></span> <span class='ocrx_word' id='word_1_413' title='bbox 3105 2404 3320 2458; x_wconf 86' lang='lat' dir='ltr'><strong>Domini</strong></span> <span class='ocrx_word' id='word_1_414' title='bbox 3349 2403 3457 2457; x_wconf 79' lang='lat' dir='ltr'><strong>fuc-</strong></span> 
     </span>
    </p>
   </div>
   <div class='ocr_carea' id='block_1_52' title="bbox 1887 2492 3435 2576">
    <p class='ocr_par' dir='ltr' id='par_1_52' title="bbox 1887 2492 3435 2576">
     <span class='ocr_line' id='line_1_52' title="bbox 1887 2492 3435 2576; baseline -0.009 -14"><span class='ocrx_word' id='word_1_415' title='bbox 1887 2508 1959 2562; x_wconf 92' lang='lat' dir='ltr'><strong>rit</strong></span> <span class='ocrx_word' id='word_1_416' title='bbox 1983 2505 2354 2576; x_wconf 79' lang='lat' dir='ltr'><strong>evangelicum</strong></span> <span class='ocrx_word' id='word_1_417' title='bbox 2386 2501 2635 2563; x_wconf 85' lang='lat' dir='ltr'><strong>verbum,</strong></span> <span class='ocrx_word' id='word_1_418' title='bbox 2660 2500 2727 2554; x_wconf 87' lang='lat' dir='ltr'><strong>ab</strong></span> <span class='ocrx_word' id='word_1_419' title='bbox 2761 2499 2879 2568; x_wconf 91' lang='lat' dir='ltr'><strong>ipso</strong></span> <span class='ocrx_word' id='word_1_420' title='bbox 2912 2495 3144 2551; x_wconf 90' lang='lat' dir='ltr'><strong>Domino</strong></span> <span class='ocrx_word' id='word_1_421' title='bbox 3182 2503 3236 2550; x_wconf 90' lang='lat' dir='ltr'><strong>et</strong></span> <span class='ocrx_word' id='word_1_422' title='bbox 3275 2492 3435 2549; x_wconf 84' lang='lat' dir='ltr'><strong>Salva</strong></span> 
     </span>
    </p>
   </div>
   <div class='ocr_carea' id='block_1_53' title="bbox 1889 2593 3226 2668">
    <p class='ocr_par' dir='ltr' id='par_1_53' title="bbox 1889 2593 3226 2668">
     <span class='ocr_line' id='line_1_53' title="bbox 1889 2593 3226 2668; baseline -0.007 -11"><span class='ocrx_word' id='word_1_423' title='bbox 1889 2610 2006 2657; x_wconf 90' lang='lat' dir='ltr'><strong>tore</strong></span> <span class='ocrx_word' id='word_1_424' title='bbox 2031 2609 2217 2654; x_wconf 75' lang='lat' dir='ltr'><strong>nostro</strong></span> <span class='ocrx_word' id='word_1_425' title='bbox 2245 2599 2498 2653; x_wconf 71' lang='lat' dir='ltr'><strong>omrﬁbus</strong></span> <span class='ocrx_word' id='word_1_426' title='bbox 2526 2595 2774 2668; x_wconf 72' lang='lat' dir='ltr'><strong>gemibus</strong></span> <span class='ocrx_word' id='word_1_427' title='bbox 2809 2593 3226 2666; x_wconf 54' lang='lat' dir='ltr'><strong>annuntiatum.</strong></span> 
     </span>
    </p>
   </div>
   <div class='ocr_carea' id='block_1_54' title="bbox 1957 2683 3438 2758">
    <p class='ocr_par' dir='ltr' id='par_1_54' title="bbox 1957 2683 3438 2758">
     <span class='ocr_line' id='line_1_54' title="bbox 1957 2683 3438 2758; baseline -0.007 -12"><span class='ocrx_word' id='word_1_428' title='bbox 1957 2692 2125 2748; x_wconf 70' lang='lat' dir='ltr'><strong>Vens.</strong></span> <span class='ocrx_word' id='word_1_429' title='bbox 2181 2691 2234 2746; x_wconf 78' lang='lat'><strong>5.</strong></span> <span class='ocrx_word' id='word_1_430' title='bbox 2281 2689 2348 2745; x_wconf 79' lang='lat' dir='ltr'><strong>Et</strong></span> <span class='ocrx_word' id='word_1_431' title='bbox 2398 2690 2496 2744; x_wconf 83' lang='lat' dir='ltr'><strong>erit</strong></span> <span class='ocrx_word' id='word_1_432' title='bbox 2536 2697 2786 2758; x_wconf 79' lang='lat' dir='ltr'><strong>tanquam</strong></span> <span class='ocrx_word' id='word_1_433' title='bbox 2828 2687 3027 2756; x_wconf 80' lang='lat' dir='ltr'><strong>lignum</strong></span> <span class='ocrx_word' id='word_1_434' title='bbox 3072 2683 3210 2755; x_wconf 85' lang='lat' dir='ltr'><strong>quod</strong></span> <span class='ocrx_word' id='word_1_435' title='bbox 3256 2683 3438 2752; x_wconf 87' lang='lat' dir='ltr'><strong>planta</strong></span> 
     </span>
    </p>
   </div>
   <div class='ocr_carea' id='block_1_55' title="bbox 1891 2776 3458 2847">
    <p class='ocr_par' dir='ltr' id='par_1_55' title="bbox 1891 2776 3458 2847">
     <span class='ocr_line' id='line_1_55' title="bbox 1891 2776 3458 2847; baseline -0.006 -11"><span class='ocrx_word' id='word_1_436' title='bbox 1891 2794 1998 2838; x_wconf 90' lang='lat' dir='ltr'><strong>tum</strong></span> <span class='ocrx_word' id='word_1_437' title='bbox 2019 2792 2094 2837; x_wconf 91' lang='lat' dir='ltr'><strong>est</strong></span> <span class='ocrx_word' id='word_1_438' title='bbox 2118 2799 2265 2838; x_wconf 77' lang='lat' dir='ltr'><strong>secus</strong></span> <span class='ocrx_word' id='word_1_439' title='bbox 2295 2781 2544 2835; x_wconf 78' lang='lat' dir='ltr'><strong>decursus</strong></span> <span class='ocrx_word' id='word_1_440' title='bbox 2571 2794 2851 2842; x_wconf 74' lang='lat' dir='ltr'><strong>aquarum,</strong></span> <span class='ocrx_word' id='word_1_441' title='bbox 2879 2776 3017 2847; x_wconf 85' lang='lat' dir='ltr'><strong>quod</strong></span> <span class='ocrx_word' id='word_1_442' title='bbox 3048 2776 3279 2844; x_wconf 76' lang='lat' dir='ltr'><strong>fructum</strong></span> <span class='ocrx_word' id='word_1_443' title='bbox 3307 2792 3458 2828; x_wconf 87' lang='lat' dir='ltr'><strong>suum</strong></span> 
     </span>
    </p>
   </div>
   <div class='ocr_carea' id='block_1_56' title="bbox 1889 2863 3456 2939">
    <p class='ocr_par' dir='ltr' id='par_1_56' title="bbox 1889 2863 3456 2939">
     <span class='ocr_line' id='line_1_56' title="bbox 1889 2863 3456 2939; baseline -0.008 -12"><span class='ocrx_word' id='word_1_444' title='bbox 1889 2874 2038 2927; x_wconf 72' lang='lat' dir='ltr'><strong>dabit</strong></span> <span class='ocrx_word' id='word_1_445' title='bbox 2089 2876 2144 2927; x_wconf 81' lang='lat' dir='ltr'><strong>in</strong></span> <span class='ocrx_word' id='word_1_446' title='bbox 2178 2882 2402 2939; x_wconf 79' lang='lat' dir='ltr'><strong>tempore</strong></span> <span class='ocrx_word' id='word_1_447' title='bbox 2430 2885 2546 2924; x_wconf 89' lang='lat' dir='ltr'><strong>suo.</strong></span> <span class='ocrx_word' id='word_1_448' title='bbox 2579 2863 2687 2934; x_wconf 78' lang='lat' dir='ltr'><strong>Qui</strong></span> <span class='ocrx_word' id='word_1_449' title='bbox 2739 2881 2835 2936; x_wconf 91' lang='lat' dir='ltr'><strong>per</strong></span> <span class='ocrx_word' id='word_1_450' title='bbox 2877 2874 3048 2919; x_wconf 84' lang='lat' dir='ltr'><strong>totam</strong></span> <span class='ocrx_word' id='word_1_451' title='bbox 3094 2866 3262 2918; x_wconf 89' lang='lat' dir='ltr'><strong>vitam</strong></span> <span class='ocrx_word' id='word_1_452' title='bbox 3303 2880 3456 2920; x_wconf 88' lang='lat' dir='ltr'><strong>suam</strong></span> 
     </span>
    </p>
   </div>
   <div class='ocr_carea' id='block_1_57' title="bbox 1890 2954 3455 3034">
    <p class='ocr_par' dir='ltr' id='par_1_57' title="bbox 1890 2954 3455 3034">
     <span class='ocr_line' id='line_1_57' title="bbox 1890 2954 3455 3034; baseline -0.009 -13"><span class='ocrx_word' id='word_1_453' title='bbox 1890 2966 2145 3034; x_wconf 89' lang='lat' dir='ltr'><strong>omnique</strong></span> <span class='ocrx_word' id='word_1_454' title='bbox 2178 2971 2421 3032; x_wconf 89' lang='lat' dir='ltr'><strong>tempore</strong></span> <span class='ocrx_word' id='word_1_455' title='bbox 2465 2966 2624 3014; x_wconf 75' lang='lat' dir='ltr'><strong>nocte</strong></span> <span class='ocrx_word' id='word_1_456' title='bbox 2669 2972 2732 3012; x_wconf 86' lang='lat' dir='ltr'><strong>ac</strong></span> <span class='ocrx_word' id='word_1_457' title='bbox 2767 2954 2856 3011; x_wconf 90' lang='lat' dir='ltr'><strong>die</strong></span> <span class='ocrx_word' id='word_1_458' title='bbox 2903 2955 3101 3010; x_wconf 70' lang='lat' dir='ltr'><strong>divinae</strong></span> <span class='ocrx_word' id='word_1_459' title='bbox 3129 2955 3234 3025; x_wconf 75' lang='lat' dir='ltr'><strong>legi</strong></span> <span class='ocrx_word' id='word_1_460' title='bbox 3262 2964 3455 3016; x_wconf 81' lang='lat' dir='ltr'><strong>vacat,</strong></span> 
     </span>
    </p>
   </div>
   <div class='ocr_carea' id='block_1_58' title="bbox 1888 3047 3452 3119">
    <p class='ocr_par' dir='ltr' id='par_1_58' title="bbox 1888 3047 3452 3119">
     <span class='ocr_line' id='line_1_58' title="bbox 1888 3047 3452 3119; baseline -0.009 -7"><span class='ocrx_word' id='word_1_461' title='bbox 1888 3066 1943 3112; x_wconf 89' lang='lat' dir='ltr'><strong>et</strong></span> <span class='ocrx_word' id='word_1_462' title='bbox 1971 3057 2119 3111; x_wconf 84' lang='lat' dir='ltr'><strong>rivis.</strong></span> <span class='ocrx_word' id='word_1_463' title='bbox 2157 3069 2223 3109; x_wconf 90' lang='lat' dir='ltr'><strong>ex</strong></span> <span class='ocrx_word' id='word_1_464' title='bbox 2261 3067 2324 3108; x_wconf 93' lang='lat' dir='ltr'><strong>eo</strong></span> <span class='ocrx_word' id='word_1_465' title='bbox 2359 3050 2688 3115; x_wconf 83' lang='lat' dir='ltr'><strong>ﬂuentibus,</strong></span> <span class='ocrx_word' id='word_1_466' title='bbox 2742 3047 3116 3119; x_wconf 78' lang='lat' dir='ltr'><strong>spiritualibus</strong></span> <span class='ocrx_word' id='word_1_467' title='bbox 3162 3047 3452 3116; x_wconf 81' lang='lat' dir='ltr'><strong>irrigatur,</strong></span> 
     </span>
    </p>
   </div>
   <div class='ocr_carea' id='block_1_59' title="bbox 1890 3139 3457 3218">
    <p class='ocr_par' dir='ltr' id='par_1_59' title="bbox 1890 3139 3457 3218">
     <span class='ocr_line' id='line_1_59' title="bbox 1890 3139 3457 3218; baseline -0.006 -17"><span class='ocrx_word' id='word_1_468' title='bbox 1890 3145 2179 3201; x_wconf 86' lang='lat' dir='ltr'><strong>admodum</strong></span> <span class='ocrx_word' id='word_1_469' title='bbox 2215 3145 2464 3218; x_wconf 88' lang='lat' dir='ltr'><strong>apposite</strong></span> <span class='ocrx_word' id='word_1_470' title='bbox 2506 3144 2693 3214; x_wconf 77' lang='lat' dir='ltr'><strong>ligno,</strong></span> <span class='ocrx_word' id='word_1_471' title='bbox 2741 3142 2900 3209; x_wconf 82' lang='lat' dir='ltr'><strong>cujus</strong></span> <span class='ocrx_word' id='word_1_472' title='bbox 2950 3139 3162 3195; x_wconf 88' lang='lat' dir='ltr'><strong>radices</strong></span> <span class='ocrx_word' id='word_1_473' title='bbox 3214 3139 3457 3209; x_wconf 81' lang='lat' dir='ltr'><strong>proxime</strong></span> 
     </span>
    </p>
   </div>
   <div class='ocr_carea' id='block_1_60' title="bbox 1892 3232 3453 3312">
    <p class='ocr_par' dir='ltr' id='par_1_60' title="bbox 1892 3232 3453 3312">
     <span class='ocr_line' id='line_1_60' title="bbox 1892 3232 3453 3312; baseline -0.007 -20"><span class='ocrx_word' id='word_1_474' title='bbox 1892 3253 2060 3312; x_wconf 83' lang='lat' dir='ltr'><strong>aquas</strong></span> <span class='ocrx_word' id='word_1_475' title='bbox 2095 3238 2282 3306; x_wconf 74' lang='lat' dir='ltr'><strong>posita:</strong></span> <span class='ocrx_word' id='word_1_476' title='bbox 2317 3243 2466 3303; x_wconf 84' lang='lat' dir='ltr'><strong>sunt,</strong></span> <span class='ocrx_word' id='word_1_477' title='bbox 2496 3243 2862 3306; x_wconf 85' lang='lat' dir='ltr'><strong>comparatur.</strong></span> <span class='ocrx_word' id='word_1_478' title='bbox 2897 3232 3236 3303; x_wconf 85' lang='lat' dir='ltr'><strong>Quapropter</strong></span> <span class='ocrx_word' id='word_1_479' title='bbox 3268 3246 3453 3286; x_wconf 79' lang='lat' dir='ltr'><strong>revera</strong></span> 
     </span>
    </p>
   </div>
   <div class='ocr_carea' id='block_1_61' title="bbox 216 3320 1819 3398">
    <p class='ocr_par' dir='ltr' id='par_1_61' title="bbox 216 3320 1789 3398">
     <span class='ocr_line' id='line_1_61' title="bbox 216 3320 1789 3398; baseline 0.003 -22"><span class='ocrx_word' id='word_1_480' title='bbox 216 3324 432 3394; x_wconf 87' lang='grc' dir='ltr'>ἀληθῶς</span> <span class='ocrx_word' id='word_1_481' title='bbox 476 3320 651 3392; x_wconf 74' lang='grc' dir='ltr'>οὗτος,</span> <span class='ocrx_word' id='word_1_482' title='bbox 685 3326 778 3379; x_wconf 72' lang='grc' dir='ltr'>ἅτε</span> <span class='ocrx_word' id='word_1_483' title='bbox 825 3326 1056 3397; x_wconf 79' lang='grc' dir='ltr'>μάλιστα</span> <span class='ocrx_word' id='word_1_484' title='bbox 1090 3327 1436 3398; x_wconf 83' lang='grc' dir='ltr'>ποτιζόμενος</span> <span class='ocrx_word' id='word_1_485' title='bbox 1473 3331 1586 3391; x_wconf 88' lang='grc' dir='ltr'>τοῖς</span> <span class='ocrx_word' id='word_1_486' title='bbox 1627 3327 1789 3392; x_wconf 85' lang='grc' dir='ltr'>θείοις</span> 
     </span>
    </p>
   </div>
   <div class='ocr_carea' id='block_1_62' title="bbox 1863 3320 3458 3398">
    <p class='ocr_par' dir='ltr' id='par_1_62' title="bbox 1894 3323 3458 3398">
     <span class='ocr_line' id='line_1_62' title="bbox 1894 3323 3458 3398; baseline -0.007 -12"><span class='ocrx_word' id='word_1_487' title='bbox 1894 3332 2082 3386; x_wconf 83' lang='lat' dir='ltr'><strong>beatus</strong></span> <span class='ocrx_word' id='word_1_488' title='bbox 2109 3329 2199 3384; x_wconf 90' lang='lat' dir='ltr'><strong>ille</strong></span> <span class='ocrx_word' id='word_1_489' title='bbox 2227 3371 2241 3396; x_wconf 93' lang='lat'><strong>,</strong></span> <span class='ocrx_word' id='word_1_490' title='bbox 2273 3336 2470 3398; x_wconf 88' lang='lat' dir='ltr'><strong>utpote&#39;</strong></span> <span class='ocrx_word' id='word_1_491' title='bbox 2499 3326 2596 3398; x_wconf 88' lang='lat' dir='ltr'><strong>qui</strong></span> <span class='ocrx_word' id='word_1_492' title='bbox 2642 3325 2842 3380; x_wconf 90' lang='lat' dir='ltr'><strong>divinis</strong></span> <span class='ocrx_word' id='word_1_493' title='bbox 2887 3332 3047 3394; x_wconf 91' lang='lat' dir='ltr'><strong>potus</strong></span> <span class='ocrx_word' id='word_1_494' title='bbox 3091 3323 3458 3393; x_wconf 82' lang='lat' dir='ltr'><strong>irrigatusque</strong></span> 
     </span>
    </p>
   </div>
   <div class='ocr_carea' id='block_1_63' title="bbox 220 3415 1819 3501">
    <p class='ocr_par' dir='ltr' id='par_1_63' title="bbox 220 3415 1819 3490">
     <span class='ocr_line' id='line_1_63' title="bbox 220 3415 1819 3490; baseline 0.002 -21"><span class='ocrx_word' id='word_1_495' title='bbox 220 3415 559 3486; x_wconf 83' lang='grc' dir='ltr'>μαθήμασιν,</span> <span class='ocrx_word' id='word_1_496' title='bbox 596 3417 802 3488; x_wconf 84' lang='grc' dir='ltr'>ῶριμον</span> <span class='ocrx_word' id='word_1_497' title='bbox 841 3419 1032 3472; x_wconf 80' lang='grc' dir='ltr'>ἑαυτοῦ</span> <span class='ocrx_word' id='word_1_498' title='bbox 1069 3420 1159 3473; x_wconf 85' lang='grc' dir='ltr'><strong>τὸν</strong></span> <span class='ocrx_word' id='word_1_499' title='bbox 1198 3420 1408 3490; x_wconf 84' lang='grc' dir='ltr'>καρπὸν</span> <span class='ocrx_word' id='word_1_500' title='bbox 1449 3420 1784 3474; x_wconf 87' lang='grc' dir='ltr'>ἀποδίδωσιν.</span> <span class='ocrx_word' id='word_1_501' title='bbox 1815 3461 1819 3489; x_wconf 46' lang='grc'><strong><em>4</em></strong></span> 
     </span>
    </p>
   </div>
   <div class='ocr_carea' id='block_1_64' title="bbox 1863 3415 3457 3501">
    <p class='ocr_par' dir='ltr' id='par_1_64' title="bbox 1892 3415 3457 3492">
     <span class='ocr_line' id='line_1_64' title="bbox 1892 3415 3457 3492; baseline -0.005 -17"><span class='ocrx_word' id='word_1_502' title='bbox 1892 3421 2213 3492; x_wconf 89' lang='lat' dir='ltr'><strong>disciplinis,</strong></span> <span class='ocrx_word' id='word_1_503' title='bbox 2241 3435 2400 3476; x_wconf 90' lang='lat' dir='ltr'><strong>suum</strong></span> <span class='ocrx_word' id='word_1_504' title='bbox 2431 3427 2737 3488; x_wconf 89' lang='lat' dir='ltr'><strong>opportuno</strong></span> <span class='ocrx_word' id='word_1_505' title='bbox 2777 3423 3018 3486; x_wconf 88' lang='lat' dir='ltr'><strong>tempore</strong></span> <span class='ocrx_word' id='word_1_506' title='bbox 3053 3415 3290 3470; x_wconf 82' lang='lat' dir='ltr'><strong>fructum</strong></span> <span class='ocrx_word' id='word_1_507' title='bbox 3319 3430 3457 3484; x_wconf 71' lang='lat' dir='ltr'><strong>pra:-</strong></span> 
     </span>
    </p>
   </div>
   <div class='ocr_carea' id='block_1_65' title="bbox 216 3505 1819 3581">
    <p class='ocr_par' dir='ltr' id='par_1_65' title="bbox 216 3505 1790 3581">
     <span class='ocr_line' id='line_1_65' title="bbox 216 3505 1790 3581; baseline 0.003 -20"><span class='ocrx_word' id='word_1_508' title='bbox 216 3505 329 3561; x_wconf 66' lang='lat' dir='ltr'><strong>El‘r’</strong></span> <span class='ocrx_word' id='word_1_509' title='bbox 363 3509 550 3566; x_wconf 73' lang='grc' dir='ltr'>ἐπειδὴ</span> <span class='ocrx_word' id='word_1_510' title='bbox 593 3509 746 3575; x_wconf 82' lang='grc' dir='ltr'>ξύλον</span> <span class='ocrx_word' id='word_1_511' title='bbox 779 3511 897 3563; x_wconf 78' lang='grc' dir='ltr'>ἐστὶ</span> <span class='ocrx_word' id='word_1_512' title='bbox 936 3509 1080 3581; x_wconf 84' lang='grc' dir='ltr'>ζωῆς</span> <span class='ocrx_word' id='word_1_513' title='bbox 1115 3513 1143 3563; x_wconf 91' lang='lat'><strong>6</strong></span> <span class='ocrx_word' id='word_1_514' title='bbox 1188 3511 1282 3563; x_wconf 81' lang='grc' dir='ltr'>τοῦ</span> <span class='ocrx_word' id='word_1_515' title='bbox 1328 3511 1462 3564; x_wconf 80' lang='grc' dir='ltr'>Θεοῦ</span> <span class='ocrx_word' id='word_1_516' title='bbox 1509 3513 1634 3575; x_wconf 71' lang='grc' dir='ltr'>Υἱὸς</span> <span class='ocrx_word' id='word_1_517' title='bbox 1652 3513 1790 3566; x_wconf 88' lang='grc' dir='ltr'><strong>κατά</strong></span> 
     </span>
    </p>
   </div>
   <div class='ocr_carea' id='block_1_66' title="bbox 1863 3505 3460 3581">
    <p class='ocr_par' dir='ltr' id='par_1_66' title="bbox 1890 3506 3460 3581">
     <span class='ocr_line' id='line_1_66' title="bbox 1890 3506 3460 3581; baseline -0.006 -12"><span class='ocrx_word' id='word_1_518' title='bbox 1890 3513 2036 3569; x_wconf 86' lang='lat' dir='ltr'><strong>beat.</strong></span> <span class='ocrx_word' id='word_1_519' title='bbox 2091 3513 2357 3581; x_wconf 90' lang='lat' dir='ltr'><strong>Deinceps</strong></span> <span class='ocrx_word' id='word_1_520' title='bbox 2412 3512 2539 3581; x_wconf 90' lang='lat' dir='ltr'><strong>quia</strong></span> <span class='ocrx_word' id='word_1_521' title='bbox 2596 3509 2689 3563; x_wconf 91' lang='lat' dir='ltr'><strong>Dei</strong></span> <span class='ocrx_word' id='word_1_522' title='bbox 2741 3506 2912 3562; x_wconf 87' lang='lat' dir='ltr'><strong>Filius</strong></span> <span class='ocrx_word' id='word_1_523' title='bbox 2949 3509 3150 3578; x_wconf 77' lang='lat' dir='ltr'><strong>lignum</strong></span> <span class='ocrx_word' id='word_1_524' title='bbox 3204 3506 3329 3560; x_wconf 70' lang='lat' dir='ltr'><strong>vita:</strong></span> <span class='ocrx_word' id='word_1_525' title='bbox 3376 3515 3460 3560; x_wconf 88' lang='lat' dir='ltr'><strong>est</strong></span> 
     </span>
    </p>
   </div>
   <div class='ocr_carea' id='block_1_67' title="bbox 215 3600 1790 3674">
    <p class='ocr_par' dir='ltr' id='par_1_67' title="bbox 215 3600 1790 3674">
     <span class='ocr_line' id='line_1_67' title="bbox 215 3600 1790 3674; baseline 0.003 -21"><span class='ocrx_word' id='word_1_526' title='bbox 215 3600 305 3654; x_wconf 75' lang='grc' dir='ltr'><strong>τὸν</strong></span> <span class='ocrx_word' id='word_1_527' title='bbox 355 3601 672 3673; x_wconf 87' lang='grc' dir='ltr'>Σολομῶντα</span> <span class='ocrx_word' id='word_1_528' title='bbox 722 3604 966 3673; x_wconf 83' lang='grc' dir='ltr'>φήσαντα</span> <span class='ocrx_word' id='word_1_529' title='bbox 1017 3602 1275 3674; x_wconf 78' lang='grc' dir='ltr'>περὶτῆς</span> <span class='ocrx_word' id='word_1_530' title='bbox 1320 3605 1548 3672; x_wconf 77' lang='grc' dir='ltr'>Σοφίας·</span> <span class='ocrx_word' id='word_1_531' title='bbox 1591 3605 1790 3658; x_wconf 79' lang='grc' dir='ltr'>Ξύλον</span> 
     </span>
    </p>
   </div>
   <div class='ocr_carea' id='block_1_68' title="bbox 216 3691 1788 3763">
    <p class='ocr_par' dir='ltr' id='par_1_68' title="bbox 216 3691 1788 3763">
     <span class='ocr_line' id='line_1_68' title="bbox 216 3691 1788 3763; baseline 0.001 -17"><span class='ocrx_word' id='word_1_532' title='bbox 216 3692 350 3746; x_wconf 75' lang='grc' dir='ltr'><strong>ἐστὶ</strong></span> <span class='ocrx_word' id='word_1_533' title='bbox 393 3692 542 3760; x_wconf 83' lang='grc' dir='ltr'>ζωῆς</span> <span class='ocrx_word' id='word_1_534' title='bbox 579 3691 729 3748; x_wconf 80' lang='grc' dir='ltr'>πᾶσι</span> <span class='ocrx_word' id='word_1_535' title='bbox 752 3693 876 3758; x_wconf 85' lang='grc' dir='ltr'>τοῖς</span> <span class='ocrx_word' id='word_1_536' title='bbox 902 3692 1317 3763; x_wconf 75' lang='grc' dir='ltr'>ἀντεχομένοις</span> <span class='ocrx_word' id='word_1_537' title='bbox 1341 3693 1530 3762; x_wconf 81' lang='grc' dir='ltr'>αὐτῆς</span> <span class='ocrx_word' id='word_1_538' title='bbox 1553 3695 1645 3748; x_wconf 76' lang='grc' dir='ltr'><strong>καὶ</strong></span> <span class='ocrx_word' id='word_1_539' title='bbox 1677 3698 1788 3758; x_wconf 87' lang='grc' dir='ltr'>τοῖς</span> 
     </span>
    </p>
   </div>
   <div class='ocr_carea' id='block_1_69' title="bbox 218 3783 1782 3858">
    <p class='ocr_par' dir='ltr' id='par_1_69' title="bbox 218 3783 1782 3858">
     <span class='ocr_line' id='line_1_69' title="bbox 218 3783 1782 3858; baseline 0.003 -22"><span class='ocrx_word' id='word_1_540' title='bbox 218 3783 653 3857; x_wconf 83' lang='grc' dir='ltr'>ὲπερειδομένοις</span> <span class='ocrx_word' id='word_1_541' title='bbox 673 3786 757 3838; x_wconf 73' lang='grc' dir='ltr'><strong>ἐπ’</strong></span> <span class='ocrx_word' id='word_1_542' title='bbox 782 3785 949 3857; x_wconf 83' lang='grc' dir='ltr'>αὐτὴν</span> <span class='ocrx_word' id='word_1_543' title='bbox 970 3785 1044 3849; x_wconf 83' lang='grc' dir='ltr'>ὡς</span> <span class='ocrx_word' id='word_1_544' title='bbox 1063 3784 1365 3858; x_wconf 78' lang='grc' dir='ltr'>ὲπὶΚύριον</span> <span class='ocrx_word' id='word_1_545' title='bbox 1390 3785 1599 3858; x_wconf 81' lang='grc' dir='ltr'>ἀσφαλῆ</span> <span class='ocrx_word' id='word_1_546' title='bbox 1624 3787 1747 3856; x_wconf 89' lang='lat' dir='ltr'><strong>(sic)</strong></span> <span class='ocrx_word' id='word_1_547' title='bbox 1769 3805 1782 3818; x_wconf 90' lang='grc'><strong>·</strong></span> 
     </span>
    </p>
   </div>
   <div class='ocr_carea' id='block_1_70' title="bbox 219 3876 1788 3951">
    <p class='ocr_par' dir='ltr' id='par_1_70' title="bbox 219 3876 1788 3951">
     <span class='ocr_line' id='line_1_70' title="bbox 219 3876 1788 3951; baseline 0.001 -22"><span class='ocrx_word' id='word_1_548' title='bbox 219 3878 440 3941; x_wconf 73' lang='grc' dir='ltr'>εἰκότως</span> <span class='ocrx_word' id='word_1_549' title='bbox 471 3880 498 3931; x_wconf 89' lang='lat'><strong>6</strong></span> <span class='ocrx_word' id='word_1_550' title='bbox 533 3879 964 3951; x_wconf 80' lang='grc' dir='ltr'>μακαριζόμενος</span> <span class='ocrx_word' id='word_1_551' title='bbox 992 3878 1068 3950; x_wconf 78' lang='grc' dir='ltr'>τῷ</span> <span class='ocrx_word' id='word_1_552' title='bbox 1092 3876 1185 3931; x_wconf 80' lang='grc' dir='ltr'>τοῦ</span> <span class='ocrx_word' id='word_1_553' title='bbox 1213 3877 1345 3931; x_wconf 87' lang='grc' dir='ltr'><strong>Θεοῦ</strong></span> <span class='ocrx_word' id='word_1_554' title='bbox 1373 3877 1487 3949; x_wconf 59' lang='lat' dir='ltr'><strong>rte.</strong></span> <span class='ocrx_word' id='word_1_555' title='bbox 1508 3879 1788 3948; x_wconf 84' lang='grc' dir='ltr'>ἀφωμοίω-</span> 
     </span>
    </p>
   </div>
   <div class='ocr_carea' id='block_1_71' title="bbox 218 3968 1787 4044">
    <p class='ocr_par' dir='ltr' id='par_1_71' title="bbox 218 3968 1787 4044">
     <span class='ocr_line' id='line_1_71' title="bbox 218 3968 1787 4044; baseline 0.001 -23"><span class='ocrx_word' id='word_1_556' title='bbox 218 3987 306 4023; x_wconf 88' lang='grc' dir='ltr'><strong>ται</strong></span> <span class='ocrx_word' id='word_1_557' title='bbox 344 3969 422 4040; x_wconf 87' lang='grc' dir='ltr'>τῷ</span> <span class='ocrx_word' id='word_1_558' title='bbox 452 3968 603 4040; x_wconf 82' lang='grc' dir='ltr'>παρὰ</span> <span class='ocrx_word' id='word_1_559' title='bbox 635 3969 733 4034; x_wconf 78' lang='grc' dir='ltr'><strong>τὰς</strong></span> <span class='ocrx_word' id='word_1_560' title='bbox 765 3969 1026 4035; x_wconf 83' lang='grc' dir='ltr'>διεξόδους</span> <span class='ocrx_word' id='word_1_561' title='bbox 1061 3970 1172 4023; x_wconf 75' lang='grc' dir='ltr'>ὄντι</span> <span class='ocrx_word' id='word_1_562' title='bbox 1218 3971 1323 4023; x_wconf 88' lang='grc' dir='ltr'><strong>τῶν</strong></span> <span class='ocrx_word' id='word_1_563' title='bbox 1352 3970 1554 4024; x_wconf 85' lang='grc' dir='ltr'>ὑδάτων</span> <span class='ocrx_word' id='word_1_564' title='bbox 1582 3987 1787 4044; x_wconf 81' lang='grc' dir='ltr'>μαρτυ-</span> 
     </span>
    </p>
   </div>
   <div class='ocr_carea' id='block_1_72' title="bbox 223 4060 1788 4138">
    <p class='ocr_par' dir='ltr' id='par_1_72' title="bbox 223 4060 1788 4138">
     <span class='ocr_line' id='line_1_72' title="bbox 223 4060 1788 4138; baseline 0.001 -26"><span class='ocrx_word' id='word_1_565' title='bbox 223 4060 480 4138; x_wconf 84' lang='grc' dir='ltr'>ρούμενος</span> <span class='ocrx_word' id='word_1_566' title='bbox 513 4063 604 4113; x_wconf 70' lang='grc' dir='ltr'><strong>καὶ</strong></span> <span class='ocrx_word' id='word_1_567' title='bbox 630 4063 1026 4134; x_wconf 83' lang='grc' dir='ltr'>κηρυττόμενος</span> <span class='ocrx_word' id='word_1_568' title='bbox 1060 4061 1165 4114; x_wconf 80' lang='grc' dir='ltr'>ὑπὸ</span> <span class='ocrx_word' id='word_1_569' title='bbox 1190 4061 1298 4115; x_wconf 91' lang='grc' dir='ltr'><strong>τῶν</strong></span> <span class='ocrx_word' id='word_1_570' title='bbox 1325 4063 1423 4132; x_wconf 77' lang='grc' dir='ltr'><strong>τῆς</strong></span> <span class='ocrx_word' id='word_1_571' title='bbox 1464 4061 1611 4124; x_wconf 86' lang='grc' dir='ltr'>θείας</span> <span class='ocrx_word' id='word_1_572' title='bbox 1650 4062 1788 4133; x_wconf 86' lang='grc' dir='ltr'>Γρα-</span> 
     </span>
    </p>
   </div>
   <div class='ocr_carea' id='block_1_73' title="bbox 220 4151 1786 4224">
    <p class='ocr_par' dir='ltr' id='par_1_73' title="bbox 220 4151 1786 4224">
     <span class='ocr_line' id='line_1_73' title="bbox 220 4151 1786 4224; baseline 0.001 -20"><span class='ocrx_word' id='word_1_573' title='bbox 220 4153 325 4224; x_wconf 82' lang='grc' dir='ltr'>φῆς</span> <span class='ocrx_word' id='word_1_574' title='bbox 350 4151 680 4206; x_wconf 78' lang='grc' dir='ltr'>διδασκάλων</span> <span class='ocrx_word' id='word_1_575' title='bbox 714 4153 808 4206; x_wconf 77' lang='grc' dir='ltr'><strong>καὶ</strong></span> <span class='ocrx_word' id='word_1_576' title='bbox 838 4154 1157 4224; x_wconf 79' lang='grc' dir='ltr'>προφητῶν·</span> <span class='ocrx_word' id='word_1_577' title='bbox 1194 4154 1388 4216; x_wconf 75' lang='grc' dir='ltr'>οἵτινες</span> <span class='ocrx_word' id='word_1_578' title='bbox 1432 4154 1525 4207; x_wconf 86' lang='grc' dir='ltr'>καὶ</span> <span class='ocrx_word' id='word_1_579' title='bbox 1567 4153 1786 4224; x_wconf 78' lang='grc' dir='ltr'>ἀφέσεις</span> 
     </span>
    </p>
   </div>
   <div class='ocr_carea' id='block_1_74' title="bbox 223 4239 1787 4316">
    <p class='ocr_par' dir='ltr' id='par_1_74' title="bbox 223 4239 1787 4316">
     <span class='ocr_line' id='line_1_74' title="bbox 223 4239 1787 4316; baseline 0.003 -24"><span class='ocrx_word' id='word_1_580' title='bbox 223 4239 427 4295; x_wconf 82' lang='grc' dir='ltr'>ὑδάτων</span> <span class='ocrx_word' id='word_1_581' title='bbox 449 4240 599 4311; x_wconf 87' lang='grc' dir='ltr'><strong>παρά</strong></span> <span class='ocrx_word' id='word_1_582' title='bbox 625 4243 690 4310; x_wconf 79' lang='grc' dir='ltr'><strong>τῇ</strong></span> <span class='ocrx_word' id='word_1_583' title='bbox 722 4239 1060 4311; x_wconf 85' lang='grc' dir='ltr'>θεοπνεύστῳ</span> <span class='ocrx_word' id='word_1_584' title='bbox 1086 4241 1334 4310; x_wconf 78' lang='grc' dir='ltr'>λέγονται</span> <span class='ocrx_word' id='word_1_585' title='bbox 1359 4243 1576 4314; x_wconf 79' lang='grc' dir='ltr'>Γραφῇ.</span> <span class='ocrx_word' id='word_1_586' title='bbox 1603 4243 1787 4316; x_wconf 83' lang='grc' dir='ltr'>Τούτῳ</span> 
     </span>
    </p>
   </div>
   <div class='ocr_carea' id='block_1_75' title="bbox 217 4318 1788 4406">
    <p class='ocr_par' dir='ltr' id='par_1_75' title="bbox 217 4318 1788 4406">
     <span class='ocr_line' id='line_1_75' title="bbox 217 4318 1788 4406; baseline 0.004 -22"><span class='ocrx_word' id='word_1_587' title='bbox 217 4327 312 4385; x_wconf 84' lang='grc' dir='ltr'>οὖν</span> <span class='ocrx_word' id='word_1_588' title='bbox 348 4318 698 4402; x_wconf 83' lang='grc' dir='ltr'>ἀφωμοίωται</span> <span class='ocrx_word' id='word_1_589' title='bbox 742 4333 772 4383; x_wconf 90' lang='lat'><strong>6</strong></span> <span class='ocrx_word' id='word_1_590' title='bbox 813 4333 1264 4403; x_wconf 81' lang='grc' dir='ltr'>μακαριζόμενος,</span> <span class='ocrx_word' id='word_1_591' title='bbox 1297 4335 1589 4406; x_wconf 83' lang='grc' dir='ltr'>ἀρδόμενος</span> <span class='ocrx_word' id='word_1_592' title='bbox 1622 4334 1788 4401; x_wconf 80' lang='grc' dir='ltr'>διεξό-</span> 
     </span>
    </p>
   </div>
   <div class='ocr_carea' id='block_1_76' title="bbox 219 4421 1787 4502">
    <p class='ocr_par' dir='ltr' id='par_1_76' title="bbox 219 4421 1787 4502">
     <span class='ocr_line' id='line_1_76' title="bbox 219 4421 1787 4502; baseline 0.004 -27"><span class='ocrx_word' id='word_1_593' title='bbox 219 4421 328 4486; x_wconf 88' lang='grc' dir='ltr'>δοις</span> <span class='ocrx_word' id='word_1_594' title='bbox 355 4422 464 4476; x_wconf 89' lang='grc' dir='ltr'><strong>τῶν</strong></span> <span class='ocrx_word' id='word_1_595' title='bbox 498 4422 607 4475; x_wconf 83' lang='grc' dir='ltr'><strong>ἀπὸ</strong></span> <span class='ocrx_word' id='word_1_596' title='bbox 635 4421 733 4491; x_wconf 82' lang='grc' dir='ltr'>τῆς</span> <span class='ocrx_word' id='word_1_597' title='bbox 762 4421 910 4485; x_wconf 88' lang='grc' dir='ltr'>Θείας</span> <span class='ocrx_word' id='word_1_598' title='bbox 939 4423 1161 4493; x_wconf 78' lang='grc' dir='ltr'>Γραφῆς</span> <span class='ocrx_word' id='word_1_599' title='bbox 1204 4426 1584 4496; x_wconf 88' lang='grc' dir='ltr'>πνευματικῶν</span> <span class='ocrx_word' id='word_1_600' title='bbox 1611 4427 1787 4502; x_wconf 76' lang='grc' dir='ltr'>ναμάο</span> 
     </span>
    </p>
   </div>
   <div class='ocr_carea' id='block_1_77' title="bbox 221 4510 1232 4595">
    <p class='ocr_par' dir='ltr' id='par_1_77' title="bbox 221 4510 1232 4595">
     <span class='ocr_line' id='line_1_77' title="bbox 221 4510 1232 4595; baseline 0.001 -30"><span class='ocrx_word' id='word_1_601' title='bbox 221 4530 346 4576; x_wconf 88' lang='grc' dir='ltr'>των,</span> <span class='ocrx_word' id='word_1_602' title='bbox 376 4513 586 4584; x_wconf 89' lang='grc' dir='ltr'>καρπόν</span> <span class='ocrx_word' id='word_1_603' title='bbox 612 4529 673 4565; x_wconf 86' lang='grc' dir='ltr'><strong>τε</strong></span> <span class='ocrx_word' id='word_1_604' title='bbox 698 4510 900 4580; x_wconf 84' lang='grc' dir='ltr'>ἀγαθὸν</span> <span class='ocrx_word' id='word_1_605' title='bbox 926 4513 1232 4595; x_wconf 85' lang='grc' dir='ltr'>προφέρων.</span> 
     </span>
    </p>
   </div>
   <div class='ocr_carea' id='block_1_78' title="bbox 289 4673 1788 4756">
    <p class='ocr_par' dir='ltr' id='par_1_78' title="bbox 289 4673 1788 4756">
     <span class='ocr_line' id='line_1_78' title="bbox 289 4673 1788 4756; baseline 0.003 -13"><span class='ocrx_word' id='word_1_606' title='bbox 289 4689 397 4744; x_wconf 75' lang='grc' dir='ltr'><strong>Καὶ</strong></span> <span class='ocrx_word' id='word_1_607' title='bbox 446 4673 511 4740; x_wconf 79' lang='grc' dir='ltr'><strong>τό</strong></span> <span class='ocrx_word' id='word_1_608' title='bbox 541 4687 780 4756; x_wconf 71' lang='grc' dir='ltr'>φύλλον</span> <span class='ocrx_word' id='word_1_609' title='bbox 813 4685 1000 4740; x_wconf 81' lang='grc' dir='ltr'>αὑτοῦ</span> <span class='ocrx_word' id='word_1_610' title='bbox 1024 4688 1134 4740; x_wconf 85' lang='grc' dir='ltr'>οὐκ</span> <span class='ocrx_word' id='word_1_611' title='bbox 1181 4688 1643 4756; x_wconf 78' lang='grc' dir='ltr'>ἁπορῤυήσεται,</span> <span class='ocrx_word' id='word_1_612' title='bbox 1687 4691 1788 4748; x_wconf 72' lang='grc' dir='ltr'>καὶ</span> 
     </span>
    </p>
   </div>
   <div class='ocr_carea' id='block_1_79' title="bbox 1884 3596 3453 3675">
    <p class='ocr_par' dir='ltr' id='par_1_79' title="bbox 1884 3596 3453 3675">
     <span class='ocr_line' id='line_1_79' title="bbox 1884 3596 3453 3675; baseline -0.006 -16"><span class='ocrx_word' id='word_1_613' title='bbox 1884 3605 2038 3675; x_wconf 89' lang='lat' dir='ltr'><strong>juxta</strong></span> <span class='ocrx_word' id='word_1_614' title='bbox 2089 3603 2435 3659; x_wconf 85' lang='lat' dir='ltr'><strong>Salomonem</strong></span> <span class='ocrx_word' id='word_1_615' title='bbox 2489 3601 2582 3672; x_wconf 90' lang='lat' dir='ltr'><strong>qui</strong></span> <span class='ocrx_word' id='word_1_616' title='bbox 2640 3601 2708 3655; x_wconf 90' lang='lat' dir='ltr'><strong>de</strong></span> <span class='ocrx_word' id='word_1_617' title='bbox 2759 3599 3035 3668; x_wconf 83' lang='lat' dir='ltr'><strong>Sapientia</strong></span> <span class='ocrx_word' id='word_1_618' title='bbox 3090 3597 3221 3651; x_wconf 84' lang='lat' dir='ltr'><strong>talia</strong></span> <span class='ocrx_word' id='word_1_619' title='bbox 3268 3596 3453 3650; x_wconf 81' lang='lat' dir='ltr'><strong>fatur:</strong></span> 
     </span>
    </p>
   </div>
   <div class='ocr_carea' id='block_1_80' title="bbox 1887 3688 3457 3766">
    <p class='ocr_par' dir='ltr' id='par_1_80' title="bbox 1887 3688 3457 3766">
     <span class='ocr_line' id='line_1_80' title="bbox 1887 3688 3457 3766; baseline -0.008 -17"><span class='ocrx_word' id='word_1_620' title='bbox 1887 3696 2111 3766; x_wconf 85' lang='lat' dir='ltr'><strong>Lignum</strong></span> <span class='ocrx_word' id='word_1_621' title='bbox 2150 3696 2268 3750; x_wconf 67' lang='lat' dir='ltr'><strong>vita</strong></span> <span class='ocrx_word' id='word_1_622' title='bbox 2299 3702 2376 3748; x_wconf 91' lang='lat' dir='ltr'><strong>est</strong></span> <span class='ocrx_word' id='word_1_623' title='bbox 2429 3693 2508 3746; x_wconf 87' lang='lat' dir='ltr'><strong>his</strong></span> <span class='ocrx_word' id='word_1_624' title='bbox 2560 3692 2650 3761; x_wconf 89' lang='lat' dir='ltr'><strong>qui</strong></span> <span class='ocrx_word' id='word_1_625' title='bbox 2694 3689 3122 3760; x_wconf 81' lang='lat' dir='ltr'><strong>apprehenderint</strong></span> <span class='ocrx_word' id='word_1_626' title='bbox 3153 3703 3269 3741; x_wconf 86' lang='lat' dir='ltr'><strong>eam</strong></span> <span class='ocrx_word' id='word_1_627' title='bbox 3295 3688 3351 3749; x_wconf 79' lang='grc'>⁸,</span> <span class='ocrx_word' id='word_1_628' title='bbox 3401 3695 3457 3738; x_wconf 86' lang='lat' dir='ltr'><strong>et</strong></span> 
     </span>
    </p>
   </div>
   <div class='ocr_carea' id='block_1_81' title="bbox 1887 3776 3455 3854">
    <p class='ocr_par' dir='ltr' id='par_1_81' title="bbox 1887 3776 3455 3854">
     <span class='ocr_line' id='line_1_81' title="bbox 1887 3776 3455 3854; baseline -0.006 -16"><span class='ocrx_word' id='word_1_629' title='bbox 1887 3784 1980 3854; x_wconf 92' lang='lat' dir='ltr'><strong>qui</strong></span> <span class='ocrx_word' id='word_1_630' title='bbox 2023 3798 2123 3848; x_wconf 77' lang='lat' dir='ltr'><strong>ea,</strong></span> <span class='ocrx_word' id='word_1_631' title='bbox 2193 3782 2307 3837; x_wconf 87' lang='lat' dir='ltr'><strong>sive</strong></span> <span class='ocrx_word' id='word_1_632' title='bbox 2357 3781 2476 3850; x_wconf 88' lang='lat' dir='ltr'><strong>ipso</strong></span> <span class='ocrx_word' id='word_1_633' title='bbox 2519 3778 2766 3846; x_wconf 88' lang='lat' dir='ltr'><strong>Domino,</strong></span> <span class='ocrx_word' id='word_1_634' title='bbox 2825 3777 2936 3832; x_wconf 86' lang='lat' dir='ltr'><strong>nixi</strong></span> <span class='ocrx_word' id='word_1_635' title='bbox 2990 3776 3222 3840; x_wconf 79' lang='lat' dir='ltr'><strong>fuerint,</strong></span> <span class='ocrx_word' id='word_1_636' title='bbox 3263 3789 3455 3829; x_wconf 90' lang='lat' dir='ltr'><strong>secure</strong></span> 
     </span>
    </p>
   </div>
   <div class='ocr_carea' id='block_1_82' title="bbox 1887 3866 3452 3943">
    <p class='ocr_par' dir='ltr' id='par_1_82' title="bbox 1887 3866 3452 3943">
     <span class='ocr_line' id='line_1_82' title="bbox 1887 3866 3452 3943; baseline -0.006 -17"><span class='ocrx_word' id='word_1_637' title='bbox 1887 3872 2122 3943; x_wconf 80' lang='lat' dir='ltr'><strong>degunt;</strong></span> <span class='ocrx_word' id='word_1_638' title='bbox 2176 3870 2301 3940; x_wconf 88' lang='lat' dir='ltr'><strong>jure</strong></span> <span class='ocrx_word' id='word_1_639' title='bbox 2366 3884 2432 3924; x_wconf 91' lang='lat' dir='ltr'><strong>ac</strong></span> <span class='ocrx_word' id='word_1_640' title='bbox 2487 3870 2683 3924; x_wconf 85' lang='lat' dir='ltr'><strong>merito</strong></span> <span class='ocrx_word' id='word_1_641' title='bbox 2727 3867 2822 3938; x_wconf 94' lang='lat' dir='ltr'><strong>qui</strong></span> <span class='ocrx_word' id='word_1_642' title='bbox 2866 3867 3057 3924; x_wconf 89' lang='lat' dir='ltr'><strong>beatus</strong></span> <span class='ocrx_word' id='word_1_643' title='bbox 3097 3866 3452 3936; x_wconf 74' lang='lat' dir='ltr'><strong>praedicatur,</strong></span> 
     </span>
    </p>
   </div>
   <div class='ocr_carea' id='block_1_83' title="bbox 1885 3959 3455 4029">
    <p class='ocr_par' dir='ltr' id='par_1_83' title="bbox 1885 3959 3455 4029">
     <span class='ocr_line' id='line_1_83' title="bbox 1885 3959 3455 4029; baseline -0.006 -11"><span class='ocrx_word' id='word_1_644' title='bbox 1885 3962 2023 4018; x_wconf 92' lang='lat' dir='ltr'><strong>Filio</strong></span> <span class='ocrx_word' id='word_1_645' title='bbox 2045 3962 2140 4018; x_wconf 90' lang='lat' dir='ltr'><strong>Dei</strong></span> <span class='ocrx_word' id='word_1_646' title='bbox 2176 3961 2369 4018; x_wconf 85' lang='lat' dir='ltr'><strong>similis</strong></span> <span class='ocrx_word' id='word_1_647' title='bbox 2404 3960 2637 4026; x_wconf 88' lang='lat' dir='ltr'><strong>dicitur,</strong></span> <span class='ocrx_word' id='word_1_648' title='bbox 2675 3959 2769 4029; x_wconf 91' lang='lat' dir='ltr'><strong>qui</strong></span> <span class='ocrx_word' id='word_1_649' title='bbox 2802 3973 2962 4016; x_wconf 88' lang='lat' dir='ltr'><strong>secus</strong></span> <span class='ocrx_word' id='word_1_650' title='bbox 2995 3959 3260 4013; x_wconf 87' lang='lat' dir='ltr'><strong>decursus</strong></span> <span class='ocrx_word' id='word_1_651' title='bbox 3289 3972 3455 4026; x_wconf 87' lang='lat' dir='ltr'><strong>aqua-</strong></span> 
     </span>
    </p>
   </div>
   <div class='ocr_carea' id='block_1_84' title="bbox 1886 4049 3457 4124">
    <p class='ocr_par' dir='ltr' id='par_1_84' title="bbox 1886 4049 3457 4124">
     <span class='ocr_line' id='line_1_84' title="bbox 1886 4049 3457 4124; baseline -0.007 -13"><span class='ocrx_word' id='word_1_652' title='bbox 1886 4073 2007 4112; x_wconf 90' lang='lat' dir='ltr'><strong>rum</strong></span> <span class='ocrx_word' id='word_1_653' title='bbox 2041 4057 2178 4112; x_wconf 89' lang='lat' dir='ltr'><strong>situs</strong></span> <span class='ocrx_word' id='word_1_654' title='bbox 2219 4062 2338 4119; x_wconf 88' lang='lat' dir='ltr'><strong>est,</strong></span> <span class='ocrx_word' id='word_1_655' title='bbox 2387 4054 2590 4124; x_wconf 89' lang='lat' dir='ltr'><strong>quique</strong></span> <span class='ocrx_word' id='word_1_656' title='bbox 2623 4049 2938 4106; x_wconf 85' lang='lat' dir='ltr'><strong>testimonio</strong></span> <span class='ocrx_word' id='word_1_657' title='bbox 2968 4065 3032 4104; x_wconf 91' lang='lat' dir='ltr'><strong>ac</strong></span> <span class='ocrx_word' id='word_1_658' title='bbox 3077 4049 3457 4119; x_wconf 67' lang='lat' dir='ltr'><strong>praedicatione</strong></span> 
     </span>
    </p>
   </div>
   <div class='ocr_carea' id='block_1_85' title="bbox 1886 4143 3458 4215">
    <p class='ocr_par' dir='ltr' id='par_1_85' title="bbox 1886 4143 3458 4215">
     <span class='ocr_line' id='line_1_85' title="bbox 1886 4143 3458 4215; baseline -0.008 -10"><span class='ocrx_word' id='word_1_659' title='bbox 1886 4149 2166 4205; x_wconf 88' lang='lat' dir='ltr'><strong>doctorum</strong></span> <span class='ocrx_word' id='word_1_660' title='bbox 2206 4147 2405 4203; x_wconf 67' lang='lat' dir='ltr'><strong>divinae</strong></span> <span class='ocrx_word' id='word_1_661' title='bbox 2445 4143 2768 4215; x_wconf 70' lang='lat' dir='ltr'><strong>Scriptum,</strong></span> <span class='ocrx_word' id='word_1_662' title='bbox 2824 4157 2888 4197; x_wconf 90' lang='lat' dir='ltr'><strong>ac</strong></span> <span class='ocrx_word' id='word_1_663' title='bbox 2943 4143 3324 4212; x_wconf 86' lang='lat' dir='ltr'><strong>pr0pbetarum</strong></span> <span class='ocrx_word' id='word_1_664' title='bbox 3359 4155 3458 4193; x_wconf 85' lang='lat' dir='ltr'><strong>an-</strong></span> 
     </span>
    </p>
   </div>
   <div class='ocr_carea' id='block_1_86' title="bbox 1886 4229 3456 4304">
    <p class='ocr_par' dir='ltr' id='par_1_86' title="bbox 1886 4229 3456 4304">
     <span class='ocr_line' id='line_1_86' title="bbox 1886 4229 3456 4304; baseline -0.009 -7"><span class='ocrx_word' id='word_1_665' title='bbox 1886 4243 2209 4297; x_wconf 84' lang='lat' dir='ltr'><strong>nuntiatur:</strong></span> <span class='ocrx_word' id='word_1_666' title='bbox 2243 4254 2368 4294; x_wconf 86' lang='lat' dir='ltr'><strong>nam</strong></span> <span class='ocrx_word' id='word_1_667' title='bbox 2425 4237 2462 4291; x_wconf 90' lang='lat' dir='ltr'><strong>ii</strong></span> <span class='ocrx_word' id='word_1_668' title='bbox 2512 4234 2835 4292; x_wconf 87' lang='lat' dir='ltr'><strong>emissiones</strong></span> <span class='ocrx_word' id='word_1_669' title='bbox 2897 4249 3160 4304; x_wconf 83' lang='lat' dir='ltr'><strong>aquarum</strong></span> <span class='ocrx_word' id='word_1_670' title='bbox 3211 4233 3264 4286; x_wconf 91' lang='lat' dir='ltr'><strong>in</strong></span> <span class='ocrx_word' id='word_1_671' title='bbox 3309 4229 3456 4284; x_wconf 83' lang='lat' dir='ltr'><strong>Scri-</strong></span> 
     </span>
    </p>
   </div>
   <div class='ocr_carea' id='block_1_87' title="bbox 1887 4324 3454 4405">
    <p class='ocr_par' dir='ltr' id='par_1_87' title="bbox 1887 4324 3454 4405">
     <span class='ocr_line' id='line_1_87' title="bbox 1887 4324 3454 4405; baseline -0.01 -19"><span class='ocrx_word' id='word_1_672' title='bbox 1887 4341 2047 4405; x_wconf 86' lang='lat' dir='ltr'><strong>ptura</strong></span> <span class='ocrx_word' id='word_1_673' title='bbox 2082 4329 2264 4384; x_wconf 88' lang='lat' dir='ltr'><strong>divina</strong></span> <span class='ocrx_word' id='word_1_674' title='bbox 2302 4328 2656 4405; x_wconf 84' lang='lat' dir='ltr'><strong>appellantur.</strong></span> <span class='ocrx_word' id='word_1_675' title='bbox 2699 4324 2835 4378; x_wconf 87' lang='lat' dir='ltr'><strong>Huic</strong></span> <span class='ocrx_word' id='word_1_676' title='bbox 2882 4324 3065 4391; x_wconf 83' lang='lat' dir='ltr'><strong>itaque</strong></span> <span class='ocrx_word' id='word_1_677' title='bbox 3104 4329 3454 4390; x_wconf 84' lang='lat' dir='ltr'><strong>comparatur</strong></span> 
     </span>
    </p>
   </div>
   <div class='ocr_carea' id='block_1_88' title="bbox 1886 4409 3453 4500">
    <p class='ocr_par' dir='ltr' id='par_1_88' title="bbox 1886 4409 3453 4500">
     <span class='ocr_line' id='line_1_88' title="bbox 1886 4409 3453 4500; baseline -0.011 -20"><span class='ocrx_word' id='word_1_678' title='bbox 1886 4427 1980 4500; x_wconf 89' lang='lat' dir='ltr'><strong>qui</strong></span> <span class='ocrx_word' id='word_1_679' title='bbox 2027 4425 2216 4480; x_wconf 89' lang='lat' dir='ltr'><strong>beatus</strong></span> <span class='ocrx_word' id='word_1_680' title='bbox 2255 4422 2450 4477; x_wconf 91' lang='lat' dir='ltr'><strong>dicitur</strong></span> <span class='ocrx_word' id='word_1_681' title='bbox 2473 4462 2488 4485; x_wconf 93' lang='lat'><strong>,</strong></span> <span class='ocrx_word' id='word_1_682' title='bbox 2521 4409 2777 4490; x_wconf 82' lang='lat' dir='ltr'><strong>irrigatus</strong></span> <span class='ocrx_word' id='word_1_683' title='bbox 2811 4416 3029 4468; x_wconf 85' lang='lat' dir='ltr'><strong>ﬂuentis</strong></span> <span class='ocrx_word' id='word_1_684' title='bbox 3065 4415 3304 4466; x_wconf 85' lang='lat' dir='ltr'><strong>rivorum</strong></span> <span class='ocrx_word' id='word_1_685' title='bbox 3341 4413 3453 4480; x_wconf 89' lang='lat' dir='ltr'><strong>spi-</strong></span> 
     </span>
    </p>
   </div>
   <div class='ocr_carea' id='block_1_89' title="bbox 1887 4498 3453 4584">
    <p class='ocr_par' dir='ltr' id='par_1_89' title="bbox 1887 4498 3453 4584">
     <span class='ocr_line' id='line_1_89' title="bbox 1887 4498 3453 4584; baseline -0.014 -13"><span class='ocrx_word' id='word_1_686' title='bbox 1887 4498 2164 4584; x_wconf 81' lang='lat' dir='ltr'><strong>ritualium</strong></span> <span class='ocrx_word' id='word_1_687' title='bbox 2219 4529 2252 4568; x_wconf 90' lang='lat' dir='ltr'><strong>a</strong></span> <span class='ocrx_word' id='word_1_688' title='bbox 2301 4513 2582 4581; x_wconf 87' lang='lat' dir='ltr'><strong>Scriptura</strong></span> <span class='ocrx_word' id='word_1_689' title='bbox 2617 4520 2770 4563; x_wconf 87' lang='lat' dir='ltr'><strong>sacra</strong></span> <span class='ocrx_word' id='word_1_690' title='bbox 2822 4503 3193 4563; x_wconf 89' lang='lat' dir='ltr'><strong>manantium,</strong></span> <span class='ocrx_word' id='word_1_691' title='bbox 3243 4507 3296 4554; x_wconf 91' lang='lat' dir='ltr'><strong>et</strong></span> <span class='ocrx_word' id='word_1_692' title='bbox 3340 4498 3453 4552; x_wconf 78' lang='lat' dir='ltr'><strong>fru-</strong></span> 
     </span>
    </p>
   </div>
   <div class='ocr_carea' id='block_1_90' title="bbox 1886 4601 2598 4672">
    <p class='ocr_par' dir='ltr' id='par_1_90' title="bbox 1886 4601 2598 4672">
     <span class='ocr_line' id='line_1_90' title="bbox 1886 4601 2598 4672; baseline -0.018 -10"><span class='ocrx_word' id='word_1_693' title='bbox 1886 4611 2031 4661; x_wconf 89' lang='lat' dir='ltr'><strong>ctum</strong></span> <span class='ocrx_word' id='word_1_694' title='bbox 2067 4601 2350 4672; x_wconf 79' lang='lat' dir='ltr'><strong>prol‘erens</strong></span> <span class='ocrx_word' id='word_1_695' title='bbox 2379 4601 2598 4654; x_wconf 88' lang='lat' dir='ltr'><strong>bonum.</strong></span> 
     </span>
    </p>
   </div>
   <div class='ocr_carea' id='block_1_91' title="bbox 1960 4685 3454 4763">
    <p class='ocr_par' dir='ltr' id='par_1_91' title="bbox 1960 4685 3454 4763">
     <span class='ocr_line' id='line_1_91' title="bbox 1960 4685 3454 4763; baseline -0.011 -11"><span class='ocrx_word' id='word_1_696' title='bbox 1960 4693 2029 4753; x_wconf 83' lang='lat' dir='ltr'><strong>Et</strong></span> <span class='ocrx_word' id='word_1_697' title='bbox 2058 4695 2244 4763; x_wconf 77' lang='lat' dir='ltr'><strong>folium</strong></span> <span class='ocrx_word' id='word_1_698' title='bbox 2274 4693 2386 4756; x_wconf 81' lang='lat' dir='ltr'><strong>eius</strong></span> <span class='ocrx_word' id='word_1_699' title='bbox 2433 4707 2537 4744; x_wconf 89' lang='lat' dir='ltr'><strong>non</strong></span> <span class='ocrx_word' id='word_1_700' title='bbox 2579 4688 2772 4757; x_wconf 83' lang='lat' dir='ltr'><strong>deﬂuet</strong></span> <span class='ocrx_word' id='word_1_701' title='bbox 2791 4727 2805 4749; x_wconf 92' lang='lat'><strong>,</strong></span> <span class='ocrx_word' id='word_1_702' title='bbox 2858 4695 2907 4740; x_wconf 89' lang='lat' dir='ltr'><strong>et</strong></span> <span class='ocrx_word' id='word_1_703' title='bbox 2937 4685 3112 4738; x_wconf 88' lang='lat' dir='ltr'><strong>omnia</strong></span> <span class='ocrx_word' id='word_1_704' title='bbox 3141 4697 3454 4751; x_wconf 66' lang='lat' dir='ltr'><strong>quacunque</strong></span> 
     </span>
    </p>
   </div>
   <div class='ocr_carea' id='block_1_92' title="bbox 221 4771 1819 4860">
    <p class='ocr_par' dir='ltr' id='par_1_92' title="bbox 221 4776 1819 4844">
     <span class='ocr_line' id='line_1_92' title="bbox 221 4776 1819 4844; baseline 0.002 -13"><span class='ocrx_word' id='word_1_705' title='bbox 221 4778 417 4834; x_wconf 76' lang='grc' dir='ltr'>πάντα</span> <span class='ocrx_word' id='word_1_706' title='bbox 463 4777 581 4831; x_wconf 80' lang='grc' dir='ltr'>ὅσα</span> <span class='ocrx_word' id='word_1_707' title='bbox 631 4776 709 4831; x_wconf 79' lang='grc' dir='ltr'><strong>ἂν</strong></span> <span class='ocrx_word' id='word_1_708' title='bbox 757 4776 898 4844; x_wconf 75' lang='grc' dir='ltr'>ποιῇ</span> <span class='ocrx_word' id='word_1_709' title='bbox 947 4776 1511 4842; x_wconf 79' lang='grc' dir='ltr'>κατευοδωθήσεται.</span> <span class='ocrx_word' id='word_1_710' title='bbox 1565 4782 1675 4838; x_wconf 71' lang='grc' dir='ltr'><strong>Καὶ</strong></span> <span class='ocrx_word' id='word_1_711' title='bbox 1729 4781 1819 4842; x_wconf 70' lang='grc' dir='ltr'><strong>τὰ]</strong></span> 
     </span>
    </p>
   </div>
   <div class='ocr_carea' id='block_1_93' title="bbox 1863 4771 3448 4860">
    <p class='ocr_par' dir='ltr' id='par_1_93' title="bbox 1892 4771 3448 4860">
     <span class='ocr_line' id='line_1_93' title="bbox 1892 4771 3448 4860; baseline -0.012 -18"><span class='ocrx_word' id='word_1_712' title='bbox 1892 4787 2048 4860; x_wconf 71' lang='lat' dir='ltr'><strong>faciet</strong></span> <span class='ocrx_word' id='word_1_713' title='bbox 2070 4783 2534 4852; x_wconf 82' lang='lat' dir='ltr'><strong>prosperabuntur.</strong></span> <span class='ocrx_word' id='word_1_714' title='bbox 2566 4778 2632 4832; x_wconf 89' lang='lat' dir='ltr'><strong>Et</strong></span> <span class='ocrx_word' id='word_1_715' title='bbox 2661 4776 2788 4832; x_wconf 80' lang='lat' dir='ltr'><strong>folia</strong></span> <span class='ocrx_word' id='word_1_716' title='bbox 2817 4775 2957 4845; x_wconf 89' lang='lat' dir='ltr'><strong>ejus,</strong></span> <span class='ocrx_word' id='word_1_717' title='bbox 2990 4782 3049 4828; x_wconf 89' lang='lat' dir='ltr'><strong>ut</strong></span> <span class='ocrx_word' id='word_1_718' title='bbox 3084 4774 3223 4826; x_wconf 88' lang='lat' dir='ltr'><strong>alius</strong></span> <span class='ocrx_word' id='word_1_719' title='bbox 3253 4771 3448 4839; x_wconf 83' lang='lat' dir='ltr'><strong>inquit,</strong></span> 
     </span>
    </p>
   </div>
   <div class='ocr_carea' id='block_1_94' title="bbox 221 4867 1788 4952">
    <p class='ocr_par' dir='ltr' id='par_1_94' title="bbox 221 4867 1788 4952">
     <span class='ocr_line' id='line_1_94' title="bbox 221 4867 1788 4952; baseline 0.003 -31"><span class='ocrx_word' id='word_1_720' title='bbox 221 4869 391 4937; x_wconf 84' lang='grc' dir='ltr'>φύλλα</span> <span class='ocrx_word' id='word_1_721' title='bbox 423 4870 484 4952; x_wconf 68' lang='grc' dir='ltr'>δὲ</span> <span class='ocrx_word' id='word_1_722' title='bbox 528 4869 715 4933; x_wconf 79' lang='grc' dir='ltr'>αὑτοῦ,</span> <span class='ocrx_word' id='word_1_723' title='bbox 749 4869 824 4933; x_wconf 82' lang='grc' dir='ltr'>ὡς</span> <span class='ocrx_word' id='word_1_724' title='bbox 857 4869 1013 4932; x_wconf 75' lang='grc' dir='ltr'>ἄλλος</span> <span class='ocrx_word' id='word_1_725' title='bbox 1045 4867 1229 4939; x_wconf 77' lang='grc' dir='ltr'>φησὶν,</span> <span class='ocrx_word' id='word_1_726' title='bbox 1265 4867 1428 4938; x_wconf 70' lang='grc' dir='ltr'>ἕτερα</span> <span class='ocrx_word' id='word_1_727' title='bbox 1469 4869 1596 4926; x_wconf 78' lang='grc' dir='ltr'>ὄντα</span> <span class='ocrx_word' id='word_1_728' title='bbox 1636 4874 1788 4952; x_wconf 72' lang='grc' dir='ltr'><strong>παρά</strong></span> 
     </span>
    </p>
   </div>
   <div class='ocr_carea' id='block_1_95' title="bbox 218 4958 1786 5035">
    <p class='ocr_par' dir='ltr' id='par_1_95' title="bbox 218 4958 1786 5035">
     <span class='ocr_line' id='line_1_95' title="bbox 218 4958 1786 5035; baseline 0.005 -25"><span class='ocrx_word' id='word_1_729' title='bbox 218 4959 312 5012; x_wconf 77' lang='grc' dir='ltr'><strong>τὸν</strong></span> <span class='ocrx_word' id='word_1_730' title='bbox 341 4961 546 5014; x_wconf 80' lang='grc' dir='ltr'>τέλειον</span> <span class='ocrx_word' id='word_1_731' title='bbox 568 4960 800 5032; x_wconf 79' lang='grc' dir='ltr'>καρπὸν,</span> <span class='ocrx_word' id='word_1_732' title='bbox 835 4959 904 5012; x_wconf 84' lang='grc' dir='ltr'>τὰ</span> <span class='ocrx_word' id='word_1_733' title='bbox 931 4958 1069 5013; x_wconf 84' lang='grc' dir='ltr'>κατὰ</span> <span class='ocrx_word' id='word_1_734' title='bbox 1112 4959 1202 5013; x_wconf 72' lang='grc' dir='ltr'>τὸν</span> <span class='ocrx_word' id='word_1_735' title='bbox 1231 4958 1422 5029; x_wconf 83' lang='grc' dir='ltr'>θνητὸν</span> <span class='ocrx_word' id='word_1_736' title='bbox 1452 4960 1648 5033; x_wconf 79' lang='grc' dir='ltr'>δηλαδὴ</span> <span class='ocrx_word' id='word_1_737' title='bbox 1675 4964 1786 5035; x_wconf 77' lang='grc' dir='ltr'>βίον</span> 
     </span>
    </p>
   </div>
   <div class='ocr_carea' id='block_1_96' title="bbox 217 5049 1785 5122">
    <p class='ocr_par' dir='ltr' id='par_1_96' title="bbox 217 5049 1785 5122">
     <span class='ocr_line' id='line_1_96' title="bbox 217 5049 1785 5122; baseline 0.006 -22"><span class='ocrx_word' id='word_1_738' title='bbox 217 5051 538 5121; x_wconf 80' lang='grc' dir='ltr'>πράγματα,</span> <span class='ocrx_word' id='word_1_739' title='bbox 568 5052 636 5104; x_wconf 76' lang='grc' dir='ltr'>τά</span> <span class='ocrx_word' id='word_1_740' title='bbox 679 5067 738 5104; x_wconf 91' lang='grc' dir='ltr'><strong>τε</strong></span> <span class='ocrx_word' id='word_1_741' title='bbox 771 5049 913 5104; x_wconf 86' lang='grc' dir='ltr'>κατὰ</span> <span class='ocrx_word' id='word_1_742' title='bbox 937 5049 1034 5122; x_wconf 83' lang='grc' dir='ltr'>τὴν</span> <span class='ocrx_word' id='word_1_743' title='bbox 1068 5049 1412 5120; x_wconf 84' lang='grc' dir='ltr'>ἀνθρωπίνην</span> <span class='ocrx_word' id='word_1_744' title='bbox 1464 5049 1625 5122; x_wconf 80' lang='grc' dir='ltr'>ζωὴν,</span> <span class='ocrx_word' id='word_1_745' title='bbox 1664 5055 1785 5112; x_wconf 84' lang='grc' dir='ltr'>καθ’</span> 
     </span>
    </p>
   </div>
   <div class='ocr_carea' id='block_1_97' title="bbox 215 5133 1786 5212">
    <p class='ocr_par' dir='ltr' id='par_1_97' title="bbox 215 5133 1786 5212">
     <span class='ocr_line' id='line_1_97' title="bbox 215 5133 1786 5212; baseline 0.006 -20"><span class='ocrx_word' id='word_1_746' title='bbox 215 5138 280 5210; x_wconf 83' lang='grc' dir='ltr'>ἢν</span> <span class='ocrx_word' id='word_1_747' title='bbox 309 5143 404 5194; x_wconf 74' lang='grc' dir='ltr'>καὶ</span> <span class='ocrx_word' id='word_1_748' title='bbox 431 5143 459 5193; x_wconf 89' lang='grc' dir='ltr'><strong>ό</strong></span> <span class='ocrx_word' id='word_1_749' title='bbox 481 5140 685 5203; x_wconf 86' lang='grc' dir='ltr'>τέλειος</span> <span class='ocrx_word' id='word_1_750' title='bbox 702 5142 911 5212; x_wconf 85' lang='grc' dir='ltr'>καρπὸς</span> <span class='ocrx_word' id='word_1_751' title='bbox 939 5133 1226 5194; x_wconf 77' lang='grc' dir='ltr'>σκέπτεταί</span> <span class='ocrx_word' id='word_1_752' title='bbox 1256 5157 1315 5192; x_wconf 87' lang='grc' dir='ltr'><strong>τε</strong></span> <span class='ocrx_word' id='word_1_753' title='bbox 1342 5141 1436 5194; x_wconf 81' lang='grc' dir='ltr'><strong>καὶ</strong></span> <span class='ocrx_word' id='word_1_754' title='bbox 1462 5142 1786 5211; x_wconf 74' lang='grc' dir='ltr'>φυλάττεται</span> 
     </span>
    </p>
   </div>
   <div class='ocr_carea' id='block_1_98' title="bbox 215 5231 1782 5305">
    <p class='ocr_par' dir='ltr' id='par_1_98' title="bbox 215 5231 1782 5305">
     <span class='ocr_line' id='line_1_98' title="bbox 215 5231 1782 5305; baseline 0.004 -21"><span class='ocrx_word' id='word_1_755' title='bbox 215 5231 306 5284; x_wconf 84' lang='grc' dir='ltr'>καὶ</span> <span class='ocrx_word' id='word_1_756' title='bbox 336 5233 438 5283; x_wconf 82' lang='grc' dir='ltr'><strong>οὐκ</strong></span> <span class='ocrx_word' id='word_1_757' title='bbox 482 5234 930 5304; x_wconf 81' lang='grc' dir='ltr'>ἀπορρεῖ,’μέχρι</span> <span class='ocrx_word' id='word_1_758' title='bbox 975 5233 1069 5287; x_wconf 77' lang='grc' dir='ltr'><strong>καὶ</strong></span> <span class='ocrx_word' id='word_1_759' title='bbox 1109 5232 1310 5287; x_wconf 89' lang='grc' dir='ltr'>τούτων</span> <span class='ocrx_word' id='word_1_760' title='bbox 1350 5233 1591 5304; x_wconf 77' lang='grc' dir='ltr'>ἀκριϐῶς</span> <span class='ocrx_word' id='word_1_761' title='bbox 1635 5236 1782 5305; x_wconf 79' lang='grc' dir='ltr'>βιοῦν</span> 
     </span>
    </p>
   </div>
   <div class='ocr_carea' id='block_1_99' title="bbox 215 5322 1781 5401">
    <p class='ocr_par' dir='ltr' id='par_1_99' title="bbox 215 5322 1781 5401">
     <span class='ocr_line' id='line_1_99' title="bbox 215 5322 1781 5401; baseline 0.005 -23"><span class='ocrx_word' id='word_1_762' title='bbox 215 5325 769 5397; x_wconf 72' lang='grc' dir='ltr'>παραφυλαττομὲνου</span> <span class='ocrx_word' id='word_1_763' title='bbox 793 5343 806 5356; x_wconf 76' lang='grc' dir='ltr'><strong>ο</strong></span> <span class='ocrx_word' id='word_1_764' title='bbox 835 5326 1030 5380; x_wconf 77' lang='grc' dir='ltr'>διὸκαὶ</span> <span class='ocrx_word' id='word_1_765' title='bbox 1053 5327 1110 5382; x_wconf 86' lang='grc' dir='ltr'>ὲν</span> <span class='ocrx_word' id='word_1_766' title='bbox 1139 5329 1302 5381; x_wconf 77' lang='grc' dir='ltr'>πᾶσιν</span> <span class='ocrx_word' id='word_1_767' title='bbox 1329 5322 1409 5391; x_wconf 77' lang='grc' dir='ltr'>οἷς</span> <span class='ocrx_word' id='word_1_768' title='bbox 1438 5328 1504 5382; x_wconf 81' lang='grc' dir='ltr'><strong>ἂν</strong></span> <span class='ocrx_word' id='word_1_769' title='bbox 1526 5334 1650 5401; x_wconf 87' lang='grc' dir='ltr'>ποιῇ</span> <span class='ocrx_word' id='word_1_770' title='bbox 1677 5332 1781 5386; x_wconf 88' lang='grc' dir='ltr'><strong>ύπὺ</strong></span> 
     </span>
    </p>
   </div>
   <div class='ocr_carea' id='block_1_100' title="bbox 212 5415 1781 5493">
    <p class='ocr_par' dir='ltr' id='par_1_100' title="bbox 212 5415 1781 5493">
     <span class='ocr_line' id='line_1_100' title="bbox 212 5415 1781 5493; baseline 0.004 -24"><span class='ocrx_word' id='word_1_771' title='bbox 212 5415 305 5470; x_wconf 82' lang='grc' dir='ltr'>τοῦ</span> <span class='ocrx_word' id='word_1_772' title='bbox 342 5415 477 5470; x_wconf 81' lang='grc' dir='ltr'>Θεοῦ</span> <span class='ocrx_word' id='word_1_773' title='bbox 524 5419 1042 5490; x_wconf 84' lang='grc' dir='ltr'>κατευοδωθήσεται.</span> <span class='ocrx_word' id='word_1_774' title='bbox 1087 5421 1197 5473; x_wconf 80' lang='grc' dir='ltr'><strong>Καὶ</strong></span> <span class='ocrx_word' id='word_1_775' title='bbox 1239 5419 1409 5483; x_wconf 70' lang='grc' dir='ltr'>ἄλλως</span> <span class='ocrx_word' id='word_1_776' title='bbox 1451 5419 1481 5471; x_wconf 86' lang='lat'><strong>6</strong></span> <span class='ocrx_word' id='word_1_777' title='bbox 1515 5422 1781 5493; x_wconf 81' lang='grc' dir='ltr'>μακάριος</span> 
     </span>
    </p>
   </div>
   <div class='ocr_carea' id='block_1_101' title="bbox 209 5507 1781 5583">
    <p class='ocr_par' dir='ltr' id='par_1_101' title="bbox 209 5507 1781 5583">
     <span class='ocr_line' id='line_1_101' title="bbox 209 5507 1781 5583; baseline 0.002 -20"><span class='ocrx_word' id='word_1_778' title='bbox 209 5510 293 5564; x_wconf 85' lang='grc' dir='ltr'>διὰ</span> <span class='ocrx_word' id='word_1_779' title='bbox 332 5507 530 5572; x_wconf 76' lang='grc' dir='ltr'>παντὸς</span> <span class='ocrx_word' id='word_1_780' title='bbox 573 5509 866 5579; x_wconf 87' lang='grc' dir='ltr'>ἀρδόμενος</span> <span class='ocrx_word' id='word_1_781' title='bbox 907 5509 1060 5564; x_wconf 76' lang='grc' dir='ltr'>ὕδασι</span> <span class='ocrx_word' id='word_1_782' title='bbox 1090 5511 1323 5579; x_wconf 82' lang='grc' dir='ltr'>λογικοῖς</span> <span class='ocrx_word' id='word_1_783' title='bbox 1352 5512 1450 5583; x_wconf 86' lang='grc' dir='ltr'><strong>τῆς</strong></span> <span class='ocrx_word' id='word_1_784' title='bbox 1482 5512 1663 5565; x_wconf 77' lang='grc' dir='ltr'>ἐνθέου</span> <span class='ocrx_word' id='word_1_785' title='bbox 1699 5514 1781 5566; x_wconf 90' lang='grc' dir='ltr'>δι-</span> 
     </span>
    </p>
   </div>
   <div class='ocr_carea' id='block_1_102' title="bbox 210 5592 1827 5674">
    <p class='ocr_par' dir='ltr' id='par_1_102' title="bbox 210 5592 1827 5674">
     <span class='ocr_line' id='line_1_102' title="bbox 210 5592 1827 5674; baseline 0.002 -18"><span class='ocrx_word' id='word_1_786' title='bbox 210 5602 525 5664; x_wconf 83' lang='grc' dir='ltr'>δασκαλίας,</span> <span class='ocrx_word' id='word_1_787' title='bbox 554 5601 648 5654; x_wconf 76' lang='grc' dir='ltr'>καὶ</span> <span class='ocrx_word' id='word_1_788' title='bbox 673 5600 790 5671; x_wconf 84' lang='grc' dir='ltr'><strong>-τῆς</strong></span> <span class='ocrx_word' id='word_1_789' title='bbox 820 5603 1202 5673; x_wconf 86' lang='grc' dir='ltr'>προσηκούσης</span> <span class='ocrx_word' id='word_1_790' title='bbox 1231 5603 1501 5674; x_wconf 82' lang='grc' dir='ltr'>γεωργίας</span> <span class='ocrx_word' id='word_1_791' title='bbox 1528 5605 1665 5657; x_wconf 85' lang='grc' dir='ltr'><strong>κατά</strong></span> <span class='ocrx_word' id='word_1_792' title='bbox 1689 5607 1780 5660; x_wconf 85' lang='grc' dir='ltr'><strong>τὸν</strong></span> <span class='ocrx_word' id='word_1_793' title='bbox 1821 5592 1827 5597; x_wconf 49' lang='grc'><em>’</em></span> 
     </span>
    </p>
   </div>
   <div class='ocr_carea' id='block_1_103' title="bbox 213 5692 1812 5766">
    <p class='ocr_par' dir='ltr' id='par_1_103' title="bbox 213 5692 1812 5766">
     <span class='ocr_line' id='line_1_103' title="bbox 213 5692 1812 5766; baseline 0.005 -22"><span class='ocrx_word' id='word_1_794' title='bbox 213 5694 457 5765; x_wconf 75' lang='grc' dir='ltr'>παρόντα</span> <span class='ocrx_word' id='word_1_795' title='bbox 502 5693 613 5751; x_wconf 80' lang='grc' dir='ltr'>Βίον</span> <span class='ocrx_word' id='word_1_796' title='bbox 657 5692 937 5762; x_wconf 81' lang='grc' dir='ltr'>τυγχάνων</span> <span class='ocrx_word' id='word_1_797' title='bbox 979 5693 1036 5745; x_wconf 77' lang='grc' dir='ltr'>ὲν</span> <span class='ocrx_word' id='word_1_798' title='bbox 1063 5694 1239 5764; x_wconf 82' lang='grc' dir='ltr'>καιρῷ</span> <span class='ocrx_word' id='word_1_799' title='bbox 1285 5695 1362 5766; x_wconf 83' lang='grc' dir='ltr'>τῷ</span> <span class='ocrx_word' id='word_1_800' title='bbox 1392 5697 1582 5750; x_wconf 76' lang='grc' dir='ltr'>ἑαυτοῦ</span> <span class='ocrx_word' id='word_1_801' title='bbox 1624 5697 1812 5753; x_wconf 69' lang='grc' dir='ltr'>δώσει’</span> 
     </span>
    </p>
   </div>
   <div class='ocr_carea' id='block_1_104' title="bbox 213 5784 1783 5859">
    <p class='ocr_par' dir='ltr' id='par_1_104' title="bbox 213 5784 1783 5859">
     <span class='ocr_line' id='line_1_104' title="bbox 213 5784 1783 5859; baseline 0.006 -23"><span class='ocrx_word' id='word_1_802' title='bbox 213 5787 295 5838; x_wconf 69' lang='grc' dir='ltr'>τὸν</span> <span class='ocrx_word' id='word_1_803' title='bbox 329 5786 523 5840; x_wconf 72' lang='grc' dir='ltr'>ἑαυτοῦ</span> <span class='ocrx_word' id='word_1_804' title='bbox 553 5785 781 5854; x_wconf 85' lang='grc' dir='ltr'>καρπόν.</span> <span class='ocrx_word' id='word_1_805' title='bbox 813 5785 1017 5848; x_wconf 82' lang='grc' dir='ltr'>Καιρὸς</span> <span class='ocrx_word' id='word_1_806' title='bbox 1053 5784 1108 5837; x_wconf 83' lang='grc' dir='ltr'>δὲ</span> <span class='ocrx_word' id='word_1_807' title='bbox 1139 5786 1304 5838; x_wconf 80' lang='grc' dir='ltr'>αὐτοῦ</span> <span class='ocrx_word' id='word_1_808' title='bbox 1336 5789 1368 5840; x_wconf 81' lang='lat'><strong>6</strong></span> <span class='ocrx_word' id='word_1_809' title='bbox 1398 5789 1601 5859; x_wconf 81' lang='grc' dir='ltr'>μέλλων</span> <span class='ocrx_word' id='word_1_810' title='bbox 1637 5791 1783 5847; x_wconf 72' lang='grc' dir='ltr'>ἐστὶν</span> 
     </span>
    </p>
   </div>
   <div class='ocr_carea' id='block_1_105' title="bbox 224 5877 1303 5969">
    <p class='ocr_par' dir='ltr' id='par_1_105' title="bbox 224 5877 1303 5969">
     <span class='ocr_line' id='line_1_105' title="bbox 224 5877 1303 5969; baseline 0.002 -15"><span class='ocrx_word' id='word_1_811' title='bbox 224 5877 226 5879; x_wconf 15' lang='grc' dir='ltr'><strong>Ι</strong></span> <span class='ocrx_word' id='word_1_812' title='bbox 285 5902 322 5931; x_wconf 69' lang='grc'><strong>³⁸</strong></span> <span class='ocrx_word' id='word_1_813' title='bbox 367 5901 524 5957; x_wconf 78' lang='lat' dir='ltr'><strong>Rom.</strong></span> <span class='ocrx_word' id='word_1_814' title='bbox 559 5916 634 5964; x_wconf 84' lang='grc' dir='ltr'>ιι.</span> <span class='ocrx_word' id='word_1_815' title='bbox 672 5901 754 5956; x_wconf 66' lang='grc'><strong>14.</strong></span> <span class='ocrx_word' id='word_1_816' title='bbox 830 5903 848 5932; x_wconf 83' lang='grc'>¹</span> <span class='ocrx_word' id='word_1_817' title='bbox 887 5899 1045 5957; x_wconf 84' lang='lat' dir='ltr'><strong>Prov.</strong></span> <span class='ocrx_word' id='word_1_818' title='bbox 1087 5916 1182 5969; x_wconf 87' lang='grc' dir='ltr'>ιιι,</span> <span class='ocrx_word' id='word_1_819' title='bbox 1219 5901 1303 5956; x_wconf 75' lang='grc'><strong>18.</strong></span> 
     </span>
    </p>
   </div>
   <div class='ocr_carea' id='block_1_106' title="bbox 1886 4865 3450 4958">
    <p class='ocr_par' dir='ltr' id='par_1_106' title="bbox 1886 4865 3450 4958">
     <span class='ocr_line' id='line_1_106' title="bbox 1886 4865 3450 4958; baseline -0.015 -21"><span class='ocrx_word' id='word_1_820' title='bbox 1886 4894 2008 4958; x_wconf 69' lang='lat' dir='ltr'><strong>quae</strong></span> <span class='ocrx_word' id='word_1_821' title='bbox 2044 4878 2256 4934; x_wconf 87' lang='lat' dir='ltr'><strong>diversa</strong></span> <span class='ocrx_word' id='word_1_822' title='bbox 2285 4880 2412 4928; x_wconf 90' lang='lat' dir='ltr'><strong>sunt</strong></span> <span class='ocrx_word' id='word_1_823' title='bbox 2449 4886 2480 4926; x_wconf 89' lang='lat' dir='ltr'><strong>a</strong></span> <span class='ocrx_word' id='word_1_824' title='bbox 2505 4870 2745 4942; x_wconf 81' lang='lat' dir='ltr'><strong>perfecto</strong></span> <span class='ocrx_word' id='word_1_825' title='bbox 2773 4868 2949 4922; x_wconf 83' lang='lat' dir='ltr'><strong>fructu</strong></span> <span class='ocrx_word' id='word_1_826' title='bbox 2969 4906 2988 4931; x_wconf 91' lang='lat'><strong>,</strong></span> <span class='ocrx_word' id='word_1_827' title='bbox 3019 4865 3267 4919; x_wconf 86' lang='lat' dir='ltr'><strong>videlicet</strong></span> <span class='ocrx_word' id='word_1_828' title='bbox 3288 4878 3450 4931; x_wconf 84' lang='lat' dir='ltr'><strong>opera</strong></span> 
     </span>
    </p>
   </div>
   <div class='ocr_carea' id='block_1_107' title="bbox 1887 4957 3448 5038">
    <p class='ocr_par' dir='ltr' id='par_1_107' title="bbox 1887 4957 3448 5038">
     <span class='ocr_line' id='line_1_107' title="bbox 1887 4957 3448 5038; baseline -0.016 -7"><span class='ocrx_word' id='word_1_829' title='bbox 1887 4957 2134 5031; x_wconf 79' lang='lat' dir='ltr'><strong>mortalis</strong></span> <span class='ocrx_word' id='word_1_830' title='bbox 2157 4968 2382 5038; x_wconf 85' lang='lat' dir='ltr'><strong>hujusce</strong></span> <span class='ocrx_word' id='word_1_831' title='bbox 2401 4965 2542 5027; x_wconf 61' lang='lat' dir='ltr'><strong>vitae,</strong></span> <span class='ocrx_word' id='word_1_832' title='bbox 2569 4964 2899 5032; x_wconf 88' lang='lat' dir='ltr'><strong>humanique</strong></span> <span class='ocrx_word' id='word_1_833' title='bbox 2923 4959 3136 5014; x_wconf 86' lang='lat' dir='ltr'><strong>vivendi</strong></span> <span class='ocrx_word' id='word_1_834' title='bbox 3165 4957 3448 5017; x_wconf 88' lang='lat' dir='ltr'><strong>curriculi,</strong></span> 
     </span>
    </p>
   </div>
   <div class='ocr_carea' id='block_1_108' title="bbox 1887 5050 3449 5134">
    <p class='ocr_par' dir='ltr' id='par_1_108' title="bbox 1887 5050 3449 5134">
     <span class='ocr_line' id='line_1_108' title="bbox 1887 5050 3449 5134; baseline -0.017 -10"><span class='ocrx_word' id='word_1_835' title='bbox 1887 5065 1942 5124; x_wconf 77' lang='lat' dir='ltr'><strong>in</strong></span> <span class='ocrx_word' id='word_1_836' title='bbox 1973 5077 2080 5134; x_wconf 86' lang='lat' dir='ltr'><strong>quo</strong></span> <span class='ocrx_word' id='word_1_837' title='bbox 2121 5059 2332 5115; x_wconf 81' lang='lat' dir='ltr'><strong>fructus</strong></span> <span class='ocrx_word' id='word_1_838' title='bbox 2380 5057 2472 5112; x_wconf 86' lang='lat' dir='ltr'><strong>ille</strong></span> <span class='ocrx_word' id='word_1_839' title='bbox 2500 5057 2770 5128; x_wconf 78' lang='lat' dir='ltr'><strong>perfect-us</strong></span> <span class='ocrx_word' id='word_1_840' title='bbox 2798 5060 3087 5123; x_wconf 88' lang='lat' dir='ltr'><strong>spectatur.</strong></span> <span class='ocrx_word' id='word_1_841' title='bbox 3107 5057 3159 5104; x_wconf 88' lang='lat' dir='ltr'><strong>et</strong></span> <span class='ocrx_word' id='word_1_842' title='bbox 3190 5050 3449 5101; x_wconf 85' lang='lat' dir='ltr'><strong>observa-</strong></span> 
     </span>
    </p>
   </div>
   <div class='ocr_carea' id='block_1_109' title="bbox 1887 5138 3449 5218">
    <p class='ocr_par' dir='ltr' id='par_1_109' title="bbox 1887 5138 3449 5218">
     <span class='ocr_line' id='line_1_109' title="bbox 1887 5138 3449 5218; baseline -0.015 -6"><span class='ocrx_word' id='word_1_843' title='bbox 1887 5163 1996 5218; x_wconf 84' lang='lat' dir='ltr'><strong>tur,</strong></span> <span class='ocrx_word' id='word_1_844' title='bbox 2029 5168 2138 5208; x_wconf 90' lang='lat' dir='ltr'><strong>non</strong></span> <span class='ocrx_word' id='word_1_845' title='bbox 2177 5150 2435 5215; x_wconf 79' lang='lat' dir='ltr'><strong>deﬂuent,</strong></span> <span class='ocrx_word' id='word_1_846' title='bbox 2462 5150 2591 5204; x_wconf 92' lang='lat' dir='ltr'><strong>dum</strong></span> <span class='ocrx_word' id='word_1_847' title='bbox 2645 5148 2759 5216; x_wconf 90' lang='lat' dir='ltr'><strong>ipse</strong></span> <span class='ocrx_word' id='word_1_848' title='bbox 2809 5144 2976 5214; x_wconf 85' lang='lat' dir='ltr'><strong>probe</strong></span> <span class='ocrx_word' id='word_1_849' title='bbox 3011 5138 3224 5194; x_wconf 86' lang='lat' dir='ltr'><strong>vivendi</strong></span> <span class='ocrx_word' id='word_1_850' title='bbox 3263 5152 3449 5192; x_wconf 86' lang='lat' dir='ltr'><strong>curam</strong></span> 
     </span>
    </p>
   </div>
   <div class='ocr_carea' id='block_1_110' title="bbox 1889 5232 3449 5315">
    <p class='ocr_par' dir='ltr' id='par_1_110' title="bbox 1889 5232 3449 5315">
     <span class='ocr_line' id='line_1_110' title="bbox 1889 5232 3449 5315; baseline -0.019 -7"><span class='ocrx_word' id='word_1_851' title='bbox 1889 5248 2136 5313; x_wconf 83' lang='lat' dir='ltr'><strong>habebit;</strong></span> <span class='ocrx_word' id='word_1_852' title='bbox 2176 5244 2527 5315; x_wconf 87' lang='lat' dir='ltr'><strong>quamobrem</strong></span> <span class='ocrx_word' id='word_1_853' title='bbox 2577 5243 2629 5294; x_wconf 90' lang='lat' dir='ltr'><strong>in</strong></span> <span class='ocrx_word' id='word_1_854' title='bbox 2682 5239 2893 5293; x_wconf 89' lang='lat' dir='ltr'><strong>cunctis</strong></span> <span class='ocrx_word' id='word_1_855' title='bbox 2949 5233 3204 5303; x_wconf 87' lang='lat' dir='ltr'><strong>operibus</strong></span> <span class='ocrx_word' id='word_1_856' title='bbox 3253 5232 3366 5283; x_wconf 84' lang='lat' dir='ltr'><strong>suis</strong></span> <span class='ocrx_word' id='word_1_857' title='bbox 3420 5244 3449 5280; x_wconf 84' lang='lat' dir='ltr'><strong>a</strong></span> 
     </span>
    </p>
   </div>
   <div class='ocr_carea' id='block_1_111' title="bbox 1887 5315 3452 5407">
    <p class='ocr_par' dir='ltr' id='par_1_111' title="bbox 1887 5315 3452 5407">
     <span class='ocr_line' id='line_1_111' title="bbox 1887 5315 3452 5407; baseline -0.019 -9"><span class='ocrx_word' id='word_1_858' title='bbox 1887 5341 1997 5397; x_wconf 88' lang='lat' dir='ltr'><strong>Deo</strong></span> <span class='ocrx_word' id='word_1_859' title='bbox 2027 5347 2170 5393; x_wconf 87' lang='lat' dir='ltr'><strong>recte</strong></span> <span class='ocrx_word' id='word_1_860' title='bbox 2198 5315 2562 5407; x_wconf 68' lang='lat' dir='ltr'><strong>pi&#39;ospereque</strong></span> <span class='ocrx_word' id='word_1_861' title='bbox 2603 5332 2884 5400; x_wconf 84' lang='lat' dir='ltr'><strong>dirigetur.</strong></span> <span class='ocrx_word' id='word_1_862' title='bbox 2941 5326 3057 5381; x_wconf 76' lang='lat' dir='ltr'><strong>Alia</strong></span> <span class='ocrx_word' id='word_1_863' title='bbox 3081 5337 3209 5376; x_wconf 89' lang='lat' dir='ltr'><strong>vero</strong></span> <span class='ocrx_word' id='word_1_864' title='bbox 3240 5323 3452 5373; x_wconf 62' lang='lat' dir='ltr'><strong>ratione</strong></span> 
     </span>
    </p>
   </div>
   <div class='ocr_carea' id='block_1_112' title="bbox 1889 5413 3446 5503">
    <p class='ocr_par' dir='ltr' id='par_1_112' title="bbox 1889 5413 3446 5503">
     <span class='ocr_line' id='line_1_112' title="bbox 1889 5413 3446 5503; baseline -0.015 -14"><span class='ocrx_word' id='word_1_865' title='bbox 1889 5436 1968 5489; x_wconf 90' lang='lat' dir='ltr'><strong>sic</strong></span> <span class='ocrx_word' id='word_1_866' title='bbox 1996 5429 2296 5503; x_wconf 88' lang='lat' dir='ltr'><strong>explicatur</strong></span> <span class='ocrx_word' id='word_1_867' title='bbox 2322 5449 2335 5484; x_wconf 87' lang='lat'><strong>;</strong></span> <span class='ocrx_word' id='word_1_868' title='bbox 2366 5427 2563 5482; x_wconf 80' lang='lat' dir='ltr'><strong>Beatus</strong></span> <span class='ocrx_word' id='word_1_869' title='bbox 2599 5425 2688 5478; x_wconf 90' lang='lat' dir='ltr'><strong>ille</strong></span> <span class='ocrx_word' id='word_1_870' title='bbox 2735 5422 2827 5493; x_wconf 87' lang='lat' dir='ltr'><strong>qui</strong></span> <span class='ocrx_word' id='word_1_871' title='bbox 2856 5433 3068 5488; x_wconf 76' lang='lat' dir='ltr'><strong>seraper</strong></span> <span class='ocrx_word' id='word_1_872' title='bbox 3098 5413 3446 5482; x_wconf 76' lang='lat' dir='ltr'><strong>intelligibili-</strong></span> 
     </span>
    </p>
   </div>
   <div class='ocr_carea' id='block_1_113' title="bbox 1887 5503 3450 5586">
    <p class='ocr_par' dir='ltr' id='par_1_113' title="bbox 1887 5503 3450 5586">
     <span class='ocr_line' id='line_1_113' title="bbox 1887 5503 3450 5586; baseline -0.015 -7"><span class='ocrx_word' id='word_1_873' title='bbox 1887 5526 1990 5579; x_wconf 84' lang='lat' dir='ltr'><strong>bus</strong></span> <span class='ocrx_word' id='word_1_874' title='bbox 2024 5520 2220 5577; x_wconf 59' lang='lat' dir='ltr'><strong>divina</strong></span> <span class='ocrx_word' id='word_1_875' title='bbox 2273 5519 2534 5574; x_wconf 67' lang='lat' dir='ltr'><strong>doctrinae</strong></span> <span class='ocrx_word' id='word_1_876' title='bbox 2579 5515 2736 5586; x_wconf 90' lang='lat' dir='ltr'><strong>aquis</strong></span> <span class='ocrx_word' id='word_1_877' title='bbox 2793 5512 3080 5580; x_wconf 80' lang='lat' dir='ltr'><strong>irrigatur,</strong></span> <span class='ocrx_word' id='word_1_878' title='bbox 3114 5512 3168 5559; x_wconf 90' lang='lat' dir='ltr'><strong>et</strong></span> <span class='ocrx_word' id='word_1_879' title='bbox 3219 5503 3273 5557; x_wconf 90' lang='lat' dir='ltr'><strong>in</strong></span> <span class='ocrx_word' id='word_1_880' title='bbox 3316 5520 3450 5573; x_wconf 65' lang='lat' dir='ltr'><strong>prae—</strong></span> 
     </span>
    </p>
   </div>
   <div class='ocr_carea' id='block_1_114' title="bbox 1888 5594 3448 5681">
    <p class='ocr_par' dir='ltr' id='par_1_114' title="bbox 1888 5594 3448 5681">
     <span class='ocr_line' id='line_1_114' title="bbox 1888 5594 3448 5681; baseline -0.017 -10"><span class='ocrx_word' id='word_1_881' title='bbox 1888 5614 2024 5671; x_wconf 90' lang='lat' dir='ltr'><strong>senti</strong></span> <span class='ocrx_word' id='word_1_882' title='bbox 2057 5596 2166 5666; x_wconf 85' lang='lat' dir='ltr'><strong>vita</strong></span> <span class='ocrx_word' id='word_1_883' title='bbox 2193 5626 2289 5666; x_wconf 91' lang='lat' dir='ltr'><strong>ceu</strong></span> <span class='ocrx_word' id='word_1_884' title='bbox 2320 5626 2449 5681; x_wconf 82' lang='lat' dir='ltr'><strong>ager</strong></span> <span class='ocrx_word' id='word_1_885' title='bbox 2480 5613 2840 5679; x_wconf 71' lang='lat' dir='ltr'><strong>congruenter</strong></span> <span class='ocrx_word' id='word_1_886' title='bbox 2867 5602 3095 5663; x_wconf 86' lang='lat' dir='ltr'><strong>colitur;</strong></span> <span class='ocrx_word' id='word_1_887' title='bbox 3131 5594 3282 5650; x_wconf 88' lang='lat' dir='ltr'><strong>dabit</strong></span> <span class='ocrx_word' id='word_1_888' title='bbox 3339 5595 3448 5647; x_wconf 81' lang='lat' dir='ltr'><strong>frn-</strong></span> 
     </span>
    </p>
   </div>
   <div class='ocr_carea' id='block_1_115' title="bbox 1888 5689 3448 5772">
    <p class='ocr_par' dir='ltr' id='par_1_115' title="bbox 1888 5689 3448 5772">
     <span class='ocr_line' id='line_1_115' title="bbox 1888 5689 3448 5772; baseline -0.013 -11"><span class='ocrx_word' id='word_1_889' title='bbox 1888 5715 2035 5762; x_wconf 89' lang='lat' dir='ltr'><strong>ctum</strong></span> <span class='ocrx_word' id='word_1_890' title='bbox 2078 5719 2234 5759; x_wconf 92' lang='lat' dir='ltr'><strong>suum</strong></span> <span class='ocrx_word' id='word_1_891' title='bbox 2269 5703 2324 5756; x_wconf 91' lang='lat' dir='ltr'><strong>in</strong></span> <span class='ocrx_word' id='word_1_892' title='bbox 2354 5711 2592 5772; x_wconf 88' lang='lat' dir='ltr'><strong>tempore</strong></span> <span class='ocrx_word' id='word_1_893' title='bbox 2635 5716 2755 5756; x_wconf 91' lang='lat' dir='ltr'><strong>suo.</strong></span> <span class='ocrx_word' id='word_1_894' title='bbox 2815 5695 3051 5762; x_wconf 88' lang='lat' dir='ltr'><strong>Tempus</strong></span> <span class='ocrx_word' id='word_1_895' title='bbox 3101 5704 3266 5759; x_wconf 87' lang='lat' dir='ltr'><strong>porro</strong></span> <span class='ocrx_word' id='word_1_896' title='bbox 3295 5689 3448 5757; x_wconf 88' lang='lat' dir='ltr'><strong>ejus,</strong></span> 
     </span>
    </p>
   </div>
   <div class='ocr_carea' id='block_1_116' title="bbox 1891 5781 3534 5863">
    <p class='ocr_par' dir='ltr' id='par_1_116' title="bbox 1891 5781 3534 5863">
     <span class='ocr_line' id='line_1_116' title="bbox 1891 5781 3534 5863; baseline -0.013 -10"><span class='ocrx_word' id='word_1_897' title='bbox 1891 5797 2130 5853; x_wconf 83' lang='lat' dir='ltr'><strong>futurum</strong></span> <span class='ocrx_word' id='word_1_898' title='bbox 2170 5794 2426 5850; x_wconf 70' lang='lat' dir='ltr'><strong>saeculum</strong></span> <span class='ocrx_word' id='word_1_899' title='bbox 2457 5800 2578 5851; x_wconf 88' lang='lat' dir='ltr'><strong>est:</strong></span> <span class='ocrx_word' id='word_1_900' title='bbox 2612 5783 3123 5863; x_wconf 71' lang='lat' dir='ltr'><strong>prazsentisquippe</strong></span> <span class='ocrx_word' id='word_1_901' title='bbox 3157 5781 3281 5835; x_wconf 62' lang='lat' dir='ltr'><strong>vita!</strong></span> <span class='ocrx_word' id='word_1_902' title='bbox 3317 5790 3452 5834; x_wconf 78' lang='lat' dir='ltr'><strong>tetu-</strong></span> <span class='ocrx_word' id='word_1_903' title='bbox 3521 5799 3534 5810; x_wconf 83' lang='grc'><strong>·</strong></span> 
     </span>
    </p>
   </div>
  </div>
