4262 6412
766 510 836 566 79
1389 488 1653 546 EUSEBII
1691 494 2167 554 CESARIENSIS
2203 499 2350 555 OPP.
2394 501 2573 557 PARS
2612 501 2700 561 111.
2731 536 2799 546 -
2839 507 3243 565 EXEGETICA.
3922 511 3993 564 80

769 639 867 693 pus
912 610 1023 678 non
1066 625 1167 694 ipsi
1204 625 1478 695 proprium
1502 667 1516 689 ,
1554 629 1646 682 sed
1697 630 1929 685 alienum
1966 638 2076 692 est;
2131 648 2324 701 quam-
2356 637 2397 692 Α
2431 646 2598 684 αιων”
2646 631 2833 700 emtor,
2878 646 2979 701 του
3010 653 3012 662 ι

2431 647 2563 684 αιων
2585 646 2598 659 ⁸
2646 631 2833 700 επειδη
2878 646 2979 701 του
3010 644 3270 698 παροντος
3300 628 3399 679 οὐκ
3439 625 3584 679 ἐστιν
3624 626 3838 688 οἰκεῖος,
3874 622 3990 676 ἀλλ’

766 714 949 767 obrem
979 713 1035 767 in
1064 722 1304 784 tempore
1322 730 1421 769 suo
1449 720 1731 786 praesentis
1753 722 2093 790 agriculturae
2116 722 2327 777 fructus

771 803 879 858 Deo
903 804 1158 876 proferet.
1187 808 1308 862 Alio
1340 823 1555 878 quoque
1581 810 1740 864 modo
1772 811 2123 883 intelligitur;
2164 814 2327 869 nimi—

755 911 908 959 ,rum,
940 896 1030 952 ille
1066 898 1156 967 qui
1184 898 1375 955 beatus
1413 900 1772 969 praedicatur,
1826 918 1890 958 ex
1949 905 2165 959 mortali
2218 905 2327 959 vita

765 986 1091 1049 translatus,
1157 988 1569 1056 promissionem
1622 991 1840 1047 habebit
1883 1007 1941 1048 se
1978 992 2219 1049 futurum
2272 997 2326 1050 in

765 1077 1019 1144 paradiso
1047 1077 1136 1132 Dei
1167 1081 1323 1149 quasi
1362 1080 1565 1151 lignum
1596 1085 1739 1152 quod
1788 1085 2087 1155 plantatum
2130 1094 2213 1142 est
2242 1103 2329 1143 se-

761 1183 858 1223 cus
884 1168 1145 1227 decursus
1167 1186 1451 1240 aquarum.

833 1259 999 1317 Vens.
1031 1264 1085 1319 4.
1128 1262 1248 1318 Non
1284 1266 1358 1319 sic
1400 1266 1587 1334 impii,
1634 1283 1736 1321 non
1773 1269 1881 1332 sic,
1938 1269 2029 1325 sed
2075 1280 2325 1339 tauquam

757 1356 926 1422 pulvis
959 1370 1116 1425 quem
1162 1357 1375 1425 proiicit
1413 1370 1591 1413 ventus
1647 1378 1679 1414 a
1727 1362 1861 1429 [acie
1907 1372 2080 1418 terrae.
2127 1363 2325 1419 Beatus

762 1444 851 1500 iile
881 1447 1058 1516 qualis
1092 1446 1181 1501 hic
1232 1446 1561 1504 describitur
1590 1467 1603 1504 :
1628 1460 1678 1505 et
1708 1467 1840 1507 sane
1873 1452 2183 1521 hujusmodi
2227 1455 2325 1508 ho-

760 1536 935 1591 mines
964 1537 1253 1592 admodum
1282 1538 1391 1591 rari
1435 1540 1701 1607 paucique
1730 1550 1875 1597 sunt.
1926 1542 1995 1597 At
2024 1544 2170 1613 impii
2204 1561 2322 1598 ma-

757 1641 864 1695 gno
894 1640 1153 1692 numero;
1203 1627 1294 1697 qui
1327 1632 1386 1680 ut
1432 1628 1567 1681 nihil
1599 1628 1859 1683 habentes
1904 1628 2046 1698 apud
2104 1631 2321 1685 beatum

762 1719 908 1773 iilum
942 1721 1080 1775 male
1105 1720 1365 1785 audiunt;
1402 1720 1636 1774 fructum
1666 1722 1864 1791 quippe
1890 1707 2319 1793 temporane‘um,

758 1799 1071 1869 mutabilem
1120 1828 1183 1869 ac
1232 1815 1533 1884 periturum
1585 1814 1957 1884 possidentes,
2015 1815 2145 1871 facti
2196 1823 2323 1872 sunt

756 1906 914 1975 quasi
941 1906 1108 1973 pulvis
1132 1922 1287 1983 quem
1306 1906 1516 1975 projicit
1546 1902 1721 1961 ventus
1749 1924 1781 1960 a
1807 1907 1943 1975 facie
1970 1916 2143 1961 terrae.

2429 722 2733 792 ἀλλότριοςσ
2781 721 2860 773 διὸ
2906 722 2962 773 ἐν
3005 710 3193 789 ἐκείνῳ
3232 719 3308 789 τῷ
3337 717 3527 772 ἑαυτοῦ
3570 716 3742 787 καιρῷ
3768 716 3865 786 τῆς
3902 716 3991 768 ἐνο

2427 812 2600 865 ταῦθα
2651 812 2918 882 γεωργίας
2964 809 3231 864 ἀποδώσει
3276 808 3353 879 τῷ
3394 806 3511 877 Θεῷ
3552 810 3674 871 τοὺς
3724 794 3991 878 καρπούς.

2429 903 2536 956 Καὶ
2588 902 2706 955 καθ’
2751 902 2937 972 ἕτερον
2968 901 3023 953 δὲ
3067 901 3285 972 τρόπον,
3327 903 3355 953 ό
3397 897 3848 971 μακαριζόμενος,
3898 914 3996 968 μι-

2426 992 2781 1063 ταφυτευθεὶς
2832 993 2893 1044 ἐκ
2935 989 3029 1043 τοῦ
3078 988 3272 1061 θνητοῦ
3321 989 3455 1059 βίου,
3510 987 3832 1057 ἐπαγγελίαν
3879 985 3993 1052 ἔξει

2426 1088 2483 1139 ἐν
2509 1085 2589 1156 τῷ
2634 1082 2943 1156 παραδείσῳ
2970 1080 3063 1135 τοῦ
3106 1081 3240 1135 Θεοῦ
3286 1081 3518 1145 ἔσεσθαι,
3551 1082 3625 1145 ὡς
3653 1080 3713 1134 τὺ
3742 1079 3895 1146 ξύλον
3934 1080 3996 1133 τὸ
4056 1092 4063 1098 ‘

2431 1176 2832 1248 πεφυτευμένον
2859 1174 3009 1246 παρὰ
3031 1174 3126 1238 τὰς
3150 1173 3411 1239 διεξόδους
3439 1173 3545 1226 τῶν
3570 1172 3796 1227 ὑδάτων.

2505 1270 2627 1337 Οὐχ
2658 1268 2843 1333 οὕτως
2873 1269 2927 1319 οἱ
2952 1265 3206 1331 ἀσεϐεῖς,
3239 1268 3349 1335 οὐχ
3378 1266 3581 1331 οὕτως,
3611 1265 3745 1319 ἀλλ’
3774 1263 3814 1333 ἢ
3850 1262 3995 1319 ὡσεὶ

2425 1360 2590 1429 χοῦς,
2633 1359 2705 1413 ὃν
2742 1359 2997 1428 ἐκρίπτει
3032 1361 3065 1412 ὀ
3109 1358 3325 1426 ἄνεμος
3376 1358 3495 1412 ἀπὸ
3535 1357 3857 1426 προσώπου
3885 1354 4000 1425 τῆς

2424 1451 2554 1521 τῆς.
2601 1451 2659 1504 '0
2692 1451 2787 1520 μὲν
2822 1450 3087 1521 μακάριος
3128 1449 3365 1511 τοιοῦτος
3392 1444 3502 1501 οἷον
3540 1450 3567 1501 ό
3598 1449 3751 1518 λόγος
3782 1445 4003 1521 διέγρα-

2422 1543 2551 1612 ψεν·
2589 1542 2810 1605 σπάνιος
2847 1542 2902 1594 δέ
2937 1538 3091 1604 οὗτος
3125 1541 3221 1593 καὶ
3256 1542 3312 1592 ἐν
3350 1540 3550 1609 ὀλίγοις
3590 1541 3998 1612 εύρισκόμενοςυ

2425 1631 2613 1684 Πολλοὶ
2652 1630 2708 1684 δὲ
2746 1632 2795 1683 οί
2828 1630 3063 1693 ἀσεϐεῖς,
3104 1631 3299 1693 οἵτινες
3344 1630 3418 1693 ὼς
3464 1631 3628 1702 μηδὲν
3669 1630 3880 1701 ἔχοντες
3922 1628 3999 1700 τῷ

2427 1724 2678 1795 μακαρίῳ
2703 1722 3102 1795 διαϐέϐληνται.
3141 1724 3367 1795 Καρπὸν
3398 1723 3506 1794 γὰρ
3536 1724 3865 1794 πρόσκαιρον
3903 1723 4001 1777 καὶ

2425 1815 2732 1878 σκεδαστὸν,
2750 1816 2842 1868 καὶ
2862 1814 3227 1885 ἀπολλύμενον
3251 1816 3597 1887 κτησάμενοι,
3622 1816 3903 1884 γεγόνασιν
3923 1816 4000 1881 ὡς

2424 1909 2456 1960 ὀ
2470 1904 2617 1976 χοῦς
2637 1907 2708 1959 ὃν
2721 1893 2981 1973 ἐκρίπέτει
2995 1908 3027 1958 ό
3044 1906 3259 1973 ἄνεμος
3278 1907 3395 1959 ἀπὸ
3414 1906 3734 1973 προσώπου
3748 1905 3855 1975 τῆς
3866 1906 3999 1976 τῆς.

824 1997 989 2053 Vens.
1034 1999 1085 2053 5.
1131 1998 1260 2053 Ideo
1312 2016 1415 2053 non
1466 2009 1734 2068 resurgent
1784 2000 1931 2067 impii
1983 2000 2037 2052 in
2081 1998 2320 2067 judicio,
2353 1981 2395 2036 Β
2493 1998 2594 2052 Διά
2621 1997 2797 2051 τοῦτο
2828 2000 2939 2051 οὐκ
2962 1998 3012 2051 ἀι

2493 1998 2594 2052 Διά
2621 1997 2797 2051 τοῦτο
2828 2000 2939 2051 οὐκ
2962 1997 3407 2062 ἀναστήσονται
3434 1999 3671 2065 ἀσεϐεῖς
3690 2000 3759 2053 ἐν
3783 2001 4001 2067 κρίσει,

756 2108 915 2161 neque
940 2100 1237 2159 peccatores
1264 2092 1317 2143 in
1346 2092 1572 2145 concilio
1598 2090 1891 2161 justorum.
1919 2088 1976 2144 In
2011 2091 2320 2155 communi,

757 2180 929 2246 illud,
976 2181 1030 2233 in
1081 2180 1305 2234 concilio
1355 2179 1618 2250 iustorum
1663 2180 1933 2250 accipias,
1979 2180 2053 2233 ita
2102 2188 2160 2233 ut
2211 2180 2323 2234 haec

755 2271 1029 2327 sententia
1059 2271 1220 2327 fuerit
1246 2291 1257 2326 :
1293 2271 1743 2341 Quandoquidem
1770 2271 1905 2325 nihil
1935 2272 2132 2334 fertile,
2160 2270 2323 2327 vitale

754 2365 925 2430 nihil,
957 2379 1131 2434 neque
1157 2364 1390 2421 fructum
1418 2365 1521 2421 Deo
1543 2364 1765 2435 dignum
1784 2405 1798 2431 ,
1824 2365 2039 2435 qualem
2060 2350 2325 2419 dederunt

750 2458 915 2527 justi,
950 2458 1100 2529 impii
1129 2460 1438 2529 protulere;
1471 2459 1591 2524 ideo
1621 2458 1674 2513 in
1704 2457 1896 2527 judicii
1926 2465 2201 2526 tempore,
2234 2471 2322 2509 ue-

752 2567 849 2621 que
876 2561 1174 2620 peccatores
1210 2552 1263 2605 in
1298 2551 1524 2606 consitio
1550 2551 1821 2620 justorum
1858 2556 2169 2619 rcsurgent.
2214 2546 2322 2601 Pro

751 2642 988 2697 concilio
1019 2651 1197 2698 autem
1230 2643 1423 2713 Aquila
1459 2651 1512 2698 et
1543 2627 1846 2696 Theodotio
1880 2656 2206 2711 synagogam
2238 2640 2322 2693 in-

749 2735 1031 2803 terpretati
1060 2742 1225 2801 sunt;
1259 2733 1620 2805 Symmachus
1643 2747 1794 2795 vero,
1811 2740 2151 2799 ,ronventum.
2176 2729 2323 2785 Con-

753 2827 939 2881 cilium
978 2826 1140 2895 igitur
1174 2824 1263 2878 hic
1300 2826 1569 2896 intelligas
1605 2830 1935 2879 conventura
1967 2830 2282 2877 sanctorum
2304 2861 2318 2887 ,

757 2930 815 2971 ut
853 2917 911 2971 in
944 2916 1215 2987 principio
1250 2916 1453 2971 dictum
1495 2925 1598 2972 est.
1639 2915 2015 2987 Oppositoque
2049 2930 2215 2970 sensu
2256 2915 2323 2969 il-

754 3009 843 3064 Iud
865 3052 880 3076 ,
915 3010 969 3063 in
1000 3010 1220 3064 (oriciiio
1252 3011 1532 3079 impiorum
1553 3050 1567 3075 ,
1598 3025 1697 3080 pro
1727 3012 1999 3064 conventu
2028 3007 2321 3078 impiorum

752 3100 1014 3171 accipias.
1050 3100 1316 3156 Caeterum
1353 3109 1639 3171 rcsurgent
1678 3101 1778 3170 ipsi
1817 3116 2033 3171 quoque
2056 3140 2071 3165 ,
2111 3099 2204 3155 sed
2253 3101 2319 3155 ad

754 3209 968 3264 pmnam
997 3202 1159 3263 atque
1190 3193 1553 3264 supplicium:
1592 3191 1734 3246 Nam
1773 3184 1962 3246 cuncta
1995 3208 2111 3263 qua?
2144 3194 2279 3261 ﬁunt
2302 3228 2338 3257 ,λ

754 3284 975 3339 adducet
1014 3282 1155 3337 Deus
1207 3285 1264 3337 in
1300 3282 1568 3353 judicium
1618 3300 1713 3353 pro
1766 3300 1905 3336 omni
1955 3292 2167 3347 errato,
2217 3284 2323 3337 sive

753 3378 944 3456 bonum
985 3377 1091 3431 sive
1121 3377 1322 3430 malum
1351 3376 1484 3430 illud
1514 3376 1676 3446 fuerit
1710 3377 1748 3430 ³.
1792 3375 2103 3430 Notandum
2140 3386 2323 3429 autem

753 3477 863 3531 est,
901 3470 1137 3543 primum
1189 3468 1444 3525 Davj‘dem
1494 3469 1953 3524 resurrectionem
1995 3476 2049 3523 et
2082 3467 2325 3521 futurum

752 3554 872 3627 pust
918 3558 1374 3614 resurrectionem
1409 3556 1698 3627 judicium,
1732 3574 1943 3614 necnon
1974 3557 2170 3612 futurae
2204 3558 2327 3611 vita:

752 3651 1206 3721 promissionem,
1267 3660 1450 3721 aperte
1496 3651 1802 3707 docuisse:
1860 3650 2071 3721 Moyses
2127 3649 2327 3719 quippe

751 3743 885 3797 nihil
919 3742 1227 3812 huiusmodi
1264 3744 1472 3813 uspiam
1504 3742 1747 3796 tradidit.

828 3834 992 3893 Vsus.
1032 3836 1084 3891 6.
1128 3837 1395 3901 Quoniam
1450 3836 1589 3890 novit
1642 3836 1906 3890 Dominus
1956 3844 2094 3889 riam
2144 3834 2324 3904 justo-

752 3944 909 3993 rum,
981 3940 1029 3982 et
1086 3929 1185 3983 iter
1242 3931 1522 3999 impiorum
1578 3928 1789 3997 peribit.
1847 3926 1945 3981 Hic
2019 3925 2320 3996 generatim

752 4030 908 4076 notes
962 4021 1159 4085 velim,
1227 4021 1426 4075 bonum
1480 4020 1699 4091 quidem
1752 4017 1982 4074 Domino
2040 4017 2318 4088 cognitum

752 4129 907 4178 esse,
945 4112 1039 4168 sed
1072 4112 1275 4167 malum
1315 4108 1655 4182 neutiquam.
1694 4109 1841 4175 Bona
1874 4106 2076 4180 quippe
2107 4116 2192 4164 est
2225 4109 2319 4177 ju-

752 4215 963 4261 storum
1000 4204 1118 4269 via,
1151 4218 1327 4272 neque
1374 4204 1616 4261 dicitur:
1660 4200 1820 4255 Novit
1866 4200 2129 4256 Dominus
2182 4200 2323 4252 viam

753 4300 1046 4370 impiarum
1072 4338 1086 4359 ,
1116 4296 1368 4351 videlicet
1394 4310 1584 4350 eorum
1619 4295 1709 4364 qui
1742 4295 1797 4347 in
1829 4284 2122 4364 perniciem
2156 4299 2321 4356 eunt;

754 4393 849 4448 sed
880 4412 892 4447 :
928 4389 1090 4445 Novit
1126 4388 1386 4443 Dominus
1417 4388 1505 4457 qui
1537 4397 1657 4440 sunt
1687 4387 1799 4455 ejus
1838 4384 1877 4438 ⁸.
1912 4383 2195 4438 Justorum
2230 4398 2326 4436 au-

753 4498 857 4541 tem
894 4486 981 4541 via
1012 4494 1096 4542 est
1132 4486 1178 4539 is
1210 4482 1303 4554 qui
1336 4482 1475 4539 dixit
1506 4501 1519 4536 :
1561 4479 1671 4551 Ego
1703 4496 1818 4534 sum
1851 4480 1934 4535 via
1964 4481 1984 4510 ⁵
2016 4496 2031 4544 ;
2062 4488 2115 4532 et
2145 4477 2277 4532 illud
2309 4498 2319 4532 :

761 4578 940 4634 Videte
967 4561 1085 4646 qua:
1116 4580 1187 4632 sit
1220 4580 1304 4631 via
1337 4575 1474 4630 bona
1495 4577 1535 4630 “.
1568 4574 1695 4629 llaec
1730 4574 1953 4645 respicit
1987 4575 2252 4644 psalmus.

1173 4688 1499 4745 PSALMUS
1566 4686 1775 4743 DAVID
1834 4687 1899 4741 11.

1211 4794 1534 4871 Explanatio
1567 4803 1761 4872 psalmi
1802 4818 1863 4858 ιι.

823 4920 990 4975 Vens.
1022 4924 1070 4973 1.
1105 4919 1283 4986 Quare
1315 4918 1639 4986 fremuerunt
1669 4928 1844 4989 gentes
1865 4961 1878 4985 ,
1918 4928 1968 4973 et
2010 4915 2191 4987 populi
2222 4931 2329 4967 me-

751 5015 911 5070 ditati
944 5023 1064 5069 sunt
1100 5013 1331 5066 inania?
1363 5010 1710 5080 Prophetiam
1748 5011 1932 5073 τίθει-ι,
1967 5025 2075 5080 qua
2121 5005 2327 5062 Christi

754 5108 1019 5162 adventus
1050 5106 1403 5171 enuntiatur;
1433 5119 1541 5175 quo
1566 5110 1722 5173 pacto
1750 5104 1959 5157 scilicet
1990 5103 2230 5155 futurum
2261 5098 2332 5153 sit

742 5206 816 5251 ‘ut
863 5187 1173 5251 Judaeorum
1222 5196 1435 5253 insidiis
1485 5201 1791 5265 appetatur,
1832 5194 2182 5263 gentiumque
2212 5204 2331 5242 om-

760 5290 909 5343 nium
942 5288 1273 5353 dominetur,
1306 5297 1359 5343 et
1390 5294 1659 5357 quotquot
1693 5285 1746 5337 in
1779 5297 1902 5337 eum
1941 5281 2193 5336 ﬁduciam
2228 5279 2329 5331 ha-

755 5382 994 5443 bebunt,
1029 5381 1147 5450 ejus
1182 5396 1346 5451 opera
1384 5380 1569 5435 felices
1599 5373 1857 5432 evadant.
1894 5374 2112 5429 Primus
2145 5375 2329 5442 itaque

754 5476 1001 5548 psalmus
1038 5490 1198 5545 parce
1232 5475 1462 5544 loquens
1512 5488 1682 5527 unum
1723 5471 1989 5525 duntaxat
2037 5470 2131 5540 qui
2177 5466 2327 5521 salu-

751 5582 860 5625 tem
918 5576 1250 5625 consecutus
1297 5574 1379 5621 est
1429 5566 1647 5639 beatum
1705 5562 2001 5633 praedicat;
2056 5563 2145 5616 hic
2196 5573 2326 5613 vero

754 5663 1001 5733 psalmus
1036 5661 1103 5715 ad
1142 5659 1453 5716 felicitatem
1489 5656 1894 5710 multitudinem
1931 5666 2105 5709 vet-at.
2144 5652 2327 5722 Siqui-

747 5754 871 5810 dem
908 5756 1153 5809 onmium
1186 5766 1295 5807 una
1342 5751 1585 5822 gentium
1629 5750 1971 5805 vocationem
2013 5746 2329 5818 complecti—

751 5862 861 5912 tur,
904 5863 1180 5918 regnaque
1206 5856 1369 5901 terrae
1396 5844 1587 5897 invitat
1619 5842 1685 5897 ad
1713 5842 1963 5897 salutem.
2003 5840 2128 5895 Ha‘e
2158 5852 2325 5907 porro

751 5947 890 5996 bona
945 5953 1041 6008 per
1087 5938 1368 5992 Christum
1414 5934 1726 5989 hominibus
1775 5933 2078 5987 obventura
2127 5944 2321 5984 consc-

823 6057 843 6087 ³
884 6055 1066 6113 Eccle.
1100 6071 1193 6115 xu.
1224 6055 1305 6110 Η.

2423 2086 2563 2143 οὐδὲ
2593 2087 2923 2156 ἁμαρτωλοὶ
2953 2088 3021 2139 ἐν
3063 2084 3269 2153 ,Βουλῇ
3313 2085 3571 2139 δικαίων.
3615 2090 3770 2142 Κατὰ
3819 2087 4001 2141 κοινοῦ

2422 2179 2501 2243 τὸ,
2533 2179 2601 2232 ἐν
2634 2175 2837 2245 βουλῇ
2859 2176 3120 2239 δικαίων,
3149 2175 3432 2239 άκούσεις·
3468 2177 3542 2241 ὼς
3564 2172 3710 2231 εἶναι
3750 2178 3847 2249 τὴν
3878 2180 3997 2232 διά-

2423 2288 2569 2323 νοιαν
2597 2267 2847 2339 τοιαύτην
2870 2284 2883 2297 ·
2914 2268 3064 2320 Ἐπεὶ
3099 2266 3264 2337 μηδὲν
3317 2268 3535 2339 γόνιμον
3580 2269 3713 2337 μηδὲ
3749 2268 4001 2335 ζωτικὸν,

2422 2363 2536 2416 ἀλλ’
2568 2361 2689 2415 ούδέ
2728 2361 2936 2430 καρπὸν
2968 2359 3104 2413 Θεοῦ
3136 2360 3282 2426 ἄξιον
3319 2364 3431 2424 τοῖς
3464 2360 3689 2429 δικαίοις
3721 2364 4005 2432 παραπλησ

2425 2456 2554 2519 σίως
2582 2457 2631 2508 οἱ
2670 2455 2888 2518 ἀσεϐεῖς
2940 2455 3371 2527 προηνέγκαντο,
3399 2452 3487 2505 διὰ
3521 2452 3679 2506 τοῦτο
3718 2455 3775 2506 ἐν
3802 2453 3878 2524 τῷ
3904 2455 4006 2525 τῆς
4076 2451 4083 2459 ’

2423 2547 2655 2617 κρίσεως
2701 2546 2898 2618 καιρῷ,
2938 2547 3076 2599 οὔτε
3118 2549 3171 2599 οὶ
3219 2544 3549 2614 ἁμαρτωλοί
3580 2542 3649 2597 ἐν
3679 2542 3883 2611 βουλῇ
3913 2543 4003 2597 δι-

2422 2641 2608 2693 καίων
2639 2640 3057 2709 ἀναστήσονται.
3102 2638 3249 2691 Ἀντί
3280 2638 3335 2691 δὲ
3364 2636 3555 2707 βουλῆς
3577 2638 3605 2689 ὁ
3639 2636 3737 2706 μὲν
3776 2635 4004 2700 ’Δκύλας

2425 2731 2518 2783 καὶ
2547 2733 2575 2783 ὁ
2600 2730 2891 2784 Θεοδοτίων
2915 2729 3275 2800 συναγωγὴν
3297 2726 3690 2800 ήρμηνεύκασι,
3720 2726 4005 2781 συνέλευ-

2422 2840 2526 2876 σιν
2554 2822 2609 2876 δὲ
2648 2826 2677 2877 ό
2708 2824 3022 2894 Σύμμαχος.
3057 2822 3259 2892 Βουλὴν
3288 2822 3465 2876 τοίνυν
3512 2823 3739 2893 ἡγητέον
3773 2819 4005 2873 ἐνταῦθα

2423 2917 2672 2990 είρῆσθαι
2711 2917 2808 2988 τὴν
2842 2916 3059 2970 σύνοδον
3083 2914 3188 2968 τῶν
3218 2914 3407 2982 ἁγίων,
3436 2914 3511 2977 ὡς
3550 2914 3643 2967 καὶ
3670 2914 3726 2965 ἐν
3758 2913 3898 2983 ἀρχῇ
3928 2912 4005 2965 εῖ-

2429 3030 2607 3086 ρηται.
2642 3012 2797 3066 Κατά
2831 3010 3088 3082 δευτέραν
3111 3010 3344 3064 διάνοιαν
3374 3007 3470 3077 τὴν
3501 3006 3715 3060 σύνοδον
3744 3006 3849 3058 τῶν
3878 3007 4006 3058 ἀσε-

2423 3106 2533 3159 6ῶν
2566 3105 2854 3178 δηλοῦσθαι
2889 3106 2953 3157 ἐκ
2981 3103 3075 3158 τοῦ
3105 3105 3174 3158 ἐν
3196 3100 3399 3170 ,βουλῇ
3428 3099 3679 3155 ἀσεϐῶν.
3706 3100 3851 3170 Πλὴν
3881 3099 4005 3151 ἀνα-

2426 3202 2712 3270 στήσονται
2760 3201 2850 3252 ἐπὶ
2896 3198 3113 3252 κολάσει
3164 3198 3258 3251 καὶ
3308 3193 3569 3265 τιμωρίᾳ·
3613 3191 3743 3246 Πᾶν
3783 3194 3891 3261 γὰρ
3934 3190 4003 3243 τὸ

2426 3293 2649 3360 ποίημα
2670 3290 2797 3354 ἄξει
2824 3294 2854 3345 ὀ
2888 3288 3031 3354 Θεὸς
3056 3291 3142 3353 εὶς
3170 3288 3375 3355 κρίσιν
3398 3284 3458 3337 ἐν
3500 3282 3677 3335 παντί
3705 3295 4005 3348 παρεωρα-

2421 3384 2601 3455 μένῳ,
2631 3382 2739 3436 ἐάν
2762 3400 2823 3437 τε
2866 3376 3089 3451 ἀγαθὸν
3116 3376 3175 3451 ᾖ,
3214 3380 3322 3433 ἐάν
3350 3397 3411 3432 τε
3453 3377 3735 3445 πον-ιιοόν.
3767 3374 4005 3446 Σημείω-

2429 3498 2517 3533 σαι
2553 3480 2629 3542 δὲ,
2672 3480 2752 3532 ὅτι
2802 3477 3015 3549 πρῶτος
3049 3475 3208 3529 Δαυῖδ
3247 3475 3341 3527 καὶ
3368 3472 3660 3527 ἀνάστασιν
3704 3468 3795 3523 καὶ
3825 3467 4006 3533 κρίσιν

2431 3570 2567 3642 μετὰ
2593 3571 2691 3641 τὴν
2725 3570 3018 3624 ἀνάστασιν
3050 3566 3339 3637 ἐσομένην,
3373 3564 3465 3617 καὶ
3496 3560 3823 3631 ἐπαγγελίαν
3856 3554 4000 3629 ζωῆς

2417 3658 2725 3735 μελλούσης
2758 3663 2942 3731 σαφῶς
2983 3660 3207 3727 ἐδίδαξε,
3250 3656 3526 3720 Μωῦσέως
3561 3654 3724 3727 μηδὲν
3769 3650 4006 3706 τοιοῦτον

2428 3776 2501 3812 πα
2512 3758 2631 3811 οαδε
2639 3758 2888 3819 δωκότος.

2501 3852 2618 3902 ’Ὁτι
2670 3848 2946 3918 γινώσκει
2992 3848 3204 3914 Κύριος
3238 3845 3380 3899 ὀδόν
3420 3842 3684 3906 δικαίων,
3728 3840 3823 3894 καί
3862 3837 4003 3904 ὁδὸς

2426 3943 2661 3996 ἀσεϐῶν
2693 3940 3021 3995 ἀπολεῖται.
3070 3932 3740 4007 Σημεῐωσαιςκαθολικῶς,
3790 3933 3871 3985 δτι
3900 3947 4004 3983 κα-

2426 4035 2515 4088 λὸν
2568 4038 2663 4107 μὲν
2712 4032 3038 4103 γινώσκεται
3092 4029 3196 4082 ὑπὸ
3238 4027 3464 4099 Κυρίου,
3515 4023 3715 4094 φαῦλον
3759 4022 3815 4075 δὲ
3852 4022 4002 4075 οὐδὲν

2427 4128 2699 4180 οὐδέποτε.
2760 4122 3084 4193 Καλὸνγὰρ
3133 4120 3248 4184 ὁδὸς
3295 4118 3535 4181 δικαίων,
3568 4117 3661 4169 καὶ
3702 4115 3800 4168 οὐκ
3840 4110 3960 4168 εἷπε
3986 4131 4000 4145 ·

2426 4218 2686 4271 Γινώσκει
2728 4215 2933 4285 Κύριος
2962 4213 3078 4267 ὁδὸν
3123 4210 3354 4273 ἀσεϐῶν,
3396 4210 3511 4281 ἦτοι
3552 4206 3659 4260 τῶν
3700 4204 4003 4277 ἀπολλυμέ-

2428 4329 2561 4365 νων·
2595 4309 2758 4363 ἁλλά·
2792 4310 2899 4362 Καὶ
2942 4306 3093 4376 ἔγνω
3142 4306 3354 4372 Κύριος
3394 4302 3536 4368 τοὺς
3579 4301 3755 4367 ὄντας
3796 4298 4001 4353 αὐτοῦ.

2440 4404 2585 4467 Ὁδὸς
2627 4404 2684 4457 δέ
2725 4401 2967 4463 δικαίων,
3003 4402 3031 4453 ὁ
3060 4398 3258 4451 εἰπών·
3302 4396 3439 4467 Ἐγώ
3475 4399 3587 4466 ειμι
3624 4398 3662 4463 τ’]
3706 4394 3879 4459 ὁδός*
3912 4392 4003 4445 καὶ

2426 4498 2489 4549 τό
2508 4514 2521 4526 ·
2554 4494 2733 4550 Ἴδετε
2756 4494 2896 4547 ποία
2925 4493 3097 4546 ἐστίν
3120 4493 3157 4559 ἡ
3182 4489 3321 4557 ὀόὐς
3345 4492 3381 4558 ἠ
3407 4487 3620 4560 ἀγαθή.
3651 4488 3772 4541 Ἐπὶ
3799 4485 3997 4540 τούτων

2436 4588 2785 4658 ἀναφέρεται.

2857 4700 3150 4753 ιιἈΛΜοΣ
3176 4698 3261 4768 Tn
3289 4686 3485 4748 ΑΑΥΪΔ
3518 4694 3589 4745 nr.

2869 4790 3190 4860 Ἑξήγησις
3230 4784 3473 4856 ψαλμοῦ
3499 4785 3578 4849 β’.

2507 4912 2630 4964 Ἵνα
2673 4911 2729 4963 τί
2774 4908 3082 4978 ἐφρύαξαν
3118 4905 3282 4970 ἔθνη,
3332 4902 3429 4954 καὶ
3463 4898 3598 4953 λαοί
3634 4896 4006 4968 ἐμελέτησαν

2453 4996 2626 5067 (ard;
2690 5001 3035 5075 Προφητείαν
3102 4996 3339 5067 ἐντίθησι
3404 4990 3636 5065 Χριστοῦ
3704 4991 4005 5063 παρουσίας

2432 5096 2935 5167 προσαγορευτικήν
2956 5111 2970 5123 σ
3006 5092 3099 5146 καὶ
3128 5090 3201 5153 ὡς
3234 5087 3337 5141 ὑπὸ
3367 5085 3631 5140 Ἰουδαίων
3665 5084 3762 5154 μὲν
3790 5082 4008 5138 ἐπιϐου-

2430 5176 2771 5259 λευθήσεται,
2822 5186 3088 5257 κρατήσει
3132 5180 3186 5232 δὲ
3236 5178 3342 5231 τῶν
3383 5177 3550 5231 ἐθνῶν
3595 5176 3868 5238 ἁπάντων,
3914 5181 4006 5230 καὶ

2429 5283 2503 5345 ὡς
2529 5282 2593 5336 δι’
2636 5280 2801 5335 αὑτοῦ
2834 5281 3031 5341 πάντες
3084 5274 3339 5345 μακάριοι
3372 5273 3582 5325 ἔσονται
3612 5272 3658 5322 οἱ
3688 5269 4003 5325 πεποιθότες

2430 5376 2514 5428 ἐπ’
2545 5375 2709 5445 αύτῷ.
2757 5376 2814 5426 '0
2848 5348 2944 5444 μέν
2971 5364 3063 5422 οὖν
3091 5366 3303 5437 πρῶτος
3330 5364 3543 5435 eam;
3589 5362 3684 5417 ἕνα
3724 5361 3845 5415 τινὰ
3878 5379 4007 5414 σπαυ

2436 5467 2561 5528 νίως
2593 5467 2894 5537 σωζόμενον
2926 5460 3255 5534 ἐμακάριζεν
3274 5477 3285 5489 ·
3310 5460 3337 5511 ὁ
3366 5460 3421 5511 δὲ
3451 5456 3640 5530 παρὼν
3663 5455 3799 5526 ὁμοῦ
3828 5454 4003 5523 πλήθη

2438 5558 2590 5611 καλεῖ
2631 5558 2722 5610 ἐπὶ
2766 5557 2858 5611 τὸν
2912 5552 3294 5625 μακαρισμὸν·
3346 5548 3465 5600 ἐπεὶ
3516 5546 3608 5599 καὶ
3664 5544 3855 5613 κλῆσιν
3898 5539 4007 5593 τῶν

2437 5649 2603 5702 ἐθνῶν
2635 5650 2884 5703 ἁπάντων
2923 5646 3186 5718 περιέχει,
3220 5642 3313 5695 καὶ
3342 5640 3438 5701 τὰς
3472 5637 3751 5709 βασιλείας
3777 5634 3874 5707 τῆς
3903 5631 4005 5701 γῆς

2397 5729 2404 5737 ’
2439 5741 2529 5793 ἐπὶ
2572 5739 2671 5813 τὴν
2715 5739 2986 5811 σωτηρίαν
3035 5735 3207 5790 καλεῖ.
3255 5731 3437 5784 Ταῦτα
3475 5730 3532 5783 δὲ
3580 5728 3758 5781 πάντα
3796 5723 3884 5776 διὰ
3912 5721 4006 5775 τοῦ

2436 5834 2670 5907 Χριστοῦ
2692 5818 3185 5906 προξενηθήσεσθαι
3211 5826 3516 5898 ἀνθρώποις
3538 5818 3781 5883 θεσπίζει
3804 5816 4001 5890 σφόδρα

2432 5926 2756 5990 ἀκολούθως.
2808 5922 2953 5978 Ἔδει
2998 5923 3106 5995 γὰρ
3150 5922 3293 5993 ἡμᾶς
3340 5912 3836 5989 προμεμαθηκάτας
3880 5911 3994 5982 περ’

1384 6059 1403 6085 ⁵
1441 6051 1484 6106 ll
1518 6051 1656 6109 Tim.
1696 6068 1764 6115 ιι,
1804 6051 1885 6106 l9.
1967 6052 1987 6083 '
2024 6047 2181 6104 Joan.
2215 6062 2333 6110 xw,
2374 6043 2428 6099 ϐ.
2508 6044 2759 6102 ‘Jerem.
2803 6059 2875 6108 γι,
2920 6042 3012 6095 16.
