  <div class='ocr_page' id='page_1' title='image "/cluster/home/n/w/nwhite01/storage/ocr_20150623/23/coo.31924054873041/056.png"; bbox 0 0 4262 6394; ppageno 0'>
   <div class='ocr_carea' id='block_1_1' title="bbox 260 448 3477 536">
    <p class='ocr_par' dir='ltr' id='par_1_1' title="bbox 260 448 3477 536">
     <span class='ocr_line' id='line_1_1' title="bbox 260 448 3477 536; baseline -0.002 -1"><span class='ocrx_word' id='word_1_1' title='bbox 260 481 319 535; x_wconf 90' lang='lat' dir='ltr'><strong>8t</strong></span> <span class='ocrx_word' id='word_1_2' title='bbox 1374 480 1868 536; x_wconf 72' lang='lat' dir='ltr'><strong>COMMENTARIA</strong></span> <span class='ocrx_word' id='word_1_3' title='bbox 1911 480 1974 536; x_wconf 85' lang='lat' dir='ltr'><strong>IN</strong></span> <span class='ocrx_word' id='word_1_4' title='bbox 2017 476 2349 533; x_wconf 74' lang='lat' dir='ltr'><strong>PSALMOS.</strong></span> <span class='ocrx_word' id='word_1_5' title='bbox 3411 448 3477 529; x_wconf 61' lang='lat' dir='ltr'><strong>s92</strong></span> 
     </span>
    </p>
   </div>
   <div class='ocr_carea' id='block_1_2' title="bbox 260 586 1820 671">
    <p class='ocr_par' dir='ltr' id='par_1_2' title="bbox 260 586 1820 671">
     <span class='ocr_line' id='line_1_2' title="bbox 260 586 1820 671; baseline 0.001 -20"><span class='ocrx_word' id='word_1_6' title='bbox 260 598 357 651; x_wconf 65' lang='lat' dir='ltr'><strong>vi?»</strong></span> <span class='ocrx_word' id='word_1_7' title='bbox 397 598 490 653; x_wconf 81' lang='grc' dir='ltr'><strong>δύο</strong></span> <span class='ocrx_word' id='word_1_8' title='bbox 519 598 672 665; x_wconf 84' lang='grc' dir='ltr'>ὁδῶν,</span> <span class='ocrx_word' id='word_1_9' title='bbox 704 601 829 671; x_wconf 78' lang='grc' dir='ltr'>ἑξῆς</span> <span class='ocrx_word' id='word_1_10' title='bbox 871 602 963 655; x_wconf 68' lang='grc' dir='ltr'>καὶ</span> <span class='ocrx_word' id='word_1_11' title='bbox 1002 595 1070 654; x_wconf 82' lang='grc' dir='ltr'>τὰ</span> <span class='ocrx_word' id='word_1_12' title='bbox 1109 600 1236 671; x_wconf 72' lang='grc' dir='ltr'>περὶ</span> <span class='ocrx_word' id='word_1_13' title='bbox 1264 600 1357 653; x_wconf 86' lang='grc' dir='ltr'><strong>τοῦ</strong></span> <span class='ocrx_word' id='word_1_14' title='bbox 1402 586 1820 670; x_wconf 84' lang='grc' dir='ltr'>Σωτῆροςπαι-</span> 
     </span>
    </p>
   </div>
   <div class='ocr_carea' id='block_1_3' title="bbox 1893 586 3479 671">
    <p class='ocr_par' dir='ltr' id='par_1_3' title="bbox 1923 591 3479 669">
     <span class='ocr_line' id='line_1_3' title="bbox 1923 591 3479 669; baseline -0.004 -14"><span class='ocrx_word' id='word_1_15' title='bbox 1923 612 2152 669; x_wconf 82' lang='lat' dir='ltr'><strong>quenter</strong></span> <span class='ocrx_word' id='word_1_16' title='bbox 2190 598 2477 655; x_wconf 82' lang='lat' dir='ltr'><strong>admodum</strong></span> <span class='ocrx_word' id='word_1_17' title='bbox 2520 593 2869 649; x_wconf 71' lang='lat' dir='ltr'><strong>vaticinatur.</strong></span> <span class='ocrx_word' id='word_1_18' title='bbox 2912 591 3017 646; x_wconf 89' lang='lat' dir='ltr'><strong>Par</strong></span> <span class='ocrx_word' id='word_1_19' title='bbox 3049 594 3192 647; x_wconf 89' lang='lat' dir='ltr'><strong>enim</strong></span> <span class='ocrx_word' id='word_1_20' title='bbox 3229 600 3343 648; x_wconf 89' lang='lat' dir='ltr'><strong>erat</strong></span> <span class='ocrx_word' id='word_1_21' title='bbox 3379 609 3479 648; x_wconf 78' lang='lat' dir='ltr'><strong>nos</strong></span> 
     </span>
    </p>
   </div>
   <div class='ocr_carea' id='block_1_4' title="bbox 261 685 1816 763">
    <p class='ocr_par' dir='ltr' id='par_1_4' title="bbox 261 685 1816 763">
     <span class='ocr_line' id='line_1_4' title="bbox 261 685 1816 763; baseline 0.003 -23"><span class='ocrx_word' id='word_1_22' title='bbox 261 688 502 759; x_wconf 81' lang='grc' dir='ltr'>δευθῆναι</span> <span class='ocrx_word' id='word_1_23' title='bbox 524 707 536 720; x_wconf 88' lang='grc'><strong>·</strong></span> <span class='ocrx_word' id='word_1_24' title='bbox 569 691 636 743; x_wconf 87' lang='grc' dir='ltr'>δι’</span> <span class='ocrx_word' id='word_1_25' title='bbox 661 685 722 744; x_wconf 78' lang='grc' dir='ltr'>οὗ</span> <span class='ocrx_word' id='word_1_26' title='bbox 752 693 951 755; x_wconf 76' lang='grc' dir='ltr'>πάντες</span> <span class='ocrx_word' id='word_1_27' title='bbox 979 691 1251 763; x_wconf 82' lang='grc' dir='ltr'>ἄνθρωποι</span> <span class='ocrx_word' id='word_1_28' title='bbox 1295 692 1389 762; x_wconf 78' lang='grc' dir='ltr'>τὴν</span> <span class='ocrx_word' id='word_1_29' title='bbox 1419 694 1514 761; x_wconf 83' lang='grc' dir='ltr'>μὲν</span> <span class='ocrx_word' id='word_1_30' title='bbox 1542 690 1648 743; x_wconf 80' lang='grc' dir='ltr'><strong>τῶν</strong></span> <span class='ocrx_word' id='word_1_31' title='bbox 1692 694 1816 744; x_wconf 89' lang='grc' dir='ltr'>ἀσε-</span> 
     </span>
    </p>
   </div>
   <div class='ocr_carea' id='block_1_5' title="bbox 1923 682 3482 759">
    <p class='ocr_par' dir='ltr' id='par_1_5' title="bbox 1923 682 3482 759">
     <span class='ocr_line' id='line_1_5' title="bbox 1923 682 3482 759; baseline -0.007 -13"><span class='ocrx_word' id='word_1_32' title='bbox 1923 693 1991 748; x_wconf 88' lang='lat' dir='ltr'><strong>de</strong></span> <span class='ocrx_word' id='word_1_33' title='bbox 2045 692 2259 747; x_wconf 85' lang='lat' dir='ltr'><strong>duabus</strong></span> <span class='ocrx_word' id='word_1_34' title='bbox 2319 690 2423 745; x_wconf 89' lang='lat' dir='ltr'><strong>viis</strong></span> <span class='ocrx_word' id='word_1_35' title='bbox 2474 688 2627 759; x_wconf 88' lang='lat' dir='ltr'><strong>prius</strong></span> <span class='ocrx_word' id='word_1_36' title='bbox 2680 686 3015 749; x_wconf 87' lang='lat' dir='ltr'><strong>instructos,</strong></span> <span class='ocrx_word' id='word_1_37' title='bbox 3074 699 3137 738; x_wconf 87' lang='lat' dir='ltr'><strong>ea</strong></span> <span class='ocrx_word' id='word_1_38' title='bbox 3194 682 3482 754; x_wconf 73' lang='lat' dir='ltr'><strong>quaz.Sal-</strong></span> 
     </span>
    </p>
   </div>
   <div class='ocr_carea' id='block_1_6' title="bbox 261 775 1820 855">
    <p class='ocr_par' dir='ltr' id='par_1_6' title="bbox 261 778 1815 855">
     <span class='ocr_line' id='line_1_6' title="bbox 261 778 1815 855; baseline 0.001 -21"><span class='ocrx_word' id='word_1_39' title='bbox 261 778 367 834; x_wconf 82' lang='grc' dir='ltr'><strong>ϐῶν</strong></span> <span class='ocrx_word' id='word_1_40' title='bbox 394 782 511 836; x_wconf 74' lang='grc' dir='ltr'>ὁδὸν</span> <span class='ocrx_word' id='word_1_41' title='bbox 538 782 816 853; x_wconf 76' lang='grc' dir='ltr'><strong>ἐξέφυγον,</strong></span> <span class='ocrx_word' id='word_1_42' title='bbox 845 783 1030 853; x_wconf 73' lang='grc' dir='ltr'>ἔτυχον</span> <span class='ocrx_word' id='word_1_43' title='bbox 1056 783 1111 836; x_wconf 84' lang='grc' dir='ltr'><strong>δὲ</strong></span> <span class='ocrx_word' id='word_1_44' title='bbox 1142 785 1245 855; x_wconf 88' lang='grc' dir='ltr'><strong>τῆς</strong></span> <span class='ocrx_word' id='word_1_45' title='bbox 1276 784 1395 837; x_wconf 83' lang='grc' dir='ltr'>όδοῦ</span> <span class='ocrx_word' id='word_1_46' title='bbox 1427 782 1527 851; x_wconf 86' lang='grc' dir='ltr'><strong>τῆς</strong></span> <span class='ocrx_word' id='word_1_47' title='bbox 1549 782 1815 853; x_wconf 85' lang='grc' dir='ltr'><strong>σωτηρίου</strong></span> 
     </span>
    </p>
   </div>
   <div class='ocr_carea' id='block_1_7' title="bbox 1893 775 3481 855">
    <p class='ocr_par' dir='ltr' id='par_1_7' title="bbox 1922 775 3481 853">
     <span class='ocr_line' id='line_1_7' title="bbox 1922 775 3481 853; baseline -0.008 -14"><span class='ocrx_word' id='word_1_48' title='bbox 1922 792 2165 839; x_wconf 90' lang='lat' dir='ltr'><strong>vatorem</strong></span> <span class='ocrx_word' id='word_1_49' title='bbox 2227 786 2477 853; x_wconf 82' lang='lat' dir='ltr'><strong>spectant</strong></span> <span class='ocrx_word' id='word_1_50' title='bbox 2533 778 2787 846; x_wconf 68' lang='lat' dir='ltr'><strong>deincvps</strong></span> <span class='ocrx_word' id='word_1_51' title='bbox 2839 775 3121 841; x_wconf 87' lang='lat' dir='ltr'><strong>ediscere;</strong></span> <span class='ocrx_word' id='word_1_52' title='bbox 3175 789 3270 844; x_wconf 90' lang='lat' dir='ltr'><strong>per</strong></span> <span class='ocrx_word' id='word_1_53' title='bbox 3320 788 3481 845; x_wconf 84' lang='lat' dir='ltr'><strong>quem</strong></span> 
     </span>
    </p>
   </div>
   <div class='ocr_carea' id='block_1_8' title="bbox 256 872 1817 946">
    <p class='ocr_par' dir='ltr' id='par_1_8' title="bbox 256 872 1817 946">
     <span class='ocr_line' id='line_1_8' title="bbox 256 872 1817 946; baseline 0.001 -20"><span class='ocrx_word' id='word_1_54' title='bbox 256 872 343 926; x_wconf 77' lang='grc' dir='ltr'>διὰ</span> <span class='ocrx_word' id='word_1_55' title='bbox 368 875 467 945; x_wconf 78' lang='grc' dir='ltr'><strong>τῆς</strong></span> <span class='ocrx_word' id='word_1_56' title='bbox 496 877 573 938; x_wconf 79' lang='grc' dir='ltr'><strong>είς</strong></span> <span class='ocrx_word' id='word_1_57' title='bbox 603 874 764 928; x_wconf 79' lang='grc' dir='ltr'>αὐτὸν</span> <span class='ocrx_word' id='word_1_58' title='bbox 800 875 1055 939; x_wconf 86' lang='grc' dir='ltr'>πίστεως·</span> <span class='ocrx_word' id='word_1_59' title='bbox 1091 876 1119 928; x_wconf 89' lang='grc' dir='ltr'><strong>ὃ</strong></span> <span class='ocrx_word' id='word_1_60' title='bbox 1150 876 1212 946; x_wconf 81' lang='grc' dir='ltr'>δὴ</span> <span class='ocrx_word' id='word_1_61' title='bbox 1244 874 1565 946; x_wconf 73' lang='grc' dir='ltr'><strong>παρίστησιν</strong></span> <span class='ocrx_word' id='word_1_62' title='bbox 1595 874 1817 943; x_wconf 81' lang='grc' dir='ltr'><strong>φάσκων</strong></span> 
     </span>
    </p>
   </div>
   <div class='ocr_carea' id='block_1_9' title="bbox 262 964 1813 1033">
    <p class='ocr_par' dir='ltr' id='par_1_9' title="bbox 262 964 1813 1033">
     <span class='ocr_line' id='line_1_9' title="bbox 262 964 1813 1033; baseline 0.003 -19"><span class='ocrx_word' id='word_1_63' title='bbox 262 990 287 1014; x_wconf 70' lang='grc' dir='ltr'><strong>,ι</strong></span> <span class='ocrx_word' id='word_1_64' title='bbox 313 964 483 1033; x_wconf 86' lang='grc' dir='ltr'>λόγος·</span> <span class='ocrx_word' id='word_1_65' title='bbox 505 964 790 1033; x_wconf 77' lang='grc' dir='ltr'><strong>Μακάριοι</strong></span> <span class='ocrx_word' id='word_1_66' title='bbox 807 965 1026 1031; x_wconf 82' lang='grc' dir='ltr'>πάντες</span> <span class='ocrx_word' id='word_1_67' title='bbox 1042 969 1096 1019; x_wconf 79' lang='lat' dir='ltr'><strong>ol</strong></span> <span class='ocrx_word' id='word_1_68' title='bbox 1116 966 1460 1030; x_wconf 82' lang='grc' dir='ltr'><strong>πεποιθότες</strong></span> <span class='ocrx_word' id='word_1_69' title='bbox 1494 968 1580 1030; x_wconf 84' lang='grc' dir='ltr'>εἰς</span> <span class='ocrx_word' id='word_1_70' title='bbox 1613 966 1813 1019; x_wconf 83' lang='grc' dir='ltr'>αὐτόν.</span> 
     </span>
    </p>
   </div>
   <div class='ocr_carea' id='block_1_10' title="bbox 1927 866 3479 939">
    <p class='ocr_par' dir='ltr' id='par_1_10' title="bbox 1927 866 3479 939">
     <span class='ocr_line' id='line_1_10' title="bbox 1927 866 3479 939; baseline -0.007 -9"><span class='ocrx_word' id='word_1_71' title='bbox 1927 891 2119 931; x_wconf 87' lang='lat' dir='ltr'><strong>omnes</strong></span> <span class='ocrx_word' id='word_1_72' title='bbox 2168 874 2413 929; x_wconf 71' lang='lat' dir='ltr'><strong>homines,</strong></span> <span class='ocrx_word' id='word_1_73' title='bbox 2461 886 2585 926; x_wconf 92' lang='lat' dir='ltr'><strong>cum</strong></span> <span class='ocrx_word' id='word_1_74' title='bbox 2632 870 2922 939; x_wconf 84' lang='lat' dir='ltr'><strong>impiorum</strong></span> <span class='ocrx_word' id='word_1_75' title='bbox 2965 870 3105 923; x_wconf 87' lang='lat' dir='ltr'><strong>viam</strong></span> <span class='ocrx_word' id='word_1_76' title='bbox 3148 866 3479 937; x_wconf 78' lang='lat' dir='ltr'><strong>eﬂ‘ugerunt,</strong></span> 
     </span>
    </p>
   </div>
   <div class='ocr_carea' id='block_1_11' title="bbox 1924 957 3480 1032">
    <p class='ocr_par' dir='ltr' id='par_1_11' title="bbox 1924 957 3480 1032">
     <span class='ocr_line' id='line_1_11' title="bbox 1924 957 3480 1032; baseline -0.005 -13"><span class='ocrx_word' id='word_1_77' title='bbox 1924 974 2039 1020; x_wconf 90' lang='lat' dir='ltr'><strong>tum</strong></span> <span class='ocrx_word' id='word_1_78' title='bbox 2079 966 2221 1020; x_wconf 86' lang='lat' dir='ltr'><strong>viam</strong></span> <span class='ocrx_word' id='word_1_79' title='bbox 2266 966 2555 1020; x_wconf 86' lang='lat' dir='ltr'><strong>salutarem</strong></span> <span class='ocrx_word' id='word_1_80' title='bbox 2585 977 2682 1032; x_wconf 87' lang='lat' dir='ltr'><strong>per</strong></span> <span class='ocrx_word' id='word_1_81' title='bbox 2722 961 2880 1015; x_wconf 79' lang='lat' dir='ltr'><strong>[idem</strong></span> <span class='ocrx_word' id='word_1_82' title='bbox 2929 960 2984 1013; x_wconf 89' lang='lat' dir='ltr'><strong>in</strong></span> <span class='ocrx_word' id='word_1_83' title='bbox 3028 960 3204 1030; x_wconf 89' lang='lat' dir='ltr'><strong>ipsum</strong></span> <span class='ocrx_word' id='word_1_84' title='bbox 3251 957 3480 1029; x_wconf 84' lang='lat' dir='ltr'><strong>ingressi</strong></span> 
     </span>
    </p>
   </div>
   <div class='ocr_carea' id='block_1_12' title="bbox 262 1055 2452 1126">
    <p class='ocr_par' dir='ltr' id='par_1_12' title="bbox 262 1055 2452 1126">
     <span class='ocr_line' id='line_1_12' title="bbox 262 1055 2452 1126; baseline -0.001 -15"><span class='ocrx_word' id='word_1_85' title='bbox 262 1065 422 1121; x_wconf 84' lang='lat' dir='ltr'><strong>sunt;</strong></span> <span class='ocrx_word' id='word_1_86' title='bbox 471 1056 611 1125; x_wconf 89' lang='lat' dir='ltr'><strong>quod</strong></span> <span class='ocrx_word' id='word_1_87' title='bbox 656 1056 801 1111; x_wconf 87' lang='lat' dir='ltr'><strong>hisce</strong></span> <span class='ocrx_word' id='word_1_88' title='bbox 844 1058 1021 1112; x_wconf 81' lang='lat' dir='ltr'><strong>verbis</strong></span> <span class='ocrx_word' id='word_1_89' title='bbox 1066 1057 1411 1112; x_wconf 80' lang='lat' dir='ltr'><strong>declaratur:</strong></span> <span class='ocrx_word' id='word_1_90' title='bbox 1447 1055 1596 1109; x_wconf 78' lang='lat' dir='ltr'><strong>Beati</strong></span> <span class='ocrx_word' id='word_1_91' title='bbox 1628 1072 1804 1109; x_wconf 79' lang='lat' dir='ltr'><strong>omnes</strong></span> <span class='ocrx_word' id='word_1_92' title='bbox 1839 1059 1927 1126; x_wconf 89' lang='lat' dir='ltr'><strong>qui</strong></span> <span class='ocrx_word' id='word_1_93' title='bbox 1969 1056 2243 1126; x_wconf 75' lang='lat' dir='ltr'><strong>conﬁdunt</strong></span> <span class='ocrx_word' id='word_1_94' title='bbox 2282 1057 2335 1109; x_wconf 86' lang='lat' dir='ltr'><strong>in</strong></span> <span class='ocrx_word' id='word_1_95' title='bbox 2374 1073 2452 1109; x_wconf 85' lang='lat' dir='ltr'><strong>eo.</strong></span> 
     </span>
    </p>
   </div>
   <div class='ocr_carea' id='block_1_13' title="bbox 326 1170 1905 1241">
    <p class='ocr_par' dir='ltr' id='par_1_13' title="bbox 326 1170 1905 1241">
     <span class='ocr_line' id='line_1_13' title="bbox 326 1170 1905 1241; baseline 0 -16"><span class='ocrx_word' id='word_1_96' title='bbox 326 1172 724 1239; x_wconf 80' lang='grc' dir='ltr'>Παρέστησαν</span> <span class='ocrx_word' id='word_1_97' title='bbox 763 1174 817 1225; x_wconf 78' lang='grc' dir='ltr'><em>οι</em></span> <span class='ocrx_word' id='word_1_98' title='bbox 853 1172 1133 1238; x_wconf 71' lang='grc' dir='ltr'>,ϐασιλεῖς</span> <span class='ocrx_word' id='word_1_99' title='bbox 1165 1170 1273 1238; x_wconf 78' lang='grc' dir='ltr'><strong>τῆς</strong></span> <span class='ocrx_word' id='word_1_100' title='bbox 1314 1170 1443 1240; x_wconf 77' lang='grc' dir='ltr'>τῆς,</span> <span class='ocrx_word' id='word_1_101' title='bbox 1488 1172 1582 1225; x_wconf 80' lang='grc' dir='ltr'>καὶ</span> <span class='ocrx_word' id='word_1_102' title='bbox 1637 1176 1691 1226; x_wconf 85' lang='grc' dir='ltr'><em>οι</em></span> <span class='ocrx_word' id='word_1_103' title='bbox 1721 1172 1821 1241; x_wconf 75' lang='grc' dir='ltr'><strong>ίιρ-</strong></span> <span class='ocrx_word' id='word_1_104' title='bbox 1902 1224 1905 1225; x_wconf 30' lang='grc' dir='ltr'><strong>ν</strong></span> 
     </span>
    </p>
   </div>
   <div class='ocr_carea' id='block_1_14' title="bbox 261 1260 1822 1332">
    <p class='ocr_par' dir='ltr' id='par_1_14' title="bbox 261 1260 1822 1332">
     <span class='ocr_line' id='line_1_14' title="bbox 261 1260 1822 1332; baseline 0.002 -17"><span class='ocrx_word' id='word_1_105' title='bbox 261 1279 469 1332; x_wconf 78' lang='grc' dir='ltr'>χοντες</span> <span class='ocrx_word' id='word_1_106' title='bbox 496 1260 897 1331; x_wconf 76' lang='grc' dir='ltr'>συνήχθησαν</span> <span class='ocrx_word' id='word_1_107' title='bbox 941 1263 1038 1315; x_wconf 78' lang='grc' dir='ltr'><strong>ἐπὶ</strong></span> <span class='ocrx_word' id='word_1_108' title='bbox 1083 1263 1147 1314; x_wconf 86' lang='grc' dir='ltr'>τὸ</span> <span class='ocrx_word' id='word_1_109' title='bbox 1179 1263 1322 1316; x_wconf 78' lang='grc' dir='ltr'>αὐτὸ</span> <span class='ocrx_word' id='word_1_110' title='bbox 1366 1262 1514 1318; x_wconf 82' lang='grc' dir='ltr'>κατὰ</span> <span class='ocrx_word' id='word_1_111' title='bbox 1560 1265 1664 1318; x_wconf 78' lang='grc' dir='ltr'><strong>τοῦ</strong></span> <span class='ocrx_word' id='word_1_112' title='bbox 1706 1267 1822 1317; x_wconf 84' lang='lat' dir='ltr'><strong>Ku-</strong></span> 
     </span>
    </p>
   </div>
   <div class='ocr_carea' id='block_1_15' title="bbox 252 1346 1825 1428">
    <p class='ocr_par' dir='ltr' id='par_1_15' title="bbox 252 1346 1825 1428">
     <span class='ocr_line' id='line_1_15' title="bbox 252 1346 1825 1428; baseline 0 -20"><span class='ocrx_word' id='word_1_113' title='bbox 252 1357 388 1420; x_wconf 85' lang='grc' dir='ltr'><strong>ρίου</strong></span> <span class='ocrx_word' id='word_1_114' title='bbox 431 1354 530 1407; x_wconf 79' lang='grc' dir='ltr'>καὶ</span> <span class='ocrx_word' id='word_1_115' title='bbox 562 1355 710 1407; x_wconf 86' lang='grc' dir='ltr'>κατὰ</span> <span class='ocrx_word' id='word_1_116' title='bbox 743 1346 845 1407; x_wconf 78' lang='grc' dir='ltr'><strong>τοῦ</strong></span> <span class='ocrx_word' id='word_1_117' title='bbox 872 1355 1126 1421; x_wconf 79' lang='grc' dir='ltr'><strong>Χριστοῦ</strong></span> <span class='ocrx_word' id='word_1_118' title='bbox 1158 1354 1361 1407; x_wconf 81' lang='grc' dir='ltr'>αὐτοῦ.</span> <span class='ocrx_word' id='word_1_119' title='bbox 1396 1356 1583 1425; x_wconf 82' lang='grc' dir='ltr'>Σωτὴρ</span> <span class='ocrx_word' id='word_1_120' title='bbox 1617 1356 1825 1428; x_wconf 79' lang='grc' dir='ltr'>ἀνθρώ-</span> 
     </span>
    </p>
   </div>
   <div class='ocr_carea' id='block_1_16' title="bbox 261 1445 1820 1517">
    <p class='ocr_par' dir='ltr' id='par_1_16' title="bbox 261 1445 1820 1517">
     <span class='ocr_line' id='line_1_16' title="bbox 261 1445 1820 1517; baseline 0.001 -18"><span class='ocrx_word' id='word_1_121' title='bbox 261 1463 379 1510; x_wconf 77' lang='grc' dir='ltr'>ποις</span> <span class='ocrx_word' id='word_1_122' title='bbox 410 1446 799 1517; x_wconf 80' lang='grc' dir='ltr'>ὲπιδεδήμηκεν</span> <span class='ocrx_word' id='word_1_123' title='bbox 831 1448 858 1498; x_wconf 89' lang='grc' dir='ltr'>ὁ</span> <span class='ocrx_word' id='word_1_124' title='bbox 900 1445 1129 1515; x_wconf 87' lang='grc' dir='ltr'>Χριστὸς</span> <span class='ocrx_word' id='word_1_125' title='bbox 1171 1446 1264 1497; x_wconf 89' lang='grc' dir='ltr'><strong>τοῦ</strong></span> <span class='ocrx_word' id='word_1_126' title='bbox 1290 1445 1455 1499; x_wconf 84' lang='grc' dir='ltr'>Θεοῦ·</span> <span class='ocrx_word' id='word_1_127' title='bbox 1496 1447 1686 1517; x_wconf 79' lang='grc' dir='ltr'>Σωτὴρ</span> <span class='ocrx_word' id='word_1_128' title='bbox 1726 1449 1820 1501; x_wconf 75' lang='grc' dir='ltr'><strong>καὶ</strong></span> 
     </span>
    </p>
   </div>
   <div class='ocr_carea' id='block_1_17' title="bbox 262 1535 1821 1609">
    <p class='ocr_par' dir='ltr' id='par_1_17' title="bbox 262 1535 1821 1609">
     <span class='ocr_line' id='line_1_17' title="bbox 262 1535 1821 1609; baseline 0.001 -20"><span class='ocrx_word' id='word_1_129' title='bbox 262 1539 482 1609; x_wconf 76' lang='grc' dir='ltr'>φωστὴρ</span> <span class='ocrx_word' id='word_1_130' title='bbox 512 1536 618 1590; x_wconf 86' lang='grc' dir='ltr'>τῶν</span> <span class='ocrx_word' id='word_1_131' title='bbox 648 1535 814 1591; x_wconf 78' lang='grc' dir='ltr'>ἐθνῶν</span> <span class='ocrx_word' id='word_1_132' title='bbox 843 1536 1115 1598; x_wconf 82' lang='grc' dir='ltr'>ἁπάντων,</span> <span class='ocrx_word' id='word_1_133' title='bbox 1161 1537 1475 1601; x_wconf 82' lang='grc' dir='ltr'>διδάσκαλος</span> <span class='ocrx_word' id='word_1_134' title='bbox 1523 1539 1821 1603; x_wconf 76' lang='grc' dir='ltr'>εὐσεϐείας,</span> 
     </span>
    </p>
   </div>
   <div class='ocr_carea' id='block_1_18' title="bbox 260 1625 1824 1700">
    <p class='ocr_par' dir='ltr' id='par_1_18' title="bbox 260 1625 1824 1700">
     <span class='ocr_line' id='line_1_18' title="bbox 260 1625 1824 1700; baseline 0.004 -24"><span class='ocrx_word' id='word_1_135' title='bbox 260 1627 611 1699; x_wconf 71' lang='grc' dir='ltr'><strong>σωφροσύνης</strong></span> <span class='ocrx_word' id='word_1_136' title='bbox 629 1625 974 1697; x_wconf 78' lang='grc' dir='ltr'><strong>καθηγεμὼν,</strong></span> <span class='ocrx_word' id='word_1_137' title='bbox 998 1627 1337 1698; x_wconf 82' lang='grc' dir='ltr'><strong>δικαιοσύνης</strong></span> <span class='ocrx_word' id='word_1_138' title='bbox 1352 1629 1609 1700; x_wconf 74' lang='grc' dir='ltr'>ἀρχηγὸς,</span> <span class='ocrx_word' id='word_1_139' title='bbox 1627 1630 1824 1700; x_wconf 84' lang='grc' dir='ltr'>ἀρετῆς</span> 
     </span>
    </p>
   </div>
   <div class='ocr_carea' id='block_1_19' title="bbox 257 1716 1819 1790">
    <p class='ocr_par' dir='ltr' id='par_1_19' title="bbox 257 1716 1819 1790">
     <span class='ocr_line' id='line_1_19' title="bbox 257 1716 1819 1790; baseline 0.003 -21"><span class='ocrx_word' id='word_1_140' title='bbox 257 1717 475 1785; x_wconf 84' lang='grc' dir='ltr'>ἀπάσης</span> <span class='ocrx_word' id='word_1_141' title='bbox 504 1717 597 1769; x_wconf 78' lang='grc' dir='ltr'><strong>καὶ</strong></span> <span class='ocrx_word' id='word_1_142' title='bbox 641 1716 967 1783; x_wconf 87' lang='grc' dir='ltr'>θεογνωσίας</span> <span class='ocrx_word' id='word_1_143' title='bbox 1004 1717 1234 1790; x_wconf 80' lang='grc' dir='ltr'><strong>ἀληθοῦς</strong></span> <span class='ocrx_word' id='word_1_144' title='bbox 1275 1717 1465 1780; x_wconf 80' lang='grc' dir='ltr'>αἴτιος.</span> <span class='ocrx_word' id='word_1_145' title='bbox 1517 1719 1579 1771; x_wconf 88' lang='grc' dir='ltr'>Τί</span> <span class='ocrx_word' id='word_1_146' title='bbox 1611 1720 1667 1771; x_wconf 80' lang='grc' dir='ltr'><strong>δὲ</strong></span> <span class='ocrx_word' id='word_1_147' title='bbox 1703 1716 1819 1784; x_wconf 78' lang='grc' dir='ltr'>οὖν,</span> 
     </span>
    </p>
   </div>
   <div class='ocr_carea' id='block_1_20' title="bbox 260 1805 1820 1878">
    <p class='ocr_par' dir='ltr' id='par_1_20' title="bbox 260 1805 1820 1878">
     <span class='ocr_line' id='line_1_20' title="bbox 260 1805 1820 1878; baseline 0.003 -20"><span class='ocrx_word' id='word_1_148' title='bbox 260 1808 411 1876; x_wconf 76' lang='grc' dir='ltr'>φησὶ,</span> <span class='ocrx_word' id='word_1_149' title='bbox 445 1807 769 1877; x_wconf 81' lang='grc' dir='ltr'><strong>ταράττεται</strong></span> <span class='ocrx_word' id='word_1_150' title='bbox 793 1805 859 1858; x_wconf 80' lang='grc' dir='ltr'>τὰ</span> <span class='ocrx_word' id='word_1_151' title='bbox 888 1806 1013 1877; x_wconf 78' lang='grc' dir='ltr'>ἔθνη</span> <span class='ocrx_word' id='word_1_152' title='bbox 1046 1809 1136 1861; x_wconf 76' lang='grc' dir='ltr'><strong>ἐπὶ</strong></span> <span class='ocrx_word' id='word_1_153' title='bbox 1168 1810 1232 1878; x_wconf 79' lang='grc' dir='ltr'>τῇ</span> <span class='ocrx_word' id='word_1_154' title='bbox 1258 1807 1362 1861; x_wconf 81' lang='grc' dir='ltr'>τῶν</span> <span class='ocrx_word' id='word_1_155' title='bbox 1384 1808 1648 1861; x_wconf 78' lang='grc' dir='ltr'>τοσούτων</span> <span class='ocrx_word' id='word_1_156' title='bbox 1684 1811 1820 1877; x_wconf 67' lang='grc' dir='ltr'>ἀγαο</span> 
     </span>
    </p>
   </div>
   <div class='ocr_carea' id='block_1_21' title="bbox 262 1897 1823 1971">
    <p class='ocr_par' dir='ltr' id='par_1_21' title="bbox 262 1897 1823 1971">
     <span class='ocr_line' id='line_1_21' title="bbox 262 1897 1823 1971; baseline 0.003 -21"><span class='ocrx_word' id='word_1_157' title='bbox 262 1898 366 1951; x_wconf 80' lang='grc' dir='ltr'>θῶν</span> <span class='ocrx_word' id='word_1_158' title='bbox 422 1897 724 1969; x_wconf 82' lang='grc' dir='ltr'>παρουσίᾳ;</span> <span class='ocrx_word' id='word_1_159' title='bbox 772 1898 831 1951; x_wconf 82' lang='lat' dir='ltr'><strong>Ei</strong></span> <span class='ocrx_word' id='word_1_160' title='bbox 877 1898 934 1952; x_wconf 73' lang='grc' dir='ltr'>δὲ</span> <span class='ocrx_word' id='word_1_161' title='bbox 982 1899 1073 1952; x_wconf 74' lang='grc' dir='ltr'>καὶ</span> <span class='ocrx_word' id='word_1_162' title='bbox 1120 1899 1408 1971; x_wconf 81' lang='grc' dir='ltr'>πληρωτὴς</span> <span class='ocrx_word' id='word_1_163' title='bbox 1462 1900 1683 1970; x_wconf 79' lang='grc' dir='ltr'><strong>ἐλήλυθε</strong></span> <span class='ocrx_word' id='word_1_164' title='bbox 1731 1903 1823 1954; x_wconf 89' lang='grc' dir='ltr'><strong>τοῦ</strong></span> 
     </span>
    </p>
   </div>
   <div class='ocr_carea' id='block_1_22' title="bbox 260 1985 1821 2061">
    <p class='ocr_par' dir='ltr' id='par_1_22' title="bbox 260 1985 1821 2061">
     <span class='ocr_line' id='line_1_22' title="bbox 260 1985 1821 2061; baseline 0.001 -18"><span class='ocrx_word' id='word_1_165' title='bbox 260 1988 527 2051; x_wconf 78' lang='grc' dir='ltr'>Μωῦσὲως</span> <span class='ocrx_word' id='word_1_166' title='bbox 557 1985 745 2059; x_wconf 78' lang='grc' dir='ltr'>νόμου,</span> <span class='ocrx_word' id='word_1_167' title='bbox 784 1989 971 2061; x_wconf 83' lang='grc' dir='ltr'>ὥσπερ</span> <span class='ocrx_word' id='word_1_168' title='bbox 1010 1985 1102 2043; x_wconf 75' lang='grc' dir='ltr'>οὖν</span> <span class='ocrx_word' id='word_1_169' title='bbox 1148 1990 1308 2053; x_wconf 84' lang='grc' dir='ltr'>αὐτὸς</span> <span class='ocrx_word' id='word_1_170' title='bbox 1350 1990 1587 2044; x_wconf 82' lang='grc' dir='ltr'>διδάσκει</span> <span class='ocrx_word' id='word_1_171' title='bbox 1620 1991 1821 2060; x_wconf 80' lang='grc' dir='ltr'>λέγων·</span> 
     </span>
    </p>
   </div>
   <div class='ocr_carea' id='block_1_23' title="bbox 264 2075 1825 2151">
    <p class='ocr_par' dir='ltr' id='par_1_23' title="bbox 264 2075 1825 2151">
     <span class='ocr_line' id='line_1_23' title="bbox 264 2075 1825 2151; baseline 0.002 -20"><span class='ocrx_word' id='word_1_172' title='bbox 264 2083 382 2133; x_wconf 76' lang='grc' dir='ltr'><strong>Οὐκ</strong></span> <span class='ocrx_word' id='word_1_173' title='bbox 413 2075 606 2151; x_wconf 71' lang='grc' dir='ltr'>ἦλθον</span> <span class='ocrx_word' id='word_1_174' title='bbox 645 2079 980 2134; x_wconf 74' lang='grc' dir='ltr'>καταλῦσαι</span> <span class='ocrx_word' id='word_1_175' title='bbox 1012 2081 1115 2133; x_wconf 79' lang='grc' dir='ltr'>τὸν</span> <span class='ocrx_word' id='word_1_176' title='bbox 1151 2083 1356 2149; x_wconf 72' lang='grc' dir='ltr'>νόμον,</span> <span class='ocrx_word' id='word_1_177' title='bbox 1395 2080 1554 2135; x_wconf 73' lang='grc' dir='ltr'>ἀλλὰ</span> <span class='ocrx_word' id='word_1_178' title='bbox 1591 2082 1825 2149; x_wconf 77' lang='grc' dir='ltr'>πληρῶ-</span> 
     </span>
    </p>
   </div>
   <div class='ocr_carea' id='block_1_24' title="bbox 258 2171 1826 2243">
    <p class='ocr_par' dir='ltr' id='par_1_24' title="bbox 258 2171 1826 2243">
     <span class='ocr_line' id='line_1_24' title="bbox 258 2171 1826 2243; baseline 0.002 -18"><span class='ocrx_word' id='word_1_179' title='bbox 258 2188 378 2236; x_wconf 84' lang='grc' dir='ltr'>σαι,</span> <span class='ocrx_word' id='word_1_180' title='bbox 427 2173 522 2241; x_wconf 62' lang='grc' dir='ltr'><strong>καὶ</strong></span> <span class='ocrx_word' id='word_1_181' title='bbox 562 2172 632 2226; x_wconf 84' lang='grc' dir='ltr'>τὰ</span> <span class='ocrx_word' id='word_1_182' title='bbox 664 2172 769 2226; x_wconf 84' lang='grc' dir='ltr'>τῶν</span> <span class='ocrx_word' id='word_1_183' title='bbox 802 2171 1091 2243; x_wconf 82' lang='grc' dir='ltr'>προφητῶν</span> <span class='ocrx_word' id='word_1_184' title='bbox 1133 2172 1286 2241; x_wconf 83' lang='grc' dir='ltr'>λόγια</span> <span class='ocrx_word' id='word_1_185' title='bbox 1322 2173 1387 2226; x_wconf 70' lang='grc' dir='ltr'>δι’</span> <span class='ocrx_word' id='word_1_186' title='bbox 1433 2174 1597 2226; x_wconf 75' lang='grc' dir='ltr'>αὐτοῦ</span> <span class='ocrx_word' id='word_1_187' title='bbox 1642 2175 1826 2237; x_wconf 82' lang='grc' dir='ltr'>τέλους</span> 
     </span>
    </p>
   </div>
   <div class='ocr_carea' id='block_1_25' title="bbox 262 2262 1827 2333">
    <p class='ocr_par' dir='ltr' id='par_1_25' title="bbox 262 2262 1827 2333">
     <span class='ocr_line' id='line_1_25' title="bbox 262 2262 1827 2333; baseline 0.004 -18"><span class='ocrx_word' id='word_1_188' title='bbox 262 2262 549 2333; x_wconf 74' lang='grc' dir='ltr'>ἐτύγχανε”</span> <span class='ocrx_word' id='word_1_189' title='bbox 585 2262 637 2315; x_wconf 87' lang='grc' dir='ltr'><strong>τί</strong></span> <span class='ocrx_word' id='word_1_190' title='bbox 675 2262 732 2315; x_wconf 77' lang='grc' dir='ltr'>δὲ</span> <span class='ocrx_word' id='word_1_191' title='bbox 763 2266 811 2315; x_wconf 86' lang='lat' dir='ltr'><strong>0i</strong></span> <span class='ocrx_word' id='word_1_192' title='bbox 848 2262 1019 2316; x_wconf 84' lang='grc' dir='ltr'>ταῦτα</span> <span class='ocrx_word' id='word_1_193' title='bbox 1060 2264 1407 2333; x_wconf 82' lang='grc' dir='ltr'>μελετῶντες,</span> <span class='ocrx_word' id='word_1_194' title='bbox 1445 2268 1534 2319; x_wconf 72' lang='grc' dir='ltr'><strong>καὶ</strong></span> <span class='ocrx_word' id='word_1_195' title='bbox 1580 2268 1666 2321; x_wconf 85' lang='grc' dir='ltr'><strong>διά</strong></span> <span class='ocrx_word' id='word_1_196' title='bbox 1719 2270 1827 2322; x_wconf 83' lang='grc' dir='ltr'>στό-</span> 
     </span>
    </p>
   </div>
   <div class='ocr_carea' id='block_1_26' title="bbox 264 2354 1825 2425">
    <p class='ocr_par' dir='ltr' id='par_1_26' title="bbox 264 2354 1825 2425">
     <span class='ocr_line' id='line_1_26' title="bbox 264 2354 1825 2425; baseline 0.004 -19"><span class='ocrx_word' id='word_1_197' title='bbox 264 2371 425 2423; x_wconf 85' lang='grc' dir='ltr'>ματος</span> <span class='ocrx_word' id='word_1_198' title='bbox 467 2354 607 2408; x_wconf 85' lang='grc' dir='ltr'>αὑτά</span> <span class='ocrx_word' id='word_1_199' title='bbox 657 2354 845 2425; x_wconf 73' lang='grc' dir='ltr'>φέρειν</span> <span class='ocrx_word' id='word_1_200' title='bbox 890 2354 1380 2425; x_wconf 40' lang='grc' dir='ltr'>σπουδάζοντεςνοί</span> <span class='ocrx_word' id='word_1_201' title='bbox 1429 2359 1520 2411; x_wconf 85' lang='grc' dir='ltr'><strong>τοῦ</strong></span> <span class='ocrx_word' id='word_1_202' title='bbox 1561 2360 1825 2413; x_wconf 61' lang='grc' dir='ltr'>’κυδαίων</span> 
     </span>
    </p>
   </div>
   <div class='ocr_carea' id='block_1_27' title="bbox 186 2430 1820 2521">
    <p class='ocr_par' dir='ltr' id='par_1_27' title="bbox 186 2430 1820 2521">
     <span class='ocr_line' id='line_1_27' title="bbox 186 2430 1820 2521; baseline 0.002 -24"><span class='ocrx_word' id='word_1_203' title='bbox 186 2430 195 2437; x_wconf 57' lang='grc'><strong>’</strong></span> <span class='ocrx_word' id='word_1_204' title='bbox 258 2445 588 2521; x_wconf 31' lang='grc' dir='ltr'>ἕθνουςιλαοὶ</span> <span class='ocrx_word' id='word_1_205' title='bbox 612 2445 845 2515; x_wconf 75' lang='grc' dir='ltr'><strong>ματαίαν</strong></span> <span class='ocrx_word' id='word_1_206' title='bbox 868 2446 1186 2515; x_wconf 76' lang='grc' dir='ltr'>ἐποιήσαντο</span> <span class='ocrx_word' id='word_1_207' title='bbox 1217 2448 1343 2518; x_wconf 78' lang='grc' dir='ltr'>περὶ</span> <span class='ocrx_word' id='word_1_208' title='bbox 1368 2448 1531 2501; x_wconf 73' lang='grc' dir='ltr'>αὐτοῦ</span> <span class='ocrx_word' id='word_1_209' title='bbox 1560 2449 1820 2519; x_wconf 82' lang='grc' dir='ltr'>μελέτην;</span> 
     </span>
    </p>
   </div>
   <div class='ocr_carea' id='block_1_28' title="bbox 272 2534 1824 2608">
    <p class='ocr_par' dir='ltr' id='par_1_28' title="bbox 272 2534 1824 2608">
     <span class='ocr_line' id='line_1_28' title="bbox 272 2534 1824 2608; baseline 0.004 -21"><span class='ocrx_word' id='word_1_210' title='bbox 272 2536 430 2588; x_wconf 84' lang='grc' dir='ltr'>Ἀλλά</span> <span class='ocrx_word' id='word_1_211' title='bbox 469 2535 562 2589; x_wconf 75' lang='grc' dir='ltr'><strong>καὶ</strong></span> <span class='ocrx_word' id='word_1_212' title='bbox 593 2537 640 2588; x_wconf 83' lang='lat' dir='ltr'><strong>0i</strong></span> <span class='ocrx_word' id='word_1_213' title='bbox 681 2536 801 2588; x_wconf 86' lang='grc' dir='ltr'>καθ’</span> <span class='ocrx_word' id='word_1_214' title='bbox 838 2534 965 2602; x_wconf 84' lang='grc' dir='ltr'>ὅλης</span> <span class='ocrx_word' id='word_1_215' title='bbox 1002 2536 1102 2604; x_wconf 82' lang='grc' dir='ltr'><strong>τῆς</strong></span> <span class='ocrx_word' id='word_1_216' title='bbox 1144 2538 1465 2608; x_wconf 78' lang='grc' dir='ltr'>οἰκουμένης</span> <span class='ocrx_word' id='word_1_217' title='bbox 1508 2540 1615 2593; x_wconf 81' lang='grc' dir='ltr'><strong>τῶν</strong></span> <span class='ocrx_word' id='word_1_218' title='bbox 1656 2540 1824 2593; x_wconf 80' lang='grc' dir='ltr'>ἐθνῶν</span> 
     </span>
    </p>
   </div>
   <div class='ocr_carea' id='block_1_29' title="bbox 258 2626 1823 2705">
    <p class='ocr_par' dir='ltr' id='par_1_29' title="bbox 258 2626 1823 2705">
     <span class='ocr_line' id='line_1_29' title="bbox 258 2626 1823 2705; baseline 0.003 -25"><span class='ocrx_word' id='word_1_219' title='bbox 258 2626 531 2697; x_wconf 77' lang='grc' dir='ltr'>ἄρχοντες,</span> <span class='ocrx_word' id='word_1_220' title='bbox 561 2627 614 2679; x_wconf 79' lang='grc' dir='ltr'>οἵ</span> <span class='ocrx_word' id='word_1_221' title='bbox 637 2643 694 2678; x_wconf 91' lang='grc' dir='ltr'><strong>τε</strong></span> <span class='ocrx_word' id='word_1_222' title='bbox 723 2627 861 2681; x_wconf 85' lang='grc' dir='ltr'><strong>κατά</strong></span> <span class='ocrx_word' id='word_1_223' title='bbox 891 2629 1113 2697; x_wconf 86' lang='grc' dir='ltr'>χρόνους</span> <span class='ocrx_word' id='word_1_224' title='bbox 1141 2629 1377 2699; x_wconf 82' lang='grc' dir='ltr'>βασιλεῖς</span> <span class='ocrx_word' id='word_1_225' title='bbox 1408 2632 1507 2700; x_wconf 86' lang='grc' dir='ltr'><strong>τῆς</strong></span> <span class='ocrx_word' id='word_1_226' title='bbox 1534 2632 1656 2702; x_wconf 86' lang='grc' dir='ltr'>γῆς,</span> <span class='ocrx_word' id='word_1_227' title='bbox 1684 2634 1733 2684; x_wconf 90' lang='grc' dir='ltr'><strong>τί</strong></span> <span class='ocrx_word' id='word_1_228' title='bbox 1760 2632 1823 2705; x_wconf 85' lang='grc' dir='ltr'>δὴ</span> 
     </span>
    </p>
   </div>
   <div class='ocr_carea' id='block_1_30' title="bbox 258 2714 1821 2792">
    <p class='ocr_par' dir='ltr' id='par_1_30' title="bbox 258 2714 1821 2792">
     <span class='ocr_line' id='line_1_30' title="bbox 258 2714 1821 2792; baseline 0.002 -22"><span class='ocrx_word' id='word_1_229' title='bbox 258 2714 519 2779; x_wconf 82' lang='grc' dir='ltr'>παθόντες</span> <span class='ocrx_word' id='word_1_230' title='bbox 539 2717 729 2783; x_wconf 78' lang='grc' dir='ltr'>δεινὸν,</span> <span class='ocrx_word' id='word_1_231' title='bbox 761 2717 793 2787; x_wconf 84' lang='grc' dir='ltr'>ἢ</span> <span class='ocrx_word' id='word_1_232' title='bbox 832 2719 883 2771; x_wconf 89' lang='grc' dir='ltr'><strong>τί</strong></span> <span class='ocrx_word' id='word_1_233' title='bbox 924 2718 1099 2788; x_wconf 87' lang='grc' dir='ltr'>λέγειν</span> <span class='ocrx_word' id='word_1_234' title='bbox 1134 2720 1345 2791; x_wconf 77' lang='grc' dir='ltr'>ἔχοντες</span> <span class='ocrx_word' id='word_1_235' title='bbox 1374 2721 1621 2792; x_wconf 77' lang='grc' dir='ltr'>διαϐολῆς</span> <span class='ocrx_word' id='word_1_236' title='bbox 1655 2722 1821 2788; x_wconf 79' lang='grc' dir='ltr'>ἄξιον,</span> 
     </span>
    </p>
   </div>
   <div class='ocr_carea' id='block_1_31' title="bbox 256 2806 1823 2882">
    <p class='ocr_par' dir='ltr' id='par_1_31' title="bbox 256 2806 1823 2882">
     <span class='ocr_line' id='line_1_31' title="bbox 256 2806 1823 2882; baseline 0.003 -21"><span class='ocrx_word' id='word_1_237' title='bbox 256 2807 387 2878; x_wconf 84' lang='grc' dir='ltr'>ὁμοῦ</span> <span class='ocrx_word' id='word_1_238' title='bbox 429 2809 523 2860; x_wconf 75' lang='grc' dir='ltr'><strong>καὶ</strong></span> <span class='ocrx_word' id='word_1_239' title='bbox 570 2808 710 2861; x_wconf 75' lang='grc' dir='ltr'>κατὰ</span> <span class='ocrx_word' id='word_1_240' title='bbox 754 2810 814 2860; x_wconf 80' lang='grc' dir='ltr'><strong>τὸ</strong></span> <span class='ocrx_word' id='word_1_241' title='bbox 849 2809 978 2863; x_wconf 80' lang='grc' dir='ltr'>αὐτὸ</span> <span class='ocrx_word' id='word_1_242' title='bbox 1012 2806 1183 2882; x_wconf 73' lang='grc' dir='ltr'>κακὴν</span> <span class='ocrx_word' id='word_1_243' title='bbox 1222 2812 1423 2881; x_wconf 84' lang='grc' dir='ltr'>ταύτην</span> <span class='ocrx_word' id='word_1_244' title='bbox 1473 2812 1823 2876; x_wconf 82' lang='grc' dir='ltr'>συνετάξαντο</span> 
     </span>
    </p>
   </div>
   <div class='ocr_carea' id='block_1_32' title="bbox 261 2898 1823 2974">
    <p class='ocr_par' dir='ltr' id='par_1_32' title="bbox 261 2898 1823 2974">
     <span class='ocr_line' id='line_1_32' title="bbox 261 2898 1823 2974; baseline 0.004 -25"><span class='ocrx_word' id='word_1_245' title='bbox 261 2898 601 2969; x_wconf 81' lang='grc' dir='ltr'>συμφωνίαν,</span> <span class='ocrx_word' id='word_1_246' title='bbox 635 2898 710 2960; x_wconf 85' lang='grc' dir='ltr'>ὡς</span> <span class='ocrx_word' id='word_1_247' title='bbox 758 2900 886 2969; x_wconf 86' lang='grc' dir='ltr'>μίαν</span> <span class='ocrx_word' id='word_1_248' title='bbox 937 2902 1223 2971; x_wconf 74' lang='grc' dir='ltr'>ἐπιϐουλὴν</span> <span class='ocrx_word' id='word_1_249' title='bbox 1269 2902 1498 2972; x_wconf 81' lang='grc' dir='ltr'>ἀρτῦσαι</span> <span class='ocrx_word' id='word_1_250' title='bbox 1552 2904 1645 2955; x_wconf 75' lang='grc' dir='ltr'><strong>καὶ</strong></span> <span class='ocrx_word' id='word_1_251' title='bbox 1696 2905 1823 2974; x_wconf 82' lang='grc' dir='ltr'>μίαν</span> 
     </span>
    </p>
   </div>
   <div class='ocr_carea' id='block_1_33' title="bbox 257 2980 1823 3061">
    <p class='ocr_par' dir='ltr' id='par_1_33' title="bbox 257 2980 1823 3061">
     <span class='ocr_line' id='line_1_33' title="bbox 257 2980 1823 3061; baseline 0.001 -17"><span class='ocrx_word' id='word_1_252' title='bbox 257 2990 425 3059; x_wconf 85' lang='grc' dir='ltr'>ἀσεϐῆ</span> <span class='ocrx_word' id='word_1_253' title='bbox 460 2989 684 3060; x_wconf 83' lang='grc' dir='ltr'><strong>γνώμην</strong></span> <span class='ocrx_word' id='word_1_254' title='bbox 726 2990 1110 3061; x_wconf 82' lang='grc' dir='ltr'>βουλεύσασθαι</span> <span class='ocrx_word' id='word_1_255' title='bbox 1142 2993 1283 3046; x_wconf 88' lang='grc' dir='ltr'><strong>κατά</strong></span> <span class='ocrx_word' id='word_1_256' title='bbox 1315 2992 1408 3045; x_wconf 88' lang='grc' dir='ltr'><strong>τοῦ</strong></span> <span class='ocrx_word' id='word_1_257' title='bbox 1437 2980 1545 3045; x_wconf 80' lang='grc' dir='ltr'><strong>τῶν</strong></span> <span class='ocrx_word' id='word_1_258' title='bbox 1572 2993 1706 3045; x_wconf 85' lang='grc' dir='ltr'>ὅλων</span> <span class='ocrx_word' id='word_1_259' title='bbox 1736 2995 1823 3046; x_wconf 91' lang='grc' dir='ltr'>δε-</span> 
     </span>
    </p>
   </div>
   <div class='ocr_carea' id='block_1_34' title="bbox 260 3080 1823 3154">
    <p class='ocr_par' dir='ltr' id='par_1_34' title="bbox 260 3080 1823 3154">
     <span class='ocr_line' id='line_1_34' title="bbox 260 3080 1823 3154; baseline 0.003 -22"><span class='ocrx_word' id='word_1_260' title='bbox 260 3080 452 3133; x_wconf 83' lang='grc' dir='ltr'>σπότου</span> <span class='ocrx_word' id='word_1_261' title='bbox 486 3096 546 3132; x_wconf 87' lang='grc' dir='ltr'><strong>τε</strong></span> <span class='ocrx_word' id='word_1_262' title='bbox 573 3082 664 3133; x_wconf 72' lang='grc' dir='ltr'><strong>καὶ</strong></span> <span class='ocrx_word' id='word_1_263' title='bbox 696 3080 954 3150; x_wconf 80' lang='grc' dir='ltr'>βασιλέως</span> <span class='ocrx_word' id='word_1_264' title='bbox 988 3081 1143 3154; x_wconf 75' lang='grc' dir='ltr'>Θεοῦ,</span> <span class='ocrx_word' id='word_1_265' title='bbox 1169 3084 1260 3136; x_wconf 69' lang='grc' dir='ltr'><strong>καὶ</strong></span> <span class='ocrx_word' id='word_1_266' title='bbox 1294 3082 1436 3137; x_wconf 77' lang='grc' dir='ltr'>κατὰ</span> <span class='ocrx_word' id='word_1_267' title='bbox 1468 3082 1558 3135; x_wconf 89' lang='grc' dir='ltr'><strong>τοῦ</strong></span> <span class='ocrx_word' id='word_1_268' title='bbox 1590 3082 1823 3154; x_wconf 76' lang='grc' dir='ltr'>Χριστοῦ</span> 
     </span>
    </p>
   </div>
   <div class='ocr_carea' id='block_1_35' title="bbox 258 3170 1825 3245">
    <p class='ocr_par' dir='ltr' id='par_1_35' title="bbox 258 3170 1825 3245">
     <span class='ocr_line' id='line_1_35' title="bbox 258 3170 1825 3245; baseline 0.001 -20"><span class='ocrx_word' id='word_1_269' title='bbox 258 3170 452 3236; x_wconf 86' lang='grc' dir='ltr'>αὐτοῦ;</span> <span class='ocrx_word' id='word_1_270' title='bbox 487 3173 551 3224; x_wconf 84' lang='lat' dir='ltr'><strong>Oi</strong></span> <span class='ocrx_word' id='word_1_271' title='bbox 584 3171 712 3239; x_wconf 87' lang='grc' dir='ltr'>γοῦν</span> <span class='ocrx_word' id='word_1_272' title='bbox 753 3172 844 3225; x_wconf 82' lang='grc' dir='ltr'>τὸν</span> <span class='ocrx_word' id='word_1_273' title='bbox 871 3173 975 3225; x_wconf 79' lang='grc' dir='ltr'>ὑπὸ</span> <span class='ocrx_word' id='word_1_274' title='bbox 1007 3173 1100 3226; x_wconf 88' lang='grc' dir='ltr'><strong>τοῦ</strong></span> <span class='ocrx_word' id='word_1_275' title='bbox 1138 3175 1355 3228; x_wconf 71' lang='grc' dir='ltr'>πάντων</span> <span class='ocrx_word' id='word_1_276' title='bbox 1385 3174 1586 3245; x_wconf 78' lang='grc' dir='ltr'>Κυρῗου</span> <span class='ocrx_word' id='word_1_277' title='bbox 1632 3192 1690 3227; x_wconf 87' lang='grc' dir='ltr'><strong>τε</strong></span> <span class='ocrx_word' id='word_1_278' title='bbox 1732 3176 1825 3227; x_wconf 76' lang='grc' dir='ltr'>καὶ</span> 
     </span>
    </p>
   </div>
   <div class='ocr_carea' id='block_1_36' title="bbox 255 3263 1823 3337">
    <p class='ocr_par' dir='ltr' id='par_1_36' title="bbox 255 3263 1823 3337">
     <span class='ocr_line' id='line_1_36' title="bbox 255 3263 1823 3337; baseline 0.002 -21"><span class='ocrx_word' id='word_1_279' title='bbox 255 3263 387 3317; x_wconf 83' lang='grc' dir='ltr'>Θεοῦ</span> <span class='ocrx_word' id='word_1_280' title='bbox 418 3264 825 3333; x_wconf 77' lang='grc' dir='ltr'>ἀπεσταλμένον</span> <span class='ocrx_word' id='word_1_281' title='bbox 853 3264 1157 3337; x_wconf 83' lang='grc' dir='ltr'>ἀνθρώποις</span> <span class='ocrx_word' id='word_1_282' title='bbox 1184 3267 1410 3337; x_wconf 86' lang='grc' dir='ltr'>Σωτῆρα</span> <span class='ocrx_word' id='word_1_283' title='bbox 1446 3266 1823 3336; x_wconf 79' lang='grc' dir='ltr'>πολεμοῦντες,</span> 
     </span>
    </p>
   </div>
   <div class='ocr_carea' id='block_1_37' title="bbox 256 3354 1827 3433">
    <p class='ocr_par' dir='ltr' id='par_1_37' title="bbox 256 3354 1827 3433">
     <span class='ocr_line' id='line_1_37' title="bbox 256 3354 1827 3433; baseline 0.001 -25"><span class='ocrx_word' id='word_1_284' title='bbox 256 3354 569 3417; x_wconf 69' lang='grc' dir='ltr'>ὶλαύνοντές</span> <span class='ocrx_word' id='word_1_285' title='bbox 593 3372 651 3407; x_wconf 88' lang='grc' dir='ltr'><strong>τε</strong></span> <span class='ocrx_word' id='word_1_286' title='bbox 670 3354 838 3407; x_wconf 82' lang='grc' dir='ltr'>αὐτοῦ</span> <span class='ocrx_word' id='word_1_287' title='bbox 860 3357 958 3433; x_wconf 79' lang='grc' dir='ltr'><strong>τὴν</strong></span> <span class='ocrx_word' id='word_1_288' title='bbox 984 3355 1329 3412; x_wconf 83' lang='grc' dir='ltr'>διδασκαλίαν</span> <span class='ocrx_word' id='word_1_289' title='bbox 1352 3358 1444 3411; x_wconf 78' lang='grc' dir='ltr'>καὶ</span> <span class='ocrx_word' id='word_1_290' title='bbox 1471 3357 1567 3427; x_wconf 75' lang='grc' dir='ltr'>τὴν</span> <span class='ocrx_word' id='word_1_291' title='bbox 1603 3358 1827 3429; x_wconf 83' lang='grc' dir='ltr'>Ἐκκλη-</span> 
     </span>
    </p>
   </div>
   <div class='ocr_carea' id='block_1_38' title="bbox 257 3444 1826 3521">
    <p class='ocr_par' dir='ltr' id='par_1_38' title="bbox 257 3444 1826 3521">
     <span class='ocr_line' id='line_1_38' title="bbox 257 3444 1826 3521; baseline 0.002 -21"><span class='ocrx_word' id='word_1_292' title='bbox 257 3453 375 3500; x_wconf 73' lang='grc' dir='ltr'>σίαν</span> <span class='ocrx_word' id='word_1_293' title='bbox 420 3444 585 3498; x_wconf 78' lang='grc' dir='ltr'>αὐτοῦ</span> <span class='ocrx_word' id='word_1_294' title='bbox 610 3446 747 3498; x_wconf 79' lang='grc' dir='ltr'><strong>κατά</strong></span> <span class='ocrx_word' id='word_1_295' title='bbox 778 3445 1001 3515; x_wconf 88' lang='grc' dir='ltr'>χρόνους</span> <span class='ocrx_word' id='word_1_296' title='bbox 1030 3444 1314 3521; x_wconf 72' lang='grc' dir='ltr'>διώκοντες</span> <span class='ocrx_word' id='word_1_297' title='bbox 1342 3446 1579 3516; x_wconf 85' lang='grc' dir='ltr'>βασιλεῖς</span> <span class='ocrx_word' id='word_1_298' title='bbox 1610 3450 1702 3502; x_wconf 78' lang='grc' dir='ltr'><strong>καὶ</strong></span> <span class='ocrx_word' id='word_1_299' title='bbox 1732 3450 1826 3521; x_wconf 82' lang='grc' dir='ltr'><strong>ἄρ-</strong></span> 
     </span>
    </p>
   </div>
   <div class='ocr_carea' id='block_1_39' title="bbox 258 3518 1823 3611">
    <p class='ocr_par' dir='ltr' id='par_1_39' title="bbox 258 3518 1823 3611">
     <span class='ocr_line' id='line_1_39' title="bbox 258 3518 1823 3611; baseline 0.001 -20"><span class='ocrx_word' id='word_1_300' title='bbox 258 3554 441 3606; x_wconf 79' lang='grc' dir='ltr'>χοντες</span> <span class='ocrx_word' id='word_1_301' title='bbox 466 3536 565 3606; x_wconf 87' lang='grc' dir='ltr'><strong>τῆς</strong></span> <span class='ocrx_word' id='word_1_302' title='bbox 602 3536 702 3605; x_wconf 86' lang='grc' dir='ltr'><strong>γῆς</strong></span> <span class='ocrx_word' id='word_1_303' title='bbox 740 3536 1023 3606; x_wconf 86' lang='grc' dir='ltr'>λελήθασιν</span> <span class='ocrx_word' id='word_1_304' title='bbox 1055 3518 1119 3589; x_wconf 76' lang='grc' dir='ltr'><strong>ού</strong></span> <span class='ocrx_word' id='word_1_305' title='bbox 1154 3537 1311 3606; x_wconf 85' lang='grc' dir='ltr'>μόνον</span> <span class='ocrx_word' id='word_1_306' title='bbox 1341 3540 1420 3601; x_wconf 88' lang='grc' dir='ltr'>εἰς</span> <span class='ocrx_word' id='word_1_307' title='bbox 1451 3540 1541 3591; x_wconf 81' lang='grc' dir='ltr'><strong>τὸν</strong></span> <span class='ocrx_word' id='word_1_308' title='bbox 1571 3518 1823 3611; x_wconf 78' lang='grc' dir='ltr'>Χριστὸν,</span> 
     </span>
    </p>
   </div>
   <div class='ocr_carea' id='block_1_40' title="bbox 261 3628 1827 3694">
    <p class='ocr_par' dir='ltr' id='par_1_40' title="bbox 261 3628 1827 3694">
     <span class='ocr_line' id='line_1_40' title="bbox 261 3628 1827 3694; baseline 0.001 -10"><span class='ocrx_word' id='word_1_309' title='bbox 261 3629 396 3684; x_wconf 84' lang='grc' dir='ltr'><strong>ἀλλά</strong></span> <span class='ocrx_word' id='word_1_310' title='bbox 423 3630 518 3681; x_wconf 75' lang='grc' dir='ltr'><strong>καὶ</strong></span> <span class='ocrx_word' id='word_1_311' title='bbox 564 3630 645 3693; x_wconf 82' lang='grc' dir='ltr'>εἰς</span> <span class='ocrx_word' id='word_1_312' title='bbox 685 3629 776 3682; x_wconf 83' lang='grc' dir='ltr'><strong>τὸν</strong></span> <span class='ocrx_word' id='word_1_313' title='bbox 804 3628 1179 3684; x_wconf 84' lang='grc' dir='ltr'>ἀπεσταλκότα</span> <span class='ocrx_word' id='word_1_314' title='bbox 1204 3629 1365 3684; x_wconf 79' lang='grc' dir='ltr'>αὑτὸν</span> <span class='ocrx_word' id='word_1_315' title='bbox 1398 3630 1721 3694; x_wconf 74' lang='grc' dir='ltr'>ἐκτείνοντες</span> <span class='ocrx_word' id='word_1_316' title='bbox 1758 3631 1827 3686; x_wconf 85' lang='grc' dir='ltr'>τὰ</span> 
     </span>
    </p>
   </div>
   <div class='ocr_carea' id='block_1_41' title="bbox 260 3716 1824 3793">
    <p class='ocr_par' dir='ltr' id='par_1_41' title="bbox 260 3716 1824 3793">
     <span class='ocr_line' id='line_1_41' title="bbox 260 3716 1824 3793; baseline 0.001 -21"><span class='ocrx_word' id='word_1_317' title='bbox 260 3721 348 3793; x_wconf 83' lang='grc' dir='ltr'><strong>τῆς</strong></span> <span class='ocrx_word' id='word_1_318' title='bbox 377 3718 651 3783; x_wconf 84' lang='grc' dir='ltr'>ἀσεϐείας.</span> <span class='ocrx_word' id='word_1_319' title='bbox 679 3720 910 3790; x_wconf 84' lang='grc' dir='ltr'>Χριστὸν</span> <span class='ocrx_word' id='word_1_320' title='bbox 947 3720 1043 3790; x_wconf 86' lang='grc' dir='ltr'><strong>μὲν</strong></span> <span class='ocrx_word' id='word_1_321' title='bbox 1071 3716 1163 3774; x_wconf 82' lang='grc' dir='ltr'>οὖν</span> <span class='ocrx_word' id='word_1_322' title='bbox 1191 3721 1445 3791; x_wconf 73' lang='grc' dir='ltr'>ὀνομαστὶ</span> <span class='ocrx_word' id='word_1_323' title='bbox 1476 3722 1582 3773; x_wconf 82' lang='grc' dir='ltr'><strong>ὑπὸ</strong></span> <span class='ocrx_word' id='word_1_324' title='bbox 1616 3720 1824 3792; x_wconf 86' lang='grc' dir='ltr'>ἀνθρώ-</span> 
     </span>
    </p>
   </div>
   <div class='ocr_carea' id='block_1_42' title="bbox 260 3812 1824 3883">
    <p class='ocr_par' dir='ltr' id='par_1_42' title="bbox 260 3812 1824 3883">
     <span class='ocr_line' id='line_1_42' title="bbox 260 3812 1824 3883; baseline -0.001 -18"><span class='ocrx_word' id='word_1_325' title='bbox 260 3827 372 3865; x_wconf 83' lang='grc' dir='ltr'><strong>πων</strong></span> <span class='ocrx_word' id='word_1_326' title='bbox 409 3812 886 3883; x_wconf 75' lang='grc' dir='ltr'>ἐπιϐουλευόμενον</span> <span class='ocrx_word' id='word_1_327' title='bbox 927 3812 1113 3882; x_wconf 77' lang='grc' dir='ltr'>σαφῶς</span> <span class='ocrx_word' id='word_1_328' title='bbox 1145 3815 1201 3866; x_wconf 83' lang='grc' dir='ltr'>ὲν</span> <span class='ocrx_word' id='word_1_329' title='bbox 1242 3813 1449 3875; x_wconf 83' lang='grc' dir='ltr'>τούτοις</span> <span class='ocrx_word' id='word_1_330' title='bbox 1475 3814 1502 3866; x_wconf 92' lang='grc' dir='ltr'><strong>ό</strong></span> <span class='ocrx_word' id='word_1_331' title='bbox 1539 3813 1693 3881; x_wconf 83' lang='grc' dir='ltr'>λόγος</span> <span class='ocrx_word' id='word_1_332' title='bbox 1736 3812 1824 3865; x_wconf 86' lang='grc' dir='ltr'>θε-</span> 
     </span>
    </p>
   </div>
   <div class='ocr_carea' id='block_1_43' title="bbox 260 3903 1826 3975">
    <p class='ocr_par' dir='ltr' id='par_1_43' title="bbox 260 3903 1826 3975">
     <span class='ocr_line' id='line_1_43' title="bbox 260 3903 1826 3975; baseline 0.001 -21"><span class='ocrx_word' id='word_1_333' title='bbox 260 3903 459 3967; x_wconf 78' lang='grc' dir='ltr'>σπίζει.</span> <span class='ocrx_word' id='word_1_334' title='bbox 498 3903 707 3973; x_wconf 83' lang='grc' dir='ltr'>Προϊὼν</span> <span class='ocrx_word' id='word_1_335' title='bbox 736 3904 792 3956; x_wconf 78' lang='grc' dir='ltr'><strong>δὲ</strong></span> <span class='ocrx_word' id='word_1_336' title='bbox 820 3904 913 3957; x_wconf 78' lang='grc' dir='ltr'>καὶ</span> <span class='ocrx_word' id='word_1_337' title='bbox 949 3904 1073 3957; x_wconf 78' lang='grc' dir='ltr'>Υἱὸν</span> <span class='ocrx_word' id='word_1_338' title='bbox 1097 3904 1189 3958; x_wconf 85' lang='grc' dir='ltr'><strong>τοῦ</strong></span> <span class='ocrx_word' id='word_1_339' title='bbox 1218 3904 1352 3957; x_wconf 89' lang='grc' dir='ltr'>Θεοῦ</span> <span class='ocrx_word' id='word_1_340' title='bbox 1376 3904 1658 3975; x_wconf 74' lang='grc' dir='ltr'>ὀνομάζει·</span> <span class='ocrx_word' id='word_1_341' title='bbox 1692 3903 1826 3957; x_wconf 86' lang='grc' dir='ltr'><strong>ἀλλά</strong></span> 
     </span>
    </p>
   </div>
   <div class='ocr_carea' id='block_1_44' title="bbox 260 3993 1828 4066">
    <p class='ocr_par' dir='ltr' id='par_1_44' title="bbox 260 3993 1828 4066">
     <span class='ocr_line' id='line_1_44' title="bbox 260 3993 1828 4066; baseline 0.001 -20"><span class='ocrx_word' id='word_1_342' title='bbox 260 3994 349 4046; x_wconf 68' lang='grc' dir='ltr'><strong>καὶ</strong></span> <span class='ocrx_word' id='word_1_343' title='bbox 381 3994 581 4063; x_wconf 85' lang='grc' dir='ltr'>κλῆρον</span> <span class='ocrx_word' id='word_1_344' title='bbox 604 3993 751 4065; x_wconf 79' lang='grc' dir='ltr'>αὐτῷ</span> <span class='ocrx_word' id='word_1_345' title='bbox 774 3994 920 4065; x_wconf 90' lang='grc' dir='ltr'><strong>παρά</strong></span> <span class='ocrx_word' id='word_1_346' title='bbox 952 3996 1044 4048; x_wconf 85' lang='grc' dir='ltr'><strong>τοῦ</strong></span> <span class='ocrx_word' id='word_1_347' title='bbox 1076 3995 1284 4066; x_wconf 87' lang='grc' dir='ltr'>Πατρὸς</span> <span class='ocrx_word' id='word_1_348' title='bbox 1308 3994 1624 4064; x_wconf 86' lang='grc' dir='ltr'>δοθήσεσθαι</span> <span class='ocrx_word' id='word_1_349' title='bbox 1657 3997 1828 4049; x_wconf 84' lang='grc' dir='ltr'>πάντα</span> 
     </span>
    </p>
   </div>
   <div class='ocr_carea' id='block_1_45' title="bbox 258 4080 1828 4156">
    <p class='ocr_par' dir='ltr' id='par_1_45' title="bbox 258 4080 1828 4156">
     <span class='ocr_line' id='line_1_45' title="bbox 258 4080 1828 4156; baseline -0.001 -18"><span class='ocrx_word' id='word_1_350' title='bbox 258 4086 324 4138; x_wconf 76' lang='grc' dir='ltr'>τὰ</span> <span class='ocrx_word' id='word_1_351' title='bbox 364 4083 492 4153; x_wconf 76' lang='grc' dir='ltr'>ἔθνη</span> <span class='ocrx_word' id='word_1_352' title='bbox 527 4082 621 4136; x_wconf 75' lang='grc' dir='ltr'>καὶ</span> <span class='ocrx_word' id='word_1_353' title='bbox 660 4084 726 4139; x_wconf 79' lang='grc' dir='ltr'>τὰ</span> <span class='ocrx_word' id='word_1_354' title='bbox 759 4086 971 4156; x_wconf 85' lang='grc' dir='ltr'>πέρατα</span> <span class='ocrx_word' id='word_1_355' title='bbox 996 4085 1096 4154; x_wconf 86' lang='grc' dir='ltr'><strong>τῆς</strong></span> <span class='ocrx_word' id='word_1_356' title='bbox 1130 4086 1233 4154; x_wconf 78' lang='grc' dir='ltr'><strong>γῆς</strong></span> <span class='ocrx_word' id='word_1_357' title='bbox 1274 4084 1512 4140; x_wconf 79' lang='grc' dir='ltr'>διδάσκει</span> <span class='ocrx_word' id='word_1_358' title='bbox 1535 4080 1551 4115; x_wconf 70' lang='grc'><strong>·’</strong></span> <span class='ocrx_word' id='word_1_359' title='bbox 1582 4086 1617 4140; x_wconf 76' lang='grc' dir='ltr'><strong>ἀ</strong></span> <span class='ocrx_word' id='word_1_360' title='bbox 1645 4086 1706 4155; x_wconf 83' lang='grc' dir='ltr'>δὴ</span> <span class='ocrx_word' id='word_1_361' title='bbox 1736 4087 1828 4138; x_wconf 76' lang='grc' dir='ltr'>ἐπὶ</span> 
     </span>
    </p>
   </div>
   <div class='ocr_carea' id='block_1_46' title="bbox 262 4166 1845 4247">
    <p class='ocr_par' dir='ltr' id='par_1_46' title="bbox 262 4166 1845 4247">
     <span class='ocr_line' id='line_1_46' title="bbox 262 4166 1845 4247; baseline 0.002 -20"><span class='ocrx_word' id='word_1_362' title='bbox 262 4177 407 4244; x_wconf 77' lang='grc' dir='ltr'>μόνῳ</span> <span class='ocrx_word' id='word_1_363' title='bbox 449 4174 529 4244; x_wconf 84' lang='grc' dir='ltr'>τῷ</span> <span class='ocrx_word' id='word_1_364' title='bbox 558 4175 809 4246; x_wconf 75' lang='grc' dir='ltr'>ἡμετέρῳ</span> <span class='ocrx_word' id='word_1_365' title='bbox 842 4176 1052 4247; x_wconf 78' lang='grc' dir='ltr'>Σωτῆρι</span> <span class='ocrx_word' id='word_1_366' title='bbox 1092 4176 1492 4247; x_wconf 75' lang='grc' dir='ltr'>πεπληρωμένα</span> <span class='ocrx_word' id='word_1_367' title='bbox 1536 4166 1845 4230; x_wconf 52' lang='grc' dir='ltr'>δείκνυταιζ</span> 
     </span>
    </p>
   </div>
   <div class='ocr_carea' id='block_1_47' title="bbox 272 4263 1825 4339">
    <p class='ocr_par' dir='ltr' id='par_1_47' title="bbox 272 4263 1825 4339">
     <span class='ocr_line' id='line_1_47' title="bbox 272 4263 1825 4339; baseline 0.002 -22"><span class='ocrx_word' id='word_1_368' title='bbox 272 4263 421 4317; x_wconf 81' lang='grc' dir='ltr'>Ἐπεὶ</span> <span class='ocrx_word' id='word_1_369' title='bbox 465 4263 522 4316; x_wconf 81' lang='grc' dir='ltr'>δὲ</span> <span class='ocrx_word' id='word_1_370' title='bbox 553 4265 806 4332; x_wconf 84' lang='grc' dir='ltr'>γεγόνασι</span> <span class='ocrx_word' id='word_1_371' title='bbox 855 4266 1003 4337; x_wconf 88' lang='grc' dir='ltr'><strong>παρά</strong></span> <span class='ocrx_word' id='word_1_372' title='bbox 1042 4265 1311 4329; x_wconf 78' lang='grc' dir='ltr'>Ἰουδαίοις</span> <span class='ocrx_word' id='word_1_373' title='bbox 1352 4267 1444 4320; x_wconf 72' lang='grc' dir='ltr'><strong>καὶ</strong></span> <span class='ocrx_word' id='word_1_374' title='bbox 1474 4267 1649 4339; x_wconf 77' lang='grc' dir='ltr'>ἕτεροι</span> <span class='ocrx_word' id='word_1_375' title='bbox 1692 4269 1825 4338; x_wconf 87' lang='grc' dir='ltr'>Χρι-</span> 
     </span>
    </p>
   </div>
   <div class='ocr_carea' id='block_1_48' title="bbox 262 4353 1829 4426">
    <p class='ocr_par' dir='ltr' id='par_1_48' title="bbox 262 4353 1829 4426">
     <span class='ocr_line' id='line_1_48' title="bbox 262 4353 1829 4426; baseline 0.003 -22"><span class='ocrx_word' id='word_1_376' title='bbox 262 4355 397 4414; x_wconf 68' lang='lat' dir='ltr'><strong>nol,</strong></span> <span class='ocrx_word' id='word_1_377' title='bbox 431 4355 594 4423; x_wconf 71' lang='grc' dir='ltr'>ἱερεῖς</span> <span class='ocrx_word' id='word_1_378' title='bbox 620 4353 815 4426; x_wconf 80' lang='grc' dir='ltr'>δηλαδὴ</span> <span class='ocrx_word' id='word_1_379' title='bbox 845 4358 936 4408; x_wconf 84' lang='grc' dir='ltr'><strong>καὶ</strong></span> <span class='ocrx_word' id='word_1_380' title='bbox 970 4356 1207 4425; x_wconf 79' lang='grc' dir='ltr'>βασιλεῖς</span> <span class='ocrx_word' id='word_1_381' title='bbox 1244 4355 1338 4409; x_wconf 87' lang='grc' dir='ltr'><strong>τοῦ</strong></span> <span class='ocrx_word' id='word_1_382' title='bbox 1369 4356 1577 4419; x_wconf 76' lang='grc' dir='ltr'>ἔθνους,</span> <span class='ocrx_word' id='word_1_383' title='bbox 1623 4357 1829 4426; x_wconf 82' lang='grc' dir='ltr'>σκοπή-</span> 
     </span>
    </p>
   </div>
   <div class='ocr_carea' id='block_1_49' title="bbox 262 4444 1823 4518">
    <p class='ocr_par' dir='ltr' id='par_1_49' title="bbox 262 4444 1823 4518">
     <span class='ocr_line' id='line_1_49' title="bbox 262 4444 1823 4518; baseline 0 -19"><span class='ocrx_word' id='word_1_384' title='bbox 262 4461 373 4508; x_wconf 79' lang='grc' dir='ltr'>σεις</span> <span class='ocrx_word' id='word_1_385' title='bbox 413 4444 506 4496; x_wconf 73' lang='grc' dir='ltr'>ἐπὶ</span> <span class='ocrx_word' id='word_1_386' title='bbox 544 4445 688 4507; x_wconf 85' lang='grc' dir='ltr'>τινος</span> <span class='ocrx_word' id='word_1_387' title='bbox 712 4445 927 4500; x_wconf 83' lang='grc' dir='ltr'>τούτων</span> <span class='ocrx_word' id='word_1_388' title='bbox 962 4449 1029 4499; x_wconf 88' lang='grc' dir='ltr'><strong>τά</strong></span> <span class='ocrx_word' id='word_1_389' title='bbox 1059 4448 1421 4518; x_wconf 74' lang='grc' dir='ltr'>θεσπιζόμενα</span> <span class='ocrx_word' id='word_1_390' title='bbox 1449 4446 1789 4517; x_wconf 85' lang='grc' dir='ltr'>συμϐέϐηκεν</span> <span class='ocrx_word' id='word_1_391' title='bbox 1812 4465 1823 4477; x_wconf 90' lang='grc'>·</span> 
     </span>
    </p>
   </div>
   <div class='ocr_carea' id='block_1_50' title="bbox 260 4532 1827 4601">
    <p class='ocr_par' dir='ltr' id='par_1_50' title="bbox 260 4532 1827 4601">
     <span class='ocr_line' id='line_1_50' title="bbox 260 4532 1827 4601; baseline 0 -12"><span class='ocrx_word' id='word_1_392' title='bbox 260 4534 313 4589; x_wconf 75' lang='grc' dir='ltr'>εἴ</span> <span class='ocrx_word' id='word_1_393' title='bbox 328 4542 414 4597; x_wconf 73' lang='grc' dir='ltr'><strong>τις</strong></span> <span class='ocrx_word' id='word_1_394' title='bbox 455 4534 549 4587; x_wconf 79' lang='grc' dir='ltr'><strong>καὶ</strong></span> <span class='ocrx_word' id='word_1_395' title='bbox 573 4532 729 4596; x_wconf 81' lang='grc' dir='ltr'>ἄλλος</span> <span class='ocrx_word' id='word_1_396' title='bbox 770 4534 1195 4601; x_wconf 77' lang='grc' dir='ltr'>ἐπιϐουλεύεται,</span> <span class='ocrx_word' id='word_1_397' title='bbox 1231 4539 1282 4591; x_wconf 84' lang='grc' dir='ltr'>εἴ</span> <span class='ocrx_word' id='word_1_398' title='bbox 1306 4555 1387 4600; x_wconf 88' lang='grc' dir='ltr'><strong>τις</strong></span> <span class='ocrx_word' id='word_1_399' title='bbox 1416 4536 1542 4599; x_wconf 74' lang='grc' dir='ltr'>Υἱὸς</span> <span class='ocrx_word' id='word_1_400' title='bbox 1572 4535 1707 4593; x_wconf 84' lang='grc' dir='ltr'>Θεοῦ</span> <span class='ocrx_word' id='word_1_401' title='bbox 1735 4537 1827 4589; x_wconf 82' lang='grc' dir='ltr'><strong>κέ-</strong></span> 
     </span>
    </p>
   </div>
   <div class='ocr_carea' id='block_1_51' title="bbox 262 4624 1834 4698">
    <p class='ocr_par' dir='ltr' id='par_1_51' title="bbox 262 4624 1834 4698">
     <span class='ocr_line' id='line_1_51' title="bbox 262 4624 1834 4698; baseline 0 -18"><span class='ocrx_word' id='word_1_402' title='bbox 262 4625 472 4696; x_wconf 78' lang='grc' dir='ltr'>κληται,</span> <span class='ocrx_word' id='word_1_403' title='bbox 503 4626 557 4679; x_wconf 77' lang='grc' dir='ltr'><strong>εί</strong></span> <span class='ocrx_word' id='word_1_404' title='bbox 598 4642 682 4688; x_wconf 88' lang='grc' dir='ltr'><strong>τις</strong></span> <span class='ocrx_word' id='word_1_405' title='bbox 729 4624 836 4679; x_wconf 82' lang='grc' dir='ltr'><strong>τῶν</strong></span> <span class='ocrx_word' id='word_1_406' title='bbox 867 4625 1034 4679; x_wconf 79' lang='grc' dir='ltr'>ἐθνῶν</span> <span class='ocrx_word' id='word_1_407' title='bbox 1074 4629 1328 4683; x_wconf 80' lang='grc' dir='ltr'>ἁπάντων</span> <span class='ocrx_word' id='word_1_408' title='bbox 1366 4628 1705 4698; x_wconf 80' lang='grc' dir='ltr'>κεκράτηκεν</span> <span class='ocrx_word' id='word_1_409' title='bbox 1731 4646 1744 4659; x_wconf 90' lang='grc'>·</span> <span class='ocrx_word' id='word_1_410' title='bbox 1781 4628 1834 4681; x_wconf 86' lang='grc' dir='ltr'><strong>εῐ</strong></span> 
     </span>
    </p>
   </div>
   <div class='ocr_carea' id='block_1_52' title="bbox 261 4716 1826 4791">
    <p class='ocr_par' dir='ltr' id='par_1_52' title="bbox 261 4716 1826 4791">
     <span class='ocr_line' id='line_1_52' title="bbox 261 4716 1826 4791; baseline 0.003 -22"><span class='ocrx_word' id='word_1_411' title='bbox 261 4733 341 4780; x_wconf 86' lang='grc' dir='ltr'><strong>τις</strong></span> <span class='ocrx_word' id='word_1_412' title='bbox 393 4716 516 4770; x_wconf 86' lang='grc' dir='ltr'>καθ’</span> <span class='ocrx_word' id='word_1_413' title='bbox 571 4716 700 4787; x_wconf 80' lang='grc' dir='ltr'>ὅλη-τ</span> <span class='ocrx_word' id='word_1_414' title='bbox 753 4717 984 4788; x_wconf 73' lang='grc' dir='ltr'>Χριστος</span> <span class='ocrx_word' id='word_1_415' title='bbox 1037 4718 1282 4789; x_wconf 74' lang='grc' dir='ltr'>ἐγνώσθη</span> <span class='ocrx_word' id='word_1_416' title='bbox 1332 4720 1434 4789; x_wconf 86' lang='grc' dir='ltr'><strong>τῆς</strong></span> <span class='ocrx_word' id='word_1_417' title='bbox 1485 4721 1826 4791; x_wconf 76' lang='grc' dir='ltr'>οἰκουμένης.</span> 
     </span>
    </p>
   </div>
   <div class='ocr_carea' id='block_1_53' title="bbox 272 4806 1829 4882">
    <p class='ocr_par' dir='ltr' id='par_1_53' title="bbox 272 4806 1829 4882">
     <span class='ocr_line' id='line_1_53' title="bbox 272 4806 1829 4882; baseline 0.002 -23"><span class='ocrx_word' id='word_1_418' title='bbox 272 4808 406 4860; x_wconf 80' lang='grc' dir='ltr'>Ἀλλ’</span> <span class='ocrx_word' id='word_1_419' title='bbox 449 4807 549 4860; x_wconf 77' lang='grc' dir='ltr'><strong>οὐκ</strong></span> <span class='ocrx_word' id='word_1_420' title='bbox 602 4806 671 4861; x_wconf 79' lang='grc' dir='ltr'>ἂν</span> <span class='ocrx_word' id='word_1_421' title='bbox 711 4806 822 4876; x_wconf 79' lang='grc' dir='ltr'>ἔχοι</span> <span class='ocrx_word' id='word_1_422' title='bbox 858 4826 941 4871; x_wconf 92' lang='grc' dir='ltr'><strong>τις</strong></span> <span class='ocrx_word' id='word_1_423' title='bbox 977 4811 1147 4862; x_wconf 79' lang='grc' dir='ltr'>εἰπεῖν</span> <span class='ocrx_word' id='word_1_424' title='bbox 1174 4826 1187 4840; x_wconf 80' lang='lat'>&#39;</span> <span class='ocrx_word' id='word_1_425' title='bbox 1240 4811 1396 4879; x_wconf 81' lang='grc' dir='ltr'>μόνος</span> <span class='ocrx_word' id='word_1_426' title='bbox 1431 4811 1538 4881; x_wconf 86' lang='grc' dir='ltr'>γὰρ</span> <span class='ocrx_word' id='word_1_427' title='bbox 1572 4813 1600 4863; x_wconf 90' lang='grc' dir='ltr'><strong>ό</strong></span> <span class='ocrx_word' id='word_1_428' title='bbox 1640 4810 1829 4882; x_wconf 82' lang='grc' dir='ltr'>Σωτὴρ</span> 
     </span>
    </p>
   </div>
   <div class='ocr_carea' id='block_1_54' title="bbox 260 4898 1829 4974">
    <p class='ocr_par' dir='ltr' id='par_1_54' title="bbox 260 4898 1829 4974">
     <span class='ocr_line' id='line_1_54' title="bbox 260 4898 1829 4974; baseline -0.005 -20"><span class='ocrx_word' id='word_1_429' title='bbox 462 4898 668 4970; x_wconf 78' lang='grc' dir='ltr'>Ἰησοῦς</span> <span class='ocrx_word' id='word_1_430' title='bbox 701 4900 933 4970; x_wconf 76' lang='grc' dir='ltr'>Χριστὸς</span> <span class='ocrx_word' id='word_1_431' title='bbox 963 4900 1060 4969; x_wconf 72' lang='grc' dir='ltr'><strong>τῆς</strong></span> <span class='ocrx_word' id='word_1_432' title='bbox 1100 4901 1303 4965; x_wconf 80' lang='grc' dir='ltr'>οἰκείας</span> <span class='ocrx_word' id='word_1_433' title='bbox 1332 4902 1700 4974; x_wconf 75' lang='grc' dir='ltr'>προσηγορίας</span> <span class='ocrx_word' id='word_1_434' title='bbox 1738 4903 1829 4954; x_wconf 84' lang='grc' dir='ltr'>τὸν</span> 
     </span>
    </p>
   </div>
   <div class='ocr_carea' id='block_1_55' title="bbox 259 4988 1827 5062">
    <p class='ocr_par' dir='ltr' id='par_1_55' title="bbox 259 4988 1827 5062">
     <span class='ocr_line' id='line_1_55' title="bbox 259 4988 1827 5062; baseline 0.001 -20"><span class='ocrx_word' id='word_1_435' title='bbox 259 4988 551 5059; x_wconf 81' lang='grc' dir='ltr'>σύμπαντα</span> <span class='ocrx_word' id='word_1_436' title='bbox 596 4989 903 5062; x_wconf 80' lang='grc' dir='ltr'>κατέπλησε</span> <span class='ocrx_word' id='word_1_437' title='bbox 947 4991 1164 5062; x_wconf 85' lang='grc' dir='ltr'>κόσμον,</span> <span class='ocrx_word' id='word_1_438' title='bbox 1203 4993 1539 5062; x_wconf 86' lang='grc' dir='ltr'>Χριστιανῶν</span> <span class='ocrx_word' id='word_1_439' title='bbox 1571 4992 1630 5059; x_wconf 75' lang='grc' dir='ltr'><strong>ἐξ</strong></span> <span class='ocrx_word' id='word_1_440' title='bbox 1664 4990 1827 5045; x_wconf 83' lang='grc' dir='ltr'>αὐτοῦ</span> 
     </span>
    </p>
   </div>
   <div class='ocr_carea' id='block_1_56' title="bbox 2000 1162 3486 1242">
    <p class='ocr_par' dir='ltr' id='par_1_56' title="bbox 2000 1162 3486 1242">
     <span class='ocr_line' id='line_1_56' title="bbox 2000 1162 3486 1242; baseline -0.005 -14"><span class='ocrx_word' id='word_1_441' title='bbox 2000 1173 2161 1231; x_wconf 74' lang='lat' dir='ltr'><strong>Vens.</strong></span> <span class='ocrx_word' id='word_1_442' title='bbox 2202 1175 2252 1229; x_wconf 80' lang='lat'><strong>2.</strong></span> <span class='ocrx_word' id='word_1_443' title='bbox 2294 1176 2580 1228; x_wconf 77' lang='lat' dir='ltr'><strong>Astiterunt</strong></span> <span class='ocrx_word' id='word_1_444' title='bbox 2606 1189 2744 1242; x_wconf 80' lang='lat' dir='ltr'><strong>reges</strong></span> <span class='ocrx_word' id='word_1_445' title='bbox 2776 1181 2962 1233; x_wconf 66' lang='lat' dir='ltr'><strong>terror,</strong></span> <span class='ocrx_word' id='word_1_446' title='bbox 2993 1179 3040 1223; x_wconf 86' lang='lat' dir='ltr'><strong>et</strong></span> <span class='ocrx_word' id='word_1_447' title='bbox 3073 1162 3334 1238; x_wconf 77' lang='lat' dir='ltr'><strong>principes</strong></span> <span class='ocrx_word' id='word_1_448' title='bbox 3360 1185 3486 1223; x_wconf 86' lang='lat' dir='ltr'><strong>con-</strong></span> 
     </span>
    </p>
   </div>
   <div class='ocr_carea' id='block_1_57' title="bbox 1926 1261 3526 1329">
    <p class='ocr_par' dir='ltr' id='par_1_57' title="bbox 1926 1261 3526 1329">
     <span class='ocr_line' id='line_1_57' title="bbox 1926 1261 3526 1329; baseline -0.004 -9"><span class='ocrx_word' id='word_1_449' title='bbox 1926 1278 2175 1321; x_wconf 83' lang='lat' dir='ltr'><strong>venerunt</strong></span> <span class='ocrx_word' id='word_1_450' title='bbox 2212 1268 2269 1321; x_wconf 84' lang='lat' dir='ltr'><strong>in</strong></span> <span class='ocrx_word' id='word_1_451' title='bbox 2310 1283 2469 1319; x_wconf 89' lang='lat' dir='ltr'><strong>unum</strong></span> <span class='ocrx_word' id='word_1_452' title='bbox 2494 1306 2509 1329; x_wconf 94' lang='lat'><strong>,</strong></span> <span class='ocrx_word' id='word_1_453' title='bbox 2547 1264 2801 1319; x_wconf 80' lang='lat' dir='ltr'><strong>adversus</strong></span> <span class='ocrx_word' id='word_1_454' title='bbox 2839 1261 3117 1316; x_wconf 84' lang='lat' dir='ltr'><strong>Dominum</strong></span> <span class='ocrx_word' id='word_1_455' title='bbox 3149 1270 3198 1316; x_wconf 85' lang='lat' dir='ltr'><strong>et</strong></span> <span class='ocrx_word' id='word_1_456' title='bbox 3236 1261 3482 1316; x_wconf 80' lang='lat' dir='ltr'><strong>adversus</strong></span> <span class='ocrx_word' id='word_1_457' title='bbox 3521 1297 3526 1301; x_wconf 83' lang='lat'><em>-</em></span> 
     </span>
    </p>
   </div>
   <div class='ocr_carea' id='block_1_58' title="bbox 1924 1350 3485 1425">
    <p class='ocr_par' dir='ltr' id='par_1_58' title="bbox 1924 1350 3485 1425">
     <span class='ocr_line' id='line_1_58' title="bbox 1924 1350 3485 1425; baseline -0.003 -16"><span class='ocrx_word' id='word_1_458' title='bbox 1924 1356 2193 1409; x_wconf 76' lang='lat' dir='ltr'><strong>Christum</strong></span> <span class='ocrx_word' id='word_1_459' title='bbox 2214 1357 2347 1425; x_wconf 80' lang='lat' dir='ltr'><strong>ejus.</strong></span> <span class='ocrx_word' id='word_1_460' title='bbox 2377 1355 2624 1409; x_wconf 82' lang='lat' dir='ltr'><strong>Salvator</strong></span> <span class='ocrx_word' id='word_1_461' title='bbox 2662 1354 2972 1407; x_wconf 73' lang='lat' dir='ltr'><strong>[nominibus</strong></span> <span class='ocrx_word' id='word_1_462' title='bbox 3001 1351 3215 1407; x_wconf 79' lang='lat' dir='ltr'><strong>advenit</strong></span> <span class='ocrx_word' id='word_1_463' title='bbox 3236 1350 3485 1406; x_wconf 88' lang='lat' dir='ltr'><strong>Christus</strong></span> 
     </span>
    </p>
   </div>
   <div class='ocr_carea' id='block_1_59' title="bbox 1927 1442 3486 1517">
    <p class='ocr_par' dir='ltr' id='par_1_59' title="bbox 1927 1442 3486 1517">
     <span class='ocr_line' id='line_1_59' title="bbox 1927 1442 3486 1517; baseline -0.004 -18"><span class='ocrx_word' id='word_1_464' title='bbox 1927 1446 2060 1512; x_wconf 88' lang='lat' dir='ltr'><strong>Dei;</strong></span> <span class='ocrx_word' id='word_1_465' title='bbox 2096 1446 2364 1511; x_wconf 79' lang='lat' dir='ltr'><strong>Salvator,</strong></span> <span class='ocrx_word' id='word_1_466' title='bbox 2398 1448 2637 1517; x_wconf 89' lang='lat' dir='ltr'><strong>inquam,</strong></span> <span class='ocrx_word' id='word_1_467' title='bbox 2663 1454 2715 1499; x_wconf 92' lang='lat' dir='ltr'><strong>et</strong></span> <span class='ocrx_word' id='word_1_468' title='bbox 2762 1445 3031 1499; x_wconf 88' lang='lat' dir='ltr'><strong>luminare</strong></span> <span class='ocrx_word' id='word_1_469' title='bbox 3077 1442 3324 1513; x_wconf 76' lang='lat' dir='ltr'><strong>gentibus</strong></span> <span class='ocrx_word' id='word_1_470' title='bbox 3364 1443 3486 1497; x_wconf 76' lang='lat' dir='ltr'><strong>uni-</strong></span> 
     </span>
    </p>
   </div>
   <div class='ocr_carea' id='block_1_60' title="bbox 1926 1531 3484 1607">
    <p class='ocr_par' dir='ltr' id='par_1_60' title="bbox 1926 1531 3484 1607">
     <span class='ocr_line' id='line_1_60' title="bbox 1926 1531 3484 1607; baseline -0.005 -15"><span class='ocrx_word' id='word_1_471' title='bbox 1926 1538 2095 1592; x_wconf 85' lang='lat' dir='ltr'><strong>versis</strong></span> <span class='ocrx_word' id='word_1_472' title='bbox 2116 1577 2131 1601; x_wconf 95' lang='lat'><strong>,</strong></span> <span class='ocrx_word' id='word_1_473' title='bbox 2163 1538 2353 1592; x_wconf 92' lang='lat' dir='ltr'><strong>doctor</strong></span> <span class='ocrx_word' id='word_1_474' title='bbox 2378 1537 2627 1607; x_wconf 86' lang='lat' dir='ltr'><strong>pietatis,</strong></span> <span class='ocrx_word' id='word_1_475' title='bbox 2661 1543 2850 1589; x_wconf 81' lang='lat' dir='ltr'><strong>auctor</strong></span> <span class='ocrx_word' id='word_1_476' title='bbox 2887 1534 3284 1604; x_wconf 68' lang='lat' dir='ltr'><strong>temperantiae,</strong></span> <span class='ocrx_word' id='word_1_477' title='bbox 3319 1531 3484 1601; x_wconf 86' lang='lat' dir='ltr'><strong>justi-</strong></span> 
     </span>
    </p>
   </div>
   <div class='ocr_carea' id='block_1_61' title="bbox 1928 1625 3486 1692">
    <p class='ocr_par' dir='ltr' id='par_1_61' title="bbox 1928 1625 3486 1692">
     <span class='ocr_line' id='line_1_61' title="bbox 1928 1625 3486 1692; baseline -0.003 -11"><span class='ocrx_word' id='word_1_478' title='bbox 1928 1630 2013 1683; x_wconf 76' lang='lat' dir='ltr'><strong>tia:</strong></span> <span class='ocrx_word' id='word_1_479' title='bbox 2050 1629 2279 1684; x_wconf 88' lang='lat' dir='ltr'><strong>antistes</strong></span> <span class='ocrx_word' id='word_1_480' title='bbox 2301 1668 2315 1692; x_wconf 95' lang='lat'><strong>,</strong></span> <span class='ocrx_word' id='word_1_481' title='bbox 2345 1628 2589 1681; x_wconf 92' lang='lat' dir='ltr'><strong>onmium</strong></span> <span class='ocrx_word' id='word_1_482' title='bbox 2620 1626 2885 1679; x_wconf 86' lang='lat' dir='ltr'><strong>virtutum</strong></span> <span class='ocrx_word' id='word_1_483' title='bbox 2920 1640 2983 1678; x_wconf 91' lang='lat' dir='ltr'><strong>ac</strong></span> <span class='ocrx_word' id='word_1_484' title='bbox 3016 1625 3214 1679; x_wconf 75' lang='lat' dir='ltr'><strong>divina:</strong></span> <span class='ocrx_word' id='word_1_485' title='bbox 3244 1638 3486 1692; x_wconf 59' lang='lat' dir='ltr'><strong>veraeque</strong></span> 
     </span>
    </p>
   </div>
   <div class='ocr_carea' id='block_1_62' title="bbox 1890 1716 3485 1788">
    <p class='ocr_par' dir='ltr' id='par_1_62' title="bbox 1890 1716 3485 1788">
     <span class='ocr_line' id='line_1_62' title="bbox 1890 1716 3485 1788; baseline -0.006 -13"><span class='ocrx_word' id='word_1_486' title='bbox 1890 1774 1893 1775; x_wconf 30' lang='grc' dir='ltr'><strong>ν</strong></span> <span class='ocrx_word' id='word_1_487' title='bbox 1926 1718 2253 1788; x_wconf 89' lang='lat' dir='ltr'><strong>cognitionis</strong></span> <span class='ocrx_word' id='word_1_488' title='bbox 2284 1732 2470 1771; x_wconf 85' lang='lat' dir='ltr'><strong>causa.</strong></span> <span class='ocrx_word' id='word_1_489' title='bbox 2513 1716 2623 1770; x_wconf 91' lang='lat' dir='ltr'><strong>Cur</strong></span> <span class='ocrx_word' id='word_1_490' title='bbox 2651 1731 2818 1786; x_wconf 77' lang='lat' dir='ltr'><strong>ergo,</strong></span> <span class='ocrx_word' id='word_1_491' title='bbox 2863 1716 3070 1787; x_wconf 83' lang='lat' dir='ltr'><strong>inquit,</strong></span> <span class='ocrx_word' id='word_1_492' title='bbox 3114 1731 3212 1783; x_wconf 88' lang='lat' dir='ltr'><strong>pro</strong></span> <span class='ocrx_word' id='word_1_493' title='bbox 3254 1724 3331 1769; x_wconf 92' lang='lat' dir='ltr'><strong>tot</strong></span> <span class='ocrx_word' id='word_1_494' title='bbox 3370 1724 3485 1767; x_wconf 84' lang='lat' dir='ltr'><strong>tan-</strong></span> 
     </span>
    </p>
   </div>
   <div class='ocr_carea' id='block_1_63' title="bbox 1929 1806 3488 1879">
    <p class='ocr_par' dir='ltr' id='par_1_63' title="bbox 1929 1806 3488 1879">
     <span class='ocr_line' id='line_1_63' title="bbox 1929 1806 3488 1879; baseline -0.004 -16"><span class='ocrx_word' id='word_1_495' title='bbox 1929 1820 2216 1879; x_wconf 89' lang='lat' dir='ltr'><strong>torumque</strong></span> <span class='ocrx_word' id='word_1_496' title='bbox 2249 1809 2517 1863; x_wconf 88' lang='lat' dir='ltr'><strong>bonorum</strong></span> <span class='ocrx_word' id='word_1_497' title='bbox 2549 1807 2785 1862; x_wconf 84' lang='lat' dir='ltr'><strong>adventu</strong></span> <span class='ocrx_word' id='word_1_498' title='bbox 2821 1814 3011 1877; x_wconf 85' lang='lat' dir='ltr'><strong>gentes</strong></span> <span class='ocrx_word' id='word_1_499' title='bbox 3045 1806 3488 1860; x_wconf 82' lang='lat' dir='ltr'><strong>tumultuantur?</strong></span> 
     </span>
    </p>
   </div>
   <div class='ocr_carea' id='block_1_64' title="bbox 1930 1896 3485 1968">
    <p class='ocr_par' dir='ltr' id='par_1_64' title="bbox 1930 1896 3485 1968">
     <span class='ocr_line' id='line_1_64' title="bbox 1930 1896 3485 1968; baseline -0.003 -16"><span class='ocrx_word' id='word_1_500' title='bbox 1930 1899 1984 1952; x_wconf 83' lang='lat' dir='ltr'><strong>Si</strong></span> <span class='ocrx_word' id='word_1_501' title='bbox 2020 1899 2065 1954; x_wconf 88' lang='lat' dir='ltr'><strong>is</strong></span> <span class='ocrx_word' id='word_1_502' title='bbox 2101 1899 2322 1954; x_wconf 87' lang='lat' dir='ltr'><strong>advenit</strong></span> <span class='ocrx_word' id='word_1_503' title='bbox 2356 1899 2450 1968; x_wconf 88' lang='lat' dir='ltr'><strong>qui</strong></span> <span class='ocrx_word' id='word_1_504' title='bbox 2487 1896 2689 1968; x_wconf 82' lang='lat' dir='ltr'><strong>Moysis</strong></span> <span class='ocrx_word' id='word_1_505' title='bbox 2722 1897 2891 1967; x_wconf 84' lang='lat' dir='ltr'><strong>legem</strong></span> <span class='ocrx_word' id='word_1_506' title='bbox 2927 1897 3113 1966; x_wconf 88' lang='lat' dir='ltr'><strong>implet</strong></span> <span class='ocrx_word' id='word_1_507' title='bbox 3146 1911 3209 1949; x_wconf 90' lang='lat' dir='ltr'><strong>ac</strong></span> <span class='ocrx_word' id='word_1_508' title='bbox 3243 1896 3449 1964; x_wconf 81' lang='lat' dir='ltr'><strong>perlicit</strong></span> <span class='ocrx_word' id='word_1_509' title='bbox 3471 1937 3485 1957; x_wconf 93' lang='lat'><strong>,</strong></span> 
     </span>
    </p>
   </div>
   <div class='ocr_carea' id='block_1_65' title="bbox 1929 1988 3482 2060">
    <p class='ocr_par' dir='ltr' id='par_1_65' title="bbox 1929 1988 3482 2060">
     <span class='ocr_line' id='line_1_65' title="bbox 1929 1988 3482 2060; baseline -0.003 -14"><span class='ocrx_word' id='word_1_510' title='bbox 1929 2000 1987 2046; x_wconf 94' lang='lat' dir='ltr'><strong>ut</strong></span> <span class='ocrx_word' id='word_1_511' title='bbox 2027 1992 2141 2060; x_wconf 92' lang='lat' dir='ltr'><strong>ipse</strong></span> <span class='ocrx_word' id='word_1_512' title='bbox 2178 1990 2416 2045; x_wconf 89' lang='lat' dir='ltr'><strong>declarat</strong></span> <span class='ocrx_word' id='word_1_513' title='bbox 2461 1990 2545 2044; x_wconf 87' lang='lat' dir='ltr'><strong>his</strong></span> <span class='ocrx_word' id='word_1_514' title='bbox 2587 1990 2766 2044; x_wconf 89' lang='lat' dir='ltr'><strong>verbis</strong></span> <span class='ocrx_word' id='word_1_515' title='bbox 2805 2006 2818 2044; x_wconf 90' lang='lat'>:</span> <span class='ocrx_word' id='word_1_516' title='bbox 2852 1988 2974 2042; x_wconf 86' lang='lat' dir='ltr'><strong>Non</strong></span> <span class='ocrx_word' id='word_1_517' title='bbox 3017 1989 3130 2043; x_wconf 83' lang='lat' dir='ltr'><strong>veni</strong></span> <span class='ocrx_word' id='word_1_518' title='bbox 3174 1988 3369 2041; x_wconf 82' lang='lat' dir='ltr'><strong>solvere</strong></span> <span class='ocrx_word' id='word_1_519' title='bbox 3401 1988 3482 2041; x_wconf 82' lang='lat' dir='ltr'><strong>le-</strong></span> 
     </span>
    </p>
   </div>
   <div class='ocr_carea' id='block_1_66' title="bbox 1926 2078 3486 2153">
    <p class='ocr_par' dir='ltr' id='par_1_66' title="bbox 1926 2078 3486 2153">
     <span class='ocr_line' id='line_1_66' title="bbox 1926 2078 3486 2153; baseline -0.006 -18"><span class='ocrx_word' id='word_1_520' title='bbox 1926 2098 2073 2153; x_wconf 87' lang='lat' dir='ltr'><strong>gem,</strong></span> <span class='ocrx_word' id='word_1_521' title='bbox 2110 2079 2198 2134; x_wconf 87' lang='lat' dir='ltr'><strong>sed</strong></span> <span class='ocrx_word' id='word_1_522' title='bbox 2231 2079 2515 2148; x_wconf 84' lang='lat' dir='ltr'><strong>adimplere</strong></span> <span class='ocrx_word' id='word_1_523' title='bbox 2546 2082 2590 2145; x_wconf 82' lang='lat'><strong>&quot;-,</strong></span> <span class='ocrx_word' id='word_1_524' title='bbox 2636 2081 2681 2135; x_wconf 89' lang='lat' dir='ltr'><strong>si</strong></span> <span class='ocrx_word' id='word_1_525' title='bbox 2732 2096 2824 2148; x_wconf 89' lang='lat' dir='ltr'><strong>per</strong></span> <span class='ocrx_word' id='word_1_526' title='bbox 2874 2079 3048 2150; x_wconf 88' lang='lat' dir='ltr'><strong>ipsum</strong></span> <span class='ocrx_word' id='word_1_527' title='bbox 3089 2078 3310 2131; x_wconf 89' lang='lat' dir='ltr'><strong>oracula</strong></span> <span class='ocrx_word' id='word_1_528' title='bbox 3362 2093 3486 2147; x_wconf 78' lang='lat' dir='ltr'><strong>pro.</strong></span> 
     </span>
    </p>
   </div>
   <div class='ocr_carea' id='block_1_67' title="bbox 1930 2169 3486 2243">
    <p class='ocr_par' dir='ltr' id='par_1_67' title="bbox 1930 2169 3486 2243">
     <span class='ocr_line' id='line_1_67' title="bbox 1930 2169 3486 2243; baseline -0.003 -16"><span class='ocrx_word' id='word_1_529' title='bbox 1930 2174 2213 2243; x_wconf 89' lang='lat' dir='ltr'><strong>phetarum</strong></span> <span class='ocrx_word' id='word_1_530' title='bbox 2250 2172 2407 2226; x_wconf 81' lang='lat' dir='ltr'><strong>tinem</strong></span> <span class='ocrx_word' id='word_1_531' title='bbox 2443 2180 2599 2227; x_wconf 84' lang='lat' dir='ltr'><strong>nacta</strong></span> <span class='ocrx_word' id='word_1_532' title='bbox 2634 2179 2763 2225; x_wconf 91' lang='lat' dir='ltr'><strong>sunt</strong></span> <span class='ocrx_word' id='word_1_533' title='bbox 2795 2190 2807 2231; x_wconf 86' lang='lat'><strong>;</strong></span> <span class='ocrx_word' id='word_1_534' title='bbox 2840 2170 2969 2241; x_wconf 83' lang='lat' dir='ltr'><strong>quid</strong></span> <span class='ocrx_word' id='word_1_535' title='bbox 3002 2186 3183 2225; x_wconf 65' lang='lat' dir='ltr'><strong>causa:</strong></span> <span class='ocrx_word' id='word_1_536' title='bbox 3210 2179 3295 2225; x_wconf 90' lang='lat' dir='ltr'><strong>est</strong></span> <span class='ocrx_word' id='word_1_537' title='bbox 3324 2169 3486 2239; x_wconf 74' lang='lat' dir='ltr'><strong>curji</strong></span> 
     </span>
    </p>
   </div>
   <div class='ocr_carea' id='block_1_68' title="bbox 1928 2263 3487 2335">
    <p class='ocr_par' dir='ltr' id='par_1_68' title="bbox 1928 2263 3487 2335">
     <span class='ocr_line' id='line_1_68' title="bbox 1928 2263 3487 2335; baseline -0.003 -16"><span class='ocrx_word' id='word_1_538' title='bbox 1928 2266 2021 2335; x_wconf 91' lang='lat' dir='ltr'><strong>qui</strong></span> <span class='ocrx_word' id='word_1_539' title='bbox 2057 2266 2170 2319; x_wconf 69' lang='lat' dir='ltr'><strong>haec</strong></span> <span class='ocrx_word' id='word_1_540' title='bbox 2202 2264 2559 2325; x_wconf 88' lang='lat' dir='ltr'><strong>meditantur,</strong></span> <span class='ocrx_word' id='word_1_541' title='bbox 2592 2263 2706 2317; x_wconf 68' lang='grc' dir='ltr'><strong>ιιωο</strong></span> <span class='ocrx_word' id='word_1_542' title='bbox 2741 2264 2797 2317; x_wconf 91' lang='lat' dir='ltr'><strong>in</strong></span> <span class='ocrx_word' id='word_1_543' title='bbox 2840 2277 2933 2317; x_wconf 90' lang='lat' dir='ltr'><strong>ore</strong></span> <span class='ocrx_word' id='word_1_544' title='bbox 2980 2263 3123 2318; x_wconf 80' lang='lat' dir='ltr'><strong>ferre</strong></span> <span class='ocrx_word' id='word_1_545' title='bbox 3153 2268 3487 2333; x_wconf 86' lang='lat' dir='ltr'><strong>procurant,</strong></span> 
     </span>
    </p>
   </div>
   <div class='ocr_carea' id='block_1_69' title="bbox 1928 2347 3496 2425">
    <p class='ocr_par' dir='ltr' id='par_1_69' title="bbox 1928 2347 3496 2425">
     <span class='ocr_line' id='line_1_69' title="bbox 1928 2347 3496 2425; baseline -0.001 -14"><span class='ocrx_word' id='word_1_546' title='bbox 1928 2356 2141 2411; x_wconf 88' lang='lat' dir='ltr'><strong>Judaici</strong></span> <span class='ocrx_word' id='word_1_547' title='bbox 2171 2356 2423 2411; x_wconf 85' lang='lat' dir='ltr'><strong>videlicet</strong></span> <span class='ocrx_word' id='word_1_548' title='bbox 2455 2355 2678 2425; x_wconf 88' lang='lat' dir='ltr'><strong>populi,</strong></span> <span class='ocrx_word' id='word_1_549' title='bbox 2704 2347 2897 2409; x_wconf 83' lang='lat' dir='ltr'><strong>vanam</strong></span> <span class='ocrx_word' id='word_1_550' title='bbox 2931 2354 3197 2411; x_wconf 91' lang='lat' dir='ltr'><strong>adversus</strong></span> <span class='ocrx_word' id='word_1_551' title='bbox 3224 2371 3348 2410; x_wconf 89' lang='lat' dir='ltr'><strong>eum</strong></span> <span class='ocrx_word' id='word_1_552' title='bbox 3379 2365 3496 2410; x_wconf 84' lang='lat' dir='ltr'><strong>me-‘</strong></span> 
     </span>
    </p>
   </div>
   <div class='ocr_carea' id='block_1_70' title="bbox 1860 2415 3493 2518">
    <p class='ocr_par' dir='ltr' id='par_1_70' title="bbox 1860 2415 3493 2518">
     <span class='ocr_line' id='line_1_70' title="bbox 1860 2415 3493 2518; baseline -0.002 -13"><span class='ocrx_word' id='word_1_553' title='bbox 1860 2415 1906 2492; x_wconf 69' lang='grc' dir='ltr'><strong>υ-</strong></span> <span class='ocrx_word' id='word_1_554' title='bbox 1930 2449 2246 2505; x_wconf 87' lang='lat' dir='ltr'><strong>ditationem</strong></span> <span class='ocrx_word' id='word_1_555' title='bbox 2277 2458 2330 2504; x_wconf 91' lang='lat' dir='ltr'><strong>et</strong></span> <span class='ocrx_word' id='word_1_556' title='bbox 2358 2463 2542 2503; x_wconf 89' lang='lat' dir='ltr'><strong>curam</strong></span> <span class='ocrx_word' id='word_1_557' title='bbox 2572 2446 2961 2517; x_wconf 84' lang='lat' dir='ltr'><strong>susceperint?</strong></span> <span class='ocrx_word' id='word_1_558' title='bbox 2990 2446 3105 2501; x_wconf 91' lang='lat' dir='ltr'><strong>lmo</strong></span> <span class='ocrx_word' id='word_1_559' title='bbox 3132 2461 3263 2511; x_wconf 87' lang='lat' dir='ltr'><strong>vero</strong></span> <span class='ocrx_word' id='word_1_560' title='bbox 3294 2447 3493 2518; x_wconf 86' lang='lat' dir='ltr'><strong>princi-</strong></span> 
     </span>
    </p>
   </div>
   <div class='ocr_carea' id='block_1_71' title="bbox 1932 2539 3490 2610">
    <p class='ocr_par' dir='ltr' id='par_1_71' title="bbox 1932 2539 3490 2610">
     <span class='ocr_line' id='line_1_71' title="bbox 1932 2539 3490 2610; baseline -0.004 -14"><span class='ocrx_word' id='word_1_561' title='bbox 1932 2557 2025 2610; x_wconf 88' lang='lat' dir='ltr'><strong>pes</strong></span> <span class='ocrx_word' id='word_1_562' title='bbox 2055 2540 2293 2609; x_wconf 85' lang='lat' dir='ltr'><strong>gentium</strong></span> <span class='ocrx_word' id='word_1_563' title='bbox 2326 2556 2421 2610; x_wconf 92' lang='lat' dir='ltr'><strong>per</strong></span> <span class='ocrx_word' id='word_1_564' title='bbox 2454 2541 2773 2595; x_wconf 89' lang='lat' dir='ltr'><strong>universum</strong></span> <span class='ocrx_word' id='word_1_565' title='bbox 2808 2539 2994 2595; x_wconf 86' lang='lat' dir='ltr'><strong>orbem</strong></span> <span class='ocrx_word' id='word_1_566' title='bbox 3019 2580 3033 2602; x_wconf 92' lang='lat'><strong>,</strong></span> <span class='ocrx_word' id='word_1_567' title='bbox 3062 2548 3117 2593; x_wconf 88' lang='lat' dir='ltr'><strong>et</strong></span> <span class='ocrx_word' id='word_1_568' title='bbox 3147 2553 3301 2609; x_wconf 88' lang='lat' dir='ltr'><strong>reges</strong></span> <span class='ocrx_word' id='word_1_569' title='bbox 3333 2546 3490 2592; x_wconf 70' lang='lat' dir='ltr'><strong>terra:</strong></span> 
     </span>
    </p>
   </div>
   <div class='ocr_carea' id='block_1_72' title="bbox 1931 2630 3486 2701">
    <p class='ocr_par' dir='ltr' id='par_1_72' title="bbox 1931 2630 3486 2701">
     <span class='ocr_line' id='line_1_72' title="bbox 1931 2630 3486 2701; baseline 0.001 -18"><span class='ocrx_word' id='word_1_570' title='bbox 1931 2632 2022 2700; x_wconf 90' lang='lat' dir='ltr'><strong>qui</strong></span> <span class='ocrx_word' id='word_1_571' title='bbox 2058 2631 2224 2684; x_wconf 85' lang='lat' dir='ltr'><strong>variis</strong></span> <span class='ocrx_word' id='word_1_572' title='bbox 2255 2631 2593 2701; x_wconf 89' lang='lat' dir='ltr'><strong>temporibus</strong></span> <span class='ocrx_word' id='word_1_573' title='bbox 2624 2631 2963 2686; x_wconf 89' lang='lat' dir='ltr'><strong>dominatum</strong></span> <span class='ocrx_word' id='word_1_574' title='bbox 3003 2630 3288 2687; x_wconf 89' lang='lat' dir='ltr'><strong>obtinuere</strong></span> <span class='ocrx_word' id='word_1_575' title='bbox 3308 2670 3324 2693; x_wconf 89' lang='lat'><strong>,</strong></span> <span class='ocrx_word' id='word_1_576' title='bbox 3357 2630 3486 2700; x_wconf 85' lang='lat' dir='ltr'><strong>quid</strong></span> 
     </span>
    </p>
   </div>
   <div class='ocr_carea' id='block_1_73' title="bbox 1931 2721 3489 2793">
    <p class='ocr_par' dir='ltr' id='par_1_73' title="bbox 1931 2721 3489 2793">
     <span class='ocr_line' id='line_1_73' title="bbox 1931 2721 3489 2793; baseline -0.001 -16"><span class='ocrx_word' id='word_1_577' title='bbox 1931 2737 2093 2793; x_wconf 80' lang='lat' dir='ltr'><strong>grave</strong></span> <span class='ocrx_word' id='word_1_578' title='bbox 2135 2722 2410 2792; x_wconf 86' lang='lat' dir='ltr'><strong>perpessi,</strong></span> <span class='ocrx_word' id='word_1_579' title='bbox 2452 2738 2683 2792; x_wconf 85' lang='lat' dir='ltr'><strong>quamve</strong></span> <span class='ocrx_word' id='word_1_580' title='bbox 2724 2723 3094 2778; x_wconf 89' lang='lat' dir='ltr'><strong>calumniandi</strong></span> <span class='ocrx_word' id='word_1_581' title='bbox 3136 2731 3190 2778; x_wconf 88' lang='lat' dir='ltr'><strong>et</strong></span> <span class='ocrx_word' id='word_1_582' title='bbox 3231 2721 3489 2793; x_wconf 83' lang='lat' dir='ltr'><strong>querendi</strong></span> 
     </span>
    </p>
   </div>
   <div class='ocr_carea' id='block_1_74' title="bbox 1929 2811 3490 2883">
    <p class='ocr_par' dir='ltr' id='par_1_74' title="bbox 1929 2811 3490 2883">
     <span class='ocr_line' id='line_1_74' title="bbox 1929 2811 3490 2883; baseline 0 -17"><span class='ocrx_word' id='word_1_583' title='bbox 1929 2827 2150 2867; x_wconf 87' lang='lat' dir='ltr'><strong>causam</strong></span> <span class='ocrx_word' id='word_1_584' title='bbox 2195 2811 2494 2877; x_wconf 57' lang='lat' dir='ltr'><strong>habentes,</strong></span> <span class='ocrx_word' id='word_1_585' title='bbox 2540 2826 2647 2865; x_wconf 88' lang='lat' dir='ltr'><strong>una</strong></span> <span class='ocrx_word' id='word_1_586' title='bbox 2695 2826 2886 2868; x_wconf 89' lang='lat' dir='ltr'><strong>omnes</strong></span> <span class='ocrx_word' id='word_1_587' title='bbox 2926 2814 2983 2867; x_wconf 89' lang='lat' dir='ltr'><strong>in</strong></span> <span class='ocrx_word' id='word_1_588' title='bbox 3018 2813 3158 2867; x_wconf 92' lang='lat' dir='ltr'><strong>hanc</strong></span> <span class='ocrx_word' id='word_1_589' title='bbox 3190 2813 3490 2883; x_wconf 89' lang='lat' dir='ltr'><strong>improbam</strong></span> 
     </span>
    </p>
   </div>
   <div class='ocr_carea' id='block_1_75' title="bbox 1930 2903 3493 2968">
    <p class='ocr_par' dir='ltr' id='par_1_75' title="bbox 1930 2903 3493 2968">
     <span class='ocr_line' id='line_1_75' title="bbox 1930 2903 3493 2968; baseline 0 -9"><span class='ocrx_word' id='word_1_590' title='bbox 1930 2904 2276 2960; x_wconf 84' lang='lat' dir='ltr'><strong>concordiam</strong></span> <span class='ocrx_word' id='word_1_591' title='bbox 2313 2903 2529 2959; x_wconf 87' lang='lat' dir='ltr'><strong>adducti</strong></span> <span class='ocrx_word' id='word_1_592' title='bbox 2560 2910 2708 2968; x_wconf 91' lang='lat' dir='ltr'><strong>sunt,</strong></span> <span class='ocrx_word' id='word_1_593' title='bbox 2741 2912 2797 2960; x_wconf 87' lang='lat' dir='ltr'><strong>ut</strong></span> <span class='ocrx_word' id='word_1_594' title='bbox 2845 2903 3073 2959; x_wconf 91' lang='lat' dir='ltr'><strong>insidias</strong></span> <span class='ocrx_word' id='word_1_595' title='bbox 3109 2904 3272 2959; x_wconf 90' lang='lat' dir='ltr'><strong>simul</strong></span> <span class='ocrx_word' id='word_1_596' title='bbox 3313 2911 3493 2960; x_wconf 86' lang='lat' dir='ltr'><strong>strue-</strong></span> 
     </span>
    </p>
   </div>
   <div class='ocr_carea' id='block_1_76' title="bbox 1931 2990 3491 3065">
    <p class='ocr_par' dir='ltr' id='par_1_76' title="bbox 1931 2990 3491 3065">
     <span class='ocr_line' id='line_1_76' title="bbox 1931 2990 3491 3065; baseline -0.003 -16"><span class='ocrx_word' id='word_1_597' title='bbox 1931 3003 2083 3058; x_wconf 89' lang='lat' dir='ltr'><strong>rent,</strong></span> <span class='ocrx_word' id='word_1_598' title='bbox 2118 2994 2457 3065; x_wconf 86' lang='lat' dir='ltr'><strong>impiumque</strong></span> <span class='ocrx_word' id='word_1_599' title='bbox 2488 2993 2781 3049; x_wconf 88' lang='lat' dir='ltr'><strong>consilium</strong></span> <span class='ocrx_word' id='word_1_600' title='bbox 2831 2992 3029 3047; x_wconf 89' lang='lat' dir='ltr'><strong>inirent</strong></span> <span class='ocrx_word' id='word_1_601' title='bbox 3070 2992 3329 3051; x_wconf 85' lang='lat' dir='ltr'><strong>adversus</strong></span> <span class='ocrx_word' id='word_1_602' title='bbox 3368 2990 3491 3046; x_wconf 83' lang='lat' dir='ltr'><strong>uni—</strong></span> 
     </span>
    </p>
   </div>
   <div class='ocr_carea' id='block_1_77' title="bbox 1930 3081 3493 3155">
    <p class='ocr_par' dir='ltr' id='par_1_77' title="bbox 1930 3081 3493 3155">
     <span class='ocr_line' id='line_1_77' title="bbox 1930 3081 3493 3155; baseline -0.004 -13"><span class='ocrx_word' id='word_1_603' title='bbox 1930 3102 2147 3143; x_wconf 88' lang='lat' dir='ltr'><strong>versum</strong></span> <span class='ocrx_word' id='word_1_604' title='bbox 2199 3085 2482 3140; x_wconf 89' lang='lat' dir='ltr'><strong>dominum</strong></span> <span class='ocrx_word' id='word_1_605' title='bbox 2532 3100 2593 3140; x_wconf 85' lang='lat' dir='ltr'><strong>ac</strong></span> <span class='ocrx_word' id='word_1_606' title='bbox 2640 3100 2820 3155; x_wconf 83' lang='lat' dir='ltr'><strong>regem</strong></span> <span class='ocrx_word' id='word_1_607' title='bbox 2872 3083 3077 3150; x_wconf 87' lang='lat' dir='ltr'><strong>Deum,</strong></span> <span class='ocrx_word' id='word_1_608' title='bbox 3129 3091 3182 3137; x_wconf 87' lang='lat' dir='ltr'><strong>et</strong></span> <span class='ocrx_word' id='word_1_609' title='bbox 3231 3081 3493 3138; x_wconf 83' lang='lat' dir='ltr'><strong>adversus</strong></span> 
     </span>
    </p>
   </div>
   <div class='ocr_carea' id='block_1_78' title="bbox 1930 3173 3494 3253">
    <p class='ocr_par' dir='ltr' id='par_1_78' title="bbox 1930 3173 3494 3253">
     <span class='ocr_line' id='line_1_78' title="bbox 1930 3173 3494 3253; baseline -0.004 -20"><span class='ocrx_word' id='word_1_610' title='bbox 1930 3178 2206 3233; x_wconf 85' lang='lat' dir='ltr'><strong>Christum</strong></span> <span class='ocrx_word' id='word_1_611' title='bbox 2237 3177 2357 3247; x_wconf 85' lang='lat' dir='ltr'><strong>ejus</strong></span> <span class='ocrx_word' id='word_1_612' title='bbox 2380 3175 2454 3232; x_wconf 88' lang='lat' dir='ltr'><strong>?li</strong></span> <span class='ocrx_word' id='word_1_613' title='bbox 2486 3190 2614 3246; x_wconf 88' lang='lat' dir='ltr'><strong>ergo</strong></span> <span class='ocrx_word' id='word_1_614' title='bbox 2643 3177 2738 3247; x_wconf 90' lang='lat' dir='ltr'><strong>qui</strong></span> <span class='ocrx_word' id='word_1_615' title='bbox 2770 3174 3030 3231; x_wconf 88' lang='lat' dir='ltr'><strong>adversus</strong></span> <span class='ocrx_word' id='word_1_616' title='bbox 3049 3173 3404 3253; x_wconf 77' lang='lat' dir='ltr'><strong>Salvatorem,</strong></span> <span class='ocrx_word' id='word_1_617' title='bbox 3427 3174 3494 3227; x_wconf 83' lang='lat' dir='ltr'><strong>ah</strong></span> 
     </span>
    </p>
   </div>
   <div class='ocr_carea' id='block_1_79' title="bbox 1932 3265 3493 3329">
    <p class='ocr_par' dir='ltr' id='par_1_79' title="bbox 1932 3265 3493 3329">
     <span class='ocr_line' id='line_1_79' title="bbox 1932 3265 3493 3329; baseline -0.005 -4"><span class='ocrx_word' id='word_1_618' title='bbox 1932 3270 2172 3326; x_wconf 91' lang='lat' dir='ltr'><strong>omnium</strong></span> <span class='ocrx_word' id='word_1_619' title='bbox 2196 3265 2538 3323; x_wconf 52' lang='lat' dir='ltr'><strong>Domino’ac</strong></span> <span class='ocrx_word' id='word_1_620' title='bbox 2578 3266 2688 3323; x_wconf 86' lang='lat' dir='ltr'><strong>Deo</strong></span> <span class='ocrx_word' id='word_1_621' title='bbox 2718 3267 3029 3322; x_wconf 91' lang='lat' dir='ltr'><strong>hominibus</strong></span> <span class='ocrx_word' id='word_1_622' title='bbox 3059 3267 3283 3322; x_wconf 90' lang='lat' dir='ltr'><strong>missum</strong></span> <span class='ocrx_word' id='word_1_623' title='bbox 3306 3306 3320 3329; x_wconf 93' lang='lat'><strong>,</strong></span> <span class='ocrx_word' id='word_1_624' title='bbox 3354 3266 3493 3320; x_wconf 77' lang='lat' dir='ltr'><strong>bella</strong></span> 
     </span>
    </p>
   </div>
   <div class='ocr_carea' id='block_1_80' title="bbox 1932 3356 3492 3437">
    <p class='ocr_par' dir='ltr' id='par_1_80' title="bbox 1932 3356 3492 3437">
     <span class='ocr_line' id='line_1_80' title="bbox 1932 3356 3492 3437; baseline -0.004 -19"><span class='ocrx_word' id='word_1_625' title='bbox 1932 3368 2251 3432; x_wconf 86' lang='lat' dir='ltr'><strong>gesserunt,</strong></span> <span class='ocrx_word' id='word_1_626' title='bbox 2299 3358 2501 3437; x_wconf 78' lang='lat' dir='ltr'><strong>quique</strong></span> <span class='ocrx_word' id='word_1_627' title='bbox 2546 3357 2851 3411; x_wconf 85' lang='lat' dir='ltr'><strong>doctrinam</strong></span> <span class='ocrx_word' id='word_1_628' title='bbox 2898 3357 3018 3425; x_wconf 85' lang='lat' dir='ltr'><strong>eius</strong></span> <span class='ocrx_word' id='word_1_629' title='bbox 3052 3356 3297 3413; x_wconf 87' lang='lat' dir='ltr'><strong>insectati</strong></span> <span class='ocrx_word' id='word_1_630' title='bbox 3328 3362 3492 3412; x_wconf 84' lang='lat' dir='ltr'><strong>sunt.</strong></span> 
     </span>
    </p>
   </div>
   <div class='ocr_carea' id='block_1_81' title="bbox 1936 3447 3496 3519">
    <p class='ocr_par' dir='ltr' id='par_1_81' title="bbox 1936 3447 3496 3519">
     <span class='ocr_line' id='line_1_81' title="bbox 1936 3447 3496 3519; baseline -0.004 -13"><span class='ocrx_word' id='word_1_631' title='bbox 1936 3451 2341 3519; x_wconf 83' lang='lat' dir='ltr'><strong>Eeclesiamque</strong></span> <span class='ocrx_word' id='word_1_632' title='bbox 2373 3447 2607 3503; x_wconf 90' lang='lat' dir='ltr'><strong>diversis</strong></span> <span class='ocrx_word' id='word_1_633' title='bbox 2648 3448 2986 3516; x_wconf 88' lang='lat' dir='ltr'><strong>temporibus</strong></span> <span class='ocrx_word' id='word_1_634' title='bbox 3010 3457 3308 3509; x_wconf 78' lang='lat' dir='ltr'><strong>vexarunt,</strong></span> <span class='ocrx_word' id='word_1_635' title='bbox 3340 3460 3496 3515; x_wconf 87' lang='lat' dir='ltr'><strong>reges</strong></span> 
     </span>
    </p>
   </div>
   <div class='ocr_carea' id='block_1_82' title="bbox 1932 3537 3489 3608">
    <p class='ocr_par' dir='ltr' id='par_1_82' title="bbox 1932 3537 3489 3608">
     <span class='ocr_line' id='line_1_82' title="bbox 1932 3537 3489 3608; baseline -0.006 -13"><span class='ocrx_word' id='word_1_636' title='bbox 1932 3542 2189 3596; x_wconf 88' lang='lat' dir='ltr'><strong>nimirum</strong></span> <span class='ocrx_word' id='word_1_637' title='bbox 2231 3552 2294 3592; x_wconf 91' lang='lat' dir='ltr'><strong>ae</strong></span> <span class='ocrx_word' id='word_1_638' title='bbox 2334 3538 2608 3608; x_wconf 89' lang='lat' dir='ltr'><strong>principes</strong></span> <span class='ocrx_word' id='word_1_639' title='bbox 2650 3546 2837 3601; x_wconf 62' lang='lat' dir='ltr'><strong>terrae,</strong></span> <span class='ocrx_word' id='word_1_640' title='bbox 2872 3537 3259 3607; x_wconf 81' lang='lat' dir='ltr'><strong>ignoraverunt</strong></span> <span class='ocrx_word' id='word_1_641' title='bbox 3290 3547 3347 3588; x_wconf 89' lang='lat' dir='ltr'><strong>se</strong></span> <span class='ocrx_word' id='word_1_642' title='bbox 3380 3548 3489 3587; x_wconf 89' lang='lat' dir='ltr'><strong>non</strong></span> 
     </span>
    </p>
   </div>
   <div class='ocr_carea' id='block_1_83' title="bbox 1933 3624 3492 3691">
    <p class='ocr_par' dir='ltr' id='par_1_83' title="bbox 1933 3624 3492 3691">
     <span class='ocr_line' id='line_1_83' title="bbox 1933 3624 3492 3691; baseline -0.007 -5"><span class='ocrx_word' id='word_1_643' title='bbox 1933 3630 2091 3686; x_wconf 91' lang='lat' dir='ltr'><strong>modo</strong></span> <span class='ocrx_word' id='word_1_644' title='bbox 2122 3636 2311 3683; x_wconf 90' lang='lat' dir='ltr'><strong>contra</strong></span> <span class='ocrx_word' id='word_1_645' title='bbox 2340 3627 2617 3683; x_wconf 86' lang='lat' dir='ltr'><strong>Christum</strong></span> <span class='ocrx_word' id='word_1_646' title='bbox 2636 3667 2651 3691; x_wconf 91' lang='lat'><strong>,</strong></span> <span class='ocrx_word' id='word_1_647' title='bbox 2690 3627 2785 3681; x_wconf 87' lang='lat' dir='ltr'><strong>sed</strong></span> <span class='ocrx_word' id='word_1_648' title='bbox 2814 3625 2976 3681; x_wconf 89' lang='lat' dir='ltr'><strong>etiam</strong></span> <span class='ocrx_word' id='word_1_649' title='bbox 3006 3624 3269 3679; x_wconf 89' lang='lat' dir='ltr'><strong>adversus</strong></span> <span class='ocrx_word' id='word_1_650' title='bbox 3299 3636 3426 3678; x_wconf 86' lang='lat' dir='ltr'><strong>eum</strong></span> <span class='ocrx_word' id='word_1_651' title='bbox 3462 3637 3492 3675; x_wconf 89' lang='lat' dir='ltr'><strong>a</strong></span> 
     </span>
    </p>
   </div>
   <div class='ocr_carea' id='block_1_84' title="bbox 1931 3713 3491 3796">
    <p class='ocr_par' dir='ltr' id='par_1_84' title="bbox 1931 3713 3491 3796">
     <span class='ocr_line' id='line_1_84' title="bbox 1931 3713 3491 3796; baseline -0.005 -21"><span class='ocrx_word' id='word_1_652' title='bbox 1931 3736 2039 3792; x_wconf 93' lang='lat' dir='ltr'><strong>quo</strong></span> <span class='ocrx_word' id='word_1_653' title='bbox 2083 3720 2289 3796; x_wconf 80' lang='lat' dir='ltr'><strong>missus</strong></span> <span class='ocrx_word' id='word_1_654' title='bbox 2317 3718 2569 3775; x_wconf 86' lang='lat' dir='ltr'><strong>Christus</strong></span> <span class='ocrx_word' id='word_1_655' title='bbox 2619 3726 2740 3778; x_wconf 87' lang='lat' dir='ltr'><strong>est.</strong></span> <span class='ocrx_word' id='word_1_656' title='bbox 2800 3717 3129 3786; x_wconf 89' lang='lat' dir='ltr'><strong>impietatem</strong></span> <span class='ocrx_word' id='word_1_657' title='bbox 3154 3713 3491 3769; x_wconf 67' lang='lat' dir='ltr'><strong>‘extendisse</strong></span> 
     </span>
    </p>
   </div>
   <div class='ocr_carea' id='block_1_85' title="bbox 1929 3806 3492 3881">
    <p class='ocr_par' dir='ltr' id='par_1_85' title="bbox 1929 3806 3492 3881">
     <span class='ocr_line' id='line_1_85' title="bbox 1929 3806 3492 3881; baseline -0.006 -13"><span class='ocrx_word' id='word_1_658' title='bbox 1929 3826 2103 3868; x_wconf 87' lang='lat' dir='ltr'><strong>suam.</strong></span> <span class='ocrx_word' id='word_1_659' title='bbox 2129 3810 2403 3866; x_wconf 88' lang='lat' dir='ltr'><strong>Christum</strong></span> <span class='ocrx_word' id='word_1_660' title='bbox 2434 3812 2597 3881; x_wconf 89' lang='lat' dir='ltr'><strong>igitur</strong></span> <span class='ocrx_word' id='word_1_661' title='bbox 2624 3808 2940 3864; x_wconf 86' lang='lat' dir='ltr'><strong>nominatim</strong></span> <span class='ocrx_word' id='word_1_662' title='bbox 2960 3806 3178 3869; x_wconf 79' lang='lat' dir='ltr'><strong>insidiis</strong></span> <span class='ocrx_word' id='word_1_663' title='bbox 3211 3806 3492 3859; x_wconf 72' lang='lat' dir='ltr'><strong>hominum</strong></span> 
     </span>
    </p>
   </div>
   <div class='ocr_carea' id='block_1_86' title="bbox 1928 3895 3493 3972">
    <p class='ocr_par' dir='ltr' id='par_1_86' title="bbox 1928 3895 3493 3972">
     <span class='ocr_line' id='line_1_86' title="bbox 1928 3895 3493 3972; baseline -0.006 -16"><span class='ocrx_word' id='word_1_664' title='bbox 1928 3902 2228 3972; x_wconf 84' lang='lat' dir='ltr'><strong>appetitum</strong></span> <span class='ocrx_word' id='word_1_665' title='bbox 2251 3941 2265 3965; x_wconf 92' lang='lat'><strong>,</strong></span> <span class='ocrx_word' id='word_1_666' title='bbox 2301 3908 2485 3970; x_wconf 87' lang='lat' dir='ltr'><strong>aperte</strong></span> <span class='ocrx_word' id='word_1_667' title='bbox 2520 3901 2624 3954; x_wconf 86' lang='lat' dir='ltr'><strong>hoc</strong></span> <span class='ocrx_word' id='word_1_668' title='bbox 2658 3899 2713 3953; x_wconf 91' lang='lat' dir='ltr'><strong>in</strong></span> <span class='ocrx_word' id='word_1_669' title='bbox 2745 3897 3004 3952; x_wconf 89' lang='lat' dir='ltr'><strong>vaticinio</strong></span> <span class='ocrx_word' id='word_1_670' title='bbox 3044 3910 3361 3964; x_wconf 81' lang='lat' dir='ltr'><strong>expressum</strong></span> <span class='ocrx_word' id='word_1_671' title='bbox 3399 3895 3493 3948; x_wconf 83' lang='lat' dir='ltr'><strong>ha-</strong></span> 
     </span>
    </p>
   </div>
   <div class='ocr_carea' id='block_1_87' title="bbox 1928 3983 3490 4062">
    <p class='ocr_par' dir='ltr' id='par_1_87' title="bbox 1928 3983 3490 4062">
     <span class='ocr_line' id='line_1_87' title="bbox 1928 3983 3490 4062; baseline -0.006 -14"><span class='ocrx_word' id='word_1_672' title='bbox 1928 3994 2157 4058; x_wconf 87' lang='lat' dir='ltr'><strong>bemus;</strong></span> <span class='ocrx_word' id='word_1_673' title='bbox 2182 3994 2234 4047; x_wconf 93' lang='lat' dir='ltr'><strong>in</strong></span> <span class='ocrx_word' id='word_1_674' title='bbox 2262 3992 2611 4062; x_wconf 89' lang='lat' dir='ltr'><strong>sequentibus</strong></span> <span class='ocrx_word' id='word_1_675' title='bbox 2636 4001 2814 4045; x_wconf 88' lang='lat' dir='ltr'><strong>autem</strong></span> <span class='ocrx_word' id='word_1_676' title='bbox 2834 3987 3004 4043; x_wconf 83' lang='lat' dir='ltr'><strong>Filius</strong></span> <span class='ocrx_word' id='word_1_677' title='bbox 3019 3986 3112 4043; x_wconf 89' lang='lat' dir='ltr'><strong>Dei</strong></span> <span class='ocrx_word' id='word_1_678' title='bbox 3143 3983 3453 4042; x_wconf 80' lang='lat' dir='ltr'><strong>nominatur</strong></span> <span class='ocrx_word' id='word_1_679' title='bbox 3477 4004 3490 4051; x_wconf 86' lang='lat'><strong>;</strong></span> 
     </span>
    </p>
   </div>
   <div class='ocr_carea' id='block_1_88' title="bbox 1930 4078 3491 4153">
    <p class='ocr_par' dir='ltr' id='par_1_88' title="bbox 1930 4078 3491 4153">
     <span class='ocr_line' id='line_1_88' title="bbox 1930 4078 3491 4153; baseline -0.005 -14"><span class='ocrx_word' id='word_1_680' title='bbox 1930 4085 2023 4139; x_wconf 86' lang='lat' dir='ltr'><strong>sed</strong></span> <span class='ocrx_word' id='word_1_681' title='bbox 2070 4084 2229 4138; x_wconf 85' lang='lat' dir='ltr'><strong>etiam</strong></span> <span class='ocrx_word' id='word_1_682' title='bbox 2270 4084 2529 4137; x_wconf 85' lang='lat' dir='ltr'><strong>docemur</strong></span> <span class='ocrx_word' id='word_1_683' title='bbox 2574 4089 2763 4153; x_wconf 88' lang='lat' dir='ltr'><strong>gentes</strong></span> <span class='ocrx_word' id='word_1_684' title='bbox 2804 4095 2995 4135; x_wconf 90' lang='lat' dir='ltr'><strong>omnes</strong></span> <span class='ocrx_word' id='word_1_685' title='bbox 3042 4078 3286 4148; x_wconf 82' lang='lat' dir='ltr'><strong>ﬁnesque</strong></span> <span class='ocrx_word' id='word_1_686' title='bbox 3332 4085 3491 4133; x_wconf 78' lang='lat' dir='ltr'><strong>teme</strong></span> 
     </span>
    </p>
   </div>
   <div class='ocr_carea' id='block_1_89' title="bbox 1932 4170 3491 4243">
    <p class='ocr_par' dir='ltr' id='par_1_89' title="bbox 1932 4170 3491 4243">
     <span class='ocr_line' id='line_1_89' title="bbox 1932 4170 3491 4243; baseline -0.004 -14"><span class='ocrx_word' id='word_1_687' title='bbox 1932 4175 1985 4229; x_wconf 91' lang='lat' dir='ltr'><strong>in</strong></span> <span class='ocrx_word' id='word_1_688' title='bbox 2019 4176 2385 4230; x_wconf 67' lang='lat' dir='ltr'><strong>haereditatem</strong></span> <span class='ocrx_word' id='word_1_689' title='bbox 2420 4173 2522 4243; x_wconf 91' lang='lat' dir='ltr'><strong>ipsi</strong></span> <span class='ocrx_word' id='word_1_690' title='bbox 2554 4188 2584 4226; x_wconf 90' lang='lat' dir='ltr'><strong>a</strong></span> <span class='ocrx_word' id='word_1_691' title='bbox 2610 4171 2775 4226; x_wconf 89' lang='lat' dir='ltr'><strong>Patre</strong></span> <span class='ocrx_word' id='word_1_692' title='bbox 2797 4170 3083 4226; x_wconf 89' lang='lat' dir='ltr'><strong>donaudos</strong></span> <span class='ocrx_word' id='word_1_693' title='bbox 3110 4189 3123 4224; x_wconf 88' lang='lat'>:</span> <span class='ocrx_word' id='word_1_694' title='bbox 3155 4184 3278 4240; x_wconf 61' lang='lat' dir='ltr'><strong>quae</strong></span> <span class='ocrx_word' id='word_1_695' title='bbox 3307 4171 3491 4223; x_wconf 84' lang='lat' dir='ltr'><strong>omnia</strong></span> 
     </span>
    </p>
   </div>
   <div class='ocr_carea' id='block_1_90' title="bbox 1932 4258 3492 4333">
    <p class='ocr_par' dir='ltr' id='par_1_90' title="bbox 1932 4258 3492 4333">
     <span class='ocr_line' id='line_1_90' title="bbox 1932 4258 3492 4333; baseline -0.005 -14"><span class='ocrx_word' id='word_1_696' title='bbox 1932 4266 1985 4319; x_wconf 92' lang='lat' dir='ltr'><strong>in</strong></span> <span class='ocrx_word' id='word_1_697' title='bbox 2024 4278 2142 4317; x_wconf 77' lang='lat' dir='ltr'><strong>uno</strong></span> <span class='ocrx_word' id='word_1_698' title='bbox 2168 4262 2448 4333; x_wconf 74' lang='lat' dir='ltr'><strong>Salvatore</strong></span> <span class='ocrx_word' id='word_1_699' title='bbox 2479 4270 2668 4316; x_wconf 89' lang='lat' dir='ltr'><strong>nostro</strong></span> <span class='ocrx_word' id='word_1_700' title='bbox 2698 4261 2965 4330; x_wconf 87' lang='lat' dir='ltr'><strong>completa</strong></span> <span class='ocrx_word' id='word_1_701' title='bbox 2996 4273 3120 4314; x_wconf 82' lang='lat' dir='ltr'><strong>esse</strong></span> <span class='ocrx_word' id='word_1_702' title='bbox 3149 4258 3492 4313; x_wconf 82' lang='lat' dir='ltr'><strong>demonstra-</strong></span> 
     </span>
    </p>
   </div>
   <div class='ocr_carea' id='block_1_91' title="bbox 1930 4348 3487 4425">
    <p class='ocr_par' dir='ltr' id='par_1_91' title="bbox 1930 4348 3487 4425">
     <span class='ocr_line' id='line_1_91' title="bbox 1930 4348 3487 4425; baseline -0.004 -16"><span class='ocrx_word' id='word_1_703' title='bbox 1930 4364 2040 4410; x_wconf 94' lang='lat' dir='ltr'><strong>tur.</strong></span> <span class='ocrx_word' id='word_1_704' title='bbox 2096 4354 2233 4420; x_wconf 85' lang='lat' dir='ltr'><strong>Quia</strong></span> <span class='ocrx_word' id='word_1_705' title='bbox 2278 4370 2409 4409; x_wconf 89' lang='lat' dir='ltr'><strong>vero</strong></span> <span class='ocrx_word' id='word_1_706' title='bbox 2454 4352 2599 4425; x_wconf 89' lang='lat' dir='ltr'><strong>apud</strong></span> <span class='ocrx_word' id='word_1_707' title='bbox 2640 4350 2855 4409; x_wconf 64' lang='lat' dir='ltr'><strong>Iudaeos</strong></span> <span class='ocrx_word' id='word_1_708' title='bbox 2901 4349 2991 4402; x_wconf 87' lang='lat' dir='ltr'><strong>alii</strong></span> <span class='ocrx_word' id='word_1_709' title='bbox 3040 4348 3245 4403; x_wconf 90' lang='lat' dir='ltr'><strong>Christi</strong></span> <span class='ocrx_word' id='word_1_710' title='bbox 3302 4348 3487 4411; x_wconf 71' lang='lat' dir='ltr'><strong>fuere,</strong></span> 
     </span>
    </p>
   </div>
   <div class='ocr_carea' id='block_1_92' title="bbox 1933 4425 3492 4511">
    <p class='ocr_par' dir='ltr' id='par_1_92' title="bbox 1933 4425 3492 4511">
     <span class='ocr_line' id='line_1_92' title="bbox 1933 4425 3492 4511; baseline -0.005 -9"><span class='ocrx_word' id='word_1_711' title='bbox 1933 4425 2246 4502; x_wconf 60' lang='lat' dir='ltr'><strong>sac\erdotes</strong></span> <span class='ocrx_word' id='word_1_712' title='bbox 2272 4444 2522 4498; x_wconf 86' lang='lat' dir='ltr'><strong>videlicet</strong></span> <span class='ocrx_word' id='word_1_713' title='bbox 2545 4450 2599 4497; x_wconf 87' lang='lat' dir='ltr'><strong>et</strong></span> <span class='ocrx_word' id='word_1_714' title='bbox 2627 4455 2781 4511; x_wconf 84' lang='lat' dir='ltr'><strong>reges</strong></span> <span class='ocrx_word' id='word_1_715' title='bbox 2806 4440 2988 4511; x_wconf 87' lang='lat' dir='ltr'><strong>gentis</strong></span> <span class='ocrx_word' id='word_1_716' title='bbox 3015 4438 3194 4506; x_wconf 90' lang='lat' dir='ltr'><strong>illius;</strong></span> <span class='ocrx_word' id='word_1_717' title='bbox 3222 4439 3492 4509; x_wconf 86' lang='lat' dir='ltr'><strong>perpende</strong></span> 
     </span>
    </p>
   </div>
   <div class='ocr_carea' id='block_1_93' title="bbox 1931 4529 3488 4605">
    <p class='ocr_par' dir='ltr' id='par_1_93' title="bbox 1931 4529 3488 4605">
     <span class='ocr_line' id='line_1_93' title="bbox 1931 4529 3488 4605; baseline -0.004 -16"><span class='ocrx_word' id='word_1_718' title='bbox 1931 4537 2097 4599; x_wconf 81' lang='lat' dir='ltr'><strong>mihi,</strong></span> <span class='ocrx_word' id='word_1_719' title='bbox 2124 4549 2329 4605; x_wconf 65' lang='lat' dir='ltr'><strong>quaeso,</strong></span> <span class='ocrx_word' id='word_1_720' title='bbox 2351 4535 2440 4588; x_wconf 87' lang='lat' dir='ltr'><strong>cui</strong></span> <span class='ocrx_word' id='word_1_721' title='bbox 2470 4546 2680 4595; x_wconf 90' lang='lat' dir='ltr'><strong>eorum,</strong></span> <span class='ocrx_word' id='word_1_722' title='bbox 2712 4531 2911 4602; x_wconf 60' lang='lat' dir='ltr'><strong>quain</strong></span> <span class='ocrx_word' id='word_1_723' title='bbox 2938 4530 3197 4585; x_wconf 91' lang='lat' dir='ltr'><strong>vaticinio</strong></span> <span class='ocrx_word' id='word_1_724' title='bbox 3221 4529 3488 4595; x_wconf 79' lang='lat' dir='ltr'><strong>feruntur,</strong></span> 
     </span>
    </p>
   </div>
   <div class='ocr_carea' id='block_1_94' title="bbox 1930 4620 3487 4696">
    <p class='ocr_par' dir='ltr' id='par_1_94' title="bbox 1930 4620 3487 4696">
     <span class='ocr_line' id='line_1_94' title="bbox 1930 4620 3487 4696; baseline -0.004 -15"><span class='ocrx_word' id='word_1_725' title='bbox 1930 4626 2245 4696; x_wconf 89' lang='lat' dir='ltr'><strong>contigere:</strong></span> <span class='ocrx_word' id='word_1_726' title='bbox 2280 4639 2411 4679; x_wconf 88' lang='lat' dir='ltr'><strong>num</strong></span> <span class='ocrx_word' id='word_1_727' title='bbox 2444 4623 2568 4695; x_wconf 90' lang='lat' dir='ltr'><strong>quis</strong></span> <span class='ocrx_word' id='word_1_728' title='bbox 2610 4622 2749 4675; x_wconf 92' lang='lat' dir='ltr'><strong>alius</strong></span> <span class='ocrx_word' id='word_1_729' title='bbox 2799 4621 3019 4678; x_wconf 85' lang='lat' dir='ltr'><strong>insidiis</strong></span> <span class='ocrx_word' id='word_1_730' title='bbox 3064 4620 3336 4692; x_wconf 84' lang='lat' dir='ltr'><strong>appetitus</strong></span> <span class='ocrx_word' id='word_1_731' title='bbox 3378 4622 3487 4684; x_wconf 87' lang='lat' dir='ltr'><strong>sit;</strong></span> 
     </span>
    </p>
   </div>
   <div class='ocr_carea' id='block_1_95' title="bbox 1932 4711 3489 4788">
    <p class='ocr_par' dir='ltr' id='par_1_95' title="bbox 1932 4711 3489 4788">
     <span class='ocr_line' id='line_1_95' title="bbox 1932 4711 3489 4788; baseline -0.003 -17"><span class='ocrx_word' id='word_1_732' title='bbox 1932 4733 2061 4772; x_wconf 89' lang='lat' dir='ltr'><strong>num</strong></span> <span class='ocrx_word' id='word_1_733' title='bbox 2097 4717 2220 4788; x_wconf 90' lang='lat' dir='ltr'><strong>quis</strong></span> <span class='ocrx_word' id='word_1_734' title='bbox 2249 4714 2420 4778; x_wconf 82' lang='lat' dir='ltr'><strong>Filius</strong></span> <span class='ocrx_word' id='word_1_735' title='bbox 2453 4711 2859 4781; x_wconf 83' lang='lat' dir='ltr'><strong>Deiaudierit;</strong></span> <span class='ocrx_word' id='word_1_736' title='bbox 2908 4728 3039 4767; x_wconf 88' lang='lat' dir='ltr'><strong>num</strong></span> <span class='ocrx_word' id='word_1_737' title='bbox 3080 4715 3205 4783; x_wconf 85' lang='lat' dir='ltr'><strong>quis</strong></span> <span class='ocrx_word' id='word_1_738' title='bbox 3239 4714 3489 4783; x_wconf 88' lang='lat' dir='ltr'><strong>gentibus</strong></span> 
     </span>
    </p>
   </div>
   <div class='ocr_carea' id='block_1_96' title="bbox 1932 4802 3491 4873">
    <p class='ocr_par' dir='ltr' id='par_1_96' title="bbox 1932 4802 3491 4873">
     <span class='ocr_line' id='line_1_96' title="bbox 1932 4802 3491 4873; baseline -0.006 -11"><span class='ocrx_word' id='word_1_739' title='bbox 1932 4806 2202 4862; x_wconf 89' lang='lat' dir='ltr'><strong>universis</strong></span> <span class='ocrx_word' id='word_1_740' title='bbox 2233 4802 2554 4873; x_wconf 83' lang='lat' dir='ltr'><strong>imperarit;</strong></span> <span class='ocrx_word' id='word_1_741' title='bbox 2591 4804 2880 4873; x_wconf 85' lang='lat' dir='ltr'><strong>numquis</strong></span> <span class='ocrx_word' id='word_1_742' title='bbox 2901 4804 3008 4872; x_wconf 83' lang='lat' dir='ltr'><strong>&#39;per</strong></span> <span class='ocrx_word' id='word_1_743' title='bbox 3049 4802 3361 4857; x_wconf 84' lang='lat' dir='ltr'><strong>universum</strong></span> <span class='ocrx_word' id='word_1_744' title='bbox 3400 4816 3491 4855; x_wconf 87' lang='lat' dir='ltr'><strong>or-</strong></span> 
     </span>
    </p>
   </div>
   <div class='ocr_carea' id='block_1_97' title="bbox 1932 4889 3489 4953">
    <p class='ocr_par' dir='ltr' id='par_1_97' title="bbox 1932 4889 3489 4953">
     <span class='ocr_line' id='line_1_97' title="bbox 1932 4889 3489 4953; baseline -0.007 0"><span class='ocrx_word' id='word_1_745' title='bbox 1932 4900 2050 4953; x_wconf 89' lang='lat' dir='ltr'><strong>bem</strong></span> <span class='ocrx_word' id='word_1_746' title='bbox 2082 4905 2139 4951; x_wconf 91' lang='lat' dir='ltr'><strong>ut</strong></span> <span class='ocrx_word' id='word_1_747' title='bbox 2170 4894 2422 4949; x_wconf 89' lang='lat' dir='ltr'><strong>Christus</strong></span> <span class='ocrx_word' id='word_1_748' title='bbox 2453 4894 2674 4949; x_wconf 84' lang='lat' dir='ltr'><strong>habitus</strong></span> <span class='ocrx_word' id='word_1_749' title='bbox 2710 4892 2891 4948; x_wconf 82' lang='lat' dir='ltr'><strong>fuerit.</strong></span> <span class='ocrx_word' id='word_1_750' title='bbox 2941 4889 3047 4947; x_wconf 88' lang='lat' dir='ltr'><strong>Sed</strong></span> <span class='ocrx_word' id='word_1_751' title='bbox 3084 4892 3353 4947; x_wconf 88' lang='lat' dir='ltr'><strong>neminem</strong></span> <span class='ocrx_word' id='word_1_752' title='bbox 3384 4891 3489 4943; x_wconf 83' lang='lat' dir='ltr'><strong>bu-</strong></span> 
     </span>
    </p>
   </div>
   <div class='ocr_carea' id='block_1_98' title="bbox 1930 4982 3489 5063">
    <p class='ocr_par' dir='ltr' id='par_1_98' title="bbox 1930 4982 3489 5063">
     <span class='ocr_line' id='line_1_98' title="bbox 1930 4982 3489 5063; baseline -0.008 -17"><span class='ocrx_word' id='word_1_753' title='bbox 1930 4986 2172 5060; x_wconf 87' lang='lat' dir='ltr'><strong>jusmodi</strong></span> <span class='ocrx_word' id='word_1_754' title='bbox 2214 4986 2487 5057; x_wconf 88' lang='lat' dir='ltr'><strong>quispiam</strong></span> <span class='ocrx_word' id='word_1_755' title='bbox 2542 4984 2786 5057; x_wconf 81' lang='lat' dir='ltr'><strong>proferre</strong></span> <span class='ocrx_word' id='word_1_756' title='bbox 2824 4983 3044 5063; x_wconf 84' lang='lat' dir='ltr'><strong>valeat;</strong></span> <span class='ocrx_word' id='word_1_757' title='bbox 3078 4982 3228 5038; x_wconf 87' lang='lat' dir='ltr'><strong>solus</strong></span> <span class='ocrx_word' id='word_1_758' title='bbox 3256 4994 3489 5050; x_wconf 69' lang='lat' dir='ltr'><strong>namque</strong></span> 
     </span>
    </p>
   </div>
   <div class='ocr_carea' id='block_1_99' title="bbox 260 5069 1820 5155">
    <p class='ocr_par' dir='ltr' id='par_1_99' title="bbox 260 5081 1820 5155">
     <span class='ocr_line' id='line_1_99' title="bbox 260 5081 1820 5155; baseline 0.003 -22"><span class='ocrx_word' id='word_1_759' title='bbox 260 5081 440 5134; x_wconf 78' lang='grc' dir='ltr'>πᾶσαν</span> <span class='ocrx_word' id='word_1_760' title='bbox 488 5082 588 5152; x_wconf 84' lang='grc' dir='ltr'>τὴν</span> <span class='ocrx_word' id='word_1_761' title='bbox 634 5082 955 5153; x_wconf 75' lang='grc' dir='ltr'>οἰκουμένην</span> <span class='ocrx_word' id='word_1_762' title='bbox 1008 5081 1317 5154; x_wconf 86' lang='grc' dir='ltr'>πληρώσας,</span> <span class='ocrx_word' id='word_1_763' title='bbox 1382 5087 1477 5141; x_wconf 76' lang='grc' dir='ltr'>καὶ</span> <span class='ocrx_word' id='word_1_764' title='bbox 1534 5087 1625 5139; x_wconf 75' lang='grc' dir='ltr'>ἐπὶ</span> <span class='ocrx_word' id='word_1_765' title='bbox 1662 5084 1820 5155; x_wconf 77' lang='grc' dir='ltr'>μόνῳ</span> 
     </span>
    </p>
   </div>
   <div class='ocr_carea' id='block_1_100' title="bbox 1893 5069 3487 5155">
    <p class='ocr_par' dir='ltr' id='par_1_100' title="bbox 1893 5069 3487 5141">
     <span class='ocr_line' id='line_1_100' title="bbox 1893 5069 3487 5141; baseline -0.009 -7"><span class='ocrx_word' id='word_1_766' title='bbox 1893 5099 1903 5141; x_wconf 70' lang='grc' dir='ltr'><strong>ι</strong></span> <span class='ocrx_word' id='word_1_767' title='bbox 1934 5080 2179 5135; x_wconf 88' lang='lat' dir='ltr'><strong>Salvator</strong></span> <span class='ocrx_word' id='word_1_768' title='bbox 2195 5083 2379 5129; x_wconf 90' lang='lat' dir='ltr'><strong>noster</strong></span> <span class='ocrx_word' id='word_1_769' title='bbox 2392 5071 2553 5129; x_wconf 82' lang='lat' dir='ltr'><strong>Jesus</strong></span> <span class='ocrx_word' id='word_1_770' title='bbox 2568 5073 2816 5129; x_wconf 87' lang='lat' dir='ltr'><strong>Christus</strong></span> <span class='ocrx_word' id='word_1_771' title='bbox 2839 5110 2855 5135; x_wconf 89' lang='lat'><strong>,</strong></span> <span class='ocrx_word' id='word_1_772' title='bbox 2887 5072 2990 5126; x_wconf 90' lang='lat' dir='ltr'><strong>hoc</strong></span> <span class='ocrx_word' id='word_1_773' title='bbox 3031 5087 3132 5127; x_wconf 90' lang='lat' dir='ltr'><strong>suo</strong></span> <span class='ocrx_word' id='word_1_774' title='bbox 3162 5069 3377 5124; x_wconf 88' lang='lat' dir='ltr'><strong>nomine</strong></span> <span class='ocrx_word' id='word_1_775' title='bbox 3406 5080 3487 5121; x_wconf 57' lang='lat' dir='ltr'><strong>to-</strong></span> 
     </span>
    </p>
   </div>
   <div class='ocr_carea' id='block_1_101' title="bbox 259 5169 1569 5254">
    <p class='ocr_par' dir='ltr' id='par_1_101' title="bbox 259 5169 1569 5254">
     <span class='ocr_line' id='line_1_101' title="bbox 259 5169 1569 5254; baseline 0.007 -32"><span class='ocrx_word' id='word_1_776' title='bbox 259 5169 407 5247; x_wconf 81' lang='grc' dir='ltr'><strong>αὐτῷ</strong></span> <span class='ocrx_word' id='word_1_777' title='bbox 431 5171 659 5236; x_wconf 72' lang='grc' dir='ltr'>ἕκαστος</span> <span class='ocrx_word' id='word_1_778' title='bbox 682 5172 1117 5254; x_wconf 77' lang='grc' dir='ltr'>τῶνείρημένων</span> <span class='ocrx_word' id='word_1_779' title='bbox 1148 5174 1332 5237; x_wconf 84' lang='grc' dir='ltr'>τέλους</span> <span class='ocrx_word' id='word_1_780' title='bbox 1363 5177 1569 5248; x_wconf 74' lang='grc' dir='ltr'>ἔτυχεν.</span> 
     </span>
    </p>
   </div>
   <div class='ocr_carea' id='block_1_102' title="bbox 1935 5160 3483 5237">
    <p class='ocr_par' dir='ltr' id='par_1_102' title="bbox 1935 5160 3483 5237">
     <span class='ocr_line' id='line_1_102' title="bbox 1935 5160 3483 5237; baseline -0.009 -12"><span class='ocrx_word' id='word_1_781' title='bbox 1935 5180 2048 5225; x_wconf 91' lang='lat' dir='ltr'><strong>tum</strong></span> <span class='ocrx_word' id='word_1_782' title='bbox 2080 5165 2393 5237; x_wconf 82' lang='lat' dir='ltr'><strong>adimplevit</strong></span> <span class='ocrx_word' id='word_1_783' title='bbox 2427 5167 2633 5229; x_wconf 88' lang='lat' dir='ltr'><strong>orbem,</strong></span> <span class='ocrx_word' id='word_1_784' title='bbox 2665 5163 2793 5217; x_wconf 90' lang='lat' dir='ltr'><strong>dum</strong></span> <span class='ocrx_word' id='word_1_785' title='bbox 2809 5162 3135 5218; x_wconf 88' lang='lat' dir='ltr'><strong>Christianis</strong></span> <span class='ocrx_word' id='word_1_786' title='bbox 3152 5173 3253 5215; x_wconf 90' lang='lat' dir='ltr'><strong>suo</strong></span> <span class='ocrx_word' id='word_1_787' title='bbox 3269 5160 3483 5213; x_wconf 86' lang='lat' dir='ltr'><strong>nomine</strong></span> 
     </span>
    </p>
   </div>
   <div class='ocr_carea' id='block_1_103' title="bbox 259 5250 3479 5339">
    <p class='ocr_par' dir='ltr' id='par_1_103' title="bbox 259 5250 3479 5339">
     <span class='ocr_line' id='line_1_103' title="bbox 259 5250 3479 5339; baseline -0.005 -20"><span class='ocrx_word' id='word_1_788' title='bbox 259 5264 339 5319; x_wconf 76' lang='lat' dir='ltr'><strong>sic</strong></span> <span class='ocrx_word' id='word_1_789' title='bbox 351 5263 561 5318; x_wconf 84' lang='lat' dir='ltr'><strong>vocatis</strong></span> <span class='ocrx_word' id='word_1_790' title='bbox 574 5264 883 5320; x_wconf 86' lang='lat' dir='ltr'><strong>universam</strong></span> <span class='ocrx_word' id='word_1_791' title='bbox 908 5250 1111 5321; x_wconf 83' lang='lat' dir='ltr'><strong>terram</strong></span> <span class='ocrx_word' id='word_1_792' title='bbox 1138 5270 1371 5338; x_wconf 80' lang='lat' dir='ltr'><strong>replevit</strong></span> <span class='ocrx_word' id='word_1_793' title='bbox 1399 5288 1414 5323; x_wconf 74' lang='grc' dir='ltr'>ε</span> <span class='ocrx_word' id='word_1_794' title='bbox 1438 5279 1599 5339; x_wconf 87' lang='lat' dir='ltr'><strong>atque</strong></span> <span class='ocrx_word' id='word_1_795' title='bbox 1627 5270 1684 5325; x_wconf 89' lang='lat' dir='ltr'><strong>in</strong></span> <span class='ocrx_word' id='word_1_796' title='bbox 1712 5270 1816 5325; x_wconf 88' lang='lat' dir='ltr'><strong>hoc</strong></span> <span class='ocrx_word' id='word_1_797' title='bbox 1844 5269 1961 5325; x_wconf 90' lang='lat' dir='ltr'><strong>solo</strong></span> <span class='ocrx_word' id='word_1_798' title='bbox 1989 5276 2111 5335; x_wconf 64' lang='lat' dir='ltr'><strong>quae</strong></span> <span class='ocrx_word' id='word_1_799' title='bbox 2133 5259 2277 5316; x_wconf 88' lang='lat' dir='ltr'><strong>dicta</strong></span> <span class='ocrx_word' id='word_1_800' title='bbox 2300 5265 2429 5316; x_wconf 84' lang='lat' dir='ltr'><strong>sunt</strong></span> <span class='ocrx_word' id='word_1_801' title='bbox 2444 5255 2624 5313; x_wconf 88' lang='lat' dir='ltr'><strong>omnia</strong></span> <span class='ocrx_word' id='word_1_802' title='bbox 2650 5254 2719 5309; x_wconf 90' lang='lat' dir='ltr'><strong>ad</strong></span> <span class='ocrx_word' id='word_1_803' title='bbox 2747 5255 3046 5311; x_wconf 75' lang='lat' dir='ltr'><strong>terminum</strong></span> <span class='ocrx_word' id='word_1_804' title='bbox 3074 5250 3303 5309; x_wconf 90' lang='lat' dir='ltr'><strong>deducta</strong></span> <span class='ocrx_word' id='word_1_805' title='bbox 3336 5263 3479 5306; x_wconf 80' lang='lat' dir='ltr'><strong>sunt-</strong></span> 
     </span>
    </p>
   </div>
   <div class='ocr_carea' id='block_1_104' title="bbox 873 5378 1307 5451">
    <p class='ocr_par' dir='ltr' id='par_1_104' title="bbox 873 5378 1307 5451">
     <span class='ocr_line' id='line_1_104' title="bbox 873 5378 1307 5451; baseline 0.007 -17"><span class='ocrx_word' id='word_1_806' title='bbox 873 5382 1205 5451; x_wconf 65' lang='grc' dir='ltr'><strong>Διάψαιμα.</strong></span> <span class='ocrx_word' id='word_1_807' title='bbox 1301 5378 1307 5383; x_wconf 66' lang='grc'><em>’</em></span> 
     </span>
    </p>
   </div>
   <div class='ocr_carea' id='block_1_105' title="bbox 326 5480 1823 5566">
    <p class='ocr_par' dir='ltr' id='par_1_105' title="bbox 326 5480 1823 5566">
     <span class='ocr_line' id='line_1_105' title="bbox 326 5480 1823 5566; baseline 0.007 -25"><span class='ocrx_word' id='word_1_808' title='bbox 326 5490 399 5544; x_wconf 82' lang='grc' dir='ltr'>Τὸ</span> <span class='ocrx_word' id='word_1_809' title='bbox 424 5487 700 5560; x_wconf 78' lang='grc' dir='ltr'>διὰψαλμα</span> <span class='ocrx_word' id='word_1_810' title='bbox 718 5489 868 5560; x_wconf 85' lang='grc' dir='ltr'><strong>παρά</strong></span> <span class='ocrx_word' id='word_1_811' title='bbox 893 5480 1003 5553; x_wconf 84' lang='grc' dir='ltr'>τοῖς</span> <span class='ocrx_word' id='word_1_812' title='bbox 1030 5492 1426 5566; x_wconf 81' lang='grc' dir='ltr'>Ἑϐδομήκοντα</span> <span class='ocrx_word' id='word_1_813' title='bbox 1469 5499 1667 5559; x_wconf 78' lang='grc' dir='ltr'>κεῖται,</span> <span class='ocrx_word' id='word_1_814' title='bbox 1696 5500 1823 5552; x_wconf 69' lang='grc' dir='ltr'>οὺκο</span> 
     </span>
    </p>
   </div>
   <div class='ocr_carea' id='block_1_106' title="bbox 259 5578 1821 5658">
    <p class='ocr_par' dir='ltr' id='par_1_106' title="bbox 259 5578 1821 5658">
     <span class='ocr_line' id='line_1_106' title="bbox 259 5578 1821 5658; baseline 0.006 -25"><span class='ocrx_word' id='word_1_815' title='bbox 259 5578 337 5633; x_wconf 69' lang='grc' dir='ltr'>ἑτι</span> <span class='ocrx_word' id='word_1_816' title='bbox 367 5579 425 5633; x_wconf 75' lang='grc' dir='ltr'>δὲ</span> <span class='ocrx_word' id='word_1_817' title='bbox 479 5580 629 5653; x_wconf 86' lang='grc' dir='ltr'><strong>παρά</strong></span> <span class='ocrx_word' id='word_1_818' title='bbox 692 5580 1000 5648; x_wconf 84' lang='grc' dir='ltr'>Θεοδοτίωνι</span> <span class='ocrx_word' id='word_1_819' title='bbox 1044 5583 1137 5635; x_wconf 79' lang='grc' dir='ltr'>καὶ</span> <span class='ocrx_word' id='word_1_820' title='bbox 1182 5585 1481 5658; x_wconf 84' lang='grc' dir='ltr'>Συμμάχῳ.</span> <span class='ocrx_word' id='word_1_821' title='bbox 1527 5588 1717 5642; x_wconf 81' lang='grc' dir='ltr'>Καίτοι</span> <span class='ocrx_word' id='word_1_822' title='bbox 1759 5605 1821 5657; x_wconf 85' lang='grc' dir='ltr'><strong>γε</strong></span> 
     </span>
    </p>
   </div>
   <div class='ocr_carea' id='block_1_107' title="bbox 263 5666 1821 5748">
    <p class='ocr_par' dir='ltr' id='par_1_107' title="bbox 263 5666 1821 5748">
     <span class='ocr_line' id='line_1_107' title="bbox 263 5666 1821 5748; baseline 0.008 -31"><span class='ocrx_word' id='word_1_823' title='bbox 263 5666 479 5720; x_wconf 73' lang='grc' dir='ltr'>εἰώθασι</span> <span class='ocrx_word' id='word_1_824' title='bbox 532 5669 787 5732; x_wconf 78' lang='grc' dir='ltr'>πολλάκις</span> <span class='ocrx_word' id='word_1_825' title='bbox 828 5668 1061 5740; x_wconf 78' lang='grc' dir='ltr'>χρῆσθαι</span> <span class='ocrx_word' id='word_1_826' title='bbox 1102 5674 1168 5741; x_wconf 82' lang='grc' dir='ltr'>τῇ</span> <span class='ocrx_word' id='word_1_827' title='bbox 1215 5670 1355 5737; x_wconf 76' lang='grc' dir='ltr'>λέξει</span> <span class='ocrx_word' id='word_1_828' title='bbox 1401 5674 1574 5748; x_wconf 77' lang='grc' dir='ltr'>ταύτῃ</span> <span class='ocrx_word' id='word_1_829' title='bbox 1619 5676 1821 5745; x_wconf 81' lang='grc' dir='ltr'>ὁμοίως</span> 
     </span>
    </p>
   </div>
   <div class='ocr_carea' id='block_1_108' title="bbox 261 5756 1820 5838">
    <p class='ocr_par' dir='ltr' id='par_1_108' title="bbox 261 5756 1820 5838">
     <span class='ocr_line' id='line_1_108' title="bbox 261 5756 1820 5838; baseline 0.006 -28"><span class='ocrx_word' id='word_1_830' title='bbox 261 5756 366 5819; x_wconf 67' lang='grc' dir='ltr'>τοῖς</span> <span class='ocrx_word' id='word_1_831' title='bbox 405 5757 823 5829; x_wconf 82' lang='grc' dir='ltr'>Ἑϐδομήκοντα.</span> <span class='ocrx_word' id='word_1_832' title='bbox 860 5760 949 5813; x_wconf 79' lang='grc' dir='ltr'>Διδ</span> <span class='ocrx_word' id='word_1_833' title='bbox 998 5761 1161 5825; x_wconf 74' lang='grc' dir='ltr'>εἰκὸς,</span> <span class='ocrx_word' id='word_1_834' title='bbox 1189 5765 1237 5817; x_wconf 81' lang='grc' dir='ltr'><strong>εί</strong></span> <span class='ocrx_word' id='word_1_835' title='bbox 1280 5766 1375 5818; x_wconf 69' lang='grc' dir='ltr'>καὶ</span> <span class='ocrx_word' id='word_1_836' title='bbox 1420 5765 1480 5819; x_wconf 82' lang='grc' dir='ltr'>τὸ</span> <span class='ocrx_word' id='word_1_837' title='bbox 1532 5766 1820 5838; x_wconf 81' lang='grc' dir='ltr'>πρόσωπον</span> 
     </span>
    </p>
   </div>
   <div class='ocr_carea' id='block_1_109' title="bbox 332 5911 790 5980">
    <p class='ocr_par' dir='ltr' id='par_1_109' title="bbox 332 5911 790 5980">
     <span class='ocr_line' id='line_1_109' title="bbox 332 5911 790 5980; baseline 0.011 -17"><span class='ocrx_word' id='word_1_838' title='bbox 332 5912 351 5943; x_wconf 84' lang='grc'><strong>⁷</strong></span> <span class='ocrx_word' id='word_1_839' title='bbox 394 5911 578 5966; x_wconf 76' lang='lat' dir='ltr'><strong>Matth.</strong></span> <span class='ocrx_word' id='word_1_840' title='bbox 616 5930 663 5980; x_wconf 79' lang='grc' dir='ltr'>ν,</span> <span class='ocrx_word' id='word_1_841' title='bbox 707 5914 790 5969; x_wconf 76' lang='grc'><strong>17.</strong></span> 
     </span>
    </p>
   </div>
   <div class='ocr_carea' id='block_1_110' title="bbox 2538 5364 2873 5433">
    <p class='ocr_par' dir='ltr' id='par_1_110' title="bbox 2538 5364 2873 5433">
     <span class='ocr_line' id='line_1_110' title="bbox 2538 5364 2873 5433; baseline -0.003 -13"><span class='ocrx_word' id='word_1_842' title='bbox 2538 5364 2873 5433; x_wconf 71' lang='lat' dir='ltr'><strong>Diapsalma.</strong></span> 
     </span>
    </p>
   </div>
   <div class='ocr_carea' id='block_1_111' title="bbox 1995 5475 3480 5552">
    <p class='ocr_par' dir='ltr' id='par_1_111' title="bbox 1995 5475 3480 5552">
     <span class='ocr_line' id='line_1_111' title="bbox 1995 5475 3480 5552; baseline -0.007 -15"><span class='ocrx_word' id='word_1_843' title='bbox 1995 5483 2055 5537; x_wconf 91' lang='lat' dir='ltr'><strong>In</strong></span> <span class='ocrx_word' id='word_1_844' title='bbox 2108 5479 2461 5552; x_wconf 84' lang='lat' dir='ltr'><strong>Septuaginta</strong></span> <span class='ocrx_word' id='word_1_845' title='bbox 2508 5476 2901 5549; x_wconf 86' lang='lat' dir='ltr'><strong>lnterpretibus</strong></span> <span class='ocrx_word' id='word_1_846' title='bbox 2947 5478 3117 5531; x_wconf 79' lang='lat' dir='ltr'><strong>adest</strong></span> <span class='ocrx_word' id='word_1_847' title='bbox 3148 5475 3480 5549; x_wconf 79' lang='lat' dir='ltr'><strong>diapsalma,</strong></span> 
     </span>
    </p>
   </div>
   <div class='ocr_carea' id='block_1_112' title="bbox 1926 5566 3480 5643">
    <p class='ocr_par' dir='ltr' id='par_1_112' title="bbox 1926 5566 3480 5643">
     <span class='ocr_line' id='line_1_112' title="bbox 1926 5566 3480 5643; baseline -0.009 -12"><span class='ocrx_word' id='word_1_848' title='bbox 1926 5574 2020 5631; x_wconf 81' lang='lat' dir='ltr'><strong>sed</strong></span> <span class='ocrx_word' id='word_1_849' title='bbox 2039 5588 2152 5629; x_wconf 91' lang='lat' dir='ltr'><strong>non</strong></span> <span class='ocrx_word' id='word_1_850' title='bbox 2169 5572 2312 5643; x_wconf 86' lang='lat' dir='ltr'><strong>apud</strong></span> <span class='ocrx_word' id='word_1_851' title='bbox 2334 5570 2757 5625; x_wconf 82' lang='lat' dir='ltr'><strong>Theodotionem</strong></span> <span class='ocrx_word' id='word_1_852' title='bbox 2774 5578 2828 5625; x_wconf 85' lang='lat' dir='ltr'><strong>et</strong></span> <span class='ocrx_word' id='word_1_853' title='bbox 2847 5566 3253 5640; x_wconf 81' lang='lat' dir='ltr'><strong>Symmachum,</strong></span> <span class='ocrx_word' id='word_1_854' title='bbox 3268 5566 3480 5635; x_wconf 81' lang='lat' dir='ltr'><strong>etiamsi</strong></span> 
     </span>
    </p>
   </div>
   <div class='ocr_carea' id='block_1_113' title="bbox 1926 5650 3479 5738">
    <p class='ocr_par' dir='ltr' id='par_1_113' title="bbox 1926 5650 3479 5738">
     <span class='ocr_line' id='line_1_113' title="bbox 1926 5650 3479 5738; baseline -0.008 -14"><span class='ocrx_word' id='word_1_855' title='bbox 1926 5667 2030 5738; x_wconf 89' lang='lat' dir='ltr'><strong>ipsi</strong></span> <span class='ocrx_word' id='word_1_856' title='bbox 2063 5662 2382 5736; x_wconf 89' lang='lat' dir='ltr'><strong>plerumque</strong></span> <span class='ocrx_word' id='word_1_857' title='bbox 2413 5661 2515 5715; x_wconf 88' lang='lat' dir='ltr'><strong>hac</strong></span> <span class='ocrx_word' id='word_1_858' title='bbox 2548 5676 2682 5717; x_wconf 88' lang='lat' dir='ltr'><strong>voce</strong></span> <span class='ocrx_word' id='word_1_859' title='bbox 2720 5661 3041 5719; x_wconf 86' lang='lat' dir='ltr'><strong>uti.soleant</strong></span> <span class='ocrx_word' id='word_1_860' title='bbox 3070 5650 3293 5728; x_wconf 75' lang='lat' dir='ltr'><strong>perinde</strong></span> <span class='ocrx_word' id='word_1_861' title='bbox 3320 5666 3479 5726; x_wconf 87' lang='lat' dir='ltr'><strong>atque</strong></span> 
     </span>
    </p>
   </div>
   <div class='ocr_carea' id='block_1_114' title="bbox 1930 5751 3478 5833">
    <p class='ocr_par' dir='ltr' id='par_1_114' title="bbox 1930 5751 3478 5833">
     <span class='ocr_line' id='line_1_114' title="bbox 1930 5751 3478 5833; baseline -0.009 -14"><span class='ocrx_word' id='word_1_862' title='bbox 1930 5758 2284 5833; x_wconf 82' lang='lat' dir='ltr'><strong>Septuaginta</strong></span> <span class='ocrx_word' id='word_1_863' title='bbox 2315 5754 2660 5824; x_wconf 78' lang='lat' dir='ltr'><strong>interpretes.</strong></span> <span class='ocrx_word' id='word_1_864' title='bbox 2692 5752 3067 5823; x_wconf 85' lang='lat' dir='ltr'><strong>Quapropter,</strong></span> <span class='ocrx_word' id='word_1_865' title='bbox 3089 5752 3192 5808; x_wconf 88' lang='lat' dir='ltr'><strong>etsi</strong></span> <span class='ocrx_word' id='word_1_866' title='bbox 3236 5751 3323 5806; x_wconf 80' lang='lat' dir='ltr'><strong>hic</strong></span> <span class='ocrx_word' id='word_1_867' title='bbox 3357 5765 3478 5821; x_wconf 79' lang='lat' dir='ltr'><strong>per-</strong></span> 
     </span>
    </p>
   </div>
  </div>
