4262 6390
804 517 870 563 κδ
1507 502 1769 563 EUSEBII
1798 505 2271 567 CmSAﬂlENSlS
2305 514 2451 567 Ol’l’.
2489 512 2668 567 ΡΑιιδ
2706 518 2793 570 lll.
2831 545 2899 558 —
2935 516 3344 573 EXEGETICA.
3734 586 3740 593 '
3946 521 4008 569 8|

802 619 991 658 sonam
1014 601 1320 663 mutaverit,
1347 617 1443 670 par
1468 604 1566 656 luit
1590 604 1838 657 eumdem
1867 605 2101 659 musices
2130 605 2344 659 modum
2381 614 2422 668 Α
2457 626 2485 677 μ

2331 622 2344 658 I
2381 614 2422 668 Α
2457 608 2843 679 μεταϐέϐληκε,
2861 609 2949 662 τὸν
2970 624 3222 679 μουσικον
3238 612 3441 679 ρυθμον
3460 607 4014 679 τετηρεῖσθαι(1),καὶ

801 694 1028 754 servari.
1074 700 1235 762 atque
1261 691 1408 753 (ideo
1450 709 1481 745 a
1524 692 1565 745 Τ
1573 692 1892 748 heodotione
1930 704 1984 749 et
2033 693 2354 764 Symmacho
2457 698 2484 750 δ

2330 714 2354 751 υ
2457 698 2543 750 διὰ
2566 698 2720 751 τοῦτο
2755 702 2829 769 μὴ
2859 699 3295 769 προστεθεικέναι
3322 698 3383 751 τὸ
3413 698 3686 768 scaeam
3709 699 3798 751 τὸν
3828 698 4013 752 Θεοδο-

800 801 908 839 non
939 785 1169 854 positum
1201 782 1371 840 fuisse
1390 783 1688 852 diapsalma
1720 784 1948 840 videtur.
1980 783 2354 855 Dirumpamus
2453 806 2483 841 τ

2330 805 2354 842 ε
2453 789 2619 843 τίωνα
2662 788 2755 843 καὶ
2804 790 2895 843 τὸν
2944 790 3257 860 Σύμμαχον.
3303 790 3711 859 Διαρῤήξωμεγ
3741 790 3882 855 τοὺς
3916 790 4013 842 δε-

800 878 1004 929 ιοὶηειιία
1044 891 1244 938 eorum,
1291 882 1341 928 et
1369 874 1705 942 projiciamus
1743 892 1775 926 a
1816 875 1962 929 nobis
1992 875 2182 946 jugum
2215 879 2355 946 ipso-
2454 898 2483 934 ο

2333 907 2355 919 -
2454 880 2647 949 σμοὺς
2688 878 2903 945 αὐτῶν,
2946 882 3044 933 καὶ
3083 878 3501 949 Mappth
3545 881 3642 949 ἀφ’
3689 880 3857 949 ἡμῶν
3908 880 4016 933 τὸν

798 984 933 1021 rma.
987 966 1091 1032 Qui
1137 966 1343 1018 habitat
1388 966 1443 1017 in
1488 966 1630 1019 caelis
1690 965 1928 1020 irridebit
1973 983 2100 1031 eos,
2158 978 2207 1021 et
2246 968 2356 1021 Do-
2456 970 2481 1031 ζ

2331 997 2356 1008 -
2456 970 2631 1039 ζυγὸν
2662 969 2876 1024 αὐτῶν.
2929 973 2991 1025 Ὃ
3018 970 3307 1026 κατοικῶν
3360 972 3429 1024 ἐν
3464 971 3735 1039 οὐρανοῖς
3769 970 4014 1041 ἐκγελά-

797 1062 971 1112 minus
1028 1052 1521 1112 subsannabit'eos.
1571 1056 1769 1113 Primis
1805 1059 2056 1115 versibus
2099 1060 2192 1129 qui
2234 1068 2357 1116 ante
2458 1078 2480 1115 ι

2327 1076 2357 1116 e
2458 1076 2626 1115 σεται
2665 1062 2905 1129 αὐτοὺς,
2940 1062 3039 1115 καὶ
3065 1066 3097 1117 ό
3126 1063 3336 1129 Κύριος
3360 1062 3741 1131 ἐκμυκτηριεῖ
3772 1063 4010 1128 αὐτούς.

795 1147 1094 1216 diapsalma
1126 1147 1217 1201 siti
1246 1154 1422 1212 erant,
1455 1155 1707 1218 putamus
1753 1148 1918 1203 hosce
1957 1164 2175 1219 quoque
2206 1149 2355 1220 adje-
2458 1154 2478 1206 l

2331 1180 2355 1191 -
2458 1154 2601 1223 Πρὸς
2627 1154 2751 1217 τοὺς
2784 1153 3031 1225 πρώτους
3060 1154 3271 1224 στίχους
3300 1154 3424 1216 τοὺς
3458 1155 3563 1225 πρὸ
3588 1154 3678 1208 τοῦ
3706 1154 4010 1226 διαψάλμα-

797 1244 914 1289 ctos
949 1234 1139 1290 fuisse.
1664 1266 1671 1272 -
1764 1240 1769 1245 ’
2457 1259 2480 1296 τ

2457 1259 2547 1306 τος
2576 1243 2852 1314 ἡγούμεθα
2883 1246 3103 1307 τούτους
3130 1244 3488 1298 ἀποδίδοσθαι.

871 1324 1035 1381 Vens.
1066 1327 1120 1381 5.
1164 1326 1546 1395 Dirumpamus
1578 1326 1785 1380 vincula
1812 1343 2017 1392 eorum,
2041 1339 2088 1382 et
2107 1328 2358 1397 projicia—
2464 1321 2468 1324 ’
2528 1336 2554 1386 Δ

2337 1357 2358 1370 -
2464 1321 2468 1324 ’
2528 1333 2937 1403 Διαῤῥήξωμεν
2983 1335 3125 1401 τοὺς
3160 1334 3419 1404 δεσμοὺς
3454 1334 3671 1398 αὐτῶν,
3700 1335 3797 1389 καὶ
3830 1335 4020 1405 dator}-

798 1432 914 1470 mus
942 1434 976 1491 a
1004 1418 1150 1471 nobis
1170 1418 1361 1487 jagum
1388 1420 1641 1487 ipsorum.
1674 1416 1875 1474 Gentes
1897 1420 2131 1475 vinculis
2162 1435 2356 1489 pecca-
2450 1427 2481 1493 ί

2338 1450 2356 1459 -
2450 1427 2722 1495 ῥίψωμεν
2744 1427 2843 1494 ἀφ’
2864 1425 3028 1495 ἡμῶν
3055 1426 3161 1479 τὸν
3191 1425 3369 1494 ζυγὸν
3398 1423 3609 1478 αὐτῶν.
3633 1425 3712 1478 Τά
3733 1424 3881 1496 ἔθνη,
3909 1442 4021 1477 σει-

800 1516 976 1559 torum
1014 1521 1240 1561 suorum
1266 1509 1600 1569 constrictae,
1643 1523 1818 1577 neque
1849 1508 2050 1570 liberae,
2086 1510 2201 1564 suis
2230 1510 2359 1578 ipsa;
2454 1522 2483 1588 ι

2337 1524 2359 1563 e
2454 1520 2580 1588 ’ραῖς
2623 1517 2729 1570 τῶν
2767 1516 2919 1569 ἰδίων
2962 1516 3241 1588 ἁμαρτιῶν
3276 1516 3611 1585 σφιγγόμενα
3640 1516 3734 1568 καὶ
3759 1516 3859 1568 οὐκ
3888 1516 4020 1569 ὄντα

799 1596 958 1651 malis
986 1596 1333 1666 colligantur.
1355 1597 1552 1667 Aitque
1577 1598 1852 1673 Christus,
1882 1600 1996 1654 sive
2020 1602 2224 1671 angelis
2254 1603 2359 1655 sibi
2458 1612 2482 1662 ὲ

2342 1603 2359 1655 i
2458 1608 2737 1680 ἐλεύθερα,
2790 1609 2996 1663 δέδεται
3044 1611 3156 1672 τοῖς
3202 1609 3348 1671 ἰδίοις
3389 1608 3566 1663 αὐτῶν
3614 1610 3833 1670 κακοῖς·
3865 1608 3961 1661 καὶ
3990 1609 4020 1661 6

798 1688 1257 1751 ministrantibus,
1296 1688 1411 1743 sive
1455 1688 1602 1742 Patri
1630 1696 1683 1744 et
1713 1688 1934 1759 Spiritui
1989 1701 2200 1752 sancto.
2242 1693 2357 1748 sive
2457 1697 2481 1749 J

2336 1708 2357 1746 ε
2457 1696 2686 1767 Χριστός
2730 1712 2913 1767 φησιν,
2964 1698 3083 1766 ἦτοι
3133 1700 3267 1766 προς
3297 1696 3416 1761 τους
3465 1696 3841 1758 διακονοῦντας
3868 1694 4019 1765 αὐτῷ

799 1780 963 1833 tertio
992 1780 1256 1849 apostolis
1302 1784 1419 1835 suis
1454 1789 1507 1836 et
1545 1778 1821 1850 Evangelii
1857 1783 2217 1851 praeconibus.
2264 1798 2359 1836 co-
2458 1788 2482 1840 ὁ

2335 1811 2359 1823 -·
2458 1787 2737 1855 ἀγγέλους,
2759 1787 2792 1857 ἦ
2816 1787 2950 1856 πρὸς
2972 1787 3060 1839 τὸν
3086 1788 3304 1858 Πατέρα
3324 1788 3417 1840 καὶ
3437 1789 3498 1840 τὸ
3522 1786 3743 1857 Πνεῦμα
3760 1786 3822 1839 τὸ
3842 1786 4018 1853 ἅγιον,

801 1869 1025 1925 hortans
1052 1886 1146 1926 eos
1175 1872 1242 1927 ad
1265 1872 1522 1926 solvenda
1545 1872 2013 1941 dirumpendaque
2042 1858 2356 1942 hujusmodi
2458 1879 2484 1949 ἦ

2341 1873 2356 1925 ί
2458 1879 2491 1949 ἢ
2528 1879 2709 1949 τρίτον
2734 1879 2856 1941 τοὺς
2904 1878 3229 1943 ἀποστόλους
3273 1880 3366 1933 καὶ
3399 1880 3673 1949 ὑπηρέτας
3717 1878 3809 1932 τοῦ
3840 1879 4019 1946 Εὐαγ-

804 1959 1014 2013 vincula
1043 1978 1057 2014 :
1086 1958 1469 2029 Dirumpamus
1521 1959 1729 2013 vincula
1780 1976 1981 2015 eorum.
2022 1961 2212 2031 Populi
2261 1978 2358 2016 uu-
2388 1949 2431 2003 Β
2460 1987 2487 2038 γ

2337 1990 2358 2002 -
2388 1949 2431 2003 Β
2460 1969 2660 2038 γελίου,
2694 1968 3021 2039 παρακαλῶν
3065 1970 3263 2033 αὐτοὺς
3304 1971 3397 2022 ἐπὶ
3440 1970 3529 2023 τὸν
3556 1970 3895 2040 διασπασμὸν
3925 1970 4020 2021 καὶ

801 2058 907 2102 tem
962 2048 1055 2118 qui
1104 2050 1207 2104 sub
1250 2049 1382 2119 jugo
1431 2052 1566 2121 legis
1612 2056 1967 2124 corporaliter
2004 2052 2353 2119 detinentur;
2460 2075 2484 2109 τ

2460 2058 2557 2128 τὴν
2577 2056 2853 2128 διάρρηξιν
2876 2058 3071 2122 αὐτῶν,
3088 2058 3166 2110 τό·
3181 2058 3590 2127 Διαῤῥήξωμεν
3606 2058 3745 2124 τοὺς
3759 2058 4039 2126 δεσμοὺς

800 2139 961 2219 cujus
987 2138 1351 2209 despiciendas
1381 2152 1572 2198 auctor
1602 2145 1718 2214 ipse
1746 2154 1852 2209 est,
1893 2152 2079 2215 utpote
2110 2158 2231 2214 qua:
2260 2144 2359 2196 in—
2461 2169 2483 2201 ι

2337 2171 2359 2181 -
2461 2147 2677 2202 αὐτῶν.
2713 2150 2775 2202 Οἱ
2815 2148 2870 2201 δὲ
2916 2149 3053 2213 λαοὶ,
3102 2149 3206 2201 ὑπὸ
3246 2150 3338 2203 τὸν
3384 2148 3543 2217 ζυγὸν
3575 2150 3897 2219 σωματικῶς
3924 2147 4020 2203 τοῦ

801 2212 992 2283 ἑιίιιιιε
1046 2245 1111 2284 ac
1146 2241 1416 2302 praecepta
1456 2250 1566 2289 non
1620 2212 1764 2290 bona
1810 2212 2223 2307 complectatur,
2261 2250 2358 2305 per
2452 2259 2484 2294 »ν

2338 2250 2358 2288 r
2452 2241 2625 2310 »νόμον
2678 2240 3055 2310 τυγχάνοντες,
3110 2236 3171 2294 οὗ
3224 2212 3473 2294 διδάσκει-
3516 2212 3892 2311 καταιρρονείν,
3944 2240 4021 2303 ὡς

800 2321 1075 2376 Lhristum
1102 2322 1319 2377 adducti
1336 2324 1403 2377 ad
1427 2324 1596 2395 legem
1616 2326 1977 2396 spiritualem,
2006 2325 2269 2380 institutis
2292 2341 2357 2380 ac
2464 2349 2483 2384 τ

2464 2331 2805 2402 περιέρντος
2835 2330 3175 2402 δικαιώματα
3216 2331 3277 2384 οὐ
3304 2331 3464 2395 καλὰ,
3494 2333 3587 2384 καὶ
3624 2331 4020 2403 προστάγματα
4069 2400 4082 2413 .

801 2412 1082 2482 perceptis
1120 2413 1289 2468 bonis
1323 2416 1665 2484 instructam,
1719 2432 1883 2489 grave
1929 2418 2232 2474 occidentis
2267 2420 2360 2472 lit-
2460 2441 2484 2478 ο

2338 2449 2360 2463 -
2460 2424 2519 2478 οὐ
2551 2424 2709 2490 καλὰ,
2744 2426 3139 2496 προσαγόμενοι
3164 2424 3250 2477 διὰ
3273 2423 3366 2477 τοῦ
3398 2422 3632 2494 Χριστοῦ
3664 2423 3742 2493 τῷ
3778 2440 4021 2496 πνευμα-

801 2514 929 2556 Ieraa
953 2503 1143 2573 jugum
1176 2503 1476 2574 deponunt,
1506 2506 1787 2564 Salvatore
1817 2510 2103 2580 praedictos
2132 2510 2355 2565 commi-
2461 2534 2484 2570 ιι

2339 2538 2355 2552 -
2461 2516 2598 2587 τικῷ
2627 2517 2774 2587 νόμῳ
2814 2517 2987 2586 ἔχοντι
3027 2516 3095 2569 τὰ
3125 2515 3262 2569 καλά
3290 2513 3627 2584 δικαιώματα
3665 2513 3758 2581 καὶ
3786 2514 4022 2583 προστά-

762 2624 770 2630 -
800 2594 1005 2647 nistros
1043 2608 1173 2648 suos
1200 2596 1280 2649 sic
1322 2596 1682 2665 compellante
1708 2616 1720 2651 :
1748 2597 2102 2668 Projiciamus
2145 2617 2177 2653 a
2209 2602 2356 2653 nobis

2338 2617 2356 2653 ς
2462 2624 2645 2677 γματα
2672 2607 2830 2669 καλὰ,
2860 2607 3201 2661 ἀποτίθενται
3232 2606 3321 2659 τὸν
3356 2606 3523 2677 βαρὺν
3554 2604 3648 2658 τοῦ
3678 2605 4021 2658 ἀποκτείνον-

796 2683 983 2751 jugum
1024 2684 1275 2751 ipsorum.
1306 2683 1439 2739 illud
1474 2696 1677 2752 autem,
1707 2705 1740 2741 a
1780 2690 1949 2751 nobis,
1980 2690 2058 2744 sic
2100 2691 2356 2760 explicari
2461 2716 2479 2751 ιι

2342 2691 2356 2743 i
2461 2716 2553 2763 τος
2581 2700 2900 2771 γράμματος
2927 2699 3107 2767 ζυγὸν,
3139 2698 3231 2752 τοῦ
3272 2698 3522 2770 Σωτῆρος
3554 2698 3849 2767 φάσκοντος
3886 2695 4021 2767 πρὸς

804 2780 1002 2841 potest.
1064 2773 1243 2844 ipsum
1292 2778 1482 2848 procul
1530 2794 1560 2833 a
1608 2780 1764 2835 nobis
1811 2781 2159 2849 abjiciamus,
2222 2782 2357 2835 nihil
2462 2808 2487 2843 τ

2343 2783 2357 2834 Ι
2462 2791 2587 2853 τοὺς
2643 2789 3070 2861 προειρημένους
3117 2789 3407 2859 συνεργοὺς
3448 2788 3528 2851 τὸ,
3587 2786 4023 2860 Ἇπρρῤίψωμεν

803 2873 1124 2935 cunctantes
1155 2882 1329 2937 neque
1350 2870 1484 2924 moti
1512 2871 1901 2941 supplicatione
1929 2887 2115 2926 eorum
2139 2872 2233 2942 qui
2266 2873 2359 2927 illo
2462 2883 2486 2935 ἀ

2336 2889 2359 2927 ἰ)
2462 2883 2561 2950 ἀφ’
2607 2880 2775 2951 ἡμῶν
2820 2881 2926 2933 τὸν
2971 2879 3144 2950 ζυγόν
3189 2878 3405 2936 αὐτῶν.
3456 2878 3529 2931 Τὸ
3576 2878 3650 2942 δὲ,
3678 2878 3780 2946 ἀφ’
3829 2875 4019 2945 ἡμῶν,

804 2956 977 3029 [iugo]
1012 2968 1327 3015 onerantur.
1363 2960 1476 3017 Hac
1517 2979 1731 3033 quoque
1762 2964 1973 3019 ratione
2007 2965 2159 3029 illud,
2191 2982 2225 3018 α
2266 2981 2360 3017 no-
2463 2974 2487 3026 δ

2338 2994 2360 3005 -
2463 2973 2680 3027 δύναται
2711 2960 2948 3025 τοιοῦτον
2979 2968 3137 3025 εἶναι·
3192 2972 3307 3040 Ἀφ’
3348 2970 3552 3024 ἑαυτῶν
3584 2969 3896 3039 ποιήσωμεν
3946 2966 4021 3036 μὴ

805 3049 905 3114 bis,
955 3050 1254 3120 intelligere
1305 3052 1455 3107 licet.
1511 3052 1621 3123 Ego
1658 3055 1771 3123 ipse
1823 3055 1917 3124 qui
1967 3070 2089 3109 cum
2146 3056 2359 3124 p0pulis
2465 3081 2488 3115 τ

2337 3071 2359 3110 5
2465 3064 2874 3133 περιμείναντες
2917 3062 3014 3133 τὴν
3043 3062 3221 3133 δέησιν
3244 3061 3352 3114 τῶν
3394 3059 3759 3130 βαρουμένων.
3790 3057 4020 3113 Aurata

804 3152 943 3191 vana
986 3136 1373 3195 meditantibus
1403 3156 1591 3197 versor
1636 3158 1700 3197 ac
1735 3146 1897 3196 vitam
1936 3159 2060 3212 ago,-
2102 3144 2203 3199 sub
2227 3144 2359 3214 jugo
2464 3154 2487 3207 δ

2339 3159 2359 3196 3
2464 3154 2519 3207 δὲ
2549 3153 2629 3216 τὸ,
2660 3154 2760 3220 ἀφ’
2790 3151 2983 3221 ἡμῶν.
3034 3154 3126 3205 καὶ
3164 3151 3304 3203 οὕτω
3353 3148 3622 3203 νοεῖσθαι·
3657 3150 3827 3218 Κάγὼ
3872 3150 4022 3220 παρά

804 3243 993 3281 eorum
1039 3242 1179 3296 sum,
1226 3240 1413 3303 utpote
1460 3233 1839 3289 circumcisus.
1906 3234 1975 3287 Et
2018 3234 2359 3303 proﬁciamus
2392 3297 2430 3312 Α
2466 3261 2487 3296 τ

2338 3253 2359 3290 8
2392 3297 2430 3312 η
2466 3247 2574 3306 τοῖς
2618 3244 2762 3305 λαοῖς
2802 3245 2915 3305 τοῖς
2960 3240 3218 3312 μελετῶσι
3239 3241 3321 3295 ιτά
3368 3238 3499 3294 κενὰ
3542 3240 3901 3311 γεγενημένος
3927 3240 4021 3291 καὶ

792 3331 985 3394 jugum
1010 3327 1259 3394 ipsarum,
1287 3297 1354 3378 id
1384 3333 1468 3379 est
1515 3340 1545 3379 a
1582 3340 1670 3381 me
1716 3335 1770 3380 et
1815 3326 1883 3379 ab
1925 3326 1991 3381 iis
2021 3327 2114 3407 qui
2149 3341 2361 3382 mecum
2389 3297 2431 3351 ο
2464 3352 2475 3389 ι

2335 3342 2361 3379 η
2389 3297 2431 3351 C
2464 3297 3028 3407 ἀνατρεφόμενοςὺπὸ
3054 3333 3144 3385 τὸν
3190 3332 3350 3400 ζυγόν
3382 3334 3495 3404 εἰμι
3526 3297 3704 3385 αὐτῶν
3726 3297 4018 3400 ’περιτμη-

809 3423 1182 3485 consentiunt,
1217 3430 1275 3477 et
1304 3423 1496 3493 legem,
1537 3439 1658 3494 quae
1705 3414 1932 3481 salutem
1971 3426 2191 3482 minime
2234 3442 2365 3481 con—
2464 3426 2492 3479 θ

2338 3455 2365 3467 -
2464 3426 2596 3490 θεὶς,
2631 3426 2739 3479 Καὶ
2782 3425 3201 3493 ἀπορῤίψωμεν
3243 3420 3439 3475 αὐτῶν
3472 3421 3577 3475 τὸν
3617 3419 3811 3488 ζυγὸν,
3862 3434 4021 3472 τουτ-

810 3511 938 3575 fcrt,
970 3514 1129 3583 quasi
1160 3512 1527 3569 conferentem
1551 3515 1862 3571 observant.
1899 3515 2023 3572 Sive
2046 3518 2148 3572 hoc
2170 3518 2359 3591 modo:
2463 3518 2490 3570 ἐ

2463 3518 2607 3570 ἐστιν
2633 3517 2727 3569 ἀπ’
2765 3516 2897 3585 ἐμοῦ
2930 3515 3024 3568 καὶ
3071 3511 3178 3567 ἀπὸ
3216 3512 3323 3566 τῶν
3370 3510 3904 3580 συγκατατιθεμένων
3932 3525 4023 3579 μοι
4100 3590 4102 3595 Ι

810 3605 937 3671 quia
960 3605 1292 3658 arbitramur
1327 3606 1638 3676 impositum
1683 3608 1843 3663 nobis
1891 3623 2032 3664 onus
2059 3609 2190 3663 illud
2220 3624 2362 3675 esse,
2463 3626 2493 3661 τ

2333 3625 2362 3675 ι,
2463 3609 2553 3661 τὸν
2584 3607 2657 3678 μὴ
2687 3605 2925 3669 σώζοντα
2956 3606 3125 3676 νόμον·
3155 3605 3229 3668 ὡς
3274 3603 3511 3667 σώζοντα
3551 3601 3877 3655 ἀσκούντων.
3912 3601 4016 3653 Ἢ·

804 3696 994 3761 jungam
1017 3695 1260 3763 ipsorum
1292 3696 1664 3765 projiciamus.
1688 3697 1844 3753 Hunc
1865 3700 2008 3753 enim
2032 3698 2282 3754 aﬂ‘ectum
2310 3700 2365 3753 in
2463 3700 2487 3752 1‘

2339 3716 2365 3753 [ι
2463 3699 2790 3769 Νομίζοντες
2806 3693 3123 3765 εἷναιβάρος
3153 3695 3495 3765 ἐπικείμενον
3517 3694 3610 3747 καὶ
3626 3694 3775 3763 ἡμῖν,
3803 3691 3895 3743 τὸν
3924 3693 4022 3754 ζυ‹

808 3782 1029 3837 Christo
1056 3798 1178 3838 esse
1216 3782 1481 3840 aﬂirmare
1506 3785 1790 3851 audemus,
1822 3782 2093 3857 obipsius
2114 3804 2243 3859 erga
2271 3804 2367 3844 eos
2465 3807 2491 3859 γ

2341 3805 2367 3844 s
2465 3789 2560 3859 γον
2590 3790 2767 3842 αὐτῶν
2787 3787 3194 3859 ἀπορρίψωμεν.
3211 3784 3515 3854 Τολμητέον
3532 3784 3641 3853 γὰρ
3659 3783 3833 3849 λέγειν
3851 3780 4024 3833 ταῦτα

810 3874 901 3943 (με
930 3875 1062 3945 jugo
1083 3876 1467 3945 opprimuntur
1490 3877 1810 3933 charitatem
1835 3896 1850 3945 ;
1878 3880 2054 3948 qualis
2077 3881 2241 3934 etiam
2271 3880 2369 3934 ha-
2466 3903 2490 3937 ε

2346 3908 2369 3921 -
2466 3878 2602 3938 εἶναι
2631 3886 2689 3937 ἐν
2715 3879 3021 3953 τῷΧριστῷ
3035 3880 3122 3933 διὰ
3138 3879 3232 3950 τὴν
3249 3878 3381 3948 πρὸς
3402 3878 3525 3939 τοὺς
3542 3876 3707 3947 βαρου
3715 3876 3904 3945 μένους
3919 3876 4024 3928 ὑπὸ

816 3969 976 4021 betur
1032 3967 1087 4021 in
1139 3969 1393 4024 omnibus
1448 3970 1819 4025 misericordiae
1854 3972 2004 4039 viris,
2052 3973 2144 4043 qui
2192 3973 2366 4039 aliena
2464 3990 2499 4025 τι

2343 3987 2366 4036 β
2464 3973 2557 4025 τοῦ
2583 3970 2749 4040 ζυγοῦ
2776 3970 3015 4038 ἀγάπην,
3052 3968 3193 4039 ἅπερ
3217 3967 3332 4019 ἐστὶ
3364 3966 3455 4018 καὶ
3494 3966 3551 4016 ὲν
3576 3966 3708 4016 πᾶσι
3737 3964 3859 4043 τοῖς
3886 3968 4026 4019 εὐσ-

813 4066 1033 4127 peccata
1065 4068 1124 4113 ut
1150 4076 1248 4114 sua
1282 4068 1557 4129 reputant.
2468 4080 2496 4115 οι

2468 4062 2817 4132 πλάγχνοις,
2829 4060 2897 4113 τὰ
2916 4058 3023 4113 τῶν
3039 4058 3210 4112 ἄλλων
3224 4058 3595 4127 ἁμαρτήματα
3611 4054 3716 4108 ἴδια
3732 4054 4022 4125 κρίνουσιν.

886 4144 1054 4201 Vens.
1092 4147 1146 4201 4.
1188 4145 1313 4201 Haec
1342 4148 1410 4202 de
1440 4148 1750 4204 hominibus
1783 4151 1897 4205 sive
1918 4152 2230 4221 gentilibus,
2255 4153 2367 4207 sive
2416 4148 2455 4218 ί,
2538 4154 2569 4204 Ἰ

2343 4168 2367 4207 e
2416 4148 2455 4218 ί,
2538 4152 2717 4206 Ταῦτα
2766 4153 2863 4223 μὲν
2907 4146 2998 4204 οὗν
3029 4149 3156 4221 περὶ
3187 4146 3485 4216 ἀνθρώπων
3530 4143 3637 4198 τῶν
3677 4162 3737 4198 τε
3781 4146 3888 4198 ἀπὸ
3917 4144 4026 4197 τῶν

810 4236 1011 4293 Judaeis
1050 4237 1193 4292 dicta
1237 4238 1366 4293 sint.
1414 4236 1531 4294 Jam
1573 4254 1700 4295 vero
1746 4240 1916 4304 illud,”
1943 4242 2033 4310 qui
2072 4242 2272 4295 habitat
2314 4242 2370 4297 in
2467 4248 2493 4299 ὲ

2346 4262 2370 4297 ιι
2467 4245 2634 4299 ἐθνῶν
2659 4245 2754 4298 καὶ
2767 4244 2873 4299 ἀπὸ
2890 4243 2981 4296 τοῦ
3002 4239 3155 4294 λαοῦ.
3184 4238 3257 4291 Τὸ
3281 4235 3354 4301 δὲ,
3374 4237 3434 4289 '0
3460 4234 3747 4289 κατοικῶν
3764 4235 3833 4288 ἐν
3856 4236 4029 4302 οὐρα-

811 4330 953 4383 cwlis
1000 4328 1258 4396 irridebit,
1304 4344 1428 4383 cum
1493 4328 1597 4384 hoc
1646 4332 2055 4402 c0pulandum,‘
2092 4336 2369 4388 astiterunt
2468 4355 2494 4391 ν

2345 4346 2369 4387 :t
2468 4336 2595 4403 κοῖς
2627 4332 3035 4404 ἐκτελάσεται,
3089 4326 3528 4399 προσαρμοστέον
3577 4325 3713 4396 πρὸς
3747 4326 3827 4385 τὸ,
3874 4326 4028 4392 Παρ-

813 4440 952 4493 reges
983 4432 1156 4486 terre,
1180 4414 1325 4491 {quos
1360 4421 1607 4476 irridebit
1628 4421 1771 4477 Deus
1800 4425 1893 4493 qui
1930 4424 2136 4478 habitat
2168 4427 2221 4479 in
2253 4441 2369 4481 cm-
2470 4430 2496 4483 ἐ

2344 4456 2369 4468 -
2470 4430 2737 4489 Ιἐοντηονοιν
2782 4426 2835 4477 οἱ
2855 4419 3131 4486 ,ϐασιλεῖς
3162 4416 3272 4486 τῆς
3299 4415 3426 4487 γῆς,
3465 4415 3559 4479 οὓς
3610 4414 3959 4483 ἔκγελάσεται
3999 4417 4027 4468 ὁ

813 4514 901 4575 Iis,
950 4514 1398 4583 utpoteterrena
1448 4519 1629 4566 mente
1680 4512 1954 4581 praeditos.
2002 4515 2183 4584 Neque
2224 4518 2369 4570 enim
2471 4520 2496 4571 Ε

2340 4532 2369 4569 n
2471 4519 2599 4579 Θεὸς
2630 4517 2687 4569 ὲν
2714 4515 2958 4586 οὐρανοῐς
2999 4510 3265 4564 κατοικῶν
3297 4510 3546 4581 φρόνημα
3574 4508 3791 4578 ἔχοντας
3821 4508 4023 4577 γήϊνον.

812 4604 1051 4657 divinam
1076 4606 1223 4656 circa
1252 4603 1681 4658 incarnationem
1704 4603 1908 4658 Christi
1934 4606 2293 4660 oeconomiam
2314 4618 2368 4662 et
2402 4621 2444 4675 ῃ
2473 4608 2495 4661 (

2348 4618 2368 4660 t
2402 4621 2444 4675 ι’)
2473 4608 2546 4661 Ob
2575 4604 2683 4676 γὰρ
2714 4605 2997 4674 νενοήκασι
3018 4601 3117 4671 τὴν
3142 4600 3445 4670 οἰκονομίαν
3472 4599 3563 4651 καὶ
3591 4598 3687 4667 τὴν
3715 4597 3908 4664 σοφίαν
3934 4596 4026 4649 τοῦ

814 4696 1133 4763 sapientiam
1170 4694 1558 4748 intellexerunt
1583 4713 1597 4749 :
1627 4694 1761 4751 illud
1798 4704 1999 4761 autem,
2036 4706 2086 4749 et
2116 4696 2369 4751 Dominus
2476 4698 2497 4750 ε

2345 4714 2369 4751 s
2476 4697 2609 4750 Θεοῦ
2642 4696 2738 4766 τὴν
2765 4694 2891 4765 περὶ
2915 4692 3011 4763 τὴν
3031 4690 3434 4763 ὲνανθρώπησιν
3458 4689 3551 4741 τοῦ
3575 4686 3832 4757 Χριστοῦ.
3856 4686 3928 4739 Τὸ
3948 4687 4025 4750 δὲ,

812 4784 1160 4840 subsannabit
1198 4802 1307 4851 eos,
1340 4784 1684 4840 referendum
1717 4788 1784 4840 ad
1824 4788 1927 4840 hoc
1962 4787 2191 4850 dictum,
2219 4788 2370 4855 prin-
2475 4792 2495 4841 1

2347 4817 2370 4830 -
2475 4786 2583 4841 Καὶ
2606 4789 2638 4839 ό
2658 4775 3267 4854 Κύριοξὲκμυκτηριεῒ
3299 4778 3539 4843 αὐτοὺς,
3571 4776 3707 4848 πρὸς
3731 4777 3811 4840 τὸ,
3843 4780 3907 4829 Ol
3930 4775 4030 4843 ἆρ-

814 4877 950 4945 cipes
976 4884 1320 4945 conuenerunt
1338 4877 1391 4929 in
1416 4892 1600 4939 unum,
1630 4885 1689 4930 ut
1712 4878 1921 4933 scilicet
1946 4895 1976 4933 a
2001 4879 2219 4935 Christo
2244 4880 2373 4933 sub-
2473 4898 2497 4948 λ

2347 4908 2373 4919 -
2473 4894 2682 4948 χοντες
2710 4875 3112 4945 συνήχθησαν
3132 4873 3227 4926 ἐπὶ
3256 4871 3323 4924 τὸ
3349 4870 3522 4922 αὑτό*
3546 4867 3633 4921 ἵνα
3662 4865 4030 4937 μυκτηρίζων-

815 4975 1178 5023 sannarentur
1206 4966 1503 5037 principes,
1534 4968 1629 5038 qui
1668 4972 1979 5041 congregati
2011 4982 2142 5026 sunt
2179 4970 2370 5025 ailver-
2472 4988 2498 5023 τ

2346 5000 2370 5014 -
2472 4988 2561 5024 ται
2607 4972 2655 5022 οἱ
2700 4968 2955 5040 ἄρχοντες
2987 4965 3091 5017 ὑπὸ
3134 4963 3230 5017 τοῦ
3279 4958 3537 5031 Χριστοῦ,
3582 4961 3630 5012 οἱ
3678 4957 4028 5028 συναχθέντες

815 5075 911 5113 sus
929 5058 1210 5113 Dominum
1240 5068 1294 5114 et
1322 5060 1583 5115 adversus
1604 5060 1877 5117 Christum
1901 5052 2038 5131 ejus.
2058 5064 2373 5134 Congruen-
2476 5078 2498 5113 κ

2344 5091 2373 5115 η-
2476 5060 2615 5113 κατά
2645 5059 2740 5112 τοῦ
2771 5056 2975 5128 Κυρίου
3005 5057 3097 5108 καὶ
3126 5052 3264 5107 κατά
3291 5049 3385 5103 τοῦ
3408 5049 3643 5121 Χριστοῦ
3672 5046 3857 5101 αὐτοῦ.
3887 5048 4027 5119 Πρέ-

806 5161 900 5221 tes
945 5160 1122 5206 autem
1172 5154 1297 5209 boni
1342 5154 1437 5209 Dei
1479 5153 1617 5208 Filio
1648 5161 1777 5211 Sunt
1819 5154 1936 5208 ista:
1980 5170 2174 5221 voces;
2217 5156 2365 5225 quia,
2475 5169 2489 5202 ι

2351 5194 2365 5218 ,
2475 5167 2669 5203 πουσαι
2716 5149 2770 5202 δὲ
2808 5147 3008 5217 ἀγαθοῦ
3046 5144 3182 5199 Θεοῦ
3226 5142 3342 5213 Υίῷ
3388 5141 3593 5211 φωναίο
3625 5142 3730 5203 ὅτι,
3761 5141 3811 5193 εἰ
3841 5141 3932 5194 καὶ
3962 5141 4028 5193 τὰ

815 5246 1030 5300 etiamsi
1059 5244 1379 5302 fremuerint
1415 5257 1623 5316 gentes,
1673 5256 1727 5303 et
1768 5249 1951 5318 populi
1982 5249 2220 5304 meditati
2263 5249 2375 5303 sint
2439 5241 2498 5293 »ἔ

2346 5257 2375 5299 ,ι
2439 5275 2447 5286 ι
2474 5241 2598 5311 ἔθνη
2644 5239 2938 5311 ἐφρύαξαν,
2969 5238 3062 5291 καὶ
3098 5236 3147 5287 οἱ
3188 5233 3306 5286 λαοὶ
3322 5232 3660 5303 ¹ἐγιιελιέτησαν
3690 5231 3841 5294 κενὰ,
3870 5233 4029 5301 ἡμεῖς

817 5338 1019 5401 inania,
1052 5344 1234 5399 abnos
1268 5337 1610 5416 frementium
1650 5340 1989 5394 ethnicorum
2030 5342 2245 5395 vincula
2288 5339 2373 5393 di-
2475 5349 2500 5401 γ

2347 5366 2373 5379 -
2475 5349 2537 5401 γε
2565 5333 2688 5395 τοὺς
2714 5331 2942 5402 δεσμοὺς
2970 5326 3146 5381 αὐτῶν
3180 5325 3286 5377 τῶν
3313 5323 3662 5395 φρυαξάντων
3704 5322 3873 5377 ἐθνῶν
3915 5324 4027 5376 δια-

818 5443 1157 5497 rumpamus,
1198 5438 1251 5483 et
1286 5413 1475 5499 jugum
1518 5432 1839 5501 populorum
1875 5431 2057 5485 inania
2110 5432 2375 5486 meditan-
2479 5441 2501 5476 α

2351 5458 2375 5470 -
2479 5423 2790 5493 σπάσωμεν,
2836 5423 2927 5475 καὶ
2972 5420 3061 5471 τὸν
3114 5416 3270 5485 ζυγὸν
3314 5416 3419 5470 τῶν
3465 5415 3872 5487 μλετησάντων
3899 5411 4031 5466 κενά

822 5521 954 5573 tium
989 5521 1359 5589 projiciamus.
2024 5524 2036 5537 '
2475 5516 2505 5567 λ

2024 5524 2036 5537 '
2475 5515 2616 5569 λαῶν
2647 5512 3052 5586 ἀπορρίψωμεν.

890 5612 958 5664 At
1002 5614 1128 5681 quia
1173 5630 1280 5668 non
1324 5615 1434 5683 jam
1470 5615 1544 5669 ita
1582 5614 1740 5670 facile
1772 5614 2033 5669 medelam
2081 5612 2374 5667 admittunt
2558 5609 2571 5626 '

2355 5620 2374 5665 t
2558 5608 2708 5659 Ἐπεὶ
2733 5606 2787 5658 δὲ
2822 5602 3006 5656 οὐκέτι
3046 5600 3285 5672 εὐχερῶς
3328 5600 3567 5671 δέχονται
3611 5598 3708 5669 τὴν
3737 5591 4029 5683 θεραπείαν

822 5701 1060 5769 praedicti
1108 5719 1263 5773 rcges
1309 5682 1466 5760 terrae
1513 5715 1567 5761 et
1611 5703 2092 5776 principes;jubet
2139 5701 2375 5770 Spiritus
2481 5714 2505 5749 ο

2350 5716 2375 5755 s
2481 5698 2531 5749 οἵ
2568 5715 2628 5748 τε
2657 5694 2959 5766 τηλικοῦτοι
2990 5692 3367 5763 προειρημένοι
3390 5691 3488 5759 τῆς
3518 5689 3621 5758 γῆς
3666 5684 3899 5754 βασιλεῐς
3937 5682 4029 5738 καὶ

825 5803 1066 5855 euinctus,
1101 5796 1339 5863 gentium
1380 5806 1434 5851 et
1473 5775 1816 5869 populorum.
1863 5808 2047 5863 regum
2077 5801 2131 5847 et
2172 5792 2372 5862 princi-
2481 5806 2507 5841 ο

2359 5820 2372 5828 -
2481 5791 2526 5841 οἱ
2566 5789 2838 5861 ἄρχοντες,
2868 5785 2973 5837 τῶν
3016 5782 3151 5836 κατά
3192 5780 3284 5833 τοῦ
3320 5778 3521 5852 Κυρίου
3550 5777 3640 5828 καὶ
3671 5775 3763 5829 τοῦ
3793 5776 4027 5846 Χριστοὶ.

892 5909 969 5978 (Ι)
1019 5909 1407 5975 Τετηρεῖσθαι.
1441 5910 1577 5977 Lege
1602 5909 1944 5979 πτηρῆσθαι.
1977 5905 2133 5959 Ευιτ.
