4262 6384
257 531 325 588 85
1397 523 1588 580 COMM
1600 524 1897 580 ENTARIA
1940 524 2003 578 IN
2037 523 2371 580 PSALMOS.
3442 544 3506 587 ui

255 646 422 701 αὑτοῦ
468 648 842 720 συναχθέντων
874 648 1045 703 ἐθνῶν
1072 665 1132 702 τε
1161 650 1254 705 καὶ
1285 650 1449 717 λαῶν,
1480 654 1747 724 βασιλέων
1776 671 1817 706 τε

1943 668 2090 723 pum,
2130 652 2427 707 visibilium
2456 658 2519 707 et
2560 650 2940 717 invisimuum,
2972 667 3063 723 qui
3105 664 3368 706 adversus
3402 649 3510 704 Dn-

255 738 346 791 καὶ
375 740 672 811 ἀρχόντων,
707 741 997 813 ὁρωμένων
1029 758 1087 793 τε
1113 742 1206 795 καὶ
1241 743 1485 811 ἀφανῶν,
1511 746 1809 816 προστάττε

1938 745 2143 798 minum
2197 751 2249 799 ct
2292 744 2555 800 adversus
2608 744 2887 800 Christum
2946 738 3065 813 cju's
3112 750 3505 807 convenerant,

250 828 311 882 τὸ
334 829 565 901 Πνεῦμα
588 830 650 884 τὸ
673 830 825 899 ἅγιον
853 831 980 893 τοὺς
1003 831 1103 901 τῆς
1133 831 1579 906 είδωλολατρείας
1602 834 1817 905 δεσμοὺς

1935 836 2258 891 idololatriae
2298 836 2512 890 vincula
2560 836 2892 905 dirumpere,
2945 844 2999 888 et
3044 850 3293 905 quosque
3340 851 3507 907 grave

250 919 661 993 διαρρηγνύναι,
714 921 810 975 καὶ
855 920 946 976 τὸν
1002 920 1173 993 βαρὺν
1216 925 1313 995 τῆς
1356 923 1629 996 ἁμαρτίας
1670 925 1832 994 ζυγὸν

250 1013 609 1084 ἀπορρίπτειν
638 1006 740 1082 τῆς
770 1012 979 1067 ἑαυτῶν
1007 1013 1217 1085 ψυχῆς
1248 1010 1331 1078 οἷς
1359 1014 1832 1086 καταδεδουλωμέ-

249 1120 328 1157 νοι
352 1104 614 1175 πρότερον
640 1104 848 1176 ἑτέροις
876 1104 1149 1177 ,ἄρχουσιν
1180 1106 1551 1176 ὑπεκείμεθα⁴
1584 1107 1669 1159 ἵνα
1692 1108 1833 1160 ὲκεί-

250 1212 354 1248 νων
392 1194 845 1266 ἐλευθερωθέντες
869 1194 960 1249 τὸν
987 1182 1223 1265 ἐλαφρὸν
1247 1194 1339 1248 τοῦ
1375 1197 1627 1273 Σωτῆρος
1668 1195 1829 1266 ζυγὸν

247 1285 653 1358 ἀναδεξώμεθα,
679 1287 765 1356 ἐφ’
791 1288 850 1341 ὃν
872 1285 1227 1359 προκαλεῖται
1249 1285 1422 1356 λέγων
1443 1304 1456 1317 ·
1479 1287 1655 1342 Δεῦτε
1681 1295 1830 1358 πρὸς

242 1385 325 1449 μὲ
350 1379 575 1447 πάντες
601 1383 657 1435 οι
691 1379 1022 1444 κοπιῶντες
1043 1378 1141 1432 καὶ
1168 1380 1644 1450 πεφορτισμένοι,
1670 1380 1830 1451 κάγὼ

246 1471 577 1527 ἀναπαύσω
596 1470 771 1541 ὑμᾶς.
803 1473 1007 1539 Ἄρατε
1036 1469 1142 1524 τὸν
1167 1469 1343 1539 ζυγόν
1363 1490 1505 1540 μου,
1529 1473 1627 1525 καὶ
1652 1473 1825 1540 rem,

250 1563 340 1618 ὅτι
362 1567 633 1634 χρηστός
691 1565 844 1620 ἐστι.
872 1564 1138 1618 Λέλεκται
1165 1564 1221 1616 δὲ
1246 1563 1417 1617 ταῦτα
1440 1566 1575 1635 πρὸς
1602 1566 1668 1619 τὰ
1700 1565 1824 1639 ἔθνη

246 1654 315 1708 τὰ
343 1653 423 1726 τῷ
450 1654 671 1727 Χριστῷ
696 1654 801 1707 ὑπὸ
822 1653 915 1707 τοῦ
932 1653 1159 1725 Πατρὺς
1190 1654 1469 1726 δεδομένα,
1506 1656 1826 1727 προλαμϐά-

246 1764 426 1811 νοντος
454 1746 547 1800 τοῦ
577 1746 736 1815 λόγου
768 1747 895 1811 τοὺς
930 1746 1223 1818 μέλλοντας
1270 1748 1553 1820 προσιέναι
1583 1752 1649 1819 τῇ
1692 1750 1825 1821 Χρι-

246 1840 371 1893 στοῦ
400 1839 735 1911 διδασκαλίᾳ,
768 1839 860 1893 καὶ
903 1838 1295 1909 παραινοῦντος
1349 1840 1544 1911 μηκέτι
1588 1840 1678 1892 τὸν
1713 1857 1823 1895 πα-

241 1933 391 1995 λαιὸν
413 1932 575 2000 ζυγὸν
602 1933 694 1985 ὲπὶ
726 1931 835 1985 τῶν
860 1931 1026 2003 ῶμων
1054 1933 1261 2005 φέρειν,
1298 1933 1432 2003 μηδὲ
1462 1936 1583 1996 ταῖς
1612 1936 1819 2004 σειραῖς

1934 929 2143 999 peccati
2163 930 2356 1000 jugum
2382 930 2451 984 ab
2480 929 2659 983 anima
2682 944 2781 984 sua
2817 930 3085 999 projicere
3110 946 3124 993 ;
3157 928 3359 999 quibus
3382 929 3507 984 sub-

1928 1020 2105 1092 jugali
2136 1021 2288 1090 prius
2319 1021 2440 1076 aliis
2480 1014 2829 1092 principibus.
2850 1022 3175 1077 suberamus
3204 1039 3215 1074 :
3250 1027 3310 1075 ut
3340 1020 3408 1075 iis
3439 1019 3504 1074 li-

1932 1109 2103 1165 berati
2143 1098 2265 1165 leve.
2307 1110 2603 1166 Salvatoris
2633 1112 2823 1180 jugum
2872 1111 3230 1183 accipiamus,
3264 1126 3373 1182 quo
3400 1125 3501 1166 nos

1931 1210 2192 1271 provocat
2216 1203 2301 1258 his
2324 1203 2504 1259 verbis
2536 1222 2547 1257 :
2592 1202 2770 1257 Venite
2798 1205 2871 1257 ad
2898 1221 2998 1269 me,
3030 1220 3206 1269 omnes
3238 1205 3329 1274 qui
3361 1204 3502 1258 tabo-

1931 1294 2063 1346 ratis
2085 1303 2135 1347 et
2167 1295 2372 1347 onerati
2400 1295 2551 1359 estis,
2582 1302 2632 1348 et
2665 1311 2756 1364 ego
2788 1296 3023 1364 reﬁciant
3058 1312 3146 1349 vos
3172 1313 3189 1350 :
3217 1296 3385 1349 tollite
3408 1295 3500 1363 ju-

1928 1399 2050 1454 gum
2080 1402 2252 1438 meum
2274 1400 2430 1453 super
2460 1402 2569 1448 vos,
2594 1396 2644 1440 et
2673 1386 2838 1441 videte
2858 1387 2983 1454 quia
3014 1395 3344 1440 mansuetum
3366 1387 3496 1441 est".

1928 1473 2053 1529 Haec
2090 1490 2256 1544 porro
2287 1476 2432 1530 dicta
2466 1483 2595 1531 sunt
2618 1477 2871 1547 gentibus
2896 1476 3119 1532 Christo
3148 1492 3177 1530 a
3204 1474 3363 1531 Patre
3389 1485 3500 1530 tra-

1927 1567 2077 1631 ditis,
2121 1567 2407 1637 praemissa
2447 1568 2656 1623 scilicet
2708 1584 2901 1623 eorum
2930 1570 3022 1639 qui
3052 1568 3119 1623 ad
3158 1568 3361 1625 Christi
3399 1570 3499 1624 do-

1927 1659 2162 1713 ctrinam
2189 1659 2468 1714 acccssuri
2501 1668 2632 1713 sunt
2671 1661 3007 1725 narratione,
3044 1662 3279 1733 dataque
3309 1660 3499 1716 admo-
3560 1650 3563 1651 ⁷

1926 1750 2151 1813 nitione,
2206 1756 2264 1802 ut
2309 1764 2375 1803 ne
2420 1748 2563 1802 ultra
2611 1749 2980 1819 vetusjugum
3020 1749 3264 1806 humeris
3296 1750 3493 1816 ferant,

1926 1856 2101 1911 neque
2146 1840 2355 1896 catenis
2382 1841 2645 1911 priorum
2695 1840 3017 1895 delictorum
3060 1842 3342 1898 constricti
3384 1859 3496 1896 nia-

1926 1941 2111 1989 neant.
2144 1931 2251 1988 Sed
2292 1932 2503 1987 etiamsi
2556 1933 2776 2003 quidam
2812 1932 2944 2002 ipsis
2985 1942 3109 1988 ante
3154 1932 3371 1988 fuerant
3405 1937 3495 1989 do-

245 2025 351 2077 τῶν
402 2025 683 2097 προτέρων
728 2024 1143 2096 ἁμαρτημάτων
1185 2025 1394 2079 ἑαυτῶν
1444 2026 1815 2098 παραμένειν’

1924 2022 2076 2085 mini,
2114 2023 2390 2093 principes
2427 2023 2637 2091 acerbi,
2664 2022 2917 2077 videlicet
2940 2023 3162 2094 maligni
3193 2024 3488 2090 daemones,

243 2116 356 2169 ἀλλ’
389 2117 437 2169 εί
460 2116 553 2170 καί
581 2133 725 2180 τινες
748 2112 889 2187 ἦσαν
924 2116 1102 2171 αὐτῶν
1131 2117 1396 2189 πρότερον
1429 2118 1606 2190 κύριοι
1635 2118 1819 2189 ἄρχον-

242 2209 332 2272 τές
356 2226 416 2261 τε
446 2210 653 2280 πικροὶ,
680 2210 728 2261 οἱ
754 2208 920 2262 πάλαι
947 2208 1057 2261 τῶν
1087 2206 1255 2261 ἐθνῶν
1288 2209 1818 2280 κατατυραννοῦντες

238 2282 491 2370 δαίμονες
520 2299 764 2370 πονηροὶ,
794 2296 887 2362 οὓς
917 2297 981 2367 δὴ
1001 2296 1157 2361 θεοὺς
1184 2296 1485 2368 ᾠνόμαζον,
1528 2299 1689 2368 ζυγὸν
1723 2302 1819 2355 αῦ-

236 2393 351 2455 τοῖς
379 2390 781 2462 ὲπαιωροῦντες
816 2389 985 2462 βαρὺν
1013 2389 1109 2442 καὶ
1158 2389 1491 2459 συγκόπτειν
1514 2392 1613 2463 τὴν
1639 2393 1815 2464 ψυχὴν

236 2482 329 2535 ἐπὶ
356 2481 417 2535 τὸ
448 2483 599 2535 κάτω
633 2480 931 2544 ποιοῦντες,
968 2480 1189 2550 δεσμοῖς
1220 2497 1279 2533 τε
1326 2482 1524 2545 αὐτοὺς
1557 2482 1812 2547 ἀσεϐείας

237 2574 735 2645 καταδεσμοῦντες·
789 2573 994 2627 τούτων
1048 2573 1303 2626 ἁπάντων
1350 2573 1448 2645 τὴν
1498 2573 1815 2629 δυναστείαν

233 2667 457 2737 φεύγειν
490 2666 942 2741 παρακελεύεται⁸
971 2665 1332 2735 προσφεύγειν
1358 2665 1416 2719 δὲ
1448 2666 1526 2737 τῷ
1553 2668 1810 2739 Λυτρωτῇ

232 2760 325 2813 καὶ
367 2758 602 2831 Σωτῆρι,
643 2757 736 2811 καὶ
768 2757 831 2829 δὴ
865 2757 1063 2828 κλῆρον
1097 2758 1296 2818 αὐτοὺς
1344 2756 1498 2828 παρὰ
1542 2757 1636 2809 τοῦ
1684 2757 1812 2811 ἰδίου

232 2850 441 2923 Πατρδς
457 2850 717 2922 είληφότι.
733 2849 917 2903 Ταῦτα
934 2850 1012 2912 δὲ,
1030 2847 1490 2920 φησὶ,πράξωμεν
1516 2850 1565 2902 οί
1595 2850 1692 2919 τῆς
1718 2849 1811 2902 τοῦ

229 2940 467 3018 Χριστοῦ
501 2943 867 3015 κληρονομίας
895 2942 1035 3010 ἄξιοι
1070 2942 1374 3011 γενόμενοι,
1401 2940 1718 3006 είδότες,ὄτι
1750 2942 1810 2994 '0

228 3034 530 3091 κατοικῶν
589 3036 660 3090 ἐν
702 3034 978 3103 οὐρανοῖς
1022 3033 1411 3103 ἐκγελιὶσεται
1456 3033 1699 3098 αὐτοὺς,
1742 3034 1810 3086 τὰ

226 3130 355 3202 ἔθνη
397 3127 599 3201 δηλαδὴ
628 3129 723 3182 καὶ⁹
752 3128 881 3191 τοὺς
911 3127 1073 3189 λαοὺς
1109 3127 1237 3189 τοὺς
1283 3125 1692 3188 ὲπαναστὰντας
1734 3125 1811 3196 τῷ

228 3205 449 3293 Χριστῷ
478 3219 666 3287 αὑτοῦ,
694 3220 791 3274 καὶ
833 3221 865 3272 ὁ
896 3220 1111 3287 Κύριος
1157 3216 1541 3285 ἐκμυκτηριεῖ
1561 3217 1802 3283 αὐτούς.

228 3312 413 3366 Ταῦτα
452 3311 619 3366 πάλαι
663 3311 765 3382 μὲν
806 3310 1156 3381 προφητικῶς
1177 3310 1543 3379 ἁνεφωνεῐτο’
1575 3308 1809 3361 πέπονθε

1920 2112 2049 2166 olim
2083 2128 2183 2183 pro
2209 2113 2316 2168 diis
2340 2114 2533 2176 habiti,
2557 2132 2650 2184 qu.
2678 2115 3015 2185 tyrannidem
3047 2117 3101 2170 iu
3129 2126 3315 2185 gentes
3336 2132 3488 2171 eser-

1919 2205 2138 2268 cebant,
2174 2215 2226 2260 et
2253 2205 2444 2275 jugum
2478 2206 2612 2275 ipsis
2659 2222 2824 2276 grave
2868 2222 3272 2278 onerosumque
3316 2209 3491 2279 impo-

1918 2297 2141 2362 nehant,
2181 2303 2238 2349 ut
2268 2296 2505 2349 animam
2555 2310 2744 2351 eorum
2789 2296 2854 2350 ad
2897 2298 3082 2352 infima
3114 2300 3487 2363 incurvarent,

1917 2385 2355 2456 colligabantque
2404 2385 2555 2455 ipsos
2605 2386 2899 2455 impietatis
2966 2387 3232 2453 vinculis;
3289 2388 3486 2444 horum

1916 2478 2160 2533 omnium
2209 2463 2496 2549 imperium
2550 2476 2807 2547 effugere,
2855 2485 2910 2533 et
2966 2478 3033 2531 ad
3069 2477 3483 2550 Redemptorem

1918 2570 2367 2642 Salvatoremque
2429 2572 2725 2643 confugere
2775 2573 3073 2642 jubentur,
3143 2584 3331 2644 utpote
3390 2577 3485 2646 qui

1916 2663 2067 2734 ipsos
2099 2679 2129 2717 a
2158 2663 2323 2720 Patre
2355 2680 2456 2720 suo
2496 2666 2550 2719 in
2602 2666 2970 2722 Inereditatem
3007 2670 3299 2738 acceperit.
3334 2668 3479 2729 Ιιιυυ,

1915 2752 2113 2826 inquit,
2148 2771 2371 2825 agamus
2409 2758 2499 2827 qui
2533 2756 2737 2813 Christi
2774 2757 3089 2813 haereditate
3128 2760 3273 2831 digni
3306 2762 3483 2816 enecti

1913 2862 2127 2911 sumus,
2172 2848 2327 2918 gnari
2367 2849 2619 2903 videlicet
2663 2850 2973 2916 illiuszQui
3005 2850 3209 2904 habitat
3256 2853 3309 2904 in
3342 2854 3483 2907 uelis

1911 2936 2149 2989 irridebit
2174 2954 2283 3001 eos,
2315 2938 2573 2992 nimirum
2612 2940 2841 3009 populos
2869 2940 2960 3009 qui
2996 2942 3259 2995 adversus
3297 2940 3482 2996 Domi-

1912 3028 2121 3081 mitium
2173 3036 2226 3081 et
2270 3029 2532 3085 adversus
2572 3030 2848 3085 Christum
2892 3032 3011 3100 ejus
3042 3032 3479 3095 insurrexerunt.

1908 3128 1961 3172 et
1992 3118 2249 3174 Dominus
2274 3120 2619 3176 subsannabit
2656 3139 2764 3176 eos.
2801 3121 2923 3177 llaec
2950 3124 3077 3177 olim
3100 3124 3319 3196 quidem
3356 3142 3484 3196 pm-

1911 3212 2125 3281 phetice
2174 3214 2714 3283 praenuntiabantur;
2772 3222 2827 3268 at
2866 3223 3052 3284 postea
3085 3214 3342 3272 Iudaicus
3386 3234 3482 3288 pn-

1912 3305 2074 3375 pulu-s
2100 3319 2164 3359 ea
2202 3306 2317 3375 ipsa
2359 3321 2654 3375 perpessus
2693 3315 2797 3371 est,
2830 3307 3089 3364 obsessus
3116 3317 3170 3363 et
3207 3324 3483 3380 expugna—

227 3403 283 3457 δὲ
322 3402 465 3458 αὐτὰ
494 3402 554 3456 τὸ
599 3403 867 3457 Ἰουδαίων
897 3402 1047 3465 ἔθνος
1076 3398 1428 3470 πολιορκηθὲν
1473 3400 1811 3471 παραχρῆμα

1915 3405 2000 3451 tus
2021 3412 2130 3451 non
2162 3397 2335 3451 multo
2364 3403 2655 3465 postquam
2695 3397 2924 3453 insidias
2965 3400 3260 3455 struxisset
3288 3411 3479 3455 contra

232 3494 368 3565 μετὰ
402 3494 503 3565 τὴν
547 3495 688 3547 κατὰ
730 3492 824 3547 τοῦ
866 3493 1115 3563 Σωτῆρος
1154 3480 1478 3561 ὲπισουλήψ
1526 3491 1621 3543 καὶ
1666 3491 1807 3545 κατὰ

228 3588 453 3659 χρόνους
477 3585 533 3638 δὲ
568 3587 615 3638 οἱ
648 3584 747 3653 τῆς
793 3582 1117 3654 Ἐκκλησίας
1142 3580 1235 3633 τοῦ
1267 3579 1505 3650 Χριστοῦ
1538 3582 1803 3653 πολέμιοι,

227 3678 474 3751 κρυφαία
499 3678 585 3731 ἀεὶ
616 3677 760 3751 χειρὶ
787 3674 1207 3746 πολεμούμενοι,
1238 3673 1344 3726 ὑπὸ
1373 3674 1466 3726 τοῦ
1494 3675 1807 3729 κατοικοῦν-

226 3789 315 3836 τος
351 3773 412 3826 ὲν
438 3771 702 3843 ὀὐρανοῖς
738 3768 963 3841 Κυρίου,
994 3767 1088 3822 τοῦ
1134 3767 1274 3838 πρὸς
1320 3765 1498 3819 αὐτῶν
1538 3766 1803 3837 πολεμου-

231 3864 417 3935 μένου.

301 3957 440 4011 Τότε
477 3954 736 4022 λαλήσει
775 3953 923 4041 πρὸς
948 3952 1169 4018 αὐτοὺς
1193 3952 1264 4005 ἐν
1288 3948 1436 4021 ὀργῇ
1464 3947 1685 4041 αὐτοῦ,
1703 3949 1800 4041 καί

226 4048 295 4103 ἐν
324 4045 405 4113 τῷ
437 4045 603 4116 θυμῷ
634 4046 822 4102 αὐτοῦ
855 4040 1094 4113 ταράξει
1122 4043 1363 4109 αὐτούς.
1410 4040 1571 4098 Ἀλλὰ
1605 4040 1700 4093 καὶ
1745 4040 1802 4090 ὲν

227 4139 305 4211 τῷ
335 4137 433 4208 τῆς
466 4123 701 4208 κρίσεως
735 4135 914 4208 καιρῷ
955 4134 1129 4206 ὀργῆς
1172 4131 1309 4186 Θεοῦ
1362 4130 1800 4201 πειραθήσονται,

226 4230 319 4285 καὶ
362 4226 440 4299 τῷ
484 4226 642 4297 θυμῷ
678 4226 843 4280 αὐτοῦ
890 4225 1324 4298 ταραχθήσονται
1370 4223 1570 4287 πάντες
1615 4223 1665 4276 οἱ
1708 4222 1802 4283 τοῦ

228 4319 497 4393 σωτηρίου
518 4317 677 4387 λόγου
703 4317 969 4389 πολέμιοι.
1001 4317 1263 4388 Ἐπείπερ
1283 4316 1442 4379 αὐτδς
1461 4317 1488 4369 6
1514 4316 1604 4368 ὑπ’
1626 4314 1802 4368 αὐτῶν

224 4407 595 4482 προσηλωθεὶς
639 4410 737 4462 καὶ
790 4407 1008 4478 θανάτῳ
1041 4407 1399 4478 παραδοθεὶς,
1434 4407 1703 4465 κατοικῶν
1745 4406 1802 4459 ὲν

222 4503 472 4575 οὐρανοῖς
505 4500 599 4554 καὶ
628 4498 701 4553 τά
745 4499 924 4553 πάντα
965 4498 1257 4570 περιέχων,
1304 4498 1657 4566 ἐκγελάσεται
1702 4498 1801 4550 αὑ-

220 4595 367 4659 τοὺς,
403 4592 498 4646 καὶ
523 4593 552 4646 6
575 4590 765 4645 τούτου
793 4590 851 4643 δὲ
880 4591 1070 4662 Πατὴρ
1095 4592 1124 4644 6
1155 4591 1253 4644 σὺν
1276 4589 1356 4660 τῷ
1388 4589 1612 4661 Χριστῷ
1636 4589 1800 4644 πολε-

222 4683 492 4754 μούμενος
545 4674 907 4753 ὲκμυκτηριεῖ
927 4680 1147 4742 αὐτοὺς,
1174 4680 1268 4733 καὶ
1288 4678 1386 4749 τὴν
1412 4678 1570 4743 ἀξίαν
1604 4681 1801 4745 αὐτοὺς

220 4773 578 4845 εἰσπράξεται
620 4772 810 4844 δίκην
862 4772 911 4824 εί
944 4772 994 4824 oi
1026 4770 1174 4840 λόγοι
1222 4769 1329 4823 τῶν
1374 4768 1612 4837 ἀπειλῶν
1647 4772 1796 4841 λόγοι

219 4866 356 4919 εἰσὶν
392 4867 451 4919 ὲν
480 4867 619 4937 ὀργῇ
647 4863 1133 4934 ἁπαγγελλόμενοι.

299 4956 449 5027 Ἐγὼ
502 4955 571 5011 δὲ
601 4955 976 5024 nateasz
1002 4955 1304 5022 ,βασιλεὺς
1335 4955 1436 5009 ὑπ’
1474 4956 1660 5009 αὐτοῦ
1695 4957 1795 5009 ἐπὶ

216 5048 372 5104 Σιὼν⁹
402 5047 539 5118 ὄρος
570 5048 637 5103 τὸ
673 5046 1086 5118 ἄτιονούτοῦ,
1126 5045 1496 5116 διαγγέλλων
1516 5045 1582 5099 τὸ
1610 5048 1795 5114 πρόσ-

218 5151 408 5205 ταγμα
444 5136 686 5205 Κυρίου.
762 5136 886 5190 Οἵδε
927 5136 1026 5207 μὲν
1052 5174 1066 5198 ,
1107 5135 1239 5205 φησὶ
1267 5174 1283 5196 ,
1349 5134 1477 5188 τάδε
1514 5134 1817 5190 πείσονται¹

217 5228 265 5280 οἱ
314 5228 459 5280 κατά
506 5227 602 5281 τοῦ
656 5228 865 5298 Κυρίου
910 5230 1006 5282 καὶ
1045 5226 1186 5280 κατὰ
1221 5226 1314 5279 τοῦ
1352 5224 1588 5298 Χριστοῦ
1628 5225 1794 5280 αὐτοῦ

219 5318 561 5381 συνελθόντες
579 5357 595 5381 ,
618 5320 712 5391 καὶ
736 5318 973 5375 τοιοῦτον
1016 5320 1116 5389 μὲν
1141 5310 1365 5371 ἐκείνων
1392 5316 1454 5369 τὸ
1480 5316 1634 5381 τέλος
1653 5334 1666 5347 ο
1694 5318 1795 5388 ἐμὲ

214 5411 269 5465 δὲ
319 5411 443 5464 τότε
496 5410 634 5479 μετά
681 5412 782 5481 τὴν
810 5410 1078 5481 τοσαύτην
1110 5408 1401 5480 ἐπιϐουλὴν
1432 5408 1527 5461 καὶ
1556 5408 1792 5463 τοσαῦτα

215 5503 361 5573 πάθη
415 5501 637 5575 βασιλέα
667 5502 805 5571 πρὸς
834 5501 998 5555 αὐτοῦ
1032 5501 1127 5555 τοῦ
1162 5500 1377 5571 Πατρδς
1403 5499 1791 5566 καθεστάσθαι,

216 5598 308 5652 καὶ
334 5595 398 5651 τὸ
430 5595 692 5669 ⁴πατρικὸν
724 5595 853 5664 ὑμῖν
883 5596 1213 5673 πρόσταγμα
1236 5592 1567 5662 διαγγέλλειν
1588 5610 1601 5622 ·
1631 5592 1791 5646 τοῦτο

212 5688 255 5742 δ’
282 5688 347 5743 ἄν
380 5688 464 5761 εἴη
497 5688 557 5743 τὸ
589 5686 939 5757 εὐαγγελικὺν
968 5687 1247 5759 κήρυγμα.
1320 5688 1383 5741 Ei
1410 5685 1465 5739 δέ
1492 5687 1639 5739 ὲστιν
1662 5686 1787 5756 ὅρος

216 5784 366 5849 ἅγιον
396 5783 532 5836 Θεοῦ
568 5784 630 5836 τὸ
662 5780 983 5853 ἐπουράνιον
1012 5780 1139 5850 περὶ
1166 5775 1227 5834 οὗ
1278 5798 1442 5851 φησιν
1470 5782 1499 5833 6
1530 5778 1738 5842 Παῦλος
1768 5796 1781 5809 ·

218 5875 715 5941 Προσεληνίύθατε
744 5873 896 5928 Σιὼν
927 5873 1048 5941 ὄρει
1067 5888 1079 5901 ·
1119 5873 1212 5926 καὶ
1246 5871 1407 5925 πάλιν
1427 5890 1439 5901 ·
1484 5871 1552 5926 Ἠ
1577 5868 1645 5922 δὲ
1664 5869 1785 5923 ἂνω

282 5990 301 6017 υ
342 5986 527 6040 Matth.
570 5994 642 6051 κε,
675 5988 861 6044 28-50.
939 5989 959 6017 θ
1000 5985 1163 6045 Hebr.
1202 6004 1295 6054 xu,
1330 5966 1443 6043 se;

1911 3486 2287 3553 Salvatorem;
2322 3487 2599 3557 variisque
2633 3488 2885 3544 similiter
2918 3492 3255 3561 temporibus
3289 3493 3478 3547 eadem

1907 3579 2117 3648 experti
2145 3585 2274 3633 sunt
2298 3576 2505 3631 inimici
2534 3563 2791 3635 Ecclesia:
2819 3579 3046 3646 Christi,
3084 3583 3298 3637 occulta
3333 3599 3481 3638 sem-

1909 3686 2003 3740 per
2031 3686 2195 3724 manu
2218 3671 2520 3742 impugnati
2552 3687 2581 3725 a
2612 3670 2843 3727 Domino
2870 3672 2963 3743 qui
2987 3672 3198 3726 habitat
3226 3674 3279 3727 in
3300 3675 3475 3738 cauis,

1904 3776 2066 3831 quem
2102 3760 2205 3830 ipsi
2236 3760 2385 3816 bello
2414 3762 2773 3833 impetebaut.

1975 3937 2143 3995 Vens.
2180 3938 2233 3993 5.
2276 3937 2422 3993 Tunc
2454 3938 2693 4009 loquetur
2738 3937 2806 3992 ad
2837 3954 2925 3992 eos
2972 3939 3023 3991 in
3058 3940 3139 3992 ira
3173 3955 3293 4003 sua,
3327 3949 3375 3992 et
3422 3940 3477 3993 in

1901 4030 2084 4099 furore
2112 4046 2209 4085 suo
2239 4028 2574 4083 conturbabit
2595 4046 2703 4083 eos.
2743 4026 2886 4083 Sane
2912 4028 2968 4083 in
2996 4035 3238 4099 tempore
3257 4029 3474 4098 judicii,

1902 4121 1997 4178 ira:
2024 4120 2222 4177 divinae
2252 4120 2554 4193 periculum
2596 4119 2819 4185 facient,
2851 4136 2914 4175 ac
2937 4120 3111 4191 ipsius
3143 4121 3327 4175 furore
3358 4128 3477 4174 tur-

1902 4213 2183 4272 babuntur
2214 4228 2406 4269 omnes
2445 4213 2595 4268 verbi
2638 4213 2895 4268 salutaris
2930 4212 3158 4267 inimici.
3194 4211 3474 4282 Siquidem

1904 4307 1951 4361 is
1986 4306 2102 4376 ipse
2146 4304 2240 4375 qui
2280 4302 2471 4360 aﬂixus
2520 4303 2730 4359 abillis
2764 4311 2868 4367 est,
2912 4318 2976 4357 ac
3021 4304 3178 4357 morti
3221 4303 3472 4363 traditus,

1903 4400 1995 4471 qui
2028 4395 2237 4451 habitat
2263 4396 2322 4450 in
2345 4395 2502 4451 caelis
2530 4401 2585 4449 et
2630 4394 2812 4449 omnia
2846 4393 3247 4462 complectitur,
3282 4393 3479 4448 irride-

1902 4488 1981 4545 bit
2006 4502 2123 4552 eos,
2158 4486 2389 4556 ejusque
2422 4485 2580 4541 Pater
2605 4485 2697 4555 qui
2746 4498 2871 4537 cum
2900 4482 3019 4552 ipso
3046 4482 3270 4539 Christo
3300 4500 3476 4554 oppu-

1902 4592 2101 4654 gnatur
2140 4581 2502 4637 subsannabit
2550 4594 2665 4643 eos,
2710 4578 3011 4648 dignasque
3050 4578 3119 4633 ab
3158 4580 3239 4634 eis
3283 4593 3475 4650 pinnas

1905 4682 2143 4746 expetet,
2180 4672 2451 4744 siquidem
2476 4671 2643 4726 verba
2673 4670 2910 4725 minacia
2953 4672 3049 4725 irae
3078 4678 3320 4743 tempore
3344 4686 3475 4741 pro-

1833 4740 1876 4795 θ
1905 4740 2012 4822 lata
2040 4773 2190 4821 sunt.

1972 4944 2137 4998 Vsus.
2159 4940 2214 4997 6.
2237 4940 2343 5013 Ego
2374 4956 2547 4997 autem
2577 4944 2892 4997 Constitutus
2913 4960 3027 4996 sum
3045 4957 3135 5002 rex
3149 4942 3212 5011 ab
3237 4958 3297 4995 eo
3320 4958 3475 5009 super

1903 5038 2031 5094 Sion
2051 5022 2279 5092 montem
2302 5049 2545 5093 sanctum
2564 5040 2699 5108 ejus,
2721 5039 3016 5107 praedicans
3031 5019 3346 5103 pmoeptuut
3368 5037 3475 5091 Uo-
3557 5098 3567 5107 ,

1903 5132 2056 5185 mini.
2094 5128 2222 5184 Haec
2261 5140 2314 5185 et
2342 5134 2573 5196 similia,
2606 5132 2803 5200 inquit,
2834 5117 3108 5198 patientur
3139 5128 3233 5198 qui
3268 5144 3467 5185 conve-

1900 5231 2103 5279 nerunt
2140 5224 2407 5281 adversus
2455 5222 2744 5281 Dominum
2779 5227 2833 5274 et
2883 5219 3147 5276 adversus
3190 5220 3473 5276 Christum

1895 5315 2039 5385 ejus,
2070 5324 2124 5369 et
2155 5314 2608 5385 hujusmodi'erit
2636 5314 2861 5366 illorum
2894 5311 3039 5369 finis.
3090 5312 3245 5383 Quod
3286 5323 3469 5367 autem

1898 5426 2000 5481 ego
2050 5418 2174 5481 post
2218 5420 2397 5471 tantas
2440 5409 2668 5465 insidias
2707 5416 2761 5464 et
2795 5419 2907 5463 tam
2957 5408 3159 5463 multos
3188 5406 3469 5459 cruciatus

1892 5520 1988 5560 rex
2036 5503 2105 5557 ab
2157 5493 2291 5572 ipso.
2322 5504 2480 5559 Patre
2527 5501 2948 5559 constituendus
3009 5499 3135 5561 sim,
3178 5504 3467 5567 paternum

1895 5593 2049 5649 vobis
2085 5602 2413 5663 pn‘eceptum
2447 5592 2820 5655 nuntiaturus,
2858 5605 2922 5645 ea
2954 5596 3102 5644 certe
3146 5586 3463 5655 evangelica

1898 5683 2216 5755 praedicatio
2247 5684 2432 5741 fuerit.
2483 5684 2639 5749 Quod
2679 5684 2725 5739 si
2760 5697 2916 5736 mons
2948 5686 3174 5733 sanctus
3200 5676 3316 5737 Dei,
3348 5691 3463 5729 cu:-

1895 5776 2051 5832 lestis
2082 5776 2173 5829 ille
2204 5775 2369 5829 fuerit
2399 5777 2467 5830 de
2507 5792 2618 5845 quo
2650 5775 2724 5828 ait
2776 5770 3013 5826 Paulus:
3054 5768 3365 5824 Accessistis
3392 5765 3460 5819 ml

1897 5866 2027 5923 Sion
2054 5870 2341 5932 montem“;
2373 5883 2437 5923 ac
2461 5881 2685 5923 rursus:
2733 5864 2843 5923 Illa
2879 5874 3054 5919 autem
3110 5880 3227 5936 qua'
3250 5875 3457 5916 sursum
