4262 6400
754 482 832 537 -ετ
1456 448 1720 538 russati
1760 482 2236 540 CESARIENSIS
2263 481 2411 538 ore.
2450 480 2629 535 rans
2662 480 2744 535 Ill.
2780 511 2847 521 —
2876 482 3279 535 amoenos.
3926 482 3996 531 ss

765 608 843 652 est
869 596 1183 665 Jerusalem,
1212 603 1375 658 libera
1404 605 1562 667 est“,
1592 604 1857 674 atqueliic
1889 611 2069 658 tamen
2101 616 2324 671 regnum

2440 601 2833 668 Ἰερουσαλὴμ
2881 601 3161 668 ἐλευθέρα
3208 598 3380 651 ἐστὶν
3405 640 3420 664 ,
3482 596 3711 653 ἐνταῦθά
3760 614 3892 667 φησι
3929 598 3999 649 τὰ

770 688 875 741 sibi
900 690 1253 745 constitutum
1294 692 1401 758 ait;
1436 707 1564 761 pars
1614 709 1747 763 ergo
1792 708 2041 761 supernae
2070 691 2324 747 Ecclesia:

773 778 937 833 fuerit
964 781 1124 834 etiam
1171 797 1236 836 ea
1268 798 1388 852 quae
1420 783 1473 836 in
1526 791 1669 838 terra
1706 794 1973 845 versatur,
2014 798 2141 837 cum
2172 798 2325 836 eum-

771 868 890 944 dem
937 871 1003 925 ad
1040 871 1199 927 tinem
1233 874 1348 944 ipsa
1401 874 1712 930 contendat.
1767 874 2051 941 Quomodo
2084 882 2264 928 autem
2294 888 2324 927 a

668 959 676 967 ’
769 960 928 1018 Patre
959 964 1013 1017 in
1059 962 1189 1017 Sion
1225 966 1432 1021 caelesti
1477 969 1807 1023 constitutus
1847 968 2009 1031 fuerit
2038 982 2131 1021 rex
2172 964 2325 1019 Chri-

770 1064 907 1114 stus.
936 1055 1234 1125 intelligere
1266 1058 1411 1121 licet,
1443 1060 1585 1129 quod
1615 1060 1821 1114 dictum
1861 1059 1951 1127 illi;
1981 1059 2052 1113 sit
2078 1078 2090 1111 :
2129 1056 2261 1111 Sede
2292 1074 2326 1111 a

768 1146 969 1199 dextris
1008 1148 1156 1211 meis,
1189 1148 1351 1204 donec
1383 1167 1572 1219 ponam
1609 1153 1848 1206 inimicos
1888 1168 2005 1205 tuo:
2040 1150 2325 1205 scabellum

766 1238 955 1306 pedum
990 1240 1276 1294 tuorum“.
1325 1240 1473 1307 Quos
1504 1258 1696 1311 nempe
1727 1243 2127 1306 inimicos,nisi
2163 1256 2325 1312 supra

766 1340 1121 1397 memoratos,
1152 1334 1243 1403 qui
1275 1335 1589 1404 congregati
1632 1344 1760 1389 sunt
1789 1336 2053 1391 adversus
2082 1350 2226 1398 eum,
2273 1342 2327 1390 et

766 1420 1054 1474 astiterunt
1091 1422 1385 1491 principes,
1432 1438 1605 1492 reges,
1649 1433 1837 1493 gentes
1893 1434 2054 1494 atque
2102 1424 2327 1494 populi?

767 1513 931 1570 hosce
959 1515 1105 1568 enim
1136 1514 1235 1568 sub
1274 1515 1502 1583 pedibus
1528 1518 1649 1587 ejus
1673 1518 2089 1572 substraturum
2117 1532 2176 1572 se
2198 1531 2325 1587 pro-

768 1606 917 1664 misit
961 1607 1138 1659 Pater.

842 1695 1005 1752 Vsus.
1038 1698 1089 1751 7.
1128 1698 1381 1753 Dominus
1426 1700 1561 1752 dixit
1604 1700 1671 1751 ad
1719 1715 1831 1753 me:
1876 1697 2051 1751 Filius
2087 1713 2231 1754 meus
2271 1714 2324 1752 es

769 1797 845 1850 tu,
891 1804 983 1858 ego
1015 1788 1166 1844 hodie
1218 1792 1372 1861 genui
1404 1799 1471 1847 te.
1518 1788 1675 1853 Illud,
1728 1790 1901 1853 hodie,
1948 1805 2143 1844 nomen
2186 1796 2325 1844 tem-

770 1881 914 1949 poris
960 1894 1061 1945 est,
1102 1883 1351 1953 idemque
1394 1883 1660 1953 signiﬁcat
1703 1890 1864 1951 atque
1920 1883 2171 1951 praesenti
2210 1881 2319 1936 die.

2430 690 2677 761 βασίλεια
2730 689 2878 760 αὐτῷ
2939 690 3283 743 συνεστάναι·
3351 689 3514 761 μέρος
3563 689 3605 741 δ’
3640 690 3704 742 ἂν
3744 688 3842 758 τῆς
3880 690 3999 743 ἄνω

2442 784 2766 853 Ἐκκλησίας
2802 784 2894 837 καὶ
2934 786 2966 854 ἡ
2994 784 3085 835 ἐπὶ
3110 784 3212 854 γῆς
3245 786 3323 847 εἰς
3355 784 3529 836 ἐκεῖνο
3553 782 3737 846 τέλους
3780 784 3872 836 καὶ
3900 783 4002 836 αὖ·

2432 881 2500 949 τῇ
2534 878 2833 931 σπεύδουσα
2865 877 2964 948 (l).
2997 879 3184 939 Ὅπως
3226 876 3282 928 δὲ
3308 876 3411 929 ὑπὸ
3458 876 3550 929 τοῦ
3580 874 3789 946 Πατρὸς
3815 878 3872 928 ὲν
3929 878 3999 945 τῇ

2426 967 2733 1039 ἐπουρανίῳ
2748 968 2883 1020 Σιὼν
2910 966 3213 1035 κατεστάθη
3235 966 3484 1035 βασιλεὺς
3504 969 3531 1020 6
3550 967 3777 1037 Χριστὸς
3801 964 3998 1028 αὑτοῦ,

2428 1060 2660 1130 πάρεστι
2686 1061 2881 1129 γνῶναι
2914 1060 3006 1113 καὶ
3031 1059 3138 1111 ἀπὸ
3170 1058 3261 1110 τοῦ
3292 1057 3539 1126 λέγεσθαι
3569 1059 3746 1129 αὐτῷ·
3792 1059 3999 1112 Κάθου

2425 1155 2491 1208 ἐκ
2520 1151 2731 1216 δεξιῶν
2755 1171 2871 1221 μου
2892 1192 2905 1213 ,
2931 1152 3033 1217 ἓως
3069 1150 3145 1203 ἂν
3171 1148 3251 1203 θῶ
3280 1149 3413 1214 τοὺς
3441 1150 3689 1218 ἐχθρούς
3714 1166 3827 1203 σου
3852 1152 4001 1202 ὑπο·
4066 1163 4071 1169 ·

2428 1246 2640 1298 πόὸιον
2671 1243 2787 1298 τῶν
2819 1244 3016 1299 ποδῶν
3046 1258 3181 1296 σου.
3241 1241 3429 1304 Ποίους
3457 1240 3513 1293 δὲ
3546 1241 3767 1312 ἐχθροὺς
3798 1241 3831 1312 ἦ
3863 1243 3998 1305 τοὺς

2428 1336 2858 1409 προλεχθέντας,
2895 1336 3017 1397 τοὺς
3045 1334 3109 1405 δὴ
3150 1331 3506 1401 συναχθέντας
3556 1332 3674 1384 κατ’
3700 1332 3860 1385 αὑτοῦ
3895 1332 3998 1386 καὶ⁵

2428 1428 2807 1499 παραστάντας
2839 1426 3100 1497 ἄρχοντας
3128 1426 3220 1478 καὶ
3247 1424 3499 1494 βασιλεῖς,
3528 1424 3622 1476 καὶ
3672 1422 3853 1487 λαοὺς,
3898 1424 4000 1475 καὶ

2427 1520 2593 1590 {Evr};
2646 1518 2867 1579 τούτους
2915 1517 3023 1589 γὰρ
3072 1516 3357 1583 ὑποτάξειν
3408 1519 3520 1580 τοῖς
3568 1514 3730 1569 αὑτοῦ
3777 1516 3932 1568 ποσὶν
3967 1516 4000 1568 6

2428 1612 2615 1683 Πατὴρ
2645 1610 3026 1682 ἐπηγγείλατο.

2494 1706 2708 1773 Κύριος
2754 1701 2884 1757 εἶπε
2934 1704 3082 1770 πρὸς
3114 1706 3195 1769 μέ
3221 1720 3233 1731 ·
3290 1702 3414 1767 Υἱός
3448 1718 3566 1770 μου
3604 1697 3661 1753 εἷ
3709 1699 3789 1752 σὺ
3815 1739 3828 1762 ,
3878 1696 3999 1766 ἐγὼ

2426 1796 2688 1865 σήμερον
2714 1790 3042 1866 γεγέννηκά
3067 1807 3158 1845 σε.
3211 1790 3283 1843 Τδ
3313 1789 3575 1860 σήμερον
3602 1789 3997 1861 δνομαηχρόνου

2428 1889 2610 1942 ἐστίν·
2673 1884 3063 1955 ἱσοδυναμείδὲ
3113 1886 3176 1955 τῇ
3228 1882 3502 1955 ὲνεστὼσῃ
3530 1882 3746 1954 ἡμέρᾳ·
3806 1880 3996 1953 ἡμέρα

770 1970 891 2029 Dies
952 1983 1131 2029 autem
1182 1983 1267 2030 est
1305 1975 1661 2029 interstitinm
1723 1975 1997 2045 quoddam
2042 1977 2321 2046 temporis.

2425 1980 2481 2034 δὲ
2531 1979 2804 2049 διάστημά
2848 1996 2900 2032 τι
2956 1977 3204 2047 χρινικόν
3239 1977 3373 2029 ἐστι.
3461 1974 3524 2026 Τί
3555 1969 3648 2026 οὖν
3686 1990 3818 2044 φησι
3856 1970 3997 2043 πρὸς

766 2061 876 2116 Cur
902 2062 1065 2133 igitur
1089 2064 1163 2117 ait
1191 2064 1265 2118 illi
1298 2064 1591 2145 Dominus;
1637 2064 1748 2136 Ego
1778 2064 1931 2120 hodie
1956 2067 2110 2136 genui
2152 2063 2238 2119 te?
2273 2065 2326 2119 id

764 2152 1021 2208 videlicet
1052 2153 1119 2209 de
1150 2156 1432 2226 temporali
1456 2158 1803 2227 generatione
1829 2158 2061 2218 dictum,
2087 2172 2207 2226 quae
2232 2173 2327 2225 per

767 2245 1124 2299 oeconomiam
1150 2242 1311 2302 facta.
1366 2246 1440 2302 De
1476 2249 1563 2303 illa
1593 2264 1830 2319 namque
1866 2265 1986 2318 quae
2026 2248 2143 2303 sine
2172 2248 2319 2317 prin-

766 2335 912 2405 cipio
944 2343 1049 2397 est,
1078 2338 1153 2392 ait
1186 2342 1302 2409 ipse
1338 2337 1540 2394 David:
1594 2339 1678 2393 Ea:
1705 2350 1851 2394 utero
1900 2348 2019 2393 ante
2050 2340 2326 2409 luciferum

765 2428 919 2495 genui
950 2430 1079 2483 te".
1130 2427 1384 2501 Gignitur
1414 2439 1595 2485 autem
1640 2432 1823 2495 hodie,
1855 2448 1961 2487 non
1993 2434 2322 2504 principium

765 2520 1066 2576 exsistendi
1095 2522 1151 2575 in
1176 2530 1301 2575 ortu
1332 2523 1628 2592 accipiens,
1660 2511 1754 2578 sed
1786 2518 2087 2582 secundum
2127 2540 2327 2579 carna-

768 2612 873 2665 lem
916 2612 1277 2666 mconomiam
1318 2612 1371 2665 in
1403 2611 1749 2682 adoptionem
1773 2616 2015 2671 veniens.
2071 2616 2138 2669 Et
2172 2618 2327 2687 quis-

768 2701 895 2771 quis
944 2700 1013 2755 ab
1054 2716 1121 2754 eo
1170 2702 1367 2772 accipit
1418 2709 1741 2771 potestatem
1790 2712 1850 2759 ut
1895 2704 2037 2761 (ilius
2074 2706 2163 2761 Dei
2213 2707 2324 2772 ﬁat,

766 2790 983 2862 quando
1010 2791 1171 2852 ﬁlius.
1196 2808 1291 2863 per
1310 2793 1635 2865 baptismum
1666 2804 2031 2866 regeneratus,
2066 2797 2325 2864 elﬁcitur;

769 2883 860 2951 qui
918 2891 1097 2938 tamen
1138 2882 1346 2953 aliquid
1393 2882 1572 2938 fuerat
1612 2893 1902 2955 antequam
1963 2886 2106 2941 tilius
2156 2896 2324 2950 esset,

767 2985 897 3029 tunc
953 2974 1070 3045 ipse
1126 2974 1464 3029 nobilitatnr.
1514 2974 1724 3029 Dicitur
1771 2977 2043 3045 propriam
2074 2976 2327 3032 Hebraici

769 3074 950 3122 textus
982 3064 1433 3131 signiﬁcationem
1464 3080 1585 3121 esse
1610 3068 1804 3134 peperi,
1831 3082 1936 3137 qua
1967 3067 2162 3138 Aquila
2194 3084 2327 3123 usus

768 3167 871 3213 est.
925 3157 1219 3227 Apostolus
1255 3163 1434 3210 autem
1487 3157 1833 3227 legisperitus
1878 3174 2002 3213 cum
2057 3168 2224 3223 esset,
2272 3163 2325 3215 in

766 3248 1009 3319 Epistola
1039 3246 1105 3301 ad
1133 3246 1387 3323 Hebrmos
1421 3247 1772 3321 Septuaginta
1796 3249 2158 3321 lnterpretum
2204 3268 2325 3308 ver-

769 3342 923 3395 sione
956 3355 1088 3395 usus
1122 3347 1224 3396 est.

836 3430 991 3498 Quod
1025 3439 1203 3487 autem
1232 3431 1345 3487 haec
1386 3435 1439 3488 in
1470 3432 1752 3490 Salvatore
1780 3443 1969 3491 nostro
1999 3433 2132 3491 Jesn
2164 3435 2326 3491 Chri.

772 3530 877 3586 sto,
912 3532 967 3579 et
991 3524 1182 3580 nonin
1214 3525 1342 3592 alio,
1366 3527 1635 3596 completa
1665 3528 1796 3593 sint,
1828 3527 2169 3595 declaratur;
2196 3531 2327 3585 illud

771 3618 913 3671 enim
937 3636 951 3674 :

774 3751 779 3757 .
840 3704 1079 3763 Vsus.8.
1114 3704 1336 3761 Postulo
1359 3722 1391 3759 a
1412 3722 1510 3769 me,
1551 3716 1601 3781 et
1638 3707 1774 3762 dabo
1801 3708 1893 3761 tibi
1914 3722 2089 3779 gentes
2114 3709 2338 3766 [neredi—

768 3803 933 3851 tatem
972 3804 1139 3862 tuam,
1164 3806 1216 3851 et
1256 3798 1636 3867 possessionem
1677 3808 1821 3851 tuam
1866 3804 2114 3857 terminos
2157 3813 2328 3871 terra',

772 3903 935 3943 nemo
954 3888 1154 3943 dixerit
1183 3889 1239 3943 in
1268 3890 1377 3944 alio
1404 3890 1661 3961 quopiam
1708 3900 1953 3945 veterum
1976 3890 2069 3947 Dei
2097 3894 2332 3963 prophe-

2426 2073 2587 2126 αὐτὸν
2607 2074 2636 2125 6
2664 2071 2863 2143 Κύριος
2884 2090 2897 2101 ο
2948 2068 3087 2138 Ἐγὼ
3117 2068 3381 2136 σήμερον
3414 2063 3737 2137 γεγέννηκὰ
3763 2080 3868 2126 σε;
3898 2064 3998 2133 δη-

2426 2163 2599 2217 λονότι
2654 2165 2781 2233 περὶ
2837 2163 2935 2233 τῆς
2996 2161 3250 2234 χρονικῆς
3301 2160 3401 2231 ἔφη
3443 2160 3713 2230 γενήσεως
3743 2157 3839 2226 τῆς
3871 2155 3996 2209 κατ’

2426 2253 2762 2323 οἰκονομίαν·
2826 2252 2953 2323 περὶ
3009 2251 3117 2321 γὰρ
3168 2250 3265 2320 τῆς
3295 2250 3528 2319 άνάρχου
3562 2247 3723 2317 φησιν
3767 2246 3935 2309 αὐτὸς
3965 2246 3997 2297 6

2426 2344 2585 2397 Δαυῖδ
2604 2362 2615 2373 ·
2678 2346 2769 2398 Ἐκ
2806 2342 3061 2413 γαστρὸς
3091 2340 3202 2408 πρὸ
3233 2340 3540 2408 ἑωσφόρου
3571 2335 3865 2405 ἐγέννησιὶ
3896 2353 3991 2389 σε.

2427 2436 2466 2487 Γ
2469 2438 2682 2489 εννᾶται
2712 2436 2767 2489 δὲ
2800 2437 3036 2505 σήμερον
3075 2433 3195 2502 οὐχὶ
3250 2431 3421 2503 ἀρχὴν
3458 2431 3764 2491 συστάσεως
3816 2430 3872 2481 ἐν
3915 2429 3995 2500 τῷ

2428 2506 2732 2593 γεννᾶσθαι
2767 2523 3053 2593 λαμϐάνων
3073 2563 3087 2586 ,
3125 2520 3262 2575 κατὰ
3298 2520 3353 2573 δὲ
3379 2520 3476 2591 τὴν
3500 2519 3762 2590 σαρκικὴν
3794 2520 3996 2571 οἰκονο-

2430 2616 2557 2684 μίαν
2588 2616 2667 2677 εἰς
2690 2614 2957 2667 υἱοθεσίαν
2987 2611 3173 2666 ἐλθών.
3211 2611 3318 2664 Καὶ
3337 2612 3366 2665 6
3390 2612 3516 2681 παρ’
3543 2608 3705 2662 αὑτοῦ
3729 2608 3785 2661 δὲ
3814 2606 3995 2660 λαϐὼν

2426 2707 2670 2775 ἐξουσίαν
2694 2706 2880 2759 τέκνον
2906 2704 3039 2758 Θεοῦ
3060 2703 3304 2773 γενέσθαι
3322 2744 3336 2767 ,
3362 2704 3448 2763 ὅτε
3472 2702 3677 2771 γίνεται
3697 2701 3882 2755 τέκνον
3905 2699 3994 2753 διὰ

2426 2797 2519 2851 τοῦ
2556 2796 2923 2867 βαπτίσματος
2953 2791 3392 2862 ἀναγεννὼμενος
3421 2833 3435 2857 ,
3468 2791 3651 2864 ἕτερόν
3680 2808 3730 2843 τι
3762 2790 3867 2859 πρὸ
3897 2788 3992 2842 τοῦ

2426 2882 2563 2941 εἶναι
2596 2886 2782 2940 τέκνον
2816 2876 3073 2955 ὑπάρίων
3100 2924 3113 2946 ,
3154 2882 3563 2950 ὲξευγενίςεται.
3610 2878 3663 2935 Ὀ
3705 2882 3888 2952 μέντοι
3928 2897 3991 2948 γε

2438 2978 2686 3048 Ἐϐραῖος
2720 2977 2933 3044 ἐλέγετο
2966 2975 3152 3047 κύριον
3186 2970 3323 3027 εἶναι
3361 2973 3683 3044 τῆς-λέξεως
3711 3015 3725 3037 ,
3762 2972 3991 3034 ἔτεκεν,

2427 3070 2561 3139 δπερ
2582 3070 2673 3121 καὶ
2706 3066 2932 3129 Ἀκύλας
2960 3065 3270 3136 πεποίηκεν.
3314 3061 3371 3117 '0
3393 3063 3450 3116 δὲ
3484 3064 3818 3127 Ἀπόστολος,
3844 3080 3997 3131 νομο-

2431 3159 2607 3230 μαθὴς
2635 3159 2894 3230 ὑπάρχων
2914 3198 2928 3221 ,
2955 3158 3011 3211 ὲν
3033 3160 3099 3227 τῇ
3124 3157 3257 3228 πρὸς
3292 3152 3572 3226 Ἐόραῐόυς
3592 3158 3656 3226 τῇ
3679 3156 3782 3211 τῶν
3817 3150 3994 3209 Ἐεόο-

2433 3251 2671 3321 μήκοντα
2701 3249 2985 3318 ἐχρήσατο.
3688 3242 3691 3245 ’

2497 3429 2604 3482 Καὶ
2637 3429 2719 3481 ὅτι
2750 3434 2810 3495 γε
2860 3428 2939 3489 εἰς
2969 3424 3060 3477 τὸν
3095 3423 3357 3495 ἡμέτερον
3391 3422 3615 3491 Σωτῆρα
3658 3419 3863 3491 Ἰησοῦν
3908 3418 3997 3472 τὸν

2429 3521 2694 3591 Χριστὸν,
2746 3520 2840 3572 καὶ
2892 3517 2992 3570 οὐκ
3020 3518 3100 3579 εἰς
3160 3515 3353 3580 ἄλλον,
3410 3513 3759 3586 πεπλήρωται
3803 3511 3995 3575 ταῦτα,

2432 3606 2753 3683 παρίστησι·
2786 3608 2846 3661 τὸ
2878 3606 2987 3679 γάρ
3007 3622 3019 3635 ·

2496 3704 2743 3771 Αῖτησαι
2766 3700 2897 3770 παρ’
2919 3696 3084 3766 ἐμοῦ,
3106 3695 3203 3751 καὶ
3222 3694 3392 3751 δώσω
3422 3711 3519 3749 σοι
3543 3694 3687 3760 ἔθνη
3717 3692 3831 3759 τὴν
3861 3694 4000 3757 κλη-

2420 3797 2708 3866 ρονομίαν
2728 3808 2863 3857 σου,
2888 3792 2982 3845 καὶ
3009 3789 3121 3857 τὴν
3138 3784 3511 3853 κατάσχεσὼρ
3537 3800 3652 3837 σου
3681 3782 3751 3835 τὰ
3777 3781 3999 3849 πέρατα

2430 3887 2535 3955 τῆς
2582 3887 2715 3958 γῆς,
2768 3885 2941 3946 οὐδεὶς
2995 3882 3059 3935 ἂν
3106 3879 3216 3949 ῑχοι
3259 3877 3423 3947 φάναι
3495 3874 3576 3941 ἐφ’
3638 3874 3823 3946 ἐτέρου
3891 3872 4000 3926 τῶν

772 3988 951 4034 tarum
976 3980 1152 4035 visum
1174 3995 1238 4034 ac
1251 3982 1576 4054 completum
1595 3996 1737 4037 esse.
1768 3981 1902 4036 Nam
1925 3998 2095 4057 neque
2118 3984 2325 4055 Moyses

2432 3980 2599 4035 πάλαι
2624 3978 2718 4031 τοῦ
2746 3974 2880 4030 Θεοῦ
2911 3972 3200 4045 προφητῶν
3236 3966 3651 4039 πεφανερῶσθαι
3677 3966 3769 4019 καὶ
3795 3966 4000 4036 πεπλη-

772 4068 1027 4133 omnibus
1063 4070 1316 4139 gentibus
1345 4074 1648 4141 imperavit,
1694 4089 1871 4144 neque
1922 4072 2111 4138 David,
2158 4091 2325 4144 neque

2434 4070 2655 4142 ρῶσθαι.
2688 4057 2825 4121 Οὔτε
2854 4065 2960 4137 γὰρ
2982 4065 3220 4133 Μωῦσῆς
3244 4060 3350 4114 τῶν
3368 4057 3545 4112 ἐθνῶν
3562 4060 3811 4111 ἁπάντων
3832 4058 3999 4127 ἐκρά-

777 4157 1056 4223 Salomon,
1090 4175 1262 4229 neque
1289 4162 1429 4216 alius
1450 4164 1719 4231 quispiam
1746 4180 1934 4219 eorum
1958 4165 2052 4236 qui
2080 4179 2111 4218 a
2134 4166 2325 4221 smeulo

2431 4178 2593 4233 τησεν
2613 4200 2629 4222 ,
2673 4158 2795 4213 οὔτε
2846 4156 3004 4212 Δαυῒδ
3029 4197 3043 4217 ,
3085 4154 3208 4207 οὔτε
3235 4148 3483 4219 Σολομὼν
3504 4192 3517 4211 ,
3548 4149 3669 4202 οὔτε
3700 4165 3783 4211 τις
3816 4148 4005 4217 ἕτερος

775 4248 926 4305 fuere
952 4252 1336 4322 prophetarum
1370 4261 1465 4306 aut
1497 4268 1723 4323 regum:
1768 4256 1871 4311 soli
1918 4264 2101 4311 autem
2148 4256 2325 4311 Salva-

2434 4250 2723 4323 προφητῶν
2768 4250 2800 4321 ἢ
2849 4247 3106 4319 βασιλέων
3150 4244 3256 4297 τῶν
3316 4241 3375 4305 ἐξ
3425 4241 3615 4304 αἰῶνος
3658 4238 3996 4334 γενομένων·

774 4340 879 4394 ιοτί
919 4348 1108 4397 nostro
1155 4342 1268 4396 haec
1298 4346 1604 4412 competere
1642 4344 1726 4397 vel
1754 4345 1869 4413 ipsa
1898 4361 2082 4400 rerum
2114 4348 2325 4417 perspi-

2438 4344 2581 4415 μόνῳ
2599 4344 2656 4396 δὲ
2677 4342 2753 4413 τῷ
2780 4340 3030 4413 ἡμετέρῳ
3060 4336 3321 4407 Σωτῆριὴ
3349 4336 3453 4388 τῶν
3483 4333 3817 4405 πραγμάτων
3846 4328 4003 4399 ἐνάρ-

772 4428 945 4485 cuitas
965 4430 1316 4486 testiﬁcatur:
1344 4431 1783 4501 quandoquidem
1808 4433 1861 4487 in
1894 4449 2106 4491 onmem
2133 4448 2325 4493 terram

2435 4452 2556 4505 γεια
2605 4435 2894 4505 μαρτυρεῖ·
2928 4428 3220 4500 ἐπειδήπερ
3270 4429 3349 4491 εἰς
3383 4428 3561 4480 πᾶσαν
3593 4425 3690 4495 τὴν
3720 4423 3824 4492 γῆν
3852 4419 4004 4490 ἐξῆλ-

774 4519 939 4575 exivit
959 4536 1128 4576 sonus
1159 4524 1529 4591 apostolorum
1553 4524 1696 4592 ejus,
1722 4532 1777 4579 et
1812 4524 1865 4577 in
1896 4524 2032 4581 ﬁnes
2056 4529 2205 4582 orbis‘
2236 4537 2335 4585 ter-

780 4624 849 4663 ra:
884 4611 1048 4665 verba
1075 4626 1260 4669 eorum
1292 4628 1577 4678 pervasere
1596 4616 1662 4671 ".
1886 4616 1889 4617 ⁷
2060 4688 2063 4693 ί

844 4700 1009 4759 Vsus.
1048 4703 1102 4759 9.
1135 4703 1329 4759 Pasce:
1356 4690 1442 4759 eos
1470 4707 1523 4759 in
1544 4709 1688 4777 virga
1712 4709 1905 4778 ferrea,
1934 4690 2181 4781 tanquam
2204 4730 2333 4767 vasa

775 4792 926 4864 ﬁguli
974 4794 1269 4865 confringe;
1311 4814 1418 4853 eos.
1449 4797 1681 4869 Accepta
1727 4802 1779 4854 in
1821 4818 2011 4860 omnes
2044 4812 2331 4874 potestate,

775 4886 986 4958 priores
1013 4886 1135 4940 illos
1161 4889 1253 4956 qui
1284 4890 1571 4945 adversum
1622 4898 1676 4944 te
1722 4891 2061 4949 fremuerunt
2103 4904 2157 4951 et
2198 4912 2333 4950 vana

776 4975 1018 5030 meditati
1044 4984 1192 5040 sunt,
1224 4979 1317 5033 sed
1356 4981 1519 5035 etiam
1550 4980 1641 5051 qui
1685 4982 1996 5050 astiterunt,
2023 4997 2077 5041 et
2128 5002 2330 5041 conve-

778 5074 976 5122 nerunt
994 5067 1281 5132 adversum
1306 5078 1357 5125 te
1376 5087 1531 5143 reges
1553 5080 1711 5128 terrae
1732 5081 1784 5127 et
1800 5075 2091 5146 principes,
2115 5094 2332 5147 pasces,

780 5169 886 5211 non
912 5160 1171 5226 pastorali
1211 5170 1617 5219 mansuetarum
1664 5165 1846 5221 ovium
1875 5168 2044 5238 virga,
2073 5187 2193 5242 quae
2222 5187 2336 5227 scr-

804 5249 1034 5306 nonibus
1066 5253 1507 5324 salutaribusque
1542 5257 1848 5331 disciplinis
1873 5270 2088 5317 constat
2114 5281 2128 5331 ;
2155 5265 2337 5333 hujus-

779 5340 925 5393 modi
954 5357 1189 5414 namque
1219 5344 1369 5415 virga
1400 5342 1712 5406 rationabili
1742 5352 1950 5408 Christi
1980 5369 2107 5410 oves
2136 5358 2189 5411 in
2214 5357 2335 5426 ejus

780 5436 1034 5500 ovilibus,
1066 5439 1181 5494 sive
1207 5439 1260 5492 in
1284 5437 1545 5497 Ecclesiis
1573 5452 1626 5499 et
1647 5444 2026 5518 spiritualibus
2055 5464 2336 5504 sacrarum

783 5523 1188 5596 scripturarum
1213 5530 1455 5599 pascuis,
1500 5548 1794 5605 reguntur;
1836 5537 1930 5609 sed
1957 5540 2011 5592 in
2034 5539 2184 5610 virga
2226 5539 2337 5594 fer—

782 5633 907 5685 rea;
940 5634 1045 5689 qua
1069 5627 1123 5674 et
1150 5622 1271 5679 illos
1298 5632 1351 5678 et
1370 5624 1724 5703 cogitationes
1752 5630 1941 5685 eorum
1967 5630 2333 5703 confringere,

854 5748 1111 5808 ".Galat.
1146 5766 1230 5819 Iv,
1260 5752 1349 5809 26.
1428 5756 1468 5787 “
1509 5755 1795 5823 Psal.crx,
1836 5760 1884 5824 Ι,
1922 5759 1977 5814 2.
2055 5762 2097 5793 "

2194 5765 2323 5821 ibid.
2354 5786 2357 5789 ·
2392 5769 2444 5826 4.

2437 4527 2527 4579 θεν
2578 4528 2605 4580 ὁ
2656 4525 2887 4594 φθόγγος
2928 4520 3034 4574 τῶν
3081 4520 3389 4572 ἀποστόλων
3439 4518 3638 4579 αὑτοῦ,
3684 4516 3778 4569 καὶ
3826 4516 3905 4577 εἰς
3936 4512 4004 4565 τὰ

2368 4644 2412 4697 ι)
2443 4619 2649 4688 πέρατα
2678 4619 2773 4688 τῆς
2795 4612 3115 4683 οἰκουμένης
3143 4612 3211 4663 τὰ
3245 4613 3459 4683 ῥήματα
3492 4608 3670 4662 αὐτῶν
3702 4604 3930 4675 διῆλθεν.

2512 4710 2821 4780 Ποιμαονεῖς
2849 4704 3068 4769 αὐτοὺς
3098 4704 3167 4756 ἑν
3186 4698 3383 4766 ῥάϐδῳ
3414 4698 3630 4767 σιδηρᾷ
3656 4740 3669 4762 ,
3706 4699 3786 4762 ὠς
3812 4697 4001 4764 σκεύη

2444 4803 2733 4871 κεραμέως
2787 4797 3139 4864 συντρίψειεν
3186 4795 3425 4859 αὐτούς.
3502 4789 3693 4844 Λαϐὼν
3730 4789 3826 4860 τὴν
3864 4789 4005 4841 κατὰ

2444 4895 2656 4947 πάντων
2710 4890 2991 4957 ἐξουσίαν,
3051 4888 3175 4949 τοὺς
3224 4884 3517 4956 προτέρους
3579 4882 3817 4943 ἐκείνους
3882 4880 4006 4942 τοὺς

2443 4988 2582 5041 κατὰ
2623 4985 2716 5038 σοῦ
2750 4980 3089 5051 φρυάξαντας
3122 4978 3213 5031 καὶ
3246 4974 3377 5028 κενὰ
3410 4975 3807 5045 μελετήσαντας
3827 5013 3840 5036 ,
3872 4974 4005 5027 ἀλλὰ

2443 5082 2534 5133 καὶ
2583 5081 2707 5140 τοὺς
2738 5076 3117 5145 παραστάντας
3162 5068 3257 5122 καὶ
3311 5065 3668 5135 συναχθέντας
3719 5064 3859 5117 κατὰ
3912 5066 4005 5119 σοῦ

2445 5173 2681 5243 βασιλεῖς
2705 5187 2768 5223 τε
2801 5170 2903 5238 γῆς
2943 5170 3035 5222 καὶ
3075 5166 3339 5236 ἄρχοντας
3367 5160 3670 5228 ποιμανεῖς.
3721 5156 3778 5209 οὐ
3806 5160 3869 5227 τῇ
3899 5158 4006 5210 τῶν

2444 5266 2661 5335 ἡμέρων
2691 5262 2975 5332 προϐάτων
3003 5256 3329 5325 ποιμαντικῇ
3367 5250 3543 5321 ῥάϐδῳ
3562 5289 3576 5311 ,
3622 5251 3686 5319 τῇ
3720 5247 3805 5300 διὰ
3837 5248 4007 5315 λόγων

2443 5356 2535 5408 καὶ
2559 5352 2836 5421 σωτηρίων
2866 5347 3199 5421 μαθημάτων
3218 5361 3231 5375 ·
3253 5342 3471 5412 τοιαύτη
3494 5341 3599 5411 γὰρ
3621 5340 3811 5410 λογικῇ
3833 5339 4011 5410 ράὃδῳ

2444 5445 2510 5497 τὰ
2546 5443 2781 5514 Χριστοῦ
2841 5438 3084 5509 πρόϐατα
3122 5438 3178 5489 ὲν
3214 5438 3333 5499 ταῖς
3376 5433 3634 5505 μάνδραις
3672 5430 3835 5483 αὑτοῦ
3864 5470 3881 5493 ,
3952 5430 4009 5480 ὲν

2441 5539 2561 5597 ταῖς
2604 5531 2944 5602 Ἐκκλησίαις
2975 5528 3067 5581 καὶ
3109 5529 3223 5589 ταῖς
3254 5526 3359 5579 τῶν
3396 5522 3553 5593 ἱερῶν
3579 5518 3804 5590 Γραφῶν
3852 5534 4010 5569 πνευ-

2448 5626 2702 5696 ματικαῖς
2730 5623 2921 5692 νομαῖς
2946 5637 3031 5673 ποι
3041 5620 3286 5689 μαίνεται
3310 5635 3323 5667 τ
3360 5616 3471 5671 ἀλλ’
3503 5617 3561 5667 ὲν
3590 5609 3766 5683 ῥάϐδῳ
3794 5611 4009 5683 σιδηρᾷ,

2583 5760 2626 5825 ⁸·
2664 5756 2809 5814 Psal.
2842 5769 2973 5809 mn
2996 5795 3009 5820 ,
3046 5755 3097 5810 5.

852 5904 931 5978 (I)
956 5902 1142 5975 Αὐτῆ.
1189 5920 1296 5963 an.
1329 5908 1635 5983 Legendum
1662 5917 1818 5986 αὐτή,
1850 5930 2041 5985 nempe
2069 5915 2099 5986 ἡ
2127 5916 2216 5969 ἐπὶ
2244 5916 2325 5985 ﬁt

2425 5913 2707 5985 εκκλησία.
2743 5911 2898 5969 Eutr.
