4262 6406
291 489 354 544 89
1366 496 1869 555 COMMENTARIA
1910 497 1975 552 IN
2013 498 2353 560 PSALMOS.
3430 519 3502 574 ρο

291 605 356 658 δι’
380 601 449 677 ἧς
478 607 782 680 συντρίψειν
814 611 1027 676 αὐτοὺς,
1061 615 1154 667 καὶ
1178 615 1239 667 τὸ
1262 617 1343 688 οίη
1354 634 1428 687 μα
1452 619 1630 672 αὐτῶν
1659 621 1848 674 κατεά-

1892 635 1929 691 Α
1958 632 2312 697 et‘tan‘quam.
2360 642 2457 683 vas
2489 627 2635 700 ﬁguli
2661 603 2941 686 conterere
2980 630 3094 700 ipse
3135 632 3355 690 dicitur.
3397 633 3520 687 νίν-

292 698 586 773 ξειν-δίκην
629 703 849 770 ἀγγείου
895 703 1214 776 ὀστρακίνου
1245 709 1478 777 λέγεται.
1551 711 1770 766 Ῥάϐδον
1799 712 1855 764 δὲ

295 789 518 860 σιδηρᾶν
551 791 652 864 τὴν
696 794 981 864 Ῥωμαίων
1009 798 1181 870 ἀρχὴν
1207 796 1345 852 εἶναι
1381 817 1543 871 φησιν
1565 843 1580 865 ,
1628 803 1855 874 ἐπικρα-

291 880 549 951 τεστέραν
571 884 863 956 γενομένην
901 888 1035 956 μετά
1055 889 1154 958 τὴν
1177 889 1268 941 τοῦ
1291 890 1538 961 Σωτῆρος
1562 895 1594 963 ἠ
1603 894 1714 964 μῶν
1739 895 1856 946 ἑπι-

294 972 536 1038 φάνειαν.
602 973 688 1040 Ἐξ
711 976 917 1029 ἐκείνου
951 978 1062 1046 γάρ
1090 978 1198 1031 τῶν
1223 981 1340 1032 κατ’
1365 979 1488 1052 ἔθνη
1515 983 1855 1054 πολυαρχιῶν

294 1061 386 1114 καὶ
435 1061 544 1116 τῶν
594 1066 733 1118 κατά
770 1066 952 1139 χώρας
989 1069 1287 1140 ἐθναρχιῶν
1324 1072 1726 1127 καταλυθεισῶν
1751 1116 1767 1140 ,
1821 1079 1854 1147 ή

304 1151 586 1223 Ῥωμαίων
612 1157 946 1230 ἐμονάρχησε
979 1158 1242 1228 βασιλεία,
1270 1161 1335 1230 ἢν
1374 1163 1467 1216 καὶ
1489 1164 1521 1234 ή
1541 1165 1634 1216 τοῦ
1660 1166 1874 1237 Δανιὴλκ

293 1246 594 1316 προφητεία
630 1247 852 1320 σιδηρᾶν
885 1252 1180 1322 προσεῖπεν
1211 1292 1226 1316 ,
1260 1254 1352 1304 ἐπὶ
1393 1253 1490 1322 μὲν
1521 1255 1619 1324 τῆς
1651 1255 1856 1320 εἰκόνος

269 1338 538 1408 φήσασα·
561 1340 618 1391 αί
649 1339 861 1410 κνῆμαι
883 1343 972 1394 καὶ
999 1343 1046 1393 οἱ
1078 1343 1234 1406 πόδες
1263 1345 1503 1416 σιδηροῖ,
1535 1347 1628 1399 καὶ
1655 1349 1754 1418 τὴν
1774 1351 1856 1420 ἐρ-

293 1430 514 1500 μηνείαν
556 1432 818 1504 ἐκθεμένη
843 1432 930 1486 διὰ
953 1432 1046 1485 τοῦ
1072 1435 1234 1500 φάναι
1256 1452 1268 1465 ·
1296 1439 1580 1492 Βασιλεία
1606 1437 1853 1507 τετάρτη

289 1525 454 1578 ἔσται
469 1525 774 1594 ἱσχυρὰώς
787 1528 818 1578 ό
826 1524 1088 1592 σίδηρος·
1109 1526 1179 1578 ὃν
1191 1531 1409 1594 τρόπον
1423 1529 1528 1596 γὰρ
1542 1533 1574 1582 ὀ
1589 1529 1852 1597 σίδηρος,

287 1617 566 1672 λεπτυνεῑ
583 1617 678 1671 καὶ
703 1615 981 1685 δαμάσει·
1019 1618 1108 1670 ἐπὶ
1129 1617 1185 1670 δὲ
1209 1618 1309 1686 τῆς
1331 1618 1570 1687 ὁράσεως
1603 1619 1694 1671 τοῦ
1723 1637 1855 1690 προ-

287 1709 452 1779 φήτου
474 1720 486 1732 ’
521 1708 629 1762 Καὶ
661 1705 791 1760 ὶδοὺ
809 1747 823 1770 ,
860 1707 1020 1776 φησὶν
1039 1748 1053 1771 ,
1104 1707 1244 1768 ζῶον
1274 1707 1554 1775 τέταρτον
1580 1710 1850 1778 φοϐερὸν,

287 1797 381 1851 καί
412 1801 468 1851 οἱ
496 1796 740 1863 ὀδόντες
764 1797 947 1852 αὐτοῦ
973 1798 1233 1867 σιδηροῖ,
1267 1800 1474 1855 ἐσθίον
1503 1802 1601 1855 καὶ
1639 1805 1854 1857 λεπτύ-

287 1907 392 1943 νον
406 1929 421 1954 ,
443 1888 629 1943 καὶτὰ
649 1889 931 1945 ἐπίλοιπα
955 1890 1076 1956 τοῖς
1097 1892 1280 1945 ποσίν·
1299 1893 1483 1948 αὑτοῦ
1506 1879 1847 1948 avi-sarciret.

1958 728 2081 782 gam
2129 726 2309 771 autem
2359 716 2590 773 ferream
2635 716 2942 774 Romanum
2999 719 3284 790 imperium
3338 731 3514 785 vocat,

1956 807 2100 874 quod
2123 809 2426 863 secundum
2455 808 2761 864 Salvatoris
2790 811 2964 866 nostri
2995 810 3289 866 adventum
3322 821 3516 882 poten-

1957 899 2064 952 tius
2094 899 2286 955 evasit.
2332 899 2469 955 Nam
2515 919 2638 958 cum
2669 905 2863 973 exinde
2907 903 3063 958 multi
3100 903 3345 974 variique
3387 921 3518 974 gen-

1956 989 2092 1044 tium
2122 991 2482 1061 principatus,
2505 1003 2558 1050 et
2580 1005 2676 1066 per
2705 997 2950 1051 diversas
2978 995 3224 1065 regiones
3266 995 3514 1050 domina-

1955 1086 2042 1134 tus
2070 1080 2362 1135 multorum
2395 1083 2636 1154 abrogati
2672 1085 2801 1148 sint,
2821 1101 2987 1138 unum
3017 1084 3379 1139 Romanorum
3413 1086 3514 1138 im-

1957 1171 2162 1240 perium
2195 1172 2448 1235 obtinuit,
2471 1174 2613 1244 quod
2638 1176 2690 1229 in
2713 1175 2946 1230 Danielis
2973 1177 3254 1246 prephetia
3281 1176 3509 1231 ferreum

1955 1272 2210 1318 vocatur:
2238 1280 2363 1319 nam
2414 1266 2485 1320 ibi
2523 1267 2590 1320 de
2620 1273 2797 1321 statua
2831 1267 3050 1330 dicitur,
3084 1268 3230 1322 tibia
3257 1277 3309 1321 et
3349 1268 3511 1338 pedes

1955 1355 2072 1424 ejus
2106 1355 2298 1412 ferrei:
2329 1357 2555 1427 ejusque
2590 1359 2666 1412 rei
2703 1358 3198 1427 interpretationem
3242 1359 3396 1412 aﬁ'ert
3428 1359 3511 1414 his

1892 1503 1894 1505 ,
1954 1447 2168 1503 verbis:
2217 1438 2458 1517 Regnum.
2486 1460 2732 1519 quartum
2762 1452 3034 1505 robustum
3093 1451 3190 1504 erit
3215 1452 3350 1504 sicut
3399 1451 3506 1518 fer-

1955 1555 2104 1593 rum:
2139 1539 2573 1608 quemadmodum
2593 1544 2730 1595 enim
2757 1542 2975 1610 ferrum,
3004 1543 3316 1596 comminuet
3343 1551 3393 1596 et
3415 1542 3512 1596 do-

1954 1627 2115 1681 mabit
2132 1629 2180 1660 ι·
2223 1627 2503 1698 Perpende
2530 1631 2680 1694 mihi,
2698 1647 2900 1700 quaeso.
2920 1633 3195 1700 prepbetm
3210 1632 3468 1685 visionem
3493 1650 3504 1686 :

1929 1715 2022 1794 .Et
2051 1733 2184 1778 ecce,
2220 1717 2413 1786 inquit,
2442 1718 2604 1772 bestia
2628 1730 2819 1788 quarta
2855 1720 3127 1784 terribilis,
3154 1721 3304 1791 cujus
3333 1719 3507 1774 dentes

1952 1809 2131 1878 ferrei,
2157 1810 2427 1864 comedens
2471 1821 2624 1880 atque
2649 1815 3029 1876 comminuens,
3054 1823 3103 1868 et
3131 1815 3332 1883 reliqua
3363 1813 3508 1882 pedi-

1915 1945 1919 1948 λ
1955 1899 2048 1953 bus
2090 1902 2200 1955 suis
2249 1901 2674 1958 conculcabat“.
2729 1901 2839 1957 Hoc
2873 1903 3056 1973 itaque
3089 1919 3312 1973 regnum
3360 1905 3510 1958 bisce

285 1979 499 2066 Ταύτην
530 1981 706 2034 τοίνυν
737 1982 830 2034 καὶ
851 1982 951 2034 ἐπὶ
976 1981 1069 2034 τοῦ
1110 1983 1372 2054 παρόντος
1423 1983 1711 2054 δηλοῦσθαι
1738 1987 1841 2054 φά-

1892 1983 1919 2042 Β
1950 1992 2129 2046 verbis
2151 1992 2442 2063 signiﬁcari
2485 1994 2756 2050 creditur:
2788 1994 2984 2049 Pasce:
3011 2012 3097 2050 eos
3128 1997 3180 2049 in
3211 1997 3355 2066 virga
3399 1996 3506 2066 [er-

287 2061 502 2135 σκοντος
521 2070 679 2142 λόγου
698 2090 712 2105 ·
730 2073 1039 2142 Ποιμανεῖς
1055 2072 1272 2139 αὐτοὺς
1301 2075 1368 2127 ἐν
1383 2073 1580 2142 ῥάϐδῳ
1612 2075 1846 2145 σιδηρᾷ,

284 2163 362 2230 ὡς
384 2165 575 2231 σκεύη
601 2165 900 2234 κεραμέως
935 2166 1286 2233 συντρίψας
1317 2167 1556 2234 αὐτούς.
1613 2168 1850 2240 Δυνάμει

285 2254 390 2324 γὰρ
421 2255 619 2324 ἀφανεῖ
646 2260 740 2310 καὶ
764 2256 979 2326 ἀοράτῳ
1005 2255 1154 2327 παρά
1177 2255 1268 2308 τοῦ
1291 2257 1501 2328 Πατρδς
1523 2259 1721 2329 κλῆρον
1746 2248 1850 2314 πά-

287 2345 534 2418 ραλαδὼν
593 2347 662 2401 τὰ
694 2347 814 2401 καθ’
850 2348 974 2417 ὅλης
1024 2348 1119 2419 τῆς
1155 2349 1473 2423 οἰκουμένης
1504 2350 1629 2421 ἔθνη
1661 2355 1689 2404 ὁ
1719 2353 1852 2423 Χρι-

286 2441 406 2506 στὸς
432 2481 446 2505 ,
515 2441 643 2504 τοὺς
681 2441 777 2512 μὲν
815 2440 1189 2509 ἐπεγνωκότας
1230 2420 1431 2504 αὑτὸν,
1489 2443 1582 2496 καὶ
1614 2420 1717 2496 ῦπὸ
1751 2420 1849 2515 τὴν

283 2531 445 2585 αὑτοῦ
475 2531 714 2604 μάνδραν
755 2531 1078 2601 γενομένους
1103 2535 1354 2602 ποιμανεῖ
1393 2533 1625 2602 εἰσάγων
1653 2537 1746 2588 καὶ
1766 2535 1851 2602 ἐξ-

285 2624 427 2692 άγων
442 2625 520 2686 είς
533 2623 741 2691 ἀγαθὰς
754 2621 940 2694 νομὰς,
959 2621 1096 2675 ὥστε
1125 2623 1300 2692 λέγειν
1320 2624 1415 2694 τὴν
1430 2625 1592 2679 αὐτοῦ
1621 2627 1850 2697 ποίμνην

283 2715 492 2786 (λογικὴ
522 2718 629 2788 γὰρ
652 2713 762 2788 ἦν)·
791 2720 1304 2790 Κύριοςποιμαίνει
1328 2741 1424 2792 με,
1453 2725 1552 2777 καί
1575 2725 1752 2779 οὐδέν
1774 2743 1850 2794 με

281 2809 623 2875 ὐστερὴσει.
685 2812 785 2875 Εἰς
817 2812 1000 2863 τόπον
1019 2813 1206 2880 χλόης
1231 2813 1354 2868 ἐκεῖ
1371 2832 1447 2883 με
1476 2816 1850 2882 κατεσκήνω-

283 2915 393 2954 σεν
415 2915 429 2930 ·
470 2898 570 2952 ἐπὶ
600 2899 816 2966 ὕδατος
845 2902 1237 2964 ἀναπαύσεως
1265 2898 1548 2973 ἐξέθρεψέ
1594 2923 1702 2976 με,
1737 2906 1849 2976 τὴν

285 2991 497 3062 ψυχήν
545 3009 664 3062 μου
710 2993 1075 3063 ἐπέστρεψε·
1112 2997 1236 3060 τοὺς
1267 2996 1324 3048 δὲ
1353 2997 1691 3067 ἀφηνιῶντας
1742 2998 1849 3051 τῶν

283 3084 452 3138 ἐθνῶν
486 3085 578 3138 καὶ
608 3087 1100 3159 κατεπαιρομένους
1130 3087 1236 3140 τῶν
1268 3087 1430 3142 αὐτοῦ
1465 3089 1746 3160 προϐάτων
1780 3092 1846 3160 τῇ

287 3173 464 3248 ῥάϐδῳ
501 3180 566 3248 τῇ
619 3179 810 3251 σιδηρᾷ
859 3180 1251 3234 καθυποτάττει
1294 3180 1546 3252 δαμάζων
1595 3181 1687 3234 καὶ
1725 3199 1848 3235 συν-

285 3269 483 3338 τρίϐων
511 3270 599 3324 διὰ
649 3272 746 3344 τῆς
787 3273 1096 3344 Ῥωμαῖκῆς
1122 3273 1455 3335 δυναστείας.
1538 3272 1691 3328 Οὕτω
1720 3274 1848 3343 γοῦν

285 3361 570 3431 συμϐαίνει
594 3364 700 3417 τῶν
732 3365 1018 3435 ἀπλήστων
1049 3364 1214 3417 ἐθνῶν
1240 3365 1364 3428 τοὺς
1392 3365 1595 3436 θυμοὺς
1623 3367 1716 3420 καὶ
1751 3367 1848 3431 τὰς

284 3451 457 3522 ὁρμάς
509 3453 609 3517 τὰς
643 3454 796 3516 ,κατά
848 3456 945 3524 τῆς
989 3453 1312 3523 Ἐκκλησίας
1359 3456 1450 3508 τοῦ
1479 3455 1613 3509 Θεοῦ
1636 3456 1722 3510 διά
1747 3459 1844 3529 τῆς

295 3541 607 3611 Ῥωμαῖκῆς
639 3543 864 3613 ἀπειλῆς
915 3542 1343 3612 ἀνακρούεσθαι,
1401 3547 1499 3599 οὑκ
1531 3546 1597 3600 ἂν
1627 3549 1844 3618 ἐπιτρε-

283 3631 498 3701 ψάντων
532 3632 639 3686 τῶν
673 3635 812 3687 κατά
841 3633 1022 3696 πόλεις
1044 3634 1320 3706 ἀρχόντων
1341 3652 1398 3687 τε
1429 3635 1521 3689 καὶ
1553 3636 1756 3707 δήμων,
1788 3640 1846 3692 ἐν

288 3723 471 3795 μέσοις
515 3725 692 3779 αὐτῶν
741 3726 998 3796 συστῆναι
1039 3725 1133 3780 τοῦ
1187 3727 1422 3798 Χριστοῦ
1479 3725 1842 3790 διδασκαλίαν,

284 3817 683 3891 ἀνατρεπτικὴν
701 3819 810 3890 ’τῆς
836 3818 1091 3872 πολυθέου
1125 3819 1332 3890 πλάνης
1353 3819 1529 3872 αὐτῶν
1554 3819 1845 3888 τυγχάνου-

182 3963 186 3965 .
289 3925 405 3972 σαν,
433 3910 483 3962 εί
515 3914 587 3981 μὴ
625 3912 650 3963 ό
693 3908 1000 3981 Ῥωμαϊκὸς
1021 3912 1200 3974 αὐτοῖς
1232 3906 1299 3981 ἦν
1344 3908 1715 3980 ὲπηρτημένος
1756 3907 1848 3976 φό-

290 4002 398 4064 ϐος,
425 4001 520 4054 καὶ
544 4001 611 4054 τά
641 4002 989 4072 συντρίϐοντα
1017 4003 1212 4065 αὐτοὺς
1239 4001 1331 4054 καὶ
1363 4001 1436 4072 μὴ
1472 4001 1644 4054 ἐῶντα
1679 4017 1846 4067 κεφα-

289 4091 384 4162 λὴν
413 4091 616 4161 ἐπᾶραι
644 4091 991 4162 διατάγματα
1011 4093 1134 4156 τοὺς
1168 4093 1368 4162 θυμοὺς
1398 4091 1574 4146 αὐτῶν
1600 4091 1844 4161 ὲχαλίνου

288 4181 380 4234 καὶ
404 4179 706 4251 συνέτριϐε.
734 4182 844 4233 Καὶ
864 4181 995 4254 ἄλλῃ
1028 4181 1084 4234 δέ
1111 4181 1265 4252 θεῖκῇς
1300 4183 1392 4234 καὶ
1434 4183 1726 4254 ἀπορρήτῳ
1757 4183 1857 4234 δυ-“

224 4286 227 4292 ’
286 4271 443 4342 νάμει
476 4272 504 4323 ὁ
529 4270 760 4342 Χριστὸς
792 4269 859 4324 τὰ
885 4272 982 4340 μὲν
1015 4271 1178 4324 αὑτοῦ
1205 4270 1448 4340 πρόϐατα
1479 4272 1696 4342 ἡμέρως
1731 4290 1848 4325 ποι-

291 4363 490 4434 μαίνει,
528 4360 792 4432 μηδέποτε
825 4362 1118 4434 ἀναχωρῶν
1150 4364 1242 4415 ἀπ’
1276 4361 1470 4422 αὐτῶν,
1506 4363 1624 4416 καθ’
1653 4365 1717 4435 ἢν
1748 4381 1848 4417 πε-

288 4455 507 4524 ποίηται
547 4451 873 4520 ἐπαγγελίαν
924 4456 1130 4524 φήσας·
1175 4456 1356 4506 Ὅπου
1410 4451 1485 4506 ἂν
1523 4450 1645 4507 εἷεν
1669 4454 1776 4509 δύο
1807 4455 1846 4524 ἣ

287 4543 442 4612 τρεῖς
467 4541 830 4612 συνηγμένοι
854 4542 923 4595 ἐν
947 4543 1027 4608 τῷ
1053 4545 1295 4619 ὀνόματί
1318 4561 1457 4612 μου,
1496 4542 1624 4597 ἐκεῖ
1639 4547 1753 4614 ειμι
1779 4545 1850 4599 ὲν

286 4634 449 4704 μέσῳ
477 4634 675 4689 αὐτῶν
693 4651 708 4664 ·
734 4633 830 4688 καὶ
858 4634 1014 4687 πάλιν
1036 4651 1049 4663 ·
1089 4635 1230 4688 Ἰδοὺ
1259 4634 1372 4704 ἐγὼ
1387 4636 1515 4703 μεθ’
1544 4633 1709 4702 ὑμῶν
1732 4639 1848 4705 ειμι

1958 2100 2065 2149 rea,
2094 2094 2341 2154 tanquam
2381 2102 2503 2138 vasa
2535 2087 2683 2156 ﬁguli
2723 2088 3017 2159 confringes
3046 2104 3155 2143 eos.
3195 2089 3328 2143 Cum
3362 2089 3505 2142 enim

1951 2175 2152 2230 latente
2201 2184 2363 2245 atque
2407 2177 2662 2230 invisibili
2691 2188 2956 2248 potestate
2985 2179 3236 2236 Christus
3270 2195 3300 2234 a
3349 2177 3509 2235 Patre

1949 2265 2213 2320 universae
2235 2274 2392 2320 terra:
2423 2266 2649 2335 populos
2670 2267 2734 2323 fin
2763 2269 3131 2325 haereditatem
3169 2270 3506 2339 accepisset;

1951 2353 2073 2408 illos
2103 2355 2322 2424 quidem
2371 2354 2462 2426 qui
2505 2372 2562 2410 se
2599 2354 2884 2422 noverunt,
2917 2366 2969 2412 et
3005 2352 3212 2413 in’oviii
3245 2375 3344 2414 suo
3373 2376 3505 2414 eon-

1951 2445 2171 2510 sistunt,
2219 2447 2416 2514 pascit,
2467 2445 2520 2498 in
2554 2461 2757 2515 pascua
2786 2447 2927 2501 bona
2972 2448 3209 2504 educens
3245 2464 3309 2502 ac
3344 2451 3507 2504 redu-

1949 2551 2116 2604 cens;
2157 2539 2228 2591 ita
2257 2549 2313 2592 ut
2341 2539 2459 2607 ejus
2489 2539 2649 2604 ovile,
2687 2547 2871 2608 utpote
2898 2541 3238 2601 rationabile,
3277 2541 3388 2596 haec
3420 2543 3502 2594 lo-

1951 2635 2184 2698 quatur:
2218 2628 2476 2683 Dominus
2504 2633 2673 2698 pascit
2721 2648 2820 2694 me,
2847 2641 2896 2686 et
2933 2632 3064 2686 nihil
3087 2633 3214 2686 mihi
3243 2632 3426 2694 deerit,
3453 2635 3506 2688 in

1951 2720 2061 2772 loco
2082 2735 2292 2787 pascam
2317 2719 2388 2771 ibi
2419 2736 2500 2772 me
2538 2721 2832 2776 collocauit.
2880 2723 3048 2792 Super
3087 2741 3278 2794 aquam
3316 2727 3504 2796 quietis

1949 2809 2186 2862 educavit
2215 2826 2314 2870 me,
2360 2811 2592 2862 animam
2632 2828 2798 2865 meam
2829 2815 3166 2869 convertit“.
3222 2817 3295 2871 Ex
3330 2821 3507 2888 genti-

1949 2901 2052 2956 bus
2101 2916 2266 2971 porro
2295 2918 2390 2957 eos
2417 2905 2507 2974 qui
2537 2919 2660 2958 cum
2699 2907 2899 2975 impetu
2936 2904 3206 2971 feruntur,
3233 2915 3288 2962 et
3311 2909 3506 2964 adven

1950 3007 2068 3046 sum
2132 2991 2252 3061 ejus
2288 3008 2418 3048 oves
2453 2996 2764 3064 insurgunt,
2803 2995 2971 3065 virga:
3019 2994 3209 3050 ferreae
3260 2990 3506 3065 subjiclt,

1949 3099 2044 3154 per
2060 3081 2359 3138 Romanam
2380 3094 2698 3155 potestatem
2717 3086 2944 3142 domans
2957 3094 3118 3157 atque
3137 3095 3398 3144 atterens.
3419 3087 3498 3142 ita

1950 3176 2155 3230 scilicet
2175 3177 2440 3248 contingit
2466 3179 2797 3238 insatiabiles
2823 3179 3061 3248 gentium
3107 3180 3321 3233 animos
3346 3187 3508 3249 atque

1951 3258 2185 3338 impetus
2207 3269 2467 3323 adversus
2487 3269 2784 3326 Ecclesiam
2806 3269 2921 3333 Dei,
2944 3285 3040 3338 per
3065 3271 3211 3326 solas
3230 3269 3504 3325 Romano-

1953 3374 2073 3411 rum
2107 3360 2284 3414 minas
2320 3362 2644 3429 propulsari.
2682 3359 2868 3428 Neque
2895 3362 3038 3416 enim
3071 3363 3345 3432 principes
3374 3363 3509 3416 civi-

1957 3457 2132 3503 tatum
2193 3465 2257 3504 ac
2308 3454 2676 3520 populorum,
2731 3451 2934 3506 Christi
2990 3451 3293 3505 doctrinam
3326 3493 3341 3518 ,
3397 3467 3505 3521 qua

1947 3555 2136 3595 eorum
2185 3540 2251 3593 de
2297 3542 2455 3594 turba
2488 3543 2772 3595 numinum
2802 3557 2956 3596 error
2985 3547 3266 3609 evertitur,
3297 3545 3352 3597 in
3387 3560 3503 3599 me-

1947 3628 2038 3681 dio
2072 3628 2158 3704 sui
2204 3630 2505 3683 consistere
2538 3629 2819 3693 sinerent,
2869 3630 2975 3682 nisi
3019 3629 3335 3684 imminente
3370 3630 3506 3700 ipsis

1948 3715 2314 3772 Romanorum
2363 3727 2546 3782 metu,
2596 3734 2658 3773 ac
2707 3718 2810 3774 nisi
2846 3719 3033 3787 jussu,
3076 3719 3280 3789 quibus
3310 3728 3501 3775 conte-

1947 3817 2162 3871 runtur,
2210 3817 2270 3863 ut
2315 3826 2492 3879 neque
2536 3811 2838 3865 concedant
2887 3811 3025 3880 ipsis
3066 3812 3149 3865 vel
3192 3823 3355 3882 caput
3396 3812 3504 3866 eri.-

1946 3914 2108 3969 gcre,
2150 3901 2359 3956 animos
2389 3916 2578 3956 eorum
2613 3899 2850 3956 frenaret
2896 3913 3058 3972 atque
3103 3903 3504 3972 comprimeret.

1948 3991 2065 4044 Alia
2118 4007 2335 4062 quoque
2384 3993 2570 4048 divina
2633 4007 2696 4047 ac
2743 4003 2953 4050 secreta
3002 3994 3204 4049 virtute
3255 3994 3506 4048 Christus

1949 4097 2076 4137 oves
2118 4099 2247 4139 suas
2281 4084 2475 4139 leniter
2518 4085 2726 4156 pascit,
2775 4101 3054 4156 nunquam
3095 4087 3162 4139 ab
3190 4085 3332 4154 ipsis
3354 4100 3506 4138 rei-e-

1948 4178 2082 4234 dens
2113 4177 2413 4233 secundum
2450 4179 2869 4248 promissionem
2898 4195 3006 4250 qua
3037 4195 3096 4235 se
3125 4178 3385 4248 obligavit
3418 4179 3504 4230 his

1950 4270 2128 4326 verbis
2162 4289 2174 4324 :
2224 4269 2323 4323 Ubi
2359 4271 2463 4324 duo
2497 4271 2574 4325 vel
2612 4281 2714 4325 tres
2751 4271 3051 4340 congregati
3084 4270 3286 4336 fuerint
3319 4269 3370 4320 in
3411 4285 3504 4321 no-

1947 4359 2085 4412 mine
2109 4375 2219 4413 meo
2238 4397 2251 4422 ,
2287 4357 2395 4411 illic
2420 4375 2536 4411 sum
2564 4358 2618 4412 in
2642 4358 2810 4414 medio
2837 4372 3015 4413 eorum
3047 4357 3089 4388 ⁸⁷
3114 4371 3130 4418 ;
3161 4363 3214 4409 et
3243 4357 3457 4407 rursum
3487 4373 3499 4407 :

1949 4447 2084 4503 Ecce
2124 4466 2215 4518 ego
2261 4448 2519 4504 vobiscum
2563 4465 2678 4504 sum
2721 4445 2959 4502 omnibus
3006 4445 3188 4500 diebus
3229 4460 3389 4514 usque
3431 4444 3502 4496 ad

1950 4539 2679 4596 consumntationemsscculi
2713 4538 2778 4592 ¹¹⁵.
2811 4533 2918 4593 Eos
2957 4544 3133 4591 autem
3179 4537 3273 4610 qui
3315 4545 3503 4589 contra

1952 4630 2096 4684 ovile
2126 4645 2285 4684 suum
2317 4629 2485 4683 variis
2513 4625 2848 4706 temporibus
2879 4626 3196 4697 insurgunt,
3235 4625 3350 4694 ipse
3381 4639 3506 4677 rur-

287 4725 489 4795 πάσας
508 4725 613 4791 τὰς
627 4725 848 4794 ἡμέρας
869 4724 976 4789 ἕως
999 4722 1108 4791 τῆς
1127 4726 1475 4789 συντελείας
1491 4722 1596 4776 τοῦ
1614 4723 1843 4791 αἰῶνος·

1892 4749 1923 4802 D
1954 4738 2074 4776 sum
2105 4722 2310 4776 latente
2338 4722 2500 4789 atque
2529 4719 2786 4774 invisibili
2814 4716 3314 4789 potestateinvadit
3342 4724 3505 4784 atque

285 4820 412 4883 τοὺς
434 4819 479 4872 δ’
508 4809 964 4889 ἐπανισταμένους
993 4816 1156 4868 αὑτοῦ
1182 4819 1247 4888 τῇ
1270 4816 1358 4870 ποί
1365 4831 1470 4888 μνῃ
1497 4816 1554 4866 ἐν
1576 4817 1686 4877 τοῖς
1710 4816 1848 4868 κατά

1943 4815 2188 4883 [castigat
2235 4811 2290 4864 in
2316 4811 2491 4879 .virga
2541 4808 2749 4875 ferrea,
2809 4811 2922 4864 imo
2970 4805 3132 4864 etiam
3189 4805 3500 4877 superbiam

289 4913 510 4986 χρόνους
537 4912 793 4982 διωγμοῖς
819 4909 977 4963 πάλιν
1007 4909 1172 4972 αὐτὸς
1200 4910 1516 4980 μετέρχεται
1539 4909 1732 4974 ἀφανεῖ
1753 4907 1846 4961 καὶ

290 5000 505 5074 ἀοράτῳ
522 5001 747 5072 δυνάμει
777 4999 1016 5062 κολάζων
1046 4999 1102 5051 ὲν
1133 4999 1311 5069 ράὅδῳ
1345 4999 1554 5069 σιδηρᾷ,
1592 4996 1723 5050 ἀλλά
1755 4997 1851 5049 καὶ

287 5095 386 5165 τὴν
412 5095 786 5166 ὑπερηφανίαν
813 5091 988 5147 αὐτῶν
1027 5092 1120 5145 καὶ
1150 5091 1209 5144 τὸ
1253 5091 1474 5161 ἔπαρμα
1515 5089 1611 5159 τῆς
1650 5085 1848 5152 ἀλαζο-

290 5188 436 5249 νείας
468 5188 543 5249 ὡς
567 5187 734 5258 σκεύη
764 5187 1001 5258 κεράμια
1037 5183 1306 5254 συντρίϐει
1329 5202 1340 5211 ·
1363 5185 1446 5246 -ὠς
1484 5183 1581 5252 ἤδη
1622 5182 1846 5251 μυρίους

293 5276 469 5331 αὐτῶν
500 5278 613 5330 ὑπὸ,
631 5277 737 5329 τῶν
761 5277 1028 5347 θεηλάτων
1057 5274 1216 5327 αὐτοῦ
1246 5273 1520 5342 μαστίγων
1559 5272 1848 5342 ἐλαυνομέ-⁹

293 5387 415 5432 νους
435 5368 614 5422 δοῦναι
630 5367 796 5433 ’δόξαν
817 5365 894 5436 τῷ
913 5365 1031 5436 Θεῴ
1053 5406 1067 5430 ,
1098 5365 1192 5419 καὶ
1235 5361 1727 5433 ἐξομολογήσασθαι
1752 5362 1850 5426 τὰς

295 5457 604 5521 δυσσεϐείας
645 5456 838 5510 αὐτῶν.
887 5457 978 5523 Ὡς
1027 5455 1214 5521 σκεύη
1261 5453 1553 5521 κεραμέως
1610 5453 1852 5519 συντρί-

295 5554 430 5618 iii-arg-
453 5548 671 5612 αὐτούς
689 5563 702 5577 ·
736 5546 834 5616 οὐχ
863 5545 1002 5597 ὥστε
1029 5543 1286 5596 ἀπολέσαι
1309 5541 1401 5595 καὶ
1430 5539 1697 5592 ἀναλῶσαι
1728 5556 1852 5593 συν-

297 5641 487 5711 τρίϐει,
523 5639 633 5693 ἀλλ’
664 5637 798 5691 ὥστε
831 5634 1164 5690 ἀναπλάσαι·
1213 5633 1348 5704 πρὸς
1386 5633 1543 5686 τοῦτο
1590 5632 1696 5702 γὰρ
1726 5649 1852 5684 σκο-

300 5734 397 5796 πὸς
416 5734 494 5806 τῷ
521 5733 752 5806 κεραμεῖ
773 5727 1070 5799 συντρίϐειν
1095 5725 1162 5793 τά
1205 5727 1375 5778 οἰκεῖα
1400 5723 1563 5793 σκεύη
1582 5764 1596 5787 ,
1620 5724 1745 5776 ὃταν
1775 5721 1852 5774 ἔτι

1956 4917 2144 4957 eorum
2191 4900 2589 4971 elationemque
2644 4901 2996 4972 arrogantiae,
3059 4907 3316 4966 tanquam
3377 4911 3502 4948 vasa

1951 4998 2189 5046 testacea
2221 4989 2550 5062 confringit;
2595 4992 2667 5047 ita
2701 4999 2761 5046 ut
2791 4990 2904 5068 jam
2949 4987 3146 5043 inﬁniti
3193 5001 3382 5044 eorum
3431 4988 3511 5042 ob-

1953 5083 2222 5138 divinitus
2279 5082 2524 5140 immissa
2561 5083 2640 5138 ab
2692 5075 2812 5152 ipso
2860 5079 3069 5150 ﬂagella
3124 5077 3381 5136 commoti
3440 5093 3506 5132 ac

1950 5175 2226 5246 perculsi,
2278 5175 2504 5245 gloriam
2556 5173 2667 5229 Deo
2714 5172 2992 5241 referant,
3042 5181 3096 5229 et
3143 5171 3505 5226 conﬁteantur

1949 5268 2253 5339 impietates
2303 5284 2456 5331 suas,
2505 5267 2778 5335 Tanquam
2826 5283 2958 5322 casa
3004 5266 3153 5337 ﬁguli
3205 5263 3502 5334 confringet

1953 5377 2044 5415 eos
2074 5375 2091 5414 :
2117 5360 2216 5430 qui
2251 5375 2356 5414 non
2392 5356 2649 5430 perdendi
2690 5371 2754 5411 ac
2781 5355 3143 5414 consumendi
3175 5368 3343 5408 causa
3371 5369 3504 5407 con-

1951 5452 2114 5516 terit,
2145 5451 2242 5506 sed
2270 5447 2626 5505 reformandi.
2660 5447 2762 5504 Hic
2789 5458 2874 5504 est
2899 5450 3042 5504 enim
3076 5444 3224 5514 ﬁguli
3260 5458 3496 5514 scapus-

1951 5557 2074 5597 cum
2118 5557 2250 5596 vasa
2295 5541 2510 5612 propria
2553 5537 3083 5610 conterit,.quando
3112 5536 3323 5592 scilicet
3362 5536 3502 5589 inte.

1949 5647 2107 5702 gram.
2143 5633 2322 5687 adhuc
2363 5642 2418 5689 et
2467 5646 2652 5688 sanam
2698 5631 2979 5688 materiam
3022 5643 3177 5684 suam
3227 5643 3334 5684 non
3376 5633 3502 5680 ante

1949 5715 2059 5793 igni
2101 5723 2356 5778 traditam
2395 5715 2701 5780 conServat.
2739 5717 3212 5778 ﬂac‘testiﬁcatur
3237 5717 3502 5773 Jeremias

373 5910 415 5941 "°
454 5909 588 5966 Dari.
661 5928 722 5975 ιι,
775 5911 858 5972 40,
955 5908 996 5939 ⁸⁸
1039 5904 1170 5959 Dan.
1202 5917 1312 5969 vu,
1347 5902 1399 5957 7.
1479 5902 1518 5979 ξε
1559 5898 1704 5956 Ρειιιι
1741 5876 1848 5954 ι’χιι

1892 5943 1894 5955 ,
1929 5898 2041 5955 1-5.
2125 5899 2163 5975 ξ’
2206 5899 2392 5955 Matth.
2429 5913 2594 5964 ινιιι,
2628 5897 2717 5954 20.
2797 5897 2838 5928 ⁸⁸
2878 5893 3067 5982 Matth.
3102 5874 3307 5959 sxw",
3336 5889 3428 5946 20.
