4262 6396
262 520 333 577 93
1402 472 1899 567 communis
1942 513 2007 568 IN
2044 512 2381 569 PSALMOS.
3440 514 3512 572 at

260 657 435 731 ⁸ιβύχῇ
471 674 609 730 μου·
660 658 781 712 Οὐκ
818 654 949 711 ἐστι
990 656 1250 724 σωτηρία
1287 651 1447 719 αὐτῷ
1486 654 1557 707 ἐν
1585 652 1665 718 τῷ
1704 650 1824 731 Θεῷ
1852 666 1900 723 Α
1930 670 1943 703 t

1852 666 1900 723 Α
1930 654 2067 703 diu.
2098 662 2109 699 ί
2140 664 2332 702 (intime
2359 662 2488 721 mete
2521 660 2539 699 .'
2576 645 2698 699 Non
2734 653 2811 700 est
2835 645 2981 717 salus
3016 646 3117 714 ipsi
3150 647 3205 701 in
3224 646 3335 703 Deo
3370 650 3508 720 ejus.

260 752 469 809 αὑτοῦ.
498 751 583 806 Σὺ
621 748 709 812 δὲ,
742 749 937 817 Κύριε,
963 745 1341 815 ἀντιλήπτωρ
1380 763 1499 814 μου
1548 741 1636 811 ετ,
1680 744 1831 808 δόξα

256 860 396 913 μου,
432 839 531 896 καὶ
565 837 740 909 ὑψῶν
772 836 886 905 τὴν
928 833 1199 903 κεφαλήν
1240 852 1381 904 μου.
1429 835 1643 896 Πάντας
1700 834 1825 887 διω-

260 938 432 1008 γμοῦς
458 934 566 1007 χρὴ
589 932 895 1005 προσδοκᾷν
918 931 1043 993 τοὺς
1070 926 1366 981 κατὰΘεδν
1388 927 1486 1000 ζῇν
1509 927 1827 999 προῃρημέ-

259 1048 404 1095 νους.
444 1027 600 1082 Ἐπεὶ
629 1024 769 1079 κατὰ
794 1023 885 1076 τὸν
913 1019 1229 1075 Ἀπόστολον
1251 1036 1263 1049 ·
1293 1018 1523 1085 Πάντες
1552 1022 1605 1072 οἱ
1633 1019 1832 1073 θέλον-

259 1140 358 1189 τες
389 1116 499 1188 ζῇν
528 1114 793 1182 εὐσεϐῶς
831 1115 902 1168 ἐν
943 1111 1173 1182 Χριστῷ
1224 1111 1417 1178 Ἰησοῦ
1454 1109 1824 1181 διωχθήσον-

259 1231 373 1268 ται.
413 1211 552 1265 Ἀλλ’
574 1190 638 1264 ἐν
668 1200 802 1262 πᾶσι
836 1206 1101 1279 προσήκει
1126 1203 1195 1257 τὰ
1225 1203 1374 1257 δεινὰ
1401 1202 1683 1275 καρτερῶς
1707 1204 1833 1256 ὐπο-

264 1306 443 1380 μένειν
463 1322 477 1335 ·
537 1304 661 1357 ἐπεὶ
703 1300 838 1373 μηδὲ
882 1299 1017 1370 πρὸς
1060 1298 1241 1368 ὀλίγον
1266 1297 1412 1350 ἐστὶν
1438 1298 1566 1368 ἡμῖν
1597 1298 1625 1348 ὁ
1656 1294 1825 1363 ἀγὼν,

264 1397 395 1471 μηδὲ
425 1396 563 1470 πρὸς
593 1394 848 1467 μικροὺς,
894 1390 1030 1445 ἀλλὰ
1074 1388 1211 1461 πρὸς
1250 1387 1500 1451 πλείονας
1526 1388 1620 1441 καὶ
1656 1384 1826 1456 μεγά-

259 1491 404 1555 λους,
458 1488 531 1541 οὑ-
558 1487 716 1560 μόνον
746 1486 871 1547 τοὺς
898 1484 954 1536 ἐν
998 1479 1339 1553 ἀνθρώποις,
1389 1478 1527 1533 ἀλλὰ
1564 1480 1657 1531 καὶ
1702 1477 1829 1540 τοὺς

259 1580 526 1656 ὰοράτους
547 1575 793 1650 ἐχθρούς.
820 1574 928 1627 Καὶ
954 1572 1096 1627 κατὰ
1127 1572 1187 1624 τὸ
1218 1572 1378 1642 ρητδν
1407 1570 1497 1634 δὲ,
1530 1568 1693 1623 Δαυῖδ
1711 1608 1726 1633 ,
1762 1570 1826 1621 ἐκ

258 1674 382 1737 νέας
411 1672 626 1745 ἡλικίας
654 1668 759 1722 ὑπὸ
794 1666 888 1720 τοῦ
932 1665 1104 1719 Σαοὺλ
1145 1662 1517 1734 πολεμηθεὶς,
1556 1662 1650 1715 καὶ
1691 1661 1828 1732 μετὰ

257 1763 430 1817 ταῦτα
452 1760 557 1815 ὑπὸ
585 1757 790 1830 μυρίων
817 1754 1010 1821 ἄλλων,
1042 1756 1136 1808 καὶ
1156 1753 1305 1817 τέλος
1328 1753 1431 1805 ὑπὸ
1456 1750 1547 1804 τοῦ
1581 1750 1697 1804 υἱοῦ
1732 1751 1831 1821 τῆς

260 1852 534 1924 βασιλείας
569 1848 920 1929 ἐλαυνόμενος
954 1848 1047 1901 καί
1094 1845 1328 1914 φεύγων,
1360 1842 1532 1897 ταῦτα
1573 1842 1714 1896 κατὰ
1737 1842 1827 1897 τὸν

258 1947 445 2019 καιρὸν
469 1943 572 2014 τῆς
605 1943 783 2014 φυγῆς
802 1940 1004 2009 ἔλεγεν.
1044 1940 1285 2011 Ἐχθρῶν
1313 1939 1371 1994 δέ
1401 1942 1516 1992 ἐστι
1560 1936 1623 1991 τὸ
1658 1937 1832 2007 ἐπεμ-

1936 742 2019 795 Τί.
2064 752 2250 808 autem,
2284 740 2526 803 Domine,
2568 749 2836 808 susceptor
2869 756 3011 794 meus
3042 757 3095 794 es
3128 757 3145 793 :
3178 743 3353 811 gloria
3398 761 3513 798 mea

1934 846 1984 887 et
2012 836 2256 887 exultans
2297 844 2456 900 caput
2498 849 2692 887 meum.
2731 831 3148 887 Persecutiones
3190 843 3512 903 exspectare

1956 958 1961 961 -
1998 964 2019 969 ς.
2049 934 2153 981 rtet
2186 941 2377 981 omnes
2414 926 2509 995 qui
2547 924 2848 980 secundum
2879 922 3047 978 Deum
3090 924 3272 979 vivere
3302 927 3511 981 consti-

1931 1019 2158 1073 tuerint.
2198 1017 2479 1087 Siquidem
2514 1025 2575 1069 ut
2602 1016 3002 1086 ait.Apostolus
3032 1035 3044 1069 :
3087 1014 3277 1071 Omnes
3307 1017 3395 1086 qui
3428 1020 3511 1085 pie

1930 1111 2110 1180 volunt
2153 1111 2316 1163 vivere
2356 1110 2411 1163 in
2452 1107 2662 1163 Christo
2698 1110 2827 1161 Jesu
2857 1108 3268 1175 persecutionem
3306 1108 3510 1174 patien-

1932 1208 2021 1251 tur
2036 1201 2103 1253 ".
2135 1196 2205 1253 Αἰ
2235 1198 2289 1253 in
2323 1199 2581 1254 omnibus
2611 1213 2710 1267 par
2739 1208 2822 1253 est
2851 1198 3037 1268 gravia
3072 1197 3290 1253 fortiter
3323 1197 3463 1252 ferre
3491 1217 3502 1251 :

1930 1291 2372 1361 quandoquidem
2416 1292 2592 1359 neque
2628 1289 2695 1343 ad
2733 1290 2897 1344 breve
2928 1296 3167 1359 tempus,
3202 1306 3379 1360 neque
3413 1289 3508 1343 ad-

1929 1394 2124 1437 versus
2150 1395 2354 1451 paucos
2384 1386 2658 1434 certamen
2692 1379 2849 1433 nobis
2875 1387 2991 1444 est;
3022 1379 3118 1434 sed
3149 1389 3341 1433 contra
3370 1382 3509 1433 mul-

1929 1478 2019 1528 tos
2046 1488 2110 1527 ac
2141 1472 2332 1534 fortes,
2368 1488 2477 1526 non
2520 1473 2697 1528 solum
2738 1472 3009 1537 homines,
3047 1472 3140 1527 sed
3171 1474 3334 1527 etiam
3371 1473 3509 1527 invi-

1930 1562 2118 1617 sibiles
2148 1561 2421 1615 inimicos.
2454 1560 2522 1614 Et
2554 1571 2610 1614 ut
2637 1562 2702 1615 ad
2726 1576 2839 1614 rem
2867 1556 3199 1631 propositam
3231 1562 3505 1623 veniatur,

1930 1653 2099 1711 David
2136 1671 2168 1709 a
2197 1656 2482 1724 iuventute
2518 1669 2615 1708 sua
2650 1670 2746 1724 per
2779 1653 3010 1723 Saulem,
3030 1656 3172 1711 bello
3201 1657 3505 1727 impetitus,

1932 1764 1994 1802 ac
2039 1747 2296 1817 deinceps
2342 1761 2372 1798 a
2421 1745 2694 1800 sexcentis
2745 1744 2890 1808 aliis,
2932 1745 3262 1815 demumque
3312 1764 3341 1801 a
3397 1747 3509 1802 ﬁlio

1930 1840 2122 1909 pulsus
2169 1854 2371 1909 regno,
2414 1848 2577 1906 atque
2619 1837 2869 1907 fugatus,
2916 1837 3030 1891 haec
3075 1836 3507 1910 tempore‘l‘ugae

1929 1931 2165 1986 dicebat.
2208 1929 2561 1984 Inimi'corum
2611 1937 2790 1983 autem
2835 1929 3115 2000 preprium
3158 1937 3263 1993 est,
3295 1929 3506 1985 irruere

258 2034 459 2089 ϐαίνειν
480 2035 575 2088 καὶ
590 2032 977 2087 ἐπανίστασθαι
996 2034 1109 2095 τοῖς
1133 2035 1321 2094 κακοῖς
1346 2029 1453 2083 τῶν
1472 2029 1539 2082 δι’
1560 2028 1825 2093 ἐναντίας·
1861 2024 1903 2079 Β
1932 2042 1941 2078 :

1863 2024 1903 2079 Β
1932 2033 2095 2094 atque
2127 2024 2412 2093 insurgere
2447 2024 2501 2077 in
2530 2023 2738 2087 hostes,
2760 2022 2888 2077 dum
2925 2022 2979 2077 in
3004 2023 3145 2077 mala
3171 2023 3501 2078 inciderunt.
3532 2040 3546 2051 ’-

254 2123 440 2194 διόπερ
469 2124 563 2177 καὶ
583 2120 660 2193 τῷ
686 2120 846 2175 Δαυῒδ
876 2120 1215 2191 ἡμαρτηκότι
1252 2120 1344 2172 ἐπὶ
1373 2119 1485 2189 τῆς
1504 2119 1599 2172 τοῦ
1631 2119 1827 2190 Οὐρίου

257 2214 438 2268 πολλοὶ
455 2214 814 2269 ἐπανίσταντο
836 2212 1304 2283 ἐπιχαιρεσίκακοι
1328 2210 1510 2291 ἐχθροί
1532 2216 1703 2275 τινες,
1718 2211 1828 2265 Πά-

256 2304 343 2360 λαι
366 2306 461 2359 καὶ
482 2307 547 2360 ἐκ
574 2306 784 2378 μακροῦ
808 2306 897 2361 διὰ
917 2305 1110 2376 φθόνου
1140 2301 1365 2371 ὑψοῦται
1392 2301 1602 2373 κεφαλὴ
1616 2302 1708 2355 τοῦ
1736 2320 1829 2357 κα-

256 2395 323 2449 τὰ
347 2396 508 2468 σῶμα
538 2396 951 2468 μεγεθισμένου,
980 2392 1132 2467 παρὰ
1158 2392 1260 2457 τὰς
1286 2392 1394 2446 τῶν
1426 2393 1826 2464 ὑποδεεστέρων

255 2487 497 2557 κεφαλὰς
523 2488 675 2541 κάτω
704 2486 977 2557 κειμένας.
1006 2485 1163 2540 Οὕτω
1202 2485 1562 2555 διαναστάσης
1596 2486 1693 2555 τῆς
1734 2484 1825 2538 τοῦ

260 2576 528 2648 μακαρίου
780 2577 875 2629 καὶ
908 2578 988 2640 είς
1020 2576 1256 2630 ἐπίδοσιν
1292 2576 1690 2645 ἀναϐεϐηκυίας
1726 2574 1823 2629 τοῦ

254 2668 328 2733 ὡς
372 2671 430 2723 ἐν
480 2668 679 2738 ψυχαῖς
726 2668 1021 2739 μεγέθους,
1073 2671 1106 2739 ή
1156 2667 1364 2739 κεφαλὴ
1416 2668 1641 2737 ὑψοῦται
1688 2665 1823 2721 Θεοῦ

255 2758 640 2832 συνεργοῦντος
667 2760 806 2830 αὐτῇ
835 2761 927 2813 καὶ
958 2760 1092 2833 πρὸς
1116 2761 1306 2813 ἐαυτὸν
1331 2762 1408 2824 είς
1441 2760 1665 2829 οὐρανὸν
1696 2760 1825 2814 dvit-

254 2868 459 2920 γοντος,
488 2852 580 2904 τὸν
608 2850 986 2922 ἐμπαρέχοντα
1014 2852 1175 2905 αὐτὸν
1206 2854 1272 2923 τῇ
1308 2851 1443 2923 πρὸς
1472 2850 1532 2903 τὸ
1566 2851 1825 2904 ἀνωτάτω

252 2940 559 3012 ἀκολουθίᾳ.
602 2940 757 2994 Ἐπεὶ
809 2940 865 2993 δέ
899 2940 1078 3011 πολλῷ
1120 2940 1278 2994 πλέον
1311 2939 1409 3011 τῆς
1457 2940 1824 3011 προαιρέσεως

252 3032 351 3103 τῆς
378 3029 702 3103 τάνθρώπου
736 3030 1034 3102 χαρίζεται,
1068 3030 1231 3085 νικῶν
1266 3033 1324 3085 ἐν
1360 3030 1439 3101 τῷ
1476 3030 1761 3101 δωρεῖσθαι
1793 3032 1823 3086 ὁ

254 3120 544 3193 εὐεργέτης
568 3121 660 3174 τὸν
687 3120 826 3174 κατὰ
848 3121 1073 3192 δύναμιν
1104 3121 1357 3175 ποιοῦντα
1402 3122 1463 3175 τὸ
1504 3121 1682 3175 καλόν·
1728 3121 1822 3175 καὶ

254 3211 339 3267 διὰ
369 3211 529 3265 τοῦτο
554 3211 759 3274 παντὸς
788 3210 953 3265 καλοῦ
990 3210 1087 3284 τὴν
1118 3213 1296 3265 αἰτίαν
1314 3212 1360 3271 ,ὁ
1397 3211 1604 3275 Παῦλος
1634 3212 1815 3265 ἀνατιν

1930 2114 2294 2181 Quamobrem
2320 2124 2441 2183 post
2464 2126 2744 2185 peccaturo
2765 2104 2985 2169 Davidis
3006 2130 3129 2169 cum
3152 2131 3319 2170 uxore
3341 2114 3500 2179 Urius,

1928 2209 2085 2261 multi
2117 2207 2169 2260 in
2200 2223 2347 2273 eum,
2376 2223 2442 2262 ex
2488 2208 2556 2261 iis
2599 2209 2811 2263 scilicet
2848 2210 2943 2277 qui
2974 2209 3166 2264 alienis
3196 2208 3506 2280 gaudebant

1927 2296 2108 2361 malis,
2135 2296 2571 2352 insurrexerunt.
2602 2295 2820 2351 Jamdiu
2846 2299 2991 2352 enim
3014 2307 3068 2353 et
3100 2314 3130 2351 a
3158 2301 3334 2369 longis
3359 2307 3505 2355 retro

1928 2372 2264 2457 temporibus
2298 2403 2395 2458 per
2436 2387 2693 2445 invidiam
2725 2389 2998 2443 exaltatur
3035 2400 3199 2459 caput
3230 2392 3373 2460 ejus,
3409 2394 3503 2462 qui

1927 2478 2225 2533 secundum
2271 2494 2469 2548 corpus
2502 2480 2568 2533 ad
2599 2480 2804 2549 majora
2843 2480 3113 2545 evehitur,
3156 2488 3211 2535 et
3256 2482 3505 2537 imminet

1926 2567 2196 2637 capitibus
2249 2568 2592 2634 intimorum,
2651 2585 2773 2640 quae
2822 2570 3079 2625 deorsum
3137 2565 3501 2626 inclinantur.

1924 2656 2128 2713 Eodem
2165 2658 2327 2713 modo
2351 2659 2478 2713 dum
2512 2660 2655 2715 beati
2708 2662 2810 2715 viri
2859 2662 3039 2715 anima
3096 2664 3316 2729 crescit,
3349 2672 3403 2719 et
3435 2666 3538 2742 ad‘

1926 2750 2195 2814 altiorem,
2238 2751 2418 2819 qualis
2447 2752 2735 2807 animabus
2775 2754 3057 2822 competit,
3086 2757 3502 2826 magnitudinis

1923 2841 2151 2910 gradum
2182 2843 2450 2908 evehitur,
2485 2841 2595 2900 Deo
2623 2844 2877 2900 videlicet
2923 2847 3151 2915 juvante
3177 2857 3232 2902 et
3261 2849 3327 2903 ad
3353 2866 3413 2905 se
3446 2851 3500 2905 in

1924 2944 2119 2986 cmt.:m
2163 2932 2425 2988 evehente
2457 2949 2580 2988 eum
2630 2936 2723 3004 qui
2754 2950 2877 2990 sese
2911 2935 3117 3005 praebet
3163 2938 3229 2991 ad
3262 2948 3500 3009 superna

1923 3021 2250 3077 ducendum.
2311 3022 2577 3090 Quoniam
2650 3040 2798 3090 vero,
2854 3026 3143 3082 munilicus
3183 3043 3343 3090 ,cum
3404 3032 3498 3094 sit,

1922 3126 1975 3167 tr
2020 3115 2094 3168 ’.υ
2118 3104 2275 3193 plura
2311 3116 2519 3170 homini
2560 3117 2766 3187 praebet
2797 3132 2959 3188 quam
2992 3121 3110 3189 ipse
3138 3110 3223 3175 vel
3255 3130 3379 3175 voto
3410 3136 3499 3176 as—

1920 3213 2199 3273 oequatur,
2222 3215 2551 3277 superatque
2582 3209 2742 3264 donis
2771 3210 2886 3265 suis
2912 3226 3036 3265 eum
3059 3254 3075 3279 ,
3113 3215 3205 3284 qui
3240 3230 3338 3283 pro
3362 3216 3499 3283 viri-

254 3290 365 3365 θεὶς
406 3299 487 3371 τῷ
527 3299 646 3370 Θεῷ
687 3316 867 3371 φησιν·
916 3301 999 3353 Οὐ
1036 3300 1141 3352 τοῦ
1188 3300 1490 3366 θέλοντος,
1532 3300 1673 3354 οὐδὲ
1713 3301 1817 3355 τοῦ
1924 3296 1937 3349 1

1814 3302 1817 3337 i
1924 3296 2257 3353 bus-bonum
2277 3307 2569 3367 operatur;
2603 3302 2723 3355 ideo
2760 3303 2941 3358 omnis
2975 3304 3101 3358 boni
3135 3310 3358 3361 causam
3388 3306 3497 3363 Deo

251 3390 586 3461 τρέχοντος,
611 3391 770 3445 ἀλλὰ
801 3386 907 3447 τοῦ
923 3391 1241 3457 ἐλεοῦντος
1270 3390 1437 3447 Θεοῦ.
1478 3394 1535 3444 '0
1561 3391 1690 3457 Θεὸς
1725 3392 1822 3462 μὲν
1850 3374 1891 3430 (ἶ

1818 3410 1822 3433 ν
1850 3374 1891 3430 (ἶ
1950 3392 2007 3443 vi.
2036 3384 2470 3446 affuens'Paulus
2508 3392 2585 3445 ait
2616 3410 2629 3445 :
2667 3390 2789 3446 Non
2812 3396 3062 3460 volentis,
3096 3412 3256 3467 neque
3283 3384 3501 3453 curren-

250 3476 342 3537 οὗν
373 3481 467 3533 καὶ
504 3481 537 3547 ἠ
566 3479 734 3551 ἀρετὴ
769 3478 1081 3549 μεγεθύνει,
1108 3478 1302 3532 καὶ¹δι⁹
1338 3480 1472 3533 ὅλων
1502 3485 1711 3535 ἐπαινεῖ
1742 3483 1818 3554 (1)

251 3571 347 3645 τὴν
376 3570 469 3624 τοῦ
496 3570 649 3639 ἁγίου
674 3571 867 3643 ψυχήν·
904 3570 1069 3624 κακία
1097 3569 1152 3622 δὲ
1180 3571 1275 3623 καὶ
1301 3574 1332 3641 ὴ
1374 3574 1629 3642 συνεργὸς
1650 3574 1818 3645 ταύτῃ

250 3662 417 3735 ἐχθρὰ
457 3664 570 3724 τοῖς
619 3661 923 3733 ἀνθρώποις
957 3661 1212 3732 δύναμις,
1274 3663 1547 3715 συστέλλει
1598 3665 1693 3718 κσίι
1740 3668 1822 3729 εἰς

251 3740 434 3808 στενὸν
489 3753 705 3822 συνάγει
750 3753 851 3826 τὴν
910 3752 984 3824 μὴ
1029 3752 1297 3823 ἑπομένην
1355 3753 1491 3823 Θεῷ,
1543 3756 1636 3807 καὶ
1680 3756 1820 3812 οὕτω

252 3832 481 3915 βραχεῖα
516 3842 719 3912 γίνεται
767 3845 861 3898 καὶ
903 3844 1119 3915 κολοϐὴ,
1165 3845 1304 3899 ὥστε
1338 3846 1435 3915 τῆς
1474 3845 1683 3915 χύσεως
1720 3840 1821 3919 τῆς

252 3938 446 3999 κακίας
467 3935 845 4007 ἐπιγινομένης
861 3938 940 3999 είς
959 3938 1019 3990 τὸ
1048 3936 1233 4009 μηδὲν,
1254 3936 1350 4009 τὴν
1370 3936 1624 4009 τοιαύτην
1644 3938 1820 4011 ψυχὴν

251 4026 558 4097 λογισθῆναι
586 4028 727 4081 κατὰ
762 4028 854 4081 τὸν
892 4028 1137 4082 Ἡσαΐαν·
1178 4030 1226 4082 οἱ
1273 4028 1379 4100 γὰρ
1418 4030 1820 4101 ἁμαρτάνοντες

251 4121 326 4181 εἰς
358 4118 510 4170 οὐδὲν
545 4117 916 4187 ἐλογίσθησαν.
952 4118 1061 4170 Καὶ
1100 4117 1285 4189 ὥσπερ
1331 4121 1596 4189 σωμάτων
1641 4119 1820 4191 ἐλάχι-

254 4210 373 4263 στόν
402 4211 546 4262 ἐστιν
569 4209 599 4260 ὁ
626 4203 961 4278 χοῦς,οὖτως
993 4210 1049 4262 αἱ
1106 4198 1279 4280 πὰντη
1313 4212 1581 4283 μοχθηραὶ
1610 4210 1815 4282 ψυχαὶ,

252 4304 339 4357 ἐπὶ
363 4301 498 4354 πολὺ
520 4301 949 4371 σμικρυνθεῖσαι,
974 4302 1110 4356 εἰσὶν
1124 4302 1205 4369 ὡς
1219 4305 1251 4355 ό
1300 4301 1449 4372 χοῦς
1471 4303 1544 4356 ὃν
1556 4304 1820 4373 expiaret

251 4398 284 4449 ό
308 4392 544 4462 ἄνεμος.
571 4391 825 4461 Κεφαλὴν
863 4391 919 4444 δὲ
944 4393 1265 4465 θτῆςψυχῆς
1304 4394 1520 4464 νόητέον
1556 4395 1654 4467 τὴν
1702 4397 1819 4449 δια-

251 4486 502 4559 νοητικὴν
569 4485 815 4556 δύναμιν·
864 4482 1066 4556 ταύτης
1119 4486 1246 4559 γὰρ
1279 4486 1637 4559 διαφέρουσαν
1698 4488 1815 4542 οὐδὲ

253 4580 413 4651 μέχρι
443 4576 537 4631 τοῦ
564 4578 840 4649 ἐπινοῆσαι
870 4576 1109 4632 δυνατόν·
1141 4580 1193 4631 εἴ
1220 4596 1283 4649 γε
1316 4578 1410 4632 καὶ
1440 4578 1535 4633 τοῦ
1567 4580 1817 4652 σώματος

249 4672 281 4741 ὴ
314 4668 521 4741 κεφαλῇ
550 4668 865 4740 τιμιωτέρα.
890 4667 1038 4739 Αὕτη
1062 4669 1291 4742 τοίνυνή
1314 4670 1535 4743 νοητικὴ
1566 4670 1812 4743 δύναμις,

1922 3486 2009 3547 tis,
2042 3482 2127 3536 sed
2165 3484 2458 3537 miserantis
2489 3494 2565 3537 est
2592 3482 2689 3537 Dei
2713 3483 2778 3538 ".
2815 3484 2956 3539 Deus
3008 3486 3174 3556 igitur
3204 3500 3365 3559 atque
3385 3490 3497 3544 vir-

1921 3584 2011 3630 tus
2042 3574 2217 3629 sancti
2262 3575 2365 3629 viri
2393 3575 2629 3628 animam
2660 3577 2999 3632 incremento
3030 3578 3259 3644 donant,
3290 3588 3346 3634 et
3371 3595 3501 3634 om—

1920 3668 2052 3721 nino
2079 3666 2145 3720 ad
2179 3667 2373 3720 altiora
2405 3668 2642 3725 evehunt
2671 3685 2685 3721 :
2719 3669 3030 3740 malignitas
3065 3681 3243 3728 autem
3267 3673 3497 3744 ejusque

1920 3758 2159 3825 adjutrix
2193 3758 2413 3815 inimica
2446 3761 2759 3818 hominibus
2810 3773 3052 3835 potestas
3097 3767 3393 3829 contrahit,
3437 3770 3493 3822 in

1920 3857 2317 3920 angustumque
2364 3853 2562 3921 redigit
2590 3853 2828 3908 animam
2875 3854 2986 3909 Deo
3038 3872 3143 3910 non
3187 3858 3495 3927 obsequen-

1915 3935 2055 4018 tem;
2091 3949 2255 4010 atque
2279 3942 2353 3995 ita
2382 3944 2665 4007 minuitur,
2698 3954 2772 4008 et,
2803 3953 2862 3998 ut
2904 3945 2977 3999 ita
3003 3945 3201 4009 dicam,
3238 3949 3493 4002 decurta-

1920 4038 2035 4096 tur;
2068 4037 2127 4084 ut
2159 4031 2457 4087 inundante
2494 4034 2721 4097 malitia,
2776 4034 3090 4104 huiusmodi
3132 4037 3350 4102 anima,
3406 4054 3493 4094 se-

1918 4123 2155 4176 cundum
2206 4123 2423 4185 Isaiam,
2462 4141 2559 4195 pro
2590 4125 2761 4181 nihilo
2810 4134 3093 4197 repute'tur
3124 4146 3138 4183 :
3172 4140 3492 4201 peccatores

1920 4232 2156 4286 namque
2202 4232 2301 4286 pro
2351 4217 2521 4273 nihilo
2573 4218 2861 4275 habentur.
2902 4222 2983 4277 Ac
3032 4224 3491 4293 quemadmodum

1919 4308 2159 4363 omnium
2188 4323 2478 4378 corporum
2509 4310 2793 4365 minimum
2829 4313 3150 4383 pulvis'est;
3193 4315 3267 4368 ita
3295 4317 3493 4372 anima

1919 4399 2180 4470 improba:
2213 4401 2443 4454 multum
2496 4403 2817 4468 imminutae,
2858 4414 2985 4458 sunt
3036 4414 3289 4474 tanquam
3318 4408 3489 4474 pulvis

1916 4506 2065 4561 quem
2090 4491 2301 4559 proiicit
2320 4501 2518 4547 ventus.
2543 4492 2718 4562 Caput
2740 4501 2916 4546 autem
2941 4494 3137 4549 animae
3168 4496 3488 4551 aestimanda

1917 4589 2002 4637 est
2034 4582 2367 4653 intelligendi
2398 4584 2499 4661 _vis
2535 4602 2549 4638 :
2581 4567 2888 4637 nihil‘enim
2917 4598 2981 4638 ea
3015 4587 3369 4654 prmstantius
3403 4588 3491 4642 vel

1921 4663 2340 4742 cogitare'licet;
2372 4672 2636 4742 siquidem
2666 4680 2719 4726 et
2756 4681 2921 4745 caput
2943 4675 3161 4745 corpori
3193 4676 3485 4731 antecellit.
3514 4676 3515 4679 “

249 4737 645 4834 τροπικώτερον
678 4737 882 4831 κεφαλὴ
927 4737 1177 4832 λεχθεῖσα
1355 4737 1551 4833 ψυχῆς,
1586 4758 1669 4827 οἷς
1701 4737 1812 4834 *μὲν
1847 4737 1891 4792 D
1920 4764 1932 4817 Ι

1801 4737 1812 4816 4
1847 4737 1891 4792 ί)
1920 4737 2044 4819 Haec
2096 4765 2259 4831 igitur
2309 4737 2642 4839 intelligendi
2682 4766 2797 4830 vis,
2824 4737 2983 4835 ἠυδε
3035 4737 3193 4835 tropo
3253 4767 3484 4837 quodam

251 4848 457 4919 ὖψωται
487 4850 600 4904 ἄνω
634 4848 922 4920 βλέπουσα,
956 4849 1017 4901 οὐ
1062 4849 1217 4920 μόνον
1248 4848 1347 4922 τὴν
1386 4851 1510 4922 γῆν,
1550 4850 1685 4905 ἀλλὰ
1726 4852 1821 4906 καὶ

251 4931 425 4995 πάντα
463 4940 529 4995 τὰ
572 4940 799 5013 σώματα
843 4940 1221 5011 ὑπερκύψασα,
1273 4943 1350 5007 ὡς
1379 4942 1598 5012 φθάνειν
1656 4946 1816 5018 μέχρι

250 5034 401 5087 Θεοῦ.
424 5032 841 5106 Παρατηρητέον
864 5033 921 5087 δέ
946 5034 1147 5106 τριχῶς
1175 5035 1275 5105 τῆς
1308 5036 1539 5107 σχέσεως
1567 5034 1659 5088 τοῦ
1681 5038 1815 5092 Θεοῦ

250 5122 589 5193 ὑμνουμένης
614 5124 719 5177 ὑπὸ
739 5123 832 5177 τοῦ
863 5118 1112 5191 λέγοντος
1140 5124 1238 5196 τὴν
1271 5125 1423 5191 τάξιν
1459 5125 1555 5179 τοῦ
1595 5128 1812 5200 πρώτου

250 5210 546 5289 λεχθέντος,
595 5213 686 5295 καὶ
736 5212 828 5267 τοῦ
875 5214 1002 5283 ἐξῆς
1050 5214 1144 5268 καὶ
1195 5215 1288 5269 τοῦ
1332 5216 1537 5269 λοιποῦ.
1592 5218 1813 5289 Πρῶτον

250 5305 356 5374 γάρ
386 5319 549 5372 φησιν
574 5299 711 5358 εἶναι
740 5306 831 5360 τὸν
854 5306 985 5360 Θεὸν
1011 5308 1374 5381 ἅντιλήπτορα
1399 5308 1563 5364 αὑτοῦ
1583 5350 1598 5375 ,
1623 5312 1815 5368 ἔπειτα

250 5395 422 5460 δόξαν,
458 5393 646 5448 ἔπειτα
684 5396 918 5465 ὑψοῦντα
950 5399 1047 5470 τὴν
1076 5400 1333 5471 κεφαλήν.
1360 5402 1470 5456 Καὶ
1501 5405 1633 5473 ἡμῖν
1664 5407 1814 5459 ἀντι-

252 5480 490 5552 λήπτωρ,
531 5481 624 5534 καὶ
655 5480 717 5534 τὸ
754 5481 925 5554 ὄνομα
959 5484 1111 5556 δηλοῖ
1143 5488 1689 5561 ἀντιλαμβανόμενον,
1730 5494 1816 5549 ἴνα

253 5567 387 5640 ῥύσῃ
430 5583 490 5621 τε
527 5568 635 5623 ἀπὸ
681 5568 885 5623 πολλῶν
927 5569 1215 5643 θλιϐόντων
1249 5580 1341 5649 καὶ
1374 5580 1817 5653 ἐπανισταμένων

255 5660 342 5713 καὶ
359 5659 838 5729 ἀπογινωσκόντων
850 5660 949 5732 τὴν
964 5664 1059 5719 τοῦ
1080 5667 1327 5736 λέγοντος
1336 5671 1505 5727 ταῦτα
1526 5677 1815 5747 σωτηρίαν.

321 5814 364 5844 ⁸³
405 5811 446 5867 1-1
482 5814 623 5874 Tim.
663 5802 873 5895 "5152.
951 5822 998 5857 ³⁵
1038 5820 1194 5878 Rom.
1232 5839 1319 5891 ts,
1358 5827 1441 5881 16.
1489 5868 1493 5873 .
1527 5782 1531 5786 ἢ

327 5966 521 6032 (Ι)Ἴσ;
557 5972 787 6043 ἐπαίρῖι.

1921 4863 2083 4925 caput
2103 4856 2298 4909 animae
2323 4854 2540 4921 dicitur,
2564 4854 2616 4909 in
2644 4857 2969 4926 quibusdam
2994 4872 3211 4912 sursum
3235 4857 3481 4926 erigitur.

1919 4936 2047 5003 dum
2081 4960 2319 5016 superne
2350 4941 2591 5017 respiéit,
2623 4955 2786 5017 atque
2808 4963 2914 5002 non
2944 4948 3105 5001 modo
3133 4954 3357 5013 terram,
3390 4948 3484 5004 sed

1917 5037 2095 5092 omnia
2132 5037 2297 5091 etiam
2332 5052 2561 5109 corpora
2600 5038 2969 5103 transcendit,
3002 5039 3076 5092 ita
3114 5046 3173 5094 ut
3220 5054 3390 5109 usque
3417 5040 3485 5093 ad

1919 5128 2084 5185 Deum
2119 5129 2418 5199 perveniat.
2472 5131 2880 5186 Observandum
2930 5138 3111 5185 autem
3162 5132 3295 5195 est,
3317 5129 3484 5185 Deum

1919 5221 2008 5275 hic
2052 5220 2253 5291 triplici
2289 5223 2450 5278 modo
2494 5224 2779 5286 celebrari,
2822 5238 2886 5276 ac
2918 5208 3116 5292 primo,
3155 5221 3351 5276 dehinc
3397 5237 3487 5279 se-

1916 5312 2117 5376 cundo,
2170 5312 2388 5369 demum
2441 5314 2601 5369 tertio
2646 5314 2841 5370 ordine
2893 5313 3143 5383 exprimi.
3189 5312 3280 5366 Ait
3336 5315 3483 5369 enim

1917 5404 2094 5476 primo
2125 5403 2293 5460 Deum
2323 5422 2449 5466 esse
2481 5399 2853 5475 susceptorem
2901 5420 3080 5465 suum.
3133 5403 3484 5477 deinde'glo-

1917 5494 2074 5558 riam,
2100 5493 2337 5567 denique
2375 5498 2701 5564 exaltantem
2734 5505 2914 5567 caput.
2944 5497 3055 5551 Cur
3082 5505 3261 5551 autem
3294 5508 3483 5553 susce-

1919 5597 2042 5659 ptor
2075 5588 2191 5643 sive
2221 5595 2485 5658 patronus
2524 5589 2618 5652 sit,
2652 5589 2734 5645 vel
2786 5586 2905 5659 ipso‘
2930 5587 3148 5644 nomine
3178 5588 3482 5661 deprehen-

1921 5677 2108 5733 ditur:
2139 5679 2265 5748 quia
2299 5677 2691 5751 patrocinatur,
2732 5685 2793 5733 ut
2829 5677 3018 5731 liberet
3047 5690 3076 5730 a
3114 5679 3300 5733 multis
3343 5682 3481 5733 mala
