4262 6390
790 489 861 543 95
1424 490 1683 546 EUSEBII
1722 482 2197 544 CESARIENSIS
2222 478 2372 536 OPP.

2419 477 2615 533 PARS.
2657 476 2745 531 Ill.
2785 502 2856 513 ο·-
2888 468 3294 526 ΕΧΕΕΕΤΙΟᾹ.
3932 466 4004 520 98

791 600 1180 663 inferentibus,
1236 579 1645 668 insurgentibus
1697 605 1751 649 et
1797 593 1863 648 ad
1905 593 2372 664 desperationemi

2384 586 2407 639 λ
2448 592 2600 662 Ἑξῆς
2649 591 2704 644 δὲ
2742 592 2819 659 τῳ
2899 589 3248 658 ἀντιλήπτορι
3291 589 3323 656 ἡ
3363 584 3510 648 δόξα
3556 583 3686 636 ἐστί’
3737 581 4008 652 πρότερον

792 691 985 746 salutis
1016 689 1395 744 inducentibus
1426 703 1548 742 eum
1584 686 1674 755 qui
1706 686 1829 738 talia
1858 682 2017 738 fatur.
2051 681 2338 751 Postquam

792 790 1160 851 Susceptorem
1192 779 1350 842 dixit,
1381 778 1650 847 sequitur,
1692 777 1861 847 gloria
1896 791 1913 828 :
1945 776 2094 844 prius
2117 776 2343 844 suscipit

792 870 965 932 Deus.
1003 872 1196 928 deinde
1247 870 1415 940 gloria
1460 868 1648 931 allicit,
1690 869 1903 922 demum
1955 869 2125 937 gloria
2169 866 2341 921 aﬂ'ecti

792 979 952 1035 caput
980 966 1200 1019 exultat.
1245 961 1377 1016 Nam
1406 962 1453 1016 si
1488 952 1827 1015 consurrexit
1880 959 2263 1023 cum-Christo,
2290 966 2343 1013 et

792 1073 909 1126 qua:
961 1071 1176 1111 sursum
1226 1063 1350 1109 sunt
1401 1054 1560 1123 sapit,
1610 1068 1717 1107 non
1770 1068 1888 1121 qua:
1937 1061 2099 1118 super
2123 1058 2341 1113 terram,

791 1148 1116 1201 exaltabitur
1141 1154 1301 1217 caput
1322 1144 1441 1215 ejus
1465 1160 1493 1197 a
1520 1144 1769 1205 Domino,
1795 1145 1884 1213 qui
1906 1151 1988 1197 est
2015 1142 2269 1204 Verbum,
2293 1150 2345 1195 et

788 1239 959 1310 gloria
997 1239 1114 1306 ejus
1162 1239 1251 1308 qui
1299 1254 1357 1293 se
1405 1240 1616 1307 recipit,
1668 1251 1828 1305 quam
1859 1251 1887 1287 a
1923 1231 2038 1289 solo
2082 1231 2341 1305 [Christo]

790 1332 1011 1399 eXpetit,
1042 1331 1289 1399 quisquis
1327 1330 1554 1399 gloriam
1604 1342 1710 1381 non
1770 1327 1965 1393 accipit
2011 1326 2079 1378 ab
2108 1324 2341 1377 homine.

790 1420 1069 1484 Quomodo
1094 1429 1271 1473 autem
1307 1418 1599 1472 exaltatum
1641 1418 1710 1472 sit
1740 1416 1957 1469 Daviilis
1995 1422 2153 1484 caput
2184 1413 2345 1482 probe

792 1514 1080 1581 intelliges,
1104 1512 1147 1565 si
1181 1512 1595 1573 animadvertas,
1618 1508 1834 1563 Davidis
1865 1524 2057 1561 nomen
2101 1523 2193 1576 per
2227 1506 2346 1557 uni-

754 1588 1005 1655 ‘vorsum
1050 1602 1231 1655 orbem
1284 1612 1336 1656 et
1391 1601 1446 1655 in
1510 1592 1765 1656 omnibus
1817 1600 2065 1670 gentibus
2132 1605 2346 1667 propter

790 1694 1063 1748 Christum
1092 1692 1180 1747 Dei
1208 1691 1504 1755 Filium,ex
1532 1694 1737 1748 semine
1766 1692 1884 1759 ejus
1914 1689 2208 1745 secundum
2236 1704 2348 1740 car-

790 1800 913 1838 nem
967 1793 1179 1849 ortum,
1237 1784 1521 1838 celebrari.
1576 1782 1693 1836 Non
1768 1790 1917 1834 tanta
1976 1781 2118 1832 enim
2178 1778 2347 1847 gloria

791 1872 1043 1938 aﬂ‘ectus,
1089 1888 1265 1943 neque
1294 1875 1368 1927 ita
1398 1874 1667 1927 exaltatus
1720 1880 1823 1932 est.
1854 1887 1975 1925 cum
2002 1872 2142 1923 inter
2177 1868 2347 1921 homi-

2442 684 2549 755 γάρ
2595 680 3043 751 ἀντιλαμϐάνεται
3086 682 3114 733 ὁ
3154 679 3302 741 Θεὸς,
3343 674 3460 729 εἶτα
3502 672 3709 738 δοξάζει
3747 673 3839 725 καὶ
3872 668 4008 739 ἑξῆς

2441 775 2564 844 ύψοῖ
2581 774 2672 828 τοῦ
2692 771 3069 843 δεδοξασμένου
3085 772 3181 843 τὴν
3198 769 3455 839 κεφαλήν,
3480 768 3541 820 El
3563 766 3669 835 γὰρ
3692 760 4008 832 συνηγέρθη

2441 864 2676 938 Χριστῷ.
2716 864 2809 917 καὶ
2845 862 2911 915 τὰ
2954 863 3065 917 ἄνω
3116 863 3317 931 φρονεῖ,
3370 859 3428 912 οὺ
3478 857 3546 911 τὰ
3596 858 3686 910 ἐπὶ
3728 856 3824 925 τῆς
3876 854 4006 923 γῆς,

2444 958 2778 1028 ὑψωθήσεται
2805 954 2964 1009 αὑτοῦ
2990 957 3023 1025 ἠ
3058 952 3262 1022 κεφαλὴ
3290 952 3394 1005 ἀπὸ
3412 949 3502 1003 τοῦ
3524 949 3748 1021 Κυρίου,
3769 948 3826 1011 ὃς
3853 948 4009 1000 ἐστιν

2443 1051 2471 1101 ὁ
2502 1048 2692 1114 Λόγος,
2726 1045 2849 1109 διξα
2871 1045 2945 1097 ὢν
2973 1044 3066 1097 τοῦ
3104 1045 3441 1114 χωρήσαντος
3466 1040 3645 1103 αὑτὸν,
3682 1034 3747 1109 ἣν
3775 1040 3880 1092 ἀπὸ
3910 1038 4016 1090 τοῦ

2448 1138 2607 1207 μόνου
2641 1134 2895 1205 ἐξῄτησεν
2941 1138 2968 1188 ὀ
3003 1134 3076 1206 μὴ
3113 1133 3399 1203 λαμϐάνων
3434 1131 3586 1195 δόξαν
3614 1130 3760 1201 παρά
3794 1127 4012 1199 ἀνθρώο

2445 1244 2565 1279 που.
2600 1228 2783 1289 Ὅπως
2814 1227 2868 1278 δὲ
2903 1226 3089 1296 ὑψώθη
3120 1224 3212 1278 τοῦ
3251 1224 3410 1278 Δαυῒδ
3439 1226 3471 1297 ἡ
3507 1222 3712 1293 κειραλὴ
3733 1262 3747 1287 ,
3791 1223 4012 1291 νοήσεις

2446 1320 2759 1387 ἐπιστήσας,
2786 1318 2859 1380 ὼς
2879 1318 2994 1370 καθ’
3009 1318 3134 1387 ὅλης
3162 1318 3258 1386 τῆς
3283 1316 3389 1369 τῶν
3422 1314 3718 1385 ἀνθρώπιον
3747 1312 4011 1383 οίκουμέ-

2445 1429 2540 1481 νης
2581 1412 2672 1462 καί
2709 1412 2764 1460 ἐν
2802 1410 2931 1460 πᾶσι
2964 1412 3073 1471 τοῖς
3107 1408 3281 1461 ἔθνεσι
3320 1407 3379 1461 τὸ
3422 1405 3514 1459 τοῦ
3554 1405 3713 1458 Δαυῖδ
3750 1404 4011 1475 βεὸόηται

2444 1502 2629 1571 ὄνομα,
2654 1500 2737 1554 διὰ
2761 1502 2850 1552 τὸν
2877 1501 2941 1552 ἐκ
2970 1499 3275 1569 σπέρματος
3298 1497 3460 1552 αὐτοῦ
3488 1496 3627 1551 κατὰ
3651 1496 3828 1565 σάρκα
3853 1495 4015 1562 γενό-

2450 1613 2604 1667 μενον
2636 1594 2863 1663 Χριστὸν
2902 1593 2990 1645 τὸν
3023 1591 3124 1644 τοῦ⁴
3145 1590 3276 1644 Θεοῦ
3310 1591 3455 1643 Υἱόν·
3489 1592 3583 1659 ούχ
3614 1588 3783 1651 οὕτως
3810 1588 3920 1658 γὰρ
3953 1589 4016 1642 ἐν

2447 1684 2747 1756 ἀνθρώποις
2799 1683 2893 1746 ὣν,
2942 1684 3035 1737 καὶ
3088 1683 3247 1753 μόνου
3291 1681 3384 1733 τοῦ
3420 1681 3632 1752 Ἰσραὴλ
3687 1678 4011 1750 βασιλεύων,

2444 1776 2719 1842 δεδόξαστο
2742 1778 2833 1827 καὶ
2869 1774 3066 1843 ὕψωτο,
3097 1774 3188 1827 καὶ
3220 1772 3452 1843 μάλιστα
3485 1772 3619 1842 μετά
3660 1770 3758 1841 τὴν
3803 1769 4014 1823 ἐπανά-

2448 1886 2631 1922 στασιν
2664 1868 2755 1921 τοῦ
2808 1864 3156 1935 Ἀδεσσαλὼμ
3182 1863 3283 1934 τὴν
3324 1865 3439 1916 κατ’
3485 1861 3647 1915 αὐτοῦ
3676 1862 3973 1932 γενομένην
3994 1899 4011 1922 ,

792 1980 889 2020 nes
937 1972 1269 2027 versaretur,
1324 1971 1378 2032 et
1431 1964 1607 2018 solum
1665 1963 1878 2017 lsraelis
1936 1976 2159 2030 regnum
2204 1959 2342 2013 obti-

2384 1936 2421 1991 B
2446 1962 2519 2023 ὡς
2541 1959 2628 2012 διὰ
2659 1961 2753 2029 τῆς
2780 1957 3045 2028 σωτηρίου
3068 1955 3382 2024 θεοφανείας
3410 1957 3474 2007 ἐκ
3501 1954 3806 2024 σπέρματος
3839 1950 4009 2006 αὑτοῦ

790 2065 964 2119 ncret,
992 2056 1331 2123 maximeque
1366 2064 1490 2125 post
1535 2054 1822 2141 Absalonis
1874 2053 2243 2115 rebellionem,
2283 2052 2344 2103 il-

2445 2049 2809 2121 προελθούσης
2833 2064 2904 2101 κα
2915 2047 2972 2099 τὰ
3003 2046 3197 2117 σάρκα.

791 2146 1065 2212 latumque
1094 2142 1316 2207 bellum,
1348 2150 1549 2212 quanta
1571 2133 1884 2197 'exornatus
1933 2148 2017 2197 est
2052 2140 2223 2211 gloria
2263 2154 2357 2207 per
2392 2139 2680 2193 salutarem
2707 2137 2797 2191 Dei
2836 2154 2899 2192 ex
2930 2137 3135 2193 semine
3163 2137 3279 2206 ejus
3305 2135 3601 2191 secundum
3660 2142 3875 2206 comem
3908 2133 4014 2186 ad—

788 2243 1027 2291 ventum.

860 2378 1022 2434 Vsus.
1062 2379 1116 2434 5.
1175 2377 1306 2432 Voce
1366 2395 1479 2431 mea
1536 2377 1603 2429 ad
1652 2376 1931 2431 Dominum
1994 2373 2214 2427 clamavi
2233 2414 2253 2437 ,
2300 2382 2347 2425 et

786 2472 1051 2526 exaudivit
1084 2488 1165 2525 me
1212 2475 1273 2523 de
1326 2481 1495 2522 monte
1550 2478 1730 2521 sancto
1770 2468 1905 2535 ejus.
1934 2465 2088 2519 Hunc
2115 2473 2348 2520 montem

783 2548 1053 2616 'memorat
1095 2559 1405 2631 praecedens
1430 2561 1669 2629 psalmus
1715 2575 1837 2613 cum
1872 2559 1945 2611 ait
1976 2579 1988 2613 :
2026 2558 2134 2628 Ego
2177 2567 2348 2611 autem

726 2720 729 2721 ν
788 2650 1099 2702 constitutus
1127 2664 1242 2701 sum
1272 2663 1361 2701 rex
1400 2648 1462 2699 ab
1512 2664 1571 2701 eo
1608 2663 1762 2715 super
1793 2648 1923 2702 Sion
1955 2658 2176 2703 montem
2224 2664 2345 2701 san-

787 2748 929 2791 ctum
955 2739 1087 2807 ejus.
1120 2737 1367 2792 Christus
1394 2745 1572 2791 autem
1604 2746 1721 2791 erat
1773 2738 1864 2807 qui
1887 2738 1966 2792 sic
2000 2739 2347 2808 loquebatur;

791 2835 845 2881 at
875 2845 1019 2882 nunc
1044 2829 1230 2891 David,
1282 2846 1339 2883 se
1372 2844 1401 2881 a
1444 2830 1659 2885 Christo
1691 2829 1757 2884 de
1806 2837 1988 2883 monte
2016 2836 2203 2883 sancto
2230 2830 2347 2897 ejus

788 2918 1183 2972 exaudiendum
1218 2917 1561 2973 testiﬁcatur.
1594 2918 1760 2982 Quem
1788 2932 1950 2985 porro
1970 2917 2346 2971 exauditurum

792 3023 852 3061 se
903 3007 1057 3072 dicit,
1112 3008 1218 3061 nisi
1265 3006 1551 3061 Dominum
1603 3006 1695 3075 qui
1736 3004 2066 3059 constitutus
2114 3013 2196 3060 est
2254 3022 2346 3060 rex

790 3110 941 3164 super
985 3095 1112 3149 Sion
1150 3104 1373 3148 montem
1423 3103 1659 3148 sanctum
1697 3093 1852 3161 ejus?
1899 3092 2000 3146 Per
2032 3094 2173 3147 hunc
2204 3094 2346 3147 enim

791 3188 966 3241 solum
1032 3186 1287 3241 credebat
1348 3202 1407 3240 se
1468 3188 1839 3240 remissionem
1900 3193 2349 3252 consecuturum;

792 3279 1145 3347 eumdemque
1173 3292 1291 3331 esse
1323 3276 1545 3347 gloriam
1569 3292 1740 3341 suam,
1766 3286 1820 3331 et
1845 3278 2165 3331 exaltautem
2188 3283 2351 3345 caput
2377 3262 2419 3318 (ἶ

796 3384 976 3423 suum.
1007 3367 1139 3421 Cum
1190 3369 1352 3438 igitur
1403 3369 1605 3423 diserte
1652 3366 2069 3439 praenuntiasSet
2097 3383 2155 3423 se
2180 3368 2349 3437 g'loria

795 3460 1129 3515 abiciendum
1150 3503 1163 3524 ,
1193 3468 1246 3515 et
1269 3472 1602 3530 caputsumn
1627 3462 1967 3516 exaltandum
1996 3476 2149 3527 esse;
2178 3475 2351 3530 quan-

793 3552 987 3606 donam
1038 3552 1090 3606 id
1137 3553 1241 3606 sibi
1275 3555 1559 3622 contigerit
1591 3554 1701 3621 jam
1748 3554 1986 3607 declarat
2020 3553 2103 3606 his
2132 3553 2346 3607 verbis:

806 3643 936 3696 Voce
969 3659 1081 3695 mea
1112 3642 1178 3694 ad
1210 3642 1490 3695 Dominum
1536 3643 1780 3707 clamavi,
1806 3652 1855 3696 et
1882 3642 2147 3695 exaudivit
2184 3634 2261 3695 me
2288 3640 2350 3694 de

770 3760 773 3761 ν
796 3742 965 3785 monte
991 3741 1170 3786 sancto
1203 3749 1317 3786 suo.

867 3840 1030 3896 Vens.
1063 3843 1116 3897 6.
1148 3841 1256 3913 Ego
1296 3841 1515 3897 dormivi
1540 3852 1587 3897 et
1618 3851 1893 3912 soporatus
1921 3860 2056 3907 sum,
2082 3842 2349 3898 exsurrexi

797 3934 925 4000 quia
948 3931 1199 3986 Dominus
1250 3936 1489 4002 suscipiet
1537 3951 1635 3988 me.
1695 3933 1896 3988 Futura
1931 3934 2037 3997 hic,
2092 3942 2349 4002 tanquam

800 4024 1065 4090 praeterita
1100 4025 1440 4088 vaticinatur;
1471 4026 1611 4080 sicut
1630 4027 1773 4081 enim
1803 4027 1857 4080 in
1888 4027 2128 4081 secundo
2148 4027 2353 4093 psalmo

798 4116 1000 4169 dictum
1023 4122 1107 4168 est
1134 4132 1146 4168 :
1180 4114 1355 4179 Quare
1385 4116 1705 4182 fremuerunt
1734 4126 1935 4187 gentes,
1979 4127 2026 4170 et
2054 4117 2231 4184 populi
2256 4133 2355 4169 me-

798 4205 954 4259 ditati
1009 4215 1129 4257 sunt
1188 4206 1406 4262 inania?
1438 4207 1724 4260 Asiiterunt
1776 4218 1823 4260 et
1871 4216 2212 4261 convenerunt
2257 4206 2353 4259 ad-

800 4310 972 4348 versus
1008 4294 1284 4348 Dominum
1305 4304 1353 4348 et
1387 4288 1634 4348 adversus
1667 4292 1931 4348 Christum
1968 4294 2079 4363 ejus
2107 4310 2125 4348 :
2159 4301 2212 4349 et
2240 4295 2353 4349 hac

801 4394 980 4441 tamen
1034 4386 1101 4440 de
1144 4387 1325 4440 futuro
1376 4385 1851 4454 intelligebantur;
1903 4386 2089 4440 eadem
2145 4386 2354 4439 ratione

744 4477 749 4483 ’
798 4477 907 4544 jam
944 4477 1077 4529 illud
1105 4496 1117 4529 :
1145 4474 1253 4544 Ego
1289 4476 1509 4530 dormivi
1537 4472 1584 4530 ἐι
1633 4484 1909 4542 soporatus
1937 4492 2075 4539 sum,
2122 4477 2352 4545 prophe-

801 4569 907 4621 tice
948 4567 1149 4620 dictum
1179 4573 1283 4629 est,
1332 4567 1597 4631 videlicet,
1628 4567 1913 4627 dormiam,
1971 4568 2268 4635 soporabor
2300 4576 2352 4623 et

801 4674 1110 4729 exsurgam,
1147 4658 1400 4727 quoniam
1450 4664 1531 4718 tu,
1575 4657 1819 4721 Domine,
1866 4664 2151 4726 susceptor
2203 4673 2354 4714 meus

801 4763 883 4810 es,
924 4749 1089 4819 gloria
1133 4764 1270 4812 mea,
1306 4756 1361 4803 et
1382 4748 1626 4802 exaltans
1648 4757 1811 4817 caput
1840 4763 2039 4803 meum.
2090 4747 2187 4803 Hic
2213 4749 2357 4804 enim

806 4849 1016 4909 tempus
1053 4839 1344 4909 signiﬁcat,
1377 4852 1485 4906 quo
1533 4836 1637 4891 sibi
1694 4838 1806 4891 haec
1837 4838 2131 4892 obventura
2185 4848 2310 4892 sunt
2340 4855 2355 4892 :

807 4941 1090 5002 postquam
1129 4931 1430 4994 dormierit,
1463 4930 1660 4999 inquit,
1690 4926 2226 4999 exsurget,quoniam
2248 4928 2357 4985 Do-

806 5020 984 5073 minus
1007 5018 1265 5086 suscipiet
1288 5016 1552 5072 enm.‘Per
1580 5016 1942 5069 dormitionem
1971 5018 2111 5071 enim
2132 5026 2358 5083 mortem

808 5107 1098 5172 signiﬁcat,
1133 5105 1429 5160 secundum
1458 5121 1619 5175 quam
1649 5106 1764 5159 haec
1804 5104 1905 5160 sibi
1937 5104 2117 5161 futura
2161 5107 2357 5161 vatici-

807 5198 1201 5267 natur:idque
1239 5196 1407 5251 refert
1457 5197 1524 5250 ad
1584 5203 1798 5265 tempus
1845 5194 1969 5249 vita:
2028 5180 2355 5261 Salvatoris,

808 5305 915 5362 qua
957 5300 1169 5359 peracta
1218 5288 1507 5343 terminum
1563 5284 1843 5357 prophetia
1888 5298 2182 5343 consecuta
2235 5297 2379 5370 est;

808 5375 1026 5451 quando
1055 5379 1262 5432 scilicet
1302 5375 1474 5431 Filius
1512 5378 1743 5433 hominis
1782 5376 2035 5433 Christus
2082 5380 2149 5433 ad
2193 5378 2360 5433 infer-

809 5485 937 5525 num
986 5482 1178 5536 usque-
1203 5466 1502 5532 descendit,
1531 5474 1583 5520 et
1637 5467 1990 5536 captivorum,
2024 5471 2115 5537 qui
2154 5468 2357 5523 exitum

808 5559 1217 5631 exapeclabant,
1256 5558 1505 5615 Salvator
1534 5548 1987 5616 commonstratus
2018 5568 2137 5625 est;
2171 5561 2245 5614 ita
2299 5566 2359 5613 ut

810 5649 1223 5708 resurrectionis
1282 5650 1401 5720 ejus
1463 5665 1543 5704 ex
1592 5652 1819 5705 mortuis
1881 5659 2121 5722 tempore
2189 5652 2358 5706 multa

809 5742 1038 5812 corpora
1092 5749 1403 5796 sanctorum
1446 5742 1539 5810 qui
1582 5740 1913 5797 dormierant
1943 5758 2051 5796 una
2079 5758 2201 5797 cum
2240 5743 2358 5815 ipso

813 5832 1128 5899 revixerint,
1163 5832 1216 5887 in
1268 5833 1429 5901 queis
1460 5832 1749 5889 verisimile
1797 5841 1879 5890 est
1927 5834 2095 5892 fuisse
2126 5835 2355 5891 animam

2519 2359 2689 2428 Φωνῇ
2706 2378 2823 2428 μου
2840 2361 2988 2427 πρὸς
3009 2352 3225 2437 Κύριον
3247 2358 3561 2427 ἐκέκραξα,
3583 2360 3678 2413 καὶ
3702 2359 4015 2426 ἐπήκουσέ

2446 2472 2562 2523 μου
2586 2455 2653 2515 ἐξ
2684 2454 2857 2520 ὄρους
2874 2452 3043 2519 ἁγίου
3069 2452 3274 2506 αὑτοῦ.
3298 2452 3402 2505 Τοῦ
3442 2452 3597 2522 ὅρους
3642 2454 4013 2523 ἐμνημόνευσε

2450 2543 2639 2596 τούτου
2672 2525 2770 2595 καὶ*
2794 2545 2821 2594 ό
2850 2542 2955 2610 πρὸ
2978 2542 3165 2594 τούτου
3184 2541 3413 2613 ψαλμὸς,
3437 2546 3493 2596 ἐν
3522 2537 3601 2606 οἷς
3628 2543 3829 2613 ἔλεγεν⁹
3864 2545 4014 2614 Ἐγὼ

2450 2636 2517 2689 δὲ
2541 2634 2911 2707 κατεστάθην
2930 2636 3229 2701 ,βασιλεὺς
3256 2639 3356 2690 ὑπ’
3376 2639 3559 2692 αὐτοῦ
3582 2637 3674 2691 ἐπὶ
3704 2638 3855 2692 Σιὼν
3874 2639 4014 2707 ὅρος

2453 2730 2517 2781 τὸ
2556 2728 2723 2795 ἅγιον
2769 2728 2973 2781 αὐτοῦ.
3017 2723 3124 2779 Ἦν
3172 2727 3227 2779 δὲ
3278 2730 3367 2779 καὶ
3409 2731 3437 2781 ὁ
3473 2729 3643 2796 λέγων
3688 2732 3746 2781 ὲν
3786 2731 4014 2792 ἐκείνοις

2454 2820 2623 2873 ταῦτα
2660 2824 2688 2873 ὁ
2735 2822 2984 2891 Χριστόςο
3031 2821 3125 2873 καὶ
3160 2819 3252 2872 νῦν
3289 2822 3572 2891 τοιγαροῦν
3617 2824 4014 2876 ὲπακούσεσθαι

2456 2908 2619 2961 αὑτοῦ
2650 2926 2809 2978 φησιν
2842 2911 2870 2962 ό
2908 2908 3067 2962 Δαυῒδ
3099 2908 3157 2973 ἐξ
3187 2909 3342 2979 ὅρους
3374 2910 3527 2977 ἀγίου
3566 2910 3750 2967 αὑτοῦ.
3787 2912 3917 2964 Τίνα
3954 2912 4013 2964 δὲ

2455 2999 2849 3052 ἐπακούσεσθαι
2899 3000 3084 3060 αὑτοῦ,
3130 2998 3241 3052 ἀλλ’
3286 3001 3318 3071 ἢ
3360 3002 3451 3055 τὸν
3473 3002 3675 3072 Κύριον
3718 3002 3806 3053 τὸν
3849 3018 4015 3054 κατα-

2450 3091 2646 3145 στάντα
2678 3089 2893 3159 βασιλέα
2924 3092 3020 3143 ἐπὶ
3050 3091 3201 3145 Σιὼν
3226 3092 3361 3159 ὄρος
3386 3092 3453 3146 τὸ
3484 3092 3654 3161 ἅγιον
3671 3092 3892 3159 αὑτοῦ;
3914 3094 4016 3147 Διὰ

2451 3182 2640 3234 τούτου
2673 3182 2781 3252 γὰρ
2817 3168 2973 3251 μόνου
3015 3182 3260 3250 ἀφέσεως
3298 3164 3577 3255 τεύξεσθαι
3623 3184 4011 3250 πεπίστευκεν,

2452 3276 2609 3327 αὑτὸν
2641 3274 2695 3327 δὲ
2728 3270 2862 3327 εἶναι
2890 3273 3043 3338 δόξαν
3070 3275 3255 3337 αὐτοῦ,
3296 3277 3388 3329 καὶ
3416 3277 3505 3329 τὸν
3526 3276 3761 3347 eccam
3787 3277 3884 3347 τὴν
3919 3295 4010 3329 κε-

2453 3368 2623 3438 φαλὴν
2642 3367 2822 3421 αὑτοῦ.
2856 3367 3067 3437 Σφόδρα
3094 3367 3271 3422 τοίνυν
3302 3368 3574 3439 προειπὼν
3594 3368 4014 3441 δοξασθήσεσθαι

2451 3461 2543 3511 καὶ
2573 3456 2945 3531 ὑψωθήσεσθαι
2976 3460 3074 3531 τὴν
3106 3461 3293 3515 ἑαυτοῦ
3324 3462 3582 3532 κεφαλὴν,
3615 3461 3809 3515 ὁπόθεν
3840 3462 4016 3532 ὑπῆρ-

2454 3547 2539 3612 ξεν
2582 3548 2729 3619 αὑτῷ
2770 3548 2926 3602 τοῦτο
2964 3550 3210 3605 διδάσκει
3245 3551 3436 3620 λέγων·
3480 3551 3651 3621 Φωνῇ
3698 3568 3829 3621 μου
3864 3554 4015 3620 πρὸς

2450 3640 2667 3706 Κύριον
2713 3639 3021 3709 ἐκέκραξα,
3071 3642 3168 3695 καί
3217 3642 3521 3707 ἐπήκουσὲ
3556 3660 3673 3712 μου
3711 3644 3780 3708 ἐξ
3834 3643 4014 3711 ὅρους

2452 3732 2620 3798 ἁγίου
2652 3732 2857 3786 αὐτοῦ.

2534 3842 2679 3913 Ἐγὼ
2724 3842 3046 3913 ἐκοιμήθην
3087 3844 3182 3897 καὶ
3234 3842 3513 3907 ῦπνωσα,
3555 3844 3882 3913 ἐξηγέρθην
3923 3847 4015 3901 ὅτι

2452 3935 2660 3999 Κύριος
2698 3930 3092 3999 ἀντιλήψεται
3128 3948 3265 3999 μου.
3298 3930 3377 3985 Τά
3418 3932 3672 4002 μέλλοντα
3714 3936 3771 3987 ἐν
3807 3934 4014 3997 τούτοις

2451 4022 2525 4084 ὡς
2556 4023 2914 4093 παρῳχηκότα
2942 4021 3202 4085 θεσπίζει·
3231 4022 3307 4086 ὡς
3327 4023 3434 4093 γὰρ
3463 4025 3520 4075 ἐν
3547 4022 3621 4092 τῷ
3644 4024 3877 4095 δευτέρῳ
3898 4025 4014 4078 ἐλέ-

2451 4129 2601 4180 γετο·
2626 4114 2748 4166 Ἵνα
2764 4114 2819 4165 τί
2841 4112 3143 4181 ἐφρύαξαν
3167 4113 3331 4179 ἔθνη,
3360 4114 3457 4167 καὶ
3486 4116 3620 4168 λαοὶ
3643 4115 4015 4183 ἐμελέτησαν

2453 4204 2628 4266 word;
2666 4197 3063 4272 Παρέστησαν
3113 4206 3209 4257 καί
3261 4204 3651 4274 συνέστησαν
3706 4208 3855 4260 κατὰ
3907 4206 4013 4260 τοῦ

2452 4298 2670 4365 Κυρίου
2702 4298 2799 4351 καί
2842 4299 2988 4350 κατὰ
3042 4296 3148 4350 τοῦ
3194 4297 3448 4364 Χριστοῦ
3488 4298 3703 4361 αὑτοῦ,
3738 4298 4012 4351 ταῦτάτε

2453 4390 2650 4441 ἐνοεῖτο
2691 4383 3051 4457 μελλητίκῶς·
3081 4384 3224 4438 οὕτω
3267 4388 3362 4440 καὶ⁹
3394 4387 3486 4441 νῦν
3528 4388 3623 4450 τὸ,
3670 4386 3817 4455 Ἐγὼ
3853 4388 4012 4440 ἐκοι-

2447 4475 2647 4544 μήθην
2672 4476 2767 4529 καὶ
2798 4476 3065 4538 ὕπνωσα,
3100 4477 3446 4546 προφητικῶς
3477 4479 3711 4549 εἴρηται,
3752 4477 3871 4529 ἀντὶ
3897 4476 4011 4537 τοῦ,

2384 4598 2426 4652 D
2454 4566 2895 4636 Κοιμηθήσομαι
2935 4565 3032 4619 καὶ
3074 4565 3360 4632 ὑπνώσω,
3414 4569 3505 4622 καὶ
3550 4565 4008 4638 ἐξεγερθήσομαι·

2454 4658 2535 4710 ὅτι
2580 4659 2644 4711 σὺ
2678 4657 2879 4728 Κύριος
2929 4656 3268 4728 ἀντιλήπτωρ
3324 4676 3425 4723 μου
3472 4654 3541 4720 εἴ,
3593 4658 3716 4720 δόξα
3773 4675 3873 4727 μου
3920 4659 4013 4711 καὶ

2434 4747 2606 4825 ⁵ὑψῶν
2635 4748 2733 4819 τὴν
2764 4746 3004 4819 κεφαλήν
3050 4766 3169 4817 μου.
3206 4750 3293 4803 Ἑν
3337 4752 3511 4816 τούτῳ
3554 4750 3664 4820 γὰρ
3690 4749 3779 4801 τὸν
3826 4749 4012 4819 καιρὸν

2456 4838 2873 4908 ἐπισημαίνεται
2908 4836 3027 4889 καθ’
3071 4838 3130 4891 ὃν
3156 4839 3384 4910 ὑπάρξει
3430 4839 3576 4908 αὐτῷ
3623 4837 3810 4892 ταῦτα.
3859 4839 4012 4892 Μετὰ

2456 4927 2565 4999 γὰρ
2592 4929 2651 4983 τὸ
2678 4926 3001 4999 κοιμηθῆναι
3028 4930 3190 4983 αὐτὸν
3241 4930 3675 5003 ἐξεγερθήσεται,
3712 4930 3895 5000 φησιν,
3930 4931 4009 4983 ὃτι

2455 5018 2654 5091 Κύριος
2676 5019 3019 5089 ἀντιλήψεται
3044 5022 3226 5076 αὑτοῦ.
3250 5025 3539 5092 Κοίμησιν
3563 5022 3618 5074 δέ
3644 5022 3893 5091 σημαίνει
3920 5022 4010 5075 τὸν

2459 5109 2703 5176 θάνατον,
2737 5096 2855 5182 μεθ’
2887 5104 2945 5164 ὄν
2974 5112 3141 5166 ταῦτα
3175 5112 3391 5166 ἔσεσθαι
3422 5113 3547 5182 περὶ
3589 5110 3753 5165 αὐτοῦ
3797 5127 4008 5182 προφη-

2457 5198 2621 5264 τεύει,
2649 5199 2983 5270 ἀναπέμπων
3018 5201 3109 5254 ἐπὶ
3146 5201 3235 5253 τὸν
3263 5203 3451 5273 χρόνον
3489 5201 3585 5270 τῆς
3627 5198 3720 5252 τοῦ
3764 5200 4010 5271 Σωτῆρος

2460 5291 2779 5360 παρουσίας,
2815 5291 2933 5361 μεθ’
2962 5292 3023 5344 ὃν
3051 5291 3235 5351 τέλους
3264 5291 3449 5360 ἔτυχεν
3483 5292 3515 5361 ἡ
3549 5290 3875 5363 προφητεία·
3924 5291 4009 5341 ὅτε

2458 5381 2551 5434 καὶ
2596 5382 2784 5453 μέχρις
2827 5383 2953 5453 ᾅδου
3003 5382 3243 5445 καταϐὰς
3286 5387 3314 5436 ὁ
3358 5384 3485 5447 Υἱὸς
3531 5384 3623 5437 τοῦ
3655 5382 3937 5451 ἀνθρώπου
3981 5381 4009 5431 6

2456 5474 2707 5545 Χριστὸς,
2747 5476 2839 5529 καὶ
2870 5474 2976 5527 τῶν
3009 5476 3125 5537 ἐκεῖ
3165 5474 3583 5547 προσδοκώντων
3614 5474 3792 5543 ἀφιξιν
3823 5470 4010 5541 Σωτὴρ

2458 5565 2756 5637 ἐπεδείχθη,
2788 5567 2862 5629 ὡς
2897 5565 3010 5635 ἅμα
3042 5568 3108 5636 τῇ
3150 5567 3313 5620 αὑτοῦ
3366 5571 3429 5619 ἐκ
3471 5566 3677 5637 νεκρῶν
3719 5562 4010 5616 ἀναστάσει

2458 5656 2624 5709 πολλὰ
2654 5656 2877 5727 σώματα
2914 5655 3020 5709 τῶν
3076 5656 3243 5724 ἁγίων
3292 5658 3400 5710 τῶν
3432 5654 3839 5726 κεκοιμημένων
3886 5669 4009 5707 συν-

2458 5748 2748 5818 αναστῆναι
2779 5746 2945 5817 αὐτῷ,
2963 5749 3020 5801 ἐν
3049 5744 3129 5811 οἷς
3157 5748 3303 5814 εἰκὸς
3329 5747 3466 5801 εἶναι
3484 5748 3580 5803 καὶ
3609 5744 3706 5815 τὴν
3738 5742 3829 5795 τοῦ
3851 5744 4011 5809 Δαυῒδ

2457 5840 2651 5910 ψυχήν.
2680 5838 2905 5909 Θαρσῶν
2940 5839 2997 5892 δὲ
3026 5843 3090 5910 τῇ
3126 5840 3348 5909 δυνάμει
3389 5838 3487 5907 τῆς
3534 5822 3871 5899 ἀναστάσεως
3918 5834 4007 5889 τοῦ
