4262 6388
262 491 328 548 9Ἵ

1384 492 1889 550 COMMENTARIA
1929 496 1994 551 IN
2034 493 2367 553 PSALMUS.

3424 508 3492 563 93

261 600 527 686 Σωτῆρος,
566 616 633 670 δι’
681 613 748 689 ἦς
778 616 975 689 ἥμελλε
1022 617 1115 672 καὶ
1162 590 1321 681 αὐτὸς
1375 618 1659 689 κοιμηθεὶς
1712 620 1827 688 ἑξε-

1926 620 2162 676 Davidis.
2203 620 2400 675 Fidens
2436 627 2614 674 autem
2641 620 2826 675 virtuti
2858 622 3275 680 resurrectionis
3308 621 3493 680 Salva-

262 705 644 778 γερθήσεσθαι,
674 710 839 780 φησίν
859 727 873 740 υ
964 712 1001 721 ’“

326 889 407 940 Οὐ
436 876 979 958 φοϐηθήσομαιὼτὸ
1004 888 1305 959 μυριάδων
1325 889 1475 944 λαοῦ
1498 887 1613 942 τῶν
1627 891 1827 958 κύκλῳ

259 979 800 1049 συνεπιτιθεμένων
821 998 942 1050 μοι.
992 981 1252 1054 Προεώρα
1296 985 1403 1054 γάρ
1446 983 1530 1036 ὅτι
1572 985 1827 1055 μυριάδες

259 1070 648 1140 ἀντικειμένων
697 1069 979 1143 δυνάμεων
1040 1070 1387 1144 βουλήσονται
1440 1076 1681 1143 ἐπισχεῖν
1729 1073 1824 1145 τὴν

258 1159 365 1213 τῶν
415 1162 587 1230 ἁγίων
646 1163 937 1243 ἀναϐίωσιν
964 1206 978 1230 ,
1034 1164 1483 1237 διαφθονούμεναι
1532 1170 1596 1238 τῇ
1647 1167 1823 1220 αὐτῶν

262 1252 536 1325 σωτηρίᾳ·
572 1246 647 1309 ὧν
688 1253 819 1323 ἐγὼ,
851 1246 1038 1326 φησὶν,
1073 1246 1224 1325 λόγον
1278 1257 1465 1310 οὐδένα
1508 1259 1819 1329 ποιήσομαι,

258 1343 475 1417 θαρρῶν
500 1344 578 1416 τῷ
607 1347 983 1419 ύπερασπισ-τῇ
1015 1365 1137 1418 μου,
1164 1346 1241 1418 τῷ
1277 1348 1371 1402 τοῦ
1409 1348 1638 1402 θανάτου
1669 1368 1822 1419 νικη-

257 1441 324 1509 τῇ
346 1456 359 1468 ’
390 1438 448 1502 ὃς
476 1438 542 1511 δὴ
574 1438 742 1511 θύρας
770 1440 973 1510 χαλκᾶς
998 1440 1289 1511 συντρίψας
1315 1443 1406 1495 καὶ
1423 1442 1663 1513 ,μοχλοὺς
1678 1442 1823 1514 σιδη-

1930 714 2084 781 toris,
2117 729 2213 783 per
2238 727 2403 783 quam
2442 719 2495 767 et
2524 706 2942 782 ipse'dormiens’
2971 714 3322 771 suscitandus
3355 726 3491 783 erat,

1927 804 2005 859 ait
2038 824 2049 857 :

1924 934 1929 937 ~
1997 895 2162 952 Vsus.
2194 898 2247 951 7.
2282 894 2405 950 Non
2436 893 2623 950 timebo
2665 896 2837 949 millia
2888 895 3067 965 populi
3112 898 3491 955 circumdantis

1926 1002 2025 1040 me.
2054 983 2388 1039 Praevidebat
2409 983 2553 1037 enim
2584 984 2751 1036 multa
2783 982 2897 1037 fore
2929 983 3362 1040 adversariarum
3393 1000 3491 1055 po-

1924 1084 2185 1133 testatum
2217 1075 2406 1139 millia,
2434 1089 2578 1155 ⁵(ιιιιιι
2624 1062 2936 1129 sanctorum
2994 1076 3485 1139 resurrectionem.

1923 1187 2111 1226 eorum
2145 1170 2306 1226 saluti
2338 1152 2659 1231 invidentes,
2695 1167 3038 1237 interpellare
3070 1150 3305 1223 vellent:
3350 1184 3489 1239 quos

1922 1279 2043 1334 ego,
2097 1262 2296 1333 inquit,
2346 1261 2501 1315 nihili
2557 1259 2776 1323 faciam,
2812 1259 3050 1315 conlisus
3100 1262 3487 1330 propugnatori

1922 1369 2063 1418 meo,
2094 1353 2286 1420 mortis
2312 1343 2542 1417 victori;
2566 1352 2656 1421 qui
2687 1352 2939 1406 contritis
2968 1352 3123 1405 aereis
3154 1350 3361 1406 foribus
3394 1367 3488 1406 ve-
3556 1386 3557 1389 η

1928 1438 2470 1514 ctibusque-ferreis
2532 1442 2848 1501 confractis,
2900 1440 3150 1497 occlusas
3196 1457 3226 1495 a
3287 1442 3487 1497 Saeculo

232 1574 237 1577 .
262 1528 386 1599 ροῦς
415 1530 729 1594 συνθλάσας,
752 1530 847 1593 τὰς
873 1530 931 1594 ἐξ
954 1529 1165 1595 αίῶνος-
1182 1533 1682 1604 ἁποκεκλεισμένας
1728 1534 1820 1587 τοῦ

1922 1542 2105 1604 portas
2128 1533 2319 1588 mortis
2339 1533 2568 1604 aperuit,
2604 1534 2854 1602 notisque
2884 1533 2999 1587 suis
3034 1532 3108 1586 ibi
3142 1532 3483 1607 degentibus,

259 1621 483 1676 θανάτου
506 1623 678 1685 πύλας
707 1622 964 1692 ἀνέῳξεν·
992 1624 1108 1677 ὀδόν
1132 1607 1189 1677 τε
1213 1626 1559 1689 ἀναστάσεως
1580 1626 1821 1697 παρέσχε

1922 1640 1949 1680 e
1977 1639 2207 1694 quorum
2242 1639 2470 1679 numero
2510 1622 2678 1677 David
2724 1634 2873 1687 erat,
2927 1625 2994 1678 ad
3030 1606 3484 1680 resurrectionem

257 1720 365 1780 τοῖς
384 1716 568 1769 αὐτόθι
593 1715 887 1787 γνωρίμοις
918 1716 1099 1779 αὑτοῦ,
1130 1710 1203 1769 ὧν
1226 1712 1304 1780 εἷς
1334 1718 1510 1770 αὐτῶν
1551 1714 1618 1789 ἦν
1660 1721 1688 1771 ὁ
1719 1722 1820 1772 Δα-

259 1808 358 1861 υἲδ.
408 1810 499 1862 Διὸ
527 1812 585 1862 ἐν
625 1808 796 1880 ἑτέρῳ
823 1806 1021 1879 ψαλμῷ
1053 1808 1266 1878 ἔλεγεν·
1323 1810 1680 1880 Ἐγνώρισάς
1720 1812 1819 1879 μοι

256 1900 429 1968 ὀδοὺς
465 1899 629 1968 ζωῆςο
665 1901 1001 1969 πληρώσεις
1014 1919 1090 1971 με
1108 1904 1486 1971 εὐφροσύνης
1521 1904 1669 1973 μετὰ
1715 1903 1818 1957 τοῦ
1857 1953 1863 1960 ,

256 1993 579 2060 προσώπου
613 2011 741 2048 σου.

314 2084 619 2151 "Ar-data,
647 2070 844 2155 Κύριε,
878 2086 1085 2141 σῶσόν
1105 2106 1214 2157 με,
1259 2091 1291 2143 o'
1331 2089 1474 2154 Θεός
1510 2107 1649 2157 μου.
1693 2089 1820 2142 Ὅτι

258 2177 338 2232 σὺ
368 2179 673 2247 ἐπάταξας
693 2180 921 2250 πάντας
948 2184 1090 2249 τοὺς
1119 2180 1543 2252 ἐχθραίνοντάς
1580 2200 1679 2251 μοι
1705 2202 1816 2252 μα-

256 2271 449 2337 ταίως-ο
488 2270 737 2340 ὀδόντας
764 2274 1125 2344 ἁμαρτωλῶν
1152 2274 1538 2343 συνέτριψας.
1581 2275 1689 2329 Τοῦ
1715 2280 1823 2330 Κυ-

246 2364 383 2431 ρίου
404 2366 444 2433 ἠ
469 2367 761 2435 σωτηρία,
780 2368 876 2421 καὶ
896 2368 993 2422 ἐπὶ
1028 2367 1133 2421 τὸν
1172 2368 1325 2422 ,λαόν
1362 2382 1478 2421 σου
1510 2370 1550 2435 ἠ
1575 2370 1838 2437 εὐλογία⁹

251 2474 391 2512 σου-
412 2458 718 2524 Πιστεύσας
745 2463 810 2532 τῇ
836 2460 1142 2533 προγνώσει
1165 2460 1262 2531 τῆς
1282 2461 1649 2532 γενησομένης
1673 2462 1820 2533 αύτῷ

254 2552 388 2621 μετά
429 2551 543 2620 τὴν
577 2554 857 2622 κοίμησιν
891 2553 1135 2612 τουτέστι
1187 2552 1279 2605 τοῦ
1331 2552 1561 2607 θανάτου
1600 2554 1687 2607 διὰ
1721 2554 1820 2624 τῆς

252 2646 518 2716 σωτηρίου
551 2645 768 2716 χάριτος
796 2646 887 2699 καὶ
918 2644 1267 2716 εὐεργεσίαςο
1307 2646 1389 2698 ὅτι
1426 2662 1485 2698 τε
1514 2644 1613 2698 οὐκ
1645 2645 1818 2708 ἄλλως

249 2735 398 2789 ἔσται
434 2735 468 2807 ἢ
520 2739 618 2791 σὺν
646 2739 710 2807 τῇ
740 2735 901 2790 αὐτοῦ
923 2736 1016 2791 τοῦ
1044 2738 1294 2809 Σωτῆρος
1334 2736 1648 2800 ἀναστάσει,
1692 2737 1819 2789 ἀκο-

247 2827 452 2892 λούθως
480 2829 693 2900 εὔχεται
723 2814 1043 2900 ἐπιταχῦναι
1081 2829 1175 2883 τοῦ
1209 2829 1414 2900 Κυρίου
1443 2827 1542 2899 τὴν
1584 2822 1788 2881 ἀνάστα

253 2936 350 2982 σιν,
384 2920 531 2983 ὅπως
569 2921 645 2973 δι”
671 2920 837 2991 αὐτῆς
869 2919 1008 2992 τύχῃ
1047 2922 1139 2974 καὶ
1195 2919 1357 2982 αὐτὸς
1384 2920 1482 2990 τῆς
1507 2919 1776 2989 σωτηρίας
1797 2936 1810 2948 ο

248 3011 327 3064 διό
366 3026 551 3081 φησιν·
597 3008 865 3074 Ἀνάστα,
895 3011 1088 3078 Κύριε,
1112 3006 1318 3063 σῶσόν
1332 3024 1428 3077 με.
1459 3011 1491 3062 ό
1520 3008 1661 3073 Θεός
1672 3025 1812 3076 μου.

248 3102 489 3172 Νικητὴν
515 3101 571 3154 δὲ
600 3100 689 3153 τὸν
713 3100 941 3171 Σωτῆρα
957 3083 1111 3163 εἰδὼς
1145 3098 1359 3151 πάντων
1382 3096 1491 3150 τῶν
1521 3095 1817 3151 ἐπιϐουλῶν

246 3192 337 3246 τοῦ
375 3192 484 3246 τῶν
517 3191 815 3264 ἀνθρώπων
852 3191 1075 3261 γένους,
1118 3190 1387 3261 δαιμόνων
1432 3188 1680 3260 πονηρῶν
1723 3189 1817 3241 καὶ

247 3270 525 3356 δυνάμεων
566 3283 952 3355 ἀντικειμένων
973 3323 987 3347 ,
1014 3270 1177 3353 φησίν
1196 3299 1209 3312 ’
1258 3283 1376 3335 Ὅτι
1404 3280 1485 3335 σὺ
1514 3279 1817 3347 ἐπάταξας

246 3378 475 3444 πάντας
502 3378 645 3444 τοὺς
669 3374 1093 3445 ἐχθραίνοντάς
1117 3392 1218 3444 μοι
1238 3374 1525 3445 ματαίως..
1556 3370 1740 3435 Οὕτως
1754 3370 1812 3423 τὸ

172 3524 173 3527 η
257 3469 540 3540 Ἐϐραῖκὺν
593 3470 667 3539 (Ι)
710 3470 810 3546 οὐκ
838 3467 948 3540 ἔχει
973 3507 987 3530 ,
1015 3466 1300 3536 ματαίως,
1333 3464 1503 3541 ἀλλὰ,
1526 3464 1809 3533 σιαγόναο

244 3562 292 3613 οἱ
421 3543 840 3631 Ἐὅδομήκοντα,
866 3559 1148 3628 ματαίως,
1178 3555 1445 3620 ἐξέδωκαν
1465 3539 1554 3625 ,ἦ
1579 3555 1720 3612 κατὰ
1747 3555 1813 3608 τὰ

244 3654 442 3725 ἀρχαῖα
476 3644 781 3723 ἀντίγραφα
813 3649 1012 3721 ἑτέρως
1033 3648 1321 3719 ἐσχηκότα,
1347 3647 1489 3701 καθὰ
1517 3648 1647 3715 φασί
1673 3664 1814 3711 τινες

242 3747 347 3800 τῶν
388 3744 684 3816 Ἐϐραίων,
712 3742 743 3813 ἢ
779 3742 878 3812 τῆς
903 3740 1100 3804 λέξεως
1131 3738 1192 3791 τὸ
1229 3737 1440 3799 εὐτελὲς
1469 3736 1809 3805 ἀποφεύγον-

241 3856 350 3904 τες.
384 3837 561 3892 Οίονεὶ
591 3835 649 3889 δὲ
682 3833 1023 3906 κοιμώμενον
1040 3832 1252 3893 δεικνὺς
1278 3828 1367 3881 τὸν
1393 3828 1545 3889 Θεὸν,
1577 3828 1666 3880 ὅτε
1696 3827 1819 3879 πεί-ι

246 3949 342 4004 ρας
374 3930 536 3984 ἕνεκα
568 3927 880 4000 παρέδωκεν
909 3926 1057 3998 ἡμᾶς
1082 3926 1200 3985 ταῖς
1219 3918 1617 3989 ἀντικειμέναις
1650 3917 1810 3970 δυνά·

246 4042 369 4096 μεσι
392 4065 407 4089 ,
437 4023 769 4093 διανίστησιν
812 4020 990 4073 αὐτόν.
1040 4017 1193 4087 Τάχα
1219 4015 1274 4068 δὲ
1318 4012 1410 4066 καὶ
1447 4014 1534 4064 ὅτε
1568 4011 1658 4063 τὸν
1699 4011 1810 4062 Σω-

241 4118 380 4191 τῆρα
403 4119 544 4188 ὑπὲρ
564 4119 596 4188 ἡ
605 4115 721 4187 μῶν
746 4115 962 4169 πάντων
991 4112 1326 4184 παρέδωκεν,
1351 4103 1634 4160 ἐκάθευδεν
1662 4100 1808 4172 αὐτῷ

241 4211 268 4261 ὁ
295 4209 484 4279 Πατήρ
504 4225 531 4271 '_
572 4206 876 4259 Ἀνίσταται
907 4201 965 4257 δὲ
996 4201 1184 4266 σώζων
1210 4199 1370 4253 αὑτὸν
1398 4196 1687 4250 πατάσσων
1711 4193 1808 4245 αὐ-

242 4302 331 4357 τοῦ
364 4303 490 4365 τοὺς
520 4300 768 4371 ἐχθροὺς,
800 4298 831 4370 ἢ
861 4298 987 4359 τοὺς
1032 4295 1340 4356 Ἰουδαίους,
1372 4291 1405 4363 ἦ
1440 4291 1564 4352 τοὺς
1590 4288 1809 4359 νοητοὺς

1850 1976 1894 2030 Β

1848 3334 1891 3395 C

198 4380 201 4381 ν
244 4392 448 4466 ἀλόγως
494 4392 892 4464 ὲχθραίνοντας.
955 4386 1109 4441 Μετὰ
1145 4386 1253 4457 γὰρ
1300 4383 1408 4438 τῶν
1457 4381 1752 4453 μισούντων
1780 4380 1847 4431 ὁ-

244 4490 393 4558 ᾰγιός
422 4489 568 4540 ἐστιν
606 4481 895 4555 εἰρηνικὸς,
930 4478 1154 4548 ἀγαπῶν
1185 4479 1309 4541 τοὺς
1329 4474 1570 4547 ἐχθρούς·
1603 4471 1808 4542 ἀνθρω-

244 4580 515 4651 πινότερον
545 4579 572 4631 ὁ
606 4574 677 4646 μὴ
712 4571 952 4644 ματαίως
985 4569 1280 4640 ὲχθραίνων
1316 4565 1619 4638 ἀμύνεσθαι
1644 4562 1801 4616 θέλει·

241 4650 644 4737 θεοσεϐέστερον
666 4665 723 4718 δὲ
752 4661 840 4716 διὰ
866 4661 926 4713 τὸ
948 4658 1234 4729 ἀληθεύειν
1285 4659 1428 4727 Ἔφη
1458 4655 1567 4725 γὰρ
1596 4654 1625 4705 ὀ
1656 4650 1804 4705 Παῦ-

239 4764 326 4827 λος
345 4780 357 4791 °
400 4763 454 4813 Ἐ
459 4764 635 4831 χορὸς
653 4756 793 4826 ὑμῖν
822 4742 1385 4824 γέγονάάληθεύειν
1407 4749 1479 4817 (‘2)
1514 4746 1655 4816 ὑμῖν
1679 4763 1691 4775 ·
1726 4745 1808 4831 Ὀ-

242 4859 390 4910 ποῐον
408 4855 500 4908 καὶ
531 4856 587 4906 ἐν
618 4851 863 4921 Ψαλμοῖς
889 4846 970 4911 τὸ,
1011 4842 1155 4912 Οὐχὶ
1186 4841 1327 4906 τοὺς
1352 4839 1681 4908 μισοῦντάς
1709 4830 1804 4902 σε,

240 4948 433 5015 Κύριε,
490 4945 791 5014 eulmina;
853 4938 990 4992 Ἀλλ’
1009 4936 1108 4989 οὐκ
1135 4931 1576 4999 ὲπιϐουλευτικὴν
1610 4928 1805 4999 ἔχθραν

239 5040 475 5109 νοητέον,
510 5034 645 5088 ἀ)λά
669 5032 973 5100 κωλυτικὴν
994 5069 1007 5092 ,
1036 5025 1292 5098 χεομένης
1335 5021 1530 5082 κακίας
1562 5020 1640 5081 εἰς
1675 5018 1805 5070 πολ-

237 5128 380 5193 λούς.
412 5129 488 5182 Δι’
510 5125 700 5181 ἑαυτοῦ
729 5125 837 5197 γὰρ
860 5124 894 5195 ἢ
917 5121 1011 5176 καὶ
1038 5121 1100 5173 δι’
1126 5117 1283 5171 ἄλλου
1317 5115 1423 5185 χρὴ
1452 5112 1547 5183 τὴν
1576 5110 1807 5180 δυνατὴν

240 5223 581 5293 προσάγοντα
638 5219 883 5291 βοήθειαν
936 5211 1285 5286 θεραπεύειν·
1332 5208 1456 5279 ἣτὸ
1500 5206 1805 5258 τελευταῖον

237 5314 486 5385 εὔχεσθαι
521 5315 654 5386 (περὶ
697 5311 791 5371 τοῦ
843 5307 1171 5376 κολασθῆναι
1198 5301 1295 5372 τὴν
1346 5297 1625 5386 μοχθηρὰν
1663 5296 1797 5361 ἕξιν,

238 5410 398 5480 ἢγουν
423 5398 782 5478 ἐκριζωθῆναι
824 5403 932 5457 ἀπὸ
970 5400 1061 5455 τοῦ
1112 5398 1353 5468 ἔχοντος⁵
1396 5384 1462 5446 οὗ
1498 5392 1799 5445 διδακτικὸν

238 5501 325 5554 καὶ
357 5498 439 5560 τό,
487 5498 904 5566 Προσεύχεσθε
949 5491 1099 5561 ὑπὲρ
1152 5482 1270 5565 τῶν
1317 5483 1763 5553 ἐπηρεαζόντων
1783 5522 1797 5547 ,

239 5594 327 5646 καὶ
353 5591 449 5654 τὸ,
495 5585 785 5656 Ἀγαπᾶτε
821 5584 965 5650 τοὺς
1005 5579 1259 5651 ἐχθροὺς
1304 5575 1488 5646 ὑμῶν.
1544 5576 1601 5632 Ὀ
1634 5573 1688 5626 δὲ
1723 5573 1799 5643 μὴ

238 5684 401 5757 ψιλῶς
423 5680 682 5751 ἀγαπῶν,
723 5680 818 5733 καὶ
870 5677 997 5748 περὶ
1034 5675 1094 5728 τὸ
1133 5673 1311 5737 καλῶς
1351 5668 1615 5739 γενέσθαι·
1653 5666 1800 5738 αὐτῷ

1842 4701 1885 4756 D

1920 1720 2061 1772 viam
2113 1718 2343 1793 paravit.
2406 1715 2768 1782 Quamobrem
2822 1717 2875 1769 in
2909 1709 3015 1769 alio
3060 1717 3269 1785 psalmo
3300 1717 3482 1783 dixit:

1922 1808 2093 1889 Notas
2123 1788 2250 1865 mihi
2274 1811 2443 1879 fecisti
2500 1811 2610 1865 vias
2648 1808 2766 1862 vita:
2795 1824 2813 1860 :
2842 1806 3153 1877 adimplebis
3187 1824 3267 1862 me
3296 1788 3486 1864 laetitia

1921 1921 2037 1958 cum
2070 1906 2213 1959 vultu
2244 1914 2333 1958 tuo
2357 1904 2445 1957 “2

2000 2083 2161 2141 Vens.
2196 2085 2249 2139 8.
2280 2082 2538 2154 Exsurge,
2566 2082 2809 2145 Domine,
2851 2080 3055 2135 salvum
3099 2097 3178 2135 me
3206 2080 3313 2150 fac,
3340 2079 3482 2135 Deus

1926 2195 2091 2233 meus.
2162 2176 2424 2243 Quoniam
2470 2170 2527 2229 tu
2577 2174 2881 2243 percussisti
2926 2189 3101 2227 omnes
3150 2169 3481 2227 adversantes

1926 2269 2054 2322 mihi
2086 2268 2197 2321 sine
2230 2282 2415 2328 causa,
2449 2265 2628 2318 dentes
2658 2272 2988 2333 peccatorum
3016 2262 3331 2317 contrivisti.
3373 2263 3482 2315 Do-

1926 2360 2054 2413 mini
2101 2367 2178 2412 est
2215 2356 2383 2423 salus,
2436 2365 2486 2410 et
2514 2370 2669 2423 super
2704 2355 2954 2424 populum
2999 2365 3147 2409 tuum
3200 2352 3483 2407 benedictio

1927 2460 2039 2506 tua.
2077 2450 2217 2505 Cum
2250 2448 2588 2521 prospiceret
2622 2448 2854 2502 salutem
2888 2446 3014 2507 sibi,
3048 2452 3173 2515 post
3201 2445 3482 2499 dormitio-

1925 2562 2041 2602 nem
2087 2546 2201 2600 sive
2247 2533 2480 2602 obitum,
2514 2540 2742 2596 salutari
2786 2539 2958 2609 gratia
3004 2547 3167 2608 atque
3216 2538 3484 2593 beneficio

1925 2634 2333 2700 conferendam,
2370 2633 2581 2703 ipsique
2620 2630 2776 2685 ﬁdem
2825 2630 3081 2695 haberet;
3116 2638 3299 2684 certus
3337 2630 3483 2683 hanc

1924 2726 2139 2782 nonnisi
2176 2725 2231 2779 in
2274 2724 2674 2779 resurrectione
2729 2720 3029 2776 Salvatoris
3058 2726 3218 2791 passe
3251 2722 3357 2777 sibi
3395 2722 3487 2776 ob-

1923 2820 2126 2882 venire,
2166 2822 2569 2882 consequenter
2613 2813 2886 2883 'precatur
2926 2813 3242 2888 accelerari.
3269 2810 3484 2867 Domini

1921 2907 2399 2965 resurrectionem,
2429 2912 2491 2957 ut
2518 2918 2613 2972 per
2640 2917 2759 2956 eam
2795 2910 2849 2956 et
2877 2903 2992 2970 ipse
3026 2904 3255 2957 salutem
3291 2917 3484 2957 conse-

1920 3008 2139 3073 quatur.
2174 2996 2537 3065 Quamobrem
2567 2995 2677 3049 ait:
2726 2978 2980 3063 Exsurge,
3005 2993 3246 3055 Domine,
3276 2994 3481 3048 salvam

1900 3111 2001 3151 me
2023 3093 2132 3160 fac,
2157 3090 2297 3155 Deus
2322 3104 2501 3142 meus:
2540 3096 2851 3158 gnarusQue
2882 3084 3121 3138 futurum
3142 3082 3478 3139 Salvatorem

1922 3187 2165 3242 omnium
2220 3183 2435 3255 generis
2486 3181 2711 3235 humani
2766 3178 3111 3242 insidiarum,
3174 3178 3477 3234 daemonum

1921 3280 2047 3335 item
2099 3287 2151 3334 et
2190 3274 2625 3332 adversariarum
2685 3280 3015 3342 potestatum
3048 3271 3332 3334 victorem,
3364 3270 3474 3325 ait:

1925 3362 2190 3437 Quoniam
2217 3375 2271 3419 tu
2298 3363 2603 3433 percussisti
2636 3377 2811 3442 omnes
2852 3358 3182 3413 adversantes
3213 3357 3339 3412 mihi
3371 3357 3483 3411 si”!

1925 3476 2107 3516 causa.
2138 3456 2464 3512 Hellraicum
2512 3452 2788 3521 exemplar
2839 3467 2946 3505 non
2996 3452 3077 3505 sic
3130 3450 3314 3513 habet,
3368 3449 3482 3504 sine

1917 3569 2104 3617 causa,
2138 3550 2256 3613 sed,
2288 3550 2341 3601 in
2389 3545 2710 3607 maxillam;
2744 3542 3094 3612 Septuaginta
3140 3557 3272 3596 vero
3308 3540 3478 3596 luter—

1917 3652 2117 3714 pretes,
2157 3642 2267 3695 sine
2294 3654 2477 3699 causa,
2509 3635 2818 3696 ediderunt,
2854 3634 2967 3687 sive
3007 3632 3134 3702 quia
3178 3633 3476 3687 vetustiora

1916 3732 2244 3803 exemplaria
2280 3730 2580 3790 variabant,
2609 3735 2666 3780 ut
2688 3725 2907 3795 quidam
2938 3724 3287 3778 Hebraeorum
3321 3726 3479 3778 testi-

1916 3823 2180 3885 ﬁcantur;
2244 3820 2357 3873 sive
2415 3826 2467 3871 ut
2529 3832 2556 3870 a
2625 3814 2777 3870 vocis
2850 3814 3059 3868 vilitate
3113 3812 3471 3869 declinarent.

1915 3913 2082 3968 Deum
2116 3926 2244 3967 vero
2279 3910 2433 3980 quasi
2468 3916 2580 3961 tum
2613 3906 2973 3962 dormientem
2998 3905 3473 3965 adumbrans,cum

1914 4005 2156 4067 tentandi
2195 4017 2363 4057 causa
2394 4000 2724 4056 adversariis
2754 4014 2854 4053 nos
2898 3997 3261 4067 potestatibus
3305 3997 3475 4050 tradi-

1913 4096 2013 4159 dit,
2072 4097 2251 4164 ipsum
2299 4101 2327 4145 a
2363 4104 2557 4147 somno
2615 4089 2841 4142 excitat.
2894 4084 2960 4138 Et
3011 4083 3263 4139 fortassis
3310 4083 3471 4137 etiam

1912 4196 2046 4241 tunc
2103 4178 2262 4238 Pater
2305 4180 2611 4244 dormierit,
2658 4193 2783 4233 cum
2840 4176 3177 4231 Salvatorem
3226 4181 3473 4229 nostrum

1914 4294 2014 4351 pro
2058 4277 2217 4331 nobis
2259 4273 2516 4330 omnibus
2558 4271 2811 4327 tradidit:
2859 4268 3127 4323 excitatur
3184 4271 3364 4319 autem
3415 4271 3474 4317 ut

1915 4373 2144 4427 salutem
2175 4370 2278 4440 ipsi
2310 4366 2580 4429 conferat,
2632 4363 3010 4435 percutiatque
3047 4359 3301 4412 inimicos
3327 4355 3471 4423 ejus,

1916 4454 2038 4520 eum
2070 4464 2306 4527 Iudaeos,
2364 4469 2475 4517 tum
2538 4456 2905 4526 intelligibiles
2952 4453 3159 4516 hostes,
3218 4449 3312 4518 qui
3353 4449 3471 4502 sine

1916 4576 2080 4616 causa
2108 4560 2287 4629 ipsum
2318 4548 2569 4611 oderunt.
2604 4549 2737 4603 Nam
2763 4548 2847 4601 vel
2878 4559 3001 4600 cum
3032 4544 3105 4609 iis
3136 4543 3229 4611 qui
3264 4556 3323 4597 se
3345 4539 3472 4595 odio

1916 4628 2227 4708 habentivir
2259 4656 2481 4704 sanctus
2513 4643 2774 4714 paciﬁcus
2831 4644 2937 4700 est,
2991 4636 3351 4703 inimicosque
3383 4628 3487 4687 di-“

1914 4748 2060 4817 ligit:
2100 4743 2394 4797 humanius
2446 4748 2625 4792 autem
2654 4734 2829 4789 sentit
2883 4730 2979 4801 qui
3028 4744 3153 4783 cum
3203 4743 3312 4781 non
3347 4726 3471 4781 sine

1912 4854 2078 4895 causa
2128 4836 2289 4890 alicui
2320 4832 2577 4887 inimicus
2607 4831 2697 4896 sit,
2746 4828 3007 4883 ultionem
3062 4823 3303 4893 expetit;
3347 4823 3471 4876 reli-

1912 4930 2117 5001 giosius
2158 4940 2322 4997 porro
2350 4923 2463 4977 veri
2506 4920 2720 4976 dicendi
2757 4932 2926 4998 causa
2975 4916 3135 4989 [tales
3174 4912 3471 4966 inimicitia:

1910 4992 2334 5091 suscipiuntur.]
2399 5016 2489 5069 Ait
2538 5016 2682 5070 enim
2733 4992 2972 5066 Paulus:
3030 5006 3281 5061 Inimicus
3330 5002 3467 5057 vobis

1908 5117 2081 5186 factus
2108 5127 2225 5163 sum
2249 5125 2424 5163 verum
2447 5106 2625 5160 dicens
2642 5106 2710 5157 ’δε
2743 5102 2903 5176 quale
2929 5100 3091 5154 etiam
3143 5096 3198 5181 in
3235 5092 3468 5148 Psalmis

1907 5182 2037 5259 illud
2065 5211 2180 5254 est:
2216 5198 2404 5251 Nonne
2430 5197 2521 5267 qui
2550 5194 2768 5248 oderunt
2792 5200 2861 5256 te,
2890 5189 3130 5251 Domine,
3159 5182 3372 5237 oderam
3388 5182 3469 5234 "?

1906 5294 1975 5349 At
2008 5307 2116 5346 non
2151 5287 2503 5345 insidiantem
2539 5282 2882 5340 inimicitiam
2932 5279 3020 5332 hic
3062 5274 3330 5343 intelligas
3373 5288 3466 5326 ve-

1908 5385 2021 5443 lim,
2054 5378 2149 5435 sed
2200 5377 2625 5448 impedientem;
2677 5370 2883 5433 malitia
2929 5366 3136 5421 scilicet
3176 5360 3230 5414 iu
3264 5358 3465 5412 multos

1904 5476 2118 5531 dill‘usa.
2173 5473 2271 5527 Sui
2305 5484 2542 5540 namque
2575 5466 2659 5522 vel
2708 5464 2870 5519 etiam
2907 5457 3131 5513 alterius
3177 5465 3345 5506 causa
3374 5465 3467 5505 co-

1904 5566 2095 5624 lendus
2128 5563 2612 5632 observandusque
2640 5567 2729 5614 est
2780 5555 2870 5627 qui
2899 5549 3157 5607 auxilium
3206 5551 3464 5616 praestat;

1905 5664 2019 5719 sive
2055 5660 2273 5714 demum
2303 5654 2640 5729 precandum
2666 5661 2774 5715 est,
2802 5656 2860 5702 ut
2890 5645 2956 5700 de
2989 5639 3238 5712 improbo
3269 5636 3467 5692 aﬂectu

303 5841 367 5872 ’δ’
409 5836 554 5893 Psal.
585 5851 677 5901 xv,
706 5834 793 5889 l0.
832 5916 835 5917 ν
870 5830 916 5862 ⁸⁵
954 5827 1130 5883 Galat.
1167 5843 1252 5888 ιν,
1291 5825 1375 5881 16.
1452 5824 1496 5854 ³⁸
1529 5820 1675 5878 Psal.
1711 5832 1984 5884 cxxxvm,
2024 5814 2104 5871 2|.

299 5997 374 6066 (ι)
414 5998 472 6053 lu
506 5996 770 6055 llcbraico
804 5994 1019 6063 legitur,
1059 5972 1153 6053 mh
1178 5987 1323 6050 quod
1342 5989 1425 6043 est
1453 5979 1694 6036 maxilla.

1953 5970 2039 6045 (2)
2076 5968 2238 6025 Forte
2266 5947 2554 6037 legendum
2595 5938 2892 6031 ἀληθευων.
2930 5954 3088 6010 Eutr.
