4262 6406
746 440 849 523 ’99

1458 460 1724 517 EUSEBII
1763 460 2243 526 εΑεδΑιιιεΝδιε
2281 462 2427 517 θΡΡ.
2472 459 2672 517 PARS.
2714 457 2799 514 III.
2834 462 3315 520 —EXECETICA.

3925 464 4032 521 100

778 584 915 638 ultio
944 592 1231 646 sumatur;
1261 581 1343 634 vel
1381 586 1440 633 ut
1490 580 1755 634 nadicitus
1788 582 2014 633 tollatur
2052 581 2121 632 al)
2150 596 2216 634 eo
2255 583 2351 649 qui

2406 592 2428 641 ι
2458 581 2722 648 συνεργεῖ,
2759 579 2851 633 καὶ
2884 578 2944 630 τὸ
2972 580 3027 630 ὲν
3051 580 3262 650 ἑϐδόμῳ
3288 577 3558 651 δὲψαλμῷ
3582 579 3870 651 λεγόμενον
3892 598 3908 611 ·
3959 581 4033 634 Ei

777 676 861 729 sic
878 674 1100 728 affectus
1122 682 1221 727 est.
1249 672 1421 738 Quam
1439 687 1550 725 rem
1569 671 1726 724 docet
1743 672 1873 725 illud
1894 689 1907 724 :
1929 669 2227 723 Precamini
2249 686 2341 737 pro

690 824 691 827 η
774 768 841 820 iis
878 767 966 835 qui
1013 782 1099 819 vos
1146 754 1386 818 molestia
1434 764 1767 832 afficiunt";
1827 770 1880 817 et
1924 763 2095 817 illud:
2133 763 2344 832 Diligite

779 858 1015 910 inimicos
1062 866 1259 909 vestros
1291 858 1362 909 ’⁸.
1417 855 1520 921 Qui
1570 868 1735 925 porro
1782 869 1893 909 non
1942 855 2133 909 leviter
2177 863 2342 917 amat,

778 958 1036 1019 procurat
1076 950 1240 1003 etiam
1278 957 1337 1003 ut
1391 948 1629 1004 inimicis
1676 949 1816 1004 bene
1855 950 2155 1019 contingat.
2190 946 2345 1003 Insu-

782 1049 984 1103 perque
1024 1039 1150 1092 illud
1192 1053 1245 1091 tn
1272 1040 1502 1107 septimo
1527 1042 1736 1108 psalmo
1762 1042 1967 1096 dictum
1998 1063 2009 1095 :
2041 1040 2099 1097 Si
2127 1045 2335 1097 reddidi

784 1125 1183 1179 retribuentibus
1204 1128 1330 1180 mihi
1354 1130 1513 1194 mala,
1539 1132 1774 1185 decidam
1800 1135 1985 1186 merito
2010 1134 2074 1186 ab
2101 1135 2329 1187 inimicis

778 1214 903 1266 meis
924 1215 1095 1267 inanis
1123 1217 1189 1280 ²⁹,
1210 1217 1487 1286 perspicue
1509 1220 1665 1274 docet
1688 1224 1955 1277 neminem
1980 1224 2104 1278 odio
2128 1224 2330 1279 haben-

784 1310 914 1364 dum
937 1326 1078 1364 esse.
1117 1309 1228 1364 Cur
1254 1311 1435 1381 itaque
1457 1312 1666 1365 dictum
1685 1321 1768 1367 est
1788 1330 1801 1366 :
1820 1310 2006 1366 Nonne
2017 1312 2105 1383 qui
2125 1313 2344 1366 oderunt

783 1412 852 1463 te,
907 1402 1145 1466 Domine,
1188 1403 1506 1457 oderam”?
1539 1402 1650 1456 lmo
1682 1404 1865 1472 potius
1898 1405 2022 1473 quis
2059 1405 2195 1458 adeo
2241 1406 2342 1457 im-

782 1492 927 1561 pius,
966 1502 1023 1545 ut
1060 1509 1184 1546 eum
1211 1492 1338 1546 odio
1368 1492 1584 1554 habeat,
1629 1507 1789 1561 quem
1816 1490 1982 1545 Deum
2017 1490 2347 1549 arbitratur?

781 1584 883 1649 Qui
920 1585 1087 1653 igitur
1115 1583 1395 1639 Christum
1441 1584 1567 1637 odio
1620 1582 1820 1639 habent
1871 1597 1934 1637 ac
1984 1583 2341 1646 detestantur,

781 1675 952 1732 Deum
976 1676 1213 1737 oderunt
1240 1695 1253 1731 :
1290 1691 1437 1739 nam,
1479 1676 1569 1743 qui
1595 1691 1675 1729 me
1698 1675 1901 1741 recipit,
1934 1674 2132 1745 inquit,
2164 1675 2344 1743 recipit

779 1769 1021 1837 eum’qui
1067 1785 1148 1821 me
1206 1768 1441 1833 misit“;
1488 1777 1562 1830 et,
1613 1766 1701 1837 qui
1726 1767 2005 1834 conﬁtetur
2031 1763 2253 1826 Filium,
2295 1771 2344 1817 et

781 1859 1000 1914 Patrem
1043 1859 1197 1914 habet
1234 1860 1299 1926 ",
1336 1874 1399 1913 ac
1442 1860 1562 1913 vice
1608 1872 1787 1921 versa,
1836 1858 1926 1927 qui
1971 1854 2171 1910 Filium
2211 1856 2340 1922 odit,

2449 669 2839 725 ἀνταπέὸωκα
2876 668 2999 735 τοῖς
3028 671 3496 727 ἀνταποδιδοῦσί
3522 690 3624 741 μοι
3650 673 3811 727 κακὰ
3830 713 3846 739 ,
3877 672 4034 726 ἀπο-

2395 754 2405 765 ’
2450 762 2688 832 πέσοιμι
2723 761 2837 830 ἄρα
2874 762 2992 815 ἀπὸ
3022 760 3138 814 τῶν
3166 764 3394 831 ἐχθρῶν
3426 782 3547 835 μου
3588 766 3800 831 κενὸς,
3838 764 4034 834 σαφῶς

2449 851 2687 905 διδάσκει
2713 851 2916 923 μηδένα
2939 855 3135 922 μισεῖν.
3166 854 3287 916 Πῶς
3311 852 3401 909 οὖν
3431 857 3644 927 εἴρηται
3663 873 3677 886 °
3706 854 3855 926 Οὐχὶ
3885 855 4036 920 τοὺς

2446 941 2775 1007 μισοῦντας
2798 959 2893 1007 σε,
2916 944 3112 1011 Κύριε,
3138 943 3429 1011 ἐμίσησα;
3448 947 3664 1001 Μᾶλλον
3690 945 3747 1001 δὲ
3774 946 3854 1011 τίς
3877 948 4035 1000 ἐστιν

2450 1031 2621 1095 οὕτως
2648 1032 2824 1096 ἄθεος,
2856 1033 2933 1098 ὡς
2968 1036 3144 1105 μισεῖν
3172 1034 3230 1087 ὃν
3262 1036 3475 1105 ἡγεῖται
3509 1036 3674 1103 Θεόν;
3717 1037 3884 1108 Δῆλον
3909 1033 4030 1101 οὖν,

2450 1124 2524 1187 ὡς
2566 1127 2616 1178 ot
2651 1126 2933 1195 μισοῦντες
2975 1128 3089 1180 καὶ.
3117 1127 3635 1198 καταθεματίςοντες
3686 1130 3892 1202 Ἰησοῦν
3941 1149 4036 1202 μι-

2453 1215 2607 1271 σοῦσι
2638 1219 2730 1272 τὸν
2758 1218 2889 1273 Θεόν
2910 1238 2923 1250 ·
2966 1220 3029 1275 '0
3061 1220 3167 1293 γὰρ
3189 1220 3312 1290 ἐμὲ,
3360 1222 3493 1293 φησι
3516 1260 3533 1286 ,
3570 1222 3890 1293 δεχόμενος
3932 1224 4032 1281 δέ·

2411 1353 2416 1358 .
2452 1328 2618 1382 χεται
2656 1310 2762 1363 τὸν
2811 1311 3259 1368 ἀποστείλαντά
3284 1330 3387 1383 με·
3441 1314 3568 1378 καὶ,
3614 1315 3668 1367 '0
3714 1315 4035 1388 ὁμολογῶν

2468 1404 2576 1457 τὸν
2612 1402 2769 1466 Υιὸν,
2800 1403 2897 1455 καὶ
2933 1403 3037 1457 τὸν
3066 1404 3297 1474 Πατέρα
3338 1406 3491 1474 ἔχει*
3531 1406 3721 1461 οὐκοῦν
3743 1410 3833 1461 καὶ
3863 1413 3898 1462 ό
3940 1427 4036 1479 μι-

2450 1497 2579 1552 σῶν
2594 1493 2698 1549 τὸν
2708 1493 2964 1558 meamea!
2984 1494 3089 1548 τὸν
3102 1498 3329 1564 Πατέρα
3338 1495 3634 1565 inveniat
3648 1498 3753 1560 πᾶς
3766 1498 3822 1550 δὲ
3844 1498 4034 1570 ἀμαρ-

2448 1588 2621 1640 τάνων
2652 1588 2801 1656 μισεῖ
2820 1586 2911 1638 τὸν
2935 1584 3067 1638 Θεόν
3087 1582 3117 1615 ’ν
3141 1587 3288 1657 μισεῖ
3323 1587 3431 1660 γὰρ
3474 1588 3664 1657 σοφίαν
3697 1589 3789 1643 καὶ
3815 1588 4033 1643 δικαιο-

2452 1675 2640 1746 σύνην,
2674 1676 2813 1746 ἆπερ
2838 1674 2953 1726 ἐστι
2982 1673 3236 1745 Χριστός.
3269 1676 3378 1728 Καὶ
3405 1673 3458 1728 τί
3503 1674 3814 1744 θαυμαστὸν
3834 1716 3851 1741 ,
3885 1674 4028 1727 ὅπου

2451 1765 2640 1820 ἑαυτὸν
2674 1767 2701 1818 ὁ
2733 1762 3054 1836 ἁμαρτάνων
3081 1765 3228 1833 μισεῖ
3250 1780 3264 1828 ;
3286 1764 3442 1818 Κατὰ
3464 1764 3571 1836 γὰρ
3595 1762 3936 1835 Σολομῶντα·
3974 1764 4031 1814 Ὀ

2449 1840 2867 1925 ἀπωθούμενος
2919 1852 3195 1907 παιδείαν
3234 1853 3406 1921 μισεῖ
3462 1855 3699 1908 ἑαυτόν.
3745 1851 3959 1907 Οὐκοῦν
4001 1853 4034 1906 ὁ

782 1949 895 2003 odit
920 1960 965 2003 et
996 1949 1213 2003 Patrem
1238 1949 1302 2003 ³³.
1330 1948 1589 2018 Quisquis
1615 1953 1743 2004 vero
1766 1956 1973 2019 peccat,
2000 1948 2113 2002 odit
2140 1946 2307 2001 Deum
2333 1965 2346 2001 :

2406 1954 2423 2003 ι
2455 1946 2626 2018 μισῶν
2652 1948 2778 2011 τοὺς
2807 1946 3097 2018 μισοῦντας
3123 1944 3213 1997 τὸν
3242 1944 3374 1997 Θεὸν
3406 1944 3545 2017 πλὴν
3570 1946 3764 2015 λογίων
3794 1943 3904 1998 τῶν
3939 1943 4033 1997 εὐ-

779 2043 893 2097 odit
922 2044 1122 2112 quippe
1154 2040 1479 2111 sapientiam
1509 2039 1910 2109 justitiamque.
1940 2039 2151 2093 scilicet
2183 2036 2345 2092 Chri-

782 2152 949 2195 Stum.
1028 2135 1237 2207 Ecquid
1292 2137 1543 2191 mirum?
1585 2138 1807 2206 quando
1855 2150 1914 2191 se
1943 2136 2061 2205 ipse
2093 2142 2347 2205 peccator

785 2232 927 2286 odit.
979 2229 1141 2293 Nam,
1177 2245 1245 2283 ex
1296 2227 1603 2294 Salomone,
1638 2230 1726 2298 qui
1754 2228 1948 2281 deserit
1990 2227 2346 2295 disciplinam,

781 2319 893 2372 odit
928 2319 1249 2387 seipsum“,
1295 2316 1481 2389 itaque
1508 2316 1601 2389 qui
1635 2316 1751 2372 odit
1779 2332 1875 2373 eos
1893 2316 1986 2386 qui
2015 2314 2185 2370 Deum
2220 2315 2348 2370 ode-

787 2416 939 2473 runt,
973 2424 1181 2475 omnes,
1218 2410 1460 2480 exceptis
1510 2424 1641 2465 sane
1690 2408 1824 2462 viris
1872 2405 2235 2478 prudentibus
2266 2412 2349 2459 'ac

783 2500 1079 2569 religiosis,
1131 2500 1257 2554 odio
1296 2501 1549 2564 habebit;
1586 2501 1695 2554 imo
1732 2499 1973 2568 seipsum
2006 2504 2343 2567 peccantem.
2388 2532 2393 2535 ς

783 2590 968 2661 Neque
1006 2607 1137 2647 sane
1186 2592 1506 2661 putandum,
1541 2590 1797 2645 animalia
1845 2604 1969 2644 esse
2019 2604 2141 2658 quae
2174 2586 2340 2641 Deum

783 2683 1047 2737 oderunt:
1108 2683 1201 2738 sed
1259 2686 1399 2737 mala
1451 2684 1568 2751 ipsa
1610 2681 1925 2735 hominibus
1972 2677 2339 2739 obvenientia,

782 2774 962 2845 qualis
1006 2783 1089 2829 est
1128 2774 1356 2839 malitia,
1396 2773 1515 2845 [Dei
1561 2774 1744 2829 odium
1788 2769 2060 2844 pariunt.]
2114 2772 2341 2845 ipseque

784 2864 1040 2935 iniustus.
1078 2874 1363 2939 quatenus
1415 2866 1652 2933 injustus
1709 2874 1814 2927 est,
1870 2862 2038 2918 Deum
2090 2860 2241 2925 odit;
2290 2860 2343 2913 id

2452 2039 2799 2091 crsﬁso'ré'rmv
2817 2037 3021 2100 πάντας
3044 2037 3266 2107 μισήσει
3292 2037 3385 2089 καὶ
3406 2037 3593 2091 ἑαυτὸν
3621 2038 4027 2109 ἁμαρτάνοντα.

2452 2129 2612 2182 ’Ὥστε
2641 2130 2702 2181 οὐ
2739 2126 2855 2192 ζῶα
2886 2127 3169 2198 νομιστέον
3196 2125 3264 2180 τὰ
3291 2126 3551 2197 μισοῦντα
3576 2128 3667 2181 τὸν
3696 2128 3828 2183 Θεὸν
3847 2170 3862 2193 ,
3888 2127 4032 2183 ἀλλὰ

2442 2224 2555 2283 τοῖς
2585 2220 2821 2289 λογικοῖς
2850 2219 2995 2274 κακά
3036 2217 3443 2290 συμϐεϐηκότα,
3467 2212 3589 2277 οἷον
3615 2220 3648 2289 η
3681 2220 3860 2275 ἀδικία
3879 2238 3892 2251 ο
3928 2222 4029 2274 καὶ

2407 2372 2420 2381 _
2443 2314 2471 2364 ὁ
2506 2312 2693 2375 ἄδικος
2732 2311 2867 2365 καθὸ
2913 2311 3097 2374 ἄδικος
3152 2312 3302 2383 μισεῖ
3328 2310 3418 2362 τὸν
3448 2308 3615 2375 Θεὸν,
3644 2310 3742 2381 τῆς
3786 2314 3844 2366 ὲν
3870 2311 4027 2383 αὐτῷ

2444 2403 2656 2465 ἀδικίας
2679 2403 2837 2456 τοῦτο
2870 2402 3145 2474 ποιούσης.
3193 2401 3302 2455 Καὶ
3331 2401 3411 2454 δεῖ
3431 2399 3600 2453 ταῦτα
3630 2404 3805 2470 μισεῖν
3853 2401 4029 2473 ἐχθρὰ

2443 2490 2776 2565 τυγχάνοντα
2826 2494 3249 2565 προηγουμένως
3306 2493 3480 2565 ὴμῶν.
3533 2491 3643 2546 Καὶ
3689 2491 3876 2564 ὥσπερ
3909 2495 4025 2548 ἀπὸ

2444 2563 2783 2657 τελειότητῖξ
2805 2563 3022 2656 ἔρχεται
3043 2563 3352 2657 δικαιοσύνη
3389 2584 3484 2639 καὶ
3517 2563 3858 2654 σωφροσύνη,
3881 2583 4027 2638 οὕτω

2446 2678 2540 2732 καὶ
2572 2677 2631 2729 τὸ
2658 2676 2856 2729 τοιόνδε
2886 2679 3057 2746 μῖσος.
3088 2676 3296 2730 Οὐκοῦν
3319 2676 3428 2739 πᾶς
3453 2674 3748 2747 ὲχθραίνων
3784 2674 3892 2727 τινι
3919 2692 4027 2745 μα-

2445 2769 2613 2831 ταίως
2660 2766 2965 2839 ὲχθραίνει’
3003 2769 3031 2821 δ
3067 2768 3130 2840 δὴ
3181 2768 3473 2840 προῦκειτο
3515 2767 3703 2834 δεῖξαι.
3764 2758 4026 2822 Τοιοῦτόν

2450 2861 2562 2911 ὲστι
2598 2859 2692 2913 καὶ
2717 2859 2797 2923 τὸ,
2840 2857 3173 2928 Ἐμίσησάν
3199 2876 3275 2928 με
3302 2858 3545 2927 δωρεάν.

783 2968 976 3029 agente
1009 2960 1213 3014 malitia
1253 2973 1374 3029 quae
1404 2958 1547 3012 inest
1593 2956 1813 3011 eidem:
1850 2967 2013 3025 atque
2077 2954 2191 3007 haec
2220 2952 2370 3014 vitia,
2414 2958 2602 3021 utpote
2664 2952 2907 3015 inimica,
2949 2966 3151 3021 perosa
3204 2962 3419 3022 oportet
3462 2968 3584 3009 esse
3628 2952 3810 3024 potius
3858 2963 4024 3020 quam

783 3064 884 3104 nos
916 3050 1081 3120 ipsos.
1134 3050 1277 3107 Sane
1310 3059 1429 3106 uta
1472 3046 1804 3119 perfectione
1868 3048 2139 3110 prodeunt
2194 3045 2407 3115 j’ustitia
2446 3054 2501 3098 et
2530 3046 2923 3115 temperantia,
2961 3046 3037 3100 ita
3088 3047 3275 3122 odium
3328 3048 3643 3117 huiusmodi
3698 3048 3890 3104 eodem
3946 3060 4019 3101 ex

784 3145 934 3200 fonte
981 3134 1245 3212 procedit.
1291 3143 1551 3214 Quisquis
1592 3158 1721 3214 ergo
1750 3142 1875 3196 odio
1906 3140 2139 3210 aliquem
2164 3136 2357 3199 "habet,
2398 3145 2603 3191 temere
2664 3151 2729 3189 ac
2758 3148 2897 3192 vane
2933 3138 3083 3194 odit:
3130 3139 3276 3209 quod
3328 3142 3487 3197 nobis
3532 3139 3872 3211 probandum
3936 3140 4027 3194 in-

781 3231 1022 3296 cumbit;
1061 3230 1373 3298 huiusmodi
1401 3234 1528 3289 item
1562 3233 1696 3288 illud
1738 3238 1843 3294 est,
1878 3229 1999 3284 odio
2045 3230 2331 3284 habuerunt
2362 3245 2443 3282 me
2460 3227 2624 3298 gratis
2647 3225 2711 3280 ³⁵.

851 3322 1053 3377 Eorum
1086 3335 1214 3374 vero
1247 3334 1412 3374 causa
1444 3324 1536 3392 qui
1569 3322 1820 3391 superius
1862 3320 2115 3375 dixerant
2148 3321 2345 3409 animae
2373 3337 2414 3392 ο

782 3417 921 3487 ejus,
954 3430 1058 3467 non
1089 3421 1167 3466 est
1199 3411 1347 3465 salus
1370 3412 1469 3480 ipsi
1494 3413 1548 3466 in
1580 3411 1685 3467 Deo
1710 3412 1849 3483 ejus,
1884 3428 2032 3467 nunc
2055 3414 2149 3474 ait,
2202 3410 2344 3464 Den-

784 3516 861 3563 m
916 3493 1255 3573 peccatorum
1314 3498 1630 3565 contrivisti,
1679 3505 1779 3557 hoc
1819 3512 1923 3567 est,
1974 3492 2255 3559 sermones
2292 3510 2345 3556 et

784 3597 1098 3666 blaspltema
1137 3595 1283 3649 dicta
1311 3593 1601 3649 adversum
1652 3609 1737 3647 me
1777 3596 1990 3663 prolata
2036 3592 2343 3659 abstulisti;

784 3688 895 3741 imo
920 3701 1072 3750 vero,
1111 3699 1206 3740 eos
1245 3686 1337 3755 qui
1382 3685 1511 3738 talia
1540 3684 1827 3738 adversum
1860 3700 1947 3739 me
1994 3686 2341 3756 spargebant,

784 3776 979 3846 impios
1014 3777 1265 3831 homines
1290 3777 1483 3832 alienis
1520 3776 1681 3830 malis
1714 3776 2033 3845 gaudentes,
2080 3776 2346 3830 contrivi-

788 3869 883 3931 sti,
940 3882 1211 3936 vocesque
1251 3882 1440 3920 eorum
1501 3866 1820 3921 confudisti.
1870 3866 2056 3936 Neque
2089 3867 2220 3921 mihi
2254 3868 2344 3922 uni

786 3968 912 4030 post
940 3959 1148 4013 obitum
1178 3999 1192 4023 ,
1226 3959 1319 4014 sed
1347 3960 1507 4014 etiam
1540 3960 1815 4024 universo,
1848 3961 1942 4030 qui
1972 3969 2100 4015 tuus
2131 3960 2344 4015 futurus

784 4059 923 4111 erat,
955 4050 1151 4117 populo
1177 4053 1629 4104 resurrectionem
1668 4051 1891 4120 parasti.
1929 4035 2343 4105 Observandum

784 4147 965 4195 autem
999 4147 1104 4200 est,
1123 4138 1243 4190 loco
1274 4139 1416 4193 illius
1443 4140 1613 4204 vocis,
1641 4138 1808 4201 salus,
1839 4136 2159 4195 Ilebraicam
2182 4156 2347 4195 usur-

784 4239 971 4301 patam
1030 4245 1154 4286 esse
1203 4244 1411 4292 vocem,
1468 4246 1586 4299 quae
1625 4245 1823 4284 nomen
1862 4228 1993 4285 Iesu
2046 4233 2340 4303 exprimit:

784 4330 947 4392 atque
975 4324 1145 4378 totius
1179 4321 1373 4391 psalmi
1400 4324 1706 4385 terminum,
1740 4322 1849 4376 duo
1876 4324 2051 4391 capita
2085 4325 2347 4378 doctrinm

784 4415 1106 4484 complecti;
1162 4414 1418 4466 nimirum
1469 4414 1719 4468 virtutem
1783 4412 1996 4478 Domini
2048 4416 2342 4469 salutarent

783 4518 940 4569 esse;
974 4505 1257 4573 ipsumque
1286 4505 1484 4575 populo
1504 4519 1638 4567 suo,
1666 4507 1758 4575 qui
1781 4522 1878 4575 per
1904 4505 2079 4573 ipsum
2115 4506 2344 4559 salutem

768 4602 1115 4657 consecutus
1161 4604 1266 4658 est,
1310 4595 1736 4651 benedictionem
1764 4584 2194 4666 impertiturum.
2246 4595 2345 4650 Be-

2530 3315 2686 3369 ’Δλλά
2710 3317 2803 3368 καὶ
2830 3315 2917 3369 διὰ
2956 3317 3079 3380 τοὺς
3119 3314 3377 3395 ἀνωτέρω
3425 3316 3718 3387 εἰρηκότας
3762 3322 3827 3391 τῇ
3871 3322 4022 3395 ψυχῇ

2417 3427 2420 3430 ’
2446 3408 2633 3473 αὐτοῦ,
2675 3409 2795 3471 υὺκ
2826 3408 2957 3461 ἔστι
2988 3393 3251 3476 σωτηρία
3274 3406 3436 3471 αὐτῷ
3460 3408 3529 3460 ἐν
3548 3405 3626 3472 τῷ
3656 3408 3776 3474 Θεῷ
3808 3393 4022 3481 αὐτοῧ,

2445 3500 2537 3571 νῦν
2566 3516 2731 3570 φησιν
2752 3515 2765 3529 ·
2814 3496 3083 3564 Ὀδόντας
3102 3492 3461 3567 ἁμαρτωλῶν
3486 3497 3872 3568 συνέτριψας,
3904 3521 4025 3558 του.

2444 3588 2938 3657 τέστιτοὺςλὸγους
2962 3589 3053 3641 καὶ
3080 3589 3179 3653 τὰς
3199 3589 3319 3643 κατ’
3336 3588 3470 3659 ἐμοῦ
3494 3588 3841 3662 βλασφημίας
3869 3610 3938 3647 πε
3946 3613 4025 3666 ρι-

2444 3686 2613 3747 εἴλας·
2652 3682 2788 3737 ἀλλά
2830 3681 2924 3736 καὶ⁹
2957 3682 3152 3745 αὐτοὺς
3192 3683 3319 3746 τοὺς
3360 3685 3481 3737 κατ’
3516 3683 3649 3754 ὲμοῦ
3688 3684 3756 3737 τά
3797 3685 4023 3742 τοιαῦτα

2446 3773 2870 3844 φθεγξαμένους,
2897 3770 3112 3836 ἀσεϐεῖς
3141 3772 3306 3836 ὄντας
3344 3774 3437 3827 καὶ
3485 3775 4020 3846 ὲπιχαιρεσικάκους,

2448 3866 2794 3936 συνέτριψας,
2834 3866 2934 3918 καὶ
2956 3863 3055 3928 τὰς
3079 3863 3261 3933 φωνὰς
3294 3864 3470 3918 αὐτῶν
3495 3864 3860 3937 κατῄσχυνας.
3905 3868 4020 3922 Καὶ

2444 3952 2505 4010 οὐ
2538 3957 2696 4027 μόνον
2725 3958 2788 4024 γε
2817 3956 2939 4025 ἐμοὶ
2969 3954 3106 4025 μετά
3138 3954 3198 4008 τὸ
3224 3954 3555 4026 κοιμηθῆναι
3586 3958 3680 4010 καὶ
3719 3959 4019 4029 ἀναστῆναι

2446 4048 2740 4120 παρέσχου,
2766 4046 2900 4109 ἀλλά
2932 4048 3026 4100 καὶ
3057 4047 3220 4101 παντὶ
3240 4046 3317 4117 τῷ
3363 4047 3608 4118 μέλλοντι
3657 4050 4019 4119 χρηματίζειν

2448 4157 2541 4192 σου
2574 4139 2704 4210 λαῷ.
2754 4139 3033 4210 Τηρητέον
3074 4138 3131 4192 δὲ
3157 4177 3171 4202 ,
3206 4136 3317 4203 ὡς,
3352 4138 3473 4192 ἀντὶ
3504 4137 3599 4191 τοῦ
3632 4142 3926 4208 Σωτηρία,
3980 4142 4017 4211 ἠ

2456 4231 2716 4303 Ἐϐραῖκὴ
2749 4232 2898 4302 φωνὴ
2928 4230 3003 4302 (ι)
3029 4231 3090 4283 τὸ
3138 4230 3243 4285 τοῦ
3297 4229 3491 4299 Ἰησοῦ
3534 4229 3706 4301 ὄνομα
3752 4230 4018 4302 παρείληι

2446 4339 2576 4375 πται
2596 4340 2608 4351 ·
2642 4323 2735 4375 καὶ
2768 4322 2832 4394 δὴ
2860 4322 2920 4375 τὸ
2951 4323 3325 4394 συμπέρασμα
3348 4322 3441 4376 τοῦ
3465 4322 3664 4386 παντὸς
3699 4322 3792 4376 δύο
3832 4321 4018 4391 mpii-

2447 4431 2529 4484 χει
2558 4413 2930 4478 διδασκαλίας·
2969 4415 3050 4467 ὅτι
3082 4432 3139 4468 τε
3169 4417 3201 4484 ἡ
3234 4414 3330 4468 τοῦ
3362 4416 3566 4485 Κυρίου
3587 4415 3815 4485 δύναμις
3840 4414 4019 4483 σωτή-

2450 4487 2561 4576 ριός
2586 4506 2722 4567 ἐστι,
2754 4506 2848 4557 καὶ
2869 4505 2953 4557 ὅτι
2982 4505 3144 4569 αὐτὸς
3170 4504 3248 4575 τῷ
3276 4505 3439 4558 αὑτοῦ
3471 4504 3602 4575 λαῷ,
3640 4505 3719 4574 τῷ
3748 4502 4014 4557 διἀὺτοῦ

2449 4591 2792 4665 σεσωσμένῳ,
2824 4595 2924 4665 τὴν
2948 4594 3194 4662 εὐλογίαν
3224 4595 3470 4665 παρέξει.
3520 4594 3754 4663 Εὑλογία
3798 4593 3855 4645 δὲ
3883 4593 4019 4646 πάν-

786 4684 1025 4740 nedictio
1096 4694 1274 4739 autem
1322 4687 1621 4755 spiritualis
1678 4702 1902 4757 prorsus
1952 4691 2063 4747 est,
2118 4699 2185 4738 ex
2240 4686 2340 4739 hoc

2406 4691 2415 4730 ι
2445 4703 2551 4747 τως
2596 4683 2940 4754 πνευματικὴ
2976 4683 3118 4737 κατά
3148 4684 3237 4743 τὸν
3279 4685 3595 4738 Ἀπόστολον
3622 4684 3841 4736 εἰπόντα
3862 4701 3874 4715 ’
3903 4686 4018 4737 Εὑ-

789 4778 1033 4849 Apostoli
1068 4778 1214 4830 dicto
1238 4777 1600 4841 :,Benedic:us
1648 4776 1786 4831 Deus
1816 4787 1869 4831 et
1918 4776 2082 4830 Pater
2134 4774 2345 4828 Domini

786 4875 957 4927 nostri
982 4872 1113 4926 Jesu
1145 4868 1367 4933 Christi,
1389 4871 1477 4937 qui
1503 4871 1767 4924 benedixit
1798 4887 1893 4924 nos
1923 4871 1980 4923 in
2011 4870 2156 4924 omni
2189 4870 2341 4920 bene-

785 4964 1011 5016 dictione
1035 4959 1302 5030 spirituali
1328 4960 1382 5010 in
1414 4957 1703 5011 cwlestibus
1733 4960 1787 5012 in
1814 4958 2027 5012 Christo
2044 4956 2110 5009 ³⁸.
2144 4954 2308 5007 Proin
2330 4984 2343 4991 -

786 5054 963 5124 deque
988 5054 1042 5107 in
1076 5053 1278 5108 Christi
1310 5058 1433 5105 ortu
1476 5048 1714 5119 Josepho
1744 5051 1949 5115 dictum
1998 5049 2098 5102 fuit
2141 5048 2209 5100 ab
2250 5061 2343 5097 an-

790 5146 939 5213 gelo:
979 5143 1048 5196 Et
1080 5144 1289 5198 vocabis
1321 5157 1507 5196 nomen
1541 5140 1652 5208 ejus
1686 5138 1889 5203 Iesum,
1923 5142 2033 5209 ipse
2065 5139 2205 5192 enim
2234 5134 2346 5188 sal-

788 5251 905 5289 vum
934 5236 1093 5303 faciet
1112 5235 1359 5303 populum
1387 5250 1541 5287 suum
1558 5232 1625 5295 ³⁷,
1658 5231 1752 5300 qui
1775 5232 1933 5285 etiam
1956 5232 2162 5300 populi,
2196 5227 2337 5281 beati

788 5321 1070 5380 vocantur.
1108 5325 1231 5380 Haec
1275 5325 1662 5393 speculationis
1694 5336 1841 5375 more
1869 5316 2013 5376 dicta
2052 5329 2201 5376 sunt.
2232 5317 2339 5372 Po-

790 5424 895 5468 test
928 5419 1089 5471 etiam
1125 5417 1230 5469 dici
1282 5418 1490 5480 isthaec,
1552 5433 1671 5487 quae
1716 5422 1895 5467 tamen
1946 5412 2279 5483 prophetice'
2312 5425 2340 5462 a

792 5504 991 5560 Davide
1023 5507 1375 5576 praenuntiata
1426 5506 1659 5571 fuerant,
1708 5503 1775 5557 ad
1834 5488 2339 5569 litteram‘impleta

793 5593 956 5665 fuisse
995 5597 1085 5649 illo
1112 5607 1351 5666 tempore
1380 5612 1444 5650 ac
1477 5613 1657 5651 rerum
1689 5584 2021 5655 conditione,
2042 5609 2165 5647 cum
2197 5591 2339 5645 (ilius

858 5707 900 5734 ’⁷
946 5704 1073 5760 Luc.
1107 5723 1193 5768 vt,
1226 5708 1315 5762 28.

2448 4774 2702 4844 λογιητὸς
2733 4778 2765 4827 o'
2796 4775 2940 4840 Θεὸς
2972 4774 3071 4827 καὶ
3100 4774 3303 4843 Πατὴρ
3326 4775 3433 4829 τοῦ
3456 4776 3677 4842 Κυρίου
3705 4771 3870 4841 ἡμῶν
3913 4775 4017 4843 ’1η-

2449 4865 2566 4919 σοῦ
2592 4866 2850 4934 Χριστοῦ
2869 4884 2882 4896 ·
2910 4869 2941 4920 ό
2966 4865 3307 4935 εὐλογήσας
3341 4865 3498 4935 ἡμᾶς
3535 4867 3606 4917 ἐν
3642 4863 3808 4932 πάσῃ
3839 4867 4014 4920 εὐλο-

2449 4958 2546 5025 γίᾳ
2579 4959 2955 5027 πνευματικῇ
2990 4960 3062 5013 ἐν
3102 4961 3227 5025 τοῖς
3264 4956 3639 5025 ἐπουρανίοις
3670 4956 3739 5009 ἐν
3763 4959 4011 5033 Χριστῷ.

2453 5046 2643 5099 Ἔνθεν
2670 5050 2763 5101 ἐπὶ
2791 5033 2891 5119 τῆς
2936 5050 3029 5103 τοῦ
3059 5050 3310 5121 Σωτῆρος
3352 5048 3617 5115 γενέσεως
3652 5047 3898 5103 λέλεκται
3935 5050 4016 5121 τῷ

2462 5137 2657 5209 Ἰωσὴφ
2691 5140 2794 5192 ὑπὸ
2814 5138 2907 5190 τοῦ
2942 5140 3174 5208 ἀγγέλου
3196 5156 3210 5170 θ
3259 5138 3371 5192 Kal
3404 5137 3684 5203 καλέσεις
3726 5136 3789 5193 τὸ
3830 5140 4016 5210 ὄνομα

2445 5227 2630 5280 αὐτοῦ
2692 5224 2960 5295 Ἰησοῦν·
3006 5228 3190 5293 αὐτὸς
3214 5229 3324 5296 τὰρ
3366 5226 3549 5280 σώσει
3578 5227 3686 5282 τὸν
3713 5230 3865 5284 λαὸν
3910 5235 4014 5286 αὐ-

2402 5352 2409 5359 -
2448 5317 2572 5381 τοῦ,
2603 5316 2694 5382 οὓς
2723 5320 2817 5372 και¹
2851 5321 3154 5390 μακαρίους
3182 5321 3210 5371 ὁ
3239 5318 3394 5385 λόγος
3438 5318 3661 5388 ἔφασκε.
3700 5321 3887 5375 Ταῦτα
3916 5324 4013 5393 μὲν

2447 5404 2539 5460 οὖν
2568 5426 2649 5471 τις
2669 5410 2809 5462 κατά
2832 5410 3063 5479 θεωρίαν
3089 5408 3196 5461 τῶν
3236 5409 3624 5480 προκειμένων.
3679 5412 3837 5465 Είποι
3863 5412 3908 5463 δ’
3950 5411 4013 5463 ἄν

2447 5515 2529 5563 τις
2552 5501 2645 5552 καὶ
2674 5500 2809 5570 πρὸς
2826 5499 2970 5565 λέξιν
3006 5498 3391 5571 πεπληρῶσθαι
3434 5503 3603 5557 αὐτά·
3649 5500 4013 5573 προλεχθὲιτα

2452 5590 2549 5658 μὲν
2576 5590 2679 5647 ὑπὸ
2710 5590 2805 5644 τοῦ
2822 5589 2982 5643 Δαυῒδ
3011 5593 3359 5663 προφητικῶς
3392 5596 3449 5648 ὲν
3492 5594 3670 5666 καιρῷ
3709 5594 3809 5662 τῆς
3860 5607 4011 5660 περι·

1390 5710 1437 5739 ’⁸
1479 5708 1664 5761 Matth.
1702 5726 1732 5759 v
1756 5748 1769 5769 ,
1804 5708 1892 5760 ιι.
1971 5708 2013 5736 ¹⁹
2052 5705 2195 5761 Psal.
2227 5720 2337 5761 vn.
2371 5701 2423 5756 8.
2500 5703 2545 5774 f°
2585 5702 2725 5758 Psal.
2762 5718 3043 5767 cxxxvm,
3070 5705 3157 5759 2|.
3238 5707 3280 5739 ³¹
3318 5707 3503 5765 Matth.
3546 5709 3711 5774 x,40.
3788 5707 3837 5739 “
3875 5706 4004 5765 ibid.

800 5775 1247 5835 "Juatt.xv,‘25.
1327 5768 1766 5840 “Prov.xv,32.
1847 5776 2368 5841 “Psal.:un‘.“

2470 5768 2743 5844 π’ἘιιΙιοδ.
2773 5792 2809 5842 1,
2837 5783 2887 5836 3,
2954 5784 2995 5816 ³⁷
3034 5781 3215 5839 .‘Jatth.
3244 5803 3278 5851 ι,
3313 5788 3399 5851 21,

855 5866 933 5923 lil
958 5866 1217 5922 ‘llcbraica
1256 5886 1355 5924 vox
1385 5881 1468 5925 est
1501 5890 1512 5924 :
1547 5879 1739 5934 πωπω.
