4262 6400
229 459 318 512 Ml

1352 455 1860 513 COMMENTARIA
1900 456 1965 510 IN
2004 455 2343 510 PSALMOS.

3378 459 3481 513 102

227 578 485 641 στάσεως,
515 576 756 647 ὁπηνίκα
782 571 810 624 ὁ
837 574 950 638 υἱὸς
972 574 1194 628 ἐδίωκεν
1222 577 1406 641 αὐτὸν,
1430 579 1522 632 ἐπὶ
1552 579 1725 650 πέρας
1749 579 1805 631 δὲ

1870 624 1882 647 ι
1916 583 2331 646 persequeretur
2354 589 2518 640 eum;
2552 573 2647 629 sed
2675 572 2742 627 ad
2776 572 3069 628 terminum
3105 588 3215 627 non
3245 572 3474 627 multum

222 668 433 743 ηγμένα
478 667 596 738 μετ’
641 668 708 720 οὐ
754 665 888 720 πολὺ
912 706 927 731 ,
964 654 1146 719 ὄτείὲν
1174 669 1239 738 τῇ
1262 666 1358 720 τοῦ
1401 668 1638 739 πολέμου
1666 687 1804 740 συμ-

223 760 346 830 ϐολῇ
379 757 568 813 πίπτει
605 758 703 830 μὲν
731 760 760 811 ὁ
800 756 1174 828 Ἀὁεσσαλὼμ,
1215 758 1473 812 πίπτουσι
1519 758 1577 811 δὲ
1609 761 1703 830 καὶ
1754 763 1802 813 οἱ

221 851 286 904 τὰ
330 849 464 920 φίλα
510 848 657 921 αὐτῷ
685 848 1042 918 φρονοῦντες·
1094 851 1287 920 κρατεῖ
1324 848 1381 902 δὲ
1416 851 1460 920 3ἡ
1493 849 1588 902 τοῦ
1638 844 1802 902 Δαυῒδ

224 943 527 1015 πρόρρησις
558 943 592 1014 ἡ
626 942 879 1014 φήσασα·
941 940 1063 994 Ὅτι
1100 940 1181 995 σὺ
1225 940 1527 1007 έπάταξας
1574 939 1803 1007 πάντας

221 1035 360 1101 τοὺς
385 1031 810 1104 ἐχθραίνοντάς
827 1050 930 1103 μοι
944 1033 1207 1103 ματαίως
1229 1050 1251 1064 ’·
1267 1032 1518 1100 ὀδόντας
1543 1034 1804 1102 ἀμαρτω-

220 1128 344 1182 λῶν
368 1127 759 1196 συνέτριψας.
787 1126 898 1181 Τοῦ
929 1127 1151 1195 Κυρίου
1180 1128 1219 1195 ἠ
1247 1129 1532 1196 σωτηρία.
1568 1127 1666 1180 καὶ
1702 1126 1802 1180 ἐπὶ

220 1220 327 1274 τὸν
347 1221 503 1275 λαόν
529 1235 645 1274 σου
678 1221 718 1289 ἠ
755 1220 1001 1288 εὐλογία
1031 1233 1167 1272 σου.
1208 1218 1454 1288 Ἐλέγετο
1475 1217 1605 1287 γοῦν
1630 1218 1803 1272 ταῦτα
1830 1266 1833 1269 ,

232 1312 593 1384 προφητικῶς,
609 1311 685 1376 ὡς
704 1310 771 1365 ἂν
801 1311 901 1385 ήδη
931 1311 1023 1364 τοῦ
1050 1310 1181 1365 λαοῦ
1203 1311 1567 1384 σεσωσμένον,
1586 1312 1678 1366 καὶ
1699 1311 1803 1365 ὑπὸ

221 1405 314 1459 τοῦ
340 1404 505 1459 Δαυῒδ
536 1422 669 1477 γενη
678 1404 865 1477 μένου.

626 1518 958 1572 ΕΞΗΓΗΣΙΣ
997 1510 1297 1571 ΨΑΛΜΟΥ
1339 1519 1412 1573 A'.

324 1626 401 1696 (1)
430 1630 535 1717 Elc
553 1626 621 1681 τὸ
652 1626 827 1693 τέλος
859 1627 929 1680 ἐν
948 1626 1213 1715 ψαλμοῖς
1236 1626 1359 1695 ᾠδὴ
1385 1625 1465 1694 τῷ
1488 1628 1691 1683 Δαυτδ.

322 1744 428 1809 Εις
452 1722 519 1796 τὸ
541 1741 719 1809 τέλος
757 1741 828 1794 ἐν
852 1740 1066 1811 ὕμνοις
1091 1740 1335 1810 ψαλμός
1369 1740 1451 1808 τῷ
1490 1742 1688 1796 Δαυῖδ.

291 1835 501 1907 Ὥσπερ
534 1834 713 1906 πάσης
759 1835 955 1905 τέχνης
988 1834 1080 1889 καὶ
1118 1835 1427 1906 ἐπιστήμης
1469 1835 1619 1899 τέλος
1654 1835 1800 1889 ἐστὶν

223 1927 318 1997 (Ξ).
347 1969 361 1981 .
387 1968 400 1981 .
422 1966 437 1980 .
467 1968 481 1981 .
515 1967 529 1981 .
560 1967 576 1984 .
605 1966 618 1981 .
648 1971 661 1983 .
698 1927 1031 2000 καταντῆσαι
1064 1927 1154 1981 τόν
1192 1927 1586 1999 μετερχόμενον
1605 1946 1617 1958 ·
1658 1928 1801 1983 οὕτω

221 2022 396 2090 πάσης
433 2020 657 2091 λογικῆς
687 2020 922 2091 φύσεως,
960 2020 1021 2073 τὸ
1052 2020 1110 2073 ὲν
1142 2019 1363 2091 Χριστῷ
1402 2020 1799 2093 ζωοποιηθῆναι

216 2115 364 2179 τέλος
393 2115 561 2178 ἐστὶν,
585 2114 660 2179 ὡς
682 2114 739 2169 ὲν
771 2095 837 2186 τῇ
871 2113 1063 2186 πρώτῃ
1096 2113 1234 2186 πρὸς
1265 2112 1581 2186 Κορινθίους
1608 2115 1635 2167 ὁ
1653 2113 1802 2167 Παῦ-

218 2200 306 2270 λὸς
328 2222 462 2277 φησι
489 2206 662 2275 λέγων
682 2204 760 2276 τῷ
786 2205 901 2277 ἰδίῳ
934 2204 1173 2275 τάγματι
1191 2220 1206 2234 ⁸
1232 2206 1389 2258 Δοκεῖ
1417 2221 1604 2275 μη.....
1742 2216 1801 2259 εν

219 2298 554 2372 ὑπογράφειν
585 2298 863 2363 ἁπάντων,
888 2297 963 2361 ὡς
982 2299 1046 2350 αἱ
1072 2297 1301 2351 ἑκάστου
1333 2295 1799 2368 ζωοποιουμένου

217 2389 350 2460 πρὸς
376 2389 476 2463 τὴν
509 2387 665 2463 ἀξίαν
696 2374 832 2460 μετά
857 2387 1137 2459 βασάνους.
1168 2389 1364 2443 Ἦδκαὶ
1398 2388 1600 2442 τούτων
1631 2389 1801 2460 χωρὶς

216 2481 582 2549 ζὶαοποιήσας
612 2482 670 2536 δὲ
714 2480 923 2545 πάντας
965 2481 1199 2553 Χριστὸς
1245 2484 1302 2535 ἐν
1341 2481 1518 2553 ἑαυτῷ
1546 2482 1673 2546 τοὺς
1720 2480 1800 2552 τῷ

227 2574 395 2646 ’Δδὰμ
412 2574 852 2647 ἀποθνήσκοντας
878 2572 1146 2643 βασιλεύει
1164 2572 1282 2628 τῶν
1305 2572 1795 2643 ξωοποιηθέντων·

215 2670 299 2738 ἐφ’
322 2669 351 2723 ὃ
372 2668 810 2741 παρεκάλειτοὺς
836 2667 1112 2732 συνιέντας
1130 2669 1163 2737 ἡ
1177 2670 1264 2734 είς
1290 2666 1356 2721 τὸ
1380 2666 1553 2733 τέλος
1573 2669 1799 2740 ἐπιγρα-

217 2762 307 2833 φή.
326 2762 500 2814 Παντὶ
512 2760 569 2813 δὲ
586 2759 971 2831 ἀγωνιζομένῳ
994 2756 1146 2823 τέλος
1167 2760 1200 2831 ἠ
1223 2758 1368 2829 νίκη.
1387 2759 1688 2831 Πολλαὶμὲν
1704 2754 1797 2814 οὖν

217 2854 269 2906 αἱ
296 2852 436 2906 κατὰ
472 2852 637 2924 μέρος
655 2851 823 2917 νίκαι,
858 2852 952 2904 καὶ
978 2850 1129 2915 τέλος
1160 2851 1193 2922 ἢ
1242 2850 1373 2903 ποτὲ
1422 2850 1518 2920 μὲν
1550 2850 1798 2919 λέγοντος

216 2943 452 2997 Παύλου’
503 2944 607 2997 Ἑν
647 2942 878 3008 τούτοις
907 2940 1096 3002 πᾶσιν
1127 2938 1535 3010 ὑπερνικῶμεν
1564 2941 1661 2995 διὰ
1688 2940 1794 2994 τοῦ

214 3033 639 3105 ἀγαπήσαντος
659 3030 818 3103 ἡμᾶς
835 3049 855 3093 ⁸,
883 3032 1014 3085 ποτὲ
1045 3031 1102 3085 δέ
1125 3049 1137 3061 ·
1170 3031 1283 3086 Τὸν
1310 3030 1512 3103 ἀγῶνα
1541 3032 1651 3086 τὸν
1687 3048 1816 3093 κατ

214 3127 325 3180 λὸν
350 3125 704 3197 ἠγώνισμαι,
729 3125 840 3180 τὸν
868 3124 1091 3195 δρόμον
1116 3125 1418 3189 τετέλεκα,
1449 3123 1563 3193 τὴν
1587 3128 1796 3180 πίστιν

213 3218 536 3289 τετήρηκα·
570 3212 787 3295 λοιπὸν
819 3218 1129 3273 ἀπόκειταί
1163 3234 1266 3287 μοι
1292 3220 1325 3272 ό
1356 3215 1464 3285 τῆς
1487 3216 1794 3272 δικαιοσύ-

213 3328 322 3379 νης
341 3309 664 3381 στέφανος,
693 3310 765 3365 ὃν
800 3310 1101 3368 ἀποδώσει
1131 3327 1235 3380 μοι
1268 3313 1302 3364 ὁ
1342 3310 1579 3378 Κύριος.
1613 3312 1675 3364 Οἱ
1703 3306 1795 3365 οὖν

212 3404 677 3480 ἐπιγεγραμμένοι
703 3407 790 3471 εὶς
825 3405 894 3458 τὸ
931 3404 1108 3471 τέλος
1136 3402 1216 3471 τῷ
1254 3401 1457 3469 Δαυῒὸ,
1511 3403 1663 3469 τέλος
1703 3407 1797 3459 καὶ

211 3498 362 3569 νίκην
385 3496 787 3567 ἀπαγγέλλουσι
813 3497 907 3552 τοῦ
924 3496 1161 3569 Χριστοῦ
1187 3496 1480 3568 λεγομένου
1497 3498 1675 3550 Δαυΐδ·
1702 3500 1798 3553 κα)⁸

210 3592 328 3645 ἀντὶ
357 3590 476 3658 τοῦ,
511 3592 599 3658 είς
630 3589 825 3657 τέλος,
862 3585 1004 3644 κατὰ
1038 3590 1129 3643 τὸν
1172 3589 1426 3655 Ἀκύλαν,
1457 3591 1794 3645 νικοποιοῦ.

210 3680 377 3734 Παντὶ
422 3680 532 3753 γάρ
578 3680 914 3752 νενικημένῳ
960 3680 1373 3751 περιποιήσεται
1424 3680 1601 3751 νίκην.
1662 3682 1796 3734 Ὑπὸ

209 3768 443 3845 Χριστοῦ
475 3774 584 3847 γάρ
627 3790 710 3838 τις
752 3771 1084 3846 νικώμενος,
1127 3771 1226 3844 τὴν
1271 3771 1469 3826 κακίαν
1515 3773 1791 3843 νενίκηκε,

208 3868 410 3938 ταύτην
454 3865 794 3940 ἐξαφανίζων
826 3865 904 3939 τῷ
959 3866 1324 3938 ὑποτετάχθαι
1360 3867 1602 3940 Χριστῷ.
1648 3867 1796 3938 Νικᾷ

210 3960 314 4035 γὰρ
344 3962 447 4015 οὐκ
474 3961 731 4028 ἄκοντας,
760 3958 896 4015 ἀλλὰ
930 3960 1134 4014 πείθων
1164 3959 1240 4023 ὡς
1267 3958 1424 4029 λόγος
1460 3959 1615 4014 Θεοῦ.
1654 3960 1793 4023 Τοὺς

208 4052 262 4106 δὲ
290 4052 564 4117 τοιούτους
600 4051 803 4124 ὕμνους
831 4052 864 4125 ἢ
896 4053 1164 4126 ψαλμοὺς,
1199 4055 1288 4119 εὶς
1332 4051 1399 4105 τὸ
1430 4051 1621 4119 νῖκος,
1659 4052 1792 4105 Θεο-

205 4145 391 4199 δοτῐων
433 4145 743 4217 ἐπέγραψε·
795 4146 1091 4219 Σύμμαχος
1120 4146 1199 4213 δὲ,
1241 4145 1591 4212 ἐπινικίους.
1636 4144 1794 4200 Οῦτω

205 4239 261 4298 δὲ
295 4242 439 4299 νοεῖν
479 4238 719 4308 εύλογον,
747 4239 852 4295 κᾶν
879 4241 954 4312 μὴ
979 4239 1057 4312 τῷ
1085 4238 1251 4293 Δαυῒδ
1279 4234 1412 4293 ὦσιν
1445 4240 1792 4311 ἐπιγεγραμ-

208 4339 379 4410 μένοι,
402 4335 523 4411 ¹ἀλλ’
547 4338 636 4402 είς
676 4334 744 4389 τὸ
782 4332 958 4401 τέλος
1002 4335 1177 4406 τυχὸν
1212 4332 1293 4400 τῷ
1335 4332 1539 4402 Ἀσάφ,
1586 4332 1621 4405 ἢ
1668 4333 1792 4400 τοῖς

203 4431 354 4498 υἱοῖς
378 4427 554 4499 Κορὲ,
584 4426 661 4499 τῷ
684 4427 815 4501 τοὺς
846 4428 1038 4495 ἁγίους
1071 4425 1418 4498 ἁναδεδέχθαι
1458 4427 1666 4490 πάντας
1693 4426 1792 4497 τὴν

204 4525 387 4579 εἰκόνα
417 4506 681 4595 Χριστοῦ,
703 4520 777 4573 Τὸ
807 4518 863 4572 δὲ
890 4519 961 4572 ἐν
989 4519 1259 4590 ψαλμοῖς
1293 4519 1443 4591 παρὰ
1468 4521 1581 4583 τοῖς
1609 4518 1790 4573 Ἑϐδο-

208 4624 451 4697 μήκοντα
485 4616 579 4672 καὶ
620 4615 870 4681 Ἀκύλας,
906 4614 1024 4685 (sic)
1059 4614 1391 4687 σαφέστερον
1418 4617 1447 4669 ὁ
1474 4614 1785 4685 Σύμμαχος,

1907 681 2096 740 postea
2141 670 2396 735 deducta,
2442 683 2567 722 cum
2610 668 2664 721 in
2712 682 3011 738 congressu
3060 667 3232 737 praalii
3280 666 3479 722 cecidit

1906 764 2160 818 Absalom
2192 803 2207 827 ,
2259 762 2577 818 ceciderunt
2649 762 2854 831 pariter
2905 760 2997 829 qui
3048 759 3169 829 ejus
3229 760 3499 829 partibus.

1904 855 2210 911 haerebant:
2258 855 2603 925 obtinuitque
2629 852 2909 925 praedictio
2938 854 3027 907 illa
3051 852 3269 908 Davidis
3298 846 3477 913 πραο-

1904 949 2051 1001 niam
2100 955 2154 999 tu
2200 947 2510 1015 percussisti
2558 962 2736 999 omnes
2793 943 3126 999 adversantes
3179 942 3308 997 mihi
3360 945 3475 998 sine

1905 1057 2113 1095 causa:
2158 1039 2338 1094 dentes
2390 1048 2728 1108 peccatorum
2777 1038 3093 1093 contrivisti.
3149 1036 3358 1090 Domini
3396 1047 3475 1090 est

1876 1134 2070 1197 salus,
2136 1142 2188 1187 et
2252 1149 2409 1199 super
2457 1131 2709 1201 populum
2773 1141 2924 1185 tuum
2993 1129 3282 1185 benedictio
3347 1139 3472 1204 tua.

1907 1224 2033 1281 Hauc
2062 1227 2248 1296 itaque
2296 1225 2614 1296 prophetice
2669 1223 2817 1279 dicta
2867 1231 3018 1288 sunt,
3052 1205 3210 1285 aesi
3243 1208 3477 1293 populus

1899 1316 2012 1387 jam
2046 1317 2230 1372 salvus
2263 1324 2430 1380 esset,
2464 1323 2518 1371 et
2562 1316 2629 1371 ad
2684 1315 2907 1370 Davidis
2965 1312 3253 1384 imperium
3304 1312 3473 1367 redu-

1902 1416 2046 1464 ctus.

2270 1518 2673 1574 ENARRATIO
2714 1518 2967 1575 PSALMI
3001 1516 3090 1574 IV.

2079 1636 2130 1690 1.
2158 1633 2226 1689 In
2259 1636 2415 1705 ﬁnem
2443 1635 2500 1688 in
2528 1634 2751 1703 psalmis
2791 1635 3058 1687 canticum
3097 1632 3290 1687 Dama.

2151 1743 2218 1799 In
2246 1746 2402 1816 ﬁnem
2434 1745 2486 1798 in
2516 1744 2724 1815 hymnis
2758 1744 2993 1813 psalmus
3015 1741 3209 1798 David.

1975 1840 2129 1893 Sicut
2159 1838 2404 1908 cujusvis
2434 1839 2570 1893 artis
2601 1852 2665 1891 ac
2695 1837 2936 1892 scientia:
2962 1834 3087 1891 linis
3108 1842 3213 1903 est,
3240 1844 3298 1889 ut
3322 1834 3473 1907 quis-

1903 1929 2029 2000 quis
2054 1929 2225 1999 ipsam
2257 1928 2370 1985 adit
2399 1928 2463 1982 ad
2505 1918 2890 1998 perfectionem
2918 1926 3168 1981 deveniat
3197 1943 3212 1987 ;
3243 1926 3317 1980 ita
3347 1940 3470 1981 om-

1904 2026 1992 2078 nis
2020 2022 2307 2077 rationalis
2334 2030 2546 2076 natura:
2574 2008 2700 2076 linis
2729 2029 2811 2076 est
2863 2028 2924 2073 ut
2971 2019 3025 2072 in
3054 2017 3274 2072 Christo
3301 2018 3469 2072 vitam

1904 2114 2175 2195 accipiat,
2214 2114 2677 2185 quemadmodum
2733 2112 2789 2167 in
2825 2112 3000 2183 prima
3045 2113 3111 2167 ad
3155 2110 3472 2166 Corinthios

1905 2206 2146 2278 Epistola
2165 2208 2240 2261 ait
2268 2205 2470 2260 Paulus
2502 2204 2568 2261 ³⁸.
2614 2244 2629 2259 .
2670 2244 2685 2258 .
2731 2246 2747 2261 .
2790 2247 2806 2262 .
2852 2245 2866 2261 .
2912 2247 2924 2260 .
2967 2244 2982 2259 .
3024 2243 3040 2259 .
3083 2202 3322 2275 Singulis
3352 2212 3474 2275 post

1902 2302 2180 2355 cruciatus
2209 2313 2307 2369 pro
2338 2279 2534 2354 merito
2569 2313 2672 2353 suo
2717 2298 3014 2367 viviﬁcatis.
3051 2296 3346 2379 Postquam
3374 2311 3475 2351 au-

1904 2400 2009 2445 tem
2036 2391 2286 2458 Christus
2314 2402 2505 2445 omnes
2532 2389 2626 2460 qui
2658 2389 2714 2443 in
2744 2388 2953 2455 Adamo
2984 2386 3185 2440 mortui
3222 2392 3399 2451 erant,
3418 2386 3473 2439 in

1902 2484 2083 2553 seipso
2133 2482 2436 2552 viviﬁcavit,
2497 2494 2689 2551 regnat
2722 2480 2775 2534 in
2807 2477 3262 2549 viviﬁcatosHad
3309 2492 3471 2547 quam

1898 2590 2015 2631 rem
2042 2570 2288 2630 homines
2306 2574 2661 2645 intelligentia
2674 2574 2936 2649 praeditos
2958 2580 3146 2628 evocat
3162 2569 3468 2640 inscriptio,

1900 2670 1957 2723 in
1981 2669 2158 2739 ﬁnem.
2187 2667 2349 2724 Omni
2401 2674 2584 2722 autem
2630 2666 2899 2738 prgalianti
2937 2656 3060 2719 linis
3091 2664 3319 2718 victoria
3364 2671 3467 2719 est.

1912 2761 2091 2816 Multae
2112 2775 2278 2831 porro
2302 2766 2430 2813 sunt
2450 2758 2763 2829 singulatim
2794 2750 3031 2828 accepta:
3054 2759 3474 2828 victorize;qua-

1897 2869 2019 2907 rum
2035 2854 2192 2906 linem
2217 2848 2479 2905 describit
2492 2847 2716 2911 Paulus,
2738 2847 2900 2902 modo
2922 2848 3144 2904 dicens:
3179 2846 3244 2901 In
3262 2848 3343 2901 his
3360 2863 3474 2901 om-

1898 2944 2052 2999 nibus
2082 2958 2400 3009 superamus
2422 2949 2638 3011 propter
2657 2956 2773 2994 eum
2794 2941 2882 3011 qui
2903 2938 3087 2993 dilexit
3105 2956 3197 2993 nos
3220 2939 3287 3004 ³Ρ;
3308 2938 3473 2993 modo

1896 3045 2109 3092 autem:
2131 3037 2336 3091 Bonum
2360 3045 2627 3089 certamen
2644 3032 2858 3096 certavi,
2880 3047 3095 3085 cursum
3111 3029 3491 3108 consummavi,

1896 3134 2054 3202 ﬁdem
2082 3132 2333 3186 servavi:
2372 3130 2426 3183 in
2478 3128 2678 3198 reliquo
2718 3126 2944 3196 reposita
2997 3135 3073 3179 est
3115 3125 3243 3178 mihi
3269 3132 3471 3179 corona

1887 3224 2141 3294 justitiae,
2155 3239 2315 3293 quam
2332 3221 2515 3276 reddet
2532 3219 2661 3274 mihi
2678 3218 2935 3273 Dominus
2954 3217 3020 3271 ⁵ο.
3039 3215 3241 3272 Psalmi
3260 3215 3466 3287 itaque,

1823 3341 1865 3399 ο
1901 3319 1957 3371 in
1988 3318 2147 3388 ﬁnem
2204 3316 2308 3386 ipsi
2337 3314 2512 3369 David
2558 3313 2843 3393 inscripti,
2877 3312 3036 3365 tinem
3076 3308 3375 3380 praedicant
3408 3322 3472 3363 ac

1900 3411 2183 3465 victoriam
2234 3407 2481 3472 Christi,
2526 3407 2620 3476 qui
2654 3404 2826 3459 David
2853 3411 3096 3459 vocatur.
3142 3401 3271 3456 Vice
3292 3409 3472 3455 autem

1898 3503 2066 3566 illius,
2096 3503 2151 3555 in
2174 3499 2663 3572 finem,secundum
2691 3496 2966 3568 Aquilam,
2994 3493 3467 3571 victoris,dicitur.

1896 3593 1947 3649 Is
1997 3596 2141 3648 enim
2191 3591 2415 3646 cuilibet
2442 3591 2587 3644 victo
2603 3588 2883 3643 victoriam
2916 3587 3135 3640 trihuet.
3157 3583 3289 3637 Nam
3314 3583 3471 3652 quis-

1895 3690 2018 3757 quis
2042 3702 2071 3739 a
2102 3684 2612 3745 Cln-isto'vincitur,
2662 3680 2927 3735 malitiam
2958 3673 3146 3738 vincit,
3186 3678 3470 3747 ipsamque

1894 3781 1961 3834 de
1988 3780 2166 3833 medio
2192 3777 2353 3843 tollit,
2385 3777 2513 3847 quia
2542 3772 2832 3843 subjiCitur
2852 3770 3093 3826 Christo.
3119 3768 3470 3839 Nequeenim

1896 3868 2097 3924 invitos
2129 3868 2297 3923 vincit
2327 3868 2438 3930 ille,
2467 3865 2563 3920 sed
2586 3863 2868 3927 suasione,
2901 3869 3091 3933 utpote
3108 3860 3333 3915 verbum
3352 3858 3466 3922 Dei.

1894 3962 2221 4033 Ilujnsmodi
2246 3976 2419 4032 porro
2465 3958 2821 4031 hymnosgvel
2867 3956 3110 4033 psalmos
3144 3953 3493 4019 Theodotio,‘

1892 4059 1947 4112 in
1970 4056 2269 4119 victoriam,
2297 4036 2579 4123 inscripsit
2609 4069 2622 4118 ;
2662 4035 3047 4121 Symmachus,
3102 4044 3467 4115 triumphales.

1893 4148 2207 4219 Eademque
2269 4148 2483 4203 ratione
2542 4142 2956 4215 intelligendum
3003 4149 3087 4197 est
3119 4140 3468 4200 etiamsinon

1895 4239 2088 4294 Davidi
2114 4238 2370 4308 inscripti
2399 4236 2532 4302 sint,
2570 4234 2666 4291 sed
2695 4233 2835 4288 forte
2855 4234 2912 4287 in
2946 4232 3105 4303 ﬁnem
3137 4222 3337 4299 Asap/i,
3372 4238 3467 4282 aut

1892 4334 2023 4405 ﬁliis
2051 4333 2202 4400 Core,
2234 4334 2375 4402 quia,
2411 4331 2584 4386 sancti
2612 4343 2802 4384 omnes
2840 4341 2938 4397 pro
2971 4312 3205 4395 imagine
3261 4322 3464 4378 Christi

1893 4426 2184 4481 habentur.
2243 4422 2381 4477 Illud
2439 4431 2614 4489 autem
2681 4421 2734 4472 in
2762 4418 2983 4487 psalmis
3031 4414 3176 4484 quod
3230 4414 3283 4467 in
3314 4411 3467 4502 .LXX
3551 4415 3554 4419 ’

1891 4529 1946 4576 et
1971 4520 2026 4574 in
2049 4519 2243 4589 Aquila
2267 4518 2487 4589 legitur,
2519 4512 2763 4584 apertius
2788 4508 3149 4581 Symmachus
3178 4522 3296 4577 cum
3324 4506 3466 4574 psal-

1894 4611 2059 4665 teriis-
2089 4609 2260 4664 edidit
2293 4607 2621 4674 ;.docetque
2675 4616 2801 4656 cum
2850 4598 3129 4671 psalteriis
3184 4598 3465 4652 canticum

334 4709 687 4781 ψαλτηρίων
710 4684 939 4773 ἐξέδωκε
970 4706 1208 4760 διδασκο.
1231 4748 1275 4761 ..
1640 4684 1783 4779 ᾠδὴν
1816 4705 1824 4759 l

1890 4703 2229 4777 persolutum
2280 4699 2467 4754 fuisse.
2534 4694 2800 4751 Psalteria
2856 4684 3058 4765 quippe
3102 4695 3465 4758 instrumenta

204 4803 473 4877 εἰρῆσθαι.
505 4844 519 4856 .
546 4841 559 4854 .
588 4841 601 4854 .
630 4842 644 4856 .
671 4840 685 4854 .
714 4839 728 4853 .
757 4837 771 4852 .
799 4837 813 4852 .
856 4798 926 4850 τὰ
955 4796 1233 4867 ψαλτήρια·
1265 4793 1457 4849 πλείω.
1488 4834 1501 4846 .
1529 4833 1542 4847 .
1571 4835 1585 4849 .
1613 4834 1627 4847 .
1649 4834 1663 4846 .
1686 4838 1700 4852 .
1724 4835 1739 4851 .
1767 4837 1780 4849 .

201 4897 410 4969 ὄργανα
433 4896 499 4949 δι’
534 4888 608 4949 ὧν
637 4893 820 4967 ᾅδεται
844 4891 904 4945 τὸ
936 4893 1023 4955 είς
1045 4888 1110 4942 τὸ
1138 4888 1334 4953 τέλος,
1360 4887 1392 4957 ἢ
1419 4889 1451 4940 ό
1471 4886 1782 4953 ἐπινίκιος,

202 4989 234 5061 ἢ
264 4990 344 5056 τῷ
375 4986 678 5054 νικοποιῷ,
707 4986 743 5049 ὃν
767 4984 959 5058 δηλοῦν
985 4982 1128 5037 ἔοικε
1160 4982 1253 5035 καὶ
1290 4982 1351 5034 τὸ
1381 4983 1467 5047 είς
1512 4980 1682 5047 νῖκος
1715 4983 1785 5035 έν

201 5084 413 5154 ὕμνοις
439 5081 591 5155 παρὰ
617 5070 693 5152 τῷ
725 5079 1059 5133 Θεοδοτίωνι.
1099 5074 1248 5145 Αὕτη
1281 5074 1461 5127 τοίνυν
1488 5075 1540 5144 Δἡ
1583 5073 1715 5145 ᾠδὴ,
1748 5073 1781 5144 ἢ

202 5177 262 5233 τὸ
290 5175 608 5248 μελῴδημα,
630 5173 671 5245 ἢ
692 5170 904 5248 ψαλμὸς
924 5172 1022 5243 τὴν
1045 5155 1340 5242 εἰρημένην
1368 5165 1505 5237 ἔχων
1528 5165 1783 5219 ὑπόθεσιν

204 5246 594 5337 ἐπαγγέλλεται
626 5264 828 5337 ταύτην
854 5246 1177 5335 κοινώτερον
1209 5262 1305 5333 μὲν
1338 5262 1395 5313 ὲν
1421 5258 1499 5331 τῷ
1525 5260 1783 5331 προφήτῃ

203 5361 383 5428 Λαυῖδ,
418 5358 821 5433 μυστικώτερον
850 5357 914 5435 ,δὲ
948 5357 1027 5429 τῷ
1067 5354 1318 5429 Χριστῷ,
1370 5354 1431 5407 τὸ
1482 5353 1781 5425 πρόσωπον

1894 4806 2041 4861 sunt,
2082 4794 2282 4865 quibus
2309 4789 2441 4843 illud
2480 4788 2534 4841 in
2558 4786 2716 4857 ﬁnem
2750 4786 2991 4849 canitur,
3022 4785 3138 4840 sive
3164 4800 3260 4845 pro
3307 4793 3464 4853 parta

1890 4888 2129 4949 victoria,
2160 4885 2276 4940 sive
2313 4881 2536 4937 victori:
2568 4881 2716 4952 quod
2748 4881 2928 4951 ipsum
2967 4877 3280 4950 signiﬁcare
3306 4876 3466 4943 vide-

1892 4990 1984 5036 tur
2024 4979 2153 5034 illud
2179 4978 2236 5031 in
2280 4974 2559 5029 victoriam
2588 4974 2643 5027 in
2688 4971 2895 5042 hymnis
2945 4969 3091 5039 apud
3123 4966 3459 5021 Theodotio—

1893 5088 2039 5129 nem.
2069 5070 2185 5124 Hoc
2212 5067 2380 5139 igitur
2411 5068 2713 5131 canticum,
2747 5065 2831 5119 vel
2864 5061 3121 5125 melodia,
3151 5061 3266 5116 sive
3305 5058 3460 5130 psal-

1890 5179 2034 5228 mus,
2081 5166 2442 5215 memoratum
2498 5158 2708 5213 habens
2735 5161 3141 5226 argumentum,
3176 5150 3461 5205 victoriam

1890 5255 2197 5328 pollicetur,
2222 5267 2288 5306 ex
2304 5251 2609 5323 vulgatiore
2632 5247 2903 5304 sententia
2926 5243 3137 5308 Davidi,
3158 5239 3462 5296 secundum

1891 5361 2147 5403 arcanam
2180 5360 2309 5423 vero
2344 5342 2831 5416 signiﬁcationem,-
2876 5337 3099 5395 Christo
3144 5330 3461 5391 sanctorum

273 5490 322 5556 ίδ
361 5518 540 5577 lCor.
574 5532 678 5582 xv,
708 5514 801 5571 92.
876 5516 921 5547 ⁸⁸
958 5496 1122 5570 Rom.
1155 5530 1286 5579 vui,
1319 5504 1407 5568 37.
1484 5509 1528 5541 ⁸ο
1566 5508 1609 5563 ιι
1640 5507 1783 5564 Tim.
1820 5522 1907 5573 iv,
1941 5505 1996 5564 7,
2030 5498 2082 5556 8.

274 5682 352 5755 (ι)
392 5679 659 5738 Hebraica
703 5673 865 5750 lectio
911 5682 1030 5740 est;
1058 5683 1251 5749 nimi:
1284 5679 1493 5733 num:
1524 5649 1714 5728 T133135
1759 5685 1771 5719 :

205 5758 325 5835 πή
358 5790 479 5846 quae
517 5772 599 5829 sic
635 5766 922 5846 ab_{\quila
953 5764 1364 5846 exprimuntur,
1397 5761 1474 5833 τῷ
1516 5758 1781 5846 νικοποιῷ

211 5831 264 5897 ἐν
277 5831 513 5916 ψαλμοῖς
581 5831 877 5916 μελῳδημα
924 5835 1003 5916 τῷ
1023 5831 1302 5916 mauis:
1332 5831 1657 5916 Symmachi:
1687 5843 1779 5916 au:

209 5900 344 5977 iuni,
389 5900 653 5979 ἐπινικίος
698 5900 811 5964 ’δεῖ
850 5900 1171 5979 ψαλτηρίων
1200 5906 1311 5979 ᾠδὴ
1361 5900 1455 5979 ’ξῷΔ
1493 5900 1670 5979 ᾼαυῖδ.
1733 5902 1776 5978 ᾼ

211 5974 595 6051 Theodotiune,
632 5974 734 6048 *είς
778 5984 840 6037 τὸ
868 5974 1046 6044 ννῖκοξ
1102 5982 1159 6033 έν
1201 5974 1388 6048 ῦμνοις
1428 5974 1639 6046 ψαλμδς
1702 5974 1777 6036 τῷ

1883 5681 2066 5736 Δαυῖδ.
2100 5677 2496 5734 Theodotionis
2534 5678 2805 5733 diversam
2855 5671 3012 5727 aﬂert
3074 5668 3456 5725 Theodoretus

1886 5754 2191 5814 lectionem,
2216 5752 2495 5815 nimirum,
2515 5749 2591 5821 τῷ
2610 5743 2867 5816 νικοποιῷ
2885 5746 2939 5796 ἐν
2971 5742 3187 5816 ὕμνοις,
3204 5748 3336 5807 etc.,
3362 5739 3457 5797 sed

1898 5825 2033 5877 irior
2054 5837 2329 5892 germana.
2432 5884 2435 5885 ν

1958 5895 2030 5966 (2)
2062 5890 2163 5948 Sic
2192 5893 2370 5949 lacera
2410 5900 2538 5948 sunt
2573 5890 2688 5946 haec
2728 5890 2783 5945 in
2822 5903 2957 5947 mss.
