4262 6414
770 498 869 551 105

1477 490 1744 547 EL'SEBH
1782 486 2255 564 C/ESMiiENSlS
2276 483 2423 540 OPP.
2460 482 2639 537 PARS
2671 481 2763 537 lli.
2803 512 2871 523 —
2909 479 3315 537 EXEGETICA.

3909 477 4019 532 104

788 631 1052 671 icrsonam
1104 613 1424 677 assumenti,
1458 614 1811 683 ipsorumque
1862 625 2133 665 aerumnas
2164 610 2323 679 quasi
2352 618 2395 673 Α
2424 623 2462 657 τι

2425 604 2528 657 τῶν
2564 604 2729 671 ἁγίων
2783 601 3251 672 ἀναλαμϐάνοντι.
3292 601 3391 663 τὰς
3438 599 3496 653 δὲ
3563 598 3770 667 θλίψεις
3820 594 4015 651 αὐτῶν

771 710 1041 779 proprias,
1067 723 1276 762 necnon
1301 712 1616 760 sanctorum
1648 704 1996 758 dilatationes
2019 704 2121 757 sibi
2154 702 2326 755 ascri-

767 800 951 866 benti;
976 809 1285 853 sanctorum
1310 798 1509 868 quippe
1540 810 1641 849 vox
1664 797 1751 849 illa
1794 803 1899 860 est,
1936 794 2323 848 tribulationem

752 894 1040 961 patientes,
1067 889 1158 945 sed
1191 878 1292 944 non
1318 890 1611 961 angustiati
1639 890 1682 921 δι
1710 908 1726 955 ;
1760 887 2099 942 convertcuti
2146 892 2325 939 autem

767 998 862 1037 eos
892 983 984 1052 qui
1016 983 1165 1052 gravi
1219 982 1382 1036 corde
1412 990 1562 1044 sunt,
1600 988 1906 1051 quaerentes
1937 978 2234 1032 vanitatem
2276 984 2329 1030 et

769 1074 1049 1143 loquentes
1074 1073 1435 1127 mendacium.
1469 1072 1698 1128 Melodia
1734 1087 1897 1142 porro
1926 1079 2123 1140 praeter
2153 1069 2330 1124 canti-

768 1183 891 1222 cum
922 1167 1133 1221 videtur
1178 1166 1403 1220 innuere
1458 1166 1701 1235 mysticae
1739 1163 2128 1217 modulationis
2160 1162 2331 1215 artili—

767 1260 911 1313 cium
945 1278 958 1313 :
992 1269 1101 1312 tum
1130 1258 1175 1313 si
1201 1260 1267 1312 ad
1300 1266 1502 1311 rectam
1523 1256 1857 1325 intelligendi
1880 1269 2126 1309 normam
2160 1254 2325 1308 dedu-

769 1359 946 1416 catur,
975 1357 1055 1403 est
1084 1348 1206 1403 vita:
1233 1347 1543 1400 institutum
1572 1345 1637 1398 ad
1670 1343 1763 1398 Dei
1792 1344 2048 1415 gloriam,
2071 1358 2195 1397 cum
2233 1343 2332 1397 (lo-

771 1443 1108 1505 ctrinasa'na
1144 1439 1431 1508 verbisque
1484 1438 1550 1491 ad
1594 1438 1825 1491 aliorum
1871 1436 2164 1489 utilitatum
2194 1448 2329 1488 con-

772 1532 1028 1585 cinnatis.

840 1622 1001 1676 Vsus.
1018 1621 1071 1674 2.
1091 1619 1547 1679 Cuminvocarem.
1564 1617 1828 1672 exaudivit
1852 1633 1931 1671 me
1950 1616 2085 1671 Deus
2103 1616 2333 1684 justitiw

769 1730 916 1777 mea,
937 1714 990 1765 in
1019 1713 1352 1765 tribulatione
1369 1710 1719 1763 dilatastime.
1750 1707 2065 1763 Prmcedens
2094 1702 2332 1777 psalmus

774 1809 953 1863 dii-tus
992 1814 1075 1861 est
1104 1821 1225 1861 cum
1251 1806 1457 1876 fugeret
1489 1804 1656 1857 David
1686 1819 1715 1857 a
1751 1803 1889 1856 facie
1912 1801 2206 1855 Absalonis
2240 1799 2332 1853 lilii

768 1901 851 1952 sui
885 1916 899 1965 ;
953 1913 1192 1968 praesens
1232 1910 1364 1951 vero
1396 1894 1612 1948 videtur
1660 1900 1784 1962 post
1810 1893 1959 1944 illum
1992 1892 2331 1953 enuntiatus,

2430 692 2816 765 ίδιοποιημένῳ
2869 694 2963 747 καὶ
3015 695 3140 755 τοὺς
3186 692 3531 761 πλατυσμοὺς
3580 690 3778 758 ἁγίων
3830 686 4016 755 ἁγίων

2427 788 2553 859 γὰρ,
2586 787 2737 856 φωνὴ
2770 785 2851 849 τὸ,
2888 785 2989 838 Ἐν
3017 782 3195 835 παντὶ
3224 784 3578 850 θλιϐόμενοι,
3610 779 3747 834 ἀλλ’
3771 779 3844 832 οὐ
3884 789 4019 829 σιε-

2425 882 2874 950 νοχωρούμενοι·
2900 877 3275 948 ἐπιστρέφοντι
3306 877 3362 929 δὲ
3394 874 3634 951 καὶτοὺς
3664 867 4016 940 ὅσοιτυγχά-
4116 870 4121 881 ⁵

2427 989 2575 1025 νουσι
2601 968 3116 1042 βαρυκάρδιοιλτούς
3148 985 3203 1021 τε
3228 958 3557 1035 ἀγαπῶντας
3579 964 3648 1017 τὰ
3680 962 3885 1035 μάταια
3914 958 4018 1013 καὶ

2429 1063 2721 1135 ζητοῦντας
2743 1061 2804 1114 τὸ
2833 1058 3052 1129 ψεῦδος.
3073 1058 3145 1110 Τὸ
3162 1058 3220 1111 δὲ
3246 1057 3535 1129 μελῲδημα
3565 1054 3714 1125 παρὰ
3732 1054 3831 1123 τὴν

2430 1156 2568 1209 ἔοικε
2599 1153 2790 1225 δηλοῦν
2820 1153 2913 1206 καὶ
2950 1150 3009 1204 τὸ
3048 1150 3140 1203 τοῦ
3179 1148 3439 1221 μυστικοῦ
3485 1146 3692 1219 ῥυθμοῦ
3726 1140 4012 1214 τεχνιτῶν·

2430 1248 2572 1300 κατὰ
2600 1247 2656 1299 δὲ
2680 1244 2968 1313 ἀναγωγὴν
3013 1240 3198 1313 ὀρθὴν,
3234 1240 3477 1293 πολιτεία
3509 1238 3644 1310 πρὸς
3678 1234 3835 1301 δόξαν
3867 1231 4017 1289 θεοῦ

2435 1338 2571 1408 μετὰ
2601 1336 2884 1408 δογμάτων
2918 1332 3085 1402 ὑγιῶν
3121 1333 3217 1387 καὶ
3242 1332 3415 1401 λόγων
3444 1329 3537 1383 καὶ
3566 1327 3773 1399 ἑτέροις
3799 1321 4017 1395 ὠφελί-

2446 1448 2580 1503 μων.

2515 1605 2617 1657 Ἐν
2644 1602 2724 1669 τῷ
2759 1601 3169 1655 ἐπικαλεῖσθαί
3189 1616 3285 1670 με,
3315 1596 3638 1666 εὶσήκουσέ
3658 1612 3776 1665 μου
3808 1596 3841 1648 ό
3862 1594 4021 1662 Θεὸς

2434 1694 2543 1762 τῆς
2580 1690 2972 1759 δικαιοσύνης
3004 1711 3137 1763 μου,
3171 1694 3241 1746 ἐν
3276 1693 3475 1760 θλίψει
3508 1685 3870 1753 emititur-dc
3907 1686 4017 1756 με.

2447 1780 2503 1833 '0
2531 1782 2627 1852 μὲν
2656 1782 2763 1852 πρὸ
2788 1781 2975 1835 τούτου
3008 1780 3220 1851 ψαλμὸς
3251 1781 3465 1847 ἐλέγετο
3510 1781 3567 1833 ὲν
3605 1777 3680 1849 τῷ
3713 1776 4019 1849 ἀποδιδρά-

2438 1890 2587 1925 σκειν
2609 1872 2771 1926 Δαυῒδ
2823 1873 2930 1926 ἀπὸ
2980 1870 3271 1943 προσώπου
3330 1870 3681 1941 ’Λϐεσσαλὼμ
3738 1869 3830 1923 τοῦ
3888 1866 4018 1922 υἱοῦ

769 1960 897 2058 post
920 1960 1130 2059 partam
1193 1983 1405 2042 scilicet
1449 1986 1515 2039 de
1547 1960 1821 2039 Absalone
1850 1982 2137 2039 victoriam
2172 2002 2184 2036 :
2221 1998 2330 2051 quo
2365 1977 2402 2029 Β
2431 1984 2462 2017 α

2431 1965 2593 2018 αὐτοῦ
2618 1985 2629 1996 -
2661 1967 2689 2017 ὁ
2716 1965 2770 2017 δὲ
2799 1964 2987 2036 παρὼν
3015 1966 3186 2018 ἔοικεν
3221 1965 3342 2032 ἑξῆς
3375 1965 3567 2035 ἐκείνῳ
3593 1961 3845 2036 εἰρῆσθαι
3871 1960 4020 2033 μετὰ

767 2092 938 2148 gesto,
998 2078 1380 2147 triumphalem
1420 2075 1679 2147 hymnum
1734 2075 2015 2129 victoriam
2072 2075 2331 2145 praabeuti
2433 2073 2462 2107 τ

2433 2057 2531 2127 τὴν
2562 2056 2701 2108 κατὰ
2726 2055 2819 2108 τοῦ
2847 2054 3197 2123 Ἀϐεσσαλὼμ
3217 2055 3401 2123 νίκην·
3444 2055 3561 2124 μεθ’
3591 2055 3648 2108 ὃν
3690 2054 3855 2123 ὕμνον
3887 2054 4021 2106 ἑπι-

768 2171 877 2225 Dco
906 2180 1211 2232 consecrat,
1241 2174 1559 2236 prmsentem
1598 2162 1846 2219 videlicet
1876 2143 2147 2234 psalmum
2182 2182 2197 2230 ;
2224 2182 2333 2235 quo
2434 2166 2462 2200 ν

2434 2150 2603 2201 νίκιον
2630 2148 2707 2218 τῷ
2738 2146 2995 2218 νικοποιῷ
3025 2145 3143 2217 Θεῷ
3172 2145 3453 2215 ἀνατίθησι
3486 2145 3576 2198 τὸν
3610 2146 3851 2215 παρόντα
3872 2143 4018 2213 ψαλ-

769 2261 1030 2317 suadetur
1062 2259 1219 2335 nobis
1257 2270 1313 2311 ut
1347 2273 1413 2312 ne
1444 2256 1616 2312 simus
1642 2256 1734 2312 Dei
1753 2272 1881 2327 erga
1915 2274 2015 2312 nos
2041 2257 2331 2312 beneﬂcio-

769 2371 887 2409 rum
946 2354 1314 2407 immemores.
1349 2349 1539 2406 Merito
1592 2351 1757 2422 igitur
1782 2352 1836 2405 iu
1866 2349 2036 2419 priori
2071 2349 2285 2404 dicebat
2318 2366 2330 2401 :

769 2446 1012 2509 Domine,
1045 2444 1170 2516 quid
1198 2444 1538 2512 multiplicati
1571 2453 1695 2498 sunt
1724 2448 1812 2515 qui
1844 2442 2107 2496 tribulant
2136 2458 2215 2495 me
2246 2442 2291 2473 δ’
2317 2459 2331 2508 ;

772 2540 825 2592 in
851 2538 952 2593 hoc
974 2550 1174 2601 autem,
1203 2538 1255 2590 in
1287 2536 1629 2590 tribulatione
1662 2536 1907 2588 dilatasti
1939 2551 2037 2589 me.
2058 2534 2179 2589 Haec
2204 2550 2336 2589 sane

770 2628 1009 2698 loquitur
1039 2629 1106 2681 de
1130 2628 1438 2681 calamitate
1472 2643 1566 2696 per
1586 2628 1913 2682 Absalonem
1947 2627 2257 2697 importata,
2280 2627 2333 2680 in

770 2735 903 2789 qua,
928 2734 1051 2773 cum
1077 2718 1244 2773 Deum
1270 2722 1599 2787 invocasset,
1631 2722 1925 2791 propitium
1943 2729 2203 2791 expertus
2228 2729 2331 2785 est,

769 2821 844 2876 et,
880 2829 1002 2868 cum
1029 2823 1247 2883 propter
1279 2814 1535 2884 populum
1560 2822 1613 2869 et
1648 2823 1869 2885 propter
1904 2829 2089 2879 arcam
2120 2813 2334 2871 Domini

772 2908 826 2962 in
854 2909 1114 2963 aerumnis
1144 2907 1361 2977 degeret
1387 2948 1401 2973 ,
1435 2909 1671 2978 quietem
1701 2923 1765 2963 ac
1791 2907 2184 2975 dilatationem,
2215 2924 2335 2964 ces-

774 3008 931 3055 sante
965 3000 1127 3063 bello,
1160 3015 1224 3056 ac
1249 2999 1683 3071 prolundissima
1714 3015 1848 3070 pace
1877 3018 1935 3057 se
1969 3013 2130 3071 atque
2161 3016 2335 3072 popu-

740 3094 884 3148 .lum
925 3109 1142 3149 omnem
1169 3096 1508 3163 excipiente,
1560 3104 1756 3148 nactus
1802 3103 1905 3147 est.
1939 3091 2036 3145 Vel
2087 3094 2337 3148 fortassis

774 3188 888 3241 haec
917 3186 1049 3239 dicit
1079 3169 1371 3240 occasione
1399 3187 1587 3257 lapsus
1620 3202 1743 3240 cum
1777 3202 1944 3241 uxore
1967 3184 2133 3248 Uriae,
2163 3186 2339 3239 rebel-

774 3278 934 3332 lionis
970 3278 1084 3340 lilii,
1108 3286 1161 3333 et
1189 3280 1522 3348 reliquarum
1543 3278 1786 3332 omnium
1815 3277 2188 3331 calamitatum
2217 3290 2337 3346 qua:

773 3371 950 3440 ipsum
984 3370 1129 3424 domi
1160 3386 1445 3440 excepere.
1471 3368 1607 3443 Cum
1632 3370 1776 3424 enim
1823 3378 2045 3441 propter
2070 3370 2181 3424 haec
2216 3385 2333 3423 om-
2361 3395 2404 3449 ο
2437 3368 2505 3480 ""1:

774 3465 1013 3525 niasese
1068 3462 1343 3537 alliictioni
1396 3462 1695 3517 dedidisset
1728 3503 1743 3526 ,
1776 3464 1841 3517 ad
1874 3463 2249 3533 pteniientiam
2283 3470 2335 3516 et

774 3556 1173 3611 confessionem
1207 3572 1325 3611 sese
1357 3557 1631 3619 vertisset,
1661 3564 1714 3612 et
1735 3556 1895 3626 quasi
1928 3556 2174 3612 certatim
2208 3569 2338 3625 sup-

775 3650 997 3719 plicium
1050 3650 1103 3703 in
1140 3665 1197 3703 se
1226 3650 1293 3704 de
1320 3656 1544 3719 peccato
1570 3650 1917 3719 sumpsisset.
1944 3650 2175 3720 iustitiae
2205 3665 2337 3719 ope-

772 3743 925 3796 ribus
966 3742 1345 3812 l‘ructibusquc
1396 3752 1541 3796 recte
1588 3742 1853 3797 factorum
1905 3742 2128 3812 Optimis
2170 3740 2338 3795 Deum

772 3836 1119 3906 propitiatus,
1156 3835 1355 3891 bonam
1421 3844 1708 3890 assecutus
1758 3836 2200 3905 promissionem.
2233 3848 2337 3903 qua

775 3937 1052 3997 permotus
1084 3932 1136 3980 in
1169 3928 1494 3996 praecedenti
1533 3930 1741 3998 psalmo
1803 3928 2120 3998 prophetice
2157 3928 2295 3981 dixit
2323 3945 2335 3981 :

779 4020 856 4075 Tu
884 4032 1079 4085 autem,
1121 4021 1355 4086 Domine,
1386 4035 1654 4092 susceptor
1691 4040 1835 4077 meus
1873 4040 1949 4086 es,
2001 4024 2175 4093 gloria
2224 4038 2340 4075 mea

773 4125 823 4167 et
852 4118 1093 4168 exaltans
1143 4126 1296 4183 caput
1338 4132 1508 4170 meum
1535 4118 1601 4183 ",
1636 4132 1699 4171 ac
1728 4126 1923 4171 caetera
1948 4156 1965 4180 ,
2000 4131 2120 4186 quae
2172 4116 2339 4185 priori

777 4222 1027 4271 sermone
1064 4208 1224 4260 allata
1256 4216 1383 4262 sunt
1418 4227 1431 4274 ;
1473 4216 1870 4278 consequenter
1904 4210 1956 4262 in
1990 4208 2139 4263 hisce
2162 4208 2343 4261 decla-

776 4309 860 4354 rat
895 4320 907 4355 :
946 4300 1078 4354 Cum
1133 4302 1461 4379 invocarem,
1517 4302 1785 4355 exaudivit
1820 4318 1897 4354 me
1928 4299 2069 4354 Deus
2111 4300 2344 4369 justitiae

775 4409 922 4456 mew,
956 4395 1009 4447 in
1062 4392 1401 4449 tribulatione
1424 4392 1666 4448 dilatasti
1701 4411 1800 4448 me.
1836 4393 2090 4449 Miserere
2142 4395 2265 4457 mei,
2294 4403 2343 4447 et

773 4484 965 4538 exaudi
993 4487 1283 4539 orationem
1315 4504 1502 4543 meam.
1526 4487 1590 4540 Et
1623 4488 1879 4557 primum,
1912 4488 2199 4543 exauditus
2220 4502 2343 4541 cum

780 4589 1050 4630 vnvoeare'.
1070 4562 1374 4643 Dominum,
1394 4596 1501 4633 non
1518 4582 1742 4651 erigitur
1759 4580 1891 4650 (25),
1911 4596 2085 4651 neque
2102 4582 2154 4635 in
2174 4583 2347 4651 segni-

798 4668 901 4721 icm
925 4670 1070 4737 cadit
1105 4688 1118 4723 :
1151 4671 1245 4724 sed
1270 4674 1474 4749 statim,
1502 4675 1569 4739 de
1603 4677 1786 4729 futuro
1809 4660 2101 4738 sollicitus.
2146 4692 2343 4748 preca-

800 4775 865 4811 nr
898 4760 1117 4822 iterum,
1160 4777 1357 4830 regalis
1404 4763 1569 4818 Deum
1625 4776 1884 4838 perpetuo
1913 4770 2017 4824 sibi
2062 4772 2176 4825 fore
2212 4785 2340 4840 pro-
2372 4756 2419 4813 Ῑ)

776 4852 990 4922 pitiuzn.
1014 4850 1294 4921 Supplicat
1311 4861 1486 4906 autem
1510 4858 1754 4910 exaudiri
1775 4875 1832 4913 se
1854 4874 1915 4913 ex
1938 4860 2339 4923 misericordia,

777 4958 884 4996 non
919 4958 984 4997 ex
1033 4943 1234 4998 debito.
1290 4941 1515 4998 Etiamsi
1566 4949 1709 5002 enim
1765 4950 1868 5019 ipsi
1904 4952 2095 5006 aderat
2144 4952 2345 5020 aliquis

774 5036 1003 5107 justitite
1032 5035 1242 5091 fructus
1276 5056 1290 5105 ;
1328 5047 1383 5091 at
1422 5039 1523 5109 ipsi
1574 5056 1681 5095 non
1717 5045 1991 5101 conlidere
2019 5062 2078 5101 se
2103 5046 2341 5110 diccbat,

780 5129 873 5182 sed
903 5127 994 5181 Dei
1030 5130 1420 5186 misericordia:
1441 5141 1494 5187 et
1530 5133 1990 5193 miserationibus.
2216 5144 2217 5147 “

851 5219 1014 5275 Vens.
1052 5222 1103 5276 3.
1136 5222 1266 5295 Filii
1297 5224 1585 5293 hominum,
1614 5244 1873 5300 usquequo
1896 5235 2046 5301 gravi
2072 5233 2250 5297 corde,
2288 5243 2344 5288 ut

780 5314 902 5382 quid
923 5314 1143 5386 diligitis
1174 5318 1456 5397 vanitatem
1490 5331 1539 5375 et
1574 5324 1812 5393 quwritis
1841 5327 2169 5388 mendacium
2190 5333 2216 5385 ?
2237 5329 2346 5385 Eos

782 5410 873 5487 qui
914 5422 1202 5482 aggravata
1237 5423 1415 5469 mente
1446 5426 1594 5484 sunt,
1636 5420 1887 5491 tardique
1918 5422 1984 5477 ad
2014 5426 2235 5480 verbum
2264 5428 2347 5480 di-

780 5504 965 5556 vinum
1002 5504 1350 5568 audiendum,
1393 5524 1589 5578 graves
1619 5513 1785 5568 corde
1814 5518 2047 5583 vocavit,
2090 5520 2206 5575 sive
2250 5534 2346 5575 eos

781 5596 872 5665 qni
903 5600 1236 5653 conscientia
1279 5601 1537 5670 improbis
1567 5607 1989 5677 cogitationibus
2016 5621 2214 5666 onusta
2258 5628 2347 5667 es-

781 5697 923 5742 sent.
961 5688 1109 5754 Quos
1142 5694 1310 5748 verbo
1346 5695 1627 5752 incessens
1657 5701 1770 5753 ait:
1800 5699 2091 5772 Usquequo
2124 5705 2177 5759 in
2220 5720 2346 5775 pec-

780 5785 919 5838 catis
968 5790 1164 5844 vestris
1211 5793 1648 5862 perscvcrabitis,
1691 5804 1815 5850 cum
1863 5798 2231 5855 festinandum
2277 5799 2345 5856 ad

856 5944 899 5976 δι
945 5941 986 5997 11
1019 5942 1144 5998 Cor.
1180 5962 1259 6011 tv,
1298 5940 1356 6001 8f
1427 5950 1469 5982 δ’
1510 5950 1651 6007 Psal.
1693 5969 1785 6021 Ill,
1824 5955 1878 6011 2.
1952 5957 1995 5990 ⁸³
2038 5958 2167 6013 ibid.
2206 5960 2259 6014 4.

2440 2233 2557 2310 μὸν,
2583 2239 2647 2291 δι’
2674 2232 2734 2291 οῦ
2764 2240 2858 2293 καὶ
2878 2240 3037 2310 ἡμεῖς
3065 2236 3423 2307 παιδευόμεθα
3448 2237 3521 2308 μὴ
3546 2238 3874 2307 ἀμνημονεῖν
3901 2236 4017 2289 τῶν

2435 2328 2527 2382 τοῦ
2560 2328 2693 2381 Θεοῦ
2727 2331 2803 2391 εἰς
2846 2331 2993 2399 ἡμᾶς
3025 2326 3371 2399 εὐεργεσιῶν.
3410 2328 3647 2389 Εἰκότως
3683 2323 3774 2381 οὖν
3814 2329 3871 2380 ὲν
3909 2326 4016 2397 μὲν

2434 2422 2513 2491 τῷ
2541 2420 2648 2491 πρὸ
2676 2420 2863 2473 τούτου
2893 2420 3077 2488 ἔλεγεν
3096 2437 3108 2449 ’
3143 2421 3337 2487 Κύριε,
3364 2420 3421 2471 τί
3448 2418 3921 2487 ἑπληθύνθησαν
3959 2420 4017 2472 ol

2436 2508 2742 2575 θλίϐοντές
2766 2525 2841 2578 με
2861 2525 2877 2571 ;
2901 2511 2956 2562 ὲν
2979 2509 3034 2562 δὲ
3056 2511 3257 2579 τούτιεν
3297 2510 3399 2562 Ἐν
3430 2510 3633 2577 θλίψει
3667 2505 4009 2573 ἐπλάτυνάς

2430 2619 2525 2672 με.
2558 2600 2717 2669 Λέγει
2749 2601 2806 2654 δὲ
2842 2601 3013 2655 ταῦτα
3046 2602 3170 2673 περὶ
3218 2602 3313 2672 τῆς
3351 2601 3487 2653 κατὰ
3518 2600 3608 2653 τὸν
3659 2599 4019 2671 Ἀϐεσσαλὼμ

2438 2695 2750 2771 συμφορᾶς·
2782 2692 2902 2745 καθ’
2936 2693 3002 2764 ἢν
3031 2692 3121 2746 τὸν
3153 2693 3285 2747 Θεὸν
3308 2692 3794 2763 ἐπικαλεσάμενος,
3824 2692 4016 2763 ἔτυχεν

2438 2786 2598 2841 αὑτοῦ
2625 2787 2859 2857 ἐπηκόου
2879 2803 2893 2818 ·
2927 2803 3021 2840 και
3052 2785 3339 2855 γενόμενος
3366 2787 3421 2838 ὲν
3450 2784 3624 2854 θλίψει
3644 2784 3729 2837 διὰ
3753 2784 3843 2837 τὸν
3862 2784 4015 2847 λαὸν,

2437 2876 2532 2929 καὶ
2562 2875 2657 2946 τὴν
2693 2874 2922 2933 κιϐωτὸν
2951 2874 3045 2928 τοῦ
3074 2874 3228 2939 Θεοῦ,
3264 2877 3497 2939 ἀνέσεως
3530 2876 3621 2928 καὶ
3652 2874 4015 2944 πλατυσμοὶ·

2437 2967 2676 3039 ἠξιώθη,
2715 2968 3066 3038 παυσαμένου
3112 2968 3208 3037 μὲν
3241 2966 3331 3021 τοῦ
3389 2968 3657 3038 πολέμου,
3701 2968 3922 3039 εἰρήνης
3958 2967 4017 3020 δὲ

2441 3062 2745 3134 βαθυτάτης
2798 3064 3158 3135 διαλαϐούσης
3204 3066 3364 3119 αὐτόν
3415 3082 3474 3117 τε
3554 3067 3647 3119 καὶ
3694 3068 3869 3120 πάντα
3920 3063 4016 3116 τὸν

2438 3154 2583 3207 λαόν.
2617 3157 2685 3207 Ἢ
2716 3156 2888 3220 ἄλλως
2919 3157 3066 3225 λέγει
3091 3157 3264 3211 ταῦτα
3298 3159 3389 3210 ἐπὶ
3423 3157 3517 3210 τοῦ
3548 3154 3886 3225 πταίσματος
3912 3154 4015 3225 τῆς

2439 3246 2533 3300 τοῦ
2564 3247 2783 3317 Οὐρίου,
2812 3249 2905 3301 καὶ
2935 3251 2967 3318 ἡ
2995 3248 3089 3301 τοῦ
3114 3249 3229 3301 υἱοῦ
3262 3249 3645 3311 ἐπανάστασις,
3682 3249 3776 3301 καὶ
3810 3248 3877 3300 τὰ
3908 3247 4017 3300 λοι-

2437 3336 2513 3389 πὰ
2540 3337 2715 3391 πάντα
2739 3338 2805 3392 τὰ
2827 3339 2967 3393 κατὰ
2988 3339 3078 3392 τὸν
3098 3337 3240 3393 οἶκον
3260 3338 3404 3393 κακὲ
3426 3338 3461 3392 ὂ.
3483 3355 3545 3391 συ
3553 3338 3823 3409 μϐέϐηκεν
3846 3338 4013 3409 αὐτῷ.

2512 3429 2573 3480 πὶ
2595 3429 2803 3493 τούτοις
2843 3431 2952 3502 γὰρ
2986 3432 3176 3486 ἑαυτὸν
3213 3432 3490 3494 κακώσας,
3524 3432 3780 3503 μετανοίᾳ
3823 3449 3881 3484 τε
3924 3432 4019 3485 καὶ

2438 3519 2818 3593 ἐξομολογήσει
2854 3524 3044 3578 ἑαυτὸν
3093 3526 3402 3598 παραδοὺς,
3460 3526 3555 3580 καὶ
3605 3524 3683 3597 τῷ
3716 3524 4019 3595 πταίσματι

2437 3614 2743 3681 ἐφαμίλλως
2774 3614 2962 3669 ἑαυτὸν
3001 3618 3476 3689 τιμωρησάμενος,
3514 3617 3696 3687 ἔργοις
3726 3634 3784 3671 τε
3816 3617 4021 3671 δικαιο-

2444 3704 2607 3775 σύνης
2644 3708 2738 3759 καὶ
2770 3710 3000 3779 καρποῖς
3024 3709 3245 3778 ἀγαθοῖς
3276 3711 3455 3779 πάσης
3486 3708 3732 3771 εὐποιίας
3762 3707 3860 3782 τὸν⁸
3885 3708 4019 3759 Θεὸν

2442 3797 2779 3868 ἱλασάμενος,
2810 3800 2901 3852 καὶ
2932 3800 3108 3871 τυχὼν
3140 3801 3471 3869 ἐπαγγελίας
3495 3800 3725 3869 ἀγαθῆς,
3753 3800 3822 3851 δι’
3846 3799 3913 3867 ἣν
3941 3797 4019 3867 τῷ

2441 3888 2545 3960 πρὸ
2574 3890 2763 3959 τούτου
2797 3891 2994 3960 ψαλμῷ
3026 3891 3375 3961 προφητικῶς
3390 3890 3539 3959 ἔλεγε
3558 3905 3572 3922 ⁸
3601 3891 3684 3945 Σὺ
3708 3890 3795 3953 δὲ,
3820 3891 4015 3956 Κύριε,

2440 3981 2818 4056 (irrumarth
2862 3999 2976 4051 μου
3002 3983 3074 4049 εἴ,
3108 3982 3258 4046 δόξα
3283 3994 3402 4051 μου
3432 3982 3527 4036 καὶ
3568 3982 3742 4052 ὑψῶν
3767 3981 3880 4048 τὴν
3920 3998 4018 4034 κε⁸

2440 4073 2646 4144 511.1731-
2668 4092 2809 4143 μου,
2832 4074 2925 4126 καὶ
2954 4074 3024 4127 τὰ
3055 4073 3214 4127 λοιπὰ
3247 4075 3348 4128 ὃσα
3370 4076 3608 4147 παρίστη
3641 4076 3669 4130 ὁ
3704 4074 3806 4147 πρὸ
3827 4074 4017 4128 τούτου

2439 4164 2616 4232 λόγος,
2651 4162 2957 4227 ἀκολούθως
2987 4164 3073 4218 διὰ
3114 4164 3222 4218 τῶν
3258 4167 3634 4237 προκειμένων
3671 4167 3866 4236 φησίν’
3916 4168 4019 4221 Ἐν

2442 4254 2520 4319 τῷ
2556 4255 2968 4310 ἐπικαλεῖσθαί
2999 4273 3073 4326 με
3116 4256 3442 4323 εἰσήκουσέ
3490 4277 3607 4328 μου
3650 4262 3682 4312 ό
3721 4256 3865 4324 Θεὸς
3907 4257 4019 4323 τῆς

2442 4344 2832 4425 δικαιρσύνης
2874 4364 3023 4416 μου,
3066 4348 3137 4401 ἐν
3176 4351 3375 4417 θλίψει
3417 4348 3756 4415 ἐπλάτυνάς
3787 4367 3881 4420 με.
3927 4351 4010 4403 οι-

2442 4436 2762 4503 κτείρηο-όν
2815 4453 2889 4503 με
2943 4438 3041 4492 καὶ
3088 4438 3454 4493 εἰσάκουσον
3508 4438 3619 4507 τῆς
3668 4436 4019 4509 προσευχῆς

2436 4545 2575 4596 μου.
2615 4528 2688 4580 Τὸ
2711 4528 2924 4600 πρῶτον
2951 4532 3307 4596 ὲπακουσθεὶς
3338 4534 3394 4585 έν
3422 4532 3500 4603 τῷ
3525 4512 3900 4585 ἐπικαλεῖσθαι
3926 4530 4019 4583 τὸν

2443 4618 2666 4690 Κύριον,
2691 4621 2789 4673 οὐκ
2823 4621 3103 4694 ἐπαίρεται
3133 4622 3251 4676 οὐδὲ
3276 4618 3655 4698 ἀπορραθυμεῖ
3672 4642 3686 4655 ο
3718 4623 3832 4677 ἀλλ’
3857 4621 4019 4685 εὐθὺς

2448 4710 2687 4780 περὶτοῦ
2720 4712 2999 4782 μέλλοντος
3032 4716 3219 4787 χρόνου
3252 4716 3412 4770 πάλιν
3440 4716 3636 4779 δέεται,
3672 4715 3898 4768 πάντοτε
3926 4714 4019 4767 τὸν

2445 4801 2576 4854 Θεὸν
2626 4803 2860 4872 ἐπήκοον
2912 4804 3055 4875 ἔχειν
3100 4806 3462 4879 παρακαλῶν·
3503 4806 3732 4859 ἱκετεύει
3776 4823 3835 4858 τε
3895 4808 4016 4859 κατ’

2443 4889 2620 4946 οἶκτον
2663 4896 3082 4969 ὲπακουσθῆναι,
3115 4899 3176 4951 οὑ
3228 4899 3349 4952 κατ’
3392 4897 3630 4968 ὀφειλὴν.
3676 4899 3737 4950 El
3785 4896 3892 4969 γὰρ
3924 4898 4019 4950 καὶ

2444 4985 2625 5056 παρῆν
2657 5003 2740 5049 τις
2772 4988 2921 5058 αὑτῷ
2967 4990 3177 5061 καρπὸς
3209 4990 3583 5058 δικαιοσύνης.
3621 4988 3733 5042 ἀλλ’
3780 4990 3881 5041 οὐκ
3924 4989 4016 5043 ἐπὶ

2443 5073 2615 5146 τούτῳ
2657 5075 2874 5147 θαρσεῖν
2918 5077 3134 5147 ἔλεγεν·
3181 5077 3294 5130 ἀλλ’
3345 5077 3436 5129 ἐπὶ
3466 5076 3541 5146 τῷ
3590 5076 3726 5147 ἐλέῳ
3780 5077 4019 5140 καὶτοῖς

2448 5166 2751 5236 οίκτιρμοῖς
2782 5166 2879 5219 τοῦ
2904 5166 3070 5221 Θεοῦ.

2519 5258 2634 5310 Υἱοὶ
2672 5255 3014 5325 ἀνθρώπων,
3049 5257 3158 5323 ἕως
3197 5258 3341 5311 πότε
3376 5255 3765 5325 ,βαρυκάρδιοι
3789 5272 3805 5321 ;
3826 5257 3927 5310 ἵνα
3963 5255 4019 5309 τί

2451 5347 2713 5415 ἀγαπᾶτε
2750 5351 3143 5418 ματαιότητα,
3185 5350 3281 5402 καὶ
3337 5347 3554 5417 ζητεῖτε
3588 5348 3846 5417 ψεῦδος;
3881 5348 4019 5411 Τοὺς

2451 5434 2547 5506 τὴν
2582 5438 2818 5493 διάνοιαν
2852 5440 3329 5511 πεπαχυμμένους,
3364 5443 3454 5495 καὶ
3489 5443 3615 5513 περὶ
3638 5442 3735 5515 τὴν
3775 5441 4019 5510 ὑπακοὴν

2451 5528 2544 5581 τοῦ
2572 5530 2715 5583 θείου
2760 5532 2916 5601 λόγου
2962 5531 3194 5603 βραδεῖς,
3228 5531 3622 5607 βαρυκαρδίους
3650 5535 3950 5607 ὠνόμασεν,
3983 5531 4015 5601 ἢ

2451 5622 2575 5684 τοὺς
2610 5621 3013 5694 βεϐαρημένους
3041 5625 3101 5677 τὸ
3143 5627 3377 5691 συνειδὸς
3408 5628 3511 5682 ὑπὸ
3546 5627 3833 5701 μοχθηρῶν
3873 5625 4018 5694 λογι-

2454 5714 2637 5783 σμῶν·
2682 5714 2931 5785 πλήττων
2978 5715 3035 5769 δὲ
3074 5716 3296 5783 τούτους
3334 5718 3411 5791 τῷ
3449 5720 3590 5790 λόγῳ
3633 5717 3825 5789 φησίν·
3879 5716 4021 5779 Ἕως

2454 5822 2582 5859 ποτε
2628 5810 2746 5873 ταῖς
2789 5808 2992 5863 ἑαυτῶν
3032 5810 3325 5884 ἁμαρτίαις
3364 5812 3741 5885 παραμένετε,
3775 5809 4021 5865 σπεύδειν
