4262 6424
277 508 376 565 105

1389 508 1891 564 COMMENTARIA
1928 511 1999 564 IN
2028 512 2358 566 PSALMOS.

3368 518 3469 574 “‘6

269 622 384 676 δέον
412 616 513 677 ἐπὶ
542 619 826 691 μετάνοιαν
857 619 952 674 καὶ
996 619 1093 691 τὴν
1129 620 1299 692 φίλην·
1318 623 1395 692 τῷ
1427 622 1545 694 Θεῷ
1587 624 1831 695 tamen-
1863 631 1906 687 Α
1934 642 1952 695 ι

1785 626 1831 677 5-
1863 631 1906 687 Α
1934 626 2307 695 paenitentiam
2338 595 2392 682 et
2430 626 2497 681 ad
2537 624 2787 680 dilectam
2819 618 2943 678 Deo
2969 621 3361 678 confessionem
3398 637 3468 675 es-

272 728 459 783 γησιν;
488 706 630 764 κάτά
674 709 731 764 δὲ
781 710 878 782 τὴν
929 710 1188 782 ἱστορίαν,
1217 710 1398 765 ἔοικεν
1430 715 1457 766 ὁ
1486 713 1669 767 Δαυῖδι
1699 714 1834 785 πρὸς

269 804 390 869 τοὺς
434 803 527 855 ἐπὶ
572 805 685 865 τοῖς
723 803 1047 871 πειρασμοῖς
1080 803 1182 855 καὶ
1212 806 1328 865 ταῖς
1354 796 1701 873 περιστάσεσι
1737 823 1834 860 τα·-

273 892 649 963 ραττομένους,
684 894 777 946 καὶ
805 892 1251 965 θορυϐουμένους,
1286 896 1377 947 καὶ
1417 896 1594 950 πάντα
1636 897 1833 968 μᾶλλον

266 994 602 1054 πράττοντας
635 984 668 1054 ἢ
706 984 799 1036 ἐπὶ
845 985 936 1037 τὸν
974 983 1105 1039 Θεὸν
1156 985 1626 1055 καταφεύγοντας,
1661 991 1832 1044 ταῦτα

263 1077 461 1146 λέχειν.
498 1077 563 1131 Τί
590 1077 696 1149 γὰρ
737 1079 843 1150 χρὴ
874 1080 1154 1150 ταράττειν
1190 1079 1281 1132 καὶ
1310 1080 1686 1150 ταράττεσθαι,
1730 1102 1833 1155 φη-

266 1168 367 1233 σὶν,
404 1170 462 1221 ὲν
509 1171 623 1232 τοῖς
663 1172 1068 1241 περιστατικοῖς
1110 1172 1354 1241 καιροῖς.;
1382 1171 1446 1222 Τί
1480 1171 1542 1223 δὲ
1584 1171 1689 1244 χρὴ
1725 1193 1829 1245 μα-

262 1258 504 1328 ταιότητι
548 1259 774 1323 ἑαυτοὺς
824 1255 1113 1323 ἐκδιδόναι,
1148 1252 1191 1311 ὧ
1225 1259 1574 1331 βαρυκάρδιοι
1604 1262 1824 1332 άνδρεςς

262 1346 326 1398 Τί
356 1346 413 1399 δὲ
455 1347 516 1400 τὸ
538 1347 732 1417 ψεῦδος
773 1348 1032 1418 μετιέναι,
1068 1349 1127 1402 τὸ
1173 1349 1370 1420 ἀληθὲς
1402 1331 1823 1419 καταλιπόντας

273 1436 431 1491 Ἀλλά
463 1439 573 1509 γὰρ
606 1438 854 1492 ἐντεῦθεν
898 1439 1175 1509 μαθόντες,
1211 1440 1291 1494 ὅτι
1333 1439 1463 1504 Θεὸς
1503 1434 1597 1495 καὶ
1626 1442 1827 1513 Κύριός

260 1531 405 1581 ἐστιν
438 1532 467 1584 ὁ
497 1529 604 1583 τῶν
634 1529 768 1583 ὅλων
792 1529 981 1601 ἔφορος
1018 1530 1112 1584 καὶ
1149 1536 1468 1608 προνοητὴς,
1500 1536 1529 1587 ό
1560 1534 1826 1605 μηδέποτε

261 1620 601 1674 καταλείπων
630 1630 811 1674 πάντα
850 1622 993 1673 ὅσιον
1028 1619 1191 1673 αὑτοῦ
1211 1660 1225 1685 ,
1262 1621 1376 1674 ἀλλ’
1406 1622 1493 1674 ἀεὶ
1540 1620 1826 1692 θαυμαστά

260 1714 346 1766 ἐπ’
373 1712 521 1783 αὑτῷ
547 1713 778 1773 δεικνὺς,
824 1710 1151 1774 σπουδάζετε
1183 1712 1275 1764 καὶ
1311 1710 1464 1764 αὐτοὶ
1501 1712 1636 1782 ὅσιοι
1673 1709 1827 1780 γενέ·-

261 1804 406 1867 σθαι,
443 1798 502 1857 εὖ
550 1803 642 1856 καὶ
685 1802 926 1875 ἀκριδῶς
968 1802 1187 1866 εἰδότες,
1213 1802 1294 1855 ὅτι
1322 1802 1415 1857 καὶ
1453 1801 1605 1872 ὑμῶν
1637 1802 1824 1874 ὥσπερ

257 1893 351 1950 οὖν
382 1896 478 1949 καὶ
525 1894 659 1966 ἐμοῦ
701 1892 866 1948 αὐτοῦ
921 1893 1125 1966 Κύριος
1182 1894 1595 1957 είσακούσεται,
1647 1896 1703 1947 ὲν
1745 1894 1842 1964 τῷς

259 1984 587 2056 κεκραγέναι
623 1987 756 2056 πρὸς
782 1984 961 2037 αὐτόν.
997 1984 1426 2048 Ἐπακούσαντος
1457 1984 1514 2038 δὲ
1546 1984 1698 2056 ὑμῶν
1728 1984 1820 2038 τοῦ

258 2077 465 2148 Κυρίου
495 2118 509 2139 ,
570 2075 723 2129 οὐδὲν
759 2076 840 2128 δεῖ
889 2075 1071 2128 λοιπὸν
1134 2077 1435 2147 μεριμνᾷν,
1498 2074 1716 2145 ἔχοντας
1762 2076 1822 2129 τὸ

258 2169 497 2237 ἀσφαλὲς
524 2167 631 2220 ἀπὸ
667 2167 765 2230 τῆς
802 2169 928 2239 παρ’
963 2167 1127 2221 αὑτοῦ
1172 2160 1437 2239 βοηθείαέ.
1472 2167 1607 2234 Δόξα
1640 2184 1699 2221 τε
1726 2168 1820 2221 τοῦ

249 2257 402 2311 θείου
433 2258 593 2325 λόγου
644 2252 752 2311 εἷεν
778 2256 842 2310 ἂν
875 2258 923 2310 οἱ
954 2258 1058 2311 υἱοὶ
1085 2254 1193 2309 τῶν
1224 2255 1522 2328 ἀνθρώπων
1554 2256 1691 2310 κατά
1733 2257 1822 2310 τὸν

272 2346 501 2401 ’Δκύλαν
531 2347 625 2399 καὶ
644 2349 932 2417 Σύμμαχον
962 2347 1057 2417 (1)·
1083 2348 1112 2398 δ
1146 2346 1242 2417 μὲν
1263 2348 1368 2418 γὰρ
1403 2346 1646 2410 ’Δκύλαςο
1672 2349 1820 2415 "an;

258 2440 421 2504 πότε,
449 2443 503 2494 οί
530 2438 767 2502 ἔνδοξοί
782 2450 937 2507 μους
966 2438 993 2490 ὁ
1014 2438 1069 2491 δὲ
1093 2424 1403 2509 Σύμμαχος·
1431 2439 1580 2504 Ἕως
1603 2440 1819 2507 storem}

258 2526 409 2601 δόξα
426 2544 583 2598 μους
614 2527 699 2581 οιά
731 2526 830 2598 τὴν
864 2529 922 2579 ὲν
954 2527 1137 2592 αὐτοῖς
1169 2528 1361 2599 νοεράν
1389 2527 1564 2600 ψυχὴν
1610 2527 1700 2581 καὶ
1733 2526 1819 2580 λο-

258 2618 420 2690 γικὴν
456 2618 554 2691 τὴν
578 2621 718 2673 κατ’
749 2620 929 2673 εἰκόνα
971 2619 1064 2672 τοῦ
1096 2618 1233 2673 ’Θεοῦ
1276 2619 1663 2691 πεποιημένην.
1713 2618 1818 2683 Οὒς

260 2710 353 2761 ἐπὶ
383 2707 445 2761 τὸ
470 2712 649 2781 χεῖρον
677 2711 901 2774 ἑαυτοὺς
924 2710 1340 2782 διαστρέφοντας
1366 2713 1395 2764 ό
1434 2711 1589 2780 λόγος
1613 2712 1820 2767 ἐπονει-

258 2800 862 2869 δίξει,,ϐαρυκαρδίους
882 2799 1081 2862 καλῶν,
1098 2800 1191 2854 καὶ
1207 2800 1503 2871 ἀνθρώπων
1520 2798 1820 2873 υἱούςζλδέον

260 2887 398 2945 εἶναι
421 2891 571 2954 υἱοὺς
600 2890 756 2959 Θεοῦ,
791 2890 932 2945 κατά
952 2891 1012 2944 τό
1031 2907 1044 2921 ο
1081 2890 1228 2961 Ἐγὼ
1255 2888 1459 2945 εἷπον
1496 2892 1628 2945 Θεοί
1654 2889 1814 2955 ἐστε,

260 2979 357 3034 καὶ
392 2979 510 3034 υἱοὶ
550 2980 829 3048 Ὑψίστου
857 2980 1096 3046 πάντες.
1330 3032 1335 3035 ,

326 3070 439 3122 Kal
466 3066 669 3139 γνῶτε,
699 3068 787 3123 ὅτι
824 3068 1246 3139 ὲθαυμάστωσε
1263 3068 1478 3137 Κύριος
1508 3067 1615 3124 τὸν
1647 3068 1817 3125 ὅσιον

256 3158 463 3216 αὐτοῦ.
498 3158 557 3212 '0
586 3158 869 3232 προφήτης
897 3162 1021 3231 περὶ
1050 3158 1285 3233 Χριστοῦ
1313 3158 1547 3213 διδάσκει
1573 3161 1738 3232 ἡμᾶς,
1760 3160 1819 3224 ὃς

256 3249 403 3301 ἐστιν
456 3247 660 3321 ἀληθὴς
700 3250 874 3314 ὅσιος,
916 3250 1057 3304 κατὰ
1109 3249 1170 3304 τὸ
1224 3249 1512 3322 εἰρημένον
1558 3250 1616 3304 ἐν
1648 3249 1726 3322 τῷ
1759 3256 1818 3303 ιε’

255 3339 454 3413 ψαλμῷ
473 3355 487 3370 ⁶
520 3342 613 3395 καὶ
651 3334 711 3393 οῖ’
741 3341 1025 3415 ἀπόστολοι
1057 3341 1113 3397 δὲ
1140 3341 1558 3415 ἐμαρτύρησαν,
1590 3342 1666 3406 ὡς
1696 3342 1822 3414 περὶ

254 3433 490 3506 Χριστοῦ
522 3435 996 3506 προφητευομένου
1020 3435 1267 3504 λέγοντες
1304 3435 1553 3508 εἰρῆσθαι
1577 3435 1668 3499 τὺ,
1701 3437 1823 3489 οὐκ

252 3526 705 3595 ἐγκαταλείψεις
747 3524 859 3593 τὴν
906 3524 1119 3594 ψυχήν
1156 3543 1276 3594 μου
1312 3529 1398 3591 είς
1450 3526 1603 3595 ᾅδην
1623 3566 1639 3592 ,
1681 3525 1823 3580 οὐδὲ

250 3617 464 3683 δώσεις
488 3616 595 3670 τὸν
616 3615 787 3669 ὅσιόν
819 3631 934 3669 σου
962 3614 1110 3669 ὶδεῖν
1129 3614 1472 3685 διαφθοράν.
1506 3619 1735 3672 Δυνατὸν
1764 3618 1822 3672 δὲ

252 3710 347 3763 καὶ
380 3709 509 3780 περὶ
536 3706 733 3771 παντὸς
765 3706 911 3760 ὁσίου
940 3706 1285 3760 διδάσκεσθαι
1322 3708 1488 3777 ἡμᾶς.
1525 3710 1600 3761 Ού
1624 3709 1820 3762 ταυτὸν

251 3799 307 3853 δέ
334 3802 451 3852 ἐστι
494 3796 815 3861 πιστεῦσαι,
860 3795 949 3851 ὅτι
992 3796 1415 3867 ἐθαυμάστωσε
1466 3799 1676 3866 Κύριος
1713 3798 1821 3853 τὸν

254 3891 427 3946 ὅσιον
456 3889 663 3954 αὑτοῦ,
704 3891 799 3945 καὶ
829 3889 1049 3960 γνῶναι,
1084 3889 1162 3953 ὡς
1194 3890 1314 3943 οὐδὲ
1358 3889 1553 3944 ταυτόν
1604 3893 1718 3943 ἐστι
1750 3893 1816 3961 τῇ

253 3980 479 4052 ἀληθείᾳ
512 3978 833 4046 πιστεῦσαι,
882 3980 975 4034 καὶ
1020 3979 1221 4048 γνῶναι
1253 3981 1351 4051 τὴν
1384 3979 1637 4052 ἀλήθειαν
1657 4020 1673 4044 ,
1727 3981 1820 4033 καὶ

255 4069 541 4122 πιστεῦσαι
572 4067 650 4138 τῷ
669 4066 787 4138 Θεῷ
814 4068 908 4123 καὶ
928 4068 1129 4137 γνῶναι
1154 4070 1246 4122 τὸν
1264 4068 1414 4122 Θεόν.
1443 4070 1508 4121 Ol
1536 4067 1818 4122 ἀπόστολοι

255 4155 347 4214 οὖν
376 4161 445 4230 τῇ
474 4158 700 4229 ἀληθείς(⁵
729 4158 1009 4211 ἐπίστευον
1029 4176 1041 4188 ·
1079 4159 1191 4212 ἀλλ’
1222 4160 1283 4212 οὺ
1337 4174 1550 4223 παντως
1578 4173 1668 4214 ore
1700 4157 1818 4212 ὲπί-

258 4268 444 4305 στευον
485 4247 813 4317 ἐγνώκεισαν
844 4250 1033 4321 αὐτήν.
1090 4250 1384 4316 Ἀπόδειξις
1430 4251 1487 4304 δὲ
1529 4251 1634 4304 τῶν
1664 4231 1819 4323 Ἲεῖρη-

230 4342 438 4411 ,μένων
482 4339 543 4392 τὸ
572 4338 921 4408 Εύαγγέλιον,
962 4339 1089 4393 ἔνθα
1113 4340 1359 4413 εἴρηται-
1404 4342 1546 4397 Ἐὰν
1580 4344 1821 4412 μείνητε

254 4431 324 4484 ἐν
350 4427 429 4495 τῷ
464 4425 584 4498 ἐμῷ
613 4429 789 4497 λόγῳ,
830 4427 1066 4497 ἀληθῶς
1097 4430 1499 4501 μαθηταίμοῦ
1519 4432 1689 4497 ἐστε,
1724 4433 1821 4487 καὶ

254 4522 560 4594 γνώσεσθε
586 4520 702 4590 τὴν
722 4520 1032 4587 ἀλήθειαν,
1068 4520 1167 4573 καί
1211 4523 1249 4590 ἡ
1287 4522 1537 4591 ἀλήθεια
1586 4523 1817 4578 ἐλευθε-

1935 718 2056 772 set?
2083 718 2238 782 Quod
2272 718 2319 773 si
2351 718 2578 772 historia
2605 723 2897 785 spectetur,
2933 713 3148 768 videtur
3176 710 3344 766 David
3383 726 3477 766 eos

1934 808 2154 877 alloqui,
2190 808 2285 878 qui
2324 807 2381 861 in
2412 806 2801 862 tentationibus
2826 813 2878 860 et
2912 804 2968 857 in
2997 803 3274 858 eventibus
3310 802 3474 857 variis

1931 897 2239 960 turbantur,
2284 897 2571 967 omniaque
2594 895 2769 965 potius
2800 898 2984 963 agunt,
3023 906 3183 961 quam
3215 892 3279 945 ad
3307 890 3474 945 Deum

1932 987 2268 1058 confugiant.
2312 987 2451 1053 Quid
2501 1002 2660 1057 opus,
2696 985 2889 1054 inquit,
2926 982 3131 1037 turbari
3178 996 3241 1033 ac
3270 982 3472 1034 tumul-

1929 1079 2071 1131 tuari
2109 1092 2207 1148 pro
2235 1076 2547 1132 conditione
2575 1074 2914 1145 temporum?
2947 1071 3087 1138 Quid
3114 1070 3265 1140 juvat
3295 1085 3353 1124 se
3388 1084 3475 1122 va-

1928 1169 2087 1224 nitati
2114 1169 2346 1235 tradere,
2378 1185 2411 1223 ο
2442 1169 2590 1239 gravi
2636 1168 2801 1223 corde
2835 1154 3114 1219 homines?
3141 1162 3279 1229 Quid
3323 1178 3473 1216 men-

1927 1257 2145 1311 dacium
2186 1272 2451 1327 quaerere,
2482 1256 2674 1311 relicta
2722 1252 2982 1309 veritate?
3008 1250 3149 1316 Quin
3187 1250 3474 1320 potius-ex

1925 1346 2077 1403 hisce
2102 1347 2301 1411 edocti,
2335 1347 2503 1401 Deum
2547 1360 2609 1399 ac
2638 1344 2924 1397 Dominum
2963 1357 3087 1397 esse
3110 1342 3357 1395 ‘omnium
3389 1340 3472 1392 in-

1926 1448 2228 1510 spectorem
2279 1455 2343 1493 ac
2392 1439 2807 1500 moderatorem,
2845 1436 2936 1505 qui
2980 1434 3184 1488 nullum
3234 1446 3471 1501 unquam

1924 1535 2239 1585 sanctorum
2280 1543 2502 1583 suorum
2548 1528 2770 1592 deserit,
2820 1524 2914 1580 sed
2960 1523 3225 1591 mirabilia
3260 1535 3475 1591 semper

1921 1619 2133 1673 illorum
2166 1633 2331 1673 causa
2360 1617 2534 1681 etiicit,
2563 1626 2750 1671 curate
2786 1632 2883 1673 vos
2907 1616 3009 1685 ipsi
3036 1622 3095 1669 ut
3123 1616 3294 1669 sancti
3328 1613 3470 1677 sitis,

1924 1708 2162 1777 apprime
2182 1707 2356 1777 gnari,
2389 1705 2676 1760 Dominum
2705 1704 2880 1767 vobis,
2911 1704 3132 1772 perinde
3157 1710 3318 1771 atque
3340 1703 3471 1755 mihi

1923 1798 2213 1868 propitium
2244 1796 2379 1861 fore,
2415 1797 2462 1851 si
2486 1794 2703 1866 quando
2734 1793 2799 1847 ad
2843 1794 3021 1863 ipsum
3055 1793 3380 1855 clamabitis.
3412 1790 3470 1847 Si
3502 1782 3505 1785 ’
3560 1832 3563 1833 ν

1925 1895 2103 1941 autem
2136 1902 2232 1941 vos
2266 1885 2523 1940 Dominus
2569 1884 2892 1947 exaudierit,
2926 1883 3075 1936 nulla
3117 1882 3346 1936 ulterius
3373 1896 3470 1936 vo-

1851 1972 1894 2027 B
1920 1977 2005 2032 bis
2034 1974 2339 2031 sollicitudo
2368 1976 2551 2041 fuerit,
2577 1990 2700 2030 cum
2727 1976 2847 2044 ejus
2871 1975 3131 2029 auxilium
3153 1974 3304 2028 vobis
3329 1974 3471 2028 scia-

1922 2070 1993 2125 tis
2037 2069 2369 2124 adl'uturum.
2416 2068 2599 2123 Gloria
2650 2078 2829 2124 autem
2879 2068 3046 2123 divini
3095 2068 3244 2123 verbi
3270 2067 3471 2124 fuerint

1922 2158 2017 2214 ﬁlii
2049 2160 2350 2223 hominum,
2380 2158 2535 2229 juxta
2556 2158 2801 2230 Aquilam
2828 2165 2883 2213 et
2910 2154 3323 2229 Symmachum;
3345 2171 3470 2211 nam

1920 2248 2114 2318 Aquila
2142 2250 2221 2304 sic
2254 2249 2450 2303 habet:
2481 2247 2773 2318 Usquequo,
2802 2246 3020 2318 gloriosi
3053 2248 3195 2325 mei?
3225 2244 3474 2317 Symma-

1920 2339 2058 2395 chus
2090 2354 2256 2395 vero:
2287 2337 2579 2409 Usquequo,
2601 2337 2774 2407 gloria
2804 2338 2963 2392 mea?
2989 2334 3237 2393 videlicet
3258 2343 3473 2406 propter

1920 2427 2155 2481 animam
2200 2426 2534 2498 intelligendi
2566 2428 2617 2481 vi
2652 2425 2930 2496 pljeditam
2978 2434 3031 2481 et
3074 2426 3470 2487 rationabilem,

1919 2518 1988 2572 ad
2035 2519 2327 2589 imaginem
2346 2518 2475 2574 ~Dei
2521 2516 2740 2575 factam.
2788 2518 2999 2583 Quibus
3045 2517 3134 2571 hic
3186 2518 3475 2586 exprobrat

1917 2604 2223 2669 Psalmista,
2255 2622 2479 2677 eosque,
2529 2614 2714 2678 utpote
2746 2607 2813 2661 ad
2868 2607 3051 2676 pejora
3084 2621 3293 2670 versos,
3324 2606 3473 2675 graui
3555 2608 3557 2611 ’

1918 2697 2073 2753 corde
2108 2697 2373 2773 homines,
2418 2713 2481 2752 ac
2525 2698 2663 2754 ﬁlios
2696 2699 2979 2753 hominum
3011 2708 3201 2763 vocat;
3243 2713 3379 2766 quos
3411 2698 3467 2752 ti-

1916 2789 2018 2843 lios
2064 2802 2185 2842 esse
2228 2787 2319 2842 Dei
2361 2780 2709 2856 Oportuisset,
2748 2790 2903 2857 juxta
2949 2789 3080 2843 illud
3114 2807 3127 2843 :
3158 2788 3269 2859 Ego
3310 2787 3425 2841 dixi
3449 2801 3470 2841 :

1915 2879 2009 2934 Dii
2025 2881 2170 2946 estis,
2191 2888 2240 2934 et
2261 2880 2362 2949 ﬁlii
2381 2878 2590 2943 Excelsi
2620 2897 2794 2935 omnes
2815 2879 2881 2933 “.

1988 3055 2152 3112 Vens.
2185 3056 2239 3111 4.
2282 3055 2351 3110 Et
2392 3056 2577 3110 scitote
2617 3055 2863 3124 quoniam
2893 3053 3194 3123 miriﬁcavit
3214 3051 3470 3105 Dominus

1920 3158 2161 3205 sanctum
2181 3164 2356 3204 suum.
2398 3152 2474 3202 De
2499 3146 2718 3202 Christo
2760 3144 2862 3201 nos
2890 3142 3156 3214 Propheta
3197 3143 3470 3204 admonet.

1922 3239 2015 3309 qui
2060 3251 2221 3293 verus
2257 3245 2479 3292 sanctus
2523 3241 2631 3297 est,
2679 3241 2740 3287 ut
2779 3234 2833 3288 in
2871 3233 3080 3303 psalmo
3112 3248 3177 3286 xv
3222 3232 3470 3297 habetur,

1848 3307 2081 3405 quem
2114 3329 2293 3385 locum
2338 3327 2700 3383 testificantur
2748 3324 2977 3397 apostoli
3009 3323 3075 3379 de
3097 3325 3316 3381 Christo
3348 3340 3476 3394 pro-

1922 3424 2135 3497 phetice
2182 3420 2613 3490 intelligendum,
2654 3420 2951 3477 videlicet:
2985 3419 3107 3475 Non
3148 3419 3471 3491 derelinques

1924 3517 2153 3569 animam
2189 3528 2356 3566 meam
2386 3513 2439 3564 in
2489 3511 2715 3579 inferno,
2761 3528 2851 3565 nec
2880 3510 3031 3571 dabis
3061 3520 3297 3565 sanctum
3324 3518 3473 3563 tuum

1920 3607 2091 3663 uidere
2116 3605 2492 3672 corruptionem
2507 3603 2576 3658 -“.
2602 3602 2743 3658 Fieri
2771 3610 2953 3657 tamen
2974 3588 3150 3671 potest
3168 3610 3226 3656 ut
3253 3600 3319 3655 de
3347 3617 3473 3656 san-
3540 3618 3545 3623 '

1919 3708 2008 3753 eto
2034 3697 2275 3767 quolibet
2311 3695 2401 3748 hic
2442 3694 2754 3749 doceamur.
2796 3693 2981 3764 Neque
3024 3693 3471 3763 tamen‘idipsum

1918 3797 2002 3843 est
2043 3788 2285 3853 credere,
2314 3788 2562 3857 quoniam
2600 3788 2900 3856 miriﬁcavil
2932 3786 3189 3841 Dominus
3230 3778 3471 3840 sanctum

1920 3895 2094 3943 suum,
2144 3894 2208 3933 ac
2239 3893 2564 3949 cognoscere
2619 3894 2726 3933 non
2754 3879 2894 3945 idem
2943 3893 3065 3935 esse
3112 3878 3332 3934 credere
3382 3895 3475 3933 ve-

1917 3972 2085 4041 ritati,
2114 3980 2169 4027 et
2195 3985 2358 4027 nosse
2379 3972 2694 4040 veritatem;
2723 3978 2777 4027 et
2808 3970 3029 4028 credere
3057 3971 3188 4041 Deo,
3221 3988 3286 4027 ac
3312 3987 3475 4029 nosse

1918 4064 2107 4121 Deum.
2138 4064 2380 4135 Apostoli
2414 4072 2565 4121 certe
2603 4064 2819 4121 veritati
2861 4065 3186 4133 credebant;
3217 4065 3312 4121 sed
3341 4065 3471 4119 dum

1920 4160 2222 4223 crederent,
2250 4172 2358 4213 non
2388 4171 2615 4230 prorsus
2643 4157 2943 4214 noscebant
2969 4158 3139 4211 illam.
3168 4156 3299 4223 Quae
3332 4156 3471 4211 dici-

1918 4266 2041 4307 mus
2069 4250 2237 4322 probe
2256 4257 2752 4305 commonstrantur
2783 4264 2851 4304 ex
2879 4249 2983 4303 hoc
3006 4246 3280 4317 Evangelii
3301 4247 3431 4300 loco
3456 4264 3469 4299 :

1921 4340 1981 4417 Si
2010 4342 2309 4395 manseritis
2335 4342 2389 4395 in
2411 4358 2644 4396 sermone
2667 4358 2807 4407 meo,
2835 4356 2945 4398 vere
2964 4338 3210 4404 discipuli
3240 4337 3340 4389 mei
3367 4336 3474 4389 eri-

1883 4486 1887 4494 ,
1922 4435 2011 4499 tis,
2030 4443 2080 4487 et
2101 4434 2416 4507 cognoscetis
2442 4434 2729 4491 ceritatem,
2758 4439 2807 4484 et
2831 4430 3021 4482 veritas
3043 4426 3283 4481 liberabit
3302 4426 3469 4480 vos“.

1920 4525 2159 4605 Credunt
2185 4526 2352 4592 enim,
2380 4525 2575 4599 inquit,
2611 4522 2845 4584 veritati,
2882 4531 2940 4574 ut
2966 4528 3299 4591 cognoscant
3332 4519 3475 4574 veri-

253 4616 428 4685 ρώσει
462 4614 639 4684 ὑμᾶς.
684 4615 1003 4668 Πιστεύουσι
1028 4612 1235 4686 γάρςτῇ
1272 4614 1518 4688 ἀληθείᾳ,
1559 4617 1712 4689 φησὶ,
1756 4616 1816 4670 τὸ
1850 4624 1936 4697 οι

1789 4616 1816 4669 ὺ
1850 4640 1892 4697 ο
1921 4624 2084 4681 tatem
2110 4632 2142 4669 ηε
2165 4631 2289 4671 nam
2309 4655 2325 4680 ,
2396 4614 2690 4670 secundum
2764 4611 3057 4682 prophetas
3077 4652 3092 4676 ,
3122 4608 3472 4666 "credendum

256 4708 559 4779 γνώσεσθαι
608 4708 708 4782 τὴν
734 4708 1016 4780 ἀλήθειανο
1052 4709 1192 4762 κατά
1233 4708 1342 4779 γὰρ
1388 4710 1510 4772 τοὺς
1538 4710 1819 4781 προφήτας

257 4799 546 4879 πιστεῦσαι
579 4799 660 4853 δεῖ
698 4802 827 4872 πρὶν
871 4799 1104 4853 συνιέναι
1148 4799 1242 4852 καὶ
1291 4798 1545 4871 λαλῆσαι·
1584 4800 1680 4853 τοῦ
1720 4801 1819 4872 μὲν

268 4890 483 4945 Ἡσαΐου
522 4893 795 4963 λέγοντος·
849 4894 990 4947 Ἐὰν
1026 4891 1111 4962 μὴ
1155 4884 1546 4960 πιστεύσητε,
1590 4892 1715 4948 οὐδ’
1747 4896 1818 4949 οὐ

250 4979 335 5051 μὴ
376 4981 635 5050 συνῆτεο
683 4982 776 5035 τοῦ
817 4982 873 5035 δὲ
910 4982 1099 5049 Aeolii"
1150 4982 1532 5046 Ἐπίστευσα,
1556 4981 1648 5035 διὸ
1679 4983 1817 5037 ἐλά-

255 5073 439 5139 λησα.
469 5074 588 5127 Ὅτι
616 5073 673 5127 δὲ
700 5073 762 5127 τὸ
804 5072 1089 5142 γινώσκειν
1120 5072 1211 5125 τὸν
1253 5070 1384 5125 Θεὸν
1413 5069 1508 5124 τοῦ
1549 5073 1819 5126 πιστεύειν

256 5161 406 5233 αὐτῷ
435 5163 701 5236 διαφέρει,
750 5165 809 5217 ὲν
852 5167 965 5228 τοῖς
1014 5164 1070 5222 Ψ
1096 5162 1258 5226 ,λη-οἶς
1290 5161 1699 5232 ἀναγέγραπται
1731 5162 1818 5217 διὰ

250 5250 372 5314 τοῦ.
421 5254 773 5323 Σχολάσατε
800 5256 897 5309 καί
932 5252 1137 5324 γνῶτε,
1165 5255 1253 5309 ὅτι
1293 5253 1405 5324 ἐγώ
1434 5255 1548 5323 ειμι
1578 5257 1615 5308 ό
1646 5257 1818 5323 Θεόςσ

255 5343 316 5396 ού
340 5343 451 5413 γὰρ
475 5348 585 5408 τοῖς
615 5347 901 5400 ἀπιστοῠσί
927 5364 1061 5417 φησι
1078 5364 1091 5377 ·
1120 5345 1463 5407 Eludant;
1489 5345 1587 5400 καὶ
1616 5345 1817 5414 γνῶτε,

257 5435 343 5488 ὅτι
369 5433 485 5504 ἐγώ
518 5437 635 5505 είμι
670 5440 703 5490 ό
732 5440 897 5504 Θεός.
936 5439 1059 5492 Ἐπὶ
1087 5440 1285 5507 γνῶσιν
1313 5434 1405 5492 οὗν
1431 5439 1578 5509 ἡμᾶς
1606 5440 1634 5492 ό
1664 5438 1821 5508 λόγος

260 5526 693 5599 προκαλούμενος
726 5528 889 5582 ὑποὸι-
940 5546 1015 5582 πει
1054 5532 1149 5584 καὶ
1172 5531 1271 5603 τὴν
1296 5531 1438 5595 τίνος
1464 5528 1662 5599 γνῶσιν
1692 5531 1821 5586 ἀνα-

1923 4707 2074 4780 prius
2114 4714 2199 4764 est
2232 4722 2393 4777 quam
2425 4704 2789 4774 intelligamus
2830 4711 2884 4758 et
2905 4703 3215 4774 loquamur,
3260 4701 3498 4778 dicente.

1922 4799 2101 4857 Isaia:
2158 4798 2222 4855 Si
2263 4796 2366 4851 non
2412 4794 2759 4873 credideritis,
2784 4811 2953 4867 neque
2985 4794 3285 4865 intelligetis
3305 4794 3350 4827 ⁸⁷
3374 4812 3399 4860 ;-
3421 4802 3477 4850 et

1922 4887 2124 4945 Davide
2152 4908 2165 4943 :
2199 4878 2434 4953 Credidi,
2464 4894 2673 4955 propter
2713 4884 2850 4955 quod
2886 4886 3088 4940 locutus
3105 4897 3222 4938 sum
3235 4882 3301 4939 ιθ.
3318 4881 3473 4948 Quod

1923 4988 2102 5036 autem
2131 4977 2425 5033 discrimen
2454 4976 2527 5033 sit
2558 4976 2699 5033 inter
2726 4974 2894 5032 Deum
2935 4989 3096 5031 nosse
3126 4983 3181 5029 et
3218 4972 3473 5028 Deo.cre-
3557 4986 3565 4994 ·

1923 5071 2070 5134 dere,
2114 5070 2168 5123 in
2199 5068 2421 5139 psalmis
2450 5054 2788 5127 describitur
2829 5067 2915 5123 his
2944 5066 3126 5135 verbis
3152 5084 3165 5119 :
3206 5064 3399 5118 Vacate
3422 5072 3472 5117 et

1922 5162 2089 5216 videte
2114 5158 2359 5230 quoniam
2390 5176 2481 5231 ego
2509 5176 2625 5215 sum
2653 5157 2790 5212 Deus
2815 5152 2861 5185 δ’
2890 5177 2905 5212 :
2937 5173 3046 5213 non
3078 5156 3221 5210 enim
3255 5152 3365 5209 haec
3389 5155 3481 5208 lo-'

1922 5254 2106 5325 quitur
2134 5266 2245 5307 non
2270 5251 2626 5319 credentibus
2652 5270 2670 5305 ι
2706 5249 2899 5305 Vacate
2937 5262 2988 5305 et
3033 5250 3193 5304 videte
3224 5248 3472 5314 quoniam
3518 5240 3519 5243 “

1920 5361 2011 5417 €90
2038 5360 2153 5399 tum
2196 5341 2360 5399 De“.
2419 5346 2556 5404 Cum
2610 5346 2793 5415 itaque
2837 5358 2937 5399 nos
2973 5356 3150 5398 sermo
3178 5340 3245 5395 ad
3282 5339 3487 5409 cogni-r

1922 5439 2123 5493 tionem
2150 5444 2361 5505 evocat,
2381 5427 2587 5492 indicat
2616 5438 2777 5493 simul
2809 5434 2967 5507 cujus
3000 5435 3078 5489 rei
3101 5432 3345 5497 notitiam
3370 5432 3474 5486 'nos

1923 5518 2138 5602 assequi
2164 5537 2443 5602 oporteat;
2468 5528 2719 5584 videlicet
2748 5526 3036 5603 mirabiles
3064 5522 3199 5578 ellici
3229 5528 3471 5587 sanctos,

327 5682 374 5715 “
392 5682 535 5739 Psal.
558 5681 822 5747 1.3356.
898 5680 1102 5748 "Psal.
1134 5700 1201 5738 xv
1222 5724 1236 5747 ,
1271 5687 1355 5741 l0.
1400 5686 1444 5717 “
1465 5684 1758 5751 Joan.vn‘l,
1788 5685 1971 5753 51,52.
2011 5688 2054 5719 "
2094 5686 2194 5740 lsa.
2226 5665 2327 5751 vii,
2360 5685 2416 5741 9.
2447 5685 2492 5719 ⁸⁸
2522 5684 2665 5739 Psal.
2696 5698 2821 5747 ειν,
2849 5682 2936 5736 to.
2998 5680 3042 5715 ⁵³
3068 5677 3341 5744 Psal.n.v,
3384 5654 3471 5734 il.

325 5886 399 5957 (l)
437 5887 497 5942 In
536 5887 800 5956 Hebraico
827 5888 1020 5959 legitur
1042 5895 1213 5957 rm,
1253 5890 1305 5946 id
1334 5896 1437 5957 est,
1472 5887 1642 5960 gloria
1671 5904 1807 5956 mea,
1837 5896 1897 5946 ut
1924 5889 2091 5961 probe
2115 5890 2472 5963 Symmachus
2496 5890 2901 5959 interpretatur.

456 5989 727 6077 Pas-30L.
760 5986 874 6047 Gn.
911 5982 963 6044 Χ
978 5982 1139 6050 XIII.

2620 6012 2623 6013 ,
2948 5970 2951 5971 ⁷
2993 5982 3016 6050 ,λ
3118 5983 3183 6033 ιδ
