  <div class='ocr_page' id='page_1' title='image "/cluster/home/n/w/nwhite01/storage/ocr_20150623/23/coo.31924054873041/069.png"; bbox 0 0 4262 6384; ppageno 0'>
   <div class='ocr_carea' id='block_1_1' title="bbox 790 422 895 477">
    <p class='ocr_par' dir='ltr' id='par_1_1' title="bbox 790 422 895 477">
     <span class='ocr_line' id='line_1_1' title="bbox 790 422 895 477; baseline -0.029 0"><span class='ocrx_word' id='word_1_1' title='bbox 790 422 895 477; x_wconf 83' lang='grc'><strong>107</strong></span> 
     </span>
    </p>
   </div>
   <div class='ocr_carea' id='block_1_2' title="bbox 1456 410 3333 476">
    <p class='ocr_par' dir='ltr' id='par_1_2' title="bbox 1456 410 3333 476">
     <span class='ocr_line' id='line_1_2' title="bbox 1456 410 3333 476; baseline -0.004 -4"><span class='ocrx_word' id='word_1_2' title='bbox 1456 415 1725 476; x_wconf 73' lang='grc' dir='ltr'><strong>ΕΙῙΞΕΒΙΙ</strong></span> <span class='ocrx_word' id='word_1_3' title='bbox 1756 415 2234 474; x_wconf 72' lang='grc' dir='ltr'><strong>ΟΑΞΞΑΒΙΕΝΕΊΒ</strong></span> <span class='ocrx_word' id='word_1_4' title='bbox 2266 414 2417 474; x_wconf 84' lang='lat' dir='ltr'><strong>OPP.</strong></span> <span class='ocrx_word' id='word_1_5' title='bbox 2451 413 2629 469; x_wconf 79' lang='lat' dir='ltr'><strong>PARS</strong></span> <span class='ocrx_word' id='word_1_6' title='bbox 2684 412 2772 467; x_wconf 90' lang='grc'><strong>111.</strong></span> <span class='ocrx_word' id='word_1_7' title='bbox 2814 443 2883 451; x_wconf 91' lang='grc'><strong>-</strong></span> <span class='ocrx_word' id='word_1_8' title='bbox 2923 410 3333 466; x_wconf 73' lang='lat' dir='ltr'><strong>EXEGETICA.</strong></span> 
     </span>
    </p>
   </div>
   <div class='ocr_carea' id='block_1_3' title="bbox 3950 407 4058 463">
    <p class='ocr_par' dir='ltr' id='par_1_3' title="bbox 3950 407 4058 463">
     <span class='ocr_line' id='line_1_3' title="bbox 3950 407 4058 463; baseline -0.009 0"><span class='ocrx_word' id='word_1_9' title='bbox 3950 407 4058 463; x_wconf 78' lang='grc'><strong>108</strong></span> 
     </span>
    </p>
   </div>
   <div class='ocr_carea' id='block_1_4' title="bbox 790 529 2387 609">
    <p class='ocr_par' dir='ltr' id='par_1_4' title="bbox 790 537 2364 609">
     <span class='ocr_line' id='line_1_4' title="bbox 790 537 2364 609; baseline -0.004 -13"><span class='ocrx_word' id='word_1_10' title='bbox 790 542 922 597; x_wconf 77' lang='lat' dir='ltr'><strong>d‘um</strong></span> <span class='ocrx_word' id='word_1_11' title='bbox 957 553 1279 594; x_wconf 84' lang='lat' dir='ltr'><strong>arcanorum</strong></span> <span class='ocrx_word' id='word_1_12' title='bbox 1320 537 1708 609; x_wconf 83' lang='lat' dir='ltr'><strong>mysteriorum</strong></span> <span class='ocrx_word' id='word_1_13' title='bbox 1744 552 2135 607; x_wconf 87' lang='lat' dir='ltr'><strong>sacrarumque</strong></span> <span class='ocrx_word' id='word_1_14' title='bbox 2166 553 2364 607; x_wconf 84' lang='lat' dir='ltr'><strong>specu-</strong></span> 
     </span>
    </p>
   </div>
   <div class='ocr_carea' id='block_1_5' title="bbox 2469 529 4063 609">
    <p class='ocr_par' dir='ltr' id='par_1_5' title="bbox 2469 529 4063 605">
     <span class='ocr_line' id='line_1_5' title="bbox 2469 529 4063 605; baseline -0.003 -18"><span class='ocrx_word' id='word_1_15' title='bbox 2469 534 2654 587; x_wconf 84' lang='grc' dir='ltr'>λαϐεἶν</span> <span class='ocrx_word' id='word_1_16' title='bbox 2676 536 2710 605; x_wconf 77' lang='grc' dir='ltr'>ἡ</span> <span class='ocrx_word' id='word_1_17' title='bbox 2720 535 2826 604; x_wconf 84' lang='grc' dir='ltr'>μᾶς</span> <span class='ocrx_word' id='word_1_18' title='bbox 2852 533 2976 604; x_wconf 77' lang='grc' dir='ltr'>χρὴ,</span> <span class='ocrx_word' id='word_1_19' title='bbox 3005 530 3079 595; x_wconf 86' lang='grc' dir='ltr'><strong>ῶς</strong></span> <span class='ocrx_word' id='word_1_20' title='bbox 3096 533 3231 584; x_wconf 86' lang='grc' dir='ltr'>εἰσιν</span> <span class='ocrx_word' id='word_1_21' title='bbox 3253 531 3356 584; x_wconf 79' lang='grc' dir='ltr'><strong>ὑπὸ</strong></span> <span class='ocrx_word' id='word_1_22' title='bbox 3372 531 3506 584; x_wconf 99' lang='grc' dir='ltr'>Θεοῦ</span> <span class='ocrx_word' id='word_1_23' title='bbox 3535 529 4063 601; x_wconf 78' lang='grc' dir='ltr'>τεθαυμαστωμένοι</span> 
     </span>
    </p>
   </div>
   <div class='ocr_carea' id='block_1_6' title="bbox 790 626 2365 698">
    <p class='ocr_par' dir='ltr' id='par_1_6' title="bbox 790 626 2365 698">
     <span class='ocr_line' id='line_1_6' title="bbox 790 626 2365 698; baseline -0.005 -12"><span class='ocrx_word' id='word_1_24' title='bbox 790 632 1056 687; x_wconf 86' lang='lat' dir='ltr'><strong>lationum</strong></span> <span class='ocrx_word' id='word_1_25' title='bbox 1104 628 1452 684; x_wconf 74' lang='lat' dir='ltr'><strong>mirabilibus</strong></span> <span class='ocrx_word' id='word_1_26' title='bbox 1495 626 2084 698; x_wconf 87' lang='lat' dir='ltr'><strong>admoventur:atque</strong></span> <span class='ocrx_word' id='word_1_27' title='bbox 2133 627 2236 695; x_wconf 88' lang='lat' dir='ltr'><strong>ipsi</strong></span> <span class='ocrx_word' id='word_1_28' title='bbox 2269 640 2365 695; x_wconf 87' lang='lat' dir='ltr'><strong>per</strong></span> 
     </span>
    </p>
   </div>
   <div class='ocr_carea' id='block_1_7' title="bbox 790 718 2365 794">
    <p class='ocr_par' dir='ltr' id='par_1_7' title="bbox 790 718 2365 794">
     <span class='ocr_line' id='line_1_7' title="bbox 790 718 2365 794; baseline -0.004 -15"><span class='ocrx_word' id='word_1_29' title='bbox 790 724 887 779; x_wconf 85' lang='lat' dir='ltr'><strong>Dei</strong></span> <span class='ocrx_word' id='word_1_30' title='bbox 942 724 1169 794; x_wconf 75' lang='lat' dir='ltr'><strong>gratiam</strong></span> <span class='ocrx_word' id='word_1_31' title='bbox 1229 723 1581 793; x_wconf 74' lang='lat' dir='ltr'><strong>divinumque</strong></span> <span class='ocrx_word' id='word_1_32' title='bbox 1634 721 2035 791; x_wconf 78' lang='lat' dir='ltr'><strong>inSpectionem‘</strong></span> <span class='ocrx_word' id='word_1_33' title='bbox 2087 718 2365 773; x_wconf 80' lang='lat' dir='ltr'><strong>mirabiles</strong></span> 
     </span>
    </p>
   </div>
   <div class='ocr_carea' id='block_1_8' title="bbox 791 818 1044 876">
    <p class='ocr_par' dir='ltr' id='par_1_8' title="bbox 791 818 1044 876">
     <span class='ocr_line' id='line_1_8' title="bbox 791 818 1044 876; baseline -0.012 0"><span class='ocrx_word' id='word_1_34' title='bbox 791 818 1044 876; x_wconf 81' lang='lat' dir='ltr'><strong>evadunt.</strong></span> 
     </span>
    </p>
   </div>
   <div class='ocr_carea' id='block_1_9' title="bbox 869 990 2365 1063">
    <p class='ocr_par' dir='ltr' id='par_1_9' title="bbox 869 990 2365 1063">
     <span class='ocr_line' id='line_1_9' title="bbox 869 990 2365 1063; baseline -0.005 -10"><span class='ocrx_word' id='word_1_35' title='bbox 869 999 1038 1054; x_wconf 70' lang='lat' dir='ltr'><strong>Vnus.</strong></span> <span class='ocrx_word' id='word_1_36' title='bbox 1074 999 1127 1055; x_wconf 86' lang='lat'><strong>5.</strong></span> <span class='ocrx_word' id='word_1_37' title='bbox 1173 995 1479 1051; x_wconf 80' lang='lat' dir='ltr'><strong>Irascimini</strong></span> <span class='ocrx_word' id='word_1_38' title='bbox 1494 1004 1549 1050; x_wconf 86' lang='lat' dir='ltr'><strong>et</strong></span> <span class='ocrx_word' id='word_1_39' title='bbox 1574 995 1733 1049; x_wconf 85' lang='lat' dir='ltr'><strong>nolite</strong></span> <span class='ocrx_word' id='word_1_40' title='bbox 1759 1008 2014 1063; x_wconf 82' lang='lat' dir='ltr'><strong>peccare:</strong></span> <span class='ocrx_word' id='word_1_41' title='bbox 2046 1008 2163 1062; x_wconf 72' lang='lat' dir='ltr'><strong>qua!</strong></span> <span class='ocrx_word' id='word_1_42' title='bbox 2189 990 2365 1045; x_wconf 75' lang='lat' dir='ltr'><strong>dicitis</strong></span> 
     </span>
    </p>
   </div>
   <div class='ocr_carea' id='block_1_10' title="bbox 787 1085 2367 1156">
    <p class='ocr_par' dir='ltr' id='par_1_10' title="bbox 787 1085 2367 1156">
     <span class='ocr_line' id='line_1_10' title="bbox 787 1085 2367 1156; baseline -0.007 -10"><span class='ocrx_word' id='word_1_43' title='bbox 787 1095 851 1149; x_wconf 80' lang='lat' dir='ltr'><strong>in</strong></span> <span class='ocrx_word' id='word_1_44' title='bbox 895 1089 1142 1146; x_wconf 72' lang='lat' dir='ltr'><strong>cordibus</strong></span> <span class='ocrx_word' id='word_1_45' title='bbox 1183 1090 1387 1156; x_wconf 77' lang='lat' dir='ltr'><strong>uestris,</strong></span> <span class='ocrx_word' id='word_1_46' title='bbox 1427 1091 1482 1143; x_wconf 88' lang='lat' dir='ltr'><strong>in</strong></span> <span class='ocrx_word' id='word_1_47' title='bbox 1525 1087 1783 1143; x_wconf 79' lang='lat' dir='ltr'><strong>cubilibus</strong></span> <span class='ocrx_word' id='word_1_48' title='bbox 1834 1088 2017 1139; x_wconf 74' lang='lat' dir='ltr'><strong>vestris</strong></span> <span class='ocrx_word' id='word_1_49' title='bbox 2063 1085 2367 1153; x_wconf 84' lang='lat' dir='ltr'><strong>compungi-</strong></span> 
     </span>
    </p>
   </div>
   <div class='ocr_carea' id='block_1_11' title="bbox 704 1173 2368 1252">
    <p class='ocr_par' dir='ltr' id='par_1_11' title="bbox 704 1173 2368 1252">
     <span class='ocr_line' id='line_1_11' title="bbox 704 1173 2368 1252; baseline -0.007 -14"><span class='ocrx_word' id='word_1_50' title='bbox 704 1180 710 1188; x_wconf 86' lang='grc'><strong>’</strong></span> <span class='ocrx_word' id='word_1_51' title='bbox 790 1185 943 1247; x_wconf 79' lang='lat' dir='ltr'><strong>mini.</strong></span> <span class='ocrx_word' id='word_1_52' title='bbox 977 1181 1179 1236; x_wconf 85' lang='lat' dir='ltr'><strong>Suadet</strong></span> <span class='ocrx_word' id='word_1_53' title='bbox 1216 1180 1310 1234; x_wconf 70' lang='lat' dir='ltr'><strong>iraa</strong></span> <span class='ocrx_word' id='word_1_54' title='bbox 1343 1180 1603 1252; x_wconf 75' lang='lat' dir='ltr'><strong>impetum</strong></span> <span class='ocrx_word' id='word_1_55' title='bbox 1639 1177 1915 1240; x_wconf 88' lang='lat' dir='ltr'><strong>cohibere,</strong></span> <span class='ocrx_word' id='word_1_56' title='bbox 1943 1176 1990 1230; x_wconf 90' lang='lat' dir='ltr'><strong>si</strong></span> <span class='ocrx_word' id='word_1_57' title='bbox 2031 1173 2251 1246; x_wconf 84' lang='lat' dir='ltr'><strong>quando</strong></span> <span class='ocrx_word' id='word_1_58' title='bbox 2282 1191 2368 1227; x_wconf 81' lang='lat' dir='ltr'><strong>ve-</strong></span> 
     </span>
    </p>
   </div>
   <div class='ocr_carea' id='block_1_12' title="bbox 789 1266 2365 1339">
    <p class='ocr_par' dir='ltr' id='par_1_12' title="bbox 789 1266 2365 1339">
     <span class='ocr_line' id='line_1_12' title="bbox 789 1266 2365 1339; baseline -0.008 -6"><span class='ocrx_word' id='word_1_59' title='bbox 789 1273 1030 1333; x_wconf 86' lang='lat' dir='ltr'><strong>hementi</strong></span> <span class='ocrx_word' id='word_1_60' title='bbox 1082 1272 1447 1329; x_wconf 85' lang='lat' dir='ltr'><strong>commotione</strong></span> <span class='ocrx_word' id='word_1_61' title='bbox 1498 1270 1741 1335; x_wconf 81' lang='lat' dir='ltr'><strong>feratur,</strong></span> <span class='ocrx_word' id='word_1_62' title='bbox 1792 1278 2084 1339; x_wconf 89' lang='lat' dir='ltr'><strong>monetque</strong></span> <span class='ocrx_word' id='word_1_63' title='bbox 2133 1283 2201 1322; x_wconf 92' lang='lat' dir='ltr'><strong>ne</strong></span> <span class='ocrx_word' id='word_1_64' title='bbox 2236 1266 2365 1337; x_wconf 84' lang='lat' dir='ltr'><strong>quid</strong></span> 
     </span>
    </p>
   </div>
   <div class='ocr_carea' id='block_1_13' title="bbox 789 1360 2361 1437">
    <p class='ocr_par' dir='ltr' id='par_1_13' title="bbox 789 1360 2361 1437">
     <span class='ocr_line' id='line_1_13' title="bbox 789 1360 2361 1437; baseline -0.007 -14"><span class='ocrx_word' id='word_1_65' title='bbox 789 1368 871 1423; x_wconf 88' lang='lat' dir='ltr'><strong>ira</strong></span> <span class='ocrx_word' id='word_1_66' title='bbox 904 1367 1215 1437; x_wconf 87' lang='lat' dir='ltr'><strong>impellente</strong></span> <span class='ocrx_word' id='word_1_67' title='bbox 1234 1373 1427 1436; x_wconf 78' lang='lat' dir='ltr'><strong>agatur</strong></span> <span class='ocrx_word' id='word_1_68' title='bbox 1458 1383 1469 1418; x_wconf 96' lang='lat'>:</span> <span class='ocrx_word' id='word_1_69' title='bbox 1503 1379 1678 1434; x_wconf 89' lang='lat' dir='ltr'><strong>neque</strong></span> <span class='ocrx_word' id='word_1_70' title='bbox 1708 1365 2021 1433; x_wconf 89' lang='lat' dir='ltr'><strong>importune</strong></span> <span class='ocrx_word' id='word_1_71' title='bbox 2047 1362 2173 1415; x_wconf 89' lang='lat' dir='ltr'><strong>talia</strong></span> <span class='ocrx_word' id='word_1_72' title='bbox 2200 1360 2361 1414; x_wconf 82' lang='lat' dir='ltr'><strong>fatur.</strong></span> 
     </span>
    </p>
   </div>
   <div class='ocr_carea' id='block_1_14' title="bbox 789 1453 2367 1530">
    <p class='ocr_par' dir='ltr' id='par_1_14' title="bbox 789 1453 2367 1530">
     <span class='ocr_line' id='line_1_14' title="bbox 789 1453 2367 1530; baseline -0.006 -15"><span class='ocrx_word' id='word_1_73' title='bbox 789 1460 926 1515; x_wconf 84' lang='lat' dir='ltr'><strong>Nam</strong></span> <span class='ocrx_word' id='word_1_74' title='bbox 969 1459 1098 1530; x_wconf 89' lang='lat' dir='ltr'><strong>quia</strong></span> <span class='ocrx_word' id='word_1_75' title='bbox 1136 1459 1174 1513; x_wconf 92' lang='lat' dir='ltr'><strong>ii</strong></span> <span class='ocrx_word' id='word_1_76' title='bbox 1208 1459 1302 1529; x_wconf 89' lang='lat' dir='ltr'><strong>qui</strong></span> <span class='ocrx_word' id='word_1_77' title='bbox 1334 1473 1365 1511; x_wconf 90' lang='lat' dir='ltr'><strong>a</strong></span> <span class='ocrx_word' id='word_1_78' title='bbox 1397 1455 1599 1511; x_wconf 85' lang='lat' dir='ltr'><strong>Davide</strong></span> <span class='ocrx_word' id='word_1_79' title='bbox 1624 1456 1864 1520; x_wconf 82' lang='lat' dir='ltr'><strong>stabant,</strong></span> <span class='ocrx_word' id='word_1_80' title='bbox 1897 1454 2247 1509; x_wconf 85' lang='lat' dir='ltr'><strong>rebellionem</strong></span> <span class='ocrx_word' id='word_1_81' title='bbox 2274 1453 2367 1505; x_wconf 86' lang='lat' dir='ltr'><strong>lilii</strong></span> 
     </span>
    </p>
   </div>
   <div class='ocr_carea' id='block_1_15' title="bbox 791 1544 2383 1621">
    <p class='ocr_par' dir='ltr' id='par_1_15' title="bbox 791 1544 2383 1621">
     <span class='ocr_line' id='line_1_15' title="bbox 791 1544 2383 1621; baseline -0.009 -12"><span class='ocrx_word' id='word_1_82' title='bbox 791 1555 845 1609; x_wconf 90' lang='lat' dir='ltr'><strong>in</strong></span> <span class='ocrx_word' id='word_1_83' title='bbox 872 1563 1104 1621; x_wconf 85' lang='lat' dir='ltr'><strong>patrem,</strong></span> <span class='ocrx_word' id='word_1_84' title='bbox 1138 1552 1214 1607; x_wconf 89' lang='lat' dir='ltr'><strong>uti</strong></span> <span class='ocrx_word' id='word_1_85' title='bbox 1244 1567 1341 1621; x_wconf 89' lang='lat' dir='ltr'><strong>par</strong></span> <span class='ocrx_word' id='word_1_86' title='bbox 1369 1556 1507 1616; x_wconf 90' lang='lat' dir='ltr'><strong>erat,</strong></span> <span class='ocrx_word' id='word_1_87' title='bbox 1536 1549 1757 1620; x_wconf 89' lang='lat' dir='ltr'><strong>indigne</strong></span> <span class='ocrx_word' id='word_1_88' title='bbox 1786 1547 2043 1610; x_wconf 79' lang='lat' dir='ltr'><strong>ferentes,</strong></span> <span class='ocrx_word' id='word_1_89' title='bbox 2080 1547 2134 1599; x_wconf 91' lang='lat' dir='ltr'><strong>in</strong></span> <span class='ocrx_word' id='word_1_90' title='bbox 2167 1544 2383 1611; x_wconf 81' lang='lat' dir='ltr'><strong>bellum</strong></span> 
     </span>
    </p>
   </div>
   <div class='ocr_carea' id='block_1_16' title="bbox 791 1638 2365 1711">
    <p class='ocr_par' dir='ltr' id='par_1_16' title="bbox 791 1638 2365 1711">
     <span class='ocr_line' id='line_1_16' title="bbox 791 1638 2365 1711; baseline -0.011 -7"><span class='ocrx_word' id='word_1_91' title='bbox 791 1657 983 1704; x_wconf 88' lang='lat' dir='ltr'><strong>contra</strong></span> <span class='ocrx_word' id='word_1_92' title='bbox 1034 1644 1363 1702; x_wconf 82' lang='lat' dir='ltr'><strong>Absalonem</strong></span> <span class='ocrx_word' id='word_1_93' title='bbox 1425 1643 1506 1697; x_wconf 89' lang='lat' dir='ltr'><strong>ira</strong></span> <span class='ocrx_word' id='word_1_94' title='bbox 1553 1641 1790 1711; x_wconf 83' lang='lat' dir='ltr'><strong>correpti</strong></span> <span class='ocrx_word' id='word_1_95' title='bbox 1841 1638 2365 1710; x_wconf 87' lang='lat' dir='ltr'><strong>proﬁciscebantur;</strong></span> 
     </span>
    </p>
   </div>
   <div class='ocr_carea' id='block_1_17' title="bbox 790 1729 2371 1808">
    <p class='ocr_par' dir='ltr' id='par_1_17' title="bbox 790 1729 2371 1808">
     <span class='ocr_line' id='line_1_17' title="bbox 790 1729 2371 1808; baseline -0.009 -12"><span class='ocrx_word' id='word_1_96' title='bbox 790 1741 915 1797; x_wconf 84' lang='lat' dir='ltr'><strong>ideo</strong></span> <span class='ocrx_word' id='word_1_97' title='bbox 960 1738 1040 1794; x_wconf 87' lang='lat' dir='ltr'><strong>sic</strong></span> <span class='ocrx_word' id='word_1_98' title='bbox 1082 1753 1179 1795; x_wconf 91' lang='lat' dir='ltr'><strong>eos</strong></span> <span class='ocrx_word' id='word_1_99' title='bbox 1224 1736 1552 1808; x_wconf 84' lang='lat' dir='ltr'><strong>compellare</strong></span> <span class='ocrx_word' id='word_1_100' title='bbox 1596 1733 1811 1788; x_wconf 72' lang='lat' dir='ltr'><strong>videtur</strong></span> <span class='ocrx_word' id='word_1_101' title='bbox 1839 1751 1851 1786; x_wconf 94' lang='lat'><strong>:</strong></span> <span class='ocrx_word' id='word_1_102' title='bbox 1879 1730 1990 1785; x_wconf 81' lang='lat' dir='ltr'><strong>Vos</strong></span> <span class='ocrx_word' id='word_1_103' title='bbox 2037 1729 2279 1799; x_wconf 89' lang='lat' dir='ltr'><strong>quidem,</strong></span> <span class='ocrx_word' id='word_1_104' title='bbox 2337 1741 2371 1781; x_wconf 89' lang='grc' dir='ltr'><strong>ο</strong></span> 
     </span>
    </p>
   </div>
   <div class='ocr_carea' id='block_1_18' title="bbox 787 1820 2367 1899">
    <p class='ocr_par' dir='ltr' id='par_1_18' title="bbox 787 1820 2367 1899">
     <span class='ocr_line' id='line_1_18' title="bbox 787 1820 2367 1899; baseline -0.012 -7"><span class='ocrx_word' id='word_1_105' title='bbox 787 1837 893 1893; x_wconf 76' lang='lat' dir='ltr'><strong>viri</strong></span> <span class='ocrx_word' id='word_1_106' title='bbox 954 1834 1397 1894; x_wconf 87' lang='lat' dir='ltr'><strong>commilitones,</strong></span> <span class='ocrx_word' id='word_1_107' title='bbox 1448 1828 1540 1899; x_wconf 89' lang='lat' dir='ltr'><strong>qui</strong></span> <span class='ocrx_word' id='word_1_108' title='bbox 1595 1841 1724 1881; x_wconf 84' lang='lat' dir='ltr'><strong>vere</strong></span> <span class='ocrx_word' id='word_1_109' title='bbox 1776 1824 1997 1895; x_wconf 77' lang='lat' dir='ltr'><strong>gloriosi</strong></span> <span class='ocrx_word' id='word_1_110' title='bbox 2041 1821 2148 1876; x_wconf 91' lang='lat' dir='ltr'><strong>mei</strong></span> <span class='ocrx_word' id='word_1_111' title='bbox 2198 1820 2367 1882; x_wconf 86' lang='lat' dir='ltr'><strong>estis,</strong></span> 
     </span>
    </p>
   </div>
   <div class='ocr_carea' id='block_1_19' title="bbox 2466 624 4063 704">
    <p class='ocr_par' dir='ltr' id='par_1_19' title="bbox 2466 624 4063 704">
     <span class='ocr_line' id='line_1_19' title="bbox 2466 624 4063 704; baseline -0.003 -24"><span class='ocrx_word' id='word_1_112' title='bbox 2466 630 2515 680; x_wconf 87' lang='grc' dir='ltr'><strong>οί</strong></span> <span class='ocrx_word' id='word_1_113' title='bbox 2547 629 2705 688; x_wconf 81' lang='grc' dir='ltr'>ὅσιοι,</span> <span class='ocrx_word' id='word_1_114' title='bbox 2736 626 2979 704; x_wconf 26' lang='grc' dir='ltr'>’θαύμασι</span> <span class='ocrx_word' id='word_1_115' title='bbox 3011 624 3409 695; x_wconf 78' lang='grc' dir='ltr'><strong>προσαχθέντες</strong></span> <span class='ocrx_word' id='word_1_116' title='bbox 3436 624 3548 677; x_wconf 90' lang='grc' dir='ltr'><strong>τῶν</strong></span> <span class='ocrx_word' id='word_1_117' title='bbox 3583 626 3911 697; x_wconf 75' lang='grc' dir='ltr'>ἀπορρήτων</span> <span class='ocrx_word' id='word_1_118' title='bbox 3957 640 4063 693; x_wconf 80' lang='grc' dir='ltr'>μυ-</span> 
     </span>
    </p>
   </div>
   <div class='ocr_carea' id='block_1_20' title="bbox 2468 706 4060 791">
    <p class='ocr_par' dir='ltr' id='par_1_20' title="bbox 2468 706 4060 791">
     <span class='ocr_line' id='line_1_20' title="bbox 2468 706 4060 791; baseline -0.004 -18"><span class='ocrx_word' id='word_1_119' title='bbox 2468 720 2704 791; x_wconf 87' lang='grc' dir='ltr'>στηρίων</span> <span class='ocrx_word' id='word_1_120' title='bbox 2732 720 2825 772; x_wconf 77' lang='grc' dir='ltr'><strong>καὶ</strong></span> <span class='ocrx_word' id='word_1_121' title='bbox 2864 716 2972 770; x_wconf 90' lang='grc' dir='ltr'><strong>τῶν</strong></span> <span class='ocrx_word' id='word_1_122' title='bbox 3022 706 3190 786; x_wconf 84' lang='grc' dir='ltr'>ἁγίων</span> <span class='ocrx_word' id='word_1_123' title='bbox 3233 717 3625 787; x_wconf 75' lang='grc' dir='ltr'><strong>θεωρημάτων,</strong></span> <span class='ocrx_word' id='word_1_124' title='bbox 3654 718 3750 769; x_wconf 72' lang='grc' dir='ltr'><strong>καὶ</strong></span> <span class='ocrx_word' id='word_1_125' title='bbox 3780 716 3939 769; x_wconf 84' lang='grc' dir='ltr'>αὐτοὶ</span> <span class='ocrx_word' id='word_1_126' title='bbox 3991 714 4060 767; x_wconf 85' lang='grc' dir='ltr'>δι’</span> 
     </span>
    </p>
   </div>
   <div class='ocr_carea' id='block_1_21' title="bbox 2466 806 4062 884">
    <p class='ocr_par' dir='ltr' id='par_1_21' title="bbox 2466 806 4062 884">
     <span class='ocr_line' id='line_1_21' title="bbox 2466 806 4062 884; baseline -0.008 -17"><span class='ocrx_word' id='word_1_127' title='bbox 2466 813 2633 884; x_wconf 79' lang='grc' dir='ltr'>αὐτὴν</span> <span class='ocrx_word' id='word_1_128' title='bbox 2654 810 2747 867; x_wconf 85' lang='grc' dir='ltr'><strong>τοῦ</strong></span> <span class='ocrx_word' id='word_1_129' title='bbox 2773 810 2907 864; x_wconf 89' lang='grc' dir='ltr'>Θεοῦ</span> <span class='ocrx_word' id='word_1_130' title='bbox 2943 810 3102 882; x_wconf 82' lang='grc' dir='ltr'>χάριν</span> <span class='ocrx_word' id='word_1_131' title='bbox 3136 810 3229 862; x_wconf 79' lang='grc' dir='ltr'><strong>καὶ</strong></span> <span class='ocrx_word' id='word_1_132' title='bbox 3251 808 3400 861; x_wconf 89' lang='grc' dir='ltr'>θείαν</span> <span class='ocrx_word' id='word_1_133' title='bbox 3424 808 3724 879; x_wconf 79' lang='grc' dir='ltr'>ἐπισκοπὴν</span> <span class='ocrx_word' id='word_1_134' title='bbox 3744 806 4062 878; x_wconf 62' lang='grc' dir='ltr'>θαυμαστοὶ</span> 
     </span>
    </p>
   </div>
   <div class='ocr_carea' id='block_1_22' title="bbox 2468 905 2767 975">
    <p class='ocr_par' dir='ltr' id='par_1_22' title="bbox 2468 905 2767 975">
     <span class='ocr_line' id='line_1_22' title="bbox 2468 905 2767 975; baseline 0 -18"><span class='ocrx_word' id='word_1_135' title='bbox 2468 905 2767 975; x_wconf 85' lang='grc' dir='ltr'>γενόμενοι.</span> 
     </span>
    </p>
   </div>
   <div class='ocr_carea' id='block_1_23' title="bbox 2552 989 4057 1066">
    <p class='ocr_par' dir='ltr' id='par_1_23' title="bbox 2552 989 4057 1066">
     <span class='ocr_line' id='line_1_23' title="bbox 2552 989 4057 1066; baseline -0.005 -16"><span class='ocrx_word' id='word_1_136' title='bbox 2552 994 2870 1066; x_wconf 80' lang='grc' dir='ltr'>Ὀργίζεσθε</span> <span class='ocrx_word' id='word_1_137' title='bbox 2928 993 3023 1047; x_wconf 79' lang='grc' dir='ltr'>καὶ</span> <span class='ocrx_word' id='word_1_138' title='bbox 3063 990 3150 1062; x_wconf 80' lang='grc' dir='ltr'>μὴ</span> <span class='ocrx_word' id='word_1_139' title='bbox 3197 991 3595 1062; x_wconf 50' lang='lat' dir='ltr'><strong>(limpida-825&#39;</strong></span> <span class='ocrx_word' id='word_1_140' title='bbox 3636 990 3675 1044; x_wconf 79' lang='grc' dir='ltr'><strong><em>ἃ</em></strong></span> <span class='ocrx_word' id='word_1_141' title='bbox 3723 991 3936 1060; x_wconf 75' lang='grc' dir='ltr'>λέγετε</span> <span class='ocrx_word' id='word_1_142' title='bbox 3983 989 4057 1042; x_wconf 68' lang='grc' dir='ltr'>ἐν</span> 
     </span>
    </p>
   </div>
   <div class='ocr_carea' id='block_1_24' title="bbox 2466 1083 4056 1157">
    <p class='ocr_par' dir='ltr' id='par_1_24' title="bbox 2466 1083 4056 1157">
     <span class='ocr_line' id='line_1_24' title="bbox 2466 1083 4056 1157; baseline -0.006 -14"><span class='ocrx_word' id='word_1_143' title='bbox 2466 1088 2595 1155; x_wconf 81' lang='grc' dir='ltr'>ταῖς</span> <span class='ocrx_word' id='word_1_144' title='bbox 2628 1086 2897 1157; x_wconf 81' lang='grc' dir='ltr'><strong>καρδίαις</strong></span> <span class='ocrx_word' id='word_1_145' title='bbox 2915 1084 3103 1155; x_wconf 82' lang='grc' dir='ltr'>ὑμῶν,</span> <span class='ocrx_word' id='word_1_146' title='bbox 3126 1083 3222 1137; x_wconf 81' lang='grc' dir='ltr'><strong>ἐπὶ</strong></span> <span class='ocrx_word' id='word_1_147' title='bbox 3258 1083 3385 1150; x_wconf 83' lang='grc' dir='ltr'>ταῖς</span> <span class='ocrx_word' id='word_1_148' title='bbox 3416 1085 3641 1149; x_wconf 81' lang='grc' dir='ltr'><strong>κοίταις</strong></span> <span class='ocrx_word' id='word_1_149' title='bbox 3682 1083 3843 1152; x_wconf 79' lang='grc' dir='ltr'>ὑμῶν</span> <span class='ocrx_word' id='word_1_150' title='bbox 3861 1097 4056 1135; x_wconf 79' lang='grc' dir='ltr'>κατα-</span> 
     </span>
    </p>
   </div>
   <div class='ocr_carea' id='block_1_25' title="bbox 2466 1174 4060 1255">
    <p class='ocr_par' dir='ltr' id='par_1_25' title="bbox 2466 1174 4060 1255">
     <span class='ocr_line' id='line_1_25' title="bbox 2466 1174 4060 1255; baseline -0.007 -16"><span class='ocrx_word' id='word_1_151' title='bbox 2466 1186 2706 1255; x_wconf 82' lang='grc' dir='ltr'>νύγητε.</span> <span class='ocrx_word' id='word_1_152' title='bbox 2737 1180 3099 1252; x_wconf 85' lang='grc' dir='ltr'>Συμϐουλεύει</span> <span class='ocrx_word' id='word_1_153' title='bbox 3135 1179 3362 1233; x_wconf 80' lang='grc' dir='ltr'><strong>κωλύειν</strong></span> <span class='ocrx_word' id='word_1_154' title='bbox 3402 1178 3463 1230; x_wconf 83' lang='grc' dir='ltr'><strong>τὸ</strong></span> <span class='ocrx_word' id='word_1_155' title='bbox 3507 1177 3607 1247; x_wconf 77' lang='grc' dir='ltr'><strong>τῆς</strong></span> <span class='ocrx_word' id='word_1_156' title='bbox 3648 1178 3814 1247; x_wconf 83' lang='grc' dir='ltr'>ὀργης</span> <span class='ocrx_word' id='word_1_157' title='bbox 3853 1174 4060 1239; x_wconf 82' lang='grc' dir='ltr'>πάθος,</span> 
     </span>
    </p>
   </div>
   <div class='ocr_carea' id='block_1_26' title="bbox 2468 1265 4066 1341">
    <p class='ocr_par' dir='ltr' id='par_1_26' title="bbox 2468 1265 4066 1341">
     <span class='ocr_line' id='line_1_26' title="bbox 2468 1265 4066 1341; baseline -0.007 -12"><span class='ocrx_word' id='word_1_158' title='bbox 2468 1276 2522 1330; x_wconf 81' lang='grc' dir='ltr'><strong>εἴ</strong></span> <span class='ocrx_word' id='word_1_159' title='bbox 2548 1292 2677 1328; x_wconf 82' lang='grc' dir='ltr'>ποτε</span> <span class='ocrx_word' id='word_1_160' title='bbox 2708 1271 3089 1341; x_wconf 85' lang='grc' dir='ltr'>ἀγανακτικῶς</span> <span class='ocrx_word' id='word_1_161' title='bbox 3123 1270 3476 1333; x_wconf 88' lang='grc' dir='ltr'>ἀνακινεῖται,</span> <span class='ocrx_word' id='word_1_162' title='bbox 3510 1268 3641 1339; x_wconf 87' lang='grc' dir='ltr'><strong>μηδέ</strong></span> <span class='ocrx_word' id='word_1_163' title='bbox 3675 1276 3755 1330; x_wconf 84' lang='grc' dir='ltr'><strong>εις</strong></span> <span class='ocrx_word' id='word_1_164' title='bbox 3777 1267 3942 1338; x_wconf 79' lang='grc' dir='ltr'>ἔργον</span> <span class='ocrx_word' id='word_1_165' title='bbox 3965 1265 4066 1318; x_wconf 80' lang='grc' dir='ltr'><strong>τὸν</strong></span> 
     </span>
    </p>
   </div>
   <div class='ocr_carea' id='block_1_27' title="bbox 2469 1357 4066 1440">
    <p class='ocr_par' dir='ltr' id='par_1_27' title="bbox 2469 1357 4066 1440">
     <span class='ocr_line' id='line_1_27' title="bbox 2469 1357 4066 1440; baseline -0.006 -17"><span class='ocrx_word' id='word_1_166' title='bbox 2469 1368 2638 1440; x_wconf 87' lang='grc' dir='ltr'>θυμὸν</span> <span class='ocrx_word' id='word_1_167' title='bbox 2673 1365 2939 1419; x_wconf 88' lang='grc' dir='ltr'>κινεῖσθαι</span> <span class='ocrx_word' id='word_1_168' title='bbox 2989 1363 3288 1435; x_wconf 78' lang='grc' dir='ltr'>παραινῶν.</span> <span class='ocrx_word' id='word_1_169' title='bbox 3336 1364 3447 1415; x_wconf 74' lang='grc' dir='ltr'>Οὐκ</span> <span class='ocrx_word' id='word_1_170' title='bbox 3496 1360 3736 1432; x_wconf 78' lang='grc' dir='ltr'>ἀκαίρως</span> <span class='ocrx_word' id='word_1_171' title='bbox 3777 1359 3833 1412; x_wconf 84' lang='grc' dir='ltr'><strong>δὲ</strong></span> <span class='ocrx_word' id='word_1_172' title='bbox 3877 1357 4066 1413; x_wconf 85' lang='grc' dir='ltr'>ταῦτά</span> 
     </span>
    </p>
   </div>
   <div class='ocr_carea' id='block_1_28' title="bbox 2470 1450 4066 1532">
    <p class='ocr_par' dir='ltr' id='par_1_28' title="bbox 2470 1450 4066 1532">
     <span class='ocr_line' id='line_1_28' title="bbox 2470 1450 4066 1532; baseline -0.005 -20"><span class='ocrx_word' id='word_1_173' title='bbox 2470 1474 2666 1532; x_wconf 84' lang='grc' dir='ltr'>φησιν·</span> <span class='ocrx_word' id='word_1_174' title='bbox 2710 1456 2823 1511; x_wconf 87' lang='grc' dir='ltr'>ἀλλ’</span> <span class='ocrx_word' id='word_1_175' title='bbox 2858 1454 3045 1527; x_wconf 79' lang='grc' dir='ltr'>ἐπειδὴ</span> <span class='ocrx_word' id='word_1_176' title='bbox 3085 1455 3227 1508; x_wconf 81' lang='grc' dir='ltr'>κατὰ</span> <span class='ocrx_word' id='word_1_177' title='bbox 3258 1454 3349 1508; x_wconf 88' lang='grc' dir='ltr'><strong>τοῦ</strong></span> <span class='ocrx_word' id='word_1_178' title='bbox 3389 1454 3739 1523; x_wconf 78' lang='grc' dir='ltr'>ἈϐεσσαΑωμ</span> <span class='ocrx_word' id='word_1_179' title='bbox 3773 1450 4066 1525; x_wconf 81' lang='grc' dir='ltr'><strong>ὁρμῶντες</strong></span> 
     </span>
    </p>
   </div>
   <div class='ocr_carea' id='block_1_29' title="bbox 2470 1542 4081 1622">
    <p class='ocr_par' dir='ltr' id='par_1_29' title="bbox 2470 1542 4081 1622">
     <span class='ocr_line' id='line_1_29' title="bbox 2470 1542 4081 1622; baseline -0.006 -16"><span class='ocrx_word' id='word_1_180' title='bbox 2470 1556 2547 1618; x_wconf 83' lang='grc' dir='ltr'><strong>είς</strong></span> <span class='ocrx_word' id='word_1_181' title='bbox 2577 1553 2831 1622; x_wconf 84' lang='grc' dir='ltr'>πόλεμον,</span> <span class='ocrx_word' id='word_1_182' title='bbox 2864 1548 2978 1619; x_wconf 78' lang='grc' dir='ltr'>μετ’</span> <span class='ocrx_word' id='word_1_183' title='bbox 3002 1547 3177 1620; x_wconf 77' lang='grc' dir='ltr'>ὀργῆς</span> <span class='ocrx_word' id='word_1_184' title='bbox 3208 1547 3469 1618; x_wconf 77' lang='grc' dir='ltr'>ἐξῄεσαν,</span> <span class='ocrx_word' id='word_1_185' title='bbox 3506 1547 3579 1611; x_wconf 84' lang='grc' dir='ltr'>ὡς</span> <span class='ocrx_word' id='word_1_186' title='bbox 3612 1546 3786 1610; x_wconf 77' lang='grc' dir='ltr'>εἰκὸς,</span> <span class='ocrx_word' id='word_1_187' title='bbox 3826 1546 3875 1596; x_wconf 79' lang='grc' dir='ltr'>οἱ</span> <span class='ocrx_word' id='word_1_188' title='bbox 3914 1542 4081 1617; x_wconf 26' lang='grc' dir='ltr'>μετὰ,</span> 
     </span>
    </p>
   </div>
   <div class='ocr_carea' id='block_1_30' title="bbox 2470 1629 4063 1710">
    <p class='ocr_par' dir='ltr' id='par_1_30' title="bbox 2470 1629 4063 1710">
     <span class='ocr_line' id='line_1_30' title="bbox 2470 1629 4063 1710; baseline -0.011 -9"><span class='ocrx_word' id='word_1_189' title='bbox 2470 1646 2562 1701; x_wconf 90' lang='grc' dir='ltr'><strong>τοῦ</strong></span> <span class='ocrx_word' id='word_1_190' title='bbox 2594 1643 2774 1706; x_wconf 80' lang='grc' dir='ltr'>Δαυῒδ,</span> <span class='ocrx_word' id='word_1_191' title='bbox 2814 1640 3251 1710; x_wconf 85' lang='grc' dir='ltr'>ἀγανακτοῦντες</span> <span class='ocrx_word' id='word_1_192' title='bbox 3280 1638 3373 1691; x_wconf 73' lang='grc' dir='ltr'><strong>ἐπὶ</strong></span> <span class='ocrx_word' id='word_1_193' title='bbox 3418 1641 3482 1709; x_wconf 83' lang='grc' dir='ltr'>τῇ</span> <span class='ocrx_word' id='word_1_194' title='bbox 3518 1654 3611 1690; x_wconf 82' lang='grc' dir='ltr'><strong>του</strong></span> <span class='ocrx_word' id='word_1_195' title='bbox 3641 1634 3757 1689; x_wconf 83' lang='grc' dir='ltr'>υίοῦ</span> <span class='ocrx_word' id='word_1_196' title='bbox 3785 1632 3932 1687; x_wconf 86' lang='grc' dir='ltr'><strong>κατά</strong></span> <span class='ocrx_word' id='word_1_197' title='bbox 3952 1629 4063 1685; x_wconf 81' lang='grc' dir='ltr'><strong>τοῦ</strong></span> 
     </span>
    </p>
   </div>
   <div class='ocr_carea' id='block_1_31' title="bbox 2471 1723 4065 1811">
    <p class='ocr_par' dir='ltr' id='par_1_31' title="bbox 2471 1723 4065 1811">
     <span class='ocr_line' id='line_1_31' title="bbox 2471 1723 4065 1811; baseline -0.008 -19"><span class='ocrx_word' id='word_1_198' title='bbox 2471 1737 2677 1811; x_wconf 71' lang='grc' dir='ltr'>πατρὸς</span> <span class='ocrx_word' id='word_1_199' title='bbox 2735 1732 3130 1787; x_wconf 79' lang='grc' dir='ltr'>ὲπαναστάσει’</span> <span class='ocrx_word' id='word_1_200' title='bbox 3177 1732 3369 1783; x_wconf 89' lang='grc' dir='ltr'>τούτου</span> <span class='ocrx_word' id='word_1_201' title='bbox 3424 1730 3583 1803; x_wconf 78' lang='grc' dir='ltr'>χάριν</span> <span class='ocrx_word' id='word_1_202' title='bbox 3625 1726 3767 1782; x_wconf 78' lang='grc' dir='ltr'>ἔοικε</span> <span class='ocrx_word' id='word_1_203' title='bbox 3823 1723 4065 1781; x_wconf 79' lang='grc' dir='ltr'>τοιαῦτά</span> 
     </span>
    </p>
   </div>
   <div class='ocr_carea' id='block_1_32' title="bbox 2471 1816 4065 1899">
    <p class='ocr_par' dir='ltr' id='par_1_32' title="bbox 2471 1816 4065 1899">
     <span class='ocr_line' id='line_1_32' title="bbox 2471 1816 4065 1899; baseline -0.009 -14"><span class='ocrx_word' id='word_1_204' title='bbox 2471 1849 2590 1884; x_wconf 86' lang='grc' dir='ltr'>τινα</span> <span class='ocrx_word' id='word_1_205' title='bbox 2618 1827 2753 1899; x_wconf 81' lang='grc' dir='ltr'>πρὸς</span> <span class='ocrx_word' id='word_1_206' title='bbox 2785 1824 2983 1887; x_wconf 76' lang='grc' dir='ltr'>αὐτοὺς</span> <span class='ocrx_word' id='word_1_207' title='bbox 3012 1822 3218 1890; x_wconf 83' lang='grc' dir='ltr'>λέγειν·</span> <span class='ocrx_word' id='word_1_208' title='bbox 3268 1822 3455 1893; x_wconf 84' lang='grc' dir='ltr'>Ὑμεῖς</span> <span class='ocrx_word' id='word_1_209' title='bbox 3487 1822 3605 1893; x_wconf 82' lang='grc' dir='ltr'>μὲν,</span> <span class='ocrx_word' id='word_1_210' title='bbox 3629 1816 3673 1875; x_wconf 78' lang='grc' dir='ltr'><strong>ὦ</strong></span> <span class='ocrx_word' id='word_1_211' title='bbox 3696 1819 3885 1891; x_wconf 83' lang='grc' dir='ltr'>ἀνδρες</span> <span class='ocrx_word' id='word_1_212' title='bbox 3915 1818 4065 1889; x_wconf 86' lang='grc' dir='ltr'>σύμ-</span> 
     </span>
    </p>
   </div>
   <div class='ocr_carea' id='block_1_33' title="bbox 790 1903 2387 2000">
    <p class='ocr_par' dir='ltr' id='par_1_33' title="bbox 790 1913 2369 2000">
     <span class='ocr_line' id='line_1_33' title="bbox 790 1913 2369 2000; baseline -0.013 -15"><span class='ocrx_word' id='word_1_213' title='bbox 790 1936 977 2000; x_wconf 87' lang='lat' dir='ltr'><strong>utpote</strong></span> <span class='ocrx_word' id='word_1_214' title='bbox 1009 1928 1111 1998; x_wconf 77' lang='lat' dir='ltr'><strong>ﬁlii</strong></span> <span class='ocrx_word' id='word_1_215' title='bbox 1140 1924 1434 1985; x_wconf 82' lang='lat' dir='ltr'><strong>hominum,</strong></span> <span class='ocrx_word' id='word_1_216' title='bbox 1480 1920 1629 1990; x_wconf 85' lang='lat' dir='ltr'><strong>gravi</strong></span> <span class='ocrx_word' id='word_1_217' title='bbox 1665 1922 1822 1970; x_wconf 87' lang='lat' dir='ltr'><strong>corde</strong></span> <span class='ocrx_word' id='word_1_218' title='bbox 1854 1913 2091 1987; x_wconf 65' lang='lat' dir='ltr'><strong>praediti,</strong></span> <span class='ocrx_word' id='word_1_219' title='bbox 2126 1920 2178 1968; x_wconf 86' lang='lat' dir='ltr'><strong>et</strong></span> <span class='ocrx_word' id='word_1_220' title='bbox 2218 1926 2369 1965; x_wconf 90' lang='lat' dir='ltr'><strong>mor-</strong></span> 
     </span>
    </p>
   </div>
   <div class='ocr_carea' id='block_1_34' title="bbox 2469 1903 4065 2000">
    <p class='ocr_par' dir='ltr' id='par_1_34' title="bbox 2476 1910 4065 1993">
     <span class='ocr_line' id='line_1_34' title="bbox 2476 1910 4065 1993; baseline -0.008 -17"><span class='ocrx_word' id='word_1_221' title='bbox 2476 1940 2658 1993; x_wconf 82' lang='grc' dir='ltr'>μαχοι,</span> <span class='ocrx_word' id='word_1_222' title='bbox 2694 1922 2742 1975; x_wconf 81' lang='grc' dir='ltr'>οἳ</span> <span class='ocrx_word' id='word_1_223' title='bbox 2774 1922 2837 1992; x_wconf 85' lang='grc' dir='ltr'>δὴ</span> <span class='ocrx_word' id='word_1_224' title='bbox 2878 1918 2971 1973; x_wconf 69' lang='grc' dir='ltr'><strong>καὶ</strong></span> <span class='ocrx_word' id='word_1_225' title='bbox 3002 1914 3240 1980; x_wconf 81' lang='grc' dir='ltr'>ἔνδοξοί</span> <span class='ocrx_word' id='word_1_226' title='bbox 3297 1930 3396 1985; x_wconf 89' lang='grc' dir='ltr'><strong>μου</strong></span> <span class='ocrx_word' id='word_1_227' title='bbox 3417 1956 3431 1980; x_wconf 91' lang='grc'><strong>,</strong></span> <span class='ocrx_word' id='word_1_228' title='bbox 3459 1913 3533 1977; x_wconf 83' lang='grc' dir='ltr'>ὡς</span> <span class='ocrx_word' id='word_1_229' title='bbox 3570 1914 3686 1967; x_wconf 77' lang='grc' dir='ltr'>υἱοὶ</span> <span class='ocrx_word' id='word_1_230' title='bbox 3728 1910 4065 1981; x_wconf 81' lang='grc' dir='ltr'>ἀνθρώπων</span> 
     </span>
    </p>
   </div>
   <div class='ocr_carea' id='block_1_35' title="bbox 789 2004 2387 2089">
    <p class='ocr_par' dir='ltr' id='par_1_35' title="bbox 789 2008 2371 2089">
     <span class='ocr_line' id='line_1_35' title="bbox 789 2008 2371 2089; baseline -0.011 -12"><span class='ocrx_word' id='word_1_231' title='bbox 789 2023 917 2077; x_wconf 91' lang='lat' dir='ltr'><strong>talis</strong></span> <span class='ocrx_word' id='word_1_232' title='bbox 957 2020 1125 2089; x_wconf 87' lang='lat' dir='ltr'><strong>hujus</strong></span> <span class='ocrx_word' id='word_1_233' title='bbox 1167 2018 1292 2072; x_wconf 65' lang='lat' dir='ltr'><strong>vita:</strong></span> <span class='ocrx_word' id='word_1_234' title='bbox 1342 2012 1573 2068; x_wconf 71' lang='lat' dir='ltr'><strong>vanitati</strong></span> <span class='ocrx_word' id='word_1_235' title='bbox 1616 2013 1909 2077; x_wconf 62' lang='lat' dir='ltr'><strong>haerentes,</strong></span> <span class='ocrx_word' id='word_1_236' title='bbox 1945 2008 2371 2080; x_wconf 74' lang='lat' dir='ltr'><strong>ignorantesque</strong></span> 
     </span>
    </p>
   </div>
   <div class='ocr_carea' id='block_1_36' title="bbox 2469 2004 4062 2089">
    <p class='ocr_par' dir='ltr' id='par_1_36' title="bbox 2469 2004 4062 2085">
     <span class='ocr_line' id='line_1_36' title="bbox 2469 2004 4062 2085; baseline -0.006 -18"><span class='ocrx_word' id='word_1_237' title='bbox 2469 2011 2863 2085; x_wconf 78' lang='grc' dir='ltr'>βαρυκάρδιοί</span> <span class='ocrx_word' id='word_1_238' title='bbox 2912 2026 3056 2071; x_wconf 88' lang='grc' dir='ltr'>τινες</span> <span class='ocrx_word' id='word_1_239' title='bbox 3090 2006 3270 2071; x_wconf 76' lang='grc' dir='ltr'>ὄντες,</span> <span class='ocrx_word' id='word_1_240' title='bbox 3304 2005 3396 2058; x_wconf 73' lang='grc' dir='ltr'>καὶ</span> <span class='ocrx_word' id='word_1_241' title='bbox 3449 2008 3514 2076; x_wconf 81' lang='grc' dir='ltr'>τῇ</span> <span class='ocrx_word' id='word_1_242' title='bbox 3551 2004 3644 2057; x_wconf 88' lang='grc' dir='ltr'><strong>τοῦ</strong></span> <span class='ocrx_word' id='word_1_243' title='bbox 3693 2004 3887 2075; x_wconf 88' lang='grc' dir='ltr'>θνητοῦ</span> <span class='ocrx_word' id='word_1_244' title='bbox 3938 2004 4062 2074; x_wconf 85' lang='grc' dir='ltr'>βίου</span> 
     </span>
    </p>
   </div>
   <div class='ocr_carea' id='block_1_37' title="bbox 782 2098 2375 2193">
    <p class='ocr_par' dir='ltr' id='par_1_37' title="bbox 782 2098 2375 2193">
     <span class='ocr_line' id='line_1_37' title="bbox 782 2098 2375 2193; baseline -0.013 -21"><span class='ocrx_word' id='word_1_245' title='bbox 782 2117 996 2193; x_wconf 88' lang='lat' dir='ltr'><strong>justum</strong></span> <span class='ocrx_word' id='word_1_246' title='bbox 1025 2112 1122 2167; x_wconf 86' lang='lat' dir='ltr'><strong>Dei</strong></span> <span class='ocrx_word' id='word_1_247' title='bbox 1152 2118 1343 2167; x_wconf 87' lang='lat' dir='ltr'><strong>contra</strong></span> <span class='ocrx_word' id='word_1_248' title='bbox 1377 2106 1573 2177; x_wconf 86' lang='lat' dir='ltr'><strong>impios</strong></span> <span class='ocrx_word' id='word_1_249' title='bbox 1598 2105 1890 2176; x_wconf 90' lang='lat' dir='ltr'><strong>judicium,</strong></span> <span class='ocrx_word' id='word_1_250' title='bbox 1936 2100 2240 2157; x_wconf 86' lang='lat' dir='ltr'><strong>irascimini</strong></span> <span class='ocrx_word' id='word_1_251' title='bbox 2275 2098 2375 2153; x_wconf 89' lang='lat' dir='ltr'><strong>ad-</strong></span> 
     </span>
    </p>
   </div>
   <div class='ocr_carea' id='block_1_38' title="bbox 788 2190 2367 2275">
    <p class='ocr_par' dir='ltr' id='par_1_38' title="bbox 788 2190 2367 2275">
     <span class='ocr_line' id='line_1_38' title="bbox 788 2190 2367 2275; baseline -0.014 -10"><span class='ocrx_word' id='word_1_252' title='bbox 788 2225 985 2266; x_wconf 78' lang='lat' dir='ltr'><strong>versus</strong></span> <span class='ocrx_word' id='word_1_253' title='bbox 1030 2205 1257 2275; x_wconf 84' lang='lat' dir='ltr'><strong>impium</strong></span> <span class='ocrx_word' id='word_1_254' title='bbox 1313 2201 1484 2257; x_wconf 89' lang='lat' dir='ltr'><strong>ﬁlium</strong></span> <span class='ocrx_word' id='word_1_255' title='bbox 1517 2218 1531 2254; x_wconf 92' lang='lat'>:</span> <span class='ocrx_word' id='word_1_256' title='bbox 1569 2213 1632 2254; x_wconf 88' lang='lat' dir='ltr'><strong>ac</strong></span> <span class='ocrx_word' id='word_1_257' title='bbox 1676 2198 1801 2267; x_wconf 87' lang='lat' dir='ltr'><strong>jure</strong></span> <span class='ocrx_word' id='word_1_258' title='bbox 1829 2194 2047 2267; x_wconf 86' lang='lat' dir='ltr'><strong>quidem</strong></span> <span class='ocrx_word' id='word_1_259' title='bbox 2088 2190 2367 2253; x_wconf 89' lang='lat' dir='ltr'><strong>commoti,</strong></span> 
     </span>
    </p>
   </div>
   <div class='ocr_carea' id='block_1_39' title="bbox 790 2281 2367 2369">
    <p class='ocr_par' dir='ltr' id='par_1_39' title="bbox 790 2281 2367 2369">
     <span class='ocr_line' id='line_1_39' title="bbox 790 2281 2367 2369; baseline -0.014 -14"><span class='ocrx_word' id='word_1_260' title='bbox 790 2299 1125 2369; x_wconf 84' lang='lat' dir='ltr'><strong>indigneque</strong></span> <span class='ocrx_word' id='word_1_261' title='bbox 1157 2310 1272 2350; x_wconf 91' lang='lat' dir='ltr'><strong>rem</strong></span> <span class='ocrx_word' id='word_1_262' title='bbox 1305 2292 1567 2356; x_wconf 82' lang='lat' dir='ltr'><strong>ferentes,</strong></span> <span class='ocrx_word' id='word_1_263' title='bbox 1601 2290 1655 2344; x_wconf 92' lang='lat' dir='ltr'><strong>in</strong></span> <span class='ocrx_word' id='word_1_264' title='bbox 1686 2289 1886 2344; x_wconf 84' lang='lat' dir='ltr'><strong>bellqu</strong></span> <span class='ocrx_word' id='word_1_265' title='bbox 1932 2281 2367 2356; x_wconf 88' lang='lat' dir='ltr'><strong>proﬁciscimini.</strong></span> 
     </span>
    </p>
   </div>
   <div class='ocr_carea' id='block_1_40' title="bbox 789 2376 2372 2463">
    <p class='ocr_par' dir='ltr' id='par_1_40' title="bbox 789 2376 2372 2463">
     <span class='ocr_line' id='line_1_40' title="bbox 789 2376 2372 2463; baseline -0.011 -16"><span class='ocrx_word' id='word_1_266' title='bbox 789 2393 904 2463; x_wconf 82' lang='lat' dir='ltr'><strong>Ego</strong></span> <span class='ocrx_word' id='word_1_267' title='bbox 936 2406 1063 2446; x_wconf 82' lang='lat' dir='ltr'><strong>vero</strong></span> <span class='ocrx_word' id='word_1_268' title='bbox 1092 2404 1189 2444; x_wconf 85' lang='lat' dir='ltr'><strong>vos</strong></span> <span class='ocrx_word' id='word_1_269' title='bbox 1228 2402 1420 2443; x_wconf 80' lang='lat' dir='ltr'><strong>omnes</strong></span> <span class='ocrx_word' id='word_1_270' title='bbox 1459 2398 1679 2444; x_wconf 88' lang='lat' dir='ltr'><strong>moneo,</strong></span> <span class='ocrx_word' id='word_1_271' title='bbox 1713 2380 1820 2435; x_wconf 91' lang='lat' dir='ltr'><strong>etsi</strong></span> <span class='ocrx_word' id='word_1_272' title='bbox 1850 2380 2044 2433; x_wconf 92' lang='lat' dir='ltr'><strong>merito</strong></span> <span class='ocrx_word' id='word_1_273' title='bbox 2094 2378 2172 2429; x_wconf 91' lang='lat' dir='ltr'><strong>ira</strong></span> <span class='ocrx_word' id='word_1_274' title='bbox 2204 2376 2372 2445; x_wconf 80' lang='lat' dir='ltr'><strong>perci-</strong></span> 
     </span>
    </p>
   </div>
   <div class='ocr_carea' id='block_1_41' title="bbox 787 2472 2366 2550">
    <p class='ocr_par' dir='ltr' id='par_1_41' title="bbox 787 2472 2366 2550">
     <span class='ocr_line' id='line_1_41' title="bbox 787 2472 2366 2550; baseline -0.01 -9"><span class='ocrx_word' id='word_1_275' title='bbox 787 2497 898 2550; x_wconf 87' lang='lat' dir='ltr'><strong>tos.</strong></span> <span class='ocrx_word' id='word_1_276' title='bbox 942 2501 1012 2541; x_wconf 90' lang='lat' dir='ltr'><strong>ne</strong></span> <span class='ocrx_word' id='word_1_277' title='bbox 1058 2484 1180 2540; x_wconf 90' lang='lat' dir='ltr'><strong>sitis</strong></span> <span class='ocrx_word' id='word_1_278' title='bbox 1220 2477 1523 2537; x_wconf 59' lang='lat' dir='ltr'><strong>clementiae</strong></span> <span class='ocrx_word' id='word_1_279' title='bbox 1555 2475 1942 2546; x_wconf 62' lang='lat' dir='ltr'><strong>patientiaeque</strong></span> <span class='ocrx_word' id='word_1_280' title='bbox 1993 2472 2366 2536; x_wconf 88' lang='lat' dir='ltr'><strong>immemores,</strong></span> 
     </span>
    </p>
   </div>
   <div class='ocr_carea' id='block_1_42' title="bbox 789 2564 2367 2638">
    <p class='ocr_par' dir='ltr' id='par_1_42' title="bbox 789 2564 2367 2638">
     <span class='ocr_line' id='line_1_42' title="bbox 789 2564 2367 2638; baseline -0.012 -1"><span class='ocrx_word' id='word_1_281' title='bbox 789 2591 895 2637; x_wconf 86' lang='lat' dir='ltr'><strong>neu</strong></span> <span class='ocrx_word' id='word_1_282' title='bbox 952 2578 1029 2631; x_wconf 92' lang='lat' dir='ltr'><strong>ita</strong></span> <span class='ocrx_word' id='word_1_283' title='bbox 1083 2570 1477 2637; x_wconf 85' lang='lat' dir='ltr'><strong>succenseatis,</strong></span> <span class='ocrx_word' id='word_1_284' title='bbox 1529 2578 1591 2624; x_wconf 89' lang='lat' dir='ltr'><strong>ut</strong></span> <span class='ocrx_word' id='word_1_285' title='bbox 1647 2570 1702 2623; x_wconf 92' lang='lat' dir='ltr'><strong>in</strong></span> <span class='ocrx_word' id='word_1_286' title='bbox 1756 2572 2039 2638; x_wconf 85' lang='lat' dir='ltr'><strong>peccatum</strong></span> <span class='ocrx_word' id='word_1_287' title='bbox 2086 2564 2367 2620; x_wconf 87' lang='lat' dir='ltr'><strong>labamini.</strong></span> 
     </span>
    </p>
   </div>
   <div class='ocr_carea' id='block_1_43' title="bbox 788 2660 2365 2740">
    <p class='ocr_par' dir='ltr' id='par_1_43' title="bbox 788 2660 2365 2740">
     <span class='ocr_line' id='line_1_43' title="bbox 788 2660 2365 2740; baseline -0.01 -13"><span class='ocrx_word' id='word_1_288' title='bbox 788 2670 1157 2740; x_wconf 86' lang='lat' dir='ltr'><strong>Quamobrem</strong></span> <span class='ocrx_word' id='word_1_289' title='bbox 1203 2666 1325 2721; x_wconf 88' lang='lat' dir='ltr'><strong>dico</strong></span> <span class='ocrx_word' id='word_1_290' title='bbox 1368 2684 1381 2719; x_wconf 90' lang='lat'>:</span> <span class='ocrx_word' id='word_1_291' title='bbox 1423 2662 1761 2730; x_wconf 85' lang='lat' dir='ltr'><strong>Irascimini,</strong></span> <span class='ocrx_word' id='word_1_292' title='bbox 1803 2660 1893 2716; x_wconf 78' lang='lat' dir='ltr'><strong>sed</strong></span> <span class='ocrx_word' id='word_1_293' title='bbox 1938 2661 2365 2728; x_wconf 76' lang='lat' dir='ltr'><strong>nolitevpeccarc.</strong></span> 
     </span>
    </p>
   </div>
   <div class='ocr_carea' id='block_1_44' title="bbox 788 2752 2368 2831">
    <p class='ocr_par' dir='ltr' id='par_1_44' title="bbox 788 2752 2368 2831">
     <span class='ocr_line' id='line_1_44' title="bbox 788 2752 2368 2831; baseline -0.008 -12"><span class='ocrx_word' id='word_1_294' title='bbox 788 2762 1018 2819; x_wconf 81' lang='lat' dir='ltr'><strong>Etiamsi</strong></span> <span class='ocrx_word' id='word_1_295' title='bbox 1055 2774 1221 2831; x_wconf 88' lang='lat' dir='ltr'><strong>porro</strong></span> <span class='ocrx_word' id='word_1_296' title='bbox 1273 2765 1496 2828; x_wconf 90' lang='lat' dir='ltr'><strong>propter</strong></span> <span class='ocrx_word' id='word_1_297' title='bbox 1540 2754 1821 2825; x_wconf 86' lang='lat' dir='ltr'><strong>improbos</strong></span> <span class='ocrx_word' id='word_1_298' title='bbox 1865 2752 2157 2807; x_wconf 85' lang='lat' dir='ltr'><strong>Absalonis</strong></span> <span class='ocrx_word' id='word_1_299' title='bbox 2200 2765 2368 2806; x_wconf 86' lang='lat' dir='ltr'><strong>ausus</strong></span> 
     </span>
    </p>
   </div>
   <div class='ocr_carea' id='block_1_45' title="bbox 790 2845 2369 2925">
    <p class='ocr_par' dir='ltr' id='par_1_45' title="bbox 790 2845 2369 2925">
     <span class='ocr_line' id='line_1_45' title="bbox 790 2845 2369 2925; baseline -0.011 -12"><span class='ocrx_word' id='word_1_300' title='bbox 790 2857 997 2920; x_wconf 86' lang='lat' dir='ltr'><strong>animo,</strong></span> <span class='ocrx_word' id='word_1_301' title='bbox 1034 2855 1190 2925; x_wconf 78' lang='lat' dir='ltr'><strong>juxta</strong></span> <span class='ocrx_word' id='word_1_302' title='bbox 1237 2851 1514 2921; x_wconf 78' lang='lat' dir='ltr'><strong>Aquilam,</strong></span> <span class='ocrx_word' id='word_1_303' title='bbox 1569 2845 2010 2909; x_wconf 86' lang='lat' dir='ltr'><strong>commovemini,</strong></span> <span class='ocrx_word' id='word_1_304' title='bbox 2058 2851 2247 2900; x_wconf 79' lang='lat' dir='ltr'><strong>cavete</strong></span> <span class='ocrx_word' id='word_1_305' title='bbox 2285 2852 2369 2897; x_wconf 89' lang='lat' dir='ltr'><strong>ta-</strong></span> 
     </span>
    </p>
   </div>
   <div class='ocr_carea' id='block_1_46' title="bbox 791 2935 2367 3021">
    <p class='ocr_par' dir='ltr' id='par_1_46' title="bbox 791 2935 2367 3021">
     <span class='ocr_line' id='line_1_46' title="bbox 791 2935 2367 3021; baseline -0.013 -13"><span class='ocrx_word' id='word_1_306' title='bbox 791 2968 939 3015; x_wconf 87' lang='lat' dir='ltr'><strong>men,</strong></span> <span class='ocrx_word' id='word_1_307' title='bbox 971 2966 1039 3006; x_wconf 90' lang='lat' dir='ltr'><strong>ne</strong></span> <span class='ocrx_word' id='word_1_308' title='bbox 1068 2948 1345 3021; x_wconf 90' lang='lat' dir='ltr'><strong>prioribus</strong></span> <span class='ocrx_word' id='word_1_309' title='bbox 1376 2943 1615 3015; x_wconf 84' lang='lat' dir='ltr'><strong>peccatis</strong></span> <span class='ocrx_word' id='word_1_310' title='bbox 1665 2955 1867 2995; x_wconf 83' lang='lat' dir='ltr'><strong>novum</strong></span> <span class='ocrx_word' id='word_1_311' title='bbox 1899 2936 2191 3009; x_wconf 86' lang='lat' dir='ltr'><strong>adjiciatis,</strong></span> <span class='ocrx_word' id='word_1_312' title='bbox 2236 2935 2283 2990; x_wconf 91' lang='lat' dir='ltr'><strong>si</strong></span> <span class='ocrx_word' id='word_1_313' title='bbox 2312 2936 2367 2988; x_wconf 91' lang='lat' dir='ltr'><strong>in</strong></span> 
     </span>
    </p>
   </div>
   <div class='ocr_carea' id='block_1_47' title="bbox 787 3024 2369 3110">
    <p class='ocr_par' dir='ltr' id='par_1_47' title="bbox 787 3024 2369 3110">
     <span class='ocr_line' id='line_1_47' title="bbox 787 3024 2369 3110; baseline -0.016 -9"><span class='ocrx_word' id='word_1_314' title='bbox 787 3042 1076 3101; x_wconf 86' lang='lat' dir='ltr'><strong>iracundia</strong></span> <span class='ocrx_word' id='word_1_315' title='bbox 1116 3036 1504 3110; x_wconf 84' lang='lat' dir='ltr'><strong>perseveretis.</strong></span> <span class='ocrx_word' id='word_1_316' title='bbox 1540 3030 1927 3102; x_wconf 85' lang='lat' dir='ltr'><strong>Deprehendes</strong></span> <span class='ocrx_word' id='word_1_317' title='bbox 1971 3035 2153 3081; x_wconf 84' lang='lat' dir='ltr'><strong>autem</strong></span> <span class='ocrx_word' id='word_1_318' title='bbox 2198 3027 2251 3080; x_wconf 91' lang='lat' dir='ltr'><strong>in</strong></span> <span class='ocrx_word' id='word_1_319' title='bbox 2283 3024 2369 3077; x_wconf 79' lang='lat' dir='ltr'><strong>lii-</strong></span> 
     </span>
    </p>
   </div>
   <div class='ocr_carea' id='block_1_48' title="bbox 790 3120 2371 3206">
    <p class='ocr_par' dir='ltr' id='par_1_48' title="bbox 790 3120 2371 3206">
     <span class='ocr_line' id='line_1_48' title="bbox 790 3120 2371 3206; baseline -0.015 -11"><span class='ocrx_word' id='word_1_320' title='bbox 790 3138 962 3195; x_wconf 89' lang='lat' dir='ltr'><strong>storia</strong></span> <span class='ocrx_word' id='word_1_321' title='bbox 1016 3137 1200 3206; x_wconf 89' lang='lat' dir='ltr'><strong>ipsum</strong></span> <span class='ocrx_word' id='word_1_322' title='bbox 1248 3128 1544 3185; x_wconf 84' lang='lat' dir='ltr'><strong>admodum</strong></span> <span class='ocrx_word' id='word_1_323' title='bbox 1598 3122 1926 3196; x_wconf 69' lang='lat' dir='ltr'><strong>praecepisse</strong></span> <span class='ocrx_word' id='word_1_324' title='bbox 1960 3128 2035 3175; x_wconf 88' lang='lat' dir='ltr'><strong>ut</strong></span> <span class='ocrx_word' id='word_1_325' title='bbox 2088 3120 2201 3174; x_wconf 91' lang='lat' dir='ltr'><strong>ﬁlio</strong></span> <span class='ocrx_word' id='word_1_326' title='bbox 2245 3133 2371 3190; x_wconf 85' lang='lat' dir='ltr'><strong>par-</strong></span> 
     </span>
    </p>
   </div>
   <div class='ocr_carea' id='block_1_49' title="bbox 790 3239 997 3287">
    <p class='ocr_par' dir='ltr' id='par_1_49' title="bbox 790 3239 997 3287">
     <span class='ocr_line' id='line_1_49' title="bbox 790 3239 997 3287; baseline -0.024 -2"><span class='ocrx_word' id='word_1_327' title='bbox 790 3239 997 3287; x_wconf 73' lang='grc' dir='ltr'>ευῐεηι.</span> 
     </span>
    </p>
   </div>
   <div class='ocr_carea' id='block_1_50' title="bbox 862 3394 2373 3475">
    <p class='ocr_par' dir='ltr' id='par_1_50' title="bbox 862 3394 2373 3475">
     <span class='ocr_line' id='line_1_50' title="bbox 862 3394 2373 3475; baseline -0.013 -8"><span class='ocrx_word' id='word_1_328' title='bbox 862 3410 1030 3467; x_wconf 69' lang='lat' dir='ltr'><strong>Vnus.</strong></span> <span class='ocrx_word' id='word_1_329' title='bbox 1050 3403 1483 3475; x_wconf 73' lang='lat' dir='ltr'><strong>6.7.Sacriﬁcale</strong></span> <span class='ocrx_word' id='word_1_330' title='bbox 1514 3399 1839 3470; x_wconf 78' lang='lat' dir='ltr'><strong>sacriﬁcium</strong></span> <span class='ocrx_word' id='word_1_331' title='bbox 1859 3394 2120 3467; x_wconf 80' lang='lat' dir='ltr'><strong>justitite,</strong></span> <span class='ocrx_word' id='word_1_332' title='bbox 2153 3395 2219 3447; x_wconf 52' lang='lat' dir='ltr'><strong>“et</strong></span> <span class='ocrx_word' id='word_1_333' title='bbox 2257 3409 2373 3460; x_wconf 58' lang='lat' dir='ltr'><strong>spec</strong></span> 
     </span>
    </p>
   </div>
   <div class='ocr_carea' id='block_1_51' title="bbox 792 3486 2372 3559">
    <p class='ocr_par' dir='ltr' id='par_1_51' title="bbox 792 3486 2372 3559">
     <span class='ocr_line' id='line_1_51' title="bbox 792 3486 2372 3559; baseline -0.013 -1"><span class='ocrx_word' id='word_1_334' title='bbox 792 3517 905 3559; x_wconf 85' lang='lat' dir='ltr'><strong>rate</strong></span> <span class='ocrx_word' id='word_1_335' title='bbox 953 3504 1006 3557; x_wconf 85' lang='lat' dir='ltr'><strong>in</strong></span> <span class='ocrx_word' id='word_1_336' title='bbox 1061 3502 1309 3556; x_wconf 82' lang='lat' dir='ltr'><strong>Domino.</strong></span> <span class='ocrx_word' id='word_1_337' title='bbox 1347 3496 1573 3551; x_wconf 84' lang='lat' dir='ltr'><strong>Etiamsi</strong></span> <span class='ocrx_word' id='word_1_338' title='bbox 1614 3502 1673 3548; x_wconf 89' lang='lat' dir='ltr'><strong>ut</strong></span> <span class='ocrx_word' id='word_1_339' title='bbox 1721 3491 1970 3546; x_wconf 89' lang='lat' dir='ltr'><strong>homines</strong></span> <span class='ocrx_word' id='word_1_340' title='bbox 2016 3486 2275 3542; x_wconf 87' lang='lat' dir='ltr'><strong>mortales</strong></span> <span class='ocrx_word' id='word_1_341' title='bbox 2317 3487 2372 3539; x_wconf 91' lang='lat' dir='ltr'><strong>in</strong></span> 
     </span>
    </p>
   </div>
   <div class='ocr_carea' id='block_1_52' title="bbox 791 3582 2373 3667">
    <p class='ocr_par' dir='ltr' id='par_1_52' title="bbox 791 3582 2373 3667">
     <span class='ocr_line' id='line_1_52' title="bbox 791 3582 2373 3667; baseline -0.011 -14"><span class='ocrx_word' id='word_1_342' title='bbox 791 3598 979 3653; x_wconf 88' lang='lat' dir='ltr'><strong>multis</strong></span> <span class='ocrx_word' id='word_1_343' title='bbox 1060 3592 1523 3667; x_wconf 84' lang='lat' dir='ltr'><strong>cogitationibus,</strong></span> <span class='ocrx_word' id='word_1_344' title='bbox 1592 3588 1675 3642; x_wconf 87' lang='lat' dir='ltr'><strong>ira</strong></span> <span class='ocrx_word' id='word_1_345' title='bbox 1736 3584 2005 3657; x_wconf 89' lang='lat' dir='ltr'><strong>permoti,</strong></span> <span class='ocrx_word' id='word_1_346' title='bbox 2081 3598 2177 3653; x_wconf 90' lang='lat' dir='ltr'><strong>per</strong></span> <span class='ocrx_word' id='word_1_347' title='bbox 2230 3582 2373 3637; x_wconf 88' lang='lat' dir='ltr'><strong>dicm</strong></span> 
     </span>
    </p>
   </div>
   <div class='ocr_carea' id='block_1_53' title="bbox 790 3674 2372 3758">
    <p class='ocr_par' dir='ltr' id='par_1_53' title="bbox 790 3674 2372 3758">
     <span class='ocr_line' id='line_1_53' title="bbox 790 3674 2372 3758; baseline -0.011 -13"><span class='ocrx_word' id='word_1_348' title='bbox 790 3689 1125 3758; x_wconf 85' lang='lat' dir='ltr'><strong>versamini;</strong></span> <span class='ocrx_word' id='word_1_349' title='bbox 1180 3695 1235 3742; x_wconf 89' lang='lat' dir='ltr'><strong>at</strong></span> <span class='ocrx_word' id='word_1_350' title='bbox 1285 3686 1340 3740; x_wconf 90' lang='lat' dir='ltr'><strong>in</strong></span> <span class='ocrx_word' id='word_1_351' title='bbox 1398 3681 1671 3739; x_wconf 80' lang='lat' dir='ltr'><strong>cubilibus</strong></span> <span class='ocrx_word' id='word_1_352' title='bbox 1723 3678 1907 3750; x_wconf 90' lang='lat' dir='ltr'><strong>quiete</strong></span> <span class='ocrx_word' id='word_1_353' title='bbox 1953 3676 2096 3747; x_wconf 86' lang='lat' dir='ltr'><strong>apud</strong></span> <span class='ocrx_word' id='word_1_354' title='bbox 2141 3690 2241 3731; x_wconf 79' lang='lat' dir='ltr'><strong>vos</strong></span> <span class='ocrx_word' id='word_1_355' title='bbox 2289 3674 2372 3745; x_wconf 91' lang='lat' dir='ltr'><strong>ip-</strong></span> 
     </span>
    </p>
   </div>
   <div class='ocr_carea' id='block_1_54' title="bbox 792 3768 2373 3855">
    <p class='ocr_par' dir='ltr' id='par_1_54' title="bbox 792 3768 2373 3855">
     <span class='ocr_line' id='line_1_54' title="bbox 792 3768 2373 3855; baseline -0.013 -13"><span class='ocrx_word' id='word_1_356' title='bbox 792 3801 885 3842; x_wconf 90' lang='lat' dir='ltr'><strong>sos</strong></span> <span class='ocrx_word' id='word_1_357' title='bbox 936 3790 1197 3855; x_wconf 80' lang='lat' dir='ltr'><strong>agentes,</strong></span> <span class='ocrx_word' id='word_1_358' title='bbox 1251 3786 1415 3849; x_wconf 87' lang='lat' dir='ltr'><strong>atque</strong></span> <span class='ocrx_word' id='word_1_359' title='bbox 1470 3776 1560 3830; x_wconf 91' lang='lat' dir='ltr'><strong>illa</strong></span> <span class='ocrx_word' id='word_1_360' title='bbox 1613 3787 1732 3845; x_wconf 67' lang='lat' dir='ltr'><strong>quae</strong></span> <span class='ocrx_word' id='word_1_361' title='bbox 1786 3772 1841 3825; x_wconf 92' lang='lat' dir='ltr'><strong>in</strong></span> <span class='ocrx_word' id='word_1_362' title='bbox 1902 3768 1989 3824; x_wconf 88' lang='lat' dir='ltr'><strong>die</strong></span> <span class='ocrx_word' id='word_1_363' title='bbox 2018 3768 2373 3841; x_wconf 87' lang='lat' dir='ltr'><strong>perpetrastis</strong></span> 
     </span>
    </p>
   </div>
   <div class='ocr_carea' id='block_1_55' title="bbox 791 3858 2376 3943">
    <p class='ocr_par' dir='ltr' id='par_1_55' title="bbox 791 3858 2376 3943">
     <span class='ocr_line' id='line_1_55' title="bbox 791 3858 2376 3943; baseline -0.013 -12"><span class='ocrx_word' id='word_1_364' title='bbox 791 3877 1073 3931; x_wconf 80' lang='lat' dir='ltr'><strong>vobiscum</strong></span> <span class='ocrx_word' id='word_1_365' title='bbox 1160 3879 1510 3943; x_wconf 86' lang='lat' dir='ltr'><strong>reputantes,</strong></span> <span class='ocrx_word' id='word_1_366' title='bbox 1609 3861 2056 3935; x_wconf 85' lang='lat' dir='ltr'><strong>compungimini.</strong></span> <span class='ocrx_word' id='word_1_367' title='bbox 2135 3858 2213 3916; x_wconf 85' lang='lat' dir='ltr'><strong>Ne</strong></span> <span class='ocrx_word' id='word_1_368' title='bbox 2281 3858 2376 3930; x_wconf 83' lang='lat' dir='ltr'><strong>igi-</strong></span> 
     </span>
    </p>
   </div>
   <div class='ocr_carea' id='block_1_56' title="bbox 794 3950 2375 4031">
    <p class='ocr_par' dir='ltr' id='par_1_56' title="bbox 794 3950 2375 4031">
     <span class='ocr_line' id='line_1_56' title="bbox 794 3950 2375 4031; baseline -0.011 -10"><span class='ocrx_word' id='word_1_369' title='bbox 794 3976 882 4021; x_wconf 86' lang='lat' dir='ltr'><strong>tur</strong></span> <span class='ocrx_word' id='word_1_370' title='bbox 921 3966 1181 4022; x_wconf 73' lang='lat' dir='ltr'><strong>adversus</strong></span> <span class='ocrx_word' id='word_1_371' title='bbox 1227 3978 1324 4016; x_wconf 89' lang='lat' dir='ltr'><strong>eos</strong></span> <span class='ocrx_word' id='word_1_372' title='bbox 1376 3960 1469 4031; x_wconf 91' lang='lat' dir='ltr'><strong>qui</strong></span> <span class='ocrx_word' id='word_1_373' title='bbox 1517 3973 1615 4014; x_wconf 70' lang='lat' dir='ltr'><strong>vos</strong></span> <span class='ocrx_word' id='word_1_374' title='bbox 1664 3955 2002 4011; x_wconf 77' lang='lat' dir='ltr'><strong>facinoribus</strong></span> <span class='ocrx_word' id='word_1_375' title='bbox 2049 3950 2375 4025; x_wconf 80' lang='lat' dir='ltr'><strong>aggrediun-</strong></span> 
     </span>
    </p>
   </div>
   <div class='ocr_carea' id='block_1_57' title="bbox 792 4045 2375 4126">
    <p class='ocr_par' dir='ltr' id='par_1_57' title="bbox 792 4045 2375 4126">
     <span class='ocr_line' id='line_1_57' title="bbox 792 4045 2375 4126; baseline -0.01 -13"><span class='ocrx_word' id='word_1_376' title='bbox 792 4068 901 4120; x_wconf 92' lang='lat' dir='ltr'><strong>tur,</strong></span> <span class='ocrx_word' id='word_1_377' title='bbox 958 4070 1136 4126; x_wconf 89' lang='lat' dir='ltr'><strong>neque</strong></span> <span class='ocrx_word' id='word_1_378' title='bbox 1197 4048 1461 4108; x_wconf 78' lang='lat' dir='ltr'><strong>adversus</strong></span> <span class='ocrx_word' id='word_1_379' title='bbox 1531 4050 1700 4105; x_wconf 89' lang='lat' dir='ltr'><strong>ﬁlium</strong></span> <span class='ocrx_word' id='word_1_380' title='bbox 1768 4050 1918 4119; x_wconf 20' lang='lat' dir='ltr'><strong>patri;</strong></span> <span class='ocrx_word' id='word_1_381' title='bbox 1963 4048 2219 4104; x_wconf 87' lang='lat' dir='ltr'><strong>rebellem</strong></span> <span class='ocrx_word' id='word_1_382' title='bbox 2292 4045 2375 4098; x_wconf 92' lang='lat' dir='ltr'><strong>ira</strong></span> 
     </span>
    </p>
   </div>
   <div class='ocr_carea' id='block_1_58' title="bbox 791 4138 2419 4213">
    <p class='ocr_par' dir='ltr' id='par_1_58' title="bbox 791 4138 2419 4213">
     <span class='ocr_line' id='line_1_58' title="bbox 791 4138 2419 4213; baseline -0.009 -8"><span class='ocrx_word' id='word_1_383' title='bbox 791 4146 1145 4206; x_wconf 83' lang='lat' dir='ltr'><strong>concitemini</strong></span> <span class='ocrx_word' id='word_1_384' title='bbox 1183 4166 1193 4199; x_wconf 92' lang='lat'><strong>:</strong></span> <span class='ocrx_word' id='word_1_385' title='bbox 1231 4160 1337 4199; x_wconf 90' lang='lat' dir='ltr'><strong>neu</strong></span> <span class='ocrx_word' id='word_1_386' title='bbox 1383 4158 1502 4208; x_wconf 88' lang='lat' dir='ltr'><strong>vos,</strong></span> <span class='ocrx_word' id='word_1_387' title='bbox 1546 4140 1942 4197; x_wconf 89' lang='lat' dir='ltr'><strong>lacessentibus</strong></span> <span class='ocrx_word' id='word_1_388' title='bbox 1990 4140 2116 4195; x_wconf 90' lang='lat' dir='ltr'><strong>licet</strong></span> <span class='ocrx_word' id='word_1_389' title='bbox 2170 4138 2371 4208; x_wconf 87' lang='lat' dir='ltr'><strong>impiis,</strong></span> <span class='ocrx_word' id='word_1_390' title='bbox 2409 4205 2419 4213; x_wconf 28' lang='grc' dir='ltr'>θ</span> 
     </span>
    </p>
   </div>
   <div class='ocr_carea' id='block_1_59' title="bbox 792 4233 2375 4314">
    <p class='ocr_par' dir='ltr' id='par_1_59' title="bbox 792 4233 2375 4314">
     <span class='ocr_line' id='line_1_59' title="bbox 792 4233 2375 4314; baseline -0.009 -17"><span class='ocrx_word' id='word_1_391' title='bbox 792 4250 957 4314; x_wconf 90' lang='lat' dir='ltr'><strong>atque</strong></span> <span class='ocrx_word' id='word_1_392' title='bbox 1005 4240 1073 4294; x_wconf 88' lang='lat' dir='ltr'><strong>ad</strong></span> <span class='ocrx_word' id='word_1_393' title='bbox 1128 4235 1469 4293; x_wconf 85' lang='lat' dir='ltr'><strong>iracundiam</strong></span> <span class='ocrx_word' id='word_1_394' title='bbox 1526 4233 1988 4311; x_wconf 76' lang='lat' dir='ltr'><strong>provocantibus,</strong></span> <span class='ocrx_word' id='word_1_395' title='bbox 2040 4234 2096 4286; x_wconf 93' lang='lat' dir='ltr'><strong>in</strong></span> <span class='ocrx_word' id='word_1_396' title='bbox 2150 4240 2375 4302; x_wconf 88' lang='lat' dir='ltr'><strong>peccata</strong></span> 
     </span>
    </p>
   </div>
   <div class='ocr_carea' id='block_1_60' title="bbox 792 4326 2376 4402">
    <p class='ocr_par' dir='ltr' id='par_1_60' title="bbox 792 4326 2376 4402">
     <span class='ocr_line' id='line_1_60' title="bbox 792 4326 2376 4402; baseline -0.008 -12"><span class='ocrx_word' id='word_1_397' title='bbox 792 4333 1086 4398; x_wconf 85' lang='lat' dir='ltr'><strong>labamini;</strong></span> <span class='ocrx_word' id='word_1_398' title='bbox 1128 4332 1239 4386; x_wconf 92' lang='lat' dir='ltr'><strong>imo</strong></span> <span class='ocrx_word' id='word_1_399' title='bbox 1288 4331 1495 4402; x_wconf 89' lang='lat' dir='ltr'><strong>potius,</strong></span> <span class='ocrx_word' id='word_1_400' title='bbox 1544 4328 1590 4384; x_wconf 90' lang='lat' dir='ltr'><strong>si</strong></span> <span class='ocrx_word' id='word_1_401' title='bbox 1636 4326 1855 4398; x_wconf 91' lang='lat' dir='ltr'><strong>quidem</strong></span> <span class='ocrx_word' id='word_1_402' title='bbox 1907 4326 1962 4379; x_wconf 90' lang='lat' dir='ltr'><strong>in</strong></span> <span class='ocrx_word' id='word_1_403' title='bbox 2012 4331 2129 4379; x_wconf 92' lang='lat' dir='ltr'><strong>tuto</strong></span> <span class='ocrx_word' id='word_1_404' title='bbox 2178 4326 2376 4395; x_wconf 88' lang='lat' dir='ltr'><strong>degere</strong></span> 
     </span>
    </p>
   </div>
   <div class='ocr_carea' id='block_1_61' title="bbox 792 4420 2376 4499">
    <p class='ocr_par' dir='ltr' id='par_1_61' title="bbox 792 4420 2376 4499">
     <span class='ocr_line' id='line_1_61' title="bbox 792 4420 2376 4499; baseline -0.009 -16"><span class='ocrx_word' id='word_1_405' title='bbox 792 4427 1050 4499; x_wconf 85' lang='lat' dir='ltr'><strong>cupiatis,</strong></span> <span class='ocrx_word' id='word_1_406' title='bbox 1086 4426 1385 4496; x_wconf 75' lang='lat' dir='ltr'><strong>sacriﬁcate</strong></span> <span class='ocrx_word' id='word_1_407' title='bbox 1406 4422 1733 4493; x_wconf 81' lang='lat' dir='ltr'><strong>sacri/icium</strong></span> <span class='ocrx_word' id='word_1_408' title='bbox 1772 4420 2027 4490; x_wconf 77' lang='lat' dir='ltr'><strong>justitite,</strong></span> <span class='ocrx_word' id='word_1_409' title='bbox 2070 4428 2118 4473; x_wconf 89' lang='lat' dir='ltr'><strong>et</strong></span> <span class='ocrx_word' id='word_1_410' title='bbox 2167 4425 2376 4487; x_wconf 80' lang='lat' dir='ltr'><strong>sperate</strong></span> 
     </span>
    </p>
   </div>
   <div class='ocr_carea' id='block_1_62' title="bbox 793 4512 2375 4592">
    <p class='ocr_par' dir='ltr' id='par_1_62' title="bbox 793 4512 2375 4592">
     <span class='ocr_line' id='line_1_62' title="bbox 793 4512 2375 4592; baseline -0.009 -14"><span class='ocrx_word' id='word_1_411' title='bbox 793 4525 849 4578; x_wconf 88' lang='lat' dir='ltr'><strong>in</strong></span> <span class='ocrx_word' id='word_1_412' title='bbox 894 4515 1159 4587; x_wconf 83' lang='lat' dir='ltr'><strong>Domino;</strong></span> <span class='ocrx_word' id='word_1_413' title='bbox 1204 4536 1383 4592; x_wconf 89' lang='lat' dir='ltr'><strong>neque</strong></span> <span class='ocrx_word' id='word_1_414' title='bbox 1437 4516 1865 4581; x_wconf 86' lang='lat' dir='ltr'><strong>conturbemini,</strong></span> <span class='ocrx_word' id='word_1_415' title='bbox 1904 4523 2092 4586; x_wconf 90' lang='lat' dir='ltr'><strong>utpote</strong></span> <span class='ocrx_word' id='word_1_416' title='bbox 2134 4512 2229 4583; x_wconf 85' lang='lat' dir='ltr'><strong>qui</strong></span> <span class='ocrx_word' id='word_1_417' title='bbox 2279 4528 2375 4583; x_wconf 90' lang='lat' dir='ltr'><strong>per</strong></span> 
     </span>
    </p>
   </div>
   <div class='ocr_carea' id='block_1_63' title="bbox 2478 2095 4062 2178">
    <p class='ocr_par' dir='ltr' id='par_1_63' title="bbox 2478 2095 4062 2178">
     <span class='ocr_line' id='line_1_63' title="bbox 2478 2095 4062 2178; baseline -0.007 -18"><span class='ocrx_word' id='word_1_418' title='bbox 2478 2108 2794 2178; x_wconf 81' lang='grc' dir='ltr'>ματαιότητι</span> <span class='ocrx_word' id='word_1_419' title='bbox 2849 2101 3235 2173; x_wconf 80' lang='grc' dir='ltr'>προσέχοντες,</span> <span class='ocrx_word' id='word_1_420' title='bbox 3263 2099 3364 2151; x_wconf 77' lang='grc' dir='ltr'><strong>οὐκ</strong></span> <span class='ocrx_word' id='word_1_421' title='bbox 3395 2098 3595 2159; x_wconf 79' lang='grc' dir='ltr'>εἰδότες</span> <span class='ocrx_word' id='word_1_422' title='bbox 3642 2098 3738 2168; x_wconf 82' lang='grc' dir='ltr'>τὴν</span> <span class='ocrx_word' id='word_1_423' title='bbox 3776 2097 3869 2150; x_wconf 84' lang='grc' dir='ltr'><strong>τοῦ</strong></span> <span class='ocrx_word' id='word_1_424' title='bbox 3915 2095 4062 2150; x_wconf 87' lang='grc' dir='ltr'>Θεοῦ</span> 
     </span>
    </p>
   </div>
   <div class='ocr_carea' id='block_1_64' title="bbox 2474 2185 4061 2261">
    <p class='ocr_par' dir='ltr' id='par_1_64' title="bbox 2474 2185 4061 2261">
     <span class='ocr_line' id='line_1_64' title="bbox 2474 2185 4061 2261; baseline -0.009 -8"><span class='ocrx_word' id='word_1_425' title='bbox 2474 2198 2613 2253; x_wconf 89' lang='grc' dir='ltr'><strong>κατά</strong></span> <span class='ocrx_word' id='word_1_426' title='bbox 2644 2197 2755 2250; x_wconf 87' lang='grc' dir='ltr'><strong>τῶν</strong></span> <span class='ocrx_word' id='word_1_427' title='bbox 2788 2193 3001 2250; x_wconf 88' lang='grc' dir='ltr'>ἀσεϐῶν</span> <span class='ocrx_word' id='word_1_428' title='bbox 3033 2188 3447 2261; x_wconf 81' lang='grc' dir='ltr'>δικαιοκρισίαν,</span> <span class='ocrx_word' id='word_1_429' title='bbox 3481 2186 3751 2255; x_wconf 83' lang='grc' dir='ltr'>θυμσυσθε</span> <span class='ocrx_word' id='word_1_430' title='bbox 3784 2187 3925 2240; x_wconf 83' lang='grc' dir='ltr'><strong>κατά</strong></span> <span class='ocrx_word' id='word_1_431' title='bbox 3961 2185 4061 2239; x_wconf 85' lang='grc' dir='ltr'><strong>τοῦ</strong></span> 
     </span>
    </p>
   </div>
   <div class='ocr_carea' id='block_1_65' title="bbox 2472 2278 4057 2353">
    <p class='ocr_par' dir='ltr' id='par_1_65' title="bbox 2472 2278 4057 2353">
     <span class='ocr_line' id='line_1_65' title="bbox 2472 2278 4057 2353; baseline -0.008 -9"><span class='ocrx_word' id='word_1_432' title='bbox 2472 2289 2703 2353; x_wconf 84' lang='grc' dir='ltr'>ἀσεϐοῦς</span> <span class='ocrx_word' id='word_1_433' title='bbox 2746 2286 2860 2341; x_wconf 87' lang='grc' dir='ltr'>υίοῦ</span> <span class='ocrx_word' id='word_1_434' title='bbox 2882 2304 2894 2315; x_wconf 90' lang='grc'><strong>·</strong></span> <span class='ocrx_word' id='word_1_435' title='bbox 2930 2284 3025 2338; x_wconf 73' lang='grc' dir='ltr'><strong>καὶ</strong></span> <span class='ocrx_word' id='word_1_436' title='bbox 3074 2281 3297 2345; x_wconf 75' lang='grc' dir='ltr'>δικαίως</span> <span class='ocrx_word' id='word_1_437' title='bbox 3333 2278 3671 2350; x_wconf 81' lang='grc' dir='ltr'>κινούμενοι,</span> <span class='ocrx_word' id='word_1_438' title='bbox 3722 2279 3815 2330; x_wconf 72' lang='grc' dir='ltr'><strong>καὶ</strong></span> <span class='ocrx_word' id='word_1_439' title='bbox 3847 2279 4057 2346; x_wconf 84' lang='grc' dir='ltr'>ἀγανα-</span> 
     </span>
    </p>
   </div>
   <div class='ocr_carea' id='block_1_66' title="bbox 2472 2367 4063 2452">
    <p class='ocr_par' dir='ltr' id='par_1_66' title="bbox 2472 2367 4063 2452">
     <span class='ocr_line' id='line_1_66' title="bbox 2472 2367 4063 2452; baseline -0.01 -15"><span class='ocrx_word' id='word_1_440' title='bbox 2472 2384 2674 2447; x_wconf 89' lang='grc' dir='ltr'>κτικῶς</span> <span class='ocrx_word' id='word_1_441' title='bbox 2704 2378 3066 2452; x_wconf 76' lang='grc' dir='ltr'>ὀργιζόμενοι,</span> <span class='ocrx_word' id='word_1_442' title='bbox 3104 2376 3196 2428; x_wconf 70' lang='grc' dir='ltr'>ἐπὶ</span> <span class='ocrx_word' id='word_1_443' title='bbox 3248 2374 3337 2427; x_wconf 76' lang='grc' dir='ltr'>τὸν</span> <span class='ocrx_word' id='word_1_444' title='bbox 3388 2372 3629 2443; x_wconf 54' lang='grc' dir='ltr'>πόλεμον,</span> <span class='ocrx_word' id='word_1_445' title='bbox 3666 2370 3908 2443; x_wconf 83' lang='grc' dir='ltr'>ὀρμᾶτε·</span> <span class='ocrx_word' id='word_1_446' title='bbox 3944 2367 4063 2439; x_wconf 87' lang='grc' dir='ltr'>ἐγὼ</span> 
     </span>
    </p>
   </div>
   <div class='ocr_carea' id='block_1_67' title="bbox 2471 2462 4058 2543">
    <p class='ocr_par' dir='ltr' id='par_1_67' title="bbox 2471 2462 4058 2543">
     <span class='ocr_line' id='line_1_67' title="bbox 2471 2462 4058 2543; baseline -0.01 -12"><span class='ocrx_word' id='word_1_447' title='bbox 2471 2477 2528 2531; x_wconf 82' lang='grc' dir='ltr'>δὲ</span> <span class='ocrx_word' id='word_1_448' title='bbox 2578 2478 2687 2539; x_wconf 86' lang='grc' dir='ltr'>τοῖς</span> <span class='ocrx_word' id='word_1_449' title='bbox 2725 2476 2855 2528; x_wconf 80' lang='grc' dir='ltr'>πᾶσι</span> <span class='ocrx_word' id='word_1_450' title='bbox 2892 2472 3145 2543; x_wconf 79' lang='grc' dir='ltr'>παραινῶ</span> <span class='ocrx_word' id='word_1_451' title='bbox 3170 2510 3184 2535; x_wconf 93' lang='grc'><strong>,</strong></span> <span class='ocrx_word' id='word_1_452' title='bbox 3224 2469 3272 2521; x_wconf 78' lang='grc' dir='ltr'><strong>εἰ</strong></span> <span class='ocrx_word' id='word_1_453' title='bbox 3313 2468 3407 2521; x_wconf 74' lang='grc' dir='ltr'><strong>καὶ</strong></span> <span class='ocrx_word' id='word_1_454' title='bbox 3434 2465 3712 2533; x_wconf 76' lang='grc' dir='ltr'>εῦλογοςὴ</span> <span class='ocrx_word' id='word_1_455' title='bbox 3746 2462 3902 2535; x_wconf 80' lang='grc' dir='ltr'>ὀργὴ,</span> <span class='ocrx_word' id='word_1_456' title='bbox 3938 2462 4058 2517; x_wconf 87' lang='grc' dir='ltr'>ἀλλ’</span> 
     </span>
    </p>
   </div>
   <div class='ocr_carea' id='block_1_68' title="bbox 2472 2554 4059 2642">
    <p class='ocr_par' dir='ltr' id='par_1_68' title="bbox 2472 2554 4059 2642">
     <span class='ocr_line' id='line_1_68' title="bbox 2472 2554 4059 2642; baseline -0.01 -18"><span class='ocrx_word' id='word_1_457' title='bbox 2472 2571 2618 2642; x_wconf 75' lang='grc' dir='ltr'>ὑμᾶς</span> <span class='ocrx_word' id='word_1_458' title='bbox 2651 2569 2711 2621; x_wconf 86' lang='grc' dir='ltr'><strong>ού</strong></span> <span class='ocrx_word' id='word_1_459' title='bbox 2755 2568 2862 2639; x_wconf 81' lang='grc' dir='ltr'>χρὴ</span> <span class='ocrx_word' id='word_1_460' title='bbox 2910 2567 3007 2637; x_wconf 78' lang='grc' dir='ltr'><strong>τῆς</strong></span> <span class='ocrx_word' id='word_1_461' title='bbox 3050 2562 3254 2625; x_wconf 79' lang='grc' dir='ltr'>οἰκείας</span> <span class='ocrx_word' id='word_1_462' title='bbox 3298 2558 3748 2614; x_wconf 71' lang='grc' dir='ltr'>ἐπιλανθάνεσθαι</span> <span class='ocrx_word' id='word_1_463' title='bbox 3800 2554 4059 2621; x_wconf 81' lang='grc' dir='ltr'>ἀνεξικα-</span> 
     </span>
    </p>
   </div>
   <div class='ocr_carea' id='block_1_69' title="bbox 2471 2648 4059 2726">
    <p class='ocr_par' dir='ltr' id='par_1_69' title="bbox 2471 2648 4059 2726">
     <span class='ocr_line' id='line_1_69' title="bbox 2471 2648 4059 2726; baseline -0.008 -10"><span class='ocrx_word' id='word_1_464' title='bbox 2471 2662 2614 2726; x_wconf 88' lang='grc' dir='ltr'>κίας,</span> <span class='ocrx_word' id='word_1_465' title='bbox 2642 2661 2746 2715; x_wconf 79' lang='grc' dir='ltr'>οὐδ’</span> <span class='ocrx_word' id='word_1_466' title='bbox 2770 2660 2862 2714; x_wconf 77' lang='grc' dir='ltr'><strong>ἐπὶ</strong></span> <span class='ocrx_word' id='word_1_467' title='bbox 2891 2658 3048 2713; x_wconf 82' lang='grc' dir='ltr'>πλέον</span> <span class='ocrx_word' id='word_1_468' title='bbox 3079 2654 3428 2721; x_wconf 76' lang='grc' dir='ltr'>ἐξάπτεσθαι,</span> <span class='ocrx_word' id='word_1_469' title='bbox 3454 2652 3528 2715; x_wconf 85' lang='grc' dir='ltr'><strong>ὡς</strong></span> <span class='ocrx_word' id='word_1_470' title='bbox 3548 2653 3641 2705; x_wconf 62' lang='grc' dir='ltr'><strong>καὶ</strong></span> <span class='ocrx_word' id='word_1_471' title='bbox 3664 2652 3757 2703; x_wconf 81' lang='grc' dir='ltr'><strong>ἐπι</strong></span> <span class='ocrx_word' id='word_1_472' title='bbox 3779 2648 4059 2721; x_wconf 83' lang='grc' dir='ltr'>ἁμαρτίας</span> 
     </span>
    </p>
   </div>
   <div class='ocr_carea' id='block_1_70' title="bbox 2471 2732 4129 2821">
    <p class='ocr_par' dir='ltr' id='par_1_70' title="bbox 2471 2732 4129 2821">
     <span class='ocr_line' id='line_1_70' title="bbox 2471 2732 4129 2821; baseline -0.002 -14"><span class='ocrx_word' id='word_1_473' title='bbox 2471 2755 2779 2808; x_wconf 79' lang='grc' dir='ltr'>ἐκπίπτειν.</span> <span class='ocrx_word' id='word_1_474' title='bbox 2810 2753 2902 2806; x_wconf 84' lang='grc' dir='ltr'>Διό</span> <span class='ocrx_word' id='word_1_475' title='bbox 2936 2766 3111 2821; x_wconf 70' lang='grc' dir='ltr'>φημι-⁸</span> <span class='ocrx_word' id='word_1_476' title='bbox 3163 2744 3505 2816; x_wconf 71' lang='grc' dir='ltr'>Ὀργίζεσθεν</span> <span class='ocrx_word' id='word_1_477' title='bbox 3544 2743 3704 2798; x_wconf 76' lang='grc' dir='ltr'><em>ἀλλὰ</em></span> <span class='ocrx_word' id='word_1_478' title='bbox 3747 2741 3834 2811; x_wconf 75' lang='grc' dir='ltr'>μὴ</span> <span class='ocrx_word' id='word_1_479' title='bbox 3866 2741 4058 2812; x_wconf 73' lang='grc' dir='ltr'>ἁμαρ-</span> <span class='ocrx_word' id='word_1_480' title='bbox 4128 2732 4129 2735; x_wconf 8' lang='grc' dir='ltr'>Ἴ</span> 
     </span>
    </p>
   </div>
   <div class='ocr_carea' id='block_1_71' title="bbox 2469 2830 4060 2901">
    <p class='ocr_par' dir='ltr' id='par_1_71' title="bbox 2469 2830 4060 2901">
     <span class='ocr_line' id='line_1_71' title="bbox 2469 2830 4060 2901; baseline -0.009 -3"><span class='ocrx_word' id='word_1_481' title='bbox 2469 2843 2697 2898; x_wconf 65' lang='lat' dir='ltr'><strong>mirere.</strong></span> <span class='ocrx_word' id='word_1_482' title='bbox 2727 2844 2790 2897; x_wconf 83' lang='lat' dir='ltr'><strong>El</strong></span> <span class='ocrx_word' id='word_1_483' title='bbox 2815 2841 2872 2895; x_wconf 86' lang='grc' dir='ltr'>δὲ</span> <span class='ocrx_word' id='word_1_484' title='bbox 2906 2841 3001 2895; x_wconf 75' lang='grc' dir='ltr'>καὶ</span> <span class='ocrx_word' id='word_1_485' title='bbox 3031 2837 3326 2901; x_wconf 79' lang='grc' dir='ltr'>κλονεῖσθε,</span> <span class='ocrx_word' id='word_1_486' title='bbox 3362 2835 3502 2888; x_wconf 80' lang='grc' dir='ltr'>κατὰ</span> <span class='ocrx_word' id='word_1_487' title='bbox 3531 2835 3621 2888; x_wconf 83' lang='grc' dir='ltr'><strong>τὸν</strong></span> <span class='ocrx_word' id='word_1_488' title='bbox 3670 2832 3919 2896; x_wconf 82' lang='grc' dir='ltr'>Ἀκύλαν,</span> <span class='ocrx_word' id='word_1_489' title='bbox 3954 2830 4060 2895; x_wconf 76' lang='grc' dir='ltr'>τὰς</span> 
     </span>
    </p>
   </div>
   <div class='ocr_carea' id='block_1_72' title="bbox 2469 2923 4058 3008">
    <p class='ocr_par' dir='ltr' id='par_1_72' title="bbox 2469 2923 4058 3008">
     <span class='ocr_line' id='line_1_72' title="bbox 2469 2923 4058 3008; baseline -0.009 -18"><span class='ocrx_word' id='word_1_490' title='bbox 2469 2937 2646 3008; x_wconf 68' lang='grc' dir='ltr'>ψυχὰς</span> <span class='ocrx_word' id='word_1_491' title='bbox 2673 2935 2762 2989; x_wconf 77' lang='grc' dir='ltr'>διὰ</span> <span class='ocrx_word' id='word_1_492' title='bbox 2796 2935 2863 2989; x_wconf 77' lang='grc' dir='ltr'>τὰ</span> <span class='ocrx_word' id='word_1_493' title='bbox 2892 2934 2970 3005; x_wconf 82' lang='grc' dir='ltr'>τῷ</span> <span class='ocrx_word' id='word_1_494' title='bbox 3006 2927 3361 2999; x_wconf 82' lang='grc' dir='ltr'>Ἀϐεσσαλὼμ</span> <span class='ocrx_word' id='word_1_495' title='bbox 3388 2927 3868 2999; x_wconf 81' lang='grc' dir='ltr'>προτετολμημένα</span> <span class='ocrx_word' id='word_1_496' title='bbox 3896 2965 3908 2974; x_wconf 93' lang='grc'><strong>.</strong></span> <span class='ocrx_word' id='word_1_497' title='bbox 3936 2923 4058 2978; x_wconf 76' lang='grc' dir='ltr'>ἀλλ’</span> 
     </span>
    </p>
   </div>
   <div class='ocr_carea' id='block_1_73' title="bbox 2469 3017 4060 3099">
    <p class='ocr_par' dir='ltr' id='par_1_73' title="bbox 2469 3017 4060 3099">
     <span class='ocr_line' id='line_1_73' title="bbox 2469 3017 4060 3099; baseline -0.007 -20"><span class='ocrx_word' id='word_1_498' title='bbox 2469 3028 2633 3099; x_wconf 76' lang='grc' dir='ltr'>ὁρᾶτε</span> <span class='ocrx_word' id='word_1_499' title='bbox 2681 3027 2756 3099; x_wconf 84' lang='grc' dir='ltr'>μὴ</span> <span class='ocrx_word' id='word_1_500' title='bbox 2785 3028 2879 3081; x_wconf 77' lang='grc' dir='ltr'>καὶ</span> <span class='ocrx_word' id='word_1_501' title='bbox 2905 3026 3096 3098; x_wconf 78' lang='grc' dir='ltr'>ἑτέραν</span> <span class='ocrx_word' id='word_1_502' title='bbox 3126 3023 3217 3076; x_wconf 80' lang='grc' dir='ltr'>ἐπὶ</span> <span class='ocrx_word' id='word_1_503' title='bbox 3247 3024 3367 3085; x_wconf 88' lang='grc' dir='ltr'>ταῖς</span> <span class='ocrx_word' id='word_1_504' title='bbox 3402 3020 3697 3091; x_wconf 84' lang='grc' dir='ltr'>προτέραις</span> <span class='ocrx_word' id='word_1_505' title='bbox 3730 3017 4060 3089; x_wconf 73' lang='grc' dir='ltr'>προσθείητε</span> 
     </span>
    </p>
   </div>
   <div class='ocr_carea' id='block_1_74' title="bbox 2472 3112 4060 3193">
    <p class='ocr_par' dir='ltr' id='par_1_74' title="bbox 2472 3112 4060 3193">
     <span class='ocr_line' id='line_1_74' title="bbox 2472 3112 4060 3193; baseline -0.007 -17"><span class='ocrx_word' id='word_1_506' title='bbox 2472 3121 2782 3193; x_wconf 81' lang='grc' dir='ltr'>ἁμαρτίαν,</span> <span class='ocrx_word' id='word_1_507' title='bbox 2828 3122 2895 3190; x_wconf 83' lang='grc' dir='ltr'>τῇ</span> <span class='ocrx_word' id='word_1_508' title='bbox 2940 3121 3076 3191; x_wconf 81' lang='grc' dir='ltr'>ὀργῇ</span> <span class='ocrx_word' id='word_1_509' title='bbox 3120 3116 3491 3187; x_wconf 71' lang='grc' dir='ltr'>ἐπιμένοντες.</span> <span class='ocrx_word' id='word_1_510' title='bbox 3535 3114 3730 3185; x_wconf 83' lang='grc' dir='ltr'>Εὓρὸις</span> <span class='ocrx_word' id='word_1_511' title='bbox 3769 3113 3813 3166; x_wconf 85' lang='grc' dir='ltr'>δ’</span> <span class='ocrx_word' id='word_1_512' title='bbox 3852 3113 3918 3166; x_wconf 84' lang='grc' dir='ltr'><strong>ἂν</strong></span> <span class='ocrx_word' id='word_1_513' title='bbox 3961 3112 4060 3166; x_wconf 77' lang='grc' dir='ltr'><strong>καὶ</strong></span> 
     </span>
    </p>
   </div>
   <div class='ocr_carea' id='block_1_75' title="bbox 2474 3196 4062 3288">
    <p class='ocr_par' dir='ltr' id='par_1_75' title="bbox 2474 3196 4062 3288">
     <span class='ocr_line' id='line_1_75' title="bbox 2474 3196 4062 3288; baseline -0.006 -17"><span class='ocrx_word' id='word_1_514' title='bbox 2474 3218 2617 3271; x_wconf 86' lang='grc' dir='ltr'><strong>κατά</strong></span> <span class='ocrx_word' id='word_1_515' title='bbox 2652 3216 2749 3288; x_wconf 82' lang='grc' dir='ltr'>τὴν</span> <span class='ocrx_word' id='word_1_516' title='bbox 2774 3196 3014 3286; x_wconf 79' lang='grc' dir='ltr'>ίστορίαν</span> <span class='ocrx_word' id='word_1_517' title='bbox 3044 3210 3213 3266; x_wconf 86' lang='grc' dir='ltr'>πολλά</span> <span class='ocrx_word' id='word_1_518' title='bbox 3255 3206 3621 3282; x_wconf 83' lang='grc' dir='ltr'>παραινοῦντα</span> <span class='ocrx_word' id='word_1_519' title='bbox 3667 3206 3829 3261; x_wconf 79' lang='grc' dir='ltr'>αὐτὸν</span> <span class='ocrx_word' id='word_1_520' title='bbox 3870 3218 4062 3275; x_wconf 70' lang='grc' dir='ltr'>φεισα-</span> 
     </span>
    </p>
   </div>
   <div class='ocr_carea' id='block_1_76' title="bbox 2478 3308 2961 3370">
    <p class='ocr_par' dir='ltr' id='par_1_76' title="bbox 2478 3308 2961 3370">
     <span class='ocr_line' id='line_1_76' title="bbox 2478 3308 2961 3370; baseline -0.006 -5"><span class='ocrx_word' id='word_1_521' title='bbox 2478 3310 2599 3365; x_wconf 89' lang='grc' dir='ltr'>σθαι</span> <span class='ocrx_word' id='word_1_522' title='bbox 2631 3309 2726 3363; x_wconf 90' lang='grc' dir='ltr'><strong>τοῦ</strong></span> <span class='ocrx_word' id='word_1_523' title='bbox 2752 3308 2961 3370; x_wconf 84' lang='grc' dir='ltr'>παιδός.</span> 
     </span>
    </p>
   </div>
   <div class='ocr_carea' id='block_1_77' title="bbox 2549 3390 4061 3463">
    <p class='ocr_par' dir='ltr' id='par_1_77' title="bbox 2549 3390 4061 3463">
     <span class='ocr_line' id='line_1_77' title="bbox 2549 3390 4061 3463; baseline -0.009 -5"><span class='ocrx_word' id='word_1_524' title='bbox 2549 3404 2783 3458; x_wconf 86' lang='grc' dir='ltr'>Θύσατε</span> <span class='ocrx_word' id='word_1_525' title='bbox 2808 3400 3030 3455; x_wconf 81' lang='grc' dir='ltr'>θυσίαν</span> <span class='ocrx_word' id='word_1_526' title='bbox 3047 3398 3463 3463; x_wconf 72' lang='grc' dir='ltr'>δικαιοσύνης,</span> <span class='ocrx_word' id='word_1_527' title='bbox 3498 3392 3598 3447; x_wconf 79' lang='grc' dir='ltr'>καὶ</span> <span class='ocrx_word' id='word_1_528' title='bbox 3631 3392 3921 3447; x_wconf 75' lang='grc' dir='ltr'>ἐλπίσατε</span> <span class='ocrx_word' id='word_1_529' title='bbox 3958 3390 4061 3446; x_wconf 64' lang='grc' dir='ltr'><strong>ἐπε</strong></span> 
     </span>
    </p>
   </div>
   <div class='ocr_carea' id='block_1_78' title="bbox 2474 3485 4061 3564">
    <p class='ocr_par' dir='ltr' id='par_1_78' title="bbox 2474 3485 4061 3564">
     <span class='ocr_line' id='line_1_78' title="bbox 2474 3485 4061 3564; baseline -0.008 -14"><span class='ocrx_word' id='word_1_530' title='bbox 2474 3494 2715 3564; x_wconf 77' lang='grc' dir='ltr'>Κύριον.</span> <span class='ocrx_word' id='word_1_531' title='bbox 2734 3495 2796 3549; x_wconf 82' lang='grc' dir='ltr'><strong>Εἰ</strong></span> <span class='ocrx_word' id='word_1_532' title='bbox 2821 3494 2915 3548; x_wconf 71' lang='grc' dir='ltr'><strong>καὶ</strong></span> <span class='ocrx_word' id='word_1_533' title='bbox 2941 3493 3017 3557; x_wconf 86' lang='grc' dir='ltr'>ὡς</span> <span class='ocrx_word' id='word_1_534' title='bbox 3043 3490 3139 3547; x_wconf 80' lang='grc' dir='ltr'><strong>ἀνθ</strong></span> <span class='ocrx_word' id='word_1_535' title='bbox 3148 3507 3319 3561; x_wconf 90' lang='grc' dir='ltr'>ρωποι</span> <span class='ocrx_word' id='word_1_536' title='bbox 3355 3488 3541 3560; x_wconf 53' lang='grc' dir='ltr'><strong>θνητοὶ⁵</strong></span> <span class='ocrx_word' id='word_1_537' title='bbox 3570 3485 3736 3540; x_wconf 87' lang='grc' dir='ltr'>πολλὰ</span> <span class='ocrx_word' id='word_1_538' title='bbox 3761 3485 4061 3540; x_wconf 81' lang='grc' dir='ltr'>διανοεῖσθε</span> 
     </span>
    </p>
   </div>
   <div class='ocr_carea' id='block_1_79' title="bbox 2477 3572 4062 3662">
    <p class='ocr_par' dir='ltr' id='par_1_79' title="bbox 2477 3572 4062 3662">
     <span class='ocr_line' id='line_1_79' title="bbox 2477 3572 4062 3662; baseline -0.009 -18"><span class='ocrx_word' id='word_1_539' title='bbox 2477 3572 2595 3662; x_wconf 78' lang='grc' dir='ltr'>μεθ’</span> <span class='ocrx_word' id='word_1_540' title='bbox 2626 3589 2842 3661; x_wconf 77' lang='grc' dir='ltr'>ἡμέραν</span> <span class='ocrx_word' id='word_1_541' title='bbox 2870 3587 3227 3660; x_wconf 61' lang='grc' dir='ltr'>ὀργιζόμενον</span> <span class='ocrx_word' id='word_1_542' title='bbox 3258 3584 3371 3639; x_wconf 82' lang='grc' dir='ltr'>ἀλλ’</span> <span class='ocrx_word' id='word_1_543' title='bbox 3398 3583 3489 3636; x_wconf 79' lang='grc' dir='ltr'><strong>ἐπὶ</strong></span> <span class='ocrx_word' id='word_1_544' title='bbox 3518 3585 3639 3646; x_wconf 82' lang='grc' dir='ltr'>ταῖς</span> <span class='ocrx_word' id='word_1_545' title='bbox 3669 3581 3875 3643; x_wconf 74' lang='grc' dir='ltr'>κοίταις</span> <span class='ocrx_word' id='word_1_546' title='bbox 3904 3577 4062 3650; x_wconf 71' lang='grc' dir='ltr'>ὑμῶν</span> 
     </span>
    </p>
   </div>
   <div class='ocr_carea' id='block_1_80' title="bbox 2475 3670 4061 3753">
    <p class='ocr_par' dir='ltr' id='par_1_80' title="bbox 2475 3670 4061 3753">
     <span class='ocr_line' id='line_1_80' title="bbox 2475 3670 4061 3753; baseline -0.006 -18"><span class='ocrx_word' id='word_1_547' title='bbox 2475 3683 2559 3752; x_wconf 79' lang='grc' dir='ltr'><strong>ἐφ’</strong></span> <span class='ocrx_word' id='word_1_548' title='bbox 2589 3681 2839 3753; x_wconf 79' lang='grc' dir='ltr'>ἡσυχίας,</span> <span class='ocrx_word' id='word_1_549' title='bbox 2872 3682 3000 3751; x_wconf 87' lang='grc' dir='ltr'>παρ’</span> <span class='ocrx_word' id='word_1_550' title='bbox 3033 3681 3247 3741; x_wconf 76' lang='grc' dir='ltr'>ἑαυτοῖς</span> <span class='ocrx_word' id='word_1_551' title='bbox 3269 3677 3573 3748; x_wconf 86' lang='grc' dir='ltr'>γενόμενοι,</span> <span class='ocrx_word' id='word_1_552' title='bbox 3602 3673 3964 3745; x_wconf 82' lang='grc' dir='ltr'>κατανύγητε,</span> <span class='ocrx_word' id='word_1_553' title='bbox 3991 3670 4061 3725; x_wconf 82' lang='grc' dir='ltr'>τὰ</span> 
     </span>
    </p>
   </div>
   <div class='ocr_carea' id='block_1_81' title="bbox 2473 3764 4060 3847">
    <p class='ocr_par' dir='ltr' id='par_1_81' title="bbox 2473 3764 4060 3847">
     <span class='ocr_line' id='line_1_81' title="bbox 2473 3764 4060 3847; baseline -0.007 -18"><span class='ocrx_word' id='word_1_554' title='bbox 2473 3776 2540 3829; x_wconf 85' lang='grc' dir='ltr'>δι’</span> <span class='ocrx_word' id='word_1_555' title='bbox 2578 3776 2793 3847; x_wconf 78' lang='grc' dir='ltr'>ἡμέρας</span> <span class='ocrx_word' id='word_1_556' title='bbox 2857 3775 2987 3845; x_wconf 84' lang='grc' dir='ltr'>ὑμῖν</span> <span class='ocrx_word' id='word_1_557' title='bbox 3046 3770 3413 3842; x_wconf 81' lang='grc' dir='ltr'>πεπραγμένα</span> <span class='ocrx_word' id='word_1_558' title='bbox 3461 3764 3909 3837; x_wconf 74' lang='grc' dir='ltr'>διαλογιζόμενοι.</span> <span class='ocrx_word' id='word_1_559' title='bbox 3966 3765 4060 3835; x_wconf 71' lang='grc' dir='ltr'><strong>Μὴ</strong></span> 
     </span>
    </p>
   </div>
   <div class='ocr_carea' id='block_1_82' title="bbox 2474 3856 4061 3939">
    <p class='ocr_par' dir='ltr' id='par_1_82' title="bbox 2474 3856 4061 3939">
     <span class='ocr_line' id='line_1_82' title="bbox 2474 3856 4061 3939; baseline -0.009 -17"><span class='ocrx_word' id='word_1_560' title='bbox 2474 3868 2626 3939; x_wconf 85' lang='grc' dir='ltr'>γοῦν,</span> <span class='ocrx_word' id='word_1_561' title='bbox 2651 3869 2835 3939; x_wconf 76' lang='grc' dir='ltr'>φησὶν,</span> <span class='ocrx_word' id='word_1_562' title='bbox 2865 3863 3151 3937; x_wconf 77' lang='grc' dir='ltr'>ὀργίζεσθε</span> <span class='ocrx_word' id='word_1_563' title='bbox 3184 3861 3327 3916; x_wconf 87' lang='grc' dir='ltr'><strong>κατά</strong></span> <span class='ocrx_word' id='word_1_564' title='bbox 3369 3861 3476 3914; x_wconf 86' lang='grc' dir='ltr'><strong>τῶν</strong></span> <span class='ocrx_word' id='word_1_565' title='bbox 3510 3856 3590 3924; x_wconf 79' lang='grc' dir='ltr'><strong>είς</strong></span> <span class='ocrx_word' id='word_1_566' title='bbox 3626 3859 3773 3930; x_wconf 72' lang='grc' dir='ltr'>’ὑμᾶς</span> <span class='ocrx_word' id='word_1_567' title='bbox 3806 3857 4061 3929; x_wconf 80' lang='grc' dir='ltr'>πλημμε-</span> 
     </span>
    </p>
   </div>
   <div class='ocr_carea' id='block_1_83' title="bbox 2475 3949 4057 4030">
    <p class='ocr_par' dir='ltr' id='par_1_83' title="bbox 2475 3949 4057 4030">
     <span class='ocr_line' id='line_1_83' title="bbox 2475 3949 4057 4030; baseline -0.008 -16"><span class='ocrx_word' id='word_1_568' title='bbox 2475 3962 2744 4026; x_wconf 88' lang='grc' dir='ltr'>λούντων,</span> <span class='ocrx_word' id='word_1_569' title='bbox 2781 3958 2916 4030; x_wconf 81' lang='grc' dir='ltr'>μηδὲ</span> <span class='ocrx_word' id='word_1_570' title='bbox 2956 3957 3095 4012; x_wconf 88' lang='grc' dir='ltr'><strong>κατά</strong></span> <span class='ocrx_word' id='word_1_571' title='bbox 3144 3955 3239 4009; x_wconf 89' lang='grc' dir='ltr'><strong>τοῦ</strong></span> <span class='ocrx_word' id='word_1_572' title='bbox 3293 3954 3697 4017; x_wconf 78' lang='grc' dir='ltr'>ἐπαναστάντος</span> <span class='ocrx_word' id='word_1_573' title='bbox 3740 3950 3818 4022; x_wconf 82' lang='grc' dir='ltr'>τῷ</span> <span class='ocrx_word' id='word_1_574' title='bbox 3856 3949 4057 4022; x_wconf 77' lang='grc' dir='ltr'>πατρί’</span> 
     </span>
    </p>
   </div>
   <div class='ocr_carea' id='block_1_84' title="bbox 2480 4040 4062 4127">
    <p class='ocr_par' dir='ltr' id='par_1_84' title="bbox 2480 4040 4062 4127">
     <span class='ocr_line' id='line_1_84' title="bbox 2480 4040 4062 4127; baseline -0.008 -19"><span class='ocrx_word' id='word_1_575' title='bbox 2480 4056 2618 4127; x_wconf 88' lang='grc' dir='ltr'>μήτε</span> <span class='ocrx_word' id='word_1_576' title='bbox 2672 4052 2828 4121; x_wconf 59' lang='grc' dir='ltr'>αὐτοὶ</span> <span class='ocrx_word' id='word_1_577' title='bbox 2878 4049 3327 4122; x_wconf 72' lang='grc' dir='ltr'>ἁμαρτάνοντες,</span> <span class='ocrx_word' id='word_1_578' title='bbox 3361 4046 3464 4100; x_wconf 83' lang='grc' dir='ltr'><strong>κάν</strong></span> <span class='ocrx_word' id='word_1_579' title='bbox 3517 4045 3694 4117; x_wconf 73' lang='grc' dir='ltr'>ἕτεροι</span> <span class='ocrx_word' id='word_1_580' title='bbox 3737 4040 4062 4105; x_wconf 77' lang='grc' dir='ltr'>ἀσεϐοῦντες</span> 
     </span>
    </p>
   </div>
   <div class='ocr_carea' id='block_1_85' title="bbox 2478 4136 4061 4218">
    <p class='ocr_par' dir='ltr' id='par_1_85' title="bbox 2478 4136 4061 4218">
     <span class='ocr_line' id='line_1_85' title="bbox 2478 4136 4061 4218; baseline -0.008 -18"><span class='ocrx_word' id='word_1_581' title='bbox 2478 4143 2879 4218; x_wconf 84' lang='grc' dir='ltr'>προκαλοῦνται</span> <span class='ocrx_word' id='word_1_582' title='bbox 2911 4142 3056 4214; x_wconf 79' lang='grc' dir='ltr'>ὑμᾶς</span> <span class='ocrx_word' id='word_1_583' title='bbox 3110 4143 3192 4206; x_wconf 74' lang='grc' dir='ltr'><strong>εἰς</strong></span> <span class='ocrx_word' id='word_1_584' title='bbox 3239 4140 3408 4213; x_wconf 83' lang='grc' dir='ltr'>ὀργῆς</span> <span class='ocrx_word' id='word_1_585' title='bbox 3459 4138 3594 4211; x_wconf 79' lang='grc' dir='ltr'>ἔργα</span> <span class='ocrx_word' id='word_1_586' title='bbox 3626 4137 3720 4190; x_wconf 53' lang='grc' dir='ltr'><strong>καὶ⁵</strong></span> <span class='ocrx_word' id='word_1_587' title='bbox 3751 4136 3833 4200; x_wconf 81' lang='grc' dir='ltr'>εἰς</span> <span class='ocrx_word' id='word_1_588' title='bbox 3879 4136 4061 4208; x_wconf 87' lang='grc' dir='ltr'>ἁμαρ-</span> 
     </span>
    </p>
   </div>
   <div class='ocr_carea' id='block_1_86' title="bbox 2476 4220 4063 4305">
    <p class='ocr_par' dir='ltr' id='par_1_86' title="bbox 2476 4220 4063 4305">
     <span class='ocr_line' id='line_1_86' title="bbox 2476 4220 4063 4305; baseline -0.009 -13"><span class='ocrx_word' id='word_1_589' title='bbox 2476 4238 2615 4302; x_wconf 87' lang='grc' dir='ltr'>τίας,</span> <span class='ocrx_word' id='word_1_590' title='bbox 2649 4236 2762 4291; x_wconf 88' lang='grc' dir='ltr'>ἀλλ’</span> <span class='ocrx_word' id='word_1_591' title='bbox 2821 4234 2944 4289; x_wconf 79' lang='grc' dir='ltr'>ἀντὶ</span> <span class='ocrx_word' id='word_1_592' title='bbox 2976 4233 3181 4289; x_wconf 89' lang='grc' dir='ltr'>τούτων</span> <span class='ocrx_word' id='word_1_593' title='bbox 3228 4232 3459 4305; x_wconf 84' lang='grc' dir='ltr'>μᾶλλον,</span> <span class='ocrx_word' id='word_1_594' title='bbox 3510 4228 3669 4299; x_wconf 85' lang='grc' dir='ltr'>εῐπερ</span> <span class='ocrx_word' id='word_1_595' title='bbox 3705 4220 3957 4298; x_wconf 88' lang='grc' dir='ltr'>βούλεσθε</span> <span class='ocrx_word' id='word_1_596' title='bbox 4000 4223 4063 4278; x_wconf 75' lang='grc' dir='ltr'><strong>τὸ</strong></span> 
     </span>
    </p>
   </div>
   <div class='ocr_carea' id='block_1_87' title="bbox 2477 4318 4060 4401">
    <p class='ocr_par' dir='ltr' id='par_1_87' title="bbox 2477 4318 4060 4401">
     <span class='ocr_line' id='line_1_87' title="bbox 2477 4318 4060 4401; baseline -0.009 -16"><span class='ocrx_word' id='word_1_597' title='bbox 2477 4329 2716 4401; x_wconf 85' lang='grc' dir='ltr'>ἀσφαλὲς</span> <span class='ocrx_word' id='word_1_598' title='bbox 2748 4329 2914 4401; x_wconf 74' lang='grc' dir='ltr'>ἔχειν,</span> <span class='ocrx_word' id='word_1_599' title='bbox 2964 4330 3187 4383; x_wconf 81' lang='grc' dir='ltr'>θύσατε</span> <span class='ocrx_word' id='word_1_600' title='bbox 3219 4326 3441 4381; x_wconf 80' lang='grc' dir='ltr'>θυσίαν</span> <span class='ocrx_word' id='word_1_601' title='bbox 3484 4322 3911 4387; x_wconf 70' lang='grc' dir='ltr'>δικαιοσύνης,</span> <span class='ocrx_word' id='word_1_602' title='bbox 3960 4318 4060 4371; x_wconf 74' lang='grc' dir='ltr'><strong>καί</strong></span> 
     </span>
    </p>
   </div>
   <div class='ocr_carea' id='block_1_88' title="bbox 2477 4409 4059 4490">
    <p class='ocr_par' dir='ltr' id='par_1_88' title="bbox 2477 4409 4059 4490">
     <span class='ocr_line' id='line_1_88' title="bbox 2477 4409 4059 4490; baseline -0.009 -13"><span class='ocrx_word' id='word_1_603' title='bbox 2477 4424 2770 4479; x_wconf 79' lang='grc' dir='ltr'>ἐλπίσατε</span> <span class='ocrx_word' id='word_1_604' title='bbox 2809 4422 2909 4477; x_wconf 77' lang='grc' dir='ltr'>ἐπὶ</span> <span class='ocrx_word' id='word_1_605' title='bbox 2957 4422 3213 4490; x_wconf 78' lang='grc' dir='ltr'>Κύριον,</span> <span class='ocrx_word' id='word_1_606' title='bbox 3276 4418 3372 4473; x_wconf 75' lang='grc' dir='ltr'>καὶ</span> <span class='ocrx_word' id='word_1_607' title='bbox 3444 4415 3642 4489; x_wconf 75' lang='grc' dir='ltr'>μηκέτι</span> <span class='ocrx_word' id='word_1_608' title='bbox 3693 4409 4059 4484; x_wconf 85' lang='grc' dir='ltr'>ταράττεσθε,</span> 
     </span>
    </p>
   </div>
   <div class='ocr_carea' id='block_1_89' title="bbox 2478 4502 4064 4588">
    <p class='ocr_par' dir='ltr' id='par_1_89' title="bbox 2478 4502 4064 4588">
     <span class='ocr_line' id='line_1_89' title="bbox 2478 4502 4064 4588; baseline -0.011 -17"><span class='ocrx_word' id='word_1_609' title='bbox 2478 4517 2848 4581; x_wconf 82' lang='grc' dir='ltr'>οίκειωθέντες</span> <span class='ocrx_word' id='word_1_610' title='bbox 2880 4515 2959 4588; x_wconf 79' lang='grc' dir='ltr'><strong>τῷ</strong></span> <span class='ocrx_word' id='word_1_611' title='bbox 2987 4516 3176 4585; x_wconf 81' lang='grc' dir='ltr'>Κυρίῳ</span> <span class='ocrx_word' id='word_1_612' title='bbox 3210 4511 3298 4566; x_wconf 77' lang='grc' dir='ltr'>διὰ</span> <span class='ocrx_word' id='word_1_613' title='bbox 3336 4510 3437 4581; x_wconf 80' lang='grc' dir='ltr'><strong>τῆς</strong></span> <span class='ocrx_word' id='word_1_614' title='bbox 3470 4505 3836 4577; x_wconf 86' lang='grc' dir='ltr'>δικαιοσύνης.</span> <span class='ocrx_word' id='word_1_615' title='bbox 3884 4502 4064 4556; x_wconf 84' lang='grc' dir='ltr'>Ἐπεί-</span> 
     </span>
    </p>
   </div>
   <div class='ocr_carea' id='block_1_90' title="bbox 792 4591 2387 4689">
    <p class='ocr_par' dir='ltr' id='par_1_90' title="bbox 792 4591 2374 4689">
     <span class='ocr_line' id='line_1_90' title="bbox 792 4591 2374 4689; baseline -0.006 -18"><span class='ocrx_word' id='word_1_616' title='bbox 792 4618 1061 4689; x_wconf 89' lang='lat' dir='ltr'><strong>justitiam</strong></span> <span class='ocrx_word' id='word_1_617' title='bbox 1114 4617 1167 4671; x_wconf 91' lang='lat' dir='ltr'><strong>in</strong></span> <span class='ocrx_word' id='word_1_618' title='bbox 1199 4591 1308 4671; x_wconf 14' lang='lat' dir='ltr'><strong>Dei,</strong></span> <span class='ocrx_word' id='word_1_619' title='bbox 1346 4615 1607 4670; x_wconf 78' lang='lat' dir='ltr'><strong>familiam</strong></span> <span class='ocrx_word' id='word_1_620' title='bbox 1654 4612 1879 4685; x_wconf 87' lang='lat' dir='ltr'><strong>ascripti</strong></span> <span class='ocrx_word' id='word_1_621' title='bbox 1925 4610 2079 4666; x_wconf 90' lang='lat' dir='ltr'><strong>estis.</strong></span> <span class='ocrx_word' id='word_1_622' title='bbox 2114 4607 2374 4674; x_wconf 87' lang='lat' dir='ltr'><strong>Quando-</strong></span> 
     </span>
    </p>
   </div>
   <div class='ocr_carea' id='block_1_91' title="bbox 2469 4591 4063 4689">
    <p class='ocr_par' dir='ltr' id='par_1_91' title="bbox 2482 4591 4063 4681">
     <span class='ocr_line' id='line_1_91' title="bbox 2482 4591 4063 4681; baseline -0.013 -18"><span class='ocrx_word' id='word_1_623' title='bbox 2482 4626 2587 4681; x_wconf 86' lang='grc' dir='ltr'><strong>περ</strong></span> <span class='ocrx_word' id='word_1_624' title='bbox 2624 4610 2745 4663; x_wconf 76' lang='grc' dir='ltr'>ἀντὶ</span> <span class='ocrx_word' id='word_1_625' title='bbox 2802 4608 2983 4679; x_wconf 83' lang='grc' dir='ltr'>πάσης</span> <span class='ocrx_word' id='word_1_626' title='bbox 3019 4604 3211 4666; x_wconf 87' lang='grc' dir='ltr'>θυσίας</span> <span class='ocrx_word' id='word_1_627' title='bbox 3256 4600 3439 4673; x_wconf 81' lang='grc' dir='ltr'>χαίρει</span> <span class='ocrx_word' id='word_1_628' title='bbox 3488 4594 3925 4666; x_wconf 85' lang='grc' dir='ltr'>δικαιοπραγίαις</span> <span class='ocrx_word' id='word_1_629' title='bbox 3968 4591 4063 4644; x_wconf 81' lang='grc' dir='ltr'>καὶ</span> 
     </span>
    </p>
   </div>
   <div class='ocr_carea' id='block_1_92' title="bbox 796 4708 2377 4788">
    <p class='ocr_par' dir='ltr' id='par_1_92' title="bbox 796 4708 2377 4788">
     <span class='ocr_line' id='line_1_92' title="bbox 796 4708 2377 4788; baseline -0.007 -17"><span class='ocrx_word' id='word_1_630' title='bbox 796 4716 1017 4788; x_wconf 88' lang='lat' dir='ltr'><strong>quidem</strong></span> <span class='ocrx_word' id='word_1_631' title='bbox 1048 4716 1137 4772; x_wconf 90' lang='lat' dir='ltr'><strong>ille</strong></span> <span class='ocrx_word' id='word_1_632' title='bbox 1166 4731 1277 4787; x_wconf 81' lang='lat' dir='ltr'><strong>prae</strong></span> <span class='ocrx_word' id='word_1_633' title='bbox 1306 4715 1562 4770; x_wconf 87' lang='lat' dir='ltr'><strong>omnibus</strong></span> <span class='ocrx_word' id='word_1_634' title='bbox 1599 4712 1909 4774; x_wconf 87' lang='lat' dir='ltr'><strong>sacriliciis,</strong></span> <span class='ocrx_word' id='word_1_635' title='bbox 1940 4709 2168 4780; x_wconf 75' lang='lat' dir='ltr'><strong>justitiae</strong></span> <span class='ocrx_word' id='word_1_636' title='bbox 2197 4708 2377 4778; x_wconf 88' lang='lat' dir='ltr'><strong>operi-</strong></span> 
     </span>
    </p>
   </div>
   <div class='ocr_carea' id='block_1_93' title="bbox 796 4802 2377 4871">
    <p class='ocr_par' dir='ltr' id='par_1_93' title="bbox 796 4802 2377 4871">
     <span class='ocr_line' id='line_1_93' title="bbox 796 4802 2377 4871; baseline -0.009 -4"><span class='ocrx_word' id='word_1_637' title='bbox 796 4813 901 4868; x_wconf 89' lang='lat' dir='ltr'><strong>bus</strong></span> <span class='ocrx_word' id='word_1_638' title='bbox 927 4821 981 4866; x_wconf 90' lang='lat' dir='ltr'><strong>et</strong></span> <span class='ocrx_word' id='word_1_639' title='bbox 1012 4817 1160 4865; x_wconf 86' lang='lat' dir='ltr'><strong>recte</strong></span> <span class='ocrx_word' id='word_1_640' title='bbox 1196 4806 1359 4862; x_wconf 81' lang='lat' dir='ltr'><strong>factis</strong></span> <span class='ocrx_word' id='word_1_641' title='bbox 1392 4806 1727 4871; x_wconf 87' lang='lat' dir='ltr'><strong>delectatur;</strong></span> <span class='ocrx_word' id='word_1_642' title='bbox 1767 4804 1941 4858; x_wconf 91' lang='lat' dir='ltr'><strong>multo</strong></span> <span class='ocrx_word' id='word_1_643' title='bbox 1972 4802 2117 4857; x_wconf 90' lang='lat' dir='ltr'><strong>enim</strong></span> <span class='ocrx_word' id='word_1_644' title='bbox 2151 4810 2377 4871; x_wconf 70' lang='lat' dir='ltr'><strong>praesta-</strong></span> 
     </span>
    </p>
   </div>
   <div class='ocr_carea' id='block_1_94' title="bbox 795 4899 2377 4975">
    <p class='ocr_par' dir='ltr' id='par_1_94' title="bbox 795 4899 2377 4975">
     <span class='ocr_line' id='line_1_94' title="bbox 795 4899 2377 4975; baseline -0.006 -13"><span class='ocrx_word' id='word_1_645' title='bbox 795 4908 965 4963; x_wconf 87' lang='lat' dir='ltr'><strong>bilius</strong></span> <span class='ocrx_word' id='word_1_646' title='bbox 1008 4914 1092 4960; x_wconf 90' lang='lat' dir='ltr'><strong>est</strong></span> <span class='ocrx_word' id='word_1_647' title='bbox 1135 4903 1210 4958; x_wconf 89' lang='lat' dir='ltr'><strong>ita</strong></span> <span class='ocrx_word' id='word_1_648' title='bbox 1249 4916 1432 4975; x_wconf 88' lang='lat' dir='ltr'><strong>agere,</strong></span> <span class='ocrx_word' id='word_1_649' title='bbox 1465 4915 1631 4971; x_wconf 88' lang='lat' dir='ltr'><strong>quam</strong></span> <span class='ocrx_word' id='word_1_650' title='bbox 1665 4900 1827 4956; x_wconf 88' lang='lat' dir='ltr'><strong>irasci</strong></span> <span class='ocrx_word' id='word_1_651' title='bbox 1868 4910 1921 4956; x_wconf 89' lang='lat' dir='ltr'><strong>et</strong></span> <span class='ocrx_word' id='word_1_652' title='bbox 1965 4899 2231 4953; x_wconf 88' lang='lat' dir='ltr'><strong>ultionem</strong></span> <span class='ocrx_word' id='word_1_653' title='bbox 2265 4913 2377 4953; x_wconf 89' lang='lat' dir='ltr'><strong>me-</strong></span> 
     </span>
    </p>
   </div>
   <div class='ocr_carea' id='block_1_95' title="bbox 797 4990 2377 5066">
    <p class='ocr_par' dir='ltr' id='par_1_95' title="bbox 797 4990 2377 5066">
     <span class='ocr_line' id='line_1_95' title="bbox 797 4990 2377 5066; baseline -0.005 -13"><span class='ocrx_word' id='word_1_654' title='bbox 797 4999 993 5066; x_wconf 88' lang='lat' dir='ltr'><strong>ditari;</strong></span> <span class='ocrx_word' id='word_1_655' title='bbox 1024 5012 1144 5053; x_wconf 86' lang='lat' dir='ltr'><strong>eam</strong></span> <span class='ocrx_word' id='word_1_656' title='bbox 1184 4996 1259 5053; x_wconf 94' lang='lat' dir='ltr'><strong>ob</strong></span> <span class='ocrx_word' id='word_1_657' title='bbox 1278 5010 1427 5062; x_wconf 74' lang='lat' dir='ltr'><strong>rem,</strong></span> <span class='ocrx_word' id='word_1_658' title='bbox 1476 4992 1779 5048; x_wconf 88' lang='lat' dir='ltr'><strong>rebellante</strong></span> <span class='ocrx_word' id='word_1_659' title='bbox 1805 4991 1936 5061; x_wconf 90' lang='lat' dir='ltr'><strong>ﬁlio,</strong></span> <span class='ocrx_word' id='word_1_660' title='bbox 1969 5008 2031 5047; x_wconf 91' lang='lat' dir='ltr'><strong>ea</strong></span> <span class='ocrx_word' id='word_1_661' title='bbox 2086 4990 2220 5047; x_wconf 88' lang='lat' dir='ltr'><strong>mihi</strong></span> <span class='ocrx_word' id='word_1_662' title='bbox 2270 5006 2377 5045; x_wconf 89' lang='lat' dir='ltr'><strong>una</strong></span> 
     </span>
    </p>
   </div>
   <div class='ocr_carea' id='block_1_96' title="bbox 799 5085 2373 5165">
    <p class='ocr_par' dir='ltr' id='par_1_96' title="bbox 799 5085 2373 5165">
     <span class='ocr_line' id='line_1_96' title="bbox 799 5085 2373 5165; baseline -0.006 -18"><span class='ocrx_word' id='word_1_663' title='bbox 799 5108 932 5147; x_wconf 87' lang='lat' dir='ltr'><strong>cura</strong></span> <span class='ocrx_word' id='word_1_664' title='bbox 965 5091 1087 5165; x_wconf 80' lang='lat' dir='ltr'><strong>luit,</strong></span> <span class='ocrx_word' id='word_1_665' title='bbox 1115 5099 1173 5145; x_wconf 93' lang='lat' dir='ltr'><strong>ut</strong></span> <span class='ocrx_word' id='word_1_666' title='bbox 1202 5106 1297 5162; x_wconf 89' lang='lat' dir='ltr'><strong>per</strong></span> <span class='ocrx_word' id='word_1_667' title='bbox 1321 5088 1593 5160; x_wconf 88' lang='lat' dir='ltr'><strong>justitiam</strong></span> <span class='ocrx_word' id='word_1_668' title='bbox 1634 5085 1803 5142; x_wconf 91' lang='lat' dir='ltr'><strong>Deum</strong></span> <span class='ocrx_word' id='word_1_669' title='bbox 1834 5088 2103 5156; x_wconf 88' lang='lat' dir='ltr'><strong>placarem</strong></span> <span class='ocrx_word' id='word_1_670' title='bbox 2139 5107 2150 5140; x_wconf 90' lang='lat'>:</span> <span class='ocrx_word' id='word_1_671' title='bbox 2182 5099 2373 5157; x_wconf 89' lang='lat' dir='ltr'><strong>quare,</strong></span> 
     </span>
    </p>
   </div>
   <div class='ocr_carea' id='block_1_97' title="bbox 800 5181 2376 5251">
    <p class='ocr_par' dir='ltr' id='par_1_97' title="bbox 800 5181 2376 5251">
     <span class='ocr_line' id='line_1_97' title="bbox 800 5181 2376 5251; baseline -0.004 -13"><span class='ocrx_word' id='word_1_672' title='bbox 800 5201 920 5238; x_wconf 73' lang='lat' dir='ltr'><strong>cum</strong></span> <span class='ocrx_word' id='word_1_673' title='bbox 951 5185 1243 5237; x_wconf 84' lang='lat' dir='ltr'><strong>invocarem</strong></span> <span class='ocrx_word' id='word_1_674' title='bbox 1285 5184 1555 5238; x_wconf 78' lang='lat' dir='ltr'><strong>exaudiuit</strong></span> <span class='ocrx_word' id='word_1_675' title='bbox 1586 5200 1667 5237; x_wconf 87' lang='lat' dir='ltr'><strong>me</strong></span> <span class='ocrx_word' id='word_1_676' title='bbox 1698 5182 1836 5236; x_wconf 80' lang='lat' dir='ltr'><strong>Deus</strong></span> <span class='ocrx_word' id='word_1_677' title='bbox 1860 5181 2087 5251; x_wconf 77' lang='lat' dir='ltr'><strong>justitia:</strong></span> <span class='ocrx_word' id='word_1_678' title='bbox 2117 5195 2267 5243; x_wconf 70' lang='lat' dir='ltr'><strong>metu,</strong></span> <span class='ocrx_word' id='word_1_679' title='bbox 2300 5186 2376 5241; x_wconf 86' lang='lat' dir='ltr'><strong>et,</strong></span> 
     </span>
    </p>
   </div>
   <div class='ocr_carea' id='block_1_98' title="bbox 789 5271 2379 5345">
    <p class='ocr_par' dir='ltr' id='par_1_98' title="bbox 789 5271 2379 5345">
     <span class='ocr_line' id='line_1_98' title="bbox 789 5271 2379 5345; baseline 0.001 -21"><span class='ocrx_word' id='word_1_680' title='bbox 789 5278 854 5330; x_wconf 74' lang='lat' dir='ltr'><strong>in</strong></span> <span class='ocrx_word' id='word_1_681' title='bbox 887 5275 1229 5329; x_wconf 83' lang='lat' dir='ltr'><strong>tribulatione</strong></span> <span class='ocrx_word' id='word_1_682' title='bbox 1256 5276 1515 5329; x_wconf 73' lang='lat' dir='ltr'><strong>dilatasti</strong></span> <span class='ocrx_word' id='word_1_683' title='bbox 1559 5273 1711 5337; x_wconf 76' lang='lat' dir='ltr'><strong>milii,</strong></span> <span class='ocrx_word' id='word_1_684' title='bbox 1746 5272 1874 5345; x_wconf 84' lang='lat' dir='ltr'><strong>quia</strong></span> <span class='ocrx_word' id='word_1_685' title='bbox 1906 5286 2030 5326; x_wconf 88' lang='lat' dir='ltr'><strong>cum</strong></span> <span class='ocrx_word' id='word_1_686' title='bbox 2071 5271 2379 5327; x_wconf 84' lang='lat' dir='ltr'><strong>sacriﬁcas-</strong></span> 
     </span>
    </p>
   </div>
   <div class='ocr_carea' id='block_1_99' title="bbox 801 5368 2063 5440">
    <p class='ocr_par' dir='ltr' id='par_1_99' title="bbox 801 5368 2063 5440">
     <span class='ocr_line' id='line_1_99' title="bbox 801 5368 2063 5440; baseline -0.005 -14"><span class='ocrx_word' id='word_1_687' title='bbox 801 5386 916 5427; x_wconf 83' lang='lat' dir='ltr'><strong>sem</strong></span> <span class='ocrx_word' id='word_1_688' title='bbox 949 5369 1281 5426; x_wconf 87' lang='lat' dir='ltr'><strong>sacriﬁcium</strong></span> <span class='ocrx_word' id='word_1_689' title='bbox 1305 5369 1551 5440; x_wconf 73' lang='lat' dir='ltr'><strong>justitize,</strong></span> <span class='ocrx_word' id='word_1_690' title='bbox 1588 5369 1643 5423; x_wconf 92' lang='lat' dir='ltr'><strong>in</strong></span> <span class='ocrx_word' id='word_1_691' title='bbox 1674 5369 1793 5439; x_wconf 90' lang='lat' dir='ltr'><strong>ipso</strong></span> <span class='ocrx_word' id='word_1_692' title='bbox 1827 5368 2063 5440; x_wconf 84' lang='lat' dir='ltr'><strong>speravi.</strong></span> 
     </span>
    </p>
   </div>
   <div class='ocr_carea' id='block_1_100' title="bbox 726 5459 2382 5544">
    <p class='ocr_par' dir='ltr' id='par_1_100' title="bbox 726 5459 2382 5544">
     <span class='ocr_line' id='line_1_100' title="bbox 726 5459 2382 5544; baseline -0.004 -26"><span class='ocrx_word' id='word_1_693' title='bbox 726 5460 729 5461; x_wconf 19' lang='grc' dir='ltr'><em>ν</em></span> <span class='ocrx_word' id='word_1_694' title='bbox 872 5462 1033 5517; x_wconf 75' lang='lat' dir='ltr'><strong>Multi</strong></span> <span class='ocrx_word' id='word_1_695' title='bbox 1062 5463 1244 5516; x_wconf 80' lang='lat' dir='ltr'><strong>dicunt</strong></span> <span class='ocrx_word' id='word_1_696' title='bbox 1276 5478 1304 5544; x_wconf 68' lang='grc' dir='ltr'><strong>ε⁸</strong></span> <span class='ocrx_word' id='word_1_697' title='bbox 1322 5464 1437 5532; x_wconf 83' lang='lat' dir='ltr'><strong>quis</strong></span> <span class='ocrx_word' id='word_1_698' title='bbox 1466 5461 1704 5517; x_wconf 79' lang='lat' dir='ltr'><strong>ostende!</strong></span> <span class='ocrx_word' id='word_1_699' title='bbox 1733 5461 1887 5534; x_wconf 23' lang='lat' dir='ltr'><strong>nobis.</strong></span> <span class='ocrx_word' id='word_1_700' title='bbox 1915 5460 2091 5516; x_wconf 85' lang='lat' dir='ltr'><strong>bona?</strong></span> <span class='ocrx_word' id='word_1_701' title='bbox 2126 5459 2233 5514; x_wconf 88' lang='lat' dir='ltr'><strong>Alii</strong></span> <span class='ocrx_word' id='word_1_702' title='bbox 2260 5474 2382 5529; x_wconf 85' lang='lat' dir='ltr'><strong>qut-</strong></span> 
     </span>
    </p>
   </div>
   <div class='ocr_carea' id='block_1_101' title="bbox 799 5550 2380 5627">
    <p class='ocr_par' dir='ltr' id='par_1_101' title="bbox 799 5550 2380 5627">
     <span class='ocr_line' id='line_1_101' title="bbox 799 5550 2380 5627; baseline -0.004 -15"><span class='ocrx_word' id='word_1_703' title='bbox 799 5557 924 5612; x_wconf 85' lang='lat' dir='ltr'><strong>dem</strong></span> <span class='ocrx_word' id='word_1_704' title='bbox 976 5558 1080 5611; x_wconf 81' lang='lat' dir='ltr'><strong>alia</strong></span> <span class='ocrx_word' id='word_1_705' title='bbox 1126 5556 1455 5626; x_wconf 85' lang='lat' dir='ltr'><strong>cogitantes.</strong></span> <span class='ocrx_word' id='word_1_706' title='bbox 1490 5556 1835 5627; x_wconf 83' lang='lat' dir='ltr'><strong>maximeque</strong></span> <span class='ocrx_word' id='word_1_707' title='bbox 1879 5554 1970 5625; x_wconf 88' lang='lat' dir='ltr'><strong>qui</strong></span> <span class='ocrx_word' id='word_1_708' title='bbox 2018 5554 2168 5625; x_wconf 79' lang='lat' dir='ltr'><strong>gravi</strong></span> <span class='ocrx_word' id='word_1_709' title='bbox 2213 5550 2380 5607; x_wconf 85' lang='lat' dir='ltr'><strong>corde</strong></span> 
     </span>
    </p>
   </div>
   <div class='ocr_carea' id='block_1_102' title="bbox 800 5644 2381 5718">
    <p class='ocr_par' dir='ltr' id='par_1_102' title="bbox 800 5644 2381 5718">
     <span class='ocr_line' id='line_1_102' title="bbox 800 5644 2381 5718; baseline -0.007 -11"><span class='ocrx_word' id='word_1_710' title='bbox 800 5655 933 5707; x_wconf 80' lang='lat' dir='ltr'><strong>sunt</strong></span> <span class='ocrx_word' id='word_1_711' title='bbox 967 5647 1062 5702; x_wconf 85' lang='lat' dir='ltr'><strong>ﬁlii</strong></span> <span class='ocrx_word' id='word_1_712' title='bbox 1090 5648 1395 5711; x_wconf 88' lang='lat' dir='ltr'><strong>hominum,</strong></span> <span class='ocrx_word' id='word_1_713' title='bbox 1420 5649 1513 5718; x_wconf 88' lang='lat' dir='ltr'><strong>qui</strong></span> <span class='ocrx_word' id='word_1_714' title='bbox 1556 5648 1849 5701; x_wconf 89' lang='lat' dir='ltr'><strong>vanitatem</strong></span> <span class='ocrx_word' id='word_1_715' title='bbox 1879 5644 2001 5699; x_wconf 71' lang='lat' dir='ltr'><strong>vita:</strong></span> <span class='ocrx_word' id='word_1_716' title='bbox 2032 5644 2285 5715; x_wconf 88' lang='lat' dir='ltr'><strong>diligunt,</strong></span> <span class='ocrx_word' id='word_1_717' title='bbox 2318 5657 2381 5696; x_wconf 87' lang='lat' dir='ltr'><strong>ac</strong></span> 
     </span>
    </p>
   </div>
   <div class='ocr_carea' id='block_1_103' title="bbox 714 5730 2382 5813">
    <p class='ocr_par' dir='ltr' id='par_1_103' title="bbox 714 5730 2382 5813">
     <span class='ocr_line' id='line_1_103' title="bbox 714 5730 2382 5813; baseline -0.005 -16"><span class='ocrx_word' id='word_1_718' title='bbox 714 5730 727 5741; x_wconf 73' lang='grc'><em>’</em></span> <span class='ocrx_word' id='word_1_719' title='bbox 801 5745 1058 5813; x_wconf 77' lang='lat' dir='ltr'><strong>ignorant</strong></span> <span class='ocrx_word' id='word_1_720' title='bbox 1085 5758 1204 5813; x_wconf 63' lang='lat' dir='ltr'><strong>quae</strong></span> <span class='ocrx_word' id='word_1_721' title='bbox 1231 5758 1359 5798; x_wconf 82' lang='lat' dir='ltr'><strong>vere</strong></span> <span class='ocrx_word' id='word_1_722' title='bbox 1388 5742 1529 5797; x_wconf 91' lang='lat' dir='ltr'><strong>bona</strong></span> <span class='ocrx_word' id='word_1_723' title='bbox 1561 5742 1690 5807; x_wconf 86' lang='lat' dir='ltr'><strong>sint,</strong></span> <span class='ocrx_word' id='word_1_724' title='bbox 1714 5748 1770 5795; x_wconf 91' lang='lat' dir='ltr'><strong>et</strong></span> <span class='ocrx_word' id='word_1_725' title='bbox 1806 5755 1925 5794; x_wconf 86' lang='lat' dir='ltr'><strong>cum</strong></span> <span class='ocrx_word' id='word_1_726' title='bbox 1958 5754 2135 5807; x_wconf 90' lang='lat' dir='ltr'><strong>neque</strong></span> <span class='ocrx_word' id='word_1_727' title='bbox 2161 5743 2382 5807; x_wconf 78' lang='lat' dir='ltr'><strong>sperent</strong></span> 
     </span>
    </p>
   </div>
   <div class='ocr_carea' id='block_1_104' title="bbox 801 5829 2380 5907">
    <p class='ocr_par' dir='ltr' id='par_1_104' title="bbox 801 5829 2380 5907">
     <span class='ocr_line' id='line_1_104' title="bbox 801 5829 2380 5907; baseline -0.008 -16"><span class='ocrx_word' id='word_1_728' title='bbox 801 5853 980 5907; x_wconf 88' lang='lat' dir='ltr'><strong>neque</strong></span> <span class='ocrx_word' id='word_1_729' title='bbox 1015 5837 1241 5891; x_wconf 83' lang='lat' dir='ltr'><strong>credant</strong></span> <span class='ocrx_word' id='word_1_730' title='bbox 1268 5854 1329 5891; x_wconf 79' lang='lat' dir='ltr'><strong>ca</strong></span> <span class='ocrx_word' id='word_1_731' title='bbox 1369 5852 1428 5892; x_wconf 89' lang='lat' dir='ltr'><strong>se</strong></span> <span class='ocrx_word' id='word_1_732' title='bbox 1467 5836 1685 5892; x_wconf 76' lang='lat' dir='ltr'><strong>visuros</strong></span> <span class='ocrx_word' id='word_1_733' title='bbox 1718 5848 1983 5903; x_wconf 89' lang='lat' dir='ltr'><strong>unquam,</strong></span> <span class='ocrx_word' id='word_1_734' title='bbox 2016 5831 2169 5885; x_wconf 89' lang='lat' dir='ltr'><strong>aiunt</strong></span> <span class='ocrx_word' id='word_1_735' title='bbox 2204 5849 2214 5885; x_wconf 93' lang='lat'><strong>:</strong></span> <span class='ocrx_word' id='word_1_736' title='bbox 2248 5829 2380 5907; x_wconf 79' lang='lat' dir='ltr'><strong>Quis</strong></span> 
     </span>
    </p>
   </div>
   <div class='ocr_carea' id='block_1_105' title="bbox 802 5922 2379 6007">
    <p class='ocr_par' dir='ltr' id='par_1_105' title="bbox 802 5922 2379 6007">
     <span class='ocr_line' id='line_1_105' title="bbox 802 5922 2379 6007; baseline -0.006 -20"><span class='ocrx_word' id='word_1_737' title='bbox 802 5930 1039 5987; x_wconf 76' lang='lat' dir='ltr'><strong>ostendet</strong></span> <span class='ocrx_word' id='word_1_738' title='bbox 1087 5931 1234 5987; x_wconf 77' lang='lat' dir='ltr'><strong>nobis</strong></span> <span class='ocrx_word' id='word_1_739' title='bbox 1267 5931 1453 6007; x_wconf 57' lang='lat' dir='ltr'><strong>,boua?</strong></span> <span class='ocrx_word' id='word_1_740' title='bbox 1500 5927 1687 5993; x_wconf 82' lang='lat' dir='ltr'><strong>Neque</strong></span> <span class='ocrx_word' id='word_1_741' title='bbox 1730 5928 1874 5985; x_wconf 87' lang='lat' dir='ltr'><strong>enim</strong></span> <span class='ocrx_word' id='word_1_742' title='bbox 1915 5941 1980 5985; x_wconf 86' lang='lat' dir='ltr'><strong>ea</strong></span> <span class='ocrx_word' id='word_1_743' title='bbox 2016 5925 2219 5985; x_wconf 84' lang='lat' dir='ltr'><strong>vident,</strong></span> <span class='ocrx_word' id='word_1_744' title='bbox 2250 5922 2379 5980; x_wconf 82' lang='lat' dir='ltr'><strong>auia</strong></span> 
     </span>
    </p>
   </div>
   <div class='ocr_carea' id='block_1_106' title="bbox 2478 4684 4062 4775">
    <p class='ocr_par' dir='ltr' id='par_1_106' title="bbox 2478 4684 4062 4775">
     <span class='ocr_line' id='line_1_106' title="bbox 2478 4684 4062 4775; baseline -0.013 -17"><span class='ocrx_word' id='word_1_745' title='bbox 2478 4706 2599 4769; x_wconf 86' lang='grc' dir='ltr'>ταῖς</span> <span class='ocrx_word' id='word_1_746' title='bbox 2642 4707 2761 4759; x_wconf 88' lang='grc' dir='ltr'>κατ’</span> <span class='ocrx_word' id='word_1_747' title='bbox 2801 4702 3001 4775; x_wconf 78' lang='grc' dir='ltr'>ἀρετὴν</span> <span class='ocrx_word' id='word_1_748' title='bbox 3040 4697 3293 4770; x_wconf 86' lang='grc' dir='ltr'>πράξεσι.</span> <span class='ocrx_word' id='word_1_749' title='bbox 3337 4692 3448 4747; x_wconf 66' lang='grc' dir='ltr'><strong>Καὶ</strong></span> <span class='ocrx_word' id='word_1_750' title='bbox 3488 4689 3645 4744; x_wconf 83' lang='grc' dir='ltr'>τοῦτο</span> <span class='ocrx_word' id='word_1_751' title='bbox 3691 4687 3825 4742; x_wconf 82' lang='grc' dir='ltr'>πολὺ</span> <span class='ocrx_word' id='word_1_752' title='bbox 3858 4684 4062 4757; x_wconf 81' lang='grc' dir='ltr'>βέλτιον</span> 
     </span>
    </p>
   </div>
   <div class='ocr_carea' id='block_1_107' title="bbox 2478 4782 4061 4872">
    <p class='ocr_par' dir='ltr' id='par_1_107' title="bbox 2478 4782 4061 4872">
     <span class='ocr_line' id='line_1_107' title="bbox 2478 4782 4061 4872; baseline -0.015 -18"><span class='ocrx_word' id='word_1_753' title='bbox 2478 4800 2735 4872; x_wconf 82' lang='grc' dir='ltr'>πράττειν</span> <span class='ocrx_word' id='word_1_754' title='bbox 2851 4794 3162 4870; x_wconf 80' lang='grc' dir='ltr'>ὀργίζεσθαι</span> <span class='ocrx_word' id='word_1_755' title='bbox 3197 4792 3292 4847; x_wconf 74' lang='grc' dir='ltr'><strong>καὶ</strong></span> <span class='ocrx_word' id='word_1_756' title='bbox 3344 4787 3572 4849; x_wconf 74' lang='grc' dir='ltr'>ἑαυτοὺς</span> <span class='ocrx_word' id='word_1_757' title='bbox 3619 4782 3853 4837; x_wconf 78' lang='grc' dir='ltr'>ἐκδικεῖν</span> <span class='ocrx_word' id='word_1_758' title='bbox 3891 4796 4061 4832; x_wconf 85' lang='grc' dir='ltr'>σπου-</span> 
     </span>
    </p>
   </div>
   <div class='ocr_carea' id='block_1_108' title="bbox 2478 4872 4059 4963">
    <p class='ocr_par' dir='ltr' id='par_1_108' title="bbox 2478 4872 4059 4963">
     <span class='ocr_line' id='line_1_108' title="bbox 2478 4872 4059 4963; baseline -0.014 -16"><span class='ocrx_word' id='word_1_759' title='bbox 2478 4895 2676 4961; x_wconf 77' lang='grc' dir='ltr'>δάζειν.</span> <span class='ocrx_word' id='word_1_760' title='bbox 2730 4892 2820 4947; x_wconf 81' lang='grc' dir='ltr'>Διὸ</span> <span class='ocrx_word' id='word_1_761' title='bbox 2867 4892 2931 4963; x_wconf 83' lang='grc' dir='ltr'>δὴ</span> <span class='ocrx_word' id='word_1_762' title='bbox 2960 4891 3053 4944; x_wconf 68' lang='grc' dir='ltr'>καὶ</span> <span class='ocrx_word' id='word_1_763' title='bbox 3099 4886 3280 4949; x_wconf 77' lang='grc' dir='ltr'>αὐτὸς,</span> <span class='ocrx_word' id='word_1_764' title='bbox 3332 4879 3735 4939; x_wconf 72' lang='grc' dir='ltr'>ἐπαναστάντος</span> <span class='ocrx_word' id='word_1_765' title='bbox 3767 4874 3861 4928; x_wconf 89' lang='grc' dir='ltr'><strong>τοῦ</strong></span> <span class='ocrx_word' id='word_1_766' title='bbox 3916 4872 4059 4935; x_wconf 85' lang='grc' dir='ltr'>υίοῦ,</span> 
     </span>
    </p>
   </div>
   <div class='ocr_carea' id='block_1_109' title="bbox 2482 4968 4063 5060">
    <p class='ocr_par' dir='ltr' id='par_1_109' title="bbox 2482 4968 4063 5060">
     <span class='ocr_line' id='line_1_109' title="bbox 2482 4968 4063 5060; baseline -0.013 -18"><span class='ocrx_word' id='word_1_767' title='bbox 2482 4988 2610 5060; x_wconf 73' lang='grc' dir='ltr'>περὶ</span> <span class='ocrx_word' id='word_1_768' title='bbox 2663 4989 2823 5041; x_wconf 70' lang='grc' dir='ltr'>τοῦτο</span> <span class='ocrx_word' id='word_1_769' title='bbox 2871 4985 3030 5055; x_wconf 85' lang='grc' dir='ltr'>μόνον</span> <span class='ocrx_word' id='word_1_770' title='bbox 3085 4977 3395 5034; x_wconf 82' lang='grc' dir='ltr'>ἐσπούδασα</span> <span class='ocrx_word' id='word_1_771' title='bbox 3445 4975 3537 5030; x_wconf 82' lang='grc' dir='ltr'><strong>διὰ</strong></span> <span class='ocrx_word' id='word_1_772' title='bbox 3582 4968 3928 5042; x_wconf 84' lang='grc' dir='ltr'>δικαιοσύνης</span> <span class='ocrx_word' id='word_1_773' title='bbox 3971 4968 4063 5022; x_wconf 73' lang='grc' dir='ltr'><strong>τὸν</strong></span> 
     </span>
    </p>
   </div>
   <div class='ocr_carea' id='block_1_110' title="bbox 2480 5064 4063 5149">
    <p class='ocr_par' dir='ltr' id='par_1_110' title="bbox 2480 5064 4063 5149">
     <span class='ocr_line' id='line_1_110' title="bbox 2480 5064 4063 5149; baseline -0.011 -14"><span class='ocrx_word' id='word_1_774' title='bbox 2480 5083 2611 5135; x_wconf 83' lang='grc' dir='ltr'>Θεὸν</span> <span class='ocrx_word' id='word_1_775' title='bbox 2655 5080 3032 5149; x_wconf 83' lang='grc' dir='ltr'>ἱλασκόμενος·</span> <span class='ocrx_word' id='word_1_776' title='bbox 3084 5074 3226 5138; x_wconf 84' lang='grc' dir='ltr'>ὅθεν,</span> <span class='ocrx_word' id='word_1_777' title='bbox 3268 5072 3370 5127; x_wconf 82' lang='grc' dir='ltr'>Ἐν</span> <span class='ocrx_word' id='word_1_778' title='bbox 3408 5068 3489 5135; x_wconf 80' lang='grc' dir='ltr'>τῷ</span> <span class='ocrx_word' id='word_1_779' title='bbox 3528 5064 3945 5121; x_wconf 72' lang='grc' dir='ltr'>ἐπικαλεῖσθαί</span> <span class='ocrx_word' id='word_1_780' title='bbox 3964 5080 4063 5149; x_wconf 80' lang='grc' dir='ltr'><strong>με</strong></span> 
     </span>
    </p>
   </div>
   <div class='ocr_carea' id='block_1_111' title="bbox 2479 5148 4058 5243">
    <p class='ocr_par' dir='ltr' id='par_1_111' title="bbox 2479 5148 4058 5243">
     <span class='ocr_line' id='line_1_111' title="bbox 2479 5148 4058 5243; baseline -0.012 -14"><span class='ocrx_word' id='word_1_781' title='bbox 2479 5172 2809 5242; x_wconf 78' lang='grc' dir='ltr'>εἰσήκουσέ</span> <span class='ocrx_word' id='word_1_782' title='bbox 2836 5148 2955 5243; x_wconf 64' lang='grc' dir='ltr'><strong>μου</strong></span> <span class='ocrx_word' id='word_1_783' title='bbox 2980 5173 3012 5225; x_wconf 83' lang='grc' dir='ltr'><em>ὁ</em></span> <span class='ocrx_word' id='word_1_784' title='bbox 3044 5165 3186 5233; x_wconf 84' lang='grc' dir='ltr'>Θεὸς</span> <span class='ocrx_word' id='word_1_785' title='bbox 3228 5162 3335 5232; x_wconf 82' lang='grc' dir='ltr'>τῆς</span> <span class='ocrx_word' id='word_1_786' title='bbox 3380 5161 3768 5227; x_wconf 73' lang='grc' dir='ltr'>δικαιοσύνης</span> <span class='ocrx_word' id='word_1_787' title='bbox 3789 5176 3927 5229; x_wconf 84' lang='grc' dir='ltr'>μου,</span> <span class='ocrx_word' id='word_1_788' title='bbox 3946 5148 4058 5223; x_wconf 70' lang='grc' dir='ltr'>καὶ,</span> 
     </span>
    </p>
   </div>
   <div class='ocr_carea' id='block_1_112' title="bbox 2480 5248 4059 5337">
    <p class='ocr_par' dir='ltr' id='par_1_112' title="bbox 2480 5248 4059 5337">
     <span class='ocr_line' id='line_1_112' title="bbox 2480 5248 4059 5337; baseline -0.014 -15"><span class='ocrx_word' id='word_1_789' title='bbox 2480 5270 2549 5322; x_wconf 84' lang='grc' dir='ltr'>ἐν</span> <span class='ocrx_word' id='word_1_790' title='bbox 2584 5268 2787 5337; x_wconf 65' lang='grc' dir='ltr'>θλίψει</span> <span class='ocrx_word' id='word_1_791' title='bbox 2826 5258 3172 5326; x_wconf 71' lang='grc' dir='ltr'>ἑπλάτυνάς</span> <span class='ocrx_word' id='word_1_792' title='bbox 3211 5273 3345 5327; x_wconf 78' lang='grc' dir='ltr'>μοι·</span> <span class='ocrx_word' id='word_1_793' title='bbox 3398 5254 3623 5326; x_wconf 82' lang='grc' dir='ltr'>ἐπειδὴ,</span> <span class='ocrx_word' id='word_1_794' title='bbox 3656 5251 3822 5315; x_wconf 87' lang='grc' dir='ltr'>θύσας</span> <span class='ocrx_word' id='word_1_795' title='bbox 3871 5248 4059 5303; x_wconf 87' lang='grc' dir='ltr'>θυσίαν</span> 
     </span>
    </p>
   </div>
   <div class='ocr_carea' id='block_1_113' title="bbox 2482 5338 3827 5431">
    <p class='ocr_par' dir='ltr' id='par_1_113' title="bbox 2482 5338 3827 5431">
     <span class='ocr_line' id='line_1_113' title="bbox 2482 5338 3827 5431; baseline -0.013 -15"><span class='ocrx_word' id='word_1_796' title='bbox 2482 5359 2850 5431; x_wconf 86' lang='grc' dir='ltr'>δικαιοσύνης,</span> <span class='ocrx_word' id='word_1_797' title='bbox 2879 5358 2965 5410; x_wconf 77' lang='grc' dir='ltr'>ἐπ’</span> <span class='ocrx_word' id='word_1_798' title='bbox 3002 5352 3163 5407; x_wconf 82' lang='grc' dir='ltr'>αὑτὸν</span> <span class='ocrx_word' id='word_1_799' title='bbox 3196 5351 3423 5424; x_wconf 67' lang='grc' dir='ltr'>ἤλπισα.</span> <span class='ocrx_word' id='word_1_800' title='bbox 3551 5426 3556 5431; x_wconf 29' lang='grc'>.</span> <span class='ocrx_word' id='word_1_801' title='bbox 3822 5338 3827 5343; x_wconf 68' lang='grc'><em>’</em></span> 
     </span>
    </p>
   </div>
   <div class='ocr_carea' id='block_1_114' title="bbox 2552 5426 4059 5520">
    <p class='ocr_par' dir='ltr' id='par_1_114' title="bbox 2552 5426 4059 5520">
     <span class='ocr_line' id='line_1_114' title="bbox 2552 5426 4059 5520; baseline -0.016 -11"><span class='ocrx_word' id='word_1_802' title='bbox 2552 5426 3095 5520; x_wconf 53' lang='grc' dir='ltr'>ΠοΜοὶάἐγουσιν·</span> <span class='ocrx_word' id='word_1_803' title='bbox 3136 5447 3229 5513; x_wconf 86' lang='grc' dir='ltr'>Τίς</span> <span class='ocrx_word' id='word_1_804' title='bbox 3261 5445 3442 5509; x_wconf 78' lang='grc' dir='ltr'>δείξει</span> <span class='ocrx_word' id='word_1_805' title='bbox 3463 5426 3608 5513; x_wconf 68' lang='grc' dir='ltr'>ἡμῖν</span> <span class='ocrx_word' id='word_1_806' title='bbox 3630 5435 3856 5510; x_wconf 55' lang='grc' dir='ltr'>ἀγαθὼ</span> <span class='ocrx_word' id='word_1_807' title='bbox 3878 5433 4059 5488; x_wconf 66' lang='grc' dir='ltr'>Ἄλλοι</span> 
     </span>
    </p>
   </div>
   <div class='ocr_carea' id='block_1_115' title="bbox 2488 5523 4054 5618">
    <p class='ocr_par' dir='ltr' id='par_1_115' title="bbox 2488 5523 4054 5618">
     <span class='ocr_line' id='line_1_115' title="bbox 2488 5523 4054 5618; baseline -0.028 1"><span class='ocrx_word' id='word_1_808' title='bbox 2488 5545 2786 5618; x_wconf 68' lang='grc' dir='ltr'>μὲννφησὶν</span> <span class='ocrx_word' id='word_1_809' title='bbox 2807 5585 2821 5609; x_wconf 73' lang='grc' dir='ltr'><strong>ν</strong></span> <span class='ocrx_word' id='word_1_810' title='bbox 2849 5542 3024 5605; x_wconf 76' lang='grc' dir='ltr'>ἄλλως</span> <span class='ocrx_word' id='word_1_811' title='bbox 3044 5538 3410 5611; x_wconf 86' lang='grc' dir='ltr'>διανοούμενοι</span> <span class='ocrx_word' id='word_1_812' title='bbox 3436 5578 3449 5600; x_wconf 90' lang='grc'><strong>,</strong></span> <span class='ocrx_word' id='word_1_813' title='bbox 3486 5535 3577 5591; x_wconf 74' lang='grc' dir='ltr'>καὶ</span> <span class='ocrx_word' id='word_1_814' title='bbox 3614 5530 3845 5605; x_wconf 77' lang='grc' dir='ltr'>μάλιστα</span> <span class='ocrx_word' id='word_1_815' title='bbox 3876 5528 3924 5579; x_wconf 85' lang='lat' dir='ltr'><strong>ol</strong></span> <span class='ocrx_word' id='word_1_816' title='bbox 3956 5523 4054 5595; x_wconf 81' lang='grc' dir='ltr'><strong>βα-</strong></span> 
     </span>
    </p>
   </div>
   <div class='ocr_carea' id='block_1_116' title="bbox 2489 5619 4058 5711">
    <p class='ocr_par' dir='ltr' id='par_1_116' title="bbox 2489 5619 4058 5711">
     <span class='ocr_line' id='line_1_116' title="bbox 2489 5619 4058 5711; baseline -0.016 -18"><span class='ocrx_word' id='word_1_817' title='bbox 2489 5639 2763 5711; x_wconf 83' lang='grc' dir='ltr'>ρυκάρδιοι</span> <span class='ocrx_word' id='word_1_818' title='bbox 2797 5638 2902 5690; x_wconf 68' lang='grc' dir='ltr'>υἱοὶ</span> <span class='ocrx_word' id='word_1_819' title='bbox 2927 5634 3035 5687; x_wconf 89' lang='grc' dir='ltr'><strong>τῶν</strong></span> <span class='ocrx_word' id='word_1_820' title='bbox 3078 5632 3379 5707; x_wconf 87' lang='grc' dir='ltr'>ἀνθρώπων</span> <span class='ocrx_word' id='word_1_821' title='bbox 3404 5672 3418 5694; x_wconf 85' lang='grc'><strong>,</strong></span> <span class='ocrx_word' id='word_1_822' title='bbox 3450 5632 3500 5683; x_wconf 81' lang='grc' dir='ltr'><strong>οἱ</strong></span> <span class='ocrx_word' id='word_1_823' title='bbox 3541 5629 3639 5697; x_wconf 82' lang='grc' dir='ltr'>τὴν</span> <span class='ocrx_word' id='word_1_824' title='bbox 3672 5622 3765 5676; x_wconf 86' lang='grc' dir='ltr'><strong>τοῦ</strong></span> <span class='ocrx_word' id='word_1_825' title='bbox 3811 5619 3926 5691; x_wconf 81' lang='grc' dir='ltr'>βίου</span> 
     </span>
    </p>
   </div>
   <div class='ocr_carea' id='block_1_117' title="bbox 2483 5707 4058 5801">
    <p class='ocr_par' dir='ltr' id='par_1_117' title="bbox 2483 5707 4058 5801">
     <span class='ocr_line' id='line_1_117' title="bbox 2483 5707 4058 5801; baseline -0.01 -14"><span class='ocrx_word' id='word_1_826' title='bbox 2483 5707 2744 5801; x_wconf 74' lang='grc' dir='ltr'>ταιότητα</span> <span class='ocrx_word' id='word_1_827' title='bbox 2781 5728 3123 5799; x_wconf 84' lang='grc' dir='ltr'>ἀγαπῶντες.</span> <span class='ocrx_word' id='word_1_828' title='bbox 3159 5727 3257 5781; x_wconf 80' lang='grc' dir='ltr'><strong>οὐκ</strong></span> <span class='ocrx_word' id='word_1_829' title='bbox 3303 5724 3502 5785; x_wconf 80' lang='grc' dir='ltr'>εἰδότες</span> <span class='ocrx_word' id='word_1_830' title='bbox 3531 5721 3580 5773; x_wconf 79' lang='grc' dir='ltr'>τ’</span> <span class='ocrx_word' id='word_1_831' title='bbox 3611 5712 3822 5785; x_wconf 74' lang='grc' dir='ltr'>ἀληθῶς</span> <span class='ocrx_word' id='word_1_832' title='bbox 3858 5707 4058 5801; x_wconf 69' lang='grc' dir='ltr'><strong>ᾁγᾳθά,</strong></span> 
     </span>
    </p>
   </div>
   <div class='ocr_carea' id='block_1_118' title="bbox 2484 5794 4057 5887">
    <p class='ocr_par' dir='ltr' id='par_1_118' title="bbox 2484 5798 4057 5887">
     <span class='ocr_line' id='line_1_118' title="bbox 2484 5798 4057 5887; baseline -0.017 -10"><span class='ocrx_word' id='word_1_833' title='bbox 2484 5824 2601 5878; x_wconf 73' lang='grc' dir='ltr'>οὐδὲ</span> <span class='ocrx_word' id='word_1_834' title='bbox 2638 5822 2979 5887; x_wconf 77' lang='grc' dir='ltr'>ἐλπίζοντες,</span> <span class='ocrx_word' id='word_1_835' title='bbox 3030 5818 3149 5872; x_wconf 70' lang='grc' dir='ltr'>οὐδὲ</span> <span class='ocrx_word' id='word_1_836' title='bbox 3205 5804 3549 5873; x_wconf 85' lang='grc' dir='ltr'>πιστεύοντες</span> <span class='ocrx_word' id='word_1_837' title='bbox 3583 5806 3753 5860; x_wconf 80' lang='grc' dir='ltr'>ταῦτα</span> <span class='ocrx_word' id='word_1_838' title='bbox 3794 5798 4057 5873; x_wconf 71' lang='grc' dir='ltr'>ὄψεσθαι,</span> 
     </span>
    </p>
   </div>
   <div class='ocr_carea' id='block_1_119' title="bbox 2487 5893 4059 5984">
    <p class='ocr_par' dir='ltr' id='par_1_119' title="bbox 2487 5893 4059 5984">
     <span class='ocr_line' id='line_1_119' title="bbox 2487 5893 4059 5984; baseline -0.016 -8"><span class='ocrx_word' id='word_1_839' title='bbox 2487 5918 2616 5974; x_wconf 63' lang='grc' dir='ltr'>ωαςέ</span> <span class='ocrx_word' id='word_1_840' title='bbox 2638 5936 2647 5947; x_wconf 90' lang='grc'><strong>·</strong></span> <span class='ocrx_word' id='word_1_841' title='bbox 2685 5919 2779 5984; x_wconf 74' lang='grc' dir='ltr'>Τίς</span> <span class='ocrx_word' id='word_1_842' title='bbox 2806 5914 2987 5981; x_wconf 77' lang='grc' dir='ltr'>δείξει</span> <span class='ocrx_word' id='word_1_843' title='bbox 3020 5913 3157 5981; x_wconf 70' lang='grc' dir='ltr'>ἡμῖν</span> <span class='ocrx_word' id='word_1_844' title='bbox 3187 5912 3260 5966; x_wconf 83' lang='grc' dir='ltr'>τὰ</span> <span class='ocrx_word' id='word_1_845' title='bbox 3287 5902 3478 5977; x_wconf 61' lang='grc' dir='ltr'>ἀγαθά</span> <span class='ocrx_word' id='word_1_846' title='bbox 3499 5919 3515 5969; x_wconf 89' lang='grc'><strong><em>;</em></strong></span> <span class='ocrx_word' id='word_1_847' title='bbox 3539 5902 3612 5955; x_wconf 75' lang='grc' dir='ltr'><strong>(ὶύ</strong></span> <span class='ocrx_word' id='word_1_848' title='bbox 3635 5898 3741 5969; x_wconf 72' lang='grc' dir='ltr'>γὰρ</span> <span class='ocrx_word' id='word_1_849' title='bbox 3765 5893 4059 5951; x_wconf 73' lang='grc' dir='ltr'>συνοοῶσιν</span> 
     </span>
    </p>
   </div>
  </div>
