4262 6388
232 480 331 532 m9

1341 472 1849 527 LUMMENTAHIA
1886 471 1949 523 IN
1990 468 2350 542 PSALuos,

3346 470 3447 522 H0

225 589 381 653 αὐτὰ,
403 587 481 658 τῷ
516 588 589 659 μὴ
623 586 1054 655 καταυγάζεσθαι
1086 586 1335 656 τῷνφωτὶ
1373 588 1463 642 τοῦ
1500 584 1793 658 προσώπου
1823 652 1827 659 ι

1894 584 2077 638 vultus
2097 583 2174 637 tui
2200 582 2405 637 lumine
2430 596 2539 636 non
2568 582 2911 637 illustrantur
2938 600 2950 636 :
2976 581 3323 652 quamobrem
3344 582 3449 635 rati

228 697 354 735 σουθ
393 680 474 732 διὸ
600 679 734 749 μόνα
764 680 830 731 τὰ
874 676 1050 747 γεώδη
1082 676 1180 730 ,καὶ
1222 677 1435 750 φθαρτά
1464 677 1827 762 ύπολαμῦἁσι

226 788 405 833 νοντες
430 765 568 823 εἶναι
590 769 789 838 ἀγαθά,
816 769 944 839 περὶ
969 766 1140 821 ταῦτα
1177 758 1528 839 ἀσχολοῦνται
1550 768 1641 820 καὶ
1667 768 1799 821 ταῦ-

225 878 293 915 τα
320 860 756 929 μεταδιώκουσιν.
792 860 853 913 Ei
885 859 940 912 δέ
976 876 1059 921 τις
1088 858 1269 922 αὐτοῖς
1296 860 1421 930 περὶ
1459 859 1565 912 τῶν
1592 856 1797 913 θειοτὲ-

230 973 336 1025 ρων
360 954 453 1005 καὶ
477 952 814 1023 ἐπουρανίων
845 951 1013 1025 λέγοι,
1037 952 1244 1022 ἐρωτᾷν
1271 951 1522 1004 εἰώθασιν
1541 968 1553 980 ⁸
1586 952 1691 1003 Καὶ
1712 951 1814 1012 τίς¹

228 1042 336 1115 ἆρά
368 1048 514 1099 ἐστιν
565 1048 593 1098 ὁ
640 1044 824 1109 δείξων
872 1045 1004 1114 ἡμῖν
1044 1044 1246 1109 ταῦτα;
1289 1044 1428 1096 Ἀλλ’
1460 1046 1653 1097 ἐκεῖνοι
1697 1042 1796 1112 μὲν

226 1135 452 1190 τοιοῦτοί
479 1153 641 1199 τινες.
671 1137 859 1207 Ἡμεῖς
879 1135 935 1188 δὲ
960 1137 1087 1206 παρ’
1108 1130 1187 1198 οἷς
1219 1134 1544 1203 ἐσημειώθη
1576 1132 1640 1185 τὸ
1671 1132 1797 1201 φῶς

224 1225 329 1278 τοῦ
357 1217 679 1293 προσώπου
707 1212 847 1287 σου,
870 1219 918 1278 ὦ
943 1224 1139 1292 Κύριε,
1173 1223 1265 1277 καὶ
1292 1223 1386 1275 τὸν
1431 1220 1668 1285 δείξοντα
1700 1210 1796 1275 καὶ

226 1318 319 1370 τὸν
371 1317 612 1373 δώσοντα
659 1318 789 1388 ἡμῖν
833 1317 971 1371 αύτά
1019 1315 1358 1386 ἐπιστάμεθα
1406 1315 1510 1367 ὑπὸ
1561 1312 1652 1367 τοῦ
1700 1330 1794 1366 σου

226 1409 403 1477 φωτὸς
446 1411 525 1473 είς
562 1409 660 1481 τὴν
691 1409 889 1478 γνῶσιν
921 1408 1098 1461 αὐτῶν
1137 1408 1485 1478 ἐληλυθότες
1530 1407 1795 1473 Ἔδωκας

228 1502 616 1569 εὐφροσύνην
644 1504 730 1568 εις
762 1502 875 1569 τὴν
898 1500 1148 1568 καρδίαν
1170 1507 1310 1568 μουζ
1516 1518 1518 1520 τ

305 1592 440 1647 Ἀπὸ
486 1594 717 1661 καρποῦ
749 1593 857 1647 τοῦ
897 1593 1071 1645 σίτου
1109 1591 1208 1645 καί
1245 1574 1413 1645 οἴνου
1450 1593 1546 1645 καὶ
1586 1592 1795 1647 ἐλαίου

224 1683 423 1736 αὐτῶν
449 1683 935 1751 ἐπληθύνθησαν.
970 1682 1199 1744 Ἐπειδὲ
1234 1682 1499 1753 πολλαχοῦ
1526 1682 1632 1735 τῶν
1655 1684 1796 1753 Γρα-

229 1772 343 1842 φῶν
374 1776 432 1826 ἐν
462 1772 731 1841 εὐλογίαις
765 1777 906 1836 σῖτος
936 1772 1029 1826 καὶ
1061 1767 1198 1834 οἶνος
1224 1774 1337 1833 τοῖς
1383 1772 1556 1840 ἁγίοις
1585 1774 1792 1826 κεῖνται

223 1867 282 1918 ιν
306 1862 625 1935 ἐπαγγελίᾳ,
655 1862 729 1927 ὡς
777 1863 868 1917 τοῦ
913 1851 1153 1919 ἐναντίου
1216 1866 1327 1928 τοῖς
1382 1863 1721 1934 ἁμαρτωλοῖς
1756 1866 1790 1935 ἡ

1901 676 2015 729 sola
2042 684 2257 730 terrena
2288 686 2341 729 et
2370 675 2743 747 corruptibilia
2776 675 2915 729 bona
2943 690 3083 736 esse,
3113 674 3180 728 iis
3210 673 3446 738 student,

1898 782 1958 821 ea
2005 750 2433 837 persequuntur;
2462 768 2617 834 Quod
2662 768 2709 822 si
2750 768 2873 837 quis
2908 782 3001 821 eos
3042 767 3109 821 de
3150 766 3348 821 divinis
3385 782 3449 821 ac

1898 858 2213 913 ccelestibus
2265 860 2592 928 alloquatur,
2642 874 2834 929 rogare
2886 858 3104 915 solent:
3142 857 3274 923 Quis
3321 874 3449 928 ergo

1896 957 1981 1003 est
2007 950 2099 1019 qui
2146 951 2259 1004 haec
2300 951 2549 1005 ostendet
2599 950 2793 1005 nobis?
2822 949 2898 1003 Eo
2951 950 3027 1001 illi
3074 950 3231 1003 modo
3274 948 3449 1004 allecti

1897 1050 2043 1097 sunt.
2079 1040 2190 1099 Nos
2228 1059 2357 1098 vero
2387 1042 2532 1113 apud
2560 1058 2699 1113 quos
2728 1045 2993 1112 signatum
3020 1050 3096 1095 est
3127 1042 3294 1095 lumen
3335 1042 3449 1095 vul-

1898 1141 1981 1186 lus
2009 1135 2106 1198 tui,
2138 1133 2377 1197 Domine,
2413 1135 2505 1204 qui
2533 1136 2735 1189 lumine
2768 1141 2861 1187 tuo
2894 1132 3147 1186 illustrati
3183 1132 3235 1185 in
3260 1148 3445 1215 eorum

1894 1226 2256 1295 cognitionem
2292 1226 2556 1289 venimus,
2587 1218 2756 1296 probe
2787 1226 2991 1281 scimus
3021 1233 3073 1277 et
3108 1224 3229 1293 quis
3264 1232 3445 1279 osten-

1894 1312 1988 1367 dat
2015 1322 2069 1368 et
2101 1315 2225 1387 quis
2258 1314 2500 1371 conferat
2530 1315 2621 1369 illa
2655 1334 2668 1368 :
2705 1313 2908 1368 Dedisti
2946 1311 3185 1381 (mlitiam
3213 1312 3266 1364 in
3295 1311 3449 1365 corde

1894 1422 2025 1459 ηιεο.
2056 1418 2066 1427 ’

1962 1579 2128 1637 Vnus.
2158 1581 2211 1636 8.
2247 1581 2293 1635 Α
2320 1583 2496 1651 fructu
2534 1582 2806 1651 frumenti,
2846 1584 2952 1637 vini
2977 1594 3025 1637 et
3056 1582 3158 1637 olei
3194 1582 3278 1637 sui
3311 1581 3451 1635 mul-

1895 1672 2117 1739 tiplicati
2161 1683 2305 1727 sunt.
2352 1672 2490 1737 Quia
2533 1672 2587 1727 in
2633 1674 2818 1727 multis
2861 1672 3265 1741 Scripturarum
3315 1672 3450 1727 locis

1892 1762 2223 1830 frumentum
2264 1769 2317 1817 et
2354 1762 2539 1817 vinum
2585 1762 2727 1816 inter
2767 1762 3156 1833 promissiones
3191 1768 3254 1815 ac
3287 1761 3452 1816 bene-

1892 1852 2159 1907 dictiones
2204 1860 2498 1925 ponuntur,
2527 1860 2691 1922 atque
2718 1868 2783 1906 ex
2818 1852 3043 1906 adverso
3073 1852 3449 1920 peccatoribus

225 1955 427 2007 τούτων
453 1955 733 2025 στέρησις
761 1954 908 2019 ἄξιον
936 1955 1239 2025 ἀποστῆσαι
1265 1955 1362 2024 τῆς
1389 1954 1529 2007 κατά
1554 1954 1613 2006 τὸ
1634 1954 1793 2025 ῥητὸν
1824 1999 1827 2007 ι

1894 1944 2209 1998 eorumdem
2240 1944 2472 2013 privatio
2494 1938 2864 2009 denuntiatur;
2883 1942 2992 2011 jam
3015 1957 3191 2013 Operae
3215 1943 3449 2012 pretium

223 2044 374 2113 ψιλὸν
412 2044 755 2116 ὑπολήψεως,
790 2044 917 2107 τούς
942 2063 1000 2097 τε
1039 2045 1451 2118 ἀκεραιοτέρους
1485 2044 1592 2097 τῶν
1633 2062 1791 2097 πεπι-

225 2138 549 2198 πευκότιειν,
579 2137 675 2190 καὶ
697 2138 827 2200 τοὺς.
867 2137 953 2193 διὰ
997 2137 1096 2207 τὴν
1151 2136 1445 2207 μικρότητα
1474 2136 1573 2206 τῆς
1623 2137 1793 2204 ἐπαγ-

223 2228 406 2296 γελίας
435 2228 606 2298 ἑτέρῳ
631 2226 748 2297 Θεῷ
780 2226 1236 2298 ἀναπλαττομένῳ
1272 2226 1363 2279 ὑπ’
1391 2227 1569 2279 αὐτῶν
1606 2226 1791 2296 βουλο-

226 2320 422 2389 μένους
460 2322 813 2391 προσωνεῖνο
868 2318 964 2372 καὶ
1014 2318 1389 2389 φιλοτιμητέον
1435 2319 1496 2373 τὸ
1552 2319 1793 2372 ποικίλον

222 2411 328 2463 τῶν
366 2411 693 2481 σωματικῶν
724 2411 1025 2483 βρωμάτων
1063 2411 1355 2479 ἀναγαγεῖν
1384 2411 1475 2465 ἐπὶ
1497 2411 1689 2475 ταῦτα,
1717 2405 1792 2486 ὧν

226 2502 712 2573 μεταλαμϐάνουσα
741 2505 861 2557 κατ’
906 2502 1061 2567 ἀξίαν
1093 2504 1294 2574 ἑκάστη
1334 2502 1477 2575 ψυχὴ
1511 2504 1793 2572 άγιάζεταί

225 2610 281 2645 τε
315 2583 409 2647 καὶ
432 2594 646 2648 εύεκτεῖ
676 2596 769 2648 καὶ
800 2596 1213 2665 ίσχυροποιεῖται
1253 2596 1389 2667 πρὸς
1420 2597 1482 2651 τὸ
1534 2597 1791 2652 δύνασθαι

222 2679 288 2732 τὰ
328 2680 685 2735 ἐπιϐάλλοντα
716 2683 849 2754 αὐτῇ
900 2681 1035 2754 ἔργα
1083 2685 1366 2739 ἐπιτελεῖν·
1393 2686 1533 2755 Ἐγὼ
1565 2688 1620 2741 δὲ
1639 2685 1791 2758 οἶμαι

225 2772 361 2825 αὐτὰ
386 2774 482 2825 κει)⁵
514 2776 594 2836 είς
616 2773 705 2826 τὸν
739 2774 999 2844 μέλλοντα
1020 2775 1205 2830 αἰῶνα
1230 2777 1542 2844 ἀνάγεσθαι.
1571 2780 1680 2831 Kal
1706 2780 1792 2833 ἵνα

228 2865 301 2932 μὴ
332 2864 459 2933 περὶ
505 2862 613 2916 τῶν
654 2864 983 2945 τηλικούτων
1024 2866 1354 2938 ἀμαρτύρως
1384 2867 1619 2938 δόξωμεν
1658 2870 1791 2921 ἀπο-

224 2953 530 3020 φαίνεσθαι,
567 2954 787 3027 ἀρκέσει
838 2958 967 3027 ἡμῖν
1022 2955 1229 3019 Παῦλος
1281 2957 1590 3027 σαφέστατα
1634 2956 1789 3010 τοῦτο

222 3043 485 3098 διδάσκων
532 3046 589 3101 ὲν
609 3050 675 3118 τῇ
710 3046 845 3117 πρὸς
870 3046 1258 3117 Φιλιππησίους
1282 3046 1563 3114 Ἐπιστολῇ
1584 3046 1752 3112 οὕτως
1770 3063 1785 3079 ·

221 3136 323 3204 Μὴ
347 3133 461 3191 οὗν
490 3154 579 3205 τις
608 3136 763 3208 ὑμᾶς
785 3138 1028 3209 κρινέτω
1063 3139 1135 3192 ἐν
1159 3139 1384 3207 ,ϐρώσει
1414 3139 1453 3207 ἢ
1490 3139 1561 3193 ὲν
1593 3140 1784 3205 πόσει,

222 3228 261 3297 ἢ
285 3228 354 3281 ὲν
372 3228 539 3298 μέρει
571 3228 836 3299 ἐορτῆςῆ
863 3232 1190 3301 νουμηνίας
1215 3229 1554 3287 σαϐϐάτων·
1583 3231 1622 3287 ἅ
1657 3232 1789 3288 ἐστι

223 3322 365 3376 σκιὰ
383 3322 503 3376 τῶν
518 3324 892 3393 μελλόντων.
1162 3380 1167 3385 ,
1668 3332 1671 3335 ‘
1702 3322 1705 3323 ⁷

303 3505 397 3557 Ἐν
445 3501 652 3573 εἰρήνῃ
702 3503 800 3556 ἐπὶ
858 3503 928 3557 τὸ
985 3502 1131 3556 αὐτὸ
1192 3504 1623 3572 κοιμηθήσομαι
1687 3505 1785 3559 καὶ

222 3592 507 3655 ῠπνώσω,
548 3593 638 3649 ὅτι
669 3592 771 3657 σὺ,
809 3594 1013 3661 Κύριε,
1049 3591 1197 3646 κατὰ
1232 3593 1421 3662 μόνας
1459 3594 1550 3645 ἐπ’
1588 3594 1790 3648 ἐλπίδι

226 3683 559 3751 κατῴκισάς
579 3699 672 3753 με.
704 3684 887 3737 Ἔοικε
912 3682 1099 3753 δηλοῦν
1126 3683 1223 3753 τὴν
1252 3683 1460 3754 ἀόλαδῆ
1481 3683 1662 3737 ἄνεσιν
1693 3686 1785 3738 καὶ

224 3774 529 3828 ἀνάπαυσιν
558 3772 656 3844 τῆς
686 3773 885 3844 ψυχῆς,
917 3770 1218 3847 συμφώνως
1244 3772 1322 3844 τῷ
1339 3772 1464 3843 θείῳ
1496 3772 1639 3844 λόγῳ
1665 3777 1785 3827 ἐσο-

226 3865 391 3936 μένην
436 3864 574 3936 μετά
615 3862 713 3929 τὰς
755 3862 890 3935 πρὸς
936 3862 1003 3917 τὰ
1047 3862 1303 3916 κάλλιστα
1350 3862 1596 3935 θεωρίας.
1635 3862 1785 3934 Τάχα

223 3958 327 4029 γὰρ
358 3958 417 4012 ὃν
442 3957 643 4030 τρόπον
672 3956 826 4017 ,κατά
860 3956 921 4009 τὸ
965 3957 1123 4028 σῶμα
1155 3957 1415 4027 φαγόντες
1453 3958 1546 4009 καὶ
1574 3955 1785 4018 πιόντες

223 4049 459 4125 ἀνέσεως
476 4047 704 4121 δεόμεθα
728 4048 828 4119 τῆς
849 4049 989 4103 κατά
1020 4050 1109 4103 τὸν
1134 4049 1323 4103 ὕπνον
1354 4048 1524 4112 οῦτως
1558 4048 1617 4101 ού
1652 4047 1785 4101 πάν-

222 4156 346 4193 τοτε
380 4138 651 4210 δυναμένη
674 4139 916 4209 διαρκεῖν
946 4141 979 4210 ἡ
1012 4140 1156 4212 ψυχὴ
1193 4142 1329 4211 πρὸς
1356 4140 1417 4194 τὸ
1453 4139 1695 4210 θεωρεῖν,
1727 4140 1784 4191 ἐν

224 4231 399 4303 καιρῷ
425 4229 719 4294 ἐνατενίζει
747 4233 857 4293 τοῖς
898 4230 1039 4284 κατά
1081 4220 1179 4302 τὴν
1212 4231 1410 4301 ἑαυτῆς
1450 4231 1673 4301 δύναμιν
1706 4228 1784 4300 τῷ

222 4325 507 4395 αὐτάρκει·
534 4318 651 4376 εἶτα
689 4322 1040 4376 διανάπαυσιν
1074 4322 1352 4395 ἡγούμεθα
1385 4323 1670 4393 δηλοῦσθαι
1697 4323 1785 4393 διά

221 4413 312 4468 τοῦ
335 4432 350 4444 ·
398 4413 503 4467 Ἑν
545 4409 751 4480 είρήνῃ
786 4410 883 4463 ἐπὶ
922 4410 990 4464 τὸ
1027 4414 1171 4466 αὐτὸ
1210 4414 1642 4489 κοιμηθήσομαι
1683 4414 1781 4468 καὶ

223 4503 497 4561 eam“.
1214 4502 1215 4505 ‘

299 4680 528 4735 Ἐκεῖνοι
571 4680 689 4753 μὲν,
722 4681 905 4752 φησὶν,
938 4680 987 4732 oi
1039 4680 1225 4733 πολλοὶ
1281 4682 1373 4735 ἅτε
1421 4682 1485 4753 δὴ
1524 4684 1778 4739 πλατεῖαν

223 4772 311 4823 καὶ
341 4770 655 4842 εὐρύχωρον
689 4769 980 4834 ὁδεύοντες,
1013 4769 1077 4822 δι’
1104 4765 1172 4841 ἦς
1197 4772 1246 4823 οἱ
1277 4770 1458 4824 πολλοὶ
1486 4773 1779 4844 βαδίζουσι,

220 4861 314 4915 οὐκ
337 4862 556 4928 ἐλπίζον
570 4862 669 4928 τες,
708 4863 792 4927 τίς
821 4860 981 4927 δείξει
1011 4861 1194 4925 αὐτοῖς
1227 4862 1294 4915 τὰ
1334 4863 1473 4916 κατά
1526 4863 1780 4935 ἀλήθειαν

221 4952 414 5021 ἀγαθὰ,
447 4957 505 5007 ἐν
532 4954 659 5026 οἴνῳ
687 4956 779 5010 καὶ
812 4954 973 5026 ἐλαίῳ
1014 4954 1107 5008 καὶ
1138 4954 1270 5025 σίτῳ
1302 4954 1678 5027 πληθύνοντες,
1704 4958 1779 5022 ὡς

219 5038 436 5111 ἀγαθῶν
468 5045 671 5102 τούτων
703 5047 993 5101 ἀπολαύειν
1015 5045 1271 5117 ⁴ἡγοῦνται
1290 5063 1304 5077 ο
1334 5048 1456 5116 ἐμοὶ
1494 5046 1551 5101 δὲ
1571 5047 1648 5118 τῷ
1677 5067 1776 5102 κα-

220 5134 538 5209 ταξιωμένῳ
577 5122 672 5192 τοῦ
716 5139 899 5209 φωτὸς
934 5137 1026 5193 τοῦ
1070 5135 1355 5210 προσώπου
1399 5154 1521 5202 σου,
1571 5138 1773 5210 Κύριε,

221 5221 422 5289 ἔδωκας
456 5226 790 5299 εὐφροσύνην
820 5226 1074 5299 καρδίας·
1103 5226 1215 5281 ἀλλ’
1247 5225 1365 5279 οὐδὲ
1398 5225 1615 5297 σαρκῶν
1655 5227 1778 5284 οὐδὲ,

223 5316 505 5387 σωμάτων,
538 5318 631 5372 καὶ
663 5320 724 5373 οὺ
750 5320 849 5391 τὴν
888 5319 950 5385 ἐξ
983 5320 1124 5374 οίνου
1150 5319 1243 5374 καὶ
1276 5317 1419 5371 σίτου
1462 5318 1555 5373 καὶ
1595 5317 1773 5373 ἐλαίου

221 5409 430 5481 σώμασι
487 5412 932 5491 χορηγουμένην,
975 5412 1088 5467 ἀλλ’
1122 5411 1452 5484 εὐφροσύνην
1494 5410 1593 5482 τὴν
1636 5412 1776 5467 κατά

220 5499 475 5555 διάνοιαν.
514 5499 719 5553 Μαθὼν
763 5502 872 5572 γὰρ
904 5504 1052 5575 παρὰ
1094 5504 1189 5557 τοῦ
1237 5501 1481 5573 Σωτῆρος
1518 5500 1613 5555 καὶ
1665 5502 1775 5557 τῶν

225 5590 328 5644 σῶν
365 5589 725 5661 ἐπαγγελιῶν,
751 5591 855 5657 ὅτι,
895 5594 943 5646 εί
976 5594 1070 5648 καὶ
1100 5595 1169 5647 τά
1216 5594 1447 5665 μάλιστα
1502 5593 1642 5648 κατά
1671 5595 1775 5650 τὸν

223 5676 485 5732 ἐνεστῶτα
521 5676 633 5749 βίον
668 5677 832 5732 λύπαι
860 5696 953 5749 μοι
993 5681 1085 5733 καὶ
1127 5680 1331 5752 θλίψεις
1363 5682 1455 5737 καὶ
1484 5686 1774 5755 πειρασμοὶ

224 5766 310 5819 καὶ
338 5770 685 5833 περιστάσεις
710 5769 769 5823 ού
796 5768 1175 5839 διαλείπουσιν,
1208 5773 1320 5828 ἀλλ’
1350 5774 1498 5828 ἔσται
1533 5791 1621 5845 μοι
1652 5792 1770 5831 και-

289 5878 334 5910 “
370 5880 582 5940 Coloss.
616 5894 689 5945 ιι.
724 5883 819 5950 16,
853 5884 940 5943 17.

1891 2040 1995 2094 est,
2025 2040 2083 2086 ut
2113 2035 2449 2088 credentium
2478 2035 2859 2105 simpliciores,
2888 2048 3099 2089 necnon
3124 2049 3218 2090 eos
3249 2034 3341 2104 qui
3378 2034 3451 2089 ob

1891 2122 2271 2192 promissionis
2323 2126 2640 2179 tenuitatem
2687 2126 2847 2179 deum
2896 2124 3093 2191 alium,
3141 2140 3300 2193 quem
3348 2125 3453 2194 ipsi

1892 2213 1995 2269 sibi
2035 2213 2547 2279 comminiscuntur,
2579 2214 2809 2269 adorare
2840 2215 3050 2280 volunt,
3083 2216 3151 2270 ab
3197 2216 3453 2285 opinione

1892 2315 2054 2376 atque
2086 2306 2359 2361 sententia
2388 2304 2723 2375 hujusmodi,
2759 2320 2823 2359 ex
2856 2306 3049 2361 littera;
3080 2308 3287 2360 vilitate
3319 2322 3452 2362 con-

1892 2407 2067 2471 cepta,
2094 2397 2457 2466 retrahamus.
2490 2396 2556 2451 Et
2584 2411 2795 2452 summo
2820 2396 3036 2465 quidem
3062 2412 3224 2467 opere
3253 2412 3453 2451 curan-

1892 2490 2043 2557 dum,
2074 2485 2139 2544 ut
2164 2491 2345 2544 varios
2375 2490 2497 2544 illos
2527 2490 2838 2559 corporales
2867 2489 3019 2544 cibus
3044 2489 3109 2543 ad
3144 2488 3280 2543 alios
3305 2487 3451 2542 reie-

1892 2597 2098 2645 ramus,
2134 2582 2289 2651 queis
2337 2596 2437 2652 pro
2484 2582 2679 2636 merito
2727 2578 2929 2635 refecta
2977 2580 3160 2640 anima
3203 2596 3449 2650 quaeque,

1890 2680 2077 2726 sancta
2110 2671 2361 2737 ellicitur,
2397 2673 2533 2727 bene
2575 2673 2737 2736 valet,
2769 2672 3019 2742 viresque
3061 2673 3258 2742 accipit
3292 2670 3357 2725 ad
3388 2687 3452 2725 ea

1890 2777 2075 2831 opera,
2107 2779 2227 2832 quae
2272 2764 2356 2817 sui
2408 2762 2569 2817 cilicii
2614 2770 2741 2816 sunt
2786 2763 3150 2832 exsequenda.
3182 2763 3291 2833 Ego
3324 2777 3454 2817 vero

1888 2852 2099 2907 aestimo
2131 2853 2246 2922 ipsa
2276 2853 2436 2907 etiam
2468 2853 2532 2905 ad
2560 2852 2802 2907 futurum
2838 2854 3095 2907 saeculum
3121 2852 3449 2907 reducenda.

1887 2944 1966 2996 Ac
2010 2959 2079 2996 ne
2122 2943 2188 2997 de
2234 2943 2399 2998 tantis
2440 2944 2603 2998 rebus
2643 2944 2924 2998 videamur
2967 2944 3086 2998 sine
3134 2944 3449 2998 testimonio

1889 3034 2211 3088 sententiam
2248 3034 2410 3097 ferre,
2451 3034 2679 3090 sulllciat
2720 3034 2877 3089 nobis
2915 3032 3143 3089 Paulum
3172 3033 3364 3088 alierre
3391 3034 3448 3088 in

1889 3121 2132 3194 Epistola
2185 3125 2250 3180 ad
2302 3125 2681 3197 Pbilippenses
2732 3127 2966 3197 idipsum
3020 3126 3303 3181 docentem
3360 3110 3501 3179 Μελ

1888 3218 2069 3272 verbis
2094 3238 2106 3272 :
2139 3218 2307 3273 Nemo
2332 3236 2419 3273 vos
2440 3219 2642 3288 judicet
2665 3219 2719 3272 in
2745 3218 2879 3283 cibo,
2904 3228 2994 3271 aut
3023 3220 3076 3271 in
3102 3226 3248 3287 potu,
3273 3225 3363 3270 aut
3394 3218 3449 3269 in

1888 3316 2037 3376 parte
2092 3306 2196 3361 diei
2245 3308 2366 3377 festi
2433 3320 2521 3361 aut
2570 3310 2843 3363 neomenia
2908 3306 3277 3372 sabbatorum,
3330 3322 3447 3377 qua:

1889 3407 2010 3453 sunt
2040 3399 2227 3452 umbra
2254 3400 2551 3468 futurorum
2576 3400 2643 3452 ⁵⁸³.

1958 3489 2124 3547 Vatis.
2157 3491 2211 3557 9,
2238 3492 2325 3546 10.
2368 3490 2433 3545 In
2460 3507 2587 3561 pace
2625 3492 2683 3545 in
2718 3490 2947 3560 idipsum
2991 3489 3255 3543 dormiant
3284 3497 3333 3542 et
3362 3505 3449 3545 re-

1886 3583 2188 3652 quiescam;
2226 3584 2475 3653 quoniam
2522 3592 2598 3649 tu,
2629 3582 2870 3649 Domine,
2900 3576 3236 3651 singulariter
3271 3580 3327 3637 in
3357 3595 3446 3649 ape

1886 3674 2206 3728 constituisti
2250 3691 2347 3728 me.
2391 3674 2635 3728 indicare
2665 3673 2880 3729 videtur
2904 3657 3177 3726 innoxiam
3208 3669 3443 3739 quietem

1884 3767 2158 3836 animique
2203 3767 2600 3829 remissionem,
2636 3781 2757 3836 qua:
2799 3775 2922 3836 post
2966 3754 3445 3835 praestantissima-

1883 3874 2003 3913 rum
2033 3868 2211 3914 rerum
2240 3858 2775 3928 contemplationem,
2806 3865 2863 3912 ut
2899 3857 3083 3911 divino
3112 3856 3277 3910 verbo
3306 3870 3442 3910 con-

1882 3952 2049 4018 venit,
2083 3952 2345 4007 sumenda
2368 3960 2473 4007 est.
2499 3951 2754 4007 FortasSe
2780 3940 2925 4006 enim
2950 3950 3091 4006 sicut
3111 3958 3233 4019 post
3260 3948 3442 4003 cibum

1882 4050 2174 4115 potumque
2216 4045 2573 4113 corporalem,
2604 4045 2784 4115 quiete
2821 4042 2913 4096 illa
2955 4058 3176 4117 egemus
3200 4057 3322 4111 qua:
3348 4055 3442 4110 per

1884 4150 2133 4190 somnum
2164 4136 2417 4200 sumitur,
2450 4135 2525 4189 ita
2553 4151 2677 4189 cum
2708 4149 2816 4189 non
2854 4134 3033 4190 valeat
3074 4134 3253 4189 anima
3301 4150 3443 4189 sem-

1882 4243 1977 4297 per
2020 4242 2083 4281 ac
2126 4228 2246 4283 sine
2294 4228 2698 4283 intermissione
2745 4226 3189 4296 contemplationi
3226 4238 3441 4286 vacare,
3523 4240 3527 4246 λ

1867 4318 2032 4373 ’ρετιο
2076 4319 2294 4388 quidem
2340 4326 2583 4387 tempore
2635 4315 2941 4386 spiritualia
2988 4312 3210 4389 respicit
3248 4304 3311 4365 ac
3343 4326 3441 4379 pro

1879 4410 2089 4466 viribus
2137 4408 2486 4481 speculatur;
2522 4407 2715 4464 deinde
2752 4398 2883 4460 vero
2910 4404 3198 4474 requiescit
3229 4420 3243 4457 :
3274 4416 3438 4471 quam

1876 4511 2133 4572 putamus
2159 4502 2401 4572 requiem
2432 4501 2518 4557 his
2547 4497 2840 4570 signiﬁcari
2865 4514 2877 4549 :
2898 4493 2964 4549 In
2984 4510 3109 4563 pace
3133 4496 3190 4548 in
3211 4493 3438 4562 idipsum

1879 4590 2141 4661 dormiam
2168 4603 2218 4647 et
2246 4593 2585 4661 requiescam.
2862 4632 2871 4640 .
3143 4610 3147 4615 -

1950 4684 2029 4739 llli
2059 4693 2227 4750 certe,
2250 4685 2344 4749 ait,
2374 4683 2466 4753 qui
2499 4679 2652 4734 multi
2681 4694 2907 4735 numero
2933 4685 3081 4745 sunt,
3100 4678 3256 4733 multi
3287 4686 3453 4732 nama‘

1864 4794 1988 4849 ique
2031 4779 2089 4833 in
2131 4780 2239 4833 lata
2276 4776 2625 4847 spatiosaque
2652 4774 2739 4828 via
2769 4774 3124 4845 gradiuntur;
3172 4788 3282 4828 non
3313 4785 3436 4840 spe-

1879 4879 2063 4926 rantes
2094 4869 2283 4924 adesse
2308 4865 2638 4936 quempiam,
2669 4868 2762 4936 qui
2786 4868 3036 4923 ostendat
3061 4865 3194 4937 ipsis
3222 4879 3285 4918 ea
3313 4876 3433 4933 qua:

1878 4962 2176 5017 secundum
2204 4958 2283 5013 rei
2307 4958 2595 5014 veritatem
2633 4957 2771 5013 bona
2816 4968 2970 5026 sunt;
3003 4958 3147 5021 vino,
3177 4957 3298 5011 oleo
3347 4960 3432 5007 at—

1876 5068 1983 5123 que
2017 5052 2289 5105 frumento
2315 5047 2597 5105 amuentes
2615 5087 2632 5114 ,
2660 5050 2727 5104 iis
2754 5063 2812 5104 se
2838 5058 3093 5119 tanquam
3121 5060 3245 5101 vere
3272 5045 3432 5100 bonis

1876 5143 1984 5199 frui
2026 5142 2384 5199 arbitrantur.
2439 5143 2569 5199 Mihi
2603 5157 2765 5206 vero,
2799 5155 2961 5211 quem
3004 5140 3208 5195 lumine
3249 5140 3431 5194 vultus

1876 5236 1953 5290 tui
1984 5234 2238 5304 dignatus
2267 5248 2362 5299 es,
2398 5233 2660 5298 Domine,
2699 5233 2883 5287 cordis
2917 5232 3157 5286 laetitiam
3189 5230 3386 5285 dedisti
3412 5247 3427 5295 ;

1875 5344 1984 5383 non
2033 5327 2180 5380 illam
2232 5341 2365 5381 sane
2406 5340 2526 5395 quae
2563 5325 2717 5380 carni
2765 5324 3091 5394 corporique
3141 5322 3426 5390 competit,

1876 5434 2052 5491 neque
2084 5417 2233 5473 illam
2265 5434 2386 5489 quae
2416 5418 2725 5482 frumento,
2754 5417 2882 5471 vino
2948 5424 3002 5470 et
3033 5416 3151 5470 oleo
3179 5412 3426 5476 aﬂ‘ertur,

1874 5511 1969 5569 sed
2021 5508 2261 5564 laetitiam
2308 5524 2428 5581 qua:
2469 5517 2649 5565 mente
2692 5508 3009 5578 percipitur,
3054 5505 3185 5559 Cum
3214 5505 3358 5559 enim
3393 5519 3426 5557 a

1876 5603 2157 5659 Salvatore
2181 5617 2361 5674 exque
2386 5601 2673 5672 promissis
2698 5597 2810 5654 tuis
2835 5597 3180 5659 edidicerim,
3211 5596 3425 5650 etiamsi

1872 5696 2005 5751 mihi
2057 5696 2306 5763 dolores,
2356 5708 2643 5761 aerumna,
2685 5693 3038 5754 tentationes,
3090 5688 3425 5743 calamitates

1873 5788 1931 5844 in
1991 5789 2243 5859 praesenti
2291 5789 2399 5844 vita
2448 5800 2557 5843 non
2608 5784 2898 5849 deﬁciant,
2948 5779 3193 5837 futurum
3245 5790 3424 5833 tamen
