4262 6414
805 504 902 559 lli

1489 494 1752 561 EUSEDII
1790 506 2258 562 C/ESARIENSIS
2296 505 2443 562 OPP.
2484 482 2661 559 PARS
2699 503 2781 556 Ill.
2820 532 2882 542 --
2922 503 3319 560 EXEGETICA.

3870 502 3977 556 HQ

800 627 929 681 mihi
962 634 1169 696 tempus
1201 643 1308 697 quo
1340 643 1369 680 a
1401 642 1624 696 corpore
1673 626 1924 683 decedam
1945 669 1959 692 ,
2006 644 2067 682 ac
2110 630 2163 682 in
2202 642 2332 697 pace

2441 625 2529 703 ρὸς
2560 626 2589 676 6
2607 624 2707 693 τῆς
2728 622 3042 692 ἀπαλλαγῆς
3066 620 3159 673 τοῦ
3183 620 3443 688 σώματος,
3468 619 3588 672 καθ’
3610 619 3666 670 6v
3700 622 3755 670 ἐν
3785 620 3977 689 εἰρήνῃ
4016 688 4019 691 _

798 716 1057 771 dormiam
1080 756 1096 780 ,
1128 727 1179 771 et
1211 734 1239 771 a
1269 733 1492 786 corpore
1520 719 1824 784 liberabor;
1858 736 2146 789 persuasus
2178 723 2334 790 plane

799 821 918 861 sum
956 813 1089 860 tunc
1126 806 1258 860 mihi
1299 806 1483 862 adfore
1504 808 1698 863 laetitiae
1728 808 1883 861 linem
1912 824 1973 863 ac
2000 824 2336 865 consumma-

798 897 997 951 tionem
1024 914 1037 962 ;
1071 911 1192 950 cum
1223 896 1430 952 scilicet
1457 913 1540 953 me
1565 912 1729 967 sopor
1755 899 1842 952 ille
1868 901 2163 969 mortisque
2192 918 2336 956 som-

799 1002 903 1041 nus
932 987 1417 1056 comprehenderit.
1452 988 1601 1041 Tunc
1629 988 1770 1042 enim
1801 997 1859 1042 tu
1894 990 2040 1060 ipse,
2079 989 2331 1051 Domine,

798 1091 885 1131 me
916 1077 1010 1129 tali
1041 1092 1134 1147 spe
1176 1076 1314 1131 bona
1354 1079 1671 1135 instructum
1715 1081 1956 1149 excipies
1997 1088 2049 1134 et
2086 1081 2140 1133 in
2170 1081 2335 1135 coale-

800 1166 975 1239 stibus
998 1168 1368 1224 mansionibus
1397 1170 1705 1225 collocahis.
1733 1170 1966 1225 Observa
1989 1186 2149 1240 porro
2176 1171 2334 1224 etiam

710 1282 713 1285 -
799 1253 903 1307 hoc
934 1254 1052 1308 loco
1080 1254 1489 1324 diapsalmatum
1518 1257 1927 1318 distinctiones,
1958 1274 2075 1327 qua:
2102 1258 2183 1311 vel
2216 1274 2336 1311 sen-

801 1342 985 1396 tentia:
1011 1346 1361 1399 mutationem
1388 1346 1627 1400 indicant
1645 1387 1659 1409 ,
1688 1349 1769 1401 vel
1798 1347 2026 1403 fortasse
2054 1348 2332 1401 melodiam

801 1444 1116 1485 conversam
1135 1473 1150 1498 ,
1182 1432 1295 1487 sive
1326 1434 1557 1504 denique
1587 1435 1919 1505 rhythmum.

871 1602 1118 1666 Asterius
1147 1609 1323 1658 autem
1350 1604 1569 1658 arianus
1595 1604 1737 1657 hunc
1765 1603 2028 1672 psalmum
2060 1605 2139 1658 sic
2169 1619 2335 1672 expo-

802 1692 949 1746 suit:
1002 1690 1211 1757 Quare,
1258 1694 1309 1745 in
1352 1692 1503 1759 ﬁnem
1548 1694 1601 1746 in
1638 1693 1871 1763 hymnis,
1917 1693 2208 1761 inscriptus
2251 1695 2337 1747 hic

799 1782 1039 1851 psalmus
1088 1784 1211 1838 est?
1250 1784 1385 1847 Quia
1426 1784 1594 1854 probe
1634 1786 1830 1852 cmpit,
1867 1798 1928 1836 ac
1963 1783 2128 1853 probe
2173 1783 2335 1836 vitam

800 1874 932 1928 obiit
960 1891 972 1928 :
1005 1874 1083 1929 vel
1104 1915 1118 1939 ,
1146 1874 1271 1943 quia
1298 1874 1734 1947 malejnceperat
1758 1914 1772 1936 ,
1803 1888 1924 1925 cum
1956 1870 2095 1925 Uria:
2120 1887 2335 1925 uxorem

2442 718 2730 786 ποιήσομαι
2760 714 2857 785 τὴν
2883 714 3132 783 κοίμησιν
3167 713 3258 766 καὶ
3286 712 3381 781 τὴν
3412 710 3720 777 ἀπαλλαγὴν
3750 709 3839 763 τοῦ
3871 708 3981 761 σώ-

2442 822 2639 877 ματος’
2687 800 2744 858 εὖ
2782 804 2837 856 δὲ
2872 803 3108 874 ἀκριϐῶς
3138 804 3457 871 πέπεισμαι,
3486 801 3564 853 ὅτι
3597 800 3712 852 τότε
3744 818 3828 869 μοι
3865 817 3980 854 πα-

2411 947 2423 959 ,
2442 898 2623 968 ρέσται
2653 895 2721 949 τὰ
2756 895 2878 965 τέλη
2904 894 3003 964 τῆς
3042 893 3387 965 εὐφροσύνης,
3423 891 3633 945 ἐπειδὰν
3666 893 3697 960 ή
3726 892 3981 960 κοίμησίς

2442 1005 2507 1058 με
2540 985 2815 1057 καταλάϐῃ
2845 986 2938 1038 καὶ
2984 986 3013 1037 6
3060 984 3198 1038 κατὰ
3235 984 3322 1037 τὸν
3365 983 3585 1035 θάνατον
3628 981 3803 1043 ὕπνος.
3836 982 3979 1035 σΤότι

2438 1080 2544 1148 γὰρ
2576 1078 2637 1129 σὺ
2686 1076 2843 1138 αὐτὸς
2880 1078 2927 1139 ὁ,
2978 1075 3169 1145 Κύριε,
3201 1073 3335 1143 μετὰ
3382 1074 3478 1143 τῆς
3519 1064 3723 1141 ἀγαθῆξ
3774 1071 3980 1142 ταύτης

2437 1167 2646 1229 ἐλπίδος
2675 1164 2951 1219 ἀναλαϐών
2985 1182 3049 1234 με
3080 1166 3364 1225 κατοικιεῖς
3399 1166 3455 1216 ἐν
3496 1164 3610 1225 ταῖς
3644 1161 3980 1231 ἐπουρανίοις

2441 1259 2643 1328 μοναῖς.
2674 1256 2982 1326 Σημείωσαι
3002 1255 3057 1306 δὲ
3085 1254 3353 1307 κάνταῦθα
3384 1254 3477 1315 τὰς
3506 1254 3595 1303 ἐπὶ
3624 1255 3730 1313 τοῖς
3759 1251 3983 1319 διαψάλ-

2440 1365 2568 1416 μασι
2606 1346 2901 1408 διαστολὰς,
2933 1348 3047 1415 ἦτοι
3087 1344 3181 1414 τῆς
3221 1344 3451 1406 διανοίας
3494 1344 3636 1395 ἐναλ)
3655 1344 3782 1411 ’γὴν
3819 1359 3984 1411 παρι-

2437 1437 2665 1500 στώσας,
2688 1438 2720 1507 ἢ
2744 1437 2881 1505 τάχα
2903 1436 3197 1507 μεταϐολὴν
3217 1433 3307 1487 τοῦ
3340 1434 3525 1503 μέλους
3556 1432 3982 1496 ἐναλλάττοντος,

2438 1526 2469 1595 ἢ
2504 1527 2591 1578 τὸν
2628 1526 2723 1595 ρυθ
2733 1528 2849 1594 μὸν.

2508 1617 2580 1685 (Ι)
2638 1617 2907 1686 Ἀστέριος
2952 1616 3007 1668 δὲ
3061 1617 3090 1668 6
3132 1617 3377 1685 ἀρειανὸς
3420 1616 3586 1668 οὕτως
3647 1616 3731 1667 τὸν
3770 1613 3982 1683 ψαλμὸν

2439 1707 2756 1778 ἐξηγήσατο·
2787 1706 2882 1758 Διὰ
2911 1706 2982 1767 τί,
3021 1709 3106 1771 είς
3138 1706 3199 1759 τὸ
3234 1707 3405 1771 τέλος
3439 1708 3507 1758 ἐν
3539 1707 3763 1770 ὕπνοις,
3792 1706 3981 1771 ἐπιγέ-

2439 1800 2731 1868 γραπταιὸ
2758 1795 2999 1865 ψαλμός;
3046 1795 3254 1865 Ἐπειδὴ
3290 1796 3465 1858 καλῶς
3495 1797 3591 1865 μὲν
3628 1796 3841 1864 ἤρξατο,
3882 1813 3984 1847 κα-

2440 1888 2545 1950 λῶς
2563 1887 2617 1939 δὲ
2641 1886 2730 1937 τὸν
2762 1884 2872 1953 βίον
2898 1884 3106 1936 ἐτέλεσε
3124 1901 3136 1913 ·
3162 1884 3193 1953 ἢ
3224 1885 3404 1953 ἐπειδὴ
3430 1886 3607 1947 κακιτις
3636 1886 3730 1954 μὲν
3759 1885 3978 1953 ἤρξατο,

800 1965 1105 2019 abluentem
1147 1980 1205 2019 se
1246 1964 1621 2033 conspicatus,
1673 1963 1776 2031 ipsi
1823 1972 2068 2029 stuprum
2121 1963 2336 2028 intulit;

2442 1976 2717 2046 θεωρήσας
2751 1974 2847 2043 τὴν
2888 1972 2980 2025 τοῦ
3028 1973 3222 2043 Οὐρίου
3274 1977 3515 2040 γυναῖκαο
3542 1974 3827 2042 λουομένην
3884 1971 3981 2024 καὶ⁵

799 2055 935 2110 bene
965 2064 1142 2109 autem
1174 2070 1232 2108 se
1264 2055 1429 2124 gessit
1456 2054 1597 2123 quod
1632 2063 1845 2123 peracta
1885 2054 2198 2123 pmnitentia
2232 2056 2335 2106 vita

800 2145 1017 2198 functus
1050 2145 1137 2198 sit.
1172 2143 1431 2213 Ideoque,
1466 2145 1519 2197 in
1547 2144 1857 2213 principium
1892 2144 1945 2196 in
1968 2144 2229 2211 vituperiis
2249 2183 2262 2203 ,
2287 2145 2339 2197 in

803 2237 957 2303 ﬁnem
994 2236 1047 2287 in
1084 2236 1284 2304 hymnis
1322 2235 1552 2289 dicatur.
1588 2233 1835 2288 Psalmus
1870 2234 2057 2293 Davidi
2086 2274 2101 2297 ,
2138 2234 2190 2286 id
2221 2242 2338 2296 est,

800 2328 1127 2397 pmnitentiaa
1179 2341 1375 2396 opera,
1422 2327 1544 2395 quia
1596 2326 1683 2379 ubi
1730 2325 2013 2379 abundauit
2058 2325 2336 2387 delictum,

801 2417 1249 2485 superabundavit
1283 2417 1497 2484 justitia
1543 2419 1611 2473 ⁵¹.
1658 2416 2015 2483 Quamobrem
2061 2418 2176 2470 ait:
2209 2416 2338 2489 Cum

800 2504 1089 2559 invocarem
1114 2507 1376 2560 exaudivit
1402 2522 1480 2558 me
1504 2506 1639 2559 Deus
1654 2506 1879 2574 justitite
1902 2522 2047 2569 mete,
2072 2506 2337 2575 justitiam

802 2609 956 2649 suam
986 2594 1152 2649 David
1184 2597 1550 2665 paenitentiam
1590 2606 1765 2651 vocat.
1802 2594 1945 2650 Vidit
1982 2595 2121 2651 Deus
2151 2612 2339 2651 emun-

801 2682 981 2735 datam
1029 2684 1295 2747 animam,
1338 2685 1661 2753 admisitque
1698 2686 2012 2740 orationem.
2057 2685 2183 2741 Sive
2230 2685 2338 2740 for-

800 2781 946 2827 tasse
975 2774 1101 2841 quia
1130 2774 1184 2827 in
1226 2774 1537 2843 praecedenti
1587 2774 1812 2845 psalmo,
1866 2791 1988 2830 cum
2044 2776 2113 2831 ab
2163 2776 2337 2830 Absa-

802 2865 926 2919 lone
973 2865 1113 2919 bello
1163 2866 1438 2935 impetitus
1488 2866 1730 2937 lugeret,
1764 2866 2123 2923 interveniens
2170 2869 2340 2923 oratio

803 2961 1090 3025 tyrannum
1122 2955 1392 3010 demedio
1423 2956 1643 3012 sustulit
1670 2974 1685 3021 ;
1718 2972 1815 3011 ceu
1840 2958 2202 3027 interrogatus
2233 2970 2337 3024 qua

800 3046 1009 3100 ratione
1071 3046 1393 3100 Absalonem
1458 3046 1787 3109 debellaret,
1848 3045 2137 3115 respondet
2187 3045 2340 3099 initio

802 3136 1016 3206 psalmi.
1051 3135 1203 3189 Sicut
1236 3137 1380 3189 enim
1404 3175 1419 3200 ,
1456 3135 1664 3205 inquit,
1702 3142 1822 3206 post
1852 3141 2131 3207 peccatum
2164 3151 2338 3189 meum

802 3225 945 3280 Deus
975 3227 1123 3279 illum
1157 3225 1440 3281 adversum
1472 3240 1556 3281 me
1596 3227 1904 3289 suscitavit,
1946 3226 2025 3280 sic
2058 3226 2337 3294 pmnitenti

2439 2064 2717 2133 ἐμοίχευσε
2737 2078 2749 2091 ο
2783 2060 2960 2123 καλῶς
2994 2059 3069 2123 δὲ,
3106 2060 3455 2129 μετανοήσας,
3479 2060 3567 2110 τὸν
3599 2058 3707 2126 βίον
3731 2058 3941 2109 ἐτέλεσε
3959 2073 3976 2089 ο

2437 2155 2523 2207 διὰ
2553 2152 2707 2205 τοῦτο
2731 2152 2815 2216 εις
2842 2149 2956 2216 τὴν
2984 2147 3179 2216 ἀρχὴν
3209 2148 3279 2201 ἐν
3308 2151 3516 2217 ψόγοις
3535 2186 3548 2208 ,
3589 2150 3673 2211 εις
3702 2148 3766 2199 τὸ
3810 2147 3982 2211 τέλος

2440 2243 2506 2296 ἐν
2532 2242 2755 2311 ὕμνοις.
2786 2239 3028 2308 Ψαλμός
3053 2236 3131 2302 τῷ
3176 2236 3351 2289 Δαυῒδ
3380 2238 3411 2306 ἡ
3442 2235 3634 2306 πρᾶξις
3675 2236 3771 2303 τῆς
3817 2250 3982 2304 μετα-

2438 2334 2613 2395 νοίας’
2654 2333 2747 2385 καὶ⁵
2791 2331 2975 2401 ἐπειδὴ
3022 2330 3171 2383 ὅπου
3213 2329 3579 2382 ἐπλεόνασεν
3612 2329 3649 2394 ἡ
3693 2326 3979 2395 ἁμαρτία,

2437 2423 3018 2491 ὑπερεπερίσσευσεν
3064 2422 3101 2488 ἡ
3138 2420 3504 2484 δικαιοσύνη,
3544 2416 3627 2469 διὰ
3683 2416 3827 2468 τοῦτο
3869 2417 3981 2468 ἐλε-

2436 2532 2555 2585 γεψ
2577 2512 2761 2580 Ἐντῷ
2780 2512 3186 2567 ἐπικαλεῖσθαι
3200 2528 3274 2580 με
3318 2509 3629 2575 εἰσήκουσέ
3657 2526 3765 2561 nov
3790 2510 3820 2559 ὀ
3839 2507 3979 2571 Θεὸς

2438 2606 2546 2674 τῆς
2569 2606 2951 2671 δικαιοσύνης
2985 2621 3121 2673 μου.
3170 2602 3515 2671 Δικαιοσύνην
3554 2600 3656 2670 γὰρ
3698 2597 3858 2653 αὑτοῦ
3885 2597 3981 2651 νῦν

2437 2693 2581 2761 λέγει
2620 2695 2647 2745 6
2691 2692 2847 2744 Δαυῒδ
2884 2692 2978 2761 τὴν
3015 2692 3313 2761 μετάνοιαν.
3350 2684 3499 2741 Εἷδεν
3526 2691 3553 2741 6
3602 2687 3730 2750 Θεὸς
3777 2685 3981 2755 καθαρο

2439 2784 2619 2837 θεῖσαν
2662 2782 2760 2853 τὴν
2799 2782 2970 2851 ψυχὴν
2993 2820 3005 2842 ,
3040 2783 3132 2833 καὶ
3172 2781 3383 2844 ἐδέξατο
3416 2780 3510 2849 τὴν
3562 2778 3877 2849 προσευχήν.
3910 2776 3981 2828 Ἦ

2440 2874 2624 2944 ἐπειδὴ
2657 2875 2715 2926 ἐν
2759 2873 2836 2943 τῷ
2869 2872 2972 2941 πρὸ
3014 2871 3200 2923 τούτου
3231 2869 3426 2940 ψαλμῷ
3477 2869 3566 2922 τὸν
3613 2868 3842 2934 διωγμὸν
3891 2864 3983 2918 τὸν

2440 2968 2541 3019 ὑπὸ
2567 2966 2659 3019 τοῦ
2709 2964 3040 3017 Ἀδεσσαλὼν
3089 2964 3350 3033 ὠδύρετο·
3402 2959 3669 3032 προσευχὴ
3726 2958 3779 3011 δὲ
3832 2973 3983 3028 μεσι-

2440 3056 2675 3110 τεύσασα
2704 3056 2793 3108 τὸν
2840 3054 3095 3124 τύραννον
3123 3054 3326 3106 ἀνεῖλεν
3344 3069 3359 3083 ·
3390 3052 3465 3113 ὡς
3484 3088 3497 3112 ,
3548 3048 3833 3119 ἐρωτηθεὶς
3864 3046 3981 3109 πῶς

2439 3148 2532 3201 τοῦ
2590 3146 2934 3215 ’Δσεσσαλὼμ
2974 3145 3251 3214 ἐνίκησεν,
3306 3141 3632 3211 ἀπεκρίνατο
3676 3139 3771 3205 τὴν
3810 3136 3979 3208 ἀρχὴν

2441 3238 2531 3291 τοῦ
2562 3237 2791 3308 ψαλμοῦ.
2824 3238 3029 3307 Ὥσπερ
3060 3234 3185 3304 γὰρ,
3220 3232 3405 3303 φησὶν.
3437 3228 3805 3300 ἁμαρτήσαντί
3834 3244 3920 3297 μοι
3950 3228 3982 3279 6
4054 3304 4081 3309 Ἢ

801 3318 1085 3370 victoriam
1135 3318 1365 3385 paravit.
1414 3316 1527 3371 Cur
1566 3324 1743 3372 autem
1782 3317 1865 3372 vel
1904 3316 2022 3387 ipso
2054 3308 2336 3371 invocandi

2441 3302 2753 3391 Θεὸς-αὺτὸν
2778 3327 2897 3380 κατ’
2935 3302 3065 3395 ἐμοῦ
3098 3302 3334 3393 ἤγειρεν,
3376 3320 3547 3383 οὕτως
3600 3317 3982 3387 μετανοήσαντι

803 3413 1042 3475 tempore
1071 3406 1354 3461 exauditus
1398 3415 1483 3461 est
1531 3405 1741 3461 David?
1785 3405 1923 3472 Quia
1971 3406 2278 3475 increpatus
2305 3418 2339 3457 ο

803 3496 1009 3551 Natltan
1036 3499 1281 3567 protinus
1312 3497 1378 3551 ad
1412 3498 1781 3567 pmnitentiam
1822 3511 2012 3552 versus
2052 3503 2175 3552 est:
2208 3511 2339 3565 qna-

802 3597 1021 3656 propter
1048 3602 1169 3641 cum
1201 3596 1531 3655 precaretur,
1560 3586 1737 3641 subito
1763 3587 2048 3641 exauditus
2076 3595 2176 3642 est.
2204 3585 2338 3639 Nam

804 3677 980 3741 Deus,
1034 3679 1127 3748 qui
1183 3680 1360 3732 omnia
1398 3694 1715 3755 quascunque
1757 3676 1863 3733 vult
1903 3679 2031 3747 facit
2060 3679 2128 3742 ",
2157 3678 2340 3732 statim

802 3770 1062 3835 exaudit;
1108 3778 1163 3825 et
1212 3770 1388 3825 adhuc
1438 3770 1693 3840 loquente
1737 3768 1959 3823 homine
2006 3768 2175 3824 dicit:
2207 3767 2341 3822 Ecce

804 3859 991 3912 adsum
1023 3860 1088 3911 ³³.

873 4030 1073 4088 Deinde
1101 4048 1228 4088 vero
1258 4042 1540 4106 postquam
1568 4036 1925 4091 familiaribus
1955 4036 2186 4091 dixisset
2231 4051 2339 4105 quo

807 4131 964 4192 pacto
995 4125 1177 4178 statim
1207 4126 1489 4182 exauditus
1530 4134 1695 4192 esset,
1750 4141 2058 4182 sermonem
2083 4127 2243 4181 vertit
2272 4125 2338 4179 ad

805 4213 992 4279 Deum,
1054 4216 1472 4288 prOpitiantique
1500 4217 1602 4273 sibi
1633 4218 1834 4286 gratias
1864 4218 2006 4287 agit,
2038 4220 2091 4271 in
2120 4217 2343 4270 tribula-

804 4307 944 4361 tione
998 4306 1242 4362 ditutasti
1283 4294 1429 4361 mihi.
1464 4307 1851 4363 Erumnarum
1896 4307 2114 4379 ﬂuctus,
2144 4307 2338 4379 inquit,

805 4400 1083 4468 repentina
1114 4399 1481 4469 tranquillitas
1523 4397 1858 4468 compescuit
1892 4416 1905 4450 :
1938 4398 2183 4469 fameque
2210 4414 2341 4453 con-

804 4486 1002 4541 fectum
1031 4505 1115 4544 me
1145 4489 1325 4543 fructu
1345 4488 1620 4552 frumenti,
1644 4488 1756 4542 vini
1784 4480 1838 4542 et
1868 4490 1968 4544 olei
1989 4489 2225 4546 dilatasti
2246 4509 2261 4557 ;
2283 4498 2343 4549 ut

806 4597 914 4636 non
970 4582 1118 4636 solus
1154 4597 1251 4652 ego
1272 4621 1287 4644 ,
1349 4582 1441 4637 sed
1473 4596 1661 4637 omnes
1712 4581 1911 4637 subditi
1968 4582 2071 4637 mei
2100 4598 2160 4638 ea
2188 4585 2342 4655 copia

806 4673 1134 4728 fruerentur.
1164 4658 1519 4738 Quamobrem
1560 4674 1673 4728 haec
1714 4672 1941 4729 inferius
1984 4673 2277 4745 subjungit,
2309 4689 2342 4725 ιι

806 4764 983 4833 fructu
1034 4762 1299 4829 frumenti,
1327 4763 1434 4816 vini
1473 4772 1521 4817 et
1563 4764 1663 4819 olei
1693 4767 1775 4821 uti
1818 4765 2153 4834 multiplicati
2200 4774 2348 4819 sunt:

808 4857 1045 4917 illorum,
1074 4854 1270 4923 inquit,
1300 4853 1623 4909 abundantia
1654 4858 1835 4912 cordis
1862 4858 1992 4911 mihi
2016 4856 2197 4910 latitia
2221 4855 2341 4909 fuit.

799 4947 943 5003 Illud
973 4954 1149 5000 autem
1183 4947 1250 5002 ab
1282 4947 1397 5017 ipsa
1426 4948 1651 5003 historia
1684 4949 1997 5005 ediscimus.
2038 4948 2170 5003 Nam
2222 4962 2345 5001 cum

808 5035 950 5089 bello
977 5036 1251 5104 impetitus
1276 5038 1344 5091 ab
1368 5038 1637 5093 Absalone
1668 5038 1876 5109 fugeret
1903 5039 1959 5093 in
1993 5039 2207 5093 deserta
2268 5045 2347 5090 at-

808 5141 913 5195 que
964 5134 1194 5191 montes,
1230 5126 1369 5183 fame
1403 5144 1466 5183 ac
1504 5145 1682 5185 rerum
1719 5130 1961 5199 penuria,
2002 5145 2068 5184 eo
2109 5136 2349 5196 tempore

810 5211 1149 5279 calamitatis,
1187 5217 1471 5275 alliictatus
1497 5260 1511 5283 ,
1560 5220 1680 5290 ejus
1727 5221 2005 5290 angustias
2040 5218 2183 5274 Deus
2218 5234 2345 5273 con-

752 5322 756 5327 '
812 5305 1036 5361 solatur.
1072 5306 1282 5364 Primus
1313 5311 1453 5365 enim
1487 5310 1646 5376 Siba,
1675 5327 1742 5367 ex
1773 5311 1933 5366 domo
1966 5295 2143 5365 Saulis
2169 5309 2344 5362 famu-

811 5398 917 5459 ius,
948 5398 1123 5451 attulit
1152 5398 1251 5469 ipsi
1275 5415 1441 5469 panes
1469 5401 1750 5465 ducentos,
1778 5402 1985 5465 vinum,
2018 5400 2263 5471 palatbas
2293 5408 2339 5453 et

801 5481 944 5540 'uvas
969 5502 1158 5556 passas
1193 5506 1205 5541 :
1276 5496 1457 5556 postea
1488 5504 1615 5544 vero
1661 5489 1882 5544 Beneili
1916 5486 2223 5544 Galaadites
2251 5487 2345 5542 ob-

2437 3420 2533 3489 τὴν
2567 3419 2682 3471 κατ’
2720 3416 2881 3470 αὐτοῦ
2916 3415 3217 3486 ἐδωρήσατο
3248 3412 3420 3481 νίκην.
3466 3408 3562 3462 Διὰ
3593 3408 3643 3461 τί
3664 3408 3708 3461 δ’
3746 3408 3804 3459 ἐν
3833 3404 3982 3475 αὐτῷ

2437 3508 2514 3578 τῷ
2537 3505 2903 3560 ἐπικαλεῖσθαι
2926 3502 3247 3573 εἰσηκούσθη
3276 3502 3304 3554 6
3332 3500 3522 3565 Δαυῖδ;
3568 3495 3798 3567 Ἐπειδὴ,
3830 3494 3983 3563 ἐλεγ-

2438 3596 2658 3669 χόμενος
2692 3596 2793 3649 ὑπὸ
2821 3596 2913 3647 τοῦ
2958 3594 3161 3658 Νάθαν,
3183 3590 3342 3654 εὐθὺς
3372 3591 3451 3652 είς
3496 3588 3774 3669 μετάνοιαν
3815 3585 3982 3655 ἐκάμ-

2440 3665 2567 3757 ᾧθή,
2596 3686 2685 3739 διὰ
2711 3684 2866 3738 τοῦτο
2904 3684 3058 3744 εὐθὺς
3102 3681 3525 3752 προσευχόμενος
3550 3665 3887 3745 εἰσηκούσθη.
3922 3673 3981 3727 '0

2438 3778 2546 3848 γὰρ
2564 3776 2755 3829 πάντα
2776 3773 2961 3828 ποιῶν
2982 3774 3096 3825 ὅσα
3116 3771 3418 3842 βούβεται,
3444 3769 3471 3818 6
3488 3767 3637 3829 Θεὸς,
3654 3765 3978 3817 ὑπακούεται

2439 3867 2773 3938 παραχρῆμα
2794 3905 2809 3928 ,
2840 3859 3044 3915 καὶ’ἐτι
3077 3858 3355 3920 λαλοῦντος
3397 3859 3512 3928 ἐρεῖ
3550 3857 3580 3907 6
3621 3854 3751 3916 Θεός
3772 3870 3786 3883 ·
3833 3851 3979 3907 Ἰδοὺ

2443 3951 2691 4020 πάρειμι.
3553 3994 3562 4007 ,

2509 4037 2641 4093 Εἶτα
2666 4037 2895 4110 εἰρηκὼς
2932 4039 3043 4100 τοῖς
3084 4035 3307 4107 πλησίον
3348 4034 3495 4095 ὅπως
3524 4032 3707 4100 τάχιον
3734 4027 3983 4099 εἰσηκούο

2443 4129 2563 4201 σθη,
2594 4129 2781 4201 τρέπει
2825 4129 2914 4180 τὸν
2956 4128 3107 4195 λόγον
3158 4112 3291 4196 πρὸς
3319 4124 3408 4177 τὸν
3433 4122 3581 4186 Θεὸν,
3616 4120 3707 4174 καὶ
3733 4120 3809 4189 τῷ
3836 4121 3983 4172 εἰσα-

2440 4220 2693 4274 κούσαντι
2745 4221 3076 4290 εὐχαριστεῖ·
3138 4218 3231 4270 Ἐν
3272 4202 3470 4284 θλίψει
3505 4211 3839 4275 ἐπλάτυνάς
3856 4227 3977 4277 μοι.

2440 4312 2521 4364 Τὰ
2541 4311 2753 4381 κύματα
2774 4309 2879 4363 τῶν
2892 4309 3140 4377 θλίψεων,
3165 4307 3343 4376 φησὶν,
3374 4307 3407 4375 ὴ
3436 4307 3621 4374 ταχεῖα
3650 4302 3850 4370 γαλήνη
3874 4300 3979 4353 διι-

2440 4402 2584 4463 λυσε,
2605 4402 2696 4453 καὶ
2716 4399 2856 4470 λιμῷ
2888 4418 2953 4470 με
3003 4399 3298 4468 τηκόμενον
3337 4394 3443 4448 ἀπὸ
3475 4390 3682 4462 καρποῦ
3717 4390 3858 4441 σίτου
3892 4388 3983 4441 καὶ

2440 4492 2577 4543 οῐνου
2604 4490 2693 4541 καὶ
2721 4490 2895 4543 ἐλαίου
2924 4488 3257 4549 ἐπλούτισας,
3286 4486 3359 4547 ὼς
3399 4483 3471 4553 μὴ
3508 4482 3661 4551 μόνον
3701 4481 3818 4548 ἐμὲ,
3850 4478 3983 4529 ἀλλὰ

2442 4581 2533 4633 καὶ
2558 4580 2760 4641 πάντας
2789 4579 2911 4640 τοὺς
2938 4578 3028 4629 ὑπ’
3053 4577 3148 4646 ἐμὲ
3170 4573 3485 4628 ἀπολαῦσαι.
3512 4569 3601 4621 Διὸ
3628 4566 3979 4626 ὑπωκαταϐὰς

2445 4670 2643 4736 ἔλεγεν⁸
2684 4668 2823 4723 Ἀπὸ
2874 4666 3100 4735 καρποῦ
3138 4666 3307 4720 σίτου
3336 4663 3431 4715 καὶ
3464 4660 3629 4712 οινου
3658 4658 3750 4709 καὶ
3780 4659 3980 4710 ἐλαίου

2447 4760 2639 4815 αὐτῶν
2663 4759 3138 4827 ἐπληθύνθησαν.
3176 4757 3239 4807 Ἢ
3272 4754 3488 4809 ἐκείνων
3517 4750 3759 4802 συνουσία
3789 4748 3979 4817 εὐφρο-

2451 4852 2581 4923 σύνη
2608 4852 2827 4922 καρδίας
2862 4867 2951 4920 μοι
2974 4849 3206 4916 γέγονεν.
3240 4843 3407 4897 Τοῦτο
3448 4842 3502 4893 δὲ
3534 4839 3865 4911 μανθάνομεν
3889 4838 3981 4889 ἀπ’

2445 4943 2614 5013 αὐτῆς
2642 4943 2738 5012 τῆς
2773 4940 3027 5012 ἱστορίας.
3050 4940 3175 4993 Ὅτε
3191 4936 3296 5007 γὰρ
3330 4933 3722 5003 πολεμούμενος
3748 4931 3850 4982 ὑπὸ
3888 4930 3981 4981 τοῦ

2459 5032 2803 5102 ’Λόεσσαλὼμ
2825 5032 3017 5100 ἔφυγεν
3042 5032 3097 5082 ἐν
3133 5030 3249 5089 ταῖς
3274 5026 3495 5094 ἐρήμοις
3523 5022 3613 5075 καὶ
3639 5025 3692 5073 ὲν
3722 5024 3829 5083 τοῖς
3863 5021 3981 5088 δρε-

2451 5142 2553 5188 σιν,
2581 5106 2835 5195 λιμῷκαὶ
2856 5122 3068 5193 ἀνάγκη
3099 5118 3173 5181 ὡς
3205 5118 3261 5170 ἐν
3289 5114 3506 5184 διωγμῷ
3534 5111 3801 5183 ἐκρατήθη
3826 5130 3836 5141 ·
3872 5111 3982 5161 ἀλλ’

2450 5218 2477 5269 6
2500 5216 2628 5279 θεὸς
2669 5214 2831 5269 αὑτοῦ
2872 5214 2970 5285 τὴν
3007 5208 3244 5277 ἀνάγκην
3284 5204 3718 5275 παρεμυθήσατο.
3770 5203 3983 5271 Πρῶτος

2449 5304 2555 5375 γὰρ
2581 5306 2609 5357 6
2630 5303 2760 5357 Σιδα
2788 5306 2816 5357 6
2846 5304 2909 5356 ἐκ
2952 5300 3045 5352 τοῦ
3088 5298 3233 5351 οίκου
3262 5296 3355 5348 τοῦ
3383 5294 3550 5347 Σαοὺλ
3591 5295 3812 5362 ἠνεγκεν
3841 5289 3984 5357 αὐτῷ

2453 5396 2639 5464 ἄρτους
2658 5394 2975 5457 διακοσίους,
3013 5389 3106 5443 καὶ
3139 5384 3273 5441 οἶνον
3302 5388 3392 5439 καὶ
3417 5384 3657 5447 παλάθας
3690 5386 3781 5436 καὶ
3802 5377 3987 5447 σταφί-

2449 5488 2543 5550 δας
2567 5504 2578 5517 ’
2630 5483 2745 5541 εἶτα
2782 5483 2917 5556 μετά
2967 5480 3152 5534 τοῦτον
3188 5479 3434 5549 Βερζελλὶ
3460 5481 3487 5531 ὁ
3517 5475 3860 5543 Γαλααδίτης,
3892 5470 3984 5525 καὶ

881 5665 923 5695 ⁵¹
967 5666 1120 5723 Rom.
1157 5685 1221 5736 ν,
1258 5670 1342 5724 20.
1421 5671 1464 5703 "
1505 5670 1646 5728 Psal.
1673 5632 1844 5732 .cxm,
1878 5668 1931 5722 5.
2005 5668 2051 5699 ⁸³
2088 5666 2190 5723 isa.
2228 5682 2383 5730 Lvm,
2417 5666 2470 5719 9.

876 5840 964 5911 Η)
1000 5838 1121 5899 Haec
1162 5842 1212 5897 in
1235 5844 1420 5900 codice
1453 5843 1772 5901 Taurincnsi
1803 5844 1870 5899 ab
1906 5859 2234 5900 amanuense
2260 5843 2507 5909 adjuncta
2548 5848 2695 5904 sunt,
2731 5854 2827 5894 nec
2851 5836 3113 5892 habentur
3145 5833 3197 5886 in
3222 5832 3342 5885 aliis
3374 5844 3503 5884 mss.
3535 5859 3547 5879 .
