4262 6388
296 493 395 547 115

1399 499 1894 557 COMMENTARIA
1932 499 1997 553 IN
2035 499 2368 557 PSALMOS.

3377 505 3476 561 ιιι

290 602 450 667 αὐτὸς
469 603 614 675 αύτῷ
638 608 970 681 προσήνεγκε
998 608 1126 662 δέκα
1148 608 1346 673 κοίτας,
1370 610 1454 663 ἵνα
1476 612 1547 680 μὴ
1574 614 1832 681 χαμευνῇ,
1863 617 1909 687 Α
1943 619 1973 665 ιι

1792 614 1832 681 ᾗ,
1863 617 1909 687 Α
1943 614 2064 666 ιυίἰι
2093 616 2193 684 ipsi
2221 615 2404 670 decem
2432 616 2600 671 lectos
2635 632 2700 672 ne
2726 616 2872 672 humi
2904 619 3157 684 cubaret,
3185 632 3237 676 et
3270 620 3475 691 amphi-

292 694 384 747 καὶ
411 696 816 767 άμφιτάπητας,
850 698 973 761 τοὺς
1019 698 1379 769 καλουμένους
1414 699 1508 753 νῦν
1533 701 1834 772 τυλοτάπη-

290 802 404 839 τας.
436 788 528 839 καὶ
552 786 692 839 οῐνου
726 788 962 859 κεράμια
1013 790 1105 842 καὶ
1146 792 1348 861 πυροὺς
1383 794 1474 846 καὶ
1513 793 1704 863 κριθάς
1744 795 1835 848 καὶ

291 886 514 933 αλευοον
541 878 632 930 καὶ
655 877 859 948 κύαμον
874 880 967 931 κα)⁹
993 880 1178 947 φακὸν,
1196 882 1288 933 καὶ
1313 882 1429 951 μέλι
1455 885 1546 935 καὶ
1562 882 1832 955 βούτυρον,

290 967 381 1019 καὶ
408 966 670 1031 πρόϐατα,
727 969 819 1021 καὶ
855 968 1129 1039 γαλαθηνὰ
1174 971 1456 1041 μοσχάρια·
1493 973 1835 1043 Εὐχαριστῶν

288 1052 377 1109 οὖν
404 1060 495 1109 ἐπὶ
514 1056 719 1120 τούτοις
746 1058 902 1129 φησίν
919 1077 932 1089 ’
980 1060 1080 1114 Ἐν
1119 1062 1314 1128 θλίψει
1341 1063 1681 1129 ἐπλάτυνάς
1714 1082 1831 1133 μοι.

357 1145 422 1196 Τί
455 1146 529 1209 δὲ,
580 1145 749 1213 λέγων
794 1148 1163 1218 εἰσηκούσθην,
1198 1149 1269 1219 μὴ
1317 1150 1520 1220 μακρὸν
1551 1152 1834 1218 κατέτονας

287 1233 439 1301 λόγον
461 1250 477 1298 ;
508 1236 597 1305 Μὴ
627 1236 830 1290 πλατὺν
858 1236 1130 1307 ὀνομάτων
1158 1236 1251 1289 καὶ
1284 1236 1539 1308 ῥημάτων
1570 1239 1833 1311 κατέγρα-

286 1325 391 1395 ψας
410 1325 639 1383 πίνακα;
666 1327 945 1397 Οὐδαμῶς,
978 1328 1138 1398 φησὶν
1163 1330 1191 1380 ὁ
1216 1330 1370 1382 Δαυῖδ
1390 1347 1402 1361 ο
1436 1332 1494 1384 οὐ
1524 1331 1630 1403 γὰρ
1648 1333 1835 1404 χρῄζει

290 1416 603 1481 πολυλογίας
634 1426 662 1467 ο
692 1418 839 1482 Θεὸς,
882 1418 910 1469 ὁ
946 1418 1036 1471 καὶ
1067 1419 1209 1489 μόνῳ
1243 1422 1525 1493 στεναγμῷ
1565 1425 1833 1495 ἀρχούμε-

290 1525 392 1571 νος.
425 1504 591 1562 Τοῦτο
619 1510 773 1570 μόνον
806 1509 986 1577 ἔλεγον
1022 1500 1450 1583 προσευχόμενος
1473 1532 1486 1544 ·
1544 1517 1833 1584 Οικτείρη-

287 1613 418 1662 σον,
454 1600 552 1652 καὶ
592 1603 953 1653 εἰσάκουσον·
990 1600 1099 1669 τῆς
1128 1598 1469 1671 προσευχῆς
1504 1623 1639 1674 μου.
1680 1607 1834 1659 Εἴποι

286 1687 341 1740 δὲ
368 1689 537 1741 ταῦτα
567 1706 659 1741 και
691 1707 717 1739 ο
748 1688 944 1760 λῃστὴς
985 1692 1042 1742 ὲν
1076 1675 1164 1760 τῷ
1196 1692 1406 1763 σταυρῷ
1437 1694 1570 1762 πρὸς
1596 1695 1685 1747 τὸν
1722 1695 1833 1747 Κύ-

292 1797 427 1850 ριοϊ
458 1779 622 1832 εἰπὼν
668 1780 773 1846 γὰρ
822 1782 914 1834 καὶ
965 1782 1419 1854 ἐπικαλεσάμενος
1463 1786 1520 1837 ὲν
1566 1789 1629 1855 τῇ
1672 1786 1833 1844 αὐτοῦ

1938 705 2136 772 tapetia
2168 720 2290 773 quae
2316 706 2427 774 jam
2479 708 2794 782 tylotapetia
2845 716 3106 762 vocantur
3137 749 3150 772 ,
3185 710 3296 763 vini
3350 724 3476 763 vasa

1940 796 2141 866 ﬁglina,
2176 796 2524 860 frumentum,
2574 798 2874 864 hordeum,
2923 798 3171 865 farinam,
3219 798 3371 856 fabas
3425 806 3478 854 et

1936 889 2131 951 lentes,
2164 890 2268 943 mel
2288 898 2341 943 et
2372 890 2643 959 butyrum,
2706 907 2832 946 oves
2854 899 2905 946 et
2931 892 3131 946 lacteos
3152 890 3366 945 vitulos.
3402 892 3475 948 De

1936 980 2020 1034 his
2055 982 2233 1050 itaque
2255 982 2454 1050 gratias
2481 996 2643 1053 agens
2662 983 2757 1049 ait,
2786 984 2837 1035 in
2855 982 3184 1036 tribulatione
3237 982 3476 1037 dilatasti

1937 1069 2083 1121 mihi.

2004 1161 2116 1217 Cur
2145 1155 2323 1216 autem
2351 1177 2473 1217 cum
2500 1170 2551 1216 te
2579 1161 2888 1215 exauditum
2921 1163 3021 1226 ais,
3054 1177 3158 1215 non
3207 1163 3472 1232 prolixum

1936 1263 2244 1304 sermonem
2301 1248 2672 1304 contexuisti?
2716 1250 2893 1315 Quare
2920 1266 3028 1305 nou
3066 1252 3275 1321 longam
3304 1251 3473 1304 nomi-

1936 1353 2063 1391 num
2094 1340 2488 1411 verborumque
2519 1342 2765 1410 paginam
2810 1330 3086 1396 exarasti?
3136 1341 3472 1405 Nullatenus,

1938 1429 2111 1498 inquit
2148 1430 2312 1485 David
2346 1476 2361 1498 ,
2386 1448 2560 1501 neque
2584 1434 2754 1488 multo
2782 1450 3028 1489 sermone
3067 1449 3202 1503 opus
3234 1433 3342 1488 Deo
3371 1441 3473 1498 est,

1934 1521 2021 1574 cui
2072 1522 2155 1575 vel
2200 1523 2351 1577 solus
2382 1526 2609 1588 gemitus
2656 1526 2727 1578 sit
2756 1526 2910 1590 ,satis
2948 1543 2959 1578 :
3007 1525 3137 1579 illud
3186 1534 3389 1579 tantum
3422 1529 3475 1579 in

1936 1610 2181 1665 oratione
2196 1611 2327 1675 dixi,
2349 1609 2591 1666 Miserere
2624 1616 2742 1678 mei,
2773 1623 2820 1666 ct
2846 1614 3039 1666 exaudi
3065 1615 3349 1668 orationem
3367 1632 3473 1669 me-

1935 1718 2041 1754 am.
2085 1700 2219 1756 Illud
2253 1704 2415 1756 etiam
2443 1703 2668 1758 Domino
2714 1706 2912 1759 dixerit
2941 1705 2995 1758 in
3029 1721 3191 1760 cruce
3236 1708 3476 1776 pendens

1938 1794 2098 1859 latro,
2133 1796 2224 1863 qui
2254 1795 2306 1849 in
2341 1797 2581 1850 cruciatu
2615 1797 2788 1866 ipsum
2829 1798 3093 1852 invoCavit
3136 1798 3221 1852 his
3247 1800 3427 1853 verbis
3460 1816 3472 1850 :

289 1868 491 1937 θλίψει·
551 1870 864 1939 Μνήσθητι
886 1889 1026 1940 μου,
1070 1875 1258 1941 Κύριε,
1294 1875 1438 1929 ὅταν
1465 1877 1645 1943 ἔλθῃς
1666 1877 1735 1929 ἐν
1762 1876 1834 1944 τῇ
1869 1958 1896 1960 _
1938 1887 1972 1938 Α

1789 1876 1834 1944 ’ᾗ
1869 1958 1896 1960 _
1938 1886 2196 1941 Memento
2211 1888 2331 1950 mei,
2352 1887 2587 1951 Domine,
2605 1906 2719 1942 cum
2736 1890 2928 1943 veneris
2945 1891 2998 1943 in
3020 1882 3225 1960 regnum
3248 1899 3391 1943 tuum
3409 1892 3472 1947 “.

286 1958 565 2025 ,ϐασιλείᾳ
613 1973 746 2011 σου.
802 1960 1144 2031 εἰσηκούσθη,
1188 1963 1281 2015 καὶ
1330 1963 1449 2015 ἀντὶ
1479 1964 1706 2033 σταυροῦ
1746 1965 1834 2018 τὸν
1868 1958 1907 2010 Β
1934 1975 1969 2029 Ιε

1789 1969 1834 2018 ὃν
1868 1958 1907 2010 Β
1934 1975 1982 2029 ls
2017 1976 2142 2030 item
2203 1979 2487 2033 exauditus
2517 1987 2635 2043 est,
2668 1994 2729 2032 ac
2761 1980 2938 2036 crucis
2988 1981 3107 2035 loco
3166 1982 3472 2050 paradisum

292 2048 611 2117 παράδεισον
640 2048 841 2116 ὢκησε,
872 2052 963 2104 καὶ
994 2051 1212 2121 πολίτης
1240 2052 1427 2120 γέγονε
1463 2054 1555 2108 τοῦ
1585 2054 1829 2125 ούρανοῦ.

289 2141 455 2203 Αὐτὸς
481 2141 576 2193 καὶ
608 2140 742 2208 πρὸς
784 2142 908 2204 τοὺς
960 2142 1237 2213 Ἰουδαίους
1262 2142 1508 2212 βοήσεται
1529 2160 1540 2173 ·
1588 2146 1704 2197 Υἱοί
1729 2147 1833 2199 ἀν-

289 2229 548 2296 θρώπων,
566 2230 673 2295 ἕως
689 2230 1220 2299 πότεβαρυκάρδιοι
1236 2248 1255 2294 ;
1280 2230 1540 2285 θεάσασθε
1553 2234 1648 2303 τὴν
1662 2236 1834 2287 κτίσιν

285 2316 569 2394 τῷκτίστῃ
598 2314 1041 2395 συμπάσχουσαν.’
1056 2324 1138 2386 Εἰ,
1160 2323 1249 2374 τὸν
1267 2322 1512 2395 Λάζαρον
1539 2330 1733 2397 τετραή
1743 2334 1835 2396 με-

291 2431 377 2483 ρον
396 2415 500 2468 ἀπὸ
516 2415 608 2466 τοῦ
628 2415 796 2482 τάφου
818 2414 1073 2484 τρέχοντα
1096 2400 1307 2480 ἰδόντες,
1339 2416 1437 2468 οὐκ
1464 2418 1831 2481 ἐπιστεύσατε,

287 2502 378 2555 νῦν
410 2502 537 2569 γοῦν
568 2503 975 2572 προσκυνήσατε
1006 2502 1097 2554 τοῦ
1129 2494 1535 2574 Σταυρωθέντος
1556 2506 1650 2577 τὴν
1674 2506 1832 2559 δύνα-

291 2609 416 2662 μιν·
451 2592 672 2657 νεκροὺς
721 2592 751 2643 ὁ
802 2593 1018 2662 σεισμὸς
1068 2592 1378 2664 ἀνέστησεν,
1423 2594 1518 2647 καὶ
1563 2597 1718 2666 ὑμεῖς
1767 2600 1830 2668 τῇ

285 2682 509 2745 ἀπιστία
535 2682 840 2736 καθεύδετε.
900 2682 998 2736 Διά
1037 2685 1087 2736 τί
1126 2684 1499 2757 βαρυκάρδιοι;
1536 2688 1701 2741 Τοῦτο
1736 2690 1834 2758 μὲν

284 2773 367 2826 διὰ
389 2773 448 2825 τὸ
471 2773 543 2844 μὴ
568 2776 927 2846 κατανυγῆναι
952 2776 1062 2840 τοῖς
1087 2775 1374 2847 θαύμασιν,
1410 2760 1640 2831 τοῦτοδὲ
1656 2780 1742 2832 διὰ
1773 2781 1832 2834 τὸ

286 2862 343 2926 ἐξ
371 2863 678 2935 ἀφροσύνης
720 2863 925 2934 βαρέως
975 2868 1112 2920 κατὰ
1138 2868 1230 2920 τοῦ
1262 2869 1494 2939 Χριστοῦ
1532 2871 1829 2941 ὀργίζεσθε.

286 2956 504 3025 Μάρτυς
536 2958 568 3026 ἡ
593 2956 779 3028 Γραφὴ
800 2957 1023 3012 εἰποῦσα
1044 2975 1057 2989 θ
1092 2958 1250 3027 Βαρὺ
1280 2961 1448 3026 λίθος
1477 2960 1574 3013 καί
1611 2961 1831 3015 δυσϐά-

286 3061 540 3111 antch
584 3045 795 3115 ἅμμος·
832 3047 974 3116 ὀργὴ
1001 3047 1067 3101 δὲ
1102 3050 1358 3118 ἄφρονος
1391 3052 1718 3120 βαρυτέρα·
1752 3054 1831 3105 ὅτι

286 3139 404 3187 οὕτε
452 3136 699 3208 νουθεσίᾳ
751 3131 1016 3203 θέλγεται,
1045 3140 1143 3192 καῖ
1178 3139 1425 3211 θαύματα
1448 3140 1657 3211 βλέπων
1684 3140 1831 3221 ρργί-

284 3223 451 3285 ζεται.
1702 3222 1709 3235 “

1935 2065 2144 2130 incolit,
2176 2073 2336 2136 atque
2370 2068 2512 2123 inter
2541 2071 2685 2125 cives
2713 2072 2836 2123 caeli
2878 2072 3167 2140 ascriptus,
3202 2062 3280 2127 sic
3301 2070 3475 2125 Judae-

1935 2170 1996 2208 os
2028 2154 2271 2209 clamans
2318 2156 2660 2223 compellabit
2690 2176 2701 2209 :
2744 2156 2875 2209 Filii
2901 2158 3187 2225 hominum,
3216 2174 3473 2227 usquequo

1936 2246 2080 2314 gravi
2106 2243 2280 2309 corde,
2305 2260 2394 2300 res
2419 2252 2631 2300 creatas
2657 2247 2971 2316 conspicitis
3000 2248 3244 2303 Creatori
3274 2249 3473 2303 condo-

1934 2334 2142 2389 lentes?
2171 2335 2227 2389 Si
2256 2335 2675 2405 quatriduanum
2714 2335 2973 2390 Lazarum
3005 2350 3035 2392 e
3077 2338 3325 2406 sepulcro
3349 2355 3475 2393 cur-

1931 2432 2135 2476 rentem
2159 2438 2279 2477 cum
2303 2425 2575 2489 videretis,
2601 2411 2713 2480 non
2740 2426 3064 2490 credidistis,
3102 2436 3155 2480 at
3193 2442 3336 2481 nunc
3365 2430 3472 2481 sal-

1933 2518 2038 2565 tem
2074 2513 2328 2567 Crucilixi
2364 2522 2678 2584 potestatem
2732 2516 2952 2571 adorate
2980 2536 2993 2571 :
3021 2525 3261 2573 mortuos
3314 2526 3487 2573 terrae

1932 2607 2111 2654 motus
2145 2602 2418 2667 excitavit,
2455 2611 2505 2657 et
2530 2619 2624 2658 vos
2654 2604 2707 2656 in
2741 2605 3051 2659 inﬁdelitate
3077 2615 3254 2661 vestra
3268 2606 3471 2660 dormi-

1933 2692 2025 2744 tis.
2050 2690 2227 2757 Quare
2244 2692 2392 2761 gravi
2421 2693 2582 2747 corde
2604 2696 2812 2763 praediti
2842 2697 2864 2747 ?
2895 2696 3115 2751 Scilicet
3137 2699 3260 2766 quia
3288 2700 3470 2753 obmi-

1931 2782 2123 2836 rabilia
2167 2792 2315 2852 gesta
2344 2798 2452 2836 non
2486 2786 2908 2853 compungimini
2946 2805 2960 2852 ;
3008 2787 3118 2841 sive
3144 2803 3207 2841 ex
3241 2774 3469 2844 Stultitia

1928 2874 2162 2941 graviter
2184 2871 2400 2927 Christo
2420 2874 2773 2928 succensetis.
2800 2873 3036 2944 Hujusce
3083 2876 3160 2929 rei
3202 2878 3355 2931 te5tis
3385 2885 3470 2933 est

1932 2962 2211 3033 Scriptura
2245 2980 2362 3033 quae
2394 2966 2473 3021 sic
2505 2965 2662 3020 habet
2692 2985 2704 3019 :
2739 2964 2904 3020 Grave
2934 2976 3010 3020 est
3039 2982 3245 3033 saxum,
3271 2977 3317 3021 et
3347 2986 3467 3023 one-

1930 3072 2052 3109 rosa
2097 3072 2259 3110 arena
2289 3075 2306 3111 :
2331 3056 2420 3112 sed
2456 3058 2538 3111 ira
2565 3059 2715 3113 stulti
2744 3059 2955 3123 gravior
2997 3059 3086 3124 In‘;
3124 3059 3250 3128 quia
3295 3054 3467 3131 neque

1931 3147 2151 3202 monitis
2176 3149 2432 3213 allicitur,
2460 3157 2513 3205 et
2542 3150 2806 3203 miracula
2830 3165 2952 3204 cum
2977 3150 3139 3213 videt,
3173 3150 3304 3204 iram
3336 3140 3465 3206 con-

1931 3235 2081 3305 cipit.

354 3340 475 3393 "Ira
506 3341 564 3393 τί
607 3338 866 3409 ἀγαπᾶτε
891 3342 1264 3410 ματαιότητα,
1299 3342 1389 3396 τὸν
1415 3341 1701 3414 Βαραῶάν
1733 3343 1825 3398 τοῦ
1851 3307 1893 3365 C
2002 3345 2037 3399 ll

1779 3343 1825 3398 >ῦ
1851 3307 1893 3365 C
2002 3345 2069 3400 Ut
2085 3348 2207 3418 quid
2226 3346 2443 3417 diligitis
2476 3350 2755 3403 vanitatem
2780 3353 2905 3419 ,‘qui
2938 3352 3229 3409 Barabbam
3249 3355 3462 3411 Christo

286 3430 514 3500 Χριστοῦ
561 3433 1010 3501 προτιμήσαντες,
1056 3433 1145 3485 τὸν
1190 3434 1353 3502 φονέα
1404 3435 1542 3505 ὑπὲρ
1580 3434 1669 3489 τὸν
1697 3434 1827 3499 ζωο-

284 3520 430 3572 ποιὸν
456 3557 478 3581 ν
498 3520 593 3588 τὴν
624 3520 893 3589 βασιλείαν
943 3521 1034 3575 τοῦ
1074 3523 1347 3593 Καίσαρος
1388 3524 1526 3593 ὑπὲρ
1556 3525 1653 3594 τὴν
1677 3524 1827 3593 βασι-

287 3610 429 3663 λείαν
459 3610 563 3662 τῶν
592 3612 851 3681 οὐρανῶν,
883 3613 982 3683 τὴν
1024 3614 1291 3684 ἁμαρτίαν
1320 3614 1419 3686 τὴν
1446 3614 1628 3685 ἄμμου
1656 3634 1828 3687 παρα-

286 3698 401 3760 λίας
430 3698 729 3771 βαρυτέραν
759 3702 895 3773 ὑπὲρ
914 3702 1010 3773 τὴν
1041 3702 1401 3774 δικαιοσύνην,
1436 3704 1503 3757 τά
1525 3708 1830 3775 πρόσκαιρα

286 3790 422 3861 ὑπὲρ
448 3790 518 3842 τὰ
564 3789 774 3854 αἰώνια,
820 3791 918 3864 τὴν
952 3793 1153 3864 φθοράν
1198 3795 1337 3865 ὑπὲρ
1367 3796 1463 3864 τὴν
1496 3793 1825 3863 άφθαρσίαν;

295 3881 452 3935 Ἀλλὰ
474 3882 606 3953 πρὸς
618 3882 824 3947 τούτοις
846 3885 938 3937 καὶ
968 3870 1223 3954 ζήτεῒσθε
1246 3885 1487 3955 ψεῦδος,
1527 3885 1829 3957 ψευδομάρ-

283 3989 447 4043 τυρας
501 3973 847 4043 ἐξωνούμενοι
900 3975 1040 4029 κατὰ
1107 3976 1206 4045 τῆς
1252 3976 1495 4047 ὶληθείας
1546 3973 1873 4043 λέγονταςκ.

291 4063 505 4117 Τοῦτον
528 4062 775 4129 εὕρομεν
817 4062 1243 4133 διαστρέφοντα
1278 4065 1349 4119 τὸ
1379 4065 1570 4130 ἔθνος,
1601 4065 1695 4118 καὶ
1717 4082 1827 4117 κω-

282 4153 505 4206 λύοντα
527 4149 604 4215 τῷ
628 4152 876 4219 Καίσαρι
903 4155 1088 4222 φόρον
1123 4154 1365 4210 διδόναι.
1415 4155 1695 4209 Ἀνασείει
1726 4155 1831 4209 τὸν

283 4241 432 4294 λαὸν
464 4238 779 4293 διδάσκων.
811 4242 878 4294 El
902 4242 987 4310 μὴ
1023 4239 1102 4312 ἦν
1132 4239 1305 4309 οὗτος
1346 4243 1679 4309 κακοποιὸς,
1719 4247 1829 4297 οὐκ

283 4330 359 4383 ἄν
390 4344 488 4383 σοι
512 4328 927 4399 παρεδώκαμεν
956 4334 1155 4389 αὐτόν.
1180 4335 1290 4386 Καὶ
1325 4333 1377 4386 τί
1409 4334 1827 4404 ὲκακοποίησεν;

284 4420 363 4492 ἔτι
384 4416 667 4481 νοσοῦντας
711 4414 915 4485 ἰάσατο,
945 4418 1033 4475 ὅτι
1067 4424 1323 4494 δαίμονας
1346 4425 1724 4493 ἐφυγάδευσεν,
1750 4428 1830 4480 ὅτι

284 4510 508 4581 νεκροὺς
564 4509 818 4579 ἧγειρεν,
859 4511 939 4564 ὅτι
979 4514 1042 4571 ὲκ
1098 4514 1256 4567 πέντε
1298 4513 1485 4584 άρτωνυ
1518 4500 1831 4585 ἰσαρίθμους

286 4600 525 4671 χιλιάδας
560 4600 617 4652 ὲν
639 4600 827 4670 ἐρήμῳ
849 4598 1091 4671 saepsit;
1125 4602 1290 4675 χωρὶς
1309 4602 1576 4672 γυναικῶν
1597 4606 1688 4656 καὶ
1707 4606 1830 4658 παί-

1924 3438 2255 3506 pmtulistis,
2273 3438 2593 3492 homicidam
2612 3442 2731 3494 vitae
2748 3444 2972 3505 auctori,
2997 3460 3218 3513 regnum
3240 3444 3466 3500 Casaris

1927 3543 2090 3597 regno
2103 3528 2383 3591 cmlorum,
2405 3538 2681 3599 peccatum
2699 3544 2858 3600 arena
2875 3534 3041 3587 maris
3068 3534 3285 3603 gravius
3315 3534 3469 3602 justi-

1927 3616 2032 3678 tite,
2083 3622 2426 3685 temporanea
2471 3617 2706 3679 mternis,
2742 3620 3140 3686 corruptionem
3189 3620 3469 3689 incorrup—

1925 3702 2085 3774 ῑιοηίῖθ,
2094 3701 2199 3758 Sed
2211 3713 2263 3759 et
2274 3705 2490 3775 insuper
2502 3722 2565 3777 qu
2573 3708 2731 3760 teritis
2748 3706 3091 3769 mendacium,
3107 3706 3375 3779 falsosque
3389 3714 3468 3763 te-

1921 3801 2036 3848 stes
2055 3801 2244 3848 contra
2261 3797 2538 3850 veritatem
2574 3797 2871 3851 conducitis
2890 3797 3000 3850 haec
3016 3792 3255 3851 dicentes
3280 3817 3291 3850 :
3315 3797 3467 3851 Hunc

1925 3882 2209 3935 invenimus
2270 3881 2640 3936 subvertentem
2696 3882 2963 3950 populum,
3018 3889 3068 3934 et
3118 3881 3467 3949 prohibentem

1928 3970 2122 4023 tributa
2144 3970 2273 4025 dare
2301 3969 2523 4026 Caesari.
2579 3960 2888 4026 Commovet
2913 3971 3158 4041 populum
3185 3970 3368 4041 degens
3396 3972 3462 4024 “.

1928 4061 2051 4116 Nisi
2084 4070 2225 4127 esset
2242 4061 2324 4114 hic
2347 4060 2510 4129 malef
2510 4070 2675 4124 actor,
2701 4077 2803 4114 non
2821 4030 3333 4114 tibi-tradidissen’us
3349 4075 3466 4114 eum

1926 4155 1993 4208 ⁸⁷.
2022 4153 2163 4222 Quid
2191 4144 2370 4207 autem
2408 4153 2545 4207 mali
2575 4151 2700 4207 fecit
2726 4153 2750 4205 ?
2776 4168 2843 4205 an
2883 4153 3013 4222 quia
3037 4166 3210 4221 aegros
3232 4152 3463 4213 curavit,

1926 4242 2203 4296 daemones
2232 4239 2452 4309 fugavit,
2495 4249 2740 4295 mortuos
2775 4240 3058 4295 suscitavit
3089 4240 3111 4291 ?
3140 4254 3207 4291 an
3240 4240 3364 4308 quia
3398 4254 3466 4291 ex

1932 4332 2172 4402 quinque
2196 4329 2427 4398 panibus
2453 4329 2677 4384 totidem
2712 4330 2878 4382 millia
2898 4328 3172 4382 hominum
3206 4329 3258 4380 in
3286 4343 3464 4382 eremo

1930 4422 2146 4477 satiavit
2171 4421 2410 4490 exceptis
2430 4421 2744 4475 mulieribus
2763 4427 2817 4474 et
2839 4420 3077 4489 parvulis
3094 4419 3116 4472 ‘i
3131 4418 3320 4473 Adhuc
3338 4435 3465 4475 esca

1929 4514 1982 4565 in
2017 4519 2232 4582 gutture
2277 4512 2517 4581 ipsorum
2547 4519 2683 4573 erat,
2720 4509 2848 4563 dum
2888 4510 3225 4565 mendacium
3260 4510 3315 4566 in
3349 4525 3461 4564 ore.

1930 4605 2105 4672 Atque
2132 4602 2198 4657 iis
2224 4604 2315 4673 qui
2344 4603 2410 4655 ad
2441 4601 2765 4655 Absaloncm
2790 4601 3126 4656 desciverant
3160 4600 3334 4654 aiebat
3362 4598 3463 4652 Da-

284 4691 564 4760 8wv;f‘E'ct
583 4692 615 4762 ἡ
637 4690 811 4763 τροφὴ
853 4692 910 4744 ὲν
958 4692 1035 4762 τῷ
1077 4692 1305 4764 λάρυγγι
1350 4694 1443 4748 καὶ
1468 4693 1529 4746 τὸ
1553 4692 1745 4761 ψεῦδος
1772 4696 1830 4748 ὲν
1862 4688 1900 4702 ν
1931 4688 1967 4747 νξ

1779 4696 1830 4748 ὲν
1862 4688 1900 4702 ν
1931 4688 2019 4747 vid
2051 4713 2064 4749 :
2091 4693 2201 4748 Cur
2229 4708 2350 4749 cum
2374 4692 2618 4761 improbo
2661 4691 2770 4744 lilio
2801 4690 3122 4745 defecistis?
3150 4689 3261 4745 Cur
3293 4688 3462 4742 tilium

285 4780 360 4851 τῷ
381 4781 623 4851 στόματι.
664 4783 773 4836 Καὶ
812 4784 924 4847 τοῖς
962 4782 1039 4851 τῷ
1077 4783 1425 4856 Ἀϐεσσαλὼμ
1464 4784 1830 4848 συναποξενω-

220 4928 223 4931 λ
286 4874 454 4928 θεῖσιν
482 4873 663 4941 ἔλεγεν
697 4876 725 4926 ὁ
753 4875 911 4928 Δαυϊδ
928 4891 941 4906 ο
976 4873 1043 4927 Τί
1069 4872 1145 4944 τῷ
1167 4874 1383 4946 ἀτάκτῳ
1420 4873 1567 4928 παιδὶ
1593 4876 1828 4945 συναπή-

284 4964 484 5035 χθητε;
530 4963 595 5017 Τί
634 4965 725 5018 τὸν
768 4965 894 5020 Υίδν
926 4966 1066 5019 κατά
1097 4964 1297 5036 πατρὸς
1335 4965 1613 5035 άλείφετες
1649 4964 1713 5016 Τί
1757 4968 1822 5037 τῇ

288 5056 491 5125 ματαίᾳ
526 5054 682 5125 βουλῇ
716 5055 810 5109 τοῦ
875 5056 1147 5128 Ἀχιτόφελ
1189 5055 1613 5128 ἠκολουθήσατε;
1675 5055 1738 5107 Εἰ
1795 5059 1823 5109 ὁ

288 5142 597 5211 κακολογῶν
628 5146 838 5216 πατέρα
863 5147 897 5217 ἢ
926 5148 1137 5219 μητέρα
1181 5145 1405 5200 θανάτου
1435 5145 1599 5210 ἄξιος,
1627 5146 1655 5197 ὀ
1682 5145 1822 5213 κατὰ

288 5232 489 5303 πατρὸς
513 5234 718 5289 ἀκονῶν
756 5235 905 5305 ξίφος
935 5238 1048 5302 υίὸς
1088 5236 1313 5299 ποσάκις
1345 5235 1491 5288 ἐστὶν
1514 5233 1660 5298 ἄξιος
1691 5234 1824 5287 άπο-

284 5325 499 5388 θανεῐν;
550 5324 673 5378 Ἵνα
711 5326 769 5378 τί
814 5322 905 5382 οὖν
938 5326 1201 5397 ἀγαπᾶτε
1221 5327 1577 5398 ματαιότητα
1600 5324 1696 5377 καί
1737 5324 1825 5394 ζη-

287 5413 434 5468 τεῖτε
490 5411 748 5489 ψεῦδος;
801 5414 1008 5480 Ψεῦδος
1062 5418 1209 5486 λέγει
1282 5416 1375 5471 νῦν
1431 5416 1538 5468 πᾶν
1595 5416 1823 5485 πρᾶγμα

294 5502 535 5572 μάταιον,
581 5502 817 5580 ταχεῖανΔ
848 5504 946 5573 τὴν
989 5504 1191 5558 πτῶσιν
1231 5507 1324 5560 καὶ
1358 5503 1651 5577 μεταϐολὴν
1682 5503 1820 5574 ἔχον.

290 5591 459 5659 Πλὴν
471 5592 704 5660 μάταιοι
734 5595 787 5646 οἱ
814 5594 931 5648 υἱοί
967 5593 1082 5648 τῶν
1111 5596 1447 5661 ἀνθρώπων,
1490 5594 1731 5665 ψευδεῖς
1767 5597 1823 5648 oi

291 5681 402 5735 υἱοί
430 5680 548 5734 τῶν
582 5682 905 5752 ἀνθρώπων
924 5685 995 5739 ἐν
1012 5684 1224 5755 ζυγοῖς,
1250 5686 1357 5739 τοῦ
1403 5685 1699 5760 ἀδικῆσαι.

1931 4785 2188 4840 adversus
2217 4791 2428 4853 patrem
2454 4781 2785 4836 concitatis?
2839 4780 3025 4847 Quare
3063 4780 3214 4833 vanis
3241 4778 3462 4834 Achito-
3498 4848 3501 4849 ν

1932 4874 2103 4946 phelis
2133 4872 2376 4929 consiliis
2431 4887 2639 4927 morem.
2665 4873 2853 4943 geritis
2880 4874 2903 4925 ?
2933 4870 2989 4924 Si
3025 4871 3072 4926 is
3113 4872 3205 4940 qui
3242 4871 3444 4926 maledi

1932 4963 2068 5019 xerit
2090 4963 2228 5032 patri
2257 4963 2339 5016 vel
2368 4963 2526 5016 matri
2575 4960 2745 5017 morte
2766 4961 2961 5031 dignus
2988 4971 3070 5016 est
3102 5000 3117 5027 ,
3154 4962 3245 5031 qui
3274 4970 3459 5015 contra

1930 5066 2132 5127 patrem
2166 5055 2398 5124 gladium
2437 5053 2582 5107 acuit
2637 5059 2769 5121 quot
2796 5052 3062 5108 mortibus
3094 5068 3157 5107 ac
3186 5053 3459 5121 suppliciis

1926 5147 2123 5218 dignus
2150 5148 2174 5199 ?
2223 5145 2290 5201 Ut
2314 5146 2437 5217 quid
2477 5146 2637 5216 igitur
2666 5142 2884 5212 diligitis
2912 5146 3189 5199 vanitatem
3233 5152 3285 5197 et
3319 5160 3466 5212 qua-

1928 5237 2045 5290 ritis
2098 5235 2422 5291 mendacium
2451 5236 2480 5290 ἶ
2536 5233 2871 5288 Mendacium
2899 5240 3056 5288 vocat
3101 5232 3459 5303 quodcunque

1929 5338 2125 5377 vanum
2146 5339 2302 5394 opus,
2320 5325 2476 5394 cujus
2498 5330 2743 5392 prompta
2772 5323 2951 5384 ruina,
2984 5323 3259 5391 repentina
3281 5329 3458 5373 muta-

1927 5415 2021 5470 tio.
2068 5414 2426 5470 Verumtamen
2452 5415 2572 5469 vani
2602 5414 2702 5484 ﬁlii
2733 5413 3018 5483 hominum,
3048 5411 3315 5477 mendaces
3356 5411 3456 5479 ﬁlii

1924 5506 2189 5561 hominum
2222 5510 2276 5562 in
2298 5508 2528 5573 stateris,
2563 5516 2620 5561 ut
2641 5490 2831 5576 injuste
2857 5516 3014 5576 agant
3043 5505 3103 5559 ".

364 5856 410 5890 “
447 5854 579 5920 Luc.
610 5873 779 5923 XXIII,
816 5844 919 5917 ιε,
974 5865 1016 5895 ⁸⁸
1054 5862 1210 5917 Prov.
1245 5878 1421 5929 xxvu,
1451 5865 1504 5919 5.
1578 5866 1623 5898 ⁵⁸
1664 5862 1791 5920 Luc.
1823 5877 1991 5926 um.
2021 5861 2047 5916 ‘3

1593 5866 1623 5947 ξι
1664 5862 1791 5920 Luc.
1823 5877 1954 5918 um
1975 5900 1991 5926 .
2021 5861 2076 5916 9;
2153 5863 2203 5897 ’τ’
2238 5861 2391 5918 Joan.
2429 5876 2538 5918 xvu
2563 5900 2577 5926 ,
2607 5862 2692 5917 50.
2765 5859 2815 5941 “A
2848 5857 2991 5915 Psal-
3021 5872 3110 5914 ut
3133 5897 3149 5924 ο
3178 5828 3276 5921 λοι
