  <div class='ocr_page' id='page_1' title='image "/cluster/home/n/w/nwhite01/storage/ocr_20150623/23/coo.31924054873041/073.png"; bbox 0 0 4262 6380; ppageno 0'>
   <div class='ocr_carea' id='block_1_1' title="bbox 787 485 893 542">
    <p class='ocr_par' dir='ltr' id='par_1_1' title="bbox 787 485 893 542">
     <span class='ocr_line' id='line_1_1' title="bbox 787 485 893 542; baseline -0.019 0"><span class='ocrx_word' id='word_1_1' title='bbox 787 485 893 542; x_wconf 77' lang='lat' dir='ltr'><strong>H5</strong></span> 
     </span>
    </p>
   </div>
   <div class='ocr_carea' id='block_1_2' title="bbox 1095 599 2035 660">
    <p class='ocr_par' dir='ltr' id='par_1_2' title="bbox 1095 599 2035 660">
     <span class='ocr_line' id='line_1_2' title="bbox 1095 599 2035 660; baseline 0.005 -6"><span class='ocrx_word' id='word_1_2' title='bbox 1095 599 1647 659; x_wconf 79' lang='lat' dir='ltr'><strong>INTERPRETATIO</strong></span> <span class='ocrx_word' id='word_1_3' title='bbox 1685 602 1934 660; x_wconf 70' lang='lat' dir='ltr'><strong>PSALMl</strong></span> <span class='ocrx_word' id='word_1_4' title='bbox 1971 604 2035 659; x_wconf 71' lang='grc' dir='ltr'><strong>ν.</strong></span> 
     </span>
    </p>
   </div>
   <div class='ocr_carea' id='block_1_3' title="bbox 784 726 2341 805">
    <p class='ocr_par' dir='ltr' id='par_1_3' title="bbox 784 726 2341 805">
     <span class='ocr_line' id='line_1_3' title="bbox 784 726 2341 805; baseline 0.006 -24"><span class='ocrx_word' id='word_1_5' title='bbox 784 726 838 781; x_wconf 67' lang='grc' dir='ltr'>ἱ.</span> <span class='ocrx_word' id='word_1_6' title='bbox 856 726 921 783; x_wconf 81' lang='lat' dir='ltr'><strong>In</strong></span> <span class='ocrx_word' id='word_1_7' title='bbox 949 728 1103 797; x_wconf 79' lang='lat' dir='ltr'><strong>ﬁnem</strong></span> <span class='ocrx_word' id='word_1_8' title='bbox 1132 744 1226 798; x_wconf 89' lang='lat' dir='ltr'><strong>pro</strong></span> <span class='ocrx_word' id='word_1_9' title='bbox 1247 746 1309 785; x_wconf 87' lang='lat' dir='ltr'><strong>ea</strong></span> <span class='ocrx_word' id='word_1_10' title='bbox 1338 747 1453 800; x_wconf 71' lang='lat' dir='ltr'><strong>qua:</strong></span> <span class='ocrx_word' id='word_1_11' title='bbox 1470 732 1829 805; x_wconf 60' lang='lat' dir='ltr'><strong>hwfeditatem</strong></span> <span class='ocrx_word' id='word_1_12' title='bbox 1850 736 2185 805; x_wconf 69' lang='lat' dir='ltr'><strong>consequitur</strong></span> <span class='ocrx_word' id='word_1_13' title='bbox 2206 735 2341 803; x_wconf 80' lang='lat' dir='ltr'><strong>psal-</strong></span> 
     </span>
    </p>
   </div>
   <div class='ocr_carea' id='block_1_4' title="bbox 1395 802 1730 858">
    <p class='ocr_par' dir='ltr' id='par_1_4' title="bbox 1395 802 1730 858">
     <span class='ocr_line' id='line_1_4' title="bbox 1395 802 1730 858; baseline 0.009 -4"><span class='ocrx_word' id='word_1_14' title='bbox 1395 818 1510 855; x_wconf 87' lang='lat' dir='ltr'><strong>mus</strong></span> <span class='ocrx_word' id='word_1_15' title='bbox 1539 802 1730 858; x_wconf 83' lang='lat' dir='ltr'><strong>David.</strong></span> 
     </span>
    </p>
   </div>
   <div class='ocr_carea' id='block_1_5' title="bbox 850 908 2341 989">
    <p class='ocr_par' dir='ltr' id='par_1_5' title="bbox 850 908 2341 989">
     <span class='ocr_line' id='line_1_5' title="bbox 850 908 2341 989; baseline 0.005 -24"><span class='ocrx_word' id='word_1_16' title='bbox 850 908 906 966; x_wconf 85' lang='lat' dir='ltr'><strong>In</strong></span> <span class='ocrx_word' id='word_1_17' title='bbox 932 912 1091 967; x_wconf 88' lang='lat' dir='ltr'><strong>linem</strong></span> <span class='ocrx_word' id='word_1_18' title='bbox 1118 913 1354 985; x_wconf 85' lang='lat' dir='ltr'><strong>hymnus</strong></span> <span class='ocrx_word' id='word_1_19' title='bbox 1382 914 1681 984; x_wconf 77' lang='lat' dir='ltr'><strong>gratiarum</strong></span> <span class='ocrx_word' id='word_1_20' title='bbox 1722 915 1953 971; x_wconf 88' lang='lat' dir='ltr'><strong>actionis</strong></span> <span class='ocrx_word' id='word_1_21' title='bbox 1984 917 2202 971; x_wconf 88' lang='lat' dir='ltr'><strong>canitur</strong></span> <span class='ocrx_word' id='word_1_22' title='bbox 2240 932 2341 989; x_wconf 87' lang='lat' dir='ltr'><strong>pro</strong></span> 
     </span>
    </p>
   </div>
   <div class='ocr_carea' id='block_1_6' title="bbox 782 1003 2341 1076">
    <p class='ocr_par' dir='ltr' id='par_1_6' title="bbox 782 1003 2341 1076">
     <span class='ocr_line' id='line_1_6' title="bbox 782 1003 2341 1076; baseline 0.004 -21"><span class='ocrx_word' id='word_1_23' title='bbox 782 1003 959 1058; x_wconf 86' lang='lat' dir='ltr'><strong>anima</strong></span> <span class='ocrx_word' id='word_1_24' title='bbox 986 1005 1100 1060; x_wconf 84' lang='lat' dir='ltr'><strong>sive</strong></span> <span class='ocrx_word' id='word_1_25' title='bbox 1130 1021 1231 1075; x_wconf 91' lang='lat' dir='ltr'><strong>pro</strong></span> <span class='ocrx_word' id='word_1_26' title='bbox 1252 1005 1517 1070; x_wconf 84' lang='lat' dir='ltr'><strong>Ecclesia,</strong></span> <span class='ocrx_word' id='word_1_27' title='bbox 1545 1023 1665 1076; x_wconf 62' lang='lat' dir='ltr'><strong>qua:</strong></span> <span class='ocrx_word' id='word_1_28' title='bbox 1697 1007 1753 1061; x_wconf 86' lang='lat' dir='ltr'><strong>in</strong></span> <span class='ocrx_word' id='word_1_29' title='bbox 1773 1008 2012 1061; x_wconf 80' lang='lat' dir='ltr'><strong>divinam</strong></span> <span class='ocrx_word' id='word_1_30' title='bbox 2055 1008 2341 1063; x_wconf 61' lang='lat' dir='ltr'><strong>heredita-</strong></span> 
     </span>
    </p>
   </div>
   <div class='ocr_carea' id='block_1_7' title="bbox 779 1092 2339 1167">
    <p class='ocr_par' dir='ltr' id='par_1_7' title="bbox 779 1092 2339 1167">
     <span class='ocr_line' id='line_1_7' title="bbox 779 1092 2339 1167; baseline 0.003 -20"><span class='ocrx_word' id='word_1_31' title='bbox 779 1096 886 1147; x_wconf 88' lang='lat' dir='ltr'><strong>tem</strong></span> <span class='ocrx_word' id='word_1_32' title='bbox 924 1092 1017 1148; x_wconf 86' lang='lat' dir='ltr'><strong>Dei</strong></span> <span class='ocrx_word' id='word_1_33' title='bbox 1051 1093 1268 1151; x_wconf 80' lang='lat' dir='ltr'><strong>famulis</strong></span> <span class='ocrx_word' id='word_1_34' title='bbox 1320 1106 1679 1165; x_wconf 66' lang='lat' dir='ltr'><strong>praeparatam</strong></span> <span class='ocrx_word' id='word_1_35' title='bbox 1737 1096 1979 1151; x_wconf 78' lang='lat' dir='ltr'><strong>ducitur.</strong></span> <span class='ocrx_word' id='word_1_36' title='bbox 2012 1094 2108 1151; x_wconf 87' lang='lat' dir='ltr'><strong>Est</strong></span> <span class='ocrx_word' id='word_1_37' title='bbox 2137 1098 2339 1167; x_wconf 86' lang='lat' dir='ltr'><strong>quippe</strong></span> 
     </span>
    </p>
   </div>
   <div class='ocr_carea' id='block_1_8' title="bbox 779 1185 2338 1259">
    <p class='ocr_par' dir='ltr' id='par_1_8' title="bbox 779 1185 2338 1259">
     <span class='ocr_line' id='line_1_8' title="bbox 779 1185 2338 1259; baseline 0.004 -21"><span class='ocrx_word' id='word_1_38' title='bbox 779 1186 1070 1241; x_wconf 70' lang='lat' dir='ltr'><strong>haereditas</strong></span> <span class='ocrx_word' id='word_1_39' title='bbox 1090 1185 1609 1244; x_wconf 83' lang='lat' dir='ltr'><strong>Deum-colentibus</strong></span> <span class='ocrx_word' id='word_1_40' title='bbox 1642 1200 1861 1257; x_wconf 86' lang='lat' dir='ltr'><strong>parata,</strong></span> <span class='ocrx_word' id='word_1_41' title='bbox 1895 1198 1949 1244; x_wconf 92' lang='lat' dir='ltr'><strong>et</strong></span> <span class='ocrx_word' id='word_1_42' title='bbox 1977 1190 2091 1244; x_wconf 63' lang='lat' dir='ltr'><strong>haec</strong></span> <span class='ocrx_word' id='word_1_43' title='bbox 2122 1188 2338 1259; x_wconf 87' lang='lat' dir='ltr'><strong>quidem</strong></span> 
     </span>
    </p>
   </div>
   <div class='ocr_carea' id='block_1_9' title="bbox 776 1279 2341 1350">
    <p class='ocr_par' dir='ltr' id='par_1_9' title="bbox 776 1279 2341 1350">
     <span class='ocr_line' id='line_1_9' title="bbox 776 1279 2341 1350; baseline 0.002 -19"><span class='ocrx_word' id='word_1_44' title='bbox 776 1294 887 1334; x_wconf 90' lang='lat' dir='ltr'><strong>non</strong></span> <span class='ocrx_word' id='word_1_45' title='bbox 912 1279 1310 1349; x_wconf 86' lang='lat' dir='ltr'><strong>corruptibilis,</strong></span> <span class='ocrx_word' id='word_1_46' title='bbox 1341 1296 1519 1350; x_wconf 88' lang='lat' dir='ltr'><strong>neque</strong></span> <span class='ocrx_word' id='word_1_47' title='bbox 1547 1280 1602 1332; x_wconf 92' lang='lat' dir='ltr'><strong>in</strong></span> <span class='ocrx_word' id='word_1_48' title='bbox 1633 1280 1844 1337; x_wconf 85' lang='lat' dir='ltr'><strong>divitiis</strong></span> <span class='ocrx_word' id='word_1_49' title='bbox 1876 1296 2096 1336; x_wconf 87' lang='lat' dir='ltr'><strong>sensum</strong></span> <span class='ocrx_word' id='word_1_50' title='bbox 2126 1296 2341 1335; x_wconf 86' lang='lat' dir='ltr'><strong>moven-</strong></span> 
     </span>
    </p>
   </div>
   <div class='ocr_carea' id='block_1_10' title="bbox 775 1368 2337 1445">
    <p class='ocr_par' dir='ltr' id='par_1_10' title="bbox 775 1368 2337 1445">
     <span class='ocr_line' id='line_1_10' title="bbox 775 1368 2337 1445; baseline 0.004 -24"><span class='ocrx_word' id='word_1_51' title='bbox 775 1369 924 1423; x_wconf 87' lang='lat' dir='ltr'><strong>tibus</strong></span> <span class='ocrx_word' id='word_1_52' title='bbox 954 1370 1227 1424; x_wconf 87' lang='lat' dir='ltr'><strong>consistit.</strong></span> <span class='ocrx_word' id='word_1_53' title='bbox 1260 1368 1473 1445; x_wconf 86' lang='lat' dir='ltr'><strong>Dicitur</strong></span> <span class='ocrx_word' id='word_1_54' title='bbox 1506 1371 1651 1425; x_wconf 90' lang='lat' dir='ltr'><strong>enim</strong></span> <span class='ocrx_word' id='word_1_55' title='bbox 1703 1370 2044 1427; x_wconf 87' lang='lat' dir='ltr'><strong>inducendos</strong></span> <span class='ocrx_word' id='word_1_56' title='bbox 2095 1372 2337 1427; x_wconf 59' lang='lat' dir='ltr'><strong>heredes</strong></span> 
     </span>
    </p>
   </div>
   <div class='ocr_carea' id='block_1_11' title="bbox 776 1459 2339 1530">
    <p class='ocr_par' dir='ltr' id='par_1_11' title="bbox 776 1459 2339 1530">
     <span class='ocr_line' id='line_1_11' title="bbox 776 1459 2339 1530; baseline 0.005 -21"><span class='ocrx_word' id='word_1_57' title='bbox 776 1459 951 1528; x_wconf 78' lang='lat' dir='ltr'><strong>ipsius</strong></span> <span class='ocrx_word' id='word_1_58' title='bbox 969 1473 1111 1524; x_wconf 88' lang='lat' dir='ltr'><strong>esse,</strong></span> <span class='ocrx_word' id='word_1_59' title='bbox 1141 1460 1197 1513; x_wconf 92' lang='lat' dir='ltr'><strong>in</strong></span> <span class='ocrx_word' id='word_1_60' title='bbox 1210 1459 1571 1515; x_wconf 64' lang='lat' dir='ltr'><strong>haereditatem</strong></span> <span class='ocrx_word' id='word_1_61' title='bbox 1595 1462 2069 1530; x_wconf 86' lang='lat' dir='ltr'><strong>incorruptibilem,</strong></span> <span class='ocrx_word' id='word_1_62' title='bbox 2094 1466 2339 1517; x_wconf 83' lang='lat' dir='ltr'><strong>inconta-</strong></span> 
     </span>
    </p>
   </div>
   <div class='ocr_carea' id='block_1_12' title="bbox 776 1551 2334 1617">
    <p class='ocr_par' dir='ltr' id='par_1_12' title="bbox 776 1551 2334 1617">
     <span class='ocr_line' id='line_1_12' title="bbox 776 1551 2334 1617; baseline 0.004 -14"><span class='ocrx_word' id='word_1_63' title='bbox 776 1552 1059 1616; x_wconf 74' lang='lat' dir='ltr'><strong>minutam,</strong></span> <span class='ocrx_word' id='word_1_64' title='bbox 1085 1551 1594 1617; x_wconf 86' lang='lat' dir='ltr'><strong>immarcescibilem,</strong></span> <span class='ocrx_word' id='word_1_65' title='bbox 1631 1564 1995 1609; x_wconf 77' lang='lat' dir='ltr'><strong>conservatam</strong></span> <span class='ocrx_word' id='word_1_66' title='bbox 2023 1556 2077 1609; x_wconf 87' lang='lat' dir='ltr'><strong>in</strong></span> <span class='ocrx_word' id='word_1_67' title='bbox 2105 1555 2248 1609; x_wconf 70' lang='lat' dir='ltr'><strong>caelis</strong></span> <span class='ocrx_word' id='word_1_68' title='bbox 2262 1557 2334 1608; x_wconf 82' lang='lat'><strong>&quot;.</strong></span> 
     </span>
    </p>
   </div>
   <div class='ocr_carea' id='block_1_13' title="bbox 776 1641 2332 1715">
    <p class='ocr_par' dir='ltr' id='par_1_13' title="bbox 776 1641 2332 1715">
     <span class='ocr_line' id='line_1_13' title="bbox 776 1641 2332 1715; baseline 0.003 -21"><span class='ocrx_word' id='word_1_69' title='bbox 776 1641 835 1694; x_wconf 79' lang='lat' dir='ltr'><strong>in</strong></span> <span class='ocrx_word' id='word_1_70' title='bbox 867 1642 1011 1696; x_wconf 82' lang='lat' dir='ltr'><strong>illam</strong></span> <span class='ocrx_word' id='word_1_71' title='bbox 1048 1657 1145 1698; x_wconf 88' lang='lat' dir='ltr'><strong>eos</strong></span> <span class='ocrx_word' id='word_1_72' title='bbox 1184 1643 1277 1713; x_wconf 86' lang='lat' dir='ltr'><strong>qui</strong></span> <span class='ocrx_word' id='word_1_73' title='bbox 1310 1643 1462 1715; x_wconf 80' lang='lat' dir='ltr'><strong>digni</strong></span> <span class='ocrx_word' id='word_1_74' title='bbox 1515 1652 1643 1699; x_wconf 88' lang='lat' dir='ltr'><strong>sunt</strong></span> <span class='ocrx_word' id='word_1_75' title='bbox 1683 1660 1920 1701; x_wconf 82' lang='lat' dir='ltr'><strong>evocans</strong></span> <span class='ocrx_word' id='word_1_76' title='bbox 1950 1644 2200 1699; x_wconf 87' lang='lat' dir='ltr'><strong>Salvator</strong></span> <span class='ocrx_word' id='word_1_77' title='bbox 2219 1644 2332 1699; x_wconf 88' lang='lat' dir='ltr'><strong>ait:</strong></span> 
     </span>
    </p>
   </div>
   <div class='ocr_carea' id='block_1_14' title="bbox 784 1733 2332 1805">
    <p class='ocr_par' dir='ltr' id='par_1_14' title="bbox 784 1733 2332 1805">
     <span class='ocr_line' id='line_1_14' title="bbox 784 1733 2332 1805; baseline 0.001 -17"><span class='ocrx_word' id='word_1_78' title='bbox 784 1733 963 1790; x_wconf 77' lang='lat' dir='ltr'><strong>Venite</strong></span> <span class='ocrx_word' id='word_1_79' title='bbox 993 1737 1082 1805; x_wconf 89' lang='lat' dir='ltr'><strong>qui</strong></span> <span class='ocrx_word' id='word_1_80' title='bbox 1113 1754 1145 1789; x_wconf 94' lang='lat' dir='ltr'><strong>a</strong></span> <span class='ocrx_word' id='word_1_81' title='bbox 1170 1736 1370 1791; x_wconf 72' lang='lat' dir='ltr'><strong>dextris</strong></span> <span class='ocrx_word' id='word_1_82' title='bbox 1398 1738 1527 1791; x_wconf 89' lang='lat' dir='ltr'><strong>meis</strong></span> <span class='ocrx_word' id='word_1_83' title='bbox 1551 1738 1704 1801; x_wconf 83' lang='lat' dir='ltr'><strong>estis,</strong></span> <span class='ocrx_word' id='word_1_84' title='bbox 1736 1738 1987 1792; x_wconf 88' lang='lat' dir='ltr'><strong>benedicti</strong></span> <span class='ocrx_word' id='word_1_85' title='bbox 2018 1737 2199 1790; x_wconf 84' lang='lat' dir='ltr'><strong>Patris</strong></span> <span class='ocrx_word' id='word_1_86' title='bbox 2212 1739 2332 1801; x_wconf 83' lang='lat' dir='ltr'><strong>mei,</strong></span> 
     </span>
    </p>
   </div>
   <div class='ocr_carea' id='block_1_15' title="bbox 771 1825 2336 1897">
    <p class='ocr_par' dir='ltr' id='par_1_15' title="bbox 771 1825 2336 1897">
     <span class='ocr_line' id='line_1_15' title="bbox 771 1825 2336 1897; baseline 0.001 -18"><span class='ocrx_word' id='word_1_87' title='bbox 771 1825 1030 1895; x_wconf 78' lang='lat' dir='ltr'><strong>possidete</strong></span> <span class='ocrx_word' id='word_1_88' title='bbox 1048 1836 1296 1897; x_wconf 86' lang='lat' dir='ltr'><strong>paratum</strong></span> <span class='ocrx_word' id='word_1_89' title='bbox 1324 1827 1468 1880; x_wconf 72' lang='lat' dir='ltr'><strong>vobis</strong></span> <span class='ocrx_word' id='word_1_90' title='bbox 1502 1843 1721 1896; x_wconf 85' lang='lat' dir='ltr'><strong>regnum</strong></span> <span class='ocrx_word' id='word_1_91' title='bbox 1744 1828 1813 1884; x_wconf 79' lang='grc' dir='ltr'><strong>⁸ο.</strong></span> <span class='ocrx_word' id='word_1_92' title='bbox 1845 1826 2022 1895; x_wconf 80' lang='lat' dir='ltr'><strong>Hujus</strong></span> <span class='ocrx_word' id='word_1_93' title='bbox 2040 1842 2224 1882; x_wconf 90' lang='lat' dir='ltr'><strong>amore</strong></span> <span class='ocrx_word' id='word_1_94' title='bbox 2243 1842 2336 1881; x_wconf 88' lang='lat' dir='ltr'><strong>ca-</strong></span> 
     </span>
    </p>
   </div>
   <div class='ocr_carea' id='block_1_16' title="bbox 772 1918 2331 1989">
    <p class='ocr_par' dir='ltr' id='par_1_16' title="bbox 772 1918 2331 1989">
     <span class='ocr_line' id='line_1_16' title="bbox 772 1918 2331 1989; baseline 0 -17"><span class='ocrx_word' id='word_1_95' title='bbox 772 1926 899 1988; x_wconf 87' lang='lat' dir='ltr'><strong>ptus</strong></span> <span class='ocrx_word' id='word_1_96' title='bbox 956 1919 1048 1987; x_wconf 90' lang='lat' dir='ltr'><strong>qui</strong></span> <span class='ocrx_word' id='word_1_97' title='bbox 1115 1925 1434 1986; x_wconf 57' lang='lat' dir='ltr'><strong>praesentem</strong></span> <span class='ocrx_word' id='word_1_98' title='bbox 1491 1918 1758 1987; x_wconf 89' lang='lat' dir='ltr'><strong>psalmum</strong></span> <span class='ocrx_word' id='word_1_99' title='bbox 1824 1920 2035 1982; x_wconf 83' lang='lat' dir='ltr'><strong>recitat,</strong></span> <span class='ocrx_word' id='word_1_100' title='bbox 2084 1918 2193 1974; x_wconf 91' lang='lat' dir='ltr'><strong>Dco</strong></span> <span class='ocrx_word' id='word_1_101' title='bbox 2240 1918 2331 1989; x_wconf 89' lang='lat' dir='ltr'><strong>qui</strong></span> 
     </span>
    </p>
   </div>
   <div class='ocr_carea' id='block_1_17' title="bbox 772 2008 2335 2083">
    <p class='ocr_par' dir='ltr' id='par_1_17' title="bbox 772 2008 2335 2083">
     <span class='ocr_line' id='line_1_17' title="bbox 772 2008 2335 2083; baseline 0.001 -18"><span class='ocrx_word' id='word_1_102' title='bbox 772 2012 951 2081; x_wconf 88' lang='lat' dir='ltr'><strong>ipsam</strong></span> <span class='ocrx_word' id='word_1_103' title='bbox 974 2010 1293 2080; x_wconf 64' lang='lat' dir='ltr'><strong>praeparavit</strong></span> <span class='ocrx_word' id='word_1_104' title='bbox 1318 2008 1618 2065; x_wconf 85' lang='lat' dir='ltr'><strong>orationem</strong></span> <span class='ocrx_word' id='word_1_105' title='bbox 1634 2010 1851 2074; x_wconf 85' lang='lat' dir='ltr'><strong>emittit,</strong></span> <span class='ocrx_word' id='word_1_106' title='bbox 1870 2018 1929 2065; x_wconf 91' lang='lat' dir='ltr'><strong>ut</strong></span> <span class='ocrx_word' id='word_1_107' title='bbox 1944 2012 2140 2083; x_wconf 82' lang='lat' dir='ltr'><strong>dignus</strong></span> <span class='ocrx_word' id='word_1_108' title='bbox 2173 2012 2335 2067; x_wconf 55' lang='lat' dir='ltr'><strong>habe.</strong></span> 
     </span>
    </p>
   </div>
   <div class='ocr_carea' id='block_1_18' title="bbox 772 2101 2331 2171">
    <p class='ocr_par' dir='ltr' id='par_1_18' title="bbox 772 2101 2331 2171">
     <span class='ocr_line' id='line_1_18' title="bbox 772 2101 2331 2171; baseline 0.002 -15"><span class='ocrx_word' id='word_1_109' title='bbox 772 2112 894 2156; x_wconf 90' lang='lat' dir='ltr'><strong>atur</strong></span> <span class='ocrx_word' id='word_1_110' title='bbox 920 2101 1012 2171; x_wconf 90' lang='lat' dir='ltr'><strong>qui</strong></span> <span class='ocrx_word' id='word_1_111' title='bbox 1040 2113 1161 2163; x_wconf 84' lang='lat' dir='ltr'><strong>eam</strong></span> <span class='ocrx_word' id='word_1_112' title='bbox 1190 2103 1486 2157; x_wconf 87' lang='lat' dir='ltr'><strong>secundum</strong></span> <span class='ocrx_word' id='word_1_113' title='bbox 1535 2111 1921 2159; x_wconf 84' lang='lat' dir='ltr'><strong>testamentum</strong></span> <span class='ocrx_word' id='word_1_114' title='bbox 1955 2119 2157 2157; x_wconf 88' lang='lat' dir='ltr'><strong>novum</strong></span> <span class='ocrx_word' id='word_1_115' title='bbox 2198 2118 2331 2158; x_wconf 90' lang='lat' dir='ltr'><strong>con-</strong></span> 
     </span>
    </p>
   </div>
   <div class='ocr_carea' id='block_1_19' title="bbox 771 2192 2330 2263">
    <p class='ocr_par' dir='ltr' id='par_1_19' title="bbox 771 2192 2330 2263">
     <span class='ocr_line' id='line_1_19' title="bbox 771 2192 2330 2263; baseline 0 -16"><span class='ocrx_word' id='word_1_116' title='bbox 771 2199 1053 2261; x_wconf 75' lang='lat' dir='ltr'><strong>sequatur,</strong></span> <span class='ocrx_word' id='word_1_117' title='bbox 1084 2192 1158 2247; x_wconf 90' lang='lat' dir='ltr'><strong>ita</strong></span> <span class='ocrx_word' id='word_1_118' title='bbox 1186 2200 1244 2247; x_wconf 91' lang='lat' dir='ltr'><strong>ut</strong></span> <span class='ocrx_word' id='word_1_119' title='bbox 1268 2192 1625 2263; x_wconf 90' lang='lat' dir='ltr'><strong>inscriptione</strong></span> <span class='ocrx_word' id='word_1_120' title='bbox 1644 2193 1771 2257; x_wconf 85' lang='lat' dir='ltr'><strong>illa,</strong></span> <span class='ocrx_word' id='word_1_121' title='bbox 1800 2209 1897 2263; x_wconf 83' lang='lat' dir='ltr'><strong>pro</strong></span> <span class='ocrx_word' id='word_1_122' title='bbox 1933 2210 1995 2247; x_wconf 86' lang='lat' dir='ltr'><strong>ea</strong></span> <span class='ocrx_word' id='word_1_123' title='bbox 2024 2208 2141 2262; x_wconf 68' lang='lat' dir='ltr'><strong>qua</strong></span> <span class='ocrx_word' id='word_1_124' title='bbox 2166 2193 2330 2247; x_wconf 78' lang='lat' dir='ltr'><strong>tuere-</strong></span> 
     </span>
    </p>
   </div>
   <div class='ocr_carea' id='block_1_20' title="bbox 770 2282 2327 2354">
    <p class='ocr_par' dir='ltr' id='par_1_20' title="bbox 770 2282 2327 2354">
     <span class='ocr_line' id='line_1_20' title="bbox 770 2282 2327 2354; baseline 0.003 -19"><span class='ocrx_word' id='word_1_125' title='bbox 770 2282 991 2336; x_wconf 80' lang='lat' dir='ltr'><strong>ditatem</strong></span> <span class='ocrx_word' id='word_1_126' title='bbox 1038 2284 1392 2354; x_wconf 82' lang='lat' dir='ltr'><strong>consequitur,</strong></span> <span class='ocrx_word' id='word_1_127' title='bbox 1422 2297 1578 2338; x_wconf 89' lang='lat' dir='ltr'><strong>suam</strong></span> <span class='ocrx_word' id='word_1_128' title='bbox 1631 2283 1807 2353; x_wconf 90' lang='lat' dir='ltr'><strong>ipsam</strong></span> <span class='ocrx_word' id='word_1_129' title='bbox 1856 2284 2095 2337; x_wconf 87' lang='lat' dir='ltr'><strong>animam</strong></span> <span class='ocrx_word' id='word_1_130' title='bbox 2122 2300 2126 2303; x_wconf 90' lang='grc'>·</span> <span class='ocrx_word' id='word_1_131' title='bbox 2154 2285 2327 2354; x_wconf 85' lang='lat' dir='ltr'><strong>signi-</strong></span> 
     </span>
    </p>
   </div>
   <div class='ocr_carea' id='block_1_21' title="bbox 770 2372 917 2428">
    <p class='ocr_par' dir='ltr' id='par_1_21' title="bbox 770 2372 917 2428">
     <span class='ocr_line' id='line_1_21' title="bbox 770 2372 917 2428; baseline 0.014 -2"><span class='ocrx_word' id='word_1_132' title='bbox 770 2372 917 2428; x_wconf 78' lang='lat' dir='ltr'><strong>licet.</strong></span> 
     </span>
    </p>
   </div>
   <div class='ocr_carea' id='block_1_22' title="bbox 837 2465 2328 2535">
    <p class='ocr_par' dir='ltr' id='par_1_22' title="bbox 837 2465 2328 2535">
     <span class='ocr_line' id='line_1_22' title="bbox 837 2465 2328 2535; baseline 0.001 -14"><span class='ocrx_word' id='word_1_133' title='bbox 837 2466 1007 2523; x_wconf 71' lang='lat' dir='ltr'><strong>Vens.</strong></span> <span class='ocrx_word' id='word_1_134' title='bbox 1029 2467 1087 2522; x_wconf 74' lang='lat'><strong>2.</strong></span> <span class='ocrx_word' id='word_1_135' title='bbox 1124 2465 1293 2520; x_wconf 86' lang='lat' dir='ltr'><strong>Verba</strong></span> <span class='ocrx_word' id='word_1_136' title='bbox 1320 2482 1436 2520; x_wconf 88' lang='lat' dir='ltr'><strong>mea</strong></span> <span class='ocrx_word' id='word_1_137' title='bbox 1464 2465 1681 2521; x_wconf 79' lang='lat' dir='ltr'><strong>auribus</strong></span> <span class='ocrx_word' id='word_1_138' title='bbox 1718 2468 1939 2535; x_wconf 85' lang='lat' dir='ltr'><strong>percipe,</strong></span> <span class='ocrx_word' id='word_1_139' title='bbox 1970 2465 2208 2534; x_wconf 70' lang='lat' dir='ltr'><strong>Domine,</strong></span> <span class='ocrx_word' id='word_1_140' title='bbox 2240 2470 2328 2523; x_wconf 86' lang='lat' dir='ltr'><strong>in-</strong></span> 
     </span>
    </p>
   </div>
   <div class='ocr_carea' id='block_1_23' title="bbox 769 2558 2330 2637">
    <p class='ocr_par' dir='ltr' id='par_1_23' title="bbox 769 2558 2330 2637">
     <span class='ocr_line' id='line_1_23' title="bbox 769 2558 2330 2637; baseline 0.001 -22"><span class='ocrx_word' id='word_1_141' title='bbox 769 2561 943 2632; x_wconf 80' lang='lat' dir='ltr'><strong>tellige</strong></span> <span class='ocrx_word' id='word_1_142' title='bbox 973 2561 1251 2614; x_wconf 84' lang='lat' dir='ltr'><strong>clamorem</strong></span> <span class='ocrx_word' id='word_1_143' title='bbox 1285 2560 1474 2612; x_wconf 80' lang='lat' dir='ltr'><strong>meum.</strong></span> <span class='ocrx_word' id='word_1_144' title='bbox 1510 2558 1651 2614; x_wconf 89' lang='lat' dir='ltr'><strong>Sane</strong></span> <span class='ocrx_word' id='word_1_145' title='bbox 1676 2560 1841 2614; x_wconf 90' lang='lat' dir='ltr'><strong>verba</strong></span> <span class='ocrx_word' id='word_1_146' title='bbox 1868 2575 1963 2637; x_wconf 73' lang='lat' dir='ltr'><strong>ore</strong></span> <span class='ocrx_word' id='word_1_147' title='bbox 1994 2561 2204 2629; x_wconf 87' lang='lat' dir='ltr'><strong>prolata</strong></span> <span class='ocrx_word' id='word_1_148' title='bbox 2232 2576 2330 2617; x_wconf 85' lang='lat' dir='ltr'><strong>au-.</strong></span> 
     </span>
    </p>
   </div>
   <div class='ocr_carea' id='block_1_24' title="bbox 767 2646 2325 2718">
    <p class='ocr_par' dir='ltr' id='par_1_24' title="bbox 767 2646 2325 2718">
     <span class='ocr_line' id='line_1_24' title="bbox 767 2646 2325 2718; baseline 0.001 -17"><span class='ocrx_word' id='word_1_149' title='bbox 767 2647 923 2701; x_wconf 84' lang='lat' dir='ltr'><strong>ribus</strong></span> <span class='ocrx_word' id='word_1_150' title='bbox 970 2648 1346 2718; x_wconf 87' lang='lat' dir='ltr'><strong>percipiuntur</strong></span> <span class='ocrx_word' id='word_1_151' title='bbox 1374 2654 1429 2702; x_wconf 90' lang='lat' dir='ltr'><strong>et</strong></span> <span class='ocrx_word' id='word_1_152' title='bbox 1459 2646 1756 2702; x_wconf 87' lang='lat' dir='ltr'><strong>audiuntur</strong></span> <span class='ocrx_word' id='word_1_153' title='bbox 1807 2668 1820 2703; x_wconf 90' lang='lat'><strong>:</strong></span> <span class='ocrx_word' id='word_1_154' title='bbox 1876 2649 2082 2705; x_wconf 88' lang='lat' dir='ltr'><strong>clamor</strong></span> <span class='ocrx_word' id='word_1_155' title='bbox 2124 2657 2325 2715; x_wconf 87' lang='lat' dir='ltr'><strong>autem,</strong></span> 
     </span>
    </p>
   </div>
   <div class='ocr_carea' id='block_1_25' title="bbox 767 2736 2330 2808">
    <p class='ocr_par' dir='ltr' id='par_1_25' title="bbox 767 2736 2330 2808">
     <span class='ocr_line' id='line_1_25' title="bbox 767 2736 2330 2808; baseline 0.003 -17"><span class='ocrx_word' id='word_1_156' title='bbox 767 2752 877 2792; x_wconf 89' lang='lat' dir='ltr'><strong>non</strong></span> <span class='ocrx_word' id='word_1_157' title='bbox 910 2736 1128 2807; x_wconf 88' lang='lat' dir='ltr'><strong>quidem</strong></span> <span class='ocrx_word' id='word_1_158' title='bbox 1157 2738 1359 2802; x_wconf 83' lang='lat' dir='ltr'><strong>verbis,</strong></span> <span class='ocrx_word' id='word_1_159' title='bbox 1412 2738 1623 2793; x_wconf 88' lang='lat' dir='ltr'><strong>etiamsi</strong></span> <span class='ocrx_word' id='word_1_160' title='bbox 1657 2738 1762 2808; x_wconf 91' lang='lat' dir='ltr'><strong>ipsi</strong></span> <span class='ocrx_word' id='word_1_161' title='bbox 1794 2739 1992 2794; x_wconf 79' lang='lat' dir='ltr'><strong>dican&#39;t</strong></span> <span class='ocrx_word' id='word_1_162' title='bbox 2010 2738 2177 2794; x_wconf 86' lang='lat' dir='ltr'><strong>Deum</strong></span> <span class='ocrx_word' id='word_1_163' title='bbox 2210 2741 2330 2795; x_wconf 92' lang='lat' dir='ltr'><strong>uni-</strong></span> 
     </span>
    </p>
   </div>
   <div class='ocr_carea' id='block_1_26' title="bbox 767 2830 2329 2901">
    <p class='ocr_par' dir='ltr' id='par_1_26' title="bbox 767 2830 2329 2901">
     <span class='ocr_line' id='line_1_26' title="bbox 767 2830 2329 2901; baseline 0.001 -18"><span class='ocrx_word' id='word_1_164' title='bbox 767 2844 1047 2885; x_wconf 89' lang='lat' dir='ltr'><strong>versorum</strong></span> <span class='ocrx_word' id='word_1_165' title='bbox 1080 2846 1140 2886; x_wconf 80' lang='lat' dir='ltr'><strong>se</strong></span> <span class='ocrx_word' id='word_1_166' title='bbox 1167 2844 1519 2901; x_wconf 76' lang='lat' dir='ltr'><strong>cognoscere,</strong></span> <span class='ocrx_word' id='word_1_167' title='bbox 1542 2845 1604 2884; x_wconf 89' lang='lat' dir='ltr'><strong>ac</strong></span> <span class='ocrx_word' id='word_1_168' title='bbox 1632 2830 1790 2885; x_wconf 90' lang='lat' dir='ltr'><strong>labiis</strong></span> <span class='ocrx_word' id='word_1_169' title='bbox 1818 2830 2104 2897; x_wconf 82' lang='lat' dir='ltr'><strong>conﬁteri;</strong></span> <span class='ocrx_word' id='word_1_170' title='bbox 2142 2831 2240 2887; x_wconf 87' lang='lat' dir='ltr'><strong>sed</strong></span> <span class='ocrx_word' id='word_1_171' title='bbox 2272 2832 2329 2886; x_wconf 89' lang='lat' dir='ltr'><strong>in</strong></span> 
     </span>
    </p>
   </div>
   <div class='ocr_carea' id='block_1_27' title="bbox 766 2904 2328 2983">
    <p class='ocr_par' dir='ltr' id='par_1_27' title="bbox 766 2904 2328 2983">
     <span class='ocr_line' id='line_1_27' title="bbox 766 2904 2328 2983; baseline 0.003 -12"><span class='ocrx_word' id='word_1_172' title='bbox 766 2904 953 2983; x_wconf 77' lang='lat' dir='ltr'><strong>corde,</strong></span> <span class='ocrx_word' id='word_1_173' title='bbox 1000 2919 1115 2975; x_wconf 87' lang='lat' dir='ltr'><strong>sive</strong></span> <span class='ocrx_word' id='word_1_174' title='bbox 1159 2920 1214 2973; x_wconf 90' lang='lat' dir='ltr'><strong>in</strong></span> <span class='ocrx_word' id='word_1_175' title='bbox 1240 2926 1421 2974; x_wconf 88' lang='lat' dir='ltr'><strong>mente</strong></span> <span class='ocrx_word' id='word_1_176' title='bbox 1466 2934 1652 2974; x_wconf 88' lang='lat' dir='ltr'><strong>eorum</strong></span> <span class='ocrx_word' id='word_1_177' title='bbox 1686 2920 1900 2974; x_wconf 77' lang='lat' dir='ltr'><strong>exsistit</strong></span> <span class='ocrx_word' id='word_1_178' title='bbox 1940 2938 1955 2975; x_wconf 90' lang='lat'><strong>:</strong></span> <span class='ocrx_word' id='word_1_179' title='bbox 2007 2935 2071 2975; x_wconf 90' lang='lat' dir='ltr'><strong>ac</strong></span> <span class='ocrx_word' id='word_1_180' title='bbox 2108 2937 2176 2975; x_wconf 91' lang='lat' dir='ltr'><strong>ne</strong></span> <span class='ocrx_word' id='word_1_181' title='bbox 2222 2937 2328 2976; x_wconf 91' lang='lat' dir='ltr'><strong>una</strong></span> 
     </span>
    </p>
   </div>
   <div class='ocr_carea' id='block_1_28' title="bbox 765 3008 2329 3081">
    <p class='ocr_par' dir='ltr' id='par_1_28' title="bbox 765 3008 2329 3081">
     <span class='ocr_line' id='line_1_28' title="bbox 765 3008 2329 3081; baseline 0.001 -16"><span class='ocrx_word' id='word_1_182' title='bbox 765 3011 983 3081; x_wconf 87' lang='lat' dir='ltr'><strong>quidem</strong></span> <span class='ocrx_word' id='word_1_183' title='bbox 1011 3024 1139 3065; x_wconf 83' lang='lat' dir='ltr'><strong>vera</strong></span> <span class='ocrx_word' id='word_1_184' title='bbox 1171 3010 1238 3065; x_wconf 85' lang='lat' dir='ltr'><strong>de</strong></span> <span class='ocrx_word' id='word_1_185' title='bbox 1260 3008 1369 3065; x_wconf 90' lang='lat' dir='ltr'><strong>Deo</strong></span> <span class='ocrx_word' id='word_1_186' title='bbox 1399 3009 1659 3080; x_wconf 73' lang='lat' dir='ltr'><strong>cogitatio</strong></span> <span class='ocrx_word' id='word_1_187' title='bbox 1682 3017 1816 3064; x_wconf 89' lang='lat' dir='ltr'><strong>erat.</strong></span> <span class='ocrx_word' id='word_1_188' title='bbox 1850 3008 2170 3080; x_wconf 74' lang='lat' dir='ltr'><strong>Huiusmodi</strong></span> <span class='ocrx_word' id='word_1_189' title='bbox 2202 3027 2329 3081; x_wconf 88' lang='lat' dir='ltr'><strong>pro-</strong></span> 
     </span>
    </p>
   </div>
   <div class='ocr_carea' id='block_1_29' title="bbox 765 3099 2326 3174">
    <p class='ocr_par' dir='ltr' id='par_1_29' title="bbox 765 3099 2326 3174">
     <span class='ocr_line' id='line_1_29' title="bbox 765 3099 2326 3174; baseline 0.002 -19"><span class='ocrx_word' id='word_1_190' title='bbox 765 3100 908 3157; x_wconf 79' lang='lat' dir='ltr'><strong>fecto</strong></span> <span class='ocrx_word' id='word_1_191' title='bbox 928 3109 1045 3155; x_wconf 89' lang='lat' dir='ltr'><strong>erat</strong></span> <span class='ocrx_word' id='word_1_192' title='bbox 1076 3108 1201 3156; x_wconf 89' lang='lat' dir='ltr'><strong>ante</strong></span> <span class='ocrx_word' id='word_1_193' title='bbox 1218 3099 1512 3156; x_wconf 86' lang='lat' dir='ltr'><strong>Salvatoris</strong></span> <span class='ocrx_word' id='word_1_194' title='bbox 1528 3100 1817 3174; x_wconf 81' lang='lat' dir='ltr'><strong>adventum</strong></span> <span class='ocrx_word' id='word_1_195' title='bbox 1843 3109 2015 3155; x_wconf 91' lang='lat' dir='ltr'><strong>totum</strong></span> <span class='ocrx_word' id='word_1_196' title='bbox 2048 3102 2326 3158; x_wconf 85' lang='lat' dir='ltr'><strong>hominum</strong></span> 
     </span>
    </p>
   </div>
   <div class='ocr_carea' id='block_1_30' title="bbox 766 3182 2327 3262">
    <p class='ocr_par' dir='ltr' id='par_1_30' title="bbox 766 3182 2327 3262">
     <span class='ocr_line' id='line_1_30' title="bbox 766 3182 2327 3262; baseline 0.001 -15"><span class='ocrx_word' id='word_1_197' title='bbox 766 3182 956 3262; x_wconf 84' lang='lat' dir='ltr'><strong>genus.</strong></span> <span class='ocrx_word' id='word_1_198' title='bbox 982 3190 1249 3262; x_wconf 87' lang='lat' dir='ltr'><strong>lnsipiens</strong></span> <span class='ocrx_word' id='word_1_199' title='bbox 1288 3201 1467 3247; x_wconf 90' lang='lat' dir='ltr'><strong>autem</strong></span> <span class='ocrx_word' id='word_1_200' title='bbox 1509 3191 1798 3246; x_wconf 82' lang='lat' dir='ltr'><strong>admodum</strong></span> <span class='ocrx_word' id='word_1_201' title='bbox 1823 3208 1950 3246; x_wconf 89' lang='lat' dir='ltr'><strong>vere</strong></span> <span class='ocrx_word' id='word_1_202' title='bbox 1979 3206 2042 3246; x_wconf 88' lang='lat' dir='ltr'><strong>ac</strong></span> <span class='ocrx_word' id='word_1_203' title='bbox 2072 3188 2327 3262; x_wconf 78' lang='lat' dir='ltr'><strong>germane</strong></span> 
     </span>
    </p>
   </div>
   <div class='ocr_carea' id='block_1_31' title="bbox 1444 486 3306 561">
    <p class='ocr_par' dir='ltr' id='par_1_31' title="bbox 1444 486 3306 561">
     <span class='ocr_line' id='line_1_31' title="bbox 1444 486 3306 561; baseline 0 -21"><span class='ocrx_word' id='word_1_204' title='bbox 1444 486 1710 543; x_wconf 85' lang='lat' dir='ltr'><strong>EUSEBII</strong></span> <span class='ocrx_word' id='word_1_205' title='bbox 1750 487 2228 545; x_wconf 64' lang='lat' dir='ltr'><strong>CESARIENSIS</strong></span> <span class='ocrx_word' id='word_1_206' title='bbox 2264 489 2414 546; x_wconf 84' lang='lat' dir='ltr'><strong>OPP.</strong></span> <span class='ocrx_word' id='word_1_207' title='bbox 2456 488 2636 547; x_wconf 80' lang='lat' dir='ltr'><strong>PARS</strong></span> <span class='ocrx_word' id='word_1_208' title='bbox 2672 487 2758 561; x_wconf 80' lang='grc' dir='ltr'><strong>ΠΙ.</strong></span> <span class='ocrx_word' id='word_1_209' title='bbox 2791 518 2865 531; x_wconf 89' lang='grc'><strong><em>-</em></strong></span> <span class='ocrx_word' id='word_1_210' title='bbox 2899 486 3306 543; x_wconf 71' lang='grc' dir='ltr'><strong>ΕΧΕΕΕΤΙΟΑ.</strong></span> 
     </span>
    </p>
   </div>
   <div class='ocr_carea' id='block_1_32' title="bbox 2368 609 2418 671">
    <p class='ocr_par' dir='ltr' id='par_1_32' title="bbox 2368 609 2418 671">
     <span class='ocr_line' id='line_1_32' title="bbox 2368 609 2418 671; baseline 0 -5"><span class='ocrx_word' id='word_1_211' title='bbox 2368 609 2418 671; x_wconf 67' lang='grc' dir='ltr'><strong>Δ</strong></span> 
     </span>
    </p>
   </div>
   <div class='ocr_carea' id='block_1_33' title="bbox 3898 484 4009 542">
    <p class='ocr_par' dir='ltr' id='par_1_33' title="bbox 3898 484 4009 542">
     <span class='ocr_line' id='line_1_33' title="bbox 3898 484 4009 542; baseline -0.009 0"><span class='ocrx_word' id='word_1_212' title='bbox 3898 484 4009 542; x_wconf 77' lang='lat'><strong>“6</strong></span> 
     </span>
    </p>
   </div>
   <div class='ocr_carea' id='block_1_34' title="bbox 2824 600 3609 660">
    <p class='ocr_par' dir='ltr' id='par_1_34' title="bbox 2824 600 3609 660">
     <span class='ocr_line' id='line_1_34' title="bbox 2824 600 3609 660; baseline -0.004 0"><span class='ocrx_word' id='word_1_213' title='bbox 2824 606 3180 660; x_wconf 80' lang='lat' dir='ltr'><strong>EPMHNEI’A</strong></span> <span class='ocrx_word' id='word_1_214' title='bbox 3205 603 3503 658; x_wconf 72' lang='lat' dir='ltr'><strong>‘PAAMOT</strong></span> <span class='ocrx_word' id='word_1_215' title='bbox 3533 600 3609 659; x_wconf 78' lang='lat' dir='ltr'><strong>E’.</strong></span> 
     </span>
    </p>
   </div>
   <div class='ocr_carea' id='block_1_35' title="bbox 2441 734 4009 860">
    <p class='ocr_par' dir='ltr' id='par_1_35' title="bbox 2441 734 4009 860">
     <span class='ocr_line' id='line_1_35' title="bbox 2441 734 4009 860; baseline -0.002 -68"><span class='ocrx_word' id='word_1_216' title='bbox 2441 739 2546 806; x_wconf 80' lang='grc' dir='ltr'><strong>Εις</strong></span> <span class='ocrx_word' id='word_1_217' title='bbox 2578 740 2642 794; x_wconf 83' lang='grc' dir='ltr'>τὸ</span> <span class='ocrx_word' id='word_1_218' title='bbox 2675 739 2852 807; x_wconf 71' lang='grc' dir='ltr'>τέλος</span> <span class='ocrx_word' id='word_1_219' title='bbox 2891 736 3721 860; x_wconf 49' lang='grc' dir='ltr'>ὑπὲρτέῆῖἒέῑτὲρονομούσης</span> <span class='ocrx_word' id='word_1_220' title='bbox 3760 734 4009 805; x_wconf 70' lang='grc' dir='ltr'>ψαλμὸς</span> 
     </span>
    </p>
   </div>
   <div class='ocr_carea' id='block_1_36' title="bbox 3056 825 3375 872">
    <p class='ocr_par' dir='ltr' id='par_1_36' title="bbox 3056 825 3375 872">
     <span class='ocr_line' id='line_1_36' title="bbox 3056 825 3375 872; baseline 0 -12"><span class='ocrx_word' id='word_1_221' title='bbox 3056 825 3135 872; x_wconf 86' lang='grc' dir='ltr'>τῳ</span> <span class='ocrx_word' id='word_1_222' title='bbox 3179 825 3375 861; x_wconf 77' lang='grc' dir='ltr'>ααυιο.</span> 
     </span>
    </p>
   </div>
   <div class='ocr_carea' id='block_1_37' title="bbox 2509 916 4009 991">
    <p class='ocr_par' dir='ltr' id='par_1_37' title="bbox 2509 916 4009 991">
     <span class='ocr_line' id='line_1_37' title="bbox 2509 916 4009 991; baseline -0.001 -17"><span class='ocrx_word' id='word_1_223' title='bbox 2509 920 2603 985; x_wconf 70' lang='grc' dir='ltr'><strong>Εἰς</strong></span> <span class='ocrx_word' id='word_1_224' title='bbox 2635 920 2700 974; x_wconf 80' lang='grc' dir='ltr'>τὸ</span> <span class='ocrx_word' id='word_1_225' title='bbox 2746 919 2896 983; x_wconf 80' lang='grc' dir='ltr'>τέλος</span> <span class='ocrx_word' id='word_1_226' title='bbox 2948 920 3299 991; x_wconf 83' lang='grc' dir='ltr'>χαριστήριος</span> <span class='ocrx_word' id='word_1_227' title='bbox 3325 919 3490 989; x_wconf 77' lang='grc' dir='ltr'>ὓμνος</span> <span class='ocrx_word' id='word_1_228' title='bbox 3517 919 3702 991; x_wconf 74' lang='grc' dir='ltr'>ᾄδεται</span> <span class='ocrx_word' id='word_1_229' title='bbox 3741 919 3879 989; x_wconf 78' lang='grc' dir='ltr'>ὑπὲρ</span> <span class='ocrx_word' id='word_1_230' title='bbox 3899 916 4009 989; x_wconf 79' lang='grc' dir='ltr'>τῆς</span> 
     </span>
    </p>
   </div>
   <div class='ocr_carea' id='block_1_38' title="bbox 2438 1010 4006 1082">
    <p class='ocr_par' dir='ltr' id='par_1_38' title="bbox 2438 1010 4006 1082">
     <span class='ocr_line' id='line_1_38' title="bbox 2438 1010 4006 1082; baseline -0.003 -17"><span class='ocrx_word' id='word_1_231' title='bbox 2438 1012 2709 1082; x_wconf 80' lang='grc' dir='ltr'><strong>ἀγομένης</strong></span> <span class='ocrx_word' id='word_1_232' title='bbox 2737 1011 2934 1082; x_wconf 82' lang='grc' dir='ltr'>ψυχῆς,</span> <span class='ocrx_word' id='word_1_233' title='bbox 2968 1012 3086 1082; x_wconf 76' lang='grc' dir='ltr'>ἦτοι</span> <span class='ocrx_word' id='word_1_234' title='bbox 3136 1010 3475 1081; x_wconf 79' lang='grc' dir='ltr'>Ἐκκλησίας,</span> <span class='ocrx_word' id='word_1_235' title='bbox 3507 1015 3587 1075; x_wconf 80' lang='grc' dir='ltr'>εἰς</span> <span class='ocrx_word' id='word_1_236' title='bbox 3620 1010 3768 1063; x_wconf 90' lang='grc' dir='ltr'>θείαν</span> <span class='ocrx_word' id='word_1_237' title='bbox 3800 1010 4006 1080; x_wconf 89' lang='grc' dir='ltr'>κληρο-</span> 
     </span>
    </p>
   </div>
   <div class='ocr_carea' id='block_1_39' title="bbox 2436 1102 4006 1175">
    <p class='ocr_par' dir='ltr' id='par_1_39' title="bbox 2436 1102 4006 1175">
     <span class='ocr_line' id='line_1_39' title="bbox 2436 1102 4006 1175; baseline 0 -18"><span class='ocrx_word' id='word_1_238' title='bbox 2436 1105 2623 1174; x_wconf 88' lang='grc' dir='ltr'>νομίαν</span> <span class='ocrx_word' id='word_1_239' title='bbox 2642 1104 3049 1175; x_wconf 78' lang='grc' dir='ltr'><strong>ἡτοιμασμένην</strong></span> <span class='ocrx_word' id='word_1_240' title='bbox 3069 1106 3180 1167; x_wconf 77' lang='grc' dir='ltr'>τοῖς</span> <span class='ocrx_word' id='word_1_241' title='bbox 3193 1102 3285 1157; x_wconf 78' lang='grc' dir='ltr'><strong>τοῦ</strong></span> <span class='ocrx_word' id='word_1_242' title='bbox 3300 1102 3435 1157; x_wconf 83' lang='grc' dir='ltr'><strong>Θεοῦ</strong></span> <span class='ocrx_word' id='word_1_243' title='bbox 3449 1103 3823 1175; x_wconf 83' lang='grc' dir='ltr'>θεραπευταῖς.</span> <span class='ocrx_word' id='word_1_244' title='bbox 3850 1102 4006 1157; x_wconf 70' lang='grc' dir='ltr'>Ἐστὶ</span> 
     </span>
    </p>
   </div>
   <div class='ocr_carea' id='block_1_40' title="bbox 2436 1194 4005 1267">
    <p class='ocr_par' dir='ltr' id='par_1_40' title="bbox 2436 1194 4005 1267">
     <span class='ocr_line' id='line_1_40' title="bbox 2436 1194 4005 1267; baseline 0.001 -19"><span class='ocrx_word' id='word_1_245' title='bbox 2436 1195 2543 1267; x_wconf 77' lang='grc' dir='ltr'><strong>γὰρ</strong></span> <span class='ocrx_word' id='word_1_246' title='bbox 2574 1195 2904 1267; x_wconf 75' lang='grc' dir='ltr'><strong>κληρονομία</strong></span> <span class='ocrx_word' id='word_1_247' title='bbox 2956 1198 3065 1259; x_wconf 83' lang='grc' dir='ltr'>τοῖς</span> <span class='ocrx_word' id='word_1_248' title='bbox 3117 1194 3474 1266; x_wconf 83' lang='grc' dir='ltr'><strong>θεραπεύουσι</strong></span> <span class='ocrx_word' id='word_1_249' title='bbox 3499 1194 3727 1266; x_wconf 80' lang='grc' dir='ltr'>Κύριον·</span> <span class='ocrx_word' id='word_1_250' title='bbox 3762 1196 3918 1249; x_wconf 87' lang='grc' dir='ltr'>Ἔστι</span> <span class='ocrx_word' id='word_1_251' title='bbox 3944 1194 4005 1248; x_wconf 78' lang='grc' dir='ltr'><strong>δὲ</strong></span> 
     </span>
    </p>
   </div>
   <div class='ocr_carea' id='block_1_41' title="bbox 2437 1282 4001 1358">
    <p class='ocr_par' dir='ltr' id='par_1_41' title="bbox 2437 1282 4001 1358">
     <span class='ocr_line' id='line_1_41' title="bbox 2437 1282 4001 1358; baseline 0.001 -20"><span class='ocrx_word' id='word_1_252' title='bbox 2437 1286 2572 1358; x_wconf 78' lang='grc' dir='ltr'>αὕτη</span> <span class='ocrx_word' id='word_1_253' title='bbox 2594 1287 2655 1340; x_wconf 83' lang='grc' dir='ltr'>οὺ</span> <span class='ocrx_word' id='word_1_254' title='bbox 2687 1287 2897 1358; x_wconf 83' lang='grc' dir='ltr'>φθαρτὴ</span> <span class='ocrx_word' id='word_1_255' title='bbox 2916 1288 3009 1340; x_wconf 77' lang='grc' dir='ltr'><strong>καὶ</strong></span> <span class='ocrx_word' id='word_1_256' title='bbox 3034 1289 3091 1340; x_wconf 88' lang='grc' dir='ltr'><strong>ἐν</strong></span> <span class='ocrx_word' id='word_1_257' title='bbox 3116 1286 3355 1357; x_wconf 77' lang='grc' dir='ltr'><strong>αἰσθητῷ</strong></span> <span class='ocrx_word' id='word_1_258' title='bbox 3374 1285 3585 1357; x_wconf 83' lang='grc' dir='ltr'>πλούτῳ</span> <span class='ocrx_word' id='word_1_259' title='bbox 3613 1286 3807 1356; x_wconf 74' lang='grc' dir='ltr'>ἔχουσα</span> <span class='ocrx_word' id='word_1_260' title='bbox 3836 1282 4001 1341; x_wconf 83' lang='grc' dir='ltr'>εἶναι.</span> 
     </span>
    </p>
   </div>
   <div class='ocr_carea' id='block_1_42' title="bbox 2437 1377 4005 1449">
    <p class='ocr_par' dir='ltr' id='par_1_42' title="bbox 2437 1377 4005 1449">
     <span class='ocr_line' id='line_1_42' title="bbox 2437 1377 4005 1449; baseline 0 -18"><span class='ocrx_word' id='word_1_261' title='bbox 2437 1378 2662 1449; x_wconf 80' lang='grc' dir='ltr'>Εἴρηται</span> <span class='ocrx_word' id='word_1_262' title='bbox 2698 1380 2804 1449; x_wconf 89' lang='grc' dir='ltr'><strong>γάρ</strong></span> <span class='ocrx_word' id='word_1_263' title='bbox 2855 1379 3165 1448; x_wconf 74' lang='grc' dir='ltr'><strong>εἰσάγεσθαι</strong></span> <span class='ocrx_word' id='word_1_264' title='bbox 3213 1380 3340 1443; x_wconf 79' lang='grc' dir='ltr'>τοὺς</span> <span class='ocrx_word' id='word_1_265' title='bbox 3377 1377 3576 1447; x_wconf 80' lang='grc' dir='ltr'><strong>ταύτης</strong></span> <span class='ocrx_word' id='word_1_266' title='bbox 3633 1377 4005 1449; x_wconf 82' lang='grc' dir='ltr'>κληρονόμους</span> 
     </span>
    </p>
   </div>
   <div class='ocr_carea' id='block_1_43' title="bbox 2434 1466 4008 1538">
    <p class='ocr_par' dir='ltr' id='par_1_43' title="bbox 2434 1466 4008 1538">
     <span class='ocr_line' id='line_1_43' title="bbox 2434 1466 4008 1538; baseline -0.002 -15"><span class='ocrx_word' id='word_1_267' title='bbox 2434 1472 2522 1535; x_wconf 83' lang='grc' dir='ltr'>εὶς</span> <span class='ocrx_word' id='word_1_268' title='bbox 2542 1470 2940 1538; x_wconf 74' lang='grc' dir='ltr'>κληρονομίαν</span> <span class='ocrx_word' id='word_1_269' title='bbox 2965 1470 3266 1538; x_wconf 76' lang='grc' dir='ltr'>ἆφθαρτον</span> <span class='ocrx_word' id='word_1_270' title='bbox 3292 1469 3390 1523; x_wconf 78' lang='grc' dir='ltr'>καὶ</span> <span class='ocrx_word' id='word_1_271' title='bbox 3408 1470 3697 1537; x_wconf 83' lang='grc' dir='ltr'>ἀμίαντον</span> <span class='ocrx_word' id='word_1_272' title='bbox 3726 1468 3821 1520; x_wconf 77' lang='grc' dir='ltr'>καὶ</span> <span class='ocrx_word' id='word_1_273' title='bbox 3852 1466 4008 1537; x_wconf 79' lang='grc' dir='ltr'>ἀμά-</span> 
     </span>
    </p>
   </div>
   <div class='ocr_carea' id='block_1_44' title="bbox 2427 1560 4007 1631">
    <p class='ocr_par' dir='ltr' id='par_1_44' title="bbox 2427 1560 4007 1631">
     <span class='ocr_line' id='line_1_44' title="bbox 2427 1560 4007 1631; baseline -0.001 -17"><span class='ocrx_word' id='word_1_274' title='bbox 2427 1578 2671 1629; x_wconf 82' lang='grc' dir='ltr'>ραντον,</span> <span class='ocrx_word' id='word_1_275' title='bbox 2693 1562 3095 1631; x_wconf 80' lang='grc' dir='ltr'>τετηρημένην</span> <span class='ocrx_word' id='word_1_276' title='bbox 3110 1562 3181 1615; x_wconf 85' lang='grc' dir='ltr'><strong>ἐν</strong></span> <span class='ocrx_word' id='word_1_277' title='bbox 3197 1562 3493 1630; x_wconf 82' lang='grc' dir='ltr'><strong>οὐρανοῖς.</strong></span> <span class='ocrx_word' id='word_1_278' title='bbox 3524 1561 3616 1625; x_wconf 79' lang='grc' dir='ltr'>Εἰς</span> <span class='ocrx_word' id='word_1_279' title='bbox 3646 1560 3848 1631; x_wconf 79' lang='grc' dir='ltr'>ταύτην</span> <span class='ocrx_word' id='word_1_280' title='bbox 3873 1560 4007 1624; x_wconf 74' lang='grc' dir='ltr'>τοὺς</span> 
     </span>
    </p>
   </div>
   <div class='ocr_carea' id='block_1_45' title="bbox 2434 1644 4007 1723">
    <p class='ocr_par' dir='ltr' id='par_1_45' title="bbox 2434 1644 4007 1723">
     <span class='ocr_line' id='line_1_45' title="bbox 2434 1644 4007 1723; baseline -0.003 -18"><span class='ocrx_word' id='word_1_281' title='bbox 2434 1653 2616 1718; x_wconf 81' lang='grc' dir='ltr'>ἀξίους</span> <span class='ocrx_word' id='word_1_282' title='bbox 2639 1653 2817 1706; x_wconf 83' lang='grc' dir='ltr'>καλῶν</span> <span class='ocrx_word' id='word_1_283' title='bbox 2849 1655 2876 1706; x_wconf 91' lang='grc' dir='ltr'><strong>ό</strong></span> <span class='ocrx_word' id='word_1_284' title='bbox 2898 1653 3086 1723; x_wconf 83' lang='grc' dir='ltr'>Σωτήρ</span> <span class='ocrx_word' id='word_1_285' title='bbox 3103 1669 3117 1681; x_wconf 71' lang='grc' dir='ltr'>σ</span> <span class='ocrx_word' id='word_1_286' title='bbox 3145 1650 3321 1705; x_wconf 84' lang='grc' dir='ltr'>Δεῦτε</span> <span class='ocrx_word' id='word_1_287' title='bbox 3348 1651 3415 1703; x_wconf 79' lang='grc' dir='ltr'><strong>ἐκ</strong></span> <span class='ocrx_word' id='word_1_288' title='bbox 3437 1648 3653 1714; x_wconf 77' lang='grc' dir='ltr'>δεξιῶν</span> <span class='ocrx_word' id='word_1_289' title='bbox 3664 1666 3803 1718; x_wconf 89' lang='grc' dir='ltr'>μου,</span> <span class='ocrx_word' id='word_1_290' title='bbox 3835 1644 4007 1715; x_wconf 78' lang='grc' dir='ltr'>εἴπερ</span> 
     </span>
    </p>
   </div>
   <div class='ocr_carea' id='block_1_46' title="bbox 2435 1742 4007 1816">
    <p class='ocr_par' dir='ltr' id='par_1_46' title="bbox 2435 1742 4007 1816">
     <span class='ocr_line' id='line_1_46' title="bbox 2435 1742 4007 1816; baseline 0.005 -16"><span class='ocrx_word' id='word_1_291' title='bbox 2435 1746 2553 1816; x_wconf 85' lang='lat' dir='ltr'><strong>(sic)</strong></span> <span class='ocrx_word' id='word_1_292' title='bbox 2589 1749 2643 1799; x_wconf 77' lang='grc' dir='ltr'>οἱ</span> <span class='ocrx_word' id='word_1_293' title='bbox 2688 1744 3079 1812; x_wconf 70' lang='grc' dir='ltr'><strong>εὐλογημένοι</strong></span> <span class='ocrx_word' id='word_1_294' title='bbox 3123 1742 3226 1797; x_wconf 88' lang='grc' dir='ltr'>τοῦ</span> <span class='ocrx_word' id='word_1_295' title='bbox 3276 1745 3505 1810; x_wconf 83' lang='grc' dir='ltr'>Πατρός</span> <span class='ocrx_word' id='word_1_296' title='bbox 3539 1759 3678 1811; x_wconf 80' lang='grc' dir='ltr'>μου.</span> <span class='ocrx_word' id='word_1_297' title='bbox 3716 1743 4007 1807; x_wconf 74' lang='grc' dir='ltr'>κληρονο-</span> 
     </span>
    </p>
   </div>
   <div class='ocr_carea' id='block_1_47' title="bbox 2426 1831 4005 1907">
    <p class='ocr_par' dir='ltr' id='par_1_47' title="bbox 2426 1831 4005 1907">
     <span class='ocr_line' id='line_1_47' title="bbox 2426 1831 4005 1907; baseline -0.004 -16"><span class='ocrx_word' id='word_1_298' title='bbox 2426 1838 2661 1907; x_wconf 86' lang='grc' dir='ltr'>μήσατε</span> <span class='ocrx_word' id='word_1_299' title='bbox 2681 1836 2795 1903; x_wconf 79' lang='grc' dir='ltr'>τὴν</span> <span class='ocrx_word' id='word_1_300' title='bbox 2809 1834 3254 1903; x_wconf 76' lang='grc' dir='ltr'><strong>ἡτοιμασμένην</strong></span> <span class='ocrx_word' id='word_1_301' title='bbox 3267 1833 3410 1902; x_wconf 84' lang='grc' dir='ltr'>ὑμῖν</span> <span class='ocrx_word' id='word_1_302' title='bbox 3424 1834 3768 1897; x_wconf 74' lang='grc' dir='ltr'>βασιλείαν.</span> <span class='ocrx_word' id='word_1_303' title='bbox 3782 1831 4005 1902; x_wconf 80' lang='grc' dir='ltr'><strong>Ταύτης</strong></span> 
     </span>
    </p>
   </div>
   <div class='ocr_carea' id='block_1_48' title="bbox 2362 1922 4003 2017">
    <p class='ocr_par' dir='ltr' id='par_1_48' title="bbox 2362 1922 4003 2017">
     <span class='ocr_line' id='line_1_48' title="bbox 2362 1922 4003 2017; baseline -0.004 -36"><span class='ocrx_word' id='word_1_304' title='bbox 2362 1962 2405 2017; x_wconf 74' lang='grc' dir='ltr'><strong>Β</strong></span> <span class='ocrx_word' id='word_1_305' title='bbox 2433 1928 2610 1998; x_wconf 74' lang='grc' dir='ltr'>ἔρωτα</span> <span class='ocrx_word' id='word_1_306' title='bbox 2642 1924 2865 1978; x_wconf 77' lang='grc' dir='ltr'>λαϐὼνό</span> <span class='ocrx_word' id='word_1_307' title='bbox 2891 1925 2981 1976; x_wconf 83' lang='grc' dir='ltr'>τὸν</span> <span class='ocrx_word' id='word_1_308' title='bbox 3007 1925 3320 1993; x_wconf 77' lang='grc' dir='ltr'><strong>ἐγκείμενον</strong></span> <span class='ocrx_word' id='word_1_309' title='bbox 3357 1922 3570 1994; x_wconf 77' lang='grc' dir='ltr'>ψαλμὸν</span> <span class='ocrx_word' id='word_1_310' title='bbox 3607 1922 3801 1991; x_wconf 86' lang='grc' dir='ltr'>λέγων,</span> <span class='ocrx_word' id='word_1_311' title='bbox 3835 1922 4003 1993; x_wconf 81' lang='grc' dir='ltr'>εὐχὴν</span> 
     </span>
    </p>
   </div>
   <div class='ocr_carea' id='block_1_49' title="bbox 2432 2016 4001 2090">
    <p class='ocr_par' dir='ltr' id='par_1_49' title="bbox 2432 2016 4001 2090">
     <span class='ocr_line' id='line_1_49' title="bbox 2432 2016 4001 2090; baseline -0.001 -18"><span class='ocrx_word' id='word_1_312' title='bbox 2432 2019 2743 2089; x_wconf 75' lang='grc' dir='ltr'>ἀναπέμπει</span> <span class='ocrx_word' id='word_1_313' title='bbox 2785 2018 2861 2089; x_wconf 84' lang='grc' dir='ltr'>τῷ</span> <span class='ocrx_word' id='word_1_314' title='bbox 2906 2018 3280 2088; x_wconf 84' lang='grc' dir='ltr'>εὐτρεπίσαντι</span> <span class='ocrx_word' id='word_1_315' title='bbox 3306 2018 3476 2090; x_wconf 75' lang='grc' dir='ltr'>αὐτὴν</span> <span class='ocrx_word' id='word_1_316' title='bbox 3510 2016 3649 2087; x_wconf 84' lang='grc' dir='ltr'><strong>Θεῷ,</strong></span> <span class='ocrx_word' id='word_1_317' title='bbox 3680 2018 3767 2071; x_wconf 69' lang='lat' dir='ltr'><strong>Eva</strong></span> <span class='ocrx_word' id='word_1_318' title='bbox 3793 2016 4001 2088; x_wconf 73' lang='grc' dir='ltr'>ἀξιωθῇ</span> 
     </span>
    </p>
   </div>
   <div class='ocr_carea' id='block_1_50' title="bbox 2431 2094 4067 2179">
    <p class='ocr_par' dir='ltr' id='par_1_50' title="bbox 2431 2094 4067 2179">
     <span class='ocr_line' id='line_1_50' title="bbox 2431 2094 4067 2179; baseline -0.001 -20"><span class='ocrx_word' id='word_1_319' title='bbox 2431 2107 2764 2179; x_wconf 79' lang='grc' dir='ltr'>κληρονόμος</span> <span class='ocrx_word' id='word_1_320' title='bbox 2825 2109 2993 2178; x_wconf 85' lang='grc' dir='ltr'>αὐτῆς</span> <span class='ocrx_word' id='word_1_321' title='bbox 3048 2108 3189 2161; x_wconf 86' lang='grc' dir='ltr'><strong>κατά</strong></span> <span class='ocrx_word' id='word_1_322' title='bbox 3214 2106 3312 2177; x_wconf 82' lang='grc' dir='ltr'>τὴν</span> <span class='ocrx_word' id='word_1_323' title='bbox 3345 2107 3534 2177; x_wconf 80' lang='grc' dir='ltr'>καινὴν</span> <span class='ocrx_word' id='word_1_324' title='bbox 3573 2106 3833 2177; x_wconf 83' lang='grc' dir='ltr'><strong>διαθήκην</strong></span> <span class='ocrx_word' id='word_1_325' title='bbox 3864 2106 4001 2157; x_wconf 86' lang='grc' dir='ltr'>ἀνα-</span> <span class='ocrx_word' id='word_1_326' title='bbox 4066 2094 4067 2097; x_wconf 28' lang='grc'><em>“</em></span> 
     </span>
    </p>
   </div>
   <div class='ocr_carea' id='block_1_51' title="bbox 2429 2195 4001 2270">
    <p class='ocr_par' dir='ltr' id='par_1_51' title="bbox 2429 2195 4001 2270">
     <span class='ocr_line' id='line_1_51' title="bbox 2429 2195 4001 2270; baseline -0.001 -19"><span class='ocrx_word' id='word_1_327' title='bbox 2429 2199 2701 2270; x_wconf 79' lang='grc' dir='ltr'><strong>δειχθῆναι</strong></span> <span class='ocrx_word' id='word_1_328' title='bbox 2726 2217 2740 2231; x_wconf 79' lang='grc'><em>’</em></span> <span class='ocrx_word' id='word_1_329' title='bbox 2770 2200 2846 2263; x_wconf 87' lang='grc' dir='ltr'>ὠς</span> <span class='ocrx_word' id='word_1_330' title='bbox 2884 2200 2977 2253; x_wconf 79' lang='grc' dir='ltr'>καὶ</span> <span class='ocrx_word' id='word_1_331' title='bbox 3044 2200 3173 2270; x_wconf 79' lang='grc' dir='ltr'>περὶ</span> <span class='ocrx_word' id='word_1_332' title='bbox 3218 2199 3317 2268; x_wconf 81' lang='grc' dir='ltr'>τῆς</span> <span class='ocrx_word' id='word_1_333' title='bbox 3342 2197 3505 2252; x_wconf 83' lang='grc' dir='ltr'>αὐτοῦ</span> <span class='ocrx_word' id='word_1_334' title='bbox 3542 2196 3717 2268; x_wconf 77' lang='grc' dir='ltr'>ψυχῆς</span> <span class='ocrx_word' id='word_1_335' title='bbox 3744 2195 4001 2268; x_wconf 81' lang='grc' dir='ltr'>σημαίνει</span> 
     </span>
    </p>
   </div>
   <div class='ocr_carea' id='block_1_52' title="bbox 2430 2288 3858 2363">
    <p class='ocr_par' dir='ltr' id='par_1_52' title="bbox 2430 2288 3858 2363">
     <span class='ocr_line' id='line_1_52' title="bbox 2430 2288 3858 2363; baseline -0.001 -19"><span class='ocrx_word' id='word_1_336' title='bbox 2430 2291 2527 2363; x_wconf 82' lang='grc' dir='ltr'>τὴν</span> <span class='ocrx_word' id='word_1_337' title='bbox 2558 2292 2864 2363; x_wconf 81' lang='grc' dir='ltr'>ἐπιγραφὴν</span> <span class='ocrx_word' id='word_1_338' title='bbox 2895 2291 2993 2362; x_wconf 83' lang='grc' dir='ltr'>τὴν</span> <span class='ocrx_word' id='word_1_339' title='bbox 3018 2289 3170 2359; x_wconf 82' lang='grc' dir='ltr'>ὑπὲρ</span> <span class='ocrx_word' id='word_1_340' title='bbox 3199 2288 3309 2358; x_wconf 86' lang='grc' dir='ltr'>τῆς</span> <span class='ocrx_word' id='word_1_341' title='bbox 3344 2289 3858 2359; x_wconf 76' lang='grc' dir='ltr'>κληρονομούσης.</span> 
     </span>
    </p>
   </div>
   <div class='ocr_carea' id='block_1_53' title="bbox 2503 2462 3997 2536">
    <p class='ocr_par' dir='ltr' id='par_1_53' title="bbox 2503 2462 3997 2536">
     <span class='ocr_line' id='line_1_53' title="bbox 2503 2462 3997 2536; baseline -0.003 -13"><span class='ocrx_word' id='word_1_342' title='bbox 2503 2468 2580 2523; x_wconf 83' lang='grc' dir='ltr'><em>Τὰ</em></span> <span class='ocrx_word' id='word_1_343' title='bbox 2624 2467 2862 2536; x_wconf 73' lang='grc' dir='ltr'>ῥήματά</span> <span class='ocrx_word' id='word_1_344' title='bbox 2910 2485 3029 2535; x_wconf 87' lang='grc' dir='ltr'>μου</span> <span class='ocrx_word' id='word_1_345' title='bbox 3086 2466 3383 2529; x_wconf 81' lang='grc' dir='ltr'>ὲνωτίσαι,</span> <span class='ocrx_word' id='word_1_346' title='bbox 3430 2466 3638 2534; x_wconf 79' lang='grc' dir='ltr'>Κύριε,</span> <span class='ocrx_word' id='word_1_347' title='bbox 3683 2467 3866 2530; x_wconf 83' lang='grc' dir='ltr'>σύνες</span> <span class='ocrx_word' id='word_1_348' title='bbox 3917 2462 3997 2532; x_wconf 73' lang='grc' dir='ltr'>τῇ</span> 
     </span>
    </p>
   </div>
   <div class='ocr_carea' id='block_1_54' title="bbox 2428 2552 3997 2628">
    <p class='ocr_par' dir='ltr' id='par_1_54' title="bbox 2428 2552 3997 2628">
     <span class='ocr_line' id='line_1_54' title="bbox 2428 2552 3997 2628; baseline -0.003 -16"><span class='ocrx_word' id='word_1_349' title='bbox 2428 2557 2658 2627; x_wconf 80' lang='grc' dir='ltr'>κραυγῇ</span> <span class='ocrx_word' id='word_1_350' title='bbox 2705 2575 2845 2627; x_wconf 85' lang='grc' dir='ltr'>μου.</span> <span class='ocrx_word' id='word_1_351' title='bbox 2891 2558 2971 2611; x_wconf 85' lang='grc' dir='ltr'><strong>Τὰ</strong></span> <span class='ocrx_word' id='word_1_352' title='bbox 3026 2556 3126 2628; x_wconf 83' lang='grc' dir='ltr'>μὲν</span> <span class='ocrx_word' id='word_1_353' title='bbox 3175 2552 3267 2611; x_wconf 79' lang='grc' dir='ltr'>οὖν</span> <span class='ocrx_word' id='word_1_354' title='bbox 3325 2558 3541 2627; x_wconf 79' lang='grc' dir='ltr'>ῥήματα</span> <span class='ocrx_word' id='word_1_355' title='bbox 3590 2555 3680 2609; x_wconf 80' lang='grc' dir='ltr'>διὰ</span> <span class='ocrx_word' id='word_1_356' title='bbox 3727 2556 3997 2624; x_wconf 86' lang='grc' dir='ltr'>στόματος</span> 
     </span>
    </p>
   </div>
   <div class='ocr_carea' id='block_1_55' title="bbox 2384 2642 3999 2716">
    <p class='ocr_par' dir='ltr' id='par_1_55' title="bbox 2384 2642 3999 2716">
     <span class='ocr_line' id='line_1_55' title="bbox 2384 2642 3999 2716; baseline 0.002 -21"><span class='ocrx_word' id='word_1_357' title='bbox 2384 2690 2390 2695; x_wconf 83' lang='grc'><strong>.</strong></span> <span class='ocrx_word' id='word_1_358' title='bbox 2427 2646 2866 2716; x_wconf 75' lang='grc' dir='ltr'>ἐπαγγελλόμενα</span> <span class='ocrx_word' id='word_1_359' title='bbox 2901 2646 3032 2698; x_wconf 72' lang='grc' dir='ltr'>ὠσὶν</span> <span class='ocrx_word' id='word_1_360' title='bbox 3078 2644 3328 2697; x_wconf 86' lang='grc' dir='ltr'>ἀκούεται</span> <span class='ocrx_word' id='word_1_361' title='bbox 3375 2646 3465 2699; x_wconf 78' lang='grc' dir='ltr'>καὶ</span> <span class='ocrx_word' id='word_1_362' title='bbox 3491 2644 3833 2708; x_wconf 78' lang='grc' dir='ltr'>ἐνωτίζεται’</span> <span class='ocrx_word' id='word_1_363' title='bbox 3865 2646 3897 2712; x_wconf 75' lang='grc' dir='ltr'>ἡ</span> <span class='ocrx_word' id='word_1_364' title='bbox 3932 2642 3999 2699; x_wconf 79' lang='grc' dir='ltr'><strong>δὲ</strong></span> 
     </span>
    </p>
   </div>
   <div class='ocr_carea' id='block_1_56' title="bbox 2428 2726 3995 2807">
    <p class='ocr_par' dir='ltr' id='par_1_56' title="bbox 2428 2726 3995 2807">
     <span class='ocr_line' id='line_1_56' title="bbox 2428 2726 3995 2807; baseline -0.002 -19"><span class='ocrx_word' id='word_1_365' title='bbox 2428 2736 2639 2807; x_wconf 82' lang='grc' dir='ltr'>κραυγὴ</span> <span class='ocrx_word' id='word_1_366' title='bbox 2686 2737 2748 2789; x_wconf 84' lang='grc' dir='ltr'>οὐ</span> <span class='ocrx_word' id='word_1_367' title='bbox 2799 2736 2885 2789; x_wconf 85' lang='grc' dir='ltr'>διὰ</span> <span class='ocrx_word' id='word_1_368' title='bbox 2916 2734 3024 2788; x_wconf 85' lang='grc' dir='ltr'><strong>τῶν</strong></span> <span class='ocrx_word' id='word_1_369' title='bbox 3074 2734 3264 2804; x_wconf 86' lang='grc' dir='ltr'>λόγων,</span> <span class='ocrx_word' id='word_1_370' title='bbox 3308 2734 3409 2789; x_wconf 80' lang='grc' dir='ltr'>κᾶν</span> <span class='ocrx_word' id='word_1_371' title='bbox 3455 2735 3608 2788; x_wconf 77' lang='grc' dir='ltr'>αὐτοὶ</span> <span class='ocrx_word' id='word_1_372' title='bbox 3653 2726 3995 2788; x_wconf 72' lang='grc' dir='ltr'>είδέναιὲκαὶ</span> 
     </span>
    </p>
   </div>
   <div class='ocr_carea' id='block_1_57' title="bbox 2426 2826 3989 2907">
    <p class='ocr_par' dir='ltr' id='par_1_57' title="bbox 2426 2826 3989 2907">
     <span class='ocr_line' id='line_1_57' title="bbox 2426 2826 3989 2907; baseline -0.003 -26"><span class='ocrx_word' id='word_1_373' title='bbox 2426 2830 2702 2899; x_wconf 82' lang='grc' dir='ltr'>ὁμολογεῖν</span> <span class='ocrx_word' id='word_1_374' title='bbox 2728 2828 2817 2881; x_wconf 83' lang='grc' dir='ltr'>τὸν</span> <span class='ocrx_word' id='word_1_375' title='bbox 2838 2829 2932 2881; x_wconf 77' lang='grc' dir='ltr'>ἐπὶ</span> <span class='ocrx_word' id='word_1_376' title='bbox 2962 2828 3177 2882; x_wconf 88' lang='grc' dir='ltr'>πάντων</span> <span class='ocrx_word' id='word_1_377' title='bbox 3194 2828 3325 2882; x_wconf 82' lang='grc' dir='ltr'>Θεὸν</span> <span class='ocrx_word' id='word_1_378' title='bbox 3345 2829 3455 2907; x_wconf 82' lang='grc' dir='ltr'>τοῖς</span> <span class='ocrx_word' id='word_1_379' title='bbox 3472 2826 3669 2897; x_wconf 86' lang='grc' dir='ltr'>χείλεσι</span> <span class='ocrx_word' id='word_1_380' title='bbox 3698 2826 3989 2895; x_wconf 80' lang='grc' dir='ltr'>φάσκοιεν·</span> 
     </span>
    </p>
   </div>
   <div class='ocr_carea' id='block_1_58' title="bbox 2426 2912 3992 2992">
    <p class='ocr_par' dir='ltr' id='par_1_58' title="bbox 2426 2912 3992 2992">
     <span class='ocr_line' id='line_1_58' title="bbox 2426 2912 3992 2992; baseline -0.004 -18"><span class='ocrx_word' id='word_1_381' title='bbox 2426 2922 2538 2976; x_wconf 89' lang='grc' dir='ltr'>ἀλλ’</span> <span class='ocrx_word' id='word_1_382' title='bbox 2561 2923 2616 2973; x_wconf 81' lang='grc' dir='ltr'>ὲν</span> <span class='ocrx_word' id='word_1_383' title='bbox 2645 2924 2710 2992; x_wconf 80' lang='grc' dir='ltr'>τῇ</span> <span class='ocrx_word' id='word_1_384' title='bbox 2744 2920 2953 2992; x_wconf 80' lang='grc' dir='ltr'>καρδίᾳ’</span> <span class='ocrx_word' id='word_1_385' title='bbox 2997 2918 3225 2983; x_wconf 82' lang='grc' dir='ltr'>ἐαυτῶν,</span> <span class='ocrx_word' id='word_1_386' title='bbox 3260 2918 3534 2973; x_wconf 80' lang='grc' dir='ltr'>τουτέστιν</span> <span class='ocrx_word' id='word_1_387' title='bbox 3569 2920 3625 2971; x_wconf 87' lang='grc' dir='ltr'><strong>ἐν</strong></span> <span class='ocrx_word' id='word_1_388' title='bbox 3654 2919 3717 2987; x_wconf 82' lang='grc' dir='ltr'><strong>τῇ</strong></span> <span class='ocrx_word' id='word_1_389' title='bbox 3742 2912 3953 2987; x_wconf 68' lang='grc' dir='ltr'>διανοίᾳ</span> <span class='ocrx_word' id='word_1_390' title='bbox 3973 2928 3992 2946; x_wconf 84' lang='grc'>⁶</span> 
     </span>
    </p>
   </div>
   <div class='ocr_carea' id='block_1_59' title="bbox 2425 3006 3987 3082">
    <p class='ocr_par' dir='ltr' id='par_1_59' title="bbox 2425 3006 3987 3082">
     <span class='ocr_line' id='line_1_59' title="bbox 2425 3006 3987 3082; baseline -0.004 -17"><span class='ocrx_word' id='word_1_391' title='bbox 2425 3012 2544 3066; x_wconf 76' lang='grc' dir='ltr'><strong>οὐδὲ</strong></span> <span class='ocrx_word' id='word_1_392' title='bbox 2601 3011 2697 3082; x_wconf 85' lang='grc' dir='ltr'><strong>μία</strong></span> <span class='ocrx_word' id='word_1_393' title='bbox 2747 3027 2829 3075; x_wconf 86' lang='grc' dir='ltr'><strong>τις</strong></span> <span class='ocrx_word' id='word_1_394' title='bbox 2882 3011 3088 3081; x_wconf 82' lang='grc' dir='ltr'>ἀληθὴς</span> <span class='ocrx_word' id='word_1_395' title='bbox 3144 3010 3271 3082; x_wconf 75' lang='grc' dir='ltr'>περὶ</span> <span class='ocrx_word' id='word_1_396' title='bbox 3320 3010 3455 3063; x_wconf 81' lang='grc' dir='ltr'>Θεοῦ</span> <span class='ocrx_word' id='word_1_397' title='bbox 3502 3009 3744 3079; x_wconf 81' lang='grc' dir='ltr'>ὑπῆρχεν</span> <span class='ocrx_word' id='word_1_398' title='bbox 3790 3006 3987 3059; x_wconf 73' lang='grc' dir='ltr'>ἔννοια.</span> 
     </span>
    </p>
   </div>
   <div class='ocr_carea' id='block_1_60' title="bbox 2426 3097 4089 3173">
    <p class='ocr_par' dir='ltr' id='par_1_60' title="bbox 2426 3097 4089 3173">
     <span class='ocr_line' id='line_1_60' title="bbox 2426 3097 4089 3173; baseline -0.007 -16"><span class='ocrx_word' id='word_1_399' title='bbox 2426 3102 2673 3167; x_wconf 79' lang='grc' dir='ltr'>Τοιοῦτος</span> <span class='ocrx_word' id='word_1_400' title='bbox 2708 3104 2803 3173; x_wconf 87' lang='grc' dir='ltr'>μὲν</span> <span class='ocrx_word' id='word_1_401' title='bbox 2842 3099 2934 3157; x_wconf 77' lang='grc' dir='ltr'>οὖν</span> <span class='ocrx_word' id='word_1_402' title='bbox 2987 3102 3407 3173; x_wconf 19' lang='grc' dir='ltr'>ἐτύγχανενβπᾶς</span> <span class='ocrx_word' id='word_1_403' title='bbox 3440 3100 3469 3151; x_wconf 80' lang='grc' dir='ltr'><strong>ὁ</strong></span> <span class='ocrx_word' id='word_1_404' title='bbox 3492 3100 3595 3169; x_wconf 88' lang='grc' dir='ltr'>πρὸ</span> <span class='ocrx_word' id='word_1_405' title='bbox 3624 3100 3722 3168; x_wconf 82' lang='grc' dir='ltr'>τῆς</span> <span class='ocrx_word' id='word_1_406' title='bbox 3749 3097 3843 3151; x_wconf 79' lang='grc' dir='ltr'>τοῦ</span> <span class='ocrx_word' id='word_1_407' title='bbox 3878 3097 3994 3150; x_wconf 83' lang='grc' dir='ltr'><strong>Σω-</strong></span> <span class='ocrx_word' id='word_1_408' title='bbox 4086 3144 4089 3145; x_wconf 31' lang='grc' dir='ltr'><strong>ν</strong></span> 
     </span>
    </p>
   </div>
   <div class='ocr_carea' id='block_1_61' title="bbox 2423 3183 3992 3265">
    <p class='ocr_par' dir='ltr' id='par_1_61' title="bbox 2423 3183 3992 3265">
     <span class='ocr_line' id='line_1_61' title="bbox 2423 3183 3992 3265; baseline -0.014 -6"><span class='ocrx_word' id='word_1_409' title='bbox 2423 3183 2585 3265; x_wconf 66' lang='grc' dir='ltr'><strong>τῆροξ</strong></span> <span class='ocrx_word' id='word_1_410' title='bbox 2609 3190 2762 3262; x_wconf 76' lang='grc' dir='ltr'>ἡμῶν</span> <span class='ocrx_word' id='word_1_411' title='bbox 2784 3192 3079 3263; x_wconf 81' lang='grc' dir='ltr'>παρουσίας</span> <span class='ocrx_word' id='word_1_412' title='bbox 3103 3191 3231 3260; x_wconf 85' lang='grc' dir='ltr'>βίος.</span> <span class='ocrx_word' id='word_1_413' title='bbox 3254 3191 3327 3260; x_wconf 81' lang='grc' dir='ltr'>(ι)</span> <span class='ocrx_word' id='word_1_414' title='bbox 3348 3187 3630 3260; x_wconf 76' lang='grc' dir='ltr'>Ἄφρωνδέ</span> <span class='ocrx_word' id='word_1_415' title='bbox 3654 3185 3992 3258; x_wconf 85' lang='grc' dir='ltr'>ἀληθέστατα</span> 
     </span>
    </p>
   </div>
   <div class='ocr_carea' id='block_1_62' title="bbox 765 3276 2322 3360">
    <p class='ocr_par' dir='ltr' id='par_1_62' title="bbox 765 3283 2322 3356">
     <span class='ocr_line' id='line_1_62' title="bbox 765 3283 2322 3356; baseline 0 -18"><span class='ocrx_word' id='word_1_416' title='bbox 765 3285 966 3341; x_wconf 85' lang='lat' dir='ltr'><strong>dicitur</strong></span> <span class='ocrx_word' id='word_1_417' title='bbox 992 3286 1085 3355; x_wconf 90' lang='lat' dir='ltr'><strong>qui</strong></span> <span class='ocrx_word' id='word_1_418' title='bbox 1114 3285 1289 3356; x_wconf 87' lang='lat' dir='ltr'><strong>negat&#39;</strong></span> <span class='ocrx_word' id='word_1_419' title='bbox 1318 3284 1506 3339; x_wconf 87' lang='lat' dir='ltr'><strong>Deum.</strong></span> <span class='ocrx_word' id='word_1_420' title='bbox 1531 3283 1671 3337; x_wconf 85' lang='lat' dir='ltr'><strong>Nam</strong></span> <span class='ocrx_word' id='word_1_421' title='bbox 1722 3283 1771 3337; x_wconf 88' lang='lat' dir='ltr'><strong>si</strong></span> <span class='ocrx_word' id='word_1_422' title='bbox 1807 3284 2018 3337; x_wconf 87' lang='lat' dir='ltr'><strong>initium</strong></span> <span class='ocrx_word' id='word_1_423' title='bbox 2058 3283 2322 3351; x_wconf 73' lang='lat' dir='ltr'><strong>sapientia</strong></span> 
     </span>
    </p>
   </div>
   <div class='ocr_carea' id='block_1_63' title="bbox 2400 3276 3991 3360">
    <p class='ocr_par' dir='ltr' id='par_1_63' title="bbox 2428 3276 3991 3353">
     <span class='ocr_line' id='line_1_63' title="bbox 2428 3276 3991 3353; baseline -0.004 -17"><span class='ocrx_word' id='word_1_424' title='bbox 2428 3284 2521 3336; x_wconf 76' lang='grc' dir='ltr'><strong>καὶ</strong></span> <span class='ocrx_word' id='word_1_425' title='bbox 2574 3281 2922 3351; x_wconf 85' lang='grc' dir='ltr'>φυσικώτατα</span> <span class='ocrx_word' id='word_1_426' title='bbox 2964 3283 2992 3335; x_wconf 89' lang='grc' dir='ltr'><strong>ό</strong></span> <span class='ocrx_word' id='word_1_427' title='bbox 3035 3281 3351 3353; x_wconf 89' lang='grc' dir='ltr'>ἀρνησίθεος</span> <span class='ocrx_word' id='word_1_428' title='bbox 3399 3280 3727 3350; x_wconf 86' lang='grc' dir='ltr'>ὠνόμασται.</span> <span class='ocrx_word' id='word_1_429' title='bbox 3777 3278 3839 3330; x_wconf 78' lang='lat' dir='ltr'><strong>Et</strong></span> <span class='ocrx_word' id='word_1_430' title='bbox 3879 3276 3991 3348; x_wconf 82' lang='grc' dir='ltr'><strong>γὰρ</strong></span> 
     </span>
    </p>
   </div>
   <div class='ocr_carea' id='block_1_64' title="bbox 694 3364 2327 3448">
    <p class='ocr_par' dir='ltr' id='par_1_64' title="bbox 694 3364 2327 3448">
     <span class='ocr_line' id='line_1_64' title="bbox 694 3364 2327 3448; baseline 0.001 -18"><span class='ocrx_word' id='word_1_431' title='bbox 694 3364 703 3369; x_wconf 60' lang='grc'><strong>’</strong></span> <span class='ocrx_word' id='word_1_432' title='bbox 769 3379 925 3433; x_wconf 81' lang='lat' dir='ltr'><strong>timor</strong></span> <span class='ocrx_word' id='word_1_433' title='bbox 948 3377 1158 3432; x_wconf 86' lang='lat' dir='ltr'><strong>Domini</strong></span> <span class='ocrx_word' id='word_1_434' title='bbox 1176 3378 1245 3439; x_wconf 69' lang='grc' dir='ltr'><strong>ει,</strong></span> <span class='ocrx_word' id='word_1_435' title='bbox 1278 3376 1558 3445; x_wconf 86' lang='lat' dir='ltr'><strong>despectio</strong></span> <span class='ocrx_word' id='word_1_436' title='bbox 1588 3391 1653 3430; x_wconf 85' lang='lat' dir='ltr'><strong>ac</strong></span> <span class='ocrx_word' id='word_1_437' title='bbox 1697 3383 2043 3447; x_wconf 89' lang='lat' dir='ltr'><strong>contemptus</strong></span> <span class='ocrx_word' id='word_1_438' title='bbox 2069 3375 2185 3441; x_wconf 88' lang='lat' dir='ltr'><strong>Dei,</strong></span> <span class='ocrx_word' id='word_1_439' title='bbox 2230 3392 2327 3448; x_wconf 88' lang='lat' dir='ltr'><strong>op-</strong></span> 
     </span>
    </p>
   </div>
   <div class='ocr_carea' id='block_1_65' title="bbox 764 3466 1488 3540">
    <p class='ocr_par' dir='ltr' id='par_1_65' title="bbox 764 3466 1488 3540">
     <span class='ocr_line' id='line_1_65' title="bbox 764 3466 1488 3540; baseline -0.004 -15"><span class='ocrx_word' id='word_1_440' title='bbox 764 3470 976 3540; x_wconf 80' lang='lat' dir='ltr'><strong>positus</strong></span> <span class='ocrx_word' id='word_1_441' title='bbox 1007 3468 1283 3540; x_wconf 70' lang='lat' dir='ltr'><strong>sapientiae</strong></span> <span class='ocrx_word' id='word_1_442' title='bbox 1306 3466 1488 3522; x_wconf 82' lang='lat' dir='ltr'><strong>fuerit.</strong></span> 
     </span>
    </p>
   </div>
   <div class='ocr_carea' id='block_1_66' title="bbox 835 3555 2329 3625">
    <p class='ocr_par' dir='ltr' id='par_1_66' title="bbox 835 3555 2329 3625">
     <span class='ocr_line' id='line_1_66' title="bbox 835 3555 2329 3625; baseline -0.003 -10"><span class='ocrx_word' id='word_1_443' title='bbox 835 3557 1000 3615; x_wconf 73' lang='lat' dir='ltr'><strong>Vsus.</strong></span> <span class='ocrx_word' id='word_1_444' title='bbox 1030 3560 1083 3614; x_wconf 71' lang='grc' dir='ltr'>ιι.</span> <span class='ocrx_word' id='word_1_445' title='bbox 1120 3558 1384 3625; x_wconf 81' lang='lat' dir='ltr'><strong>Quoniam</strong></span> <span class='ocrx_word' id='word_1_446' title='bbox 1416 3556 1484 3610; x_wconf 91' lang='lat' dir='ltr'><strong>ad</strong></span> <span class='ocrx_word' id='word_1_447' title='bbox 1540 3564 1588 3611; x_wconf 88' lang='lat' dir='ltr'><strong>te</strong></span> <span class='ocrx_word' id='word_1_448' title='bbox 1635 3555 1817 3621; x_wconf 88' lang='lat' dir='ltr'><strong>orabo,</strong></span> <span class='ocrx_word' id='word_1_449' title='bbox 1862 3556 2117 3622; x_wconf 80' lang='lat' dir='ltr'><strong>Domine,</strong></span> <span class='ocrx_word' id='word_1_450' title='bbox 2176 3572 2329 3611; x_wconf 89' lang='lat' dir='ltr'><strong>mane</strong></span> 
     </span>
    </p>
   </div>
   <div class='ocr_carea' id='block_1_67' title="bbox 765 3649 2326 3710">
    <p class='ocr_par' dir='ltr' id='par_1_67' title="bbox 765 3649 2326 3710">
     <span class='ocr_line' id='line_1_67' title="bbox 765 3649 2326 3710; baseline -0.002 -5"><span class='ocrx_word' id='word_1_451' title='bbox 765 3650 1011 3705; x_wconf 67' lang='lat' dir='ltr'><strong>exaudies</strong></span> <span class='ocrx_word' id='word_1_452' title='bbox 1037 3666 1208 3710; x_wconf 73' lang='lat' dir='ltr'><strong>vocem</strong></span> <span class='ocrx_word' id='word_1_453' title='bbox 1240 3665 1410 3703; x_wconf 88' lang='lat' dir='ltr'><strong>meam</strong></span> <span class='ocrx_word' id='word_1_454' title='bbox 1434 3665 1453 3703; x_wconf 90' lang='lat'><strong><em>:</em></strong></span> <span class='ocrx_word' id='word_1_455' title='bbox 1480 3666 1631 3705; x_wconf 86' lang='lat' dir='ltr'><strong>mane</strong></span> <span class='ocrx_word' id='word_1_456' title='bbox 1664 3650 1884 3705; x_wconf 83' lang='lat' dir='ltr'><strong>adstabo</strong></span> <span class='ocrx_word' id='word_1_457' title='bbox 1910 3649 2006 3703; x_wconf 85' lang='lat' dir='ltr'><strong>tibi</strong></span> <span class='ocrx_word' id='word_1_458' title='bbox 2036 3660 2086 3705; x_wconf 91' lang='lat' dir='ltr'><strong>et</strong></span> <span class='ocrx_word' id='word_1_459' title='bbox 2132 3649 2326 3703; x_wconf 82' lang='lat' dir='ltr'><strong>uidebis</strong></span> 
     </span>
    </p>
   </div>
   <div class='ocr_carea' id='block_1_68' title="bbox 764 3738 2326 3811">
    <p class='ocr_par' dir='ltr' id='par_1_68' title="bbox 764 3738 2326 3811">
     <span class='ocr_line' id='line_1_68' title="bbox 764 3738 2326 3811; baseline -0.001 -17"><span class='ocrx_word' id='word_1_460' title='bbox 764 3757 865 3794; x_wconf 87' lang='lat' dir='ltr'><strong>me.</strong></span> <span class='ocrx_word' id='word_1_461' title='bbox 893 3739 990 3794; x_wconf 85' lang='lat' dir='ltr'><strong>His</strong></span> <span class='ocrx_word' id='word_1_462' title='bbox 1044 3739 1269 3794; x_wconf 89' lang='lat' dir='ltr'><strong>docetur</strong></span> <span class='ocrx_word' id='word_1_463' title='bbox 1300 3739 1479 3791; x_wconf 88' lang='lat' dir='ltr'><strong>anima</strong></span> <span class='ocrx_word' id='word_1_464' title='bbox 1511 3753 1632 3807; x_wconf 74' lang='lat' dir='ltr'><strong>quae</strong></span> <span class='ocrx_word' id='word_1_465' title='bbox 1687 3738 2057 3795; x_wconf 62' lang='lat' dir='ltr'><strong>hereditatem</strong></span> <span class='ocrx_word' id='word_1_466' title='bbox 2106 3741 2326 3811; x_wconf 85' lang='lat' dir='ltr'><strong>accipit,</strong></span> 
     </span>
    </p>
   </div>
   <div class='ocr_carea' id='block_1_69' title="bbox 767 3830 2355 3908">
    <p class='ocr_par' dir='ltr' id='par_1_69' title="bbox 767 3830 2355 3908">
     <span class='ocr_line' id='line_1_69' title="bbox 767 3830 2355 3908; baseline 0 -23"><span class='ocrx_word' id='word_1_467' title='bbox 767 3831 1088 3886; x_wconf 88' lang='lat' dir='ltr'><strong>diurnorum</strong></span> <span class='ocrx_word' id='word_1_468' title='bbox 1141 3845 1366 3900; x_wconf 91' lang='lat' dir='ltr'><strong>operum</strong></span> <span class='ocrx_word' id='word_1_469' title='bbox 1418 3830 1689 3899; x_wconf 87' lang='lat' dir='ltr'><strong>primitias</strong></span> <span class='ocrx_word' id='word_1_470' title='bbox 1737 3831 1921 3888; x_wconf 87' lang='lat' dir='ltr'><strong>divino</strong></span> <span class='ocrx_word' id='word_1_471' title='bbox 1980 3848 2101 3908; x_wconf 66' lang='lat' dir='ltr'><strong>esse</strong></span> <span class='ocrx_word' id='word_1_472' title='bbox 2150 3835 2355 3888; x_wconf 57' lang='lat' dir='ltr'><strong>cultui&#39;</strong></span> 
     </span>
    </p>
   </div>
   <div class='ocr_carea' id='block_1_70' title="bbox 767 3919 2327 3992">
    <p class='ocr_par' dir='ltr' id='par_1_70' title="bbox 767 3919 2327 3992">
     <span class='ocr_line' id='line_1_70' title="bbox 767 3919 2327 3992; baseline 0 -17"><span class='ocrx_word' id='word_1_473' title='bbox 767 3920 1169 3977; x_wconf 84' lang='lat' dir='ltr'><strong>consecrandas</strong></span> <span class='ocrx_word' id='word_1_474' title='bbox 1200 3939 1215 3974; x_wconf 92' lang='lat'><strong>:</strong></span> <span class='ocrx_word' id='word_1_475' title='bbox 1248 3920 1389 3990; x_wconf 90' lang='lat' dir='ltr'><strong>quod</strong></span> <span class='ocrx_word' id='word_1_476' title='bbox 1424 3919 1610 3989; x_wconf 88' lang='lat' dir='ltr'><strong>utique</strong></span> <span class='ocrx_word' id='word_1_477' title='bbox 1655 3935 1765 3973; x_wconf 87' lang='lat' dir='ltr'><strong>non</strong></span> <span class='ocrx_word' id='word_1_478' title='bbox 1795 3920 2017 3987; x_wconf 83' lang='lat' dir='ltr'><strong>faceret,</strong></span> <span class='ocrx_word' id='word_1_479' title='bbox 2054 3922 2101 3977; x_wconf 91' lang='lat' dir='ltr'><strong>si</strong></span> <span class='ocrx_word' id='word_1_480' title='bbox 2128 3923 2185 3976; x_wconf 88' lang='lat' dir='ltr'><strong>in</strong></span> <span class='ocrx_word' id='word_1_481' title='bbox 2210 3921 2327 3992; x_wconf 91' lang='lat' dir='ltr'><strong>ipso</strong></span> 
     </span>
    </p>
   </div>
   <div class='ocr_carea' id='block_1_71' title="bbox 766 4003 1789 4079">
    <p class='ocr_par' dir='ltr' id='par_1_71' title="bbox 766 4003 1789 4079">
     <span class='ocr_line' id='line_1_71' title="bbox 766 4003 1789 4079; baseline 0 -14"><span class='ocrx_word' id='word_1_482' title='bbox 766 4011 933 4067; x_wconf 89' lang='lat' dir='ltr'><strong>cubili</strong></span> <span class='ocrx_word' id='word_1_483' title='bbox 972 4003 1028 4065; x_wconf 60' lang='lat' dir='ltr'><strong>ﬂ</strong></span> <span class='ocrx_word' id='word_1_484' title='bbox 1058 4010 1176 4079; x_wconf 81' lang='lat' dir='ltr'><strong>ejus</strong></span> <span class='ocrx_word' id='word_1_485' title='bbox 1209 4012 1531 4066; x_wconf 87' lang='lat' dir='ltr'><strong>oblivionem</strong></span> <span class='ocrx_word' id='word_1_486' title='bbox 1565 4013 1789 4066; x_wconf 83' lang='lat' dir='ltr'><strong>veniret.</strong></span> 
     </span>
    </p>
   </div>
   <div class='ocr_carea' id='block_1_72' title="bbox 835 4099 2328 4177">
    <p class='ocr_par' dir='ltr' id='par_1_72' title="bbox 835 4099 2328 4177">
     <span class='ocr_line' id='line_1_72' title="bbox 835 4099 2328 4177; baseline 0 -22"><span class='ocrx_word' id='word_1_487' title='bbox 835 4100 1004 4155; x_wconf 71' lang='lat' dir='ltr'><strong>Vnus.</strong></span> <span class='ocrx_word' id='word_1_488' title='bbox 1035 4100 1087 4177; x_wconf 78' lang='grc' dir='ltr'><strong>ξ’),</strong></span> <span class='ocrx_word' id='word_1_489' title='bbox 1116 4099 1171 4155; x_wconf 86' lang='grc'><strong>6.</strong></span> <span class='ocrx_word' id='word_1_490' title='bbox 1199 4102 1459 4165; x_wconf 81' lang='lat' dir='ltr'><strong>Quoniam</strong></span> <span class='ocrx_word' id='word_1_491' title='bbox 1489 4118 1591 4155; x_wconf 88' lang='lat' dir='ltr'><strong>non</strong></span> <span class='ocrx_word' id='word_1_492' title='bbox 1616 4100 1758 4156; x_wconf 86' lang='lat' dir='ltr'><strong>Deus</strong></span> <span class='ocrx_word' id='word_1_493' title='bbox 1786 4102 1957 4156; x_wconf 77' lang='lat' dir='ltr'><strong>volens</strong></span> <span class='ocrx_word' id='word_1_494' title='bbox 2000 4102 2328 4172; x_wconf 86' lang='lat' dir='ltr'><strong>iniquitatem</strong></span> 
     </span>
    </p>
   </div>
   <div class='ocr_carea' id='block_1_73' title="bbox 766 4190 2329 4264">
    <p class='ocr_par' dir='ltr' id='par_1_73' title="bbox 766 4190 2329 4264">
     <span class='ocr_line' id='line_1_73' title="bbox 766 4190 2329 4264; baseline 0 -17"><span class='ocrx_word' id='word_1_495' title='bbox 766 4203 824 4247; x_wconf 82' lang='lat' dir='ltr'><strong>tu</strong></span> <span class='ocrx_word' id='word_1_496' title='bbox 850 4209 904 4248; x_wconf 87' lang='lat' dir='ltr'><strong>es</strong></span> <span class='ocrx_word' id='word_1_497' title='bbox 934 4208 954 4247; x_wconf 92' lang='lat'><strong><em>:</em></strong></span> <span class='ocrx_word' id='word_1_498' title='bbox 982 4208 1142 4262; x_wconf 87' lang='lat' dir='ltr'><strong>neque</strong></span> <span class='ocrx_word' id='word_1_499' title='bbox 1169 4190 1424 4257; x_wconf 81' lang='lat' dir='ltr'><strong>habitabit</strong></span> <span class='ocrx_word' id='word_1_500' title='bbox 1440 4192 1601 4259; x_wconf 75' lang='lat' dir='ltr'><strong>juxta</strong></span> <span class='ocrx_word' id='word_1_501' title='bbox 1640 4201 1687 4246; x_wconf 88' lang='lat' dir='ltr'><strong>te</strong></span> <span class='ocrx_word' id='word_1_502' title='bbox 1712 4194 1997 4261; x_wconf 85' lang='lat' dir='ltr'><strong>malignus,</strong></span> <span class='ocrx_word' id='word_1_503' title='bbox 2027 4210 2187 4264; x_wconf 87' lang='lat' dir='ltr'><strong>neque</strong></span> <span class='ocrx_word' id='word_1_504' title='bbox 2213 4210 2329 4263; x_wconf 86' lang='lat' dir='ltr'><strong>per—</strong></span> 
     </span>
    </p>
   </div>
   <div class='ocr_carea' id='block_1_74' title="bbox 759 4266 2329 4357">
    <p class='ocr_par' dir='ltr' id='par_1_74' title="bbox 759 4266 2329 4357">
     <span class='ocr_line' id='line_1_74' title="bbox 759 4266 2329 4357; baseline 0.001 -19"><span class='ocrx_word' id='word_1_505' title='bbox 759 4284 1043 4357; x_wconf 74' lang='lat' dir='ltr'><strong>manebunt</strong></span> <span class='ocrx_word' id='word_1_506' title='bbox 1064 4284 1247 4353; x_wconf 86' lang='lat' dir='ltr'><strong>injusti</strong></span> <span class='ocrx_word' id='word_1_507' title='bbox 1274 4292 1392 4337; x_wconf 89' lang='lat' dir='ltr'><strong>ante</strong></span> <span class='ocrx_word' id='word_1_508' title='bbox 1420 4283 1594 4337; x_wconf 82' lang='lat' dir='ltr'><strong>oculos</strong></span> <span class='ocrx_word' id='word_1_509' title='bbox 1627 4279 1780 4338; x_wconf 62' lang='lat' dir='ltr'><strong>tuos.</strong></span> <span class='ocrx_word' id='word_1_510' title='bbox 1802 4282 1994 4353; x_wconf 86' lang='lat' dir='ltr'><strong>Utpote</strong></span> <span class='ocrx_word' id='word_1_511' title='bbox 2022 4266 2329 4356; x_wconf 63' lang='lat' dir='ltr'><strong>quaedigna</strong></span> 
     </span>
    </p>
   </div>
   <div class='ocr_carea' id='block_1_75' title="bbox 764 4373 2327 4447">
    <p class='ocr_par' dir='ltr' id='par_1_75' title="bbox 764 4373 2327 4447">
     <span class='ocr_line' id='line_1_75' title="bbox 764 4373 2327 4447; baseline 0 -18"><span class='ocrx_word' id='word_1_512' title='bbox 764 4374 949 4429; x_wconf 87' lang='lat' dir='ltr'><strong>habita</strong></span> <span class='ocrx_word' id='word_1_513' title='bbox 1000 4375 1071 4430; x_wconf 86' lang='lat' dir='ltr'><strong>sit</strong></span> <span class='ocrx_word' id='word_1_514' title='bbox 1103 4389 1222 4447; x_wconf 63' lang='lat' dir='ltr'><strong>quae</strong></span> <span class='ocrx_word' id='word_1_515' title='bbox 1254 4374 1643 4443; x_wconf 88' lang='lat' dir='ltr'><strong>promissorum</strong></span> <span class='ocrx_word' id='word_1_516' title='bbox 1671 4373 1935 4427; x_wconf 88' lang='lat' dir='ltr'><strong>honorum</strong></span> <span class='ocrx_word' id='word_1_517' title='bbox 1960 4374 2327 4430; x_wconf 62' lang='lat' dir='ltr'><strong>haereditatem</strong></span> 
     </span>
    </p>
   </div>
   <div class='ocr_carea' id='block_1_76' title="bbox 766 4463 2328 4535">
    <p class='ocr_par' dir='ltr' id='par_1_76' title="bbox 766 4463 2328 4535">
     <span class='ocr_line' id='line_1_76' title="bbox 766 4463 2328 4535; baseline 0.003 -18"><span class='ocrx_word' id='word_1_518' title='bbox 766 4464 1055 4535; x_wconf 84' lang='lat' dir='ltr'><strong>acciperet.</strong></span> <span class='ocrx_word' id='word_1_519' title='bbox 1088 4465 1304 4534; x_wconf 90' lang='lat' dir='ltr'><strong>iniquos</strong></span> <span class='ocrx_word' id='word_1_520' title='bbox 1341 4464 1443 4519; x_wconf 90' lang='lat' dir='ltr'><strong>sibi</strong></span> <span class='ocrx_word' id='word_1_521' title='bbox 1498 4464 1671 4518; x_wconf 87' lang='lat' dir='ltr'><strong>oculis</strong></span> <span class='ocrx_word' id='word_1_522' title='bbox 1709 4463 1945 4532; x_wconf 86' lang='lat' dir='ltr'><strong>subjicit.</strong></span> <span class='ocrx_word' id='word_1_523' title='bbox 1978 4464 2153 4535; x_wconf 81' lang='lat' dir='ltr'><strong>Iniqui</strong></span> <span class='ocrx_word' id='word_1_524' title='bbox 2181 4466 2328 4521; x_wconf 90' lang='lat' dir='ltr'><strong>enim</strong></span> 
     </span>
    </p>
   </div>
   <div class='ocr_carea' id='block_1_77' title="bbox 764 4555 2329 4639">
    <p class='ocr_par' dir='ltr' id='par_1_77' title="bbox 764 4555 2329 4639">
     <span class='ocr_line' id='line_1_77' title="bbox 764 4555 2329 4639; baseline -0.001 -28"><span class='ocrx_word' id='word_1_525' title='bbox 764 4556 981 4611; x_wconf 82' lang='lat' dir='ltr'><strong>etiamsi</strong></span> <span class='ocrx_word' id='word_1_526' title='bbox 1004 4561 1290 4639; x_wconf 86' lang='lat' dir='ltr'><strong>antequam</strong></span> <span class='ocrx_word' id='word_1_527' title='bbox 1340 4556 1826 4627; x_wconf 70' lang='lat' dir='ltr'><strong>praevaricarentur</strong></span> <span class='ocrx_word' id='word_1_528' title='bbox 1851 4555 2008 4623; x_wconf 84' lang='lat' dir='ltr'><strong>juxta</strong></span> <span class='ocrx_word' id='word_1_529' title='bbox 2035 4564 2087 4612; x_wconf 85' lang='lat' dir='ltr'><strong>te</strong></span> <span class='ocrx_word' id='word_1_530' title='bbox 2116 4557 2329 4612; x_wconf 80' lang='lat' dir='ltr'><strong>habita-</strong></span> 
     </span>
    </p>
   </div>
   <div class='ocr_carea' id='block_1_78' title="bbox 2425 3368 3991 3447">
    <p class='ocr_par' dir='ltr' id='par_1_78' title="bbox 2425 3368 3991 3447">
     <span class='ocr_line' id='line_1_78' title="bbox 2425 3368 3991 3447; baseline -0.006 -18"><span class='ocrx_word' id='word_1_531' title='bbox 2425 3376 2644 3445; x_wconf 63' lang='grc' dir='ltr'>σοφίας</span> <span class='ocrx_word' id='word_1_532' title='bbox 2673 3374 2827 3445; x_wconf 79' lang='grc' dir='ltr'><strong>ἁρχὴ</strong></span> <span class='ocrx_word' id='word_1_533' title='bbox 2848 3375 3028 3443; x_wconf 77' lang='grc' dir='ltr'>φόϐος</span> <span class='ocrx_word' id='word_1_534' title='bbox 3053 3373 3219 3439; x_wconf 78' lang='grc' dir='ltr'>Θεοῦ,</span> <span class='ocrx_word' id='word_1_535' title='bbox 3246 3371 3445 3443; x_wconf 79' lang='grc' dir='ltr'>ἀφοόία</span> <span class='ocrx_word' id='word_1_536' title='bbox 3469 3370 3560 3423; x_wconf 74' lang='grc' dir='ltr'><strong>καὶ</strong></span> <span class='ocrx_word' id='word_1_537' title='bbox 3590 3369 3842 3447; x_wconf 83' lang='grc' dir='ltr'>ἀθέτησις</span> <span class='ocrx_word' id='word_1_538' title='bbox 3867 3368 3991 3421; x_wconf 84' lang='grc' dir='ltr'><strong>τοὺ-</strong></span> 
     </span>
    </p>
   </div>
   <div class='ocr_carea' id='block_1_79' title="bbox 2426 3466 3325 3535">
    <p class='ocr_par' dir='ltr' id='par_1_79' title="bbox 2426 3466 3325 3535">
     <span class='ocr_line' id='line_1_79' title="bbox 2426 3466 3325 3535; baseline -0.004 -14"><span class='ocrx_word' id='word_1_539' title='bbox 2426 3466 2632 3521; x_wconf 90' lang='grc' dir='ltr'>ναντίον</span> <span class='ocrx_word' id='word_1_540' title='bbox 2655 3466 2720 3520; x_wconf 82' lang='grc' dir='ltr'>ἂν</span> <span class='ocrx_word' id='word_1_541' title='bbox 2756 3466 2960 3535; x_wconf 87' lang='grc' dir='ltr'>γένοιτο</span> <span class='ocrx_word' id='word_1_542' title='bbox 2990 3466 3087 3535; x_wconf 81' lang='grc' dir='ltr'>τῆς</span> <span class='ocrx_word' id='word_1_543' title='bbox 3117 3466 3325 3533; x_wconf 85' lang='grc' dir='ltr'>σοφίας.</span> 
     </span>
    </p>
   </div>
   <div class='ocr_carea' id='block_1_80' title="bbox 2499 3545 3994 3629">
    <p class='ocr_par' dir='ltr' id='par_1_80' title="bbox 2499 3545 3994 3629">
     <span class='ocr_line' id='line_1_80' title="bbox 2499 3545 3994 3629; baseline -0.003 -19"><span class='ocrx_word' id='word_1_544' title='bbox 2499 3559 2616 3611; x_wconf 82' lang='grc' dir='ltr'>Ὅτι</span> <span class='ocrx_word' id='word_1_545' title='bbox 2641 3557 2788 3627; x_wconf 85' lang='grc' dir='ltr'>πρὸς</span> <span class='ocrx_word' id='word_1_546' title='bbox 2814 3557 2889 3611; x_wconf 83' lang='grc' dir='ltr'>σὲ</span> <span class='ocrx_word' id='word_1_547' title='bbox 2925 3556 3344 3629; x_wconf 67' lang='grc' dir='ltr'>προσεύξομαι,</span> <span class='ocrx_word' id='word_1_548' title='bbox 3364 3556 3558 3624; x_wconf 82' lang='grc' dir='ltr'>Κύριε,</span> <span class='ocrx_word' id='word_1_549' title='bbox 3599 3545 3838 3622; x_wconf 79' lang='grc' dir='ltr'>τὸπρωτ</span> <span class='ocrx_word' id='word_1_550' title='bbox 3865 3551 3994 3606; x_wconf 78' lang='grc' dir='ltr'>εισ-</span> 
     </span>
    </p>
   </div>
   <div class='ocr_carea' id='block_1_81' title="bbox 2427 3641 3994 3719">
    <p class='ocr_par' dir='ltr' id='par_1_81' title="bbox 2427 3641 3994 3719">
     <span class='ocr_line' id='line_1_81' title="bbox 2427 3641 3994 3719; baseline -0.006 -13"><span class='ocrx_word' id='word_1_551' title='bbox 2427 3651 2657 3719; x_wconf 81' lang='grc' dir='ltr'>ακούσῃ</span> <span class='ocrx_word' id='word_1_552' title='bbox 2720 3650 2831 3719; x_wconf 84' lang='grc' dir='ltr'>τῆς</span> <span class='ocrx_word' id='word_1_553' title='bbox 2877 3649 3079 3718; x_wconf 69' lang='grc' dir='ltr'>φωνῆς</span> <span class='ocrx_word' id='word_1_554' title='bbox 3093 3665 3238 3717; x_wconf 88' lang='grc' dir='ltr'>μου·</span> <span class='ocrx_word' id='word_1_555' title='bbox 3265 3647 3331 3701; x_wconf 87' lang='grc' dir='ltr'><strong><em>τύ</em></strong></span> <span class='ocrx_word' id='word_1_556' title='bbox 3359 3649 3506 3715; x_wconf 78' lang='grc' dir='ltr'>πρωϊ</span> <span class='ocrx_word' id='word_1_557' title='bbox 3533 3641 3994 3715; x_wconf 74' lang='grc' dir='ltr'>παραστήσομαι</span> 
     </span>
    </p>
   </div>
   <div class='ocr_carea' id='block_1_82' title="bbox 2426 3738 3993 3811">
    <p class='ocr_par' dir='ltr' id='par_1_82' title="bbox 2426 3738 3993 3811">
     <span class='ocr_line' id='line_1_82' title="bbox 2426 3738 3993 3811; baseline -0.006 -14"><span class='ocrx_word' id='word_1_558' title='bbox 2426 3759 2525 3797; x_wconf 87' lang='grc' dir='ltr'><strong>σοι</strong></span> <span class='ocrx_word' id='word_1_559' title='bbox 2552 3744 2648 3797; x_wconf 79' lang='grc' dir='ltr'>καὶ</span> <span class='ocrx_word' id='word_1_560' title='bbox 2676 3741 2876 3811; x_wconf 55' lang='lat' dir='ltr'><strong>sudden</strong></span> <span class='ocrx_word' id='word_1_561' title='bbox 2898 3759 2992 3810; x_wconf 81' lang='grc' dir='ltr'><strong>με.</strong></span> <span class='ocrx_word' id='word_1_562' title='bbox 3028 3741 3347 3795; x_wconf 84' lang='grc' dir='ltr'>Παιδεύεται</span> <span class='ocrx_word' id='word_1_563' title='bbox 3384 3739 3471 3792; x_wconf 87' lang='grc' dir='ltr'>διά</span> <span class='ocrx_word' id='word_1_564' title='bbox 3499 3739 3699 3792; x_wconf 84' lang='grc' dir='ltr'>τούτων</span> <span class='ocrx_word' id='word_1_565' title='bbox 3732 3740 3765 3808; x_wconf 75' lang='grc' dir='ltr'><strong>ἡ</strong></span> <span class='ocrx_word' id='word_1_566' title='bbox 3795 3738 3993 3807; x_wconf 90' lang='grc' dir='ltr'>κληρο-</span> 
     </span>
    </p>
   </div>
   <div class='ocr_carea' id='block_1_83' title="bbox 2426 3823 3990 3902">
    <p class='ocr_par' dir='ltr' id='par_1_83' title="bbox 2426 3823 3990 3902">
     <span class='ocr_line' id='line_1_83' title="bbox 2426 3823 3990 3902; baseline -0.007 -17"><span class='ocrx_word' id='word_1_567' title='bbox 2426 3831 2662 3902; x_wconf 78' lang='grc' dir='ltr'>νομοῦσα</span> <span class='ocrx_word' id='word_1_568' title='bbox 2704 3831 2803 3899; x_wconf 82' lang='grc' dir='ltr'>τὴν</span> <span class='ocrx_word' id='word_1_569' title='bbox 2844 3829 3097 3899; x_wconf 84' lang='grc' dir='ltr'>ἀπαρχὴν</span> <span class='ocrx_word' id='word_1_570' title='bbox 3143 3826 3250 3880; x_wconf 84' lang='grc' dir='ltr'>τῶν</span> <span class='ocrx_word' id='word_1_571' title='bbox 3306 3824 3580 3899; x_wconf 75' lang='grc' dir='ltr'>ἡμερινῶν</span> <span class='ocrx_word' id='word_1_572' title='bbox 3622 3823 3873 3897; x_wconf 80' lang='grc' dir='ltr'>πράξεων</span> <span class='ocrx_word' id='word_1_573' title='bbox 3929 3824 3990 3892; x_wconf 76' lang='grc' dir='ltr'>τῇ</span> 
     </span>
    </p>
   </div>
   <div class='ocr_carea' id='block_1_84' title="bbox 2428 3908 3989 3993">
    <p class='ocr_par' dir='ltr' id='par_1_84' title="bbox 2428 3908 3989 3993">
     <span class='ocr_line' id='line_1_84' title="bbox 2428 3908 3989 3993; baseline -0.007 -18"><span class='ocrx_word' id='word_1_574' title='bbox 2428 3923 2560 3993; x_wconf 78' lang='grc' dir='ltr'>πρὸς</span> <span class='ocrx_word' id='word_1_575' title='bbox 2584 3908 2715 3975; x_wconf 73' lang='grc' dir='ltr'>Θεὸν</span> <span class='ocrx_word' id='word_1_576' title='bbox 2743 3920 3045 3974; x_wconf 82' lang='grc' dir='ltr'>ἀνατιθέναι</span> <span class='ocrx_word' id='word_1_577' title='bbox 3064 3917 3318 3990; x_wconf 64' lang='grc' dir='ltr'><strong>λατρεία·⁸</strong></span> <span class='ocrx_word' id='word_1_578' title='bbox 3340 3919 3475 3988; x_wconf 86' lang='grc' dir='ltr'>ὅπερ</span> <span class='ocrx_word' id='word_1_579' title='bbox 3496 3916 3593 3968; x_wconf 83' lang='grc' dir='ltr'>οὐκ</span> <span class='ocrx_word' id='word_1_580' title='bbox 3612 3914 3678 3968; x_wconf 81' lang='grc' dir='ltr'><strong>ἀν</strong></span> <span class='ocrx_word' id='word_1_581' title='bbox 3711 3913 3881 3966; x_wconf 90' lang='grc' dir='ltr'>ἐποίει</span> <span class='ocrx_word' id='word_1_582' title='bbox 3912 3911 3989 3984; x_wconf 78' lang='grc' dir='ltr'>μὴ</span> 
     </span>
    </p>
   </div>
   <div class='ocr_carea' id='block_1_85' title="bbox 2428 4005 3544 4081">
    <p class='ocr_par' dir='ltr' id='par_1_85' title="bbox 2428 4005 3544 4081">
     <span class='ocr_line' id='line_1_85' title="bbox 2428 4005 3544 4081; baseline -0.007 -17"><span class='ocrx_word' id='word_1_583' title='bbox 2428 4012 2520 4064; x_wconf 74' lang='grc' dir='ltr'><strong>καὶ</strong></span> <span class='ocrx_word' id='word_1_584' title='bbox 2551 4010 2658 4064; x_wconf 84' lang='grc' dir='ltr'>ἀπὸ</span> <span class='ocrx_word' id='word_1_585' title='bbox 2686 4010 2873 4081; x_wconf 89' lang='grc' dir='ltr'>κοίτης</span> <span class='ocrx_word' id='word_1_586' title='bbox 2905 4008 3100 4080; x_wconf 70' lang='grc' dir='ltr'>ξχουσα</span> <span class='ocrx_word' id='word_1_587' title='bbox 3128 4006 3225 4077; x_wconf 83' lang='grc' dir='ltr'>τὴν</span> <span class='ocrx_word' id='word_1_588' title='bbox 3254 4005 3544 4075; x_wconf 85' lang='grc' dir='ltr'>ἀγνωσίαν.</span> 
     </span>
    </p>
   </div>
   <div class='ocr_carea' id='block_1_86' title="bbox 2500 4088 3991 4171">
    <p class='ocr_par' dir='ltr' id='par_1_86' title="bbox 2500 4088 3991 4171">
     <span class='ocr_line' id='line_1_86' title="bbox 2500 4088 3991 4171; baseline -0.007 -14"><span class='ocrx_word' id='word_1_589' title='bbox 2500 4104 2625 4157; x_wconf 87' lang='grc' dir='ltr'>Ὅτι</span> <span class='ocrx_word' id='word_1_590' title='bbox 2656 4104 2789 4171; x_wconf 77' lang='grc' dir='ltr'><strong>οὐχὶ</strong></span> <span class='ocrx_word' id='word_1_591' title='bbox 2816 4102 2956 4168; x_wconf 79' lang='grc' dir='ltr'>Θεὸς</span> <span class='ocrx_word' id='word_1_592' title='bbox 2982 4088 3178 4155; x_wconf 65' lang='grc' dir='ltr'>’θέλων</span> <span class='ocrx_word' id='word_1_593' title='bbox 3196 4097 3448 4168; x_wconf 82' lang='grc' dir='ltr'>ἀνομίαν</span> <span class='ocrx_word' id='word_1_594' title='bbox 3467 4096 3548 4151; x_wconf 83' lang='grc' dir='ltr'>σὺ</span> <span class='ocrx_word' id='word_1_595' title='bbox 3577 4092 3649 4150; x_wconf 83' lang='grc' dir='ltr'><strong>εἵ-</strong></span> <span class='ocrx_word' id='word_1_596' title='bbox 3689 4096 3761 4149; x_wconf 87' lang='grc' dir='ltr'>οὐ</span> <span class='ocrx_word' id='word_1_597' title='bbox 3794 4110 3991 4163; x_wconf 67' lang='grc' dir='ltr'>παροι-</span> 
     </span>
    </p>
   </div>
   <div class='ocr_carea' id='block_1_87' title="bbox 2427 4183 3990 4263">
    <p class='ocr_par' dir='ltr' id='par_1_87' title="bbox 2427 4183 3990 4263">
     <span class='ocr_line' id='line_1_87' title="bbox 2427 4183 3990 4263; baseline -0.006 -14"><span class='ocrx_word' id='word_1_598' title='bbox 2427 4194 2602 4261; x_wconf 77' lang='grc' dir='ltr'>κήσει</span> <span class='ocrx_word' id='word_1_599' title='bbox 2622 4210 2720 4248; x_wconf 89' lang='grc' dir='ltr'><strong>σοι</strong></span> <span class='ocrx_word' id='word_1_600' title='bbox 2747 4196 3214 4263; x_wconf 78' lang='grc' dir='ltr'>πονηρευόμενος</span> <span class='ocrx_word' id='word_1_601' title='bbox 3228 4233 3241 4255; x_wconf 91' lang='grc'><strong>,</strong></span> <span class='ocrx_word' id='word_1_602' title='bbox 3277 4190 3417 4245; x_wconf 81' lang='grc' dir='ltr'><strong>οὐδὲ</strong></span> <span class='ocrx_word' id='word_1_603' title='bbox 3436 4188 3780 4257; x_wconf 83' lang='grc' dir='ltr'>διαμενοῦσι</span> <span class='ocrx_word' id='word_1_604' title='bbox 3803 4183 3990 4254; x_wconf 79' lang='grc' dir='ltr'>παρά-</span> 
     </span>
    </p>
   </div>
   <div class='ocr_carea' id='block_1_88' title="bbox 2427 4275 3987 4355">
    <p class='ocr_par' dir='ltr' id='par_1_88' title="bbox 2427 4275 3987 4355">
     <span class='ocr_line' id='line_1_88' title="bbox 2427 4275 3987 4355; baseline -0.005 -18"><span class='ocrx_word' id='word_1_605' title='bbox 2427 4303 2594 4355; x_wconf 86' lang='grc' dir='ltr'>νομοι</span> <span class='ocrx_word' id='word_1_606' title='bbox 2617 4285 2929 4339; x_wconf 82' lang='grc' dir='ltr'>κατέναντι</span> <span class='ocrx_word' id='word_1_607' title='bbox 2950 4284 3066 4337; x_wconf 83' lang='grc' dir='ltr'>τῶν</span> <span class='ocrx_word' id='word_1_608' title='bbox 3092 4282 3419 4351; x_wconf 73' lang='grc' dir='ltr'>ὀφθαλμῶν.</span> <span class='ocrx_word' id='word_1_609' title='bbox 3440 4297 3573 4334; x_wconf 89' lang='grc' dir='ltr'>σου.</span> <span class='ocrx_word' id='word_1_610' title='bbox 3629 4280 3714 4342; x_wconf 88' lang='grc' dir='ltr'><strong>Ὡς</strong></span> <span class='ocrx_word' id='word_1_611' title='bbox 3736 4279 3811 4332; x_wconf 79' lang='grc' dir='ltr'><strong>ἀν</strong></span> <span class='ocrx_word' id='word_1_612' title='bbox 3833 4275 3987 4347; x_wconf 71' lang='grc' dir='ltr'><strong>ἠξιω-</strong></span> 
     </span>
    </p>
   </div>
   <div class='ocr_carea' id='block_1_89' title="bbox 2432 4367 3982 4447">
    <p class='ocr_par' dir='ltr' id='par_1_89' title="bbox 2432 4367 3982 4447">
     <span class='ocr_line' id='line_1_89' title="bbox 2432 4367 3982 4447; baseline -0.007 -17"><span class='ocrx_word' id='word_1_613' title='bbox 2432 4376 2564 4447; x_wconf 83' lang='grc' dir='ltr'>μένη</span> <span class='ocrx_word' id='word_1_614' title='bbox 2600 4376 2706 4429; x_wconf 83' lang='grc' dir='ltr'>τῶν</span> <span class='ocrx_word' id='word_1_615' title='bbox 2757 4374 3177 4446; x_wconf 76' lang='grc' dir='ltr'>ἐπηγγελμένων</span> <span class='ocrx_word' id='word_1_616' title='bbox 3218 4371 3433 4440; x_wconf 83' lang='grc' dir='ltr'>ἀγαθῶν</span> <span class='ocrx_word' id='word_1_617' title='bbox 3479 4373 3511 4441; x_wconf 82' lang='grc' dir='ltr'>ἡ</span> <span class='ocrx_word' id='word_1_618' title='bbox 3556 4367 3982 4443; x_wconf 71' lang='grc' dir='ltr'>κληρονομοῦσα,</span> 
     </span>
    </p>
   </div>
   <div class='ocr_carea' id='block_1_90' title="bbox 2426 4461 3982 4538">
    <p class='ocr_par' dir='ltr' id='par_1_90' title="bbox 2426 4461 3982 4538">
     <span class='ocr_line' id='line_1_90' title="bbox 2426 4461 3982 4538; baseline -0.006 -18"><span class='ocrx_word' id='word_1_619' title='bbox 2426 4468 2552 4531; x_wconf 85' lang='grc' dir='ltr'>τοὺς</span> <span class='ocrx_word' id='word_1_620' title='bbox 2580 4468 2811 4538; x_wconf 88' lang='grc' dir='ltr'>ἀνόμους</span> <span class='ocrx_word' id='word_1_621' title='bbox 2840 4465 3199 4519; x_wconf 81' lang='grc' dir='ltr'>ἐπιδείκνυσιν</span> <span class='ocrx_word' id='word_1_622' title='bbox 3229 4466 3413 4535; x_wconf 80' lang='grc' dir='ltr'>ἑαυτῇ.</span> <span class='ocrx_word' id='word_1_623' title='bbox 3437 4464 3498 4515; x_wconf 86' lang='grc' dir='ltr'>Οί</span> <span class='ocrx_word' id='word_1_624' title='bbox 3521 4463 3627 4533; x_wconf 80' lang='grc' dir='ltr'>γὰρ</span> <span class='ocrx_word' id='word_1_625' title='bbox 3662 4461 3982 4531; x_wconf 84' lang='grc' dir='ltr'>παράνομοι,</span> 
     </span>
    </p>
   </div>
   <div class='ocr_carea' id='block_1_91' title="bbox 2430 4541 3981 4632">
    <p class='ocr_par' dir='ltr' id='par_1_91' title="bbox 2430 4541 3981 4632">
     <span class='ocr_line' id='line_1_91' title="bbox 2430 4541 3981 4632; baseline -0.008 -19"><span class='ocrx_word' id='word_1_626' title='bbox 2430 4561 2477 4612; x_wconf 84' lang='grc' dir='ltr'><strong>εί</strong></span> <span class='ocrx_word' id='word_1_627' title='bbox 2506 4560 2599 4612; x_wconf 72' lang='grc' dir='ltr'>καὶ</span> <span class='ocrx_word' id='word_1_628' title='bbox 2624 4560 2728 4632; x_wconf 84' lang='grc' dir='ltr'>πρὸ</span> <span class='ocrx_word' id='word_1_629' title='bbox 2773 4557 2870 4611; x_wconf 81' lang='grc' dir='ltr'>τοῦ</span> <span class='ocrx_word' id='word_1_630' title='bbox 2917 4541 3295 4627; x_wconf 74' lang='grc' dir='ltr'>παρανομῆσαι</span> <span class='ocrx_word' id='word_1_631' title='bbox 3337 4554 3670 4629; x_wconf 67' lang='grc' dir='ltr'>παριρκησάν</span> <span class='ocrx_word' id='word_1_632' title='bbox 3713 4550 3795 4602; x_wconf 84' lang='grc' dir='ltr'><strong>σοί</strong></span> <span class='ocrx_word' id='word_1_633' title='bbox 3832 4565 3981 4627; x_wconf 84' lang='grc' dir='ltr'>ποτε,</span> 
     </span>
    </p>
   </div>
   <div class='ocr_carea' id='block_1_92' title="bbox 765 4624 2322 4721">
    <p class='ocr_par' dir='ltr' id='par_1_92' title="bbox 765 4624 2321 4717">
     <span class='ocr_line' id='line_1_92' title="bbox 765 4624 2321 4717; baseline 0 -13"><span class='ocrx_word' id='word_1_634' title='bbox 765 4650 961 4715; x_wconf 85' lang='lat' dir='ltr'><strong>verint,</strong></span> <span class='ocrx_word' id='word_1_635' title='bbox 1007 4624 1459 4717; x_wconf 74' lang='lat' dir='ltr'><strong>quemadmodum</strong></span> <span class='ocrx_word' id='word_1_636' title='bbox 1513 4646 1551 4700; x_wconf 89' lang='lat' dir='ltr'><strong>ii</strong></span> <span class='ocrx_word' id='word_1_637' title='bbox 1598 4646 1690 4715; x_wconf 89' lang='lat' dir='ltr'><strong>qui</strong></span> <span class='ocrx_word' id='word_1_638' title='bbox 1721 4644 1922 4716; x_wconf 81' lang='lat' dir='ltr'><strong>Moysis</strong></span> <span class='ocrx_word' id='word_1_639' title='bbox 1955 4646 2127 4716; x_wconf 88' lang='lat' dir='ltr'><strong>legem</strong></span> <span class='ocrx_word' id='word_1_640' title='bbox 2168 4663 2321 4704; x_wconf 80' lang='lat' dir='ltr'><strong>acce-</strong></span> 
     </span>
    </p>
   </div>
   <div class='ocr_carea' id='block_1_93' title="bbox 2400 4624 3983 4721">
    <p class='ocr_par' dir='ltr' id='par_1_93' title="bbox 2423 4624 3983 4721">
     <span class='ocr_line' id='line_1_93' title="bbox 2423 4624 3983 4721; baseline -0.007 -17"><span class='ocrx_word' id='word_1_641' title='bbox 2423 4624 2682 4721; x_wconf 74' lang='grc' dir='ltr'>καθάπερ</span> <span class='ocrx_word' id='word_1_642' title='bbox 2726 4651 2774 4702; x_wconf 80' lang='lat' dir='ltr'><strong>oi</strong></span> <span class='ocrx_word' id='word_1_643' title='bbox 2806 4648 2895 4701; x_wconf 83' lang='grc' dir='ltr'>τὸν</span> <span class='ocrx_word' id='word_1_644' title='bbox 2945 4624 3217 4710; x_wconf 72' lang='grc' dir='ltr'>Μιυῡσέως</span> <span class='ocrx_word' id='word_1_645' title='bbox 3272 4624 3549 4717; x_wconf 81' lang='grc' dir='ltr'>δεξάμενοι</span> <span class='ocrx_word' id='word_1_646' title='bbox 3599 4642 3793 4711; x_wconf 87' lang='grc' dir='ltr'>νόμον,</span> <span class='ocrx_word' id='word_1_647' title='bbox 3850 4624 3983 4706; x_wconf 74' lang='grc' dir='ltr'><strong>ἀλλά</strong></span> 
     </span>
    </p>
   </div>
   <div class='ocr_carea' id='block_1_94' title="bbox 716 4730 2317 4813">
    <p class='ocr_par' dir='ltr' id='par_1_94' title="bbox 716 4730 2317 4813">
     <span class='ocr_line' id='line_1_94' title="bbox 716 4730 2317 4813; baseline 0 -18"><span class='ocrx_word' id='word_1_648' title='bbox 716 4730 719 4733; x_wconf 55' lang='grc'><em>’</em></span> <span class='ocrx_word' id='word_1_649' title='bbox 765 4757 922 4813; x_wconf 87' lang='lat' dir='ltr'><strong>pere;</strong></span> <span class='ocrx_word' id='word_1_650' title='bbox 954 4746 1007 4793; x_wconf 90' lang='lat' dir='ltr'><strong>at</strong></span> <span class='ocrx_word' id='word_1_651' title='bbox 1034 4746 1316 4809; x_wconf 87' lang='lat' dir='ltr'><strong>postquam</strong></span> <span class='ocrx_word' id='word_1_652' title='bbox 1369 4740 1701 4808; x_wconf 69' lang='lat' dir='ltr'><strong>praevaricati</strong></span> <span class='ocrx_word' id='word_1_653' title='bbox 1731 4747 1879 4804; x_wconf 91' lang='lat' dir='ltr'><strong>sunt,</strong></span> <span class='ocrx_word' id='word_1_654' title='bbox 1922 4740 2232 4799; x_wconf 84' lang='lat' dir='ltr'><strong>nullatenus</strong></span> <span class='ocrx_word' id='word_1_655' title='bbox 2265 4740 2317 4795; x_wconf 92' lang='lat' dir='ltr'><strong>in</strong></span> 
     </span>
    </p>
   </div>
   <div class='ocr_carea' id='block_1_95' title="bbox 764 4829 2322 4903">
    <p class='ocr_par' dir='ltr' id='par_1_95' title="bbox 764 4829 2322 4903">
     <span class='ocr_line' id='line_1_95' title="bbox 764 4829 2322 4903; baseline 0 -18"><span class='ocrx_word' id='word_1_656' title='bbox 764 4832 998 4903; x_wconf 81' lang='lat' dir='ltr'><strong>pristino</strong></span> <span class='ocrx_word' id='word_1_657' title='bbox 1018 4831 1137 4885; x_wconf 90' lang='lat' dir='ltr'><strong>loco</strong></span> <span class='ocrx_word' id='word_1_658' title='bbox 1158 4836 1379 4883; x_wconf 78' lang='lat' dir='ltr'><strong>manent</strong></span> <span class='ocrx_word' id='word_1_659' title='bbox 1418 4847 1430 4881; x_wconf 95' lang='lat'>:</span> <span class='ocrx_word' id='word_1_660' title='bbox 1465 4836 1520 4881; x_wconf 88' lang='lat' dir='ltr'><strong>tu</strong></span> <span class='ocrx_word' id='word_1_661' title='bbox 1560 4846 1686 4885; x_wconf 86' lang='lat' dir='ltr'><strong>vero</strong></span> <span class='ocrx_word' id='word_1_662' title='bbox 1708 4830 1889 4886; x_wconf 89' lang='lat' dir='ltr'><strong>oderis</strong></span> <span class='ocrx_word' id='word_1_663' title='bbox 1912 4846 2006 4887; x_wconf 90' lang='lat' dir='ltr'><strong>eos</strong></span> <span class='ocrx_word' id='word_1_664' title='bbox 2033 4831 2128 4901; x_wconf 89' lang='lat' dir='ltr'><strong>qui</strong></span> <span class='ocrx_word' id='word_1_665' title='bbox 2158 4845 2190 4884; x_wconf 89' lang='lat' dir='ltr'><strong>a</strong></span> <span class='ocrx_word' id='word_1_666' title='bbox 2226 4829 2322 4885; x_wconf 89' lang='lat' dir='ltr'><strong>Dei</strong></span> 
     </span>
    </p>
   </div>
   <div class='ocr_carea' id='block_1_96' title="bbox 767 4915 2319 4992">
    <p class='ocr_par' dir='ltr' id='par_1_96' title="bbox 767 4915 2319 4992">
     <span class='ocr_line' id='line_1_96' title="bbox 767 4915 2319 4992; baseline 0.001 -19"><span class='ocrx_word' id='word_1_667' title='bbox 767 4921 919 4975; x_wconf 75' lang='lat' dir='ltr'><strong>cultu</strong></span> <span class='ocrx_word' id='word_1_668' title='bbox 944 4934 1216 4976; x_wconf 76' lang='lat' dir='ltr'><strong>recessere</strong></span> <span class='ocrx_word' id='word_1_669' title='bbox 1236 4958 1252 4983; x_wconf 93' lang='lat'><strong>,</strong></span> <span class='ocrx_word' id='word_1_670' title='bbox 1282 4924 1488 4988; x_wconf 88' lang='lat' dir='ltr'><strong>quanto</strong></span> <span class='ocrx_word' id='word_1_671' title='bbox 1517 4928 1754 4989; x_wconf 85' lang='lat' dir='ltr'><strong>tempore</strong></span> <span class='ocrx_word' id='word_1_672' title='bbox 1785 4922 1820 4975; x_wconf 92' lang='lat' dir='ltr'><strong>ii</strong></span> <span class='ocrx_word' id='word_1_673' title='bbox 1849 4921 1973 4977; x_wconf 88' lang='lat' dir='ltr'><strong>odio</strong></span> <span class='ocrx_word' id='word_1_674' title='bbox 2006 4922 2168 4992; x_wconf 81' lang='lat' dir='ltr'><strong>digna</strong></span> <span class='ocrx_word' id='word_1_675' title='bbox 2195 4915 2319 4991; x_wconf 87' lang='lat' dir='ltr'><strong>per-</strong></span> 
     </span>
    </p>
   </div>
   <div class='ocr_carea' id='block_1_97' title="bbox 766 5020 996 5082">
    <p class='ocr_par' dir='ltr' id='par_1_97' title="bbox 766 5020 996 5082">
     <span class='ocr_line' id='line_1_97' title="bbox 766 5020 996 5082; baseline -0.004 -18"><span class='ocrx_word' id='word_1_676' title='bbox 766 5020 996 5082; x_wconf 86' lang='lat' dir='ltr'><strong>petrant.</strong></span> 
     </span>
    </p>
   </div>
   <div class='ocr_carea' id='block_1_98' title="bbox 840 5100 2324 5173">
    <p class='ocr_par' dir='ltr' id='par_1_98' title="bbox 840 5100 2324 5173">
     <span class='ocr_line' id='line_1_98' title="bbox 840 5100 2324 5173; baseline 0.002 -21"><span class='ocrx_word' id='word_1_677' title='bbox 840 5101 1005 5157; x_wconf 70' lang='lat' dir='ltr'><strong>Vens.</strong></span> <span class='ocrx_word' id='word_1_678' title='bbox 1038 5104 1088 5165; x_wconf 86' lang='lat'><strong>7,</strong></span> <span class='ocrx_word' id='word_1_679' title='bbox 1123 5102 1188 5157; x_wconf 88' lang='lat'><strong>8.-</strong></span> <span class='ocrx_word' id='word_1_680' title='bbox 1208 5100 1403 5166; x_wconf 87' lang='lat' dir='ltr'><strong>Odisti,</strong></span> <span class='ocrx_word' id='word_1_681' title='bbox 1446 5100 1683 5166; x_wconf 85' lang='lat' dir='ltr'><strong>Domine,</strong></span> <span class='ocrx_word' id='word_1_682' title='bbox 1721 5116 1895 5155; x_wconf 85' lang='lat' dir='ltr'><strong>omnes</strong></span> <span class='ocrx_word' id='word_1_683' title='bbox 1928 5102 2017 5171; x_wconf 89' lang='lat' dir='ltr'><strong>qui</strong></span> <span class='ocrx_word' id='word_1_684' title='bbox 2044 5111 2324 5173; x_wconf 84' lang='lat' dir='ltr'><strong>operantur</strong></span> 
     </span>
    </p>
   </div>
   <div class='ocr_carea' id='block_1_99' title="bbox 761 5192 2321 5265">
    <p class='ocr_par' dir='ltr' id='par_1_99' title="bbox 761 5192 2321 5265">
     <span class='ocr_line' id='line_1_99' title="bbox 761 5192 2321 5265; baseline -0.002 -17"><span class='ocrx_word' id='word_1_685' title='bbox 761 5196 1114 5265; x_wconf 82' lang='lat' dir='ltr'><strong>iniquitatem,</strong></span> <span class='ocrx_word' id='word_1_686' title='bbox 1139 5194 1317 5261; x_wconf 85' lang='lat' dir='ltr'><strong>perdes</strong></span> <span class='ocrx_word' id='word_1_687' title='bbox 1340 5210 1513 5247; x_wconf 86' lang='lat' dir='ltr'><strong>omnes</strong></span> <span class='ocrx_word' id='word_1_688' title='bbox 1550 5194 1638 5263; x_wconf 89' lang='lat' dir='ltr'><strong>qui</strong></span> <span class='ocrx_word' id='word_1_689' title='bbox 1668 5192 1947 5262; x_wconf 83' lang='lat' dir='ltr'><strong>loquuntur</strong></span> <span class='ocrx_word' id='word_1_690' title='bbox 1973 5194 2321 5248; x_wconf 86' lang='lat' dir='ltr'><strong>mendacium.</strong></span> 
     </span>
    </p>
   </div>
   <div class='ocr_carea' id='block_1_100' title="bbox 776 5285 2322 5355">
    <p class='ocr_par' dir='ltr' id='par_1_100' title="bbox 776 5285 2322 5355">
     <span class='ocr_line' id='line_1_100' title="bbox 776 5285 2322 5355; baseline -0.001 -15"><span class='ocrx_word' id='word_1_691' title='bbox 776 5287 958 5340; x_wconf 79' lang='lat' dir='ltr'><strong>Virum</strong></span> <span class='ocrx_word' id='word_1_692' title='bbox 985 5286 1295 5355; x_wconf 86' lang='lat' dir='ltr'><strong>sanguinum</strong></span> <span class='ocrx_word' id='word_1_693' title='bbox 1323 5296 1373 5338; x_wconf 87' lang='lat' dir='ltr'><strong>et</strong></span> <span class='ocrx_word' id='word_1_694' title='bbox 1409 5285 1649 5339; x_wconf 84' lang='lat' dir='ltr'><strong>dolosum</strong></span> <span class='ocrx_word' id='word_1_695' title='bbox 1687 5285 2019 5339; x_wconf 85' lang='lat' dir='ltr'><strong>abominatur</strong></span> <span class='ocrx_word' id='word_1_696' title='bbox 2045 5286 2322 5340; x_wconf 85' lang='lat' dir='ltr'><strong>Dominus.</strong></span> 
     </span>
    </p>
   </div>
   <div class='ocr_carea' id='block_1_101' title="bbox 769 5374 2324 5446">
    <p class='ocr_par' dir='ltr' id='par_1_101' title="bbox 769 5374 2324 5446">
     <span class='ocr_line' id='line_1_101' title="bbox 769 5374 2324 5446; baseline -0.001 -17"><span class='ocrx_word' id='word_1_697' title='bbox 769 5375 885 5431; x_wconf 87' lang='lat' dir='ltr'><strong>Non</strong></span> <span class='ocrx_word' id='word_1_698' title='bbox 917 5377 1091 5432; x_wconf 88' lang='lat' dir='ltr'><strong>solum</strong></span> <span class='ocrx_word' id='word_1_699' title='bbox 1148 5390 1241 5430; x_wconf 91' lang='lat' dir='ltr'><strong>eos</strong></span> <span class='ocrx_word' id='word_1_700' title='bbox 1295 5374 1386 5443; x_wconf 88' lang='lat' dir='ltr'><strong>qui</strong></span> <span class='ocrx_word' id='word_1_701' title='bbox 1424 5376 1576 5438; x_wconf 88' lang='lat' dir='ltr'><strong>olim,</strong></span> <span class='ocrx_word' id='word_1_702' title='bbox 1612 5375 1707 5431; x_wconf 87' lang='lat' dir='ltr'><strong>scd</strong></span> <span class='ocrx_word' id='word_1_703' title='bbox 1740 5375 1901 5430; x_wconf 87' lang='lat' dir='ltr'><strong>etiam</strong></span> <span class='ocrx_word' id='word_1_704' title='bbox 1945 5392 2039 5431; x_wconf 89' lang='lat' dir='ltr'><strong>eos</strong></span> <span class='ocrx_word' id='word_1_705' title='bbox 2073 5377 2165 5446; x_wconf 84' lang='lat' dir='ltr'><strong>qui</strong></span> <span class='ocrx_word' id='word_1_706' title='bbox 2211 5374 2324 5442; x_wconf 88' lang='lat' dir='ltr'><strong>jam</strong></span> 
     </span>
    </p>
   </div>
   <div class='ocr_carea' id='block_1_102' title="bbox 770 5465 2317 5537">
    <p class='ocr_par' dir='ltr' id='par_1_102' title="bbox 770 5465 2317 5537">
     <span class='ocr_line' id='line_1_102' title="bbox 770 5465 2317 5537; baseline 0.001 -18"><span class='ocrx_word' id='word_1_707' title='bbox 770 5475 1061 5534; x_wconf 89' lang='lat' dir='ltr'><strong>operantur</strong></span> <span class='ocrx_word' id='word_1_708' title='bbox 1086 5465 1443 5535; x_wconf 83' lang='lat' dir='ltr'><strong>iniquitatem,</strong></span> <span class='ocrx_word' id='word_1_709' title='bbox 1490 5467 1535 5521; x_wconf 91' lang='lat' dir='ltr'><strong>si</strong></span> <span class='ocrx_word' id='word_1_710' title='bbox 1566 5468 1779 5535; x_wconf 88' lang='lat' dir='ltr'><strong>quidem</strong></span> <span class='ocrx_word' id='word_1_711' title='bbox 1811 5466 1865 5519; x_wconf 89' lang='lat' dir='ltr'><strong>in</strong></span> <span class='ocrx_word' id='word_1_712' title='bbox 1898 5468 2102 5521; x_wconf 89' lang='lat' dir='ltr'><strong>malitia</strong></span> <span class='ocrx_word' id='word_1_713' title='bbox 2136 5481 2317 5537; x_wconf 79' lang='lat' dir='ltr'><strong>perse-</strong></span> 
     </span>
    </p>
   </div>
   <div class='ocr_carea' id='block_1_103' title="bbox 769 5556 2323 5627">
    <p class='ocr_par' dir='ltr' id='par_1_103' title="bbox 769 5556 2323 5627">
     <span class='ocr_line' id='line_1_103' title="bbox 769 5556 2323 5627; baseline 0.001 -18"><span class='ocrx_word' id='word_1_714' title='bbox 769 5564 977 5619; x_wconf 83' lang='lat' dir='ltr'><strong>verent,</strong></span> <span class='ocrx_word' id='word_1_715' title='bbox 1014 5558 1125 5611; x_wconf 81' lang='lat' dir='ltr'><strong>odit</strong></span> <span class='ocrx_word' id='word_1_716' title='bbox 1159 5557 1298 5613; x_wconf 85' lang='lat' dir='ltr'><strong>Deus</strong></span> <span class='ocrx_word' id='word_1_717' title='bbox 1328 5576 1341 5613; x_wconf 91' lang='lat'><strong>:</strong></span> <span class='ocrx_word' id='word_1_718' title='bbox 1378 5573 1441 5612; x_wconf 78' lang='lat' dir='ltr'><strong>ae</strong></span> <span class='ocrx_word' id='word_1_719' title='bbox 1462 5573 1570 5627; x_wconf 62' lang='lat' dir='ltr'><strong>prae</strong></span> <span class='ocrx_word' id='word_1_720' title='bbox 1591 5560 1845 5614; x_wconf 77' lang='lat' dir='ltr'><strong>omnibits</strong></span> <span class='ocrx_word' id='word_1_721' title='bbox 1878 5559 2132 5627; x_wconf 85' lang='lat' dir='ltr'><strong>perniciei</strong></span> <span class='ocrx_word' id='word_1_722' title='bbox 2159 5556 2323 5613; x_wconf 82' lang='lat' dir='ltr'><strong>tradit</strong></span> 
     </span>
    </p>
   </div>
   <div class='ocr_carea' id='block_1_104' title="bbox 840 5708 1288 5775">
    <p class='ocr_par' dir='ltr' id='par_1_104' title="bbox 840 5708 1288 5775">
     <span class='ocr_line' id='line_1_104' title="bbox 840 5708 1288 5775; baseline 0.009 -13"><span class='ocrx_word' id='word_1_723' title='bbox 840 5710 888 5742; x_wconf 75' lang='grc'><strong>⁵⁸</strong></span> <span class='ocrx_word' id='word_1_724' title='bbox 926 5709 947 5763; x_wconf 86' lang='grc' dir='ltr'><strong>ι</strong></span> <span class='ocrx_word' id='word_1_725' title='bbox 975 5708 1118 5763; x_wconf 89' lang='lat' dir='ltr'><strong>Petr.</strong></span> <span class='ocrx_word' id='word_1_726' title='bbox 1154 5728 1207 5775; x_wconf 89' lang='grc' dir='ltr'><strong>ι,</strong></span> <span class='ocrx_word' id='word_1_727' title='bbox 1237 5713 1288 5766; x_wconf 71' lang='grc'>4.</span> 
     </span>
    </p>
   </div>
   <div class='ocr_carea' id='block_1_105' title="bbox 844 5892 1705 5966">
    <p class='ocr_par' dir='ltr' id='par_1_105' title="bbox 844 5892 1705 5966">
     <span class='ocr_line' id='line_1_105' title="bbox 844 5892 1705 5966; baseline -0.016 -6"><span class='ocrx_word' id='word_1_728' title='bbox 844 5894 916 5964; x_wconf 67' lang='grc'><strong>(1)</strong></span> <span class='ocrx_word' id='word_1_729' title='bbox 957 5892 1089 5952; x_wconf 69' lang='lat' dir='ltr'><strong>Vide</strong></span> <span class='ocrx_word' id='word_1_730' title='bbox 1118 5906 1299 5950; x_wconf 86' lang='lat' dir='ltr'><strong>notam</strong></span> <span class='ocrx_word' id='word_1_731' title='bbox 1332 5896 1382 5950; x_wconf 88' lang='lat' dir='ltr'><strong>in</strong></span> <span class='ocrx_word' id='word_1_732' title='bbox 1412 5896 1544 5966; x_wconf 86' lang='lat' dir='ltr'><strong>psal.</strong></span> <span class='ocrx_word' id='word_1_733' title='bbox 1578 5910 1705 5951; x_wconf 80' lang='lat' dir='ltr'><strong>xvn.</strong></span> 
     </span>
    </p>
   </div>
   <div class='ocr_carea' id='block_1_106' title="bbox 2425 4730 3981 4812">
    <p class='ocr_par' dir='ltr' id='par_1_106' title="bbox 2425 4730 3981 4812">
     <span class='ocr_line' id='line_1_106' title="bbox 2425 4730 3981 4812; baseline -0.008 -19"><span class='ocrx_word' id='word_1_734' title='bbox 2425 4740 2736 4812; x_wconf 79' lang='grc' dir='ltr'>παραϐάται</span> <span class='ocrx_word' id='word_1_735' title='bbox 2760 4736 3037 4806; x_wconf 87' lang='grc' dir='ltr'>γεγονότες</span> <span class='ocrx_word' id='word_1_736' title='bbox 3057 4738 3119 4790; x_wconf 86' lang='grc' dir='ltr'>οὐ</span> <span class='ocrx_word' id='word_1_737' title='bbox 3148 4736 3413 4807; x_wconf 77' lang='grc' dir='ltr'>μένουσιν.</span> <span class='ocrx_word' id='word_1_738' title='bbox 3436 4735 3627 4794; x_wconf 85' lang='grc' dir='ltr'>Μισεῖς</span> <span class='ocrx_word' id='word_1_739' title='bbox 3664 4730 3719 4783; x_wconf 85' lang='grc' dir='ltr'><strong>δέ</strong></span> <span class='ocrx_word' id='word_1_740' title='bbox 3745 4730 3981 4794; x_wconf 75' lang='grc' dir='ltr'>καὶτοὺς</span> 
     </span>
    </p>
   </div>
   <div class='ocr_carea' id='block_1_107' title="bbox 2426 4824 3977 4903">
    <p class='ocr_par' dir='ltr' id='par_1_107' title="bbox 2426 4824 3977 4903">
     <span class='ocr_line' id='line_1_107' title="bbox 2426 4824 3977 4903; baseline -0.005 -19"><span class='ocrx_word' id='word_1_741' title='bbox 2426 4830 2531 4896; x_wconf 77' lang='grc' dir='ltr'><strong>ἐξω</strong></span> <span class='ocrx_word' id='word_1_742' title='bbox 2554 4831 2653 4901; x_wconf 81' lang='grc' dir='ltr'>τῆς</span> <span class='ocrx_word' id='word_1_743' title='bbox 2683 4828 2988 4892; x_wconf 72' lang='grc' dir='ltr'>θεοσεϐείας</span> <span class='ocrx_word' id='word_1_744' title='bbox 3027 4831 3085 4883; x_wconf 89' lang='grc' dir='ltr'><strong>ἐν</strong></span> <span class='ocrx_word' id='word_1_745' title='bbox 3112 4829 3219 4899; x_wconf 79' lang='grc' dir='ltr'><strong>ὅσῳ</strong></span> <span class='ocrx_word' id='word_1_746' title='bbox 3265 4827 3456 4897; x_wconf 88' lang='grc' dir='ltr'>μίσους</span> <span class='ocrx_word' id='word_1_747' title='bbox 3483 4825 3607 4903; x_wconf 75' lang='grc' dir='ltr'>ἀξια</span> <span class='ocrx_word' id='word_1_748' title='bbox 3634 4824 3977 4895; x_wconf 76' lang='grc' dir='ltr'>πράττουσιν.</span> 
     </span>
    </p>
   </div>
   <div class='ocr_carea' id='block_1_108' title="bbox 2506 5097 3979 5173">
    <p class='ocr_par' dir='ltr' id='par_1_108' title="bbox 2506 5097 3979 5173">
     <span class='ocr_line' id='line_1_108' title="bbox 2506 5097 3979 5173; baseline -0.005 -14"><span class='ocrx_word' id='word_1_749' title='bbox 2506 5105 2851 5173; x_wconf 83' lang='grc' dir='ltr'>Ἐμίσησας,</span> <span class='ocrx_word' id='word_1_750' title='bbox 2896 5107 3091 5172; x_wconf 82' lang='grc' dir='ltr'>Κύριε,</span> <span class='ocrx_word' id='word_1_751' title='bbox 3124 5100 3351 5165; x_wconf 80' lang='grc' dir='ltr'>πάντας</span> <span class='ocrx_word' id='word_1_752' title='bbox 3382 5099 3522 5165; x_wconf 88' lang='grc' dir='ltr'>τοὺς</span> <span class='ocrx_word' id='word_1_753' title='bbox 3559 5097 3979 5167; x_wconf 64' lang='grc' dir='ltr'>ὲρπιζομένους</span> 
     </span>
    </p>
   </div>
   <div class='ocr_carea' id='block_1_109' title="bbox 2423 5192 3978 5267">
    <p class='ocr_par' dir='ltr' id='par_1_109' title="bbox 2423 5192 3978 5267">
     <span class='ocr_line' id='line_1_109' title="bbox 2423 5192 3978 5267; baseline -0.004 -17"><span class='ocrx_word' id='word_1_754' title='bbox 2423 5197 2537 5265; x_wconf 81' lang='grc' dir='ltr'>τὴν</span> <span class='ocrx_word' id='word_1_755' title='bbox 2562 5198 2833 5267; x_wconf 73' lang='grc' dir='ltr'>ἀνομίαν,</span> <span class='ocrx_word' id='word_1_756' title='bbox 2864 5194 3106 5259; x_wconf 79' lang='grc' dir='ltr'>ἀπολεῖς</span> <span class='ocrx_word' id='word_1_757' title='bbox 3126 5192 3350 5257; x_wconf 81' lang='grc' dir='ltr'>πάντας</span> <span class='ocrx_word' id='word_1_758' title='bbox 3382 5192 3520 5257; x_wconf 87' lang='grc' dir='ltr'>τοὺς</span> <span class='ocrx_word' id='word_1_759' title='bbox 3547 5192 3879 5257; x_wconf 64' lang='grc' dir='ltr'>λαλοῦντας</span> <span class='ocrx_word' id='word_1_760' title='bbox 3916 5192 3978 5244; x_wconf 85' lang='grc' dir='ltr'>τὸ</span> 
     </span>
    </p>
   </div>
   <div class='ocr_carea' id='block_1_110' title="bbox 2423 5283 3980 5359">
    <p class='ocr_par' dir='ltr' id='par_1_110' title="bbox 2423 5283 3980 5359">
     <span class='ocr_line' id='line_1_110' title="bbox 2423 5283 3980 5359; baseline -0.007 -16"><span class='ocrx_word' id='word_1_761' title='bbox 2423 5289 2665 5359; x_wconf 72' lang='grc' dir='ltr'>ψεῦδος.</span> <span class='ocrx_word' id='word_1_762' title='bbox 2704 5290 2917 5359; x_wconf 80' lang='grc' dir='ltr'>Ἄνδρα</span> <span class='ocrx_word' id='word_1_763' title='bbox 2943 5286 3201 5355; x_wconf 77' lang='grc' dir='ltr'>αἱμάτων</span> <span class='ocrx_word' id='word_1_764' title='bbox 3227 5285 3323 5337; x_wconf 72' lang='grc' dir='ltr'>καὶ</span> <span class='ocrx_word' id='word_1_765' title='bbox 3351 5283 3552 5337; x_wconf 73' lang='grc' dir='ltr'>δόλιον</span> <span class='ocrx_word' id='word_1_766' title='bbox 3572 5285 3980 5349; x_wconf 74' lang='grc' dir='ltr'>βδελύσσεται</span> 
     </span>
    </p>
   </div>
   <div class='ocr_carea' id='block_1_111' title="bbox 2424 5372 3980 5448">
    <p class='ocr_par' dir='ltr' id='par_1_111' title="bbox 2424 5372 3980 5448">
     <span class='ocr_line' id='line_1_111' title="bbox 2424 5372 3980 5448; baseline -0.006 -15"><span class='ocrx_word' id='word_1_767' title='bbox 2424 5380 2653 5448; x_wconf 81' lang='grc' dir='ltr'>Κύριος.</span> <span class='ocrx_word' id='word_1_768' title='bbox 2682 5383 2756 5436; x_wconf 83' lang='grc' dir='ltr'><strong>Οὐ</strong></span> <span class='ocrx_word' id='word_1_769' title='bbox 2779 5380 2901 5442; x_wconf 82' lang='grc' dir='ltr'>τούς</span> <span class='ocrx_word' id='word_1_770' title='bbox 2944 5394 3095 5447; x_wconf 36' lang='grc' dir='ltr'>ποτε,</span> <span class='ocrx_word' id='word_1_771' title='bbox 3120 5375 3538 5447; x_wconf 77' lang='grc' dir='ltr'>ἐργασαμένους,</span> <span class='ocrx_word' id='word_1_772' title='bbox 3564 5376 3695 5428; x_wconf 69' lang='grc' dir='ltr'>ἀλλὰ</span> <span class='ocrx_word' id='word_1_773' title='bbox 3731 5374 3823 5427; x_wconf 75' lang='grc' dir='ltr'><strong>καὶ</strong></span> <span class='ocrx_word' id='word_1_774' title='bbox 3856 5372 3980 5433; x_wconf 80' lang='grc' dir='ltr'>τοὺς</span> 
     </span>
    </p>
   </div>
   <div class='ocr_carea' id='block_1_112' title="bbox 2425 5460 3973 5538">
    <p class='ocr_par' dir='ltr' id='par_1_112' title="bbox 2425 5460 3973 5538">
     <span class='ocr_line' id='line_1_112' title="bbox 2425 5460 3973 5538; baseline -0.006 -17"><span class='ocrx_word' id='word_1_775' title='bbox 2425 5467 2503 5521; x_wconf 81' lang='grc' dir='ltr'><strong>ἐτι</strong></span> <span class='ocrx_word' id='word_1_776' title='bbox 2561 5471 2655 5523; x_wconf 73' lang='grc' dir='ltr'>καὶ</span> <span class='ocrx_word' id='word_1_777' title='bbox 2700 5470 2796 5522; x_wconf 76' lang='grc' dir='ltr'>νῦν</span> <span class='ocrx_word' id='word_1_778' title='bbox 2835 5460 3243 5538; x_wconf 77' lang='grc' dir='ltr'>ἐργαζομένους,</span> <span class='ocrx_word' id='word_1_779' title='bbox 3288 5464 3361 5527; x_wconf 83' lang='grc' dir='ltr'>ὡς</span> <span class='ocrx_word' id='word_1_780' title='bbox 3405 5465 3469 5518; x_wconf 82' lang='grc' dir='ltr'>ἂν</span> <span class='ocrx_word' id='word_1_781' title='bbox 3515 5464 3865 5534; x_wconf 72' lang='grc' dir='ltr'>ἐπιμένοντας</span> <span class='ocrx_word' id='word_1_782' title='bbox 3907 5461 3973 5529; x_wconf 72' lang='grc' dir='ltr'>τῇ</span> 
     </span>
    </p>
   </div>
   <div class='ocr_carea' id='block_1_113' title="bbox 2428 5550 3977 5630">
    <p class='ocr_par' dir='ltr' id='par_1_113' title="bbox 2428 5550 3977 5630">
     <span class='ocr_line' id='line_1_113' title="bbox 2428 5550 3977 5630; baseline -0.003 -20"><span class='ocrx_word' id='word_1_783' title='bbox 2428 5558 2615 5630; x_wconf 77' lang='grc' dir='ltr'>κακίᾳ,</span> <span class='ocrx_word' id='word_1_784' title='bbox 2657 5562 2803 5630; x_wconf 88' lang='grc' dir='ltr'>μισεῖ</span> <span class='ocrx_word' id='word_1_785' title='bbox 2826 5559 2855 5609; x_wconf 87' lang='grc' dir='ltr'>ὁ</span> <span class='ocrx_word' id='word_1_786' title='bbox 2889 5558 3037 5620; x_wconf 81' lang='grc' dir='ltr'>Θεός.</span> <span class='ocrx_word' id='word_1_787' title='bbox 3092 5556 3250 5627; x_wconf 87' lang='grc' dir='ltr'>Παρά</span> <span class='ocrx_word' id='word_1_788' title='bbox 3276 5558 3479 5621; x_wconf 78' lang='grc' dir='ltr'>πάντας</span> <span class='ocrx_word' id='word_1_789' title='bbox 3502 5556 3557 5609; x_wconf 81' lang='grc' dir='ltr'><strong>δὲ</strong></span> <span class='ocrx_word' id='word_1_790' title='bbox 3590 5552 3806 5614; x_wconf 66' lang='grc' dir='ltr'>τούτους</span> <span class='ocrx_word' id='word_1_791' title='bbox 3829 5550 3977 5605; x_wconf 65' lang='grc' dir='ltr'>ἀπυ-</span> 
     </span>
    </p>
   </div>
   <div class='ocr_carea' id='block_1_114' title="bbox 1368 5710 2506 5781">
    <p class='ocr_par' dir='ltr' id='par_1_114' title="bbox 1368 5710 2506 5781">
     <span class='ocr_line' id='line_1_114' title="bbox 1368 5710 2506 5781; baseline 0.002 -15"><span class='ocrx_word' id='word_1_792' title='bbox 1368 5714 1413 5744; x_wconf 80' lang='grc'><strong>⁶⁶</strong></span> <span class='ocrx_word' id='word_1_793' title='bbox 1456 5713 1641 5768; x_wconf 84' lang='lat' dir='ltr'><strong>Matth.</strong></span> <span class='ocrx_word' id='word_1_794' title='bbox 1670 5731 1813 5781; x_wconf 71' lang='lat' dir='ltr'><strong>xxv,</strong></span> <span class='ocrx_word' id='word_1_795' title='bbox 1847 5714 1935 5771; x_wconf 62' lang='grc' dir='ltr'><strong>δέ.</strong></span> <span class='ocrx_word' id='word_1_796' title='bbox 2014 5713 2055 5743; x_wconf 78' lang='grc'>⁶¹</span> <span class='ocrx_word' id='word_1_797' title='bbox 2095 5710 2240 5768; x_wconf 83' lang='lat' dir='ltr'><strong>Psal.</strong></span> <span class='ocrx_word' id='word_1_798' title='bbox 2274 5726 2341 5765; x_wconf 76' lang='lat' dir='ltr'><strong>cx</strong></span> <span class='ocrx_word' id='word_1_799' title='bbox 2365 5752 2379 5777; x_wconf 86' lang='lat'><strong>,</strong></span> <span class='ocrx_word' id='word_1_800' title='bbox 2420 5712 2506 5768; x_wconf 76' lang='grc'><strong>10.</strong></span> 
     </span>
    </p>
   </div>
  </div>
