4262 6380
235 533 330 592 117

1361 535 1862 593 (ΣΟΜΜΕΝΤᾹΒΙΛ
1894 534 1962 589 IN
2002 533 2337 589 PSALMOS.

3371 530 3472 585 118

225 654 341 727 λείᾳ.
399 658 732 730 παραδίδωσι
766 661 889 722 τοὺς
937 658 1010 731 μὴ
1042 652 1200 729 μόνον
1242 659 1380 714 κατὰ
1413 660 1627 729 ἀπάτην
1650 659 1797 728 λογι-
1826 698 1836 720 λ

1901 672 2017 721 eos,
2050 657 2142 726 qui
2189 670 2298 710 non
2352 653 2513 709 modo
2541 667 2639 723 per
2693 651 2959 706 fallaciam
3008 652 3288 708 mendacia
3321 652 3476 723 cogi-

225 748 479 822 ξομένους
522 752 590 805 τὰ
612 751 806 821 ψευδῆ,
832 750 967 804 ἀλλὰ
1008 751 1103 805 καὶ
1141 750 1433 815 λαλοῦντας
1493 752 1652 814 αὐτὰ,
1705 755 1798 805 καὶ

225 841 427 914 ἑτέροις
452 842 917 912 διακονουμένους,
946 843 1123 897 ὁποῖοι
1170 845 1528 914 τυγχάνουσιν
1551 844 1599 896 οἱ
1628 843 1795 907 ἄθεοι,

222 934 556 1006 αἰρεσιῶται.
588 937 695 988 Καὶ
721 936 814 988 ἐπὶ
835 936 967 988 πᾶσι
986 936 1194 1000 τούτοις
1214 937 1319 990 τὸν
1338 936 1525 1004 ἄνδρα
1538 935 1798 1005 αἱμάτων

224 1018 619 1087 βδελύσσεται
634 1020 869 1087 Κύριος,
896 1024 990 1079 καὶ
1018 1025 1075 1078 ὲν
1105 1030 1171 1098 τῇ
1206 1024 1296 1098 ἴσῃ
1336 1026 1509 1098 τούτῳ
1556 1027 1797 1097 τιμωρίᾳ

215 1100 314 1166 Ἴκαὶ
358 1118 456 1167 τὸν
500 1114 673 1167 δόλιον
720 1114 950 1187 τίθησιν.
1000 1118 1059 1171 Ὀ
1104 1118 1160 1172 δὲ
1200 1118 1493 1189 βδελυγμὸε
1527 1118 1797 1192 ὑπερϐάλ-

222 1201 415 1255 λουσαν
468 1204 838 1278 ἀποστροφὴν,
886 1207 963 1272 ὡς
1007 1209 1100 1261 ἐπὶ
1139 1209 1360 1281 μεγάλῳ
1399 1210 1680 1282 βιάσματι,
1699 1209 1794 1263 τοῦ

223 1293 640 1366 βδελυσσομένου
675 1298 811 1370 πρὸς
826 1299 915 1352 τὸν
952 1299 1237 1369 βδελυκτὸν
1271 1301 1588 1373 παρίστησι.

289 1388 486 1456 Κύριε,
506 1388 814 1460 οόήγησόν
818 1407 894 1459 με
908 1388 978 1443 ἐν
989 1388 1062 1458 τῇ
1079 1390 1435 1462 δικαιοσύνῃ
1455 1408 1571 1448 σου
1584 1411 1598 1424 ο
1617 1393 1796 1448 ἕνεκα

219 1477 336 1533 τῶν
386 1480 617 1548 ἐχθρῶν
654 1499 773 1551 μου
826 1481 1194 1536 κατεύθυνον
1235 1484 1493 1540 ἐνώπιόν
1533 1503 1649 1541 σου
1682 1486 1797 1556 τὴν

218 1569 363 1624 ὀδόν
386 1588 528 1640 μου.
560 1571 794 1642 Χριστὸς
812 1571 868 1624 δὲ
895 1574 928 1643 ἡ
962 1571 1276 1644 δικαιοσύνη
1296 1590 1309 1603 ·
1350 1576 1515 1639 αὐτὸς
1542 1577 1649 1647 γὰρ
1677 1578 1796 1645 ἐγε-

218 1664 354 1736 νήθη
385 1664 547 1734 σοφία
577 1667 709 1717 ἢπιῖν
760 1665 867 1719 ἀπὸ
907 1664 1063 1731 Θεόὖ,
1093 1665 1406 1739 δικαιοσύνη
1432 1684 1491 1720 τε
1516 1670 1611 1723 καὶ
1636 1671 1793 1739 ἁγια-

219 1755 355 1827 σμδς
376 1759 470 1811 καὶ
493 1757 899 1830 ἀπολύτρωσις..

286 1848 417 1902 Ὅτι
450 1850 559 1904 οὐκ
603 1856 774 1904 ἐστιν
808 1850 878 1904 ἐν
916 1850 996 1917 τῷ
1025 1851 1275 1922 στόματι
1302 1852 1500 1908 αὐτῶν
1520 1852 1788 1920 ἀλήθεια,

215 1939 254 2007 ἡ
284 1939 500 2007 καρδία
554 1941 755 2001 αὐτῶν
792 1946 1031 2014 ματαία.
1064 1944 1282 1999 Ματαία
1321 1945 1377 1999 δὲ
1418 1946 1511 2001 καὶ
1550 1945 1657 1999 τῶν
1685 1946 1789 2013 ἔξω

215 2030 391 2099 σοφῶν
416 2033 448 2103 ἡ
484 2034 681 2092 καρδία
711 2036 839 2108 περὶ
887 2030 964 2090 ὧν
999 2036 1211 2109 εἴρηται
1233 2055 1246 2069 ’
1272 2040 1486 2107 Κύριος
1516 2038 1791 2108 γινώσκει
1821 2014 1863 2068 Β

214 2122 353 2188 τούς
391 2122 821 2195 διαλογισμοὺς
858 2126 975 2181 τῶν
1015 2126 1241 2197 σοφῶν,
1268 2128 1355 2181 ὅτι
1378 2130 1496 2183 εἰσὶ
1512 2130 1750 2200 μάταιοι
1772 2148 1787 2161 ο

210 2209 283 2269 ὧν
314 2214 342 2271 ό
374 2215 582 2289 λάρυγξ
621 2218 853 2271 ἀπέπνει
897 2218 1066 2290 νεκρὰ
1104 2217 1370 2288 δόγματα,
1402 2218 1493 2272 τὸν
1529 2218 1791 2282 ζωοποιὸν

212 2305 302 2361 τοῦ
326 2308 462 2362 Θεοῦ
489 2308 645 2377 λόγον
672 2309 745 2381 μὴ
771 2309 1147 2373 διδασκόντων,
1181 2308 1273 2363 τὸν
1305 2308 1362 2361 δὲ
1392 2309 1557 2381 ψευδῆ
1582 2311 1683 2367 καὶ
1700 2328 1790 2365 νε-

211 2400 338 2470 κρόν
359 2413 373 2428 ·
400 2397 621 2467 Κρῖνον
669 2399 913 2465 αὐτοὺς.
942 2402 975 2453 δ
1002 2400 1168 2463 Θεὸς,
1195 2397 1323 2460 τοὺς
1346 2397 1791 2463 ἐπιϐουλεύοντάς

215 2507 314 2562 μου
332 2493 453 2555 ταῖς
483 2491 608 2562 περὶ
638 2491 737 2562 τῆς
758 2489 1118 2562 κληρονομίας
1147 2488 1358 2567 ἐλπίσιν
1376 2484 1571 2571 ’.οὗτοι
1599 2490 1705 2564 γάρ
1729 2509 1788 2545 σε

212 2580 730 2652 παραπικραινοῦσι.
758 2581 979 2649 Κρῖνον
998 2599 1011 2612 ·
1063 2581 1163 2635 ’σοῦ
1187 2582 1295 2651 γὰρ
1326 2580 1518 2647 σώζειν
1569 2583 1791 2638 σπουδά-

211 2672 413 2739 ζοντος,
442 2674 769 2745 πολεμοῦσιν
811 2674 1272 2740 ἐπιϐουλεύοντες.
1320 2675 1575 2730 Βούλεται
1608 2676 1665 2731 δὲ
1694 2676 1789 2730 καὶ

211 2769 402 2830 αὐτοὺς
456 2766 703 2821 ἐντεῦθεν
764 2768 866 2839 ἢδη
924 2769 1234 2838 κριθέντας
1284 2768 1651 2842 ὠφεληθῆναι,
1692 2769 1786 2826 τοῦ

212 2858 445 2924 πλήθους
463 2857 574 2912 τῶν
606 2858 777 2931 ἀσεϐη
786 2860 969 2931 μάτων
995 2859 1099 2926 ἔξω
1128 2862 1542 2933 γεγενημένους.

278 3034 387 3089 Καὶ
409 3035 922 3104 εὐφρανθήτωσαν
950 3036 1173 3105 πάντες
1224 3039 1278 3102 οξ
1310 3035 1653 3104 ἐλπίζοντες
1686 3038 1786 3093 ἐπὶ

209 3124 301 3190 σὲ,
334 3128 423 3193 εὶς
461 3124 648 3180 αὶῶνα
677 3126 743 3195 ἀγ
754 3125 1151 3181 αλλιάσονται
1174 3126 1273 3181 καὶ
1298 3125 1787 3194 κατασκηνώσεις

209 3217 278 3269 ἐν
302 3215 526 3283 αὐτοῖς.
561 3215 717 3270 Ἀλλὰ
741 3218 837 3270 καὶ
863 3216 955 3270 ἐπὶ
975 3217 1073 3288 τῆς
1099 3215 1195 3270 τοῦ
1215 3216 1468 3288 Σωτῆρος
1495 3215 1784 3285 ἐπιδημίας

211 3306 597 3378 ηὑφράνθησαν
628 3308 676 3361 οἱ
702 3307 802 3379 τὴν
825 3308 989 3369 αὐτοῦ
1017 3309 1493 3382 καραδοκήσαντες
1514 3309 1785 3382 ὲνανθρώσ-

211 3417 370 3472 πησιν
388 3418 403 3431 ·
427 3401 551 3470 ἥτις
570 3438 577 3446 .
597 3403 712 3465 τοῖς
757 3404 1063 3475 προφήταις
1096 3388 1333 3469 καίτοῖς
1356 3404 1536 3460 νοοῦσι
1559 3406 1627 3462 τὰ
1660 3406 1784 3460 τού-

212 3510 310 3545 των
335 3492 618 3561 ἠλπίζετο.
676 3493 1019 3565 Ἐπεδήμησε
1047 3494 1215 3567 γὰρλό
1251 3494 1383 3561 Θεὸς
1434 3498 1605 3568 Λόγος
1648 3498 1784 3571 σὰρξ

209 3583 461 3652 γεγονὼς,
489 3583 788 3655 προσλήψει
831 3585 1051 3655 σαρκὸς,
1072 3586 1159 3639 ἵνα
1194 3586 1446 3659 σκηνώσῃ
1477 3590 1535 3643 ὲν
1557 3592 1669 3655 τοῖς
1695 3606 1787 3643 πε-

208 3674 554 3727 πιστευκόσιν
579 3673 746 3745 αὐτῷ,
777 3674 920 3727 κατὰ
939 3674 1019 3739 τὸ,
1058 3676 1114 3729 Ὁ
1148 3678 1339 3748 Λόγος
1364 3678 1520 3746 σὰρξ
1546 3680 1783 3749 ἐγένετο

207 3767 304 3821 καὶ
345 3765 700 3832 ἐσκήνωσεν
725 3767 796 3820 ἐν
814 3767 961 3837 ἡμῖν
989 3784 1003 3799 ·
1036 3770 1086 3822 οἳ
1111 3770 1204 3823 καὶ
1228 3770 1308 3832 εἰς
1332 3759 1506 3823 αἰῶνα
1524 3772 1783 3840 ἀγαλλιά-

208 3850 411 3927 σονται,
443 3859 678 3931 ὁρῶντες
704 3858 799 3914 τοῦ
826 3861 1199 3933 σαρκωθέντος
1223 3861 1393 3930 Λόγου
1434 3861 1546 3930 τὴν
1570 3862 1778 3931 δόξαν,

206 3950 284 4016 ὡς
326 3953 712 4021 Μονογενοῦς
767 3954 929 4021 παρὰ
983 3953 1235 4021 Πατρός,
1276 3955 1511 4026 πλήρης
1541 3954 1782 4025 χάριτος

206 4044 301 4096 καὶ
317 4044 606 4111 ἀληθείας
656 4041 709 4095 οἶ
735 4044 830 4096 καί
848 4059 1011 4113 φασιν
1036 4063 1048 4075 ·
1068 4046 1138 4098 El
1159 4045 1257 4100 καὶ
1274 4046 1616 4116 ἐγνώκαμεν
1628 4047 1779 4101 κατὰ

204 4132 405 4201 σάρκα
450 4134 730 4202 Χριστὸν,
787 4135 948 4189 ἀλλὰ
988 4135 1106 4190 νῦν
1135 4137 1335 4192 οὐκέτι
1384 4137 1777 4209 γινώσκομεν,

206 4224 418 4296 ἔχοντες
442 4224 683 4294 θεωρίαν
706 4226 803 4297 τῆς
831 4224 989 4298 δόξης
1001 4227 1189 4293 αὑτοῦ,
1221 4229 1342 4282 καθ’
1379 4230 1445 4303 ἢν
1469 4229 1780 4305 Μονογενὴς

205 4314 353 4386 παρὰ
385 4316 601 4386 Πατρός
628 4316 799 4370 ἐστιν.

270 4404 379 4459 Καὶ
410 4404 823 4472 καυχήσονται
844 4407 915 4461 ἐν
938 4409 1035 4463 σοὶ
1054 4413 1108 4464 οἱ
1128 4403 1476 4480 ἀγαπῶντες
1499 4412 1564 4467 τὸ
1592 4413 1779 4485 ὄνομά

201 4511 336 4558 σου,
357 4495 540 4549 ὅτισύ
562 4496 919 4565 εὐλογήσεις
945 4499 1178 4557 δίκαιον
1197 4542 1210 4555 .
1244 4502 1427 4576 Οὔσης
1452 4503 1611 4573 λόγου
1632 4521 1771 4559 καυ-

192 4585 579 4675 χήσεως,περὶ
600 4579 670 4657 ἦς
693 4586 722 4638 ό
745 4584 955 4651 Παῦλός
980 4606 1145 4661 φησιν
1167 4607 1180 4621 °
1211 4591 1431 4675 ἐμηδεὶς
1452 4591 1773 4663 καυχάσθω

1900 756 2048 813 tant;
2074 748 2167 802 sed
2191 747 2352 801 etiam
2384 746 2474 799 illa
2504 744 2807 814 proferunt,
2843 744 3071 812 aliisque
3098 760 3160 798 ea
3199 746 3249 797 in
3283 760 3342 799 re
3372 744 3474 798 ad-

1899 841 2137 896 ministri
2188 847 2360 895 sunt:
2397 837 2704 906 cuiusmodi
2756 844 2884 891 sunt
2931 837 3073 890 athei
3116 848 3169 890 et
3209 837 3469 892 bmretici.

1900 932 2005 988 Sed
2041 934 2161 1005 plus
2187 947 2347 1003 quam
2396 947 2492 987 eos
2520 945 2730 992 omnes,
2780 930 2948 983 virum
2994 930 3307 998 sanguinum
3341 930 3472 983 abo-

1898 1026 2133 1079 minatur
2166 1023 2437 1087 Dominus,
2504 1036 2567 1075 ac
2593 1020 2710 1075 viro
2750 1022 2876 1093 item
2903 1020 3092 1077 doloso
3130 1036 3225 1090 par
3265 1020 3474 1090 suppli-

1896 1120 2040 1173 cium
2069 1117 2327 1173 destinat.
2346 1114 2689 1169 Abominatio
2722 1122 2903 1169 autem
2939 1122 3233 1171 extremam
3267 1114 3471 1168 abomi-

1896 1210 2075 1266 nantis
2112 1210 2168 1264 in
2196 1208 2566 1265 abominatum
2594 1207 2952 1275 aversionem,
2984 1215 3168 1278 utpote
3194 1207 3249 1263 in
3282 1207 3472 1263 fmdis-

1896 1299 2035 1353 simo
2067 1299 2291 1361 scelere,
2309 1281 2312 1289 ’
2328 1297 2615 1369 signiﬁcat.

1966 1390 2134 1447 Vens.
2209 1390 2266 1447 9.
2304 1386 2567 1456 Domine,
2619 1390 2785 1446 deduc
2816 1408 2894 1447 me
2948 1392 3003 1445 in
3058 1390 3265 1456 iustitia
3321 1401 3413 1446 tua
3449 1406 3469 1445 .°
3538 1420 3545 1424 -

1891 1492 2100 1551 propter
2137 1484 2381 1538 inimicos
2410 1500 2551 1539 meos
2580 1483 2748 1555 dirige
2782 1485 2837 1537 in
2881 1492 3156 1554 conspectu
3202 1494 3290 1538 tuo
3331 1486 3469 1538 viam

1893 1593 2082 1630 meam.
2118 1575 2373 1633 Christus
2405 1592 2539 1631 sane
2561 1576 2774 1645 iustitia
2801 1586 2917 1642 est;
2961 1577 3077 1647 ipse
3106 1591 3340 1648 namque
3372 1594 3471 1632 no-

1894 1669 1978 1724 bis
2004 1683 2033 1722 a
2054 1667 2165 1723 Deo
2194 1667 2372 1723 iactus
2399 1676 2485 1723 est
2515 1669 2807 1739 sapientia,
2832 1660 3045 1738 iustitia
3078 1671 3229 1737 item,
3262 1673 3470 1727 sancti-

1894 1758 2073 1814 ﬁcatio
2105 1767 2158 1815 et
2189 1759 2509 1829 redemptio.

1961 1850 2125 1907 Vens.
2188 1851 2278 1915 10,
2337 1852 2423 1924 11.
2489 1850 2750 1918 Quoniam
2812 1868 2916 1909 non
2971 1853 3130 1907 estin
3163 1870 3250 1911 ore
3285 1871 3469 1909 eorum

1893 1941 2102 2005 veritas,
2120 1946 2213 1995 cor
2240 1957 2424 1998 eorum
2457 1957 2644 1994 varium
2665 1952 2764 2003 est.
2782 1937 2996 1994 Vanum
3026 1954 3241 2010 quoque
3270 1946 3355 1995 est
3375 1956 3471 1995 cor

1891 2032 2225 2087 exoticorum
2255 2033 2726 2103 philosophorum,
2754 2032 3038 2105 dequibus
3071 2033 3271 2089 dicitur
3306 2051 3320 2087 :
3359 2032 3469 2086 Do-

1891 2122 2062 2176 minus
2113 2123 2257 2178 novit
2307 2124 2651 2193 cogitationes
2682 2127 3000 2194 sapientum,
3047 2127 3295 2197 quoniam
3321 2142 3468 2180 omne

1893 2222 2011 2269 sunt
2041 2214 2087 2247 “
2113 2233 2126 2269 :
2169 2229 2400 2285 quorum
2431 2224 2617 2285 guttur
2646 2217 2926 2272 mortifera
2947 2218 3166 2273 exhalat
3192 2217 3465 2289 dogmata,

1892 2319 2015 2359 cum
2064 2319 2172 2359 non
2212 2304 2483 2360 viviﬁcum
2516 2304 2613 2361 Dei
2662 2306 2888 2361 verbum
2919 2306 3147 2370 doceat.
3181 2309 3273 2365 sed
3315 2325 3486 2375 mcn-A

1891 2397 2047 2452 dacia
2074 2404 2126 2454 et
2160 2404 2374 2453 mortua
2388 2396 2644 2477 proferat
2672 2398 2859 2454 verba.
2897 2396 3094 2454 Iudico
3127 2400 3272 2464 illos,
3303 2399 3461 2463 Deus,

1889 2489 1983 2559 qui
2036 2506 2170 2546 mea:
2196 2490 2264 2546 de
2304 2489 2489 2545 futura
2542 2491 2858 2548 haereditate
2920 2491 3034 2563 spei
3084 2492 3465 2547 insidiantur:

1890 2596 2018 2635 nam
2050 2583 2087 2636 ii
2117 2589 2169 2639 te
2195 2600 2406 2640 summe
2433 2584 2669 2639 irritant.
2697 2583 2921 2650 Judica,
2963 2593 3015 2640 te
3051 2601 3289 2655 namque
3319 2587 3468 2641 salu-

1890 2680 1996 2730 tem
2027 2683 2271 2731 nostram
2301 2686 2651 2748 procurante,
2678 2680 2999 2736 insidiosum
3023 2681 3098 2737 illi
3132 2681 3330 2736 bellum
3367 2698 3464 2751 pa-
3529 2692 3533 2696 '

1888 2777 2031 2822 rant.
2055 2766 2310 2837 Peroptat
2345 2768 2511 2823 etiam
2545 2769 2810 2825 Dominus
2847 2771 2995 2841 ipsos
3021 2772 3235 2836 veljam
3252 2772 3466 2840 judica-

1891 2868 1970 2914 tos
2001 2858 2126 2914 inde
2151 2859 2351 2930 iuvari,
2372 2860 2419 2914 si
2445 2860 2661 2929 quidem
2692 2876 2722 2913 a
2749 2862 3096 2919 multitudine
3128 2863 3466 2934 impietatum

1890 2949 2206 3007 abscedant.

1960 3039 2125 3097 Vens.
2162 3041 2259 3096 12.
2288 3041 2355 3096 Ει
2380 3042 2622 3097 laetentur
2656 3059 2833 3097 omnes
2863 3044 2952 3114 qui
2986 3054 3199 3113 sperant
3220 3042 3283 3117 in.
3310 3056 3377 3107 te,
3408 3046 3465 3100 in

1888 3141 2138 3187 internum
2160 3134 2500 3189 exsultabant
2527 3143 2578 3189 et
2611 3134 2878 3191 habitabis
2912 3137 2967 3188 in
2989 3135 3085 3191 eis.
3111 3136 3171 3190 In
3193 3136 3312 3207 ipso
3339 3135 3460 3190 Sal-

1886 3223 2089 3277 vatoris
2116 3211 2350 3283 adventu
2382 3224 2548 3279 ltetati
2580 3233 2709 3299 sunt
2739 3225 2777 3279 ii
2827 3225 2921 3295 qui
2959 3226 3095 3295 eius-
3130 3226 3469 3282 incarnatio—‘

1887 3325 2007 3363 nem
2041 3313 2430 3380 exspectabant
2464 3332 2477 3366 :
2506 3328 2629 3382 qua:
2657 3302 2877 3384 quidem
2932 3330 3059 3384 spes
3102 3316 3383 3385 prophetis
3408 3325 3465 3371 et

1890 3400 1959 3455 iis
1988 3402 2080 3472 qui
2111 3402 2262 3471 paria
2322 3403 2629 3460 sentiebant
2688 3405 2884 3459 inerat.
2935 3403 3175 3461 Advenit.
3226 3423 3463 3477 namque

1886 3490 2030 3547 Deus
2058 3489 2296 3547 Verbum
2318 3508 2445 3550 cum
2469 3510 2600 3550 caro
2628 3495 2829 3551 factum
2855 3504 2960 3564 est,
2983 3505 3262 3570 assumpta
3295 3514 3462 3557 carne

1884 3590 1944 3639 ut
1963 3599 2088 3639 cum
2117 3583 2365 3641 ﬁdelibus
2389 3586 2504 3641 suis
2529 3586 2819 3654 habitaret,
2834 3588 2991 3658 juxta
3023 3589 3156 3644 illud
3182 3609 3194 3645 :
3235 3590 3462 3647 Verbum

1884 3693 2012 3735 caro.
2032 3675 2341 3747 factumest
2370 3688 2421 3732 et
2449 3678 2705 3733 habitavit
2749 3680 2805 3733 in
2836 3680 2982 3735 nobis
3019 3680 3083 3735 ⁸³.
3112 3682 3154 3735 Ii
3189 3690 3367 3737 autem
3404 3683 3459 3735 in

1878 3776 2144 3823 'zeternum
2197 3770 2590 3835 exsultabunt,
2643 3770 2892 3826 videntes
2956 3771 3223 3825 incarnati
3293 3770 3460 3829 Verbi

1880 3860 2107 3930 gloriam
2146 3862 2301 3930 quasi
2340 3860 2604 3932 Unigeniti
2637 3878 2668 3914 a
2704 3860 2887 3926 Patre,
2940 3849 3152 3929 plenum
3193 3864 3381 3933 gratia:
3408 3873 3458 3918 et

1881 3953 2114 4007 veritatis
2145 3952 2211 4007 “.
2251 3952 2357 4019 Qui
2409 3952 2597 4007 dicunt
2642 3953 2853 4009 etiam:
2900 3952 3019 4008 Etsi
3069 3956 3457 4025 cognoverimus

1881 4036 2149 4096 Christum
2172 4040 2456 4094 secundum
2482 4056 2720 4103 carnem,
2754 4057 2872 4110 iam
2901 4057 3005 4095 non
3035 4041 3181 4115 ultra
3221 4043 3460 4096 novimus

1879 4136 1998 4189 eum
2027 4131 2096 4198 ",
2128 4132 2393 4188 habentes
2420 4134 2931 4205 contemplationem
2964 4134 3149 4205 glorias
3186 4134 3327 4204 ejus.
3369 4149 3455 4189 se,

1878 4222 2116 4279 cundum
2141 4238 2305 4294 quam
2336 4233 2423 4280 est
2448 4223 2773 4297 Unigenitus
2795 4242 2825 4280 a
2852 4224 3033 4282 Patre.

1949 4396 2114 4458 Vens.
2155 4398 2240 4454 13.
2275 4398 2345 4455 Et
2390 4400 2761 4471 gloriabuntur
2803 4402 2859 4455 in
2898 4409 2945 4456 te
2976 4402 3067 4473 qui
3101 4402 3327 4474 diligunt
3358 4420 3447 4458 no-

1879 4506 1992 4544 men
2045 4499 2215 4552 tuum,
2246 4494 2493 4564 quoniam
2547 4502 2602 4546 tu
2643 4491 2907 4547 benedices
2938 4492 3110 4561 justo.
3140 4492 3276 4547 Cum
3337 4494 3480 4566 g!o-_

1877 4580 2120 4636 riationis
2151 4582 2377 4637 verbum
2413 4584 2520 4649 sit,
2566 4583 2635 4637 de
2674 4597 2784 4652 quo
2808 4583 3035 4645 ‘Paulus
3065 4584 3141 4638 ait
3180 4603 3194 4639 :
3253 4583 3450 4640 Nullus

201 4673 269 4727 ἐν
301 4673 654 4765 ανθρώποές,
695 4677 789 4765 καὶ
831 4676 868 4729 ό·
881 4680 1176 4765 προφήτης
1196 4670 1233 4711 ν’
1257 4682 1353 4751 Μὴ
1391 4682 1712 4751 καυχάσθω
1737 4686 1770 4737 ό
1801 4710 1836 4765 ι]

1884 4670 2128 4740 glorietur
2155 4673 2209 4726 in
2229 4673 2526 4727 hominibus
2564 4673 2638 4740 “;
2667 4681 2722 4729 et
2749 4675 3012 4745 propheta
3036 4694 3050 4730 :
3092 4674 3174 4730 Ne
3194 4677 3445 4747 glorietur

202 4761 391 4831 σοφὸς
417 4747 593 4831 ἐν’τῇ
615 4762 801 4832 σοφίᾳ
826 4763 1032 4829 αὐτοῦ,
1061 4747 1160 4819 util.
1181 4767 1250 4821 τὰ
1274 4747 1399 4840 ἑξῆς
1419 4788 1432 4800 ·
1458 4747 1767 4843 ούντοιαύτη

199 4853 455 4925 τυγχάνει
482 4855 515 4925 ἡ
539 4852 634 4907 τοῦ
662 4855 910 4923 λέογοντος
928 4872 941 4886 ·
982 4856 1143 4925 Ἐμοὶ
1162 4859 1230 4912 δὲ
1253 4861 1333 4930 μὴ
1365 4861 1597 4933 γένοιτο
1629 4880 1772 4918 καυ-

200 4943 420 5014 χᾶσθαι
458 4945 511 4999 ἐι
555 4945 643 5015 μὴ
687 4948 758 5001 ἐν
789 4946 869 5014 τῷ
908 4942 1150 5017 σταυρῷ
1191 4952 1299 5006 τοῦ
1340 4953 1561 5021 Κυρίου
1602 4953 1773 5023 ἡμῶν

212 5035 415 5103 Ἰησοῦ
437 5037 696 5105 Χριστοῦ
715 5055 729 5067 ·
775 5040 907 5103 ’καὶ,
948 5040 1003 5092 Ὁ
1042 5040 1445 5111 καυχώμενος,
1475 5043 1545 5096 ἐν
1572 5043 1771 5113 Κυρίῳ

200 5126 541 5196 καυχάσθω.
574 5128 814 5184 Τοιοῦτοι
865 5132 994 5201 περὶ
1043 5124 1117 5184 ὧν
1144 5132 1173 5184 ὁ
1201 5120 1379 5200 λόγος,
1406 5134 1769 5205 ἡγαπηκότων

198 5218 359 5278 αὐτοῦ
404 5220 466 5273 τὸ
517 5219 706 5290 ὄνομα.
755 5222 1076 5293 Προαιρέσει
1115 5221 1244 5291 γὰρ,
1268 5223 1328 5275 οὐ
1352 5225 1769 5298 φόδῳ,τετιμη-

198 5308 352 5371 κότες
412 5310 739 5381 ὲκαυχῶντο.
770 5312 950 5371 Αἴτιον
972 5313 1028 5367 δὲ
1060 5312 1168 5382 τῆς
1193 5312 1547 5383 καυχήσεως
1571 5317 1631 5370 τὸ
1655 5317 1767 5370 τῶν
1807 5309 1810 5312 ’

197 5399 530 5470 ἐπουρανίων
577 5404 863 5474 τυγχάνειν
911 5405 1205 5475 εὑλογιῶν⁹
1250 5406 1379 5477 περὶ
1424 5400 1499 5460 ὦν
1540 5426 1702 5480 φησιν
1739 5412 1767 5463 ό

210 5492 526 5554 Ἀπόστολος
544 5509 556 5522 ·
577 5496 919 5564 Εὐλογητὸς
950 5500 984 5549 ό
1010 5496 1155 5561 Θεὸς
1183 5500 1216 5551 ό
1245 5495 1586 5565 εὐλογήσας
1611 5498 1767 5568 ἡμᾶς

196 5581 263 5638 ἐν
286 5582 454 5651 πάσῃ
475 5584 718 5653 εὐλογίᾳ
743 5587 1112 5656 πνευματικῇ
1131 5580 1200 5642 ἐν
1225 5587 1347 5654 τοῖς
1364 5588 1761 5657 ἐπουρανίοις.

197 5675 305 5729 Καὶ
336 5674 489 5728 τέλος
531 5673 587 5727 δὲ
628 5675 846 5743 ἀγαθῶν
884 5677 985 5747 τῆς
1018 5678 1376 5751 ἐλπιζομένης
1400 5679 1763 5754 κληρονομίας

266 5851 496 5926 “_P_sal.
536 5869 707 5926 κοίη,
738 5855 823 5910 11.
900 5855 944 5887 ⁸³
977 5853 1132 5911 Joan.
1170 5873 1222 5920 ι,
1257 5857 1344 5913 14,
1424 5858 1469 5891 ιι
1508 5858 1637 5917 ibid.
1716 5860 1760 5894 σε
1798 5859 1836 5917 η

1884 5860 1999 5918 Cor.
2038 5876 2068 5916 ι
2097 5900 2111 5926 ,
2150 5862 2235 5918 16.
2315 5864 2359 5897 ⁸⁸
2397 5864 2417 5917 l
2452 5865 2576 5920 Cor.
2614 5880 2705 5925 Ill.
2740 5861 2831 5920 Ἡ.

204 5918 271 5951 ⁸³·
310 5920 485 5979 Galat.
521 5941 610 5990 vi,
656 5925 737 5995 14.
814 5926 857 5959 ⁸⁸
900 5927 916 5981 Ι
951 5927 1079 5983 Cor.
1118 5944 1170 5993 ι,
1206 5918 1294 5983 δι.

1875 4764 2083 4829 sapiens
2119 4765 2173 4817 in
2224 4765 2485 4832 sapientia
2516 4780 2614 4818 sua
2646 4765 2725 4831 ⁸⁷,
2760 4777 2813 4821 et
2847 4767 3085 4837 reliqua;
3112 4784 3220 4828 non
3256 4770 3442 4838 huius-

1874 4855 2022 4910 modi
2049 4870 2181 4910 sane
2200 4855 2373 4925 gloria
2408 4856 2539 4924 eius
2585 4865 2690 4923 est,
2713 4858 2805 4928 qui
2844 4860 2924 4914 sic
2956 4862 3079 4917 ait:
3106 4859 3240 4913 Mihi
3273 4871 3444 4915 autem

1874 4945 2013 4999 absit
2059 4945 2315 5016 gloriari,
2356 4947 2461 5000 nisi
2502 4949 2557 5001 in
2616 4966 2765 5003 cruce
2819 4949 3030 5004 Domini
3086 4951 3252 5003 nostri
3315 4948 3443 5005 Jesu

1874 5035 2071 5091 Christi
2102 5037 2191 5103 ‘7';
2215 5045 2270 5091 et
2299 5056 2313 5092 :
2342 5037 2447 5104 Qui
2479 5041 2740 5112 gloriatur
2760 5041 2815 5093 in
2845 5041 3072 5095 Domino
3107 5041 3360 5113 glorietur
3377 5044 3441 5097 ⁸⁸.

1873 5129 2033 5186 Tales
2062 5130 2097 5183 ii
2130 5140 2257 5187 sunt
2295 5132 2363 5188 de
2389 5134 2589 5203 quibus
2604 5134 2715 5202 iam
2752 5148 2933 5189 sermo
2966 5142 3069 5198 est,
3097 5136 3191 5206 qui
3236 5138 3441 5192 scilicet

1872 5223 2181 5279 dilexerunt
2216 5224 2606 5293 nomenejus.
2666 5222 2895 5295 Proprio
2948 5228 3092 5282 enim
3145 5228 3440 5282 voluntatis

1869 5316 2104 5380 delectu,
2140 5332 2250 5373 non
2277 5327 2457 5386 autem
2490 5316 2706 5384 timore,
2744 5316 2911 5373 Deum
2964 5320 3205 5373 colentes
3240 5319 3436 5389 gloria-

1870 5408 2087 5462 bantur.
2123 5405 2293 5464 Porro
2321 5408 2652 5479 gloriationis
2675 5409 2991 5479 huiusmodi
3024 5423 3188 5464 causa
3215 5424 3246 5463 a
3271 5412 3431 5466 male-

1868 5501 2041 5556 stibus
2079 5500 2550 5557 benedictionibus
2584 5517 2731 5573 quas.
2753 5504 3099 5563 consecuturi
3143 5511 3272 5557 sunt
3303 5505 3432 5576 peti.

1865 5600 1988 5659 tur;
2020 5591 2088 5646 de
2114 5593 2418 5664 quibusait
2443 5594 2737 5664 Apostolus
2768 5616 2784 5649 ι
2818 5593 3131 5651 Benedictus
3159 5596 3434 5657 Dominus.

1865 5685 1951 5755 qui
1976 5683 2238 5745 benedixit
2270 5707 2364 5744 nos
2404 5691 2458 5744 in
2504 5690 2648 5742 omni
2697 5688 3048 5744 benedictione
3072 5690 3342 5754 spirituali
3384 5692 3433 5743 in

2930 5864 2973 5895 ⁵⁷
2998 5861 3206 5930 Jerem.
3233 5880 3306 5925 rx.
3340 5863 3409 5895 °"'
