4262 6382
834 509 939 566 119

834 619 1121 675 caelestibus
1151 620 1213 673 ⁶⁹.

832 725 1112 779 :peramus
1163 710 1505 777 inmeditate,
1544 719 1628 766 est
1672 726 1876 767 corona
1932 710 2183 778 iustitia},
2229 723 2386 777 quam

832 809 1225 857 consecuturus
1250 810 1333 857 est
1365 800 1614 871 quisquis
1643 817 1763 857 cum
1792 802 1961 857 Paulo
1983 802 2164 857 dicere
2195 802 2339 856 valet
2374 820 2389 856 :

833 889 901 943 In
929 892 1124 962 reliquo
1156 892 1386 961 reposita
1416 902 1492 945 est
1525 894 1654 946 mihi
1682 910 1875 947 corona
1896 892 2123 962 justitia:
2149 893 2194 923 "
2234 909 2249 945 :
2285 906 2393 961 quo

830 997 1025 1050 genere
1057 997 1332 1037 armorum
1354 983 1431 1036 uti
1456 982 1601 1038 Deus
1629 984 1820 1050 voluit,
1855 996 1912 1039 ut
1951 1000 2079 1055 suos
2098 998 2128 1038 a
2154 982 2394 1054 quolibet

828 1070 1013 1127 hostili
1050 1073 1391 1127 inimicorum
1421 1075 1642 1130 incursu
1671 1075 2001 1132 defenderet.

1308 1181 1633 1241 PSALMUS
1664 1175 1873 1239 DAVID
1905 1185 1989 1240 Vl.

1115 1293 1167 1347 1.
1200 1292 1267 1348 In
1291 1295 1448 1363 finem
1477 1296 1533 1350 in
1566 1296 1792 1366 hymnis,
1823 1314 1918 1367 pro
1945 1310 2148 1355 octava.

896 1428 1099 1485 Octava
1131 1438 1215 1485 est
1243 1431 1497 1488 salutaris
1523 1436 1941 1491 resurrectionis
1970 1436 2175 1494 Christi
2208 1437 2393 1494 Domi-

827 1520 949 1575 nica
978 1521 1116 1587 dies,
1150 1522 1205 1575 in
1234 1537 1340 1593 qua
1373 1531 1717 1593 peccatorum
1751 1530 1989 1582 omnium
2021 1530 2391 1601 purgationem

826 1626 948 1667 esse
980 1612 1284 1682 credimus;
1312 1615 1366 1670 in
1397 1632 1504 1688 qua
1526 1619 1823 1691 symbolice
1852 1622 2071 1692 quidem
2105 1625 2391 1679 circumci-

829 1699 1093 1757 debantur
1110 1718 1296 1760 omnes
1328 1703 1585 1770 infantes,
1620 1706 1719 1762 sed
1748 1723 1935 1763 revera
1968 1724 2063 1779 per
2099 1725 2389 1779 regenera-

825 1792 1027 1849 tionem
1080 1802 1343 1865 purgatur
1397 1798 1579 1851 anima
1634 1799 1891 1867 quaelibet
1944 1800 1999 1853 in
2045 1798 2152 1853 Deo
2188 1801 2387 1870 genita.

824 1884 1009 1957 Usque
1034 1888 1166 1942 adeo
1210 1894 1391 1941 autem
1441 1889 1788 1957 praestantior
1821 1898 1905 1944 est
1932 1890 2019 1945 die
2050 1892 2295 1960 septima,
2331 1898 2390 1945 ut

825 1976 880 2031 in
925 1993 988 2033 ea
1035 1980 1281 2035 solvatur
1306 1980 1387 2037 lex
1428 1977 1673 2043 Sabbati,
1710 1980 1755 2034 si
1784 1994 1907 2035 cum
1948 1989 2139 2059 octava
2163 1980 2387 2037 infantis

824 2068 911 2125 die
938 2069 1142 2125 incidat
1171 2070 1394 2126 Sabbati
1426 2070 1543 2127 dies
1575 2089 1588 2125 :
1625 2072 1787 2127 homo
1815 2072 2013 2141 quippe
2047 2074 2131 2128 vel
2162 2077 2216 2127 in
2251 2070 2389 2127 Sab-

823 2162 950 2218 bato
987 2162 1412 2217 circumciditur.
2406 2169 2414 2179 '

897 2248 1060 2305 Vnus.
1126 2250 1245 2306 2-4.
1306 2250 1542 2315 Domine,
1618 2267 1680 2305 ne
1735 2252 1792 2305 in
1826 2251 2002 2320 furore
2055 2260 2143 2305 tuo
2195 2268 2389 2323 arguas

823 2352 924 2404 me,
947 2356 1103 2410 neque
1123 2340 1176 2393 in
1205 2342 1290 2393 ira
1320 2348 1409 2394 tua
1430 2338 1685 2411 corripias
1717 2357 1818 2396 me.
1852 2339 2102 2395 Miserere
2125 2343 2245 2407 mei,
2276 2342 2386 2396 Do-

824 2433 979 2499 mine,
1035 2435 1283 2503 quoniam
1319 2435 1560 2503 inﬁrmus
1618 2450 1735 2487 sum
1752 2450 1772 2501 _:
1831 2450 1963 2487 sana
2019 2450 2118 2499 me,
2147 2432 2383 2502 Domine,

821 2526 1066 2595 quoniam
1095 2526 1411 2579 conturbata
1444 2531 1566 2578 sunt
1599 2540 1719 2577 ossa
1765 2540 1901 2577 mea.
1931 2523 2064 2579 Nam
2107 2540 2265 2582 omne
2292 2526 2387 2585 de-

820 2618 1009 2672 lictum
1037 2634 1103 2673 ex
1137 2617 1451 2671 inﬁrmitate
1480 2616 1677 2682 oritur,
1713 2617 1837 2687 quia
1863 2618 2044 2672 anima
2086 2618 2152 2672 ad
2189 2636 2385 2690 pravos

824 2723 1036 2777 semper
1056 2707 1280 2763 allectus
1301 2708 1592 2763 inclinatur
1624 2725 1637 2761 :
1670 2718 2000 2778 quapropter
2036 2709 2102 2763 ad
2135 2708 2387 2765 Servato-

822 2812 935 2849 rem
958 2804 1011 2851 et
1033 2797 1320 2865 medicum,
1355 2797 1447 2854 Dei
1479 2800 1684 2855 scilicet
1718 2796 1937 2865 Filium,
1967 2799 2227 2870 confugit.
2252 2800 2384 2855 Nam

821 2900 943 2940 cum
988 2889 1041 2942 in
1076 2890 1312 2943 animam
1359 2890 1733 2945 rationabilem
1782 2891 2018 2956 advenit,
2051 2900 2233 2960 utpote
2265 2909 2381 2947 ver-

819 2976 946 3031 bum
998 2986 1051 3032 et
1081 2979 1220 3034 ratio
1248 2979 1365 3043 Dei,
1413 2980 1532 3049 ejus
1562 2981 1964 3036 irrationabiles
1992 2991 2175 3037 motus
2210 2985 2387 3037 elimi-

818 3076 952 3135 nat;
987 3078 1044 3123 ut
1074 3070 1359 3139 sapientia,
1394 3069 1462 3125 ab
1492 3070 1808 3140 insipientia
1842 3072 2014 3141 ipsam
2060 3072 2270 3134 liberat,
2329 3082 2386 3127 ut

818 3159 1029 3227 iustitia
1058 3159 1125 3212 ab
1157 3158 1449 3228 injustitia,
1500 3167 1560 3213 ut
1600 3161 1798 3215 veritas
1840 3176 1867 3214 a
1916 3162 2218 3216 mendacio.
2277 3161 2386 3216 Ro-

818 3254 1007 3308 bustas
1054 3266 1217 3323 porro
1244 3252 1410 3307 animi
1458 3254 1601 3308 vires
1631 3253 1960 3316 subindicat,
2006 3268 2127 3307 cum
2155 3255 2230 3307 ait
2253 3269 2386 3309 con-

1518 506 1786 563 EUSEBII
1812 503 2299 563 CESABIENSIS
2336 502 2485 559 OPP.
2506 502 2684 557 PARS
2722 501 2809 557 ΙΙΙ.
2847 532 2919 544 -
2953 498 3356 556 EXEGETICA.

1272 618 1419 674 Finis
1482 630 1658 674 autem
1706 622 1977 675 bonorum
2022 619 2076 672 in
2130 632 2195 671 ea
2232 632 2391 686 quam
2421 624 2467 679 Α
2497 617 2525 668 ὀ

2435 624 2467 679 Α
2497 617 2525 668 ὀ
2552 616 2652 686 τῆς
2698 613 3039 684 δικαιοσύνης
3084 614 3363 681 στέφανος,
3402 607 3462 669 οὗ
3508 615 3783 680 τεύξονται
3826 617 3874 670 oi
3920 616 4065 671 κατά

3955 496 4063 553 120

2495 708 2706 761 Παῦλον
2737 707 2914 776 λέγειν
2948 707 3259 777 δυνάμενοι·
3295 706 3517 761 Λοιπὸν
3546 708 3851 762 ἀπόκειταί
3882 724 3986 778 μοι
4028 710 4066 764 ό

2492 798 2601 865 τῆς
2620 800 3005 867 δικαιοσύνης
3024 798 3319 867 στέφανος
3337 817 3349 829 ·
3381 793 3530 871 ᾧπερ
3554 800 3845 871 ηὐδόκησεν
3878 803 3906 853 ὁ
3928 802 4067 867 Θεὸς

2493 888 2645 957 ὅπλῳ
2674 888 2976 960 χρήσασθαι
3010 888 3319 958 φυλακτικῴ
3348 888 3525 958 πάσης
3569 889 3755 957 ὲφρδου
3785 889 4065 961 πολεμίων

2502 976 2763 1047 ἐπιούσης
2787 977 2928 1030 κατά
2951 977 3060 1030 τῶν
3081 978 3293 1031 οἰκείων
3320 975 3505 1029 αὐτοῦ.

2876 1178 3169 1232 ΨΑΑΜΟΣ
3213 1178 3300 1230 το
3346 1178 3543 1231 ΔΑΥΙΔ
3578 1180 3668 1246 (τ’.

2598 1292 2704 1356 Εἰς
2739 1289 2805 1343 τὸ
2837 1289 3010 1356 τέλος
3037 1291 3107 1343 ἐν
3149 1290 3359 1360 ὕμνοις
3388 1258 3539 1359 ὑπὲρ
3564 1290 3675 1359 τῆς
3712 1291 3951 1359 orbam.

2576 1422 2762 1492 Ὀγδόη
2784 1424 2815 1492 ἡ
2834 1422 3195 1491 ἀναστάσιμος
3210 1422 3303 1475 τοῦ
3331 1423 3579 1494 Σωτῆρος
3604 1425 3783 1495 ἡμέρα
3818 1426 4065 1496 κυριακὴ

2496 1515 2789 1586 σωτήριος,
2812 1518 2869 1573 ἐν
2949 1516 3164 1569 πάντων
3187 1519 3593 1590 ἁμαρτημάτων
3610 1518 3899 1589 καθάρσιον
3924 1514 4066 1571 εἶναι

2490 1608 2817 1679 πιστεύομεν
2837 1627 2849 1639 ’
2878 1612 2934 1663 ὲν
3020 1609 3356 1683 συμϐολικῶς
3385 1612 3481 1682 μὲν
3504 1613 3645 1665 ἅπαν
3675 1612 4066 1682 περιετέμνετο

2494 1698 2712 1771 βρέφος,
2746 1700 2887 1754 κατά
2914 1701 2970 1753 δὲ
2996 1702 3057 1752 τὸ
3080 1701 3276 1772 ἀληθὲς
3318 1703 3637 1773 καθαίρεται
3668 1702 3732 1755 δι’
3768 1702 4065 1772 ἀναγεννή-

2492 1809 2628 1856 σεως
2660 1795 2809 1846 πᾶσα
2860 1794 2918 1846 ὲν
2972 1791 3090 1861 Θεῷ
3124 1793 3269 1863 ψυχὴ
3322 1795 3652 1863 γεννωμένη.
3696 1792 3963 1845 Τοσοῦτον
4008 1792 4066 1847 δὲ

2492 1886 2738 1952 κρεῖττον
2792 1882 2929 1952 αὐτὴ
2962 1882 3061 1951 τῆς
3084 1882 3335 1952 ἑϐδόμης,
3357 1882 3431 1944 ὼς
3453 1884 3511 1933 ὲν
3535 1884 3669 1953 αὐτῇ
3719 1881 3939 1934 λύεσθαι
3963 1880 4067 1952 τὴν

2490 1973 2618 2043 περὶ
2666 1971 2759 2026 τοῦ
2824 1972 3090 2025 σαϐὅάτου
3144 1970 3479 2040 νομοθεσίαν,
3526 1972 3573 2023 εί
3611 1970 3901 2023 καταλάϐοι
3938 1971 4064 2023 κατ’

2417 2036 2459 2091 Β
2490 2036 2655 2134 αὐτὴν
2682 2063 2823 2135 ήτοῦ
2849 2063 3079 2134 βρέφους
3102 2036 3259 2133 ὀγδύη
3277 2080 3289 2092 ο
3320 2062 3699 2131 περιτέμνεται
3721 2062 3827 2133 γὰρ
3850 2060 4065 2133 ἄνθρω-

2488 2172 2587 2217 πος
2612 2157 2668 2208 ὲν
2699 2155 2967 2226 σαϐϐάτῳ.

2560 2247 2754 2316 Κύριε,
2792 2248 2877 2315 μὴ
2928 2246 3010 2311 τῷ
3038 2244 3202 2315 θυμῷ
3246 2260 3360 2301 σου
3384 2246 3637 2314 ἐλέγξῃς
3671 2262 3766 2313 μεν
3791 2242 3949 2311 μηδὲ
3983 2238 4063 2313 τῆ

2487 2337 2634 2408 ὀργῇ
2664 2353 2781 2392 σου
2802 2339 3131 2407 παιδεύσῃς
3145 2354 3242 2407 με.
3296 2338 3585 2404 Ἐλέησόν
3609 2353 3705 2404 με,
3738 2336 3933 2401 Κύριε,
3968 2332 4061 2385 ὅτι

2487 2429 2752 2496 ἀσθενής
2797 2432 2945 2499 ειμι·
2982 2420 3148 2483 τασαῖ
3185 2447 3281 2499 με,
3308 2430 3505 2495 Κύριε,
3541 2427 3628 2478 ὅτι
3655 2424 3951 2503 ἐταριξχθη
3983 2424 4061 2479 τὰ

2488 2519 2637 2575 ὀστᾶ
2653 2508 2792 2589 μού.
2836 2519 2923 2585 Ἐξ
2956 2520 3234 2583 ἀσθενείας
3268 2517 3375 2589 γὰρ
3404 2517 3547 2571 ἅπαν
3576 2519 3876 2586 ἁμάρτημα
3903 2516 4058 2583 γίνε-

2485 2629 2597 2676 ται,
2638 2612 2774 2683 πρὸς
2818 2611 2877 2664 τὸ
2908 2611 3075 2676 πάθος
3104 2612 3193 2665 ἀεὶ
3242 2610 3340 2681 τῆς
3372 2610 3545 2680 ψυχῆς
3591 2607 3928 2677 ἐνδιδούσηςο
3976 2606 4059 2659 διὸ

2485 2702 2819 2773 καταφεύγει
2844 2704 2978 2774 πρὸς
3022 2704 3112 2756 τὸν
3145 2702 3373 2773 Σωτῆρα
3429 2703 3517 2755 καὶ
3548 2700 3747 2771 ίατρὸν,
3788 2699 3881 2753 τὸν
3925 2698 4057 2751 Υἱὸν

2454 2784 2457 2787 ’
2485 2797 2577 2851 τοῦ
2608 2797 2763 2851 Θεοῦ.
2804 2796 3189 2867 Ἐγγενόμενος
3210 2794 3319 2865 γὰρ
3343 2794 3486 2866 ψυχῇ
3522 2798 3586 2864 τῇ
3611 2794 3822 2863 λογικῇ,
3850 2792 3925 2855 ὡς
3954 2790 4057 2861 μὲν

2483 2889 2634 2958 λόγος
2660 2889 2794 2942 Θεοῦ
2828 2888 2926 2959 τὴν
2953 2888 3176 2956 ἀλογίαν
3202 2888 3369 2957 αὐτῆς
3388 2889 3729 2957 ἀφαιρεῖταν
3768 2883 3842 2947 ὡς
3876 2882 3931 2934 δὲ
3966 2898 4055 2934 σο-

2486 2984 2581 3052 φία
2606 2983 2706 3051 τῆς
2734 2980 3039 3052 ἀφροσύνης
3061 2981 3229 3051 αὐτὴν
3257 2978 3603 3041 ἀπαλλάττει,
3631 2977 3725 3029 καὶ⁵
3752 2976 3827 3039 ὡς
3854 2974 4055 3027 δικαιο-

2487 3071 2618 3140 σύνη
2650 3072 2745 3141 τῆς
2773 3071 3003 3135 ἀδικίας,
3027 3072 3119 3123 καὶ
3160 3070 3234 3133 ὡς
3277 3069 3499 3140 ἀλήθεια
3526 3068 3617 3122 τοῦ
3649 3067 3877 3136 ψεύδους
3903 3068 4054 3121 ἐλευ-

2486 3166 2650 3239 θεροῖ.
2681 3167 2790 3231 Τὰς
2825 3166 3077 3230 νεανικὰς
3111 3167 3166 3219 δὲ
3209 3167 3308 3234 τῆς
3344 3166 3520 3236 ψυχῆς
3568 3166 3853 3234 ὑποφαίνει
3894 3166 4053 3221 δυνάι·

2488 3275 2629 3329 μεις,
2648 3256 2977 3328 τεταράχθαι
3000 3258 3176 3326 φήσας
3208 3256 3370 3308 αὑτοῦ
3396 3256 3465 3309 τὰ
3488 3256 3641 3319 ὀστᾶ,
3670 3256 3735 3307 δι’
3760 3250 3833 3309 ὧν
3861 3256 4052 3309 εἴωθεν

817 3344 1034 3397 turbata
1073 3359 1195 3399 esse
1246 3357 1371 3398 ossa
1422 3347 1557 3405 Sua,
1607 3344 1805 3413 quibus
1850 3345 2079 3399 viriliter
2133 3342 2384 3398 violentis
2410 3370 2454 3428 ε
2487 3350 2546 3401 ἀν

2435 3370 2454 3428 ς
2487 3347 2810 3401 ἀντιϐαίνειν
2840 3350 2950 3409 τοῖς
2978 3346 3205 3399 πάθεσιν
3249 3345 3514 3417 ἀνδρικῶς
3540 3362 3555 3376 ο
3589 3346 3618 3398 ὃ
3650 3346 3713 3415 δὴ
3739 3346 4051 3421 σαφηγίςων

820 3436 981 3503 animi
1006 3435 1247 3511 motibus,
1269 3435 1535 3491 obsistere
1580 3435 1825 3502 solebat;
1855 3436 1998 3506 quod
2050 3435 2104 3489 in
2156 3449 2388 3506 sequen-

818 3527 961 3582 tibus
991 3528 1231 3580 declarat
1285 3527 1370 3582 bis
1396 3527 1574 3582 verbis
1609 3546 1622 3582 :
1675 3524 1744 3580 Et
1784 3530 1961 3583 animo
2020 3544 2133 3581 mea
2177 3527 2386 3580 turbata

817 3632 892 3674 est
922 3620 1091 3675 valde.
1130 3619 1333 3675 Medela
1367 3628 1547 3675 autem
1586 3637 1685 3691 pro
1711 3622 2025 3678 inﬁrmitate
2057 3625 2272 3689 animae,
2306 3638 2387 3679 est

803 3716 847 3763 'a
882 3710 989 3765 Deo
1020 3711 1215 3765 collata
1260 3712 1466 3776 virtus,
1496 3726 1661 3782 quam
1713 3715 1966 3784 quisquis
2015 3715 2223 3771 obtinet
2252 3716 2325 3770 ait
2368 3735 2381 3770 :

820 3800 1023 3870 Omnia;
1043 3818 1254 3869 possum
1291 3805 1347 3857 in
1375 3802 1583 3860 Christo
1613 3808 1701 3875 qui
1739 3822 1818 3859 me
1849 3806 2111 3875 confortat
2132 3808 2198 3860 ".
2229 3807 2383 3874 Quod

819 3886 1128 3945 autemnon
1154 3893 1220 3947 de
1247 3895 1596 3951 sensibilibus
1644 3897 1863 3951 ossibus
1902 3897 2174 3966 loquatur,
2205 3899 2383 3969 palam

796 3980 948 4045 “facit
972 3981 1102 4035 illud
1133 4000 1145 4036 :
1178 3982 1368 4037 Omnia
1416 4002 1538 4039 ossa
1588 4003 1703 4038 mea
1743 3986 1916 4039 dicent
1946 4003 1963 4040 :
1994 3987 2234 4055 Domine,
2268 3991 2382 4059 quis

816 4070 1007 4124 similis
1036 4071 1130 4124 tibi
1160 4071 1243 4124 "?
1270 4080 1323 4127 et
1352 4073 1483 4127 illud
1526 4089 1741 4145 quoque
1766 4093 1779 4128 :
1805 4074 2077 4143 Dissipata
2109 4087 2230 4130 sunt
2262 4094 2384 4132 ossa

816 4171 998 4213 nostra
1035 4158 1181 4216 secus
1212 4162 1474 4232 infernum
1496 4165 1562 4215 ⁸⁷⁸.
2156 4156 2157 4161 “

887 4251 953 4304 Ει
994 4264 1071 4317 tu,
1136 4253 1382 4321 Domine,
1414 4258 1718 4324 usquequo?
1751 4255 2071 4311 Diuturnum
2117 4257 2385 4328 paeniten-

815 4342 902 4396 tia:
944 4358 1055 4397 suae
1090 4351 1303 4414 tempus
1328 4345 1603 4400 enuntiat.
1649 4343 1858 4399 Etenim
1899 4330 2112 4416 sapiens
2148 4348 2236 4401 ille
2265 4348 2384 4401 ani-

814 4447 1024 4486 marum
1067 4435 1331 4499 medicus,
1386 4437 1751 4498 non‘statim,
1802 4452 1975 4505 neque
2034 4437 2101 4492 ad
2148 4439 2380 4511 primam

815 4522 1247 4593 eﬂlagitationem
1279 4527 1673 4595 supplicantem
1701 4528 1937 4594 exaudit,
1960 4537 2019 4582 ut
2047 4531 2101 4583 in
2124 4531 2215 4585 illo
2240 4531 2381 4601 aequi

814 4612 1051 4683 bonique
1094 4614 1287 4670 all‘ectu
1332 4616 1538 4671 diutius
1568 4627 1903 4687 permaneat,
1935 4635 1998 4673 ac
2026 4620 2236 4675 ﬁrmam
2266 4634 2379 4677 sla-

2490 3440 2763 3509 ὲπήγαγε·
2799 3438 2907 3493 Καὶ
2934 3439 2971 3505 ἡ
3007 3437 3175 3507 ψυχή
3207 3456 3326 3507 μου
3347 3437 3638 3506 ἐταράχθη
3656 3437 3907 3507 €966.00-
3938 3439 4051 3491 Ἴα-

2490 3550 2573 3594 σις
2603 3533 2659 3585 δὲ
2686 3532 2963 3593 ἀσθενείας
2988 3532 3216 3603 ψυχῆςή
3251 3534 3315 3585 ἐκ
3349 3532 3483 3586 Θεοῦ
3518 3532 3743 3603 δύναμις
3762 3550 3774 3563 ·
3808 3529 3873 3605 ἦς
3904 3534 3932 3585 ὁ
3955 3548 4049 3584 τυ-

2488 3622 2594 3692 χών
2620 3641 2779 3694 φησι·
2817 3623 3017 3677 Πάντα
3062 3624 3250 3692 ἰσχύω
3279 3624 3350 3675 ἐν
3375 3620 3453 3688 τῷ
3487 3623 3923 3691 ἐνδυναμοῦντί
3972 3637 4050 3691 με

2485 3715 2729 3785 Χριστῷ.
2768 3715 2884 3769 Ὅτι
2920 3715 2976 3767 δὲ
3004 3716 3077 3785 μὴ
3114 3716 3331 3777 πάντως
3354 3712 3586 3784 αἰσθητά
3621 3714 3689 3767 τά
3722 3716 3877 3777 ὀστᾶ,
3901 3713 4050 3783 δηλοί

2485 3808 2567 3873 τὸ,
2594 3808 2797 3862 Πάντα
2811 3807 2881 3860 τὰ
2897 3804 3047 3861 ὀστᾶ
3066 3822 3183 3874 μου
3213 3804 3484 3873 ἐροῦσιν·
3519 3806 3713 3873 Κύριε,
3741 3807 3831 3870 τίς
3850 3804 4049 3873 ὅμοιός

2482 3914 2618 3963 σοι;
2676 3900 2794 3952 Καὶ
2818 3898 2900 3961 τὸ,
2929 3895 3457 3967 Διεσκορπίσθητὰ
3481 3894 3633 3952 ὀστᾶ
3670 3897 3841 3966 ἡμῶν
3889 3894 4049 3966 παρὰ

2482 3991 2588 4044 τὸν
2615 3990 2787 4057 ᾅδην.

2553 4256 2661 4310 Καὶ
2714 4253 2817 4318 σὺ,
2864 4258 3037 4324 Κύριε
3064 4294 3078 4318 ,
3140 4253 3251 4320 ἕως
3316 4253 3491 4318 ades;
3551 4253 3661 4324 Τὴν
3711 4253 3802 4305 ἐπὶ
3850 4247 4046 4323 μακρῷ

2481 4346 2656 4417 χρόνῳ
2695 4348 2997 4419 παράτασιν
3048 4347 3147 4417 τῆς
3194 4346 3387 4399 ἑαυτοῦ
3445 4344 3731 4415 μετανοίας
3768 4342 4042 4413 ἐμφαίνει.

2493 4440 2549 4492 '0
2577 4440 2682 4509 γάρ
2705 4455 2787 4491 τοι
2832 4439 2993 4508 σοφὸς
3024 4437 3133 4491 τῶν
3176 4437 3360 4507 ψυχῶν
3402 4437 3582 4507 ἰατρὸς
3613 4438 3673 4489 οὺ
3708 4435 4043 4505 παραχρῆμα

2479 4530 2620 4585 κατά
2643 4530 2740 4601 τὴν
2769 4529 2990 4602 πρώτην
3012 4528 3343 4599 ἐπιστροφὴν
3370 4528 3626 4582 ἐπακούει
3646 4529 3739 4580 τοῦ
3766 4526 4040 4595 δεομένου,

2480 4621 2554 4685 ὡς
2576 4622 2632 4674 ὲν
2662 4621 2777 4686 ἕξει
2804 4622 3105 4693 παραμόνῳ
3150 4620 3372 4691 γένηται
3401 4620 3658 4688 τάγαθοῦ,
3689 4618 3908 4701 βεῦαίαν
3934 4617 4043 4671 δεί-

816 4702 1087 4772 bilemque
1102 4705 1351 4760 exhibeat
1379 4706 1781 4777 paenitentiam;
1812 4712 1905 4766 sed
1924 4722 2046 4781 post
2072 4726 2376 4781 congruen-
2405 4704 2449 4758 D
2479 4714 2543 4779 ξα

2435 4708 2449 4756 ⁵
2479 4714 2573 4779 ξας
2601 4716 2886 4784 μετάνοιαν
2909 4728 2923 4744 ⁸
2982 4714 3077 4765 καὶ
3107 4714 3242 4782 μετά
3280 4713 3376 4782 τὴν
3418 4712 3605 4782 ἱκανὴν
3630 4710 3925 4781 καρτερίαν
3945 4710 4043 4782 τὴν

815 4804 922 4850 tem
975 4796 1027 4850 in
1076 4797 1379 4855 conﬁtendo
1429 4792 1891 4870 perseverantiam
1938 4826 1949 4859 :
2020 4806 2123 4871 Me,
2178 4808 2371 4878 inquit,

816 4886 1073 4949 exorasti,
1098 4894 1323 4953 tempore
1346 4900 1553 4960 accepto
1577 4892 1821 4945 exaudiui
1850 4903 1897 4948 te
1920 4896 1987 4951 “.
2018 4895 2155 4953 Nam
2181 4898 2248 4952 iis
2280 4898 2375 4966 qui

814 4982 921 5027 non
949 4975 1001 5028 in
1026 4983 1248 5045 peccato
1278 4976 1454 5046 ipsum
1486 4981 1744 5036 invocant
1772 4965 1915 5041 dicet
1948 5004 1959 5038 :
2001 4986 2191 5041 Adhuc
2219 4995 2272 5041 te
2300 4965 2375 5039 lo-

815 5072 1033 5129 quente,
1066 5064 1198 5121 Ecce
1226 5066 1411 5121 adsum
1432 5070 1499 5123 ⁷⁸.

885 5153 1051 5211 Vens.
1099 5159 1214 5214 5-9.
1256 5160 1516 5225 Quoniam
1565 5182 1667 5219 non
1732 5174 1808 5220 est
1849 5167 1906 5220 in
1944 5179 2110 5223 morte
2142 5170 2233 5239 qui
2266 5185 2374 5223 me-

816 5263 932 5300 mor
955 5240 1022 5301 sit
1062 5253 1175 5314 tui;
1204 5252 1257 5305 in
1278 5253 1485 5321 inferno
1523 5266 1695 5313 autem
1729 5261 1846 5329 quis
1876 5261 2209 5327 confitebitur
2237 5260 2373 5316 tibi?

816 5336 1071 5395 Laboravi
1110 5344 1163 5397 in
1194 5346 1389 5415 gemitu
1421 5364 1554 5412 meo,
1592 5350 1775 5404 lavabo
1807 5368 1897 5421 per
1930 5352 2166 5420 singulas
2196 5361 2372 5406 noctes

814 5431 997 5483 lectum
1043 5450 1245 5501 meum,
1287 5436 1534 5507 lacrymis
1560 5442 1686 5493 meis
1709 5452 1936 5495 stratum
1974 5458 2143 5495 meum
2168 5442 2371 5513 rigabo.

813 5518 1039 5590 Sapiens
1066 5540 1189 5580 cum
1218 5536 1363 5585 esset
1392 5527 1579 5594 David,
1632 5547 1740 5585 non
1772 5532 2058 5603 ignorabat
2088 5534 2373 5603 praesentis

816 5616 932 5668 vitae
959 5622 1188 5686 tempus,
1224 5621 1440 5676 medela!
1463 5634 1585 5677 esse
1606 5632 2007 5691 opportunum;
2040 5640 2148 5694 quo
2186 5626 2371 5692 elapso

810 5718 967 5763 nemo
1030 5718 1174 5761 recte
1203 5724 1360 5779 agere
1412 5711 1577 5767 valet.
1634 5712 1886 5785 Nihilque
1937 5729 2046 5769 non
2067 5716 2173 5781 agit
2196 5721 2255 5767 ut
2278 5728 2360 5768 sa-

882 5815 926 5849 "
964 5814 1159 5895 Ephes.
1196 5820 1331 5895 |_,_3_.
1405 5823 1453 5854 '°
1491 5821 1534 5875 ll
1566 5822 1708 5895 Tim.
1743 5841 1815 5892 Iv,
1850 5825 1901 5881 8.
1981 5826 2026 5857 '”
2065 5823 2299 5895 Philipp.
2334 5838 2420 5890 iv,
2457 5821 2546 5877 l3.

810 5883 938 5938 Cor.
971 5883 1025 5939 vi
1044 5927 1059 5951 ,
1086 5885 1142 5943 2.
1217 5890 1263 5922 "
1303 5888 1405 5947 lsa.
1438 5907 1601 5955 Lvm.
1632 5894 1686 5948 9.

2479 4806 2536 4856 ὲν
2580 4793 2991 4875 ἐξομολογήσει·
3043 4804 3208 4874 φησιν
3266 4804 3578 4864 ὲνέπεισαςο
3626 4799 3807 4868 καιρῷ
3857 4800 4042 4867 δεκτῷ

2478 4892 2789 4959 ἐπήκουσά
2834 4907 2971 4947 σου.
3032 4894 3156 4957 Τοῖς
3200 4894 3309 4963 γὰρ
3360 4892 3436 4962 μὴ
3469 4889 3528 4954 ἐξ
3569 4890 3837 4961 ἁμαρτίας
3881 4893 4042 4947 αὐτὸν

2479 4981 2924 5053 ἐπικαλουμένοις
2993 4983 3136 5054 ὲρεί·
3204 4985 3326 5036 Ἔτι
3387 4979 3670 5043 λαλοῦντός
3722 4998 3850 5046 σου,
3894 4977 4039 5039 Ἰδοὺ

2476 5073 2733 5142 πάρειμι.
2748 5110 2762 5118 -

2551 5165 2672 5217 Ὅτι
2708 5165 2819 5218 οὐκ
2868 5163 3037 5218 ἐστιν
3090 5166 3160 5218 ἐν
3196 5162 3277 5227 τῷ
3307 5162 3540 5229 θανάτῳ
3583 5165 3616 5216 ὀ
3652 5166 4041 5231 μνημονεύων

2476 5269 2614 5319 σου,
2638 5257 2708 5309 ἐν
2731 5254 2799 5308 δὲ
2824 5257 2903 5322 τῷ
2926 5256 3039 5325 ᾷδῃ
3073 5257 3164 5321 τίς
3186 5254 3690 5324 ἐξομολογήσεται
3721 5272 3815 5310 σοι
3829 5273 3848 5321 ;
3884 5259 4038 5312 Ἑκοο

2478 5348 2668 5400 alarm
2718 5347 2787 5399 ἐν
2833 5347 3145 5419 στεναγμῷ
3196 5364 3334 5416 μου,
3366 5347 3569 5401 λούσω
3607 5348 3735 5403 καθ’
3773 5348 4038 5416 ἑκάστην

2477 5437 2665 5489 νύκτα
2689 5437 2802 5505 τὴν
2829 5441 3047 5506 κλίνην
3069 5454 3211 5507 μου,
3241 5436 3575 5507 ἐνδάκρυσί
3590 5455 3707 5507 μου
3726 5437 3839 5505 τὴν
3856 5455 4038 5508 στρω-

2470 5528 2634 5596 μνήν
2658 5546 2775 5597 μου
2801 5532 3016 5600 βρέξω.
3054 5530 3222 5599 Σοφὸς
3253 5528 3326 5583 ὣν
3349 5531 3377 5581 ὁ
3404 5529 3563 5583 Δαυῖδ
3601 5530 3701 5583 οὐκ
3727 5529 3909 5598 ἠγνόει
3940 5528 4033 5599 τὴν

2477 5618 2754 5688 παροῦσαν
2782 5621 2927 5691 ζωὴν
2966 5621 3259 5691 θεραπείας
3296 5616 3433 5673 εἶναι
3468 5620 3678 5690 καιρδν,
3712 5618 3827 5689 μεθ’
3860 5619 3918 5673 ὃν
3946 5620 4009 5673 οὐ

2464 5710 2574 5770 bal;
2604 5712 2855 5782 κατορθοῖ
2873 5728 2885 5741 -
2917 5712 3009 5764 καὶ
3032 5713 3211 5765 πάντα
3236 5711 3463 5777 πράττει
3486 5710 3882 5781 θεραπευθῆναι
3915 5712 4029 5781 pou»

2643 5825 2689 5857 "
2726 5823 2872 5881 Psal.
2914 5838 3113 5889 xxxiv,
3150 5823 3235 5879 10.
3314 5822 3360 5854 ’⁸
3398 5820 3541 5877 Psal.
3574 5836 3710 5888 CXL,
3748 5822 3799 5878 7.
3908 5826 3954 5856 "
3991 5824 4032 5880 ΙΙ
