4262 6384
290 501 385 558 121

1408 496 1910 555 COMMENTARIA
1949 498 2015 553 IN
2054 498 2389 564 PSALMOS.

3412 502 3515 560 122

222 620 225 625 λ
286 623 529 693 λύμηνος,
584 620 714 690 πρὶν
761 617 865 670 ὑπὸ
916 616 1007 670 τοῦ
1070 622 1246 676 κοινοῦ
1289 615 1711 687 καταληφθῆναι.
1757 616 1851 669 Διό
1878 647 1891 673 Α

1899 613 2179 672 tilitatem
2226 616 2499 679 obtineat,
2545 618 2861 686 priusquam
2939 630 2970 669 a
3022 610 3298 670 communi
3333 609 3518 670 debito

288 732 449 786 φησιν
471 732 484 746 ’
551 713 697 764 Ἀντὶ
745 713 873 784 μιᾶς
902 712 1091 774 νυκτὸς
1128 711 1245 764 καθ’
1282 709 1348 781 ἠν
1377 709 1639 782 ἥμαρτον,
1669 708 1848 773 πάσας

284 806 709 878 ὲξομολογοῦμαι
770 804 870 867 τάς
914 807 1138 868 νύκτας,
1164 801 1467 856 ἀποπλῦναι
1513 801 1849 873 πειρώμενος

285 899 539 970 ὲνμαυτὸν.
564 900 657 953 καὶ
684 897 782 969 τὴν
809 899 893 967 ἐφ’
917 898 983 969 ἢν
1009 898 1251 968 ἥμαρτον
1283 895 1466 965 κλίνην
1498 892 1724 966 δάκρυσι
1751 912 1847 965 με-

284 993 521 1057 τανοίας.
563 989 693 1046 Οἶδα
744 991 849 1063 γὰρ
882 991 940 1044 δὲ
978 988 1080 1044 κᾶν
1116 988 1257 1063 τύχῃ
1280 988 1377 1058 τῆς
1399 985 1644 1054 ἀφέσεως
1680 987 1848 1056 ἐπαγ-

286 1085 561 1155 γέλληται,
592 1086 839 1157 δακρύων
868 1089 1039 1161 πέρας
1065 1091 1160 1159 οὐχ
1188 1090 1346 1153 ἕξειν.
1380 1089 1451 1141 Τὸ
1476 1088 1552 1154 δὲ,
1604 1087 1701 1153 Τίς
1742 1084 1839 1151 ἐξ·

287 1177 720 1249 σμολογήσεταί
764 1198 895 1243 σοις
944 1183 1061 1235 ἀντὶ
1097 1180 1212 1247 τοῦ,
1240 1180 1458 1246 οὐδείς,
1491 1180 1694 1233 κεῖταν
1742 1176 1838 1233 νῦν

287 1269 393 1342 γὰρ
426 1270 486 1324 οὐ
522 1272 860 1343 σημαίνειτὸ
884 1274 1119 1327 σπάνιον.

360 1525 681 1595 Ἐταράχθη
731 1523 850 1579 ἀπὸ
898 1524 1088 1594 θυμοῦ
1117 1528 1151 1578 ὁ
1195 1526 1499 1594 ὀφθαλμός
1526 1543 1666 1595 μου,
1698 1526 1840 1581 ἐπα-

278 1614 539 1685 λαιὼθην
582 1617 652 1671 ὲν
707 1615 857 1672 πᾶσι
891 1616 1013 1683 τοῖς
1065 1617 1297 1687 ἐχθροῖς
1329 1636 1468 1688 μου.
1511 1618 1576 1671 Ἡ
1625 1620 1836 1691 μνήμη,

277 1709 431 1779 φησι,
450 1708 544 1762 τοῦ
569 1707 740 1779 θυμοῦ
757 1726 846 1762 σου
882 1710 975 1763 καὶ
1003 1711 1102 1781 τῆς
1145 1710 1313 1782 ὀργῆς
1341 1710 1431 1763 τὸν
1456 1710 1587 1781 ἐμὸν
1610 1711 1837 1783 ἐτάραξε
1867 1762 1871 1766 .

277 1800 427 1855 νοῦν·
456 1800 557 1872 ὃδὴ
583 1800 849 1857 διδάσκων
878 1804 905 1855 ὁ
922 1803 1111 1876 Σωτὴρ
1134 1803 1316 1873 ἔλεγεν
1337 1822 1349 1836 ·
1387 1797 1451 1851 Ὅ
1475 1806 1703 1873 λύχνος
1730 1806 1836 1860 τοῦ

273 1892 544 1962 σώματος
587 1895 759 1949 ἐστὶν
802 1900 835 1950 ό
877 1898 1199 1966 ὀφθαλμός.
1237 1898 1309 1950 Οὐ
1338 1898 1445 1969 γὰρ
1490 1897 1720 1969 ἐγχωρεί
1742 1898 1835 1951 ἕνα

1952 706 2463 774 comprehendatur.
2483 706 2846 774 Quamobrem
2866 706 2939 760 ait
2959 725 2971 760 :
2990 705 3096 761 Pro
3112 722 3217 760 una
3235 714 3391 762 nocte
3408 722 3515 777 qua

1947 804 2227 867 peccatum
2257 798 2471 863 admisi,
2512 815 2609 870 per
2646 799 2889 870 singulas
2922 807 3108 854 noctes
3143 790 3424 863 conﬁteor,
3460 800 3513 855 id

1946 898 2199 960 satagens
2230 899 2287 944 ut
2328 891 2595 959 meipsum
2645 898 2699 945 et
2754 892 2951 946 lectum
3000 890 3213 960 inquo
3268 892 3511 960 peccavi,

1945 981 2279 1052 paenitentia:
2330 980 2584 1052 lacrymis
2634 982 2872 1038 abluam.
2924 980 3100 1037 Probe
3154 980 3268 1036 scio
3326 982 3509 1044 enim,

1944 1075 2156 1130 etiamsi
2215 1073 2590 1129 remissionem
2641 1074 2984 1144 polliceatur,
3022 1088 3108 1128 me
3176 1073 3512 1143 lacrymandi

1942 1172 2133 1222 tamen
2184 1165 2343 1222 ﬁnem
2405 1181 2683 1237 nunquam
2748 1164 3040 1220 facturum.
3082 1164 3221 1219 lHud
3273 1174 3449 1218 autem
3492 1184 3505 1219 :

1942 1256 2073 1323 Quis
2107 1257 2436 1326 conﬁtebitur
2478 1257 2615 1313 tibi?
2661 1258 2780 1312 loco
2809 1255 2983 1322 verbi,
3023 1256 3221 1320 nullus,
3274 1257 3510 1325 positum

1940 1356 2044 1413 est,
2075 1364 2252 1420 neque
2286 1350 2433 1405 enim
2467 1350 2794 1422 paucitatem
2827 1348 3198 1405 conﬁtentium
3246 1366 3390 1403 nunc
3436 1349 3511 1404 si-

1939 1440 2178 1511 gniﬁcat.

2010 1529 2175 1588 Vens.
2208 1532 2263 1587 8.
2301 1531 2564 1586 Turbatus
2589 1542 2668 1587 est
2697 1549 2729 1585 ιι
2763 1533 2940 1600 furore
2974 1533 3155 1586 oculus
3205 1550 3345 1587 meus
3386 1550 3405 1585 .·
3438 1535 3511 1587 in-

1938 1625 2162 1677 veteravi
2194 1625 2327 1678 inter
2376 1608 2555 1677 (omnes
2606 1625 2843 1677 inimicos
2897 1642 3056 1678 meos.
3097 1625 3372 1689 Memoria,
3426 1631 3510 1681 in-

1937 1718 2079 1787 quit,
2108 1716 2308 1773 furoris
2355 1718 2553 1788 iraeque
2582 1726 2686 1771 tua:
2719 1728 2954 1771 mentem
3000 1732 3171 1771 meam
3220 1721 3455 1773 turbavit
3491 1742 3501 1773 :

1938 1809 2082 1877 quod
2110 1809 2288 1878 ipsum
2343 1806 2593 1865 Salvator
2638 1808 2725 1863 his
2767 1809 2948 1864 verbis
2998 1810 3183 1863 docuit
3218 1827 3233 1867 :
3264 1810 3504 1865 Lucerna

1936 1903 2171 1967 corporis
2218 1895 2299 1954 'tui
2358 1910 2436 1956 est
2485 1901 2665 1955 oculus
2701 1912 2821 1956 tuus
2862 1903 2932 1956 ⁷⁸.
2966 1901 3151 1972 Neque
3192 1904 3335 1959 enim
3386 1890 3503 1959 ﬁeri

268 1954 377 2037 τῶν
404 1954 548 2039 δυεῖν
580 1987 870 2058 ὀφθαλμῶν
894 1954 983 2042 τοῦ
1014 1954 1261 2060 σωματος
1298 1954 1486 2059 λύχνον
1676 2006 1689 2020 ·
1718 1989 1831 2043 ἀλλ’
1864 1954 1891 2009 Ῑ

1899 1957 1909 2006 ⁵
1934 1998 2133 2060 potest,
2162 2002 2222 2046 ut
2254 2009 2395 2049 unus
2432 2001 2642 2049 tantum
2671 2010 2738 2049 ex
2762 1995 2977 2051 duobus
3004 1996 3178 2051 oculis
3211 1998 3279 2051 sit
3310 2012 3504 2066 corpo-

267 2076 384 2129 οὐδὲ
417 2080 723 2148 σωματικὸς
748 2080 1020 2151 ὀφθαλμὸς
1044 2082 1150 2134 ὑπὸ
1180 2080 1349 2152 θυμοῦ
1383 2082 1711 2152 ταράσσεται
1738 2082 1831 2136 τοῦ

268 2168 423 2225 Θεοῦ.
488 2172 631 2225 Ἀντὶ
679 2173 1097 2244 κατορθώματος
1157 2174 1215 2226 δὲ
1264 2174 1679 2246 καταριθμεῖται
1734 2175 1832 2240 τὰς

270 2261 408 2323 ιδίας
456 2264 823 2328 κακοπαθείας
844 2283 857 2297 ο
894 2268 951 2318 ὲν
984 2261 1072 2329 αἷς
1101 2267 1195 2321 καὶ
1242 2268 1340 2337 τὴν
1371 2267 1610 2322 κάκωσιν
1643 2286 1701 2322 τε
1737 2271 1832 2324 καὶ

268 2353 612 2417 ταπείνωσιν,
633 2357 701 2427 ἢν
724 2358 813 2410 ἐπὶ
834 2357 1079 2411 πλεῖστον
1094 2358 1281 2431 χρόνον
1308 2360 1365 2412 ὲν
1392 2359 1577 2429 μέσοις
1600 2362 1832 2416 ἐποιεῖτο

267 2449 379 2510 τοῖς
408 2447 558 2512 ἰδίοις
589 2450 820 2519 ἐχθροῖς.

345 2539 661 2608 Ἀπόστητε
686 2541 784 2594 ἀπ’
813 2539 979 2609 ἐμοῦ,
1006 2540 1225 2607 πάντες
1240 2546 1292 2595 οὶ
1323 2530 1691 2614 ἐργαζόμενοι
1716 2541 1831 2611 τὴν

262 2628 535 2699 ἀνομίαν,
581 2632 669 2683 ὅτι
730 2630 1056 2696 είσήκουσε
1097 2637 1308 2701 Κύριος
1343 2634 1451 2704 τῆς
1480 2635 1684 2705 φωνῆς
1722 2636 1829 2691 τοῦ

264 2721 572 2789 κλαυθμοῦ
605 2737 743 2788 μου.
790 2720 1131 2787 Eiarinost
1160 2726 1373 2793 Κύριος
1398 2726 1507 2794 τῆς
1566 2726 1828 2793 δεήσεως

258 2829 398 2881 μου,
446 2812 662 2879 Κύριος
721 2812 836 2882 τὴν
864 2815 1217 2884 προσευχήν
1246 2834 1365 2885 μου
1402 2818 1823 2885 προσεδέξατο.
1888 2878 1891 2883 _

262 2906 748 2975 Αίσχυνθείησαν
813 2905 914 2960 καί
976 2907 1420 2976 ταραχθείησαν
1486 2908 1706 2977 πάντες
1771 2915 1826 2966 οι

260 2996 460 3067 ἐχθροί
483 3015 623 3067 μου,
671 2998 1182 3070 ἐπιστραφείησαν
1222 3003 1323 3056 καί
1352 3005 1826 3072 αἰσχυνθείησαν

259 3088 494 3158 σφόδρα
546 3088 644 3145 διὰ
687 3089 928 3159 τάχους.
993 3092 1261 3165 Ἐπηκόου
1312 3095 1487 3167 τυχὼν
1527 3094 1620 3150 τοῦ
1666 3096 1821 3164 Θεοῦ,

260 3180 576 3251 ἐπιστρέφει
624 3181 783 3235 πάλιν
814 3183 948 3255 πρὸς
984 3184 1145 3239 αὐτὸν
1167 3185 1267 3256 τὴν
1294 3188 1478 3258 εὐχὴν,
1511 3188 1605 3241 καὶ
1643 3205 1823 3260 παρα-

1932 2088 2011 2143 ris
2058 2085 2279 2140 lucerna
2312 2104 2325 2137 :
2361 2092 2416 2137 at
2448 2100 2627 2154 neque
2668 2101 2968 2157 corporeus
3023 2089 3218 2142 oculus
3252 2105 3280 2141 a
3320 2090 3502 2143 lurore

1931 2176 2027 2233 Dei
2050 2176 2323 2231 turbatur.
2360 2172 2506 2229 Inter
2539 2182 2687 2228 recte
2717 2174 2861 2230 facta
2907 2192 3038 2232 vero
3082 2178 3420 2231 calamitates
3448 2184 3503 2230 et

1899 2284 2201 2325 verumnas
2228 2282 2357 2322 suas
2386 2274 2702 2330 enumerat;
2745 2266 2801 2320 in
2830 2262 3035 2337 quibus
3060 2269 3391 2323 recensendo
3420 2275 3504 2323 est

1931 2360 2151 2415 aﬂlictio
2178 2358 2268 2414 illa
2303 2366 2354 2412 et
2385 2357 2638 2427 abjectio,
2674 2372 2835 2427 quam
2862 2356 3123 2412 diuturno
3157 2369 3393 2427 tempore
3419 2360 3504 2411 iii--

1931 2462 2011 2506 ter
2042 2449 2251 2504 medios
2281 2450 2533 2504 inimicos
2560 2464 2853 2519 perpessus
2874 2454 2976 2503 est.

1999 2541 2164 2598 Vens.
2225 2541 2381 2597 9-H.
2440 2540 2701 2596 Discedite
2757 2558 2789 2594 a
2842 2558 2941 2603 me,
2991 2557 3166 2594 omnes
3205 2542 3291 2608 qui
3318 2555 3501 2607 opera-

1928 2634 2058 2687 mini
2085 2624 2434 2703 iniquitatem,
2473 2635 2721 2703 quoniam
2748 2635 3011 2686 exaudivit
3047 2632 3301 2685 Dominus
3331 2649 3499 2685 vocem

1924 2725 2079 2793 ﬂetus
2113 2724 2233 2776 mei.
2270 2722 2555 2775 Exaudivit
2580 2721 2835 2777 Dominus
2868 2723 3282 2791 deprecationem
3307 2742 3497 2789 meam,

1928 2815 2181 2868 Dominus
2234 2814 2524 2868 orationem
2559 2830 2727 2867 meam
2770 2815 3015 2880 suscepit.
3083 2814 3412 2868 Erubescaut
3452 2826 3501 2870 et

1926 2903 2295 2959 conturbentur
2359 2922 2535 2959 omnes
2584 2907 2787 2960 inimici
2848 2906 2969 2967 mei,
3024 2905 3417 2974 confundantur
3448 2919 3501 2961 et

1923 2997 2227 3053 erubescant
2261 2996 2410 3051 valde
2443 2996 2701 3051 velociter.
2754 2997 2891 3051 Cum
2942 2995 3112 3051 Deum
3172 2996 3274 3050 sibi
3313 2997 3497 3065 propi-

1924 3095 2060 3151 tium
2090 3100 2283 3150 nactus
2311 3095 2417 3159 sit,
2438 3094 2505 3147 ad
2549 3093 2725 3163 ipsum
2779 3090 2959 3145 denuo
3008 3088 3307 3143 orationem
3342 3104 3495 3143 suam

1925 3188 2226 3255 convertit;
2287 3193 2549 3257 rogatque
2583 3191 2642 3238 ut
2688 3183 2953 3239 recedant
2986 3188 3043 3235 et
3093 3180 3497 3235 confundantur

258 3270 413 3325 καλεῖ
462 3272 600 3343 πρὸς
631 3272 692 3325 τὸ
745 3274 1092 3347 ἀναχωρῆσαι
1122 3276 1218 3331 καὶ
1256 3278 1608 3351 αἰσχυνθῆναι
1654 3279 1818 3334 αὐτοῦ
1844 3284 1891 3355 c

1920 3280 2126 3337 inimici
2152 3279 2258 3342 sui,
2294 3281 2579 3350 postquam
2604 3276 2814 3333 insidiae
2834 3276 3097 3346 ipsorum,
3129 3272 3237 3328 Deo
3270 3275 3372 3329 sibi
3398 3290 3496 3343 per

255 3365 381 3427 τοὺς
405 3363 652 3434 ἐχθροὺς,
703 3365 1070 3433 ἀποτυχόντας
1102 3368 1159 3419 ὲν
1194 3361 1276 3430 οἷς
1304 3368 1718 3435 ἐπεϐούλευσαν,
1755 3370 1821 3425 δι’

255 3449 331 3510 ὧν
358 3455 508 3526 αὐτῷ
527 3455 657 3520 Θεὸς
679 3455 776 3527 τὴν
809 3456 1081 3528 σωτηρίαν
1108 3457 1427 3529 παρέσχετο.
1468 3460 1632 3526 Ἀξιοί
1652 3462 1708 3516 δὲ
1728 3464 1823 3517 καὶ

258 3547 374 3600 Αίαν
427 3546 623 3610 αὐτοὺς
654 3530 1016 3618 ταραχθῆναι·
1049 3547 1078 3600 δ
1110 3547 1175 3618 δὴ
1205 3548 1420 3614 πάντως
1452 3551 1645 3617 αὐτοὺς
1680 3554 1823 3609 κατὰ

254 3639 344 3692 τὸν
378 3639 567 3722 καιρδν
610 3638 709 3711 τῆς
756 3638 851 3693 τοῦ
891 3639 1024 3693 Θεοῦ
1086 3640 1477 3712 δικαιοκρισίας
1524 3642 1817 3707 ἐκδέξεται.

669 3757 960 3812 ΨΔΛΜΟΣ
985 3758 1072 3811 Tn
1102 3758 1300 3812 ΔΔΥΙΔ
1333 3759 1406 3810 Z'.

261 3868 363 3921 Ὃν
387 3862 507 3940 ᾖσε
529 3865 613 3934 τῷ
658 3869 856 3938 Κυρίῳ
902 3868 1058 3996 olm;
1093 3870 1215 3951 τῷν
1249 3872 1447 3941 λόγων
1466 3870 1655 3924 Χουσὶ
1683 3869 1818 3925 υιοῦ

954 3956 1168 3996 auersi.

954 3956 1168 4010 εμενει.

324 4052 501 4120 Κύριε
520 4053 556 4107 ό
589 4053 732 4120 Θεός
751 4071 894 4124 μου,
926 4053 1027 4108 ἐπὶ
1056 4055 1155 4110 σοί
1190 4054 1423 4124 ἤλπισα
1447 4073 1460 4085 °
1507 4053 1712 4110 σῶσόν
1738 4072 1817 4125 με

251 4140 321 4197 ἐκ
346 4142 587 4197 πάντων
621 4146 744 4201 τῶν
779 4144 1111 4201 διωκόντων
1126 4164 1222 4216 με,
1260 4147 1359 4202 καὶ
1375 4146 1565 4214 ῥῦσαί
1572 4165 1669 4217 με,
1698 4146 1815 4217 μή·

250 4248 396 4289 ποτε
422 4232 663 4304 ἁρπάσῃ
694 4235 776 4303 ὡς
805 4234 962 4290 λέων
985 4237 1100 4307 τὴν
1132 4236 1343 4307 ψυχήν
1364 4255 1503 4307 μου,
1529 4238 1615 4307 μὴ
1643 4239 1814 4306 ὄντος

248 4325 680 4396 λυτρουμένου,
705 4326 860 4395 μηδὲ
889 4326 1197 4396 σώζοντος.
1229 4329 1343 4382 Οὐκ
1370 4330 1456 4382 ἐπ’
1485 4330 1811 4402 ἀνθρώποις,

249 4419 368 4472 οὐδὲ
401 4418 727 4489 συμσουλαῖς
777 4419 1105 4492 ἀνθρώπιον,
1144 4422 1178 4493 ἢ
1234 4420 1461 4494 στρατοῦ
1489 4422 1682 4493 πλήθει
1714 4424 1813 4492 τὰς

248 4511 389 4582 ὲμάς
426 4510 646 4574 ἐλπίδας
697 4512 1029 4590 ἀπήρτησα·
1069 4514 1161 4567 Διό
1212 4531 1279 4586 με
1331 4513 1489 4586 ῥῦσαι
1538 4514 1811 4586 πολεμίων

1922 3389 2015 3429 eas
2057 3374 2283 3430 salutem
2336 3370 2669 3437 conferente,
2701 3370 2839 3425 male
2868 3377 3171 3423 cesserunt.
3234 3365 3492 3422 Precatur

1922 3472 2122 3530 autem,
2158 3471 2220 3518 ut
2272 3461 2619 3518 vehementer
2670 3458 3106 3514 conturbenlur:
3166 3458 3310 3525 quod
3360 3458 3493 3526 ipsis

1921 3556 2203 3628 sane'justi
2227 3553 2324 3611 Dei
2352 3552 2541 3615 iudicii
2576 3560 2820 3621 tempore
2861 3559 3179 3604 eventurum
3211 3556 3316 3603 est.

2312 3747 2634 3804 PSALMUS
2671 3745 2882 3801 cum
2921 3744 3035 3801 vn.

1916 3864 1970 3919 1.
2028 3862 2195 3929 Quem
2246 3864 2478 3917 cantavit
2522 3860 2889 3985 Doyinopro
2940 3859 3112 3915 verbis
3168 3858 3333 3916 Chusi
3390 3860 3489 3939 [itii

2637 3946 2817 3985 emini.

2637 3946 2817 3986 emim.

1982 4045 2148 4105 Vsus.
2175 4047 2231 4115 2,
2261 4048 2315 4103 5.
2349 4046 2570 4101 Domine
2616 4044 2756 4100 Deus
2812 4062 2982 4113 meus,
3027 4047 3087 4100 in
3139 4055 3188 4100 te
3219 4046 3427 4115 speravi
3454 4066 3475 4103 .'

1911 4145 2116 4195 salvum
2179 4158 2261 4196 me
2319 4140 2406 4210 fac
2463 4156 2528 4194 ea;
2586 4138 2825 4194 omnibus
2878 4138 3302 4209 persequentibus
3366 4156 3481 4204 me,

1910 4246 1961 4287 et
1993 4232 2157 4287 libera
2186 4248 2286 4286 me.
2312 4231 2604 4301 Nequando
2634 4232 2810 4301 rapiat
2837 4239 2896 4284 ut
2923 4229 3003 4284 leo
3032 4230 3263 4282 animam
3292 4244 3480 4294 meam,

1910 4324 2036 4378 dum
2080 4341 2182 4378 non
2227 4332 2305 4378 est
2331 4325 2420 4393 qui
2474 4322 2913 4409 redimat,neque
2938 4319 3029 4390 qui
3066 4317 3477 4409 ialcumfaciat.

1909 4416 2262 4487 Nequaquam
2293 4417 2347 4471 in
2380 4415 2728 4478 hominibus,
2762 4425 2941 4482 neque
2969 4410 3024 4464 in
3076 4408 3322 4464 consiliis
3376 4408 3477 4462 ho-

1912 4508 2141 4575 minum,
2171 4521 2359 4575 neque,
2376 4506 2430 4561 in
2459 4504 2731 4560 exercitus
2780 4501 2955 4572 copiis
2986 4514 3135 4570 spem
3165 4514 3338 4554 meam
3390 4515 3480 4555 re-

252 4618 341 4671 μοι
361 4600 629 4668 τοσούτων
673 4591 1034 4674 ὲπικειμὲνων
1062 4604 1151 4659 διὰ
1175 4607 1395 4671 παντός.
1416 4606 1491 4659 Οὐ
1527 4605 1685 4676 μόνον
1716 4607 1812 4662 νῦν
1840 4621 1886 4677 ι)

1913 4597 2071 4667 posui
2107 4615 2119 4650 :
2153 4604 2482 4667 quapropter
2512 4607 2543 4646 a
2564 4598 2645 4645 tot
2679 4606 2895 4663 semper
2924 4590 3256 4648 instantibus
3296 4592 3478 4646 inimi-

261 4692 632 4766 ’Δδεσσαλὼμ,
690 4695 782 4749 καὶ
824 4694 1121 4765 Ἀχιτόφελ,
1154 4698 1247 4751 καὶ
1286 4697 1395 4751 τῶν
1444 4698 1542 4750 σὺν
1584 4698 1766 4762 αὐτοῖς
1788 4715 1803 4730 ο

247 4782 383 4837 ἀλλά
413 4785 508 4837 καί
524 4784 689 4839 πάλαι
719 4784 823 4856 νέῳ
848 4784 961 4839 ὄντι
991 4784 1163 4853 Σαούλ
1198 4804 1259 4839 τε
1288 4787 1381 4841 καὶ
1408 4786 1672 4841 πλείστων
1699 4788 1809 4842 τῶν

246 4888 307 4927 τε
326 4875 393 4929 δι’
417 4876 596 4933 αὐτῶν
618 4879 838 4947 ἀφανῶς
872 4895 961 4949 μοι
989 4876 1365 4947 πολεμούντων
1393 4879 1663 4949 δαιμόνων
1685 4896 1698 4909 ο
1730 4874 1806 4934 ὧν

249 4966 376 5036 περὶ
398 4966 493 5020 τοῦ
521 4967 775 5042 ἄρχοντος
797 4970 1006 5043 εἴρηται
1024 4986 1039 5001 °
1085 4969 1138 5023 Ὁ
1162 4970 1461 5039 ἀντίδικος
1498 4961 1665 5040 ὑμῶν
1683 4970 1808 5025 διά-

249 5056 427 5123 ϐολος
469 5065 558 5125 ὡς
604 5058 762 5119 λέων
811 5061 1144 5131 ὠρυόμενος
1197 5060 1560 5133 περιέρχεται
1619 5060 1808 5133 ζητῶν

246 5147 383 5203 τίνα
431 5153 691 5224 καταπίῃ
714 5154 823 5221 ’-ἐξ
844 5150 906 5209 οῦ
931 5155 1163 5227 μάλιστα
1194 5156 1452 5229 ρυσθῆναι
1483 5161 1802 5230 παρακαλῶ.

228 5502 233 5509 ,
316 5419 490 5488 Κύριε
516 5421 549 5475 ὁ
575 5422 718 5488 Θεός
751 5441 891 5492 μου,
922 5424 975 5477 ει
1013 5422 1269 5491 ἐποίησα
1313 5424 1506 5489 τοῦτο,
1545 5428 1599 5480 ει
1636 5384 1807 5484 ἔστιν

246 5513 448 5569 ἀδικία
475 5512 547 5566 ἐν
575 5515 748 5583 χερσί
772 5534 911 5584 μου,
948 5518 1002 5570 si
1037 5517 1422 5572 ᾶπαπέδωκα
1465 5518 1589 5585 τοῖς
1623 5519 1804 5576 Ma-

248 5601 563 5659 ποδιὸοὗσί
602 5622 704 5681 μοι
749 5606 905 5661 κακά
923 5646 937 5672 ,
975 5606 1330 5677 ἀποπέσοιμι
1370 5606 1485 5677 ἆρα
1527 5610 1645 5664 ἀπὸ
1686 5611 1806 5677 τῶν

1913 4690 1995 4743 cis
2024 4688 2175 4758 eripe
2224 4701 2329 4740 me.
2363 4683 2547 4753 Neque
2601 4683 2777 4738 solum
2806 4684 2951 4738 enim
3001 4682 3069 4738 ab
3108 4681 3381 4739 Absalone
3422 4691 3478 4737 et

1912 4778 2261 4850 Achitophele
2315 4790 2614 4845 eorumque
2667 4774 2996 4850 sequacibus
3059 4774 3152 4845 qui
3209 4788 3297 4828 me
3329 4787 3474 4828 nunc

1912 4873 2267 4935 adoriuntur;
2304 4866 2401 4922 sed
2442 4866 2558 4938 jam
2595 4867 2727 4923 olim
2772 4864 2991 4936 juvenis
3020 4878 3145 4917 cum
3183 4877 3383 4926 essem,
3440 4877 3471 4916 a

1914 4966 2097 5024 Saule.
2133 4970 2187 5017 et
2210 4977 2239 5016 a
2268 4961 2451 5015 multis
2480 4961 2571 5031 qui
2603 4974 2690 5016 me
2722 4958 2895 5027 ipsius
2921 4970 3083 5027 opera
3116 4954 3256 5009 clam
3294 4953 3472 5027 impu-

1910 5057 2149 5128 gnabant
2195 5050 2553 5115 daemonibus,
2599 5050 2666 5105 de
2714 5062 2945 5117 quorum
2976 5046 3220 5117 principe
3264 5045 3468 5101 dictum

1909 5142 2399 5207 esttAduersarius
2447 5152 2611 5196 uester
2658 5135 2923 5199 diabolus,
2961 5143 3209 5205 tanquam
3265 5134 3343 5187 leo
3376 5150 3471 5187 ru-

1908 5244 2050 5310 giens
2070 5236 2255 5289 circuit
2273 5251 2509 5306 querens
2531 5248 2681 5303 quem
2698 5230 2920 5309 deuoret
2944 5229 3010 5282 ⁷⁷.
3040 5229 3086 5289 Α
3107 5243 3215 5298 quo
3235 5242 3477 5297 pmsero,

1908 5334 2000 5387 tim
2024 5311 2110 5385 me
2131 5314 2502 5398 liberes-rogo.
3402 5327 3409 5332 ‘

1960 5422 2127 5476 Vens.
2158 5422 2213 5483 4,
2238 5422 2292 5476 5.
2322 5420 2541 5474 Domine
2565 5416 2699 5471 Deus
2734 5432 2897 5479 meus,
2915 5414 2962 5469 si
2990 5414 3088 5483 feci
3115 5412 3277 5476 istud,
3314 5412 3360 5465 si
3383 5419 3461 5467 est

1905 5515 2158 5585 iniquitas
2203 5512 2255 5567 in
2290 5513 2530 5566 manibus
2575 5510 2701 5564 meis
2735 5522 2754 5563 :
2789 5509 2838 5562 si
2874 5504 3077 5561 reddidi
3120 5496 3458 5558 retribuenti¢

1906 5609 2001 5664 bus
2038 5606 2165 5661 mihi
2214 5606 2382 5670 mala,
2412 5602 2655 5659 decidam
2707 5600 2891 5655 merito
2931 5596 2996 5650 ab
3050 5596 3279 5650 inimicis
3326 5608 3457 5651 mas

247 5691 475 5768 ιχθρῶν
494 5714 613 5773 μου
640 5701 1009 5769 κενός,”οσην
1028 5697 1148 5766 ἄγει
1170 5700 1476 5772 παρρησίαν
1496 5702 1587 5755 ἐπὶ
1617 5703 1695 5774 τῷ
1723 5704 1799 5774 μὴ

1900 5698 2099 5755 inanis.
2146 5695 2417 5762 Quantam
2442 5710 2510 5751 ex
2546 5688 2819 5750 oblivione
2852 5686 3182 5776 iniuriarum
3230 5702 3294 5741 ac
3320 5684 3456 5776 tole-

250 5772 629 5856 μνησικακεῖνῑ
677 5792 977 5864 Ἐξαίρετον
997 5791 1122 5861 »γὰρ
1158 5789 1319 5845 τοῦτο
1349 5772 1676 5865 κατόρθωμα

1900 5788 2076 5850 rantis
2103 5784 2355 5844 ﬁduciam
2387 5783 2558 5840 David
2584 5778 2834 5839 exhibet!
2852 5772 2996 5833 Haec
3022 5790 3154 5833 sane
3182 5772 3454 5846 praecipua

316 5947 362 5979 "
403 5945 591 6021 latin.
620 5924 700 6018 in,
740 5946 829 6005 se.
905 5947 949 5979 "
990 5942 1182 6001 IPetr.
1218 5961 1249 5997 ν
1274 5983 1289 5999 .
1319 5945 1373 6001 8.
