4262 6380
751 510 856 564 125

1388 508 1661 566 EUSEBII
1695 509 2173 567 CESARIENSIS
2210 512 2358 567 OPP.
2398 511 2581 567 PARS
2617 511 2703 566 111.
2742 538 2812 550 —
2842 510 3249 567 EXEGETICA.

3885 506 3986 563 ,ιι

752 631 873 698 ejus
905 630 1077 686 virtus
1102 638 1214 696 est,
1244 637 1305 685 ut
1352 629 1555 700 Moysis
1598 630 1987 685 mansuetudo:
2018 629 2151 684 Erat
2179 632 2317 685 enim
2345 638 2391 693 Α
2418 636 2435 682 t

2301 647 2317 683 t
2345 638 2391 693 Α
2418 631 2608 684 Δαυῖδ·
2650 633 2725 695 ὡς
2750 631 2844 685 τοῦ
2877 633 2973 702 μὲν
2999 632 3273 695 Μωῦσέως
3313 631 3373 685 τὸ
3416 633 3612 704 πρᾶον·
3647 630 3839 699 11ρᾶος
3870 632 3984 701 γὰρ

753 721 1057 776 mitissimus
1090 738 1243 791 super
1276 739 1453 776 omnes
1501 721 1733 775 homines
1770 724 1860 791 qui
1890 722 2233 777 morabantur
2258 725 2312 777 in

777 823 915 867 terra
933 814 1006 878 7';
1033 814 1325 868 Abraliami
1360 814 1526 868 ﬁdes:
1557 813 1793 868 Credidit
1820 816 1965 869 enim
2002 814 2130 878 Deo,
2162 824 2211 869 et
2230 833 2312 869 re-

751 915 990 975 putatum
1024 916 1100 962 est
1131 908 1179 961 ei
1202 898 1254 961 in
1276 906 1545 975 justitiam
1559 907 1641 973 ";
1673 905 1793 961 Jobi
1827 906 2107 977 patientia.
2156 904 2313 962 Jose-

752 997 844 1067 phi
890 998 1246 1061 continentia,
1295 996 1601 1060 Salomonis
1643 999 1931 1069 sapientia.
1974 997 2136 1053 Certe
2183 1014 2312 1055 san-

752 1095 963 1141 ctorum
996 1089 1211 1158 egregia
1258 1089 1459 1153 virtus,
1506 1105 1614 1144 non
1646 1091 1704 1143 in
1731 1090 1897 1145 rebus
1936 1090 2126 1144 iisdem
2155 1092 2311 1144 testi-

751 1179 992 1235 monium
1044 1182 1291 1251 accepit;
1344 1181 1436 1236 sed
1488 1181 1545 1235 in
1594 1196 1701 1249 quo
1753 1181 2068 1257 certaminis
2119 1196 2315 1252 genere

751 1258 911 1339 ιιι-ωε(
928 1270 1110 1326 ‘lebat.
1149 1270 1317 1326 David
1361 1272 1543 1341 igitur
1570 1271 1662 1341 qui
1707 1287 1924 1342 semper
1968 1274 2312 1329 tolerantiam

750 1361 1185 1431 oblivionemque
1229 1360 1557 1430 injuriarum
1589 1363 1846 1431 expetiit,
1879 1362 1929 1416 id
1961 1363 2103 1432 apud
2144 1363 2311 1419 Deum

752 1452 1041 1506 contendit
1061 1462 1118 1505 ut
1144 1454 1295 1522 paria
1318 1461 1706 1523 consequatur.
1750 1450 1883 1508 Nam
1920 1471 1950 1508 a
1992 1455 2194 1525 Spiritu
2228 1456 2313 1511 di-

753 1543 880 1596 vino
916 1544 1212 1599 edidicwtt
1236 1544 1473 1599 futuram
1497 1546 1645 1599 illam
1675 1544 1972 1602 Salvatoris
1997 1548 2316 1619 promissio-

756 1650 919 1689 nem:
970 1634 1030 1690 Si
1061 1637 1372 1691 dimiseritis
1402 1638 1699 1691 hominibus
1745 1647 1960 1706 peccata
1991 1656 2192 1703 eorum,
2226 1640 2312 1693 di-

754 1730 923 1781 mittet
948 1738 995 1783 et
1027 1728 1165 1783 vobis
1196 1728 1361 1783 Pater
1386 1738 1550 1784 uester
1580 1732 1804 1785 cazlestis
1827 1732 2018 1785 delicta
2047 1742 2218 1785 vestra
2240 1733 2308 1785 ³ο.

755 1814 934 1879 Quare
980 1832 1102 1870 cum
1163 1827 1553 1887 congruentem
1602 1819 1865 1875 edidisset
1912 1820 2337 1890 paenitentiam,-

753 1908 962 1961 veniam
989 1917 1320 1975 consecutus
1350 1918 1455 1963 est.

2417 718 2496 791 ἦν
2522 723 2679 791 παρὰ
2705 723 2932 789 πάντας
2954 723 3096 790 τοὺς
3123 723 3469 791 ἀνθρώπους
3495 724 3633 789 τοὺς
3666 723 3840 788 ὄντας
3881 721 3986 774 ἐπὶ

2418 813 2525 883 τῆς
2560 812 2702 883 γῆς’
2751 812 2844 867 τοῦ
2891 812 3140 887 Ἀϐραὰμ
3185 814 3241 867 δὲ
3284 816 3316 885 ἡ
3365 815 3576 879 πίστις·
3625 813 3987 867 Ἐπίστευσα

2416 906 2523 977 γὰρ
2561 905 2639 971 τῷ
2672 904 2811 970 Θεῷ,
2839 906 2933 958 καί
2956 906 3241 974 ἐλογίσθη
3264 906 3422 971 αὑτῷ
3440 908 3527 971 είς
3554 905 3948 965 δικαιοσύνην
3966 918 3983 934 ο

2418 998 2513 1051 καὶ
2552 996 2645 1050 τοῦ
2686 995 2803 1051 Ἰὼϐ
2837 1000 2869 1067 ἠ
2904 996 3185 1067 καρτερία,
3214 998 3307 1050 καὶ
3347 998 3541 1069 Ἰωσὴφ
3571 1000 3603 1067 ή
3638 997 3985 1069 σωφροσύνη,

2418 1089 2512 1141 καὶ
2547 1092 2579 1160 ἡ
2633 1090 2791 1157 σοφία
2838 1088 2932 1140 τοῦ
2984 1088 3355 1157 Σαλομῶντος.
3388 1090 3497 1141 Καὶ
3523 1089 3584 1140 τὸ
3621 1087 3841 1159 στερὸὸν
3874 1087 3987 1139 των

2420 1179 2587 1247 ἁγίων
2615 1181 2712 1232 οὐκ
2746 1179 2837 1232 ἐπὶ
2864 1181 2977 1242 τοῖς
3009 1180 3189 1241 αὐτοῖς
3222 1180 3663 1250 μεμαρτύρηταιο
3702 1177 3814 1231 ἀλλ’
3846 1180 3906 1230 ἐν
3939 1171 3988 1244 ᾧ

2420 1275 2610 1341 κρατεῖ
2631 1271 2913 1342 παραδόξῳ
2934 1271 3289 1342 παλαίσματι.
3312 1271 3473 1324 Δαυῒδ
3491 1272 3669 1325 τοίνυν
3690 1273 3718 1314 δ
3737 1271 3824 1324 δια
3849 1286 3989 1322 πανη-

2418 1364 2515 1427 τὸς
2537 1363 2907 1434 ἀμνησίκακον
2940 1362 3126 1433 ⁴ᾔτησε,
3164 1363 3429 1433 προτείνει
3458 1346 3585 1427 Θεῷ
3629 1368 3735 1414 των
3763 1362 3891 1414 ἰσων
3924 1357 3989 1423 ἐξ

2420 1455 2583 1510 αὑτοῦ
2627 1458 2806 1525 τυχεῖν
2854 1454 3414 1525 ὲξαιτούμενος.ᾟδει
3442 1452 3547 1525 γὰρ
3592 1454 3655 1505 ὲκ
3700 1451 3792 1503 τοῦ
3837 1451 3987 1504 θείου

2418 1547 2729 1617 Πνεύματος
2770 1547 2865 1618 τὴν
2913 1546 3206 1617 μάλλουσαν
3246 1546 3340 1599 τοῦ
3378 1544 3629 1616 Σωτῆρος
3657 1543 3987 1612 επαγγελίαν

2418 1642 2536 1713 τὴν,
2555 1641 2693 1695 Ἐὰν
2717 1639 2906 1710 ἀφῆτε
2939 1640 3061 1705 τοῖς
3090 1637 3417 1706 ἀνθρώποις
3450 1635 3520 1689 τὰ
3548 1633 3989 1703 παραπτώματα

2418 1734 2631 1800 αὐτῶν,
2657 1733 2876 1802 ἀφήσει
2904 1730 3001 1785 καὶ
3026 1729 3167 1798 ὑμῖν
3192 1731 3223 1781 ό
3249 1727 3451 1795 Πατὴρ
3476 1727 3685 1795 ὑμῶνό
3709 1724 3989 1792 οὐράνιος

2419 1824 2489 1879 τὰ
2521 1821 2957 1891 παραπτώματα
2989 1818 3173 1888 ὑμῶν.
3197 1815 3287 1869 Διὸ
3315 1814 3452 1886 μετὰ
3474 1815 3570 1885 τὴν
3600 1814 3786 1884 ἱκανὴν
3814 1810 3986 1883 μετά-

2420 1931 2568 1968 νοιαν
2603 1913 2758 1982 ἔτυχε
2793 1911 2892 1981 τῆς
2930 1910 3197 1979 ἀφέσεως.

826 1997 993 2052 Vens.
1023 2000 1077 2052 6.
1120 1998 1477 2069 Persequatur
1516 2000 1758 2055 inimicus
1789 2003 2023 2057 animam
2052 2021 2241 2067 meam,
2265 2016 2313 2057 et
2347 1996 2391 2051 Β
2484 2010 2509 2060 ι

2302 2016 2313 2057 t
2347 1996 2391 2051 Β
2484 2003 2844 2069 Καταδιώξιιι
2883 2003 2995 2072 ἄρα
3018 2006 3051 2056 ό
3078 2001 3289 2071 ἐχθρὸς
3324 1999 3437 2067 τὴν
3468 2001 3677 2067 ψυχήν
3696 2015 3833 2067 μου,
3882 1996 3985 2050 καί

672 2084 681 2101 ’
752 2088 1176 2156 comprehendat,
1208 2099 1256 2143 et
1286 2091 1557 2146 conculcet
1590 2094 1642 2146 in
1676 2101 1820 2147 terra
1850 2096 2011 2149 vitam
2038 2114 2230 2161 meam,
2263 2106 2311 2149 et

2414 2094 2731 2148 καταλάϐοι
2778 2094 2874 2147 καὶ
2927 2090 3341 2158 καταπατῆσαι
3382 2092 3469 2155 εὶς
3505 2087 3620 2157 γῆν
3665 2087 3778 2155 τὴν
3832 2086 3986 2154 ζωήν

752 2183 980 2251 gloriam
1034 2198 1202 2235 meam
1246 2184 1299 2235 in
1329 2183 1588 2251 pulverem
1636 2185 1881 2239 deducat.
1937 2188 2194 2242 Pluribus
2240 2188 2315 2241 ita
2407 2205 2435 2255 ι

2297 2204 2315 2241 ι
2407 2204 2546 2255 μου,
2582 2186 2676 2239 καὶ
2716 2185 2828 2253 τὴν
2855 2184 3041 2249 δόξαν
3064 2201 3182 2252 μου
3210 2184 3297 2247 εὶς
3323 2179 3473 2249 χοῦν
3502 2176 3980 2244 κατασκηνώσαι.

754 2272 942 2345 verbis
964 2271 1225 2328 insistens
1255 2274 1328 2327 ait
1352 2293 1363 2327 :
1404 2273 1459 2327 Si
1484 2291 1602 2330 eam
1629 2292 1742 2330 rem
1779 2293 1888 2332 non
1917 2279 2087 2347 probe
2108 2281 2311 2349 egerim

755 2378 822 2417 ne
851 2379 878 2415 a
910 2372 1131 2432 peccato
1182 2372 1307 2420 ante
1355 2365 1565 2420 obitum
1614 2368 1831 2436 eripiar,
1876 2384 2056 2439 neque
2086 2370 2313 2440 gloriam

755 2469 926 2508 meam
966 2455 1256 2525 recipiam;
1288 2456 1384 2511 sed
1416 2458 1470 2510 in
1504 2458 1638 2526 ipsis
1656 2457 1865 2513 delictis
1880 2462 2324 2533 comprehendar,

754 2555 812 2598 ut
844 2546 1100 2600 inimicus
1136 2562 1312 2610 meus,
1360 2548 1587 2615 perinde
1630 2559 1792 2617 atque
1824 2549 1877 2602 in
1906 2555 2026 2619 ipso
2053 2554 2311 2621 peccandi

751 2646 1016 2704 tempore,
1046 2636 1283 2689 animam
1332 2653 1506 2691 meam
1547 2654 1761 2708 semper
1792 2641 2094 2708 conculcet,
2141 2644 2314 2697 donec

752 2740 817 2779 ea
851 2726 904 2777 in
938 2725 1212 2795 pulverem
1239 2714 1431 2789 mortis
1466 2737 1787 2784 revertatur.
1818 2730 1913 2785 Sin
1943 2743 2132 2786 contra
2151 2736 2315 2803 probe

754 2829 841 2868 me
865 2815 1145 2883 gesserim,
1181 2816 1492 2886 redemptus
1516 2834 1578 2872 ea
1607 2835 1728 2888 qua:
1746 2836 1840 2889 par
1868 2829 1953 2876 est
1982 2837 2312 2892 consequar,

754 2920 929 2974 neque
962 2906 1015 2959 in
1047 2908 1321 2976 pulverem
1364 2912 1572 2978 peccati
1605 2913 1864 2975 carnalis,
1894 2913 1946 2965 in
1979 2930 2137 2981 quem
2169 2914 2318 2967 dela-

754 3010 887 3068 psus
914 3015 1055 3063 sum,
1087 3013 1453 3067 permaneam.
1492 2998 1613 3053 Vita
1638 3000 1758 3068 ejus
1784 3004 1878 3070 qui
1906 3003 2107 3055 terreni
2144 3003 2318 3055 homi—

758 3091 845 3143 nis
876 3091 1162 3159 imaginem
1195 3090 1350 3159 gerit,
1383 3089 1451 3142 al)
1486 3090 1707 3144 inimico
1742 3093 1797 3145 in
1828 3100 1971 3146 terra
1999 3095 2315 3168 conculcata

757 3188 858 3234 est.
896 3212 905 3241 ,ι
927 3179 1286 3243 Quamobrem
1335 3178 1445 3244 ille,
1478 3180 1689 3235 etiamsi
1736 3181 1981 3235 videatur
2028 3183 2317 3254 aliquando

759 3271 928 3339 gloria
958 3269 1115 3333 allici,
1161 3279 1397 3325 attamen
1438 3272 1609 3341 gloria
1629 3272 1748 3341 ejus
1779 3274 1835 3327 in
1880 3276 2099 3344 pulvere
2132 3276 2312 3343 jacet;

758 3361 947 3429 quales
980 3370 1107 3414 sunt
1154 3362 1245 3430 qui
1288 3363 1471 3432 gloria:
1506 3379 1671 3417 causa
1714 3373 1903 3435 agunt,
1936 3365 2124 3420 laudes
2155 3361 2349 3435 ειμι-ξ

734 3456 899 3511 ,ιιιιιι,
946 3450 1026 3503 vel
1061 3451 1361 3506 mercedem
1396 3452 1463 3505 ab
1492 3439 1805 3509 hominibus
1846 3463 2209 3523 aucupantur.

832 3538 994 3595 Vens.
1017 3542 1068 3606 7,
1097 3540 1147 3595 8.
1180 3539 1439 3612 Exsurge,
1466 3543 1708 3609 Domine,
1723 3546 1775 3597 in
1791 3545 1981 3599 iratua
2009 3555 2056 3599 et
2087 3548 2321 3602 exaltare

755 3629 813 3683 in
856 3631 1047 3697 ﬁnibus
1102 3633 1435 3685 inimicorum
1507 3646 1733 3688 tuorum.
1796 3636 2052 3708 Exsurge,
2102 3637 2322 3692 Domine

763 3722 897 3775 Deus
932 3738 1096 3784 meus,
1130 3723 1180 3774 in
1211 3732 1468 3790 prwcepto
1501 3726 1635 3793 quod
1664 3726 1951 3792 mandasti,
1983 3740 2031 3781 et
2056 3746 2323 3801 synagoga

762 3810 1097 3883 populorum.
1123 3811 1466 3865 circumdabit
1522 3822 1589 3867 te.
1632 3813 1917 3869 Dominum
1949 3817 2219 3881 hortatur.
2263 3827 2321 3874 ut

762 3902 929 3956 veluti
960 3903 1069 3955 dux
1113 3904 1387 3959 exercitus
1430 3919 1553 3958 cum
1615 3904 1985 3975 indignatione
2023 3918 2321 3980 consurgat

760 3994 1023 4048 adversus
1050 3994 1347 4062 principem
1376 3996 1648 4049 exercitus
1681 3996 2033 4053 invisibilium
2072 4001 2319 4055 inimico-

761 4097 906 4141 rum,
934 4083 1013 4134 sic
1052 4096 1175 4134 eum
1209 4083 1577 4149 compellans:
1623 4083 1704 4137 Tu
1742 4086 1877 4154 ipse,
1905 4088 1996 4155 qui
2032 4088 2193 4143 nobis
2223 4089 2321 4141 ho-

763 4171 1001 4226 minibus
1047 4170 1353 4240 praecepisti
1408 4179 1467 4225 ut
1503 4182 1904 4239 concertemus,
1953 4176 2191 4246 idipsum
2238 4177 2320 4231 fa-

762 4265 889 4318 cito.
946 4263 1016 4317 lis
1045 4262 1187 4321 enim
1222 4262 1318 4316 abs
1349 4270 1398 4315 te
1430 4260 1628 4331 fugatis
1654 4279 1717 4317 ac
1750 4265 1965 4332 deletis,
1998 4283 2099 4337 ego
2135 4270 2318 4325 salvus

761 4371 895 4419 ero;
929 4369 1104 4423 neque
1133 4355 1306 4416 solus,
1353 4354 1444 4408 sed
1480 4355 1639 4408 etiam
1681 4343 1921 4421 Ecclesia
1960 4376 2025 4414 ex
2065 4362 2318 4431 gentibus

760 4443 1120 4497 circumdabit
1155 4450 1229 4505 te,
1273 4443 1550 4497 eliminata
1579 4444 1786 4499 scilicet
1813 4450 1959 4501 omni
2006 4450 2316 4506 daamonum

762 4548 967 4587 errore.
1022 4531 1080 4584 In
1120 4533 1209 4584 illa
1240 4548 1369 4586 sane
1397 4536 1544 4588 velut
1590 4534 1645 4587 in
1675 4535 1846 4589 choro
1888 4537 2098 4594 medius
2118 4538 2314 4598 consi-

2346 3324 2387 3383 C

2413 2276 2813 2346 Διατεινόμενος
2839 2276 2895 2328 δέ
2922 2291 3084 2344 φησιν
3104 2290 3118 2303 ·
3146 2274 3208 2325 Εἰ
3239 2273 3311 2343 μὴ
3346 2268 3681 2340 κατώρθωσα
3708 2268 3880 2332 τοῦτο,
3906 2267 3984 2337 μὴ

2414 2364 2831 2436 ὲλευθερωθείην
2862 2365 2968 2435 πρὸ
2989 2364 3082 2417 τοῦ
3113 2363 3342 2415 θανάτου
3376 2360 3475 2429 τῆς
3512 2357 3807 2429 ἁμαρτίας,
3843 2356 3983 2427 μηδὲ

2411 2456 2508 2527 τὴν
2542 2458 2677 2527 ἐμὴν
2699 2456 3020 2526 ἀπολάϐοιμι
3036 2455 3209 2519 δόξαν,
3237 2456 3295 2507 ὲν
3322 2455 3511 2514 αὑταῖς
3539 2451 3595 2503 δέ
3627 2468 3725 2519 μου
3750 2449 3987 2520 καταλη-

2415 2549 2605 2617 φθείην
2630 2552 2750 2611 ταῖς
2780 2547 3092 2617 ἁμαρτίαις,
3130 2546 3203 2601 ἵν’
3233 2548 3308 2609 ὡς
3340 2547 3426 2599 ὅτε
3453 2546 3694 2615 ἥμαρτον
3719 2542 3861 2595 οὓτω
3890 2543 3986 2613 μέ-

2414 2658 2503 2712 χρι
2538 2639 2731 2701 παντὸς
2758 2638 2855 2709 τὴν
2889 2638 3026 2709 ἐμὴν
3052 2642 3080 2691 ό
3109 2637 3375 2717 δυσμενὴς
3406 2636 3762 2705 καταπατήσῃ
3784 2632 3981 2705 ψυχὴν,

2420 2730 2578 2800 μέχρι
2630 2728 2723 2781 τοῦ
2770 2731 2847 2791 είς
2897 2728 3023 2798 χοῦν
3050 2728 3386 2799 ὑποστρέψαι
3420 2727 3668 2780 θανάτου.
3704 2726 3765 2777 El
3798 2724 3854 2776 δὲ
3882 2740 3983 2776 κα-

2416 2821 2696 2891 τώρθωσα,
2726 2820 2939 2890 τύχοιμι
2981 2819 3089 2871 τῶν
3121 2818 3247 2872 ἴσων
3275 2818 3649 2890 λυτρούμενος,
3682 2828 3779 2870 καί
3808 2814 3880 2885 μὴ
3906 2815 3985 2879 εἰς

2416 2911 2475 2962 ὃν
2509 2910 2566 2977 ἐξ
2606 2913 2877 2982 ἁμαρτίας
2903 2911 3181 2964 κατέπεσα
3216 2909 3341 2980 χοῦν
3371 2909 3641 2979 ἐπιμένων
3670 2907 3769 2977 τῆς
3803 2921 3989 2977 σαρκι-

2418 3003 2518 3072 κῆς
2564 3006 2853 3074 ἁμαρτίας.
2873 3005 2933 3057 Ἠ
2964 3004 3074 3074 ζωὴ
3105 3002 3197 3056 τοῦ
3224 3003 3301 3055 ἔτι
3331 3003 3429 3071 τὴν
3468 3001 3647 3055 εἰκόνα
3679 2998 3769 3052 τοῦ
3800 2995 3984 3069 χοϊκοῦ

2418 3092 2705 3161 φοροῦντος
2758 3076 3209 3163 καταπεπάτήται
3255 3092 3359 3143 ὑπὸ
3388 3090 3481 3143 τοῦ
3518 3090 3709 3160 ἐχθροῦ
3736 3092 3814 3152 είς
3843 3092 3946 3157 γῆν
3965 3103 3980 3117 ·

2417 3178 2565 3245 οὗτος
2591 3183 2667 3247 δὲ,
2698 3182 2799 3235 κᾶν
2843 3182 3157 3249 δοξάζεσθαι
3209 3182 3339 3235 ποτὲ
3390 3181 3539 3250 δοκῇ,
3576 3181 3986 3249 κατεσκήνωσεν

2420 3276 2583 3328 αὐτοῦ
2616 3279 2648 3346 ή
2675 3275 2801 3341 δόξα
2834 3277 2914 3338 εἰς
2943 3274 3089 3345 χοῦν,
3118 3275 3193 3338 ὡς
3220 3274 3335 3327 τῶν
3355 3272 3647 3326 ποιούντων
3684 3272 3771 3325 διὰ
3805 3269 3983 3334 δόξαν,

2422 3371 2514 3423 καὶ
2543 3370 2633 3422 τὸν
2662 3367 2789 3440 παρ’
2820 3352 2997 3420 αὐτῶν
3027 3367 3265 3431 ἔπαινον,
3299 3366 3332 3437 ἢ
3362 3366 3459 3435 τὴν
3487 3365 3613 3435 παρ’
3643 3363 3821 3425 αὐτοῖς
3846 3364 3984 3415 ἀπο-

2420 3462 2599 3531 δοχήν.
2812 3498 2815 3499 ν
3365 3507 3381 3519 .

2506 3554 2829 3620 Ἀνάστηθι,
2864 3554 3057 3621 Κύριε,
3084 3552 3154 3607 ἐν
3184 3551 3259 3620 τῇ
3292 3550 3437 3621 ὀργῆ
3465 3566 3600 3612 σου,
3626 3548 3888 3619 ὐψώθητι
3914 3547 3985 3600 ἑν

2421 3643 2542 3709 τοῖς
2569 3643 2779 3712 πέρασι
2800 3642 2919 3697 τῶν
2944 3643 3173 3713 ἐχθρῶν
3196 3660 3330 3698 σου.
3349 3642 3736 3711 Ἐξετέρθητι,
3756 3641 3927 3708 Κύριε
3950 3640 3985 3691 ὀ

2425 3736 2567 3800 Θεός
2590 3752 2729 3803 μου,
2768 3735 2838 3787 ἐν
2870 3732 3273 3802 προστάγματι
3297 3726 3345 3799 ᾧ
3380 3733 3673 3793 ἑνετείλω,
3704 3732 3800 3785 καὶ
3838 3746 3986 3783 συν-

2422 3827 2619 3897 αγωγὴ
2650 3826 2814 3880 λαῶν
2842 3822 3140 3877 κυκλώσει
3168 3839 3259 3878 σε.
3292 3818 3393 3876 Οἷα
3434 3823 3498 3894 δὴ
3539 3823 3836 3895 στρατηγὸν
3864 3823 3982 3875 δια-

2422 3920 2680 3989 ναστῆναι
2732 3918 2825 3969 σὺν
2878 3916 3244 3984 ἀγανακτήσει
3275 3914 3415 3967 κατὰ
3448 3914 3539 3967 τοῦ
3584 3914 3691 3967 τῶν
3740 3913 3983 3983 ἀοράτων

2423 4010 2693 4080 πολεμίων
2719 4007 2973 4076 ἄρχοντος
3009 4006 3391 4075 στρατοπέδου,
3425 4004 3598 4073 λέγων
3621 4022 3635 4034 ·
3671 4006 3734 4055 Ὃ
3756 4006 3866 4064 τοῖς
3891 4004 3984 4055 ἀν-

2422 4102 2659 4175 θρώποις
2714 4102 2843 4170 ἡμῖν
2895 4096 3230 4168 προσέταξας
3279 4095 3637 4165 ἀγωνίζεσθαι
3684 4096 3823 4148 κατὰ.
3876 4095 3982 4147 τῶν

2422 4196 2663 4267 ἀοράτων
2686 4190 2986 4259 δυνάμεων,
3015 4188 3170 4242 τοῦτο
3202 4190 3395 4260 δρᾶσον
3427 4188 3606 4251 αὐτὸς.
3635 4186 3847 4239 Τούτων
3874 4184 3981 4256 γὰρ

2422 4288 2525 4342 ὑπὸ
2565 4284 2657 4338 σοῦ
2692 4281 3103 4354 καθῃρημένων,
3138 4280 3290 4348 κάγὼ
3337 4280 3669 4348 σωθήσομαι,
3698 4278 3757 4329 ού
3800 4278 3979 4348 μόνος,

2421 4377 2557 4434 ἀλλὰ
2579 4376 2688 4429 -καὶ
2734 4377 2768 4445 ἡ
2796 4373 2903 4426 τῶν
2937 4371 3103 4424 ἐθνῶν
3140 4372 3432 4440 Ἐκκλησία
3468 4368 3732 4422 κυκλώσει
3766 4386 3843 4436 σε,
3878 4369 3983 4422 πά-

2422 4487 2521 4545 σης
2544 4467 2808 4537 δαιμόνων
2834 4465 3038 4535 πλάνης
3064 4462 3477 4530 ἀπελασθείσης.
3506 4461 3719 4533 Ταύτης
3741 4462 3797 4515 δὲ
3820 4460 3982 4514 καθά-

2423 4578 2527 4632 περ
2552 4558 2710 4630 χοροῦ
2746 4558 2905 4628 μέσος
2932 4558 3219 4625 γενόμενος
3246 4552 3410 4621 ὕμνον
3457 4553 3796 4624 ἀναπέμψεις
3845 4552 3977 4622 πρέ-

766 4637 916 4679 stens
955 4624 1213 4711 hymnum
1264 4627 1478 4681 emittes
1507 4626 1653 4681 Patri
1705 4636 1819 4692 tuo,
1852 4634 2313 4699 quemadmodum
2349 4662 2392 4715 ι)
2418 4670 2449 4704 τι

2294 4653 2313 4691 3
2349 4662 2392 4715 ι)
2418 4624 2584 4705 ποντα
2719 4624 2887 4720 Πατρὶ
2917 4624 3164 4716 καθάπερ
3195 4645 3329 4713 ἔφης
3349 4661 3362 4674 °
3411 4645 3738 4716 Ἀπαγγελῶ
3760 4646 3824 4697 τὸ
3848 4645 3977 4699 δνο-

765 4717 985 4772 dixisti:
1036 4715 1283 4769 Narrabo
1344 4734 1529 4769 nomen
1577 4728 1721 4772 tuum
1771 4720 2029 4788 fratribus
2077 4726 2226 4791 meis,
2262 4729 2319 4781 in
2416 4762 2448 4811 μ

2294 4746 2319 4781 η
2416 4742 2501 4811 μά
2538 4715 2814 4806 σου-τοῖς
2838 4715 3143 4807 ’ἀδελφοῖξ
3156 4754 3297 4802 μου,
3327 4736 3395 4789 ἐν
3420 4715 3601 4804 μέσῳ
3628 4736 3977 4803 ἐκκλησίας

766 4808 935 4863 medio
964 4807 1213 4861 Ecclesia:
1245 4806 1478 4861 laudabo
1510 4809 1639 4860 te“.

837 4918 1004 4972 Vnns.
1029 4918 1083 4969 9.
1118 4918 1182 4969 Et
1206 4910 1416 4987 propter
1447 4916 1579 4969 hanc
1608 4919 1661 4969 in
1694 4918 1855 4973 altum
1880 4923 2164 4990 regredere,
2210 4926 2321 4980 Do-

767 5015 941 5068 minus
980 5011 1242 5080 judicabit
1279 5011 1516 5079 populos.
1559 5009 1755 5064 Judica
1805 5031 1903 5077 me,
1944 5016 2188 5081 Domine,
2236 5036 2317 5073 se-

770 5104 995 5159 cundum
1033 5101 1298 5170 justitiam
1346 5113 1511 5165 tuam,
1544 5113 1592 5156 et
1630 5104 1913 5157 secundum
1962 5110 2317 5163 innocentiam

770 5206 938 5246 meam
962 5208 1114 5261 super
1148 5207 1247 5242 me.
1282 5191 1547 5256 Quoniam
1592 5209 1779 5247 omnes
1826 5206 2106 5253 creaturas
2149 5201 2320 5254 addu-

773 5262 858 5337 εέι
897 5282 1037 5337 Deus
1080 5284 1133 5336 in
1164 5282 1447 5351 judicium,
1496 5296 1818 5355 oportetque
1865 5288 2148 5365 universos
2195 5301 2319 5345 ante

774 5370 972 5424 Christi
1002 5372 1237 5425 tribunal
1274 5372 1419 5433 sisti,
1470 5390 1591 5429 cum
1636 5377 1916 5431 didiCisset
1949 5377 2116 5431 David
2170 5381 2316 5434 lutu-

775 5477 891 5513 rum
925 5477 1043 5514 esse
1077 5471 1133 5514 ut
1174 5463 1432 5515 mttndum
1466 5467 1669 5533 judicet
1712 5470 1764 5522 in
1791 5469 2024 5537 justitia,
2058 5478 2109 5523 et
2147 5488 2321 5540 popu-

778 5550 856 5602 los
890 5550 940 5600 in
978 5552 1246 5617 aequitate,
1280 5551 1400 5617 jure
1439 5554 1548 5606 ait:
1594 5553 1694 5608 Mei
1731 5570 1946 5623 quoque
1974 5554 2139 5620 judex
2174 5565 2315 5619 esto,

778 5640 1022 5699 Domine,
1060 5657 1163 5693 non
1194 5643 1487 5696 secundum
1526 5646 1759 5714 reliquas
1782 5648 2125 5715 operationes
2150 5660 2315 5709 meas,

778 5730 871 5787 sed
902 5732 1195 5785 secundum
1220 5733 1621 5803 simplicitatem
1647 5745 1700 5790 et
1734 5735 2001 5804 justitiam
2030 5748 2245 5799 meam,

2421 4834 2668 4901 ὑμνήσω
2698 4850 2789 4888 σε.

2491 4922 2599 4975 Καὶ
2620 4923 2768 4989 ὑπὲρ
2796 4924 3014 4988 ταύτης
3042 4923 3127 4986 εἰς
3152 4920 3307 4987 ὕψος
3348 4922 3727 4988 ἐπίστρεφον,
3764 4920 3976 4987 Κύριος

2422 5013 2609 5079 κρινεῖ
2627 5016 2830 5078 λαούς.
2860 5012 3075 5079 Κρῐνόν
3102 5028 3197 5079 με,
3220 5015 3413 5080 Κύριε,
3449 5009 3594 5064 κατὰ
3626 5009 3739 5076 τὴν
3763 5009 3977 5063 δικαιο-

2422 5104 2617 5168 σύνην
2655 5120 2789 5165 σου,
2813 5103 2909 5155 καὶ
2951 5101 3097 5154 κατὰ
3136 5102 3250 5171 τὴν
3290 5104 3545 5156 ἀκακίαν
3582 5118 3699 5168 μου
3738 5100 3829 5152 ἐπ’
3848 5102 3971 5171 ἐμέ.

2430 5193 2640 5263 Ἐπειδὴ
2688 5196 2793 5246 πᾶν
2840 5194 2899 5245 τὸ
2943 5191 3146 5261 ποίημα
3180 5192 3294 5258 ἄξει
3328 5196 3355 5245 ὁ
3382 5192 3510 5252 Θεὸς
3544 5193 3620 5253 είς
3644 5192 3845 5260 κρίσιν,
3880 5194 3973 5247 καὶ

2418 5284 2538 5344 τοὺς
2569 5284 2770 5346 πάντας
2793 5284 2869 5334 δεῖ
2896 5283 3233 5353 παραστῆναι
3264 5284 3342 5351 τῷ
3372 5282 3571 5353 βήματι
3597 5283 3690 5336 τοῦ
3718 5285 3969 5358 Χριστοῦ,

2419 5374 2636 5435 εἰκότως
2659 5372 2843 5443 μαθὼν
2870 5375 2897 5425 ὁ
2929 5372 3108 5443 Δαυῒδ,
3139 5377 3218 5427 ὅτι
3247 5374 3425 5443 μέλλει
3448 5376 3649 5444 κρίνειν
3678 5376 3773 5447 τὴν
3799 5380 3973 5429 οἰκου-

2422 5463 2583 5532 μένην
2610 5466 2672 5542 δν
2705 5463 3013 5535 δικαιοσύνῃ
3061 5466 3152 5518 καὶ
3200 5464 3359 5525 λαοὺς
3390 5464 3445 5515 ἐν
3471 5464 3718 5534 εὐθύτητι
3739 5483 3751 5495 ο
3789 5463 3968 5526 Γενοῦ,

2422 5554 2571 5623 φησι,
2606 5553 2782 5622 κάμοῦ
2812 5553 3021 5625 κριτὴς,
3051 5548 3095 5607 ὦ
3138 5553 3328 5621 Κύριε,
3364 5554 3437 5624 μὴ
3485 5557 3622 5608 κατὰ
3656 5555 3752 5616 τὰς
3782 5554 3971 5617 λοιπάς

2423 5660 2519 5713 μου
2546 5644 2789 5714 πράξεις,
2807 5644 2940 5698 ἀλλὰ
2960 5646 3104 5699 κατὰ
3123 5644 3220 5715 τὴν
3240 5645 3516 5716 ἁπλότητά
3542 5662 3643 5715 μου
3663 5646 3755 5697 καὶ
3781 5644 3978 5699 δικαιο-

2421 5752 2599 5792 συνην.

876 5936 921 5963 ⁷ο
961 5938 1119 5985 Nam
1156 5945 1267 5996 xu,
1302 5930 1351 5984 5.
1426 5931 1469 5963 7°
1507 5928 1637 5987 Gen.
1674 5947 1775 5998 xv,
1813 5932 1897 6006 6.,
1943 5932 1987 5962 ⁸ο
2030 5923 2217 5983 Μοιιιιζ
2248 5947 2335 5997 vt,
2372 5932 2455 5988 lt.
2535 5934 2555 5965 ⁸

1426 5931 1469 5963 ⁷⁸
1507 5928 1637 5987 Gen.
1674 5947 1775 5998 xv,
1813 5932 1897 6006 6.,
1943 5932 1987 5962 ⁸ο
2030 5923 2217 5983 Μοιιιιζ
2248 5947 2335 5997 Vl,
2372 5932 2455 5988 ll.
2535 5934 2578 5965 ⁸¹
2620 5908 2761 5991 Psal.
2796 5947 2917 5997 ιιι,
2952 5933 3039 5991 25.

2640 6097 2673 6123 Ο
