4262 6432
255 558 356 620 ηδ

1360 550 1868 612 COMMENTABIA
1899 548 1975 604 ἸΝ
2008 549 2349 607 PSALMOS.

3374 554 3477 610 136

320 670 780 739 Συηελεσθτὶτω
804 670 882 739 δὴ
908 669 1163 739 πονηρία
1194 667 1547 739 ἁμαρτωλῶν
1584 668 1683 723 καὶ
1720 680 1825 720 κα-

1880 671 1903 725 t
2000 663 2166 721 Vens.
2201 665 2292 731 10,
2330 664 2419 720 ii.
2447 662 2802 719 Cnnsumatur
2824 666 3053 734 nequitia
3075 674 3404 720 peccatorum
3430 674 3483 719 et

222 830 225 833 γ
252 765 552 832 τευθυνεῖς
590 764 840 826 δίκαιον,
862 761 1079 822 ὲτάζων
1100 759 1345 828 καρδίας
1372 760 1470 814 καὶ
1498 760 1756 829 νεφροὺς
1786 763 1819 814 ό

256 853 879 924 Θεός.Ἐπιστημονικδν
920 853 1015 905 καὶ
1060 850 1201 922 μέγα
1234 850 1295 904 τὸ
1336 850 1509 921 πέρας
1552 851 1819 905 αἰτεῖσθαι

252 946 501 1016 γενέσθαι
537 946 755 1008 κακίας,
793 942 1119 1015 κυϐέρνησιν
1161 942 1218 997 δὲ
1258 941 1336 1012 τῷ
1367 941 1559 1012 δικαίῳ
1590 943 1725 1014 πρὸς
1760 943 1820 995 τὸ

257 1039 454 1110 μηκέτι
505 1035 877 1108 χειμάζεσθαι.
906 1036 1039 1107 Περὶ
1088 1035 1481 1106 δικαιοκρισίας
1527 1032 1696 1088 εἰπὼν
1724 1033 1818 1086 τοῦ

210 1160 211 1163 η
254 1127 409 1189 Θεοῦ,
438 1126 595 1198 μόνον
633 1126 838 1179 δίκαιον
870 1123 1157 1193 ἀποφαίνει
1199 1124 1409 1193 κριτὴν,
1432 1122 1506 1185 ὡς
1536 1121 1821 1192 καὶομόνον

253 1220 469 1294 ὁρῶντα»
485 1218 709 1291 καρδίας
727 1235 740 1249 ’
771 1218 933 1281 αὐτὸς
961 1215 1070 1288 γὰρ
1101 1215 1419 1269 ἀποδίδωσιν
1445 1213 1656 1283 ἑκάστῳ
1678 1212 1820 1266 κατά

255 1314 321 1368 τὰ
357 1312 495 1384 ἔργα
523 1309 1058 1378 αὑτοῦ.”Ανθρωπος
1094 1306 1193 1376 μὲν
1224 1306 1332 1376 γὰρ
1375 1308 1463 1371 εὶς
1510 1304 1654 1374 ὄψιν
1674 1302 1815 1373 ὁρᾷς

255 1404 416 1468 αὐτὸς
438 1403 495 1458 δέ
521 1400 765 1475 κριτικός
789 1402 934 1452 ἐστιν
962 1394 1309 1467 ἐνθυμήσεων
1332 1396 1425 1450 καὶ
1444 1396 1660 1449 ἐννοιῶν
1686 1413 1822 1468 καρ-

254 1494 403 1559 δίας·
438 1496 537 1548 οὐκ
564 1494 679 1547 ἔστι
712 1492 891 1561 κρίσις
920 1486 1129 1557 ἀφανὴς
1155 1486 1383 1542 ἐνώπιον
1414 1486 1601 1541 αὐτοῦ.
1631 1486 1820 1540 Τοιοῦ-

254 1602 343 1638 τον
365 1584 541 1650 δείξας
568 1584 659 1637 τὸν
685 1582 836 1645 Θεὸν,
864 1578 1402 1655 πεπαρρησιασμένῳ
1431 1579 1688 1632 συνειδότι
1717 1595 1820 1649 φης

258 1675 337 1730 σίν
355 1693 369 1707 ·
412 1676 475 1731 Ἠ
492 1672 744 1741 ,ϐοήθειά
767 1690 886 1743 μου
916 1670 1072 1739 παρὰ
1102 1668 1208 1724 τοῦ
1239 1668 1385 1722 Θεοῦ
1409 1669 1514 1723 τοῦ
1534 1669 1823 1737 σώζοντος

255 1768 396 1834 τοὺς
431 1766 625 1832 εὐθεῖς
649 1765 722 1834 τῇ
746 1764 975 1833 καρδίᾳ.
998 1762 1224 1835 Χρηστά
1253 1761 1361 1833 γὰρ
1389 1758 1595 1824 ἐλπίζει
1620 1761 1706 1816 διὰ
1731 1764 1822 1817 τὸν

257 1853 513 1917 ἑτάζοντα
543 1853 769 1924 καρδίας
807 1854 900 1906 καὶ
933 1853 1184 1924 νεφροὺς,
1230 1850 1306 1915 ὡς
1340 1851 1404 1923 δὴ
1445 1850 1653 1904 σκολιὸν
1685 1851 1823 1922 ἔχων

257 1945 403 1998 οὐδὲν
431 1947 488 1998 ἐν
517 1943 729 2017 καρδίᾳ.
825 1944 827 1947 ’

1919 756 2109 826 diriges
2121 754 2351 825 justum,
2376 766 2618 811 scrutaris
2646 754 2807 810 corda
2823 766 2872 809 et
2888 774 3052 820 renes,
3076 756 3235 812 Deus.
3271 756 3481 811 Scitum

1920 865 2289 922 magnumque
2314 856 2403 904 est
2436 850 2717 919 postulare
2750 856 2810 902 ut
2840 849 2962 905 ﬁnis
2997 849 3066 903 sit
3104 849 3357 916 malitiae;
3396 856 3491 903 ut-

1921 958 2023 1012 que
2042 943 2225 1011 justus
2254 942 2327 996 ita
2356 940 2645 1010 dirigatur,
2679 949 2740 995 ut
2767 955 3042 1011 nunquam
3067 941 3209 1009 ultro
3235 939 3479 995 ﬂuctuet.

1919 1034 2056 1091 Cum
2090 1042 2268 1089 autem
2293 1033 2362 1088 de
2404 1034 2665 1088 tribunali
2698 1033 2790 1087 Dei
2814 1018 3097 1103 loquitur,
3144 1032 3317 1087 solum
3355 1046 3479 1085 eum

1920 1142 2042 1181 esse
2074 1126 2314 1198 justum;
2334 1125 2570 1195 iudicem
2600 1126 2940 1194 pronuntiat,
2970 1132 3158 1189 utpote
3206 1123 3298 1193 qui
3332 1123 3481 1177 solus

1920 1221 2087 1277 corda
2114 1221 2315 1277 videat.
2365 1219 2486 1289 Ipse
2512 1236 2747 1291 namque
2786 1221 2967 1275 reddit
2995 1222 3293 1291 unicuique
3326 1218 3489 1288 juxta»

1920 1327 2087 1383 opera
2111 1328 2232 1369 sua.
2279 1312 2451 1368 Homo
2473 1313 2675 1384 quippe
2704 1312 2840 1367 videt
2866 1314 2919 1365 in
2943 1312 3079 1381 facie
3100 1313 3144 1343 θ’
3173 1330 3187 1377 ;
3222 1312 3339 1383 ipse
3356 1325 3483 1365 vero

1916 1404 2083 1474 iudex
2115 1406 2514 1477 cogitationum
2540 1415 2624 1461 est
2652 1412 2706 1461 et
2735 1406 2900 1460 animi
2933 1406 3229 1472 sensuumj:
3274 1403 3482 1458 nullum

1915 1496 2184 1565 judicium
2215 1496 2489 1550 occultum
2526 1495 2629 1564 ipsi
2661 1504 2763 1551 est.
2806 1495 2940 1549 Cum
2971 1496 3133 1549 talem
3171 1509 3291 1548 esse
3316 1490 3484 1547 Deum

1918 1586 2275 1649 declarasset,
2319 1586 2599 1641 conﬁdens
2633 1602 2697 1641 ac
2733 1577 3073 1642 conscientia
3106 1598 3205 1641 sua
3254 1570 3483 1641 securus

1921 1679 2085 1734 dicit:
2119 1678 2458 1746 Adjutorium
2487 1692 2656 1729 meum
2682 1693 2715 1729 a
2750 1675 2883 1741 Deo,
2917 1679 3008 1745 qui
3038 1678 3211 1731 salvos
3241 1676 3370 1745 facit
3403 1692 3484 1730 re-

1922 1779 2030 1825 σιω
2062 1770 2236 1824 corde.
2280 1768 2425 1843 Bona
2455 1767 2661 1822 etenim
2694 1774 2877 1835 sperat
2914 1766 2983 1820 ab
3001 1760 3181 1836 eo‘qui
3208 1773 3487 1821 scrutatur

1921 1862 2085 1917 corda
2108 1869 2161 1918 et
2187 1876 2366 1925 renes,
2410 1860 2556 1930 quod
2590 1859 2728 1914 nihil
2757 1866 3065 1914 tortuosum
3105 1858 3161 1915 in
3188 1857 3358 1911 corde
3386 1857 3486 1911 ha.

1916 1952 2069 2007 beat.

339 2036 479 2094 Ἐὰν
521 2006 607 2107 μή
652 2006 1076 2108 ἐπωτραφῆτε,
1128 2040 1243 2107 τὴν
1282 2037 1587 2106 ῥομφαίαν
1633 2007 1852 2091 αὑτοῦ.

1880 2006 1949 2059 Γ
1990 2041 2160 2098 Vsus.
2203 2043 2290 2095 15.
2336 2040 2462 2096 Nisi
2517 2043 2748 2096 conversi
2792 2041 3019 2110 fueritis,
3051 2040 3285 2111 gladium
3330 2054 3485 2091 suum

257 2127 575 2183 στιλϐώσει
596 2145 610 2159 ·
661 2129 728 2183 τὸ
769 2128 950 2195 τόξον
970 2130 1154 2184 αὑτοῦ
1177 2129 1433 2183 ἐνέτεινε
1458 2127 1555 2181 καὶ
1580 2127 1822 2195 ἡτοίμα-

257 2234 366 2273 σεν
406 2222 573 2275 αὐτό.
608 2222 833 2292 Μήποτε
879 2219 1458 2293 παρασεσιωπημένως
1496 2218 1666 2272 ταῦτα
1696 2218 1823 2289 περὶ

256 2312 347 2367 τοῦ
394 2313 643 2367 διαϐόλου
684 2314 899 2382 λέγεται
919 2330 933 2343 ο
964 2306 1117 2376 οὗτος
1158 2312 1264 2383 γὰρ
1310 2310 1448 2383 πρὸς
1485 2310 1705 2373 τούτους
1734 2310 1825 2363 καὶ

257 2405 516 2477 ὠδίνησεν
545 2406 778 2470 ἀδικίαν,
814 2405 999 2459 καὶτὰ
1032 2403 1177 2475 ἑξῆς.
1238 2412 1246 2471 f‘
1736 2420 1737 2423 η
1799 2388 1802 2395 ’

336 2497 483 2552 Ἰδοὺ
518 2496 815 2565 ὠδίνησεν
851 2496 1107 2562 ἀδικίαν,
1152 2494 1448 2551 συνέλαϐε
1484 2498 1692 2560 πόνον,
1726 2495 1823 2548 καὶ

257 2588 458 2642 ἔτεκεν
504 2587 778 2655 ἀνομίαν.
810 2583 1049 2638 Λάκκον
1100 2585 1289 2653 ὤρυξε
1338 2586 1435 2640 καὶ
1478 2584 1826 2653 ἀνέσκαψεν

258 2678 460 2743 αὑτὸν,
496 2675 960 2746 ωὶθὲμπεσεῖται
996 2679 1082 2743 είς
1107 2677 1335 2746 βόθρον
1378 2676 1451 2731 ὃν
1490 2675 1821 2746 εἰργάσατο.

270 2769 639 2837 Ἑπιστρέψει
671 2770 706 2821 ό
734 2768 918 2833 πόνος
948 2768 1132 2823 αὑτοῦ
1176 2772 1262 2835 είς
1302 2768 1576 2838 κεφαλὴν
1618 2767 1822 2832 αὑτοῦ,

258 2862 353 2914 καὶ
383 2860 485 2913 ἐπὶ
525 2859 798 2929 κορυφὴν
823 2860 1008 2915 αὑτοῦ
1044 2862 1083 2929 ή
1112 2861 1313 2915 ἀδικία
1342 2860 1528 2915 αὐτοῦ
1564 2859 1827 2925 ’καταϐή-

257 2968 445 3007 σεται.
486 2950 671 3004 Ταῦτα
739 2951 916 3022 ῥητῶς
977 2952 1063 3004 ἐπ’
1109 2946 1388 3023 Ἀχίτόφελ
1454 2952 1824 3022 πεπλήρωται.

258 3044 754 3117 Παρευδοκιμηθεὶς
796 3042 1051 3115 γὰρύπὸ
1094 3044 1189 3097 τοῦ
1219 3043 1411 3107 Χουσὶ,
1442 3044 1534 3096 καὶ
1573 3042 1643 3095 τὰ
1685 3042 1827 3112 πρά·

258 3154 442 3209 γματα
471 3135 567 3190 τοῦ
606 3135 974 3207 Ἀσεσσαλὼμ,
1005 3136 1081 3200 ὡς
1108 3138 1172 3209 δὴ
1206 3136 1387 3206 σοφὸς,
1422 3134 1709 3203 ἀπογνοὺς,
1734 3133 1829 3186 καὶ

260 3229 354 3301 τὴν
407 3229 704 3301 μέλλουσαν
752 3229 816 3281 ἐκ
862 3226 955 3280 τοῦ
989 3225 1148 3280 Δαυῒδ
1179 3226 1510 3296 φοϐούμενος
1546 3224 1721 3294 δίκην,
1747 3221 1828 3275 ol-

261 3323 390 3376 καδε
438 3310 800 3393 ἀναχωρήσας
840 3319 1143 3393 ἀπήγξατο,
1187 3318 1375 3373 παθὼν
1420 3315 1831 3407 ἆπερὲπεὸού-
1856 3346 1902 3407 c

260 3415 378 3468 λευε
428 3414 622 3469 παθεῖν
660 3415 750 3467 τὸν
786 3414 966 3478 Δαυῒδ,
996 3413 1089 3467 καὶ
1133 3412 1232 3483 τὴν
1277 3410 1397 3464 κατ’
1429 3406 1592 3463 αὐτοῦ
1636 3408 1832 3462 κακίαν

261 3507 351 3560 ἐπὶ
387 3505 486 3577 τὴν
520 3506 685 3581 αὐτοῦ
717 3506 959 3575 κεφαλὴν
992 3502 1331 3573 ἀπεμάξατο.
1380 3502 1491 3555 Καὶ
1519 3500 1745 3554 καθόλου
1777 3500 1834 3553 δὲ

263 3597 369 3659 πᾶς
400 3595 466 3648 δι’
495 3589 570 3648 ὧν
596 3594 883 3667 εἰργάσατο
912 3594 1097 3649 κακῶν
1132 3593 1251 3647 καθ’
1280 3590 1471 3646 ἑαυτοῦ
1512 3592 1610 3663 τὴν
1649 3592 1833 3665 ψῆφον

262 3687 319 3740 ὲν
348 3672 532 3756 ἡμέρᾳ
564 3685 796 3755 κρίσεως
826 3684 1000 3757 φέρει.

342 3764 890 3844 ΔἘζθξομοαῑογήσομαι
921 3773 1001 3839 τῷ
1041 3773 1236 3842 Κυρίῳ
1267 3771 1415 3827 κατὰ
1456 3768 1572 3838 τὴν
1615 3769 1835 3824 δικαιο-
1878 3778 1879 3783 ‘

264 3868 463 3934 σύνην
489 3866 696 3929 αὐτοῦ,
730 3864 907 3934 ψαλῶ
933 3865 1012 3931 τῷ
1041 3866 1283 3933 ὀνόματι
1308 3863 1529 3930 Κυρίου
1555 3861 1659 3915 τοῦ
1682 3861 1835 3930 ’Υψι-

264 3974 436 4013 στου.
454 3956 540 4019 Ὠς
564 3955 622 4008 δέ
655 3956 839 4026 μηδενὶ
864 3957 1024 4020 αὐτὸς
1049 3954 1454 4019 ἐπιϐουλεύσας,
1482 3953 1613 4025 μηδὲ
1636 3952 1835 4007 λάκκον

265 4049 484 4121 ὀρύξας,
526 4047 777 4119 παρορῶν
825 4049 883 4102 δέ
926 4051 1053 4113 τοὺς
1099 4046 1418 4111 ἀδικοῦντας
1468 4044 1574 4099 τῶν
1625 4044 1834 4099 ἀσεϐῶν

267 4140 649 4213 ἀπολλυμένων
698 4139 757 4192 ἐν
808 4138 1024 4210 κρίσει,
1057 4137 1633 4208 Ἐξομολογήσομαι,
1679 4137 1832 4207 φησὶ,

267 4233 347 4302 τῷ
365 4234 562 4302 Κυρίῳ
582 4231 731 4287 κατὰ
756 4230 869 4299 τὴν
886 4230 1280 4299 δικαιοσύνην
1301 4231 1489 4289 αὑτοῦ
1513 4247 1526 4261 ⁸
1555 4230 1635 4283 Τὰ
1663 4230 1834 4302 ἐμαυ-

267 4323 358 4377 τοῦ
387 4323 570 4377 δίκαια
607 4322 855 4393 καθάπερ
884 4323 941 4375 ἐν
963 4320 1295 4395 δικαστηρίῳ
1324 4321 1545 4395 προθείς
1564 4338 1576 4350 ·
1611 4318 1708 4375 καὶ
1728 4306 1835 4386 ψα-

197 4410 201 4414 ’
266 4409 354 4469 λῶ
396 4412 467 4467 δὲ
503 4412 583 4479 τῷ
608 4415 848 4483 ὀνόματι
872 4413 1090 4482 Κυρίου
1112 4412 1219 4466 τοῦ
1243 4415 1537 4483 ὑψίστου·
1569 4408 1835 4465 πιστεύων

270 4503 769 4577 καταξιωθήσεσθαι
793 4504 885 4559 τοῦ
912 4503 1071 4577 χοροῦ
1098 4502 1205 4569 τῶν
1236 4497 1365 4575 παρ’
1397 4500 1563 4560 αὐτοῦ
1594 4498 1834 4571 σωζομέ-

271 4614 394 4652 νων.

664 4708 958 4763 ΨΑΛΜΟΣ
992 4709 1080 4763 ΤΩ
1116 4706 1313 4761 ΔΑΥῙΔ
1350 4709 1431 4764 H’.

557 4822 658 4886 Εἰς
695 4821 761 4874 τὸ
791 4822 964 4891 τέλος
1001 4823 1154 4892 ὑπὲρ
1185 4821 1303 4877 τῶν
1330 4820 1556 4893 ληνῶν.

340 4939 421 4992 Td
449 4937 544 4991 ἐπὶ
580 4940 646 5009 τῇ
680 4937 957 5008 συντελείᾳ
987 4939 1082 4993 νῦν
1117 4940 1224 4991 τῶν
1254 4936 1462 4991 αἰώνων
1508 4940 1840 5007 προφητευό-

278 5047 409 5101 μενα
439 5031 537 5102 τὴν
562 5028 889 5100 ἐπιγραφὴν,
922 5032 1010 5095 είς
1049 5031 1115 5085 τὸ
1156 5031 1345 5093 τέλος,
1376 5028 1729 5099 ἐποίησεν.Ὑ
1726 5030 1838 5102 πὲρ

273 5121 330 5176 δὲ
353 5122 471 5175 τῶν
496 5120 699 5190 ληνῶν
724 5120 810 5174 διὰ
840 5120 938 5184 τὰς
969 5123 1026 5175 ἐν
1058 5122 1204 5192 πάσῃ
1224 5123 1289 5192 τῇ
1313 5123 1382 5191 γῇ
1411 5122 1679 5187 συστάσας
1719 5125 1841 5178 Ἐκ-

276 5212 524 5283 κλησίας,
571 5210 895 5285 ἀλληγορίας
922 5270 923 5277 γ
946 5211 1095 5281 νόμῳ
1141 5211 1435 5282 λεγομένας
1490 5211 1838 5282 ληνούς.”οτε

281 5296 487 5371 μενεῖς
514 5298 581 5373 ἦν
601 5304 735 5373 ,λαός
753 5321 768 5333 ·
800 5299 867 5375 ἦν
891 5302 949 5356 δὲ
976 5296 1129 5366 οὗτος
1171 5303 1405 5375 Ἰσραὴλ,
1438 5295 1483 5370 ᾧ
1508 5305 1839 5376 ἐχρημάτιζε

278 5392 368 5443 καὶ
396 5389 603 5462 πύργος
630 5394 658 5446 ό
697 5395 847 5466 παρά
870 5392 1079 5455 τούτοις
1117 5392 1271 5459 νεὼς,
1298 5394 1391 5448 καὶ
1424 5395 1755 5461 προλήνιον
1779 5397 1841 5450 τὸ

280 5481 385 5553 πρὸ
410 5480 505 5533 τοῦ
536 5481 1069 5557 ναοῦθυσιαστήριον
1095 5484 1238 5537 κατά
1261 5486 1363 5559 τὴν
1390 5484 1610 5538 Ἡσαΐου
1636 5489 1837 5559 φωνήν.

277 5570 351 5623 Τδ
372 5570 430 5624 δὲ
465 5567 665 5640 πλῆθος
705 5574 822 5626 νυνὶ⁵
868 5574 977 5645 τῶν
1017 5572 1193 5643 ληνῶν
1229 5574 1298 5629 τά
1332 5573 1500 5629 πολλὰ
1535 5575 1725 5644 μηνύει
1756 5576 1843 5629 θυ-

283 5661 590 5732 σιαστήρια,
617 5661 737 5725 ταῖς
777 5663 922 5718 κατὰ
963 5665 1127 5736 μέρος
1169 5666 1483 5739 ἐκκλησίαις
1510 5664 1843 5745 συνδιαιρού-

286 5769 439 5823 μενα.
468 5754 557 5807 Διὸ
602 5754 697 5808 καὶ
736 5755 793 5831 ἐν
833 5763 922 5826 πγ¹
949 5757 1145 5829 ψαλμῷ
1184 5758 1275 5813 τὸν
1302 5758 1463 5813 αὑτὸν
1489 5747 1844 5827 ἐπιγραφέντι

350 5931 396 5963 ⁸¹
437 5912 637 6003 lites:
658 5950 746 5991 xv:
765 5976 779 6002 ,
813 5934 867 5990 7.

1861 4682 1909 4736 D

1922 2134 2182 2189 uibrabit:
2233 2149 2417 2186 arcum
2484 2149 2637 2185 suum
2692 2131 2908 2186 tetendit
2954 2140 3003 2184 et
3051 2133 3255 2200 pararit
3307 2131 3483 2184 illum.

1922 2224 2062 2281 Num
2092 2226 2207 2280 huic
2249 2224 2412 2278 tacite
2466 2232 2522 2278 et
2555 2223 2791 2277 obscure
2823 2222 2891 2277 de
2934 2222 3150 2276 diabolo
3193 2222 3481 2294 dicuntur;

1924 2334 2050 2374 nam
2116 2319 2165 2373 i's
2228 2317 2489 2373 adversus
2540 2314 3090 2386 bominestparturiit
3136 2315 3484 2384 injustitiam,

1924 2419 1978 2465 et
1998 2420 2189 2466 extera
2201 2451 2216 2466 .
2638 2472 2645 2479 νη
2806 2472 2813 2477 ς
3240 2404 3243 2405 ⁷

1995 2501 2161 2557 Vsus.
2196 2503 2265 2557 £5
2291 2502 2432 2558 -17,
2492 2498 2620 2553 Ecce
2659 2499 2911 2566 parturiit
2962 2498 3301 2566 injustitiam,
3356 2515 3486 2551 con-

1926 2595 2057 2661 cepit
2085 2592 2319 2646 dolorem
2345 2602 2394 2647 et
2420 2593 2614 2663 peperit
2653 2590 3003 2660 iniquitatem.
3053 2588 3249 2642 Lacum
3282 2592 3486 2658 aperuit

1924 2683 2174 2753 etc/fodit
2194 2700 2334 2753 eum,
2361 2692 2410 2737 et
2432 2682 2627 2736 incidet
2652 2684 2709 2736 in
2744 2682 2945 2751 foveam
2973 2698 3129 2752 quam
3158 2682 3302 2751 fecit.
3343 2680 3485 2737 Con-

1927 2786 2151 2831 vertetur
2197 2777 2350 2828 dolor
2396 2774 2509 2843 ejus
2556 2775 2610 2828 in
2652 2775 2996 2853 caput-ejus,
3039 2784 3088 2826 et
3139 2775 3194 2827 in
3246 2775 3487 2827 verticem

1880 2932 1883 2935 λ
1928 2871 2090 2936 ipsius
2128 2871 2375 2938 iniquitas
2419 2868 2531 2937 ejus
2581 2865 2871 2920 descendet.
2920 2866 3043 2920 Harc
3074 2868 3140 2919 ad
3174 2868 3398 2920 verbum
3430 2867 3488 2922 in

1927 2960 2280 3031 Achitophele
2322 2961 2592 3029 completa
2653 2968 2803 3013 sunt.
2870 2956 3006 3013 Nam
3041 2974 3070 3012 a
3109 2958 3277 3034 Chusi
3323 2975 3489 3029 supe-

1932 3060 2109 3117 ratus,
2136 3067 2260 3107 cum
2295 3053 2362 3107 de
2386 3052 2554 3107 rebus
2577 3050 2887 3113 Absalonis,
2912 3050 3098 3120 utpbte
3120 3050 3203 3103 vir
3224 3048 3483 3127 prudens,

1930 3128 2264 3215 desperaret,
2322 3143 2673 3213 futuramque
2721 3141 2940 3197 Davidis
2975 3141 3272 3196 vindictam
3318 3142 3488 3210 perti-

1929 3244 2214 3300 mesceret,
2246 3236 2301 3291 in
2330 3236 2548 3290 domum
2593 3234 2854 3291 secedens
2884 3250 3003 3290 sese
3033 3235 3227 3303 laqueo
3256 3249 3487 3304 suspen-

1932 3326 2033 3391 dit,
2064 3339 2127 3379 ea
2155 3338 2469 3394 perpessus.
2497 3340 2618 3393 quae
2656 3324 3115 3378 machinamentis
3152 3323 3266 3377 suis
3298 3322 3488 3377 Davidi

1936 3419 2240 3487 paraverat,
2286 3428 2552 3483 suamque
2606 3414 2871 3467 adversus
2909 3428 3034 3467 eum
3081 3411 3379 3480 nequitiam
3430 3410 3489 3465 in

1934 3515 2090 3576 caput
2126 3504 2242 3574 ipse
2275 3519 2436 3560 suum
2468 3504 2756 3574 expressit.
2798 3501 2863 3556 Et
2893 3518 3023 3557 vero
3050 3517 3239 3556 omnes
3262 3517 3490 3570 prorsus

1935 3574 2205 3659 homines,
2246 3611 2312 3649 ex
2348 3595 2510 3649 editis
2552 3593 2830 3667 operibus,
2863 3605 3015 3646 suam
3066 3591 3121 3644 in
3163 3574 3252 3646 die
3295 3590 3489 3661 judicii

1936 3686 2123 3742 ferunt
2156 3686 2507 3747 sententiam.
3198 3734 3203 3738 .

1971 3800 1977 3806 ·
2004 3775 2170 3830 Vnus.
2197 3775 2283 3831 18.
2318 3773 2617 3844 ϐοηίὶεείιον
2645 3773 2869 3827 Domino
2908 3767 3191 3854 secundum
3220 3772 3490 3841 justitiam

1934 3866 2068 3937 ejus,
2096 3854 2328 3934 psallam
2363 3866 2562 3920 nomini
2596 3866 2879 3940 Altissimi.
2926 3864 3124 3933 Utpote
3160 3865 3253 3932 qui
3286 3862 3487 3917 nemini

1935 3951 2164 4012 insidias
2188 3957 2473 4031 struxerit,
2503 3958 2705 4013 nemini
2741 3957 2919 4011 lacum
2958 3956 3238 4033 effoderit;
3272 3955 3489 4024 iniquos

1935 4056 2060 4106 cum
2089 4049 2418 4118 despiceret,
2452 4062 2655 4119 gnarus
2684 4047 2853 4102 futuri
2883 4048 2940 4103 in
2964 4047 3171 4117 judicio
3199 4046 3489 4116 impiorum

1934 4136 2084 4200 exitii
2109 4160 2125 4197 :
2151 4139 2450 4210 Conﬁtebor
2471 4150 2501 4205 ,‘
2524 4140 2724 4209 inquit,
2750 4138 2974 4193 Domino
3007 4137 3291 4193 secundum
3325 4136 3492 4205 justi-

1938 4236 2066 4289 tiam
2089 4234 2240 4303 ejus;
2283 4232 2448 4303 justis
2489 4233 2627 4287 meis
2677 4232 2936 4301 operibus
2964 4231 3108 4285 velut
3139 4230 3193 4282 in
3230 4227 3490 4281 tribunali

1934 4326 2247 4397 productis;
2278 4334 2326 4379 et
2347 4325 2578 4394 psallam
2606 4324 2804 4377 nomini
2822 4321 3036 4375 Domini
3084 4319 3362 4399 altissimi,
3390 4318 3491 4373 fre-

1938 4430 2026 4477 tus
2054 4438 2150 4492 spe
2177 4436 2262 4476 me
2285 4422 2340 4474 in
2377 4420 2547 4473 choro
2575 4433 2762 4474 eorum
2793 4416 2885 4485 qui
2913 4429 3009 4484 per
3040 4414 3216 4492 ipsum
3258 4413 3490 4467 salutem

1938 4508 2364 4583 consequentur,
2408 4509 2529 4579 ejus
2561 4506 2875 4579 dignatio‘ne
2917 4503 3297 4575 recipiendum
3341 4518 3483 4559 esse.

2332 4706 2651 4779 PSALMUS
2692 4705 2897 4759 DAVID
2948 4702 3077 4759 Vill.

2281 4826 2332 4878 1.
2376 4821 2441 4877 In
2473 4823 2628 4893 ﬁnem
2650 4837 2745 4892 pro
2776 4810 3141 4874 torcularibus.

2005 4936 2135 5005 Quae
2173 4936 2263 4990 hic
2298 4934 2366 4989 de
2406 4926 2877 4990 consummatione
2908 4929 3229 4986 saeculorum
3258 4927 3492 4997 prophe-

1936 5027 2042 5083 tice
2078 5024 2451 5091 enuntiantur,
2500 5026 2556 5078 in
2603 5037 2767 5078 causa
2809 5020 2959 5074 fuere
3010 5019 3151 5089 quod
3186 5016 3490 5085 inscriptio,

1930 5118 1991 5170 in
2016 5118 2192 5185 linem,
2229 5123 2613 5185 apponeretur.
2659 5113 2766 5165 Pro
2799 5111 3149 5164 torcularibus
3188 5108 3367 5161 autem
3408 5108 3492 5162 di-

1937 5208 2080 5262 citur
2130 5204 2497 5277 Ecclesiarum
2545 5204 2740 5275 gratia,
2780 5218 2901 5272 quae
2931 5218 3028 5272 per
3057 5200 3363 5254 universam
3390 5208 3493 5253 ter-

1938 5311 2053 5350 ram
2094 5296 2387 5359 exsistunt,
2414 5298 2470 5351 et
2512 5293 2799 5363 allegorice
2860 5290 3153 5347 toreularia
3199 5297 3487 5362 vocantur.

1939 5388 2170 5453 Quando
2200 5390 2345 5443 enim
2397 5401 2541 5440 unus
2568 5392 2685 5439 erat
2716 5386 2979 5455 populus,
3012 5382 3222 5437 scilicet
3250 5382 3488 5447 lsraelis,

1940 5480 2065 5534 huic
2105 5487 2223 5535 erat
2257 5478 2737 5547 turris,'templum
2781 5476 2921 5547 apud
2960 5476 3109 5544 ipsos
3148 5481 3489 5543 nuncupata:

1940 5577 1993 5638 et
2033 5556 2387 5634 protorculdr,
2441 5568 2650 5622 scilicet
2697 5556 2868 5621 altare
2921 5578 3018 5633 pro
3066 5564 3252 5633 templi
3305 5564 3492 5618 limine

1936 5660 2111 5729 juxta
2138 5657 2289 5714 Isaia:
2313 5666 2520 5715 vocem.
2555 5655 2672 5712 Jam
2718 5653 3273 5711 vero-multitudinem
3304 5662 3489 5708 torcu-

1945 5742 2138 5806 larium
2168 5751 2336 5807 multa
2360 5750 2641 5807 declarant
2674 5748 2868 5803 altaria
2924 5746 2983 5800 in
3012 5746 3243 5803 diversis
3271 5762 3367 5818 per
3403 5760 3494 5801 ora
