4262 6388
816 496 916 551 ιετ

1490 491 1753 547 EUSEBII
1788 492 2254 549 CASSARIENSIS
2288 492 2433 547 OPP.
2472 490 2647 545 PARS
2685 490 2770 544 Ill.
2810 520 2876 529 —
2912 485 3310 543 EXEGETICA.

3872 485 3976 541 ηε

815 614 934 667 beru
968 610 1209 666 ecclesiis
1234 609 1445 665 dissita.
1486 610 1663 675 Quare
1689 613 1741 663 in
1777 612 1982 680 psalmo
2012 627 2217 666 unm
2255 612 2344 680 qui
2373 625 2416 677 Α
2443 629 2498 682 τε

2294 612 2344 665 ui
2373 625 2416 677 Α
2443 628 2636 682 τροπον
2667 609 2831 662 πολλὰ
2860 609 3209 680 θυσιαστήρια
3238 607 3330 660 καὶ
3355 604 3678 677 σκηνώματα
3702 604 3976 669 Θεσπίζον-

812 721 994 777 parem
1027 719 1146 758 cum
1174 704 1420 771 praesenti
1452 702 1552 756 fert
1581 705 2006 773 inscriptionem,
2043 706 2207 758 multa
2255 706 2333 758 al-

814 778 977 858 taria,
995 792 1356 853 tabernacula,
1381 792 1515 844 atria
1539 792 1594 845 in
1622 794 1874 846 vaticinia
1894 794 2159 857 feruntur,
2183 797 2335 861 juxta

813 886 971 941 illud:
1008 886 1177 950 Quam
1198 883 1387 936 dilecta
1410 882 1739 935 tabernacula
1771 894 1877 949 tua,
1911 884 2132 938 Domine
2174 887 2339 939 virtu-

815 976 961 1028 tum!
992 973 1306 1039 concupiscit
1347 981 1395 1025 et
1439 971 1612 1040 deﬁcit
1643 973 1818 1025 anima
1847 990 1958 1026 mea
1987 976 2041 1026 in
2072 974 2209 1026 atria
2236 973 2341 1024 Do-

814 1068 938 1120 mini
958 1066 1037 1129 ";
1067 1064 1259 1119 deinde
1288 1077 1411 1117 vero
1442 1063 1718 1132 subjungit
1738 1102 1753 1126 ,
1783 1064 1993 1117 Altaria
2022 1072 2132 1128 tua,
2162 1062 2341 1114 Domi-

812 1174 873 1209 ne
896 1157 1142 1209 virtutum
1160 1154 1225 1207 ⁸⁸.
1716 1218 1721 1222 _

880 1246 1039 1301 Vsus.
1074 1247 1127 1307 2,
1157 1246 1208 1299 5.
1241 1243 1458 1298 Domine
1484 1244 1737 1297 Dominus
1769 1253 1959 1305 noster,
1990 1259 2143 1310 quam
2174 1242 2343 1293 admi-

809 1338 972 1391 rabile
1003 1348 1077 1391 est
1109 1353 1291 1391 nomen
1324 1346 1468 1388 tuum
1501 1337 1554 1389 in
1580 1336 1823 1389 universa
1864 1336 2042 1387 terra!
2084 1335 2341 1399 Quoniam

808 1431 1007 1481 elevata
1042 1437 1120 1481 est
1163 1427 1547 1496 magniﬁcentia
1590 1435 1681 1478 tua
1720 1443 1876 1493 super
1913 1426 2082 1477 ccelos.
2138 1423 2217 1475 Ex
2256 1442 2343 1476 ore

810 1517 1093 1585 infantium
1138 1526 1183 1569 et
1234 1516 1534 1568 lactentium
1574 1514 1834 1581 perfecisti
1884 1514 2089 1565 laudem
2139 1524 2342 1579 propter

813 1607 1044 1658 inimicos
1088 1614 1223 1667 tuos,
1270 1615 1327 1656 ut
1364 1604 1601 1657 destruas
1648 1604 1917 1655 inimicum
1948 1613 1997 1654 et
2032 1601 2268 1653 ultorem.
2298 1601 2343 1630 ⁸⁸

813 1692 929 1745 Non
961 1692 1084 1745 olim
1124 1692 1437 1745 admirabile
1484 1689 1580 1745 fuit
1623 1692 1678 1744 in
1726 1693 1975 1744 universa
2028 1699 2206 1751 terra;
2249 1687 2344 1742 sed

814 1788 930 1848 post
985 1779 1277 1835 Salvatoris
1334 1780 1625 1833 adventum
1686 1760 1931 1830 mirabile
1987 1776 2181 1828 factum
2237 1784 2339 1840 est,

811 1875 1024 1943 quando
1084 1873 1362 1942 Synagoga
1416 1873 1734 1940 populorum
1792 1870 2141 1923 circumdedit
2187 1886 2336 1937 eum;

2442 720 2527 755 ται
2554 705 2640 756 καὶ
2669 702 2845 763 αὐλαὶ,
2874 701 3011 752 κατὰ
3033 699 3216 767 τὸ,Ὼς
3237 697 3505 765 ἀγαπητὰ
3533 694 3601 749 τὰ
3623 694 3978 765 σκηνώματά

2440 810 2574 857 σου,
2604 796 2778 861 Κύριε
2809 792 2923 845 τῶν
2962 789 3298 859 δυνάμεων]
3324 786 3587 841 ἐπιποθεῖ
3633 788 3731 840 καί
3782 786 3976 847 ἐκλεί-

2440 900 2534 938 πει
2574 887 2611 950 η
2650 883 2813 951 ψυχή
2840 900 2955 951 μου
2982 883 3068 946 είς
3091 881 3195 945 τὰς
3221 879 3407 944 αὐλὰς
3443 877 3547 931 τοῦ
3576 879 3817 945 Κυρίου·
3856 876 3978 947 μεθ’

2440 976 2475 1029 6t
2504 976 2719 1040 ἐπάγει·
2755 973 2827 1027 Τὰ
2854 968 3243 1036 θυσιαστήριὰ
3265 984 3397 1034 σου,
3428 971 3603 1038 Κύριε
3642 968 3759 1024 τῶν
3792 970 3976 1025 δυνά-

2444 1081 2611 1117 ιλεων.

2507 1238 2680 1305 Κύριε
2712 1239 2745 1288 ό
2766 1237 2975 1303 Κύριος
3008 1232 3192 1301 ἡμῶν,
3220 1235 3297 1299 ὠς
3332 1234 3667 1302 θαυμαστὸν
3694 1235 3760 1289 τὸ
3791 1233 3981 1305 ὄνομά

2439 1343 2553 1380 σου
2582 1328 2649 1379 ἐν
2684 1326 2846 1394 πάσῃ
2877 1324 2947 1392 τῇ
2979 1324 3053 1395 τῇ
3071 1326 3091 1377 !
3124 1325 3239 1377 ’Ότι
3280 1323 3503 1391 ἐπήρθη
3544 1326 3584 1393 ἠ
3616 1328 3979 1395 μεγαλοπρέ-

2441 1418 2573 1470 πειά
2595 1431 2706 1469 σου
2728 1414 2993 1483 ὑπεράνω
3016 1415 3130 1467 τῶν
3150 1414 3433 1482 οὐρανῶν.
3453 1416 3551 1467 Ἐκ
3572 1415 3861 1482 στόματος
3882 1431 3981 1481 νηο

2441 1509 2589 1560 πίων
2614 1508 2706 1558 καὶ
2740 1505 3104 1583 θηλαζόντων
3125 1505 3453 1583 κατηρτίσὶω
3480 1500 3649 1557 αἶνον
3667 1503 3840 1556 ἓνεκα
3858 1502 3981 1557 τῶν

2441 1594 2662 1664 ἐχθρῶν
2679 1612 2809 1658 σου,
2822 1592 2925 1648 τοῦ
2940 1595 3265 1649 καταλῦσαι
3280 1592 3489 1663 ἐχθρὸν
3514 1594 3607 1646 καὶ
3628 1592 3977 1658 ἐκδικητὴν.

2442 1686 2514 1737 Οὐ
2543 1685 2704 1737 πάλαι
2728 1684 3030 1754 Θαυμαστὸν
3054 1686 3109 1737 ὲν
3135 1685 3277 1756 πάσῃ
3302 1688 3365 1755 τῇ
3388 1688 3455 1755 γῇ
3474 1702 3487 1715 ·
3526 1684 3660 1755 μετὰ
3688 1684 3743 1736 δὲ
3764 1684 3862 1754 τὴν
3884 1681 3979 1734 τοῦ

2443 1776 2685 1844 Σωτῆρος
2718 1774 3013 1844 παρουσίαν
3041 1776 3269 1841 ἐγένετο,
3295 1776 3381 1826 ὅτε
3414 1777 3503 1827 καὶ
3527 1774 3807 1843 συναγωγὴ
3833 1773 3981 1827 λαῶν

2444 1864 2742 1916 ἐκύκλωσεν
2776 1862 2964 1914 αὐτόν·
3000 1861 3294 1931 συμφώνως
3337 1862 3413 1930 τῷ
3454 1862 3545 1914 νῦν
3583 1863 3827 1934 ῥηθέντι·
3875 1863 3979 1916 Ἐκ

809 1966 949 2034 quod
978 1980 1105 2017 sane
1140 1977 1434 2017 consonum
1470 1963 1592 2015 huic
1641 1961 1834 2031 psalmi
1879 1962 2156 2029 prazsentis
2199 1962 2339 2014 dicto
2372 1958 2411 2011 Β
2437 1972 2492 2007 σε

2295 1973 2339 2014 to
2372 1958 2411 2011 Β
2437 1956 2723 2033 στόματος
2772 1953 3017 2020 νηπίων.
3042 1953 3133 2004 καὶ
3167 1952 3232 2005 τὰ
3265 1952 3405 2021 ἑξῆς.
3439 1952 3546 2021 Τὴν
3588 1951 3694 2022 γὰρ
3720 1952 3843 2005 νέαν
3882 1953 3978 2005 καὶ

808 2069 873 2106 ea:
918 2068 1003 2104 ore
1052 2051 1327 2117 infantium
1375 2059 1423 2103 et
1456 2050 1755 2103 iactentium
1806 2049 2065 2118 perfecisti
2112 2049 2336 2113 laudent,

808 2151 860 2196 et
886 2148 1095 2195 cetera.
1120 2139 1319 2191 Novam
1349 2141 1488 2192 enim
1514 2154 1838 2210 synagogam
1870 2151 1990 2207 post
2017 2139 2341 2207 assumptio-

810 2244 928 2283 nem
962 2228 1075 2296 ejus
1110 2228 1162 2280 iu
1194 2230 1357 2281 altum
1391 2243 1456 2281 ex
1482 2228 1765 2280 animabus
1803 2227 1854 2278 in
1889 2224 2115 2279 infantia
2147 2226 2340 2295 degen-

810 2318 955 2372 tibus
983 2320 1291 2393 constitissc
1322 2317 1495 2381 docet,
1525 2328 1740 2385 propter
1772 2318 2236 2385 regenerationem
2288 2317 2339 2370 in

810 2409 1025 2465 Christo
1054 2421 1165 2463 tum
1198 2410 1413 2479 qbique,
1447 2419 1567 2477 post
1609 2409 1726 2476 ejus
1774 2410 1979 2462 scilicet
2014 2409 2337 2476 assumptio-

812 2516 952 2563 nem,
999 2516 1092 2569 per
1141 2502 1326 2555 orbem
1375 2508 1707 2567 usurpatam.
1754 2498 2111 2563 Quamobrem
2165 2500 2339 2553 accla-

811 2591 1081 2643 mantibus
1109 2590 1210 2658 ipsi
1251 2588 1450 2657 pueris,
1486 2587 1736 2641 "osanna
1770 2591 1820 2639 in
1866 2590 2100 2652 excelsis,
2137 2589 2341 2642 benedi-

808 2683 921 2727 ctus
956 2676 1040 2743 qui
1072 2676 1203 2726 venit
1265 2676 1317 2727 in
1351 2675 1555 2727 nomine
1588 2673 1816 2737 Domini,
1855 2676 2068 2745 indigne
2114 2677 2339 2731 ferentes

810 2765 1015 2831 aliquos
1052 2766 1130 2818 sic
1166 2765 1491 2834 alloquitur:
1536 2761 1820 2832 Nunquam
1868 2764 2083 2834 legistis,
2115 2767 2235 2833 quia
2262 2764 2339 2817 Ea:

808 2870 896 2907 ore
952 2852 1233 2921 infantium
1280 2862 1329 2904 et
1378 2853 1678 2904 luctantium
1724 2852 1983 2920 perfecisti
2034 2853 2239 2905 laudem
2261 2854 2341 2906 8'?

808 2960 1150 3013 umquamne
1206 2944 1375 2997 illud:
1453 2943 1671 3010 Propter
1742 2944 1976 2996 inimicos
2033 2947 2189 2999 tuos.’
2220 2943 2340 2998 Hinc

809 3051 935 3091 vero
984 3043 1198 3103 propter
1258 3033 1596 3089 sacerdotum
1667 3034 1961 3103 principes,
2016 3042 2069 3088 et
2128 3042 2342 3105 propter

808 3124 1106 3178 Pharisreos
1157 3124 1356 3192 scripta
1393 3131 1557 3205 sunt:
1613 3123 1679 3178 de
1727 3125 1792 3179 iis
1838 3140 2068 3195 namque
2120 3126 2336 3186 dicitur,

811 3214 1066 3277 inimicus,
1096 3214 1253 3276 ultor,
1287 3222 1339 3266 et
1368 3214 1421 3266 in
1443 3214 1762 3282 praecedenti
1799 3217 2024 3281 psalmo,
2062 3216 2157 3267 leo.
2188 3213 2339 3279 Quod

2440 2044 2623 2113 καινὴν
2652 2044 2962 2112 συναγωγὴν
2989 2041 3122 2112 μετὰ
3155 2042 3247 2112 τὴν
3273 2043 3349 2103 είς
3375 2040 3500 2110 ὕψος
3526 2041 3782 2110 ἀνάληψιν
3811 2041 3972 2095 αὐτοῦ

2438 2134 2501 2186 ἐκ
2545 2134 2744 2201 νηπίων
2785 2133 3019 2185 διδάσκει
3059 2134 3370 2185 συνεστάναι
3396 2130 3576 2201 ψυχῶν
3606 2130 3692 2182 διὰ
3723 2131 3819 2201 τὴν
3845 2133 3975 2184 άνα-

2438 2224 2679 2293 γέννησιν
2710 2225 2806 2293 τὴν
2836 2228 2891 2277 ὲν
2931 2223 3007 2292 τῷ
3040 2221 3252 2293 Χριστῷ
3284 2220 3550 2290 πανταχοῦ
3578 2223 3841 2273 συστᾶσαν
3877 2221 3975 2291 τῆς

2438 2316 2752 2383 οἰκουμένης
2807 2314 2941 2383 μετὰ
2984 2314 3079 2383 τὴν
3125 2312 3384 2383 ἀνάληψιν
3433 2311 3528 2381 τὴν
3556 2310 3737 2364 αὑτοῦ.
3770 2310 3857 2361 Διὸ
3882 2310 3975 2362 καὶ

2441 2405 2679 2475 βοιέῑντων
2728 2404 2873 2473 αὺτῴ
2917 2404 3023 2457 τῶν
3064 2404 3283 2467 παίδων,
3300 2401 3549 2454 Ὡσαννὰ
3578 2402 3646 2453 ἐν
3678 2400 3797 2463 τοῖς
3833 2400 3977 2465 ὐψίς

2438 2512 2622 2559 στοις,
2661 2494 3059 2563 εὐλογημένος
3090 2497 3121 2546 ὁ
3147 2494 3458 2560 ἐρχόμενος
3489 2492 3557 2544 ἐν
3590 2492 3824 2558 ὀνόματι
3857 2492 3975 2541 Κυ-

2430 2586 2585 2652 ρίου,
2616 2582 2971 2649 άγανακτοῦσί
3015 2597 3195 2651 φησιν·
3231 2582 3521 2633 Οὐδέποτε
3551 2579 3861 2647 ἀνέγνωτε,
3889 2578 3978 2631 ὅτι

2406 2724 2417 2731 Γ
2450 2674 2543 2725 Ἐκ
2571 2674 2862 2740 στόματος
2878 2672 3103 2737 νηπίων
3141 2671 3231 2722 καὶ
3252 2665 3618 2737 θηλαζόντων
3647 2668 3978 2735 κατηρτίσω

2437 2760 2638 2825 air-0r;
2669 2764 2761 2815 καὶ
2808 2762 3012 2831 μήποτε
3060 2760 3118 2813 τό
3138 2777 3150 2789 ·
3183 2760 3390 2811 Ἕνεκα
3424 2759 3541 2811 τῶν
3572 2758 3796 2827 ἐχθρῶν
3839 2772 3954 2811 σου
3968 2798 3980 2813 ν,

2428 2856 2547 2923 ,Καὶ
2596 2853 2682 2906 διὰ
2735 2854 2857 2915 τοὺς
2906 2853 3175 2922 ἀρχιερεῖς
3221 2850 3431 2918 λέγεται
3482 2850 3573 2903 καὶ
3618 2848 3971 2921 Φαρισαίουςο

2439 2944 2644 3011 ἐχθρές
2673 2944 2762 2995 καὶ
2793 2939 3108 3008 ἐκδικητὴς
3140 2942 3168 2993 6
3202 2939 3333 2993 λέων
3364 2940 3645 3011 εἰρημένος
3678 2943 3734 2992 ὲν
3765 2940 3841 3008 τῷ
3870 2937 3976 3008 πρὸ

2439 3031 2620 3085 τούτου
2660 3030 2873 3099 ψαλμῷ.
2908 3030 2979 3081 Τὸ
3004 3026 3095 3081 οὖν
3131 3029 3379 3098 μέγιστον
3408 3029 3605 3097 θαῦμα,
3634 3031 3712 3081 ὅτι
3741 3032 3767 3082 6
3794 3028 3980 3081 τοσοῦ-

2439 3140 2546 3186 τος,
2581 3122 2765 3192 ἐχθρός
2793 3138 2851 3173 τε
2882 3120 2974 3172 καὶ
3005 3119 3161 3181 λέων,
3188 3120 3215 3170 6
3246 3119 3422 3189 ἄρχων
3445 3118 3535 3170 τοῦ
3566 3120 3753 3181 αἰῶνος
3766 3118 3975 3180 τούτου,

2439 3210 2525 3263 διὰ
2553 3211 2756 3279 νηπίων
2788 3209 2878 3261 καὶ
2916 3207 3244 3277 θηλαζόντων
3277 3207 3607 3277 καθῄρηται·
3642 3208 3755 3276 μεθ’
3789 3208 3816 3259 ὃ
3846 3225 3981 3260 παν-

812 3310 989 3354 autem
1029 3302 1256 3373 niaxime
1290 3302 1588 3355 mirandum
1618 3313 1699 3356 est
1744 3304 1903 3357 talem
1952 3303 2228 3356 inimicum
2276 3310 2330 3356 et
2364 3272 2410 3333 δ
2437 3318 2495 3352 τα

2296 3310 2330 3355 5t
2364 3272 2410 3333 C
2437 3272 2614 3369 ταχοῦ.
2641 3300 2769 3360 Θεὸς
2801 3300 2857 3351 ὲν
2886 3272 3014 3352 πᾶσι
3044 3272 3624 3369 θαυμάζεταιίίΕξίθρὸς
3643 3272 3712 3351 ’δὲ
3750 3300 3823 3353 ὢν
3868 3303 3979 3352 ὲνε-

812 3388 1034 3453 leonem,
1071 3390 1360 3458 principem
1396 3390 1555 3459 hujus
1599 3392 1804 3471 seculi,
1863 3400 1958 3459 per
1992 3391 2223 3445 infantes
2256 3398 2335 3442 at-

811 3497 914 3550 que
955 3483 1209 3536 lactentes
1240 3481 1307 3536 de
1344 3483 1521 3535 medio
1549 3482 1816 3543 sublatum
1847 3497 2005 3537 esse:
2039 3497 2143 3549 quo
2180 3496 2335 3550 pera-

2437 3390 2614 3463 δρεύει
2656 3389 2788 3459 πρὸς
2820 3390 3086 3459 ἁμαρτίαν
3117 3391 3495 3455 ὑποσκελίζων,
3526 3390 3617 3443 καὶ
3648 3393 3769 3453 τοὺς
3796 3393 3980 3461 ἡμαρ-

2440 3480 2670 3550 τηκότας
2702 3480 2834 3550 μετὰ
2864 3482 3032 3534 ταῦτα
3065 3482 3294 3546 κολάζει.

811 3582 898 3626 cto
957 3570 1097 3627 Deus
1140 3572 1338 3639 diique
1382 3580 1646 3625 terrarum
1693 3573 1830 3639 apud
1879 3587 2066 3626 omnes
2122 3570 2381 3625 mirabilis
2419 3570 2761 3639 praedicatur,
2827 3574 2918 3640 qui
2963 3573 3212 3641 princeps
3252 3574 3414 3641 hujus
3473 3572 3680 3632 smculi,
3730 3572 3981 3625 inimicus

811 3676 933 3717 cum
956 3662 1046 3723 sit,
1062 3661 1286 3714 insidias
1314 3668 1461 3727 parat
1494 3668 1551 3713 ut
1576 3663 1881 3729 supplantet
1904 3669 1957 3714 et
1985 3661 2037 3712 in
2063 3671 2335 3728 peccatum
2374 3660 2626 3729 dejiciat;
2663 3669 2774 3714 tum
2806 3672 3114 3729 peccatores
3143 3665 3404 3731 supplicio
3439 3663 3533 3715 allii
3556 3665 3615 3715 it.

881 3749 997 3815 Qua
1025 3753 1231 3805 ratione
1273 3761 1448 3813 autem
1476 3766 1668 3805 nomen
1703 3751 1934 3814 Domini,
1973 3751 2100 3804 olim
2145 3752 2343 3806 nemini

724 3840 725 3843 “
816 3855 1021 3906 ιιοιιιιιι,
1070 3843 1379 3900 admirabile
1416 3844 1669 3905 evaserit,
1699 3844 1935 3898 declarat
1978 3846 2033 3898 in
2064 3844 2336 3913 sequenti-

818 3932 918 3985 bus
962 3932 1045 3985 his
1088 3933 1285 3995 verbis,
1334 3934 1577 4002 quoniam
1612 3934 1811 3987 elevata
1856 3943 1931 3988 est
1962 3934 2345 4003 magniﬁcentia

819 4032 911 4074 tua
941 4036 1087 4088 super
1116 4021 1298 4077 caios:
1319 4030 1476 4092 atque
1502 4024 1719 4079 tertium
1754 4025 1886 4078 illud
1912 4024 2339 4093 superadditum,

815 4126 878 4164 ea:
908 4126 994 4165 ore
1034 4111 1311 4179 infantium
1357 4120 1405 4164 et
1452 4112 1752 4165 lactentium
1794 4114 2057 4181 perfecisti
2103 4112 2303 4165 laudem
2328 4154 2343 4177 ,

817 4204 1054 4272 aliquam
1084 4217 1213 4257 sane
1241 4201 1401 4256 habet
1430 4202 1739 4255 afﬁnitatem
1769 4218 1890 4256 cum
1940 4203 2054 4265 illo,
2086 4219 2345 4271 synagoga

816 4293 1118 4364 populorum
1146 4292 1486 4370 circumdabit
1518 4304 1582 4347 te.
1628 4292 1790 4346 Docet
1842 4293 1983 4346 enim
2028 4307 2219 4346 novam
2258 4308 2345 4363 sy-

820 4400 1099 4453 nagogam,
1138 4399 1255 4451 quae
1310 4382 1472 4437 Deum
1523 4382 1891 4435 circumdabat
1962 4391 2081 4450 post
2132 4383 2247 4451 ejus
2289 4385 2343 4437 in

820 4475 984 4527 altum
1012 4473 1447 4539 assumptionem,
1482 4487 1546 4524 ex
1578 4470 1895 4532 infantibus,
1936 4471 2112 4525 animo
2140 4474 2343 4526 scilicet

2514 3753 2620 3805 Καὶ
2650 3753 2762 3815 πῶς
2788 3755 2844 3805 ὲν
2883 3754 3025 3822 πάσῃ
3054 3756 3118 3824 τῇ
3146 3757 3213 3823 γῇ
3246 3754 3305 3804 τὸ
3335 3755 3495 3805 πάλαι
3520 3754 3699 3824 μηδενὶ
3726 3752 3972 3819 γινωσκό-

2449 3860 2600 3913 μενον
2625 3844 2790 3913 ὅνομα
2812 3844 2904 3896 τοῦ
2927 3844 3125 3913 Κυρίου
3158 3845 3247 3897 καὶ
3274 3844 3573 3913 θαυμαστὸν
3595 3844 3846 3913 κατέστη,
3868 3845 3955 3896 δια

2444 3936 2602 4005 σαφεῖ
2634 3934 2799 4001 λέγων
2841 3934 2994 4003 ἐξῆςο
3030 3935 3147 3986 Ὅτι
3177 3935 3395 4001 ἐπῄρθη
3437 3937 3472 4001 ἡ
3510 3924 3984 4005 μεγαλοπρέπειά

2443 4038 2557 4076 σου
2587 4024 2853 4091 ὑπεράνω
2882 4024 2997 4076 τῶν
3024 4024 3289 4092 οὐρανῶν
3308 4042 3319 4054 ·
3359 4026 3449 4078 καὶ
3498 4026 3557 4077 τὸ
3605 4026 3981 4093 ἐπιλεγόμενον

2444 4112 2498 4164 δὲ
2526 4113 2700 4183 τρίτον
2730 4116 2786 4165 ὲν
2821 4112 2919 4182 τῷ,
2939 4115 3034 4165 Ἐκ
3062 4115 3350 4181 στόματος
3378 4116 3608 4179 νηπίων
3650 4114 3745 4166 καὶ
3795 4116 3976 4178 θηλα-

2445 4202 2655 4262 ζόντων
2691 4206 3019 4271 κατηρτίσω
3045 4200 3231 4267 αἶνον,
3266 4205 3372 4274 ἔχοι
3409 4205 3471 4259 ἂν
3505 4206 3813 4274 συμφωνίαν
3846 4203 3976 4273 πρὸς
4002 4257 4017 4284 ⁸

2442 4294 2531 4345 τόδ
2562 4296 2879 4363 Συναγωγή
2938 4290 3084 4351 βοῶν
3129 4296 3417 4350 κυκλώσει
3454 4313 3543 4353 σε.
3583 4296 3655 4347 T6
3694 4295 3799 4362 γάρ
3857 4294 3979 4347 νέαν

2442 4384 2532 4435 καὶ
2556 4384 2743 4454 καινὴν
2776 4383 3085 4451 συναγωγὴν
3114 4384 3217 4434 τῶν
3255 4384 3585 4437 κυκλούντων
3609 4382 3701 4434 τὸν
3728 4382 3858 4433 Θεὸν
3885 4399 3978 4451 με.

2441 4471 2507 4523 τὰ
2536 4471 2629 4540 τὴν
2655 4474 2731 4533 εἰς
2760 4471 2888 4539 ὕψος
2908 4471 3166 4539 ἀνάληψιν
3188 4474 3348 4526 αὐτοῦ
3376 4477 3439 4526 ὲκ
3466 4472 3669 4541 νηπίων
3690 4470 3862 4542 ψυχῆς
3886 4473 3979 4525 καὶ

820 4571 873 4617 et
906 4560 1244 4623 lactentibus,
1275 4559 1583 4613 collectam:
1621 4567 1778 4628 atque
1807 4559 1876 4610 ita
1923 4560 2076 4611 voeat
2116 4562 2342 4629 populos
2374 4569 2417 4622 ι)
2444 4562 2503 4630 οη

2293 4577 2342 4615 )s
2374 4569 2417 4622 D
2444 4562 2774 4630 Θηλαζόντων
2822 4564 3130 4615 συνεστάναι
3172 4565 3428 4619 διδάσκειν
3459 4563 3598 4616 οὕτω
3640 4562 3815 4615 καλῶν
3855 4561 3976 4627 τοὺς

821 4651 875 4705 in
928 4649 1142 4705 Christo
1183 4655 1551 4718 regeneratos.
1588 4646 1719 4699 Nam
1760 4655 2040 4715 postquam
2093 4649 2144 4700 in
2175 4650 2339 4701 altum

790 4748 799 4753 '
822 4740 1077 4803 ascendit,
1102 4749 1222 4809 post
1242 4739 1543 4807 ingressum
1566 4750 1719 4789 suum
1748 4738 1799 4789 in
1818 4738 2033 4803 cmlum,
2060 4737 2338 4803 Dominus,

822 4831 912 4899 qui
944 4845 1035 4899 per
1058 4829 1383 4898 prophetiam
1414 4826 1746 4887 enuntiatur,
1776 4826 2002 4881 adscivit
2039 4829 2139 4882 sibi
2174 4844 2340 4899 popu-

823 4920 993 4974 lorum
1021 4932 1362 4988 synagogam,
1391 4918 1446 4969 in
1475 4923 1617 4970 terra
1650 4930 1714 4968 ex
1744 4914 2041 4972 infantibus
2060 4926 2114 4973 et
2138 4921 2344 4973 lacten-

822 5011 967 5065 tibus
995 5016 1233 5079 paratam
1248 5054 1261 5067 ,

890 5088 1051 5153 Vnus.
1086 5100 1140 5162 4,
1175 5098 1227 5152 5.
1250 5097 1516 5162 Quoniam
1540 5097 1717 5151 videbo
1745 5098 1920 5161 caelos,
1949 5114 2101 5166 opera
2149 5099 2340 5169 digito-

786 5197 789 5201 '
824 5205 939 5241 rum
971 5198 1192 5251 tuorum,
1214 5188 1390 5241 lunam
1417 5198 1465 5241 et
1493 5188 1674 5242 stellas
1695 5204 1811 5260 qui:
1843 5198 1897 5241 tu
1920 5189 2175 5258 fundasti.
2203 5188 2340 5254 Quid

2441 4650 2902 4720 ἀναγεννωμένους
2925 4652 2981 4702 ὲν
3001 4652 3216 4723 Χριστῷ
3242 4653 3417 4715 λαούς.
3435 4653 3527 4715 Εἰς
3557 4650 3685 4720 ὕψος
3711 4652 3817 4721 γὰρ
3846 4653 3974 4706 ἀνα-

2442 4738 2539 4801 6ὰς
2574 4740 2706 4810 μετὰ
2734 4740 2831 4809 τὴν
2862 4743 2939 4803 είς
2967 4744 3183 4814 οὐρανὸν
3208 4745 3280 4813 (1)
3309 4742 3548 4803 κάθοδον,
3583 4744 3611 4795 6
3634 4740 3721 4794 διὰ
3744 4742 3839 4810 τῆς
3851 4759 3978 4813 προ-

2443 4830 2660 4899 φητείας
2675 4830 2915 4900 παριστώ
2922 4849 3075 4901 μενος
3104 4834 3299 4903 Κύριος
3315 4833 3672 4902 κατηρτίσατο
3701 4831 3872 4900 ἑαυτῷ
3888 4835 3978 4886 uti.

2450 4917 2544 4987 τῆς
2562 4920 2660 4988 γῆς
2680 4918 2773 4988 τὴν
2798 4918 2901 4972 τῶν
2928 4920 3071 4975 λαῶν
3094 4922 3424 4992 συναγωγὴν,
3446 4923 3510 4974 ὲκ
3540 4920 3743 4990 νηπίων
3772 4922 3865 4974 καὶ
3891 4922 3977 4995 θη-

2450 5006 2708 5070 λαζόντων
2736 5009 2899 5081 αὐτὴν
2932 5013 3344 5081 συστησάμενος.

2520 5098 2635 5155 ’Ότι
2664 5098 2877 5168 ὄψομαι
2908 5103 3047 5167 τοὺς
3065 5102 3351 5170 οὐρανοὺς
3376 5102 3516 5171 ἔργα
3532 5100 3652 5154 τῶν
3670 5100 3976 5157 δακτύλων

2447 5200 2579 5250 σου,
2609 5188 2873 5257 σελήνην
2908 5193 3003 5245 καὶ
3034 5192 3286 5259 ἀστέρας
3314 5191 3352 5243 ἆ
3375 5190 3455 5244 σὺ
3482 5190 3887 5259 ἐθεμελίωσας.
3917 5194 3977 5246 Τί

823 5291 899 5336 est
919 5282 1067 5335 homo
1097 5282 1230 5352 quod
1281 5297 1475 5335 memor
1522 5298 1577 5335 es
1617 5283 1748 5351 ejus,
1794 5291 1886 5336 aut
1933 5284 2073 5351 ﬁlius
2124 5283 2344 5337 hominis
2444 5277 2506 5329 ἐσ

2292 5283 2344 5335 εἰσ
2444 5277 2608 5330 ἐστιν
2644 5279 2962 5347 ἄνθρωπος,
2985 5280 3073 5334 ὅτι
3092 5282 3396 5351 μιμνήσκῃ
3417 5280 3632 5345 αὐτοῦ;
3664 5282 3701 5349 ἢ
3725 5283 3853 5350 υίὸς
3876 5284 3975 5337 ἁν-

824 5372 1067 5442 quoniam
1105 5373 1288 5425 vis'itas
1328 5362 1481 5427 eum“?
1539 5370 1779 5437 Etiamsi,
1828 5374 2023 5445 inquit,
2072 5374 2353 5429 mirabilia
2444 5370 2507 5434 θρ

2294 5374 2353 5425 ia
2444 5366 2802 5434 θρώπου,ὅτι
2838 5370 3163 5439 ἐπισκέπτῃ
3200 5355 3415 5434 αὑτόνέ
3459 5370 3521 5423 Εἰ
3563 5373 3655 5424 καὶ
3697 5370 3977 5441 θαυμαστά

826 5466 951 5515 sunt
970 5460 1175 5528 opiﬁcia
1201 5470 1316 5524 tua,
1344 5460 1538 5514 caelum
1565 5467 1618 5514 et
1643 5476 1759 5530 quae
1782 5463 1834 5515 in
1859 5477 1923 5516 eo
1960 5472 2107 5526 sunt,
2135 5475 2253 5530 qua:
2280 5468 2339 5512 tu
2444 5474 2509 5509 σοι

2293 5469 2339 5512 ιιι
2444 5474 2555 5519 σου,
2590 5459 2753 5530 φησι,
2780 5461 3223 5534 δημιουργήματα
3256 5462 3475 5534 οὐρανὸς
3508 5463 3598 5515 καὶ
3626 5463 3696 5516 τὰ
3739 5465 3794 5514 ὲν
3828 5460 3976 5532 αὐτῷ

825 5550 1059 5605 fundasti
1082 5556 1141 5603 ιιι
1166 5565 1259 5619 per
1292 5565 1449 5605 omne
1492 5552 1745 5633 saeculum
1784 5553 2183 5615 consisterent;
2215 5562 2336 5601 nam
2436 5547 2508 5600 an:

2286 5562 2336 5601 ιιι
2436 5547 2577 5619 ἅπερ
2606 5549 2843 5621 ῆδρασας
2878 5553 2942 5605 δι’
2971 5554 3091 5607 ὅλου
3117 5552 3217 5607 τοῦ
3239 5552 3432 5616 αἰῶνος
3463 5552 3683 5607 ἑστάναι
3704 5568 3717 5581 ο
3746 5550 3968 5619 ἔστησε

890 5688 937 5721 ⁸³
969 5685 1107 5741 Psal.
1143 5698 1373 5749 ιιιιιιι,
1396 5682 1524 5754 2,δ.
1559 5684 1605 5719 ⁸⁸
1642 5685 1771 5741 ibid.
1803 5686 1862 5746 ι,
1932 5687 1978 5717 ⁸⁸
2018 5683 2200 5739 Matth.
2233 5696 2355 5749 xu,
2394 5681 2445 5736 9.
2522 5684 2568 5716 "
2607 5686 2734 5744 ibid,
2775 5688 2856 5744 l6.

858 5865 868 5872 ς
893 5803 967 5876 (ι)
993 5800 1153 5857 Forte
1177 5797 1325 5868 ᾅδην·
1684 5792 1686 5801 “
