4262 6444
281 537 381 592 129

1384 525 1872 587 COMSXENTARIA
1908 526 1972 579 IN
2011 521 2342 579 PSALMOS.

3347 516 3448 571 150

280 648 383 720 γὰρ
411 646 560 704 αὐτὰ
599 648 686 711 είς
725 645 831 699 τὸν
871 645 1071 711 αἰῶνα,
1104 647 1243 721 καθά
1291 664 1452 718 φησιν
1495 648 1552 699 ὲν
1595 645 1813 715 ἑτέροις,
1843 649 1888 704 Α
1920 650 1963 693 st

1768 661 1813 706 ς,
1843 649 1888 704 Α
1920 640 2103 693 statuit
2132 656 2191 692 ea
2235 638 2289 690 in
2313 645 2583 698 internum,
2613 642 2673 688 ut
2700 635 2806 689 alio
2846 636 2964 689 loco
2999 633 3208 696 dicit",
3257 650 3449 703 prace-

281 738 380 792 καὶ
421 737 766 804 πρόσταγμα
803 730 988 799 ἔθετο,
1020 739 1115 790 καὶ
1160 741 1229 791 οὐ
1250 738 1721 805 παρελεύσεταν
1754 737 1814 788 οὑ

274 830 388 913 μήν
415 843 498 880 σοι
526 826 732 905 μεγάλα
774 828 907 898 πρὸς
934 828 1180 899 ὓπαρξιν,
1206 828 1339 881 ἀλλὰ
1367 827 1619 900 βραχείας
1664 827 1816 880 δυνά-

285 902 427 990 μεως
453 902 731 981 δακτύλοις
756 914 1139 988 ἆναλογοὺσης·
1170 918 1309 971 οὕτω
1344 918 1450 989 γὰρ
1485 918 1581 981 τὰς
1623 917 1816 990 μικρὰς

280 1010 534 1079 δυνάμεις
562 1009 782 1063 ἐκάλεσε
812 1008 904 1063 τοῦ
931 1009 1086 1065 Θεοῦ.
1111 1011 1218 1063 Kal.
1242 1011 1408 1064 ταῦτα
1432 1012 1528 1078 μὲν
1556 1011 1819 1082 ἡδρασμέ-

282 1117 346 1154 να
382 1098 569 1169 μένειέ
606 1099 883 1171 ἄνθρωπον
921 1099 979 1153 δὲ
1020 1100 1108 1152 τὸν
1152 1100 1269 1152 καθ’
1297 1101 1390 1154 ἕνα
1420 1102 1818 1173 παρερχόμενον

282 1184 663 1254 ἐκπέπληγμαι
709 1184 943 1257 θεωρῶν,
978 1187 1123 1251 ὅπως
1166 1190 1258 1241 καὶ
1310 1188 1574 1259 μέμνησαι
1608 1192 1814 1251 τούτου,

283 1276 375 1327 καὶ
404 1278 601 1345 προνοῇ
627 1292 639 1305 ·
683 1276 819 1347 ὅπερ
860 1294 957 1329 ουκ
986 1276 1051 1328 ἂν
1081 1276 1315 1348 ὑπῆρξεν
1354 1281 1401 1331 εί
1432 1278 1620 1350 μικρόν
1646 1297 1696 1332 τι
1726 1280 1819 1333 καὶ

283 1366 514 1437 φθαρτὸν
541 1366 794 1437 ἐτύγχανε
825 1367 986 1430 ζῶον·
1007 1366 1146 1422 οὕτω
1172 1369 1225 1421 δὲ
1244 1371 1417 1441 τίμιον
1444 1370 1518 1434 ὡς
1537 1372 1599 1423 ἐκ
1626 1372 1821 1440 στόμα·

281 1465 371 1521 τος
392 1457 597 1525 νηπίων
631 1460 719 1511 καὶ
745 1459 1073 1529 θηλαζόντων
1103 1460 1264 1530 ὕμνον
1282 1461 1428 1533 αύτῷ
1448 1462 1815 1533 κατηρτίσθαι.

283 1546 345 1599 ΕΞ
373 1548 465 1600 καὶ
494 1548 719 1619 σμικρὸς
744 1549 919 1602 τοίνυν
941 1550 1080 1603 κατὰ
1106 1552 1165 1603 τὸ
1198 1552 1349 1621 σῶμα
1367 1570 1378 1581 ·
1405 1551 1538 1607 ἀλλὰ
1561 1551 1699 1605 κατὰ
1722 1552 1821 1622 ψυ-

282 1636 381 1705 χὴν
398 1635 496 1706 τὴν
518 1639 635 1689 κατ’
662 1637 840 1690 εἰκόνα
860 1638 1173 1708 τετίμηται·
1214 1640 1350 1693 ὥστε
1378 1642 1465 1693 διὰ
1483 1642 1668 1694 τούτου
1689 1642 1817 1695 θαυ-

286 1725 485 1792 μαστόν
517 1742 609 1778 σου
642 1726 970 1796 καταστῆναι
998 1728 1058 1780 τὸ
1084 1728 1249 1799 ὄνομα
1273 1731 1330 1783 ὲν
1361 1729 1504 1800 πάσῃ
1536 1732 1599 1800 τῇ
1634 1734 1722 1802 γῇ.

361 1896 753 1967 Ἀποθαυμάζει
808 1897 865 1951 τὸ
909 1896 1048 1951 θεῖον
1090 1898 1308 1969 Πνεῦμα
1343 1900 1434 1952 καὶ
1474 1898 1683 1969 εὑχεται
1727 1900 1818 1953 τοῦ

1916 739 2058 798 ptum
2092 730 2263 796 posuit
2295 736 2357 781 et
2398 731 2497 779 non
2537 725 2861 791 praeteribit:
2903 740 3015 779 non
3050 732 3229 801 tamen
3260 740 3485 794 magna.

1916 818 2011 870 tibi
2048 822 2387 883 rcputautur,
2419 815 2513 869 sed
2540 830 2638 869 ceu
2668 815 2856 884 exigua
2891 815 3087 867 virtute
3110 814 3290 883 digitis
3320 829 3450 867 cou-

1917 910 2150 964 cinuata.
2190 905 2451 959 sic‘enim
2484 904 2718 957 minores
2747 903 2838 957 Dei
2880 903 3106 956 virtutes
3154 912 3447 971 nuncupat.

1919 1001 1980 1055 Et
2012 1001 2124 1064 haec
2170 996 2385 1070 quidem
2435 997 2659 1051 fundata
2705 1010 2768 1051 ac
2808 995 2959 1049 ﬁrma
2999 1006 3347 1065 permanent;
3395 1005 3449 1049 at

1919 1090 2213 1148 hominem.
2241 1088 2554 1159 singulatim
2586 1087 2766 1141 omnia
2810 1100 3153 1157 percurrens,
3195 1087 3301 1139 nan
3333 1086 3450 1139 sine

1919 1190 2139 1249 stupore
2181 1179 2515 1249 contemplor
2541 1216 2556 1241 ,
2586 1194 2693 1248 quo
2740 1185 2899 1247 pacto
2935 1177 3139 1231 scilicet
3164 1176 3307 1232 illius
3336 1191 3450 1230 me-

1918 1270 2160 1333 mineris,
2214 1278 2372 1339 atque
2415 1266 2585 1338 ipsius
2631 1282 2811 1321 curam
2836 1267 3057 1332 habeas,
3082 1267 3222 1335 quod
3265 1264 3451 1335 utique

1917 1374 2025 1412 non
2058 1358 2286 1421 faceres,
2326 1361 2371 1412 si
2401 1372 2624 1426 parvum
2668 1364 2723 1411 et
2747 1357 3097 1425 corruptibile
3138 1355 3333 1408 animal
3363 1370 3449 1410 es-

1919 1456 2036 1514 set;
2073 1448 2167 1504 sed
2199 1457 2351 1502 tanto
2378 1449 2584 1504 honore
2609 1447 2807 1517 dignus
2834 1459 2937 1509 est,
2969 1453 3028 1500 ut
3052 1462 3113 1500 ex
3143 1448 3237 1500 ore
3275 1445 3452 1499 infau-

1918 1540 2050 1593 tium
2081 1547 2135 1592 et
2166 1538 2478 1594 lactentium
2506 1540 2719 1609 hymnis
2747 1539 3060 1594 celebretur.
3105 1537 3327 1591 Etiamsi
3354 1538 3454 1606 igi-

1916 1635 2007 1681 tur
2036 1642 2266 1696 corpore
2296 1643 2497 1699 parvus
2538 1628 2630 1691 sit,
2677 1628 2974 1682 secundum
3005 1627 3236 1680 animam
3273 1625 3339 1678 ad
3377 1626 3452 1680 si-

1917 1717 2270 1773 militudinem
2296 1718 2384 1771 Dei
2410 1704 2606 1770 iactam
2637 1717 2949 1780 honoratur,
2975 1717 3047 1769 ita
3075 1726 3132 1769 ut
3152 1731 3246 1785 per
3275 1716 3451 1783 ipsum

1917 1806 2227 1863 admirabile
2253 1808 2323 1863 sit
2352 1823 2545 1863 nomen
2571 1815 2720 1862 tuum
2753 1808 2807 1861 in
2838 1808 3085 1861 universa
3112 1816 3274 1861 terra.

1986 1896 2299 1953 Admiratur
2332 1898 2565 1972 Spiritus
2598 1898 2832 1964 divinus,
2862 1904 2927 1972 et}
2959 1898 3014 1951 in
3054 1898 3171 1966 ipsa
3218 1898 3447 1951 admira-

283 1984 599 2054 θαυμασμοῠ
630 1984 831 2053 λέγων·
861 1986 1129 2058 Οὑρανοὺς
1161 1987 1257 2056 μὲν
1284 1988 1393 2057 ὁρῶ
1428 1990 1551 2050 τοὺς
1576 1988 1663 2040 τὸν
1689 1988 1822 2058 σύμ-
1850 1998 1891 2052 Β
1921 1989 1966 2043 tit

1765 2007 1822 2058 μ-
1850 1998 1891 2052 Β
1921 1989 2063 2043 tione
2105 1990 2384 2057 gloriatur,
2433 1989 2654 2044 dicens:
2702 1989 2882 2044 Coelos
2920 1989 3135 2059 quidem
3178 1988 3330 2043 video
3358 1989 3448 2057 qui

282 2092 454 2127 παντα
481 2076 678 2143 κόσμον
706 2074 1077 2145 περιέχοντας·
1114 2077 1221 2147 ὁρῶ
1253 2077 1307 2129 δὲ
1344 2077 1436 2129 καὶ
1474 2076 1696 2147 σελήνην
1729 2077 1819 2129 καὶ

282 2164 474 2233 ἄστρα,
504 2165 597 2217 καὶ
627 2163 795 2216 ταῦτα
820 2166 992 2218 πάντα
1023 2165 1269 2237 γνωρίζω
1293 2171 1358 2239 τῇ
1397 2168 1551 2237 φύσει
1574 2168 1700 2221 ὄντα
1729 2185 1820 2239 με-

284 2252 420 2321 γάλα
450 2253 541 2305 καὶ
568 2251 846 2320 Θαυμαστὰ
874 2254 971 2323 τῆς
990 2254 1116 2326 ὅλης
1135 2255 1479 2327 δημιουργίας
1510 2256 1647 2328 μέρη
1664 2273 1678 2287 ·
1709 2257 1819 2310 ἀλλ’

282 2345 447 2413 ὅμως,
477 2346 676 2415 καίπερ
698 2346 822 2399 ὅντα
849 2346 1090 2409 τοιαῦτα,
1121 2342 1254 2409 οῖδα,
1275 2353 1360 2406 ὅτι
1391 2348 1697 2417 βραχύτατα
1716 2349 1823 2401 τῶν

284 2434 388 2485 σῶν
423 2433 597 2505 ἔργων
620 2436 1073 2505 τυγχάνει.Ἔργα
1101 2435 1229 2503 γοῦν
1260 2439 1374 2490 ἐστι
1392 2433 1562 2491 {alita
1582 2437 1689 2490 τῶν
1716 2436 1822 2491 σῶν

281 2525 578 2578 δακτύλων·
619 2526 815 2596 οὑχὶηδὲ
842 2527 1056 2594 χειρῶν,
1083 2527 1200 2579 οὑδὲ
1229 2528 1462 2597 μεγάλης
1496 2529 1636 2592 τινὸς
1671 2528 1823 2582 δυνά-

287 2632 454 2684 μεως·
495 2616 630 2680 ἀλλ’,
658 2617 731 2678 ὡς
763 2618 829 2669 ἂν
859 2617 999 2668 εἴποι
1030 2635 1129 2679 τις,
1168 2619 1347 2687 ἄκρων
1374 2618 1665 2683 δακτύλων,
1698 2636 1820 2690 τρο-

283 2706 456 2769 πικῶς
484 2705 652 2769 οὕτως
674 2708 778 2761 τῶν
810 2708 1084 2778 δυνάμεων
1114 2708 1518 2779 ὀνομαζομένων
1548 2709 1640 2763 τοῦ
1668 2709 1820 2774 Θεοῦ,

282 2796 346 2848 δέ
376 2790 447 2849 ῶν
471 2796 539 2850 τὰ
564 2797 791 2868 αἰσθητὰ
818 2801 913 2853 καὶ
940 2798 1185 2869 ὁρώμενα
1217 2801 1661 2872 δημιουργήματα
1699 2818 1822 2855 συν-

284 2888 561 2958 εστήσατο.

364 2976 730 3045 Ἠλάττωσας
791 2980 972 3034 aut»
1008 2981 1206 3049 βραχύ
1245 2996 1299 3033 τι
1351 2981 1485 3047 παρ’
1516 2970 1820 3049 ἀγγέλους,

284 3067 426 3137 δόξῃ
466 3070 565 3122 καὶ
600 3068 739 3140 τιμῇ
770 3069 1187 3139 ἐστεφάνωσας
1218 3073 1417 3126 αὐτόν.
1446 3073 1554 3125 Kal.
1583 3072 1686 3143 μὴν
1712 3073 1825 3126 ἑτέ-

287 3146 393 3234 ρως
440 3161 567 3233 δόξῃ
616 3164 709 3215 καὶ
756 3166 887 3233 τιμῇ
928 3162 1018 3215 τὸν
1072 3162 1351 3235 ἄνθρωπον
1403 3164 1767 3232 ἐστεφάνωσεν
1795 3166 1823 3219 ὁ

282 3251 430 3316 θεὸς,
457 3253 549 3306 ἐπὶ
593 3252 751 3324 μόνου
792 3252 880 3306 τοῦ
914 3253 1196 3324 ἀνθρώπου
1238 3256 1444 3325 φήσας’
1483 3252 1822 3324 Ποιήσωμεν

284 3342 592 3411 ἄνθρωπον
623 3346 747 3398 κατ’
778 3346 978 3400 εἰκόνα
1014 3346 1301 3415 ἡμετέραν
1330 3345 1423 3400 καὶ
1456 3348 1581 3401 καθ’
1622 3347 1822 3414 ὁμοίω-
1851 3329 1891 3387 C

283 3451 405 3498 σιν,
440 3437 532 3488 καὶ
565 3436 830 3506 διαφόρως
852 3440 961 3499 τοῖς
1000 3437 1174 3503 ἁγίοις
1200 3437 1500 3509 ἀνθρώποις
1526 3439 1822 3503 ἐπιφανεὶς,

285 3528 376 3578 καὶ
408 3524 715 3595 Πνεύματος
757 3527 931 3594 ἁγίου,
963 3526 1053 3579 καὶ
1091 3528 1364 3591 δυνάμεως
1392 3530 1636 3599 οὐρανίου
1666 3546 1827 3599 μετα-

284 3612 425 3677 δοὺς,
454 3614 529 3677 ὡς
558 3614 618 3666 τὸ
652 3614 838 3683 μέλλον
870 3614 974 3667 είδέ
987 3632 1085 3678 ναι,
1119 3616 1211 3668 καὶ
1231 3616 1416 3679 νόσους
1440 3617 1697 3682 ἐλαύνειν,
1732 3618 1826 3671 καὶ⁴
1872 3602 1876 3607 ί

286 3706 506 3775 νεκροὺς
538 3705 785 3777 ἀνιστᾷν·
822 3706 916 3759 καὶ
948 3705 1008 3783 τὸ
1049 3707 1295 3775 μέγιστον
1324 3707 1592 3771 ἁπάντων,
1624 3709 1688 3777 τῇ
1731 3706 1824 3761 τοῦ

287 3795 618 3863 Μονογενοῦς
644 3797 877 3867 τιμήσας
909 3796 1069 3849 αὑτὸν
1101 3799 1389 3869 παρουσίᾳ.

352 3889 504 3953 Δόξῃ
550 3887 647 3940 καὶ
679 3886 811 3956 τιμῇ
842 3880 1262 3956 ἐστεφάνωσας
1299 3880 1501 3953 αὐτὸν,
1537 3888 1634 3942 καὶ
1686 3904 1824 3942 κατ-

285 3975 549 4043 ἐστησας
598 3976 783 4030 αὐτὸν
828 3977 924 4031 ἐπὶ
973 3977 1046 4031 τὰ
1093 3978 1236 4047 ἔργα
1287 3978 1405 4032 τῶν
1446 3976 1655 4047 χειρῶν
1686 3994 1820 4034 σου.

284 4068 487 4125 Πάντα
540 4067 838 4135 ὑπέταξας
890 4069 1165 4125 ὑποκάτω
1212 4065 1329 4123 τῶν
1376 4068 1575 4124 ποδῶν
1621 4070 1824 4135 αὐτοῦ,

286 4160 545 4225 πρόϐατα
590 4158 687 4212 καὶ
738 4160 895 4225 ,βόας
936 4158 1157 4225 πάσας,
1188 4159 1276 4213 ἔτι
1304 4158 1372 4213 δὲ
1412 4160 1509 4214 καί
1538 4159 1610 4214 τὰ
1639 4161 1825 4228 κτήνη

283 4249 388 4303 τοῦ
438 4249 663 4313 πεδίου,
700 4249 773 4303 τὰ
817 4252 1054 4305 πετεινὰ
1083 4250 1188 4306 τοῦ
1231 4252 1504 4320 οὐρανοῦ,
1547 4251 1648 4306 και
1688 4252 1829 4319 τοὺς

210 4342 213 4343 ⁷
287 4344 493 4413 ἰχθύας
524 4339 629 4409 τῆς
661 4343 993 4411 θαλάσσης,
1021 4343 1093 4397 τὰ
1114 4343 1575 4414 διαπορευόμενα
1595 4346 1829 4413 τρίϐους

287 4432 630 4489 θαλασσῶν.
664 4432 741 4504 Τῇ
787 4432 891 4503 γὰρ
941 4432 1128 4505 λογικῇ
1177 4435 1354 4503 φύσει,
1393 4436 1467 4499 ὡς
1512 4435 1578 4490 ἂν
1620 4436 1830 4505 ὡμοιω-

291 4522 446 4599 μένη
473 4523 611 4595 Θεῷ,
655 4516 751 4595 τὴν
801 4524 939 4578 κατὰ
992 4524 1207 4579 πάντων
1251 4527 1422 4597 ἀρχὴν
1467 4528 1559 4582 καὶ
1604 4527 1828 4598 δύναμιν

288 4618 611 4690 ἐδωρήσατο.
652 4616 712 4670 '0
738 4615 1039 4687 ἄνθρωπος,
1066 4617 1164 4687 τῆς
1187 4617 1372 4687 θεῖκῆς
1400 4619 1601 4682 εἰκόνος
1626 4618 1823 4683 λαϐὼν,

287 4708 360 4773 ὡς
409 4710 659 4779 βασιλεὺς
703 4710 949 4762 ἁπάντων
981 4708 1125 4761 ἐστὶν
1164 4710 1193 4761 ό
1233 4698 1397 4771 Θεὸς,
1427 4708 1595 4773 οὑτως
1646 4710 1825 4781 ἄρχων

288 4802 518 4873 κατέστη
551 4802 657 4855 τῶν
690 4801 780 4854 ὲπὶ
800 4799 919 4870 γῆς.
948 4799 1012 4851 El
1037 4798 1093 4850 δὲ
1120 4797 1414 4861 καθολικῶς
1443 4798 1651 4868 εἴρηται
1673 4817 1686 4829 ·
1716 4801 1824 4853 Καὶ

268 4892 659 4959 κατέστησας
702 4890 886 4947 αὐτὸν
913 4889 1007 4943 ἐπὶ
1032 4889 1105 4942 τὰ
1129 4889 1269 4957 ἔργα
1295 4886 1410 4940 τῶν
1442 4887 1651 4960 χειρῶν
1675 4904 1787 4943 σου
1808 4906 1822 4920 ο

290 4981 431 5051 λέγει
460 4983 516 5036 δὲ
561 4966 819 5054 ἀλλαχοῦ·
854 4980 965 5036 Καὶ
1002 4980 1074 5034 τὰ
1116 4979 1255 5047 tm
1301 4977 1420 5031 τῶν
1462 4977 1671 5047 χειρῶν
1712 4995 1826 5034 σου

289 5076 444 5147 elata;
470 5079 523 5129 oi
562 5074 821 5143 οὐρανοὶ,
853 5075 1007 5146 δῆλον
1045 5073 1119 5136 ὡς
1158 5072 1252 5125 καὶ
1289 5070 1381 5124 ἐπὶ
1416 5072 1542 5134 τοὺς
1570 5071 1826 5141 οὐρανοὺς

292 5168 619 5239 κατέστησεν
662 5167 845 5222 αὐτόν.
882 5168 991 5221 Καὶ
1037 5167 1239 5238 μήποτε
1284 5151 1602 5233 ἇττορρήτως
1640 5161 1832 5234 τὴν-ὲν

291 5256 497 5329 οὐρανῷ
522 5254 797 5330 διατριϐὴν
820 5258 1088 5331 σημαίνει,
1113 5256 1219 5310 τῶν
1242 5254 1350 5309 ἀπὸ
1366 5253 1468 5323 γῆς
1498 5254 1673 5306 ἐκεῖσε
1704 5253 1833 5325 μεθ-

287 5350 606 5420 ισταμένων,
638 5350 723 5417 ὅτε
773 5349 1021 5420 μέλλουσι
1053 5347 1324 5420 βασιλείαν
1367 5343 1713 5414 κληρονομεῖν
1740 5344 1832 5396 οὑ·-

295 5438 465 5514 ρανῶν
496 5439 573 5502 ὡς
615 5439 971 5510 ἐπήγγελται..
993 5440 1151 5508 Λέγει
1182 5439 1239 5494 δὲ
1282 5439 1310 5492 ό
1338 5434 1575 5498 Παῦλος·
1610 5436 1834 5501 Κληρο-

292 5535 455 5602 νόμοι
512 5529 625 5600 μὲν
679 5530 824 5585 Θεοῦ
844 5568 859 5593 ,
911 5531 1381 5604 domiporth
1435 5524 1503 5580 δὲ
1552 5518 1825 5593 Χριστοῦ.

294 5624 444 5678 Οὕτω
481 5622 576 5677 καὶ
607 5621 687 5683 τὸ,
719 5618 901 5673 Πάντα
934 5619 1195 5687 ὑπέταξεν
1226 5618 1477 5672 ὑποκάτω
1512 5614 1620 5669 τῶν
1653 5615 1826 5668 ποδῶν

295 5702 476 5780 αὑτοῦ,
509 5713 722 5785 νοητὲον
753 5709 847 5764 νῦν
880 5711 981 5781 μὲν
1008 5709 1074 5763 τὰ
1102 5708 1246 5775 ζῶα·
1281 5707 1462 5779 ἐπειδὴ
1493 5706 1548 5761 δὲ
1590 5705 1827 5775 καιβίος

1855 4659 1902 4716 D

1919 2087 2092 2133 totum
2121 2078 2378 2133 mundum
2425 2080 2972 2149 circumplectuntur;
3016 2080 3171 2134 video
3207 2080 3331 2133 item
3368 2080 3450 2131 lu-
3514 2122 3515 2125 η

1918 2187 2044 2225 nam
2069 2180 2123 2224 et
2151 2172 2358 2229 stellas.
2395 2180 2449 2225 et
2475 2172 2632 2240 plane
2660 2187 2829 2226 nosco
2866 2172 2979 2226 hac
3009 2172 3189 2225 omnia
3229 2186 3451 2241 magnas

1918 2260 2297 2339 mirabilesque
2320 2261 2553 2315 universi
2581 2261 2779 2331 opiﬁcii
2812 2270 2990 2331 partes
3017 2277 3176 2317 esse:
3219 2269 3454 2315 attamen

1920 2351 2021 2404 etsi
2066 2351 2194 2404 talia
2234 2357 2384 2416 sunt,
2438 2351 2560 2405 novi
2598 2366 2662 2406 ea
2709 2351 2925 2405 minima
2973 2368 3194 2421 operum
3239 2361 3453 2407 tuorum

1918 2457 2057 2497 esse.
2095 2442 2219 2497 Harc
2264 2445 2442 2513 itaque
2484 2452 2610 2498 sunt
2658 2443 2945 2514 digitorum
2990 2434 3203 2499 tuorum
3253 2430 3451 2516 opera;

1918 2547 2026 2586 non
2055 2548 2183 2586 vero
2216 2549 2490 2595 manuum,
2524 2550 2698 2605 neque
2728 2550 2932 2607 magna!
2958 2536 3237 2611 cujusdam
3267 2543 3455 2605 poten-

1921 2624 2009 2679 tize
2032 2634 2167 2691 tuae;
2221 2626 2336 2687 sed,
2376 2634 2435 2678 ut
2490 2626 2564 2679 ita
2617 2613 2823 2699 dicam,
2865 2638 3223 2683 extremorum
3259 2627 3447 2699 digito-

1919 2730 2067 2769 rum:
2102 2715 2173 2768 ita
2217 2714 2464 2770 videlicet
2513 2718 2717 2785 tropice
2753 2726 3014 2772 vocantur
3060 2719 3284 2773 virtutes
3336 2718 3451 2785 Dei,

1920 2807 2114 2876 quibus
2146 2806 2424 2869 sensibilia
2453 2807 2789 2877 visibiliaque
2822 2823 2984 2877 opera
3014 2811 3313 2864 constituit.

1988 2978 2154 3035 Vens.
2186 2979 2239 3035 6.
2274 2968 2515 3033 Minuisti
2553 2994 2668 3032 eum
2709 2978 2865 3047 paulo
2898 2978 3067 3031 minus
3117 2978 3181 3031 ab
3233 2980 3453 3048 angelis,

1921 3069 2089 3137 gloria
2110 3079 2159 3122 et
2189 3069 2379 3122 honore
2406 3068 2671 3121 coronasti
2699 3084 2839 3123 eum.
2873 3067 2938 3122 Et
2963 3083 3091 3123 sane
3118 3070 3221 3123 alia
3246 3071 3455 3127 ratione

1923 3161 2193 3217 imminent
2225 3160 2394 3230 gloria
2425 3170 2477 3214 et
2506 3159 2709 3227 honore
2742 3160 3019 3213 coronavit
3048 3158 3225 3226 Deus;
3256 3160 3321 3214 de
3341 3163 3456 3216 solo

1924 3255 2120 3325 quippe
2146 3255 2362 3308 homine
2389 3253 2558 3306 dixit:
2610 3250 2895 3306 Faciamus
2934 3251 3190 3305 hominem
3226 3250 3294 3305 ad
3323 3254 3457 3306 ima-

1923 3347 2092 3416 ginem
2113 3354 2162 3398 et
2186 3344 2579 3399 similitudinem
2605 3353 2836 3397 nostram
2847 3343 2911 3397 ⁸⁸.
2948 3342 3274 3412 Diversoque
3298 3345 3459 3399 modo

2008 3437 2122 3489 .ctis
2138 3434 2441 3489 hominibus
2452 3432 2717 3504 apparuit,
2740 3431 3102 3503 Spiritumque
3118 3444 3360 3488 sanctum
3395 3451 3459 3491 ac

1924 3526 2198 3581 cmlestem
2234 3531 2553 3593 potestatem
2588 3524 2801 3588 indidit,
2851 3530 2909 3577 ut
2944 3522 3128 3589 futura
3157 3539 3459 3592 praenosce-

1923 3622 2064 3677 rent,
2116 3616 2332 3670 morbos
2382 3615 2661 3682 pellerent,
2707 3622 2949 3669 mortuos
2993 3614 3355 3681 suscitarent:
3403 3627 3457 3669 ει

1922 3706 2066 3776 quod
2115 3706 2354 3761 omnium
2385 3704 2913 3775 praestantissimum,
2957 3704 3228 3760 hominem
3260 3704 3469 3776 Unige-'

1923 3796 2021 3853 niti
2047 3796 2129 3850 sui
2159 3796 2387 3850 adventu
2419 3796 2724 3850 honoravit.
3470 3804 3473 3807 '

1992 3865 2157 3941 Vens.
2194 3884 2304 3939 7-9.
2342 3885 2521 3939 Gloria
2573 3893 2622 3939 et
2684 3886 2874 3939 honore
2935 3888 3197 3941 coronasti
3225 3904 3359 3956 eum,
3407 3903 3457 3944 et

1923 3976 2241 4032 constituisti
2272 3992 2388 4029 eum
2431 3992 2585 4045 super
2608 3991 2764 4045 opera
2796 3994 3043 4032 manuum
3068 3988 3294 4034 tuarum.
3331 3980 3458 4036 0m—

1922 4070 2013 4123 nia
2038 4068 2301 4136 subjeciin
2330 4054 2422 4121 sub
2449 4066 2663 4136 pedibus
2692 4067 2826 4137 ejus,
2850 4084 2964 4123 oues
2993 4076 3040 4123 et
3060 4077 3062 4083 '
3084 4070 3228 4124 boves
3257 4073 3459 4126 univer-

1924 4177 2033 4224 sas,
2064 4161 2276 4229 insuper
2299 4168 2348 4214 et
2374 4175 2561 4229 pecora
2582 4160 3026 4230 campi,rvolucres
3058 4162 3173 4216 caeli
3206 4172 3254 4216 et
3294 4167 3458 4230 pisces
3496 4226 3497 4229 η

1924 4253 2110 4329 maris,
2139 4254 2226 4321 qui
2265 4252 2625 4321 perambulant
2658 4253 2869 4309 semitas
2915 4254 3095 4305 maris.
3125 4242 3457 4321 Bationabili

1925 4344 2067 4405 enim
2098 4350 2322 4407 naturae,
2356 4350 2541 4413 utpote
2581 4342 2649 4396 ad
2697 4341 3100 4398 similitudinem
3137 4340 3241 4396 Dei
3276 4342 3451 4408 factae,

1925 4434 2256 4491 dominatum
2298 4422 2721 4504 potestatemque
2748 4432 2803 4485 in
2835 4431 3013 4487 omnia
3042 4431 3247 4486 tribuit.
3285 4430 3455 4488 Homo

1926 4543 2054 4603 sane
2083 4527 2175 4583 Dei
2204 4526 2485 4596 imaginem
2519 4526 2739 4595 accepit,
2772 4529 2834 4578 ac
2858 4531 2917 4578 ut
2945 4539 3039 4580 rex
3055 4524 3293 4587 omnium
3315 4525 3457 4583 Deus

1926 4631 2029 4685 est,
2070 4620 2150 4675 sic
2191 4619 2306 4689 ipse
2363 4620 2612 4688 princeps
2641 4624 2980 4672 terrenarum
3011 4618 3248 4673 omnium
3277 4634 3456 4673 rerum

1926 4712 2249 4765 constitutus
2276 4715 2378 4764 est.
2415 4706 2567 4773 Quod
2598 4707 2644 4761 si
2667 4708 2962 4778 generatim
2990 4708 3100 4778 haec
3121 4708 3291 4783 posita
3308 4718 3456 4768 sunt.

1928 4801 1995 4856 Et
2023 4800 2337 4857 constituisti
2379 4814 2495 4852 eum
2536 4813 2687 4866 super
2722 4814 2879 4868 opera
2918 4815 3164 4853 manuum
3198 4798 3457 4853 tuarum:

1926 4909 2049 4949 cum
2100 4891 2226 4946 alibi
2272 4891 2502 4956 dicatur,
2536 4888 2604 4944 Et
2636 4898 2790 4957 opera“
2820 4886 3069 4945 manuum
3083 4900 3305 4944 suarum
3335 4902 3457 4943 sunt

1928 4984 2039 5039 caeli
2066 4982 2132 5047 αθ,
2180 4980 2307 5036 hinc
2337 4981 2707 5051 consequitur,
2737 4982 2896 5036 etiam
2946 4996 3106 5051 super
3134 4981 3297 5035 caelos
3326 4995 3456 5034 con-

1929 5075 2171 5132 stitutum
2195 5086 2225 5126 a
2255 5070 2365 5126 Deo
2396 5070 2584 5129 fuisse.
2632 5073 2704 5129 Ac
2733 5085 3007 5142 nunquam
3035 5086 3217 5127 eorum
3260 5071 3355 5139 qui
3388 5071 3456 5127 ad

1928 5175 2187 5233 supernas
2216 5162 2375 5217 sedes
2401 5161 2809 5239 transferentur,
2838 5162 3218 5217 habitationem
3240 5161 3293 5213 in
3318 5154 3457 5215 caelo

1927 5253 2160 5308 futuram
2189 5252 2402 5307 occulte
2427 5240 2833 5317 εοιιιιιιεωοτοι,
2874 5252 2963 5306 ubi
2992 5250 3312 5322 promissum
3351 5250 3457 5303 sibi

1927 5342 2187 5396 cmlorum
2233 5353 2459 5412 regnum
2492 5339 2797 5410 possessuri
2841 5347 3002 5411 sunt;
3036 5340 3109 5392 ait
3134 5338 3277 5393 enim
3314 5336 3457 5393 Pau-

1929 5431 2012 5484 lus
2048 5426 2346 5505 :rllamdes
2390 5429 2593 5498 quidem
2630 5420 2746 5494 Dei,
2786 5427 3071 5484 coheredes
3100 5434 3272 5501 autem
3303 5428 3456 5483 Chri-

1927 5517 2074 5589 sti".
2100 5516 2190 5573 Sic
2216 5520 2370 5585 illud,
2402 5524 2594 5581 Omnia
2648 5521 2879 5591 subjecit
2907 5518 3007 5575 sub
3031 5517 3279 5592 pedibus,
3316 5514 3457 5583 eius,

1925 5614 2034 5681 jam
2064 5608 2465 5679 intelligendum
2488 5612 2556 5666 de
2583 5610 2905 5665 animalibus
2940 5628 2954 5663 :
2996 5615 3050 5662 at
3074 5609 3199 5678 quia
3232 5607 3458 5662 homini-

1929 5694 2031 5760 bus
2050 5702 2109 5757 in
2140 5692 2278 5756 cmlo
2311 5717 2406 5771 par
2431 5703 2681 5772 angelicae
2709 5703 2814 5766 vita
2841 5701 3074 5774 reposita
3106 5708 3210 5766 est,
3239 5712 3364 5754 cum
3390 5697 3460 5754 il-
3522 5702 3525 5705 ’

357 5893 400 5925 ⁸⁷
440 5891 587 5950 Psal.
621 5906 745 5958 vm,
774 5867 871 5946 λδ.
944 5889 988 5923 ⁸⁸
1024 5887 1217 5945 Cenes.
1251 5902 1308 5951 ι,
1341 5884 1429 5941 26.
1506 5884 1551 5918 ⁸⁹
1584 5880 1729 5945 Psal.
1748 5898 1822 5952 ει,
1857 5881 1946 5939 26.
2020 5882 2040 5916 ⁹

862 5932 871 5945 .
944 5889 988 5923 ⁸⁸
1024 5887 1217 5945 Cenes.
1251 5902 1308 5951 ι,
1341 5884 1429 5941 26.
1506 5884 1551 5918 ’ν
1584 5880 1729 5945 Psal.
1748 5898 1822 5952 ει,
1857 5881 1946 5939 26.
2020 5882 2065 5916 ’⁸
2102 5880 2260 5938 Rom.
2296 5853 2422 5970 vui,
2456 5881 2545 5938 Π.
