4262 6414
790 470 881 523 151
1188 502 1195 508 -
1331 514 1336 521 .
1478 466 1741 521 EUSEBII
1781 467 2253 523 CESARIENSlS
2284 469 2432 525 OPP.
2473 468 2651 523 PARS
2688 467 2776 523 lll.
2806 499 2875 509 —-
2897 465 3300 524 EXEGETICA.

3904 467 4014 520 132

786 585 857 639 lic
885 586 1213 639 constitutus
1244 583 1407 638 fuerit
1451 601 1615 654 super
1664 600 1829 655 opera
1885 602 2143 642 manuum
2196 588 2385 668 ejus“!

2404 650 2414 667 _
2442 586 2721 655 ίσάγγελος
2754 587 3039 639 ἀπόκειται
3072 590 3183 650 τοῖς
3216 584 3521 657 ἀνθρώποις
3545 586 3603 638 ὲν
3627 584 3867 657 οὐρανῷ,
3891 567 4017 637 ἐκεῖ

784 675 952 732 εωιος
982 683 1036 728 et
1084 675 1265 727 omnia
1298 690 1418 743 quae
1451 675 1504 727 in
1551 676 1631 729 eis
1677 682 1805 730 sunt
1864 676 2334 747 contemplabitur.

787 766 983 819 Beatus
1010 775 1186 818 autem
1219 764 1419 819 Paulus
1453 766 1555 819 hoc
1583 766 1650 820 de
1687 764 1967 821 Salvatore
2001 769 2229 837 accepit,
2262 777 2343 822 ut-

787 862 910 923 pote
950 854 1093 923 quod
1148 853 1250 922 ipsi
1299 852 1356 905 in
1406 853 1588 907 futuro
1631 856 1829 909 saeculo
1860 854 2217 909 obventurum
2249 857 2339 913 sit.

782 946 1121 1015 Quapropter
1152 945 1227 997 ait
1260 945 1335 997 illi
1364 943 1524 997 Pater
1553 962 1566 997 :
1601 942 1735 998 Sede
1763 962 1794 997 α
1840 944 2041 1000 dextris
2078 948 2229 1009 meis,
2256 948 2347 999 do-

785 1050 872 1086 nec
899 1048 1088 1100 ponam
1112 1034 1349 1093 inimicos
1372 1043 1486 1085 tuos
1514 1033 1799 1087 scabellum
1823 1034 2011 1102 pedum
2040 1044 2249 1090 tuorum
2274 1038 2339 1092 ".

1212 1224 1529 1289 PSALMUS
1567 1222 1774 1278 DAVID
1810 1224 1902 1278 IX.

1097 1318 1142 1371 Ι.
1172 1318 1238 1371 In
1265 1320 1419 1387 ﬁnem
1458 1334 1551 1387 pro
1583 1317 1801 1369 occultis
1826 1315 1978 1370 Filii.

855 1408 1019 1463 Multa
1054 1421 1210 1465 erant
1237 1426 1358 1479 qua:
1391 1412 1505 1480 ipse
1532 1410 1746 1464 occulte
1788 1416 2090 1477 peregerat,
2122 1422 2345 1476 genere-

784 1504 860 1557 tio
896 1503 1102 1558 scilicet
1134 1520 1200 1557 ex
1235 1502 1455 1572 Virgine
1485 1501 1784 1557 secundum
1818 1488 2036 1555 carnem
2085 1515 2179 1569 per
2223 1499 2348 1571 Spi-

785 1595 947 1646 ritum
976 1602 1245 1655 sanctum,
1272 1592 1549 1661 stupendae
1580 1591 1681 1644 illa:
1708 1591 1933 1645 virtutes
1961 1590 2160 1660 quibus
2182 1592 2348 1645 mira-

783 1684 911 1737 bilia
943 1684 1153 1749 edebat,
1185 1700 1333 1739 mors
1376 1685 1495 1753 ejus
1525 1694 1578 1737 et
1626 1682 1924 1738 descensus
1954 1684 2009 1738 in
2053 1682 2345 1748 infernum,

782 1790 844 1827 ac
878 1776 1206 1829 resurrectio
1233 1791 1297 1829 ex
1332 1776 1579 1831 mortuis.
1612 1775 1757 1841 Hac,
1790 1777 2032 1845 inquam,
2065 1775 2245 1829 omnia
2270 1776 2349 1829 la-

782 1875 957 1922 tenter
999 1868 1067 1922 ab
1115 1870 1233 1937 ipso
1282 1876 1609 1939 perpetrata.
1656 1868 1790 1922 Nam
1842 1864 1958 1922 haec
2011 1867 2349 1937 principibus

2443 678 2713 741 καταστάς
2745 680 2837 730 ἐπὶ
2879 678 2947 731 τὰ
2995 678 3131 765 ἔργα
3169 678 3276 730 τῶν
3321 678 3517 748 χειρῶν
3567 675 3753 741 αὑτοῦ,
3802 674 4017 747 θεωρὸς

2442 768 2681 841 οὐρανῶν
2713 770 2861 824 ἔσται
2899 772 2992 824 καὶ
3039 771 3145 827 τῶν
3188 772 3245 823 ὲν
3292 771 3491 833 αὐτοῖς.
3540 770 3597 823 '0
3634 768 3690 821 δὲ
3736 768 4016 840 μακάριος

2444 862 2651 923 liable;
2695 863 2785 916 καὶ
2832 864 2989 917 τοῦτο
3036 864 3161 934 περὶ
3206 862 3298 915 τοῦ
3340 862 3589 933 Σωτῆρος
3628 860 3902 928 ἐξέλαϐεν,
3954 862 4018 913 ἐν

2445 953 2596 1005 αἰῶνι
2626 953 2703 1022 τῷ
2736 953 2978 1023 μέλλοντι
3012 953 3391 1025 γενησόμενον.
3432 953 3523 1005 Διό
3564 970 3694 1023 φησι
3735 952 3873 1023 πρὸς
3909 952 4017 1007 αὐ-

2444 1045 2535 1097 τὸν
2567 1047 2594 1098 ὁ
2638 1046 2857 1117 Πατῖιρ·
2894 1044 3090 1101 Κάθου
3130 1046 3199 1098 ἐκ
3243 1044 3454 1109 δεξιῶν
3477 1062 3618 1115 μου,
3660 1044 3769 1109 ἕως
3808 1043 3888 1098 ἂν
3933 1040 4019 1097 θῶ

2444 1137 2584 1203 τοὺς
2615 1140 2863 1206 ἐχθρούς
2893 1155 3007 1193 σου
3035 1137 3367 1193 ὑποπόδιον
3391 1133 3515 1213 τῶν
3537 1135 3736 1191 ποδῶν
3761 1153 3901 1192 σου.

2853 1231 3142 1283 ΨΑΛΜΟΣ
3172 1229 3260 1281 ΤΩ
3290 1228 3483 1281 ΔΑΥΙΔ
3512 1228 3587 1283 9'.

2550 1326 2655 1388 Εἰς
2689 1322 2754 1374 τὸ
2787 1322 2960 1386 τέλος
2990 1320 3141 1387 ὑπὲρ
3165 1318 3282 1373 τῶν
3309 1320 3572 1387 κρυφίων
3599 1320 3707 1373 τοῦ
3744 1320 3903 1375 Υιοῦ.

2516 1414 2693 1467 Πολλὰ
2734 1414 2789 1466 δὲ
2828 1409 2895 1483 ἦν
2925 1412 3073 1481 αὐτῷ
3104 1412 3173 1466 τὰ
3207 1412 3450 1483 κρυφίως
3483 1412 3846 1483 πεπραγμένα
3881 1412 3919 1483 ἥ
3959 1427 4022 1466 τι

2446 1508 2512 1560 ὲκ
2544 1505 2821 1579 Παρθένου
2861 1504 2948 1557 διὰ
2982 1503 3292 1574 Πνεύματος
3323 1503 3477 1571 ἁγίου
3500 1502 3639 1557 κατὰ
3672 1505 3848 1575 σάρκα
3888 1504 4023 1572 γέν-

2447 1614 2619 1668 νησις,
2651 1596 2705 1649 αἳ
2743 1612 2802 1647 τε
2845 1593 3131 1662 παράδοξοι
3165 1595 3255 1647 καὶ
3293 1593 3692 1663 θαυματουργοὶ
3731 1593 4020 1664 δυνάμεις,

2447 1688 2474 1739 ὃ
2503 1703 2560 1739 τε
2589 1686 2812 1748 θάνατος
2850 1684 3011 1747 αὐτὸς
3041 1684 3133 1736 κού⁸
3161 1686 3193 1753 ἡ
3229 1685 3309 1745 είς
3340 1682 3469 1753 ᾆδου
3506 1682 3726 1745 κάθοδος
3760 1682 3853 1735 καὶ
3883 1684 3918 1751 ἡ
3954 1683 4023 1733 ὲκ

2447 1778 2652 1850 νεκρῶν
2686 1777 2997 1840 ἀναϐίωσις.
3028 1774 3212 1830 Ταῦτα
3241 1775 3349 1846 γὰρ
3381 1774 3528 1845 αὐτῷ
3561 1774 3737 1828 πάντα
3769 1772 4024 1843 κρυφίως

2449 1873 2781 1944 πέπρακται.
2826 1867 3137 1939 Ἀπέκρυψε
3170 1867 3278 1939 γάρ
3309 1867 3447 1919 αὐτὰ
3478 1868 3571 1920 καὶ
3600 1868 3721 1929 τοὺς
3752 1866 4025 1937 ἄρχοντας

782 1961 943 2030 hujus
995 1963 1181 2015 mundi
1217 1961 1535 2024 abscondita
1580 1960 1770 2015 voluit.
1830 1957 1905 2015 De
1936 1959 2023 2016 his
2060 1974 2222 2029 porro
2254 1976 2385 2038 θοι]

2404 1985 2419 2037 ι
2447 1963 2538 2017 τοῦ
2582 1962 2785 2032 κόσμου
2816 1959 3021 2014 τούτου.
3061 1960 3230 2029 ’Υπὲρ
3256 1958 3320 2029 δὴ
3354 1957 3556 2011 τούτων
3582 1956 3689 2010 τῶν
3717 1957 3967 2028 κρυφίων
3994 1957 4026 2009 ὁ

780 2055 943 2109 cultis
978 2055 1052 2106 ait
1081 2052 1351 2121 Propheta
1383 2072 1394 2106 :

856 2144 1020 2201 Vens.
1052 2144 1105 2197 9..
1151 2143 1453 2214 Conﬁtebor
1495 2144 1611 2208 tibi,
1668 2143 1913 2207 Domine,
1959 2144 2014 2198 in
2046 2152 2156 2199 toto
2190 2142 2344 2196 corde

783 2253 916 2300 meo,
950 2236 1178 2291 narrabo
1206 2238 1381 2289 omnia
1415 2236 1683 2289 mirabilia
1716 2245 1827 2291 tua.
1874 2235 2084 2291 Similia
2115 2235 2232 2305 ipse
2268 2234 2344 2287 ait

783 2330 837 2382 iu
870 2328 1178 2397 Evangeliis
1210 2329 1255 2361 θ’
1278 2349 1288 2383 :
1318 2327 1618 2398 Conﬁtebor
1640 2328 1757 2393 tibi,
1780 2327 1962 2392 Pater,
1984 2326 2204 2383 Domine
2230 2325 2343 2381 cali

777 2432 827 2474 et
859 2430 1030 2483 terrae,
1060 2421 1183 2489 quia
1231 2420 1555 2475 abscondisti
1582 2422 1692 2476 haec
1730 2440 1761 2476 a
1793 2420 2113 2489 sapientibus
2141 2430 2191 2474 et
2216 2436 2342 2489 pru-

777 2511 1040 2576 dentibus,
1072 2522 1121 2565 et
1150 2513 1392 2565 rerelasti
1427 2529 1489 2579 ea
1510 2513 1764 2582 parvulis.
1796 2511 1854 2565 In
1890 2512 2099 2582 psalmo
2128 2526 2343 2581 quoque

778 2605 844 2659 de
871 2606 1101 2660 occultis
1128 2606 1331 2675 gratias
1362 2606 1493 2675 agit,
1549 2616 1602 2661 et
1649 2612 1773 2677 post
1822 2606 2116 2676 gratiarum
2166 2607 2339 2659 actio-

778 2710 927 2758 nem,
956 2711 1116 2765 quam
1150 2711 1249 2765 pro
1277 2697 1451 2751 salute
1488 2704 1678 2751 nostra
1706 2697 1898 2761 edidit,
1932 2711 2033 2751 nos
2063 2696 2131 2751 de
2176 2697 2341 2750 mira-

779 2787 979 2841 bilibus
1010 2785 1189 2842 Patris
1218 2788 1301 2842 sui
1329 2786 1649 2842 edocturum
1680 2803 1758 2853 se,
1785 2788 1853 2844 de
1871 2788 1986 2858 ipsa
2011 2787 2190 2844 Patris
2220 2804 2343 2844 con-

778 2880 1128 2949 templatione
1158 2878 1460 2944 exsultans,
1510 2882 1816 2951 pollicetur.
1854 2880 1999 2936 Sane
2037 2874 2224 2952 utpote
2255 2880 2342 2938 Fi-

778 2971 852 3025 lio
883 2972 1059 3025 inerat
1090 2972 1191 3041 ipsi
1213 2974 1455 3044 cognitio
1484 2974 1721 3029 nominis
1755 2974 1901 3044 quod
1940 2974 2129 3028 deitati
2162 2973 2342 3029 Patris

778 3064 884 3128 sui,
917 3064 1065 3117 nulla
1092 3080 1223 3120 voce
1257 3066 1513 3135 nulloque
1553 3065 1775 3120 nomine
1812 3064 2164 3134 explicandae,
2196 3079 2344 3124 com-

778 3156 1016 3227 petebat.
1067 3152 1192 3208 Haec
1257 3154 1512 3217 maxime,
1566 3152 1764 3221 inquit,
1819 3142 2014 3207 faciam
2052 3161 2342 3223 postquam

775 3247 1054 3304 inimicam
1106 3247 1230 3301 vitae
1282 3254 1508 3301 mortem
1548 3246 1751 3309 vicero,
1799 3244 1865 3299 de
1912 3260 2019 3314 qua
2073 3243 2273 3299 dicitur
2324 3262 2339 3299 :

2449 2056 2736 2127 Προφήτης
2760 2053 2905 2121 λέγει
2926 2068 2938 2081 ·
3282 2076 3291 2085 ο

2530 2141 3078 2214 Ἐξομολοτήσομαι
3126 2154 3246 2204 σοι,
3294 2140 3491 2208 Κύριε,
3530 2138 3600 2192 ὲν
3640 2138 3751 2209 ὅλῃ
3802 2136 4025 2207 καρδίᾳ

2442 2252 2585 2305 μου,
2615 2233 2971 2303 διηγήσομαι
3021 2230 3218 2287 πάντα
3254 2232 3326 2286 τὰ
3366 2228 3666 2299 θαυμάσια
3711 2244 3844 2283 σου.
3889 2230 4024 2283 Τοι-

2448 2324 2585 2378 αῦτα
2614 2324 2704 2377 καὶ
2732 2325 2891 2387 αὐτὸς
2915 2324 2972 2375 ὲν
2990 2320 3336 2391 Εὑαγγελίοις
3362 2321 3523 2392 φησίν
3541 2338 3554 2349 ⁸
3593 2319 4024 2389 Ἐξομολογοῦ-

2443 2414 2553 2484 μαί
2579 2429 2697 2477 σοι,
2738 2411 2948 2491 Πάτερ,
2979 2413 3159 2479 Κύριε
3190 2411 3295 2465 τσῦ
3320 2409 3578 2479 οὐρανοῦ
3617 2408 3717 2462 καὶ
3744 2408 3853 2478 τῆς
3880 2407 4021 2478 γῆς,

2448 2507 2538 2561 ὅτι
2583 2506 2938 2574 ἀπέκρυψας
2963 2505 3160 2559 ’ταῦτα
3196 2503 3314 2559 ἀπὸ
3345 2502 3551 2572 σοφῶν
3596 2504 3692 2556 καὶ
3724 2502 4023 2567 συνετῶν,

2447 2600 2546 2654 καὶ
2570 2596 2969 2666 ἀπεκάλυψας
2990 2594 3464 2665 ταῦτα’νηπιοις.
3492 2596 3598 2650 Καὶ
3626 2598 3683 2649 ὲν
3715 2595 3791 2667 τῷ
3819 2595 4023 2666 ψαλμῷ

2446 2693 2555 2765 γὰρ
2588 2693 2716 2765 περὶ
2752 2691 2859 2747 τῶν
2894 2692 3140 2762 κρυφίων
3172 2691 3493 2762 εὐχαριστεῖ.
3528 2691 3681 2743 Μετὰ
3712 2689 3765 2743 δὲ
3808 2690 3903 2759 τὴν
3938 2690 4021 2742 εὑ-

2446 2784 2751 2857 χαριστίαν,
2786 2784 2847 2856 ἢν
2878 2783 3017 2855 ὑπὲρ
3054 2783 3151 2853 τῆς
3191 2782 3465 2854 ἡμετέρας
3510 2783 3801 2853 ἐποιήσατο
3845 2798 4021 2852 σωτη-

2450 2880 2588 2951 ρίας,
2620 2878 2746 2949 περὶ
2770 2875 2877 2929 τῶν
2911 2873 3227 2945 Θαυμασίων
3254 2874 3347 2928 τοῦ
3372 2876 3583 2946 Πατρὸς
3609 2874 3842 2939 διδάξειν
3870 2876 4021 2946 ήμᾶς

2448 2970 2839 3040 ἐπαγγέλλεται
2863 2972 2929 3040 τῇ
2968 2966 3061 3021 τοῦ
3091 2968 3302 3042 [ἰατρὸς
3328 2967 3752 3039 ὲναγαλλόμενος
3778 2968 3893 3039 θέᾳ.
3931 2968 4021 3031 Ὦς

2446 3062 2500 3116 δὲ
2533 3062 2650 3133 Υίῷ
2678 3044 2770 3116 καὶ
2797 3064 2830 3134 ἡ
2861 3061 3056 3130 γνῶσις
3088 3062 3268 3133 παρῆν
3286 3060 3393 3114 τοῦ
3425 3060 3684 3130 ὀνόματος
3710 3060 3808 3131 τῆς
3833 3060 4019 3129 θεότη-

2447 3172 2537 3219 τος
2564 3155 2655 3209 τοῦ
2689 3156 2927 3227 ἀρρήτου
2959 3156 3053 3208 καὶ⁵
3083 3154 3522 3225 ἀκατονομάστου
3556 3154 3784 3223 Πατρός.
3833 3152 4020 3205 Ταῦτα

2448 3248 2505 3302 δὲ
2558 3248 2807 3317 μάλιστα,
2852 3246 3004 3316 φησὶ,
3057 3247 3264 3317 ποιήσω
3311 3244 3404 3298 τὸν
3455 3245 3551 3315 τῆς
3605 3243 3749 3313 ζωῆς
3790 3244 4019 3313 νικήσας

776 3341 1083 3397 Novissima
1116 3340 1332 3392 inimica
1371 3337 1670 3393 destruetur
1700 3354 1839 3392 mors
1864 3338 1932 3390 ³⁸.
1968 3336 2103 3413 Nam
2136 3347 2342 3393 retror-
2369 3346 2385 3401 4

2404 3347 2411 3400 ι
2445 3339 2635 3413 ἐχθρὸν
2665 3340 2909 3406 θάνατον,
2942 3334 3069 3413 περὶ
3100 3334 3161 3393 οὗ
3182 3338 3458 3393 λέλεκται·
3493 3340 3783 3409 Ἔσχατος
3808 3338 4017 3406 ἐχθρὸς

778 3448 901 3488 sum
929 3437 1300 3499 convertetur,
1332 3430 1383 3485 id
1416 3440 1521 3493 est,
1556 3431 1609 3485 in
1642 3430 1930 3501 pristinam
1967 3446 2123 3486 suam
2155 3430 2345 3486 condi-

777 3526 1001 3589 tionem,
1033 3540 1141 3595 qua
1183 3540 1292 3580 non
1321 3522 1620 3579 exsistebat
1663 3542 1676 3578 :
1732 3522 1875 3577 Deus
1924 3525 2069 3579 enim
2124 3535 2343 3581 mortem

778 3635 881 3672 non
915 3617 1036 3687 fecit
1080 3616 1149 3684 “,
1196 3617 1291 3673 sed
1341 3614 1542 3670 invidia
1592 3615 1796 3671 diaboli
1842 3633 1984 3670 mors
2036 3618 2343 3687 intravitiin

778 3711 1031 3765 mundum
1053 3712 1121 3764 ’³.
1153 3709 1283 3776 Quae
1313 3726 1435 3767 cum
1464 3709 1767 3773 evenerint,
1802 3710 1995 3780 reliqui
2038 3711 2199 3764 etiam
2230 3727 2344 3765 om-

778 3818 876 3858 nes
908 3803 1058 3858 verbi
1089 3803 1166 3857 tui
1208 3802 1434 3870 inimici,
1465 3801 1662 3857 inﬁrmi
1712 3801 1943 3858 evadent
1973 3817 2038 3857 ac
2077 3801 2147 3861 in.
2162 3802 2345 3873 perni-

779 3895 916 3951 ciem
952 3896 1125 3950 ibunt.

853 4070 1016 4125 Vens.
1049 4071 1100 4125 9.
1151 4068 1216 4122 Et
1255 4069 1364 4157 ipse
1398 4068 1663 4138 judicabit
1700 4068 1879 4124 orbem
1907 4078 2061 4124 terra:
2092 4069 2147 4122 in
2178 4073 2345 4145 justi-

786 4166 884 4234 tia,
921 4162 1185 4234 judicabit
1207 4162 1424 4232 populos
1446 4163 1502 4216 in
1524 4161 1858 4235 wquitate.Si
1881 4163 1920 4217 ii
1946 4164 2040 4234 qui
2062 4163 2117 4218 in
2143 4161 2347 4217 mundo

777 4260 1087 4315 versantur,
1122 4270 1229 4308 non
1262 4254 1463 4309 similia
1508 4268 1673 4323 opera
1729 4254 2347 4325 edidissentrjudicium

758 4346 873 4402 Dei
908 4347 1118 4416 justum
1149 4362 1257 4401 non
1293 4353 1477 4413 esset;
1513 4346 1605 4417 qui
1638 4346 1755 4416 pari
1781 4347 1997 4402 ratione
2032 4355 2347 4416 peccatores
2384 4348 2385 4351 “

780 4440 1069 4510 supplicio,
1098 4440 1276 4508 justos
1310 4440 1489 4510 gloria
1504 4436 1684 4493 allicit.
1718 4436 1994 4491 Judicabit
2037 4440 2257 4508 populos
2290 4440 2346 4493 in

780 4536 1044 4604 (equitate.
1074 4531 1271 4588 Orbem
1298 4540 1457 4589 terra;
1490 4542 1646 4587 vocat
1678 4530 1998 4598 Ecclesium,
2040 4548 2161 4601 qua:
2191 4533 2347 4587 inha-

780 4628 984 4682 bitatur
1013 4643 1043 4680 a
1072 4625 1254 4692 Patre,
1313 4623 1452 4681 Filio
1494 4635 1547 4681 et
1590 4624 1799 4696 Spiritu
1833 4632 2046 4687 sancto,
2093 4623 2248 4693 juxta
2282 4625 2347 4679 il-

2446 3433 2877 3501 xataprrjaerat
2904 3436 2935 3487 ό
2960 3430 3235 3500 θάνατος,
3274 3434 3774 3504 ’Δποστραφήσεται
3800 3430 3909 3502 γάρ
3940 3432 4019 3494 εἰς

2442 3524 2513 3579 τὰ
2553 3527 2746 3593 ὀπίσω,
2778 3526 3026 3580 τουτέστι
3055 3525 3153 3598 τὴν
3199 3525 3420 3598 πρώτην
3470 3524 3632 3579 αὐτοῦ
3668 3524 4018 3587 κατάστασιν,

2444 3618 2635 3691 ὅτεςμὴ
2658 3621 2971 3692 ὑφεστήγει.
3010 3621 3071 3674 '0
3096 3620 3204 3692 γὰρ
3242 3620 3385 3685 Θεὸς
3416 3619 3673 3675 θάνατον
3696 3620 3805 3673 οὐκ
3828 3619 4018 3685 ἐποίησ

2444 3730 2581 3768 σεν·
2627 3718 2826 3785 φθόνῳ
2876 3715 2933 3769 δὲ
2979 3714 3260 3770 διαϐόλου
3305 3716 3558 3781 θάνατος
3608 3714 3893 3782 εἰσῆλθεν
3931 3716 4019 3781 εις

2444 3806 2550 3860 τόν
2580 3808 2811 3877 κόσμον
2832 3825 2845 3837 ·
2878 3800 2939 3861 οὗ
2981 3807 3044 3879 δὴ
3074 3807 3354 3875 γεγονότος
3393 3809 3488 3859 καὶ
3516 3810 3565 3859 ol
3601 3807 3778 3860 λοιποὶ
3820 3808 4018 3871 πάντες

2444 3889 2629 3967 ἐχθροὶ
2675 3896 2768 3950 τοῦ
2821 3896 2979 3965 λόγου
3035 3911 3128 3947 σου
3178 3895 3272 3947 κιι)⁵
3325 3893 3572 3965 πολέμιοι
3624 3893 4018 3965 ἀσθενήσαντες

2446 3986 2787 4041 ἀπολοῦνται.
3082 4027 3091 4033 .

2514 4078 2625 4133 Kal
2681 4078 2863 4145 αὐτὸς
2906 4079 3098 4149 κρινεῖ
3136 4078 3253 4147 τὴν
3298 4079 3653 4148 οἰκουμένην
3687 4079 3757 4132 ἐν
3799 4078 4018 4133 δικαιο-

2446 4171 2625 4238 σύνῃ,
2656 4170 2846 4239 κρινεῖ
2887 4171 3075 4237 λαοὺς
3110 4171 3179 4224 ἐν
3209 4171 3501 4239 εὐθύτητι.
3552 4169 3615 4223 El
3658 4172 3705 4224 oi
3739 4171 3797 4223 ὲν
3838 4173 3904 4243 τῇ
3937 4172 4018 4226 ol-

2446 4263 2682 4333 κουμένῃ
2715 4264 2813 4316 οὐκ
2838 4265 2894 4316 ἐν
2916 4265 3119 4335 ὁμοίοις
3134 4265 3271 4317 είσὶν
3297 4262 3497 4334 ἔργοις,
3517 4264 3617 4316 οὐκ
3636 4262 3700 4317 ἂν
3716 4258 3825 4316 εἷεν
3842 4263 3919 4334 (1)
3942 4262 4018 4317 δι-

2447 4354 2703 4429 καιοσύνη
2746 4358 2777 4427 ὴ
2816 4358 2995 4429 κρίσις
3026 4357 3121 4411 τοῦ
3168 4355 3336 4410 Θεοῦ’
3374 4356 3573 4426 ὁμοίως
3605 4358 3731 4421 τοὺς
3770 4354 4018 4427 ἁμαρτά-

2446 4464 2632 4511 νοντας
2682 4448 2919 4513 κολάζει,
2969 4447 3002 4519 ἢ
3051 4449 3177 4512 τοὺς
3230 4448 3471 4512 δικαίους
3525 4448 3755 4514 δοξάζει.
3817 4448 4019 4516 Κρινεῖ

2446 4540 2634 4606 λαοὺς
2656 4542 2726 4595 ἐν
2744 4543 3035 4610 εὐθύτητι.
3067 4543 3402 4615 Οἰκουμένην
3429 4544 3526 4615 μὲν
3547 4544 3646 4613 τὴν
3672 4542 4015 4611 Ἐκκλησίαν,

2447 4632 2568 4702 ἥτις
2598 4634 2821 4686 οἰκεῖται
2850 4633 2952 4686 ὑπὸ
2988 4633 3080 4687 τοῦ
3108 4635 3317 4707 Πατρὸς
3349 4636 3443 4688 καὶ
3493 4633 3586 4686 τοῦ
3618 4631 3769 4697 Υίοῦ,
3802 4632 3893 4685 καὶ
3920 4632 4015 4685 τοῦ

779 4717 872 4773 lud
902 4738 913 4772 :
952 4716 1065 4787 Ego
1086 4726 1141 4771 et
1167 4716 1328 4772 Pater
1360 4718 1428 4770 ad
1458 4735 1575 4772 eum
1618 4719 1904 4781 veniemus,
1942 4725 1990 4770 et
2021 4717 2343 4773 mansionem
2377 4702 2385 4759 Ῑ

2404 4704 2424 4756 )
2452 4701 2606 4792 άγίου
2640 4726 2970 4798 Πνεύματος,
3003 4727 3144 4782 κατὰ
3172 4701 3265 4780 ’τό-ο
3303 4726 3444 4795 Ἐγὼ
3468 4727 3562 4779 καὶ
3592 4727 3621 4778 ὁ
3646 4726 3834 4797 Πατὴρ
3858 4725 4017 4779 elev-

781 4811 920 4881 apud
938 4827 1056 4866 eum
1087 4810 1341 4881 faciemus
1364 4810 1429 4864 ".
1454 4800 1689 4880 Populos
1712 4819 1893 4865 autem
1920 4810 2156 4881 appellat
2185 4818 2347 4867 caete-

779 4921 872 4961 ros
903 4920 1095 4961 omnes
1128 4906 1219 4975 qui
1265 4909 1419 4959 extra
1449 4900 1748 4960 Ecclesiam
1782 4912 2095 4967 versantur,
2132 4909 2227 4956 aut
2252 4903 2344 4973 qui

780 5014 848 5053 ex
882 4996 1303 5052 circumcisione
1332 5000 1482 5050 sunt.
1521 4992 1787 5063 Quotquot
1816 4994 1954 5048 enim
1985 4996 2044 5048 in
2082 4994 2190 5065 lege
2225 5009 2345 5064 pec-

780 5100 1050 5155 caverunt,
1076 5106 1167 5159 per
1198 5090 1357 5160 legem
1379 5086 1802 5161 iudicabuntur;
1831 5090 1919 5158 qui
1950 5106 2069 5145 vero
2099 5090 2211 5145 sine
2236 5088 2343 5161 lege

783 5186 1097 5254 transgressi
1121 5190 1264 5246 sunt,
1294 5184 1409 5236 sine
1443 5182 1551 5251 lege
1580 5181 1821 5251 peribunt
1857 5181 1929 5240 ’⁷,

854 5276 1020 5333 Vens.
1065 5275 1154 5339 10,
1187 5276 1273 5329 ll.
1320 5273 1389 5327 Et
1438 5275 1612 5344 factus
1651 5285 1729 5330 est
1776 5274 2035 5329 Dominus
2083 5275 2345 5347 refugium

782 5371 1017 5437 pauperi,
1049 5369 1264 5437 adjutor
1286 5368 1344 5419 in
1374 5368 1876 5438 opportunitezibus,
1901 5368 1957 5422 in
1982 5369 2343 5423 tribulatione.

784 5463 853 5517 Et
883 5473 1085 5532 sperent
1114 5464 1167 5517 in
1205 5473 1252 5516 te
1282 5464 1371 5532 qui
1401 5471 1651 5515 noverunt
1680 5478 1865 5517 nomen
1899 5470 2067 5525 tuum,
2094 5461 2341 5532 quoniam

786 5572 887 5609 non
925 5556 1249 5625 derc;iquisti
1276 5563 1565 5625 quierentes
1615 5564 1683 5618 te,
1713 5553 1954 5607 Domine.
1988 5552 2088 5609 Cui
2119 5554 2344 5625 pauperi

779 5648 945 5719 judex
978 5648 1244 5717 refugium
1270 5647 1444 5701 lactus
1466 5654 1572 5706 est.
1600 5648 1707 5701 nisi
1732 5647 1785 5702 in
1815 5646 1991 5718 primo
2020 5647 2143 5703 vita
2162 5646 2341 5703 curri-

2450 4817 2673 4886 σόμεθα
2699 4820 2849 4888 πρὸς
2891 4820 3095 4886 αὐτὸν,
3140 4820 3239 4873 καὶ
3266 4818 3466 4888 μονὴν
3510 4820 3646 4885 παρ’
3671 4817 3830 4883 αὐτῷ
3858 4833 4017 4887 ποιη-

2450 4911 2673 4978 σόμεθα
2696 4928 2709 4941 ο
2751 4912 2911 4975 λαοὺς
2947 4911 3004 4965 δὲ
3040 4913 3165 4975 τοὺς
3195 4911 3411 4973 λοιποὺς
3455 4909 3604 4981 παρὰ
3646 4909 3743 4981 τὴν
3786 4908 4014 4981 Ἐκκλη-

2464 4994 2617 5060 σίαν,
2664 4996 2697 5065 ἢ
2744 4997 2869 5059 τοὺς
2913 4996 2977 5048 ὲκ
3021 4995 3334 5067 περιτομῆς.
3384 4994 3549 5047 Ὅσοι
3591 4995 3701 5063 γὰρ
3747 4995 3817 5048 ἐν
3861 4993 4022 5063 νόμῳ

2404 5088 2411 5092 ’
2464 5084 2760 5155 ἥμαρτον,
2799 5087 2897 5141 διὰ
2931 5090 3119 5156 νόμου
3167 5085 3579 5153 κριθήσονται,
3627 5084 3745 5140 τῶν
3790 5084 4021 5157 ἀνόμως

2462 5178 2920 5248 ἁμαρτανόντων
2944 5180 3174 5248 ἀνόμως
3205 5179 3657 5247 ἀπολλυμένων.
3698 5184 3701 5187 λ

2515 5278 2624 5332 Kal
2646 5276 2879 5348 ἐγένετο
2904 5278 3117 5345 Κύριος
3145 5278 3457 5347 καταφυγὴ
3500 5276 3581 5343 τῷ
3611 5275 3839 5345 πένητι,
3861 5277 4013 5345 ,βοη-

2448 5369 2550 5437 θὸς
2588 5372 2657 5425 ἐν
2702 5372 3048 5440 εὐκαιρίαις,
3078 5372 3148 5425 ἐν
3192 5372 3413 5441 θλίψει.
3462 5371 3571 5425 Kal
3616 5370 4013 5432 ἐλπιζέτωσαν

2447 5462 2545 5516 ἐπὶ
2582 5462 2658 5517 σὲ
2704 5467 2759 5518 ol
2803 5462 3195 5535 γινώσκοντες
3239 5463 3305 5517 τὸ
3360 5461 3547 5533 ὄνομά
3588 5479 3726 5527 σου,
3771 5460 3863 5517 ὅτι
3899 5463 4009 5515 οὐκ

2446 5552 2829 5622 ἐγκατέλιπες
2860 5554 3001 5620 τοὺς
3042 5551 3439 5622 ἐκζητοῦντάς
3474 5569 3568 5619 σε,
3621 5552 3815 5620 Κύριε.
3865 5548 4012 5619 Ποίῳ

2446 5647 2503 5701 δὲ
2552 5648 2742 5719 πένητι
2790 5648 3077 5720 καταφυγὴ
3121 5647 3340 5728 γέγονεν
3376 5650 3405 5701 ό
3448 5646 3660 5717 κριτὴς,
3700 5640 3881 5713 ἀλλ’ἢ
3933 5638 4011 5711 τῷ

853 5768 895 5799 ’⁸
937 5764 1079 5841 Psal.
1112 5781 1199 5821 cu
1223 5806 1238 5823 .
1271 5766 1443 5841 ι.)
1484 5764 1670 5820 Matth.
1708 5782 1784 5823 ιι.
1815 5764 1905 5821 25.
1982 5765 2028 5798 ’³
2066 5764 2086 5820 l
2116 5765 2245 5835 cor.
2278 5783 2375 5838 xv,

2408 5767 2499 5824 26.
2574 5768 2619 5803 “
2658 5767 2787 5841 Sap.
2821 5784 2861 5835 ι,
2900 5767 2983 5823 l3.
3061 5767 3108 5800 "
3181 5776 3308 5838 δερ.
3346 5780 3418 5833 n,
3452 5763 3543 5819 24.
3618 5761 3664 5795 ’⁸
3699 5757 3859 5816 Joan.
3898 5772 4009 5825 xw,

784 5840 871 5895 25.
946 5839 999 5913 ’ζ
1032 5835 1187 5891 Rom.
1223 5853 1296 5902 ιι,
1332 5835 1417 5890 12.

860 5928 1100 6001 (Ι)Εἶεν.
1129 5928 1289 5993 Forte
1314 5930 1425 5986 εῖν.
1453 5929 1611 5988 Eutr.
