4262 6414
287 479 382 534 155

1399 469 1897 533 COMMENTARIA
1934 467 1998 522 IN
2037 461 2374 522 PSALMOSL

3395 466 3496 526 i5!

281 589 418 644 κατὰ
474 589 566 644 τὸν
619 591 832 664 πρῶτον
881 592 990 662 βίον
1046 593 1145 663 τῆν
1192 593 1381 665 στενὴν
1431 590 1686 646 ὡδευκότι
1747 588 1841 643 καὶ

1943 584 2089 648 culo,
2137 585 2191 638 in
2220 591 2450 655 angusta
2499 591 2552 640 et
2585 593 2734 639 arcta
2777 587 2861 641 via
2915 586 3232 653 incesserit;
3286 602 3496 642 necnon

278 677 655 753 τεθλιμμένην,
686 684 779 736 καὶ
805 682 882 753 τῷ
913 683 1330 754 μακαριζομένῳ
1358 684 1574 754 πτωχῷ,
1601 684 1836 754 δηλονότι

279 769 354 840 τῷ
386 769 653 842 πνεύματι
679 790 692 838 ;
723 772 892 826 Τοῦτο
914 773 970 826 δὲ
1008 761 1268 843 μαθόντες
1304 775 1353 826 el
1393 773 1745 842 γινώσκοντες
1779 775 1839 828 τὸ

279 859 446 929 ὄνομά
482 875 598 926 σου,
638 861 732 914 καὶ
768 863 848 914 ὃτι
891 863 949 914 ὲν
990 862 1067 933 τῷ
1103 864 1200 934 τῆς
1231 863 1622 934 δικαιοκρισίας
1667 863 1840 934 καιρῷ

273 955 402 1018 ,τοὺς
427 952 786 1026 ὲκζητοῦντάς
815 971 873 1007 σε
901 954 995 1009 νῦν
1016 956 1116 1008 ούκ
1140 954 1569 1024 ἐγκαταλείψεις,
1595 954 1841 1009 ἐντεῦθεν

281 1043 644 1108 ἐλπιζέτωσαν
693 1046 787 1098 ἐπὶ
827 1046 887 1100 σὲ
917 1047 1090 1101 πάντα
1116 1046 1202 1101 διά
1241 1047 1338 1110 τὰς
1369 1045 1598 1117 ἀμοιϐὰς
1641 1047 1842 1128 ὑπομέ-

279 1150 476 1198 νοντες.

359 1227 855 1297 Ἀταλλιασόμεθα
883 1227 980 1282 ἐπὶ
1021 1227 1101 1293 τῷ
1135 1229 1404 1296 σωτηρίῳ
1443 1244 1579 1289 σου,
1628 1225 1838 1282 ἐνεπα-

279 1332 474 1386 τησαν
499 1318 645 1388 ἔθνη
673 1319 743 1373 ἐν
769 1317 1052 1389 διαφθορᾷ
1076 1314 1117 1391 ᾖ
1160 1320 1475 1388 ἐποίησαν.
1518 1321 1614 1372 Ἐν
1641 1319 1843 1389 παγίδι

277 1409 462 1478 ταύτῃ
483 1403 524 1481 ᾖ
563 1411 836 1481 ἔκρυψαν
860 1407 1212 1480 συνελήφθη
1249 1415 1281 1466 ὀ
1311 1412 1464 1478 ποῦς
1493 1412 1710 1466 αὐτῶν.
1746 1415 1844 1464 Γι-

278 1498 568 1555 νώσκεται
588 1504 802 1572 Κύριος
836 1500 1087 1572 κρίματα
1123 1501 1328 1558 ποιῶν.
1373 1504 1468 1557 Ἐν
1497 1503 1620 1569 τοῖς
1650 1504 1842 1573 ἔργοις

277 1590 395 1645 τῶν
424 1591 639 1663 χειρῶν
657 1591 842 1649 αὑτσῢ
863 1593 1215 1664 συνελήφθη
1245 1598 1276 1648 ὀ
1299 1595 1664 1664 ἁμαρτωλός.
1710 1594 1841 1667 ᾨδὴ

277 1683 704 1754 διαψάλματος.
749 1683 907 1738 Ἀλλά
940 1685 1032 1737 καὶ
1062 1687 1174 1747 τοῖς
1216 1683 1494 1738 εύσεϐέσιν
1530 1683 1843 1738 ἐπιϐουλεύ-

279 1791 488 1841 σαντες,
546 1776 771 1840 ὲαυτοὺς
822 1775 1177 1848 περιέπειραν
1242 1774 1505 1846 ἀπωλείᾳ.
1562 1775 1697 1832 Τότε
1749 1777 1842 1829 καὶ

278 1867 642 1939 γνωσθήσεται
670 1866 852 1938 δικαία
885 1867 1062 1938 κρίσει
1090 1867 1367 1938 χρώμενος
1390 1869 1419 1921 ὁ
1446 1865 1594 1930 Θεός.
1638 1866 1758 1938 ᾩδὴ
1784 1867 1840 1920 δὲ

1941 677 2191 731 mendico
2237 685 2292 730 et
2343 677 2589 747 pauperi,
2644 678 2838 748 spiritu
2861 709 2874 722 κ
2893 679 3121 743 scilicet,
3171 679 3262 748 qui
3307 679 3500 735 beatus
3555 717 3559 722 -

1939 766 2304 833 praedicatur?
2329 765 2442 820 Hoc
2477 782 2598 820 cum
2629 767 2952 822 edidicerint
2980 771 3074 838 qui
3113 775 3380 823 noverunt
3401 784 3501 824 no-

1940 872 2065 910 men
2099 865 2272 918 tuum,
2323 859 2478 926 gnari
2520 873 2746 929 quoque.
2767 870 2820 912 te
2843 860 2976 928 justi
3020 860 3211 929 judicii
3261 844 3502 931 tempore

1940 963 2052 1002 non
2082 949 2399 1002 relicturum
2422 965 2517 1004 eos
2541 951 2634 1020 qui
2655 965 2804 1004 nunc
2824 958 3072 1020 quierunt
3098 959 3184 1016 te;
3217 952 3344 1007 inde
3363 954 3502 1009 bene

1941 1050 2164 1108 sperent
2193 1042 2248 1094 in
2273 1047 2346 1104 te,
2380 1041 2694 1110 patientiam
2739 1043 2795 1096 in
2836 1043 3090 1099 omnibus
3126 1043 3389 1102 habentes
3431 1046 3501 1100 ob

1942 1140 2186 1202 paratam
2219 1132 2653 1188 retributionem.

2013 1219 2182 1282 Vens.
2218 1221 2306 1285 16,
2342 1223 2431 1278 17.
2481 1221 2880 1278 Exsultabimus
2921 1225 2975 1278 in
3025 1227 3256 1281 salutari
3279 1238 3389 1294 tuo,
3417 1230 3503 1282 in-

1943 1312 2067 1381 ﬁxa:
2093 1323 2215 1366 sunt
2236 1324 2409 1383 gentes
2439 1315 2494 1368 in
2524 1316 2915 1392 interitu‘quem
2947 1317 3196 1378 fecerunt.
3233 1319 3299 1373 In
3321 1320 3504 1392 laqueo

1944 1403 2044 1456 isto
2069 1419 2218 1472 quem
2242 1403 2647 1467 absconderant,
2673 1407 3070 1475 comprehensus
3094 1418 3170 1463 est
3190 1425 3277 1478 pes
3301 1427 3502 1467 eorum.

1945 1493 2298 1564 Cognoscetur
2336 1496 2596 1552 Dominus
2635 1498 2847 1568 judicia
2895 1499 3113 1569 faciens.
3151 1499 3217 1554 In
3263 1503 3505 1571 operibus

1944 1603 2192 1642 manuum
2209 1605 2427 1641 suarum
2444 1591 2837 1658 comprehensus
2857 1603 2933 1646 est
2953 1603 3209 1661 peccator.
3229 1592 3508 1647 Canticum

1913 1677 2334 1762 .diapsalmatis.
2366 1679 2478 1734 imo
2509 1697 2638 1736 vero
2660 1682 2788 1735 dum
2817 1683 2922 1752 piis
2943 1684 3256 1739 hominibus
3278 1685 3507 1740 insidias

1943 1778 2240 1834 Struercnt,
2276 1785 2395 1827 sese
2428 1771 2484 1826 in
2519 1771 2898 1842 perniciem'et
2941 1772 3220 1828 interitum
3255 1776 3505 1845 conjece-

1891 1853 1894 1856 ’
1942 1871 2090 1917 runt.
2135 1861 2288 1918 Tunc
2319 1872 2890 1935 autem-cognoscetur
2931 1864 3074 1921 Deus
3118 1867 3266 1936 justo
3292 1868 3505 1936 judicio

277 1959 672 2031 δὶαψάλματοςο
715 1959 791 2024 ὼς
837 1960 904 2014 ἃν
942 1960 1254 2032 ⁵μεταϐολῆς
1306 1959 1676 2031 γεγενημένης
1721 1961 1839 2031 ἦτοι

1940 1971 2094 2012 usus.
2144 1955 2431 2012 Canticum
2465 1957 2838 2028 diapsalmatis
2867 1958 3088 2024 dicitur,
3121 1967 3181 2015 ut
3211 1959 3351 2014 facta
3384 1976 3506 2014 mu-

279 2047 471 2122 μέλους
500 2051 643 2106 κατά
669 2051 766 2123 τὴν
806 2051 1060 2127 Ἐϐραῒδα
1089 2052 1289 2123 φωνὴν,
1320 2052 1350 2120 ἢ
1388 2051 1668 2123 μελῳδίας,
1692 2052 1725 2122 ἦ
1749 2053 1840 2104 καὶ

275 2145 371 2217 τῆς
403 2131 638 2210 διανοίας
675 2145 844 2216 αὐτῆς
886 2143 993 2198 τῶν
1028 2143 1362 2215 λελεγμένων
1396 2147 1478 2215 ἐφ’
1507 2145 1689 2216 ἕτερον
1719 2143 1842 2198 νοῦν

279 2237 718 2309 μεταϐαλλόντων
750 2238 840 2291 τὸν
865 2238 1042 2306 λόγον.

356 2329 932 2399 Ἇποστραφήτωσαν
962 2332 1016 2383 οἱ
1045 2329 1376 2398 ἁμαρτωλοί
1406 2329 1493 2394 είς
1529 2328 1635 2382 τὸν
1666 2327 1839 2396 ᾅδην,

275 2421 471 2477 πάντα
497 2423 570 2478 τὰ
600 2423 743 2491 ἔθνη
779 2425 854 2477 τὰ
884 2423 1400 2490 ἐπιλανθανόμενοι
1443 2421 1548 2490 τοῦ
1584 2415 1759 2476 Θεοῦ.⁴
1779 2423 1843 2476 El

275 2514 382 2586 γὰρ
413 2516 509 2569 καϊ
541 2513 635 2568 νῦν
667 2513 1072 2584 ἀναισθητοῦσι,
1117 2512 1229 2566 ἀλλ’
1260 2512 1379 2582 ἥξει
1411 2511 1513 2581 τῆς
1553 2512 1784 2583 κρίσεως
1805 2513 1843 2565 -ὁ

275 2607 484 2678 καιρός.
519 2605 652 2660 Θεοῦ
694 2607 751 2661 δὲ
793 2607 1096 2678 ἄνθρωπος,
1127 2605 1228 2659 κᾶν
1259 2604 1387 2676 δοκῇ
1434 2605 1845 2676 καταπεφρονῆ-

279 2697 396 2752 σθαι
423 2700 574 2770 παρὰ
597 2699 752 2764 Θεοῦ,
779 2697 857 2769 τῷ
887 2697 1037 2770 παρά
1069 2697 1175 2752 τῶν
1209 2695 1541 2768 ἁμαρτωλῶν
1573 2697 1851 2774 ἀνήκεστα-

278 2791 537 2860 πάσχειν·
562 2789 690 2849 ,ἀλλ’
737 2791 795 2844 ού
833 2790 1184 2868 παραδέδοται
1215 2790 1370 2861 λήθῃ.
1404 2789 1477 2843 Οὐ
1519 2788 1627 2859 γὰρ
1673 2791 1752 2851 εἰς
1785 2787 1844 2840 τὸ

275 2883 424 2946 τέλος
460 2881 880 2954 ἐπιλησθήσεται
912 2883 940 2935 ὁ
973 2883 1186 2952 πτωχὸς
1211 2881 1289 2951 τῷ
1319 2881 1621 2951 πνεύματι·
1658 2878 1766 2943 ἔξει
1788 2878 1844 2932 δὲ

228 2963 232 2970 ’
277 2974 485 3047 καρπὸν
525 2975 617 3028 καὶ
645 2973 797 3038 τέλος
832 2973 1033 3042 ἀγαθὸν
1067 2973 1154 3027 διὰ
1195 2974 1295 3045 τὴν
1325 2957 1388 3026 ἐν’
1427 2975 1537 3038 τοῖς
1581 2971 1844 3045 παροῦσιν

279 3067 574 3138 ὑπομονήν.
1690 3051 1694 3055 ’

357 3160 693 3229 Ἀνάστηθι,
724 3163 918 3228 Κύριε,
944 3159 1030 3228 μὴ
1060 3159 1468 3228 κραταιούσθω
1513 3157 1842 3227 ἅνθρωπος,

278 3250 652 3320 κριθήτωσαν
681 3249 823 3319 ἔθνη
849 3248 1106 3304 ἐνώπιόν
1128 3264 1262 3304 σου.
1291 3247 1706 3318 Κατάστησον,
1729 3252 1846 3306 Κύ-

271 3357 386 3410 ριε,
425 3336 757 3410 νομοθέτην
786 3341 876 3394 ἐπ’
906 3341 1126 3408 αὐτούς
1144 3359 1157 3372 ·
1194 3340 1514 3411 γνώτωσαν
1541 3341 1709 3410 ἔθνη,
1756 3343 1844 3397 ὅτι

271 3429 574 3500 ἄνθρωποί
602 3433 742 3486 εισι.
786 3431 1051 3501 Διεγείρει
1090 3430 1181 3484 τὸν
1224 3431 1356 3484 Θεὸν
1397 3430 1471 3494 ὡς
1519 3430 1620 3500 τῆς
1649 3431 1846 3501 ἀνοχῆς

275 3523 436 3577 αὐτοῦ
473 3523 683 3576 καὶτοῦ
713 3523 942 3576 πλούτου
974 3522 1072 3593 τῆς
1107 3521 1470 3593 χρηστότητος
1499 3523 1593 3575 κα)⁵
1618 3522 1715 3593 τῆς
1746 3540 1848 3593 μα-

276 3614 596 3687 κροθυμίας,
629 3614 897 3686 ἀναϐολὴν
937 3614 1035 3684 μὲν
1077 3612 1409 3683 ἐμποιούσης
1442 3613 1606 3683 αύτῷ,
1638 3615 1847 3685 ἐπιτρι-

275 3708 373 3780 ϐὴν
411 3708 468 3762 δὲ
518 3711 630 3771 τοῖς
672 3705 924 3760 ἀσεϐέσιν
969 3702 1294 3777 ἀνθρώποις.
1328 3702 1636 3775 Εὑξάμενος
1667 3704 1723 3757 δὲ
1762 3707 1848 3757 έν-

275 3801 441 3856 ώπιον
456 3801 550 3856 τοῦ
579 3799 715 3855 Θεοῦ
737 3799 988 3872 κριθῆναι
1021 3797 1090 3852 τά
1111 3797 1258 3870 ἔθνη,
1285 3796 1379 3852 νῦν
1407 3795 1712 3860 ἀκολούθως
1740 3796 1846 3868 πρὸ

274 3896 370 3969 τῆς
401 3895 699 3969 μελλούσης
735 3893 969 3968 κρίσεως
1001 3893 1140 3961 ἀξιοῖ
1169 3891 1384 3962 δοθῆναι
1418 3893 1528 3954 τοῖς
1557 3889 1733 3943 ἔθνεσι
1761 3892 1847 3942 νο-

277 3989 529 4060 μοθέτην,
562 3989 648 4042 ἵνα
691 3987 955 4052 μάθωσιν,
989 3985 1064 4050 ὡς
1095 3985 1230 4038 εἰσιν
1275 3983 1566 4055 ἄνθρωποι,
1595 3981 1706 4037 ἀλλ’
1746 3980 1847 4034 ούκ

272 4082 442 4151 ἄλογα
477 4081 593 4146 ζῶα
614 4098 628 4112 ·
663 4099 724 4135 ου
750 4081 856 4153 γὰρ
888 4079 1099 4148 ἀλόγοις
1126 4077 1325 4131 δίδοται
1356 4076 1533 4152 νόμος.
1566 4075 1678 4129 Οὐκ
1702 4073 1767 4128 ἂν
1790 4073 1847 4127 δὲ

273 4173 421 4243 λέγοι
465 4173 705 4244 Μωῦσῆν
746 4173 836 4225 τὸν
886 4171 944 4238 ἐξ
983 4169 1284 4242 ἀνθρώπων
1329 4171 1494 4225 πάλαι
1544 4168 1846 4241 γεγενημέ-

271 4281 383 4325 νον,
413 4261 535 4316 οὐδὲ
565 4262 724 4332 νόμον
764 4262 856 4314 τὸν
899 4259 1080 4332 μόνοις
1120 4258 1342 4312 τεθέντα
1383 4261 1497 4322 τοῖς
1533 4257 1804 4322 Ἰουδαίοις
1829 4275 1843 4291 ο

271 4352 386 4408 ἀλλ’
414 4350 535 4411 οῦδὲ
561 4350 866 4423 προσδοκᾷν
891 4348 1075 4420 ἕτερον
1120 4343 1278 4411 εἶναι,
1309 4349 1370 4401 τὸ
1415 4347 1503 4401 διὰ
1542 4347 1722 4418 πάσης
1759 4346 1846 4400 ὲλ-

272 4445 386 4500 θεῖν
417 4447 516 4516 τῆς
543 4441 867 4514 οἰκουμένης
889 4441 987 4510 τῆς
1011 4441 1218 4512 Καινῆς
1240 4439 1511 4511 Διαθήκης
1539 4440 1630 4494 τὸν
1663 4440 1842 4511 νόμον.

272 4539 510 4613 Χριστὸς
559 4537 667 4610 γὰρ
695 4538 722 4589 ὁ
764 4533 1077 4607 νομοθέτης,
1121 4533 1214 4586 καὶ
1261 4532 1355 4586 τοῦ
1406 4530 1740 4602 Εύαγγελίου
1788 4531 1848 4584 τὸ

1941 2051 2166 2116 tatione,
2213 2051 2330 2106 sive
2380 2051 2563 2116 metri,
2614 2051 2911 2107 secundum
2941 2050 3264 2108 Hebraicam
3291 2069 3504 2120 vocem,

1942 2143 2057 2200 sive
2090 2143 2355 2208 melodit'e,
2390 2143 2505 2200 sive
2533 2144 2825 2200 verborum
2849 2146 3116 2201 sententia
3148 2148 3204 2201 in
3233 2147 3393 2204 aliam
3426 2149 3501 2205 si-

1942 2233 2341 2304 gniﬁcationem
2363 2236 2647 2292 translata.

2015 2324 2186 2381 Vens.
2225 2326 2310 2382 18.
2354 2325 2741 2383 Convertuntur
2762 2338 3055 2398 peccatore.
3109 2331 3163 2384 in
3214 2334 3501 2402 infernum,

1944 2433 2120 2472 omnes
2149 2428 2321 2489 gentes
2367 2404 2892 2490 quwiobliviscuntur
2921 2421 3106 2478 Deum.
3139 2423 3364 2478 Etiamsi
3393 2425 3504 2493 jam

1943 2513 2094 2566 nullo
2133 2525 2296 2568 sensu
2325 2521 2628 2584 moventur,
2660 2522 2715 2568 at
2737 2516 2916 2570 ve’niet
2942 2515 3133 2584 judicii
3158 2526 3391 2588 tempus.
3421 2517 3508 2572 In.

1945 2605 2104 2658 terim
2140 2604 2302 2660 bom‘o
2325 2605 2442 2671 Dei,
2466 2607 2568 2663 etsi
2599 2607 2848 2662 videatur
2892 2607 2958 2662 ὼ
2983 2608 3104 2677 ipso
3139 2606 3249 2664 Deo
3282 2611 3502 2682 negligi,

1944 2697 2074 2750 dum
2115 2696 2471 2773 intolerandis
2517 2713 2547 2752 a
2598 2699 2979 2768 peccatoribus
3029 2699 3260 2755 abicitur
3303 2704 3504 2768 malis,

1944 2785 2285 2858 nequaquam
2317 2789 2371 2842 in
2401 2789 2728 2844 oblivionem
2761 2791 2927 2845 venit.
2978 2790 3097 2845 Non
3141 2792 3285 2846 enim
3334 2809 3507 2863 usque

1945 2878 2001 2932 in
2047 2879 2209 2932 tinem
2235 2893 2440 2949 pauper
2464 2879 2661 2948 spiritu
2695 2895 2725 2932 a
2755 2878 2866 2934 Deo
2892 2881 3279 2953 negligendus;
3315 2885 3406 2938 sed
3435 2881 3509 2938 ob

1943 2977 2267 3041 praesentem
2294 2971 2630 3042 patientiam,
2677 2977 2732 3026 et
2766 2971 3001 3027 fructum
3033 2962 3191 3028 suum
3221 2983 3276 3029 et
3302 2976 3506 3030 bonum

1945 3061 2108 3116 ﬁnem
2135 3068 2520 3132 consequetur.
2590 3046 2595 3050 ’

2016 3153 2185 3211 Vsus.
2216 3154 2310 3222 20,
2342 3154 2433 3210 21.
2474 3153 2736 3228 Exsurge,
2771 3155 3014 3222 Domtne,
3044 3173 3146 3210 non
3178 3157 3504 3227 confortetnr

1947 3245 2122 3310 homo,
2141 3246 2449 3316 judicentur
2480 3257 2653 3318 gentes
2686 3251 2741 3302 in
2773 3260 3048 3317 conspectu
3078 3257 3186 3303 tuo.
3213 3247 3504 3314 Constitue,

1948 3340 2191 3407 Domine,
2228 3341 2581 3410 legislatorem
2609 3358 2764 3412 super
2801 3357 2930 3396 eos:
2960 3343 3132 3396 sciant
3162 3353 3334 3412 gentes
3375 3361 3507 3414 quo-

1947 3434 2090 3487 niam
2107 3432 2340 3487 homines
2367 3441 2514 3488 sunt.
2540 3432 2710 3489 Deum
2737 3433 2959 3498 excitat,
2995 3441 3055 3488 ut
3087 3435 3177 3513 qui
3223 3436 3510 3490 tolerantia

1947 3539 2069 3590 sua,
2097 3532 2259 3595 atque
2288 3524 2341 3578 vi
2362 3525 2662 3580 elementize
2714 3533 2768 3580 et
2815 3526 3106 3594 patientiae.
3127 3574 3130 3578 .
3155 3525 3258 3580 sibi
3290 3526 3509 3596 quidem

1945 3630 2312 3672 aerumnarum
2341 3615 2782 3679 diuturnitatem,
2803 3616 2986 3685 impiis
3031 3632 3160 3687 vero
3195 3617 3510 3673 hominibus

1943 3706 2177 3762 vexandi
2201 3713 2416 3777 tempus
2437 3707 2665 3761 tribuat.
2698 3705 2992 3778 Postquam
3033 3720 3212 3763 autem
3251 3719 3508 3779 precatus

1945 3800 2052 3868 est,
2081 3806 2143 3854 ut
2171 3787 2480 3871 iudicentur
2509 3803 2696 3866 gentes
2721 3797 2778 3851 in
2803 3806 3098 3867 conspectu
3122 3795 3237 3864 Dei,
3260 3799 3375 3869 jam
3419 3817 3509 3857 ro-

1945 3900 2035 3966 gat
2064 3900 2124 3947 ut
2155 3899 2282 3948 ante
2324 3890 2570 3945 futurum
2621 3889 2889 3959 judicium
2924 3892 3176 3962 gentibus
3232 3893 3510 3964 legislator
3580 3915 3584 3919 ·

1945 3985 2336 4049 constituatur,
2360 3989 2420 4038 ut
2457 3981 2671 4044 discant
2699 3997 2759 4038 se
2785 3982 3057 4049 homines,
3077 4000 3190 4049 non
3211 3986 3372 4042 bruta
3401 3990 3512 4042 ani-

1945 4078 2130 4143 malia,
2160 4091 2282 4132 esse
2311 4094 2322 4129 :
2353 4089 2477 4130 nam
2525 4073 2704 4131 brutis
2758 4074 3087 4131 animalibus
3144 4075 3234 4132 lex
3287 4077 3512 4134 minime

1947 4170 2126 4226 datur.
2151 4168 2418 4225 Caeterum
2443 4151 2554 4222 non
2582 4166 2674 4222 hic
2697 4166 2764 4222 de
2778 4166 2962 4239 Moyse
2977 4167 3108 4238 agit,
3130 4168 3223 4240 qui
3241 4168 3359 4238 jam
3380 4169 3508 4224 olim

1948 4263 2016 4318 de
2041 4263 2222 4319 medio
2244 4262 2524 4317 hominum
2562 4259 2814 4317 sublatus
2841 4257 3048 4327 fuerat;
3095 4274 3271 4329 neque
3295 4260 3362 4314 de
3391 4253 3510 4328 lbge

1947 4347 2068 4426 quae
2095 4355 2228 4412 solis
2259 4352 2465 4409 Iudaeis
2491 4353 2618 4408 data
2647 4351 2845 4413 fuerat,
2872 4365 3047 4419 neque
3078 4352 3194 4404 vult
3224 4351 3384 4403 aliam
3412 4365 3510 4412 ex-

1949 4449 2189 4518 spectari
2231 4438 2424 4518 legem,
2473 4456 2532 4501 ut
2569 4443 2704 4500 Novi
2731 4440 3064 4499 Testamenti
3099 4442 3185 4496 lex
3220 4449 3390 4496 totum
3418 4456 3511 4498 or-

1937 4543 2070 4598 .bem
2110 4541 2387 4613 pervadat.
2421 4539 2668 4596 Chrisws
2697 4535 2842 4592 enim
2873 4535 3534 4607 legislator,".Evangelii-.

274 4637 540 4707 κήρυγμα
583 4629 891 4702 κεκράτηκε
950 4627 1058 4682 τῶν
1102 4625 1289 4681 ἐθνῶν.
1327 4626 1485 4698 ,Περὶ
1527 4619 1588 4680 οῦ
1622 4624 1708 4678 διὰ
1749 4623 1841 4677 τοῦ

1926 4649 2054 4704 que
2102 4633 2416 4704 praedicatio
2463 4631 2514 4685 in
2562 4628 2812 4701 gentibus
2859 4628 3116 4684 obtinuit.
3160 4627 3238 4685 De
3277 4645 3389 4701 quo
3415 4613 3511 4702 per

275 4728 560 4799 προφήτου
617 4724 780 4795 φησὶν
829 4724 858 4776 ὁ
906 4720 1131 4791 Πατήρο
1177 4710 1334 4772 ἰδοῦ
1365 4719 1398 4769 δ
1430 4716 1570 4782 παῖς
1609 4734 1729 4786 μου
1771 4715 1844 4770 ὃν

273 4820 545 4889 ᾑρέτισα,
597 4821 630 4871 ό
669 4815 950 4881 ἐκλεκτός
993 4828 1112 4882 μου
1159 4811 1244 4874 είς
1295 4806 1366 4861 ὃν
1419 4806 1750 4873 εὐδόκησεν
1804 4807 1843 4875 ὴ

273 4911 446 4983 ψυχή
494 4929 632 4982 μου.
682 4910 898 4979 Κρίσιν
951 4904 1075 4972 τοῖς
1123 4903 1364 4957 ἔθνεσιν
1412 4898 1655 4964 ἐξοίσει.
1722 4901 1844 4954 οὐκ

275 5007 483 5076 ἐρίσει,
539 5003 681 5060 οὐδὲ
725 5000 1068 5072 κραυγάσει,
1121 4993 1263 5050 οὐδὲ
1317 4989 1760 5058 ἀκουσθήσεται
1807 4991 1847 5059 ὴ

275 5097 445 5168 φωνὴ
474 5094 680 5152 αὐτοῦ.
722 5093 1003 5163 Κάλαμον
1033 5081 1558 5153 συντεθλασμένον
1595 5082 1666 5135 οὐ
1697 5098 1848 5135 συν-

275 5191 494 5260 τρίψει,
539 5189 638 5245 καὶ
678 5189 854 5244 λίνον
903 5186 1241 5256 τυφόμενον
1295 5179 1367 5232 οὐ
1414 5174 1654 5230 σϐέσει·
1709 5173 1846 5228 ἀλλ’

277 5289 364 5351 είς
403 5275 696 5351 ἀλήθειαν
717 5280 940 5346 ἐξοίσει
977 5279 1195 5347 κρίσιν.
1243 5269 1624 5340 Ἀναλάμψει,
1648 5268 1743 5323 καί
1779 5271 1850 5323 οὐ

279 5371 740 5446 θραυσθήσεται,
762 5372 872 5440 ἕως
893 5371 970 5439 ἂν
997 5370 1190 5440 θῇέὲπὶ
1231 5365 1340 5436 τῆς
1362 5363 1473 5434 τῆς
1503 5362 1724 5430 κρίσιν,
1750 5363 1849 5417 καί

279 5469 360 5537 τῷ
415 5467 658 5536 ὀνόματι
713 5465 899 5520 αὐτοῦ
953 5463 1095 5532 ἔθνη
1147 5460 1463 5516 ἐλπιοῦσιν
1523 5456 1619 5528 (i).
1671 5457 1742 5510 Τὸ
1790 5457 1848 5512 δὲ

293 5559 578 5634 Ἐϐραῖκκδν
609 5557 704 5611 καὶ
726 5572 778 5609 οι
804 5558 977 5612 Λοιποὶ
1004 5556 1204 5620 πάντες
1241 5551 1591 5626 έρμηνευταὶ,
1621 5549 1731 5604 Καὶ
1765 5548 1845 5616 τῷ

284 5658 441 5722 νόμῳ
478 5649 662 5708 αὐτοῦ
701 5651 843 5704 ἔθνη
867 5649 1208 5715 έλπσῦσιν,
1242 5646 1530 5714 ἐξέδωκαν.

350 5777 397 5808 ³⁸
436 5775 541 5832 lsa.
576 5788 726 5838 ιιιι,
767 5770 859 5827 1-4

1901 4771 1904 4775 .
1949 4726 2272 4797 prophetam
2307 4725 2386 4778 ait
2427 4722 2588 4777 Pater
2620 4741 2632 4775 :
2669 4721 2802 4776 Ecce
2829 4737 2958 4797 puer
2984 4739 3149 4788 meus,
3170 4737 3320 4792 quem
3353 4724 3507 4795 elegi,
3606 4735 3611 4739 '

1950 4819 2142 4872 electus
2165 4833 2342 4880 meus;
2379 4814 2696 4885 complacuit
2718 4815 2819 4870 sibi
2837 4817 2892 4870 in
2913 4815 3005 4870 illo
3038 4817 3218 4869 anima
3239 4832 3373 4870 mea.
3409 4814 3512 4870 Ju-

1953 4911 2150 4965 dicium
2179 4906 2419 4980 gentibus
2451 4908 2702 4979 proferet.
2728 4908 2852 4964 Non
2874 4907 3165 4976 contendet,
3202 4925 3368 4978 neque.
3391 4907 3507 4962 cla-

1950 5000 2136 5065 mabit,
2159 5014 2319 5068 neque
2342 4998 2588 5054 audietur
2610 5017 2708 5056 vox
2734 5002 2867 5072 ejus.
2901 5000 3180 5056 Calamum
3202 5009 3507 5071 quassatum

1952 5112 2055 5148 non
2087 5100 2338 5157 conteret,
2363 5101 2414 5148 et
2453 5093 2620 5149 linum
2653 5095 2917 5165 fumigans
2941 5111 3043 5148 non
3071 5098 3388 5164 exstinguet;
3415 5093 3508 5147 sed
3574 5119 3575 5122 η

1949 5188 2006 5241 in
2035 5185 2250 5240 veritate
2275 5184 2457 5240 educet
2483 5187 2766 5256 judicium.
2792 5185 3151 5257 Resplendebit
3180 5193 3226 5239 et
3263 5201 3365 5239 non
3395 5185 3508 5238 col-

1954 5277 2165 5339 lidetur,
2193 5274 2358 5332 donec
2387 5288 2550 5347 ponat
2582 5278 2637 5332 in
2677 5286 2822 5331 terra
2845 5277 3129 5346 judicium,
3159 5284 3207 5331 et
3239 5276 3295 5329 in
3324 5292 3511 5332 nomen

1951 5370 2063 5439 ejus
2091 5377 2265 5440 gentes
2297 5366 2578 5439 sperabunt
2607 5369 2676 5422 ’⁸.
2712 5367 3038 5426 Hebraicum
3081 5377 3259 5423 autem
3289 5375 3344 5422 et
3384 5369 3512 5421 reli-

1951 5464 2042 5534 qui
2069 5477 2258 5518 omnes
2281 5463 2606 5534 interpretes
2636 5461 2965 5518 ediderunt:
2999 5461 3068 5515 Et
3111 5461 3166 5515 in
3201 5462 3361 5533 legem
3393 5461 3510 5533 ejus

1951 5548 2123 5627 gentes
2150 5555 2449 5623 sperabunt.

354 5897 428 5966 (ι)
457 5897 510 5950 1η
537 5890 802 5953 Hebraico
833 5891 1028 5960 legum-
1062 5889 1196 5951 wn”
1222 5897 1351 5947 ῠντκ
1377 5871 1620 5954 πι-ιπηῆι,
1653 5883 1811 5940 idest
1839 5897 1844 5927 τ

1926 5878 2149 5950 Vulgata
2180 5875 2588 5944 interpretatur,
2640 5876 2707 5924 Et
2755 5870 2804 5925 in
2843 5867 2998 5939 legem
3049 5864 3162 5934 ejus
3195 5859 3379 5916 insula:
3411 5873 3508 5912 ex-

319 5969 586 6023 'Jectabunt
