4262 6396
271 487 369 561 137

1389 481 1900 541 COMMENTABIA
1939 479 2008 535 IN
2037 475 2375 534 PSALMOS.

3411 479 3512 536 {'58

259 596 435 649 τεται,
462 578 557 634 καὶ
586 580 789 651 ταύτην
813 562 989 643 οὐδεὶς
1011 578 1393 651 ἀποδράσεται.
1409 576 1517 633 ’Διό
1544 597 1676 650 φησι
1695 598 1709 611 ’
1735 579 1841 633 Τοῦ

1947 575 2313 643 Quamobrem
2346 574 2421 627 ait
2456 572 2779 628 tradendum
2813 588 2936 629 esse
2967 573 3192 645 impium
3228 575 3283 629 in
3318 590 3515 632 manus

262 668 597 744 παραδοῦναι
645 671 809 725 αὑτὸν
855 673 936 735 εἰς
969 671 1139 742 ’χεῖρά
1179 688 1293 726 σου.
1335 670 1636 741 Τοιγαροῦν
1676 672 1705 723 ὁ
1751 670 1842 739 σὸς
1875 682 1882 691 '

259 764 475 835 πτωχὸς
519 763 763 828 ἀκούσας
811 764 921 817 τῶν
961 762 1070 817 σῶν
1102 763 1287 837 ,λόγων
1341 763 1655 832 φασκόντων
1679 780 1701 832 ζ
1745 764 1838 831 Μὴ

258 855 513 925 ἑαυτοὺς
548 838 949 921 ἐκδικοῦντες,
993 856 1289 924 ἀγαπητοί
1308 872 1321 885 ·
1364 855 1526 909 ἀλλὰ
1554 855 1699 910 δότε.
1741 857 1840 909 τό-

258 958 375 999 πον
401 944 478 1014 τῇ
502 944 670 1017 ὀργῆ.
718 947 874 1017 Ἐμοὶ
914 945 1244 1015 ἐκδίκησις,
1277 945 1392 1016 ἐγὼ
1412 946 1837 1012 ἀνταποδώσω,

254 1034 415 1107 λέγει
440 1038 649 1106 Κύριος
664 1078 677 1092 .

401 1129 512 1183 ΕΙΣ
551 1131 638 1184 ΤΟ
661 1129 899 1209 ΔΤΕΛΟΣ
933 1125 1226 1185 ΨᾹΛΜΟΣ
1263 1130 1351 1183 ΤΩ
1388 1118 1589 1184 ΔᾹΥΙΔ
1630 1132 1686 1184 l'.

340 1221 560 1293 Ἐπειδὴ
598 1222 691 1276 καὶ
737 1224 817 1291 τῷ
858 1214 1041 1277 Δαυΐὸ
1072 1223 1161 1286 είς
1184 1212 1247 1274 τὸ
1274 1220 1451 1287 τέλος
1495 1221 1833 1294 γέγραπται⁸

254 1313 535 1367 καὶκατὰ
575 1314 666 1369 τὸν
716 1314 964 1379 ’Δκύλαν,
1012 1312 1092 1379 τῷ
1129 1314 1433 1380 νικοποιῷ,
1469 1315 1610 1369 κατὰ
1647 1315 1703 1368 δὲ
1746 1316 1837 1369 τὸν

252 1400 571 1477 Σύμμαχον,
599 1405 889 1471 ἐπινίκιος
916 1403 1024 1458 τοῦ
1053 1403 1257 1469 Δαυῒδ,
1298 1406 1512 1477 φήσεις,
1558 1407 1639 1459 ὅτι
1684 1408 1778 1460 καὶ
1808 1408 1837 1459 ὁ

252 1494 415 1548 Δαυῒδ
442 1496 580 1566 μετὰ
611 1497 710 1568 τὴν
743 1496 1025 1567 συμϐᾶσαν
1050 1497 1199 1568 αύτῷ
1222 1497 1507 1569 συμφορὰν
1539 1496 1745 1567 ἔφασκε
1769 1499 1837 1551 τὰ

252 1586 614 1658 προκείμενα.

335 1679 461 1732 Ἐπὶ
500 1679 582 1743 τῷ
625 1680 819 1748 Κυρίῳ
852 1681 1111 1737 πέποιθα
1131 1698 1145 1711 ’
1183 1682 1311 1749 πῶς
1342 1682 1529 1752 ἐρεῖτε
1559 1682 1633 1753 τῇ
1661 1683 1836 1755 ψυχῇ

264 1783 396 1821 ιου-
442 1770 903 1823 Μεταναστεύου
941 1771 1041 1824 ἐπὶ
1090 1770 1163 1825 τὰ
1197 1771 1303 1841 ὄρη
1349 1773 1431 1840 ὡς
1480 1776 1834 1843 στρουᾷίοῗὶ

250 1858 466 1912 Τελείου
501 1860 672 1930 φωνὴ,
705 1862 800 1916 καὶ
830 1862 973 1919 κατὰ
995 1863 1087 1918 τὸν
1122 1865 1440 1921 Ἀπόστολον
1474 1870 1644 1921 εἰπεῖν
1675 1868 1834 1923 δυνα-

250 1951 436 2022 μένου,
493 1953 586 2019 Τίς
635 1952 796 2023 ἡμᾶς
840 1958 1083 2026 χωρίσει
1123 1958 1242 2014 ἀπὸ
1290 1960 1400 2030 τῆς
1445 1960 1833 2031 ἀγάπηςτοῦ

249 2043 398 2098 Θεοῦ
422 2060 442 2108 ;
471 2042 547 2098 Ού
579 2043 719 2102 κατὰ
748 2048 839 2103 τὸν
872 2049 1037 2121 ἀτελῆ
1066 2049 1158 2104 τὸν
1188 2055 1332 2125 φυγῇ
1371 2054 1834 2125 μεταναστεύοντα

242 2134 411 2206 τόπον
446 2137 512 2189 ὲκ
553 2137 744 2201 τόπου,
787 2140 880 2193 καὶ
926 2140 1326 2213 περιφεύγοντα
1355 2144 1480 2207 τοὺς
1519 2138 1830 2212 διώκοδτας.

245 2225 408 2281 Καθὰ
438 2226 503 2299 δὴ
536 2228 814 2300 στρουθίον
852 2233 979 2295 τοὺς
1019 2232 1365 2304 θηρεύοντας,
1394 2234 1474 2300 ὃς,
1514 2233 1618 2290 κᾶν
1646 2235 1835 2306 διαφύ-

246 2330 355 2387 γοι,
385 2318 533 2389 λέγοι
558 2320 624 2374 ἄν
646 2338 661 2352 ·
718 2322 780 2378 Ἡ
807 2323 980 2393 ⁴ψυχὴ
1005 2324 1174 2393 ἡμῶν
1203 2326 1284 2392 ὡς
1322 2328 1643 2394 στρουθίον
1665 2328 1835 2396 ἐρρύ-

245 2414 364 2479 σθη
409 2412 480 2466 ἐκ
508 2413 619 2484 τῆς
642 2415 892 2486 παγίδος
922 2415 1041 2470 τῶν
1076 2418 1472 2486 θηρευόντων.

321 2504 445 2558 Ὅτι
488 2504 529 2559 ἀ
568 2509 907 2576 κατηρτίσω
947 2511 1256 2566 καθεῖλον·
1312 2517 1346 2568 ό
1391 2514 1461 2568 δὲ
1504 2515 1733 2585 δίκαιος
1778 2519 1836 2571 τί

244 2591 530 2663 euoluere;
564 2600 779 2667 Κύριος
820 2602 891 2655 ἐν
928 2601 1055 2668 ναῷ
1082 2604 1229 2675 ἁγίῳ
1256 2592 1479 2673 αὑτοῦ,
1515 2610 1730 2677 Κύριος
1764 2611 1834 2663 ἐν

246 2686 483 2754 οὐρανῷ
512 2691 546 2741 ὁ
586 2692 799 2757 θρόνος
836 2694 1046 2749 αὐτοῦ.
1090 2699 1157 2749 Ol
1188 2697 1481 2768 ὀφθαλμοὶ
1524 2700 1711 2755 αὐτοῦ
1744 2705 1832 2769 εὶς

245 2779 353 2832 τὸν
410 2778 645 2849 πένητα
692 2781 1130 2853 ἀποϐλέπουσι,
1179 2789 1251 2843 τὰ
1303 2791 1589 2861 βλέφαρα
1644 2793 1831 2847 αὐτοῦ

244 2869 504 2933 ἐξετάζει
550 2872 694 2940 τοὺς
718 2875 909 2953 ,υίοὺς
950 2876 1071 2929 τῶν
1101 2879 1446 2948 ἀνθρώπων.
1485 2884 1700 2951 Κύριος
1729 2884 1830 2950 ἐξ·

244 2961 431 3023 ετάζει
462 2962 572 3018 τὸν
594 2954 828 3020 δίκαιον
854 2967 1082 3022 καὶτὸν
1111 2967 1313 3038 ἀσεϐῆ.
1360 2972 1420 3025 '0
1449 2973 1607 3042 μόνος
1627 2976 1831 3041 δίκαιος

245 3055 341 3109 καὶ
380 3055 575 3129 κριτὴς
610 3056 761 3123 Θεὸς,
809 3059 936 3123 τοὺς
960 3058 1155 3115 ἑαυτοῦ
1185 3061 1623 3134 πολεμουμένους
1665 3068 1828 3140 ὁρῶν,

243 3144 299 3198 τί
349 3148 639 3229 ὲποίτγσεν;
693 3149 782 3203 Ἐν
826 3150 1039 3222 οὐρανῷ
1087 3154 1356 3209 κατοικῶν
1410 3156 1503 3210 καὶ
1558 3157 1833 3228 βασιλείαν

1946 683 2097 724 suas.
2151 665 2444 721 Enimvero
2490 680 2696 736 pauper
2730 665 2820 721 ille
2842 674 2973 722 tuus
3005 666 3120 720 haec
3140 666 3308 721 verba
3339 667 3439 724 abs
3462 676 3518 725 te

1943 759 2396 841 prolataaudivit
2439 777 2453 814 :
2484 758 2607 815 Non
2638 761 2976 827 vosmetipsos
3003 760 3360 829 defendentes,
3390 762 3518 817 claua

1943 855 2179 919 rissimi;
2207 853 2295 908 sed
2315 853 2436 908 date
2465 853 2639 908 locum
2665 856 2761 908 irce
2792 874 2807 908 :
2850 852 2985 908 Mihi
3023 854 3276 920 vindicta,
3310 872 3402 927 ego
3434 873 3517 911 rea

1943 947 2197 1012 tribuam,
2229 946 2359 1000 dicit
2388 946 2645 1000 Dominus
2672 948 2717 979 ³³

2170 1126 2222 1180 1.
2268 1124 2335 1180 ΙΝ
2378 1124 2591 1180 FINEM
2627 1124 2950 1182 PSALMUS
2987 1125 3195 1181 DAVlD
3232 1126 3298 1199 Χ.

2009 1216 2462 1287 Quandoquidem
2492 1216 2685 1271 Davidi
2720 1218 2776 1271 in
2817 1219 2994 1287 ﬁnem,
3044 1219 3345 1288 inscriptus
3391 1224 3512 1288 est;

1939 1314 1995 1364 et
2041 1309 2199 1379 juxta
2257 1309 2545 1379 Aquilam,
2604 1310 2826 1372 victori;
2878 1310 3033 1379 juxta
3095 1292 3513 1381 Symmachum,

1940 1402 2275 1470 triumphalis
2304 1402 2524 1456 Davidis
2549 1418 2565 1456 :
2591 1402 2759 1473 probe
2794 1402 3020 1466 inferas,
3048 1403 3308 1459 Davidem
3331 1405 3520 1462 isthaec

1937 1504 2063 1568 post
2092 1498 2303 1552 illatam
2336 1497 2441 1553 sibi
2473 1497 2839 1578 calamitatem
2870 1499 3278 1567 pronuntiasse.

2009 1673 2180 1731 Vens.
2231 1673 2287 1732 2.
2332 1673 2399 1729 1η
2446 1674 2674 1727 Domino
2727 1675 2988 1741 con/ida:
3033 1675 3292 1744 quomodo
3339 1673 3518 1730 dicitis

1939 1770 2131 1824 anima:
2172 1784 2299 1822 mea:
2334 1784 2351 1821 :
2383 1767 2729 1837 Transmigra
2770 1766 2826 1819 in
2876 1778 3073 1820 montes
3124 1769 3261 1820 sicut
3296 1771 3520 1836 passer?

1940 1861 2065 1917 Haec
2095 1862 2198 1916 viri
2239 1859 2469 1931 perfecti
2515 1874 2619 1913 vox
2660 1865 2765 1920 est,
2807 1858 2899 1928 qui
2930 1858 3231 1915 secundum
3280 1859 3518 1930 Aposto-

1938 1955 2051 2009 lum
2091 1953 2274 2009 dicere
2309 1951 2489 2005 valeat
2522 1968 2537 2004 :
2572 1950 2705 2015 Quis
2738 1967 2831 2003 nos
2886 1949 3155 2018 separabit
3190 1967 3221 2003 a
3253 1949 3518 2005 charitate

1944 2039 2041 2100 Dei
2104 2041 2120 2072 ¹
2155 2043 2178 2094 ‘!
2249 2042 2370 2097 Non
2400 2056 2555 2096 more
2580 2039 2884 2110 imperfecti
2914 2028 3173 2105 hominis,
3208 2042 3299 2111 qui
3328 2057 3517 2111 perse—

1937 2136 2232 2209 quentibus
2256 2144 2314 2188 ut
2345 2149 2405 2188 se
2443 2132 2733 2203 proripiat,
2768 2131 2836 2185 de
2870 2131 2991 2186 loco
3034 2120 3095 2185 in
3121 2133 3298 2186 locum
3332 2141 3516 2190 trans-

1935 2229 2154 2299 migrat.
2186 2225 2291 2291 Qui
2327 2226 2395 2287 si,
2449 2232 2510 2277 ut
2560 2238 2754 2293 passer
2788 2231 3102 2287 venatores,
3149 2221 3388 2294 effugere
3418 2239 3517 2278 vae

1936 2322 2064 2385 leat,
2096 2322 2219 2388 jure
2245 2318 2445 2373 dixerit
2476 2336 2489 2370 :
2524 2318 2723 2369 Anima
2762 2326 2945 2369 nostra
2971 2317 3105 2369 sicut
3136 2333 3319 2386 passer
3341 2328 3518 2386 erepta

1934 2422 2011 2467 est
2040 2412 2103 2467 de
2133 2411 2320 2482 laqueo
2350 2408 2710 2464 venantium”.

2006 2480 2380 2559 “zamia-6.-
2422 2500 2687 2568 Quoniam
2745 2510 2861 2569 qua:
2920 2498 3184 2566 perfecisti
3243 2502 3519 2555 destruxe-

1935 2596 2269 2665 runt,justus
2285 2606 2459 2649 autem
2476 2594 2601 2665 quid
2615 2594 2734 2662 fecit
2751 2596 2774 2647 ?
2791 2592 3047 2646 Dominus
3062 2593 3112 2645 in
3134 2592 3322 2662 templo
3336 2602 3520 2649 sancto

1934 2705 2052 2752 suo,
2086 2687 2345 2740 Dominus
2384 2688 2439 2738 in
2464 2687 2591 2739 cwlo
2618 2684 2763 2738 sedes
2797 2684 2932 2752 ejus.
2973 2682 3127 2738 Oculi
3160 2686 3273 2751 ejus
3306 2685 3356 2737 in
3377 2699 3515 2752 pau-

1932 2796 2105 2850 perem
2152 2778 2470 2845 respiciunt,
2521 2776 2786 2845 palpebra:
2828 2776 2945 2842 ejus
2997 2776 3321 2844 interrogant
3371 2776 3514 2845 ﬁlios

1932 2874 2224 2927 hominum.
2250 2870 2503 2923 Dominus
2528 2867 3042 2938 interrogatjustum
3065 2878 3111 2921 et
3141 2868 3382 2937 impium.
3403 2878 3511 2923 etc.

1936 2965 2080 3021 Deus
2112 2964 2203 3037 qui
2255 2963 2613 3032 solusjustus
2651 2974 2704 3016 et
2728 2961 2895 3029 judex
2945 2968 3049 3021 est,
3085 2975 3206 3013 cum
3256 2975 3389 3015 suos
3417 2976 3516 3029 op-

1933 3057 2166 3128 pugnari
2204 3063 2474 3117 cerneret,
2521 3054 2650 3123 quid
2691 3052 2853 3105 fecit?
2882 3050 2931 3105 Is
2962 3066 3096 3106 sane
3123 3051 3223 3105 etsi
3262 3052 3317 3104 in
3370 3053 3512 3105 creto

1936 3152 2169 3213 habitet,
2204 3164 2269 3203 ac
2298 3148 2514 3202 firmum
2550 3145 2941 3215 immobileque
2986 3159 3211 3213 regnum
3244 3143 3509 3208 obtineat,

244 3233 385 3306 ἔχων
416 3236 730 3313 ἀσάλευτον,
763 3240 914 3294 οὐδὲν
946 3241 1056 3295 τῶν
1086 3243 1181 3297 ἐπὶ
1211 3244 1316 3315 γῆς
1348 3251 1583 3321 παρορᾷ.
1608 3252 1836 3324 Χαρίξε-

1937 3246 2143 3300 nullam
2178 3250 2520 3297 terrenarum
2554 3253 2737 3294 rerum
2776 3237 3021 3308 negligit.
3056 3235 3288 3307 Pauperi
3327 3246 3512 3291 autem

242 3323 337 3391 ται
364 3327 424 3382 δὲ
463 3329 544 3401 τῷ
584 3331 776 3404 πένητι
808 3333 919 3387 τῶν
953 3335 1318 3409 εύεργετικῶν
1355 3341 1521 3414 αὐτοῦ
1552 3323 1833 3417 δυνάμεων

1940 3340 1997 3397 id
2024 3339 2213 3412 gratiae
2245 3328 2478 3396 confert,
2498 3341 2565 3405 ut
2594 3330 2960 3388 beneficarum
2992 3333 3255 3385 virtutum
3288 3345 3512 3385 suarum

242 3418 345 3491 τὴν
397 3421 726 3503 ἐπισκοπὴν,
782 3424 849 3489 ἃς
901 3442 1067 3497 φησιν
1115 3426 1459 3501 ὀφθαλμούς·
1498 3434 1686 3510 ὥσπερ
1740 3436 1834 3495 οὖν

246 3510 496 3585 βλέφαρα
538 3515 638 3585 τὴν
684 3516 935 3589 κριτικὴν
973 3519 1137 3573 αὐτοῦ
1174 3524 1268 3575 καὶ
1308 3524 1486 3579 πάντα
1532 3528 1835 3603 διακρίνου-

160 3612 163 3613 ⁷
245 3620 347 3658 σαν
371 3605 652 3677 πρόνοιαν.
679 3605 780 3660 Διά
806 3607 1155 3682 δικαιοσύνην
1185 3611 1241 3665 δὲ
1269 3618 1449 3685 κρινεῖ
1478 3619 1572 3671 καὶ
1602 3622 1729 3685 τοὺς
1755 3623 1834 3677 δι-

245 3689 456 3758 καίους,
500 3693 576 3765 μή
602 3710 657 3747 τι
684 3694 777 3749 καὶ
803 3692 967 3761 αὐτὸς
996 3698 1474 3773 πεπλημμέληται.

327 3872 653 3942 Ἐπιϐρέξει
693 3875 793 3930 ἐπὶ
833 3877 1220 3948 ἁμαρτωλοὺς
1259 3882 1533 3953 παγίδας,
1568 3886 1687 3956 πῦρ
1728 3889 1827 3943 καὶ

220 3964 427 4033 “ocior,
468 3968 571 4021 καὶ
595 3968 830 4039 πνεῦμα
861 3973 1200 4043 καταιγίδος
1230 3976 1476 4045 ἡμερὶς
1508 3979 1613 4033 τοῦ
1647 3996 1829 4049 ποτη-

233 4058 376 4126 ρίου
410 4058 628 4115 αὐτῶν.
660 4060 770 4125 Τὰς
803 4064 1095 4135 ἐπιπόνους
1126 4067 1377 4143 κολάσεις
1408 4068 1648 4143 πολλαχῆ
1679 4072 1828 4143 δηλοί

238 4151 301 4205 τὸ
332 4153 615 4225 ποτήριον,
647 4158 722 4217 ὡς
750 4157 808 4208 ἐν
852 4156 1078 4228 Ἡσαΐᾳ·
1122 4159 1470 4231 Ἐξεγείρου,
1503 4164 1825 4236 ἐξεγείρου,

252 4238 706 4315 Ἱερουσαλὴμ,ή
722 4247 946 4301 πιοῦσα
957 4250 1023 4303 τὸ
1037 4252 1323 4335 ποτήριον
1332 4258 1701 4327 εἰσπτώσεως
1727 4263 1771 4334 (l
1784 4264 1825 4333 ),

208 4336 551 4429 uda-Su
579 4338 705 4429 c057
739 4342 952 4410 θυμοῦ.
1007 4345 1170 4414 Λέγει
1216 4348 1273 4401 δὲ
1319 4351 1413 4406 καὶ
1458 4352 1536 4424 τῷ
1590 4355 1835 4429 Ἰερεμίαν

239 4420 372 4491 Θεὸς
388 4442 403 4457 ο
428 4426 587 4481 Λάϐε
613 4428 721 4482 τοῦ
748 4430 918 4484 οἴνου
942 4431 1049 4486 τοῦ
1075 4433 1337 4503 ἀκράτου
1362 4438 1430 4491 ἐκ
1465 4420 1823 4512 χειρός-μου,

240 4519 339 4574 καὶ
374 4519 644 4586 ποτίσεις
673 4520 819 4582 αὐτὸ
862 4521 1061 4577 πάντα
1088 4527 1161 4579 τὰ
1191 4526 1357 4597 ἔθνη,
1397 4530 1548 4598 πρὸς
1577 4532 1685 4600 οὓς
1711 4531 1825 4592 ἐγώ

1936 3428 2278 3500 inspectione
2312 3433 2564 3482 servetur
2597 3442 2608 3475 :
2644 3437 2782 3493 quas
2832 3421 3087 3485 virtutes,
3134 3421 3325 3475 oculos
3369 3436 3510 3475 nun~

1936 3528 2137 3592 cupat;
2173 3535 2282 3589 qua
2318 3518 2447 3572 item
2481 3516 2694 3569 ratione
2730 3513 3159 3583 palpebraa~ejus
3197 3510 3511 3581 significant

1928 3612 2243 3685 judicialem
2271 3610 2417 3663 illius
2439 3606 2838 3679 providentiam
2860 3620 2968 3674 qua
3007 3606 3190 3658 omnia
3220 3603 3510 3673 dijudicat.

1932 3704 2163 3774 Propter
2195 3700 2470 3770 justitiam
2527 3705 2707 3753 autem
2754 3710 2907 3751 suam
2951 3695 3035 3749 rel
3089 3696 3264 3765 ipsum
3298 3696 3511 3765 justum

1928 3795 2218 3867 judicabit,
2252 3807 2322 3846 ne
2352 3798 2407 3845 et
2432 3790 2550 3859 ipse
2586 3803 2805 3859 quoque
2833 3787 2889 3842 in
2916 3796 3200 3858 peccatum
3233 3788 3508 3844 inciderit.

2002 3885 2168 3940 Vens.
2208 3884 2257 3939 7.
2300 3880 2457 3937 Pluet
2492 3898 2650 3951 super
2674 3890 2974 3951 peccatores
3013 3880 3251 3951 laqueos,
3284 3881 3421 3951 ignis
3460 3889 3512 3935 et

1929 3979 2151 4047 sulphur
2182 3984 2231 4030 et
2264 3975 2484 4043 spiritus
2515 3973 2893 4044 procellarum,
2930 3988 3058 4042 pars
3090 3974 3271 4028 colicis
3306 3990 3509 4029 eorum.

1929 4072 2085 4128 Calix
2111 4070 2364 4142 graviora
2397 4068 2718 4139 plerumque
2738 4068 3018 4138 supplicia
3043 4068 3336 4137 signiﬁcat,
3370 4075 3429 4122 ut
3454 4067 3512 4123 in

1931 4160 2071 4221 Isaia
2107 4185 2121 4221 :
2171 4161 2436 4234 Exsurge,
2458 4175 2703 4231 exsurge,
2725 4158 3047 4223 Jerusalem,
3070 4176 3187 4230 qua:
3215 4159 3394 4214 bibisti
3422 4178 3513 4215 ca-

1930 4259 2083 4315 licem
2112 4257 2301 4322 ruinaz,
2350 4254 2597 4321 poculum
2626 4254 2722 4308 ira:
2744 4255 2785 4306 '.
2819 4250 3070 4307 Jereinia':
3114 4242 3332 4322 qunque
3373 4253 3510 4307 dicit

1932 4352 2073 4408 Deus
2106 4370 2117 4405 :
2146 4348 2305 4411 Sume
2336 4348 2513 4402 vinum
2554 4362 2657 4400 non
2696 4343 2921 4396 dilutum
2966 4342 3029 4395 de
3078 4358 3238 4395 manu
3280 4358 3415 4406 mea,
3456 4355 3507 4398 et

1928 4444 2135 4515 patabis
2159 4457 2223 4497 ea:
2249 4458 2308 4495 eo
2339 4456 2517 4496 omnes
2536 4447 2731 4509 gentes,
2766 4434 2833 4488 ad
2872 4450 3005 4503 quas
3031 4449 3121 4503 ego
3151 4435 3359 4488 mittam
3390 4444 3439 4489 te
3460 4436 3502 4489 δ.

1930 4538 2119 4607 Qualis
2144 4542 2227 4591 est
2259 4534 2404 4589 calix
2430 4531 2498 4586 de
2520 4544 2630 4600 quo
2652 4529 2764 4597 jam
2796 4527 2998 4597 agitur,
3037 4527 3203 4596 cujus
3224 4528 3508 4598 plenitudo

238 4604 561 4666 ἀποστελῶ
590 4626 683 4666 σε.
723 4612 935 4667 Ὀποῖον
963 4614 1023 4668 τὸ
1052 4618 1411 4689 προκείμενον
1452 4624 1733 4696 ποτήριον,
1765 4619 1827 4681 οῦ

1932 4604 2073 4705 ignis
2125 4637 2181 4683 et
2229 4626 2461 4696 sulphur
2516 4630 2571 4677 et
2619 4618 2850 4690 spiritus
2897 4619 3297 4689 procellarum;
3344 4623 3503 4690 cujus

236 4703 300 4757 τὸ
332 4702 610 4777 πλήρωμα
650 4703 761 4777 πῦρ
796 4706 889 4759 καὶ
914 4706 1076 4771 θεῖον,
1112 4712 1204 4764 καὶ
1234 4704 1453 4783 πνεῦμα
1482 4717 1824 4785 καταιγίδος·

1931 4738 2064 4781 sane
2094 4718 2339 4794 symbola
2368 4730 2432 4770 ea
2464 4712 2581 4783 ipsa
2614 4717 2743 4767 sunt
2770 4725 2893 4781 qua;
2918 4718 3115 4781 contra
3146 4712 3383 4768 Sodoma
3403 4714 3506 4769 iin-

238 4788 393 4869 οὗοδὴ
435 4795 677 4869 σύμϐολα
698 4798 767 4853 τὰ
798 4799 941 4854 κατὰ
977 4798 1224 4871 Σοδόμων
1264 4804 1641 4876 ἐπενεχθέντα.
1669 4809 1833 4882 Δηλοί

1931 4817 2100 4872 missa
2125 4788 2299 4865 fuere.
2345 4804 2554 4859 Iudicat
2588 4818 2756 4874 porro
2791 4804 2936 4874 ignis
2976 4806 3212 4860 incendii
3260 4821 3326 4861 ac
3367 4806 3505 4861 adu-

237 4884 294 4940 δὲ
318 4880 382 4940 τὸ
425 4885 539 4960 πῦρ
570 4889 668 4962 τὴν
708 4888 1049 4953 διακαύσεως
1077 4890 1327 4963 ἀπειλὴν,
1358 4892 1420 4948 τὸ
1458 4893 1516 4946 δὲ
1557 4893 1700 4948 θεῖον
1730 4880 1830 4969 τὴν

238 4975 614 5050 διεγείρουσαν
662 4979 742 5033 ἔτι
796 4979 995 5049 μᾶλλον
1051 4978 1112 5033 τὸ
1167 4980 1278 5053 πῦρ
1328 4983 1604 5055 ἀφορμὴν,
1659 4987 1721 5041 τὸ
1770 4988 1829 5042 δὲ

238 5070 460 5141 πνεῦμα
480 5064 581 5142 τῆς
604 5071 931 5143 καταιγίδος,
960 5073 1263 5145 πειρασμοῦ
1298 5077 1622 5148 συστροφήν.
1652 5079 1821 5152 Εἴρη-

237 5177 326 5215 ται
365 5162 478 5235 γὰρ
506 5167 564 5220 ὲν
606 5167 833 5239 Ἠσαῖᾳο
882 5166 975 5233 Ὡς
1005 5166 1276 5236 καταιγὶς
1308 5164 1383 5218 δι’
1417 5166 1641 5237 ἐρήμου
1673 5170 1823 5227 διέλ-

217 5256 327 5307 .θοι
349 5253 647 5328 ἐρχομένη
672 5259 854 5330 ἐγγύς
871 5277 884 5292 ο
914 5259 1169 5329 φοϐερόν
1196 5258 1261 5313 τὸ
1293 5258 1482 5329 ὅραμα
1505 5262 1606 5315 καὶ
1637 5271 1825 5334 σκλη-

233 5344 347 5413 ρὸν
373 5344 682 5418 ἀνηγγέλη
707 5369 829 5421 μοι.
865 5353 1020 5406 Ἔστι
1041 5352 1098 5405 δὲ
1120 5351 1215 5406 καὶ
1244 5342 1357 5416 τοῖς
1383 5352 1633 5409 εὐσεϐέσι
1655 5362 1816 5425 ποτή-

244 5453 355 5509 ριον
392 5436 455 5490 τὸ
501 5436 771 5508 μεθύσκον
812 5443 890 5509 ὡς
935 5445 1242 5515 κράτιστον,
1275 5445 1402 5517 περί
1444 5438 1505 5498 οὗ
1542 5446 1684 5518 τάχα
1730 5455 1822 5504 κα-

241 5532 387 5586 κεῖνο
424 5529 706 5585 λέλεκται·
754 5536 966 5604 Κύριος
992 5539 1030 5606 ἠ
1059 5526 1229 5607 μερὶς
1267 5535 1374 5606 τῆς
1420 5541 1820 5611 κληρονομίας

238 5640 355 5693 μου
389 5623 488 5697 καὶ
532 5622 641 5679 τοῦ
679 5628 985 5695 ποτηρίου.
1020 5630 1131 5683 Καὶ
1169 5629 1238 5682 δι’
1285 5618 1460 5702 ἔργων
1505 5633 1724 5702 ἀγαθῶν
1758 5636 1819 5689 τὸ

247 5715 344 5789 μὶν
372 5721 584 5787 φυγεῖν,
616 5716 677 5771 τὸ
706 5718 762 5772 δὲ
794 5720 1144 5791 αἱρήσασθαι.
1454 5736 1456 5739 '

312 5812 358 5845 ”
402 5810 562 5868 Rom.
598 5829 714 5879 xu,
750 5813 836 5869 l9.

248 5879 311 5942 1.
345 5882 400 5936 2.
477 5883 499 5915 ⁸
538 5882 681 5940 Psal.
717 5901 820 5950 xv,
856 5885 908 5941 5.

1930 4905 2125 4963 stionis
2163 4901 2339 4955 minas
2367 4916 2379 4950 :
2407 4895 2660 4967 sulphur,
2704 4895 2847 4963 ignis
2882 4895 3204 4959 fomentum,
3240 4910 3350 4966 quo
3375 4897 3500 4965 plus

1935 4992 2269 5078 erprdescit;
2300 4988 2529 5061 spiritus
2569 4989 2956 5059 procellarum,
3000 4986 3319 5043 tcntationis
3367 5002 3502 5042 con-

1928 5089 2257 5147 versionem.
2293 5085 2353 5137 ln
2385 5082 2523 5137 lsaia
2561 5098 2797 5152 namque
2816 5082 3020 5135 dicitur
3048 5100 3061 5134 :
3091 5079 3239 5158 Sicut
3268 5079 3499 5147 procella

1925 5199 2016 5254 per
2040 5180 2303 5234 desertum
2334 5176 2719 5247 pertransierit,
2753 5189 2910 5243 prope
2933 5172 3180 5226 accedens
3204 5185 3222 5223 :
3249 5170 3498 5226 terribilis

1925 5276 2056 5332 visio
2085 5283 2133 5327 et
2162 5272 2300 5326 dura
2327 5271 2574 5326 nuntiata
2603 5267 2730 5322 mihi
2758 5268 2897 5345 est".
2932 5264 3042 5322 Piis
3062 5281 3277 5335 quoque
3304 5265 3497 5321 homi-

1926 5371 2089 5425 nibus
2121 5367 2263 5421 calix
2312 5365 2594 5420 inebrians
2628 5377 2791 5432 quam
2824 5360 3261 5430 potentissimus,
3293 5358 3363 5414 de
3388 5377 3498 5431 quo

1927 5461 2162 5516 fortasse
2204 5458 2408 5513 dicitur
2436 5477 2447 5511 :
2476 5455 2736 5510 Dominus
2768 5467 2893 5522 pars
2933 5449 3258 5506 hereditatis
3289 5467 3419 5507 mete
3446 5461 3497 5509 et

1925 5554 2106 5607 colicis
2138 5553 2239 5607 mei
2261 5553 2303 5607 ⁸.
2337 5552 2416 5605 Ac
2448 5566 2547 5622 per
2590 5555 2735 5604 recte
2780 5545 2925 5600 facta
2960 5542 3214 5599 vitandus
3254 5543 3366 5609 ille,
3402 5544 3513 5609 hic
3592 5614 3597 5617 Α

1923 5631 2333 5715 amplectendus
2360 5651 2464 5704 est,
3502 5692 3509 5701 .

916 5782 931 5846 λ
972 5812 1131 5869 Rom.
1169 5831 1290 5883 vni,
1338 5821 1428 5875 55.
1504 5822 1525 5855 ³
1563 5821 1709 5878 Psal.
1746 5838 1841 5879 cxx

1924 5864 1936 5891 ,
1975 5823 2029 5882 7.
2104 5823 2125 5853 ³
2153 5821 2280 5879 -lsa.
2315 5826 2402 5893 ιι,
2443 5824 2529 5878 l7.
2576 5822 2626 5906 _'“
2661 5819 2773 5877 Jer.
2814 5797 2955 5883 xxv,
2998 5815 3077 5871 lii.
3154 5818 3176 5848 ⁸
3219 5816 3321 5873 lsa.
3364 5782 3518 5879 ι...

319 5976 395 6048 li)
443 5975 856 6045 ΕΙσπτὼσεως.
885 5979 1049 6035 Forte
1084 5980 1428 6048 ἐκπτώσεως.
1460 5979 1621 6051 LXX,
1655 5981 1931 6047 πτώσεως.
1960 5980 2119 6038 Εοιτ.

555 6062 760 6134 Ριτιι.
792 6071 909 6134 Gn.
952 6068 1201 6137 XXII],
