  <div class='ocr_page' id='page_1' title='image "/cluster/home/n/w/nwhite01/storage/ocr_20150623/23/coo.31924054873041/088.png"; bbox 0 0 4302 6416; ppageno 0'>
   <div class='ocr_carea' id='block_1_1' title="bbox 276 433 3506 538">
    <p class='ocr_par' dir='ltr' id='par_1_1' title="bbox 276 433 3506 538">
     <span class='ocr_line' id='line_1_1' title="bbox 276 433 3506 538; baseline 0.001 -7"><span class='ocrx_word' id='word_1_1' title='bbox 276 475 377 532; x_wconf 77' lang='lat' dir='ltr'><strong>us</strong></span> <span class='ocrx_word' id='word_1_2' title='bbox 707 534 710 538; x_wconf 69' lang='grc'><strong>,</strong></span> <span class='ocrx_word' id='word_1_3' title='bbox 1187 508 1190 512; x_wconf 53' lang='grc' dir='ltr'><strong>ι</strong></span> <span class='ocrx_word' id='word_1_4' title='bbox 1392 473 1895 529; x_wconf 79' lang='lat' dir='ltr'><strong>COMMENTARIA</strong></span> <span class='ocrx_word' id='word_1_5' title='bbox 1931 474 1999 529; x_wconf 88' lang='lat' dir='ltr'><strong>IN</strong></span> <span class='ocrx_word' id='word_1_6' title='bbox 2034 433 2370 532; x_wconf 68' lang='lat' dir='ltr'><strong>PSALuos.</strong></span> <span class='ocrx_word' id='word_1_7' title='bbox 3408 476 3506 535; x_wconf 70' lang='lat' dir='ltr'><strong>ut</strong></span> 
     </span>
    </p>
   </div>
   <div class='ocr_carea' id='block_1_2' title="bbox 273 585 1972 663">
    <p class='ocr_par' dir='ltr' id='par_1_2' title="bbox 273 587 1972 663">
     <span class='ocr_line' id='line_1_2' title="bbox 273 587 1972 663; baseline 0 -21"><span class='ocrx_word' id='word_1_8' title='bbox 273 592 335 643; x_wconf 76' lang='grc' dir='ltr'><strong>ὲκ</strong></span> <span class='ocrx_word' id='word_1_9' title='bbox 382 588 477 644; x_wconf 88' lang='grc' dir='ltr'><strong>τοῦ</strong></span> <span class='ocrx_word' id='word_1_10' title='bbox 519 590 748 661; x_wconf 63' lang='grc' dir='ltr'>ούρανοῦ</span> <span class='ocrx_word' id='word_1_11' title='bbox 778 588 981 663; x_wconf 81' lang='grc' dir='ltr'>Κύριος</span> <span class='ocrx_word' id='word_1_12' title='bbox 1027 589 1119 641; x_wconf 86' lang='grc' dir='ltr'><strong>καί</strong></span> <span class='ocrx_word' id='word_1_13' title='bbox 1159 587 1532 655; x_wconf 79' lang='grc' dir='ltr'>ὲπισκοπήσας</span> <span class='ocrx_word' id='word_1_14' title='bbox 1580 588 1707 651; x_wconf 79' lang='grc' dir='ltr'>τοὺς</span> <span class='ocrx_word' id='word_1_15' title='bbox 1747 588 1840 641; x_wconf 72' lang='grc' dir='ltr'>ἐπὶ</span> <span class='ocrx_word' id='word_1_16' title='bbox 1871 606 1915 663; x_wconf 71' lang='grc' dir='ltr'>Α</span> <span class='ocrx_word' id='word_1_17' title='bbox 1942 603 1972 642; x_wconf 60' lang='grc' dir='ltr'><strong>τη</strong></span> 
     </span>
    </p>
   </div>
   <div class='ocr_carea' id='block_1_3' title="bbox 1811 585 3510 663">
    <p class='ocr_par' dir='ltr' id='par_1_3' title="bbox 1811 585 3510 663">
     <span class='ocr_line' id='line_1_3' title="bbox 1811 585 3510 663; baseline 0.004 -23"><span class='ocrx_word' id='word_1_18' title='bbox 1811 588 1840 641; x_wconf 72' lang='grc' dir='ltr'><strong>τὶ</strong></span> <span class='ocrx_word' id='word_1_19' title='bbox 1871 606 1915 663; x_wconf 71' lang='grc' dir='ltr'>Α</span> <span class='ocrx_word' id='word_1_20' title='bbox 1942 588 2241 658; x_wconf 80' lang='lat' dir='ltr'><strong>respiciens</strong></span> <span class='ocrx_word' id='word_1_21' title='bbox 2263 586 2331 642; x_wconf 91' lang='lat' dir='ltr'><strong>de</strong></span> <span class='ocrx_word' id='word_1_22' title='bbox 2352 587 2493 642; x_wconf 75' lang='lat' dir='ltr'><strong>caelo</strong></span> <span class='ocrx_word' id='word_1_23' title='bbox 2516 585 2775 645; x_wconf 84' lang='lat' dir='ltr'><strong>Dominus</strong></span> <span class='ocrx_word' id='word_1_24' title='bbox 2818 595 2978 661; x_wconf 85' lang='lat' dir='ltr'><strong>alque</strong></span> <span class='ocrx_word' id='word_1_25' title='bbox 3005 590 3383 657; x_wconf 71' lang='lat' dir='ltr'><strong>considerans,</strong></span> <span class='ocrx_word' id='word_1_26' title='bbox 3413 592 3510 647; x_wconf 84' lang='lat' dir='ltr'><strong>de-</strong></span> 
     </span>
    </p>
   </div>
   <div class='ocr_carea' id='block_1_4' title="bbox 273 675 1839 753">
    <p class='ocr_par' dir='ltr' id='par_1_4' title="bbox 273 675 1839 753">
     <span class='ocr_line' id='line_1_4' title="bbox 273 675 1839 753; baseline -0.001 -19"><span class='ocrx_word' id='word_1_27' title='bbox 273 681 372 752; x_wconf 84' lang='grc' dir='ltr'><strong>γῆς</strong></span> <span class='ocrx_word' id='word_1_28' title='bbox 428 678 636 745; x_wconf 83' lang='grc' dir='ltr'>πάντας</span> <span class='ocrx_word' id='word_1_29' title='bbox 677 675 832 753; x_wconf 75' lang='grc' dir='ltr'>εὗρεν</span> <span class='ocrx_word' id='word_1_30' title='bbox 882 680 1232 743; x_wconf 85' lang='grc' dir='ltr'>ὲκκλίναντας</span> <span class='ocrx_word' id='word_1_31' title='bbox 1282 680 1375 733; x_wconf 73' lang='grc' dir='ltr'><strong>καὶ</strong></span> <span class='ocrx_word' id='word_1_32' title='bbox 1425 679 1839 750; x_wconf 81' lang='grc' dir='ltr'>ἀχρειωθέντας,</span> 
     </span>
    </p>
   </div>
   <div class='ocr_carea' id='block_1_5' title="bbox 270 768 1841 843">
    <p class='ocr_par' dir='ltr' id='par_1_5' title="bbox 270 768 1841 843">
     <span class='ocr_line' id='line_1_5' title="bbox 270 768 1841 843; baseline 0 -20"><span class='ocrx_word' id='word_1_33' title='bbox 270 771 344 835; x_wconf 85' lang='grc' dir='ltr'>ὡς</span> <span class='ocrx_word' id='word_1_34' title='bbox 367 771 569 842; x_wconf 78' lang='grc' dir='ltr'><strong>μηδένα</strong></span> <span class='ocrx_word' id='word_1_35' title='bbox 603 771 869 843; x_wconf 82' lang='grc' dir='ltr'><strong>μηδαμῶς</strong></span> <span class='ocrx_word' id='word_1_36' title='bbox 894 771 1245 843; x_wconf 82' lang='grc' dir='ltr'>εὑρίσκεσθαι</span> <span class='ocrx_word' id='word_1_37' title='bbox 1272 773 1331 824; x_wconf 84' lang='grc' dir='ltr'>ὲν</span> <span class='ocrx_word' id='word_1_38' title='bbox 1352 768 1675 842; x_wconf 81' lang='grc' dir='ltr'>ἀνθρώποις,</span> <span class='ocrx_word' id='word_1_39' title='bbox 1709 770 1841 841; x_wconf 80' lang='grc' dir='ltr'>μηδὲ</span> 
     </span>
    </p>
   </div>
   <div class='ocr_carea' id='block_1_6' title="bbox 274 862 1840 936">
    <p class='ocr_par' dir='ltr' id='par_1_6' title="bbox 274 862 1840 936">
     <span class='ocr_line' id='line_1_6' title="bbox 274 862 1840 936; baseline 0.001 -22"><span class='ocrx_word' id='word_1_40' title='bbox 274 862 462 933; x_wconf 80' lang='grc' dir='ltr'><strong>μέχρις</strong></span> <span class='ocrx_word' id='word_1_41' title='bbox 509 863 661 926; x_wconf 78' lang='grc' dir='ltr'>ἐνὸς,</span> <span class='ocrx_word' id='word_1_42' title='bbox 701 863 794 915; x_wconf 82' lang='grc' dir='ltr'><strong>τὸν</strong></span> <span class='ocrx_word' id='word_1_43' title='bbox 822 862 978 933; x_wconf 56' lang='grc' dir='ltr'>,μηδὲ</span> <span class='ocrx_word' id='word_1_44' title='bbox 1030 863 1420 936; x_wconf 76' lang='grc' dir='ltr'>ἠχρειωμένον,</span> <span class='ocrx_word' id='word_1_45' title='bbox 1473 862 1605 933; x_wconf 81' lang='grc' dir='ltr'>μηδὲ</span> <span class='ocrx_word' id='word_1_46' title='bbox 1656 864 1840 935; x_wconf 74' lang='grc' dir='ltr'>ἐκκλί-</span> 
     </span>
    </p>
   </div>
   <div class='ocr_carea' id='block_1_7' title="bbox 271 951 1842 1023">
    <p class='ocr_par' dir='ltr' id='par_1_7' title="bbox 271 951 1842 1023">
     <span class='ocr_line' id='line_1_7' title="bbox 271 951 1842 1023; baseline 0.001 -19"><span class='ocrx_word' id='word_1_47' title='bbox 271 968 432 1004; x_wconf 80' lang='grc' dir='ltr'>ναντα</span> <span class='ocrx_word' id='word_1_48' title='bbox 451 968 463 982; x_wconf 73' lang='grc'><strong><em>⁸</em></strong></span> <span class='ocrx_word' id='word_1_49' title='bbox 519 951 808 1005; x_wconf 85' lang='grc' dir='ltr'>ἀκόλουθόν</span> <span class='ocrx_word' id='word_1_50' title='bbox 850 953 965 1005; x_wconf 82' lang='grc' dir='ltr'>ἐστι</span> <span class='ocrx_word' id='word_1_51' title='bbox 997 955 1110 1015; x_wconf 63' lang='lat' dir='ltr'><strong>toi;</strong></span> <span class='ocrx_word' id='word_1_52' title='bbox 1144 954 1277 1005; x_wconf 74' lang='grc' dir='ltr'>πᾶσι</span> <span class='ocrx_word' id='word_1_53' title='bbox 1304 951 1842 1023; x_wconf 73' lang='grc' dir='ltr'>’συμπεριλαμϐάνε-</span> 
     </span>
    </p>
   </div>
   <div class='ocr_carea' id='block_1_8' title="bbox 272 1044 1841 1117">
    <p class='ocr_par' dir='ltr' id='par_1_8' title="bbox 272 1044 1841 1117">
     <span class='ocr_line' id='line_1_8' title="bbox 272 1044 1841 1117; baseline 0.001 -18"><span class='ocrx_word' id='word_1_54' title='bbox 272 1044 411 1111; x_wconf 98' lang='grc' dir='ltr'>σθαι,</span> <span class='ocrx_word' id='word_1_55' title='bbox 428 1045 523 1099; x_wconf 73' lang='grc' dir='ltr'><strong>καὶ</strong></span> <span class='ocrx_word' id='word_1_56' title='bbox 540 1046 602 1097; x_wconf 85' lang='grc' dir='ltr'><strong>τὸ</strong></span> <span class='ocrx_word' id='word_1_57' title='bbox 628 1045 894 1101; x_wconf 79' lang='grc' dir='ltr'><strong>Ἰουδαίων</strong></span> <span class='ocrx_word' id='word_1_58' title='bbox 918 1045 1092 1110; x_wconf 70' lang='grc' dir='ltr'>ἔθνος,</span> <span class='ocrx_word' id='word_1_59' title='bbox 1108 1047 1203 1101; x_wconf 79' lang='grc' dir='ltr'><strong>καὶ</strong></span> <span class='ocrx_word' id='word_1_60' title='bbox 1223 1045 1382 1098; x_wconf 81' lang='grc' dir='ltr'>αὐτὸν</span> <span class='ocrx_word' id='word_1_61' title='bbox 1402 1045 1492 1099; x_wconf 85' lang='grc' dir='ltr'><strong>τὸν</strong></span> <span class='ocrx_word' id='word_1_62' title='bbox 1511 1045 1841 1117; x_wconf 79' lang='grc' dir='ltr'>καλούμενον</span> 
     </span>
    </p>
   </div>
   <div class='ocr_carea' id='block_1_9' title="bbox 282 1136 1879 1211">
    <p class='ocr_par' dir='ltr' id='par_1_9' title="bbox 282 1136 1879 1211">
     <span class='ocr_line' id='line_1_9' title="bbox 282 1136 1879 1211; baseline 0.004 -22"><span class='ocrx_word' id='word_1_63' title='bbox 282 1136 515 1208; x_wconf 84' lang='grc' dir='ltr'>Ἰσραήλ.</span> <span class='ocrx_word' id='word_1_64' title='bbox 566 1136 646 1191; x_wconf 89' lang='grc' dir='ltr'><strong>Τά</strong></span> <span class='ocrx_word' id='word_1_65' title='bbox 686 1136 867 1206; x_wconf 81' lang='grc' dir='ltr'>μέντοι</span> <span class='ocrx_word' id='word_1_66' title='bbox 912 1139 1248 1211; x_wconf 75' lang='grc' dir='ltr'><strong>προκείμενα</strong></span> <span class='ocrx_word' id='word_1_67' title='bbox 1280 1136 1435 1206; x_wconf 83' lang='grc' dir='ltr'>λόγια</span> <span class='ocrx_word' id='word_1_68' title='bbox 1484 1139 1673 1207; x_wconf 83' lang='grc' dir='ltr'>σαφῶς</span> <span class='ocrx_word' id='word_1_69' title='bbox 1735 1140 1879 1197; x_wconf 35' lang='grc' dir='ltr'>ἁπαν</span> 
     </span>
    </p>
   </div>
   <div class='ocr_carea' id='block_1_10' title="bbox 270 1228 1840 1303">
    <p class='ocr_par' dir='ltr' id='par_1_10' title="bbox 270 1228 1840 1303">
     <span class='ocr_line' id='line_1_10' title="bbox 270 1228 1840 1303; baseline 0.003 -23"><span class='ocrx_word' id='word_1_70' title='bbox 270 1228 525 1298; x_wconf 83' lang='grc' dir='ltr'>εφήνατο,</span> <span class='ocrx_word' id='word_1_71' title='bbox 546 1229 838 1293; x_wconf 82' lang='grc' dir='ltr'>ὃτιπάντες</span> <span class='ocrx_word' id='word_1_72' title='bbox 863 1229 1160 1297; x_wconf 77' lang='grc' dir='ltr'><strong>ἐξέκλιναν,</strong></span> <span class='ocrx_word' id='word_1_73' title='bbox 1185 1229 1302 1300; x_wconf 77' lang='grc' dir='ltr'><strong>ἅμα</strong></span> <span class='ocrx_word' id='word_1_74' title='bbox 1329 1230 1734 1303; x_wconf 79' lang='grc' dir='ltr'>ὴχρειώθησαν,</span> <span class='ocrx_word' id='word_1_75' title='bbox 1762 1233 1840 1298; x_wconf 78' lang='grc' dir='ltr'>ὡς</span> 
     </span>
    </p>
   </div>
   <div class='ocr_carea' id='block_1_11' title="bbox 273 1316 1835 1395">
    <p class='ocr_par' dir='ltr' id='par_1_11' title="bbox 273 1316 1835 1395">
     <span class='ocr_line' id='line_1_11' title="bbox 273 1316 1835 1395; baseline 0.004 -21"><span class='ocrx_word' id='word_1_76' title='bbox 273 1319 403 1390; x_wconf 79' lang='grc' dir='ltr'>μηδὲ</span> <span class='ocrx_word' id='word_1_77' title='bbox 451 1316 591 1375; x_wconf 76' lang='grc' dir='ltr'>εἶναι</span> <span class='ocrx_word' id='word_1_78' title='bbox 638 1322 895 1378; x_wconf 86' lang='grc' dir='ltr'>ποιοῦντα</span> <span class='ocrx_word' id='word_1_79' title='bbox 944 1322 1322 1395; x_wconf 84' lang='grc' dir='ltr'><strong>χρηστότητα,</strong></span> <span class='ocrx_word' id='word_1_80' title='bbox 1372 1325 1506 1395; x_wconf 82' lang='grc' dir='ltr'>μηδὲ</span> <span class='ocrx_word' id='word_1_81' title='bbox 1542 1325 1647 1389; x_wconf 72' lang='grc' dir='ltr'>ἕως</span> <span class='ocrx_word' id='word_1_82' title='bbox 1698 1327 1835 1391; x_wconf 81' lang='grc' dir='ltr'>ἑνός.</span> 
     </span>
    </p>
   </div>
   <div class='ocr_carea' id='block_1_12' title="bbox 271 1412 1839 1487">
    <p class='ocr_par' dir='ltr' id='par_1_12' title="bbox 271 1412 1839 1487">
     <span class='ocr_line' id='line_1_12' title="bbox 271 1412 1839 1487; baseline 0.004 -21"><span class='ocrx_word' id='word_1_83' title='bbox 271 1412 415 1466; x_wconf 82' lang='grc' dir='ltr'>Ἔδει</span> <span class='ocrx_word' id='word_1_84' title='bbox 452 1414 559 1485; x_wconf 72' lang='grc' dir='ltr'><strong>γὰρ</strong></span> <span class='ocrx_word' id='word_1_85' title='bbox 599 1413 658 1468; x_wconf 84' lang='grc' dir='ltr'>τὸ</span> <span class='ocrx_word' id='word_1_86' title='bbox 712 1415 936 1485; x_wconf 86' lang='grc' dir='ltr'>μέγεθος</span> <span class='ocrx_word' id='word_1_87' title='bbox 984 1415 1333 1486; x_wconf 81' lang='grc' dir='ltr'>παραστῆναι</span> <span class='ocrx_word' id='word_1_88' title='bbox 1368 1417 1470 1487; x_wconf 77' lang='grc' dir='ltr'><strong>τῆς</strong></span> <span class='ocrx_word' id='word_1_89' title='bbox 1500 1419 1559 1472; x_wconf 83' lang='grc' dir='ltr'>ὲν</span> <span class='ocrx_word' id='word_1_90' title='bbox 1599 1418 1713 1483; x_wconf 83' lang='grc' dir='ltr'>τοῖς</span> <span class='ocrx_word' id='word_1_91' title='bbox 1743 1421 1839 1473; x_wconf 84' lang='grc' dir='ltr'><strong>ἅν·-</strong></span> 
     </span>
    </p>
   </div>
   <div class='ocr_carea' id='block_1_13' title="bbox 267 1494 1851 1584">
    <p class='ocr_par' dir='ltr' id='par_1_13' title="bbox 267 1494 1851 1584">
     <span class='ocr_line' id='line_1_13' title="bbox 267 1494 1851 1584; baseline 0.004 -26"><span class='ocrx_word' id='word_1_92' title='bbox 267 1494 503 1578; x_wconf 68' lang='grc' dir='ltr'>θρῶποις</span> <span class='ocrx_word' id='word_1_93' title='bbox 552 1508 912 1579; x_wconf 79' lang='grc' dir='ltr'><strong>ἐγγενομένης</strong></span> <span class='ocrx_word' id='word_1_94' title='bbox 956 1508 1111 1561; x_wconf 83' lang='grc' dir='ltr'>νόσου</span> <span class='ocrx_word' id='word_1_95' title='bbox 1166 1508 1271 1581; x_wconf 81' lang='grc' dir='ltr'><strong>πρὸ</strong></span> <span class='ocrx_word' id='word_1_96' title='bbox 1314 1511 1413 1582; x_wconf 83' lang='grc' dir='ltr'>τῆς</span> <span class='ocrx_word' id='word_1_97' title='bbox 1458 1511 1553 1575; x_wconf 81' lang='grc' dir='ltr'><strong>τοῦ</strong></span> <span class='ocrx_word' id='word_1_98' title='bbox 1588 1514 1851 1584; x_wconf 79' lang='grc' dir='ltr'>Σωτῆρος.</span> 
     </span>
    </p>
   </div>
   <div class='ocr_carea' id='block_1_14' title="bbox 266 1598 1837 1674">
    <p class='ocr_par' dir='ltr' id='par_1_14' title="bbox 266 1598 1837 1674">
     <span class='ocr_line' id='line_1_14' title="bbox 266 1598 1837 1674; baseline 0.005 -23"><span class='ocrx_word' id='word_1_99' title='bbox 266 1599 597 1671; x_wconf 80' lang='grc' dir='ltr'>παρουσίας·</span> <span class='ocrx_word' id='word_1_100' title='bbox 627 1602 703 1663; x_wconf 86' lang='grc' dir='ltr'>ὡς</span> <span class='ocrx_word' id='word_1_101' title='bbox 732 1598 799 1653; x_wconf 76' lang='grc' dir='ltr'>ἂν</span> <span class='ocrx_word' id='word_1_102' title='bbox 823 1601 856 1671; x_wconf 83' lang='grc' dir='ltr'>ή</span> <span class='ocrx_word' id='word_1_103' title='bbox 881 1599 1064 1668; x_wconf 79' lang='grc' dir='ltr'>ἄφιξις</span> <span class='ocrx_word' id='word_1_104' title='bbox 1093 1601 1258 1656; x_wconf 83' lang='grc' dir='ltr'>αὐτοῦ</span> <span class='ocrx_word' id='word_1_105' title='bbox 1292 1604 1483 1674; x_wconf 86' lang='grc' dir='ltr'>φανείη</span> <span class='ocrx_word' id='word_1_106' title='bbox 1512 1607 1626 1668; x_wconf 85' lang='grc' dir='ltr'>τοῖς</span> <span class='ocrx_word' id='word_1_107' title='bbox 1672 1606 1837 1659; x_wconf 76' lang='grc' dir='ltr'>πᾶσιν</span> 
     </span>
    </p>
   </div>
   <div class='ocr_carea' id='block_1_15' title="bbox 267 1691 1837 1768">
    <p class='ocr_par' dir='ltr' id='par_1_15' title="bbox 267 1691 1837 1768">
     <span class='ocr_line' id='line_1_15' title="bbox 267 1691 1837 1768; baseline 0.004 -24"><span class='ocrx_word' id='word_1_108' title='bbox 267 1691 556 1760; x_wconf 82' lang='grc' dir='ltr'>ἀναγκαία.</span> <span class='ocrx_word' id='word_1_109' title='bbox 594 1691 799 1755; x_wconf 81' lang='grc' dir='ltr'>Πάντες</span> <span class='ocrx_word' id='word_1_110' title='bbox 827 1692 935 1764; x_wconf 78' lang='grc' dir='ltr'>γὰρ</span> <span class='ocrx_word' id='word_1_111' title='bbox 966 1694 1212 1766; x_wconf 81' lang='grc' dir='ltr'>ἥμαρτον</span> <span class='ocrx_word' id='word_1_112' title='bbox 1235 1697 1329 1750; x_wconf 79' lang='grc' dir='ltr'><strong>καὶ</strong></span> <span class='ocrx_word' id='word_1_113' title='bbox 1359 1694 1709 1768; x_wconf 80' lang='grc' dir='ltr'>ὑστεροῦνται</span> <span class='ocrx_word' id='word_1_114' title='bbox 1736 1697 1837 1767; x_wconf 83' lang='grc' dir='ltr'>τῆς</span> 
     </span>
    </p>
   </div>
   <div class='ocr_carea' id='block_1_16' title="bbox 263 1786 1842 1865">
    <p class='ocr_par' dir='ltr' id='par_1_16' title="bbox 263 1786 1842 1865">
     <span class='ocr_line' id='line_1_16' title="bbox 263 1786 1842 1865; baseline 0.005 -25"><span class='ocrx_word' id='word_1_115' title='bbox 263 1786 420 1860; x_wconf 80' lang='grc' dir='ltr'>δόξης</span> <span class='ocrx_word' id='word_1_116' title='bbox 459 1786 555 1841; x_wconf 90' lang='grc' dir='ltr'><strong>τοῦ</strong></span> <span class='ocrx_word' id='word_1_117' title='bbox 587 1787 742 1853; x_wconf 88' lang='grc' dir='ltr'>Θεοῦ,</span> <span class='ocrx_word' id='word_1_118' title='bbox 776 1788 1146 1860; x_wconf 83' lang='grc' dir='ltr'>δικαιούμενοι</span> <span class='ocrx_word' id='word_1_119' title='bbox 1190 1792 1397 1863; x_wconf 87' lang='grc' dir='ltr'>δωρεάν</span> <span class='ocrx_word' id='word_1_120' title='bbox 1435 1793 1502 1865; x_wconf 81' lang='grc' dir='ltr'>τῇ</span> <span class='ocrx_word' id='word_1_121' title='bbox 1542 1792 1705 1846; x_wconf 79' lang='grc' dir='ltr'>αὐτοῦ</span> <span class='ocrx_word' id='word_1_122' title='bbox 1742 1794 1842 1863; x_wconf 81' lang='grc' dir='ltr'>χά-.</span> 
     </span>
    </p>
   </div>
   <div class='ocr_carea' id='block_1_17' title="bbox 266 1876 1851 1954">
    <p class='ocr_par' dir='ltr' id='par_1_17' title="bbox 266 1876 1851 1954">
     <span class='ocr_line' id='line_1_17' title="bbox 266 1876 1851 1954; baseline 0.006 -25"><span class='ocrx_word' id='word_1_123' title='bbox 266 1894 395 1947; x_wconf 83' lang='grc' dir='ltr'>ριτι.</span> <span class='ocrx_word' id='word_1_124' title='bbox 429 1876 643 1948; x_wconf 79' lang='grc' dir='ltr'>Ταύτην</span> <span class='ocrx_word' id='word_1_125' title='bbox 667 1878 724 1931; x_wconf 82' lang='grc' dir='ltr'>δὲ</span> <span class='ocrx_word' id='word_1_126' title='bbox 755 1880 847 1933; x_wconf 75' lang='grc' dir='ltr'>καὶ</span> <span class='ocrx_word' id='word_1_127' title='bbox 893 1881 922 1934; x_wconf 86' lang='grc' dir='ltr'><strong>ό</strong></span> <span class='ocrx_word' id='word_1_128' title='bbox 958 1881 1187 1946; x_wconf 80' lang='grc' dir='ltr'>Ἡσαΐας</span> <span class='ocrx_word' id='word_1_129' title='bbox 1216 1882 1522 1954; x_wconf 79' lang='grc' dir='ltr'>συμφώνως</span> <span class='ocrx_word' id='word_1_130' title='bbox 1549 1883 1851 1953; x_wconf 31' lang='grc' dir='ltr'>ἀποδίδωσι,</span> 
     </span>
    </p>
   </div>
   <div class='ocr_carea' id='block_1_18' title="bbox 1940 674 3516 750">
    <p class='ocr_par' dir='ltr' id='par_1_18' title="bbox 1940 674 3516 750">
     <span class='ocr_line' id='line_1_18' title="bbox 1940 674 3516 750; baseline 0.003 -18"><span class='ocrx_word' id='word_1_131' title='bbox 1940 679 2284 749; x_wconf 77' lang='lat' dir='ltr'><strong>prehenderit</strong></span> <span class='ocrx_word' id='word_1_132' title='bbox 2305 693 2496 735; x_wconf 85' lang='lat' dir='ltr'><strong>omnes</strong></span> <span class='ocrx_word' id='word_1_133' title='bbox 2521 681 2613 750; x_wconf 90' lang='lat' dir='ltr'><strong>qui</strong></span> <span class='ocrx_word' id='word_1_134' title='bbox 2639 680 2693 734; x_wconf 90' lang='lat' dir='ltr'><strong>in</strong></span> <span class='ocrx_word' id='word_1_135' title='bbox 2724 688 2873 735; x_wconf 88' lang='lat' dir='ltr'><strong>terra</strong></span> <span class='ocrx_word' id='word_1_136' title='bbox 2904 674 3262 738; x_wconf 87' lang='lat' dir='ltr'><strong>versabantur</strong></span> <span class='ocrx_word' id='word_1_137' title='bbox 3282 721 3297 746; x_wconf 92' lang='lat'><strong><em>,</em></strong></span> <span class='ocrx_word' id='word_1_138' title='bbox 3341 684 3516 739; x_wconf 77' lang='lat' dir='ltr'><strong>decli-</strong></span> 
     </span>
    </p>
   </div>
   <div class='ocr_carea' id='block_1_19' title="bbox 1939 768 3521 844">
    <p class='ocr_par' dir='ltr' id='par_1_19' title="bbox 1939 768 3521 844">
     <span class='ocr_line' id='line_1_19' title="bbox 1939 768 3521 844; baseline 0.004 -19"><span class='ocrx_word' id='word_1_139' title='bbox 1939 788 2101 827; x_wconf 82' lang='lat' dir='ltr'><strong>nasse</strong></span> <span class='ocrx_word' id='word_1_140' title='bbox 2126 779 2179 828; x_wconf 91' lang='lat' dir='ltr'><strong>et</strong></span> <span class='ocrx_word' id='word_1_141' title='bbox 2209 771 2427 828; x_wconf 89' lang='lat' dir='ltr'><strong>inutiles</strong></span> <span class='ocrx_word' id='word_1_142' title='bbox 2465 773 2639 828; x_wconf 83' lang='lat' dir='ltr'><strong>factos</strong></span> <span class='ocrx_word' id='word_1_143' title='bbox 2689 789 2811 830; x_wconf 87' lang='lat' dir='ltr'><strong>esse</strong></span> <span class='ocrx_word' id='word_1_144' title='bbox 2831 814 2846 840; x_wconf 84' lang='lat'><strong>,</strong></span> <span class='ocrx_word' id='word_1_145' title='bbox 2882 781 2942 828; x_wconf 90' lang='lat' dir='ltr'><strong>ut</strong></span> <span class='ocrx_word' id='word_1_146' title='bbox 2971 788 3129 829; x_wconf 90' lang='lat' dir='ltr'><strong>nemo</strong></span> <span class='ocrx_word' id='word_1_147' title='bbox 3161 781 3398 844; x_wconf 54' lang='lat' dir='ltr'><strong>prorsus“</strong></span> <span class='ocrx_word' id='word_1_148' title='bbox 3419 768 3521 831; x_wconf 11' lang='lat' dir='ltr'><strong>re-V</strong></span> 
     </span>
    </p>
   </div>
   <div class='ocr_carea' id='block_1_20' title="bbox 1938 863 3509 938">
    <p class='ocr_par' dir='ltr' id='par_1_20' title="bbox 1938 863 3509 938">
     <span class='ocr_line' id='line_1_20' title="bbox 1938 863 3509 938; baseline 0.004 -21"><span class='ocrx_word' id='word_1_149' title='bbox 1938 864 2206 933; x_wconf 86' lang='lat' dir='ltr'><strong>periretur</strong></span> <span class='ocrx_word' id='word_1_150' title='bbox 2244 863 2296 917; x_wconf 91' lang='lat' dir='ltr'><strong>in</strong></span> <span class='ocrx_word' id='word_1_151' title='bbox 2332 864 2645 921; x_wconf 87' lang='lat' dir='ltr'><strong>hominibus</strong></span> <span class='ocrx_word' id='word_1_152' title='bbox 2670 904 2684 929; x_wconf 92' lang='lat'><strong><em>,</em></strong></span> <span class='ocrx_word' id='word_1_153' title='bbox 2728 881 2793 921; x_wconf 91' lang='lat' dir='ltr'><strong>ac</strong></span> <span class='ocrx_word' id='word_1_154' title='bbox 2837 881 2907 921; x_wconf 91' lang='lat' dir='ltr'><strong>ne</strong></span> <span class='ocrx_word' id='word_1_155' title='bbox 2943 866 3026 921; x_wconf 91' lang='lat' dir='ltr'><strong>vel</strong></span> <span class='ocrx_word' id='word_1_156' title='bbox 3058 882 3228 929; x_wconf 85' lang='lat' dir='ltr'><strong>unus.</strong></span> <span class='ocrx_word' id='word_1_157' title='bbox 3274 867 3368 938; x_wconf 88' lang='lat' dir='ltr'><strong>qui</strong></span> <span class='ocrx_word' id='word_1_158' title='bbox 3399 882 3509 923; x_wconf 92' lang='lat' dir='ltr'><strong>non</strong></span> 
     </span>
    </p>
   </div>
   <div class='ocr_carea' id='block_1_21' title="bbox 1939 955 3519 1035">
    <p class='ocr_par' dir='ltr' id='par_1_21' title="bbox 1939 955 3519 1035">
     <span class='ocr_line' id='line_1_21' title="bbox 1939 955 3519 1035; baseline 0.003 -24"><span class='ocrx_word' id='word_1_159' title='bbox 1939 956 2149 1011; x_wconf 88' lang='lat' dir='ltr'><strong>inutilis</strong></span> <span class='ocrx_word' id='word_1_160' title='bbox 2180 955 2360 1013; x_wconf 78' lang='lat' dir='ltr'><strong>factus.</strong></span> <span class='ocrx_word' id='word_1_161' title='bbox 2379 966 2542 1021; x_wconf 86' lang='lat' dir='ltr'><strong>esset,</strong></span> <span class='ocrx_word' id='word_1_162' title='bbox 2573 965 2628 1012; x_wconf 89' lang='lat' dir='ltr'><strong>et</strong></span> <span class='ocrx_word' id='word_1_163' title='bbox 2667 958 2761 1027; x_wconf 85' lang='lat' dir='ltr'><strong>qui</strong></span> <span class='ocrx_word' id='word_1_164' title='bbox 2794 974 2900 1012; x_wconf 93' lang='lat' dir='ltr'><strong>non</strong></span> <span class='ocrx_word' id='word_1_165' title='bbox 2927 957 3278 1022; x_wconf 86' lang='lat' dir='ltr'><strong>declinasset,</strong></span> <span class='ocrx_word' id='word_1_166' title='bbox 3309 974 3519 1035; x_wconf 82' lang='lat' dir='ltr'><strong>conse-_</strong></span> 
     </span>
    </p>
   </div>
   <div class='ocr_carea' id='block_1_22' title="bbox 1937 1038 3509 1121">
    <p class='ocr_par' dir='ltr' id='par_1_22' title="bbox 1937 1038 3509 1121">
     <span class='ocr_line' id='line_1_22' title="bbox 1937 1038 3509 1121; baseline 0.003 -19"><span class='ocrx_word' id='word_1_167' title='bbox 1937 1064 2113 1119; x_wconf 88' lang='lat' dir='ltr'><strong>quens</strong></span> <span class='ocrx_word' id='word_1_168' title='bbox 2134 1051 2355 1105; x_wconf 88' lang='lat' dir='ltr'><strong>omnino</strong></span> <span class='ocrx_word' id='word_1_169' title='bbox 2382 1056 2464 1105; x_wconf 88' lang='lat' dir='ltr'><strong>est</strong></span> <span class='ocrx_word' id='word_1_170' title='bbox 2486 1065 2610 1105; x_wconf 91' lang='lat' dir='ltr'><strong>cum</strong></span> <span class='ocrx_word' id='word_1_171' title='bbox 2642 1038 2900 1106; x_wconf 85' lang='lat' dir='ltr'><strong>omnibus</strong></span> <span class='ocrx_word' id='word_1_172' title='bbox 2932 1050 3318 1121; x_wconf 83' lang='lat' dir='ltr'><strong>comprehendi</strong></span> <span class='ocrx_word' id='word_1_173' title='bbox 3344 1052 3509 1106; x_wconf 86' lang='lat' dir='ltr'><strong>etiam</strong></span> 
     </span>
    </p>
   </div>
   <div class='ocr_carea' id='block_1_23' title="bbox 1938 1140 3510 1213">
    <p class='ocr_par' dir='ltr' id='par_1_23' title="bbox 1938 1140 3510 1213">
     <span class='ocr_line' id='line_1_23' title="bbox 1938 1140 3510 1213; baseline 0.002 -18"><span class='ocrx_word' id='word_1_174' title='bbox 1938 1142 2115 1211; x_wconf 90' lang='lat' dir='ltr'><strong>ipsum</strong></span> <span class='ocrx_word' id='word_1_175' title='bbox 2145 1140 2428 1199; x_wconf 84' lang='lat' dir='ltr'><strong>Judaicum</strong></span> <span class='ocrx_word' id='word_1_176' title='bbox 2451 1156 2644 1212; x_wconf 62' lang='lat' dir='ltr'><strong>genus.</strong></span> <span class='ocrx_word' id='word_1_177' title='bbox 2675 1141 2820 1213; x_wconf 89' lang='lat' dir='ltr'><strong>quod</strong></span> <span class='ocrx_word' id='word_1_178' title='bbox 2862 1143 2987 1197; x_wconf 88' lang='lat' dir='ltr'><strong>item</strong></span> <span class='ocrx_word' id='word_1_179' title='bbox 3023 1141 3189 1197; x_wconf 89' lang='lat' dir='ltr'><strong>Israel</strong></span> <span class='ocrx_word' id='word_1_180' title='bbox 3222 1158 3510 1213; x_wconf 85' lang='lat' dir='ltr'><strong>nuncupa-</strong></span> 
     </span>
    </p>
   </div>
   <div class='ocr_carea' id='block_1_24' title="bbox 1939 1228 3520 1303">
    <p class='ocr_par' dir='ltr' id='par_1_24' title="bbox 1939 1228 3520 1303">
     <span class='ocr_line' id='line_1_24' title="bbox 1939 1228 3520 1303; baseline 0.001 -17"><span class='ocrx_word' id='word_1_181' title='bbox 1939 1238 2054 1286; x_wconf 90' lang='lat' dir='ltr'><strong>tum</strong></span> <span class='ocrx_word' id='word_1_182' title='bbox 2078 1230 2341 1289; x_wconf 79' lang='lat' dir='ltr'><strong>est.-lstis</strong></span> <span class='ocrx_word' id='word_1_183' title='bbox 2376 1235 2555 1303; x_wconf 90' lang='lat' dir='ltr'><strong>itaque</strong></span> <span class='ocrx_word' id='word_1_184' title='bbox 2608 1233 2839 1302; x_wconf 88' lang='lat' dir='ltr'><strong>eloquiis</strong></span> <span class='ocrx_word' id='word_1_185' title='bbox 2894 1233 3039 1287; x_wconf 86' lang='lat' dir='ltr'><strong>clare</strong></span> <span class='ocrx_word' id='word_1_186' title='bbox 3085 1228 3520 1302; x_wconf 81' lang='lat' dir='ltr'><strong>pronuntiatur,‘</strong></span> 
     </span>
    </p>
   </div>
   <div class='ocr_carea' id='block_1_25' title="bbox 1939 1323 3510 1393">
    <p class='ocr_par' dir='ltr' id='par_1_25' title="bbox 1939 1323 3510 1393">
     <span class='ocr_line' id='line_1_25' title="bbox 1939 1323 3510 1393; baseline 0.004 -16"><span class='ocrx_word' id='word_1_187' title='bbox 1939 1324 2085 1393; x_wconf 88' lang='lat' dir='ltr'><strong>quod</strong></span> <span class='ocrx_word' id='word_1_188' title='bbox 2115 1323 2328 1379; x_wconf 75' lang='lat' dir='ltr'><strong>scilicet</strong></span> <span class='ocrx_word' id='word_1_189' title='bbox 2365 1340 2555 1379; x_wconf 90' lang='lat' dir='ltr'><strong>omnes</strong></span> <span class='ocrx_word' id='word_1_190' title='bbox 2582 1324 2993 1388; x_wconf 83' lang='lat' dir='ltr'><strong>declinaverint,</strong></span> <span class='ocrx_word' id='word_1_191' title='bbox 3016 1332 3069 1379; x_wconf 89' lang='lat' dir='ltr'><strong>et</strong></span> <span class='ocrx_word' id='word_1_192' title='bbox 3102 1325 3263 1379; x_wconf 87' lang='lat' dir='ltr'><strong>simul</strong></span> <span class='ocrx_word' id='word_1_193' title='bbox 3293 1328 3510 1390; x_wconf 89' lang='lat' dir='ltr'><strong>inutiles</strong></span> 
     </span>
    </p>
   </div>
   <div class='ocr_carea' id='block_1_26' title="bbox 1939 1415 3547 1489">
    <p class='ocr_par' dir='ltr' id='par_1_26' title="bbox 1939 1415 3547 1489">
     <span class='ocr_line' id='line_1_26' title="bbox 1939 1415 3547 1489; baseline 0.005 -19"><span class='ocrx_word' id='word_1_194' title='bbox 1939 1415 2067 1470; x_wconf 85' lang='lat' dir='ltr'><strong>facti</strong></span> <span class='ocrx_word' id='word_1_195' title='bbox 2095 1417 2228 1483; x_wconf 89' lang='lat' dir='ltr'><strong>sint,</strong></span> <span class='ocrx_word' id='word_1_196' title='bbox 2262 1416 2337 1471; x_wconf 90' lang='lat' dir='ltr'><strong>ita</strong></span> <span class='ocrx_word' id='word_1_197' title='bbox 2360 1424 2421 1471; x_wconf 93' lang='lat' dir='ltr'><strong>ut</strong></span> <span class='ocrx_word' id='word_1_198' title='bbox 2444 1420 2627 1474; x_wconf 89' lang='lat' dir='ltr'><strong>nullus</strong></span> <span class='ocrx_word' id='word_1_199' title='bbox 2653 1418 2817 1473; x_wconf 83' lang='lat' dir='ltr'><strong>fuerit</strong></span> <span class='ocrx_word' id='word_1_200' title='bbox 2841 1419 2933 1489; x_wconf 83' lang='lat' dir='ltr'><strong>qui</strong></span> <span class='ocrx_word' id='word_1_201' title='bbox 2961 1417 3163 1474; x_wconf 80' lang='lat' dir='ltr'><strong>faceret</strong></span> <span class='ocrx_word' id='word_1_202' title='bbox 3189 1418 3413 1487; x_wconf 90' lang='lat' dir='ltr'><strong>bonum,</strong></span> <span class='ocrx_word' id='word_1_203' title='bbox 3444 1437 3547 1478; x_wconf 71' lang='grc' dir='ltr'><strong>πιθα</strong></span> 
     </span>
    </p>
   </div>
   <div class='ocr_carea' id='block_1_27' title="bbox 1935 1504 3523 1589">
    <p class='ocr_par' dir='ltr' id='par_1_27' title="bbox 1935 1504 3523 1589">
     <span class='ocr_line' id='line_1_27' title="bbox 1935 1504 3523 1589; baseline 0.004 -27"><span class='ocrx_word' id='word_1_204' title='bbox 1935 1510 2020 1563; x_wconf 92' lang='lat' dir='ltr'><strong>vel</strong></span> <span class='ocrx_word' id='word_1_205' title='bbox 2056 1525 2229 1579; x_wconf 85' lang='lat' dir='ltr'><strong>usque</strong></span> <span class='ocrx_word' id='word_1_206' title='bbox 2258 1509 2325 1564; x_wconf 89' lang='lat' dir='ltr'><strong>ad</strong></span> <span class='ocrx_word' id='word_1_207' title='bbox 2357 1527 2550 1567; x_wconf 90' lang='lat' dir='ltr'><strong>unum.</strong></span> <span class='ocrx_word' id='word_1_208' title='bbox 2572 1570 2575 1571; x_wconf 25' lang='grc' dir='ltr'><strong>ν</strong></span> <span class='ocrx_word' id='word_1_209' title='bbox 2601 1511 2707 1566; x_wconf 84' lang='lat' dir='ltr'><strong>Par</strong></span> <span class='ocrx_word' id='word_1_210' title='bbox 2733 1504 2844 1589; x_wconf 74' lang='lat' dir='ltr'><strong>fuit</strong></span> <span class='ocrx_word' id='word_1_211' title='bbox 2889 1512 3035 1567; x_wconf 90' lang='lat' dir='ltr'><strong>enim</strong></span> <span class='ocrx_word' id='word_1_212' title='bbox 3080 1510 3523 1583; x_wconf 77' lang='lat' dir='ltr'><strong>magnitudinem</strong></span> 
     </span>
    </p>
   </div>
   <div class='ocr_carea' id='block_1_28' title="bbox 1938 1595 3512 1671">
    <p class='ocr_par' dir='ltr' id='par_1_28' title="bbox 1938 1595 3512 1671">
     <span class='ocr_line' id='line_1_28' title="bbox 1938 1595 3512 1671; baseline 0.006 -19"><span class='ocrx_word' id='word_1_213' title='bbox 1938 1600 2133 1664; x_wconf 85' lang='lat' dir='ltr'><strong>morbi,</strong></span> <span class='ocrx_word' id='word_1_214' title='bbox 2166 1600 2259 1671; x_wconf 89' lang='lat' dir='ltr'><strong>qui</strong></span> <span class='ocrx_word' id='word_1_215' title='bbox 2299 1609 2427 1656; x_wconf 82' lang='lat' dir='ltr'><strong>ante</strong></span> <span class='ocrx_word' id='word_1_216' title='bbox 2470 1602 2773 1659; x_wconf 82' lang='lat' dir='ltr'><strong>Saivatoris</strong></span> <span class='ocrx_word' id='word_1_217' title='bbox 2817 1603 3108 1663; x_wconf 79' lang='lat' dir='ltr'><strong>adventum</strong></span> <span class='ocrx_word' id='word_1_218' title='bbox 3162 1604 3217 1659; x_wconf 88' lang='lat' dir='ltr'><strong>in</strong></span> <span class='ocrx_word' id='word_1_219' title='bbox 3259 1595 3512 1661; x_wconf 81' lang='lat' dir='ltr'><strong>omnibus</strong></span> 
     </span>
    </p>
   </div>
   <div class='ocr_carea' id='block_1_29' title="bbox 1937 1677 3521 1773">
    <p class='ocr_par' dir='ltr' id='par_1_29' title="bbox 1937 1677 3521 1773">
     <span class='ocr_line' id='line_1_29' title="bbox 1937 1677 3521 1773; baseline 0.002 -26"><span class='ocrx_word' id='word_1_220' title='bbox 1937 1694 2249 1749; x_wconf 85' lang='lat' dir='ltr'><strong>hominibus</strong></span> <span class='ocrx_word' id='word_1_221' title='bbox 2301 1696 2694 1765; x_wconf 79' lang='lat' dir='ltr'><strong>grassabatur,</strong></span> <span class='ocrx_word' id='word_1_222' title='bbox 2741 1696 2918 1765; x_wconf 86' lang='lat' dir='ltr'><strong>palam</strong></span> <span class='ocrx_word' id='word_1_223' title='bbox 2968 1696 3193 1754; x_wconf 79' lang='lat' dir='ltr'><strong>facere:</strong></span> <span class='ocrx_word' id='word_1_224' title='bbox 3237 1704 3303 1761; x_wconf 71' lang='lat' dir='ltr'><strong>ut</strong></span> <span class='ocrx_word' id='word_1_225' title='bbox 3345 1677 3521 1773; x_wconf 33' lang='lat' dir='ltr'><strong>mani-ﬁ</strong></span> 
     </span>
    </p>
   </div>
   <div class='ocr_carea' id='block_1_30' title="bbox 1934 1771 3518 1859">
    <p class='ocr_par' dir='ltr' id='par_1_30' title="bbox 1934 1771 3518 1859">
     <span class='ocr_line' id='line_1_30' title="bbox 1934 1771 3518 1859; baseline 0.003 -18"><span class='ocrx_word' id='word_1_226' title='bbox 1934 1771 2134 1842; x_wconf 82' lang='lat' dir='ltr'><strong>festum</strong></span> <span class='ocrx_word' id='word_1_227' title='bbox 2158 1787 2413 1843; x_wconf 89' lang='lat' dir='ltr'><strong>omnibus</strong></span> <span class='ocrx_word' id='word_1_228' title='bbox 2436 1795 2581 1843; x_wconf 82' lang='lat' dir='ltr'><strong>esset</strong></span> <span class='ocrx_word' id='word_1_229' title='bbox 2608 1789 2727 1855; x_wconf 68' lang='lat' dir='ltr'><strong>ejus</strong></span> <span class='ocrx_word' id='word_1_230' title='bbox 2760 1786 2815 1842; x_wconf 90' lang='lat' dir='ltr'><strong>in</strong></span> <span class='ocrx_word' id='word_1_231' title='bbox 2845 1795 2991 1843; x_wconf 88' lang='lat' dir='ltr'><strong>terra</strong></span> <span class='ocrx_word' id='word_1_232' title='bbox 3019 1771 3518 1859; x_wconf 25' lang='lat' dir='ltr'><strong>peregrinationem;</strong></span> 
     </span>
    </p>
   </div>
   <div class='ocr_carea' id='block_1_31' title="bbox 1939 1874 3512 1950">
    <p class='ocr_par' dir='ltr' id='par_1_31' title="bbox 1939 1874 3512 1950">
     <span class='ocr_line' id='line_1_31' title="bbox 1939 1874 3512 1950; baseline 0.004 -21"><span class='ocrx_word' id='word_1_233' title='bbox 1939 1874 2110 1932; x_wconf 80' lang='lat' dir='ltr'><strong>fuisse</strong></span> <span class='ocrx_word' id='word_1_234' title='bbox 2144 1891 2374 1947; x_wconf 85' lang='lat' dir='ltr'><strong>prorsus</strong></span> <span class='ocrx_word' id='word_1_235' title='bbox 2402 1877 2790 1933; x_wconf 81' lang='lat' dir='ltr'><strong>necessariam.</strong></span> <span class='ocrx_word' id='word_1_236' title='bbox 2840 1876 3041 1935; x_wconf 81' lang='lat' dir='ltr'><strong>Omnes</strong></span> <span class='ocrx_word' id='word_1_237' title='bbox 3084 1879 3352 1949; x_wconf 86' lang='lat' dir='ltr'><strong>siquidem</strong></span> <span class='ocrx_word' id='word_1_238' title='bbox 3384 1896 3512 1950; x_wconf 84' lang='lat' dir='ltr'><strong>pec-</strong></span> 
     </span>
    </p>
   </div>
   <div class='ocr_carea' id='block_1_32' title="bbox 265 1959 1964 2047">
    <p class='ocr_par' dir='ltr' id='par_1_32' title="bbox 265 1959 1964 2047">
     <span class='ocr_line' id='line_1_32' title="bbox 265 1959 1964 2047; baseline 0.004 -25"><span class='ocrx_word' id='word_1_239' title='bbox 265 1968 363 2040; x_wconf 82' lang='grc' dir='ltr'><strong>τὴν</strong></span> <span class='ocrx_word' id='word_1_240' title='bbox 394 1968 631 2024; x_wconf 78' lang='grc' dir='ltr'>διάνοιαν</span> <span class='ocrx_word' id='word_1_241' title='bbox 674 1972 732 2024; x_wconf 79' lang='grc' dir='ltr'>ὲν</span> <span class='ocrx_word' id='word_1_242' title='bbox 767 1966 848 2035; x_wconf 73' lang='grc' dir='ltr'>οἷς</span> <span class='ocrx_word' id='word_1_243' title='bbox 884 1989 1019 2043; x_wconf 85' lang='grc' dir='ltr'>φησι</span> <span class='ocrx_word' id='word_1_244' title='bbox 1077 1973 1213 2045; x_wconf 74' lang='grc' dir='ltr'>πρὸς</span> <span class='ocrx_word' id='word_1_245' title='bbox 1250 1974 1350 2047; x_wconf 85' lang='grc' dir='ltr'><strong>τὴν</strong></span> <span class='ocrx_word' id='word_1_246' title='bbox 1397 1975 1667 2045; x_wconf 81' lang='grc' dir='ltr'>Ἰουδαίων</span> <span class='ocrx_word' id='word_1_247' title='bbox 1713 1992 1837 2029; x_wconf 90' lang='grc' dir='ltr'>συν-</span> <span class='ocrx_word' id='word_1_248' title='bbox 1866 1959 1909 2013; x_wconf 82' lang='grc' dir='ltr'><strong>Β</strong></span> <span class='ocrx_word' id='word_1_249' title='bbox 1937 1981 1964 2020; x_wconf 82' lang='lat' dir='ltr'><strong>C</strong></span> 
     </span>
    </p>
   </div>
   <div class='ocr_carea' id='block_1_33' title="bbox 1808 1959 3507 2047">
    <p class='ocr_par' dir='ltr' id='par_1_33' title="bbox 1808 1959 3507 2043">
     <span class='ocr_line' id='line_1_33' title="bbox 1808 1959 3507 2043; baseline 0.006 -24"><span class='ocrx_word' id='word_1_250' title='bbox 1808 1998 1837 2016; x_wconf 60' lang='grc' dir='ltr'>ι-</span> <span class='ocrx_word' id='word_1_251' title='bbox 1866 1959 1909 2013; x_wconf 91' lang='grc' dir='ltr'><strong>Β</strong></span> <span class='ocrx_word' id='word_1_252' title='bbox 1937 1976 2233 2031; x_wconf 83' lang='lat' dir='ltr'><strong>caverunt,</strong></span> <span class='ocrx_word' id='word_1_253' title='bbox 2263 1984 2455 2026; x_wconf 88' lang='lat' dir='ltr'><strong>omnes</strong></span> <span class='ocrx_word' id='word_1_254' title='bbox 2508 1969 2680 2041; x_wconf 78' lang='lat' dir='ltr'><strong>gloria</strong></span> <span class='ocrx_word' id='word_1_255' title='bbox 2713 1968 2818 2025; x_wconf 88' lang='lat' dir='ltr'><strong>Dei-</strong></span> <span class='ocrx_word' id='word_1_256' title='bbox 2844 1972 3199 2041; x_wconf 88' lang='lat' dir='ltr'><strong>privabantur</strong></span> <span class='ocrx_word' id='word_1_257' title='bbox 3222 2012 3237 2035; x_wconf 89' lang='lat'><strong>,</strong></span> <span class='ocrx_word' id='word_1_258' title='bbox 3291 1980 3346 2027; x_wconf 89' lang='lat' dir='ltr'><strong>et</strong></span> <span class='ocrx_word' id='word_1_259' title='bbox 3391 1975 3507 2043; x_wconf 85' lang='lat' dir='ltr'><strong>jam</strong></span> 
     </span>
    </p>
   </div>
   <div class='ocr_carea' id='block_1_34' title="bbox 261 2062 1837 2139">
    <p class='ocr_par' dir='ltr' id='par_1_34' title="bbox 261 2062 1837 2139">
     <span class='ocr_line' id='line_1_34' title="bbox 261 2062 1837 2139; baseline 0.006 -25"><span class='ocrx_word' id='word_1_260' title='bbox 261 2062 483 2133; x_wconf 82' lang='grc' dir='ltr'>αγωγὴν</span> <span class='ocrx_word' id='word_1_261' title='bbox 515 2063 930 2139; x_wconf 82' lang='grc' dir='ltr'>ἀποτεινόμενος</span> <span class='ocrx_word' id='word_1_262' title='bbox 949 2083 963 2096; x_wconf 89' lang='grc'><strong>·</strong></span> <span class='ocrx_word' id='word_1_263' title='bbox 993 2066 1147 2121; x_wconf 84' lang='grc' dir='ltr'>Ἰδοὺ</span> <span class='ocrx_word' id='word_1_264' title='bbox 1175 2067 1305 2133; x_wconf 79' lang='grc' dir='ltr'>ταῖς</span> <span class='ocrx_word' id='word_1_265' title='bbox 1331 2067 1640 2136; x_wconf 79' lang='grc' dir='ltr'>ἁμαρτίαις</span> <span class='ocrx_word' id='word_1_266' title='bbox 1670 2068 1837 2138; x_wconf 81' lang='grc' dir='ltr'>ὑμῶν</span> 
     </span>
    </p>
   </div>
   <div class='ocr_carea' id='block_1_35' title="bbox 259 2156 1839 2230">
    <p class='ocr_par' dir='ltr' id='par_1_35' title="bbox 259 2156 1839 2230">
     <span class='ocr_line' id='line_1_35' title="bbox 259 2156 1839 2230; baseline 0.001 -17"><span class='ocrx_word' id='word_1_267' title='bbox 259 2156 583 2228; x_wconf 79' lang='grc' dir='ltr'>ἐπράθητε,</span> <span class='ocrx_word' id='word_1_268' title='bbox 630 2158 728 2212; x_wconf 77' lang='grc' dir='ltr'><strong>καὶ</strong></span> <span class='ocrx_word' id='word_1_269' title='bbox 775 2158 904 2225; x_wconf 84' lang='grc' dir='ltr'>ταῖς</span> <span class='ocrx_word' id='word_1_270' title='bbox 934 2159 1207 2229; x_wconf 71' lang='grc' dir='ltr'>ἁγομίαις</span> <span class='ocrx_word' id='word_1_271' title='bbox 1238 2160 1405 2230; x_wconf 81' lang='grc' dir='ltr'><strong>ὑμῶν</strong></span> <span class='ocrx_word' id='word_1_272' title='bbox 1439 2160 1839 2225; x_wconf 77' lang='grc' dir='ltr'>ἐξαπέστειλα</span> 
     </span>
    </p>
   </div>
   <div class='ocr_carea' id='block_1_36' title="bbox 258 2246 1838 2322">
    <p class='ocr_par' dir='ltr' id='par_1_36' title="bbox 258 2246 1838 2322">
     <span class='ocr_line' id='line_1_36' title="bbox 258 2246 1838 2322; baseline 0.003 -19"><span class='ocrx_word' id='word_1_273' title='bbox 258 2247 373 2317; x_wconf 77' lang='grc' dir='ltr'><strong>τὴν</strong></span> <span class='ocrx_word' id='word_1_274' title='bbox 398 2246 626 2317; x_wconf 77' lang='grc' dir='ltr'>μητέρα</span> <span class='ocrx_word' id='word_1_275' title='bbox 651 2247 837 2315; x_wconf 83' lang='grc' dir='ltr'>ὑμῶν,</span> <span class='ocrx_word' id='word_1_276' title='bbox 865 2247 1013 2304; x_wconf 77' lang='grc' dir='ltr'>διότι</span> <span class='ocrx_word' id='word_1_277' title='bbox 1061 2249 1272 2319; x_wconf 78' lang='grc' dir='ltr'>ἦλθον,</span> <span class='ocrx_word' id='word_1_278' title='bbox 1315 2248 1413 2303; x_wconf 81' lang='grc' dir='ltr'>καί</span> <span class='ocrx_word' id='word_1_279' title='bbox 1432 2252 1544 2305; x_wconf 81' lang='grc' dir='ltr'><strong>οὐκ</strong></span> <span class='ocrx_word' id='word_1_280' title='bbox 1563 2246 1642 2322; x_wconf 80' lang='grc' dir='ltr'>ἦν</span> <span class='ocrx_word' id='word_1_281' title='bbox 1670 2255 1703 2307; x_wconf 82' lang='grc' dir='ltr'><em>ὁ</em></span> <span class='ocrx_word' id='word_1_282' title='bbox 1732 2252 1838 2306; x_wconf 81' lang='grc' dir='ltr'><strong>ἆν-</strong></span> 
     </span>
    </p>
   </div>
   <div class='ocr_carea' id='block_1_37' title="bbox 258 2338 1839 2412">
    <p class='ocr_par' dir='ltr' id='par_1_37' title="bbox 258 2338 1839 2412">
     <span class='ocr_line' id='line_1_37' title="bbox 258 2338 1839 2412; baseline 0.001 -16"><span class='ocrx_word' id='word_1_283' title='bbox 258 2345 518 2410; x_wconf 76' lang='grc' dir='ltr'>θρωποςο</span> <span class='ocrx_word' id='word_1_284' title='bbox 572 2340 858 2405; x_wconf 75' lang='grc' dir='ltr'>ἐκάλεσα,</span> <span class='ocrx_word' id='word_1_285' title='bbox 904 2341 1001 2395; x_wconf 79' lang='grc' dir='ltr'><strong>καὶ</strong></span> <span class='ocrx_word' id='word_1_286' title='bbox 1047 2345 1158 2395; x_wconf 83' lang='grc' dir='ltr'><strong>οὐκ</strong></span> <span class='ocrx_word' id='word_1_287' title='bbox 1199 2338 1278 2412; x_wconf 81' lang='grc' dir='ltr'>ἦν</span> <span class='ocrx_word' id='word_1_288' title='bbox 1314 2344 1348 2395; x_wconf 92' lang='lat' dir='ltr'><strong>o&#39;</strong></span> <span class='ocrx_word' id='word_1_289' title='bbox 1371 2344 1714 2398; x_wconf 80' lang='grc' dir='ltr'>ὑπακούων.</span> <span class='ocrx_word' id='word_1_290' title='bbox 1764 2344 1839 2398; x_wconf 84' lang='grc' dir='ltr'><strong>Τὸ</strong></span> 
     </span>
    </p>
   </div>
   <div class='ocr_carea' id='block_1_38' title="bbox 257 2427 1835 2505">
    <p class='ocr_par' dir='ltr' id='par_1_38' title="bbox 257 2427 1835 2505">
     <span class='ocr_line' id='line_1_38' title="bbox 257 2427 1835 2505; baseline 0.004 -19"><span class='ocrx_word' id='word_1_291' title='bbox 257 2431 383 2504; x_wconf 84' lang='grc' dir='ltr'>γὰρ,</span> <span class='ocrx_word' id='word_1_292' title='bbox 418 2431 568 2486; x_wconf 79' lang='grc' dir='ltr'>διότι</span> <span class='ocrx_word' id='word_1_293' title='bbox 593 2427 803 2503; x_wconf 77' lang='grc' dir='ltr'>ἦλθον,</span> <span class='ocrx_word' id='word_1_294' title='bbox 836 2432 1020 2503; x_wconf 82' lang='grc' dir='ltr'>ὅμοιον</span> <span class='ocrx_word' id='word_1_295' title='bbox 1051 2432 1122 2486; x_wconf 80' lang='grc' dir='ltr'>’ἂν</span> <span class='ocrx_word' id='word_1_296' title='bbox 1154 2434 1238 2504; x_wconf 72' lang='grc' dir='ltr'><strong>εἴη</strong></span> <span class='ocrx_word' id='word_1_297' title='bbox 1269 2432 1368 2505; x_wconf 81' lang='grc' dir='ltr'>τῷ,</span> <span class='ocrx_word' id='word_1_298' title='bbox 1391 2435 1607 2503; x_wconf 82' lang='grc' dir='ltr'>Κύριος</span> <span class='ocrx_word' id='word_1_299' title='bbox 1631 2436 1700 2500; x_wconf 79' lang='grc' dir='ltr'><strong>ἐξ</strong></span> <span class='ocrx_word' id='word_1_300' title='bbox 1730 2439 1835 2491; x_wconf 85' lang='grc' dir='ltr'><strong>οὐ·-</strong></span> 
     </span>
    </p>
   </div>
   <div class='ocr_carea' id='block_1_39' title="bbox 250 2520 1844 2594">
    <p class='ocr_par' dir='ltr' id='par_1_39' title="bbox 250 2520 1844 2594">
     <span class='ocr_line' id='line_1_39' title="bbox 250 2520 1844 2594; baseline 0.001 -16"><span class='ocrx_word' id='word_1_301' title='bbox 250 2523 442 2593; x_wconf 81' lang='grc' dir='ltr'>ρανοῦ</span> <span class='ocrx_word' id='word_1_302' title='bbox 474 2520 765 2590; x_wconf 70' lang='grc' dir='ltr'>ὄιέκυψεν</span> <span class='ocrx_word' id='word_1_303' title='bbox 794 2522 894 2574; x_wconf 80' lang='grc' dir='ltr'><strong>ἐπὶ</strong></span> <span class='ocrx_word' id='word_1_304' title='bbox 932 2522 1076 2589; x_wconf 81' lang='grc' dir='ltr'>τοὺς</span> <span class='ocrx_word' id='word_1_305' title='bbox 1114 2523 1286 2590; x_wconf 79' lang='grc' dir='ltr'>υἱοὺς</span> <span class='ocrx_word' id='word_1_306' title='bbox 1315 2524 1434 2579; x_wconf 78' lang='grc' dir='ltr'>τῶν</span> <span class='ocrx_word' id='word_1_307' title='bbox 1475 2525 1844 2594; x_wconf 54' lang='grc' dir='ltr'>ἀνθρώπων.</span> 
     </span>
    </p>
   </div>
   <div class='ocr_carea' id='block_1_40' title="bbox 257 2610 1837 2689">
    <p class='ocr_par' dir='ltr' id='par_1_40' title="bbox 257 2610 1837 2689">
     <span class='ocr_line' id='line_1_40' title="bbox 257 2610 1837 2689; baseline 0 -19"><span class='ocrx_word' id='word_1_308' title='bbox 257 2616 315 2670; x_wconf 80' lang='grc' dir='ltr'>τὺ</span> <span class='ocrx_word' id='word_1_309' title='bbox 346 2616 405 2670; x_wconf 87' lang='grc' dir='ltr'><strong>δέ</strong></span> <span class='ocrx_word' id='word_1_310' title='bbox 428 2631 442 2647; x_wconf 92' lang='grc'><strong>·</strong></span> <span class='ocrx_word' id='word_1_311' title='bbox 470 2613 583 2669; x_wconf 78' lang='lat' dir='ltr'><strong>Kal</strong></span> <span class='ocrx_word' id='word_1_312' title='bbox 609 2615 721 2668; x_wconf 85' lang='grc' dir='ltr'><strong>οὐκ</strong></span> <span class='ocrx_word' id='word_1_313' title='bbox 755 2610 836 2681; x_wconf 74' lang='grc' dir='ltr'>ἦν</span> <span class='ocrx_word' id='word_1_314' title='bbox 861 2612 1191 2681; x_wconf 79' lang='grc' dir='ltr'>ἅνθρωπος,</span> <span class='ocrx_word' id='word_1_315' title='bbox 1233 2617 1329 2670; x_wconf 78' lang='grc' dir='ltr'>καί</span> <span class='ocrx_word' id='word_1_316' title='bbox 1367 2620 1481 2672; x_wconf 83' lang='grc' dir='ltr'><strong>οὐκ</strong></span> <span class='ocrx_word' id='word_1_317' title='bbox 1533 2614 1614 2689; x_wconf 78' lang='grc' dir='ltr'>ἧν</span> <span class='ocrx_word' id='word_1_318' title='bbox 1646 2621 1680 2672; x_wconf 84' lang='grc' dir='ltr'><strong>ό</strong></span> <span class='ocrx_word' id='word_1_319' title='bbox 1722 2621 1837 2673; x_wconf 73' lang='grc' dir='ltr'><strong>ὺπ-</strong></span> 
     </span>
    </p>
   </div>
   <div class='ocr_carea' id='block_1_41' title="bbox 257 2704 1832 2779">
    <p class='ocr_par' dir='ltr' id='par_1_41' title="bbox 257 2704 1832 2779">
     <span class='ocr_line' id='line_1_41' title="bbox 257 2704 1832 2779; baseline 0.002 -20"><span class='ocrx_word' id='word_1_320' title='bbox 257 2707 514 2773; x_wconf 79' lang='grc' dir='ltr'>ακούων,</span> <span class='ocrx_word' id='word_1_321' title='bbox 545 2707 728 2776; x_wconf 79' lang='grc' dir='ltr'>ὅμοιον</span> <span class='ocrx_word' id='word_1_322' title='bbox 743 2704 822 2776; x_wconf 83' lang='grc' dir='ltr'>τῷ</span> <span class='ocrx_word' id='word_1_323' title='bbox 841 2724 855 2736; x_wconf 89' lang='grc'><strong>·</strong></span> <span class='ocrx_word' id='word_1_324' title='bbox 884 2705 1448 2779; x_wconf 70' lang='grc' dir='ltr'>Πάντεςιέξέκλιναν</span> <span class='ocrx_word' id='word_1_325' title='bbox 1476 2710 1572 2763; x_wconf 77' lang='grc' dir='ltr'><strong>καὶ</strong></span> <span class='ocrx_word' id='word_1_326' title='bbox 1586 2709 1832 2779; x_wconf 77' lang='grc' dir='ltr'>ἠχρειώ-</span> 
     </span>
    </p>
   </div>
   <div class='ocr_carea' id='block_1_42' title="bbox 259 2801 1263 2866">
    <p class='ocr_par' dir='ltr' id='par_1_42' title="bbox 259 2801 1263 2866">
     <span class='ocr_line' id='line_1_42' title="bbox 259 2801 1263 2866; baseline -0.002 -13"><span class='ocrx_word' id='word_1_327' title='bbox 259 2801 476 2866; x_wconf 79' lang='grc' dir='ltr'>θησαν.</span> <span class='ocrx_word' id='word_1_328' title='bbox 1262 2830 1263 2833; x_wconf 59' lang='grc' dir='ltr'><strong>η</strong></span> 
     </span>
    </p>
   </div>
   <div class='ocr_carea' id='block_1_43' title="bbox 340 2970 1833 3043">
    <p class='ocr_par' dir='ltr' id='par_1_43' title="bbox 340 2970 1833 3043">
     <span class='ocr_line' id='line_1_43' title="bbox 340 2970 1833 3043; baseline 0 -15"><span class='ocrx_word' id='word_1_329' title='bbox 340 2971 491 3043; x_wconf 79' lang='grc' dir='ltr'><strong>οὐχι</strong></span> <span class='ocrx_word' id='word_1_330' title='bbox 537 2970 867 3043; x_wconf 70' lang='grc' dir='ltr'>γνώσονται</span> <span class='ocrx_word' id='word_1_331' title='bbox 920 2972 1144 3039; x_wconf 76' lang='grc' dir='ltr'>πάντες</span> <span class='ocrx_word' id='word_1_332' title='bbox 1194 2976 1248 3028; x_wconf 81' lang='grc' dir='ltr'>οἱ</span> <span class='ocrx_word' id='word_1_333' title='bbox 1296 2970 1668 3043; x_wconf 69' lang='grc' dir='ltr'>ἐργαζόμενοι</span> <span class='ocrx_word' id='word_1_334' title='bbox 1715 2974 1833 3043; x_wconf 74' lang='grc' dir='ltr'>τὴν</span> 
     </span>
    </p>
   </div>
   <div class='ocr_carea' id='block_1_44' title="bbox 256 3064 1831 3135">
    <p class='ocr_par' dir='ltr' id='par_1_44' title="bbox 256 3064 1831 3135">
     <span class='ocr_line' id='line_1_44' title="bbox 256 3064 1831 3135; baseline 0.001 -17"><span class='ocrx_word' id='word_1_335' title='bbox 256 3066 514 3135; x_wconf 63' lang='grc' dir='ltr'>ἀνομίαν</span> <span class='ocrx_word' id='word_1_336' title='bbox 536 3105 550 3128; x_wconf 91' lang='grc'><strong>,</strong></span> <span class='ocrx_word' id='word_1_337' title='bbox 606 3068 660 3119; x_wconf 76' lang='grc' dir='ltr'>οἱ</span> <span class='ocrx_word' id='word_1_338' title='bbox 706 3065 1016 3131; x_wconf 77' lang='grc' dir='ltr'>ἐσθίοντες</span> <span class='ocrx_word' id='word_1_339' title='bbox 1073 3064 1182 3119; x_wconf 77' lang='grc' dir='ltr'>τὸν</span> <span class='ocrx_word' id='word_1_340' title='bbox 1233 3066 1389 3119; x_wconf 77' lang='grc' dir='ltr'>λαόν</span> <span class='ocrx_word' id='word_1_341' title='bbox 1437 3084 1555 3135; x_wconf 79' lang='grc' dir='ltr'><strong>μου</strong></span> <span class='ocrx_word' id='word_1_342' title='bbox 1616 3065 1831 3134; x_wconf 82' lang='grc' dir='ltr'>βρώσει</span> 
     </span>
    </p>
   </div>
   <div class='ocr_carea' id='block_1_45' title="bbox 256 3157 1851 3230">
    <p class='ocr_par' dir='ltr' id='par_1_45' title="bbox 256 3157 1851 3230">
     <span class='ocr_line' id='line_1_45' title="bbox 256 3157 1851 3230; baseline -0.003 -15"><span class='ocrx_word' id='word_1_343' title='bbox 256 3159 473 3229; x_wconf 84' lang='grc' dir='ltr'>ἇρτου;</span> <span class='ocrx_word' id='word_1_344' title='bbox 512 3157 623 3212; x_wconf 79' lang='grc' dir='ltr'>Καί</span> <span class='ocrx_word' id='word_1_345' title='bbox 667 3175 756 3229; x_wconf 91' lang='grc' dir='ltr'><strong>μοι</strong></span> <span class='ocrx_word' id='word_1_346' title='bbox 791 3157 939 3212; x_wconf 88' lang='grc' dir='ltr'>δοκεί</span> <span class='ocrx_word' id='word_1_347' title='bbox 976 3157 1340 3230; x_wconf 79' lang='grc' dir='ltr'>προφητεύειν</span> <span class='ocrx_word' id='word_1_348' title='bbox 1387 3157 1684 3230; x_wconf 85' lang='grc' dir='ltr'>μεταϐολὴν</span> <span class='ocrx_word' id='word_1_349' title='bbox 1710 3158 1851 3212; x_wconf 78' lang='grc' dir='ltr'>ἔσε-’</span> 
     </span>
    </p>
   </div>
   <div class='ocr_carea' id='block_1_46' title="bbox 257 3249 1830 3323">
    <p class='ocr_par' dir='ltr' id='par_1_46' title="bbox 257 3249 1830 3323">
     <span class='ocr_line' id='line_1_46' title="bbox 257 3249 1830 3323; baseline 0.001 -18"><span class='ocrx_word' id='word_1_350' title='bbox 257 3252 376 3309; x_wconf 82' lang='grc' dir='ltr'>σθαι</span> <span class='ocrx_word' id='word_1_351' title='bbox 400 3249 510 3305; x_wconf 86' lang='grc' dir='ltr'><strong>τῶν</strong></span> <span class='ocrx_word' id='word_1_352' title='bbox 538 3250 706 3304; x_wconf 75' lang='grc' dir='ltr'>ἐθνῶν</span> <span class='ocrx_word' id='word_1_353' title='bbox 740 3252 805 3304; x_wconf 82' lang='grc' dir='ltr'>ἐκ</span> <span class='ocrx_word' id='word_1_354' title='bbox 839 3249 1135 3323; x_wconf 84' lang='grc' dir='ltr'>θηριώδους</span> <span class='ocrx_word' id='word_1_355' title='bbox 1174 3249 1310 3321; x_wconf 72' lang='grc' dir='ltr'>βίου,</span> <span class='ocrx_word' id='word_1_356' title='bbox 1339 3252 1433 3305; x_wconf 75' lang='grc' dir='ltr'><strong>καὶ</strong></span> <span class='ocrx_word' id='word_1_357' title='bbox 1464 3251 1523 3317; x_wconf 77' lang='grc' dir='ltr'><strong>ἐξ</strong></span> <span class='ocrx_word' id='word_1_358' title='bbox 1556 3252 1830 3321; x_wconf 81' lang='grc' dir='ltr'>ἀγνωσίας</span> 
     </span>
    </p>
   </div>
   <div class='ocr_carea' id='block_1_47' title="bbox 252 3426 1831 3507">
    <p class='ocr_par' dir='ltr' id='par_1_47' title="bbox 252 3426 1831 3507">
     <span class='ocr_line' id='line_1_47' title="bbox 252 3426 1831 3507; baseline 0 -20"><span class='ocrx_word' id='word_1_359' title='bbox 252 3432 546 3504; x_wconf 82' lang='grc' dir='ltr'>ὀφθαλμοῖς</span> <span class='ocrx_word' id='word_1_360' title='bbox 605 3433 991 3505; x_wconf 88' lang='grc' dir='ltr'>παραλαϐόντα</span> <span class='ocrx_word' id='word_1_361' title='bbox 1056 3435 1399 3505; x_wconf 86' lang='grc' dir='ltr'>μαρτυρῆσαι</span> <span class='ocrx_word' id='word_1_362' title='bbox 1455 3426 1712 3506; x_wconf 81' lang='grc' dir='ltr'>ἀλήθειαν</span> <span class='ocrx_word' id='word_1_363' title='bbox 1764 3438 1831 3507; x_wconf 78' lang='grc' dir='ltr'>τῇ</span> 
     </span>
    </p>
   </div>
   <div class='ocr_carea' id='block_1_48' title="bbox 255 3516 1836 3600">
    <p class='ocr_par' dir='ltr' id='par_1_48' title="bbox 255 3516 1836 3600">
     <span class='ocr_line' id='line_1_48' title="bbox 255 3516 1836 3600; baseline 0.003 -22"><span class='ocrx_word' id='word_1_364' title='bbox 255 3523 578 3596; x_wconf 77' lang='grc' dir='ltr'>προφητείᾳ.</span> <span class='ocrx_word' id='word_1_365' title='bbox 608 3523 927 3594; x_wconf 80' lang='grc' dir='ltr'>Ἀναγνώσῃ</span> <span class='ocrx_word' id='word_1_366' title='bbox 950 3523 1127 3576; x_wconf 81' lang='grc' dir='ltr'>τοίνυν</span> <span class='ocrx_word' id='word_1_367' title='bbox 1158 3522 1227 3575; x_wconf 77' lang='grc' dir='ltr'>τὰ</span> <span class='ocrx_word' id='word_1_368' title='bbox 1252 3516 1587 3595; x_wconf 84' lang='grc' dir='ltr'>προκείμενα</span> <span class='ocrx_word' id='word_1_369' title='bbox 1625 3528 1836 3600; x_wconf 82' lang='grc' dir='ltr'>ἐρωτη-</span> 
     </span>
    </p>
   </div>
   <div class='ocr_carea' id='block_1_49' title="bbox 256 3612 1829 3686">
    <p class='ocr_par' dir='ltr' id='par_1_49' title="bbox 256 3612 1829 3686">
     <span class='ocr_line' id='line_1_49' title="bbox 256 3612 1829 3686; baseline 0.003 -19"><span class='ocrx_word' id='word_1_370' title='bbox 256 3612 500 3686; x_wconf 83' lang='grc' dir='ltr'>ματικῶς</span> <span class='ocrx_word' id='word_1_371' title='bbox 519 3654 534 3678; x_wconf 95' lang='grc'><strong>,</strong></span> <span class='ocrx_word' id='word_1_372' title='bbox 583 3613 984 3684; x_wconf 86' lang='grc' dir='ltr'>πυνθανομένου</span> <span class='ocrx_word' id='word_1_373' title='bbox 1029 3614 1124 3668; x_wconf 90' lang='grc' dir='ltr'><strong>τοῦ</strong></span> <span class='ocrx_word' id='word_1_374' title='bbox 1165 3615 1326 3684; x_wconf 87' lang='grc' dir='ltr'>λόγου</span> <span class='ocrx_word' id='word_1_375' title='bbox 1368 3615 1465 3669; x_wconf 74' lang='grc' dir='ltr'><strong>καὶ</strong></span> <span class='ocrx_word' id='word_1_376' title='bbox 1500 3615 1829 3685; x_wconf 76' lang='grc' dir='ltr'>φάσκοντοςο</span> 
     </span>
    </p>
   </div>
   <div class='ocr_carea' id='block_1_50' title="bbox 252 3703 1832 3780">
    <p class='ocr_par' dir='ltr' id='par_1_50' title="bbox 252 3703 1832 3780">
     <span class='ocr_line' id='line_1_50' title="bbox 252 3703 1832 3780; baseline 0.001 -20"><span class='ocrx_word' id='word_1_377' title='bbox 252 3707 314 3760; x_wconf 79' lang='lat' dir='ltr'><strong>El</strong></span> <span class='ocrx_word' id='word_1_378' title='bbox 341 3705 436 3760; x_wconf 76' lang='grc' dir='ltr'><strong>καὶ</strong></span> <span class='ocrx_word' id='word_1_379' title='bbox 462 3704 659 3769; x_wconf 87' lang='grc' dir='ltr'>πάντες</span> <span class='ocrx_word' id='word_1_380' title='bbox 688 3703 965 3772; x_wconf 71' lang='grc' dir='ltr'>ἐξέκλιναν</span> <span class='ocrx_word' id='word_1_381' title='bbox 995 3705 1102 3776; x_wconf 81' lang='grc' dir='ltr'><strong>πρὸ</strong></span> <span class='ocrx_word' id='word_1_382' title='bbox 1145 3706 1243 3778; x_wconf 84' lang='grc' dir='ltr'>τῆς</span> <span class='ocrx_word' id='word_1_383' title='bbox 1283 3704 1377 3758; x_wconf 85' lang='grc' dir='ltr'><strong>τοῦ</strong></span> <span class='ocrx_word' id='word_1_384' title='bbox 1412 3704 1650 3777; x_wconf 77' lang='grc' dir='ltr'>Χριστοῦ</span> <span class='ocrx_word' id='word_1_385' title='bbox 1690 3725 1832 3780; x_wconf 47' lang='grc' dir='ltr'>παρέ</span> 
     </span>
    </p>
   </div>
   <div class='ocr_carea' id='block_1_51' title="bbox 252 3796 1833 3870">
    <p class='ocr_par' dir='ltr' id='par_1_51' title="bbox 252 3796 1833 3870">
     <span class='ocr_line' id='line_1_51' title="bbox 252 3796 1833 3870; baseline 0 -16"><span class='ocrx_word' id='word_1_386' title='bbox 252 3798 437 3864; x_wconf 87' lang='grc' dir='ltr'>ουσίας</span> <span class='ocrx_word' id='word_1_387' title='bbox 471 3799 564 3853; x_wconf 74' lang='grc' dir='ltr'>καὶ</span> <span class='ocrx_word' id='word_1_388' title='bbox 603 3796 1018 3870; x_wconf 56' lang='grc' dir='ltr'>ὴχρειώθησανθ</span> <span class='ocrx_word' id='word_1_389' title='bbox 1072 3798 1146 3870; x_wconf 82' lang='grc' dir='ltr'>μὴ</span> <span class='ocrx_word' id='word_1_390' title='bbox 1196 3798 1376 3852; x_wconf 85' lang='grc' dir='ltr'>τοίνυν</span> <span class='ocrx_word' id='word_1_391' title='bbox 1426 3798 1547 3868; x_wconf 77' lang='grc' dir='ltr'>οὐχὶ</span> <span class='ocrx_word' id='word_1_392' title='bbox 1594 3796 1833 3866; x_wconf 81' lang='grc' dir='ltr'>γνώσον-</span> 
     </span>
    </p>
   </div>
   <div class='ocr_carea' id='block_1_52' title="bbox 252 3887 1831 3961">
    <p class='ocr_par' dir='ltr' id='par_1_52' title="bbox 252 3887 1831 3961">
     <span class='ocr_line' id='line_1_52' title="bbox 252 3887 1831 3961; baseline -0.001 -17"><span class='ocrx_word' id='word_1_393' title='bbox 252 3907 340 3944; x_wconf 90' lang='grc' dir='ltr'><strong>ται</strong></span> <span class='ocrx_word' id='word_1_394' title='bbox 364 3891 424 3943; x_wconf 74' lang='grc' dir='ltr'>ὲν</span> <span class='ocrx_word' id='word_1_395' title='bbox 452 3888 530 3960; x_wconf 83' lang='grc' dir='ltr'><strong>τῷ</strong></span> <span class='ocrx_word' id='word_1_396' title='bbox 561 3888 697 3960; x_wconf 84' lang='grc' dir='ltr'><strong>μετά</strong></span> <span class='ocrx_word' id='word_1_397' title='bbox 732 3887 904 3943; x_wconf 88' lang='grc' dir='ltr'>ταῦτα</span> <span class='ocrx_word' id='word_1_398' title='bbox 944 3890 1119 3961; x_wconf 85' lang='grc' dir='ltr'>χρόνῳ</span> <span class='ocrx_word' id='word_1_399' title='bbox 1153 3888 1351 3953; x_wconf 84' lang='grc' dir='ltr'>πάντες</span> <span class='ocrx_word' id='word_1_400' title='bbox 1390 3891 1440 3942; x_wconf 91' lang='grc' dir='ltr'>οἱ</span> <span class='ocrx_word' id='word_1_401' title='bbox 1475 3887 1831 3961; x_wconf 76' lang='grc' dir='ltr'>ἐργαζόμενοι</span> 
     </span>
    </p>
   </div>
   <div class='ocr_carea' id='block_1_53' title="bbox 252 3979 1645 4055">
    <p class='ocr_par' dir='ltr' id='par_1_53' title="bbox 252 3979 1645 4055">
     <span class='ocr_line' id='line_1_53' title="bbox 252 3979 1645 4055; baseline -0.001 -20"><span class='ocrx_word' id='word_1_402' title='bbox 252 3979 347 4055; x_wconf 77' lang='grc' dir='ltr'><strong>τὴν</strong></span> <span class='ocrx_word' id='word_1_403' title='bbox 374 3982 638 4053; x_wconf 86' lang='grc' dir='ltr'>ἀνομίαν;</span> <span class='ocrx_word' id='word_1_404' title='bbox 674 3982 1194 4052; x_wconf 84' lang='grc' dir='ltr'>προσυπακουόντων</span> <span class='ocrx_word' id='word_1_405' title='bbox 1236 3981 1310 4053; x_wconf 75' lang='grc'><strong>(1)</strong></span> <span class='ocrx_word' id='word_1_406' title='bbox 1340 3981 1513 4052; x_wconf 81' lang='grc' dir='ltr'>ἡμῶν·</span> <span class='ocrx_word' id='word_1_407' title='bbox 1644 4048 1645 4051; x_wconf 17' lang='grc' dir='ltr'><strong>η</strong></span> 
     </span>
    </p>
   </div>
   <div class='ocr_carea' id='block_1_54' title="bbox 327 4071 1829 4142">
    <p class='ocr_par' dir='ltr' id='par_1_54' title="bbox 327 4071 1829 4142">
     <span class='ocr_line' id='line_1_54' title="bbox 327 4071 1829 4142; baseline -0.001 -13"><span class='ocrx_word' id='word_1_408' title='bbox 327 4076 439 4129; x_wconf 76' lang='grc' dir='ltr'><strong>Τὸν</strong></span> <span class='ocrx_word' id='word_1_409' title='bbox 495 4074 732 4141; x_wconf 84' lang='grc' dir='ltr'>Κύριον,</span> <span class='ocrx_word' id='word_1_410' title='bbox 778 4073 870 4126; x_wconf 77' lang='grc' dir='ltr'>καὶ</span> <span class='ocrx_word' id='word_1_411' title='bbox 930 4072 1071 4126; x_wconf 86' lang='grc' dir='ltr'><strong>κατά</strong></span> <span class='ocrx_word' id='word_1_412' title='bbox 1104 4072 1282 4126; x_wconf 85' lang='grc' dir='ltr'>κοινοῦ</span> <span class='ocrx_word' id='word_1_413' title='bbox 1322 4072 1481 4126; x_wconf 83' lang='grc' dir='ltr'>πάλιν</span> <span class='ocrx_word' id='word_1_414' title='bbox 1524 4071 1829 4142; x_wconf 84' lang='grc' dir='ltr'>λαμϐανόν-</span> 
     </span>
    </p>
   </div>
   <div class='ocr_carea' id='block_1_55' title="bbox 250 4162 1828 4232">
    <p class='ocr_par' dir='ltr' id='par_1_55' title="bbox 250 4162 1828 4232">
     <span class='ocr_line' id='line_1_55' title="bbox 250 4162 1828 4232; baseline -0.003 -11"><span class='ocrx_word' id='word_1_415' title='bbox 250 4183 356 4221; x_wconf 88' lang='grc' dir='ltr'><strong>των</strong></span> <span class='ocrx_word' id='word_1_416' title='bbox 387 4164 456 4218; x_wconf 86' lang='grc' dir='ltr'><strong>τά</strong></span> <span class='ocrx_word' id='word_1_417' title='bbox 499 4162 645 4231; x_wconf 77' lang='grc' dir='ltr'>ἑξῆς.</span> <span class='ocrx_word' id='word_1_418' title='bbox 688 4162 800 4215; x_wconf 72' lang='grc' dir='ltr'><strong>Καὶ</strong></span> <span class='ocrx_word' id='word_1_419' title='bbox 831 4163 986 4215; x_wconf 73' lang='grc' dir='ltr'>αὐτοὶ</span> <span class='ocrx_word' id='word_1_420' title='bbox 1025 4162 1134 4232; x_wconf 82' lang='grc' dir='ltr'>γὰρ</span> <span class='ocrx_word' id='word_1_421' title='bbox 1165 4165 1214 4216; x_wconf 80' lang='grc' dir='ltr'>οἱ</span> <span class='ocrx_word' id='word_1_422' title='bbox 1260 4163 1428 4218; x_wconf 83' lang='grc' dir='ltr'>πάλαι</span> <span class='ocrx_word' id='word_1_423' title='bbox 1458 4163 1548 4216; x_wconf 84' lang='grc' dir='ltr'><strong>τὸν</strong></span> <span class='ocrx_word' id='word_1_424' title='bbox 1579 4162 1706 4217; x_wconf 84' lang='grc' dir='ltr'>λαὸν</span> <span class='ocrx_word' id='word_1_425' title='bbox 1732 4162 1828 4216; x_wconf 88' lang='grc' dir='ltr'><strong>τοῦ</strong></span> 
     </span>
    </p>
   </div>
   <div class='ocr_carea' id='block_1_56' title="bbox 236 4252 1832 4326">
    <p class='ocr_par' dir='ltr' id='par_1_56' title="bbox 236 4252 1832 4326">
     <span class='ocr_line' id='line_1_56' title="bbox 236 4252 1832 4326; baseline -0.003 -13"><span class='ocrx_word' id='word_1_426' title='bbox 236 4256 383 4313; x_wconf 75' lang='grc' dir='ltr'>Θεοῦ</span> <span class='ocrx_word' id='word_1_427' title='bbox 426 4253 558 4308; x_wconf 74' lang='grc' dir='ltr'>ὡσεὶ</span> <span class='ocrx_word' id='word_1_428' title='bbox 594 4255 758 4325; x_wconf 79' lang='grc' dir='ltr'>ἄρτον</span> <span class='ocrx_word' id='word_1_429' title='bbox 786 4252 1076 4317; x_wconf 82' lang='grc' dir='ltr'>ἐσθίοντες,</span> <span class='ocrx_word' id='word_1_430' title='bbox 1118 4255 1224 4308; x_wconf 77' lang='grc' dir='ltr'><strong>καὶ</strong></span> <span class='ocrx_word' id='word_1_431' title='bbox 1295 4255 1386 4309; x_wconf 82' lang='grc' dir='ltr'><strong>τὸν</strong></span> <span class='ocrx_word' id='word_1_432' title='bbox 1416 4253 1619 4325; x_wconf 71' lang='grc' dir='ltr'>Κύριον</span> <span class='ocrx_word' id='word_1_433' title='bbox 1668 4254 1832 4326; x_wconf 87' lang='grc' dir='ltr'>μηδε-</span> 
     </span>
    </p>
   </div>
   <div class='ocr_carea' id='block_1_57' title="bbox 250 4337 1829 4417">
    <p class='ocr_par' dir='ltr' id='par_1_57' title="bbox 250 4337 1829 4417">
     <span class='ocr_line' id='line_1_57' title="bbox 250 4337 1829 4417; baseline -0.011 -13"><span class='ocrx_word' id='word_1_434' title='bbox 250 4347 468 4403; x_wconf 83' lang='grc' dir='ltr'>πώποτε</span> <span class='ocrx_word' id='word_1_435' title='bbox 525 4344 998 4415; x_wconf 78' lang='grc' dir='ltr'>ἐπικαλεσάμενοι,</span> <span class='ocrx_word' id='word_1_436' title='bbox 1056 4344 1130 4417; x_wconf 86' lang='grc' dir='ltr'>μὴ</span> <span class='ocrx_word' id='word_1_437' title='bbox 1193 4347 1313 4417; x_wconf 74' lang='grc' dir='ltr'><strong>οὐχὶ</strong></span> <span class='ocrx_word' id='word_1_438' title='bbox 1356 4337 1682 4412; x_wconf 66' lang='grc' dir='ltr'>,γνὼξςονται</span> <span class='ocrx_word' id='word_1_439' title='bbox 1732 4346 1829 4399; x_wconf 70' lang='grc' dir='ltr'>αὑ..</span> 
     </span>
    </p>
   </div>
   <div class='ocr_carea' id='block_1_58' title="bbox 247 4432 1826 4511">
    <p class='ocr_par' dir='ltr' id='par_1_58' title="bbox 247 4432 1826 4511">
     <span class='ocr_line' id='line_1_58' title="bbox 247 4432 1826 4511; baseline -0.003 -19"><span class='ocrx_word' id='word_1_440' title='bbox 247 4438 375 4501; x_wconf 85' lang='grc' dir='ltr'>τόν;</span> <span class='ocrx_word' id='word_1_441' title='bbox 408 4434 520 4488; x_wconf 75' lang='grc' dir='ltr'><strong>Καὶ</strong></span> <span class='ocrx_word' id='word_1_442' title='bbox 554 4434 779 4497; x_wconf 79' lang='grc' dir='ltr'>Ἡσαΐας</span> <span class='ocrx_word' id='word_1_443' title='bbox 811 4433 867 4493; x_wconf 85' lang='grc' dir='ltr'>δὲ</span> <span class='ocrx_word' id='word_1_444' title='bbox 894 4432 1106 4511; x_wconf 79' lang='grc' dir='ltr'>συνᾴδει</span> <span class='ocrx_word' id='word_1_445' title='bbox 1139 4437 1267 4507; x_wconf 72' lang='grc' dir='ltr'>περὶ</span> <span class='ocrx_word' id='word_1_446' title='bbox 1300 4435 1407 4489; x_wconf 87' lang='grc' dir='ltr'>τῶν</span> <span class='ocrx_word' id='word_1_447' title='bbox 1428 4434 1605 4489; x_wconf 72' lang='grc' dir='ltr'>αὐτῶν</span> <span class='ocrx_word' id='word_1_448' title='bbox 1635 4435 1826 4490; x_wconf 85' lang='grc' dir='ltr'>θεσπί-</span> 
     </span>
    </p>
   </div>
   <div class='ocr_carea' id='block_1_59' title="bbox 251 4521 1825 4597">
    <p class='ocr_par' dir='ltr' id='par_1_59' title="bbox 251 4521 1825 4597">
     <span class='ocr_line' id='line_1_59' title="bbox 251 4521 1825 4597; baseline -0.001 -13"><span class='ocrx_word' id='word_1_449' title='bbox 251 4529 359 4596; x_wconf 84' lang='grc' dir='ltr'>ζων</span> <span class='ocrx_word' id='word_1_450' title='bbox 386 4528 485 4581; x_wconf 72' lang='grc' dir='ltr'>καὶ</span> <span class='ocrx_word' id='word_1_451' title='bbox 539 4526 713 4594; x_wconf 79' lang='grc' dir='ltr'>λέγων</span> <span class='ocrx_word' id='word_1_452' title='bbox 737 4542 750 4557; x_wconf 78' lang='grc' dir='ltr'><strong>ο</strong></span> <span class='ocrx_word' id='word_1_453' title='bbox 780 4521 904 4594; x_wconf 75' lang='grc' dir='ltr'><strong>Οἷς</strong></span> <span class='ocrx_word' id='word_1_454' title='bbox 958 4528 1068 4580; x_wconf 87' lang='grc' dir='ltr'><strong>οὐκ</strong></span> <span class='ocrx_word' id='word_1_455' title='bbox 1111 4527 1413 4597; x_wconf 76' lang='grc' dir='ltr'>ἀνηγγέλη</span> <span class='ocrx_word' id='word_1_456' title='bbox 1458 4526 1591 4596; x_wconf 75' lang='grc' dir='ltr'>περὶ</span> <span class='ocrx_word' id='word_1_457' title='bbox 1638 4529 1825 4583; x_wconf 85' lang='grc' dir='ltr'>αὐτοῦ</span> 
     </span>
    </p>
   </div>
   <div class='ocr_carea' id='block_1_60' title="bbox 251 4617 1821 4691">
    <p class='ocr_par' dir='ltr' id='par_1_60' title="bbox 251 4617 1821 4691">
     <span class='ocr_line' id='line_1_60' title="bbox 251 4617 1821 4691; baseline -0.001 -15"><span class='ocrx_word' id='word_1_458' title='bbox 251 4621 537 4691; x_wconf 52' lang='grc' dir='ltr'><strong>ἅψονται·</strong></span> <span class='ocrx_word' id='word_1_459' title='bbox 602 4617 701 4671; x_wconf 78' lang='grc' dir='ltr'>καί</span> <span class='ocrx_word' id='word_1_460' title='bbox 754 4618 813 4673; x_wconf 80' lang='grc' dir='ltr'>οἳ</span> <span class='ocrx_word' id='word_1_461' title='bbox 883 4621 995 4677; x_wconf 76' lang='grc' dir='ltr'><strong>οὐκ</strong></span> <span class='ocrx_word' id='word_1_462' title='bbox 1058 4620 1353 4687; x_wconf 82' lang='grc' dir='ltr'>ἀκηκόασι</span> <span class='ocrx_word' id='word_1_463' title='bbox 1415 4620 1821 4687; x_wconf 74' lang='grc' dir='ltr'>συνήσουσιν.</span> 
     </span>
    </p>
   </div>
   <div class='ocr_carea' id='block_1_61' title="bbox 1938 2057 3507 2131">
    <p class='ocr_par' dir='ltr' id='par_1_61' title="bbox 1938 2057 3507 2131">
     <span class='ocr_line' id='line_1_61' title="bbox 1938 2057 3507 2131; baseline 0.004 -19"><span class='ocrx_word' id='word_1_464' title='bbox 1938 2057 2059 2127; x_wconf 85' lang='lat' dir='ltr'><strong>ejus</strong></span> <span class='ocrx_word' id='word_1_465' title='bbox 2104 2060 2277 2129; x_wconf 81' lang='lat' dir='ltr'><strong>gratia</strong></span> <span class='ocrx_word' id='word_1_466' title='bbox 2304 2061 2475 2131; x_wconf 76' lang='lat' dir='ltr'><strong>gratis</strong></span> <span class='ocrx_word' id='word_1_467' title='bbox 2518 2061 2801 2131; x_wconf 85' lang='lat' dir='ltr'><strong>justiﬁcati</strong></span> <span class='ocrx_word' id='word_1_468' title='bbox 2841 2071 2990 2118; x_wconf 92' lang='lat' dir='ltr'><strong>sunt.</strong></span> <span class='ocrx_word' id='word_1_469' title='bbox 3027 2062 3166 2119; x_wconf 85' lang='lat' dir='ltr'><strong>Huic</strong></span> <span class='ocrx_word' id='word_1_470' title='bbox 3211 2060 3507 2121; x_wconf 88' lang='lat' dir='ltr'><strong>consonam</strong></span> 
     </span>
    </p>
   </div>
   <div class='ocr_carea' id='block_1_62' title="bbox 1936 2148 3508 2228">
    <p class='ocr_par' dir='ltr' id='par_1_62' title="bbox 1936 2148 3508 2228">
     <span class='ocr_line' id='line_1_62' title="bbox 1936 2148 3508 2228; baseline 0.006 -26"><span class='ocrx_word' id='word_1_471' title='bbox 1936 2148 2101 2207; x_wconf 87' lang='lat' dir='ltr'><strong>lsaias</strong></span> <span class='ocrx_word' id='word_1_472' title='bbox 2146 2152 2467 2207; x_wconf 85' lang='lat' dir='ltr'><strong>sententiam</strong></span> <span class='ocrx_word' id='word_1_473' title='bbox 2529 2155 2725 2219; x_wconf 86' lang='lat' dir='ltr'><strong>tradit,</strong></span> <span class='ocrx_word' id='word_1_474' title='bbox 2783 2155 2876 2210; x_wconf 90' lang='lat' dir='ltr'><strong>ubi</strong></span> <span class='ocrx_word' id='word_1_475' title='bbox 2917 2154 3227 2211; x_wconf 81' lang='lat' dir='ltr'><strong>Judaeorum</strong></span> <span class='ocrx_word' id='word_1_476' title='bbox 3274 2170 3508 2228; x_wconf 74' lang='lat' dir='ltr'><strong>synago-</strong></span> 
     </span>
    </p>
   </div>
   <div class='ocr_carea' id='block_1_63' title="bbox 1936 2229 3506 2317">
    <p class='ocr_par' dir='ltr' id='par_1_63' title="bbox 1936 2229 3506 2317">
     <span class='ocr_line' id='line_1_63' title="bbox 1936 2229 3506 2317; baseline 0.006 -22"><span class='ocrx_word' id='word_1_477' title='bbox 1936 2258 2058 2314; x_wconf 75' lang='lat' dir='ltr'><strong>gam</strong></span> <span class='ocrx_word' id='word_1_478' title='bbox 2102 2229 2434 2315; x_wconf 69' lang='lat' dir='ltr'><strong>compellans</strong></span> <span class='ocrx_word' id='word_1_479' title='bbox 2456 2246 2531 2300; x_wconf 86' lang='lat' dir='ltr'><strong>ait</strong></span> <span class='ocrx_word' id='word_1_480' title='bbox 2559 2247 2647 2301; x_wconf 51' lang='grc' dir='ltr'><strong>ἰλ</strong></span> <span class='ocrx_word' id='word_1_481' title='bbox 2686 2247 2819 2303; x_wconf 84' lang='lat' dir='ltr'><strong>Ecce</strong></span> <span class='ocrx_word' id='word_1_482' title='bbox 2840 2249 2895 2302; x_wconf 89' lang='lat' dir='ltr'><strong>in</strong></span> <span class='ocrx_word' id='word_1_483' title='bbox 2919 2248 3285 2317; x_wconf 77' lang='lat' dir='ltr'><strong>iniquitatibus</strong></span> <span class='ocrx_word' id='word_1_484' title='bbox 3323 2250 3506 2304; x_wconf 83' lang='lat' dir='ltr'><strong>vestris</strong></span> 
     </span>
    </p>
   </div>
   <div class='ocr_carea' id='block_1_64' title="bbox 1937 2337 3508 2421">
    <p class='ocr_par' dir='ltr' id='par_1_64' title="bbox 1937 2337 3508 2421">
     <span class='ocr_line' id='line_1_64' title="bbox 1937 2337 3508 2421; baseline 0.003 -29"><span class='ocrx_word' id='word_1_485' title='bbox 1937 2337 2134 2392; x_wconf 75' lang='lat' dir='ltr'><strong>uenditi</strong></span> <span class='ocrx_word' id='word_1_486' title='bbox 2159 2338 2303 2403; x_wconf 61' lang='lat' dir='ltr'><strong>estis.</strong></span> <span class='ocrx_word' id='word_1_487' title='bbox 2335 2348 2383 2392; x_wconf 86' lang='lat' dir='ltr'><strong>et</strong></span> <span class='ocrx_word' id='word_1_488' title='bbox 2428 2339 2483 2393; x_wconf 88' lang='lat' dir='ltr'><strong>in</strong></span> <span class='ocrx_word' id='word_1_489' title='bbox 2530 2339 2810 2415; x_wconf 73' lang='lat' dir='ltr'><strong>sceleribus</strong></span> <span class='ocrx_word' id='word_1_490' title='bbox 2840 2342 3027 2395; x_wconf 82' lang='lat' dir='ltr'><strong>uestris</strong></span> <span class='ocrx_word' id='word_1_491' title='bbox 3067 2342 3250 2421; x_wconf 73' lang='lat' dir='ltr'><strong>dimisi</strong></span> <span class='ocrx_word' id='word_1_492' title='bbox 3287 2353 3508 2398; x_wconf 82' lang='lat' dir='ltr'><strong>matrem</strong></span> 
     </span>
    </p>
   </div>
   <div class='ocr_carea' id='block_1_65' title="bbox 1936 2433 3551 2503">
    <p class='ocr_par' dir='ltr' id='par_1_65' title="bbox 1936 2433 3551 2503">
     <span class='ocr_line' id='line_1_65' title="bbox 1936 2433 3551 2503; baseline 0.003 -18"><span class='ocrx_word' id='word_1_493' title='bbox 1936 2440 2160 2485; x_wconf 83' lang='lat' dir='ltr'><strong>vestram</strong></span> <span class='ocrx_word' id='word_1_494' title='bbox 2185 2449 2203 2486; x_wconf 91' lang='lat'><strong><em>:</em></strong></span> <span class='ocrx_word' id='word_1_495' title='bbox 2234 2433 2358 2503; x_wconf 87' lang='lat' dir='ltr'><strong>quia</strong></span> <span class='ocrx_word' id='word_1_496' title='bbox 2385 2434 2518 2494; x_wconf 82' lang='lat' dir='ltr'><strong>veni.</strong></span> <span class='ocrx_word' id='word_1_497' title='bbox 2550 2442 2599 2487; x_wconf 85' lang='lat' dir='ltr'><strong>et</strong></span> <span class='ocrx_word' id='word_1_498' title='bbox 2638 2450 2739 2487; x_wconf 88' lang='lat' dir='ltr'><strong>non</strong></span> <span class='ocrx_word' id='word_1_499' title='bbox 2787 2444 2901 2487; x_wconf 79' lang='lat' dir='ltr'><strong>erat</strong></span> <span class='ocrx_word' id='word_1_500' title='bbox 2929 2435 3040 2496; x_wconf 84' lang='lat' dir='ltr'><strong>vir;</strong></span> <span class='ocrx_word' id='word_1_501' title='bbox 3094 2435 3291 2496; x_wconf 82' lang='lat' dir='ltr'><strong>vocavi,</strong></span> <span class='ocrx_word' id='word_1_502' title='bbox 3323 2444 3372 2489; x_wconf 84' lang='lat' dir='ltr'><strong>et</strong></span> <span class='ocrx_word' id='word_1_503' title='bbox 3403 2452 3508 2491; x_wconf 86' lang='lat' dir='ltr'><strong>non</strong></span> <span class='ocrx_word' id='word_1_504' title='bbox 3538 2456 3551 2465; x_wconf 59' lang='grc' dir='ltr'><em>κ</em></span> 
     </span>
    </p>
   </div>
   <div class='ocr_carea' id='block_1_66' title="bbox 1936 2522 3518 2597">
    <p class='ocr_par' dir='ltr' id='par_1_66' title="bbox 1936 2522 3518 2597">
     <span class='ocr_line' id='line_1_66' title="bbox 1936 2522 3518 2597; baseline 0.003 -20"><span class='ocrx_word' id='word_1_505' title='bbox 1936 2532 2052 2577; x_wconf 80' lang='grc' dir='ltr'>ενοι</span> <span class='ocrx_word' id='word_1_506' title='bbox 2076 2524 2166 2592; x_wconf 87' lang='lat' dir='ltr'><strong>qui</strong></span> <span class='ocrx_word' id='word_1_507' title='bbox 2187 2526 2541 2594; x_wconf 75' lang='lat' dir='ltr'><strong>responderet.</strong></span> <span class='ocrx_word' id='word_1_508' title='bbox 2577 2523 2711 2577; x_wconf 83' lang='lat' dir='ltr'><strong>Illud</strong></span> <span class='ocrx_word' id='word_1_509' title='bbox 2748 2527 2913 2591; x_wconf 88' lang='lat' dir='ltr'><strong>enim,</strong></span> <span class='ocrx_word' id='word_1_510' title='bbox 2942 2527 3067 2597; x_wconf 85' lang='lat' dir='ltr'><strong>quia</strong></span> <span class='ocrx_word' id='word_1_511' title='bbox 3113 2528 3245 2589; x_wconf 79' lang='lat' dir='ltr'><strong>veni,</strong></span> <span class='ocrx_word' id='word_1_512' title='bbox 3272 2527 3355 2583; x_wconf 85' lang='lat' dir='ltr'><strong>his</strong></span> <span class='ocrx_word' id='word_1_513' title='bbox 3385 2522 3518 2583; x_wconf 65' lang='grc' dir='ltr'>νει-ε’</span> 
     </span>
    </p>
   </div>
   <div class='ocr_carea' id='block_1_67' title="bbox 1934 2614 3513 2689">
    <p class='ocr_par' dir='ltr' id='par_1_67' title="bbox 1934 2614 3513 2689">
     <span class='ocr_line' id='line_1_67' title="bbox 1934 2614 3513 2689; baseline 0.003 -19"><span class='ocrx_word' id='word_1_514' title='bbox 1934 2616 2019 2670; x_wconf 90' lang='lat' dir='ltr'><strong>bis</strong></span> <span class='ocrx_word' id='word_1_515' title='bbox 2046 2614 2208 2670; x_wconf 78' lang='lat' dir='ltr'><strong>afﬁne</strong></span> <span class='ocrx_word' id='word_1_516' title='bbox 2254 2615 2417 2671; x_wconf 67' lang='lat' dir='ltr'><strong>iuerit</strong></span> <span class='ocrx_word' id='word_1_517' title='bbox 2437 2656 2452 2681; x_wconf 87' lang='lat'><strong>,</strong></span> <span class='ocrx_word' id='word_1_518' title='bbox 2507 2616 2766 2673; x_wconf 87' lang='lat' dir='ltr'><strong>Dominus</strong></span> <span class='ocrx_word' id='word_1_519' title='bbox 2795 2617 2860 2672; x_wconf 89' lang='lat' dir='ltr'><strong>de</strong></span> <span class='ocrx_word' id='word_1_520' title='bbox 2886 2619 3016 2673; x_wconf 71' lang='lat' dir='ltr'><strong>cwlo</strong></span> <span class='ocrx_word' id='word_1_521' title='bbox 3044 2620 3309 2689; x_wconf 77' lang='lat' dir='ltr'><strong>prospexit</strong></span> <span class='ocrx_word' id='word_1_522' title='bbox 3352 2620 3513 2689; x_wconf 76' lang='lat' dir='ltr'><strong>super</strong></span> 
     </span>
    </p>
   </div>
   <div class='ocr_carea' id='block_1_68' title="bbox 1935 2709 3507 2779">
    <p class='ocr_par' dir='ltr' id='par_1_68' title="bbox 1935 2709 3507 2779">
     <span class='ocr_line' id='line_1_68' title="bbox 1935 2709 3507 2779; baseline 0.005 -17"><span class='ocrx_word' id='word_1_523' title='bbox 1935 2710 2076 2779; x_wconf 80' lang='lat' dir='ltr'><strong>ﬁlios</strong></span> <span class='ocrx_word' id='word_1_524' title='bbox 2106 2709 2409 2773; x_wconf 81' lang='lat' dir='ltr'><strong>hominum;</strong></span> <span class='ocrx_word' id='word_1_525' title='bbox 2438 2711 2571 2765; x_wconf 91' lang='lat' dir='ltr'><strong>illud</strong></span> <span class='ocrx_word' id='word_1_526' title='bbox 2592 2720 2796 2777; x_wconf 88' lang='lat' dir='ltr'><strong>autem,</strong></span> <span class='ocrx_word' id='word_1_527' title='bbox 2828 2711 2895 2766; x_wconf 84' lang='lat' dir='ltr'><strong>Et</strong></span> <span class='ocrx_word' id='word_1_528' title='bbox 2922 2730 3025 2769; x_wconf 89' lang='lat' dir='ltr'><strong>non</strong></span> <span class='ocrx_word' id='word_1_529' title='bbox 3046 2723 3160 2768; x_wconf 89' lang='lat' dir='ltr'><strong>erat</strong></span> <span class='ocrx_word' id='word_1_530' title='bbox 3190 2715 3286 2777; x_wconf 81' lang='lat' dir='ltr'><strong>uir,</strong></span> <span class='ocrx_word' id='word_1_531' title='bbox 3323 2726 3372 2770; x_wconf 91' lang='lat' dir='ltr'><strong>et</strong></span> <span class='ocrx_word' id='word_1_532' title='bbox 3403 2730 3507 2770; x_wconf 88' lang='lat' dir='ltr'><strong>non</strong></span> 
     </span>
    </p>
   </div>
   <div class='ocr_carea' id='block_1_69' title="bbox 1933 2802 3507 2871">
    <p class='ocr_par' dir='ltr' id='par_1_69' title="bbox 1933 2802 3507 2871">
     <span class='ocr_line' id='line_1_69' title="bbox 1933 2802 3507 2871; baseline 0.001 -16"><span class='ocrx_word' id='word_1_533' title='bbox 1933 2810 2047 2855; x_wconf 73' lang='lat' dir='ltr'><strong>erat</strong></span> <span class='ocrx_word' id='word_1_534' title='bbox 2083 2802 2172 2871; x_wconf 85' lang='lat' dir='ltr'><strong>qui</strong></span> <span class='ocrx_word' id='word_1_535' title='bbox 2194 2802 2546 2871; x_wconf 81' lang='lat' dir='ltr'><strong>responderet,</strong></span> <span class='ocrx_word' id='word_1_536' title='bbox 2571 2803 2748 2859; x_wconf 81' lang='lat' dir='ltr'><strong>simile</strong></span> <span class='ocrx_word' id='word_1_537' title='bbox 2776 2802 2875 2869; x_wconf 81' lang='lat' dir='ltr'><strong>illi,</strong></span> <span class='ocrx_word' id='word_1_538' title='bbox 2902 2802 3094 2859; x_wconf 81' lang='lat' dir='ltr'><strong>Omnes</strong></span> <span class='ocrx_word' id='word_1_539' title='bbox 3115 2804 3507 2864; x_wconf 79' lang='lat' dir='ltr'><strong>declinaverunt</strong></span> 
     </span>
    </p>
   </div>
   <div class='ocr_carea' id='block_1_70' title="bbox 1932 2893 3303 2964">
    <p class='ocr_par' dir='ltr' id='par_1_70' title="bbox 1932 2893 3303 2964">
     <span class='ocr_line' id='line_1_70' title="bbox 1932 2893 3303 2964; baseline 0.004 -18"><span class='ocrx_word' id='word_1_540' title='bbox 1932 2902 1980 2947; x_wconf 90' lang='lat' dir='ltr'><strong>et</strong></span> <span class='ocrx_word' id='word_1_541' title='bbox 2014 2893 2227 2948; x_wconf 87' lang='lat' dir='ltr'><strong>inutiles</strong></span> <span class='ocrx_word' id='word_1_542' title='bbox 2254 2893 2385 2964; x_wconf 79' lang='lat' dir='ltr'><strong>facti</strong></span> <span class='ocrx_word' id='word_1_543' title='bbox 2414 2902 2555 2948; x_wconf 82' lang='lat' dir='ltr'><strong>sunt.</strong></span> <span class='ocrx_word' id='word_1_544' title='bbox 3299 2960 3303 2964; x_wconf 85' lang='lat'><em>_</em></span> 
     </span>
    </p>
   </div>
   <div class='ocr_carea' id='block_1_71' title="bbox 2003 2984 3507 3060">
    <p class='ocr_par' dir='ltr' id='par_1_71' title="bbox 2003 2984 3507 3060">
     <span class='ocr_line' id='line_1_71' title="bbox 2003 2984 3507 3060; baseline 0.002 -22"><span class='ocrx_word' id='word_1_545' title='bbox 2003 2984 2169 3042; x_wconf 74' lang='lat' dir='ltr'><strong>Vens.</strong></span> <span class='ocrx_word' id='word_1_546' title='bbox 2202 2988 2259 3042; x_wconf 71' lang='grc'>4.</span> <span class='ocrx_word' id='word_1_547' title='bbox 2305 2986 2494 3042; x_wconf 86' lang='lat' dir='ltr'><strong>Nonne</strong></span> <span class='ocrx_word' id='word_1_548' title='bbox 2537 2996 2843 3059; x_wconf 86' lang='lat' dir='ltr'><strong>cognoscent</strong></span> <span class='ocrx_word' id='word_1_549' title='bbox 2881 3004 3058 3043; x_wconf 78' lang='lat' dir='ltr'><strong>omnes</strong></span> <span class='ocrx_word' id='word_1_550' title='bbox 3092 2990 3183 3059; x_wconf 89' lang='lat' dir='ltr'><strong>qui</strong></span> <span class='ocrx_word' id='word_1_551' title='bbox 3221 2999 3507 3060; x_wconf 73' lang='lat' dir='ltr'><strong>operemur</strong></span> 
     </span>
    </p>
   </div>
   <div class='ocr_carea' id='block_1_72' title="bbox 1932 3078 3506 3151">
    <p class='ocr_par' dir='ltr' id='par_1_72' title="bbox 1932 3078 3506 3151">
     <span class='ocr_line' id='line_1_72' title="bbox 1932 3078 3506 3151; baseline 0.003 -20"><span class='ocrx_word' id='word_1_552' title='bbox 1932 3078 2286 3149; x_wconf 87' lang='lat' dir='ltr'><strong>iniquitatem,</strong></span> <span class='ocrx_word' id='word_1_553' title='bbox 2313 3081 2404 3151; x_wconf 88' lang='lat' dir='ltr'><strong>qui</strong></span> <span class='ocrx_word' id='word_1_554' title='bbox 2445 3080 2696 3136; x_wconf 84' lang='lat' dir='ltr'><strong>devorant</strong></span> <span class='ocrx_word' id='word_1_555' title='bbox 2739 3080 2936 3151; x_wconf 83' lang='lat' dir='ltr'><strong>plebem</strong></span> <span class='ocrx_word' id='word_1_556' title='bbox 2971 3098 3140 3136; x_wconf 85' lang='lat' dir='ltr'><strong>meam</strong></span> <span class='ocrx_word' id='word_1_557' title='bbox 3191 3078 3506 3136; x_wconf 73' lang='lat' dir='ltr'><strong>comestione</strong></span> 
     </span>
    </p>
   </div>
   <div class='ocr_carea' id='block_1_73' title="bbox 1930 3162 3504 3242">
    <p class='ocr_par' dir='ltr' id='par_1_73' title="bbox 1930 3162 3504 3242">
     <span class='ocr_line' id='line_1_73' title="bbox 1930 3162 3504 3242; baseline 0.003 -22"><span class='ocrx_word' id='word_1_558' title='bbox 1930 3169 2127 3236; x_wconf 84' lang='lat' dir='ltr'><strong>panis?</strong></span> <span class='ocrx_word' id='word_1_559' title='bbox 2157 3167 2386 3225; x_wconf 80' lang='lat' dir='ltr'><strong>Videtur</strong></span> <span class='ocrx_word' id='word_1_560' title='bbox 2406 3162 2537 3225; x_wconf 83' lang='lat' dir='ltr'><strong>mihi</strong></span> <span class='ocrx_word' id='word_1_561' title='bbox 2573 3170 2863 3226; x_wconf 89' lang='lat' dir='ltr'><strong>vaticinari</strong></span> <span class='ocrx_word' id='word_1_562' title='bbox 2889 3172 3124 3226; x_wconf 79' lang='lat' dir='ltr'><strong>futuram</strong></span> <span class='ocrx_word' id='word_1_563' title='bbox 3148 3172 3412 3242; x_wconf 78' lang='lat' dir='ltr'><strong>gentium,</strong></span> <span class='ocrx_word' id='word_1_564' title='bbox 3435 3184 3504 3225; x_wconf 74' lang='lat' dir='ltr'><strong>ex</strong></span> 
     </span>
    </p>
   </div>
   <div class='ocr_carea' id='block_1_74' title="bbox 1933 3260 3531 3333">
    <p class='ocr_par' dir='ltr' id='par_1_74' title="bbox 1933 3260 3531 3333">
     <span class='ocr_line' id='line_1_74' title="bbox 1933 3260 3531 3333; baseline 0.002 -19"><span class='ocrx_word' id='word_1_565' title='bbox 1933 3260 2041 3315; x_wconf 89' lang='lat' dir='ltr'><strong>vita</strong></span> <span class='ocrx_word' id='word_1_566' title='bbox 2070 3260 2240 3315; x_wconf 80' lang='lat' dir='ltr'><strong>ferina</strong></span> <span class='ocrx_word' id='word_1_567' title='bbox 2270 3269 2323 3316; x_wconf 90' lang='lat' dir='ltr'><strong>et</strong></span> <span class='ocrx_word' id='word_1_568' title='bbox 2348 3261 2655 3333; x_wconf 77' lang='lat' dir='ltr'><strong>ignorantia</strong></span> <span class='ocrx_word' id='word_1_569' title='bbox 2684 3262 2801 3326; x_wconf 85' lang='lat' dir='ltr'><strong>Dei,</strong></span> <span class='ocrx_word' id='word_1_570' title='bbox 2831 3265 2888 3318; x_wconf 91' lang='lat' dir='ltr'><strong>in</strong></span> <span class='ocrx_word' id='word_1_571' title='bbox 2925 3271 3241 3319; x_wconf 88' lang='lat' dir='ltr'><strong>mansuetos</strong></span> <span class='ocrx_word' id='word_1_572' title='bbox 3281 3277 3345 3317; x_wconf 89' lang='lat' dir='ltr'><strong>ac</strong></span> <span class='ocrx_word' id='word_1_573' title='bbox 3377 3261 3505 3317; x_wconf 87' lang='lat' dir='ltr'><strong>reli-</strong></span> <span class='ocrx_word' id='word_1_574' title='bbox 3530 3290 3531 3293; x_wconf 56' lang='grc' dir='ltr'><strong>η</strong></span> 
     </span>
    </p>
   </div>
   <div class='ocr_carea' id='block_1_75' title="bbox 254 3335 1953 3426">
    <p class='ocr_par' dir='ltr' id='par_1_75' title="bbox 254 3335 1953 3424">
     <span class='ocr_line' id='line_1_75' title="bbox 254 3335 1953 3424; baseline -0.002 -27"><span class='ocrx_word' id='word_1_575' title='bbox 254 3341 409 3407; x_wconf 82' lang='grc' dir='ltr'>Θεοῦ,</span> <span class='ocrx_word' id='word_1_576' title='bbox 439 3340 534 3395; x_wconf 74' lang='grc' dir='ltr'><strong>ἐπὶ</strong></span> <span class='ocrx_word' id='word_1_577' title='bbox 562 3341 767 3414; x_wconf 79' lang='grc' dir='ltr'>ἥμερον</span> <span class='ocrx_word' id='word_1_578' title='bbox 801 3341 898 3395; x_wconf 75' lang='grc' dir='ltr'>καὶ</span> <span class='ocrx_word' id='word_1_579' title='bbox 938 3341 1160 3413; x_wconf 84' lang='grc' dir='ltr'>θεοσεϐῆ</span> <span class='ocrx_word' id='word_1_580' title='bbox 1209 3342 1408 3413; x_wconf 86' lang='grc' dir='ltr'>τρόπον</span> <span class='ocrx_word' id='word_1_581' title='bbox 1428 3360 1443 3372; x_wconf 89' lang='grc'><strong>·</strong></span> <span class='ocrx_word' id='word_1_582' title='bbox 1483 3343 1635 3397; x_wconf 76' lang='grc' dir='ltr'>δ’καὶ</span> <span class='ocrx_word' id='word_1_583' title='bbox 1682 3342 1829 3396; x_wconf 76' lang='grc' dir='ltr'>ἔστιν</span> <span class='ocrx_word' id='word_1_584' title='bbox 1857 3335 1899 3393; x_wconf 89' lang='lat' dir='ltr'><strong><em>C</em></strong></span> <span class='ocrx_word' id='word_1_585' title='bbox 1931 3369 1953 3424; x_wconf 61' lang='grc' dir='ltr'><strong>ε</strong></span> 
     </span>
    </p>
   </div>
   <div class='ocr_carea' id='block_1_76' title="bbox 1816 3335 3515 3426">
    <p class='ocr_par' dir='ltr' id='par_1_76' title="bbox 1816 3335 3515 3426">
     <span class='ocr_line' id='line_1_76' title="bbox 1816 3335 3515 3426; baseline 0.003 -20"><span class='ocrx_word' id='word_1_586' title='bbox 1816 3359 1829 3395; x_wconf 67' lang='grc' dir='ltr'><em>δ</em></span> <span class='ocrx_word' id='word_1_587' title='bbox 1857 3335 1899 3393; x_wconf 80' lang='lat' dir='ltr'><strong><em>C</em></strong></span> <span class='ocrx_word' id='word_1_588' title='bbox 1931 3352 2118 3424; x_wconf 81' lang='lat' dir='ltr'><strong>giosos</strong></span> <span class='ocrx_word' id='word_1_589' title='bbox 2142 3368 2319 3409; x_wconf 89' lang='lat' dir='ltr'><strong>mores</strong></span> <span class='ocrx_word' id='word_1_590' title='bbox 2346 3354 2700 3409; x_wconf 88' lang='lat' dir='ltr'><strong>mutationem</strong></span> <span class='ocrx_word' id='word_1_591' title='bbox 2731 3375 2742 3411; x_wconf 89' lang='lat'><strong>:</strong></span> <span class='ocrx_word' id='word_1_592' title='bbox 2776 3354 2921 3426; x_wconf 87' lang='lat' dir='ltr'><strong>quod</strong></span> <span class='ocrx_word' id='word_1_593' title='bbox 2948 3363 3049 3419; x_wconf 89' lang='lat' dir='ltr'><strong>est,</strong></span> <span class='ocrx_word' id='word_1_594' title='bbox 3086 3371 3146 3411; x_wconf 89' lang='lat' dir='ltr'><strong>re</strong></span> <span class='ocrx_word' id='word_1_595' title='bbox 3166 3355 3340 3411; x_wconf 89' lang='lat' dir='ltr'><strong>oculis</strong></span> <span class='ocrx_word' id='word_1_596' title='bbox 3376 3370 3515 3425; x_wconf 57' lang='lat' dir='ltr'><strong>perm</strong></span> 
     </span>
    </p>
   </div>
   <div class='ocr_carea' id='block_1_77' title="bbox 1935 3444 3505 3516">
    <p class='ocr_par' dir='ltr' id='par_1_77' title="bbox 1935 3444 3505 3516">
     <span class='ocr_line' id='line_1_77' title="bbox 1935 3444 3505 3516; baseline 0.002 -17"><span class='ocrx_word' id='word_1_597' title='bbox 1935 3453 2109 3515; x_wconf 86' lang='lat' dir='ltr'><strong>cepta,</strong></span> <span class='ocrx_word' id='word_1_598' title='bbox 2140 3445 2417 3499; x_wconf 80' lang='lat' dir='ltr'><strong>veritatem</strong></span> <span class='ocrx_word' id='word_1_599' title='bbox 2449 3445 2743 3515; x_wconf 83' lang='lat' dir='ltr'><strong>prephetiae</strong></span> <span class='ocrx_word' id='word_1_600' title='bbox 2797 3446 3095 3502; x_wconf 80' lang='lat' dir='ltr'><strong>testiﬁcari.</strong></span> <span class='ocrx_word' id='word_1_601' title='bbox 3150 3444 3275 3501; x_wconf 83' lang='lat' dir='ltr'><strong>Haec</strong></span> <span class='ocrx_word' id='word_1_602' title='bbox 3321 3446 3505 3516; x_wconf 87' lang='lat' dir='ltr'><strong>itaque</strong></span> 
     </span>
    </p>
   </div>
   <div class='ocr_carea' id='block_1_78' title="bbox 1934 3537 3519 3609">
    <p class='ocr_par' dir='ltr' id='par_1_78' title="bbox 1934 3537 3519 3609">
     <span class='ocr_line' id='line_1_78' title="bbox 1934 3537 3519 3609; baseline 0.001 -17"><span class='ocrx_word' id='word_1_603' title='bbox 1934 3537 2303 3609; x_wconf 75' lang='lat' dir='ltr'><strong>interrogandi</strong></span> <span class='ocrx_word' id='word_1_604' title='bbox 2332 3552 2482 3593; x_wconf 91' lang='lat' dir='ltr'><strong>more</strong></span> <span class='ocrx_word' id='word_1_605' title='bbox 2517 3538 2739 3608; x_wconf 82' lang='lat' dir='ltr'><strong>legenda</strong></span> <span class='ocrx_word' id='word_1_606' title='bbox 2774 3547 2899 3594; x_wconf 88' lang='lat' dir='ltr'><strong>sunt</strong></span> <span class='ocrx_word' id='word_1_607' title='bbox 2919 3558 2947 3608; x_wconf 83' lang='lat'><strong>;.</strong></span> <span class='ocrx_word' id='word_1_608' title='bbox 2980 3546 3329 3609; x_wconf 88' lang='lat' dir='ltr'><strong>percontatur</strong></span> <span class='ocrx_word' id='word_1_609' title='bbox 3356 3540 3519 3599; x_wconf 74' lang='lat' dir='ltr'><strong>enim,</strong></span> 
     </span>
    </p>
   </div>
   <div class='ocr_carea' id='block_1_79' title="bbox 1933 3614 3502 3704">
    <p class='ocr_par' dir='ltr' id='par_1_79' title="bbox 1933 3614 3502 3704">
     <span class='ocr_line' id='line_1_79' title="bbox 1933 3614 3502 3704; baseline 0.001 -22"><span class='ocrx_word' id='word_1_610' title='bbox 1933 3626 2223 3686; x_wconf 85' lang='lat' dir='ltr'><strong>Psalmista</strong></span> <span class='ocrx_word' id='word_1_611' title='bbox 2247 3641 2311 3681; x_wconf 89' lang='lat' dir='ltr'><strong>ac</strong></span> <span class='ocrx_word' id='word_1_612' title='bbox 2342 3628 2387 3683; x_wconf 91' lang='lat' dir='ltr'><strong>si</strong></span> <span class='ocrx_word' id='word_1_613' title='bbox 2415 3628 2620 3684; x_wconf 89' lang='lat' dir='ltr'><strong>diceret</strong></span> <span class='ocrx_word' id='word_1_614' title='bbox 2646 3647 2659 3683; x_wconf 91' lang='lat'><strong>:</strong></span> <span class='ocrx_word' id='word_1_615' title='bbox 2696 3628 2919 3704; x_wconf 79' lang='lat' dir='ltr'><strong>Etiamsi</strong></span> <span class='ocrx_word' id='word_1_616' title='bbox 2949 3644 3139 3684; x_wconf 88' lang='lat' dir='ltr'><strong>omnes</strong></span> <span class='ocrx_word' id='word_1_617' title='bbox 3162 3614 3502 3684; x_wconf 83' lang='lat' dir='ltr'><strong>anteChristi</strong></span> 
     </span>
    </p>
   </div>
   <div class='ocr_carea' id='block_1_80' title="bbox 1934 3717 3503 3796">
    <p class='ocr_par' dir='ltr' id='par_1_80' title="bbox 1934 3717 3503 3796">
     <span class='ocr_line' id='line_1_80' title="bbox 1934 3717 3503 3796; baseline -0.001 -24"><span class='ocrx_word' id='word_1_618' title='bbox 1934 3718 2223 3791; x_wconf 80' lang='lat' dir='ltr'><strong>adventum</strong></span> <span class='ocrx_word' id='word_1_619' title='bbox 2247 3717 2658 3789; x_wconf 85' lang='lat' dir='ltr'><strong>declinaverunt</strong></span> <span class='ocrx_word' id='word_1_620' title='bbox 2680 3727 2735 3774; x_wconf 91' lang='lat' dir='ltr'><strong>et</strong></span> <span class='ocrx_word' id='word_1_621' title='bbox 2762 3718 2979 3773; x_wconf 91' lang='lat' dir='ltr'><strong>inutiles</strong></span> <span class='ocrx_word' id='word_1_622' title='bbox 3009 3717 3133 3772; x_wconf 81' lang='lat' dir='ltr'><strong>facti</strong></span> <span class='ocrx_word' id='word_1_623' title='bbox 3171 3726 3299 3773; x_wconf 90' lang='lat' dir='ltr'><strong>sunt</strong></span> <span class='ocrx_word' id='word_1_624' title='bbox 3318 3760 3339 3796; x_wconf 16' lang='grc' dir='ltr'>,ί</span> <span class='ocrx_word' id='word_1_625' title='bbox 3367 3732 3503 3771; x_wconf 88' lang='lat' dir='ltr'><strong>non-</strong></span> 
     </span>
    </p>
   </div>
   <div class='ocr_carea' id='block_1_81' title="bbox 1933 3798 3515 3885">
    <p class='ocr_par' dir='ltr' id='par_1_81' title="bbox 1933 3798 3515 3885">
     <span class='ocr_line' id='line_1_81' title="bbox 1933 3798 3515 3885; baseline -0.003 -16"><span class='ocrx_word' id='word_1_626' title='bbox 1933 3831 2003 3869; x_wconf 91' lang='lat' dir='ltr'><strong>ne</strong></span> <span class='ocrx_word' id='word_1_627' title='bbox 2024 3813 2081 3867; x_wconf 77' lang='lat' dir='ltr'><strong>in‘</strong></span> <span class='ocrx_word' id='word_1_628' title='bbox 2111 3811 2356 3881; x_wconf 86' lang='lat' dir='ltr'><strong>sequenti</strong></span> <span class='ocrx_word' id='word_1_629' title='bbox 2396 3804 2642 3881; x_wconf 79' lang='lat' dir='ltr'><strong>tempore</strong></span> <span class='ocrx_word' id='word_1_630' title='bbox 2675 3820 3007 3882; x_wconf 83' lang='lat' dir='ltr'><strong>cognoscent</strong></span> <span class='ocrx_word' id='word_1_631' title='bbox 3033 3798 3225 3867; x_wconf 73' lang='lat' dir='ltr'><strong>omnes</strong></span> <span class='ocrx_word' id='word_1_632' title='bbox 3254 3810 3345 3882; x_wconf 92' lang='lat' dir='ltr'><strong>qui</strong></span> <span class='ocrx_word' id='word_1_633' title='bbox 3374 3814 3515 3885; x_wconf 52' lang='lat' dir='ltr'><strong>opevj</strong></span> 
     </span>
    </p>
   </div>
   <div class='ocr_carea' id='block_1_82' title="bbox 1932 3903 3254 3979">
    <p class='ocr_par' dir='ltr' id='par_1_82' title="bbox 1932 3903 3254 3979">
     <span class='ocr_line' id='line_1_82' title="bbox 1932 3903 3254 3979; baseline 0.001 -21"><span class='ocrx_word' id='word_1_634' title='bbox 1932 3913 2125 3959; x_wconf 88' lang='lat' dir='ltr'><strong>rantur</strong></span> <span class='ocrx_word' id='word_1_635' title='bbox 2149 3903 2527 3973; x_wconf 79' lang='lat' dir='ltr'><strong>iniquitatem?</strong></span> <span class='ocrx_word' id='word_1_636' title='bbox 2560 3903 2662 3957; x_wconf 90' lang='lat' dir='ltr'><strong>Cui</strong></span> <span class='ocrx_word' id='word_1_637' title='bbox 2695 3918 2805 3963; x_wconf 83' lang='lat' dir='ltr'><strong>nos</strong></span> <span class='ocrx_word' id='word_1_638' title='bbox 2827 3903 3254 3979; x_wconf 81' lang='lat' dir='ltr'><strong>respondemus:</strong></span> 
     </span>
    </p>
   </div>
   <div class='ocr_carea' id='block_1_83' title="bbox 2006 4078 3513 4159">
    <p class='ocr_par' dir='ltr' id='par_1_83' title="bbox 2006 4078 3513 4159">
     <span class='ocr_line' id='line_1_83' title="bbox 2006 4078 3513 4159; baseline 0.001 -27"><span class='ocrx_word' id='word_1_639' title='bbox 2006 4078 2168 4136; x_wconf 75' lang='lat' dir='ltr'><strong>Vens.</strong></span> <span class='ocrx_word' id='word_1_640' title='bbox 2227 4081 2288 4159; x_wconf 24' lang='lat'><strong>&#39;5.</strong></span> <span class='ocrx_word' id='word_1_641' title='bbox 2344 4079 2632 4137; x_wconf 81' lang='lat' dir='ltr'><strong>Dominum</strong></span> <span class='ocrx_word' id='word_1_642' title='bbox 2682 4094 2788 4133; x_wconf 83' lang='lat' dir='ltr'><strong>non</strong></span> <span class='ocrx_word' id='word_1_643' title='bbox 2833 4079 3235 4142; x_wconf 73' lang='lat' dir='ltr'><strong>invocaverunt,</strong></span> <span class='ocrx_word' id='word_1_644' title='bbox 3287 4085 3513 4150; x_wconf 63' lang='lat' dir='ltr'><strong>etque</strong></span> 
     </span>
    </p>
   </div>
   <div class='ocr_carea' id='block_1_84' title="bbox 1931 4170 3502 4244">
    <p class='ocr_par' dir='ltr' id='par_1_84' title="bbox 1931 4170 3502 4244">
     <span class='ocr_line' id='line_1_84' title="bbox 1931 4170 3502 4244; baseline -0.001 -15"><span class='ocrx_word' id='word_1_645' title='bbox 1931 4180 2234 4244; x_wconf 87' lang='lat' dir='ltr'><strong>sequuntur</strong></span> <span class='ocrx_word' id='word_1_646' title='bbox 2262 4176 2316 4228; x_wconf 87' lang='lat' dir='ltr'><strong>in</strong></span> <span class='ocrx_word' id='word_1_647' title='bbox 2346 4172 2620 4228; x_wconf 90' lang='lat' dir='ltr'><strong>communi</strong></span> <span class='ocrx_word' id='word_1_648' title='bbox 2650 4171 2971 4242; x_wconf 91' lang='lat' dir='ltr'><strong>accipimus.</strong></span> <span class='ocrx_word' id='word_1_649' title='bbox 2997 4170 3188 4225; x_wconf 81' lang='lat' dir='ltr'><strong>Nonne</strong></span> <span class='ocrx_word' id='word_1_650' title='bbox 3213 4171 3502 4243; x_wconf 87' lang='lat' dir='ltr'><strong>iidemipsi</strong></span> 
     </span>
    </p>
   </div>
   <div class='ocr_carea' id='block_1_85' title="bbox 1929 4251 3507 4338">
    <p class='ocr_par' dir='ltr' id='par_1_85' title="bbox 1929 4251 3507 4338">
     <span class='ocr_line' id='line_1_85' title="bbox 1929 4251 3507 4338; baseline 0.001 -17"><span class='ocrx_word' id='word_1_651' title='bbox 1929 4251 2021 4337; x_wconf 83' lang='lat' dir='ltr'><strong>qui</strong></span> <span class='ocrx_word' id='word_1_652' title='bbox 2050 4269 2178 4321; x_wconf 91' lang='lat' dir='ltr'><strong>olim</strong></span> <span class='ocrx_word' id='word_1_653' title='bbox 2213 4261 2469 4338; x_wconf 82' lang='lat' dir='ltr'><strong>populum</strong></span> <span class='ocrx_word' id='word_1_654' title='bbox 2499 4263 2595 4320; x_wconf 88' lang='lat' dir='ltr'><strong>Dei</strong></span> <span class='ocrx_word' id='word_1_655' title='bbox 2626 4265 2782 4335; x_wconf 85' lang='lat' dir='ltr'><strong>quasi</strong></span> <span class='ocrx_word' id='word_1_656' title='bbox 2808 4280 3002 4336; x_wconf 88' lang='lat' dir='ltr'><strong>panem</strong></span> <span class='ocrx_word' id='word_1_657' title='bbox 3028 4264 3414 4330; x_wconf 74' lang='lat' dir='ltr'><strong>‘comedebant,</strong></span> <span class='ocrx_word' id='word_1_658' title='bbox 3448 4274 3507 4322; x_wconf 82' lang='lat' dir='ltr'><strong>et</strong></span> 
     </span>
    </p>
   </div>
   <div class='ocr_carea' id='block_1_86' title="bbox 1930 4354 3501 4425">
    <p class='ocr_par' dir='ltr' id='par_1_86' title="bbox 1930 4354 3501 4425">
     <span class='ocr_line' id='line_1_86' title="bbox 1930 4354 3501 4425; baseline 0.001 -16"><span class='ocrx_word' id='word_1_659' title='bbox 1930 4371 2207 4425; x_wconf 89' lang='lat' dir='ltr'><strong>nunquam</strong></span> <span class='ocrx_word' id='word_1_660' title='bbox 2267 4354 2556 4410; x_wconf 88' lang='lat' dir='ltr'><strong>Dominum</strong></span> <span class='ocrx_word' id='word_1_661' title='bbox 2602 4357 3032 4421; x_wconf 78' lang='lat' dir='ltr'><strong>invocaverunt,</strong></span> <span class='ocrx_word' id='word_1_662' title='bbox 3079 4356 3296 4410; x_wconf 89' lang='lat' dir='ltr'><strong>tandem</strong></span> <span class='ocrx_word' id='word_1_663' title='bbox 3348 4356 3501 4410; x_wconf 88' lang='lat' dir='ltr'><strong>illum</strong></span> 
     </span>
    </p>
   </div>
   <div class='ocr_carea' id='block_1_87' title="bbox 1928 4432 3498 4521">
    <p class='ocr_par' dir='ltr' id='par_1_87' title="bbox 1928 4432 3498 4521">
     <span class='ocr_line' id='line_1_87' title="bbox 1928 4432 3498 4521; baseline -0.001 -18"><span class='ocrx_word' id='word_1_664' title='bbox 1928 4448 2199 4518; x_wconf 71' lang='lat' dir='ltr'><strong>cognituri</strong></span> <span class='ocrx_word' id='word_1_665' title='bbox 2226 4447 2387 4502; x_wconf 90' lang='lat' dir='ltr'><strong>sunt?</strong></span> <span class='ocrx_word' id='word_1_666' title='bbox 2434 4446 2581 4521; x_wconf 76' lang='lat' dir='ltr'><strong>Huic</strong></span> <span class='ocrx_word' id='word_1_667' title='bbox 2621 4449 2822 4503; x_wconf 90' lang='lat' dir='ltr'><strong>accinit</strong></span> <span class='ocrx_word' id='word_1_668' title='bbox 2862 4447 3052 4510; x_wconf 82' lang='lat' dir='ltr'><strong>lsaias,</strong></span> <span class='ocrx_word' id='word_1_669' title='bbox 3081 4446 3172 4517; x_wconf 90' lang='lat' dir='ltr'><strong>qui</strong></span> <span class='ocrx_word' id='word_1_670' title='bbox 3213 4446 3280 4501; x_wconf 88' lang='lat' dir='ltr'><strong>de</strong></span> <span class='ocrx_word' id='word_1_671' title='bbox 3305 4432 3498 4502; x_wconf 88' lang='lat' dir='ltr'><strong>iisdem</strong></span> 
     </span>
    </p>
   </div>
   <div class='ocr_carea' id='block_1_88' title="bbox 1926 4529 3500 4604">
    <p class='ocr_par' dir='ltr' id='par_1_88' title="bbox 1926 4529 3500 4604">
     <span class='ocr_line' id='line_1_88' title="bbox 1926 4529 3500 4604; baseline 0.002 -15"><span class='ocrx_word' id='word_1_672' title='bbox 1926 4536 2254 4590; x_wconf 85' lang='lat' dir='ltr'><strong>vaticinatur</strong></span> <span class='ocrx_word' id='word_1_673' title='bbox 2274 4529 2361 4594; x_wconf 70' lang='lat' dir='ltr'><strong>liis</strong></span> <span class='ocrx_word' id='word_1_674' title='bbox 2380 4538 2589 4595; x_wconf 85' lang='lat' dir='ltr'><strong>verbis:</strong></span> <span class='ocrx_word' id='word_1_675' title='bbox 2617 4537 2815 4604; x_wconf 82' lang='lat' dir='ltr'><strong>Quibus</strong></span> <span class='ocrx_word' id='word_1_676' title='bbox 2833 4554 2935 4590; x_wconf 89' lang='lat' dir='ltr'><strong>non</strong></span> <span class='ocrx_word' id='word_1_677' title='bbox 2962 4537 3331 4591; x_wconf 86' lang='lat' dir='ltr'><strong>annuntiatunt</strong></span> <span class='ocrx_word' id='word_1_678' title='bbox 3342 4546 3417 4590; x_wconf 85' lang='lat' dir='ltr'><strong>est</strong></span> <span class='ocrx_word' id='word_1_679' title='bbox 3435 4535 3500 4592; x_wconf 86' lang='lat' dir='ltr'><strong>de</strong></span> 
     </span>
    </p>
   </div>
   <div class='ocr_carea' id='block_1_89' title="bbox 1926 4627 3500 4701">
    <p class='ocr_par' dir='ltr' id='par_1_89' title="bbox 1926 4627 3500 4701">
     <span class='ocr_line' id='line_1_89' title="bbox 1926 4627 3500 4701; baseline -0.001 -18"><span class='ocrx_word' id='word_1_680' title='bbox 1926 4645 2005 4691; x_wconf 88' lang='lat' dir='ltr'><strong>eo,</strong></span> <span class='ocrx_word' id='word_1_681' title='bbox 2019 4627 2261 4683; x_wconf 77' lang='lat' dir='ltr'><strong>videbunt</strong></span> <span class='ocrx_word' id='word_1_682' title='bbox 2278 4645 2297 4683; x_wconf 89' lang='lat'><strong><em>:</em></strong></span> <span class='ocrx_word' id='word_1_683' title='bbox 2318 4641 2363 4685; x_wconf 89' lang='lat' dir='ltr'><strong>et</strong></span> <span class='ocrx_word' id='word_1_684' title='bbox 2380 4632 2468 4701; x_wconf 87' lang='lat' dir='ltr'><strong>qui</strong></span> <span class='ocrx_word' id='word_1_685' title='bbox 2489 4648 2590 4684; x_wconf 89' lang='lat' dir='ltr'><strong>non</strong></span> <span class='ocrx_word' id='word_1_686' title='bbox 2605 4629 2903 4694; x_wconf 85' lang='lat' dir='ltr'><strong>audierunt,</strong></span> <span class='ocrx_word' id='word_1_687' title='bbox 2929 4628 3214 4699; x_wconf 78' lang='lat' dir='ltr'><strong>intelligent</strong></span> <span class='ocrx_word' id='word_1_688' title='bbox 3234 4631 3297 4687; x_wconf 81' lang='grc'>⁸⁵.</span> <span class='ocrx_word' id='word_1_689' title='bbox 3312 4662 3355 4674; x_wconf 84' lang='lat'><strong>-</strong></span> <span class='ocrx_word' id='word_1_690' title='bbox 3375 4627 3500 4683; x_wconf 86' lang='lat' dir='ltr'><strong>Illic</strong></span> 
     </span>
    </p>
   </div>
   <div class='ocr_carea' id='block_1_90' title="bbox 263 4704 1962 4787">
    <p class='ocr_par' dir='ltr' id='par_1_90' title="bbox 263 4704 1962 4785">
     <span class='ocr_line' id='line_1_90' title="bbox 263 4704 1962 4785; baseline 0.004 -20"><span class='ocrx_word' id='word_1_691' title='bbox 263 4711 419 4768; x_wconf 81' lang='grc' dir='ltr'><strong>Ἐκεῖ</strong></span> <span class='ocrx_word' id='word_1_692' title='bbox 443 4710 797 4766; x_wconf 55' lang='lat' dir='ltr'><strong>edes/limavi</strong></span> <span class='ocrx_word' id='word_1_693' title='bbox 830 4714 1010 4782; x_wconf 75' lang='grc' dir='ltr'>φόϐῳ,</span> <span class='ocrx_word' id='word_1_694' title='bbox 1063 4708 1135 4767; x_wconf 83' lang='grc' dir='ltr'>οὗ</span> <span class='ocrx_word' id='word_1_695' title='bbox 1182 4715 1305 4780; x_wconf 72' lang='grc' dir='ltr'><strong>⁴οὐκ</strong></span> <span class='ocrx_word' id='word_1_696' title='bbox 1338 4710 1416 4785; x_wconf 81' lang='grc' dir='ltr'>ἦν</span> <span class='ocrx_word' id='word_1_697' title='bbox 1467 4715 1667 4783; x_wconf 73' lang='grc' dir='ltr'>φόϐος.</span> <span class='ocrx_word' id='word_1_698' title='bbox 1697 4704 1900 4769; x_wconf 62' lang='grc' dir='ltr'>Ὅτιιο</span> <span class='ocrx_word' id='word_1_699' title='bbox 1929 4729 1962 4773; x_wconf 80' lang='grc' dir='ltr'><strong>ιι</strong></span> 
     </span>
    </p>
   </div>
   <div class='ocr_carea' id='block_1_91' title="bbox 1798 4704 3497 4787">
    <p class='ocr_par' dir='ltr' id='par_1_91' title="bbox 1798 4704 3497 4787">
     <span class='ocr_line' id='line_1_91' title="bbox 1798 4704 3497 4787; baseline 0.003 -19"><span class='ocrx_word' id='word_1_700' title='bbox 1798 4704 1900 4768; x_wconf 74' lang='grc' dir='ltr'><strong>ἰθ</strong></span> <span class='ocrx_word' id='word_1_701' title='bbox 1929 4717 2315 4787; x_wconf 81' lang='lat' dir='ltr'><strong>trepidaverunt</strong></span> <span class='ocrx_word' id='word_1_702' title='bbox 2364 4720 2549 4775; x_wconf 87' lang='lat' dir='ltr'><strong>timore</strong></span> <span class='ocrx_word' id='word_1_703' title='bbox 2578 4717 2675 4772; x_wconf 85' lang='lat' dir='ltr'><strong>ubi</strong></span> <span class='ocrx_word' id='word_1_704' title='bbox 2730 4712 2839 4774; x_wconf 72' lang='lat' dir='ltr'><strong>non</strong></span> <span class='ocrx_word' id='word_1_705' title='bbox 2875 4730 2991 4775; x_wconf 86' lang='lat' dir='ltr'><strong>erat</strong></span> <span class='ocrx_word' id='word_1_706' title='bbox 3024 4714 3199 4774; x_wconf 83' lang='lat' dir='ltr'><strong>timor.</strong></span> <span class='ocrx_word' id='word_1_707' title='bbox 3235 4720 3497 4786; x_wconf 84' lang='lat' dir='ltr'><strong>Quoniam</strong></span> 
     </span>
    </p>
   </div>
   <div class='ocr_carea' id='block_1_92' title="bbox 250 4801 1823 4877">
    <p class='ocr_par' dir='ltr' id='par_1_92' title="bbox 250 4801 1823 4877">
     <span class='ocr_line' id='line_1_92' title="bbox 250 4801 1823 4877; baseline 0 -18"><span class='ocrx_word' id='word_1_708' title='bbox 250 4807 284 4865; x_wconf 83' lang='grc' dir='ltr'><strong>ό</strong></span> <span class='ocrx_word' id='word_1_709' title='bbox 312 4803 459 4870; x_wconf 81' lang='grc' dir='ltr'>Θεὸς</span> <span class='ocrx_word' id='word_1_710' title='bbox 493 4802 563 4857; x_wconf 84' lang='grc' dir='ltr'>ἐν</span> <span class='ocrx_word' id='word_1_711' title='bbox 601 4801 777 4873; x_wconf 75' lang='grc' dir='ltr'>γενεᾷ</span> <span class='ocrx_word' id='word_1_712' title='bbox 819 4803 1038 4872; x_wconf 78' lang='grc' dir='ltr'>δικαίᾳ.</span> <span class='ocrx_word' id='word_1_713' title='bbox 1078 4803 1234 4869; x_wconf 86' lang='grc' dir='ltr'>Τίνες</span> <span class='ocrx_word' id='word_1_714' title='bbox 1272 4805 1329 4858; x_wconf 85' lang='grc' dir='ltr'>δὲ</span> <span class='ocrx_word' id='word_1_715' title='bbox 1362 4806 1476 4859; x_wconf 81' lang='grc' dir='ltr'>ἀλλ’</span> <span class='ocrx_word' id='word_1_716' title='bbox 1507 4805 1540 4877; x_wconf 79' lang='grc' dir='ltr'>ἢ</span> <span class='ocrx_word' id='word_1_717' title='bbox 1574 4807 1623 4859; x_wconf 80' lang='grc' dir='ltr'>οἱ</span> <span class='ocrx_word' id='word_1_718' title='bbox 1658 4807 1823 4877; x_wconf 73' lang='grc' dir='ltr'>ἔργα·</span> 
     </span>
    </p>
   </div>
   <div class='ocr_carea' id='block_1_93' title="bbox 251 4893 1824 4968">
    <p class='ocr_par' dir='ltr' id='par_1_93' title="bbox 251 4893 1824 4968">
     <span class='ocr_line' id='line_1_93' title="bbox 251 4893 1824 4968; baseline 0.001 -19"><span class='ocrx_word' id='word_1_719' title='bbox 251 4895 467 4964; x_wconf 79' lang='grc' dir='ltr'>ζόμενοι</span> <span class='ocrx_word' id='word_1_720' title='bbox 505 4893 604 4964; x_wconf 80' lang='grc' dir='ltr'><strong>τὴν</strong></span> <span class='ocrx_word' id='word_1_721' title='bbox 637 4895 885 4965; x_wconf 81' lang='grc' dir='ltr'>ἀνομίαν,</span> <span class='ocrx_word' id='word_1_722' title='bbox 921 4896 1014 4951; x_wconf 74' lang='grc' dir='ltr'><strong>καὶ</strong></span> <span class='ocrx_word' id='word_1_723' title='bbox 1045 4898 1092 4950; x_wconf 85' lang='grc' dir='ltr'>οἱ</span> <span class='ocrx_word' id='word_1_724' title='bbox 1126 4896 1387 4968; x_wconf 85' lang='grc' dir='ltr'>πρότερον</span> <span class='ocrx_word' id='word_1_725' title='bbox 1419 4896 1493 4968; x_wconf 87' lang='grc' dir='ltr'><strong>μὴ</strong></span> <span class='ocrx_word' id='word_1_726' title='bbox 1534 4896 1824 4951; x_wconf 58' lang='grc' dir='ltr'>ἐπικαλούτ</span> 
     </span>
    </p>
   </div>
   <div class='ocr_carea' id='block_1_94' title="bbox 252 4983 1819 5061">
    <p class='ocr_par' dir='ltr' id='par_1_94' title="bbox 252 4983 1819 5061">
     <span class='ocr_line' id='line_1_94' title="bbox 252 4983 1819 5061; baseline 0.001 -22"><span class='ocrx_word' id='word_1_727' title='bbox 252 5003 402 5056; x_wconf 86' lang='grc' dir='ltr'>μενοι</span> <span class='ocrx_word' id='word_1_728' title='bbox 432 4985 523 5039; x_wconf 82' lang='grc' dir='ltr'><strong>τὸν</strong></span> <span class='ocrx_word' id='word_1_729' title='bbox 549 4983 789 5056; x_wconf 86' lang='grc' dir='ltr'>Κύριον;</span> <span class='ocrx_word' id='word_1_730' title='bbox 826 4986 978 5039; x_wconf 77' lang='grc' dir='ltr'>ἔσται</span> <span class='ocrx_word' id='word_1_731' title='bbox 1011 4987 1117 5058; x_wconf 84' lang='grc' dir='ltr'>γάρ</span> <span class='ocrx_word' id='word_1_732' title='bbox 1160 5003 1289 5039; x_wconf 86' lang='grc' dir='ltr'>ποτε</span> <span class='ocrx_word' id='word_1_733' title='bbox 1328 4988 1545 5061; x_wconf 57' lang='grc' dir='ltr'>ικαιρὸς,</span> <span class='ocrx_word' id='word_1_734' title='bbox 1580 4989 1667 5041; x_wconf 83' lang='grc' dir='ltr'>ὅτε</span> <span class='ocrx_word' id='word_1_735' title='bbox 1696 4990 1819 5041; x_wconf 78' lang='grc' dir='ltr'>ἑπι-</span> 
     </span>
    </p>
   </div>
   <div class='ocr_carea' id='block_1_95' title="bbox 250 5061 1818 5156">
    <p class='ocr_par' dir='ltr' id='par_1_95' title="bbox 250 5061 1818 5156">
     <span class='ocr_line' id='line_1_95' title="bbox 250 5061 1818 5156; baseline 0.001 -25"><span class='ocrx_word' id='word_1_736' title='bbox 250 5061 546 5146; x_wconf 82' lang='grc' dir='ltr'>γνώσονται</span> <span class='ocrx_word' id='word_1_737' title='bbox 572 5075 754 5156; x_wconf 78' lang='grc' dir='ltr'>αὐτὸν,</span> <span class='ocrx_word' id='word_1_738' title='bbox 789 5075 909 5130; x_wconf 84' lang='grc' dir='ltr'>καθ’</span> <span class='ocrx_word' id='word_1_739' title='bbox 936 5078 995 5131; x_wconf 77' lang='grc' dir='ltr'>ὃν</span> <span class='ocrx_word' id='word_1_740' title='bbox 1021 5079 1113 5132; x_wconf 75' lang='grc' dir='ltr'><strong>καὶ</strong></span> <span class='ocrx_word' id='word_1_741' title='bbox 1139 5077 1302 5147; x_wconf 84' lang='grc' dir='ltr'>φόϐον</span> <span class='ocrx_word' id='word_1_742' title='bbox 1330 5077 1693 5150; x_wconf 71' lang='grc' dir='ltr'>ἀναλήψονται</span> <span class='ocrx_word' id='word_1_743' title='bbox 1723 5081 1818 5133; x_wconf 88' lang='grc' dir='ltr'><strong>τοῦ</strong></span> 
     </span>
    </p>
   </div>
   <div class='ocr_carea' id='block_1_96' title="bbox 250 5167 1821 5238">
    <p class='ocr_par' dir='ltr' id='par_1_96' title="bbox 250 5167 1821 5238">
     <span class='ocr_line' id='line_1_96' title="bbox 250 5167 1821 5238; baseline 0.004 -18"><span class='ocrx_word' id='word_1_744' title='bbox 250 5167 384 5221; x_wconf 86' lang='grc' dir='ltr'>Θεοῦ</span> <span class='ocrx_word' id='word_1_745' title='bbox 408 5168 502 5222; x_wconf 73' lang='grc' dir='ltr'>καὶ</span> <span class='ocrx_word' id='word_1_746' title='bbox 520 5168 719 5223; x_wconf 83' lang='grc' dir='ltr'>δειλίαν</span> <span class='ocrx_word' id='word_1_747' title='bbox 748 5167 1110 5238; x_wconf 80' lang='grc' dir='ltr'>ἀγαθήν.”οτι</span> <span class='ocrx_word' id='word_1_748' title='bbox 1143 5169 1200 5223; x_wconf 82' lang='grc' dir='ltr'>δὲ</span> <span class='ocrx_word' id='word_1_749' title='bbox 1224 5168 1313 5222; x_wconf 87' lang='grc' dir='ltr'><strong>τὸν</strong></span> <span class='ocrx_word' id='word_1_750' title='bbox 1343 5169 1504 5237; x_wconf 89' lang='grc' dir='ltr'>φόϐον</span> <span class='ocrx_word' id='word_1_751' title='bbox 1532 5170 1821 5227; x_wconf 86' lang='grc' dir='ltr'>ἀναλαϐεῖν</span> 
     </span>
    </p>
   </div>
   <div class='ocr_carea' id='block_1_97' title="bbox 243 5257 1817 5332">
    <p class='ocr_par' dir='ltr' id='par_1_97' title="bbox 243 5257 1817 5332">
     <span class='ocr_line' id='line_1_97' title="bbox 243 5257 1817 5332; baseline 0.003 -20"><span class='ocrx_word' id='word_1_752' title='bbox 243 5258 461 5331; x_wconf 73' lang='grc' dir='ltr'>’Κυρίου</span> <span class='ocrx_word' id='word_1_753' title='bbox 490 5260 694 5329; x_wconf 86' lang='grc' dir='ltr'>ἀγαθόν</span> <span class='ocrx_word' id='word_1_754' title='bbox 714 5261 851 5323; x_wconf 75' lang='grc' dir='ltr'>ἐστι,</span> <span class='ocrx_word' id='word_1_755' title='bbox 887 5258 1045 5330; x_wconf 73' lang='grc' dir='ltr'>δῆλον</span> <span class='ocrx_word' id='word_1_756' title='bbox 1071 5261 1177 5314; x_wconf 76' lang='grc' dir='ltr'><strong>ἀπὸ</strong></span> <span class='ocrx_word' id='word_1_757' title='bbox 1202 5257 1295 5316; x_wconf 75' lang='grc' dir='ltr'><strong>τοῦ</strong></span> <span class='ocrx_word' id='word_1_758' title='bbox 1321 5259 1602 5328; x_wconf 75' lang='grc' dir='ltr'>λέγεσθαιο</span> <span class='ocrx_word' id='word_1_759' title='bbox 1642 5262 1817 5332; x_wconf 79' lang='grc' dir='ltr'><strong>Ἀρχὴ</strong></span> 
     </span>
    </p>
   </div>
   <div class='ocr_carea' id='block_1_98' title="bbox 252 5336 1815 5425">
    <p class='ocr_par' dir='ltr' id='par_1_98' title="bbox 252 5336 1815 5425">
     <span class='ocr_line' id='line_1_98' title="bbox 252 5336 1815 5425; baseline 0.001 -20"><span class='ocrx_word' id='word_1_760' title='bbox 252 5350 471 5419; x_wconf 65' lang='grc' dir='ltr'>σοφίας</span> <span class='ocrx_word' id='word_1_761' title='bbox 524 5351 707 5419; x_wconf 75' lang='grc' dir='ltr'>φόϐος</span> <span class='ocrx_word' id='word_1_762' title='bbox 729 5336 968 5421; x_wconf 75' lang='grc' dir='ltr'>Κυρίοὺ.</span> <span class='ocrx_word' id='word_1_763' title='bbox 1002 5353 1064 5404; x_wconf 88' lang='grc' dir='ltr'><strong>Οἱ</strong></span> <span class='ocrx_word' id='word_1_764' title='bbox 1094 5351 1407 5424; x_wconf 88' lang='grc' dir='ltr'>δηλούμενοι</span> <span class='ocrx_word' id='word_1_765' title='bbox 1444 5352 1621 5406; x_wconf 86' lang='grc' dir='ltr'>τοίνυν</span> <span class='ocrx_word' id='word_1_766' title='bbox 1650 5354 1815 5425; x_wconf 67' lang='grc' dir='ltr'>φοϐηη</span> 
     </span>
    </p>
   </div>
   <div class='ocr_carea' id='block_1_99' title="bbox 254 5430 1815 5520">
    <p class='ocr_par' dir='ltr' id='par_1_99' title="bbox 254 5430 1815 5520">
     <span class='ocr_line' id='line_1_99' title="bbox 254 5430 1815 5520; baseline 0.004 -26"><span class='ocrx_word' id='word_1_767' title='bbox 254 5441 504 5513; x_wconf 82' lang='grc' dir='ltr'>θήσονται</span> <span class='ocrx_word' id='word_1_768' title='bbox 528 5444 654 5499; x_wconf 75' lang='grc' dir='ltr'><strong>ἐκεῖ</strong></span> <span class='ocrx_word' id='word_1_769' title='bbox 676 5430 852 5514; x_wconf 72' lang='grc' dir='ltr'>φόϐῳ·</span> <span class='ocrx_word' id='word_1_770' title='bbox 883 5442 1126 5497; x_wconf 86' lang='grc' dir='ltr'>τουτέστι</span> <span class='ocrx_word' id='word_1_771' title='bbox 1154 5448 1303 5502; x_wconf 84' lang='grc' dir='ltr'>τότε.</span> <span class='ocrx_word' id='word_1_772' title='bbox 1323 5444 1457 5518; x_wconf 18' lang='grc' dir='ltr'>,Τίνα</span> <span class='ocrx_word' id='word_1_773' title='bbox 1491 5445 1548 5498; x_wconf 82' lang='grc' dir='ltr'>δὲ</span> <span class='ocrx_word' id='word_1_774' title='bbox 1575 5447 1815 5520; x_wconf 78' lang='grc' dir='ltr'>φοϐηθη-</span> 
     </span>
    </p>
   </div>
   <div class='ocr_carea' id='block_1_100' title="bbox 328 5634 1848 5712">
    <p class='ocr_par' dir='ltr' id='par_1_100' title="bbox 328 5634 1848 5712">
     <span class='ocr_line' id='line_1_100' title="bbox 328 5634 1848 5712; baseline 0.005 -21"><span class='ocrx_word' id='word_1_775' title='bbox 328 5638 373 5671; x_wconf 74' lang='grc'><strong>¹⁸</strong></span> <span class='ocrx_word' id='word_1_776' title='bbox 411 5637 517 5697; x_wconf 85' lang='lat' dir='ltr'><strong>lsa.</strong></span> <span class='ocrx_word' id='word_1_777' title='bbox 550 5655 606 5702; x_wconf 80' lang='grc' dir='ltr'>ι,</span> <span class='ocrx_word' id='word_1_778' title='bbox 644 5637 774 5704; x_wconf 70' lang='grc'>1,2.</span> <span class='ocrx_word' id='word_1_779' title='bbox 850 5640 893 5672; x_wconf 82' lang='grc'>¹⁸</span> <span class='ocrx_word' id='word_1_780' title='bbox 933 5636 1037 5696; x_wconf 89' lang='lat' dir='ltr'><strong>lsa.</strong></span> <span class='ocrx_word' id='word_1_781' title='bbox 1072 5654 1179 5703; x_wconf 83' lang='lat' dir='ltr'><strong>ut,</strong></span> <span class='ocrx_word' id='word_1_782' title='bbox 1212 5639 1298 5695; x_wconf 78' lang='lat' dir='ltr'><strong>l5.</strong></span> <span class='ocrx_word' id='word_1_783' title='bbox 1378 5643 1422 5673; x_wconf 76' lang='lat'>“</span> <span class='ocrx_word' id='word_1_784' title='bbox 1457 5634 1603 5698; x_wconf 70' lang='lat' dir='ltr'><strong>Psal.</strong></span> <span class='ocrx_word' id='word_1_785' title='bbox 1639 5658 1729 5712; x_wconf 74' lang='lat' dir='ltr'><strong>cx,</strong></span> <span class='ocrx_word' id='word_1_786' title='bbox 1763 5643 1848 5699; x_wconf 79' lang='grc'><strong>10.</strong></span> 
     </span>
    </p>
   </div>
   <div class='ocr_carea' id='block_1_101' title="bbox 1929 4809 3495 4882">
    <p class='ocr_par' dir='ltr' id='par_1_101' title="bbox 1929 4809 3495 4882">
     <span class='ocr_line' id='line_1_101' title="bbox 1929 4809 3495 4882; baseline 0.001 -17"><span class='ocrx_word' id='word_1_787' title='bbox 1929 4809 2186 4867; x_wconf 83' lang='lat' dir='ltr'><strong>Dominus</strong></span> <span class='ocrx_word' id='word_1_788' title='bbox 2220 4813 2275 4865; x_wconf 81' lang='lat' dir='ltr'><strong>in</strong></span> <span class='ocrx_word' id='word_1_789' title='bbox 2301 4810 2629 4882; x_wconf 82' lang='lat' dir='ltr'><strong>generatione</strong></span> <span class='ocrx_word' id='word_1_790' title='bbox 2647 4810 2801 4879; x_wconf 81' lang='lat' dir='ltr'><strong>justo</strong></span> <span class='ocrx_word' id='word_1_791' title='bbox 2828 4820 2925 4866; x_wconf 70' lang='lat' dir='ltr'><strong>est.</strong></span> <span class='ocrx_word' id='word_1_792' title='bbox 2959 4811 3190 4878; x_wconf 85' lang='lat' dir='ltr'><strong>Quinam</strong></span> <span class='ocrx_word' id='word_1_793' title='bbox 3221 4827 3350 4882; x_wconf 78' lang='lat' dir='ltr'><strong>ergo</strong></span> <span class='ocrx_word' id='word_1_794' title='bbox 3389 4811 3495 4867; x_wconf 90' lang='lat' dir='ltr'><strong>nisi</strong></span> 
     </span>
    </p>
   </div>
   <div class='ocr_carea' id='block_1_102' title="bbox 1927 4897 3494 4973">
    <p class='ocr_par' dir='ltr' id='par_1_102' title="bbox 1927 4897 3494 4973">
     <span class='ocr_line' id='line_1_102' title="bbox 1927 4897 3494 4973; baseline 0.001 -18"><span class='ocrx_word' id='word_1_795' title='bbox 1927 4900 1965 4955; x_wconf 90' lang='lat' dir='ltr'><strong>ii</strong></span> <span class='ocrx_word' id='word_1_796' title='bbox 1988 4902 2079 4972; x_wconf 93' lang='lat' dir='ltr'><strong>qui</strong></span> <span class='ocrx_word' id='word_1_797' title='bbox 2108 4910 2403 4971; x_wconf 82' lang='lat' dir='ltr'><strong>operantur</strong></span> <span class='ocrx_word' id='word_1_798' title='bbox 2423 4900 2799 4970; x_wconf 71' lang='lat' dir='ltr'><strong>iniquitatem,~</strong></span> <span class='ocrx_word' id='word_1_799' title='bbox 2822 4912 2875 4957; x_wconf 85' lang='lat' dir='ltr'><strong>et</strong></span> <span class='ocrx_word' id='word_1_800' title='bbox 2907 4902 2999 4972; x_wconf 91' lang='lat' dir='ltr'><strong>qui</strong></span> <span class='ocrx_word' id='word_1_801' title='bbox 3023 4897 3176 4973; x_wconf 83' lang='lat' dir='ltr'><strong>prius</strong></span> <span class='ocrx_word' id='word_1_802' title='bbox 3207 4900 3494 4957; x_wconf 89' lang='lat' dir='ltr'><strong>Dominum</strong></span> 
     </span>
    </p>
   </div>
   <div class='ocr_carea' id='block_1_103' title="bbox 1928 4990 3496 5065">
    <p class='ocr_par' dir='ltr' id='par_1_103' title="bbox 1928 4990 3496 5065">
     <span class='ocr_line' id='line_1_103' title="bbox 1928 4990 3496 5065; baseline 0.003 -20"><span class='ocrx_word' id='word_1_803' title='bbox 1928 5007 2036 5046; x_wconf 91' lang='lat' dir='ltr'><strong>non</strong></span> <span class='ocrx_word' id='word_1_804' title='bbox 2068 4991 2430 5055; x_wconf 80' lang='lat' dir='ltr'><strong>invocabant?</strong></span> <span class='ocrx_word' id='word_1_805' title='bbox 2459 4990 2589 5064; x_wconf 87' lang='lat' dir='ltr'><strong>Erit_</strong></span> <span class='ocrx_word' id='word_1_806' title='bbox 2604 4994 2748 5049; x_wconf 89' lang='lat' dir='ltr'><strong>enim</strong></span> <span class='ocrx_word' id='word_1_807' title='bbox 2786 5001 3002 5064; x_wconf 82' lang='lat' dir='ltr'><strong>tempus</strong></span> <span class='ocrx_word' id='word_1_808' title='bbox 3033 5011 3142 5065; x_wconf 75' lang='lat' dir='ltr'><strong>quo</strong></span> <span class='ocrx_word' id='word_1_809' title='bbox 3163 5000 3496 5063; x_wconf 79' lang='lat' dir='ltr'><strong>cognoscent</strong></span> 
     </span>
    </p>
   </div>
   <div class='ocr_carea' id='block_1_104' title="bbox 1925 5081 3495 5153">
    <p class='ocr_par' dir='ltr' id='par_1_104' title="bbox 1925 5081 3495 5153">
     <span class='ocr_line' id='line_1_104' title="bbox 1925 5081 3495 5153; baseline 0.001 -18"><span class='ocrx_word' id='word_1_810' title='bbox 1925 5081 2099 5141; x_wconf 86' lang='lat' dir='ltr'><strong>illum,</strong></span> <span class='ocrx_word' id='word_1_811' title='bbox 2123 5095 2186 5136; x_wconf 92' lang='lat' dir='ltr'><strong>ac</strong></span> <span class='ocrx_word' id='word_1_812' title='bbox 2214 5087 2348 5135; x_wconf 91' lang='lat' dir='ltr'><strong>tunc</strong></span> <span class='ocrx_word' id='word_1_813' title='bbox 2394 5081 2589 5139; x_wconf 87' lang='lat' dir='ltr'><strong>timore</strong></span> <span class='ocrx_word' id='word_1_814' title='bbox 2633 5082 2727 5137; x_wconf 88' lang='lat' dir='ltr'><strong>Dei</strong></span> <span class='ocrx_word' id='word_1_815' title='bbox 2776 5082 3170 5153; x_wconf 81' lang='lat' dir='ltr'><strong>formidineque</strong></span> <span class='ocrx_word' id='word_1_816' title='bbox 3202 5082 3344 5136; x_wconf 88' lang='lat' dir='ltr'><strong>bona</strong></span> <span class='ocrx_word' id='word_1_817' title='bbox 3374 5081 3495 5137; x_wconf 83' lang='lat' dir='ltr'><strong>am-</strong></span> 
     </span>
    </p>
   </div>
   <div class='ocr_carea' id='block_1_105' title="bbox 1882 5171 3494 5245">
    <p class='ocr_par' dir='ltr' id='par_1_105' title="bbox 1882 5171 3494 5245">
     <span class='ocr_line' id='line_1_105' title="bbox 1882 5171 3494 5245; baseline 0.002 -18"><span class='ocrx_word' id='word_1_818' title='bbox 1882 5214 1883 5217; x_wconf 58' lang='grc' dir='ltr'><strong>η</strong></span> <span class='ocrx_word' id='word_1_819' title='bbox 1927 5173 2158 5244; x_wconf 85' lang='lat' dir='ltr'><strong>cientur.</strong></span> <span class='ocrx_word' id='word_1_820' title='bbox 2191 5171 2346 5239; x_wconf 85' lang='lat' dir='ltr'><strong>Quod</strong></span> <span class='ocrx_word' id='word_1_821' title='bbox 2372 5183 2551 5229; x_wconf 91' lang='lat' dir='ltr'><strong>autem</strong></span> <span class='ocrx_word' id='word_1_822' title='bbox 2590 5174 2759 5245; x_wconf 83' lang='lat' dir='ltr'><strong>proba</strong></span> <span class='ocrx_word' id='word_1_823' title='bbox 2798 5190 2887 5231; x_wconf 85' lang='lat' dir='ltr'><strong>res</strong></span> <span class='ocrx_word' id='word_1_824' title='bbox 2937 5175 3007 5230; x_wconf 89' lang='lat' dir='ltr'><strong>sit</strong></span> <span class='ocrx_word' id='word_1_825' title='bbox 3057 5174 3250 5230; x_wconf 87' lang='lat' dir='ltr'><strong>timore</strong></span> <span class='ocrx_word' id='word_1_826' title='bbox 3279 5173 3494 5230; x_wconf 87' lang='lat' dir='ltr'><strong>Domini</strong></span> 
     </span>
    </p>
   </div>
   <div class='ocr_carea' id='block_1_106' title="bbox 1926 5249 3495 5337">
    <p class='ocr_par' dir='ltr' id='par_1_106' title="bbox 1926 5249 3495 5337">
     <span class='ocr_line' id='line_1_106' title="bbox 1926 5249 3495 5337; baseline 0.002 -18"><span class='ocrx_word' id='word_1_827' title='bbox 1926 5263 2091 5329; x_wconf 74' lang='lat' dir='ltr'><strong>allici,</strong></span> <span class='ocrx_word' id='word_1_828' title='bbox 2126 5249 2305 5334; x_wconf 81' lang='lat' dir='ltr'><strong>palam</strong></span> <span class='ocrx_word' id='word_1_829' title='bbox 2338 5276 2420 5322; x_wconf 88' lang='lat' dir='ltr'><strong>est</strong></span> <span class='ocrx_word' id='word_1_830' title='bbox 2448 5282 2514 5322; x_wconf 83' lang='lat' dir='ltr'><strong>ex</strong></span> <span class='ocrx_word' id='word_1_831' title='bbox 2544 5265 2696 5320; x_wconf 90' lang='lat' dir='ltr'><strong>hisce</strong></span> <span class='ocrx_word' id='word_1_832' title='bbox 2714 5266 2896 5322; x_wconf 79' lang='lat' dir='ltr'><strong>verbis</strong></span> <span class='ocrx_word' id='word_1_833' title='bbox 2923 5286 2935 5321; x_wconf 94' lang='lat'>:</span> <span class='ocrx_word' id='word_1_834' title='bbox 2971 5264 3195 5321; x_wconf 86' lang='lat' dir='ltr'><strong>Initium</strong></span> <span class='ocrx_word' id='word_1_835' title='bbox 3220 5266 3495 5337; x_wconf 70' lang='lat' dir='ltr'><strong>sapientia:</strong></span> 
     </span>
    </p>
   </div>
   <div class='ocr_carea' id='block_1_107' title="bbox 1925 5355 3501 5428">
    <p class='ocr_par' dir='ltr' id='par_1_107' title="bbox 1925 5355 3501 5428">
     <span class='ocr_line' id='line_1_107' title="bbox 1925 5355 3501 5428; baseline 0.001 -19"><span class='ocrx_word' id='word_1_836' title='bbox 1925 5356 2082 5409; x_wconf 85' lang='lat' dir='ltr'><strong>timor</strong></span> <span class='ocrx_word' id='word_1_837' title='bbox 2108 5355 2317 5410; x_wconf 85' lang='lat' dir='ltr'><strong>Domini</strong></span> <span class='ocrx_word' id='word_1_838' title='bbox 2347 5357 2407 5410; x_wconf 83' lang='lat'><strong>&quot;.</strong></span> <span class='ocrx_word' id='word_1_839' title='bbox 2445 5356 2522 5410; x_wconf 91' lang='lat' dir='ltr'><strong>Hli</strong></span> <span class='ocrx_word' id='word_1_840' title='bbox 2560 5357 2741 5426; x_wconf 84' lang='lat' dir='ltr'><strong>itaque</strong></span> <span class='ocrx_word' id='word_1_841' title='bbox 2767 5356 2834 5412; x_wconf 90' lang='lat' dir='ltr'><strong>de</strong></span> <span class='ocrx_word' id='word_1_842' title='bbox 2872 5357 3072 5428; x_wconf 88' lang='lat' dir='ltr'><strong>quibus</strong></span> <span class='ocrx_word' id='word_1_843' title='bbox 3106 5358 3219 5427; x_wconf 88' lang='lat' dir='ltr'><strong>jam</strong></span> <span class='ocrx_word' id='word_1_844' title='bbox 3265 5371 3447 5411; x_wconf 90' lang='lat' dir='ltr'><strong>sermo</strong></span> <span class='ocrx_word' id='word_1_845' title='bbox 3470 5396 3501 5422; x_wconf 5' lang='grc' dir='ltr'><strong>,ς</strong></span> 
     </span>
    </p>
   </div>
   <div class='ocr_carea' id='block_1_108' title="bbox 1923 5446 3493 5520">
    <p class='ocr_par' dir='ltr' id='par_1_108' title="bbox 1923 5446 3493 5520">
     <span class='ocr_line' id='line_1_108' title="bbox 1923 5446 3493 5520; baseline 0.002 -18"><span class='ocrx_word' id='word_1_846' title='bbox 1923 5450 2053 5513; x_wconf 76' lang='lat' dir='ltr'><strong>illic,</strong></span> <span class='ocrx_word' id='word_1_847' title='bbox 2076 5446 2136 5502; x_wconf 88' lang='lat' dir='ltr'><strong>id</strong></span> <span class='ocrx_word' id='word_1_848' title='bbox 2178 5458 2280 5516; x_wconf 86' lang='lat' dir='ltr'><strong>est,</strong></span> <span class='ocrx_word' id='word_1_849' title='bbox 2307 5458 2429 5506; x_wconf 84' lang='lat' dir='ltr'><strong>tunc</strong></span> <span class='ocrx_word' id='word_1_850' title='bbox 2471 5450 2819 5520; x_wconf 84' lang='lat' dir='ltr'><strong>trepidabunt</strong></span> <span class='ocrx_word' id='word_1_851' title='bbox 2865 5451 3080 5507; x_wconf 87' lang='lat' dir='ltr'><strong>timore.</strong></span> <span class='ocrx_word' id='word_1_852' title='bbox 3113 5449 3284 5515; x_wconf 85' lang='lat' dir='ltr'><strong>Quem</strong></span> <span class='ocrx_word' id='word_1_853' title='bbox 3324 5462 3493 5520; x_wconf 84' lang='lat' dir='ltr'><strong>porro</strong></span> 
     </span>
    </p>
   </div>
   <div class='ocr_carea' id='block_1_109' title="bbox 323 5792 2022 5902">
    <p class='ocr_par' dir='ltr' id='par_1_109' title="bbox 323 5792 2022 5902">
     <span class='ocr_line' id='line_1_109' title="bbox 323 5792 2022 5902; baseline 0.005 -34"><span class='ocrx_word' id='word_1_854' title='bbox 323 5815 402 5899; x_wconf 72' lang='grc' dir='ltr'>(ι)</span> <span class='ocrx_word' id='word_1_855' title='bbox 440 5817 951 5902; x_wconf 74' lang='grc' dir='ltr'>Πρρσυπακρύειν,</span> <span class='ocrx_word' id='word_1_856' title='bbox 974 5817 1026 5872; x_wconf 90' lang='lat' dir='ltr'><strong>id</strong></span> <span class='ocrx_word' id='word_1_857' title='bbox 1058 5826 1140 5874; x_wconf 86' lang='lat' dir='ltr'><strong>est</strong></span> <span class='ocrx_word' id='word_1_858' title='bbox 1181 5818 1505 5902; x_wconf 54' lang='lat' dir='ltr'><strong>respondere.</strong></span> <span class='ocrx_word' id='word_1_859' title='bbox 1541 5816 1675 5876; x_wconf 81' lang='lat' dir='ltr'><strong>Vide</strong></span> <span class='ocrx_word' id='word_1_860' title='bbox 1710 5792 2022 5877; x_wconf 66' lang='lat' dir='ltr'><strong>in-Qnomat</strong></span> 
     </span>
    </p>
   </div>
   <div class='ocr_carea' id='block_1_110' title="bbox 1798 5792 3497 5902">
    <p class='ocr_par' dir='ltr' id='par_1_110' title="bbox 1798 5792 3497 5902">
     <span class='ocr_line' id='line_1_110' title="bbox 1798 5792 3497 5902; baseline -0.004 -25"><span class='ocrx_word' id='word_1_861' title='bbox 1798 5792 2141 5877; x_wconf 67' lang='lat' dir='ltr'><strong>Quomastico</strong></span> <span class='ocrx_word' id='word_1_862' title='bbox 2163 5817 2231 5875; x_wconf 85' lang='lat' dir='ltr'><strong>ad</strong></span> <span class='ocrx_word' id='word_1_863' title='bbox 2270 5818 2474 5874; x_wconf 87' lang='lat' dir='ltr'><strong>calcem</strong></span> <span class='ocrx_word' id='word_1_864' title='bbox 2508 5833 2733 5889; x_wconf 88' lang='lat' dir='ltr'><strong>operum</strong></span> <span class='ocrx_word' id='word_1_865' title='bbox 2768 5809 3050 5871; x_wconf 81' lang='lat' dir='ltr'><strong>Athanasii</strong></span> <span class='ocrx_word' id='word_1_866' title='bbox 3078 5813 3132 5870; x_wconf 89' lang='lat' dir='ltr'><strong>in</strong></span> <span class='ocrx_word' id='word_1_867' title='bbox 3169 5825 3300 5870; x_wconf 66' lang='grc' dir='ltr'><strong>νοω</strong></span> <span class='ocrx_word' id='word_1_868' title='bbox 3334 5808 3497 5902; x_wconf 35' lang='lat' dir='ltr'><strong>imas</strong></span> 
     </span>
    </p>
   </div>
   <div class='ocr_carea' id='block_1_111' title="bbox 257 5886 1466 5961">
    <p class='ocr_par' dir='ltr' id='par_1_111' title="bbox 257 5886 1466 5961">
     <span class='ocr_line' id='line_1_111' title="bbox 257 5886 1466 5961; baseline 0.002 -19"><span class='ocrx_word' id='word_1_869' title='bbox 257 5886 455 5951; x_wconf 72' lang='grc' dir='ltr'>κούιιν,</span> <span class='ocrx_word' id='word_1_870' title='bbox 489 5895 544 5943; x_wconf 83' lang='lat' dir='ltr'><strong>et</strong></span> <span class='ocrx_word' id='word_1_871' title='bbox 574 5886 881 5955; x_wconf 85' lang='grc' dir='ltr'>ὑπακούων,</span> <span class='ocrx_word' id='word_1_872' title='bbox 917 5903 1113 5961; x_wconf 80' lang='lat' dir='ltr'><strong>supra,</strong></span> <span class='ocrx_word' id='word_1_873' title='bbox 1146 5887 1213 5949; x_wconf 82' lang='lat' dir='ltr'><strong>ad</strong></span> <span class='ocrx_word' id='word_1_874' title='bbox 1243 5902 1385 5947; x_wconf 78' lang='lat' dir='ltr'><strong>vers.</strong></span> <span class='ocrx_word' id='word_1_875' title='bbox 1414 5889 1466 5944; x_wconf 64' lang='grc' dir='ltr'><strong>τι.</strong></span> 
     </span>
    </p>
   </div>
  </div>
