4302 6388
775 465 869 522 181

1439 461 1710 521 EUSEBII
1736 457 2403 521 CIESARIENSlS'OPP.
2443 458 2625 516 PARS
2660 458 2749 516 Ill.
2782 489 2853 499 —
2889 448 3313 514 EXEGETICA.‘

3920 449 4029 506 152

770 580 1009 648 coelum,
1049 588 1211 651 atque
1256 578 1391 635 illud
1444 594 1475 634 a
1507 578 1790 635 Salvatore
1824 581 2201 635 annuntiatum
2260 595 2350 637 re-

2466 579 2546 633 τὸν
2601 577 2743 649 ίερδν
2780 574 3121 647 ’Δπόστολον,
3170 575 3230 638 ὅς
3290 589 3468 645 φησι·
3526 569 4031 638 Προσεληλύθατε

768 687 938 744 gnum
967 672 1247 728 caalorum.
1271 670 1397 729 Haec
1423 679 1509 727 est
1564 670 1867 728 Jerusalem
1912 673 2193 729 caelestis:
2234 671 2351 729 haec

769 760 887 832 ipsa
915 771 1000 818 est
1033 778 1191 819 mons
1220 763 1351 818 Sion
1418 770 1474 817 et
1518 763 1713 818 civitas
1770 762 1865 818 Dei
1910 763 2167 827 viventis,
2194 762 2350 832 juxta

767 868 986 912 sacrum
1039 854 1363 927 Apostolum
1418 855 1513 925 qui
1572 853 1691 909 ait:
1740 841 2060 910 Accessistis
2106 853 2174 906 ad
2222 852 2352 908 Sion

769 956 1035 1017 montem,
1081 958 1132 1013 et
1188 949 1453 1003 civitatem
1502 947 1602 1001 Dei
1635 948 1850 1001 viventis
1908 945 2211 1027 Jerusalem
2250 961 2353 1001 ca:-

770 1039 947 1093 lestem
978 1042 1045 1095 ³⁸.
1074 1037 1179 1094 Per
1204 1039 1618 1094 tabernaculum
1655 1047 1837 1094 autem
1881 1038 2119 1107 idipsur‘n
2146 1036 2350 1092 intelli-

768 1131 935 1200 gitur,
968 1130 1112 1201 quod
1151 1146 1369 1187 sursum
1403 1132 1458 1186 in
1492 1140 1678 1187 monte
1707 1130 2068 1187 constitutum
2100 1140 2213 1199 est,
2270 1132 2351 1189 uti

766 1224 1011 1278 dicitur:
1045 1223 1287 1279 Christus
1317 1235 1493 1279 autem
1546 1226 1800 1293 assistens
1851 1226 2092 1295 pontifex
2146 1225 2353 1294 futuro-

765 1334 887 1372 rum
916 1318 1173 1372 bonorum
1194 1356 1209 1381 ,
1259 1332 1350 1385 per
1387 1315 1615 1384 amplius
1649 1324 1699 1370 et
1728 1316 2009 1386 perfectius
2040 1320 2353 1390 tabernacu-

768 1412 879 1464 lum
909 1426 1010 1463 non
1038 1409 1422 1489 manufactum,
1446 1407 1509 1461 'id
1542 1418 1642 1475 est,
1668 1426 1772 1462 non
1797 1409 1954 1479 hujus
1979 1413 2259 1467 creationis
2281 1412 2348 1468 ³⁹.

838 1501 963 1557 Haec
986 1516 1112 1556 cum
1145 1501 1330 1555 Davidi
1367 1501 1422 1555 in
1452 1511 1687 1556 mentem
1723 1503 1994 1570 venirent,
2035 1504 2114 1559 sic
2143 1505 2350 1561 vocife-

749 1586 919 1648 ratus
978 1601 1101 1649 est:
1141 1592 1541 1665 Domine,‘quis'
1586 1595 1847 1650 habitabit
1901 1597 1957 1650 in
2010 1596 2350 1661 tabernaculo

767 1688 901 1741 tuo?
933 1683 1082 1738 Talis
1103 1684 1244 1738 enim
1281 1700 1467 1742 revera
1499 1687 1684 1753 homo,
1716 1687 1809 1758 qui
1856 1688 2068 1752 scilicet
2114 1705 2351 1746 ascensu

764 1774 1083 1858 hujusmodi
1112 1786 1162 1830 et
1197 1775 1537 1833 habitatione
1558 1779 1773 1839 caelesti
1799 1778 2001 1849 dignus
2041 1780 2141 1847 sit,
2190 1796 2350 1838 rarus

766 1868 1082 1933 admodum,
1119 1879 1173 1925 et
1207 1886 1311 1924 non
1345 1870 1569 1939 obvius,
1609 1880 1670 1925 ut
1708 1872 1797 1926 vix
1826 1887 1970 1926 unus
2014 1872 2069 1926 in
2110 1873 2350 1930 millibus

766 1966 1039 2018 occurrat.
1103 1959 1540 2029 'l‘abernaculum
1588 1962 1772 2031 itaque
1796 1962 1937 2016 illud
1971 1964 2192 2019 coaleste
2236 1964 2349 2033 jam

752 2058 1153 2126 memoratum,
1183 2051 1524 2106 domicilium
1579 2051 1752 2121 ipsius
1812 2052 1907 2123 Dei
1953 2052 2156 2110 fuerit:
2187 2054 2351 2109 homo

764 2158 897 2199 vero
924 2144 1019 2215 qui
1061 2159 1090 2197 a
1119 2151 1335 2198 terrena
1364 2144 1457 2210 illa
1482 2147 1932 2211 commoratione,
1966 2164 2064 2203 ceu
2106 2164 2136 2202 a
2171 2148 2349 2218 capti-

764 2235 954 2304 vitate,
989 2233 1043 2288 in
1075 2234 1298 2290 cceleste
1322 2235 1454 2289 illud
1485 2236 1899 2292 tabernaculum
1932 2238 2351 2313 transferendus

765 2334 886 2389 est.
929 2328 1086 2399 quasi
1129 2327 1448 2399 peregrinus
1490 2335 1545 2383 et
1583 2330 1790 2385 advena
1840 2331 1955 2384 illic
1986 2332 2128 2394 erit,
2164 2340 2352 2403 utpOte

766 2415 860 2485 qui
888 2416 1106 2471 aliunde
1137 2425 1190 2470 et
1215 2432 1281 2471 ex
1312 2417 1488 2471 aliena
1517 2420 1740 2489 regione
1765 2419 1959 2473 eodem
1990 2423 2351 2492 transmigra-

766 2507 949 2573 verit;
988 2516 1323 2577 quapropter
1373 2508 1580 2561 dictum
1635 2508 1776 2572 fuit,
1826 2509 1955 2574 Quis
1990 2510 2246 2565 habitabit
2296 2514 2352 2568 in

771 2597 1111 2654 tabernaculo
1145 2600 1269 2652 tuo?
1303 2596 1499 2653 Beatus
1554 2607 1733 2653 autem
1781 2601 1873 2670 qui
1910 2603 1964 2657 in
2013 2604 2131 2675 ipso
2166 2614 2352 2662 monte

769 2690 1103 2745 constitutus
1150 2707 1213 2745 ac
1246 2692 1604 2749 conﬁrmatus
1647 2694 1841 2763 fuerit;
1886 2712 2010 2751 cum
2056 2698 2353 2753 doceamur

769 2781 1111 2837 mansionem
1142 2783 1323 2850 istam,
1348 2785 1526 2856 dignis
1559 2787 2150 2859 hominibusparatam
2171 2828 2186 2851 .
2240 2798 2351 2845 sta-

768 2873 933 2931 bilem
966 2883 1394 2947 perpetuamque
1418 2877 1555 2935 fore.

843 2965 1010 3022 Vens.
1052 2966 1106 3021 2.
1157 2968 1261 3033 Qui
1307 2969 1500 3022 incedit
1548 2971 1665 3023 sine.
1716 2972 1955 3035 macula,
2009 2980 2059 3025 et
2101 2979 2352 3040 operatur

766 3056 1057 3133 justitiam.
1114 3058 1233 3113 Non
1292 3060 1438 3113 enim
1500 3065 1659 3115 unica
1722 3078 1811 3117 res
1855 3070 2007 3134 gesta
2067 3071 2350 3119 strenuum

772 3151 1046 3206 hominem
1083 3152 1151 3205 ad
1214 3150 1607 3221 perfectionem
1662 3153 1846 3223 ducit;
1900 3157 1993 3211 sed
2039 3173 2137 3228 per
2179 3165 2348 3213 totam

2451 670 2607 725 Σιὼν
2629 669 2748 736 ὄρει
2769 706 2795 739 ,,
2819 668 2919 720 καί
2946 667 3117 720 πόλει
3165 665 3314 719 Θεοῦ
3355 662 3587 729 ζῶντος,
3639 660 4032 731 Ἰερουσαλὴμ

2449 762 2802 831 ἐπουρανίῳ.
2859 760 2973 829 Τὴν
3016 758 3073 812 δὲ
3119 756 3322 828 σκηνὴν
3368 758 3583 828 νοήσεις
3633 756 3732 825 τὴν
3780 752 3895 807 ἀνω
3937 752 4033 804 ἐπὶ

2450 855 2545 910 τοῦ
2610 856 2767 924 ὅρους
2822 851 3115 925 ἱδρυμένην
3177 850 3286 903 ἀπὸ
3337 847 3432 903 τοῦ
3488 848 3786 917 φάσκοντος
3839 844 4027 920 λόγον’

2448 948 2703 1018 Χριστὸς
2744 947 2813 1001 δὲ
2858 943 3343 1014 παραγενόμενος
3387 939 3695 1010 ἀρχιερεὺς
3727 937 3845 992 τῶν
3877 939 4031 1007 μελ-

2449 1041 2683 1094 λόντων
2712 1036 2963 1109 ἀγαθῶν
2998 1034 3098 1089 διὰ
3140 1032 3252 1101 τῆς
3295 1029 3562 1103 μείζονος
3607 1031 3705 1085 καί
3744 1027 4034 1085 τελειοτέ-

2442 1147 2560 1199 ρας
2608 1129 2880 1199 σκηνῆς,
2933 1130 3006 1182 οὐ
3058 1123 3508 1197 χειροποιήτου,
3561 1123 3897 1186 τουτέστιν,
3956 1122 4032 1175 οὐ

2450 1226 2673 1293 ταύτης
2693 1222 2805 1292 τῆς
2832 1223 3102 1288 κτίσεως.

2524 1495 2741 1549 Τούτων
2785 1494 3076 1566 τοιγαροῦν
3109 1496 3204 1548 καὶ
3247 1498 3277 1549 ὁ
3304 1493 3466 1548 Δαυῒδ
3490 1496 3571 1557 είς
3601 1492 3809 1546 ἔννοιαν
3836 1489 4032 1557 ἐλθὼν,

2451 1588 2725 1657 ἀναφωνεῖ
2772 1588 2982 1657 λέγων·
3039 1588 3256 1655 Κύριε,
3304 1588 3395 1652 τίς
3436 1584 3789 1655 παροικήσει
3837 1583 3910 1637 ὲν
3955 1582 4039 1648 τῷ

2451 1678 2794 1751 σκηνώματι
2843 1674 2991 1742 dou;
3024 1678 3266 1749 Ἀληθῶς
3315 1678 3425 1749 γὰρ
3477 1677 3700 1740 σπάνιος
3747 1676 3843 1729 καὶ
3895 1674 4027 1728 δυσο

2451 1774 2693 1846 εύρετος,
2730 1776 2825 1829 καί
2858 1769 2938 1837 εἷς
2971 1791 3073 1827 που
3114 1771 3222 1826 ἀπὸ
3258 1770 3486 1841 μυρίων,
3517 1771 3546 1822 ὁ
3574 1770 3675 1841 τῆς
3714 1766 4039 1830 ἀναϐάσεως

2454 1868 2667 1938 ἐκείνης
2714 1868 2809 1920 καὶ
2852 1868 2953 1936 τῆς
3010 1866 3070 1919 ὲν
3128 1863 3380 1933 οὐρανοῖς
3439 1868 3817 1933 παροικήσεως
3860 1856 4036 1923 ἄξιος.

2453 1962 2527 2015 Τὸ
2564 1962 2661 2032 μὲν
2695 1955 2788 2013 οὖν
2819 1956 3056 2029 δηλωθὲν
3088 1957 3372 2026 σκήνωμα,
3408 1952 3469 2005 τὸ
3501 1954 3560 2005 ὲν
3584 1952 3852 2022 οὐρανοῖς,
3876 1951 4039 2017 οίκη-

2452 2056 2641 2127 τήριον
2701 2050 2866 2107 αὑτοῦ
2910 2049 3106 2119 γένοιτ’
3138 2046 3205 2100 ἂν
3247 2044 3341 2099 τοῦ
3389 2043 3560 2099 Θεοῦ·
3612 2041 3898 2113 ἄνθρωπος
3945 2039 4036 2105 δὲ,

2454 2148 2642 2219 ὥσπερ
2685 2148 2793 2201 ἀπὸ
2842 2144 3219 2217 αἰχμαλωσίας
3265 2142 3363 2212 τῆς
3412 2139 3553 2196 κατὰ
3596 2139 3706 2209 γῆν
3754 2137 4040 2213 διατριϐῆς

2456 2240 2666 2312 μέλλων
2696 2236 3169 2320 μεθίπασθαιιέπὶ
3196 2234 3295 2305 τὴν
3320 2232 3569 2304 οὐράνιον
3599 2230 4038 2301 κατασκήνωσιν,

2453 2333 2640 2404 ὥσπερ
2686 2350 2770 2394 τις
2816 2332 2961 2395 ξένος
3006 2332 3096 2392 καὶ
3136 2329 3397 2400 πάροικος
3444 2326 3594 2379 ἔσται
3644 2325 3789 2396 ἐκεῖ,
3831 2323 3927 2377 an

2453 2423 2717 2497 ἑτέρωθεν
2746 2421 3081 2492 μετανάστης
3112 2418 3382 2490 γεγονὼς,
3414 2418 3508 2471 καὶ
3534 2413 3592 2481 ἐξ
3621 2415 3813 2487 ἑτέρας
3841 2414 4039 2485 ὡρμη-

2457 2517 2613 2587 μένος
2674 2513 2854 2585 χώρας
2873 2530 2886 2542 ’
2919 2512 2999 2566 διὸ
3026 2512 3272 2565 λέλεκται
3295 2531 3306 2542 ·
3348 2511 3439 2576 Τίς
3470 2507 3823 2577 παροικήσει
3854 2505 3925 2559 ἐν
3958 2502 4041 2569 τῷ

2453 2604 2796 2676 σκηνώματι
2833 2621 2983 2669 σου;
3016 2606 3301 2676 Μακάριος
3344 2604 3400 2656 δὲ
3434 2604 3462 2656 ό
3488 2600 3706 2671 ὲναύτῷ
3744 2598 4045 2668 γενόμενος

2451 2699 2529 2769 τῷ
2558 2699 2702 2771 ὄρει,
2734 2698 2828 2751 καὶ
2874 2695 3106 2767 ἱδρυθεὶς
3145 2696 3203 2747 ὲν
3234 2694 3402 2764 αὐτῷ,
3438 2691 3531 2745 τοῦ
3560 2691 3721 2760 λόγου
3756 2688 4039 2742 διδάσκον-

2450 2808 2542 2853 τος
2577 2791 2887 2861 παράμονον
2916 2788 3133 2840 ἔσεσθαι
3160 2786 3253 2840 καὶ
3285 2784 3694 2850 διαιωνίζουσαν
3725 2785 3838 2846 τοῖς
3865 2779 4042 2845 ἀξίοις

2451 2884 2550 2955 τὴν
2575 2882 2742 2955 αὐτὴν
2777 2881 2965 2952 μονήν.

2520 2975 2925 3042 Πορευόμενος
2941 2970 3195 3041 ἄμωμος,
3222 2969 3317 3024 καί
3337 2965 3723 3038 ἐργαζόμενος
3743 2962 4041 3019 δικαιοσύ-

2451 3083 2589 3135 νην.
2626 3065 2700 3119 Ob
2734 3065 2842 3135 γὰρ
2862 3064 2969 3134 μία
2993 3051 3190 3133 πρᾶξις
3218 3060 3412 3113 τελειοῖ
3444 3058 3534 3110 τὸν
3570 3056 3873 3116 σπουδαῖον,
3901 3051 4039 3106 ἀλλὰ

2452 3158 2615 3211 παντὶ
2653 3156 2897 3227 προσῆκε
2939 3152 3017 3222 τῷ
3060 3152 3158 3222 βίῳ
3189 3154 3308 3213 ταῖς
3350 3150 3467 3201 κατ’
3496 3148 3704 3218 ἀρετὴν
3736 3144 4038 3214 ἐνεργείαις

771 3244 939 3313 νὶιοιη
967 3243 1183 3309 virtutis
1215 3245 1476 3314 operibus
1513 3246 1914 3316 insistendum;
1950 3256 2015 3302 ut
2051 3249 2107 3303 in
2139 3249 2242 3305 hac
2268 3251 2351 3303 via

2466 3245 3017 3320 ςυμπαρατείνεσθαι,
3057 3245 3141 3297 ἵνα
3175 3243 3393 3313 ἄμωμοι
3425 3241 3519 3294 καὶι
3552 3238 3874 3308 ἀνέγκλητοι
3916 3236 4057 3297 κατ’,

773 3335 1038 3405 inculpati
1075 3350 1138 3389 ac
1168 3337 1398 3392 crimine
1434 3340 1594 3393 vacui
1630 3354 1978 3395 censeantur.
2009 3339 2075 3393 Et
2114 3341 2229 3395 haec
2264 3341 2355 3395 illa

776 3422 1035 3487 salutaris
1092 3425 1330 3503 cognitio
1401 3425 1601 3489 fuerit,
1647 3414 1821 3497 quam
1885 3425 2001 3498 ipse
2060 3424 2215 3480 affert
2271 3426 2357 3483 bis

774 3513 1000 3584 verbis:
1034 3513 1146 3589 Ego
1178 3532 1296 3569 sum
1329 3517 1413 3570 via
1441 3518 1507 3569 ".
1535 3516 1762 3587 Oportet
1795 3518 1941 3572 enim
1973 3525 2095 3587 post
2121 3518 2358 3588 primum

777 3607 982 3663 editum
1030 3624 1169 3678 opus
1208 3608 1445 3673 bonum,
1502 3610 1840 3679 singulorum
1904 3592 2356 3681 subsequentium

770 3707 1098 3775 gestorum,
1156 3708 1217 3753 ut
1274 3700 1483 3755 scilicet
1520 3716 1644 3755 cum
1690 3702 1905 3771 justitia
1974 3704 2356 3770 admittantur,

778 3804 966 3846 curam
1006 3796 1059 3861 et,
1098 3789 1519 3845 sollicitudinem
1548 3806 1758 3861 gerere.

850 3879 1017 3947 Vens.
1063 3882 1117 3935 5.
1164 3882 1269 3948 Qui
1315 3882 1546 3953 loquitur
1592 3884 1865 3937 veritatem
1919 3884 1975 3937 in
2030 3885 2191 3939 corde
2238 3902 2355 3950 suo,

779 3972 869 4043 qui
909 3989 1012 4026 non
1055 3973 1158 4041 egit
1201 3972 1383 4026 dolum
1436 3975 1488 4026 in
1528 3975 1707 4044 lingua
1750 3990 1871 4028 sua.
1921 3973 2038 4028 Non
2071 3985 2155 4030 est
2195 3977 2360 4045 igitur

779 4063 927 4133 quod
960 4064 1084 4134 quis
1117 4080 1184 4118 ex
1228 4065 1568 4129 rudioribns,
1604 4067 1688 4120 his
1728 4066 1916 4136 probis
1960 4066 2121 4123 editis
2153 4067 2363 4125 facino-

779 4154 958 4217 ribus,
988 4169 1109 4213 sese
1134 4153 1350 4225 ell‘erat;
1384 4170 1451 4209 ne
1482 4155 1892 4228 ceu‘naui‘ragio
1917 4154 2061 4212 facto
2092 4157 2359 4213 bonorum

776 4245 1048 4317 jactm'am
1086 4246 1270 4315 faciat.

853 4337 1020 4394 Vens.
1052 4339 1105 4395 4.
1170 4338 1281 4393 Ad.
1312 4340 1535 4394 nihilum
1576 4339 1834 4411 deductus
1875 4352 1952 4396 est
1999 4343 2055 4397 in
2084 4352 2359 4411 conspectu

780 4430 894 4495 eius
940 4431 1226 4503 malignus,
1276 4427 1513 4501 timentes
1550 4440 1727 4484 autem
1751 4430 2033 4486 Dominum
2071 4432 2358 4503 glori/Scal.

2461 3339 2630 3411 αὐτὴν
2660 3326 2948 3409 γενώμεθα
2972 3335 3070 3406 τὴν
3097 3335 3233 3389 ὀδόν.
3266 3333 3366 3403 Είη
3400 3332 3444 3385 δ’
3467 3332 3533 3385 ἂν
3558 3330 3695 3401 αὓτη
3718 3333 3750 3400 ἡ
3773 3332 4045 3402 σωτήριος.

2460 3430 2679 3501 γνῶσις,
2706 3431 2771 3501 ἢν
2794 3429 2952 3492 αὐτὸς
2977 3426 3244 3499 παριστὰς
3266 3425 3470 3493 ἔλεγεν-
3508 3422 3647 3492 Ἐγώ
3676 3425 3789 3490 είμι
3813 3422 3850 3489 ἡ
3874 3419 4035 3485 ὁδός.

2460 3524 2551 3575 Δεῖ
2599 3520 2709 3592 γὰρ
2752 3519 2887 3592 πρὸς
2920 3520 2999 3590 τῷ
3032 3518 3232 3589 πρώτῳ
3272 3513 3675 3587 κατορθώματι,
3714 3515 3807 3567 καὶ
3842 3513 3943 3583 τῆς
3970 3511 4039 3564 δι’

2461 3614 2637 3683 ἔργων
2693 3615 2788 3668 καὶ
2841 3612 3090 3685 πράξεων
3143 3611 3252 3664 τῶν
3306 3613 3362 3664 ὲν
3410 3607 3720 3678 δικαιοσύνῃ
3782 3606 4044 3678 πρόνοιαν

2462 3705 2748 3761 ποιεῖσθαι.

2531 3886 2746 3943 Λαλῶν
2771 3884 3058 3951 ἀλήθειαν
3090 3882 3159 3935 ἐν
3185 3880 3396 3949 καρδίῃ
3429 3878 3632 3933 αὑτοῦ·
3675 3878 3743 3943 ὃς
3773 3877 3883 3929 οὐκ
3909 3874 4039 3929 ἐδό-

2461 3981 2661 4033 λωσεν
2689 3977 2758 4030 ὲν
2786 3974 3038 4045 γλώσσῃ
3076 3970 3283 4025 αὐτοῦ.
3327 3970 3400 4022 Οὐ
3434 3969 3515 4021 δεῖ
3541 3967 3721 4021 τοίνυν
3776 3965 4041 4020 κατεπαίο-

2465 4067 2653 4140 ρεσθαί
2673 4085 2793 4122 τινα
2820 4066 2929 4120 τῶν
2959 4062 3325 4135 ἀτελεστέρων
3353 4060 3489 4131 μετά
3516 4060 3575 4113 τὸ
3603 4059 3945 4130 κατορθῶσαι
3971 4054 4046 4132 τὰ⁵

2463 4157 2745 4229 εἰρημένα·
2780 4157 2866 4209 ἵνα
2904 4155 2999 4225 μὴ,
3031 4147 3140 4208 οἷόν
3174 4170 3226 4206 τι
3265 4152 3523 4221 ναυάγιον
3563 4149 3768 4215 παθὼν,
3799 4149 4039 4221 ἀπολέσῃ

2460 4250 2529 4304 τὰ
2559 4248 2751 4324 εαυτοῦ
2782 4249 2941 4301 καλά.

2546 4340 2963 4407 Ἐξουδένωται
3006 4336 3261 4391 ἐνώπιον
3304 4335 3490 4391 αὑτοῦ
3536 4336 4036 4404 πονηρευόμενος,

2462 4433 2604 4499 τοὺς
2646 4432 2713 4485 δὲ
2770 4428 3177 4499 φοϐουμένους
3228 4430 3334 4482 τὸν
3379 4428 3598 4494 Κύριοι⁸
3659 4426 3905 4491 δοξάζει.
3987 4427 4038 4478 '0

784 4521 891 4586 Qui
926 4523 1077 4590 jurat
1120 4523 1360 4595 proximo
1402 4538 1518 4587 suo,
1563 4532 1613 4577 et
1651 4539 1755 4577 non
1796 4522 2009 4591 decipit.
2046 4523 2145 4578 Hic
2173 4541 2270 4594 pro
2303 4538 2361 4581 re

2466 4522 2703 4596 ὀμνύων
2751 4523 2832 4589 τῷ
2897 4523 3163 4589 πλησίον
3226 4520 3411 4575 αὐτοῦ
3470 4518 3567 4572 καί
3619 4521 3730 4573 οὐκ
3792 4517 4039 4575 ἀθετῶν.

781 4622 892 4666 una
951 4620 1163 4665 tantum
1213 4608 1582 4684 congruenter
1636 4615 1814 4685 jurari
1870 4630 2033 4686 posse
2089 4616 2356 4681 decernit,

2479 4594 2744 4670 Ἐνταῦθα
2785 4615 2877 4668 ἐπὶ
2936 4615 3015 4667 svi.
3064 4612 3342 4687 πράγματι
3396 4626 3556 4679 φησιν
3612 4609 3850 4678 εὐλόγως
3909 4606 4039 4659 ποτὲ

784 4703 913 4757 dum
946 4702 993 4756 is
1021 4703 1112 4773 qui
1138 4703 1289 4771 jurat
1313 4704 1702 4775 jusjurandum
1739 4722 1807 4761 ne
1831 4707 2015 4763 violet.
2053 4706 2237 4777 Ecqua
2268 4709 2359 4762 illa

782 4809 874 4851 res
906 4803 1023 4862 est,
1066 4794 1450 4852 nisiamicitia
1491 4806 1544 4852 et
1591 4799 1938 4863 necessitudo
1983 4816 2107 4855 cum
2153 4800 2357 4870 aliquo,

786 4898 943 4958 pacto
972 4888 1197 4951 laedere,
1229 4879 1454 4956 juncta?
1490 4889 1587 4946 Est
1617 4898 1797 4945 autem
1825 4893 2196 4961 juramentum
2233 4894 2359 4952 talis

786 4978 890 5031 viri
921 4981 1261 5050 inculpatum
1302 4987 1357 5053 et
1401 4983 1705 5049 innoxium,
1738 4998 1846 5054 quo
1881 4986 2131 5041 ﬁrmatur
2182 4986 2353 5055 illud:

785 5067 875 5130 Ita
904 5072 1107 5143 ita,gtet,
1137 5071 1260 5126 Non
1291 5090 1395 5129 non
1415 5074 1481 5130 ³³.
1772 5068 1773 5071 “
1902 5084 1905 5089 ’
2354 5055 2358 5058 ”

857 5158 1025 5216 Vens.
1054 5161 1107 5216 5.
1153 5162 1257 5229 Qui
1285 5170 1555 5235 pecuniam
1599 5185 1754 5223 suam
1793 5184 1899 5239 non
1946 5166 2089 5237 dedit
2131 5166 2199 5223 ad
2232 5185 2362 5221 usu-

787 5266 926 5316 ram,
952 5260 1002 5306 et
1031 5269 1249 5309 munera
1271 5274 1425 5325 super
1464 5260 1758 5317 innocentes
1841 5276 1946 5332 non
1977 5260 2193 5328 accepit
2220 5259 2361 5325 Qllia

789 5343 1062 5402 interdum
1094 5352 1361 5422 contingit
1403 5369 1525 5408 eum
1554 5353 1649 5425 qui
1699 5354 1811 5424 jam
1862 5362 2162 5409 memorata
2208 5358 2360 5423 gesta

718 5466 724 5472 ν
787 5445 1079 5496 exsecutus
1103 5448 1228 5507 est,
1270 5444 1415 5498 circa
1447 5460 1731 5499 munerum
1756 5444 2118 5514 captationem
2147 5454 2200 5499 et
2228 5460 2363 5499 usu—

790 5540 906 5580 ram
943 5530 1251 5601 claudicare
1287 5552 1349 5590 ac
1380 5536 1700 5606 egritudine
1733 5537 2017 5601 laborare;
2066 5535 2193 5589 huic
2224 5550 2364 5604 quo-

787 5634 897 5690 que
954 5626 1143 5681 morbo
1195 5627 1495 5683 remedium
1547 5627 1997 5699 applicat.'Nam
2060 5627 2154 5697 qui
2207 5626 2362 5696 regni

790 5714 1071 5789 calorum
1099 5733 1284 5787 causa,
1326 5727 1381 5777 et
1416 5736 1484 5778 ex
1530 5722 1650 5793 ipsa
1688 5736 1818 5792 erga
1855 5720 2163 5791 proximum
2198 5733 2358 5775 suum

2466 4711 2574 4764 δεῖν
2625 4708 2871 4781 ὀμνύναι,
2923 4707 3015 4760 καὶ
3066 4705 3333 4775 ὀμνύοντα
3387 4702 3460 4774 μὴ
3513 4702 3866 4773 παραϐαίνειν
3915 4699 4039 4761 τοὺς

2465 4806 2678 4875 ὅρκους.
2722 4802 2844 4855 Ἐπὶ
2875 4799 3009 4869 ποίῳ
3035 4798 3091 4851 δὲ
3122 4798 3314 4867 τούτῳ,
3341 4795 3373 4865 ἢ
3405 4793 3497 4847 ἐπὶ
3528 4792 3605 4864 τῷ
3630 4793 3873 4864 ἑταιρίαν
3905 4807 4038 4861 γνη-

2468 4899 2588 4951 σίαν
2617 4897 2711 4950 καὶ¹
2744 4894 2925 4964 φιλίαν
2961 4889 3310 4952 σπένδεσθαις
3352 4888 3508 4940 Ἔστι
3548 4886 3604 4939 δὲ
3635 4887 3795 4957 ὅρκος
3817 4882 3912 4935 τοῦ
3941 4900 4037 4953 τη-

2466 4986 2709 5059 λικούτου
2741 4984 2930 5056 ἀνδρὸς
2966 4981 3382 5053 ἀκατάγνωστος
3404 4979 3580 5047 λόγος,
3614 4978 3698 5045 ἐφ’
3726 4967 3769 5042 ᾧ
3797 4971 4040 5043 βεδαιοᾷ
4074 4974 4081 4985 ’

2417 5116 2423 5121 -
2465 5096 2556 5134 ται
2595 5080 2676 5140 τὸ,
2709 5076 2821 5131 Ναὶ
2850 5069 2971 5136 ναὶ,
2998 5074 3092 5127 καὶ
3119 5070 3199 5135 τὸ,
3225 5070 3307 5123 Οὒ
3336 5070 3427 5124 οὔ.

2543 5170 2613 5224 Τὸ
2646 5170 2928 5238 ἀργύριον
2967 5164 3155 5220 αὐτοῦ
3186 5165 3297 5217 οὐκ
3340 5163 3561 5215 ἔδωκεν
3596 5158 3695 5211 ἐπὶ
3732 5158 3906 5224 τόκῳ,
3942 5156 4041 5211 και

2469 5262 2626 5331 δῶρα
2666 5261 2758 5314 ἐπ’
2802 5260 3014 5324 ἀθώοις
3045 5258 3156 5311 οὐκ
3203 5254 3439 5311 ἐλαϐεν.
3489 5249 3704 5319 Ἐπειδὴ
3756 5248 4039 5319 πμὸαίνει

2470 5352 2599 5406 ποτὲ
2647 5352 2783 5420 μετά
2826 5352 3005 5405 πάντα
3043 5348 3112 5401 τὰ
3157 5341 3610 5419 κατηριθμημένα
3642 5338 4037 5410 κατορθώματα

2470 5441 2692 5506 σκάζειν
2720 5441 2840 5494 τινὰ
2867 5433 3167 5495 καινοσεῖν
3200 5440 3328 5511 περὶ
3358 5430 3681 5505 δωροδοκίας
3709 5430 3803 5484 καὶ
3824 5428 4034 5491 τόκους,

2470 5533 2564 5587 καὶ
2593 5530 2795 5601 ταύτην
2830 5529 3266 5602 προσϐεραπεύει
3318 5526 3416 5596 τὴν
3456 5523 3655 5583 νόσον..
3687 5521 3745 5574 '0
3788 5518 3897 5588 γὰρ
3935 5515 4037 5585 τῆς

2470 5616 2743 5694 βασιλείας
2775 5623 2884 5675 τῶν
2921 5620 3164 5693 οὐρανῶν
3204 5620 3410 5677 ἕνεκεν,
3450 5615 3543 5668 καὶ
3578 5611 3745 5680 αὐτῆς
3772 5609 3871 5678 τῆς
3902 5606 4034 5687 πρὸς

2466 5712 2556 5767 τὸν
2594 5711 2819 5783 πλησίον
2848 5713 3068 5783 ἀγάπης
3105 5710 3198 5764 καὶ
3226 5702 3631 5777 φιλανθρωπίας
3672 5698 3828 5753 τοῦτο
3863 5698 4026 5771 πράτν

853 5892 908 5925 ἐν
947 5889 1108 5949 Hebr.
1143 5880 1380 5961 111,23.
1458 5897 1500 5929 ιο
1540 5895 1796 5965 Item-.u,
1838 5896 1922 5973 it,
2001 5897 2042 5929 ιι
2083 5894 2238 5953 Joan.
2274 5911 2363 5955 xrv

2474 5932 2487 5946 .
2564 5890 2607 5922 "
2647 5887 2767 5945 Jac.
2805 5907 2866 5957 v,
2908 5890 2993 5946 1‘2.
