4302 6430
772 488 882 547 155
1432 477 1697 564 ΕυεεΕΒιι
1735 469 2213 533 CIESARIENSlS
2250 468 2401 523 OPP.
2439 466 2471 520 Ρ

2297 468 2401 523 PP.
2439 464 2617 520 PARS
2655 462 2742 520 Ill.
2783 493 2851 504 -—
2888 460 3297 518 EXEGETICA.
3889 453 3996 512 £55

771 617 905 660 sona
934 596 1334 670 pronuntiatum
1366 594 1630 664 psalmum
1655 631 1669 654 ,
1704 589 1867 659 idque
1903 585 2200 641 secundum
2224 582 2326 634 bu-
2355 586 2402 643 Α
2429 581 2470 632 el

2304 608 2326 619 η
2355 586 2402 643 Α
2429 579 2641 650 εἴρηται
2675 580 2702 631 ὁ
2733 575 2943 646 ψαλμός
2966 592 2977 603 ·
3024 573 3233 644 είρηται
3265 572 3321 625 δὲ
3370 570 3508 627 κατά
3544 570 3604 624 τὸ
3633 570 3996 642 ἀνθρώπειον.

772 705 988 746 Inanam
1028 697 1310 749 naturam,
1344 681 1653 752 cujusmodi
1688 680 1826 733 bene
1865 678 2036 731 multa
2072 677 2126 728 in
2161 673 2329 727 sacris
2431 674 2471 725 ὦ

2302 687 2329 726 s
2431 674 2614 741 ὥσπερ
2644 670 2795 723 αὐτοὶ
2824 668 2958 721 αύτά
2984 665 3151 719 πολλὰ
3185 664 3278 719 καὶ
3314 666 3371 717 ὲν
3410 666 3519 725 τοῖς
3548 664 3708 734 ἱεροῖς
3746 664 3999 730 Εὐαγγε-

773 782 1079 852 Evangeliis
1108 776 1596 849 deprehendimus;
1643 772 1803 841 quale
1831 777 1915 824 est
1940 768 2072 822 illud
2100 784 2113 820 :
2142 764 2326 828 Pater,

771 877 819 929 si
845 874 959 943 ﬁeri
982 872 1168 941 possit,
1196 876 1429 922 transeat
1459 884 1491 919 a
1523 882 1599 918 me
1634 865 1775 917 calix
1804 864 1920 917 iste.
1963 860 2329 913 Verumtamen

771 983 873 1019 non
914 963 1051 1035 quod
1096 978 1186 1031 ego
1226 959 1360 1021 vola,
1412 958 1501 1011 sed
1552 956 1688 1025 quod
1741 968 1796 1007 tu
1824 955 1900 1019 ³⁸;
1954 961 2047 1006 et:
2084 949 2228 1003 Vada
2262 949 2329 1001 ad

772 1058 986 1112 Patrem
1031 1042 1201 1107 meum
1246 1062 1293 1105 et
1319 1051 1535 1104 Patrem
1576 1056 1821 1101 vestrum.
1868 1044 2031 1096 Deum
2073 1057 2243 1094 meum
2283 1049 2331 1093 et

772 1147 940 1201 Deum
969 1154 1192 1198 vestrum
1222 1142 1282 1195 ³⁵.
1307 1143 1395 1196 Sic
1413 1140 1724 1211 frequenter
1762 1143 2030 1198 orantem,
2066 1146 2127 1183 ac
2158 1145 2331 1200 genua

772 1237 1078 1293 flectentem
1129 1232 1456 1289 invenimus.
1486 1228 1716 1282 Eadem
1769 1240 1994 1295 prorsus
2035 1222 2245 1275 ratione
2279 1221 2331 1272 in

772 1326 879 1380 hoc
915 1338 1129 1394 quoque
1167 1323 1379 1393 psalmo
1431 1315 1752 1372 conservari
1798 1330 1855 1368 se
1897 1322 2166 1382 precatur,
2204 1312 2332 1363 dum

772 1408 953 1468 tamen
1010 1429 1039 1466 a
1072 1430 1133 1467 se
1174 1414 1295 1481 ipso
1341 1416 1731 1464 conservatur.
1764 1407 1832 1459 At
1882 1407 2024 1461 enim
2078 1414 2135 1458 ut
2173 1405 2333 1459 homo

774 1514 952 1575 rogat,
994 1520 1057 1559 ac
1098 1512 1283 1573 utpote
1313 1501 1453 1556 Deus
1494 1500 1766 1571 postulata
1812 1499 2089 1564 concedit;
2147 1513 2335 1552 assen-

773 1605 942 1651 tiente
988 1597 1197 1651 scilicet
1244 1602 1297 1648 et
1335 1601 1663 1662 cooperante
1699 1591 1881 1645 Patre.
1940 1590 2203 1656 Quoniam
2245 1589 2335 1643 bo-

773 1704 959 1742 norum
990 1704 1221 1741 meorum
1255 1704 1356 1741 non
1386 1703 1521 1755 eges.
1568 1683 1693 1737 Haec
1719 1682 2077 1754 Symmachus
2109 1686 2212 1738 alia
2248 1697 2337 1735 ra-

775 1780 921 1833 tione
960 1779 1350 1848 interpretatus
1390 1786 1475 1831 est
1504 1792 1517 1827 :
1552 1773 1676 1827 Non
1707 1785 1783 1827 est
1821 1774 1949 1826 mihi
1992 1773 2184 1826 bonum
2213 1774 2337 1841 isine

776 1874 842 1923 te.
886 1868 1074 1925 Omnis
1116 1870 1271 1939 c0pia
1316 1869 1607 1927 bonorum,
1656 1864 1855 1933 inquit,
1888 1879 1983 1932 per
2015 1870 2164 1916 tuam
2202 1864 2336 1916 mihi

776 1964 1003 2033 gratiam
1044 1923 1345 2015 confertur.
1390 1956 1633 2026 Utraque
1671 1923 1836 2025 porro
1886 1956 2045 2009 lectio
2080 1970 2231 2024 atque
2272 1956 2339 2010 ad
2369 1923 2411 1977 Β

776 2056 1027 2124 pietatem
1060 2058 1382 2121 opportuna.
1416 2047 1624 2102 Etenim
1679 2062 1709 2099 a
1738 2046 1848 2101 Deo
1875 2048 2154 2107 concessis
2181 2047 2339 2103 bonis

776 2160 878 2198 nos
907 2142 1258 2213 perfruimur,
1296 2155 1471 2209 neque
1512 2139 1560 2193 is
1602 2145 1751 2192 recte
1798 2136 1959 2205 factis
2000 2139 2202 2209 indiget
2242 2154 2341 2191 no-

774 2235 911 2288 stris
959 2246 1182 2286 :verum
1236 2230 1305 2287 ad
1350 2232 1643 2285 utilitatem
1697 2228 1814 2299 ipse
1854 2236 2101 2285 nostram
2129 2229 2243 2291 haec
2283 2229 2342 2282 ut

779 2337 1005 2392 agamus
1041 2323 1157 2393 lege
1196 2322 1393 2377 sancit.

854 2411 1015 2469 Vens.
1043 2415 1103 2473 5,
1126 2414 1178 2467 4.
1228 2413 1441 2469 Sanctis
1475 2415 1565 2484 qui
1604 2421 1725 2477 sunt
1761 2413 1819 2478 in
1873 2419 2016 2479 terra
2048 2408 2161 2478 ejus
2196 2408 2345 2461 miri-

778 2506 954 2575 ﬁcavit
998 2522 1174 2559 omnes
1208 2506 1501 2559 voluntates
1551 2522 1677 2558 suas
1715 2506 1769 2556 in
1803 2503 1898 2556 eis.
1932 2532 1999 2542 -—
2033 2501 2133 2556 Vos
2170 2511 2345 2554 autem

775 2600 903 2653 estis
932 2613 1116 2666 corpus
1140 2596 1359 2669 Christi,
1383 2607 1431 2649 et
1463 2598 1693 2650 membra
1720 2596 1785 2651 de
1814 2595 2043 2655 membro
2067 2595 2131 2648 ³⁸.
2158 2594 2341 2649 Eccle-

780 2694 876 2744 sia:
920 2703 1031 2743 suae
1072 2704 1362 2752 aerumnas,
1414 2688 1518 2743 sibi
1557 2689 1714 2756 quasi
1757 2688 2005 2757 proprias
2045 2686 2344 2750 aseribens,

780 2796 846 2835 ex
877 2796 1108 2850 persona
1141 2780 1260 2849 ejus
1290 2781 1401 2834 haec
1431 2782 1604 2850 potuit
1635 2780 1788 2835 eﬂ'ari
1816 2796 1827 2831 :
1862 2778 2074 2845 Sanctis
2106 2778 2194 2847 qui
2222 2788 2345 2832 sunt

779 2874 836 2925 in
866 2882 1003 2925 terra
1024 2872 1135 2941 ejus
1168 2873 1465 2941 miriﬁcavit
1490 2889 1665 2926 omnes
1696 2872 1985 2935 voluntates
2018 2886 2142 2923 suas
2173 2869 2225 2921 in
2254 2870 2347 2921 eis.

782 2961 1153 3030 Multiplicatw
1169 2973 1289 3015 sunt
1310 2964 1645 3031 inﬁrmitates
1663 2962 1974 3017 eorum.Alii
1996 2969 2195 3014 terram
2211 2959 2349 3027 ejus,

784 3051 1083 3108 Ecclesiam
1139 3054 1613 3123 interpretantur;
1664 3060 1994 3124 quapropter
2024 3051 2120 3121 Dei
2160 3052 2353 3104 volun-

782 3150 923 3197 tates
953 3143 1233 3198 mirabiles
1254 3143 1511 3198 evadunt.
1540 3143 1862 3198 Voluntates
1889 3158 2053 3213 porro
2081 3143 2196 3208 Dei,
2227 3149 2355 3197 sunt

2429 764 2562 826 λίοις
2601 762 2939 833 εὑρίσκομεν·
2975 757 3208 812 τοιοῦτόν
3260 759 3373 809 ἐστι
3422 755 3510 807 τό·
3565 752 3774 821 Πάτερ,
3805 756 3859 807 εί
3894 753 4006 806 δυ-

2430 854 2632 919 νατὸν,
2676 850 3009 921 παρελθέτω
3055 850 3119 902 τὸ
3156 847 3438 915 ποτήριον
3481 845 3653 900 τοῦτο
3685 846 3785 900 ἀπ’
3822 845 4001 915 ἐμοῦ.

2432 947 2605 1013 Πλὴν
2632 949 2739 1013 οὐχ
2766 947 2844 1009 ὠς
2870 942 2983 1012 ἐγὼ
3015 941 3185 1004 θέλω,
3215 940 3347 994 ἀλλ’
3373 941 3452 1005 ὡς
3465 940 3565 993 σύ·
3602 938 3715 1001 καὶ,
3740 938 4002 1005 Πορεύοο

2426 1054 2531 1105 μαι
2576 1036 2721 1102 πρὲις
2755 1034 2861 1087 τὸν
2884 1031 3113 1101 Πατέρα
3138 1050 3255 1099 μου
3301 1031 3397 1083 καὶ
3424 1029 3653 1097 Πατέρα
3681 1029 3867 1098 ὑμῶν,
3897 1028 4005 1080 καὶ

2437 1130 2583 1180 Θεόν
2602 1144 2717 1194 μου
2745 1126 2842 1178 καὶ
2876 1124 3024 1178 Θεὸν
3049 1108 3235 1192 ὑμῶν-ξ
3274 1122 3455 1185 Οὕτως
3484 1123 3807 1193 εὑρίσκομεν
3830 1122 4005 1176 αὑτὸν

2434 1221 2719 1289 εὐχόμενον
2752 1216 3005 1287 συνεχῶς,
3034 1216 3129 1270 καὶ
3162 1215 3227 1268 τὰ
3255 1215 3453 1281 γόνατα
3474 1215 3809 1285 κάμπτοντα.
3840 1214 4006 1269 Οὕτω

2434 1315 2610 1367 τοίνυν
2644 1313 2734 1364 καὶ
2764 1313 2819 1363 ἐν
2845 1310 3014 1379 τούτῳ
3036 1308 3113 1375 τῷ
3134 1306 3331 1376 ψαλμῷ
3358 1309 3496 1360 αἰτεῖ
3522 1306 3878 1384 φυλαχθῆναι,
3904 1306 4006 1360 καὶ

2438 1406 2524 1472 ὑφ’
2554 1401 2741 1455 ἑαυτοῦ
2778 1399 3125 1469 φυλάττεται.
3160 1398 3307 1447 Αίτεῖ
3345 1396 3440 1465 μὲν
3468 1395 3573 1465 γὰρ
3598 1396 3670 1459 ὡς
3694 1395 4004 1465 ἄνθρωπος,

2436 1496 2615 1548 δίδωσι
2649 1494 2703 1545 δὲ
2738 1492 2833 1561 τὴν
2868 1491 3079 1559 αἴτησιν
3109 1488 3181 1549 ὡς
3208 1488 3357 1550 Θεός·
3395 1486 3735 1549 εὐδοκοῦντος
3760 1487 4008 1557 δηλονότι

2437 1588 2529 1643 καὶ
2555 1584 2935 1656 συνεργοῦντος
2968 1580 3058 1633 τοῦ
3084 1581 3281 1631 οἰκείου
3312 1578 3540 1648 Πατρός.
3573 1579 3691 1630 Ὅτι
3715 1576 3832 1633 τῶν
3856 1579 4011 1646 ἀγα-

2437 1678 2556 1732 θῶν
2574 1695 2690 1746 μου
2714 1678 2784 1728 οὐ
2810 1676 3018 1743 χρείαν
3044 1674 3217 1743 ἔχεις.
3238 1674 3404 1727 Τοῦτο
3432 1678 3459 1727 ὁ
3490 1673 3778 1744 Σύμμαχος
3800 1674 4008 1745 ἑτέρως

2437 1769 2795 1840 ἡρμήνευσεν·
2826 1766 3062 1833 Ἄγαθόν
3076 1780 3173 1831 μοι
3195 1765 3303 1817 οὐκ
3327 1764 3494 1817 ἐστιν
3514 1763 3657 1817 ἄνευ
3672 1764 3805 1817 σοῦ.
3825 1763 4005 1827 Πᾶσα,

2440 1864 2591 1932 φησὶ,
2619 1860 2725 1912 τῶν
2753 1856 2966 1925 ἀγαθῶν
2996 1858 3028 1926 ἡ
3072 1856 3210 1927 φορὰ
3250 1855 3337 1907 διὰ
3379 1857 3475 1926 τῆς
3516 1856 3613 1926 σῆς
3646 1855 3879 1925 ὑπάρχει
3914 1872 4010 1927 μοι

2440 1957 2675 2030 χάριτος.
2726 1953 3033 2024 Ἀμφότεροι
3079 1951 3135 2003 δὲ
3177 1950 3276 2019 τῆς
3321 1950 3598 2013 εὐσεϐείας
3648 1950 3847 2019 ἔχεται.
3895 1950 4010 2003 Καὶ

2439 2054 2598 2122 ἡμεῖς
2629 2048 2736 2119 γὰρ
2777 2045 2925 2117 παρὰ
2954 2043 3046 2097 τοῦ
3084 2043 3217 2096 Θεοῦ
3253 2042 3359 2095 τῶν
3393 2041 3610 2110 ἀγαθῶν
3644 2042 4009 2112 ἀπολαύομεν,

2441 2142 2535 2195 καὶ
2574 2140 2734 2201 αὑτὸς
2776 2138 2875 2206 τῆς
2916 2134 3188 2206 ἡμετέρας
3233 2134 3653 2203 δικαιοπραγίας
3691 2134 3749 2186 οὐ
3792 2132 4007 2209 χρῄζεν

2442 2231 2600 2301 χάριν
2639 2229 2817 2299 μέντοι
2863 2226 2961 2295 τῆς
3006 2225 3281 2296 ἡμετέρας
3314 2223 3577 2301 ὠφελείας
3612 2224 3809 2295 ταύτην
3850 2239 4013 2295 νομο-

2444 2322 2606 2375 θετεῐ.

2522 2411 2649 2478 Τοῖς
2686 2412 2874 2482 ἁγίοις
2914 2411 3038 2477 τοῖς
3068 2410 3137 2463 ἐν
3168 2407 3241 2477 τῇ
3266 2406 3341 2477 τῇ
3378 2407 3560 2461 αὐτοῦ
3585 2406 4013 2475 ἐθαυμὰστωσε

2444 2503 2638 2557 πάντα
2668 2504 2740 2556 τὰ
2776 2503 3074 2570 θελήματα
3094 2502 3276 2556 αὑτοῦ
3302 2502 3369 2553 ὲν
3396 2499 3616 2565 αὐτοῖς.
3643 2529 3712 2541 -—
3739 2498 3919 2569 ἠιεῖς
3943 2498 4015 2552 δέ

2445 2597 2583 2650 ἐστε
2612 2593 2779 2664 σῶμα
2800 2595 3074 2662 Χριστοῦ,
3101 2594 3197 2647 καὶ
3215 2592 3370 2661 μέλη
3397 2592 3463 2644 ἐκ
3479 2593 3723 2661 μέλους.
3754 2592 4011 2654 Δύναται,

2450 2687 2864 2757 ίδιοποιούμενος
2917 2688 2987 2739 τὰ
3034 2684 3179 2752 πάθη
3230 2684 3326 2753 τῆς
3366 2683 3687 2753 Ἑκκλησίας
3719 2682 3904 2747 αὑτοῦ,
3940 2683 4015 2737 τὰ

2447 2780 2781 2851 προκείμενα
2814 2778 2871 2841 ἐξ
2904 2777 3069 2845 αὐτῆς
3102 2775 3297 2843 λέγειν·
3330 2775 3456 2840 Τοῖς
3482 2775 3671 2843 ἁγίοις
3701 2774 3821 2841 τοῖς
3844 2776 3913 2828 ἐν
3938 2778 4012 2845 τῇ

2448 2871 2525 2941 τῇ
2564 2871 2748 2925 αὑτοῦ
2785 2868 3210 2939 ἐθαυμάστωσε
3245 2866 3441 2923 πάντα
3470 2868 3541 2921 τὰ
3575 2866 3875 2937 θέλήματα
3909 2869 4018 2923 ait-

2451 2965 2555 3018 τοῦ
2590 2966 2661 3018 ἐν
2700 2963 2917 3029 αὐτοῖς,
2975 2962 3548 3029 Ἐπληθύνθησαναὶ
3574 2960 3873 3015 ἀσθένειαι
3910 2964 4019 3013 ai)-

2452 3052 2591 3107 τῶν.
2630 3055 2842 3124 Ἔτεροι
2887 3053 2943 3105 δὲ
2988 3051 3091 3120 γῆν
3133 3048 3295 3105 αὐτοῦ
3336 3051 3435 3120 τὴν
3482 3050 3803 3121 Ἐκκλησίαν
3833 3048 4013 3118 φασίνο

2455 3146 2574 3201 ὅθεν
2615 3147 2705 3199 καὶ
2744 3144 3020 3214 θαυμάσια
3051 3142 3287 3211 γίνονται
3324 3142 3392 3195 τὰ
3426 3142 3517 3194 τοῦ
3550 3141 3684 3194 Θεοῦ
3717 3141 4013 3212 θελήματα,

784 3232 1015 3286 virtutes
1065 3233 1290 3302 singulae
1340 3248 1461 3302 quze
1511 3234 1629 3301 ipso
1672 3240 1884 3289 astante
1940 3232 2422 3323 opitulantequec
2456 3240 2483 3292 ε

2321 3246 2422 3323 ec
2456 3239 2743 3309 Θελήματα
2794 3238 2850 3289 δὲ
2894 3233 3028 3288 Θεοῦ
3076 3235 3131 3287 αἱ
3184 3234 3302 3323 κατ’
3346 3230 3481 3295 εἶδος
3526 3234 3716 3303 ἀρεταὶ
3765 3248 4020 3303 «aptata,-

785 3324 1063 3389 coluntur,
1105 3323 1261 3392 juxta
1300 3324 1431 3379 illud
1469 3343 1481 3378 :
1515 3324 1695 3379 Inveni
1742 3323 1912 3377 David
1969 3324 2139 3391 ﬁlium
2180 3321 2348 3386 Iesse,

786 3418 958 3469 virum
1000 3416 1281 3470 secundum
1319 3433 1409 3471 cor
1444 3434 1637 3482 meum,
1666 3420 1755 3487 qui
1782 3417 1941 3485 faciet
1967 3432 2143 3469 omnes
2172 3415 2355 3468 volun-

788 3518 925 3563 tates
956 3524 1099 3563 meas
1124 3506 1188 3574 ³⁷,
1229 3510 1440 3565 scilicet
1468 3502 1777 3565 veluntates
1826 3508 1967 3578 ejus,
2005 3522 2111 3577 qua
2143 3506 2355 3563 ratione

790 3601 1043 3670 superius
1090 3602 1373 3671 explicatae
1423 3610 1573 3656 sunt.
1625 3601 1691 3655 Et
1739 3616 1871 3656 sane
1900 3600 2044 3673 Deus
2087 3598 2359 3661 mirabilia

790 3691 922 3753 facit
952 3693 1005 3745 in
1036 3692 1243 3746 sanctis
1278 3692 1415 3757 suis,
1440 3692 1567 3760 quia
1600 3692 1655 3744 in
1684 3692 1803 3760 ipso
1826 3692 2046 3745 virtutis
2076 3689 2356 3751 exercitio.

710 3830 713 3833 γ
791 3787 885 3853 qui
913 3784 1217 3846 secundum
1248 3782 1415 3838 Deum
1457 3782 1731 3852 sapientes
1763 3791 1911 3844 sunt,
1943 3782 2067 3835 aliis
2102 3786 2361 3850 praestant

714 3918 715 3921 η
793 3873 1129 3935 hominibus.
1155 3869 1274 3926 Non
1310 3872 1498 3928 eadem
1529 3871 1727 3942 quippe
1774 3871 1829 3924 in
1864 3868 2363 3941 martyribusqveri-

793 3967 945 4029 tatis,
980 3967 1037 4019 in
1069 3965 1329 4034 apostolis
1361 3975 1415 4019 et
1439 3964 1718 4034 prophetis
1765 3962 2028 4017 fortitudo
2052 3970 2156 4025 est,
2198 3970 2363 4030 atque

799 4056 851 4109 in
882 4057 1097 4113 caeteris
1127 4056 1217 4124 qui
1244 4070 1368 4110 sese
1412 4063 1635 4110 strenue
1673 4064 1958 4124 gesserunt
1986 4072 2000 4109 :
2024 4070 2200 4123 neque
2232 4068 2362 4107 vero

795 4144 1019 4216 Josephi
1068 4160 1132 4199 ac
1177 4144 1442 4221 Susanna:
1496 4147 1855 4215 temperantia
1919 4147 2365 4213 continentiaque

799 4240 1028 4293 aliorum
1074 4237 1421 4295 continentia:
1471 4236 1667 4291 similis
1711 4246 1812 4291 est.
1874 4237 2071 4292 Eadem
2138 4252 2365 4307 prorsus

800 4330 1013 4383 ratione
1047 4328 1285 4397 reliquas
1316 4335 1631 4381 sanctorum
1660 4328 1884 4385 virtutes
1917 4328 2058 4383 Deus
2090 4328 2365 4382 mirabiles

802 4422 984 4484 efﬁcit,
1016 4422 1091 4475 ita
1121 4429 1181 4475 ut
1214 4420 1621 4490 incomparabili
1668 4422 2032 4488 praecellenia
2066 4421 2121 4473 in
2151 4435 2367 4490 quaque

803 4528 864 4568 re
903 4512 1043 4573 inter
1082 4520 1308 4566 caeteros
1352 4512 1569 4565 virtutis
1617 4511 1892 4566 studiosos
1933 4512 2184 4566 homines
2231 4512 2367 4566 emi-

2460 3329 2618 3401 μένου
2643 3326 2856 3379 τούτου·
2910 3328 2974 3377 ὲκ
3016 3324 3127 3376 τοῦ·
3171 3319 3369 3390 Εὗρον
3400 3322 3580 3374 Δαυῒδ
3595 3320 3703 3375 τὸν
3729 3322 3836 3375 τοῦ
3884 3323 4019 3375 Ἰεσ-

2455 3421 2579 3483 σαὶ,
2627 3418 2812 3485 ἄνδρα
2856 3415 3005 3469 κατὰ
3052 3415 3166 3483 τὴν
3211 3413 3463 3482 καρδίαν
3500 3431 3638 3482 μου,
3683 3413 3749 3479 ὃς
3782 3412 4021 3479 ποιήσει

2457 3510 2647 3563 πάντα
2688 3509 2760 3563 τὰ
2801 3506 3101 3577 θελήματά
3126 3524 3266 3576 μου,
3320 3507 3387 3559 τὰ
3433 3506 3602 3567 οὕτως
3633 3505 4019 3577 ἡρμηνευμένα

2459 3603 2737 3673 θελήματα
2780 3601 2933 3655 Θεοῦ.
2984 3601 3293 3670 Θαυμαστοῖ
3336 3600 3393 3652 δὲ
3438 3600 3567 3663 Θεὸς
3600 3601 3656 3651 ὲν
3694 3603 3803 3661 τοῖς
3847 3600 4021 3667 ἁγίοις

2460 3694 2644 3759 αὑτοῦ,
2685 3692 2844 3745 πλέον
2892 3710 2945 3746 τι
2982 3694 3207 3763 ἐχόντων
3239 3692 3346 3744 τῶν
3386 3692 3523 3745 κατά
3548 3693 3678 3745 Θεὸν
3713 3694 3889 3761 σοφῶν
3916 3692 4025 3745 τῶν

2461 3782 2631 3852 ᾅλλων
2683 3781 2978 3853 ἀνθρώπων
3019 3785 3075 3834 ὲν
3106 3781 3181 3850 τῷ
3234 3782 3372 3835 κατά
3419 3783 3615 3853 ἀρετὴν
3652 3785 3913 3852 ἐνεργεῖν.
3952 3784 4025 3835 Οὐ

2462 3874 2571 3945 γὰρ
2620 3873 2837 3943 ἀνδρεία
2887 3874 2919 3942 ἡ
2960 3872 3096 3942 αὐτὴ
3128 3872 3235 3923 τῶν
3270 3872 3560 3943 μαρτύρων
3611 3873 3709 3941 τῆς
3751 3872 4025 3943 ἀληθείας,

2466 3965 2757 4036 προφητῶν
2788 3982 2846 4018 τε
2880 3964 2969 4017 καὶ
2998 3964 3327 4025 ἀποστόλων,
3359 3968 3423 4034 τῇ
3458 3964 3558 4018 τῶν
3584 3964 3756 4027 ἄλλως
3782 3966 4027 4036 ἀνδριζο-

2468 4058 2678 4129 μένων;
2710 4058 2823 4111 ἀλλ’
2858 4056 3001 4123 ουδὲ,
3046 4059 3077 4127 ἠ
3124 4056 3441 4129 σωφροσύνη
3479 4055 3584 4109 τῶν
3618 4056 3923 4128 τηρούντων
3965 4058 4029 4125 ἣν

2464 4150 2620 4220 ἔσχεν
2670 4149 2864 4221 Ἰωσὴφ
2911 4150 3006 4203 καὶ
3050 4148 3340 4211 Σουσάννα,
3383 4152 3447 4219 τῇ
3479 4148 3584 4201 τῶν
3618 4150 3790 4203 ἄλλων
3822 4165 4031 4218 σωφρο-

2469 4240 2621 4311 σύνῃ.
2652 4238 2806 4292 Οὕτω
2833 4239 2889 4291 δὲ
2920 4240 3011 4291 καὶ
3044 4239 3134 4289 ἐπὶ
3167 4238 3271 4289 τῶν
3310 4237 3510 4291 λοιπῶν
3552 4238 3781 4308 ἀρετῶν,
3820 4237 4030 4306 θαυμα-

2470 4329 2716 4398 στοῦντος
2742 4329 2874 4382 Θεοῦ
2903 4330 2999 4393 τὰς
3032 4329 3138 4381 τῶν
3167 4330 3335 4396 ἀγίων
3368 4327 3564 4399 ἀρετὰς
3588 4329 3663 4390 ὡς
3692 4320 4032 4399 ἀσυγκρίτως

2470 4418 2753 4491 ὑπερέχείν
2794 4421 2987 4483 αὐτοὺς
3031 4420 3137 4473 τῶν
3184 4420 3323 4473 κατά
3368 4420 3685 4491 ἀνθρώπους
3730 4420 4033 4490 γενομένων

2472 4512 2795 4565 σπουδαίων.
2853 4512 3009 4565 Οῦτω
3061 4512 3377 4584 Θαυμασίων
3421 4512 3528 4565 τῶν
3577 4512 3894 4582 θελημάτων
3939 4510 4031 4563 τοῦ

806 4611 990 4659 neant.
1019 4604 1156 4657 Cum
1190 4603 1355 4675 igitur
1387 4602 1529 4667 adeo,
1553 4603 1830 4658 mirabiles
1874 4604 1984 4657 sint
2016 4603 2112 4661 Dei
2156 4605 2213 4658 in
2242 4620 2369 4660 san—
2400 4622 2444 4676 ι)
2469 4604 2505 4657 Θ

2335 4630 2369 4659 ι-
2400 4622 2444 4676 D
2469 4602 2604 4661 Θεοῦ
2634 4605 2691 4655 ὲν
2722 4606 2833 4665 τοῖς
2864 4604 3038 4671 ἁγίοις
3076 4603 3265 4666 ὄντων,
3306 4603 3662 4673 πληθύνονται
3698 4606 3895 4664 αὐτῶν,
3929 4604 4034 4656 τῶν

807 4695 911 4748 etis
938 4693 1054 4749 suis
1080 4694 1407 4755 voluntates,
1451 4695 1879 4767 multiplicantur
1923 4702 2235 4761 sanctorum
2276 4698 2362 4751 ins-

806 4783 1120 4845 ﬁrmitates,
1150 4796 1273 4836 eum
1320 4782 1538 4839 videant
1582 4800 1641 4839 se
1666 4785 1861 4850 divina;
1899 4787 2087 4844 virtuti
2135 4801 2199 4839 ae
2247 4803 2365 4845 ma-

806 4875 1082 4951 gnitudini
1121 4875 1350 4928 multum
1394 4875 1634 4944 impares
1681 4891 1821 4930 esse.
1870 4877 2123 4932 Attamen
2152 4876 2367 4939 etiamsi

808 4980 1122 5026 memoratae
1148 4982 1335 5023 eorum
1378 4965 1725 5027 infirmitates
1766 4969 2216 5039 multiplicemur,
2259 4983 2368 5033 non

814 5062 1019 5115 haerent
1062 5060 1185 5123 diu,
1214 5076 1391 5131 neque
1421 5068 1643 5115 manent
1678 5062 1733 5114 in
1768 5044 2051 5131 ipsis,'sed
2086 5060 2373 5117 confestim

816 5150 1133 5206 abscedunt.
1197 5148 1330 5202 Nam
1388 5151 1604 5205 vixdum
1664 5165 1759 5219 eas
1827 5150 2189 5213 adverterint,
2248 5164 2371 5211 eum

818 5242 1077 5294 continuo
1131 5249 1459 5294 evanescant
1502 5258 1515 5291 :
1560 5242 1688 5310 quia
1746 5240 1974 5293 multum
2036 5239 2114 5292 illi
2167 5239 2371 5303 valent,

819 5326 1038 5381 Christo
1067 5329 1199 5397 ipsis
1232 5328 1373 5382 vires
1407 5337 1721 5398 pnestante,
1757 5326 2224 5395 secundunrillud
2259 5348 2270 5381 :
2308 5327 2375 5395 In

824 5419 930 5473 Deo
962 5420 1211 5486 faciemus
1238 5420 1477 5473 virtutem
1501 5422 1568 5471 ⁸⁸.

892 5510 1141 5565 Arbitror
1176 5514 1306 5567 item
1340 5513 1425 5567 his
1455 5510 1745 5583 significari
1773 5512 2011 5582 priorem
2048 5511 2195 5565 illam
2229 5517 2374 5578 vete-

822 5616 939 5660 rem
995 5603 1397 5676 idololatrarum
1454 5603 1843 5681 conditionem,
1904 5618 2013 5672 qua
2062 5616 2185 5657 cum
2229 5600 2372 5655 atbei

2469 4694 2638 4762 ἀγίων
2662 4693 2823 4762 λέγω,
2856 4695 2911 4745 αἱ
2941 4691 3235 4756 ἀσθένειαι,
3257 4691 3504 4764 ὁρώντων
3546 4695 3620 4758 ὡς
3668 4694 3798 4747 πολὺ
3822 4694 4036 4747 ἀπολεί-

2474 4802 2663 4838 πονται
2706 4784 2806 4855 τῆς
2847 4782 2981 4837 Θεοῦ
3019 4784 3199 4854 ἰσχύος
3251 4788 3345 4838 καὶ
3390 4786 3483 4839 τοῦ
3538 4788 3800 4857 μεγέθους
3850 4787 4047 4857 αὑτοῦ.

2476 4878 2687 4950 Ὅμως,
2730 4882 2779 4932 εἰ
2818 4879 2910 4933 καὶ
2956 4878 3312 4948 πληθύνονται
3358 4879 3413 4931 ai
3447 4879 3821 4949 προλεχθεῖσαι
3860 4876 4037 4935 αὐτῶν

2475 4972 2767 5042 ἀσθένειαι,
2797 4973 2895 5024 οὐκ
2928 4972 3372 5043 ὲμϐραδύνουσιν,
3414 4972 3473 5023 οὐ
3504 4972 3909 5042 παραμένουσιν
3941 4970 4039 5023 αὺ-

2476 5066 2605 5126 τοῖς,
2636 5063 2973 5134 παραχρῆμα
2992 5062 3380 5134 ἀπερχάμεναι.
3413 5061 3588 5132 Μέχρι
3614 5061 3719 5131 γὰρ
3746 5060 3838 5112 τοῦ
3865 5059 4039 5133 ἐννοῆ-

2480 5170 2568 5206 σαι
2597 5155 2782 5217 αὐτὰς,
2811 5156 2964 5224 ἔσχον
2997 5155 3163 5215 αὑτὰς
3191 5152 3521 5222 ταχυνούσας
3552 5156 3608 5211 ὲν
3639 5152 3715 5214 τῷ
3747 5150 3933 5222 μηκέτ’
3959 5146 4036 5204 εἷ-

2478 5267 2583 5315 ναι
2612 5249 2698 5301 διὰ
2728 5246 2787 5300 τὸ
2824 5248 3025 5318 ἰσχύειν
3058 5248 3117 5307 ὲν
3145 5244 3223 5315 τῷ
3254 5244 3674 5313 ἐνδυναμοῦσθαι
3702 5245 4040 5316 αὐτοὺςκῶπὸ

2480 5338 2713 5409 Χριστοῦ
2732 5338 2806 5410 (1)
2826 5336 3077 5409 πρώτων,
3099 5334 3166 5387 ἐν
3180 5332 3258 5398 τῷ
3278 5332 3398 5398 Θεῷ
3422 5334 4035 5403 ποιήσομενδύναμιν.

2551 5507 2713 5581 Οἶμαι
2747 5512 2803 5564 δὲ
2834 5510 2921 5565 διὰ
2950 5507 3151 5566 τούτων
3188 5512 3473 5579 δηλοῦσθαι
3515 5510 3623 5563 τῶν
3651 5510 3903 5566 ἁπάντων
3934 5506 4047 5562 τῶν

2480 5603 2645 5655 πάλαι
2671 5598 3066 5672 εἰδωλολατρῶν
3096 5601 3193 5672 τὴν
3223 5602 3491 5673 προτέραν
3514 5603 3861 5655 κατάστασιν·
3897 5599 3953 5650 ὲν

893 5712 941 5752 ⁸⁸
977 5710 1328 5785 Μοιιιι.ιι·.ἰ,
1363 5712 1452 5768 39.
1526 5712 1571 5745 ³⁵
1610 5712 1765 5769 Joan.
1800 5728 1868 5767 xx
1892 5752 1905 5778 ,
1946 5712 2031 5771 17.
2109 5712 2154 5744 ³⁸
2193 5711 2212 5765 1
2249 5710 2374 5769 Cor.
2410 5728 2518 5783 xu,
2551 5713 2592 5779 2‘

2341 5728 2374 5769 π.
2410 5728 2518 5783 xu,
2551 5713 2640 5779 εἴ.
2718 5712 2960 5785 "lReg.
3000 5728 3119 5780 xm,
3156 5715 3266 5783 u;
3305 5715 3427 5769 Act.
3492 5728 3612 5775 xm,
3643 5711 3732 5778 22.
3812 5711 3855 5745 ³⁸
3896 5709 4040 5780 Psal.

826 5798 947 5843 ιιι.
987 5784 1069 5835 14.

901 5854 971 5926 (1)
1013 5852 1192 5907 Lectio
1219 5852 1429 5909 vitiata.
