4302 6390
320 481 399 534 ΚΞ·

346 480 407 529 ξς·
1461 471 1962 529 COMMENTARIA
2001 470 2067 525 IN
2107 469 2446 526 PSALMOS.

3455 468 3558 524 158

305 597 448 654 ἄθεοι
484 595 637 659 ὄντες
680 599 771 649 διαὶ
801 592 1204 664 εἰδωλολάτραι,
1245 591 1346 643 οὐκ
1387 589 1481 641 ἐπὶ
1520 590 1646 658 μίαν
1675 587 1891 651 ἐξώκει-

1998 588 2373 657 ἱίίοιοτυῐηίιιιε
2410 585 2649 639 cultores
2686 591 2900 647 essent,
2944 598 3054 636 non
3094 584 3149 637 in
3182 597 3347 638 unum
3393 596 3562 652 impe-

307 688 400 742 λαν
427 689 662 759 πλάνην.
694 687 903 758 Πλῆθος
924 687 1032 756 γὰρ
1061 681 1128 755 ἦν
1154 682 1332 736 αὐτῶν
1357 682 1454 751 τῆς
1476 679 1765 743 πολυθεῖας
1795 677 1886 731 καὶ

306 780 751 852 εἰδωλολατρείας
784 781 878 832 καὶ
912 776 1216 837 ἀσθενείας.
1248 772 1385 825 Ἀλλ’
1408 768 1592 837 ἐπειδὴ
1624 768 1681 833 ἐξ
1710 768 1886 820 αὐτῶν

306 872 528 924 ἐκείνων
564 867 954 939 μεταϐαλόντες
983 864 1072 918 διὰ
1102 865 1199 935 τῆς
1236 860 1500 931 σωτηρίου
1543 858 1759 928 χάριτος
1796 874 1888 923 γευ

306 962 524 1029 γόνασιν
573 960 718 1028 ἅγιοι
762 957 855 1010 τοῦ
904 957 1060 1019 Θεοῦ,
1111 955 1197 1008 διὰ
1239 953 1394 1007 τοῦτο
1436 950 1701 1003 λέλεκται·
1759 948 1885 1012 Τοῖς

306 1053 496 1121 ἁγίοις
531 1051 655 1114 τοῖς
685 1049 753 1101 ἐν
794 1047 865 1115 τῇ
901 1046 977 1116 γῇ
1015 1046 1199 1100 αὑτοῦ
1232 1042 1658 1110 ἑθαιιμιὶστωσε
1691 1038 1885 1092 πάντα

306 1142 377 1195 τὰ
404 1140 706 1209 θελήματά
733 1156 852 1208 μου
885 1139 954 1191 ἐν
986 1137 1207 1202 αὐτοῐςτ
1241 1135 1332 1186 καὶ
1357 1133 1477 1186 ἐπεὶ
1512 1134 1777 1201 συνῆπται
1801 1130 1879 1181 τὸο

320 1233 761 1305 Ἐπληθύνθησαν
788 1232 977 1285 εἴδωλα
1007 1228 1185 1282 αὐτῶν
1210 1226 1309 1298 (Ι),
1346 1227 1377 1296 ἢ
1409 1226 1476 1277 τὰ
1508 1224 1885 1292 διαπονήματα

310 1326 507 1391 αὐτῶν,
536 1324 864 1395 ἢὰσθένειαι
894 1321 1091 1375 αὐτῶν.
1119 1318 1303 1371 Ταῦτα
1334 1318 1442 1387 γὰρ
1468 1317 1641 1368 πάντα
1675 1313 1883 1383 προσῆν

312 1423 415 1481 τοῖς
447 1418 671 1488 ὓστερον
700 1418 871 1484 ἁγίοις
906 1412 1010 1484 πρὸ
1030 1413 1131 1481 τῆς
1163 1410 1270 1463 ἀπὸ
1292 1409 1396 1462 τῶν
1424 1408 1679 1478 χειρόνων
1706 1407 1798 1457 ἐπὶ
1818 1403 1884 1456 τὰ

312 1496 544 1585 κρείττω
587 1508 905 1581 μεταϐολῆς.
965 1504 1123 1556 Ἀλλὰ
1155 1503 1306 1573 μετὰ
1344 1502 1528 1556 ταῦτα
1559 1497 1880 1567 ἐτάχυναν,

311 1605 409 1655 οὐκ
433 1600 826 1677 ἀμελήσαντες,
860 1596 979 1648 οὐδὲ
1008 1595 1384 1666 βραδύναντες,
1415 1590 1549 1643 ἀλλὰ
1576 1589 1663 1642 διά
1688 1589 1883 1658 τάχους

308 1697 404 1766 τὴν
457 1693 743 1764 μετάνοιαν
793 1686 1154 1757 ἐνδειξάμενοι
1208 1682 1347 1756 μετὰ
1396 1681 1493 1752 τὴν
1551 1683 1629 1742 εἰς
1687 1679 1883 1740 αὐτοὺς

307 1786 605 1856 γενομένην
650 1782 828 1852 χάριν,
868 1781 933 1832 δι’
984 1775 1053 1850 ἦς
1106 1772 1503 1846 ἐθαυμαστώθη
1563 1769 1881 1836 πάντατοῠ

306 1881 557 1949 Σωτῆρος
608 1875 883 1945 θελήματα
937 1872 995 1923 ὲν
1052 1871 1257 1929 αὐτοῖς.
1316 1866 1478 1919 Ὅθεν
1536 1860 1881 1933 συγχώρησιν

306 1970 589 2042 προτέρων
621 1965 1033 2037 ἁμαρτημάτων
1062 1962 1236 2023 διδοὺς
1260 1960 1441 2020 αὐτοῖς
1470 1970 1652 2026 φησιν·
1689 1954 1770 2005 Οὐ
1795 1951 1879 2020 μὴ

305 2042 625 2130 carm-(27w
654 2060 761 2125 τὰς
790 2055 1142 2125 συναγωγὰς
1186 2048 1384 2105 αὐτῶν
1423 2048 1492 2111 ἐξ
1538 2045 1814 2115 αἱμάτων
1850 2043 1882 2112 ἢ

306 2152 447 2207 κατὰ
479 2153 573 2205 τὸν
617 2150 864 2204 Ἀκύλαν·
904 2150 984 2201 Οὐ
1013 2145 1098 2216 μὴ
1136 2144 1368 2198 σπείσω
1396 2138 1665 2202 σπονδὰς
1689 2134 1886 2189 αὐτῶν

306 2246 373 2309 ἐξ
408 2243 692 2313 αἱμάτων.
724 2240 897 2294 Πάλαι
935 2239 1032 2309 μὲν
1058 2235 1187 2307 γάρ,
1222 2232 1376 2303 φησι,
1410 2229 1641 2291 σπονδὰς
1669 2227 1886 2280 ἐποίουν

306 2338 364 2403 ἐξ
396 2338 666 2408 αἱμάτων,
705 2333 947 2387 Ἰουδαῖοι
978 2330 1074 2400 μὲν
1107 2325 1247 2381 κατὰ
1276 2324 1436 2408 νόμον
1457 2322 1535 2392 τῷ
1554 2320 1673 2390 Θεῷ
1699 2318 1886 2381 θυσίας

306 2406 729 2502 προσιρέροντες,
783 2424 1039 2495 Ἕλληνες
1081 2420 1159 2483 δὲ,
1180 2420 1302 2491 ’ὅτεί
1328 2406 1441 2478 τοῖς
1473 2414 1720 2484 δαίμοσιν
1766 2411 1889 2464 ἐλά-

305 2503 517 2592 τρευονξ
560 2503 779 2583 Ἐγὼδὲ
810 2511 1001 2574 καινὰς
1025 2510 1207 2571 αὐτοῖς
1229 2506 1419 2569 θυσίας
1445 2504 1739 2576 παραδοὺς,
1764 2503 1887 2554 οὐκ·

306 2611 383 2664 ἐτι
408 2610 631 2677 δέξομαι
661 2603 891 2666 σπονδάς
916 2601 1094 2655 αὐτῶν
1130 2600 1188 2666 ἐξ
1222 2596 1500 2668 αἱμάτων·
1540 2594 1661 2646 οὐδὲ
1686 2592 1888 2653 ταύτας

307 2702 512 2755 σπείσω
548 2685 641 2753 ’ἅτε
670 2700 957 2767 ἀρχιερεὺς
996 2695 1059 2746 ἐκ
1100 2692 1208 2745 τῶν
1249 2688 1448 2761 χειρῶν
1479 2685 1658 2740 αὐτῶν
1690 2683 1884 2737 ἀποδε-

308 2794 535 2865 ξάμενος
565 2792 659 2844 καὶ
691 2789 951 2842 σπένδων⁹
986 2784 1148 2840 καινὰ
1188 2782 1244 2835 δὲ
1292 2780 1565 2851 μυστήρια
1611 2774 1887 2846 παραδοὺς

307 2888 489 2948 αὐτοῖς
513 2885 608 2936 καὶ
631 2881 821 2942 καινὰς
843 2877 1033 2940 θυσίας
1058 2877 1155 2937 τάς
1182 2872 1443 2942 άναίμους
1468 2870 1562 2921 καὶ
1583 2866 1883 2927 άκάπνους,

310 2977 403 3032 καὶ
444 2973 688 3044 λογικάς,
733 2970 957 3033 ταύταις
1000 2966 1234 3040 χρῆσθαι
1280 2960 1474 3026 διδάξω
1520 2957 1733 3020 αὐτούς·
1769 2956 1885 3011 ἀλλ’

308 3067 427 3124 οὐδὲ
457 3060 814 3137 μνημονεύσω
846 3059 933 3112 διὰ
964 3058 1072 3111 τῶν
1108 3055 1331 3126 χειλέων
1374 3070 1474 3124 μου
1506 3050 1614 3103 τῶν
1640 3047 1885 3102 παλαιῶν

309 3155 483 3210 αὐτῶν
515 3151 816 3223 ὀνομάτων.
854 3148 1027 3203 Πάλαι
1075 3148 1170 3217 μὲν
1211 3144 1319 3214 γὰρ
1348 3141 1585 3207 ἐπαξίως
1611 3140 1718 3193 τῶν
1746 3138 1886 3207 πρά-

312 3247 443 3312 ξεων
467 3243 735 3313 ἐπήγοντο
768 3238 1137 3312 προσηγορίας
1168 3238 1217 3288 οἱ
1246 3237 1353 3288 ἀπὸ
1373 3234 1481 3286 τῶν
1495 3232 1693 3293 ἐθνῶν,
1722 3230 1884 3301 βἑὸη⁴

311 3339 389 3392 λοι
413 3338 509 3391 καὶ
531 3333 853 3405 ἀκάθαρτοι,
883 3332 976 3384 καὶ
1002 3327 1405 3403 εἰδωλολάτραι,
1435 3323 1687 3380 πολύθεοί
1712 3340 1769 3375 τε
1797 3324 1889 3376 καὶ

311 3430 458 3483 ἄθεοι
489 3426 899 3498 ὀνομαζόμενον
932 3422 1028 3476 νῦν
1060 3422 1116 3474 δὲ
1148 3417 1373 3479 ἐκείνων
1404 3417 1503 3487 μὲν
1529 3415 1710 3467 οὐκέτι
1755 3431 1889 3485 μνη-

315 3523 582 3593 σθήσομαι
604 3518 712 3578 τῶν
736 3517 1034 3587 ὀνομάτων,
1059 3513 1222 3583 ἓτερα
1243 3511 1301 3563 δὲ
1324 3510 1475 3564 αὐτοί
1484 3526 1503 3566 .:
1527 3508 1643 3559 ἀντ’
1670 3508 1890 3559 ικ;ενων

318 3595 645 3683 δωρήσομαι·
664 3608 904 3675 εὐσεϐεῖς
924 3606 1120 3668 αὐτοὺς
1145 3602 1235 3657 καὶ
1253 3600 1543 3664 θεοσεϐεῖς,
1568 3600 1662 3652 καὶ
1677 3600 1889 3665 ἁγίους,

318 3703 543 3777 κλητούς
581 3719 641 3756 τε
673 3700 766 3767 καὶ
808 3700 1094 3760 ἐκλεκτοὺς
1116 3737 1131 3762 ,
1170 3697 1266 3749 καὶ
1292 3692 1654 3765 Χριστιανοὺς
1692 3690 1891 3760 ὀνομά-

381 3890 599 3957 Κύριος
622 3888 791 3957 μερίς
810 3885 927 3955 τῆς
942 3886 1344 3952 κληρονομίας
1362 3894 1482 3947 μου
1507 3876 1605 3929 καὶ
1638 3875 1745 3927 τοῦ
1783 3889 1891 3927 πο-

320 3982 521 4050 τηρίου
540 3997 679 4048 μου,
733 3976 813 4044 σὺ
850 3973 910 4030 εἴ
938 3978 971 4028 ὁ
1009 3968 1427 4028 ἁποκαθιστῶν
1459 3966 1572 4034 τὴν
1608 3967 1893 4031 κληρονο-

317 4073 455 4142 μίαν
473 4087 593 4139 μου
626 4067 799 4139 ἐμοι..
823 4063 1255 4134 Ἀναμνησθῆναι
1288 4054 1553 4129 προσήκει
1584 4054 1690 4109 τῶν
1730 4058 1786 4109 ὲν
1811 4055 1892 4126 τῷ

316 4162 552 4233 δευτέρῳ
572 4156 875 4230 εἰρημένων
895 4152 1112 4224 ψαλμῷ.
1137 4151 1246 4206 Καὶ
1264 4150 1373 4221 γὰρ
1398 4150 1514 4218 ἐκεῖ
1540 4147 1892 4219 ἀνθρωπίνως

320 4256 477 4315 πάλιν
523 4251 659 4322 πρὸς
702 4247 861 4305 αὐτὸν
907 4245 1091 4313 ἔλεγεν
1137 4246 1166 4296 ὁ
1210 4243 1419 4312 Πατήρ·
1468 4240 1723 4309 Αἵτησαι
1752 4236 1890 4305 παρ’

316 4345 482 4416 ἐμοῦ,
518 4340 619 4394 καὶ
650 4339 821 4392 δώσω
850 4351 951 4391 σοι
982 4337 1124 4404 ἔθνη
1160 4333 1275 4403 τὴν
1308 4332 1717 4401 κληρονομίαν
1751 4344 1888 4394 σου,

319 4436 412 4492 καὶ
433 4434 548 4502 τὴν
572 4430 944 4500 κατάσχεσίν
971 4440 1086 4483 σου
1121 4426 1193 4479 τὰ
1229 4424 1453 4493 πέρατα
1483 4422 1594 4492 τῆς
1624 4421 1755 4491 γῆς.
1784 4420 1893 4471 Καὶ
1926 4486 1929 4491 Α

319 4530 372 4584 tv
394 4530 505 4590 τοῖς
532 4526 696 4596 ἱεροῖς
716 4520 1067 4591 Εὐαγγελίοις
1095 4519 1256 4582 αὐτὸς
1282 4518 1418 4589 πρὸς
1446 4517 1537 4569 τὸν
1570 4511 1763 4568 ἑαυτοῦ
1789 4511 1890 4583 ἔφη

1992 689 2181 749 ϋηο.ςὲ
2237 679 2444 735 erroris
2486 691 2676 747 genus.
2722 674 2902 729 Inerat
2932 664 3133 745 quippe
3173 676 3308 744 ipsis
3334 674 3561 729 deorum

1992 769 2181 823 turba.
2235 767 2628 836 multiplexque
2680 764 3094 819 simulacrorum
3134 773 3188 818 et
3229 763 3563 819 inﬁrmitatis

1990 862 2220 929 species.
2258 859 2328 912 At
2360 860 2487 927 quia
2518 859 2744 912 salutari
2776 857 3164 912 interveniente
3204 857 3378 925 gratia
3422 856 3560 910 resi-

1990 954 2282 1019 piscantes,
2322 950 2498 1004 sancti
2527 949 2621 1003 Dei
2656 948 2833 1003 eﬁ‘ecti
2866 959 3013 1011 sunt,
3044 948 3163 1000 ideo
3195 948 3399 1000 dictum
3443 955 3557 1001 est:

1990 1044 2198 1097 Sanctis
2240 1042 2328 1110 qui
2367 1053 2489 1094 sunt
2541 1042 2595 1093 in
2641 1050 2785 1093 terra
2835 1040 2987 1108 ejus,
3033 1038 3333 1108 miriﬁcavit
3386 1052 3561 1089 omnes

1986 1132 2281 1185 voluntates
2330 1145 2471 1197 meas
2518 1131 2571 1183 in
2625 1131 2739 1193 eis;
2803 1144 2868 1183 ac
2918 1127 3119 1184 deinde
3166 1128 3412 1185 additum
3454 1134 3563 1193 est,
3603 1116 3607 1121 ’

1990 1224 2353 1294 Mulliplicata
2387 1231 2516 1278 sunt
2552 1222 2696 1276 idola
2734 1237 2946 1283 corum,
2980 1222 3095 1275 sive
3132 1222 3347 1274 labores
3376 1234 3439 1272 ac
3476 1219 3565 1273 in.

1987 1315 2279 1369 ﬁrmitates
2319 1316 2587 1384 ipsorum.
2630 1312 2823 1367 lstbaec
2854 1311 2996 1366 enim
3039 1312 3247 1373 omnia,
3275 1318 3561 1379 antequam

1986 1421 2015 1456 a
2064 1406 2316 1473 pessimis
2371 1404 2479 1456 illis
2530 1403 2777 1456 moribus
2825 1401 2893 1454 ad
2937 1401 3193 1455 meliores
3242 1399 3564 1453 commutati

1985 1504 2192 1560 essent,
2244 1497 2311 1548 iis
2360 1497 2451 1564 qui
2500 1493 2848 1564 postmodum
2896 1494 3074 1547 sancti
3120 1500 3434 1556 esaserunt,
3468 1492 3563 1547 ad-

1985 1593 2161 1639 erant.
2208 1583 2413 1638 Verum
2457 1595 2639 1652 postea
2682 1583 3135 1647 acceleraverunt,
3171 1598 3348 1651 neque
3390 1582 3567 1651 negli-

1985 1676 2167 1746 gentia
2219 1676 2303 1729 vel
2357 1674 2711 1728 cunctatione
2761 1674 2879 1733 usi,
2928 1687 3024 1741 per
3076 1673 3281 1725 illatam
3333 1672 3564 1741 gratiam

1987 1767 2169 1821 statim
2213 1765 2550 1836 pcenitentise
2600 1778 2764 1832 Opera
2818 1762 3144 1817 ediderunt:
3176 1776 3242 1815 ac
3277 1779 3375 1831 per
3417 1778 3565 1817 eam-

1984 1860 2107 1914 dem
2138 1858 2366 1928 gratiam
2382 1850 2669 1910 mirabiles
2694 1856 2852 1908 facta:
2883 1862 3011 1908 sunt
3041 1853 3341 1906 Salvatoris
3371 1854 3565 1907 volun-

1985 1957 2126 2003 tates
2156 1950 2223 2001 in
2261 1950 2417 2018 ipsis.
2454 1946 2820 2012 Quamobrem
2861 1959 3125 2000 concessa
3167 1944 3275 1997 illis
3302 1944 3565 2012 pristino-

1985 2054 2105 2093 rum
2132 2037 2403 2093 scelerum
2438 2039 2618 2103 venia,
2649 2041 2724 2091 ait
2754 2055 2767 2090 :
2803 2037 2929 2093 Non
2952 2034 3272 2107 cong’regabo
3298 2036 3564 2089 conventi-

1986 2131 2106 2183 cula
2150 2145 2332 2183 eorum
2376 2128 2440 2181 de
2484 2129 2867 2198 sanguinibus:
2920 2139 3014 2183 aut
3055 2131 3215 2199 juxta
3266 2128 3556 2197 Aquilam:

1990 2218 2112 2271 Non
2141 2216 2311 2270 libabo
2338 2215 2598 2269 libamina
2621 2231 2803 2268 eorum
2832 2215 2895 2269 de
2922 2216 3294 2286 sanguinibus.
3320 2217 3375 2270 In
3410 2231 3562 2271 more

1988 2309 2091 2364 fuit
2130 2309 2293 2371 olim,
2366 2307 2578 2377 inquit,
2632 2306 2892 2359 libamina
2936 2322 3003 2360 ex
3033 2308 3304 2376 sanguine
3342 2307 3559 2372 facere;

1988 2418 2112 2457 nam
2139 2417 2264 2455 cum
2290 2399 2461 2454 Judaei
2506 2389 2717 2454 hostias
2748 2396 2858 2451 Deo
2900 2397 3206 2452 secundum
3246 2400 3419 2468 legem
3462 2402 3564 2456 im-

1988 2494 2300 2556 molabant;
2340 2501 2452 2546 tum
2485 2490 2660 2545 Graeci
2699 2489 2843 2545 idem
2885 2490 3238 2558 praestabant,
3276 2504 3403 2544 cum
3453 2490 3565 2544 dae-

1988 2600 2181 2639 monas
2234 2585 2498 2639 colerent.
2544 2583 2613 2637 At
2660 2597 2763 2654 ego
2806 2592 3096 2652 postquam
3142 2597 3346 2635 novum
3403 2582 3564 2635 attuli

1990 2674 2385 2732 sacriﬁciorum
2419 2689 2617 2743 genus,
2650 2689 2759 2727 non
2798 2674 2939 2727 ultra
2972 2673 3258 2727 admittam
3288 2670 3562 2727 sacriﬁcia

1987 2781 2113 2820 cum
2156 2764 2423 2833 sanguine
2448 2762 2663 2829 oblata;
2709 2778 2905 2832 neque,
2953 2770 3139 2830 utpote
3176 2777 3427 2818 summus
3460 2760 3565 2815 Sa-

1988 2857 2215 2919 cerdos,
2265 2854 2455 2910 eadem
2498 2869 2566 2908 ex
2610 2868 2798 2912 eorum
2858 2853 3113 2917 manibus
3158 2854 3426 2923 accipiam
3492 2854 3561 2909 ad

1987 2947 2299 3012 libandum,
2337 2945 2432 3001 sed
2463 2945 2619 3005 novis
2657 2942 2875 3017 traditis
2904 2943 3201 3023 mysteriis,
3237 2944 3398 3023 novis
3428 2943 3563 2996 item
3646 2973 3655 2981 -

1990 3038 2278 3094 sacriﬁciis
2327 3037 2666 3111 incruentis,
2708 3033 2857 3090 fumo
2907 3048 2969 3088 ac
3016 3033 3208 3088 nidore
3251 3034 3565 3089 carentibus

1990 3140 2043 3186 et
2072 3130 2451 3185 rationalibus.
2489 3127 2595 3199 Sed
2628 3129 2697 3182 iis
2722 3134 2951 3183 utantur
2980 3126 3356 3191 commonebo,
3387 3141 3567 3195 neque

1992 3236 2086 3291 fier
2120 3220 2263 3275 labia
2309 3236 2428 3274 mea
2452 3227 2638 3273 vetera
2691 3218 2907 3272 illorum
2956 3218 3179 3271 nomina
3224 3208 3565 3274 memorabo.

1994 3315 2135 3369 Olim
2178 3311 2446 3383 siquidem
2487 3311 2651 3380 digna
2700 3310 2870 3379 gestis
2918 3308 3035 3363 suis
3077 3308 3299 3364 nomina
3332 3307 3566 3378 gentiles

1994 3404 2280 3463 ferebant;
2351 3408 2512 3468 atque
2606 3398 2851 3469 profani,
2923 3397 3169 3467 impuri,
3239 3397 3564 3466 idololatria,

2004 3511 2217 3551 eorum
2244 3493 2541 3546 multorum
2566 3490 2810 3557 cultores
2835 3496 2889 3543 et
2917 3480 3065 3541 atbei
3092 3487 3409 3542 audiebant.
3441 3485 3567 3543 1am

1994 3602 2124 3642 vero
2165 3582 2480 3653 huiusmodi
2532 3581 2816 3635 nominum
2854 3594 3139 3650 nunquam
3189 3564 3563 3650 recordabar;
3605 3614 3607 3616 -

1994 3678 2225 3747 aliisque
2289 3672 2606 3729 substitutis
2664 3671 2981 3735 vocalia-Eis,
3039 3671 3194 3740 pios,
3250 3670 3563 3740 religiosos,

1994 3752 2237 3829 sanctos,
2267 3772 2515 3827 vocatos,
2549 3765 2789 3827 electos,
2817 3758 3167 3817 Christianos
3202 3754 3562 3829 compellabo.

2070 3858 2233 3935 Vens.
2258 3857 2311 3911 5.
2348 3855 2609 3910 Dominus
2636 3869 2761 3923 pars
2795 3850 3122 3906 Iza’reditatis
3153 3866 3281 3905 mea:
3308 3859 3357 3903 et
3385 3851 3567 3906 colicis

1992 3953 2134 4015 mei,
2186 3933 2241 4002 tu
2288 3966 2343 4003 es
2397 3950 2487 4020 qui
2518 3933 2755 4001 restituis
2796 3943 3156 3999 Itwreditatem
3193 3959 3364 3996 meam
3413 3942 3563 3997 mihi.

1992 4045 2093 4099 Hic
2120 4047 2383 4102 memoria
2408 4039 2706 4112 repetenda
2736 4044 2867 4094 sunt
2893 4036 3120 4092 secundi
3152 4038 3347 4107 psalmi
3377 4036 3565 4090 verba.

1991 4138 2124 4191 Nam
2148 4137 2259 4203 illic
2288 4136 2525 4190 humano
2558 4135 2687 4187 item
2724 4146 2876 4186 more
2908 4130 2987 4185 sic
3007 4145 3129 4185 eum
3151 4127 3309 4184 Pater
3334 4128 3564 4183 affatur:

1998 4229 2223 4284 Postula
2252 4246 2285 4281 a
2306 4243 2409 4291 me,
2433 4235 2485 4281 et
2512 4225 2649 4278 dabo
2682 4223 2778 4276 tibi
2803 4232 2979 4293 gentes
3008 4221 3370 4275 hwreditatem
3399 4228 3566 4285 tuam,

1992 4331 2041 4376 et
2064 4322 2448 4391 possessionem
2476 4328 2620 4371 tuam
2645 4316 2893 4369 terminos
2916 4322 3070 4366 terra:
3089 4312 3155 4364 '9.
3186 4310 3363 4380 Atque
3394 4310 3447 4363 in
3478 4326 3570 4365 sa-

1964 4390 2103 4470 |cris
2133 4409 2442 4483 Evangeliis
2484 4409 2565 4464 sic
2609 4408 2700 4461 ille
2724 4405 2940 4459 Patrem
2985 4402 3070 4483 de_
3089 4402 3263 4459 sacris
3305 4402 3568 4471 apostolis

1997 4478 2331 4577 alloquitur‘:
2363 4504 2547 4567 Pater,
2604 4517 2733 4573 quos
2771 4498 2965 4553 dedisti
3002 4478 3129 4551 mihi
3183 4496 3260 4549 tui
3296 4504 3469 4559 erant,
3516 4506 3567 4549 et

320 4586 536 4689 Πατέρα
584 4586 714 4686 περὶ
765 4586 893 4667 τῶν
936 4611 1094 4683 ἱερῶν
1142 4586 1471 4663 ἁποστδ).ων”
1504 4604 1738 4673 ηΠὰτερ,
1789 4602 1894 4667 οὓς

1998 4600 2127 4653 mihi
2158 4615 2245 4653 eos
2292 4597 2533 4652 dedisti:
2562 4604 2610 4647 et
2660 4606 2809 4645 nemo
2859 4606 2924 4644 ea:
2964 4590 3029 4643 iis
3058 4590 3243 4658 periit,
3291 4590 3395 4642 nisi
3422 4586 3567 4657 ﬁlius
3658 4598 3661 4599 '

315 4715 368 4768 ἐι
383 4710 542 4776 ωκάς
555 4699 664 4778 μοι’
677 4706 775 4760 σοὶ
798 4702 981 4775 ἦσαν,
1004 4702 1104 4757 καὶ
1121 4703 1249 4771 ἐμοὶ
1279 4701 1499 4766 αὐτοὺς
1517 4697 1774 4761 δέδωκας
1797 4695 1894 4748 καὶ

316 4801 517 4866 οὐδεὶς
556 4799 625 4862 ἐξ
658 4795 856 4850 αὐτῶν
883 4792 1152 4871 ἀπόβλετο
1185 4796 1237 4847 εί
1258 4792 1343 4861 μὴ
1376 4795 1408 4845 ό
1440 4788 1569 4854 υίὸς
1610 4786 1721 4853 τῆς
1784 4786 1895 4839 ἀπ-

317 4892 560 4957 ωλείαςε
578 4888 716 4941 Ἀλλ’
744 4886 931 4957 ὥσπερ
954 4881 1184 4937 ἐνταῦθα
1213 4880 1565 4952 ἀνθρωπίνως
1594 4876 1896 4943 διαλέγεται

315 4982 500 5037 λαϐεῖν
522 4976 875 5051 παρακαλῶν,
907 4975 1080 5037 οὓτως
1101 4972 1326 5043 ἑτέρωθι
1354 4971 1619 5038 δείκνυσι,
1641 4967 1716 5028 ὡς
1737 4966 1897 5029 αὐτός

316 5077 432 5128 ἐστι
455 5073 563 5127 τῶν
588 5072 840 5126 ἁπάντων
859 5066 1140 5137 δεσπότης·
1178 5063 1253 5121 Τὰ
1277 5064 1540 5130 πρόϐατα
1560 5061 1668 5129 γάρ
1690 5059 1763 5112 τὰ
1783 5057 1895 5127 ἐμὰ

315 5165 425 5233 τῆς
450 5163 664 5234 φακῆς.
684 5181 803 5233 μου
841 5161 1063 5216 ἀκούεισ
1102 5154 1262 5226 κάγὼ
1294 5152 1563 5223 γινώσκω
1592 5150 1763 5215 αὐτὰ,
1795 5149 1894 5204 καὶ

316 5250 726 5310 ἁκολουθοῦσί
757 5269 877 5323 μοι’
909 5249 1071 5319 κάγὼ
1101 5247 1253 5315 ζωὴν
1282 5243 1519 5299 αἰώνιον
1555 5240 1759 5311 δίδωμι
1789 5244 1895 5295 ab-

318 5346 460 5412 τοῖς⁸
489 5346 584 5398 καὶ
606 5339 799 5411 πάλιν·’
822 5342 933 5396 Kal
963 5342 1123 5395 ἄλλα
1162 5337 1230 5392 δὲ
1262 5333 1689 5407 πρόϐαταλέχω,
1721 5331 1759 5385 ἁ
1782 5335 1893 5386 οὐκ

319 5433 493 5487 ἐστιν
519 5431 589 5484 ἐκ
621 5429 733 5497 τῆς
758 5428 954 5495 αὐλῆς
978 5428 1215 5495 ταύτηςο
1256 5422 1501 5479 κάκεῖνά
1528 5437 1605 5491 με
1634 5420 1729 5473 δεῖ
1748 5422 1891 5489 ἁγα-

319 5514 469 5592 γεῖν,
491 5520 588 5573 καὶ
612 5518 722 5586 τῆς
748 5518 950 5587 φωνῆς
956 5535 1075 5586 μου
1096 5518 1450 5577 ἀκούσουσι,
1468 5511 1565 5564 καὶ
1584 5510 1899 5581 γενήσεται

278 5662 281 5665 η
317 5614 427 5682 μία
473 5614 717 5681 ποίμνη,
757 5604 844 5674 εἷς
885 5607 1128 5676 ποιμήν.
1173 5608 1261 5659 Ἑν
1307 5604 1385 5674 τῷ
1435 5601 1663 5672 παρόντι
1713 5602 1894 5672 μέντοι

1998 4691 2307 4761 perditionis
2331 4689 2398 4740 ⁸ο.
2446 4685 2550 4740 Sed
2582 4681 3031 4753 quemadmodum
3078 4682 3167 4735 hic
3212 4680 3453 4735 humano
3488 4677 3569 4730 lo-

1998 4784 2187 4852 quitur
2230 4777 2413 4842 modo,
2465 4774 2669 4845 rogans
2717 4781 2777 4826 ut
2829 4772 3095 4842 accipiat;
3144 4771 3224 4824 sic
3275 4768 3402 4823 alibi
3447 4780 3569 4821 sese

1998 4874 2239 4933 omnium
2290 4868 2571 4922 dominum
2611 4865 2841 4929 exhibet
2866 4883 2878 4918 :
2907 4862 3063 4928 Nam,
3095 4877 3211 4915 oves
3241 4875 3367 4913 mete
3395 4871 3567 4911 vocem

1997 4979 2167 5017 meam
2199 4958 2422 5013 audiunt
2464 4977 2481 5013 :
2524 4967 2573 5012 et
2615 4974 2708 5025 ego
2742 4970 2993 5024 cognosco
3035 4969 3148 5016 eas,
3193 4962 3241 5006 et
3282 4963 3568 5020 sequuntur

1998 5074 2109 5121 me,
2148 5064 2197 5109 et
2240 5055 2403 5107 vitam
2452 5062 2703 5107 (etei-nam
2751 5049 2819 5101 do
2862 5048 2937 5101 eis
2958 5046 3034 5114 ⁸¹;
3082 5062 3146 5101 ac
3202 5060 3462 5099 rursum:
3497 5045 3566 5100 Et

1999 5149 2137 5201 alias
2170 5160 2284 5198 oves
2318 5141 2483 5197 habeo
2514 5157 2629 5211 quin
2663 5154 2766 5193 non
2808 5146 2930 5191 sunt
2959 5154 3022 5191 ea:
3053 5138 3147 5191 hoc
3179 5136 3336 5189 ovili:
3358 5145 3407 5188 et
3442 5135 3565 5190 illas

2000 5244 2202 5307 oportet
2233 5252 2313 5289 me
2345 5234 2623 5299 adducere,
2649 5240 2699 5284 et
2733 5247 2904 5284 vocem
2934 5246 3101 5284 meam
3136 5226 3370 5292 audient,
3405 5236 3455 5280 et
3477 5227 3566 5294 ﬁet

2000 5345 2159 5383 unum
2195 5328 2368 5390 ovile,
2410 5336 2461 5380 et
2488 5341 2623 5377 unus
2656 5333 2839 5391 pastor
2864 5323 2928 5376 ".
2975 5322 3032 5375 ln
3083 5319 3335 5388 pmsenti
3383 5318 3565 5386 itaque

1994 5422 2208 5492 psalmo
2243 5420 2479 5473 humane
2520 5414 2601 5470 sic
2644 5415 2884 5485 loquitur
2914 5432 2926 5467 :
2961 5411 3213 5465 Dominus
3242 5424 3366 5478 pars
3398 5408 3562 5461 haere-

2000 5511 2186 5565 ditatis
2242 5525 2369 5563 mea:
2416 5517 2473 5572 ,ει
2533 5505 2715 5568 colicis
2779 5505 2917 5577 mei;
2960 5499 3325 5554 htereditatem
3362 5512 3565 5552 vocans

1999 5614 2227 5669 regnum
2282 5600 2336 5652 in
2375 5604 2600 5669 gentes;
2644 5594 2871 5650 calicem
2896 5605 3045 5655 vero,
3071 5604 3234 5661 quam
3269 5602 3367 5658 pro
3404 5587 3564 5641 nobis

397 5708 441 5739 "
479 5705 625 5763 Psal.
664 5722 700 5760 ιι
722 5745 738 5767 ,
775 5704 829 5758 8.
905 5701 950 5732 ⁸ο
986 5699 1142 5755 Joan.
1174 5716 1304 5763 xvn,
1334 5695 1482 5763 6,1‘2.
1556 5694 1602 5725 “
1625 5693 1782 5748 Joan.
1816 5690 2121 5758 x3738.“
2150 5689 2280 5743 ibid.
2315 5688 2402 5743 l6.

397 5799 473 5867 (1)
520 5798 761 5867 Ειδωλα
805 5789 1022 5867 αὐτῶν.
1071 5792 1161 5867 sic
1208 5790 1375 5867 stertit
1416 5785 1794 5867 Symmachus,
1828 5790 1888 5836 ut

328 5870 381 5946 in
407 5857 619 5924 duobus
644 5863 926 5923 codicibus
954 5860 1138 5934 Regiis
1176 5862 1418 5916 elIertur.
1448 5857 1644 5928 Aquila
1675 5865 1885 5911 autem:

1992 5780 2465 5919 agamnam
2505 5776 2707 5833 αὐτῶν.
2735 5774 3057 5831 Hebraicum
3083 5769 3357 5839 exemplar
3378 5768 3538 5827 habet
