4302 6404
832 476 933 532 159

1522 473 1789 530 EUSEDU
1824 472 2297 529 (ΖΑΞΞΑΒΙΕΝΞΙΞ
2318 471 2464 528 ΟΡΡ.
2508 470 2684 535 PARS
2716 470 2799 527 HI.
2839 501 2909 511 -—
2947 470 3355 526 EXEGLTICA.

3962 462 4068 523 400

832 609 1029 666 passus
1060 603 1143 648 est
1172 603 1419 648 mortem.
1456 593 1542 648 Sic
1584 595 1730 648 enim
1785 596 1837 648 in
1886 594 2059 648 sacris
2085 593 2387 663 Evangeliis
2419 604 2441 657 Α

2511 593 2708 665 ραλμῷ.
2741 591 3090 662 ἀνθρωπίνως
3123 590 3288 657 λέγει’
3329 589 3543 656 Κύριος
3572 588 3740 657 μερίς
3772 586 3881 656 τῆς
3913 588 4071 655 κλη-

833 684 1067 740 eﬂ‘atur:
1107 684 1289 747 Pater,
1323 686 1367 738 si
1394 686 1641 753 possibile
1668 694 1766 747 est,
1797 695 2031 739 transeat
2060 704 2091 738 a
2130 704 2209 740 me
2250 689 2388 740 cali:

2511 688 2774 754 >ονομίας
2799 702 2916 752 μου
2935 685 3031 737 καὶ
3054 684 3159 736 τοῦ
3176 684 3481 750 ποτηρίου·
3506 682 3865 751 κληρονομίαν
3882 677 4071 733 καλῶν

832 775 934 830 ista
951 774 1031 827 “z
1064 790 1126 830 ac
1150 777 1193 829 si
1231 754 1473 845 apdrtius
1511 777 1714 831 «liceret
1742 794 1752 827 :
1786 776 2040 832 Ecclesim
2082 796 2239 842 mem,
2272 795 2390 847 ιιιιιε

2511 779 2593 848 τὴν
2619 776 2728 829 τῶν
2759 776 2927 827 ἐθνῶν
2958 776 3230 845 βασιλείαν
3249 793 3261 804 ·
3292 776 3546 845 ποτήριον
3572 774 3629 825 δὲ
3656 772 3714 826 δν
3742 772 3880 841 ὑπὲρ
3914 770 4073 843 ἡμῶν

834 878 954 920 mea
999 862 1303 928 haereditas,
1373 881 1498 935 pars
1557 866 1812 921 Dominus
1876 876 1983 933 est;
2057 877 2215 937 atque
2278 870 2394 939 ipse

834 955 1022 1010 calicis
1056 956 1182 1017 mei,
1212 955 1265 1008 id
1289 964 1370 1008 est
1402 958 1612 1015 ιιιυιοιίς.
1651 973 1773 1025 pars
1801 957 2022 1013 ell'cctns
2043 946 2163 1013 cst.-

2500 872 2752 938 ὑπέμεινε
2789 868 3032 922 θάνατον.
3067 869 3222 921 Οὕτω
3257 867 3364 939 γὰρ
3409 870 3499 921 καὶ
3538 872 3595 921 ὲν
3613 870 3724 930 τοῖς
3755 868 3922 935 ἱεροῖς
3955 865 4076 917 ἐλε-

2500 979 2597 1029 γεν
2626 962 2984 1029 Ιεῖὑαγγελίοις·
3020 961 3231 1030 Πάτερ,
3254 965 3305 1015 εί
3325 961 3601 1023 δυνατιῖν,
3633 958 3975 1028 παρελθέτω
4001 956 4074 1010 τὸ

834 1046 1113 1113 ποτήριον
1150 1046 1324 1099 τοῦτο
1360 1048 1460 1102 ἀπ’
1522 1049 1687 1116 ἐμοῦ·
1724 1050 1855 1102 ὡσεί
1888 1051 2213 1121 σαφέστερον
2252 1051 2422 1119 ἔλεγε*
2463 1055 2569 1106 Καὶ
2601 1057 2698 1125 τῆς
2736 1057 2874 1125 ἐμῆς
2920 1054 3263 1125 Ἑκκλησίας,
3294 1056 3413 1126 ἥτις
3447 1056 3593 1107 ἐστὶν
3634 1057 3666 1125 ἡ
3734 1051 4076 1123 κληρονομία

838 1159 958 1212 μου,
996 1140 1152 1213 μερίς
1178 1144 1323 1194 ἐστιν
1352 1144 1379 1194 ό
1413 1142 1632 1213 Κύριος·
1664 1146 1693 1196 ὁ
1716 1137 1899 1208 ἀὐτὸς
1927 1146 1983 1198 δὲ
2011 1146 2104 1213 καὶ
2134 1145 2226 1198 τοῦ
2278 1148 2535 1219 ποτηρίου
2569 1166 2691 1218 μου,
2748 1149 2992 1202 τουτέστι
3028 1147 3120 1199 τοῦ
3151 1148 3405 1211 θανάτου,
3436 1149 3589 1219 μερὶς
3645 1145 4013 1217 γεγενημένος
4045 1145 4077 1197 6

833 1234 1017 1298 αὐτός.

908 1325 987 1380 Τιι
1020 1344 1073 1380 es
1102 1330 1189 1395 qui
1219 1328 1452 1380 restituis
1479 1326 1837 1380 Iiwreditatem
1866 1343 2032 1380 meam
2061 1327 2205 1381 mihi.
2239 1328 2356 1382 Alia
2376 1368 2390 1392 ,

836 1418 1055 1487 inquit,
1100 1418 1230 1472 mihi
1280 1419 1410 1472 olim
1457 1418 1557 1470 fuit
1594 1418 1919 1480 haereditas,
1979 1419 2179 1486 aliique
2216 1417 2411 1496 funcsa

838 1505 970 1560 Nam
1000 1508 1207 1577 quando
1238 1506 1501 1561 dividebat
1535 1508 1839 1561 Altissimus
1870 1519 2040 1579 gentes
2061 1549 2074 1569 ,
2116 1525 2239 1576 pars
2290 1509 2399 1561 Do-

742 1590 745 1593 }
839 1602 970 1654 mini
999 1600 1140 1654 fazta
1165 1610 1247 1654 est
1273 1602 1495 1668 populus
1535 1600 1650 1668 ejus
1690 1600 1853 1653 Jacob
1875 1641 1888 1661 ,
1932 1602 2198 1669 funiculus
2233 1602 2397 1655 Ita're-

784 1706 789 1712 ‘
838 1695 1025 1747 ditatis
1054 1693 1167 1761 ejus
1196 1692 1242 1723 “
1289 1692 1478 1745 Israel.
1521 1692 1590 1744 At
1630 1701 1761 1745 tunc
1804 1707 1967 1762 pars.
2016 1690 2307 1753 brereditas
2346 1698 2400 1745 et

842 1785 1121 1841 funiculus
1142 1826 1156 1847 ,
1186 1792 1301 1838 erat
1344 1786 1489 1854 prior
1516 1785 1604 1837 ille
1631 1785 1883 1853 populus.
1922 1783 2040 1848 Quo
2072 1784 2272 1851 populo
2300 1782 2399 1836 im-

843 1876 1059 1945 pietatis
1090 1890 1252 1929 causa
1282 1875 1491 1951 dejecto
1518 1890 1579 1928 ac
1610 1875 1857 1942 depulso,
1889 1862 1991 1927 alia
2011 1874 2142 1927 mihi
2172 1874 2400 1927 haeredi-

844 1974 964 2027 tas.
1010 1967 1099 2019 alii
1143 1965 1302 2020 funes
1326 2006 1340 2028 ,
1388 1966 1507 2017 alia:
1549 1973 1726 2018 sortes
1760 1966 2005 2033 priorum
2043 1964 2163 2017 loco
2193 1962 2401 2018 traditae

845 2065 974 2113 sunt
1012 2058 1065 2111 in
1095 2056 1389 2124 prwclaris.
1432 2054 1642 2108 Etenim
1676 2055 1786 2108 haec
1820 2055 2057 2109 secunda
2092 2055 2402 2119 haereditas,
2437 2025 2477 2081 Β

844 2149 1054 2218 inquit,
1084 2147 1338 2217 praeclara
1371 2146 1699 2215 probataque
1726 2146 1853 2199 mihi
1882 2154 1983 2201 est.
2054 2216 2057 2219 ἢ

918 2238 1085 2294 Vens.
1118 2239 1171 2293 8.
1220 2237 1563 2293 Providebam
1596 2238 1875 2291 Dominum
1906 2239 1961 2291 in
1992 2246 2265 2306 conspectu
2296 2253 2405 2289 meo

846 2347 1068 2399 semper,
1096 2332 1342 2397 quoniam
1374 2347 1406 2383 a
1435 2330 1634 2383 dextris
1667 2339 1743 2386 est
1773 2330 1931 2391 mihi,
1968 2346 2030 2383 ue
2059 2343 2404 2381 commovear.

851 2419 947 2473 Vir
985 2432 1205 2476 sanctus
1250 2437 1371 2475 cum
1416 2420 1702 2475 Dominum
1748 2422 1799 2475 in
1843 2422 2017 2475 oculis
2051 2421 2165 2474 suis
2196 2435 2409 2488 semper

849 2527 970 2566 esse
992 2528 1176 2566 secum
1207 2518 1449 2580 reputet,
1482 2526 1823 2579 nequaquam
1852 2511 2071 2562 ﬂuctuat
2098 2528 2111 2573 ;
2145 2510 2249 2561 imo
2281 2523 2407 2561 vero

850 2603 1111 2658 Dominus
1156 2620 1185 2657 a
1230 2604 1439 2658 dextris
1480 2602 1614 2672 justi
1661 2602 1763 2655 viri
1816 2602 2002 2655 lirmus
2044 2601 2317 2655 consistit.
2367 2598 2407 2652 E

848 2710 1116 2750 converso
1148 2704 1328 2749 autem
1356 2696 1423 2749 de
1450 2693 1587 2750 Juda
1632 2696 1869 2750 dicitur:
1918 2694 1983 2747 Et
2026 2693 2268 2748 diabolus
2308 2702 2407 2747 stet

849 2806 883 2843 ι
910 2788 1109 2843 dextris
1141 2789 1253 2856 ejus
1285 2788 1351 2843 ⁸³.

1290 2899 1546 2957 ORATIO
1581 2900 1790 2955 DAVID
1825 2899 1968 2955 XVI.

920 3033 1093 3093 Vens.
1136 3038 1186 3091 i.
1235 3037 1478 3099 Exaudi,
1517 3035 1766 3093 Domine.
1792 3035 2065 3103 justitiam
2093 3050 2290 3095 meam,
2328 3034 2411 3088 in-

850 3130 999 3185 tende
1028 3130 1448 3197 deprecationem
1479 3144 1672 3183 meam.
1710 3127 1942 3181 Auribus
1975 3127 2177 3195 percipe
2208 3127 2409 3182 oratio—

852 3239 969 3276 nem
995 3238 1166 3275 meam
1187 3263 1200 3285 ,
1229 3236 1330 3274 non
1355 3222 1408 3273 in
1442 3220 1596 3272 labiis
1623 3219 1840 3273 dolosis.
1873 3216 2127 3273 Oratione
2155 3234 2252 3273 sua
2279 3235 2409 3288 sup-

854 3315 1051 3382 plicat,
1082 3323 1137 3366 ut
1166 3311 1305 3367 Deus
1332 3310 1586 3365 exaudiat
1606 3352 1620 3372 ,
1652 3326 1761 3365 non
1790 3311 2001 3381 quidem
2046 3326 2264 3374 vocem,
2295 3326 2406 3365 non

2572 1329 2655 1382 Σὺ
2698 1324 2757 1380 εἶ
2794 1330 2827 1380 ὁ
2873 1324 3291 1379 ἀποκαθιστῶν
3338 1326 3451 1391 τὴν
3500 1326 3905 1393 κληρονομίαν
3946 1342 4077 1395 μευ

2501 1422 2649 1489 ἐμοί.
2682 1420 2854 1471 Πάλαι
2889 1418 2986 1487 μὲν
3018 1417 3146 1487 γὰρ,
3180 1419 3361 1488 φησὶν,
3392 1417 3524 1485 ἄλλη
3546 1434 3628 1478 τις
3646 1412 3712 1487 ἦν
3734 1416 4077 1488 κληρονομία

2509 1532 2629 1583 μου,
2662 1513 2754 1565 καὶ
2778 1511 2908 1563 ἄλλα
2936 1510 3287 1579 σχοινίσματά
3312 1527 3431 1580 μου.
3462 1511 3591 1561 Ὅτε
3616 1508 3724 1580 γάρ
3751 1508 4078 1577 διεμέριζεν

2505 1610 2538 1660 ό
2558 1607 2846 1673 "Td-actor;
2865 1603 3032 1670 ἔθνη,
3050 1601 3279 1673 ἐγενήθη
3298 1603 3467 1671 μερίς
3483 1603 3700 1668 Κυρίου
3716 1602 3856 1666 λαός
3879 1600 4077 1656 αὐτοῦ

2517 1693 2739 1753 Ἰακὼϐ,
2772 1693 3105 1761 σχοίνισμα.
3142 1693 3543 1760 κληρονομίας
3585 1692 3770 1746 αὐτοῦ
3829 1691 4074 1763 Ἰσραήλ.

2517 1786 2672 1839 Ἀλλά
2698 1786 2816 1838 τότε
2846 1785 2943 1853 μὲν
2974 1785 3128 1853 μερὶς
3150 1782 3241 1835 καὶ
3265 1781 3615 1853 κληρονομία,
3634 1783 3725 1836 καὶ
3744 1782 4080 1854 σχοίνισμαό

2504 1877 2762 1947 πρότερος
2785 1870 2852 1944 ἦν
2878 1872 3024 1934 λαός·
3052 1866 3111 1925 οὗ
3132 1870 3475 1932 διαπεσόντος
3491 1871 3583 1921 καὶ
3604 1869 3903 1941 ἀποδλήτου
3920 1886 4077 1936 γενο-

2506 1972 2665 2042 μένου
2690 1969 2777 2022 διὰ
2802 1966 2901 2031 τὰς
2927 1964 3177 2027 ἀσεϐείας
3198 1963 3397 2027 αὐτῶν,
3428 1963 3591 2032 ἑτέρα
3626 1963 3779 2033 μερὶς
3812 1963 3906 2015 καὶ
3939 1962 4079 2017 ἄλλα

2508 2061 2734 2131 σχοινία,
2752 2060 2844 2113 καὶ
2864 2060 3041 2130 ἕτεροι
3065 2058 3255 2127 κλῆροι
3278 2056 3397 2109 ἀντὶ¹
3417 2054 3521 2107 τῶν
3550 2056 3828 2125 προτέρων
3851 2056 4079 2110 ἐκείνων

2506 2152 2765 2221 ἐδόθησαν
2799 2168 2887 2222 μοι
2910 2153 2979 2204 ἐν
3000 2149 3123 2216 τοῖς
3148 2150 3503 2217 κρατίστοις.
3542 2148 3688 2218 Αὕτη
3723 2150 3851 2217 γὰρ,
3886 2150 4076 2221 φησὶν,

2508 2246 2541 2315 ἡ
2566 2244 2790 2314 δευτέρα
2818 2245 3080 2315 κρατίστη
3113 2244 3206 2297 καὶ
3232 2242 3539 2311 ἀρέσκουσά
3573 2240 3660 2309 μοί
3690 2240 3853 2293 ἐστιν.

2576 2336 2941 2405 Προωρὼμην
2971 2337 3080 2389 τὸν
3106 2337 3328 2403 Κύριον
3356 2332 3609 2387 ἐνώπιόν
3631 2350 3749 2402 μου
3788 2330 3886 2385 διὰ
3920 2347 4077 2385 παν-

2507 2432 2627 2492 τός’
2668 2428 2755 2481 ὅτι
2790 2429 2858 2481 ἐκ
2895 2427 3107 2491 δεξιῶν
3138 2438 3249 2485 nov
3282 2429 3487 2491 ἐστὶν,
3514 2428 3613 2480 ἵνα
3643 2425 3729 2494 μὴ
3775 2424 4075 2479 σαλευθῶ.

2518 2521 2576 2573 Ὀ
2614 2520 2787 2587 ἅγιος,
2829 2519 2913 2571 ἀεὶ
2957 2518 3297 2588 λογιζόμενος
3329 2520 3386 2571 ὲν
3412 2518 3706 2587 ὀφθαλμοῖς
3728 2516 3892 2569 αὑτοῦ
3936 2512 4077 2568 εἶναι

2504 2611 2597 2665 τὸν
2641 2610 2862 2681 Κύριον,
2907 2612 2968 2663 οὐ
3022 2612 3321 2665 σαλεύεταισ
3369 2610 3499 2664 ἀλλά
3539 2609 3749 2681 βέϐαιος
3781 2609 4011 2677 ἕστηκεν
4048 2606 4079 2659 ὁ

2506 2704 2710 2773 Κύριος
2743 2706 2805 2755 ὲκ
2825 2703 3011 2769 δεξιῶν
3038 2703 3131 2757 τοῦ
3168 2704 3395 2756 δικαίου.
3424 2705 3554 2775 Περὶ
3581 2703 3636 2756 δὲ
3667 2702 3757 2755 τοῦ
3796 2699 3985 2764 Ἰούδα,
4021 2698 4077 2751 Ὁ

2505 2796 2783 2863 διάϐολος
2811 2796 3029 2861 στήτω,
3058 2796 3241 2867 φησὶν,
3268 2797 3335 2849 ἐκ
3360 2795 3571 2859 δεξιῶν
3594 2795 3800 2850 αὑτοῦ.

2849 2907 3220 2961 ΠΡΟΣΕΥΧΗ
3259 2907 3345 2959 To
3384 2907 3579 2959 ΔΑΥΙΔ
3618 2907 3733 2973 ισο.

2573 3022 2974 3086 Είσιὶκουσον,
3003 3024 3197 3091 Κύριε,
3229 3022 3618 3088 δικαιοσύνης
3639 3039 3777 3089 μου.
3811 3020 4075 3090 πρόσχες

2507 3112 2583 3182 τῇ
2624 3113 2827 3179 δεήσει
2864 3129 3002 3181 μου.
3063 3112 3363 3167 Ἐνώτισαι
3410 3112 3524 3179 τὴν
3566 3112 3914 3180 προσευχήν
3956 3130 4076 3183 μου

2509 3205 2620 3256 οὐκ
2652 3202 2722 3255 ἐν
2752 3202 2983 3277 χείλεσι
3025 3200 3268 3267 δολίοις.
3324 3202 3576 3255 ἰκετεύει
3603 3201 3689 3253 διὰ
3720 3204 3817 3271 τῆς
3848 3219 4078 3272 προσευ-

2509 3297 2608 3366 κῆς
2642 3293 2730 3346 τδν
2764 3292 2896 3345 θεὸν
2923 3292 3193 3363 ἀκροατὴν
3216 3293 3483 3359 γενέσθαι.
3516 3294 3574 3345 οὐ
3600 3296 3697 3362 τῆς
3725 3296 3925 3363 φωνῆς,
3956 3293 4077 3347 οὐδὲ

853 3380 1019 3459 verba
1040 3420 1139 3458 sua
1166 3444 1180 3464 ,
1208 3402 1302 3458 sed
1330 3404 1583 3458 virtutem
1611 3422 1623 3457 :
1653 3418 1716 3457 ac
1743 3404 1788 3457 si
1811 3380 2059 3459 videlicet
2074 3403 2284 3473 iustitia
2308 3417 2407 3457 sua
2435 3390 2441 3427 ⁴

2511 3384 2618 3438 τῶν
2652 3384 2909 3455 ῥημάτων
2934 3382 3120 3468 αὑτοῦ,
3147 3382 3258 3435 ἀλλ’
3289 3384 3455 3454 αὐτῆς
3481 3388 3577 3455 τῆς
3603 3386 3658 3436 ἐν
3684 3385 3828 3455 αὐτῷ
3852 3387 4074 3457 ἀρετῆς,

852 3511 921 3551 ex
970 3494 1136 3565 gestis
1180 3494 1440 3563 Operibus
1480 3494 1750 3556 clamitet,
1780 3494 2101 3563 divinasque
2128 3508 2289 3547 aures
2316 3493 2411 3547 de-

856 3588 1111 3642 mulceat.
1158 3583 1343 3655 Neque
1386 3586 1532 3640 enim
1575 3585 1879 3655 quispiam,
1911 3585 2281 3654 improborum
2308 3583 2411 3638 sibi

853 3665 1107 3734 conscius
1158 3675 1459 3731 facinorum
1483 3714 1497 3739 ,
1527 3676 1701 3729 talem
1720 3674 1886 3730 facile
1910 3674 2177 3745 proferret
2202 3689 2409 3733 vocem.

854 3770 991 3827 Illud
1039 3787 1200 3841 porro
1228 3788 1240 3823 :
1278 3766 1495 3821 Intende
1516 3765 1924 3834 deprecationem
1954 3782 2155 3828 meam,
2182 3765 2304 3834 jure
2329 3764 2413 3817 di-

810 3889 815 3895 -
855 3842 996 3916 ierit
1022 3864 1106 3915 vir
1130 3862 1219 3915 ille
1244 3859 1503 3929 probatus
1532 3872 1592 3909 ac
1623 3856 1978 3919 exercitatus,
2004 3856 2095 3923 qui
2124 3854 2179 3909 in
2205 3854 2410 3908 orando

856 3953 1050 4023 dignas
1078 3951 1187 4006 Deo
1216 3951 1414 4005 emittit
1443 3948 1867 4019 supplicationes
1888 3985 1903 4007 .
1946 3952 2038 4017 Qui
2088 3962 2195 4001 non
2245 3961 2412 4017 parva

857 4043 1102 4113 quaadam
1145 4042 1377 4110 viliaque
1418 4040 1691 4111 postulat,”
1733 4054 1907 4109 neque
1950 4054 2051 4109 pro
2091 4038 2411 4092 mortalibus

858 4133 1223 4202 humanisque
1256 4132 1418 4187 rebus
1452 4130 1617 4186 Deum
1646 4140 1918 4201 precatur.
1956 4131 2189 4199 ldipsum
2226 4128 2414 4183 Salva-

858 4233 944 4277 tor
970 4222 1156 4276 docuit
1182 4221 1310 4273 talia
1336 4220 1478 4275 latus
1507 4240 1520 4274 :
1566 4214 1758 4285 Magna
1780 4218 1956 4283 petite,
1990 4226 2038 4267 et
2064 4233 2231 4285 parua
2269 4215 2413 4285 adji-

857 4314 1061 4367 cientur
1082 4309 1222 4365 vobis
1246 4310 1311 4366 “.
1337 4308 1523 4363 Tertio
1549 4316 1731 4361 autem
1760 4317 2031 4377 precatur,
2058 4315 2118 4359 ut
2145 4306 2259 4374 ipsa
2286 4320 2413 4358 ora-

857 4407 1024 4461 tionis
1067 4404 1233 4459 verba
1280 4403 1505 4457 auribus
1546 4400 1847 4470 percipiat,
1879 4409 1931 4454 et
1952 4440 1966 4463 ,
1999 4407 2059 4453 ut
2088 4398 2162 4451 ita
2193 4398 2371 4451 dicam
2395 4436 2410 4461 ,

858 4496 928 4551 de
970 4499 1089 4568 ipsa
1129 4512 1265 4551 voce
1304 4495 1549 4565 iudicet,
1591 4492 1736 4563 quod
1782 4506 1889 4545 non
1922 4493 1977 4544 in
2010 4491 2167 4544 labiis
2207 4489 2415 4545 dolosis

859 4588 1069 4659 prolata
1100 4588 1192 4640 sit.
1219 4582 1545 4654 Plerumque
1570 4586 1717 4638 enim
1746 4582 2003 4651 praeclara
2032 4581 2326 4649 loquimur,
2354 4595 2416 4633 ac

860 4675 1043 4730 verbis
1078 4676 1278 4730 utimur
1306 4689 1367 4728 ex
1402 4672 1682 4743 Scriptura
1710 4672 1892 4725 divina
1920 4669 2251 4738 depromptis
2275 4686 2290 4733 ;
2320 4668 2414 4723 sed

861 4782 971 4821 non
1003 4767 1247 4837 purgatis
1276 4738 1460 4819 labiis.
1490 4738 1555 4816 εὶ
1583 4779 1711 4817 vero
1739 4768 2038 4817 occurrunt
2067 4775 2209 4829 saepe
2239 4759 2417 4812 homi-
2443 4738 2491 4796 Ῑ)

863 4872 1000 4919 nes,
1049 4854 1144 4925 qui
1193 4851 1674 4908 indiscriminatim
1722 4850 2026 4912 conviciis,
2080 4847 2411 4903 calumniis.

862 4946 1162 5002 mendaciis
1182 4983 1201 5009 ,
1230 4942 1592 4998 fraudulentis
1620 4940 1800 4997 verbis
1822 4978 1837 5004 ,
1871 4940 2129 5010 perjuriis
2157 4980 2172 5006 ,
2200 4939 2416 4993 obscte-

863 5038 950 5093 nis
988 5037 1188 5101 dictis,
1230 5036 1460 5105 aliisque
1501 5034 1752 5088 absurdis
1792 5032 2021 5087 vocibus
2065 5033 2191 5093 usi,
2228 5028 2415 5085 conle-

866 5129 991 5183 stim
1019 5134 1231 5181 mutato
1254 5141 1503 5181 sermone
1522 5166 1536 5187 ,
1581 5124 1832 5201 precibus
1876 5122 2041 5176 Deum
2070 5121 2414 5191 compellant.

868 5218 939 5272 Αι
979 5219 1131 5273 solus
1172 5217 1257 5293 vir
1294 5224 1551 5281 sanctus,
1578 5228 1626 5271 et
1669 5216 1907 5285 linguam
1938 5214 2003 5267 'et
2042 5214 2183 5266 labia
2215 5226 2420 5269 vocem-

868 5324 975 5378 que
1001 5310 1174 5383 ipsam
1204 5322 1268 5361 ac
1292 5308 1455 5361 verba
1482 5308 1570 5363 vel
1600 5324 1699 5363 usu
1727 5308 1942 5363 tritiora
1968 5313 2228 5375 expurgat
2253 5322 2271 5373 ;7
2296 5316 2421 5372 gna-

814 5410 817 5413 ’
870 5418 967 5459 rus
998 5404 1143 5459 illius
1169 5403 1299 5459 dicti
1329 5421 1341 5455 :
1379 5402 1451 5456 De
1481 5405 1620 5455 omni
1646 5402 1797 5457 verba
1824 5404 1992 5456 otioso
2024 5400 2276 5455 rationem
2308 5395 2420 5451 red-

870 5496 1004 5553 detis
1041 5495 1099 5547 in
1134 5494 1219 5548 die
1246 5494 1438 5563 judicii
1480 5494 1545 5525 ⁵⁷⁸
1590 5494 1731 5549 Deus
1775 5493 2045 5564 siquidem
2084 5490 2415 5549 orationem,

876 5601 985 5642 non
1011 5584 1172 5640 labiis
1196 5584 1399 5640 dolosis
1420 5626 1435 5648 ,
1469 5584 1565 5640 sed
1597 5593 1824 5654 purgata
1856 5586 2037 5652 lingua
2062 5621 2077 5645 ,
2111 5582 2419 5648 divinisque

876 5675 1219 5731 sermonibus
1259 5676 1583 5731 meditandis
1623 5685 1838 5731 assueta
1870 5675 2135 5745 prolatam
2155 5712 2171 5737 ,
2200 5674 2420 5727 auribus

880 5767 1128 5837 percipit.
1180 5765 1542 5831 Quamobrem
1596 5781 1719 5823 cum
1767 5766 1835 5822 de
1886 5765 2097 5833 justitia
2154 5764 2416 5833 loquitur,

2511 3474 2699 3545 ῶσπερ
2730 3474 2938 3544 βοώσης
2964 3474 3051 3527 διὰ
3079 3474 3187 3527 τῶν
3226 3475 3473 3547 πράξεων
3495 3479 3591 3547 τῆς
3619 3476 3959 3550 δικαιοσύνης
3984 3480 4079 3533 καὶ

2509 3567 2862 3637 δυσωπούσης
2894 3568 2990 3639 τὴν
3023 3566 3171 3621 Θείαν
3203 3568 3391 3640 ἀκοήν.
3418 3570 3530 3621 Οὐκ
3552 3568 3615 3622 ἂν
3640 3570 3743 3641 γάρ
3766 3587 3867 3635 τις,
3901 3571 4079 3642 ἑαυτῷ

2512 3656 2693 3725 φαῦλα
2732 3655 3003 3723 συνειδὼς,
3038 3658 3233 3729 ῥᾳδίως
3265 3659 3329 3713 ἂν
3360 3659 3614 3729 τοιαύτην
3657 3663 3835 3730 ἀφῆκε
3872 3663 4075 3733 φωνήν.

2511 3751 2583 3802 Τὸ
2612 3750 2689 3814 δὲ,
2735 3753 3007 3818 Πρόσχες
3044 3750 3118 3819 τῇ
3158 3750 3363 3816 δεήσει
3385 3770 3523 3822 μου,
3559 3754 3699 3805 είποι
3729 3754 3795 3806 ἂν
3822 3755 4025 3817 ἐκεῖνος
4050 3755 4080 3807 ό

2514 3840 2967 3913 βεϐασανισμένος
3005 3842 3097 3894 καὶ
3127 3842 3437 3913 πρεπούσας
3470 3843 3587 3912 Θεῷ
3620 3847 3675 3895 ὲν
3708 3846 3772 3912 τῇ
3805 3848 4079 3916 προσευχῇ

2511 3935 2847 4004 ἀναπέμπων
2886 3934 3116 4003 δεήσεις,
3159 3922 3189 3986 ὁ
3234 3935 3307 4005 μὴ
3346 3934 3438 3986 ἐπὶ
3476 3938 3691 4003 μικροῖς
3724 3935 3954 3998 καὶτοῖς
3984 3951 4079 3989 τυ-
4190 4000 4197 4007 ,

2512 4026 2694 4095 χοῦσιν
2739 4027 3022 4096 αἰτήμασι,
3070 4026 3189 4097 μηδ’
3229 4028 3320 4080 ἐπὶ
3354 4026 3564 4097 θνητοῖς
3598 4028 3689 4079 καὶ
3721 4026 4078 4098 ἀνθρωπίνοις

2514 4116 2844 4187 παρακαλῶν
2870 4116 2960 4169 τὸν
2988 4118 3136 4171 Θεόν.
3167 4118 3335 4171 Τοῦτο
3362 4118 3489 4186 γοῦν
3514 4118 3606 4172 καὶ
3630 4122 3656 4171 ὁ
3688 4118 3877 4189 Σωτὴρ
3907 4118 4078 4171 ἐδίδαρ

2516 4225 2613 4262 σκε
2636 4207 2826 4275 λέγων·
2861 4207 3080 4260 Αἰτεῖτε
3104 4206 3176 4260 τὰ
3202 4205 3455 4276 μεγάλα,
3476 4205 3573 4258 καί
3600 4205 3672 4258 τὰ
3695 4206 3873 4275 μικρὰ
3894 4219 4075 4275 προσ-

2514 4297 2823 4365 τεθήσεται
2848 4298 3006 4367 ὺμῖν.
3033 4297 3140 4351 Καὶ
3164 4299 3345 4368 τρίτον
3365 4297 3421 4349 δὲ
3449 4298 3697 4358 ἱκετεύει,
3723 4299 3818 4351 καὶ
3841 4296 3981 4351 αὐτά
4008 4298 4083 4351 τὰ

2514 4392 2733 4462 ῥήματα
2771 4393 2868 4459 τῆς
2907 4392 3211 4461 προσευχῆς
3258 4386 3632 4446 ὲνωτίσασθαι,
3672 4383 3849 4454 κρῖναί
3890 4398 3971 4446 τε,
4001 4380 4076 4443 ὡς

2513 4484 2705 4544 εἰπεῖν,
2740 4482 2831 4534 καὶ
2865 4481 3031 4549 αὐτὴν
3058 4479 3155 4549 τὴν
3192 4476 3395 4547 φωνὴν,
3435 4476 3516 4528 ὅτι
3550 4474 3624 4545 μὴ
3665 4474 3721 4525 ὲν
3758 4472 3959 4542 χείλεσι
3993 4470 4078 4523 δο-

2514 4572 2646 4634 λίοις
2686 4573 3034 4643 προφέρεται.
3074 4567 3337 4629 Πολλάκις
3368 4565 3475 4638 γάρ
3506 4565 3677 4634 σεμνά
3711 4559 4074 4633 φθεγγόμεθα,

2516 4663 2609 4715 καὶ
2635 4662 2812 4729 λόγοις
2840 4659 3100 4733 χρώμεθα
3132 4661 3241 4719 τοῖς
3270 4657 3375 4709 ἀπὸ
3403 4656 3510 4708 τῶν
3544 4654 3701 4707 θείων
3731 4652 3980 4724 Γραφῶν,
4017 4652 4077 4703 οὐ

2516 4753 2940 4825 κεκαθαρμένοις
2956 4754 3067 4813 τοῖς
3082 4748 3328 4819 χείλεσιν.
3358 4746 3493 4816 Ἤδη
3515 4747 3571 4799 δέ
3590 4748 3752 4808 τινες,
3776 4745 4080 4815 ἀδιαφόρως

2516 4845 2799 4917 λοιδορίαις
2844 4842 2985 4897 κατά
3023 4858 3182 4894 τινων
3232 4840 3586 4912 χρησάμενοι,
3634 4836 3667 4906 ἢ
3713 4834 4000 4899 διαδολαῖς,
4041 4835 4077 4905 ἦ

2516 4933 2906 5003 ψευδολογίαις,
2940 4931 2973 4999 ἢ
3012 4931 3267 4992 ἀπάταις,
3308 4930 3341 4999 ἦ
3374 4925 3700 4996 ὲπιορκίαις,
3746 4923 3777 4993 ἢ
3818 4925 4078 4996 αίσχροῤ-

2519 5024 2868 5097 ρημοσύναις,
2902 5022 2936 5093 ἢ
2970 5021 3147 5084 ἄλλοις
3172 5022 3311 5073 τισὶν
3343 5018 3563 5077 ἀτόποις
3603 5016 3827 5082 φωναῖς,
3873 5014 4079 5086 ἀθρόως

2525 5116 2943 5185 μεταϐάλλοντες
2982 5113 3039 5165 ὲν
3069 5116 3137 5183 τῇ
3180 5110 3455 5182 προσευχῇ
3484 5106 3575 5159 τὸν
3604 5106 3742 5158 Θεὸν
3766 5104 4080 5158 ὲπικαλοῦν·

2522 5224 2632 5260 ται.
2668 5207 2839 5269 Μόνος
2866 5205 2923 5257 δὲ
2950 5205 2979 5257 ὁ
3008 5203 3159 5271 ἅγιος
3193 5202 3285 5269 καὶ
3316 5198 3413 5267 τὴν
3435 5197 3679 5265 γλῶτταν
3702 5195 3866 5249 αὑτοῦ
3893 5197 3987 5249 καὶ
4013 5195 4081 5248 τὰ

2524 5298 2696 5368 χείλη,
2715 5299 2809 5351 καὶ
2828 5296 2925 5366 τὴν
2945 5296 3125 5365 φωνὴν
3148 5290 3337 5361 αὐτὴν,
3366 5288 3547 5343 καὶτὰ
3570 5286 3723 5341 κοινά
3746 5288 3961 5358 ῥήματα
3986 5304 4079 5341 κει.⁸

2522 5390 2725 5461 θαίρει·
2765 5388 2917 5453 εἰδὼς
2940 5385 3248 5459 εἰρημένον·
3267 5381 3403 5450 Περὶ
3436 5380 3657 5444 παντὸς
3688 5378 3871 5448 ἀργοῦ
3898 5377 4082 5448 ῥήμα-

2522 5499 2623 5547 τος
2660 5480 2877 5535 δώσετε
2918 5479 3103 5547 λόγον
3131 5475 3201 5528 ὲν
3237 5473 3424 5543 ἡμέρᾳ
3464 5471 3730 5539 κρίσεως.
3766 5467 4079 5540 Προσευχῆς

2523 5564 2731 5643 γάρόὺ
2771 5573 2857 5625 διὰ
2895 5571 3117 5642 χειλέων
3160 5567 3347 5621 δολίων
3392 5562 3857 5637 προσφερομένης,
3900 5560 3989 5614 διὰ
4023 5556 4080 5610 δὲ

2524 5666 2766 5735 γλώττης
2808 5660 3241 5732 κεκαθαρμένης,
3283 5658 3377 5713 καὶ
3411 5657 3481 5710 τὰ
3520 5656 3639 5710 θεῖα
3668 5654 3822 5721 λόγια
3854 5650 4081 5721 μελετᾷν

2524 5758 2851 5829 εἰθισμένης,
2900 5746 3207 5816 mecm:
3250 5754 3278 5805 ὁ
3306 5750 3458 5813 Θεός.
3505 5747 3595 5800 Διὸ
3623 5747 3714 5797 ἐπὶ
3749 5743 3846 5814 μὲν
3883 5740 3979 5812 τῆς
4005 5740 4078 5795 δι-

950 5884 996 5949 λ⁸
1024 5916 1206 5979 Matth.
1251 5936 1398 5985 xm,
1442 5919 1528 5976 '59.
1607 5923 1645 5953 “
1676 5919 1831 5983 Deut.
1873 5935 2047 5985 χχιιι,
2090 5919 2143 5985 8,
2196 5920 2246 5973 9.
2324 5918 2366 5950 "
2398 5916 2539 5974 Psal.
2586 5931 2701 5980 cm,
2753 5914 2806 5969 6.
2883 5908 3223 5973 "Matth.n,
3252 5905 3341 5966 53.
3417 5898 3670 5956 "Mallb-
3718 5913 3814 5964 XII.
3847 5895 3937 5951 55-
