4302 6390
323 500 417 557 £6!

1437 486 1938 552 οοιιιιΕΝτΑιιιΑ
1972 465 2043 574 tu
2080 488 2418 546 PSALuos.

3434 495 3540 553 {6‘3

321 612 631 684 καιοσύνης.
655 610 1037 673 εισὰκουσον,
1064 609 1297 678 ἐλέγετο,
1323 610 1412 662 ἐπὶ
1430 609 1484 662 δὲ
1499 612 1602 682 τῆς
1620 610 1876 681 δεήσεως,

1979 603 2194 667 exaudi,
2220 603 2417 671 inquit;
2445 615 2570 654 cum
2598 598 2665 654 de
2691 597 3073 668 deprecatione
3091 641 3105 664 ,
3134 589 3382 669 intende;
3416 621 3544 663 cum

318 709 600 777 ⁴ττρόσχες·
631 705 725 757 ἐπὶ
753 703 809 757 δὲ
837 705 934 772 τῆς
958 701 1045 755 διὰ
1072 691 1294 773 χειλέων
1333 701 1745 774 προφερομένης
1775 719 1885 770 φω-

318 800 432 870 νῆς,
471 794 766 850 ὲνώτισαι.
805 792 940 866 Τρία
971 792 1100 861 γοῦν
1131 795 1366 864 ᾐτήσατο
1396 792 1482 846 διὰ
1511 793 1621 846 τῶν
1659 810 1881 865 προκει-

319 887 514 958 μένων,
543 885 818 959 προτάξας
841 885 947 938 τῷν
980 883 1073 937 δύο
1099 885 1159 938 τὸ
1186 888 1449 956 κρεῖττον.

396 978 787 1047 Ὲὸοκίμασας
824 977 937 1047 τὴν
980 977 1231 1047 καρδίαν
1257 993 1396 1045 μου.
1434 975 1752 1045 ἐπεσκέψω
1779 994 1884 1030 νυ-

312 1071 474 1136 κτός·
503 1069 817 1140 ἐπύρωσᾶς
847 1070 1085 1139 με,·-καὶ
1125 1070 1234 1136 οὐχ
1262 1067 1472 1135 εὑρέθη
1495 1069 1574 1121 ιέν
1601 1068 1730 1137 ἐμοὶ
1759 1067 1884 1122 ἀδι-

312 1163 432 1218 κία.
468 1162 557 1225 Ὠς
589 1161 685 1234 τὴν
710 1163 1052 1239 ἀνθρωπίνην
1073 1159 1354 1232 ἀσθένειαν
1381 1159 1694 1230 ὑπερϐαίνει
1719 1162 1752 1232 ἡ
1775 1161 1882 1214 τῶν

314 1253 686 1325 προκειμένων
712 1255 914 1308 διάνοια
937 1255 948 1306 !
974 1253 1066 1315 Τίς
1079 1251 1186 1324 γάρ
1202 1253 1532 1325 καυχήσεται
1556 1253 1725 1325 ἁγνὴν
1740 1253 1882 1324 ἔχειν

311 1345 568 1417 καρδίαν;
597 1347 691 1401 καὶ
720 1347 800 1410 τίς
829 1344 1262 1418 παρρησιάζεται
1283 1345 1457 1414 λέγων
1486 1346 1724 1416 καθαρὸς
1745 1342 1878 1398 εἶναι

311 1434 415 1488 ἀπὸ
427 1425 712 1507 ἁμαρτιῶν
733 1453 746 1502 ;
765 1436 924 1507 Μόνῳ
938 1436 1222 1508 τοιγαροῦν
1241 1424 1465 1508 άρμόζοι
1493 1437 1640 1507 αύτῷ
1663 1437 1880 1508 Χριστῷ

309 1523 487 1595 λέγειν
522 1529 592 1581 τά
639 1518 988 1598 προκείμενα.
1024 1531 1248 1601 Μήποτε
1275 1530 1330 1581 δὲ
1362 1531 1459 1601 τὴν
1511 1531 1589 1593 εἰς
1633 1529 1724 1582 τὸν
1749 1529 1878 1600 ᾅδην

308 1617 548 1681 κάθοδον,
576 1621 670 1673 καὶ
691 1623 780 1672 τὸν
800 1622 856 1672 ὲν
885 1620 961 1690 τῷ
979 1620 1191 1691 θανάτῳ
1214 1622 1407 1694 χῷρον,
1429 1621 1599 1675 νύκτα
1616 1621 1891 1692 κέκληκεν,

307 1709 398 1762 ἐπὶ
427 1711 522 1763 τοῦ
555 1712 852 1784 πάροντος;
886 1714 947 1764 Εἰ
980 1713 1088 1784 γάρ
1114 1713 1207 1766 καὶ
1229 1715 1286 1766 ἐν
1308 1713 1460 1766 νυκτὶ
1482 1713 1704 1782 γέγονεν
1725 1714 1781 1765 ὲν
1803 1711 1879 1781 τῷ

305 1799 479 1872 καιρῷ
492 1801 600 1854 τῶν
618 1804 985 1875 πειρατηρίων
998 1805 1088 1858 καὶ
1102 1807 1157 1857 ἐν
1171 1804 1250 1876 τῷ
1268 1805 1524 1876 σκοτεινῷ
1540 1804 1632 1858 καὶ
1649 1806 1880 1873 ἀφεγγεί

303 1890 453 1961 τόπῳ
478 1891 572 1944 τοῦ
601 1892 852 1947 Θανάτουο
883 1895 1018 1949 ἀλλά
1046 1895 1416 1966 δοκιμασθεὶς,
1448 1896 1758 1968 ἐπισκοπῆς⁴
1780 1898 1878 1966 τῆς

1985 696 2052 751 de
2079 710 2212 750 voce
2242 694 2400 748 labiis
2427 695 2670 764 prolata,
2705 694 2926 748 auribus
2949 695 3170 763 percipe.
3203 694 3332 751 Tria
3360 696 3544 770 itaque
3576 763 3580 766 _

1984 788 2148 843 dictis
2173 786 2485 856 huiusmodi
2519 788 2779 856 postulat,
2805 794 2858 841 et
2887 786 3031 856 quod
3057 790 3404 858 przestantius
3429 801 3548 848 erat

1985 879 2200 933 duobus
2229 879 2349 932 aliis
2380 878 2664 947 praemisit.

2056 969 2222 1025 Vens.
2259 970 2313 1024 5.
2354 969 2605 1024 Probasti
2643 985 2734 1023 cor
2775 985 2943 1023 meum
2984 978 3033 1024 et
3080 969 3312 1024 visitasti
3353 981 3504 1026 nocte
3529 1011 3546 1038 ,

1984 1067 2101 1135 igne
2141 1081 2222 1118 me
2266 1065 2620 1130 exatuinasti,
2663 1075 2712 1118 et
2754 1081 2858 1118 non
2897 1075 2974 1118 est
3014 1065 3220 1118 iuventa
3249 1065 3302 1118 in
3332 1080 3413 1120 me
3441 1067 3547 1120 ini-

1982 1158 2178 1226 quitas.
2216 1158 2489 1224 Quantum
2531 1157 2820 1210 humanam
2847 1157 3213 1210 inﬁrmitatem
3255 1145 3546 1230 exsuperat

1984 1249 2296 1319 liujusmodi
2341 1249 2632 1304 verborum
2662 1249 2934 1302 sententia
2961 1249 2975 1301 !
3008 1246 3142 1313 Quis
3171 1247 3317 1302 enim
3345 1247 3414 1303 de
3453 1264 3548 1304 ca-

1979 1345 2168 1399 stitate
2207 1327 2391 1399 cordis
2425 1343 2795 1414 gloriabitur?
2824 1341 2958 1409 Quis
2987 1339 3326 1396 confidenter
3354 1340 3504 1395 dicat
3529 1359 3544 1396 :

1979 1433 2159 1489 Purus
2202 1449 2323 1489 sum
2368 1450 2395 1486 a
2447 1433 2728 1503 peccatis?
2771 1433 2896 1488 llaec
2939 1448 3071 1488 sane
3112 1448 3253 1487 unus
3297 1431 3550 1488 Christus

1979 1542 2106 1581 vere
2137 1541 2200 1580 ac
2231 1534 2596 1596 congruenter
2624 1527 2806 1582 dicere
2831 1529 3028 1580 valeat.
3056 1528 3251 1580 Annon
3283 1540 3442 1580 suum
3475 1522 3545 1579 ad

1981 1619 2185 1673 inferos
2211 1618 2572 1682 descensum,
2603 1627 2767 1689 atque
2812 1619 2992 1672 locum
3037 1619 3189 1672 illum
3232 1619 3285 1671 in
3328 1618 3548 1688 regione

1980 1711 2192 1776 mortis,
2220 1717 2435 1765 noctem
2470 1711 2522 1764 in
2552 1711 2805 1780 praesenti
2835 1711 3047 1765 vocavit
3071 1711 3093 1763 ?
3114 1709 3374 1776 Quamvis
3400 1709 3547 1764 enim

1982 1805 2035 1858 in
2068 1813 2228 1859 nocte
2258 1803 2422 1859 fuerit
2453 1819 2516 1858 ac
2558 1804 2611 1858 in
2655 1813 2898 1873 tempore
2943 1805 3302 1858 tentationum
3325 1842 3339 1865 ,
3382 1802 3548 1872 inque

1982 1896 2290 1952 tenebrosis
2351 1897 2774 1966 caliginosisque
2824 1895 3018 1952 mortis
3061 1895 3414 1966 regionibus,
3465 1903 3547 1947 at-

304 1985 453 2056 παρά
478 1984 574 2039 τοῦ
605 1986 821 2059 Πατρὸς
863 1987 1088 2058 ἠξίωται
1127 1987 1216 2042 διὰ
1252 1992 1352 2061 τῆς
1385 1989 1749 2052 ἀναστάσεως,
1786 1989 1880 2041 καὶ

1984 1997 2162 2044 tamen
2196 1988 2486 2058 probatus,
2521 1996 2744 2059 paterna
2777 1987 3089 2043 visitatione
3114 1987 3308 2058 dignus
3330 1986 3547 2042 habitus

301 2076 501 2151 ταύτης
544 2078 861 2152 τετύχηκεν.
919 2082 1262 2155 Ἐπειδήπερ,
1305 2077 1392 2136 οἶα
1424 2082 1623 2153 χρυσὸς
1661 2084 1717 2136 ἐν
1745 2087 1876 2156 πυρὶ

304 2171 539 2243 βληθεὶς,
568 2171 820 2244 λαμπρὸς
846 2174 938 2227 καὶ
968 2172 1207 2246 καθαρὸς
1227 2174 1648 2246 διαμεμένηκεν.
1700 2175 1878 2229 Ἐπει-

251 2253 256 2259 ’
298 2264 364 2336 δὴ
394 2264 554 2336 μόνος
596 2264 708 2320 τῶν
741 2265 800 2332 ἐξ
829 2267 1026 2331 αἰῶνος
1073 2268 1368 2336 ἁμαρτίαν
1411 2269 1520 2321 οὐκ
1565 2267 1874 2336 ἐποίησεν,

299 2355 442 2412 οᾶδὲ
461 2360 675 2428 εὑρέθη
707 2359 908 2426 δόλος,
945 2360 1087 2413 κατὰ
1114 2361 1205 2414 τὸν
1252 2361 1498 2424 Ἡσαΐαν,
1533 2363 1602 2416 ἐν
1629 2361 1708 2428 τῷ
1741 2365 1878 2417 στό-

297 2465 438 2519 ματι
465 2451 675 2505 αὐτοῦ.

372 2542 564 2610 Ὅπως
596 2544 673 2597 ἂν
708 2544 795 2614 μὴ
843 2544 1093 2614 λαλήσῃ
1138 2545 1204 2600 τὸ
1237 2547 1431 2616 στόμα
1471 2565 1590 2616 μου
1636 2548 1708 2601 τὰ
1734 2547 1877 2618 ἔργα

223 2665 230 2669 ι
304 2631 416 2688 τῶν
442 2635 788 2704 ἀνθρώπων,
815 2635 915 2690 διὰ
937 2637 1077 2704 τοὺς
1104 2639 1326 2708 λόγους
1352 2637 1469 2693 τῶν
1492 2640 1743 2708 χειλέων
1759 2658 1874 2694 σου

302 2726 411 2796 ἐγὼ
441 2726 932 2804 ἐφύλαξαόόοὺς
965 2729 1262 2797 σκληράς.
1305 2731 1362 2783 Ὀ
1389 2732 1444 2784 δὲ
1473 2733 1765 2802 Σύμμαχος
1793 2733 1872 2785 εί-

303 2819 434 2876 πιὲιν·
468 2819 625 2890 ’Ἐγὼ
652 2820 1050 2891 ἐφυλαξάμην
1074 2821 1252 2888 ὀδοὺς
1280 2823 1644 2891 παραϐάτου,
1681 2825 1874 2895 ἑτέραν

303 2913 606 2986 παρέστησε
626 2912 890 2968 διάνοιαν·
919 2913 994 2979 ὡς
1021 2913 1114 2968 τοῦ
1150 2915 1246 2987 τὴν
1276 2916 1438 2988 εὐχὴν
1475 2916 1874 2989 διαπέμποντος

271 3008 476 3061 ’πάντα
507 3006 791 3078 ἄνθρωπον
837 3010 1159 3080 παραϐάτην
1207 3009 1519 3080 φεύγοντος,
1559 3013 1654 3065 καὶ
1695 3014 1874 3078 πάσας

285 3099 395 3164 τὰς
429 3099 540 3154 τῷν
571 3099 828 3155 τοιούτων
872 3102 1044 3166 ὁδους,
1091 3101 1178 3155 διά
1219 3103 1280 3156 τὸ
1326 3103 1565 3174 χαλεπὰς
1606 3099 1744 3158 εἶναι
1782 3104 1874 3157 καὶ

300 3193 676 3266 ἀποσκλήρους
706 3195 882 3259 πάσας
910 3195 1008 3262 τὰς
1040 3195 1179 3249 κατά
1213 3196 1410 3250 κακίαν
1435 3196 1678 3270 πράξεις.

363 3287 726 3357 Κατάρτισαι
776 3288 848 3343 τὰ
900 3288 1231 3359 ὃιαϐιξματά
1251 3309 1370 3359 μου
1397 3291 1465 3344 ἐν
1491 3291 1622 3357 ταῖς·
1657 3291 1873 3359 τρίϐοις

299 3395 433 3446 σου,
461 3381 666 3450 ἵναμὴ
704 3380 1045 3437 σαλευθῶσι
1078 3382 1147 3436 τὰ
1171 3382 1504 3452 διίιϐιὲματά
1528 3402 1668 3454 μου.
1712 3385 1874 3437 Ὑπο-

306 3469 553 3540 τραμμόν
593 3471 722 3541 ἡμῖν
751 3472 842 3524 καὶ
887 3472 974 3524 διὶι
1015 3471 1218 3527 τούτων
1279 3475 1552 3545 παρέσχεν
1601 3477 1628 3528 ὁ
1659 3476 1868 3548 Σωτὴρ,

297 3561 567 3615 παιδεύων
629 3563 836 3633 μήποτε
875 3562 1272 3635 ὲπιτρίϐεσθαι,
1303 3566 1436 3636 μηδὲ
1471 3566 1612 3636 μέγα
1640 3569 1724 3637 ἐφ’
1748 3571 1874 3621 ἐαυ-

295 3653 408 3715 coit;
434 3655 669 3724 φρονεῖν.
711 3648 784 3707 Εὖ
814 3653 868 3706 δὲ
909 3655 1004 3710 καὶ
1035 3654 1277 3727 ἀκριϐῶς
1303 3657 1612 3722 πεπεῖσθαι,
1650 3659 1726 3723 ὼς
1746 3661 1873 3714 πάν-
1912 3729 1914 3732 ν

295 3760 414 3799 τοτε
438 3749 536 3818 τῆς
564 3745 715 3818 παρά
740 3745 829 3800 τοῦ
854 3746 989 3801 Θεοῦ
1017 3747 1244 3820 δεόμεθα
1272 3747 1538 3820 βοηθείας,
1559 3749 1645 3804 ἵνα
1671 3750 1747 3822 μὴ
1778 3769 1872 3804 σα-

295 3837 455 3911 Ευϐῇ
512 3840 666 3910 ἡμῶν
709 3840 780 3895 τὰ
814 3840 1144 3914 διαδήματα,
1177 3841 1270 3894 καὶ
1333 3843 1412 3904 εἰς
1467 3841 1528 3894 τὸ
1561 3841 1869 3914 ἐφαρμόσαι

294 3934 411 3996 ταῖς
438 3931 632 3987 ἑαυτοῦ
658 3933 861 4006 τρίόοις
892 3935 1018 3997 τοὺς
1039 3932 1336 4005 ἡμετέρους
1366 3934 1552 3997 πόδας.

365 4027 813 4096 Θαυμάστωσον
840 4026 914 4080 τὰ
944 4027 1085 4096 ut."
1114 4043 1230 4081 σου
1266 4029 1296 4080 ό
1318 4025 1516 4088 σώζων
1536 4025 1676 4093 τοὺς
1697 4026 1868 4082 ἐλπι-

293 4117 500 4186 (ortae;
547 4120 644 4173 ἐπὶ
679 4113 774 4170 σέ.
799 4119 994 4185 Σὼζων
1022 4120 1078 4174 δὲ
1112 4121 1325 4193 εἴρηται
1370 4120 1496 4186 τοὺς
1556 4119 1870 4186 ἐλπίζοντας

273 4212 373 4276 ,εἰς
406 4211 586 4276 αὑτὸν,
612 4210 672 4264 οὑ
712 4211 837 4276 τοὺς
882 4213 946 4266 ὲκ
976 4211 1288 4284 σπέρματος
1335 4211 1568 4284 Ἰσραὴλ,
1599 4213 1718 4267 οὐδὲ
1746 4215 1870 4279 τοὺς
1935 4279 1940 4284 ξ

293 4305 436 4359 κατά
467 4303 554 4358 τὸν
581 4302 742 4373 νόμον
773 4304 1046 4368 Μωῦσέως
1101 4303 1368 4376 βιοῦντας·
1402 4306 1514 4360 ἀλλ’
1537 4305 1722 4377 ὥσπερ
1746 4323 1870 4361 και-

292 4396 389 4468 νὴν
417 4396 534 4450 ὁδὸν
561 4396 886 4470 εὑράμενος,
918 4395 1107 4461 σώζων
1132 4398 1374 4468 ἀνεφάνη
1421 4400 1547 4463 τοὺς
1580 4402 1660 4464 εἰς
1707 4400 1868 4454 αὑτὸν

291 4489 612 4560 ⁴Ιιλττιιιιότας.
635 4489 812 4544 Μένει
841 4489 970 4560 γὰρ,
1002 4492 1164 4562 φησιν
1201 4491 1229 4542 ὁ
1268 4491 1604 4557 ’Λπόστολος,
1642 4498 1864 4559 πίστις,

289 4582 487 4651 ἐλπὶς,
520 4581 738 4654 ἀγόν-ιη’
773 4584 843 4638 τὰ
877 4585 1002 4658 τρία
1033 4585 1202 4639 ταῦτα
1229 4589 1661 4660 συμπέπλεκται,
1681 4587 1869 4659 ὥσπερ

1979 2089 2061 2136 est
2105 2098 2202 2152 per
2246 2079 2706 2138 resurrectionem
2754 2096 2920 2151 quam
2965 2079 3224 2136 obtinuit.
3277 2077 3546 2146 Quoniam

1979 2189 2078 2228 ceu
2104 2189 2296 2228 aurum
2325 2175 2432 2245 igni
2459 2174 2716 2229 traditum
2740 2218 2754 2240 ,
2783 2173 3100 2244 splendidus
3124 2188 3401 2245 purusque
3425 2189 3547 2243 pcr-

1978 2269 2199 2322 mansit.
2229 2265 2390 2324 Solus
2417 2269 2560 2340 enim
2590 2284 2654 2322 ex
2686 2269 2753 2324 iis
2780 2271 2870 2338 qui
2899 2283 2928 2322 a
2953 2269 3153 2323 sarculo
3180 2267 3395 2323 fuerunt
3428 2283 3548 2337 pec-

1976 2371 2153 2413 catum
2187 2378 2290 2414 non
2340 2360 2500 2431 fecit,
2551 2378 2711 2432 neque
2731 2404 2745 2429 ,
2778 2361 3076 2418 secundum
3108 2361 3336 2428 Isaiam,
3369 2361 3548 2416 inven-

1938 2494 1940 2497 .
1978 2461 2060 2506 tus
2085 2462 2165 2506 est
2186 2453 2340 2508 dolus
2372 2455 2424 2507 in
2459 2470 2546 2508 ore
2577 2455 2690 2524 ejus
2707 2454 2773 2509 ⁸⁸.

2047 2542 2213 2599 Vens.
2255 2546 2307 2600 4.
2357 2545 2424 2600 Ut
2457 2564 2561 2601 non
2601 2547 2849 2617 loquatur
2885 2565 2941 2603 os
2974 2563 3144 2602 meum
3181 2565 3338 2617 opera
3374 2547 3544 2604 homi-

1977 2651 2136 2699 num,
2171 2647 2384 2704 propter
2417 2636 2574 2689 verba
2606 2636 2871 2689 labiorum
2906 2646 3116 2691 tuorum
3154 2654 3247 2709 ego
3288 2630 3547 2694 custodiri

1975 2731 2086 2783 vias
2138 2729 2323 2783 duras.
2379 2727 2741 2800 Symmachus
2787 2745 2912 2783 cum
2963 2731 3074 2785 ait:
3123 2730 3236 2802 Ego
3279 2732 3546 2788 observavi

1975 2825 2088 2876 rias
2145 2823 2618 2890 prteraricatoris,
2685 2821 2846 2874 aliam
2905 2822 3123 2890 praefert
3182 2827 3544 2890 sententiam,

1975 2917 2132 2986 quasi
2169 2916 2379 2972 scilicet
2416 2917 2462 2971 is
2495 2915 2588 2986 qui
2636 2915 2940 2971 orationem
2988 2916 3222 2980 emittit,
3274 2917 3343 2970 ab
3393 2919 3543 2972 omni

1974 3006 2196 3062 homine
2230 3009 2651 3078 praevaricatore
2688 3004 2964 3072 declinet;
3003 3014 3166 3076 atque
3214 3020 3405 3065 omnes
3459 3017 3542 3061 ta-

1978 3098 2110 3152 lium
2161 3099 2405 3154 virorum
2458 3098 2718 3162 semitas,
2772 3113 3048 3168 pravaque
3100 3114 3298 3170 opera,
3352 3106 3542 3168 utpote

1977 3194 2113 3265 duya
2152 3203 2205 3247 et
2246 3209 2438 3264 aspera
2480 3201 2799 3259 aversetur.

2048 3286 2211 3340 ΥΕιιε.
2246 3287 2297 3341 5.
2341 3285 2545 3356 Perﬁce
2583 3298 2790 3355 gressus
2824 3301 2962 3338 meos
2992 3285 3045 3338 in
3085 3286 3286 3340 semitis
3330 3286 3454 3349 tuis,
3481 3295 3539 3340 ut

1977 3397 2077 3434 non
2110 3394 2416 3433 moveantur
2450 3379 2668 3448 vestigia
2701 3397 2834 3434 mea.
2873 3379 3159 3450 Exemplar
3190 3383 3348 3438 nobis
3391 3383 3543 3441 hisce

1976 3471 2156 3527 verbis
2200 3471 2451 3526 admovet
2488 3469 2772 3535 Salvator;
2815 3470 3198 3540 admonetque,
3227 3487 3350 3526 cum
3387 3483 3444 3528 ut
3474 3489 3546 3531 ne

1975 3568 2156 3622 animo
2192 3568 2525 3638 frangamur,
2569 3575 2685 3620 tum
2732 3554 2799 3621 ne
2827 3581 3082 3636 magnum
3114 3566 3181 3620 de
3212 3566 3368 3621 nobis
3404 3568 3540 3638 ipsis

1974 3659 2278 3729 sapiamus,
2309 3658 2577 3729 planeque
2619 3667 2956 3729 compertum
2991 3673 3054 3714 ac
3082 3674 3404 3729 persuasum
3441 3660 3545 3714 ha-

1973 3750 2220 3815 beamus,
2269 3766 2372 3806 nos
2400 3750 2588 3806 divino
2633 3766 2848 3822 semper
2878 3764 3038 3821 egere
3070 3752 3294 3816 auxilio,
3336 3759 3397 3806 ut
3429 3767 3541 3809 non

1971 3851 2296 3898 moveantur
2328 3844 2556 3915 vestigia
2585 3851 2798 3907 nostra,
2837 3851 3009 3914 utque
3039 3844 3205 3915 pedes
3234 3853 3454 3902 nostros
3481 3846 3540 3901 in

1930 3981 1935 3990 .
1971 3935 2180 3990 semitis
2211 3933 2331 4004 ejus
2363 3943 2511 3990 recte
2539 3950 2961 4004 componamus.
3028 3982 3035 3987 .

2039 4026 2206 4084 Vsus.
2240 4028 2290 4083 7.
2334 4026 2570 4098 Miriﬁea
2615 4029 3005 4084 misericordias
3055 4038 3194 4094 tuas,
3241 4031 3330 4102 qui
3367 4031 3539 4086 salvos

1971 4119 2106 4190 facis
2149 4129 2416 4189 sperantes
2454 4121 2509 4173 in
2539 4127 2606 4174 te.
2637 4117 2740 4185 Qui
2775 4119 2954 4174 salvos
2981 4117 3134 4184 facit,
3174 4120 3370 4190 inquit,
3415 4136 3540 4192 spe-

1971 4219 2157 4268 rantes
2184 4213 2238 4267 in
2282 4227 2363 4277 se,
2396 4227 2508 4267 non
2536 4227 2631 4267 eos
2661 4212 2754 4283 qui
2785 4226 2849 4266 ex
2889 4211 3098 4266 semine
3129 4209 3344 4266 lsraelis
3386 4221 3536 4276 sunt,

1969 4323 2148 4379 neque
2177 4322 2273 4363 eos
2298 4307 2389 4378 qui
2415 4305 2712 4363 secundum
2739 4304 2940 4376 Moysis
2965 4304 3135 4372 legem
3157 4304 3320 4359 vitam
3347 4313 3537 4374 agunt,

1971 4401 2087 4463 sed,
2125 4396 2281 4471 quasi
2325 4415 2465 4454 nova
2509 4405 2722 4469 reperta
2767 4397 2874 4461 via,
2927 4396 3156 4450 salutem
3189 4386 3539 4464 sperantibus

1972 4495 2024 4550 in
2052 4509 2111 4548 se
2139 4492 2391 4547 conferre
2415 4497 2724 4560 compertus
2763 4495 2865 4541 est.
2907 4484 3126 4540 Manent
3163 4487 3330 4553 enim,
3362 4487 3543 4556 inquit

1969 4588 2281 4658 Apostolus,
2307 4586 2458 4655 ﬁdes,
2493 4599 2629 4651 spes,
2663 4581 2894 4636 charitas
2927 4580 2970 4614 δ’
3003 4601 3014 4634 :
3042 4582 3144 4636 tria
3169 4581 3396 4637 litrcceu
3421 4585 3544 4639 viu-

291 4675 382 4744 Ocp‘
423 4675 503 4729 ἑνὶ
522 4675 702 4748 δεσμῷ
733 4676 1154 4747 κατεσφιγμὲνα.
1187 4677 1278 4730 Διὸ
1314 4679 1412 4749 τὴν
1445 4679 1624 4732 πίστιν
1678 4681 1743 4749 τῇ
1778 4679 1865 4731 ελ·-

1971 4682 2094 4737 culo
2131 4681 2319 4735 eodem
2358 4677 2583 4732 astricta
2627 4681 3048 4737 connectuntur.
3091 4675 3437 4747 Quapropter
3479 4679 3541 4732 ﬁ-

292 4768 407 4822 πίδι
434 4767 694 4824 συνάπτει
716 4768 904 4839 λέγων·
943 4769 1113 4822 Ἔστι
1144 4765 1212 4820 δὲ
1237 4769 1439 4835 πίστις
1471 4766 1866 4837 ἐλπιζομένων

289 4861 629 4927 ὑπόστασις
653 4859 1025 4933 πραγμάτων,
1065 4859 1311 4930 ἐλεγχος
1359 4862 1430 4913 οὺ
1451 4857 1861 4929 ,βλεπομένων

287 4953 463 5008 ταῦτα
496 4955 541 5008 δ’
573 4955 634 5023 ἐξ
654 4955 874 5026 ἀγάπης
901 4955 1000 5027 τῆς
1033 4953 1168 5025 πρὸς
1220 4954 1310 5006 τὸν
1347 4951 1477 5005 Θεὸν
1522 4953 1732 5021 ςύεται·
1772 4955 1865 5008 καὶ

287 5043 354 5097 δι’
375 5046 555 5099 αὐτῶν
586 5046 748 5100 πάλιν
776 5048 808 5118 ὴ
836 5049 915 5110 εἰς
944 5045 1074 5100 Θεὸν
1105 5043 1292 5114 ἀγάπη
1340 5059 1682 5110 κρατυνεται.

370 5223 473 5279 Ἐκ
502 5225 621 5280 τῶν
655 5227 1110 5295 ἀνθεστηκότων
1134 5223 1208 5294 τῇ
1230 5221 1398 5290 δεξιᾷ
1429 5238 1545 5277 σου
1582 5225 1848 5292 φύλαξνίι

283 5335 378 5390 με,
411 5318 609 5386 Κύριε,
638 5320 718 5384 ὡς
739 5322 926 5390 κόρην
969 5316 1296 5389 ὀφθαλμοῦ.
1340 5319 1441 5370 Ἐν
1496 5313 1692 5384 σκέπῃ
1745 5317 1858 5370 των

289 5412 596 5482 ,πτερύγων
650 5429 766 5467 σου
840 5412 1172 5479 σκεπάσεις
1225 5429 1309 5483 με·
1359 5408 1478 5464 ἀπὸ
1536 5409 1858 5477 προσώπου

288 5507 523 5563 ἀσεϐῶν
555 5503 674 5558 τῶν
715 5505 1300 5574 ταλαιπωρησάντων
1325 5521 1420 5574 με.
1482 5502 1591 5555 Καὶ
1621 5506 1728 5568 πᾶς
1766 5505 1862 5575 μὲν

288 5598 954 5672 δίκαιοςπροσευχόμενος
1007 5597 1202 5650 δείσθω
1252 5598 1344 5652 τοῦ
1404 5594 1561 5659 Θεοῦ,
1601 5597 1698 5669 τῆς
1736 5597 1860 5670 παρ’

289 5691 450 5746 αὐτοῦ
475 5689 863 5760 καταξιοῦσθαι
913 5691 1178 5763 φυλακῆς
1217 5689 1494 5762 ὁμολογῶν
1551 5689 1624 5761 μὴ
1682 5691 1863 5754 ἱκανὸς

291 5781 425 5841 εἶναι
459 5785 629 5855 φύλαξ
656 5785 816 5849 αὐτὸς
838 5783 1029 5838 ἑαυτοῦ
1051 5784 1295 5853 γίνεσθαι
1315 5784 1404 5839 διὰ
1432 5783 1493 5836 τὸ
1525 5781 1725 5854 πλῆθος
1756 5783 1862 5835 τῶν

1970 4771 2090 4836 dem
2110 4770 2223 4840 spei
2253 4769 2503 4838 copulat,
2531 4767 2659 4822 dum
2689 4767 2764 4821 ait
2795 4784 2808 4821 :
2835 4765 2930 4821 Est
2961 4778 3134 4822 autent
3163 4770 3291 4837 ﬁdes
3322 4789 3541 4838 spera"-

1971 4865 2161 4918 dorum
2195 4860 2488 4916 substantia
2514 4878 2709 4926 rerum,
2744 4873 3104 4933 argumentum
3135 4879 3236 4916 non
3275 4879 3538 4931 apparenc

1971 4958 2099 5009 tium
2134 4955 2201 5008 5°.
2235 4952 2359 5007 llaec
2400 4967 2564 5023 porro
2604 4969 2671 5009 ex
2719 4968 2828 5008 una
2875 4967 3003 5024 erga
3048 4951 3216 5008 Deum
3269 4953 3537 5009 cliaritate

1972 5041 2259 5125 oriuntur;
2299 5047 2476 5116 iisque
2507 5046 2749 5102 vicissim
2785 5047 3026 5102 Charitas
3065 5059 3194 5114 erga
3229 5041 3397 5098 Deum
3445 5060 3537 5098 ro-

1970 5141 2212 5196 boratur.
2570 5196 2575 5201 η

2039 5230 2204 5286 Vens.
2245 5231 2299 5295 8,
2337 5231 2390 5288 9.
2431 5233 2471 5287 Α
2509 5231 2867 5287 resistentibus
2913 5230 3140 5283 dextera:
3177 5237 3282 5282 tute
3326 5230 3533 5284 custodi

1967 5339 2067 5385 me,
2094 5321 2336 5387 Domine,
2373 5332 2431 5376 ut
2467 5307 2724 5392 pupillam
2755 5322 2914 5375 oculi.
2951 5318 3056 5374 Sub
3092 5317 3276 5372 umbra
3322 5317 3533 5372 alarum
3606 5316 3608 5318 ’

1965 5423 2172 5467 tuarum
2216 5423 2450 5484 proteges
2500 5429 2599 5476 me,
2646 5429 2678 5466 a
2715 5412 2852 5492 [acie
2888 5411 3166 5480 impiorum
3202 5408 3291 5479 qui
3325 5425 3405 5464 me
3449 5410 3535 5478 af-

1962 5503 2456 5576 ﬂixerunt..Justus
2487 5504 2739 5573 quilibet,
2775 5519 2898 5558 cum
2935 5505 3204 5572 precatur,
3237 5513 3267 5551 a
3297 5496 3408 5554 Deo
3437 5502 3533 5556 ob-

1965 5599 2091 5654 nixe
2121 5599 2362 5668 postulet
2396 5598 2474 5654 uti
2505 5615 2564 5653 se
2608 5597 2857 5652 custodia
2897 5610 2994 5648 sua
3028 5592 3322 5662 dignetur;
3356 5591 3530 5649 fatea-

1965 5703 2162 5762 turque
2195 5707 2276 5754 se,
2309 5708 2420 5763 pra:
2449 5691 2888 5748 adversariorum
2916 5685 3286 5750 multitudine,
3326 5685 3391 5740 ad
3430 5703 3526 5740 cu-

1965 5781 2198 5836 stodiam
2249 5780 2334 5834 sui
2370 5780 2591 5837 minime
2623 5776 2876 5834 idoneum
2903 5789 3067 5832 esse:
3103 5781 3258 5846 roget
3291 5776 3420 5832 item
3455 5773 3527 5830 uti

360 5965 403 6010 ⁸⁸
437 5963 544 6029 lia.
568 5983 686 6037 ιιιι,
715 5965 814 6038 i9;
857 5965 874 6020 Ι
907 5955 1052 6023 Petr.
1095 5924 1155 6035 ιι,
1180 5966 1268 6022 22.
1343 5967 1388 6018 ‘.’
1423 5965 1442 6021 l
1475 5964 1600 6023 Cor.
1623 5979 1742 6030 xm,
1780 5965 1862 6020 l3.
1894 5941 1896 5943 ά

1967 5965 1982 5996 ⁵
2017 5961 2180 6017 llelir.
2211 5976 2286 6028 ιι,
2329 5961 2373 6018 Ι.
