4302 6454
725 549 833 608 163

1410 536 1675 595 EUSEBll
1715 526 2193 590 CJESARIENSIS
2231 522 2382 581 OPP.
2426 516 2603 573 PARS
2641 516 2745 570 Ill.
2787 542 2855 553 -ο
2896 511 3299 569 EXEGETICA.

3876 505 3981 583 tot

727 662 871 719 Deus
902 644 959 717 se
991 659 1260 714 custodiat
1287 656 1446 727 quasi
1476 655 1736 725 pupillam
1769 650 1950 715 oculi;
1983 662 2109 701 cum
2144 643 2295 699 scili-
2323 647 2367 702 Α
2398 639 2426 691 ἁ

2288 672 2295 682 -
2323 647 2367 702 Α
2398 634 2802 702 ἀνθεστηκότων
2838 632 3003 702 αύτῷ-
3046 627 3381 700 φυλαχθῆναί
3430 643 3489 679 τε
3543 624 3751 687 ἑαυτὸν,
3783 622 3987 693 ὥσπερ

727 764 813 809 cet
849 752 1028 807 videat
1071 751 1325 805 inimicos
1358 748 1593 803 dexterae
1622 745 1718 797 Dei
1748 742 2099 801 obsistentes,
2131 735 2288 791 item-

725 863 831 917 que
860 842 1199 901 adversarios
1230 842 1426 897 anima:
1465 854 1578 894 suae
1610 836 1770 891 oculo
1815 832 2046 888 insidias
2080 839 2287 885 strUen-

723 945 830 1001 tes,
872 937 1085 1005 sibique
1135 932 1435 987 caecitatem
1489 928 1691 983 inferre
1740 926 2044 994 cupientes.
2086 918 2287 973 Verum

726 1028 852 1097 quia
902 1026 1197 1095 impiorum
1246 1022 1386 1077 bene
1438 1020 1592 1074 mulli
1644 1009 2008 1071 calamitatem
2053 1012 2154 1079 ipsi
2201 1010 2286 1061 in-

725 1120 868 1176 ferre
896 1131 961 1172 ac
1000 1118 1053 1170 in
1087 1128 1356 1169 aerumnas
1380 1113 1555 1180 ipsum
1579 1108 1851 1175 conjicere
1883 1104 2122 1165 student,
2164 1102 2292 1154 tela-

728 1223 833 1284 qlie
879 1214 933 1267 in
976 1213 1154 1281 ipsum
1201 1209 1491 1271 emittunt;
1547 1206 1649 1260 sub
1703 1205 1817 1256 alas
1863 1200 1955 1254 Dei
1990 1197 2286 1265 confugiat,

725 1305 1071 1376 postuletque
1100 1301 1219 1371 ejus
1263 1316 1321 1355 se
1349 1298 1690 1368 prOtectione
1726 1294 1947 1347 muniri.
1982 1290 2087 1345 Sed
2126 1289 2289 1342 etiam

728 1397 845 1466 ipse
874 1392 1122 1446 Salvator
1154 1390 1253 1461 pro
1294 1386 1538 1442 Ecclesia
1581 1394 1700 1449 sua,
1736 1396 1856 1453 quae
1904 1395 2062 1436 suum
2091 1393 2290 1445 corpus

726 1484 832 1550 est,
862 1484 1077 1540 easdem
1112 1483 1178 1536 ad
1207 1482 1424 1535 Patrem
1472 1492 1631 1535 suum
1663 1474 1947 1531 emittebat
1975 1484 2157 1523 voces.
2190 1468 2289 1521 Per

728 1578 844 1633 alas
873 1586 1057 1643 autem
1082 1575 1307 1630 virtutes
1331 1569 1684 1642 providentiae
1712 1566 1859 1619 illius
1892 1562 2184 1630 intelligas.
2252 1625 2257 1628 μ

802 1850 966 1905 ths.
1036 1847 1228 1903 40-12.
1298 1843 1509 1897 Inimici
1562 1842 1663 1895 mei
1719 1840 1953 1892 animum
1992 1852 2160 1891 meum
2200 1837 2299 1889 cir-

732 1943 1127 2004 cumdederunt,
1174 1939 1380 2004 adipem
1407 1943 1562 1989 suum
1592 1932 1979 1991 concluserunt,
2021 1944 2077 1981 os
2122 1940 2301 1982 eorum
2349 1958 2357 1964 -

2391 727 2512 779 τινὰ
2536 725 2704 795 κόρην
2732 720 3010 791 ὀφθαλμοῦ
3068 717 3473 791 παρακαλείτω·
3516 714 3649 785 ἧρῶν
3682 715 3809 777 τοὺς
3848 710 3987 764 ἀνθ-

2398 814 2699 886 εστηκότας
2730 817 2795 883 τῇ
2830 812 2979 882 δεξιᾷ
3004 811 3098 864 τοῦ
3145 806 3279 861 Θεοῦ
3311 805 3535 877 ἐχθρούς
3552 820 3722 867 τινας,
3752 804 3853 857 καὶ
3887 818 3991 854 πο-

2392 908 2607 978 λεμίους
2640 904 2719 975 τῷ
2744 905 2843 974 τῆς
2870 902 3049 973 ψυχῆς
3072 901 3234 955 αὑτοῦ
3282 896 3541 967 ὀφθαλμῷ
3595 893 3989 948 ἐπιϐουλεύον-

2393 1013 2510 1059 τας,
2543 995 2637 1047 καὶ
2664 992 2941 1062 τυφλῶσαι
2994 988 3155 1043 αὐτὸν
3208 989 3475 1051 θέλοντας.
3520 986 3679 1038 Ἀλλὰ
3709 985 3806 1038 καὶ
3844 980 3988 1035 πολ-

2395 1087 2501 1139 λῶν
2524 1086 2690 1138 ὄντων
2711 1083 2922 1137 ἀσεϐῶν
2963 1074 3072 1135 τῶν
3102 1074 3636 1152 ,ταλαιπωριζόντων
3668 1077 3833 1129 αὐτὸν
3878 1072 3986 1144 (1),

2394 1177 2639 1231 τουτέστι
2668 1176 3009 1245 ταλαίπωρον
3058 1173 3219 1243 αὑτὸν
3273 1168 3700 1240 ἀποφαινόντων,
3756 1168 3897 1237 βέλη
3926 1182 3990 1219 τε

2397 1273 2516 1325 κατ’
2548 1266 2709 1323 αὑτοῦ
2743 1268 3085 1338 πεμπόντων,
3113 1265 3216 1319 ὑπὸ
3254 1266 3351 1327 τὰς
3398 1254 3671 1334 πτέρυγας
3704 1258 3992 1321 καταφεύ-

2398 1381 2508 1432 γων
2545 1360 2637 1413 τοῦ
2671 1360 2827 1424 Θεοῦ,
2865 1362 3070 1429 σκέπης
3092 1359 3191 1428 τῆς
3219 1358 3309 1410 ὑπ’
3340 1354 3485 1425 αὐτῷ
3509 1357 3690 1424 τυχεῖν
3721 1352 3988 1418 ἀξιούτω.

2412 1454 2570 1506 Ἀλλὰ
2602 1454 2696 1506 καὶ
2726 1454 2754 1505 ό
2795 1452 2986 1521 Σωτὴρ
3042 1450 3181 1520 ὑπὲρ
3241 1450 3341 1519 τῆς
3392 1446 3555 1521 αὑτοῦ
3628 1444 3988 1515 Ἐκκλησίας,

2400 1546 2519 1614 ἥτις
2553 1544 2698 1595 ἐστὶν
2728 1540 2894 1594 αὑτοῦ
2925 1540 3103 1610 σῶμα,
3130 1541 3332 1603 ταύτας
3366 1537 3650 1606 ἀνέπεμπε
3684 1535 3821 1606 πρὸς
3890 1534 3989 1586 τὸν

2401 1634 2619 1706 Πατέρα
2647 1633 2743 1695 τὰς
2766 1626 2969 1701 φωνάς.
3023 1632 3305 1702 Πτέρυγας
3350 1629 3409 1683 δὲ
3470 1629 3682 1699 νοήσεις
3720 1626 3820 1691 τὰς
3880 1625 3991 1694 τῆς

2403 1727 2658 1802 προνοίας
2691 1722 2853 1777 αὑτοῦ
2899 1721 3173 1793 δυνάμεις.

2479 1845 2541 1927 0i
2566 1840 2768 1908 ἐχθροί
2789 1855 2910 1907 μου
2943 1830 3060 1905 τὴν
3113 1834 3329 1904 ψυχήν
3371 1852 3490 1904 μου
3539 1833 3884 1904 περιέσχον,
3914 1833 3990 1887 τὸ

2405 1924 2588 2001 στέαρ
2635 1929 2833 1985 αὐτῶν
2898 1927 3329 1992 συνέκλεισαν,
3392 1927 3457 1979 τὸ
3518 1924 3712 1995 στόμα
3778 1925 3992 1981 αὐτῶν

732 2034 961 2091 locutum
985 2041 1063 2087 est
1094 2029 1409 2097 superbiam.
1439 2024 1785 2092 Projicientes
1812 2034 1892 2073 me
1922 2035 2057 2071 nunc
2071 2012 2299 2071 'circum-
2332 2063 2374 2116 Β
2398 2029 2431 2079 έ,

2289 2048 2299 2057 -
2332 2063 2374 2116 Β
2398 2025 2705 2091 ἐλάλησεν
2730 2022 3165 2090 ὑπερηφανίαν.
3236 2017 3667 2083 Ἐκόάλλοντές
3725 2035 3801 2087 με
3838 2017 3988 2071 νυνὶ

731 2123 984 2179 dederunt
1010 2134 1125 2174 me:
1147 2118 1323 2171 oculos
1350 2131 1474 2169 suos
1502 2120 1798 2167 statuerunt
1826 2108 2090 2163 declinare
2115 2109 2169 2161 in
2197 2118 2301 2159 ter-

734 2222 871 2271 ram.
906 2214 1252 2272 Susceperunt
1287 2223 1375 2269 me,
1396 2206 1530 2260 sicut
1564 2204 1641 2257 leo
1675 2210 1894 2272 paratus
1942 2199 2009 2253 ad
2041 2198 2298 2265 prwdam,

734 2315 784 2361 et
816 2307 947 2359 sicut
980 2302 1187 2355 catulus
1216 2297 1378 2351 leonis
1402 2294 1648 2347 habitans
1677 2295 1733 2345 in
1765 2291 1979 2346 abditis.
2012 2288 2186 2358 Hujus
2215 2303 2305 2341 au-

702 2403 844 2456 tem
886 2399 1027 2457 loco,
1071 2391 1421 2461 Projicientes
1470 2403 1550 2439 me
1600 2382 2051 2438 circumdederunt
2100 2398 2198 2443 me,
2230 2381 2303 2433 ita

739 2488 1098 2564 Symmachus
1124 2486 1511 2551 interpretatur
1537 2498 1549 2531 ι
1575 2477 1797 2532 Beatum
1825 2475 2170 2544 pradicanles
2201 2485 2301 2535 me,

739 2562 922 2637 statim
959 2562 1411 2629 circumdederunt
1460 2584 1561 2632 me,
1598 2573 1651 2619 et
1680 2566 1891 2629 oculos,
1941 2564 2135 2633 inquit,
2174 2577 2303 2616 suos

743 2672 1042 2743 posuerunt
1091 2669 1286 2717 contra
1333 2674 1440 2723 me,
1490 2664 1551 2710 ut
1602 2657 1878 2722 declinare
1928 2671 2013 2708 me
2044 2654 2301 2708 facerent.

742 2765 877 2821 Nam
911 2760 965 2817 id
988 2757 1321 2828 satagebant,
1353 2762 1527 2809 utme
1561 2766 1591 2804 a
1611 2757 1757 2806 statu
1787 2750 1878 2803 illo
1925 2758 1979 2803 et
2004 2763 2033 2800 a
2061 2746 2306 2817 profectu

751 2853 1051 2915 secundum
1080 2848 1250 2903 Deum
1288 2844 1580 2899 avellercnt
1605 2852 1659 2896 et
1690 2845 2022 2902 amoverent,
2053 2838 2307 2892 adversa-

748 2952 887 3014 rium
928 2953 1173 3001 nostrum
1209 2938 1485 2995 diabolum
1524 2932 1785 2997 aemulati,
1817 2932 1908 3001 qui
1938 2940 2189 2999 tanquam
2229 2930 2306 2984 leo

749 3020 953 3101 rugiens
977 3030 1160 3105 circuit
1185 3030 1595 3097 quaerensquem
1623 3025 1825 3078 devoret
1852 3026 1917 3077 ⁵¹.
1940 3024 2004 3078 Et
2034 3040 2113 3077 me
2135 3026 2307 3092 ipsum

754 3128 1086 3187 susceperunt
1127 3120 1264 3171 sicut
1308 3117 1388 3171 leo
1419 3126 1641 3186 paratus
1692 3121 1760 3167 ad
1805 3114 2060 3183 prwdam,
2089 3124 2138 3167 et
2170 3116 2307 3168 sicut

748 3210 955 3264 catulus
986 3209 1149 3263 leonis
1184 3208 1428 3261 habitans
1472 3207 1527 3260 in
1556 3206 1769 3259 abditis.
1797 3204 1982 3274 Neque
2017 3208 2158 3260 enim
2191 3206 2307 3281 llaec

747 3300 1183 3363 machinamenta
1208 3300 1381 3370 palam
1407 3298 1692 3354 adverSum
1720 3308 1806 3353 me
1831 3296 2138 3353 conﬂabant
2170 3316 2183 3352 :
2211 3298 2304 3353 sed

744 3395 987 3449 Occultas
1018 3393 1240 3452 insidias
1268 3394 1549 3464 parabant.

816 3498 982 3557 Vens.
1026 3501 1112 3564 l3,
1172 3500 1256 3555 14.
1298 3498 1555 3569 Exsurge,
1582 3497 1827 3563 Domine,
1865 3500 2092 3568 praeveni
2126 3516 2213 3553 eos
2262 3506 2311 3552 et

748 3595 1028 3665 supplanta
1060 3610 1146 3648 eos
1172 3609 1189 3645 :
1236 3593 1375 3661 eripe
1407 3592 1641 3645 animam
1672 3607 1841 3646 meam
1874 3590 1940 3644 ab
1972 3591 2158 3661 impio,
2194 3591 2312 3659 fra-

748 3702 916 3739 meam
938 3693 1083 3736 tuam
1125 3682 1189 3736 ab
1218 3681 1444 3735 inimicis
1474 3696 1662 3734 manus
1699 3688 1823 3734 tute.
1851 3678 2093 3743 Domine,
2120 3695 2152 3731 a
2179 3693 2314 3744 pau-

750 3777 824 3830 cis
849 3777 910 3828 de
943 3784 1080 3827 terra
1108 3770 1280 3825 divide
1300 3787 1386 3823 eos
1415 3771 1468 3822 in
1502 3770 1609 3823 vita
1647 3783 1862 3833 eorum;
1896 3766 1959 3819 de
1990 3765 2313 3821 absconditis

752 3866 856 3918 tuis
882 3864 1191 3930 adimpletus
1218 3871 1294 3916 est
1317 3869 1491 3915 venter
1512 3868 1720 3914 ‘eorum.
1748 3858 1991 3912 Satnrati
2016 3868 2138 3912 sunt
2163 3858 2312 3925 ﬁliis,

749 3965 801 4011 et
835 3955 1147 4009 dimiserunt
1201 3954 1449 4022 reliquias
1504 3968 1626 4005 suas
1679 3950 1910 4018 parvulis
1962 3950 2091 4003 suis.
2155 3948 2211 4002 In
2252 3963 2315 4002 ea

753 4062 972 4118 quoque
1022 4060 1079 4098 re
1110 4043 1315 4113 aliquid
1347 4026 1561 4112 capiam
1607 4042 1880 4097 utilitatis.
1915 4041 2020 4096 Sed
2054 4040 2315 4095 frameam

753 4148 929 4201 tuam,
966 4138 1164 4204 inquit,
1219 4133 1420 4201 eripias
1463 4131 1531 4185 de
1562 4146 1725 4207 manu
1774 4132 2160 4207 inimicorum;
2191 4145 2318 4184 nam

753 4228 1103 4287 metuendum
1150 4227 1285 4280 alias
1318 4232 1484 4289 esset,
1538 4204 1615 4276 ne
1639 4222 1897 4277 frameam
1953 4223 2099 4275 illam
2146 4204 2315 4287 tuam,

754 4326 842 4379 cui
875 4338 975 4394 ego
1006 4320 1246 4375 conlisus
1284 4314 1627 4371 adversarios
1658 4328 1933 4385 oppugno,
1964 4329 1995 4368 e
2019 4328 2180 4367 manu
2211 4318 2319 4369 eri-

754 4414 905 4484 piant
937 4425 1075 4474 mea,
1126 4422 1320 4477 meque
1366 4405 1447 4460 sic
1476 4415 1816 4458 exarmatum
1850 4404 2037 4457 eadem
2066 4405 2185 4472 ipsa
2218 4403 2320 4457 l'ra-

756 4520 876 4561 mea
911 4503 1248 4558 adoriantur.
1294 4498 1480 4554 Fuerit
1512 4505 1692 4551 autem
1744 4497 1837 4551 illa
1880 4512 2049 4550 sermo
2075 4496 2173 4550 Dei
2213 4499 2321 4567 eﬁi-

754 4610 855 4648 caa:
884 4602 933 4647 et
976 4590 1349 4660 penetrabilior
1388 4590 1529 4642 omni
1554 4587 1733 4658 gladio
1755 4587 1972 4655 ancipiti
1992 4588 2059 4647 δ’,
2081 4589 2172 4657 qui
2199 4590 2319 4641 ani-

753 4699 874 4748 mae,
910 4683 1128 4737 lrameaa
1148 4682 1287 4745 loco,
1323 4679 1388 4732 ad
1424 4677 1821 4747 propulsandos
1864 4678 2116 4732 inimicos
2150 4678 2319 4731 tradi-

2403 2116 2893 2188 περιεκύκλωσάν
2914 2133 3010 2185 με’
3028 2114 3171 2179 τοὺς
3192 2112 3533 2183 ὀφθαλμοὺς
3554 2112 3748 2167 αὐτῶν
3774 2115 3989 2168 ἔθεντο

2402 2211 2669 2265 ἐκκλῖναι
2701 2210 2770 2261 ἐν
2798 2207 2873 2276 τῇ
2904 2207 3000 2276 τῇ.
3040 2205 3375 2259 ’Υπέλαθόν
3397 2221 3471 2273 με
3505 2205 3645 2257 ὡσεὶ
3664 2204 3818 2259 λέων
3839 2205 3989 2259 ἕτοι-

2398 2321 2511 2373 μος
2540 2304 2626 2367 είς
2660 2296 2870 2368 θήραν,
2907 2299 3005 2351 καὶ
3029 2298 3174 2350 ὡσεὶ
3225 2298 3497 2366 σκύμνος
3525 2294 3703 2348 οἰκῶν
3729 2297 3799 2349 ἐν
3834 2297 3988 2351 ἁπο-

2404 2395 2670 2462 κρύεροις.
2708 2386 2852 2443 Ἀντί
2871 2390 2927 2442 δὲ
2984 2388 3097 2455 τοῦ,
3144 2386 3573 2452 Ἐκόάνὶλοντὲς
3599 2404 3677 2455 με
3704 2389 3987 2455 περιεκύ-

2405 2483 2650 2539 κλωσάν
2671 2499 2769 2552 με,
2803 2483 2831 2533 ὁ
2862 2482 3152 2553 Σύμμαχος
3188 2481 3361 2543 οὕτως
3405 2481 3737 2550 ἡρμήνευσε·
3779 2483 3989 2533 Μαλια-

2400 2574 2663 2645 ρίζοντές
2716 2590 2794 2643 με
2849 2572 3208 2643 παραχρῆμα
3267 2573 3699 2639 περιεκύκλουν
3746 2588 3841 2640 με,
3888 2571 3991 2623 καὶ

2404 2671 2531 2731 τοὺς
2552 2666 2863 2737 ὀφθαλμοὺς
2890 2665 2945 2717 δὲ
2979 2664 3181 2727 αὐτῶν,
3240 2663 3426 2735 φησὶν,
3486 2663 3667 2716 ἔθεντο
3692 2664 3809 2716 κατ’
3847 2662 3987 2733 ἐμοῦ

2406 2760 2499 2813 τοῦ
2530 2756 2857 2830 παρακλῖναί
2884 2774 2971 2828 με.
2996 2757 3411 2829 Παρασαλεῦσαι
3442 2754 3563 2827 γάρ’
3581 2772 3647 2825 με
3678 2755 3771 2809 καὶ¹
3794 2755 3991 2808 ἀποκι-

2407 2849 2566 2921 νῆσαι
2591 2851 2690 2919 τῆς
2754 2851 2994 2912 στάσεως
3047 2849 3142 2902 καὶ
3189 2849 3288 2918 τῆς
3336 2847 3477 2901 κατὰ
3519 2848 3651 2901 Θεὸν
3704 2848 3991 2919 προκοπῆς

2408 2942 2754 3007 ἐσπούδαζον·
2790 2941 3113 3012 μιμούμενοι
3162 2939 3253 2992 τὸν
3286 2940 3551 2993 ἀντίδικον
3599 2940 3753 3010 ἡμῶν
3807 2938 3991 2993 διάϐο-

2408 3032 2519 3096 λον,
2557 3033 2625 3098 ὃς
2662 3032 2742 3098 ὡς
2768 3034 2925 3086 λέων
2949 3030 3294 3100 ὠρυόμενὸς
3316 3031 3623 3098 περιπατεῖ
3639 3030 3825 3099 ζητῶν
3851 3031 3991 3083 τίνα

2410 3114 2693 3188 καταπίῃ.
2737 3118 3057 3174 ’Υπέλαϐόν
3082 3135 3157 3186 με
3191 3122 3285 3175 καὶ
3332 3120 3494 3173 αὐτὸν
3551 3122 3630 3185 ὼς
3656 3120 3812 3173 λέων
3838 3120 3970 3173 Eros

2407 3228 2520 3279 μος
2542 3213 2629 3276 εις
2668 3209 2877 3278 θήραν,
2902 3210 3000 3263 καὶ
3029 3210 3110 3275 ὡς
3136 3212 3406 3279 σκύμνος
3446 3207 3623 3262 οὶκῶν
3640 3210 3709 3262 ἐν
3737 3209 3992 3277 ἀποκρύι

2413 3318 2570 3372 φοις.
2597 3300 2730 3355 Οὐδὲ
2751 3301 2860 3373 γὰρ
2897 3302 2962 3355 ὲκ
2984 3299 3077 3353 τοῦ
3106 3300 3414 3372 προφανοῦς
3439 3299 3716 3353 ἐποιοῦντο
3745 3300 3844 3372 τὴν
3867 3302 3989 3355 κατ’

2334 3397 2377 3453 C
2411 3390 2545 3463 ἐμοῦ
2580 3391 2869 3463 συσκευὴν,
2894 3391 3029 3475 ἀλλά
3054 3391 3325 3464 λαθραίως
3345 3391 3735 3465 ἐνεδρεύοντες.

2498 3503 2835 3582 Ἀνάστηθι,
2856 3504 3058 3573 Κύριε,
3084 3506 3437 3575 πρόφθασον
3463 3505 3683 3572 αὐτοὺς
3712 3505 3810 3560 καὶ
3840 3508 3990 3562 ὐπο-

2414 3597 2707 3652 σκέλισον
2727 3590 2966 3665 αὐέούς·
2984 3599 3171 3667 ῥῦσαι
3194 3598 3310 3667 τὴν
3335 3597 3539 3669 ψυχήν
3571 3617 3684 3668 μου
3709 3595 3830 3654 ὰπό
3851 3601 3992 3655 ἀσε-

2414 3685 2575 3752 ϐοῦς,
2602 3688 2907 3757 ῥομφαίαν
2949 3703 3064 3741 σου
3092 3687 3212 3743 ἀπὸ
3243 3688 3471 3758 ἐχθρῶν
3492 3689 3600 3756 τῆς
3635 3690 3831 3758 χειρός
3850 3698 3987 3744 σου.

2416 3777 2613 3844 Κύριε,
2654 3778 2774 3832 ἀπὸ
2814 3779 3034 3847 ὀλίγων
3069 3778 3189 3832 ἀπὸ
3234 3778 3347 3849 τῆς
3382 3778 3730 3847 διαμέρισον
3769 3780 3991 3847 αὐτοὺς

2415 3868 2484 3921 ἐν
2529 3868 2606 3936 τῇ
2661 3868 2777 3938 ζ’ωῇ
2823 3869 3042 3934 αὐτῶν,
3098 3871 3196 3923 καὶ
3244 3870 3363 3923 τῶν
3414 3871 3835 3940 κεκρυμμένων
3875 3888 3992 3927 σου

2416 3957 2692 4026 ἐπλήσθη
2718 3961 2757 4028 ἡ
2782 3960 3013 4030 γαστὴρ
3045 3959 3263 4015 αὐτῶν.
3312 3961 3800 4031 Ἐχορτὰσθησαν
3824 3963 3989 4028 υἱῶν,

2417 4051 2515 4103 καί
2558 4050 2802 4119 ἀφῆκαν
2830 4052 2902 4106 τὰ
2935 4053 3269 4108 κατάλοιπα
3315 4053 3441 4120 τοῖς
3493 4056 3735 4123 νηπίοις
3772 4054 3989 4110 αὐτῶν.

2418 4141 2526 4194 Καὶ
2558 4142 2699 4195 κατά
2732 4141 2889 4197 τοῦτο
2913 4143 3271 4217 ὠφεληθείην·
3303 4145 3439 4199 ἀλλὰ
3474 4145 3568 4199 καὶ⁵
3597 4146 3695 4217 τὴν
3721 4148 4019 4219 ῥομφαίαι-

2422 4249 2535 4295 σου,
2563 4234 2714 4305 φησὶ,
2748 4220 2905 4304 ῥῦσαι
2935 4236 3041 4290 ἀπὸ
3069 4237 3167 4308 τῆς
3224 4239 3405 4309 χειρὸς
3452 4230 3568 4292 ’τῶν
3622 4239 3850 4311 ὲχθρῶνο
3876 4239 3991 4303 δέος

2419 4324 2528 4396 γάρ
2560 4326 2765 4395 μήποτε
2820 4327 2915 4397 τὴν
2949 4328 3047 4400 σὴν
3079 4324 3438 4404 ρομφαίαν,ᾖ
3475 4330 3749 4394 πεποιθὼς
3773 4330 3882 4401 ἐγὼ
3905 4331 3994 4384 κέ-

2420 4434 2629 4488 χρημαι
2668 4419 2786 4470 κατ’
2814 4416 3012 4482 αὐτῶν,
3040 4421 3140 4491 τῆς
3168 4423 3307 4493 ἐμῆς
3340 4416 3522 4493 χειρὸς
3573 4424 3917 4494 ἁρπάσαντες
3944 4424 3991 4477 οι

2420 4508 2686 4578 πολέμιοι,
2728 4510 2822 4562 καὶ
2882 4512 3205 4583 ἀφελόμενοί
3269 4531 3369 4584 μου
3428 4499 3655 4586 αὐτὴν,’
3684 4516 3991 4586 χρήσωνται

2421 4601 2556 4671 αὐτῇ
2594 4604 2711 4653 κατ’
2745 4602 2899 4672 ἐμοῦ.
2933 4605 3033 4674 Εἴη
3062 4605 3107 4656 δ’
3138 4592 3203 4659 ἂν
3228 4606 3257 4657 ὁ
3288 4604 3381 4659 τοῦ
3413 4605 3547 4659 Θεοῦ
3580 4605 3737 4676 λόγος
3787 4606 3816 4658 ὁ
3844 4608 3993 4677 ὲνερ-

2421 4692 2523 4762 γὴς
2557 4692 2649 4746 καὶ
2679 4693 2982 4765 τομώτερος
3013 4694 3151 4768 ὑπὲρ
3178 4699 3355 4750 πᾶσαν
3407 4698 3678 4767 μάχαιραν
3721 4696 3992 4766 δίστομον,

754 4778 844 4831 tus
887 4780 990 4829 est.
1029 4770 1186 4837 Quod
1230 4784 1371 4838 saepe
1399 4769 1684 4850 contingit,
1719 4768 1939 4837 quando
1984 4766 2187 4821 inimici
2219 4766 2313 4822 Dei
2345 4777 2389 4831 ι)
2417 4782 2445 4833 ὁ

2298 4769 2313 4821 ί
2345 4777 2389 4831 D
2417 4782 2445 4833 ὁ
2476 4784 2541 4852 τῇ
2567 4781 2709 4853 ψυχῇ
2737 4783 3018 4855 δεδομένος
3043 4766 3161 4840 ἀντὶ
3184 4766 3458 4859 ῥομφαίας
3478 4786 3614 4857 πρὸς
3646 4786 3856 4854 ἄμυναν
3887 4785 3991 4840 τῶν

753 4873 1059 4930 divinarum
1110 4868 1520 4938 Scripturarum
1572 4866 1739 4927 dicta,
1795 4866 2008 4921 detorta
2050 4874 2213 4937 atque
2257 4867 2311 4921 in

713 4948 719 4954 ’
756 4975 978 5032 pravam
1004 4958 1328 5015 sententiam
1355 4968 1639 5015 conversa,
1668 4955 2093 5025 simplicioribus
2117 4957 2315 5029 animis

756 5052 1054 5119 objiciunt,
1110 5065 1312 5119 eosque
1360 5048 1433 5102 ita
1481 5047 1775 5102 debellant.
1836 5048 1961 5105 llaec
2013 5066 2177 5105 causa
2233 5058 2316 5106 est

662 5138 687 5149 “
760 5139 904 5209 quod
944 5142 1060 5209 ipse
1094 5147 1365 5210 precetur,
1416 5146 1477 5193 ut
1529 5137 1735 5193 framea
1786 5128 1879 5194 Dei
1932 5143 2198 5211 eripiatur
2247 5142 2316 5197 ab

758 5232 991 5287 .uiinicis
1020 5228 1136 5292 Dei,
1157 5238 1210 5284 et
1240 5248 1271 5283 a
1295 5231 1475 5299 paucis
1498 5229 1562 5284 de
1590 5231 1946 5300 terra,.cujus
1980 5234 2100 5295 loco
2121 5234 2316 5303 Aquila

762 5323 946 5387 edidit,
973 5338 1006 5374 a
1033 5321 1254 5374 mortuis
1283 5336 1346 5374 ex
1376 5322 1734 5383 immersione,
1777 5318 2139 5392 Symmachus
2161 5338 2313 5389 vero,

762 5430 792 5467 ι
836 5413 1056 5467 mortuis
1103 5408 1167 5463 ab
1210 5410 1276 5463 iis
1328 5411 1418 5479 qui
1450 5410 1769 5483 occiderunt.
1819 5410 1955 5467 Nam
1986 5414 2205 5471 liberari
2256 5430 2317 5471 se

829 5614 1086 5671 ulPetr.
1126 5631 1180 5681 ν,
1224 5611 1277 5668 8.
1354 5614 1397 5644 "
1436 5612 1600 5668 Hebr.
1658 5630 1731 5679 ιν,
1792 5612 1878 5669 12.

2421 4870 2647 4942 ἐχθρῶν·
2685 4876 2821 4946 ὅπερ
2846 4876 3129 4946 συμϐαίνει
3186 4877 3463 4941 πολλάκις,
3500 4876 3717 4930 ἐπειδὰν
3738 4879 3785 4929 οἱ
3810 4877 3992 4950 ἐχθροὶ

2420 4960 2514 5012 τοῦ
2539 4960 2693 5027 Θεοῦ,
2731 4965 2829 5028 τὰς
2856 4967 2965 5020 ἀπὸ
2997 4968 3103 5020 τῶν
3126 4967 3283 5021 θείων
3324 4967 3555 5041 Γραφῶν
3605 4968 3778 5033 λέξεις
3811 4968 3905 5020 καὶ
3926 4967 3994 5025 τὰ

2423 5054 2821 5125 ἀναγνώσματα
2850 5058 3211 5123 ἀποϐαλόντες
3240 5060 3334 5113 καὶ
3361 5058 3780 5130 ἀνατρέψαντες,
3815 5056 3875 5124 ἐξ
3900 5062 3991 5114 σύ-

2421 5144 2529 5199 τῶν
2556 5151 2650 5199 κὼ.
2677 5146 2744 5199 δι’
2773 5149 2953 5202 αὐτῶν
2984 5149 3082 5212 τὰς
3134 5150 3425 5223 ἀκεραίους
3456 5150 3868 5205 καταπαλαίωσι
3894 5152 3993 5222 ψυ-

2420 5234 2539 5303 χάς.
2575 5235 2666 5289 Διὸ
2690 5233 2906 5308 εὔχεται
2933 5239 3040 5292 ἀπὸ
3064 5239 3172 5293 τῶν
3203 5240 3411 5313 ἐχθρῶν
3439 5240 3533 5294 τοῦ
3567 5239 3701 5294 Θεοῦ
3731 5240 3993 5311 ρυσθῆναι

2418 5326 2518 5395 τὴν
2549 5329 2818 5398 ῥομφαίαν
2852 5330 3038 5396 αὑτοῦ,
3092 5333 3185 5386 καὶ
3234 5334 3351 5387 ἀπὸ
3410 5334 3629 5403 ὀλίγων
3689 5334 3833 5387 ἀπὸ.
3859 5330 3989 5403 γῆς’

2423 5416 2535 5465 ἀνθ’
2559 5411 2619 5465 οὗ
2644 5421 2671 5470 ὁ
2708 5417 2804 5477 ut»;
2850 5422 3080 5482 Ἀκύλας
3126 5422 3403 5489 ἐξέδωκεν·
3455 5424 3573 5481 ἀπὸ
3624 5425 3994 5493 τεθνηκότων

943 5822 1065 5879 Haec
1094 5823 1289 5897 Latine
1309 5819 1541 5897 exprimi
1558 5831 1867 5897 nequeunt;
1896 5822 1951 5878 in
1975 5829 2122 5884 textu
2153 5826 2361 5897 Graeco,
2382 5845 2593 5888 necnon
2620 5831 2674 5889 in
2701 5833 2958 5891 omnibus
2985 5850 3117 5892 mss.
3137 5810 3461 5895 Dibliorum,
3494 5826 3691 5897 legitur
3719 5825 3989 5884 ταλαιπω-

829 5825 903 5952 (12
943 5825 1065 5879 Haec
1094 5825 1284 5877 Latine
1309 5825 1536 5892 exprimi
1560 5836 1729 5891 neque

759 5913 865 5969 ρησ
902 5912 1058 5963 ντων,
1086 5910 1192 5950 non
1210 5892 1729 5964 ταλαιπωριζόντων.
