4302 6396
273 491 376 555 165

1404 491 1907 557 COMMENTARIA
1948 498 2015 553 IN
2045 498 2390 558 PSALMOS.‘

3422 521 3523 576 Hirti

270 613 338 666 ἐκ
365 609 767 678 καταδύσεως·
798 600 837 667 ⁴ὁ
863 612 919 666 δὲ
944 608 1259 685 Σύμμαχοςέ
1283 615 1357 686 (l)
1418 619 1560 671 Ἀπὸ
1617 619 1848 687 νεκρῶν
1876 624 1922 680 Α
1954 634 1969 686 ι

1821 635 1848 668 ν
1876 624 1922 680 Α
1954 626 2211 686 precatur
2245 622 2409 675 etiam
2435 622 2503 677 ab
2542 623 2609 680 iis
2643 625 2759 695 qui.
2771 626 2883 697 jam
2916 627 3058 684 inter
3090 639 3337 692 mortuos
3367 650 3520 692 com-

270 703 386 758 ἀπὸ
420 702 847 758 ὲνδεδυκότων.
898 704 1183 776 Ῥυσθῆναι
1220 708 1329 779 γάρ
1359 708 1574 779 εὔχεται
1607 711 1702 763 καὶ
1738 711 1847 765 ἀπὸ

268 794 376 847 τῶν
401 795 459 849 ἐν
488 798 702 868 νεκροῖς
760 795 859 867 ἥδη
918 795 1313 868 λελογισμένων
1363 800 1451 853 διά
1501 802 1563 854 τὸ
1611 803 1845 873 πάμπαν

269 885 594 957 ἐστερῆσθαι
621 888 719 956 τῆς
741 887 881 940 κατὰ
909 886 1040 939 Θεὸν
1074 888 1238 958 ζωῆς.
1282 890 1427 945 Ἀντὶ
1477 892 1531 946 δὲ
1582 894 1698 958 τοῦ,
1724 895 1848 949 δια-

262 975 515 1047 μέρισον
540 978 787 1047 αὐτοὺς,
822 981 850 1031 ὁ
891 979 987 1049 μὲν
1021 979 1251 1045 Ἀκύλας
1278 985 1638 1055 ήρμήνευσεν,
1665 988 1846 1057 μέρος

266 1069 553 1123 αῠτῶνὲν
584 1068 714 1140 ζωῇ·
746 1074 773 1125 ὀ
794 1071 850 1124 δὲ
884 1072 1198 1144 Σύμμαχος,
1245 1076 1283 1142 ἡ
1329 1076 1498 1144 μερὶς
1547 1077 1746 1133 αὐτῶν
1777 1081 1846 1133 ἐν

264 1160 460 1221 ζῶσιν.
487 1162 735 1217 Διδάσκει
768 1164 823 1217 δὲ
852 1165 941 1219 διὰ
971 1165 1194 1231 τούτων,
1230 1167 1305 1231 ὡς
1342 1169 1449 1222 τῶν
1505 1170 1602 1241 μὲν
1632 1170 1845 1224 ἀσεϐῶν

264 1254 358 1306 καὶ
404 1236 519 1307 τῶν
545 1255 807 1319 πολλάκις
835 1256 1240 1327 ὠνομασμένων
1272 1259 1482 1330 ἐχθρῶν
1506 1236 1623 1315 -τοῦ
1649 1262 1784 1315 Θεοῦ
1809 1264 1841 1335 ἠ

268 1346 449 1417 μερὶς,
485 1348 581 1400 καὶ
603 1350 631 1401 ὀ
662 1348 883 1421 κλῆρος,
902 1350 996 1403 καὶ
1026 1350 1175 1403 πᾶσα
1199 1352 1231 1422 ή
1258 1352 1545 1423 περιουσία
1570 1355 1626 1407 ἐν
1650 1356 1713 1423 τῇ
1742 1371 1845 1406 πα-

268 1437 437 1509 ρούσῃ
484 1437 595 1511 ζωῇ
624 1442 881 1512 τυγχάνει
914 1441 1008 1493 καὶ
1029 1442 1087 1494 ὲν
1111 1441 1188 1512 τῷ
1221 1443 1417 1515 θνητῷσ
1436 1445 1554 1515 βίῳ·
1588 1447 1644 1497 ἐν
1748 1447 1842 1500 καὶ

261 1530 509 1603 ἐπλήσθη
532 1532 567 1603 ἡ
599 1535 813 1606 γαστὴρ
840 1534 1018 1588 αὐτῶν
1046 1533 1229 1607 πάσης
1283 1538 1510 1608 τροφῆς,
1535 1540 1629 1591 καὶ
1663 1541 1842 1611 πάσης

258 1623 634 1693 ἀπολαύσεως,
666 1628 761 1681 καὶ
808 1627 1038 1697 τρυφῆς.
1101 1628 1259 1680 Ἀλλὰ
1309 1630 1402 1682 καὶ
1436 1630 1551 1685 τῶν
1591 1649 1843 1703 κεκρυμ-

251 1715 453 1786 μένων
476 1734 593 1774 σου
622 1718 805 1791 φησίν·
840 1719 956 1774 ἀνθ’
989 1709 1049 1773 οὗ
1082 1722 1111 1774 ὁ
1159 1720 1453 1793 Σύμμαχος
1476 1723 1838 1796 ἡρμήνευσεν,

257 1806 502 1865 καὶτῶν
561 1811 884 1867 ἀποθέτων.
917 1813 1057 1866 Ὅσα
1089 1812 1197 1884 γάρ
1252 1815 1399 1867 ἐστιν
1454 1810 1512 1869 ἐν
1541 1816 1619 1888 τῷ
1664 1817 1841 1890 θνητῷ

259 1900 358 1974 βίῳ
390 1905 485 1957 καὶ
511 1907 580 1976 τῇ
608 1904 773 1977 θνητῇ
800 1904 912 1979 ζωῇ
943 1906 1122 1977 τίμια,
1172 1907 1283 1962 τῶν
1302 1905 1675 1982 νομιζομένων
1708 1912 1840 1966 ἁπο-

256 1990 424 2047 θέτων
457 1995 553 2048 καὶ
581 1994 935 2069 ἀποκρύφων,
955 1998 1271 2068 ἐσχήκασιν.

322 2086 486 2155 Αὐτοὶ
522 2086 652 2157 γοῦν
678 2088 772 2143 καὶ
824 2078 1024 2161 χρυσὸν
1063 2088 1159 2144 καὶ⁵
1206 2088 1447 2163 ἄργυρον
1506 2093 1601 2146 καὶ
1654 2094 1832 2149 πάντα

254 2181 357 2253 γῆς
391 2180 647 2254 μέταλλα’
679 2183 1152 2255 περιειργάσαντο,
1202 2184 1382 2249 λίθους
1426 2202 1487 2239 τε
1546 2187 1834 2252 παντοίους

253 2274 465 2347 τιμίους
515 2275 609 2330 καὶ
665 2275 972 2340 πολυτελεῖς
1036 2276 1426 2350 ἐξηρεύνησαν,
1483 2280 1577 2334 καὶ
1630 2281 1833 2336 τούτω)

250 2365 506 2437 ἁπάντων
535 2368 909 2441 ἐπλήσθησανο,
929 2369 1131 2423 τέκνων
1162 2370 1219 2423 δὲ
1243 2372 1337 2425 καὶ
1369 2370 1521 2437 υἱῶν,
1539 2374 1633 2450 καὶ
1667 2373 1833 2443 θυγα-

249 2458 423 2533 τέρων
452 2462 879 2535 ἐνεφορήθησαν.
902 2462 994 2516 Διὸ
1022 2462 1282 2533 ἐπιλέγειδ
1338 2457 1833 2537 Ἐχορτιίσθησαν

248 2550 414 2605 υιῶν.
444 2555 554 2609 Καὶ
579 2556 640 2608 οὐ
665 2555 823 2625 μόνον
850 2571 914 2623 γε
939 2556 1092 2609 αὐτοὶ
1142 2554 1345 2611 τούτων
1402 2559 1828 2633 ἐχορτάσθησαν,

251 2642 363 2696 ἀλλ’
389 2644 792 2715 ἐμπλησθέντες
843 2646 994 2698 αὐτοί
1040 2664 1100 2700 τε
1146 2646 1420 2721 πρότεροι,
1475 2651 1710 2723 κλήρους
1735 2653 1829 2706 καὶ

248 2734 498 2806 διαδοχὰς
521 2739 632 2799 τοῖς
656 2737 771 2807 μετ’
805 2739 1007 2802 αὐτοὺς
1049 2739 1292 2809 ἐγγόνοις
1354 2743 1824 2802 καταλελοίπασιν.

253 2827 446 2891 Ἀλλος
469 2825 650 2898 φησίν·
682 2828 744 2881 El
783 2829 876 2881 ml.
903 2828 981 2899 τῷ
1013 2828 1226 2900 θανάτῳ
1274 2832 1495 2897 τούτους
1526 2833 1825 2904 παραπέμ-

248 2916 346 2987 ψαι
382 2918 465 2971 σοὶ
485 2917 685 2990 ῥᾴδιον,
716 2912 1041 2972 ὧΔέσποτα·
1078 2919 1191 2973 ἀλλ’
1222 2916 1319 2984 οὖν
1371 2918 1594 2976 ἱκετεύω
1619 2922 1827 2987 ζῶντας

250 3012 447 3075 αὐτοὺς
471 3010 852 3083 σκεδασθῆναι,
887 3012 980 3066 καὶ
1004 3013 1109 3085 τὴν
1141 3016 1316 3086 κακὴν
1363 3014 1541 3069 αὐτῶν
1598 3032 1826 3086 συμφω-

247 3101 368 3157 νίαν
404 3100 739 3175 διαλυθῆναι,
770 3103 865 3156 καὶ
894 3102 1002 3156 τῶν
1029 3104 1406 3175 ἀποκειμένων
1431 3122 1511 3159 σοι
1544 3106 1823 3179 τιμωριῶν

252 3197 562 3266 μετασχεῖν.
604 3194 758 3249 Οὕτω
784 3194 974 3267 γάρὲν
1004 3199 1070 3268 τῇ
1105 3196 1313 3273 μεγάλῃ
1367 3199 1476 3271 ᾠδῇ
1534 3198 1628 3254 τοῦ
1658 3201 1824 3254 Monii-

253 3289 389 3352 σέως
412 3289 574 3353 αὐτὸς
594 3291 622 3342 ὁ
648 3289 781 3355 Θεὸς
814 3307 979 3361 φησιν
1008 3307 1021 3320 ·
1056 3293 1177 3345 Οὐκ
1217 3290 1344 3346 ἰδοὺ
1395 3292 1581 3347 ταῦτα
1629 3294 1826 3348 πάντα

1950 717 2232 778 putantur,
2266 713 2393 781 quia
2426 715 2539 769 vita
2579 717 2693 783 illa,
2721 734 2843 789 qua:
2885 723 3179 778 secundum
3205 724 3374 783 Deum
3406 736 3517 797 est,

1948 802 2165 869 penitus
2197 804 2500 872 privantur.
2548 808 2685 864 Illud
2716 819 2919 877 autem,
2966 813 3136 870 divide
3177 825 3515 895 eos,Aquila,

1950 907 2074 959 pars
2103 909 2284 947 eorum
2317 896 2370 948 in
2414 900 2543 961 vita,
2576 901 2998 979 interpretatur;
3031 904 3388 979 Symmachus
3421 928 3521 968 au-

1949 988 2079 1045 tem,
2112 999 2236 1048 pars
2260 1002 2439 1039 eorum
2464 994 2520 1042 in
2553 991 2855 1047 viventibus.
2882 992 2979 1050 His
3007 1011 3173 1065 porro
3197 1000 3377 1064 docet,
3413 1002 3518 1055 im-

1948 1070 2163 1139 piorum
2197 1081 2251 1127 et
2292 1075 2638 1131 inimicorum
2674 1077 2789 1157 Dei,
2835 1082 2928 1150 qui
2960 1083 3016 1136 in
3064 1083 3150 1138 his
3197 1086 3516 1157 plerumque

1948 1173 2344 1230 memorantur,
2374 1168 2699 1236 portionem,
2730 1154 2930 1226 sortem
2959 1188 3257 1246 omnesque
3287 1177 3516 1235 faculta-

1947 1267 2029 1315 tes
2062 1260 2117 1314 in
2161 1260 2263 1316 hac
2296 1264 2550 1332 praesenti
2585 1272 2637 1319 et
2675 1268 2891 1320 mortali
2924 1270 3036 1326 vita
3083 1271 3217 1325 sitas
3248 1288 3388 1337 esse,
3425 1276 3515 1330 ubi

1946 1362 2133 1408 venter
2161 1369 2352 1409 eorum
2374 1357 2522 1409 omni
2562 1357 2806 1412 ciborum
2840 1375 3055 1430 genere,
3081 1365 3223 1417 omni
3258 1365 3518 1423 felicitate

1946 1459 2010 1499 ac
2045 1447 2323 1515 voluptate
2370 1449 2632 1518 repletur.
2695 1450 2809 1506 lmo
2864 1454 3029 1508 etiam
3070 1454 3135 1509 de
3190 1455 3516 1512 absconditis

1947 1538 2089 1600 tuis;
2120 1538 2282 1607 cujus
2315 1539 2436 1593 loco
2484 1539 2847 1612 Symmachus
2888 1545 3298 1616 interpretatur,
3352 1560 3404 1604 et
3441 1568 3517 1608 re-
3556 1541 3564 1552 ’

1944 1632 2128 1699 positis
2175 1633 2299 1687 tuis.
2338 1632 2615 1703 Siquidem
2656 1653 2846 1692 eorum
2892 1642 3135 1695 omnium
3165 1661 3285 1714 quae
3327 1647 3380 1701 in
3410 1648 3514 1705 hac

1944 1715 2162 1776 mo'rtali
2190 1724 2300 1777 vita
2346 1736 2646 1781 occurrunt
2674 1731 3060 1799 pretiosorum,
3090 1749 3212 1803 quae
3245 1738 3389 1793 inter
3426 1755 3513 1794 re-

1944 1815 2162 1870 cendita
2199 1824 2252 1872 et
2282 1817 2469 1873 abdita
2498 1820 2901 1891 computantur,
2934 1825 3089 1894 potiti
3120 1836 3266 1884 sunt.

2013 2076 2095 2160 Illi
2144 2072 2329 2151 itaque
2380 2096 2595 2157 aurum,
2652 2093 2963 2155 argentum,
3011 2091 3305 2163 omniaque
3349 2102 3507 2152 terra:

1940 2169 2158 2224 metalla
2204 2185 2419 2225 summa
2464 2188 2597 2227 cura
2636 2178 3100 2245 perquisiverunt,
3134 2182 3341 2253 lapides
3384 2203 3509 2258 pre-

1941 2260 2113 2317 tiosos
2148 2264 2235 2318 vel
2277 2264 2594 2321 rarissimos
2637 2268 2881 2337 cujusvis
2928 2274 3144 2341 generis
3180 2280 3509 2351 pervestiga-

1938 2359 2089 2415 runt,
2125 2353 2299 2423 iisque
2323 2357 2580 2414 omnibus
2613 2359 2895 2430 adimpleti
2927 2372 3055 2417 sunt
3090 2383 3103 2418 :
3138 2364 3261 2423 tiliis
3298 2385 3509 2427 mascu-

1886 2472 1895 2480 -
1939 2444 2009 2499 lis
2043 2443 2330 2502 feminisve
2362 2450 2596 2504 saturati
2624 2458 2771 2506 sunt.
2802 2452 3166 2520 Quamobrem
3203 2443 3502 2533 subjungit,

1938 2537 2172 2589 saturati
2210 2546 2334 2590 sunt
2362 2539 2512 2607 ﬁliis.
2558 2539 2744 2612 Neque
2796 2544 2873 2600 illi
2920 2555 3131 2604 tantum
3177 2551 3243 2607 iis
3277 2542 3504 2610 saturati

1938 2637 2107 2691 sunt;
2140 2628 2233 2682 sed
2261 2637 2550 2700 postquam
2592 2634 2699 2703 ipsi
2731 2638 2943 2705 priores
2978 2641 3044 2696 ad
3078 2642 3384 2700 satietatem
3419 2663 3507 2705 us-

1935 2736 2041 2789 que
2072 2721 2138 2776 iis
2174 2731 2302 2776 sunt
2328 2723 2435 2786 usi,
2462 2724 2829 2783 haareditatem
2864 2737 3377 2809 successionemque
3408 2757 3505 2797 ned-

1933 2812 2153 2881 potihus
2179 2815 2531 2871 transmisere
2575 2819 2710 2874 suis.
2751 2821 2907 2878 Alius
2952 2826 3031 2879 sic
3068 2828 3499 2899 interpretatur:

1934 2905 2182 2969 Etiamsi,
2216 2908 2415 2979 inquit,
2464 2910 2724 2980 perfacile
2774 2915 2870 2969 tibi
2928 2918 3019 2979 sit,
3057 2918 3302 2986 Domine,
3352 2925 3502 2992 ipsos

1933 3003 2109 3051 morte
2135 2996 2345 3053 allicere
2371 3019 2382 3053 :
2422 3007 2497 3063 at,
2535 3017 2720 3072 quaeso
2740 3011 2811 3069 te,
2838 3006 3087 3065 homines
3108 3009 3237 3066 dum
3260 3013 3362 3067 hac
3392 3017 3499 3071 Vita

1935 3088 2193 3145 fruuntur
2210 3091 2514 3164 disjungas,
2541 3094 2950 3169 improbamquc
2977 3101 3123 3157 illam
3153 3108 3501 3163 concordiam

1932 3183 2191 3257 dissipes,
2241 3195 2300 3242 ut
2342 3203 2372 3242 a
2415 3196 2468 3244 te
2506 3192 2778 3261 repositas
2816 3195 3116 3251 sceleribus
3165 3201 3280 3254 suis
3314 3217 3504 3272 poenas

1932 3274 2106 3333 luant.
2133 3276 2211 3333 Ita
2240 3280 2383 3334 enim
2408 3280 2463 3334 in
2495 3296 2691 3352 magno
2723 3283 2926 3357 Moysis
2963 3289 3180 3345 cantico
3203 3289 3347 3348 Deus
3385 3294 3503 3365 ipse

225 3365 550 3449 ⁹συνῆκται
580 3380 716 3450 παρ’
747 3382 896 3451 ἐμοὶ,
926 3383 1022 3439 καὶ
1048 3382 1443 3452 ἐσφράγισται
1466 3386 1536 3439 ἑν
1578 3387 1701 3454 τοῖς
1731 3391 1831 3457 θη·
1859 3385 1901 3442 C

1808 3420 1831 3429 -
1859 3385 1901 3442 (ς,
1934 3370 2178 3441 loquitur
2214 3390 2227 3426 :
2256 3372 2600 3427 Annonlecce
2644 3374 2755 3429 luet:
2801 3380 2980 3433 omnia
3018 3394 3333 3453 congregata
3379 3396 3502 3440 sunt

245 3471 496 3541 σαυροῒς
513 3490 654 3542 μου·
684 3469 755 3527 ἐν
775 3472 961 3543 ἡμέρᾳ
988 3472 1350 3540 ἐκδικήσεως
1402 3477 1825 3546 ἀνταποδώσω,

246 3564 316 3617 ἐν
344 3564 528 3632 καιρῷ
565 3563 711 3618 ὅταν
737 3562 948 3634 σφαλῇ
976 3568 1010 3618 ὀ
1036 3564 1191 3632 ποῦς
1239 3566 1453 3620 αὐτῶν.
1502 3569 1612 3622 Καὶ
1671 3571 1828 3626 τοῦτο

243 3657 304 3711 δὲ
334 3658 363 3710 ὁ
396 3655 693 3729 Σύμμαχος
714 3654 909 3719 aiming,
934 3654 1265 3729 ἡρμήνευσεθ
1304 3658 1825 3725 Χορτασθήσονται

244 3748 383 3815 υἱοὶ,
412 3748 512 3803 καὶ
537 3737 848 3818 ἀφήσουσι
873 3746 947 3801 τὰ
988 3746 1277 3817 λείψανα
1308 3745 1506 3801 αὐτῶν
1555 3748 1681 3814 τοῖς
1713 3766 1822 3817 νη-

242 3842 402 3908 πίοις
431 3840 651 3895 αὐτῶν.
688 3835 838 3903 Οἶδα,
875 3838 1059 3911 φησὶν,
1085 3840 1164 3892 ὅτι
1209 3838 1305 3911 τὴν
1357 3838 1567 3892 δικαίαν
1600 3856 1691 3892 σου
1743 3857 1823 3892 τι-

244 3924 459 4005 μωρίαν
492 3932 553 3984 οὐ
591 3930 751 4001 μόνον
780 3930 964 3993 αὐτοῖς
997 3928 1238 3993 ἐπάξεις,
1263 3927 1396 3981 ἀλλὰ
1429 3929 1522 3981 καὶ
1549 3930 1660 3990 τοῖς
1684 3930 1820 3982 υἱέσι

239 4027 336 4081 καὶ
365 4026 478 4088 τοῖς
514 4024 758 4092 ἐγγόνοις
806 4022 912 4076 τῶν
960 4022 1239 4092 προγόνων
1299 4021 1554 4093 πονηρίαν
1584 4038 1823 4092 μιμησα-

244 4110 446 4191 μένοις.
479 4118 553 4170 To
574 4117 650 4181 δὲ,
681 4114 1218 4186 χορτασθήσονται,
1269 4116 1388 4170 ἀντὶ
1415 4114 1530 4182 τοῦ,
1560 4118 1638 4179 εἰς
1661 4115 1820 4188 κόρον

170 4230 173 4233 '
244 4210 528 4285 μεθέξουσι
554 4208 661 4261 τῶν
684 4207 887 4261 κακῶν.
1183 4288 1188 4293 ν
1702 4209 1710 4215 ’

324 4302 474 4374 Ἐγὼ
526 4298 596 4357 δὲ
647 4301 718 4353 ἐν
749 4299 1100 4367 δικαιοσύνῃ
1156 4296 1491 4370 ὀφθήσομαι
1549 4300 1629 4366 τῷ
1678 4318 1821 4370 προ-

244 4395 428 4459 σώπῳ
459 4406 595 4447 σου·
644 4388 1134 4461 χορτασθήσομαι
1182 4389 1253 4442 ὲν
1305 4388 1385 4455 τῷ
1429 4386 1687 4460 ὀφθῆναί
1720 4409 1822 4461 μοι

240 4491 357 4559 τὴν
382 4487 571 4553 δόξαν
597 4500 733 4540 σου.
779 4484 1001 4536 Ἐκεῖνοι
1046 4484 1146 4551 μὲν
1179 4482 1430 4547 τοιαύτας
1468 4482 1697 4537 δώσουσι
1739 4485 1821 4537 δί-

240 4601 365 4649 κας*
392 4580 503 4652 ἐγὼ
523 4580 579 4634 δὲ
610 4581 723 4643 τοῖς
756 4576 907 4649 παρὰ
927 4576 1024 4646 τῆς
1060 4574 1275 4638 δικαίας
1307 4577 1564 4646 προνοίας
1598 4577 1821 4645 ἀγαθοῖς

242 4674 586 4747 ἐντρυφήσω,
618 4674 810 4744 πεῖραν
848 4668 1110 4739 μεγίστην
1135 4667 1234 4737 τῆς
1264 4668 1364 4737 σῆς
1399 4669 1715 4752 εὐεργεσίας
1735 4671 1820 4725 δε-

1914 3463 2070 3532 apud
2101 3481 2200 3529 me,
2230 3473 2280 3519 et
2312 3465 2523 3535 signata
2555 3466 2609 3518 in
2650 3466 2908 3522 thesauris
2939 3471 3063 3524 meis
3088 3488 3107 3523 :
3130 3473 3182 3524 in
3217 3473 3303 3528 die
3341 3476 3502 3530 ultio-

1928 3557 2012 3611 nis
2065 3556 2374 3621 retribuam,
2433 3576 2534 3628 quo
2561 3569 2786 3628 tempore
2837 3561 3043 3616 labetur
3088 3580 3176 3633 pes
3231 3582 3409 3620 eorum
3430 3569 3497 3623 ⁸³.

1928 3646 2057 3702 Haec
2088 3648 2161 3702 ita
2192 3647 2551 3719 Symmachus
2588 3651 2994 3721 interpretatur,
3038 3656 3420 3711 saturabuntur
3438 3660 3499 3728 [i-

1928 3737 2035 3801 liis,
2060 3747 2109 3792 et
2144 3737 2405 3792 dimittent
2442 3736 2861 3811 reliquiassuas
2905 3744 3138 3812 parvulis
3182 3748 3312 3801 suis.
3337 3747 3494 3817 Novi,

1927 3828 2126 3900 inquit,
2165 3837 2217 3885 te
2246 3847 2356 3886 non
2385 3832 2545 3887 modo
2575 3833 2816 3889 debitum
2851 3835 2919 3890 iis
2962 3837 3285 3908 supplicium
3315 3841 3496 3897 illatu-

1926 3921 2072 3989 rum,
2108 3925 2203 3980 sed
2241 3925 2404 3980 etiam
2438 3925 2563 3980 filiis
2604 3940 2667 3981 ac
2700 3927 2992 3997 nepotibus
3034 3944 3247 3998 eorum,
3286 3935 3331 3989 si
3367 3939 3492 4007 qui-

1927 4015 2051 4071 dem
2085 4031 2312 4071 avorum
2348 4010 2646 4088 nequitiam
2677 4012 2979 4075 imitentur.
3002 4022 3138 4077 Illud
3168 4017 3371 4095 autem,
3401 4045 3493 4084 sa-

1922 4107 2272 4190 Itui-abuntur,
2304 4108 2359 4164 id
2381 4119 2484 4176 est,
2516 4110 2582 4166 ad
2607 4112 2913 4168 satietatem
2944 4120 2998 4170 et
3020 4113 3297 4172 fastidium
3325 4135 3495 4191 usque

1923 4202 2086 4255 malis
2118 4217 2238 4257 sese
2266 4202 2485 4258 dedent.

1996 4293 2163 4350 Vens.
2203 4295 2301 4350 15..
2329 4294 2439 4365 Ego
2471 4305 2645 4359 autem
2676 4300 2729 4352 in
2746 4298 2962 4367 justitia
2991 4302 3249 4368 apparebo
3280 4318 3491 4374 conspe-

1923 4388 2031 4441 ctui
2068 4397 2178 4453 tuo,
2220 4390 2459 4445 satiabor
2498 4406 2619 4445 ’cum
2667 4393 2969 4461 apparuerit
3010 4392 3139 4467 mihi
3166 4392 3337 4461 gloria
3372 4404 3484 4450 tua.

1922 4479 2011 4557 llli_
2034 4481 2251 4551 quidem
2282 4484 2595 4555 hujusmodi
2642 4498 2830 4554 poenas
2872 4483 3101 4539 dabunt.
3147 4484 3271 4556 Ego
3307 4498 3487 4563 autem

1923 4575 2128 4644 paratis
2162 4590 2191 4629 a
2219 4576 2367 4645 justa
2399 4576 2735 4647 providentia
2784 4583 2874 4629 tua
2906 4574 3058 4630 fruar
3092 4568 3271 4643 bonis,
3312 4579 3488 4633 maxi-

1922 4681 2182 4737 mumque
2225 4666 2589 4722 beneﬁcentiae
2630 4674 2737 4721 tua:
2780 4684 2992 4724 sumam
3037 4671 3485 4741 experimentum.

551 4764 693 4834 Ἐγὼ
712 4737 773 4817 δὲ
805 4737 871 4834 ei)
907 4759 1226 4833 πορισθείσῃ
1272 4774 1362 4830 μοι
1416 4737 1730 4834 δικαίοσύνῃ
1757 4782 1817 4817 τε
1850 4737 1894 4791 D
1922 4756 1939 4810 l

1791 4782 1817 4817 ε
1850 4737 1894 4791 D
1922 4756 2035 4829 Ego
2070 4773 2202 4814 sane
2226 4758 2451 4826 iustitia:
2488 4766 2649 4828 atque
2679 4761 2893 4824 virtuti,
2934 4737 3323 4832 cujus-auctor
3345 4765 3490 4819 mihi

238 4854 335 4908 καὶ
381 4856 550 4927 ἀρετῇ
593 4852 809 4926 θαρρῶν
872 4850 1439 4921 πεπαρρησιασμένως
1480 4852 1817 4924 ὀφθήσομαι

238 4946 322 5012 τῷ
349 4946 646 5017 προσώπῳ
675 4962 812 5001 σου.
861 4945 972 4998 Καὶ
1004 4942 1142 5013 αὕτη
1180 4941 1268 5012 μοί
1300 4944 1447 4995 ἐστιν
1501 4942 1673 5010 ἐλπὶς,
1720 4947 1815 5000 καὶ

228 5035 395 5105 οὗτος
432 5043 603 5112 μέγας
652 5041 867 5113 κλῆρος·
926 5032 995 5094 οὗ·
1043 5054 1171 5089 ποτε
1226 5035 1669 5109 πληρωθήσομαι,
1726 5042 1817 5094 καὶ

240 5129 674 5203 χορτασθήσομαι
721 5133 901 5206 πάσης
960 5132 1203 5208 τρυφῆς,
1239 5134 1296 5186 ὲν
1325 5128 1405 5201 τῷ
1447 5129 1676 5201 ὀφθῆναι
1718 5133 1817 5205 τὴν

239 5221 395 5290 δόξαν
419 5237 512 5274 σου
539 5226 598 5277 ἐν
625 5227 691 5297 τῇ
715 5226 821 5282 τῶν
846 5227 1088 5300 οὐρανῶν
1110 5225 1379 5299 βασίλεια.

648 5366 651 5369 ι
817 5342 1115 5396 ΨΔΑΜΟΣ
1160 5342 1254 5397 ῙΖ’.

306 5432 409 5498 Eu;
442 5429 508 5484 τὸ
536 5429 711 5497 τέλος
743 5432 823 5497 τῷ
869 5434 1033 5489 παιδὶ
1060 5434 1273 5503 Κυρίου
1297 5426 1377 5500 τῷ
1402 5432 1602 5494 Δαυϊδ,
1619 5428 1657 5485 ᾶ
1675 5430 1813 5485 ἐλά-

243 5522 397 5592 λὲισε
426 5519 507 5593 τῷ
554 5524 748 5591 Κιιρίῳ
798 5524 939 5590 τοὺς
973 5527 1196 5595 λόγους
1247 5522 1357 5591 τῆς
1380 5521 1537 5591 ᾠδῆς
1568 5524 1808 5589 ταύτης.

285 5674 358 5717 ’⁸³
398 5683 556 5742 Deut.
602 5700 776 5747 min,
836 5681 926 5738 δή.

1924 4849 2099 4911 fuisti.
2126 4853 2384 4913 conﬁsus,
2417 4856 2535 4902 tuta
2557 4852 2891 4911 conscientia
2915 4854 3173 4923 apparebo
3195 4857 3491 4924 conspectui

1926 4953 2037 4996 tuo.
2067 4941 2178 4996 Hac
2206 4942 2263 4995 in
2306 4957 2404 5011 spe
2449 4958 2677 4998 versor:
2709 4945 2823 5000 haec
2866 4945 3002 5000 mihi
3038 4961 3235 5017 magna
3267 4945 3489 5000 haeredi-

1923 5043 2030 5094 tas.
2080 5049 2186 5105 qua
2240 5033 2511 5104 replebor,
2563 5042 2617 5090 et
2669 5034 2735 5089 ad
2782 5036 3084 5091 satietatem
3137 5049 3310 5105 usque
3339 5033 3487 5087 omni

1923 5131 2199 5199 voluptate
2236 5124 2409 5194 fruar,
2442 5142 2569 5183 cum
2610 5129 2664 5183 in
2693 5142 2859 5199 regno
2881 5128 3144 5186 celerum
3174 5126 3486 5197 apparuerit

1927 5222 2099 5295 gloria
2128 5228 2239 5276 tua.

2441 5332 2765 5390 PSALMUS
2802 5330 2963 5388 XVII.

1994 5424 2157 5479 Vens.
2197 5424 2246 5479 l.
2274 5423 2340 5479 In
2362 5427 2518 5497 finem
2536 5442 2694 5495 puero
2714 5425 2914 5480 domini
2932 5422 3118 5485 David,
3141 5437 3257 5492 qua
3279 5422 3486 5479 locutus

1920 5531 2015 5593 est
2052 5520 2276 5576 Domino
2315 5522 2470 5577 verba
2512 5521 2709 5577 cantici
2740 5520 2920 5591 hujus,
2952 5519 3008 5573 in
3046 5516 3129 5571 die
3156 5532 3260 5586 qua
3287 5517 3482 5584 eripuit

313 5830 389 5902 (l)
429 5829 555 5886 “ac
598 5836 729 5884 sunt
789 5822 1051 5879 Hebraica
1104 5818 1288 5881 verba,
1334 5821 1504 5875 cum:
1536 5793 1692 5899 DP‘Tt
1728 5795 1885 5874 τ’πττ)
1923 5822 2152 5875 tamen.
2182 5811 2391 5886 Aquilae
2430 5818 2807 5888 interpretatio
2844 5816 2971 5874 huic
3034 5834 3261 5889 prorsus
3290 5815 3484 5872 similis

248 5924 415 5979 fertur
447 5920 882 5995 apud‘Drusium
912 5925 970 5995 et
989 5914 1127 5969 alios
1158 5928 1172 5975 ;
1201 5907 1850 5995 sedSymrnachiversio
1889 5908 1947 5961 vi!

1784 5908 1850 5964 tio
1889 5908 2074 5995 vitiata
2110 5911 2351 5993 occurrit
2371 5910 2804 5995 .ibidemLKtipte
2839 5912 2948 5985 dub
2992 5912 3097 5967 τῶν
3132 5909 3483 5967 ἐνδεδυκότων

243 5998 274 6067 ὴ
307 5997 462 6069 μερὶς
485 5982 557 6050 ’ἐν
590 5992 723 6065 ζωῇ.
761 5992 827 6046 At
850 5989 1010 6046 lectio
1050 5995 1235 6041 nostra
1280 5982 1565 6042 sincerior,
1592 5994 1712 6050 quae
1745 5982 1797 6033 in
1820 5984 2073 6037 omnibus
2100 5997 2231 6039 mss.
2263 5984 2512 6040 similiter
2541 5982 2782 6042 cﬂ‘ertur.
