4302 6398
848 478 957 537 ts':
1551 476 1822 533 EUSEBII
1855 457 2339 536 CESARIENSlS
2367 478 2521 537 OPP.
2540 479 2726 541 rans
2756 478 2845 539 ιιι.
2869 512 2938 524 -
2966 462 3378 537 exsomnes.
3988 481 4100 539 iss

835 614 953 653 cum
973 596 1227 651 Dominus
1248 594 1312 649 de
1328 611 1485 649 manu
1506 600 1737 651 omnium
1757 598 2091 651 inimicorum
2113 595 2251 663 ejus,
2269 606 2319 650 et
2345 594 2411 648 de
2438 603 2476 661 Α

2507 594 2577 647 ἐν
2604 593 2791 663 ἡμέρᾳ
2845 589 2886 667 ἦ
2937 596 3231 664 ὲρῤὐσατο
3277 594 3467 649 αὑτὸν
3511 596 3726 663 Κύριος
3787 595 3855 649 ἐκ
3893 596 4104 666 χειρὸς

836 707 997 745 manu
1026 688 1177 750 Saul.
1219 698 1269 743 et
1307 689 1469 744 dixit.
1501 690 1865 761 Symmachus
1896 709 1909 744 :
1934 688 2217 758 Canticum
2244 693 2409 741 uicto-

2512 685 2752 740 :tcirttur
2774 684 2894 739 τῶν
2920 685 3151 755 ἐχθρῶν
3172 685 3381 751 αὑτοῦ,
3415 685 3515 739 καί
3548 684 3616 739 ἐκ
3640 685 3836 755 χειρὸς
3862 684 4099 749 Σαοὺλ,

835 783 930 836 ria:
954 782 1089 836 servi
1128 780 1344 833 Domini
1367 779 1563 834 David.

900 951 1011 1011 Par
1036 955 1183 1010 enim
1220 953 1323 1008 fuit
1355 969 1458 1010 nos
1497 970 1565 1010 ex
1604 955 1723 1027 ipso
1763 956 1975 1026 psalmo
2004 953 2273 1018 ediscere.
2303 953 2411 1021 Da-

829 1045 1031 1108 videm,
1075 1046 1651 1100 occasionevictoria:
1692 1048 1762 1101 de
1790 1046 2031 1100 inimicis
2076 1054 2131 1099 et
2156 1046 2407 1102 hostibus

827 1146 1015 1206 parte,
1063 1137 1244 1190 omnis
1273 1136 1513 1191 victoria:
1548 1138 1781 1203 auctori,
1822 1139 1917 1208 qui
1953 1138 2078 1192 ideo
2109 1138 2405 1202 νικοποιός,

827 1226 883 1282 id
915 1235 1000 1283 est
1034 1224 1269 1277 victoritr
1291 1224 1528 1293 e/I'ec'nr,
1555 1228 1781 1295 dicitur,
1828 1229 1977 1300 quod
2019 1231 2254 1285 victores
2295 1229 2408 1285 elli-

827 1318 960 1382 ciat,
988 1319 1374 1389 triumphalem
1406 1320 1552 1375 hunc
1579 1320 1839 1392 hymnum
1863 1337 2240 1377 consecrasse.
2263 1322 2405 1388 Quia

826 1409 955 1465 item
990 1412 1077 1465 hic
1108 1411 1342 1482 hymnus
1376 1413 1491 1467 sive
1532 1414 1805 1467 canticum
1848 1414 2195 1483 triumphale,
2242 1412 2406 1467 Davi-

824 1502 915 1559 dis
936 1502 1141 1557 dicitur
1173 1518 1318 1558 esse.
1371 1504 1549 1575 Atque
1590 1505 1644 1557 in
1678 1507 1835 1573 ﬁnem
1869 1506 2191 1559 inscribitur
2219 1524 2233 1559 :
2266 1522 2406 1575 quo-

826 1596 972 1651 niam
1014 1596 1221 1652 scilicet
1255 1596 1547 1665 postremis
1617 1597 1737 1650 vitze
1776 1598 1897 1666 ejus
1938 1598 2119 1661 annis,
2167 1605 2403 1668 acpost

821 1689 1008 1743 omnia
1031 1704 1151 1758 quae
1178 1687 1235 1743 in
1258 1688 1485 1743 historia
1521 1688 1771 1743 feruntur
1795 1690 1916 1757 ejus
1945 1704 2403 1759 opera,.pronuu-

824 1781 995 1835 tiatus
1025 1788 1143 1847 est;
1179 1790 1274 1836 aut
1306 1784 1435 1852 quia
1466 1783 1809 1850 prophetiam
1838 1798 2028 1835 eorum
2063 1798 2185 1851 qua:
2210 1783 2263 1835 in
2298 1782 2403 1837 line

821 1874 1006 1929 seculi
1037 1874 1340 1928 obventura
1365 1882 1494 1928 sunt
1522 1876 1809 1940 enuntiat;
1842 1875 1956 1928 sive
1986 1876 2148 1929 tertio
2176 1876 2301 1945 quia
2332 1876 2400 1930 ad

819 1980 885 2021 ea
919 1981 1040 2035 qua:
1083 1966 1138 2018 in
1189 1964 1465 2034 pestrema
1507 1965 1674 2033 hujus
1706 1966 1893 2036 hymni
1940 1974 2097 2036 parte
2128 1966 2400 2033 feruntur,
2434 1955 2476 2012 Β

820 2056 994 2113 lector
1020 2058 1339 2113 remittitur.
1366 2055 1424 2110 In
1443 2072 1555 2127 quo
1578 2055 1825 2129 [triplici]
1859 2059 1985 2119 tlne,
2018 2059 2235 2113 vocatio
2264 2075 2397 2129 gen-

818 2149 955 2204 tium
987 2158 1041 2204 et
1065 2149 1347 2219 prephetia
1377 2148 1444 2203 de
1472 2148 1719 2202 Christo.
1751 2147 1864 2203 Hoc
1895 2158 2077 2204 autem
2116 2149 2275 2204 modo
2309 2165 2400 2202 va-

816 2242 1103 2309 ticinatur,
1128 2251 1188 2296 ut
1228 2239 1449 2297 Saulem
1485 2258 1609 2299 cum
1646 2241 1772 2296 aliis
1815 2242 2073 2296 omnibus
2113 2257 2217 2295 una
2248 2258 2398 2297 com-

816 2332 1105 2402 plectatur.
1167 2332 1288 2386 Alia
1352 2347 1573 2403 quoque
1619 2334 1831 2388 ratione
1876 2334 2055 2403 ipsum
2113 2332 2181 2386 de
2229 2349 2395 2387 manu

817 2422 949 2478 Saul
983 2424 1276 2479 liberavit:
1313 2423 1628 2495 frequenter
1656 2425 1801 2478 enim
1824 2438 1921 2492 per
1949 2439 2164 2476 manum
2201 2424 2397 2478 intelli—

814 2515 977 2587 gitur
999 2530 1160 2586 opus.
1189 2514 1361 2585 Igitur
1393 2516 1487 2585 qui
1530 2516 1784 2571 liberavit
1813 2514 2068 2569 Davidem
2101 2530 2167 2570 ex
2216 2508 2419 2570 omni?

816 2607 920 2662 bus
952 2606 1191 2661 inimicis
1219 2606 1357 2672 suis,
1386 2608 1510 2676 jure
1534 2622 1599 2661 ac
1626 2617 2027 2676 consequenter
2056 2606 2236 2675 ipsum
2276 2621 2395 2660 ma-

809 2698 1027 2771 joribus
1070 2699 1350 2755 beneﬁciis
1378 2700 1716 2763 devineiens,
1750 2710 1819 2754 ex
1852 2700 1954 2753 hac
1989 2697 2170 2755 Saulis
2204 2715 2390 2763 manu,

814 2794 931 2850 sive
954 2809 1140 2865 opere,
1188 2794 1394 2865 pariter
1426 2794 1629 2865 eripuit
1652 2834 1666 2856 .
1712 2800 1772 2849 ut
1808 2809 1915 2848 non
1951 2794 2104 2849 naria
2139 2809 2263 2848 cum
2298 2794 2393 2848 illo

813 2870 1115 2956 pateretur.

885 2978 1050 3035 Vens.
1086 2978 1143 3043 2,
1178 2980 1213 3034 5
1274 2978 1509 3047 Diligam
1549 2987 1616 3038 te,
1658 2976 1901 3043 Domine,
1934 2978 2193 3046 fortitudo
2233 2996 2348 3034 mea
2373 2996 2391 3033 :

812 3066 1071 3127 Dominus
1101 3075 1496 3143 ﬁrmamentum
1536 3086 1704 3123 meum
1736 3070 1784 3123 'et
1810 3071 2074 3140 refugium
2113 3087 2309 3135 meum,
2337 3083 2388 3125 et

816 3166 1067 3221 liberator
1096 3180 1259 3218 meus.
1294 3162 1437 3217 Deus
1477 3178 1622 3216 meus
1652 3162 1867 3230 adjutor
1896 3178 2061 3227 meus,
2091 3171 2139 3216 et
2168 3163 2388 3230 sperabo
2420 3234 2425 3241 .

814 3258 872 3310 in
899 3272 1016 3311 eum
1043 3270 1060 3309 :
1082 3263 1345 3324 protector
1369 3270 1513 3309 meus
1542 3262 1592 3307 et
1628 3268 1790 3307 cornu
1824 3254 2016 3307 salutis
2036 3269 2161 3307 mete
2188 3263 2235 3306 et
2264 3270 2387 3307 sus—

2512 776 2610 830 καί
2636 774 2785 829 εἷπε.
2838 774 3153 846 Σύμμαχος⁸
3196 773 3515 829 Ἐπινίκιον
3559 774 3667 829 τοῦ
3715 773 3944 829 δούλου
3974 776 4103 829 Κυ-

2502 870 2641 937 ρίου
2672 868 2780 922 τοῦ
2812 866 3012 922 Δαυτδ.

2575 957 2718 1010 Ἔδει
2741 956 2850 1028 γὰρ
2874 958 3021 1029 ἡμᾶς
3079 957 3393 1027 ἀναγκαίως
3420 944 3531 1011 ἀπὸ
3568 955 3664 1010 τοῦ
3691 954 3904 1028 ψαλμοῦ
3947 955 4103 1026 7w?)-

2508 1066 2616 1113 ναι,
2660 1050 2743 1103 ὅτι
2796 1048 2890 1101 ἐπὶ
2931 1050 3052 1112 ταῖς
3109 1049 3284 1112 νίκαις
3345 1051 3464 1112 ταῖς
3508 1048 3650 1103 κατά
3700 1047 3808 1101 τῶν
3875 1045 4103 1122 ἐχθρῶν

2508 1141 2602 1193 καὶ
2642 1139 2913 1210 πολεμίων
2952 1140 3045 1192 τὸν
3098 1139 3455 1211 προκείμενον
3504 1139 3671 1211 ὖμνον
3712 1139 3984 1195 ἐπινίκιον
4018 1139 4104 1213 τῷ

2508 1235 2688 1305 πάσης
2751 1233 2908 1303 νίκης
2971 1232 3128 1303 αἰτίῳ
3156 1272 3172 1297 ,
3224 1232 3303 1303 τῷ
3360 1234 3454 1286 καὶ
3492 1232 3719 1305 νικητάς
3773 1233 4105 1305 ἀπεργαζο-

2510 1326 2675 1395 μένῳ,
2709 1326 2803 1379 καὶ
2842 1325 2931 1380 διά
2953 1324 3111 1378 τοῦτο
3132 1323 3390 1393 νικοποιῷ
3424 1325 3765 1397 κεκλημένῳ,
3820 1326 4102 1398 ἀνέθηκεν

2504 1418 2533 1470 ὁ
2562 1416 2743 1469 Δαυῖδ·
2779 1419 2872 1471 καὶ
2912 1418 2994 1471 ὅτι
3038 1417 3302 1481 ὲπινίκιος
3330 1409 3483 1480 οὗτος
3528 1418 3557 1470 ὁ
3605 1416 3773 1489 ὕμνος
3806 1417 3841 1491 ἢ
3894 1419 3928 1489 ἡ

2504 1510 2719 1579 εἴρηται
2749 1508 2842 1562 τοῦ
2871 1509 3052 1563 Δαυΐδ.
3075 1511 3180 1573 Εἰς
3206 1508 3271 1561 τὸ
3303 1508 3476 1575 τέλος
3499 1508 3575 1573 δὲ,
3602 1510 3719 1580 ἦτοι
3751 1509 3839 1563 διὰ
3866 1510 3928 1563 τὸ
3944 1509 4102 1582 ἀμφὶ

2503 1604 2627 1665 τοὺς
2666 1602 3008 1665 τελευταίους
3030 1602 3130 1673 τῆς
3159 1603 3305 1673 ζωῆς
3338 1600 3505 1655 αὑτοῦ
3543 1602 3787 1673 χρόνους,
3822 1604 3917 1657 καὶ
3950 1601 4101 1673 μετά

2504 1694 2684 1769 ςπάσας
2711 1694 2875 1746 αὑτοῦ
2904 1693 3001 1758 τάς
3029 1694 3252 1766 πράξεις
3284 1693 3380 1756 τὰς
3437 1695 3743 1765 φερομένας
3764 1696 3821 1747 ὲν
3843 1698 3911 1767 τῇ
3938 1676 4101 1747 ξεστο-

2504 1788 2598 1859 ρίᾳ
2648 1786 2913 1857 λελέχθαι’
2958 1786 2992 1857 ἢ
3047 1786 3135 1841 διὰ
3178 1787 3239 1841 τὸ
3290 1787 3626 1859 προφητείας
3672 1788 3949 1859 περιέχειν
3981 1786 4099 1840 τῶν

2506 1878 2805 1948 μελλόντων
2864 1878 3083 1931 ἔσεσθαι
3130 1880 3222 1931 ἐπὶ
3288 1879 3569 1951 συντελείᾳ
3632 1879 3726 1933 τοῦ
3782 1880 4003 1943 αἰῶνος·
4059 1878 4097 1951 ἦ

2504 1970 2704 2041 τρίτον,
2728 1969 2816 2022 διὰ
2852 1969 2912 2021 τὸ
2949 1970 3041 2022 ἐπὶ
3077 1969 3149 2021 τά
3172 1970 3298 2043 τέλη
3352 1971 3461 2024 τῶν
3490 1971 3883 2045 ἐμφερομένων
3911 1970 4097 2040 λόγων

2503 2062 2596 2112 τοῦ
2622 2059 2979 2130 προκειμένου
3033 2057 3205 2129 ὕμνου
3228 2059 3319 2112 τὸν
3359 2060 3759 2129 ιντυγχάνοντα
3792 2059 4096 2131 παραπέμ-

2504 2168 2642 2203 πειν·
2680 2152 2737 2204 ὲν
2765 2146 2847 2214 οἷς
2898 2150 3159 2221 τέλεσινή
3190 2150 3383 2219 κλῆσις
3422 2150 3530 2204 τῶν
3575 2150 3745 2204 ἐθνῶν
3766 2151 3861 2205 καὶ
3892 2154 3927 2221 ὴ
3960 2148 4093 2221 περὶ

2501 2241 2595 2294 τοῦ
2631 2242 2865 2311 Χριστοῦ
2903 2244 3231 2314 προφητεία.
3298 2241 3501 2296 Τοῦτον
3544 2241 3791 2307 Θεσπίςει
3832 2242 3924 2295 τὸν
3962 2241 4083 2311 τρό-

2502 2350 2620 2395 πον,
2654 2333 3325 2405 συμπαραλαμϐανομένου
3355 2338 3468 2396 τοῖς
3495 2334 3631 2386 πᾶσι
3660 2334 3751 2387 καὶ
3780 2333 3873 2386 τοῦ
3890 2330 4089 2386 Σαούλ.

2508 2426 2617 2480 καὶ
2641 2425 2813 2489 ἄλλως
2842 2424 2898 2477 δὲ
2927 2424 3087 2478 αὑτὸν
3120 2425 3183 2476 ἐκ
3229 2422 3411 2494 χειρὸς
3445 2422 3617 2477 Σαοὺλ
3660 2407 4089 2498 ὲρῤύσατοξτῆς

2506 2515 2687 2587 χειρὸς
2730 2514 2987 2577 πολλάκις
3039 2514 3157 2567 ἀντὶ
3194 2515 3443 2583 πράξεως
3489 2514 4081 2587 παραλαμϐανομένης.

2504 2608 2744 2669 Εἰκότως
2792 2601 2885 2658 οὖν
2932 2606 2961 2657 ὁ
3006 2604 3306 2675 ῥυσάμενος
3357 2603 3518 2657 Δαυῖδ
3577 2606 3640 2657 ὲκ
3702 2606 3920 2661 πάντων
3969 2608 4084 2661 τῶν

2506 2697 2714 2769 ἐχθρῶν
2740 2696 2928 2759 αὐτοῦ,
2966 2697 3223 2767 μειζόνως
3256 2696 3417 2749 αὑτὸν
3458 2697 3792 2768 εὐεργετῶν,
3828 2698 3921 2751 καὶ
3947 2698 4072 2753 ταύ-

2504 2808 2603 2862 της
2652 2790 2751 2860 τῆς
2787 2788 2965 2859 χειρὸς
3006 2787 3100 2842 τοῦ
3150 2788 3338 2853 Σαοὺλ,
3389 2790 3633 2842 τουτέστι
3679 2790 3780 2860 τῆς
3824 2792 4082 2863 πράξεως

2504 2881 2693 2946 αὐτοῦ,
2729 2869 3017 2953 ἐρρύσατο,
3043 2881 3118 2943 ὼς
3156 2881 3233 2953 μὴ
3262 2882 3329 2934 τὰ
3353 2883 3512 2953 ὃμοια
3540 2882 3731 2936 παθεῖν
3760 2884 3977 2953 ἐκείνῳ.

2578 2971 2897 3041 Ἀγαπήσω
2924 2987 3018 3033 σε,
3067 2970 3265 3038 Κύριε,
3300 2970 3479 3038 ἰσχύς
3512 2985 3650 3037 μου·
3688 2968 3903 3035 Κύριος
3941 2981 4083 3019 στε-

2486 3060 2689 3131 ρέωμα
2709 3078 2828 3131 μου
2855 3062 2954 3115 καί
2982 3060 3294 3131 καταφυγή
3334 3076 3476 3129 μου,
3524 3059 3624 3112 καὶ
3650 3060 3887 3126 ρὐτης
3936 3076 4080 3137 μου,

2508 3154 2571 3205 '0
2606 3154 2750 3218 Θεός
2775 3170 2913 3221 μου,
2940 3153 3166 3220 ,βοηθός
3192 3169 3335 3221 μου,
3360 3151 3458 3204 κίιί
3498 3149 3686 3203 ἐλπιῶ
3727 3149 3820 3203 ἐπ’
3869 3150 4081 3203 αὐτόν’

2496 3244 2951 3312 ὑπερασπιστὴς
3015 3262 3155 3312 μου,
3224 3245 3322 3297 καί
3368 3242 3545 3310 κέρας
3592 3240 3702 3309 τῆς
3780 3242 4081 3309 σωτηρίας

810 3358 988 3418 ceptor
1035 3322 1178 3401 meus
1221 3388 1237 3402 .
1280 3385 1295 3399 .
1341 3386 1356 3403 .
1403 3387 1417 3402 .
1463 3386 1479 3401 .
1538 3388 1552 3401 .
1599 3384 1614 3399 .
1686 3345 1805 3397 Alia
1852 3359 2071 3415 quoque
2120 3345 2391 3399 sententia
2421 3322 2463 3379 (ἶ

2492 3356 2645 3407 μου,
2701 3337 2799 3391 καί
2857 3338 3236 3405 ἁντιλήπτωρ
3289 3354 3408 3405 μου
3450 3375 3464 3390 .
3512 3375 3526 3389 .
3570 3373 3586 3389 .
3631 3374 3646 3390 .
3692 3373 3707 3387 .
3749 3334 3859 3387 Καὶ
3903 3333 4083 3399 ἄλλως
4138 3370 4141 3375 -

797 3425 979 3495 ⁵Ιὶιξιιιιι
1012 3446 1171 3493 vocat
1197 3436 1596 3501 fortitudinem,
1628 3437 1919 3490 humanam
1944 3435 2213 3490 conﬁtens
2241 3436 2393 3489 inlir-

808 3531 1081 3594 mitatem,
1129 3544 1252 3601 qua:
1294 3529 1414 3585 sine
1448 3527 1560 3584 Deo
1591 3528 1743 3583 nihil.
1777 3542 1939 3598 agere
1976 3528 2184 3595 valeat;
2220 3543 2392 3597 quare

808 3623 893 3679 sic
938 3623 1017 3677 ait
1054 3622 1294 3677 Paulus:
1326 3619 1521 3675 Omnia
1560 3635 1773 3687 possum
1824 3619 1877 3672 in
1916 3616 2127 3673 Christo
2178 3619 2268 3689 qui
2310 3634 2390 3671 me

808 3713 1165 3785 confortat”.
1204 3714 1402 3784 Aquila
1435 3727 1601 3782 porro
1645 3722 1698 3766 et
1742 3710 2125 3782 Symmachus,
2171 3713 2290 3765 vice
2320 3711 2387 3764 il-

808 3808 940 3870 lius,
1002 3805 1293 3876 fortitudo,
1340 3816 1547 3876 petram
1598 3804 1938 3874 interpretati
1997 3814 2167 3858 sunt:
2202 3805 2386 3874 aitque

807 3914 1041 3970 magnus
1088 3899 1384 3969 Apostolus
1415 3916 1429 3953 :
1458 3896 1622 3951 Petra
1663 3906 1839 3949 autem
1886 3908 2002 3949 erat
2045 3893 2287 3950 Christus
2312 3895 2380 3948 ⁸⁸.

807 3988 943 4044 Cum
976 4002 1142 4057 supra
1183 3996 1391 4057 petram
1426 3976 1588 4049 hanc,
1620 3987 1841 4040 domum
1874 4002 2026 4041 suam
2066 3986 2233 4039 David
2260 3986 2383 4039 fun-

805 4078 1015 4147 dasset,
1042 4080 1241 4136 similis
1279 4088 1396 4134 erat
1434 4080 1544 4133 viro
1565 4080 1809 4147 sapienti.
1842 4079 1931 4146 qui
1958 4077 2241 4147 wdiﬁcavit
2281 4076 2380 4129 do-

806 4176 951 4228 mum
991 4187 1144 4226 suam
1186 4185 1347 4243 supra
1393 4179 1595 4240 petram
1615 4170 1683 4223 ⁸⁸.
1734 4168 2079 4237 Quapropter
2124 4166 2379 4220 omnibus

801 4266 1044 4322 inimicis
1082 4265 1223 4328 suis,
1280 4263 1373 4333 qui
1409 4262 1625 4333 pluviae,
1667 4267 1953 4315 ventorum
2008 4266 2062 4312 et
2092 4256 2376 4309 lltuniuum

776 4358 977 4414 instar
1008 4356 1404 4427 impingebaut,
1461 4351 1714 4424 superior
1762 4350 1989 4405 eli‘ectus
2029 4357 2133 4403 est.
2172 4344 2374 4401 Verum

800 4465 977 4521 neque
1018 4449 1346 4504 satellitibus
1399 4461 1463 4500 ac
1511 4441 1777 4500 exercitui
1833 4440 2078 4495 conlisus
2130 4445 2233 4501 est,
2278 4436 2375 4492 sed

799 4543 910 4599 Deo
933 4558 1093 4612 quem
1126 4542 1316 4595 habuit
1343 4539 1750 4609 opitulatorem,
1778 4535 1924 4589 omni
1956 4548 2154 4605 genere
2189 4546 2372 4585 armo-

799 4649 920 4690 rum
969 4634 1298 4687 instructum
1341 4643 1395 4686 et
1440 4647 1611 4685 cornu
1660 4631 1877 4692 salutis,
1916 4628 1987 4681 ita
2033 4633 2092 4679 ut
2120 4625 2368 4680 diceret:

800 4724 868 4783 In
898 4736 945 4779 te
968 4726 1205 4779 inimicos
1242 4734 1448 4779 nostros
1478 4724 1844 4779 uentilabimus
1868 4740 2030 4777 cornu
2052 4723 2118 4775 ⁵⁷.

869 4817 1037 4874 Vens.
1102 4819 1222 4873 5-7.
1270 4816 1734 4873 Circumdederunt
1816 4833 1896 4871 me
1958 4815 2165 4869 dolores
2228 4827 2370 4865 mor-

798 4914 887 4978 tis,
912 4922 961 4970 et
994 4921 1247 4967 torrentes
1273 4912 1576 4982 iniquitatis
1601 4898 2042 4963 conturbauerunt
2067 4923 2167 4962 me.
2206 4904 2372 4958 Dole-

796 5024 879 5062 res
911 5008 1103 5077 inferni
1140 5005 1603 5060 circumdederunt
1634 5018 1734 5065 me,
1766 5005 2259 5069 prteoccuparerunt
2292 5012 2371 5048 me

796 5099 970 5169 laquei
1004 5098 1211 5151 mortis.
1247 5094 1312 5149 In
1363 5093 1704 5149 tribulatione
1737 5089 1852 5145 mea
1904 5091 2136 5146 invocavi
2192 5086 2372 5140 Domi-

795 5203 943 5255 num,
976 5199 1031 5243 et
1075 5188 1143 5242 ad
1183 5187 1350 5241 Deum
1408 5203 1578 5243 meum
1612 5185 1861 5239 clamavi.
1894 5182 1961 5237 Et
1998 5179 2264 5238 exaudivit
2310 5176 2372 5230 de

798 5281 985 5347 templo
1024 5290 1206 5336 sancto
1244 5296 1337 5333 suc
1370 5297 1543 5335 uocem
1590 5296 1781 5345 meam,
1812 5286 1862 5332 et
1902 5276 2103 5330 clamor
2137 5288 2282 5327 meus
2316 5270 2371 5322 in

796 5384 1069 5441 conspectu
1089 5373 1203 5442 ejus
1238 5372 1471 5425 introibit
1498 5375 1550 5425 in
1580 5388 1734 5426 aures
1762 5369 1895 5439 ejus.
1933 5366 2030 5423 His
2062 5366 2223 5421 docet
2260 5375 2369 5432 quo

796 5473 957 5533 pacto
990 5478 1020 5517 a
1041 5464 1383 5519 torrentibus
1424 5464 1734 5533 iniquitatis
1759 5461 2032 5524 turbatus,
2056 5466 2109 5515 et
2141 5455 2368 5525 reliquis

796 5573 917 5627 qua:
946 5573 1108 5627 supra
1157 5544 1531 5611 memorantur
1572 5557 1731 5611 matis
1774 5554 2205 5616 circumventus,
2241 5564 2365 5604 cum

797 5665 857 5704 se
886 5650 941 5704 in
973 5652 1216 5721 periculo
1244 5652 1601 5706 constitutum
1636 5667 1756 5706 esse
1786 5649 2032 5711 sentiret,
2065 5645 2134 5700 ad
2168 5642 2365 5700 salutis

794 5757 908 5801 sua:
940 5753 1154 5813 portum
1196 5744 1461 5815 confugit.
1500 5741 1867 5810 Quamobrem
1905 5740 2016 5796 ait:
2052 5738 2119 5793 In
2142 5734 2366 5791 tribula-

2493 3428 2549 3482 δὲ
2580 3431 2732 3499 ἰσχὺν
2762 3429 2917 3481 καλεῖ
2940 3429 3029 3481 τὸν
3057 3427 3210 3492 Θεὸν,
3260 3426 3535 3498 ὁμολογῶν
3578 3426 3676 3497 τὴν
3730 3426 4079 3497 ἀνθρωπίνην

2492 3522 2797 3585 ἀσθένειαν,
2832 3522 2923 3575 καὶ
2946 3520 3021 3585 ὡς
3054 3521 3206 3574 οὐδὲν
3257 3518 3323 3573 ἂν
3358 3519 3580 3589 ἴσχυσεν
3616 3519 3746 3574 ἄνευ
3792 3516 3951 3571 Θεοῦ·
3979 3517 4079 3572 καὶ

2491 3614 2704 3679 Παῦλος
2755 3615 2867 3685 γὰρ
2901 3614 3025 3686 ἔφη’
3063 3612 3265 3667 Πάντα
3333 3615 3523 3683 ἰσχύω
3569 3612 3640 3671 ἐν
3693 3610 3774 3677 τῷ
3818 3609 4077 3664 ἐνδυνα-

2484 3707 2701 3778 μοῦντί
2723 3725 2797 3777 με
2824 3705 3076 3775 Χριστῷ.
3118 3706 3347 3769 Ἀκύλας
3398 3706 3454 3759 δὲ
3490 3706 3583 3758 καὶ
3628 3703 3922 3775 Σύμμαχος
3954 3701 4079 3757 ἀντὶ
4134 3750 4139 3755 .

2487 3800 2602 3865 τοῦ,
2635 3801 2958 3869 στερέωμα,
2996 3798 3200 3865 πέτραν
3230 3800 3601 3868 ήρμήνευσαψ
3629 3796 3734 3865 ἔφη
3784 3796 3842 3848 δὲ
3898 3798 3991 3850 καὶ
4047 3798 4077 3850 ὁ

2489 3896 2665 3967 μέγας
2682 3892 3017 3954 Ἀπόστολος·
3037 3890 3097 3943 Ἠ
3110 3889 3294 3956 πέτρα
3310 3888 3376 3941 δὲ
3390 3885 3467 3957 ἦν
3482 3890 3513 3941 ὀ
3524 3888 3794 3955 Χριστός.
3814 3888 3937 3940 Ἐπὶ
3951 3890 4078 3943 ταύ.

2484 4006 2583 4059 την
2611 3988 2708 4059 τὴν
2740 3986 2945 4056 πέτραν
2964 3985 3063 4055 τὴν
3085 3983 3277 4037 ἑαυτοῦ
3307 3980 3483 4034 οἰκίαν
3518 3980 3815 4050 οἰκοδομῶν
3839 3980 3867 4032 ὁ
3886 3980 4070 4044 Δαυῒδ,

2484 4078 2809 4149 ἀφωμοξωτο
2849 4074 2929 4141 τῷ
2978 4074 3241 4145 φρονίμῳ
3292 4074 3372 4139 τῷ
3444 4070 3905 4140 οἰκοδομήσαντι
3956 4072 4075 4139 τὴν

2481 4170 2699 4223 ἑαυτοῦ
2746 4171 2945 4222 οἰκίαν
2993 4168 3088 4219 ἐπὶ
3124 4165 3238 4234 τὴν
3292 4168 3534 4235 πέτραν.
3588 4165 3679 4219 Διὸ
3730 4164 3822 4219 καὶ
3851 4165 4072 4219 πάντων

2482 4264 2742 4332 κρείττων
2764 4261 3002 4328 ἐγένετο,
3048 4258 3157 4312 τῶν
3194 4258 3350 4313 ὑετοῦ
3410 4258 3589 4330 δίκην,
3639 4258 3964 4329 πνευμάτων
4007 4268 4067 4311 τε

2480 4354 2577 4408 καὶ
2604 4351 2862 4422 ποταμῶν
2902 4351 3346 4423 προσϐαλλόντων
3394 4350 3542 4421 αὐτῷ
3589 4349 3885 4421 πολεμίων.
3923 4348 4067 4413 Ἀλλ’

2477 4446 2595 4499 οὐδὲ
2625 4446 2717 4498 ἐπὶ
2746 4443 3081 4515 δορυφόρους
3136 4443 3360 4515 ἤλπιζεν
3408 4444 3440 4514 ἢ
3488 4436 3750 4515 στρατὸν,
3813 4441 3929 4497 ἀλλ’
3970 4442 4064 4495 ἐπὶ

2476 4536 2625 4599 Θεὸν,
2674 4534 2863 4606 βοηθὸν
2897 4534 3057 4588 αὑτὸν
3084 4533 3245 4604 ἔχων,
3273 4534 3572 4587 πανοπλίαν
3598 4534 3691 4588 καὶ
3722 4534 3908 4604 κέρας·
3931 4532 4062 4586 ὥστ’

2477 4626 2544 4680 ἂν
2572 4627 2745 4678 εἰπεῖν
2776 4627 2869 4678 καὶ
2898 4624 3077 4678 αὐτόν·
3125 4624 3221 4678 Ἐν
3256 4625 3354 4678 σοί
3404 4626 3555 4693 ,τοὺς
3597 4625 3850 4693 ἐχθροὺς
3892 4621 4063 4688 ἡμῶν

2477 4717 2878 4786 κερατιοῦμεν.

2520 4800 2875 4878 νΠεριέσχον
2923 4826 3001 4878 με
3049 4807 3257 4873 ὠδῖνες
3294 4806 3554 4861 θανάτου
3605 4807 3703 4859 καὶ
3755 4806 4059 4876 χείμαρροι

2475 4892 2724 4970 ἀνομίας
2745 4899 3112 4969 ἐξετάραξάν
3127 4917 3223 4969 με.
3258 4898 3351 4952 Ὡδ
3356 4898 3476 4963 ἶνες
3499 4898 3644 4964 ᾅδου
3669 4899 4061 4965 περιεκύκλω-

2476 4993 2596 5047 σάν
2618 5010 2714 5062 με,
2759 4990 3149 5061 προέφθάσάν
3172 5006 3249 5059 με
3271 4990 3518 5059 παγίδες
3551 4988 3828 5043 θανάτου.
3858 4990 3966 5042 Καὶ
3989 4989 4061 5043 ἐν

2478 5086 2557 5152 τῷ
2586 5088 2895 5141 θλίϐεσθαι
2914 5102 2990 5156 με
3014 5081 3478 5150 ἑπεκαλεσάμην
3509 5082 3617 5135 τὸν
3664 5083 3907 5149 Κύριον,
3961 5080 4062 5137 καὶ

2477 5181 2626 5248 πρὸς
2652 5180 2757 5234 τὸν
2806 5180 2952 5233 Θεόν
2994 5195 3114 5247 μου
3140 5173 3453 5243 ἑκέκμιξα.
3492 5177 3797 5229 Ἤκουσεν
3814 5177 3881 5229 ἐκ
3907 5174 4056 5230 ναοῦ

2476 5273 2648 5343 ἁγίου
2681 5274 2866 5327 αὐτοῦ
2896 5272 3012 5339 τὴν
3048 5268 3257 5338 φωνήν
3277 5284 3418 5337 μου,
3458 5268 3555 5321 καί
3597 5269 3635 5335 ἡ
3663 5267 3892 5338 κραυγή
3936 5283 4057 5337 μου

2476 5365 2732 5419 ἐνώπιον
2760 5363 2947 5419 αὑτοῦ
2980 5362 3392 5415 εἰσελεύσεται
3441 5362 3531 5427 εἰς
3561 5360 3633 5414 τὰ
3678 5355 3798 5415 ὦτα
3842 5355 4047 5412 αὐτοῦ.

2473 5458 2721 5511 Διδάσκει
2746 5457 2833 5510 διὰ
2865 5454 3069 5507 τούτων
3093 5452 3213 5507 τίνα
3245 5454 3463 5525 τρόπον,
3516 5454 3605 5506 καὶ
3638 5453 3745 5506 ὑπὸ
3783 5451 3891 5505 τῶν
3944 5466 4055 5521 χει·

2476 5552 2700 5621 neglng
2733 5550 2830 5619 τῆς
2852 5547 3082 5617 ἀνομίας
3102 5548 3526 5619 ταρασσόμενος,
3558 5546 3652 5598 καὶ
3699 5544 3771 5596 τὰ
3793 5541 3954 5619 λοιπὰ
3985 5542 4052 5594 τὲ

2472 5641 2841 5714 προειρημένα
2887 5638 3139 5709 πάσχων,
3168 5640 3364 5711 ᾔσθετο
3410 5637 3574 5693 αὑτοῦ
3629 5622 4047 5695 κινδυνεύοντος.

2470 5735 2561 5788 ἐπὶ
2582 5734 2673 5787 τὸν
2700 5732 2896 5801 λιμένα
2923 5730 3023 5803 τῆς
3043 5733 3235 5789 ἑαυτοῦ
3282 5732 3552 5804 σωτηρίας
3584 5726 3909 5800 κατέφευγε.
3955 5723 4050 5782 Διό

865 5924 911 5958 ⁵⁸
948 5922 1180 5996 Philipp.
1236 5942 1305 5990 Iv,
1350 5926 1431 5981 l5.
1508 5927 1594 5982 "I
1630 5924 1755 5982 Cor.
1805 5941 1856 5985 ι.
1898 5922 1957 5977 ις
2027 5886 2288 5974 “Matth.
2318 5909 2476 5985 ;vu,‘i

2484 5911 2542 5967 ll.
2624 5914 2666 5949 ⁵⁷
2691 5911 2831 5969 Psal.
2869 5926 3027 5978 ιιιιι,
3062 5912 3115 5966 6-
