4302 6428
299 498 394 552 169

1425 507 1934 568 COMMENTARIA
1973 508 2036 564 IN
2079 509 2421 565 PSALMOS.

3422 510 3524 565 170

294 633 476 688 φησιντ
524 619 625 672 Ἐν
661 620 738 686 τῷ
769 623 1071 678 θλίϐεσθαι
1123 625 1583 696 ἐπεκαλεσὰμην
1611 627 1716 681 τὸν
1747 627 1852 680 K15-

1889 630 1933 686 A
1966 629 2102 682 tione
2155 644 2269 682 mea
2315 626 2546 681 invocavi
2597 624 2903 690 Dominum,
2952 632 3002 678 et
3045 623 3112 677 ad
3154 622 3320 678 Deum
3356 641 3522 680 meum

291 710 567 774 ριον,.και
623 711 768 780 πρὸς
839 714 946 769 τὸν
997 718 1150 787 Θεόνη
1197 734 1318 786 μου
1362 718 1675 785 ἐκέκραξα.
1724 715 1857 772 Εἶτα

290 796 546 862 διδάσκει,
593 799 668 866 ὡς
724 805 824 858 οὐκ
865 807 1133 878 ἠστόχησε
1205 806 1300 860 τοῦ
1351 807 1573 862 ’σκοποῦ
1637 810 1859 865 τοιαῦτα

289 890 604 955 πιστεύσας·
634 893 673 962 ἠ
699 895 808 969 γὰρ
836 897 1013 965 ἐλπὶς
1038 902 1110 954 οὺ
1133 902 1538 972 καταισχύνει.
1557 902 1648 955 Διὸ
1673 903 1861 973 ἐπιφέ-

289 996 395 1052 ρει·
431 976 729 1040 Ἦκουσεν
750 987 818 1041 ἐκ
846 991 996 1044 ναοῦ
1028 993 1199 1061 ἁγίου
1226 993 1410 1049 αὐτοῦ
1468 994 1674 1064 φωνῆς
1718 1013 1856 1066 μου,

287 1074 387 1137 καὶ
418 1074 459 1144 ἠ
495 1077 724 1148 κραυγή
755 1099 875 1150 μου
937 1084 1193 1139 ἐνώπιον
1238 1085 1423 1140 αὐτοῦ
1453 1090 1861 1144 εἰσελεύσεται

284 1169 372 1234 εις
401 1169 475 1224 τὰ
523 1166 646 1226 ὦτα
690 1177 895 1231 αὐτοῦ.
925 1179 1069 1232 Ναὸν
1110 1179 1165 1234 δὲ
1206 1179 1340 1233 Θεοῦ
1373 1183 1430 1234 ἐν
1466 1183 1676 1248 τούτοις
1712 1189 1861 1241 ποῖον

285 1261 391 1334 χρὴ
435 1267 574 1319 νοεῖν
606 1266 1104 1341 λέγεσθαι·ὑπὸ.τοῦ
1128 1273 1307 1337 Δαυῖδ,
1359 1276 1524 1346 μήπω
1549 1276 1643 1330 τοῦ
1671 1281 1728 1331 ἐν
1769 1280 1863 1332 Ἱε-

285 1354 606 1426 ροσολύμοις
637 1359 785 1413 οἴκου
837 1361 1364 1432 κατεσκευασμένου,
1414 1364 1446 1436 ἢ
1495 1365 1713 1430 πάντως
1756 1383 1858 1419 που

280 1443 380 1517 τὴν
426 1447 746 1521 ἐπουράνιον
771 1452 922 1506 πόλιν
965 1452 1059 1507 τοῦ
1089 1454 1244 1518 Θεοῦ,
1305 1456 1398 1509 καὶ
1430 1458 1529 1528 τὴν
1578 1457 1689 1511 ἅνω
1760 1460 1858 1513 Ἱε-

285 1541 582 1613 ρουσαλὴμ,
613 1540 681 1618 ἦς
702 1544 864 1600 εἰκὼν
905 1545 1198 1618 ἐτύγχανεν
1244 1550 1272 1601 ὁ
1305 1551 1395 1603 ἐπὶ
1437 1538 1541 1623 τῆς
1565 1553 1668 1622 γῆς
1726 1571 1858 1607 κατ-

279 1636 678 1705 ισκευασμένος
696 1638 828 1702 νεώς
849 1654 863 1704 ;

345 1727 458 1780 Καὶ
476 1727 786 1799 ίὲσαλεύθη
819 1732 916 1786 καὶ
956 1733 1238 1802 ἔντρομος
1267 1734 1518 1804 ἐγενήθη
1558 1740 1596 1806 ἡ
1634 1737 1729 1808 γῆ,
1759 1740 1855 1794 καὶ

278 1817 350 1872 τὰ
377 1820 620 1889 θεμέλια
651 1821 766 1877 τῶν
796 1824 980 1893 ὀρέων
1011 1827 1430 1896 ἐταράχθησαν
1465 1831 1563 1883 καὶ
1599 1831 1853 1887 ἐσαλεύ-

278 1916 496 1980 θησαν,
545 1914 634 1969 ὅτι
684 1917 948 1987 ὠργίσθη
1004 1919 1209 1986 αὐτοῖς
1256 1923 1287 1973 ό
1333 1923 1494 1988 Θεός.
1543 1924 1854 1979 Λευκότατα

279 2004 633 2076 προφητεύων
663 2006 761 2079 τὴν
806 2009 1105 2065 κατάϐασιν
1137 2011 1228 2065 τοῦ
1259 2014 1466 2085 Κυρίου
1509 2013 1594 2068 διὰ
1633 2016 1722 2069 τὸν
1752 2015 1850 2070 θά-

277 2093 432 2149 ῦατον
467 2098 558 2149 καὶ
601 2099 728 2162 τοὺς
755 2099 1092 2172 χειμάρρους
1130 2101 1228 2172 τῆς
1263 2102 1511 2173 ἀνομίας,
1549 2102 1637 2156 διά
1666 2120 1723 2157 τε
1753 2103 1849 2168 τὰς

254 2185 469 2252 ,ὠδῖνας
501 2188 594 2242 τοῦ
625 2189 751 2262 ᾅδου
791 2193 884 2245 καὶ
913 2193 1012 2257 ea;
1051 2193 1282 2262 παγίδας
1316 2193 1410 2249 τοῦ
1464 2195 1719 2259 Θανάτου,
1755 2196 1852 2267 τὴν

275 2274 336 2351 ἐξ
375 2280 618 2353 οὐρανῶν
652 2283 948 2339 κατάϐασιν
980 2286 1368 2357 πεποιημένου.
1417 2288 1539 2341 Ἐπὶ
1578 2291 1646 2361 τῇ
1681 2307 1850 2342 κατα-

275 2370 428 2427 ϐάσει
470 2373 634 2429 αὐτοῦ
689 2376 811 2431 τίνα
858 2377 1173 2452 πέπρακται
1219 2381 1594 2454 προδιηγείται
1640 2381 1846 2451 λέγων·

275 2466 382 2520 Καὶ
409 2467 712 2538 ἐσαλεύθη
743 2470 841 2525 καὶ
889 2473 1174 2544 ἔντρομος
1213 2474 1467 2545 ἐγενήθη
1507 2476 1545 2544 ἠ
1584 2477 1659 2545 γῆ
1685 2492 1698 2504 '
1733 2474 1849 2528 ἀνθ’

273 2550 333 2610 οὗ
371 2557 604 2624 Ἀκύλας
646 2555 778 2633 φησί
797 2580 810 2592 ·
841 2565 947 2619 Καὶ
981 2566 1224 2636 ἐκινήθη
1273 2568 1373 2622 καὶ
1404 2569 1649 2636 ἐσείσθη
1679 2570 1717 2636 ἠ
1748 2558 1843 2636 γῆ.

274 2649 559 2722 Μαρτυρεῖ
593 2652 650 2705 δὲ
676 2653 754 2725 τῷ
778 2653 920 2726 λόγῳ
947 2656 1008 2709 τὸ
1032 2656 1213 2727 ἔργον.
1263 2659 1351 2723 Ὠς
1389 2659 1500 2730 γὰρ
1529 2658 1785 2730 ἐπεδήμει
1818 2659 1846 2710 6

237 2760 244 2768 ·
286 2735 432 2804 ’Υἱὸς
474 2740 570 2796 τοῦ
603 2741 738 2796 Θεοῦ
766 2746 830 2815 τῇ
865 2747 933 2817 γῇ
958 2747 1099 2801 κατὰ
1121 2749 1221 2819 τὴν
1251 2746 1513 2821 ἐνσαρκον
1544 2749 1708 2804 αὐτοῦ
1741 2767 1846 2803 πα-

275 2833 517 2906 ρουσίαν,
563 2836 764 2903 πάντες
793 2843 842 2891 oi
877 2840 936 2893 τὸ
983 2841 1082 2910 τῆς
1130 2841 1228 2912 γῆς
1265 2847 1522 2915 στοιχεῖον
1571 2842 1844 2906 οἰκοῦντες

270 2927 601 3001 ἐκινήθησαν
630 2929 724 2984 καὶ
759 2931 1105 3004 ἐσείσθησαν·
1141 2935 1290 2989 πᾶσά
1313 2952 1372 2988 τε
1395 2934 1530 3006 ἀκοὴ
1562 2933 1841 3006 Ἑλληνική

271 3035 330 3073 τε
362 3020 458 3074 καὶ
491 3019 766 3096 βάρϐαρος
789 3023 1087 3098 ἐπληροῦτο
1127 3027 1226 3098 τῆς
1271 3028 1398 3100 περὶ
1428 3026 1591 3082 αὐτοῦ
1634 3027 1838 3098 φήμης.

272 3109 352 3166 Τά
378 3111 436 3165 δὲ
465 3112 869 3186 λεγόμενατῶν
893 3117 1061 3190 ὀρέων
1091 3118 1314 3190 θεμέλια
1343 3105 1715 3190 ἐταράχθησαν
1749 3117 1844 3172 καὶ

269 3202 673 3278 ἐσαλεύθησαν⁸
711 3208 744 3280 ἢ
789 3209 928 3264 κατά
959 3209 1051 3263 τδν
1091 3210 1407 3284 Σύμμαχον,
1452 3209 1839 3281 περιετράπη-

1963 720 2208 776 clamavi.
2247 718 2456 773 Exinde
2497 719 2656 773 docet
2708 733 2767 772 se
2814 733 2843 771 a
2886 730 3052 787 scopo
3103 717 3327 771 minime
3365 716 3525 772 aber-

1961 829 2134 876 rasse,
2167 827 2289 867 cum
2324 812 2416 866 tali
2450 811 2642 867 ﬁducia
2675 813 2869 882 plenus
2905 820 3084 876 esset;
3111 825 3236 864 nam
3275 826 3389 879 spes
3421 828 3526 866 non

1960 904 2232 974 confundit
2256 906 2322 959 ⁵⁸.
2355 904 2590 975 Ideoque
2635 905 2919 975 subjungit
2946 923 2958 959 :
2987 903 3272 958 Exaudivit
3301 903 3365 958 de
3403 913 3526 960 tent-

1958 995 2044 1064 pio
2067 1006 2250 1050 sancto
2275 1012 2371 1050 suo
2400 1013 2573 1050 vocem
2604 1013 2795 1060 meam,
2823 1005 2873 1050 et
2905 995 3107 1050 clamor
3135 1012 3277 1049 meus
3318 995 3371 1049 in
3405 1011 3528 1050 con-

1960 1097 2139 1155 spectu
2194 1087 2307 1156 ejus
2354 1087 2594 1141 introibit
2644 1087 2700 1140 in
2743 1103 2897 1141 aures
2923 1087 3056 1157 ejus.
3101 1086 3383 1158 Templum
3427 1086 3524 1144 Dei

1960 1177 2236 1248 quodnam
2289 1193 2318 1231 a
2358 1177 2560 1234 Davide
2615 1179 2908 1234 memorari
2960 1179 3522 1249 bicinlelligondum,

1960 1285 2085 1324 cum
2116 1269 2604 1343 Hierosolymitana
2632 1270 2826 1328 domus
2875 1273 3114 1326 nondum
3168 1271 3403 1327 excitata
3443 1287 3526 1327 es-

1961 1373 2078 1428 set;
2113 1364 2218 1418 nisi
2260 1363 2535 1419 caelestem
2571 1363 2662 1418 Dei
2703 1365 2999 1428 civitatem,
3049 1379 3339 1435 supernam
3373 1363 3521 1418 illam

1937 1455 2282 1520 Jerusalem,
2316 1458 2474 1526 cujus
2510 1457 2688 1527 imago
2713 1456 2814 1512 fuit
2840 1457 3100 1528 templum
3137 1457 3191 1511 in
3221 1464 3368 1514 terra
3394 1472 3526 1512 con-

1961 1560 2224 1607 structum
2243 1553 2266 1605 ?

2031 1728 2195 1786 Vens.
2237 1728 2291 1783 8.
2319 1727 2596 1784 Commota
2618 1738 2698 1784 est
2726 1737 2776 1783 et
2802 1730 3113 1783 contremuit
3139 1738 3300 1796 terra,
3325 1728 3522 1798 funda-

1933 1833 2134 1900 .menta
2177 1824 2430 1877 montium
2482 1821 2797 1877 conturbata
2825 1828 2946 1876 sunt
2989 1831 3038 1876 et
3095 1830 3355 1876 commota
3376 1831 3521 1887 sunt,

1958 1919 2206 1987 quoniam
2253 1917 2422 1971 iratus
2456 1925 2534 1971 est
2579 1917 2655 1972 eis
2697 1915 2861 1970 Deus.
2906 1912 3032 1970 Istis
3077 1911 3524 1969 manifestissime

1886 1980 2288 2082 Bvaticinatur
2344 2004 2587 2060 futurum
2648 2003 2864 2060 Domini
2918 2002 3244 2059 descensum
3299 2009 3524 2074 propter

1955 2108 2207 2163 mortem,
2231 2114 2446 2154 necnon
2470 2105 2694 2168 propter
2743 2105 3017 2152 torrentes
3059 2096 3388 2167 iniquitatis,
3423 2095 3525 2152 do-

1954 2190 2099 2247 lores
2153 2191 2376 2256 inferni,
2445 2201 2498 2247 et
2539 2192 2763 2262 laqueos
2797 2191 3031 2258 mortis;
3083 2207 3202 2261 qua:
3254 2191 3310 2246 in
3355 2205 3524 2247 causa

1953 2282 2106 2339 fuere
2132 2297 2230 2338 cur
2257 2299 2324 2338 ex
2359 2283 2516 2337 caelis
2549 2282 2924 2338 descenderet.
2967 2281 3025 2337 in
3050 2281 3317 2339 descensu
3341 2295 3520 2338 autem

1951 2378 2072 2447 ejus
2093 2392 2340 2447 quanam
2367 2385 2518 2448 gesta
2543 2377 2671 2438 sint.
2709 2378 2862 2447 prius
2885 2376 3162 2431 enarravit
3201 2377 3288 2433 his
3320 2377 3516 2432 verbis:

1952 2471 2228 2527 Commota
2255 2481 2333 2527 est
2368 2481 2418 2526 ει
2456 2472 2769 2526 contremuit
2799 2481 2940 2525 terra
2970 2488 2988 2526 :
3014 2486 3112 2542 pro
3152 2487 3260 2542 quo
3299 2470 3516 2542 Aquila,

1950 2573 2095 2618 mota
2111 2572 2186 2618 est
2214 2572 2264 2618 et
2281 2581 2536 2621 concussa
2560 2573 2636 2619 est
2670 2572 2832 2630 terra,
2859 2565 3272 2635 interpretatur.
3298 2563 3363 2618 Et
3389 2579 3523 2620 sane

1949 2656 2078 2712 dicti
2102 2657 2248 2712 illius
2276 2658 2562 2712 veritatem
2593 2672 2682 2713 res
2710 2657 2826 2727 ipsa
2844 2665 2995 2728 gesta
3014 2656 3342 2713 testiﬁcatur
3362 2673 3375 2709 :
3397 2670 3521 2710 cum

1947 2747 2102 2802 enim.
2120 2744 2293 2803 Filius
2313 2745 2407 2801 Dei
2434 2746 2488 2800 in
2511 2753 2681 2811 terra,
2713 2753 2958 2816 tempore
2986 2745 3254 2801 adventus
3283 2744 3367 2801 sui
3398 2760 3524 2801 ear-

1948 2839 2108 2904 nalis,
2141 2837 2628 2910 peregrinabatur;
2664 2844 2936 2907 quotquot
2977 2845 3255 2892 terrenum
3283 2838 3522 2894 elemen-

1947 2940 2062 2986 tum
2108 2929 2376 2995 incolunt,
2431 2930 2691 3008 commoti
2734 2943 2799 2982 ac
2849 2930 3104 2984 concussi
3137 2937 3286 2995 sunt,
3333 2945 3396 2983 ac
3423 2945 3522 3001 per

1945 3022 2256 3079 Graecorum
2286 3023 2762 3093 barbarorumque
2807 3035 2970 3077 aures
2999 3021 3200 3092 ubique
3225 3019 3368 3075 fama
3394 3021 3516 3092 ejus

1944 3115 2251 3188 percrebuit
2278 3131 2291 3166 :
2333 3130 2397 3170 ea
2421 3104 2553 3170 verb
2582 3128 2703 3185 quae
2734 3111 3086 3168 fundamenta
3120 3113 3382 3168 montium
3418 3131 3516 3170 vo-

1944 3217 2160 3274 cantur,
2185 3207 2510 3264 conturbata
2548 3218 2677 3264 sunt
2703 3217 2756 3264 et
2779 3215 3051 3264 commota
3082 3212 3231 3284 sunt,
3261 3205 3519 3276 veljuxta

265 3309 409 3383 σαν,
446 3296 534 3351 ὅτι
556 3297 812 3371 ὠργίσθη
859 3301 1082 3376 αὺτρῖς.
1122 3304 1260 3375 Ὄρη
1284 3302 1342 3357 δὲ
1373 3298 1440 3376 ἦν
1472 3302 1541 3357 τά
1572 3301 1840 3374 ὑψώματα

1886 3322 1914 3383 3
1948 3303 2361 3376 Symmachum,
2389 3302 2739 3357 circumversa
2776 3309 2920 3361 sunt,
2945 3300 3384 3370 quoniamiratus
3443 3308 3519 3354 est

267 3382 337 3438 τά
359 3385 696 3459 ἐπαιρόμενα
725 3389 866 3444 κατὰ
891 3390 991 3462 τῆς
1017 3390 1270 3461 γνώσεως
1289 3392 1383 3447 τοῦ
1405 3391 1562 3458 Θεοῦ,
1583 3393 1840 3468 δυνάμεις

1893 3382 1908 3383 ί
1939 3396 2034 3450 eis.
2063 3393 2271 3478 Liontes
2300 3401 2478 3448 autem
2501 3391 3034 3471 erantsublimitates
3054 3407 3245 3448 omnes
3273 3392 3392 3462 quae
3419 3391 3518 3444 ad.

267 3477 411 3541 τινὲς
454 3479 848 3550 ἀντικείμεναι,
887 3484 945 3536 αἱ
988 3483 1079 3538 τὸν
1127 3486 1336 3559 μακρὸν
1368 3487 1541 3542 αἰῶνα
1589 3487 1714 3553 τοὺς
1746 3489 1840 3542 ἐπὶ

268 3568 371 3640 γῆς
395 3569 646 3635 ἅπαντας
669 3574 1120 3646 ἀποπλανήσασαι
1145 3575 1234 3632 διὰ
1262 3577 1365 3648 τῆς
1397 3577 1656 3633 πολυθέου
1683 3581 1842 3634 δεισι-

265 3655 567 3727 δαιμονίας.
601 3659 818 3740 ’ζούτων
846 3658 938 3716 οῦν
957 3661 1144 3732 ὀρέων
1159 3665 1234 3722 τὰ
1246 3665 1488 3739 θεμέλια
1505 3669 1747 3724 τουτέστι
1772 3672 1844 3725 τὰ

271 3747 406 3822 βάθη
450 3749 546 3804 καὶ
574 3752 625 3806 oi
657 3751 930 3825 λογισμοὶ,
956 3753 1056 3827 τῆς
1088 3753 1180 3812 τοῦ
1215 3759 1421 3830 Κυρίου
1453 3760 1732 3831 δυνάμεως
1754 3765 1839 3818 αε-

268 3840 526 3913 σθόμενα,
559 3840 1003 3916 ἐταράχθησαν,
1033 3842 1124 3898 ὅτι
1143 3847 1410 3920 ὠργίσθη
1441 3839 1664 3908 αὐτοῖς.

335 4112 402 4169 Τί
427 4110 522 4170 οὖν
543 4115 758 4189 ἐνεργεῖ
776 4119 809 4189 ἠ
826 4119 964 4198 ὀργὴ
977 4119 1119 4174 κατὰ
1132 4120 1238 4175 τῶν
1255 4122 1623 4178 ἀποδοθέντών
1638 4123 1830 4196 ὀρέων,

263 4203 393 4277 ἑξῆς
413 4204 650 4264 διδάσκει
670 4207 845 4278 λέγων
859 4227 873 4241 ·
905 4209 1102 4280 Ἀνέϐη
1127 4213 1355 4282 καπνὸς
1373 4215 1442 4270 ἐν
1461 4215 1607 4288 ὀργῇ
1625 4219 1832 4274 αὑτοῦ.

270 4298 476 4373 Ὥσπερ
520 4300 630 4374 γὰρ
669 4301 828 4358 δαλοῦ
879 4305 1170 4376 καιομένου
1219 4306 1324 4362 ὑπὸ
1375 4311 1568 4381 πυρὸς,
1596 4311 1834 4370 κᾶπειτα

265 4388 642 4464 σϐεννυμένου,
692 4393 897 4460 καπνὸς
944 4397 1272 4465 ἀποδίδοται,
1301 4401 1393 4457 τδν
1441 4404 1603 4459 αὐτὸν
1634 4405 1835 4479 τρόπον
1863 4395 1876 4406 ’

260 4481 326 4537 αι’
348 4484 716 4564 ἀντικείμεναι
740 4486 1015 4561 δυνάμεις,
1057 4491 1226 4548 πάλαι
1267 4495 1367 4566 μὲν
1399 4498 1663 4572 πρότερον
1703 4504 1838 4577 πυρὶ

261 4577 760 4652 παραϐαλλόμεναι,
778 4582 874 4647 τὰς
895 4581 1003 4638 τῶν
1045 4583 1347 4658 ἀνθρώπων
1370 4590 1546 4662 ψυχὰς
1577 4594 1840 4668 κατέφλε-

1941 3503 2134 3544 versus
2158 3486 2543 3558 cogitationem
2572 3484 2664 3541 Dei
2691 3485 3062 3556 erigebantur,
3094 3485 3304 3541 εείιίεει
3331 3482 3520 3540 adver-

1942 3579 2100 3636 sariae
2133 3577 2395 3648 quaedam
2429 3584 2748 3648 potestates,
2783 3591 2906 3647 quae
2959 3591 3056 3647 per
3087 3577 3248 3648 longa
3287 3579 3516 3633 saeculo-

1943 3688 2065 3727 rum
2088 3671 2262 3742 spatia
2297 3670 2601 3738 terrigenas
2631 3683 2821 3724 omnes
2877 3667 2934 3722 in
2980 3653 3360 3739 multiplicium
3385 3669 3515 3726 dco-

1941 3777 2063 3817 rum
2123 3761 2568 3830 superstitionem
2635 3766 2812 3830 atque
2849 3775 3094 3816 errorem
3151 3759 3527 3818 abduxerant.‘

1941 3852 2144 3908 Horum
2175 3853 2339 3924 igitur
2368 3853 2625 3908 montium
2663 3852 3032 3922 fundamenta,
3095 3853 3150 3908 id
3189 3861 3274 3910 est
3317 3854 3502 3912 altiore.

1939 3944 2166 4000 consilia
2193 3955 2250 4000 et
2281 3945 2663 4015 cogitationes,
2685 3943 2910 4022 Domini
2941 3944 3198 4001 virtutem
3229 3961 3354 4002 cum
3380 3929 3511 4018 pet:-

1939 4034 2320 4098 sentiscerent,
2353 4033 2665 4090 conturbata
2680 4042 2822 4101 sunt,
2847 4037 3096 4107 quoniam
3130 4037 3300 4094 iratus
3325 4039 3512 4096 esteis.

2011 4125 2175 4184 Vens.
2212 4127 2266 4194 9,
2298 4128 2386 4184 10.
2413 4127 2555 4194 Quid
2600 4123 2782 4201 itaque
2811 4139 3068 4200 operetur
3107 4131 3183 4198 ira
3253 4130 3512 4190 adversus

1939 4230 2155 4278 montes
2182 4221 2306 4277 illos
2335 4223 2442 4278 sibi
2473 4221 2728 4288 traditos,
2753 4221 2950 4279 deinde
2988 4225 3160 4296 aperit
3192 4224 3344 4280 hisce
3388 4240 3511 4281 ver-

1938 4315 2064 4372 bis:
2100 4315 2348 4372 Ascendit
2379 4317 2557 4386 fumus
2594 4317 2749 4371 inira
2769 4316 2903 4388 ejus.
2938 4315 3088 4373 Sicut
3138 4317 3280 4373 enim
3346 4318 3510 4373 torris

1939 4406 2144 4479 ignitus
2166 4406 2213 4462 si
2233 4407 2633 4479 exstinguatur,
2663 4417 2791 4463 tunc
2844 4407 3028 4463 fumus
3055 4408 3342 4475 emittitur,
3387 4409 3508 4478 pari

1939 4499 2104 4556 mede
2124 4499 2462 4557 adversaria?
2481 4507 2778 4571 potestates
2806 4499 2917 4568 jam
2943 4497 3150 4569 pridem
3173 4497 3432 4566 conjecta:
3448 4499 3508 4555 in

1939 4594 2158 4664 ignem,
2211 4590 2750 4650 hominumanimas
2811 4590 3172 4645 incendebant
3219 4590 3506 4646 combure-

258 4685 354 4739 γον
381 4670 474 4725 καὶ
507 4671 783 4740 ἐξέκαιον·
821 4676 944 4730 ἐπεὶ
973 4676 1018 4732 δ’
1059 4678 1346 4736 ἐσϐέννυτο
1389 4686 1570 4741 αὐτῶν
1610 4689 1674 4744 τὸ
1718 4690 1831 4765 πῦρ

1886 4681 1914 4741 )
1939 4685 2176 4757 bantque
2200 4702 2215 4752 ;
2247 4685 2373 4755 igne
2401 4690 2580 4738 autem
2598 4682 2666 4736 ab
2691 4681 2772 4734 ira
2790 4678 3313 4746 Dominiexstincto,
3341 4681 3506 4740 emis-

259 4763 366 4840 ὑπὸ
402 4764 506 4836 τῆς
540 4767 710 4839 ὀργῆς
735 4767 838 4822 τοῦ
859 4769 1086 4842 Κυρίου,
1118 4770 1186 4826 τὰ
1219 4778 1419 4846 σημεῖα
1446 4782 1548 4850 τῆς
1594 4763 1834 4849 σϐέσεωής

255 4855 440 4914 αὐτῶν
485 4856 675 4931 ἐδήλου
717 4861 747 4915 ὁ
793 4860 852 4928 ἐξ
895 4861 1072 4916 αὐτῶν
1105 4865 1559 4940 ἀναπεμπόμενος
1604 4877 1828 4941 καπνός.

208 5001 211 5003 ,
254 4944 371 5004 Εἴθ’
403 4949 809 5025 ἐξῆς-εἵρηται’
838 4955 950 5010 Καὶ
984 4954 1103 5026 πῦρ
1129 4957 1248 5012 ἀπὸ
1285 4960 1608 5028 προσώπου
1641 4969 1830 5025 αὐτοῦ

253 5043 793 5115 ναταφλεγήσεταιο
808 5045 1098 5117 ἄνθρακες
1115 5049 1479 5122 ἀνήφθησαν
1497 5056 1597 5111 ἀπ’
1618 5061 1827 5119 αὐτοῦ.

252 5133 442 5190 Ταῦτα
473 5136 583 5210 γὰρ
611 5137 641 5190 ὁ
667 5138 762 5194 τοῦ
803 5139 937 5196 Θεοῦ
988 5142 1115 5210 Υἱὸς
1155 5145 1376 5218 ἐνήργει
1420 5148 1642 5218 ἀφανῶς
1681 5157 1825 5212 κατὰ

250 5225 360 5281 τῶν
393 5229 786 5304 ἀντικειμένων
815 5234 1116 5308 δυνάμεων,
1151 5237 1211 5293 τὸ
1247 5237 1368 5312 πῦρ
1404 5239 1563 5295 αὐτὸν
1600 5243 1822 5313 σϐεννὺς

250 5319 428 5392 ἑτέρῳ
453 5323 589 5394 πυρὶ
617 5325 881 5396 κρείττονι
925 5331 1018 5385 καὶ
1042 5329 1412 5405 δυνατωτὲρῳ.
1443 5333 1537 5387 Διὸ
1575 5334 1845 5395 λέλεκται

251 5409 406 5482 παρά
437 5411 693 5467 Manios?”
737 5417 789 5469 Ὁ
825 5418 969 5487 Θεὸς
1006 5420 1175 5490 ἡμῶν
1214 5422 1333 5492 πῦρ
1375 5429 1826 5485 καταναλίσκον

249 5502 414 5584 ἐστι·
444 5505 539 5589 κατι
563 5507 622 5559 ἐν
645 5507 920 5582 Ψαλμοῖςο
940 5513 1067 5582 Πῦρ
1094 5515 1374 5595 ἐναντίον
1393 5519 1580 5575 αὐτοῦ
1602 5536 1825 5593 προπο-

243 5580 546 5664 ρευσεται,
569 5598 668 5651 καὶ
687 5580 924 5672 φλογιεῖ
943 5580 1150 5671 κύελῲ
1174 5609 1315 5676 τοὺς
1337 5609 1589 5680 ἐχθροὺς
1613 5580 1818 5673 αὐτοῦ’
1857 5623 1874 5632 ‘

253 5685 346 5740 καὶ
379 5685 559 5740 πάλιν·
611 5687 676 5740 Ὀ
717 5689 859 5760 Θεὸς
887 5693 1164 5766 ἐμφανῶς
1195 5699 1344 5767 ἣξει,
1373 5705 1405 5756 ό
1436 5702 1579 5772 Θεὸς
1623 5702 1820 5777 ἡμῶν,

252 5780 351 5835 καὶ
380 5782 455 5837 οὐ
491 5784 1126 5853 παρασιωπηθήσεται·
1176 5792 1296 5864 πῦρ
1338 5794 1593 5852 ἐνώπιον
1633 5803 1838 5859 αὐτοῦ.

1933 4795 2032 4841 sus
2074 4779 2200 4836 inde
2243 4777 2425 4833 fumus
2478 4774 2858 4831 exstinctionis
2887 4775 3042 4847 signa
3065 4775 3254 4831 edidit.
3299 4775 3505 4834 Deinde

1929 4875 2111 4947 pergit
2146 4874 2348 4937 dicere,
2385 4879 2435 4926 et
2481 4870 2615 4942 ignis
2652 4887 2685 4925 a
2718 4869 2995 4948 {acieejus
3019 4872 3346 4937 exardescet,
3376 4888 3500 4926 car...

1937 4967 2092 5022 bones
2123 4964 2356 5021 succensi
2381 4972 2503 5018 sunt
2535 4962 2600 5017 ab
2623 4979 2706 5020 eo.
2743 4963 2870 5019 Haec
2900 4965 3082 5019 omnia
3105 4965 3248 5019 enim
3281 4961 3376 5018 Dei
3406 4962 3513 5017 Fi-'

1936 5059 2044 5115 lius
2071 5064 2262 5113 contra
2289 5055 2630 5112 adversarios
2648 5063 2952 5127 potestates
2975 5057 3114 5112 clam
3143 5045 3495 5126 operabatur,
3540 5100 3542 5103 .

1933 5153 2026 5224 qui
2053 5164 2242 5206 eorum
2286 5149 2466 5220 ignem
2509 5150 2684 5206 altero
2731 5150 3270 5222 ignepotentiori'ac
3308 5147 3500 5202 arden-

1935 5242 2059 5299 tiori
2109 5239 2467 5297 exStinxerat.
2518 5238 2700 5309 Quare
2763 5241 2904 5310 apud
2954 5239 3193 5311 Moysem
3246 5237 3492 5293 dicitur:

1933 5335 2071 5390 Deus
2098 5342 2275 5388 noster
2304 5332 2438 5404 ignis
2489 5350 2798 5388 consumens
2841 5341 2919 5388 est
2949 5331 3016 5398 ⁵³,
3048 5339 3102 5387 et
3143 5331 3198 5386 in
3228 5331 3453 5398 psalmis
3479 5349 3491 5384 :

1937 5427 2078 5497 Ignis
2098 5435 2216 5481 ante
2241 5428 2412 5497 ipsum
2442 5430 2716 5500 prtccedet,
2745 5425 3161 5499 etin/Iammabit
3192 5425 3246 5477 in
3269 5424 3493 5478 circuitu

1933 5523 2170 5577 inimicos
2194 5523 2311 5592 ejus
2331 5523 2375 5555 ‘°
2397 5542 2413 5592 ;
2439 5540 2503 5580 ac
2520 5523 2739 5579 rursum
2779 5539 2792 5576 :
2829 5516 3278 5587 Deus‘manifeste
3303 5517 3488 5583 veniet,

1929 5613 2070 5670 Dens
2094 5623 2287 5683 noster,
2312 5623 2363 5669 et
2417 5597 2520 5669 non
2567 5615 2780 5669 silebit:
2807 5614 2942 5694 jgnis
2987 5612 3040 5664 in
3080 5617 3354 5678 conspectu
3378 5608 3491 5678 ejus

1928 5708 2251 5774 exardescet,
2293 5710 2432 5767 etin
2479 5711 2706 5764 circuitu
2748 5699 2863 5780 ejus
2897 5713 3175 5775 tempestas
3219 5702 3399 5758 valida
3421 5703 3490 5756 δ’.

1929 5803 2085 5859 Hunc
2102 5801 2264 5858 etiam
2307 5801 2488 5874 ignem
2537 5791 2786 5860 Salvator
2815 5799 3116 5858 indicavit:
3154 5795 3333 5870 Ignem
3376 5794 3490 5851 veni

243 5963 250 5970 -
315 5933 370 5970 ’⁸³
392 5933 550 5994 Rom.
583 5955 637 6003 ν,
677 5939 730 5996 5.
809 5941 853 5976 ⁹⁹
881 5942 1040 6001 Deut.
1073 5962 1151 6012 tv,
1179 5946 1271 6005 ει.
1298 5951 1300 5954 ’
1346 5952 1392 5986 ⁸ο
1413 5953 1556 6013 Psal.
1591 5970 1737 6024 xcvu,
1773 5960 1825 6019 5.

1905 5962 1946 5994 ⁶¹
1990 5960 2134 6016 Psal.
2184 5973 2332 6025 ηις,
2379 5959 2434 6014 3.

536 6029 808 6100 Ριτιιοι..
837 6034 955 6103 Gn".
986 6041 1223 6121 XXIII.

3211 6061 3248 6120 6
