  <div class='ocr_page' id='page_1' title='image "/cluster/home/n/w/nwhite01/storage/ocr_20150623/23/coo.31924054873041/101.png"; bbox 0 0 4302 6418; ppageno 0'>
   <div class='ocr_carea' id='block_1_1' title="bbox 785 488 884 547">
    <p class='ocr_par' dir='ltr' id='par_1_1' title="bbox 785 488 884 547">
     <span class='ocr_line' id='line_1_1' title="bbox 785 488 884 547; baseline 0 -1"><span class='ocrx_word' id='word_1_1' title='bbox 785 488 884 547; x_wconf 78' lang='grc'><strong>171</strong></span> 
     </span>
    </p>
   </div>
   <div class='ocr_carea' id='block_1_2' title="bbox 1478 474 3337 545">
    <p class='ocr_par' dir='ltr' id='par_1_2' title="bbox 1478 474 3337 545">
     <span class='ocr_line' id='line_1_2' title="bbox 1478 474 3337 545; baseline -0.011 0"><span class='ocrx_word' id='word_1_2' title='bbox 1478 485 1745 545; x_wconf 83' lang='lat' dir='ltr'><strong>EUSEBll</strong></span> <span class='ocrx_word' id='word_1_3' title='bbox 1785 482 2259 543; x_wconf 67' lang='lat' dir='ltr'><strong>CESARIENSIS</strong></span> <span class='ocrx_word' id='word_1_4' title='bbox 2296 481 2447 537; x_wconf 85' lang='lat' dir='ltr'><strong>OPP.</strong></span> <span class='ocrx_word' id='word_1_5' title='bbox 2489 477 2669 535; x_wconf 80' lang='lat' dir='ltr'><strong>PARS</strong></span> <span class='ocrx_word' id='word_1_6' title='bbox 2702 476 2787 533; x_wconf 80' lang='lat' dir='ltr'><strong>Ill.</strong></span> <span class='ocrx_word' id='word_1_7' title='bbox 2820 508 2876 519; x_wconf 95' lang='lat'><strong>—</strong></span> <span class='ocrx_word' id='word_1_8' title='bbox 2930 474 3337 530; x_wconf 72' lang='lat' dir='ltr'><strong>EXEGETICA.</strong></span> 
     </span>
    </p>
   </div>
   <div class='ocr_carea' id='block_1_3' title="bbox 3906 470 4012 526">
    <p class='ocr_par' dir='ltr' id='par_1_3' title="bbox 3906 470 4012 526">
     <span class='ocr_line' id='line_1_3' title="bbox 3906 470 4012 526; baseline 0.009 -1"><span class='ocrx_word' id='word_1_9' title='bbox 3906 470 4012 526; x_wconf 68' lang='grc'><strong>172</strong></span> 
     </span>
    </p>
   </div>
   <div class='ocr_carea' id='block_1_4' title="bbox 782 582 2481 675">
    <p class='ocr_par' dir='ltr' id='par_1_4' title="bbox 782 602 2481 675">
     <span class='ocr_line' id='line_1_4' title="bbox 782 602 2481 675; baseline -0.006 -16"><span class='ocrx_word' id='word_1_10' title='bbox 782 606 986 660; x_wconf 89' lang='lat' dir='ltr'><strong>mittere</strong></span> <span class='ocrx_word' id='word_1_11' title='bbox 1009 606 1063 659; x_wconf 90' lang='lat' dir='ltr'><strong>in</strong></span> <span class='ocrx_word' id='word_1_12' title='bbox 1082 615 1293 669; x_wconf 85' lang='lat' dir='ltr'><strong>terram,</strong></span> <span class='ocrx_word' id='word_1_13' title='bbox 1319 614 1367 658; x_wconf 90' lang='lat' dir='ltr'><strong>et</strong></span> <span class='ocrx_word' id='word_1_14' title='bbox 1396 604 1520 675; x_wconf 89' lang='lat' dir='ltr'><strong>quid</strong></span> <span class='ocrx_word' id='word_1_15' title='bbox 1552 606 1664 660; x_wconf 85' lang='lat' dir='ltr'><strong>volo</strong></span> <span class='ocrx_word' id='word_1_16' title='bbox 1696 605 1742 658; x_wconf 88' lang='lat' dir='ltr'><strong>si</strong></span> <span class='ocrx_word' id='word_1_17' title='bbox 1753 605 1869 674; x_wconf 90' lang='lat' dir='ltr'><strong>jam</strong></span> <span class='ocrx_word' id='word_1_18' title='bbox 1887 619 2134 658; x_wconf 85' lang='lat' dir='ltr'><strong>accensus</strong></span> <span class='ocrx_word' id='word_1_19' title='bbox 2157 602 2225 656; x_wconf 90' lang='lat' dir='ltr'><strong>sit</strong></span> <span class='ocrx_word' id='word_1_20' title='bbox 2250 602 2334 655; x_wconf 72' lang='grc'><strong>⁶²9</strong></span> <span class='ocrx_word' id='word_1_21' title='bbox 2366 611 2409 665; x_wconf 82' lang='grc' dir='ltr'><strong>Α</strong></span> <span class='ocrx_word' id='word_1_22' title='bbox 2439 616 2481 651; x_wconf 67' lang='grc' dir='ltr'>κε</span> 
     </span>
    </p>
   </div>
   <div class='ocr_carea' id='block_1_5' title="bbox 2318 582 4017 675">
    <p class='ocr_par' dir='ltr' id='par_1_5' title="bbox 2318 582 4017 665">
     <span class='ocr_line' id='line_1_5' title="bbox 2318 582 4017 665; baseline -0.011 -11"><span class='ocrx_word' id='word_1_23' title='bbox 2318 603 2334 655; x_wconf 68' lang='grc' dir='ltr'>Ρ</span> <span class='ocrx_word' id='word_1_24' title='bbox 2366 611 2409 665; x_wconf 82' lang='grc' dir='ltr'><strong>Α</strong></span> <span class='ocrx_word' id='word_1_25' title='bbox 2439 596 2822 662; x_wconf 77' lang='grc' dir='ltr'><strong>καυθήσεται,</strong></span> <span class='ocrx_word' id='word_1_26' title='bbox 2852 592 2951 645; x_wconf 78' lang='grc' dir='ltr'>καὶ</span> <span class='ocrx_word' id='word_1_27' title='bbox 3000 591 3205 657; x_wconf 78' lang='grc' dir='ltr'>κύκλῳ</span> <span class='ocrx_word' id='word_1_28' title='bbox 3233 588 3417 642; x_wconf 84' lang='grc' dir='ltr'>αὐτοῦ</span> <span class='ocrx_word' id='word_1_29' title='bbox 3462 586 3728 654; x_wconf 80' lang='grc' dir='ltr'>καταιγίς</span> <span class='ocrx_word' id='word_1_30' title='bbox 3755 582 4017 653; x_wconf 65' lang='grc' dir='ltr'>σφόδρα.</span> 
     </span>
    </p>
   </div>
   <div class='ocr_carea' id='block_1_6' title="bbox 781 692 2338 767">
    <p class='ocr_par' dir='ltr' id='par_1_6' title="bbox 781 692 2338 767">
     <span class='ocr_line' id='line_1_6' title="bbox 781 692 2338 767; baseline -0.005 -16"><span class='ocrx_word' id='word_1_31' title='bbox 781 694 907 751; x_wconf 66' lang='lat' dir='ltr'><strong>Haec</strong></span> <span class='ocrx_word' id='word_1_32' title='bbox 937 710 1099 767; x_wconf 90' lang='lat' dir='ltr'><strong>porro</strong></span> <span class='ocrx_word' id='word_1_33' title='bbox 1146 696 1327 765; x_wconf 81' lang='lat' dir='ltr'><strong>omnia</strong></span> <span class='ocrx_word' id='word_1_34' title='bbox 1381 694 1523 750; x_wconf 79' lang='lat' dir='ltr'><strong>facta</strong></span> <span class='ocrx_word' id='word_1_35' title='bbox 1581 704 1731 758; x_wconf 89' lang='lat' dir='ltr'><strong>sunt,</strong></span> <span class='ocrx_word' id='word_1_36' title='bbox 1771 694 2027 765; x_wconf 79' lang='lat' dir='ltr'><strong>quoniam</strong></span> <span class='ocrx_word' id='word_1_37' title='bbox 2069 692 2338 745; x_wconf 76' lang='lat' dir='ltr'><strong>inclinavit</strong></span> 
     </span>
    </p>
   </div>
   <div class='ocr_carea' id='block_1_7' title="bbox 779 780 2339 854">
    <p class='ocr_par' dir='ltr' id='par_1_7' title="bbox 779 780 2339 854">
     <span class='ocr_line' id='line_1_7' title="bbox 779 780 2339 854; baseline -0.003 -17"><span class='ocrx_word' id='word_1_38' title='bbox 779 784 935 838; x_wconf 70' lang='lat' dir='ltr'><strong>calas</strong></span> <span class='ocrx_word' id='word_1_39' title='bbox 967 794 1014 839; x_wconf 89' lang='lat' dir='ltr'><strong>et</strong></span> <span class='ocrx_word' id='word_1_40' title='bbox 1048 784 1329 839; x_wconf 75' lang='lat' dir='ltr'><strong>descendit.</strong></span> <span class='ocrx_word' id='word_1_41' title='bbox 1362 784 1547 854; x_wconf 79' lang='lat' dir='ltr'><strong>Neque</strong></span> <span class='ocrx_word' id='word_1_42' title='bbox 1570 800 1738 837; x_wconf 86' lang='lat' dir='ltr'><strong>unum</strong></span> <span class='ocrx_word' id='word_1_43' title='bbox 1774 780 2118 837; x_wconf 88' lang='lat' dir='ltr'><strong>solummodo</strong></span> <span class='ocrx_word' id='word_1_44' title='bbox 2141 780 2339 834; x_wconf 61' lang='lat' dir='ltr'><strong>caelum</strong></span> 
     </span>
    </p>
   </div>
   <div class='ocr_carea' id='block_1_8' title="bbox 783 870 2338 946">
    <p class='ocr_par' dir='ltr' id='par_1_8' title="bbox 783 870 2338 946">
     <span class='ocr_line' id='line_1_8' title="bbox 783 870 2338 946; baseline -0.003 -18"><span class='ocrx_word' id='word_1_45' title='bbox 783 876 1104 944; x_wconf 90' lang='lat' dir='ltr'><strong>inclinavit;</strong></span> <span class='ocrx_word' id='word_1_46' title='bbox 1137 878 1231 933; x_wconf 90' lang='lat' dir='ltr'><strong>sed</strong></span> <span class='ocrx_word' id='word_1_47' title='bbox 1262 892 1452 932; x_wconf 90' lang='lat' dir='ltr'><strong>omnes</strong></span> <span class='ocrx_word' id='word_1_48' title='bbox 1500 883 1766 946; x_wconf 81' lang='lat' dir='ltr'><strong>quotquot</strong></span> <span class='ocrx_word' id='word_1_49' title='bbox 1819 884 1948 929; x_wconf 89' lang='lat' dir='ltr'><strong>sunt</strong></span> <span class='ocrx_word' id='word_1_50' title='bbox 1990 874 2179 929; x_wconf 65' lang='lat' dir='ltr'><strong>caelos.</strong></span> <span class='ocrx_word' id='word_1_51' title='bbox 2206 870 2338 925; x_wconf 84' lang='lat' dir='ltr'><strong>Nam</strong></span> 
     </span>
    </p>
   </div>
   <div class='ocr_carea' id='block_1_9' title="bbox 779 964 2339 1039">
    <p class='ocr_par' dir='ltr' id='par_1_9' title="bbox 779 964 2339 1039">
     <span class='ocr_line' id='line_1_9' title="bbox 779 964 2339 1039; baseline -0.003 -17"><span class='ocrx_word' id='word_1_52' title='bbox 779 968 1084 1025; x_wconf 88' lang='lat' dir='ltr'><strong>humiliatio</strong></span> <span class='ocrx_word' id='word_1_53' title='bbox 1109 969 1454 1025; x_wconf 76' lang='lat' dir='ltr'><strong>celsitudinis</strong></span> <span class='ocrx_word' id='word_1_54' title='bbox 1486 970 1603 1039; x_wconf 86' lang='lat' dir='ltr'><strong>ejus</strong></span> <span class='ocrx_word' id='word_1_55' title='bbox 1631 977 1685 1023; x_wconf 91' lang='lat' dir='ltr'><strong>et</strong></span> <span class='ocrx_word' id='word_1_56' title='bbox 1706 967 2005 1023; x_wconf 85' lang='lat' dir='ltr'><strong>exinanitio</strong></span> <span class='ocrx_word' id='word_1_57' title='bbox 2037 964 2339 1021; x_wconf 85' lang='lat' dir='ltr'><strong>divinitatis</strong></span> 
     </span>
    </p>
   </div>
   <div class='ocr_carea' id='block_1_10' title="bbox 778 1056 2339 1130">
    <p class='ocr_par' dir='ltr' id='par_1_10' title="bbox 778 1056 2339 1130">
     <span class='ocr_line' id='line_1_10' title="bbox 778 1056 2339 1130; baseline -0.001 -19"><span class='ocrx_word' id='word_1_58' title='bbox 778 1056 917 1128; x_wconf 85' lang='lat' dir='ltr'><strong>ejus,</strong></span> <span class='ocrx_word' id='word_1_59' title='bbox 955 1060 1285 1130; x_wconf 82' lang='lat' dir='ltr'><strong>supradictis</strong></span> <span class='ocrx_word' id='word_1_60' title='bbox 1332 1060 1514 1115; x_wconf 83' lang='lat' dir='ltr'><strong>verbis</strong></span> <span class='ocrx_word' id='word_1_61' title='bbox 1551 1060 1882 1115; x_wconf 83' lang='lat' dir='ltr'><strong>indicantur.</strong></span> <span class='ocrx_word' id='word_1_62' title='bbox 1934 1057 2071 1112; x_wconf 91' lang='lat' dir='ltr'><strong>Cum</strong></span> <span class='ocrx_word' id='word_1_63' title='bbox 2106 1056 2339 1112; x_wconf 76' lang='lat' dir='ltr'><strong>maxima</strong></span> 
     </span>
    </p>
   </div>
   <div class='ocr_carea' id='block_1_11' title="bbox 778 1134 2335 1219">
    <p class='ocr_par' dir='ltr' id='par_1_11' title="bbox 778 1134 2335 1219">
     <span class='ocr_line' id='line_1_11' title="bbox 778 1134 2335 1219; baseline -0.004 -17"><span class='ocrx_word' id='word_1_64' title='bbox 778 1147 923 1219; x_wconf 83' lang='lat' dir='ltr'><strong>enim</strong></span> <span class='ocrx_word' id='word_1_65' title='bbox 940 1149 1187 1218; x_wconf 84' lang='lat' dir='ltr'><strong>emphasi</strong></span> <span class='ocrx_word' id='word_1_66' title='bbox 1214 1148 1536 1203; x_wconf 86' lang='lat' dir='ltr'><strong>descensum</strong></span> <span class='ocrx_word' id='word_1_67' title='bbox 1564 1149 1685 1217; x_wconf 89' lang='lat' dir='ltr'><strong>ejus</strong></span> <span class='ocrx_word' id='word_1_68' title='bbox 1706 1134 1977 1218; x_wconf 77' lang='lat' dir='ltr'><strong>signiﬁcat</strong></span> <span class='ocrx_word' id='word_1_69' title='bbox 2001 1146 2086 1201; x_wconf 89' lang='lat' dir='ltr'><strong>bis</strong></span> <span class='ocrx_word' id='word_1_70' title='bbox 2110 1145 2291 1201; x_wconf 83' lang='lat' dir='ltr'><strong>verbis</strong></span> <span class='ocrx_word' id='word_1_71' title='bbox 2323 1162 2335 1196; x_wconf 88' lang='lat'><strong>:</strong></span> 
     </span>
    </p>
   </div>
   <div class='ocr_carea' id='block_1_12' title="bbox 781 1238 2340 1310">
    <p class='ocr_par' dir='ltr' id='par_1_12' title="bbox 781 1238 2340 1310">
     <span class='ocr_line' id='line_1_12' title="bbox 781 1238 2340 1310; baseline -0.001 -15"><span class='ocrx_word' id='word_1_72' title='bbox 781 1238 1065 1296; x_wconf 81' lang='lat' dir='ltr'><strong>lnclinavit</strong></span> <span class='ocrx_word' id='word_1_73' title='bbox 1100 1241 1291 1304; x_wconf 79' lang='lat' dir='ltr'><strong>caelos;</strong></span> <span class='ocrx_word' id='word_1_74' title='bbox 1324 1240 1685 1310; x_wconf 85' lang='lat' dir='ltr'><strong>eumdemque</strong></span> <span class='ocrx_word' id='word_1_75' title='bbox 1710 1240 2035 1295; x_wconf 88' lang='lat' dir='ltr'><strong>descensum</strong></span> <span class='ocrx_word' id='word_1_76' title='bbox 2079 1253 2340 1308; x_wconf 89' lang='lat' dir='ltr'><strong>corporeo</strong></span> 
     </span>
    </p>
   </div>
   <div class='ocr_carea' id='block_1_13' title="bbox 775 1332 1485 1403">
    <p class='ocr_par' dir='ltr' id='par_1_13' title="bbox 775 1332 1485 1403">
     <span class='ocr_line' id='line_1_13' title="bbox 775 1332 1485 1403; baseline 0 -17"><span class='ocrx_word' id='word_1_77' title='bbox 775 1343 1004 1403; x_wconf 89' lang='lat' dir='ltr'><strong>prorsus</strong></span> <span class='ocrx_word' id='word_1_78' title='bbox 1035 1346 1185 1387; x_wconf 89' lang='lat' dir='ltr'><strong>more</strong></span> <span class='ocrx_word' id='word_1_79' title='bbox 1213 1332 1485 1402; x_wconf 76' lang='lat' dir='ltr'><strong>exprimit.</strong></span> 
     </span>
    </p>
   </div>
   <div class='ocr_carea' id='block_1_14' title="bbox 843 1502 2341 1579">
    <p class='ocr_par' dir='ltr' id='par_1_14' title="bbox 843 1502 2341 1579">
     <span class='ocr_line' id='line_1_14' title="bbox 843 1502 2341 1579; baseline -0.002 -19"><span class='ocrx_word' id='word_1_80' title='bbox 843 1506 1008 1562; x_wconf 70' lang='lat' dir='ltr'><strong>Vsus.</strong></span> <span class='ocrx_word' id='word_1_81' title='bbox 1068 1508 1249 1564; x_wconf 70' lang='lat'><strong>“~13.</strong></span> <span class='ocrx_word' id='word_1_82' title='bbox 1324 1506 1393 1560; x_wconf 84' lang='lat' dir='ltr'><strong>Et</strong></span> <span class='ocrx_word' id='word_1_83' title='bbox 1428 1508 1597 1579; x_wconf 85' lang='lat' dir='ltr'><strong>caligo</strong></span> <span class='ocrx_word' id='word_1_84' title='bbox 1667 1509 1761 1561; x_wconf 88' lang='lat' dir='ltr'><strong>sub</strong></span> <span class='ocrx_word' id='word_1_85' title='bbox 1819 1506 2033 1577; x_wconf 78' lang='lat' dir='ltr'><strong>pedibus</strong></span> <span class='ocrx_word' id='word_1_86' title='bbox 2080 1506 2213 1575; x_wconf 82' lang='lat' dir='ltr'><strong>ejus.</strong></span> <span class='ocrx_word' id='word_1_87' title='bbox 2272 1502 2341 1557; x_wconf 86' lang='lat' dir='ltr'><strong>Et</strong></span> 
     </span>
    </p>
   </div>
   <div class='ocr_carea' id='block_1_15' title="bbox 776 1596 2339 1669">
    <p class='ocr_par' dir='ltr' id='par_1_15' title="bbox 776 1596 2339 1669">
     <span class='ocr_line' id='line_1_15' title="bbox 776 1596 2339 1669; baseline -0.001 -16"><span class='ocrx_word' id='word_1_88' title='bbox 776 1600 1011 1665; x_wconf 72' lang='lat' dir='ltr'><strong>ascendit</strong></span> <span class='ocrx_word' id='word_1_89' title='bbox 1032 1616 1187 1669; x_wconf 81' lang='lat' dir='ltr'><strong>super</strong></span> <span class='ocrx_word' id='word_1_90' title='bbox 1209 1599 1473 1653; x_wconf 82' lang='lat' dir='ltr'><strong>cherubim</strong></span> <span class='ocrx_word' id='word_1_91' title='bbox 1495 1610 1544 1654; x_wconf 88' lang='lat' dir='ltr'><strong>et</strong></span> <span class='ocrx_word' id='word_1_92' title='bbox 1566 1599 1779 1664; x_wconf 80' lang='lat' dir='ltr'><strong>volavit,</strong></span> <span class='ocrx_word' id='word_1_93' title='bbox 1806 1600 1999 1653; x_wconf 80' lang='lat' dir='ltr'><strong>volavit</strong></span> <span class='ocrx_word' id='word_1_94' title='bbox 2016 1596 2182 1667; x_wconf 79' lang='lat' dir='ltr'><strong>super</strong></span> <span class='ocrx_word' id='word_1_95' title='bbox 2210 1613 2339 1667; x_wconf 90' lang='lat' dir='ltr'><strong>pen-</strong></span> 
     </span>
    </p>
   </div>
   <div class='ocr_carea' id='block_1_16' title="bbox 777 1690 2341 1763">
    <p class='ocr_par' dir='ltr' id='par_1_16' title="bbox 777 1690 2341 1763">
     <span class='ocr_line' id='line_1_16' title="bbox 777 1690 2341 1763; baseline -0.003 -17"><span class='ocrx_word' id='word_1_96' title='bbox 777 1709 873 1746; x_wconf 82' lang='lat' dir='ltr'><strong>nas</strong></span> <span class='ocrx_word' id='word_1_97' title='bbox 897 1700 1185 1746; x_wconf 80' lang='lat' dir='ltr'><strong>ventorum.</strong></span> <span class='ocrx_word' id='word_1_98' title='bbox 1211 1690 1314 1748; x_wconf 92' lang='lat' dir='ltr'><strong>Per</strong></span> <span class='ocrx_word' id='word_1_99' title='bbox 1354 1692 1639 1763; x_wconf 81' lang='lat' dir='ltr'><strong>caliginem</strong></span> <span class='ocrx_word' id='word_1_100' title='bbox 1670 1701 1724 1748; x_wconf 91' lang='lat' dir='ltr'><strong>et</strong></span> <span class='ocrx_word' id='word_1_101' title='bbox 1756 1691 2009 1747; x_wconf 82' lang='lat' dir='ltr'><strong>tenebras</strong></span> <span class='ocrx_word' id='word_1_102' title='bbox 2032 1692 2173 1757; x_wconf 86' lang='lat' dir='ltr'><strong>illas,</strong></span> <span class='ocrx_word' id='word_1_103' title='bbox 2200 1690 2341 1743; x_wconf 90' lang='lat' dir='ltr'><strong>clam</strong></span> 
     </span>
    </p>
   </div>
   <div class='ocr_carea' id='block_1_17' title="bbox 773 1783 2345 1840">
    <p class='ocr_par' dir='ltr' id='par_1_17' title="bbox 773 1783 2345 1840">
     <span class='ocr_line' id='line_1_17' title="bbox 773 1783 2345 1840; baseline -0.002 -2"><span class='ocrx_word' id='word_1_104' title='bbox 773 1792 829 1838; x_wconf 85' lang='lat' dir='ltr'><strong>ct</strong></span> <span class='ocrx_word' id='word_1_105' title='bbox 851 1798 1049 1838; x_wconf 89' lang='lat' dir='ltr'><strong>arcana</strong></span> <span class='ocrx_word' id='word_1_106' title='bbox 1072 1785 1282 1839; x_wconf 82' lang='lat' dir='ltr'><strong>ratione</strong></span> <span class='ocrx_word' id='word_1_107' title='bbox 1304 1800 1459 1840; x_wconf 89' lang='lat' dir='ltr'><strong>suam</strong></span> <span class='ocrx_word' id='word_1_108' title='bbox 1484 1784 1785 1840; x_wconf 90' lang='lat' dir='ltr'><strong>secundum</strong></span> <span class='ocrx_word' id='word_1_109' title='bbox 1807 1783 2084 1837; x_wconf 86' lang='lat' dir='ltr'><strong>hominem</strong></span> <span class='ocrx_word' id='word_1_110' title='bbox 2122 1796 2345 1837; x_wconf 74' lang='grc' dir='ltr'>ωοοαο-</span> 
     </span>
    </p>
   </div>
   <div class='ocr_carea' id='block_1_18' title="bbox 774 1860 2344 1946">
    <p class='ocr_par' dir='ltr' id='par_1_18' title="bbox 774 1860 2344 1946">
     <span class='ocr_line' id='line_1_18' title="bbox 774 1860 2344 1946; baseline -0.001 -18"><span class='ocrx_word' id='word_1_111' title='bbox 774 1874 938 1929; x_wconf 89' lang='lat' dir='ltr'><strong>miam</strong></span> <span class='ocrx_word' id='word_1_112' title='bbox 966 1875 1271 1931; x_wconf 88' lang='lat' dir='ltr'><strong>adumbrat.</strong></span> <span class='ocrx_word' id='word_1_113' title='bbox 1293 1878 1627 1946; x_wconf 91' lang='lat' dir='ltr'><strong>Demumque</strong></span> <span class='ocrx_word' id='word_1_114' title='bbox 1671 1876 1863 1931; x_wconf 87' lang='lat' dir='ltr'><strong>eodem</strong></span> <span class='ocrx_word' id='word_1_115' title='bbox 1890 1860 2178 1930; x_wconf 84' lang='lat' dir='ltr'><strong>revertitur</strong></span> <span class='ocrx_word' id='word_1_116' title='bbox 2202 1872 2344 1927; x_wconf 90' lang='lat' dir='ltr'><strong>unde</strong></span> 
     </span>
    </p>
   </div>
   <div class='ocr_carea' id='block_1_19' title="bbox 2440 676 4016 751">
    <p class='ocr_par' dir='ltr' id='par_1_19' title="bbox 2440 676 4016 751">
     <span class='ocr_line' id='line_1_19' title="bbox 2440 676 4016 751; baseline -0.008 -9"><span class='ocrx_word' id='word_1_117' title='bbox 2440 689 2608 742; x_wconf 81' lang='grc' dir='ltr'>Τοῦτο</span> <span class='ocrx_word' id='word_1_118' title='bbox 2656 687 2711 739; x_wconf 84' lang='grc' dir='ltr'>δὲ</span> <span class='ocrx_word' id='word_1_119' title='bbox 2738 685 2832 739; x_wconf 77' lang='grc' dir='ltr'>καὶ</span> <span class='ocrx_word' id='word_1_120' title='bbox 2872 684 3032 747; x_wconf 85' lang='grc' dir='ltr'>αὐτὸς</span> <span class='ocrx_word' id='word_1_121' title='bbox 3064 686 3093 737; x_wconf 82' lang='grc' dir='ltr'><strong>ὁ</strong></span> <span class='ocrx_word' id='word_1_122' title='bbox 3122 681 3311 751; x_wconf 83' lang='grc' dir='ltr'>Σωτὴρ</span> <span class='ocrx_word' id='word_1_123' title='bbox 3354 678 3606 749; x_wconf 77' lang='grc' dir='ltr'>ἐδηλοῦτο</span> <span class='ocrx_word' id='word_1_124' title='bbox 3633 676 3761 747; x_wconf 83' lang='grc' dir='ltr'>πῦρ,</span> <span class='ocrx_word' id='word_1_125' title='bbox 3796 676 3981 744; x_wconf 79' lang='grc' dir='ltr'>λέγων</span> <span class='ocrx_word' id='word_1_126' title='bbox 4001 692 4016 705; x_wconf 90' lang='grc'><strong>·</strong></span> 
     </span>
    </p>
   </div>
   <div class='ocr_carea' id='block_1_20' title="bbox 2439 770 4024 850">
    <p class='ocr_par' dir='ltr' id='par_1_20' title="bbox 2439 770 4024 850">
     <span class='ocr_line' id='line_1_20' title="bbox 2439 770 4024 850; baseline -0.01 -12"><span class='ocrx_word' id='word_1_127' title='bbox 2439 784 2565 850; x_wconf 83' lang='grc' dir='ltr'><strong>Πῦρ</strong></span> <span class='ocrx_word' id='word_1_128' title='bbox 2610 781 2798 849; x_wconf 77' lang='grc' dir='ltr'>ἦλθον</span> <span class='ocrx_word' id='word_1_129' title='bbox 2824 778 3043 842; x_wconf 59' lang='grc' dir='ltr'>,βαλεῖν</span> <span class='ocrx_word' id='word_1_130' title='bbox 3081 778 3178 836; x_wconf 79' lang='grc' dir='ltr'><strong>ἐπὶ</strong></span> <span class='ocrx_word' id='word_1_131' title='bbox 3213 776 3326 841; x_wconf 78' lang='grc' dir='ltr'>τὴν</span> <span class='ocrx_word' id='word_1_132' title='bbox 3344 774 3479 843; x_wconf 74' lang='grc' dir='ltr'>γῆν,</span> <span class='ocrx_word' id='word_1_133' title='bbox 3520 771 3618 824; x_wconf 82' lang='grc' dir='ltr'>καὶ</span> <span class='ocrx_word' id='word_1_134' title='bbox 3647 771 3703 823; x_wconf 86' lang='grc' dir='ltr'><strong>τί</strong></span> <span class='ocrx_word' id='word_1_135' title='bbox 3742 772 3921 833; x_wconf 83' lang='grc' dir='ltr'>θέλω,</span> <span class='ocrx_word' id='word_1_136' title='bbox 3968 770 4024 823; x_wconf 77' lang='grc' dir='ltr'>ει</span> 
     </span>
    </p>
   </div>
   <div class='ocr_carea' id='block_1_21' title="bbox 2441 861 4021 945">
    <p class='ocr_par' dir='ltr' id='par_1_21' title="bbox 2441 861 4021 945">
     <span class='ocr_line' id='line_1_21' title="bbox 2441 861 4021 945; baseline -0.009 -17"><span class='ocrx_word' id='word_1_137' title='bbox 2441 875 2556 945; x_wconf 76' lang='grc' dir='ltr'><strong>ἤδη</strong></span> <span class='ocrx_word' id='word_1_138' title='bbox 2616 872 2888 941; x_wconf 70' lang='grc' dir='ltr'>ἀνήφθη;</span> <span class='ocrx_word' id='word_1_139' title='bbox 2942 869 3127 923; x_wconf 81' lang='grc' dir='ltr'>Ταῦτα</span> <span class='ocrx_word' id='word_1_140' title='bbox 3189 872 3366 922; x_wconf 83' lang='grc' dir='ltr'>πάντα</span> <span class='ocrx_word' id='word_1_141' title='bbox 3428 864 3655 934; x_wconf 79' lang='grc' dir='ltr'>ἐγίνετο,</span> <span class='ocrx_word' id='word_1_142' title='bbox 3713 861 4021 931; x_wconf 81' lang='grc' dir='ltr'><strong>ἐπειδήπερ</strong></span> 
     </span>
    </p>
   </div>
   <div class='ocr_carea' id='block_1_22' title="bbox 2437 950 4024 1031">
    <p class='ocr_par' dir='ltr' id='par_1_22' title="bbox 2437 950 4024 1031">
     <span class='ocr_line' id='line_1_22' title="bbox 2437 950 4024 1031; baseline -0.009 -13"><span class='ocrx_word' id='word_1_143' title='bbox 2437 965 2678 1020; x_wconf 77' lang='grc' dir='ltr'><strong>ἔκλινεν</strong></span> <span class='ocrx_word' id='word_1_144' title='bbox 2713 962 3005 1031; x_wconf 78' lang='grc' dir='ltr'>οὐρανοὺς</span> <span class='ocrx_word' id='word_1_145' title='bbox 3044 961 3143 1013; x_wconf 79' lang='grc' dir='ltr'>καὶ</span> <span class='ocrx_word' id='word_1_146' title='bbox 3188 958 3419 1025; x_wconf 77' lang='grc' dir='ltr'>κατέϐη.</span> <span class='ocrx_word' id='word_1_147' title='bbox 3448 958 3558 1026; x_wconf 79' lang='grc' dir='ltr'><strong>Οὐχ</strong></span> <span class='ocrx_word' id='word_1_148' title='bbox 3584 956 3679 1007; x_wconf 73' lang='grc' dir='ltr'>ἕνα</span> <span class='ocrx_word' id='word_1_149' title='bbox 3707 954 3762 1007; x_wconf 85' lang='grc' dir='ltr'>δὲ</span> <span class='ocrx_word' id='word_1_150' title='bbox 3783 950 4024 1024; x_wconf 78' lang='grc' dir='ltr'>οὐρανὸν</span> 
     </span>
    </p>
   </div>
   <div class='ocr_carea' id='block_1_23' title="bbox 2440 1041 4023 1121">
    <p class='ocr_par' dir='ltr' id='par_1_23' title="bbox 2440 1041 4023 1121">
     <span class='ocr_line' id='line_1_23' title="bbox 2440 1041 4023 1121; baseline -0.009 -14"><span class='ocrx_word' id='word_1_151' title='bbox 2440 1055 2665 1121; x_wconf 76' lang='grc' dir='ltr'>ἔκλινεν,</span> <span class='ocrx_word' id='word_1_152' title='bbox 2694 1053 2829 1107; x_wconf 86' lang='grc' dir='ltr'><strong>ἀλλά</strong></span> <span class='ocrx_word' id='word_1_153' title='bbox 2858 1053 2984 1115; x_wconf 80' lang='grc' dir='ltr'>τοὺς</span> <span class='ocrx_word' id='word_1_154' title='bbox 3028 1051 3236 1111; x_wconf 81' lang='grc' dir='ltr'>πάντας</span> <span class='ocrx_word' id='word_1_155' title='bbox 3280 1050 3392 1101; x_wconf 82' lang='grc' dir='ltr'><strong>ὅσοι</strong></span> <span class='ocrx_word' id='word_1_156' title='bbox 3438 1046 3567 1100; x_wconf 86' lang='grc' dir='ltr'>ποτέ</span> <span class='ocrx_word' id='word_1_157' title='bbox 3605 1047 3759 1098; x_wconf 87' lang='grc' dir='ltr'>εἰσιν.</span> <span class='ocrx_word' id='word_1_158' title='bbox 3800 1043 3869 1095; x_wconf 86' lang='grc' dir='ltr'>Ἡ</span> <span class='ocrx_word' id='word_1_159' title='bbox 3909 1041 4023 1112; x_wconf 84' lang='grc' dir='ltr'><strong>γάρ</strong></span> 
     </span>
    </p>
   </div>
   <div class='ocr_carea' id='block_1_24' title="bbox 2440 1132 4024 1211">
    <p class='ocr_par' dir='ltr' id='par_1_24' title="bbox 2440 1132 4024 1211">
     <span class='ocr_line' id='line_1_24' title="bbox 2440 1132 4024 1211; baseline -0.009 -12"><span class='ocrx_word' id='word_1_160' title='bbox 2440 1146 2763 1208; x_wconf 81' lang='grc' dir='ltr'><strong>ταπείνωσις</strong></span> <span class='ocrx_word' id='word_1_161' title='bbox 2797 1143 2890 1196; x_wconf 80' lang='grc' dir='ltr'><strong>τοῦ</strong></span> <span class='ocrx_word' id='word_1_162' title='bbox 2926 1142 3095 1211; x_wconf 76' lang='grc' dir='ltr'>ὕψους</span> <span class='ocrx_word' id='word_1_163' title='bbox 3124 1140 3288 1195; x_wconf 78' lang='grc' dir='ltr'>αὐτοῦ</span> <span class='ocrx_word' id='word_1_164' title='bbox 3315 1141 3409 1194; x_wconf 73' lang='grc' dir='ltr'>καὶ</span> <span class='ocrx_word' id='word_1_165' title='bbox 3442 1142 3475 1209; x_wconf 85' lang='grc' dir='ltr'>ἡ</span> <span class='ocrx_word' id='word_1_166' title='bbox 3511 1138 3741 1201; x_wconf 77' lang='grc' dir='ltr'><strong>κένωσις</strong></span> <span class='ocrx_word' id='word_1_167' title='bbox 3766 1136 3868 1207; x_wconf 81' lang='grc' dir='ltr'>τῆς</span> <span class='ocrx_word' id='word_1_168' title='bbox 3898 1132 4024 1187; x_wconf 82' lang='grc' dir='ltr'>θεό-</span> 
     </span>
    </p>
   </div>
   <div class='ocr_carea' id='block_1_25' title="bbox 2437 1225 4027 1308">
    <p class='ocr_par' dir='ltr' id='par_1_25' title="bbox 2437 1225 4027 1308">
     <span class='ocr_line' id='line_1_25' title="bbox 2437 1225 4027 1308; baseline -0.007 -18"><span class='ocrx_word' id='word_1_169' title='bbox 2437 1254 2597 1308; x_wconf 84' lang='grc' dir='ltr'>τητος</span> <span class='ocrx_word' id='word_1_170' title='bbox 2634 1235 2886 1307; x_wconf 76' lang='grc' dir='ltr'><strong>ἐδηλοῦτο</strong></span> <span class='ocrx_word' id='word_1_171' title='bbox 2922 1234 3011 1286; x_wconf 86' lang='grc' dir='ltr'><strong>διά</strong></span> <span class='ocrx_word' id='word_1_172' title='bbox 3050 1232 3157 1285; x_wconf 82' lang='grc' dir='ltr'>τῶν</span> <span class='ocrx_word' id='word_1_173' title='bbox 3187 1231 3511 1303; x_wconf 77' lang='grc' dir='ltr'><strong>εἰρημένων.</strong></span> <span class='ocrx_word' id='word_1_174' title='bbox 3556 1225 4027 1299; x_wconf 81' lang='grc' dir='ltr'>Ἐμφατικώτατα</span> 
     </span>
    </p>
   </div>
   <div class='ocr_carea' id='block_1_26' title="bbox 2440 1318 4022 1402">
    <p class='ocr_par' dir='ltr' id='par_1_26' title="bbox 2440 1318 4022 1402">
     <span class='ocr_line' id='line_1_26' title="bbox 2440 1318 4022 1402; baseline -0.016 -13"><span class='ocrx_word' id='word_1_175' title='bbox 2440 1330 2546 1402; x_wconf 83' lang='grc' dir='ltr'><strong>γὰρ</strong></span> <span class='ocrx_word' id='word_1_176' title='bbox 2600 1328 2697 1399; x_wconf 83' lang='grc' dir='ltr'>τὴν</span> <span class='ocrx_word' id='word_1_177' title='bbox 2745 1327 3043 1381; x_wconf 77' lang='grc' dir='ltr'>κατάϐασιν</span> <span class='ocrx_word' id='word_1_178' title='bbox 3098 1322 3292 1386; x_wconf 79' lang='grc' dir='ltr'>αὑτοῦ,</span> <span class='ocrx_word' id='word_1_179' title='bbox 3355 1324 3631 1374; x_wconf 74' lang='grc' dir='ltr'>Ἔκλινεν</span> <span class='ocrx_word' id='word_1_180' title='bbox 3686 1318 4022 1386; x_wconf 78' lang='grc' dir='ltr'>οὐρανούς·</span> 
     </span>
    </p>
   </div>
   <div class='ocr_carea' id='block_1_27' title="bbox 2442 1410 3812 1490">
    <p class='ocr_par' dir='ltr' id='par_1_27' title="bbox 2442 1410 3812 1490">
     <span class='ocr_line' id='line_1_27' title="bbox 2442 1410 3812 1490; baseline -0.008 -16"><span class='ocrx_word' id='word_1_181' title='bbox 2442 1416 2898 1490; x_wconf 83' lang='grc' dir='ltr'>σωματικώτερον</span> <span class='ocrx_word' id='word_1_182' title='bbox 2931 1417 3031 1485; x_wconf 80' lang='grc' dir='ltr'>τὴν</span> <span class='ocrx_word' id='word_1_183' title='bbox 3063 1414 3289 1468; x_wconf 85' lang='grc' dir='ltr'>κάθοδον</span> <span class='ocrx_word' id='word_1_184' title='bbox 3318 1410 3482 1465; x_wconf 74' lang='grc' dir='ltr'>αὐτοῦ</span> <span class='ocrx_word' id='word_1_185' title='bbox 3514 1411 3812 1481; x_wconf 76' lang='grc' dir='ltr'>σημαίνων.</span> 
     </span>
    </p>
   </div>
   <div class='ocr_carea' id='block_1_28' title="bbox 2510 1498 4028 1582">
    <p class='ocr_par' dir='ltr' id='par_1_28' title="bbox 2510 1498 4028 1582">
     <span class='ocr_line' id='line_1_28' title="bbox 2510 1498 4028 1582; baseline -0.01 -15"><span class='ocrx_word' id='word_1_186' title='bbox 2510 1512 2624 1567; x_wconf 83' lang='lat' dir='ltr'><strong>Kal</strong></span> <span class='ocrx_word' id='word_1_187' title='bbox 2666 1512 2889 1582; x_wconf 69' lang='grc' dir='ltr'>γνόφος</span> <span class='ocrx_word' id='word_1_188' title='bbox 2932 1508 3052 1563; x_wconf 84' lang='grc' dir='ltr'><strong>ὑπὸ</strong></span> <span class='ocrx_word' id='word_1_189' title='bbox 3078 1507 3221 1572; x_wconf 89' lang='grc' dir='ltr'>τοὺς</span> <span class='ocrx_word' id='word_1_190' title='bbox 3259 1505 3449 1570; x_wconf 96' lang='grc' dir='ltr'>πόδας</span> <span class='ocrx_word' id='word_1_191' title='bbox 3476 1503 3661 1557; x_wconf 86' lang='grc' dir='ltr'>αὑτοῦ</span> <span class='ocrx_word' id='word_1_192' title='bbox 3695 1502 3793 1555; x_wconf 84' lang='grc' dir='ltr'>καὶ</span> <span class='ocrx_word' id='word_1_193' title='bbox 3834 1498 4028 1568; x_wconf 74' lang='grc' dir='ltr'>ἐπέϐη</span> 
     </span>
    </p>
   </div>
   <div class='ocr_carea' id='block_1_29' title="bbox 2440 1593 4026 1675">
    <p class='ocr_par' dir='ltr' id='par_1_29' title="bbox 2440 1593 4026 1675">
     <span class='ocr_line' id='line_1_29' title="bbox 2440 1593 4026 1675; baseline -0.011 -14"><span class='ocrx_word' id='word_1_194' title='bbox 2440 1606 2538 1660; x_wconf 75' lang='grc' dir='ltr'><strong>ἐπὶ</strong></span> <span class='ocrx_word' id='word_1_195' title='bbox 2566 1604 2790 1675; x_wconf 62' lang='grc' dir='ltr'>χεζοοὺϐ</span> <span class='ocrx_word' id='word_1_196' title='bbox 2810 1603 2907 1671; x_wconf 82' lang='grc'>(1),</span> <span class='ocrx_word' id='word_1_197' title='bbox 2935 1600 3029 1653; x_wconf 78' lang='grc' dir='ltr'><strong>καί</strong></span> <span class='ocrx_word' id='word_1_198' title='bbox 3062 1596 3387 1664; x_wconf 79' lang='grc' dir='ltr'>ἐπετὰσθη,</span> <span class='ocrx_word' id='word_1_199' title='bbox 3418 1595 3718 1661; x_wconf 81' lang='grc' dir='ltr'>ὲπετάσθη</span> <span class='ocrx_word' id='word_1_200' title='bbox 3744 1593 3843 1646; x_wconf 83' lang='grc' dir='ltr'><strong>ἐπὶ</strong></span> <span class='ocrx_word' id='word_1_201' title='bbox 3879 1606 4026 1645; x_wconf 82' lang='grc' dir='ltr'>πτε-</span> 
     </span>
    </p>
   </div>
   <div class='ocr_carea' id='block_1_30' title="bbox 2432 1683 4028 1768">
    <p class='ocr_par' dir='ltr' id='par_1_30' title="bbox 2432 1683 4028 1768">
     <span class='ocr_line' id='line_1_30' title="bbox 2432 1683 4028 1768; baseline -0.011 -16"><span class='ocrx_word' id='word_1_202' title='bbox 2432 1700 2635 1768; x_wconf 73' lang='grc' dir='ltr'>ρύγων</span> <span class='ocrx_word' id='word_1_203' title='bbox 2670 1693 2922 1765; x_wconf 78' lang='grc' dir='ltr'>ἀνέμων.</span> <span class='ocrx_word' id='word_1_204' title='bbox 2960 1692 3038 1762; x_wconf 78' lang='grc' dir='ltr'><strong>Τῇ</strong></span> <span class='ocrx_word' id='word_1_205' title='bbox 3089 1692 3187 1761; x_wconf 83' lang='grc' dir='ltr'>μὲν</span> <span class='ocrx_word' id='word_1_206' title='bbox 3234 1686 3326 1743; x_wconf 79' lang='grc' dir='ltr'>οὖν</span> <span class='ocrx_word' id='word_1_207' title='bbox 3370 1687 3564 1758; x_wconf 79' lang='grc' dir='ltr'><strong>ὁμίχλῃ</strong></span> <span class='ocrx_word' id='word_1_208' title='bbox 3599 1686 3693 1738; x_wconf 72' lang='grc' dir='ltr'>καὶ</span> <span class='ocrx_word' id='word_1_209' title='bbox 3722 1684 3798 1755; x_wconf 83' lang='grc' dir='ltr'>τῷ</span> <span class='ocrx_word' id='word_1_210' title='bbox 3836 1683 4028 1753; x_wconf 76' lang='grc' dir='ltr'>γνόφῳ</span> 
     </span>
    </p>
   </div>
   <div class='ocr_carea' id='block_1_31' title="bbox 2441 1776 4025 1865">
    <p class='ocr_par' dir='ltr' id='par_1_31' title="bbox 2441 1776 4025 1865">
     <span class='ocr_line' id='line_1_31' title="bbox 2441 1776 4025 1865; baseline -0.011 -20"><span class='ocrx_word' id='word_1_211' title='bbox 2441 1791 2503 1865; x_wconf 57' lang='grc' dir='ltr'>τί)</span> <span class='ocrx_word' id='word_1_212' title='bbox 2530 1789 2751 1860; x_wconf 82' lang='grc' dir='ltr'><strong>λεληθὸς</strong></span> <span class='ocrx_word' id='word_1_213' title='bbox 2782 1788 2877 1841; x_wconf 77' lang='grc' dir='ltr'>καὶ</span> <span class='ocrx_word' id='word_1_214' title='bbox 2907 1786 3222 1863; x_wconf 72' lang='grc' dir='ltr'><strong>ἀπόκρυφον</strong></span> <span class='ocrx_word' id='word_1_215' title='bbox 3267 1781 3565 1852; x_wconf 79' lang='grc' dir='ltr'>παρίστησι</span> <span class='ocrx_word' id='word_1_216' title='bbox 3604 1779 3702 1849; x_wconf 83' lang='grc' dir='ltr'>τῆς</span> <span class='ocrx_word' id='word_1_217' title='bbox 3740 1776 3883 1830; x_wconf 87' lang='grc' dir='ltr'><strong>κατά</strong></span> <span class='ocrx_word' id='word_1_218' title='bbox 3928 1776 4025 1829; x_wconf 78' lang='grc' dir='ltr'><strong>ἇν-</strong></span> 
     </span>
    </p>
   </div>
   <div class='ocr_carea' id='block_1_32' title="bbox 2444 1868 4027 1955">
    <p class='ocr_par' dir='ltr' id='par_1_32' title="bbox 2444 1868 4027 1955">
     <span class='ocr_line' id='line_1_32' title="bbox 2444 1868 4027 1955; baseline -0.011 -18"><span class='ocrx_word' id='word_1_219' title='bbox 2444 1883 2662 1955; x_wconf 89' lang='grc' dir='ltr'>θρωπον</span> <span class='ocrx_word' id='word_1_220' title='bbox 2697 1879 2861 1934; x_wconf 80' lang='grc' dir='ltr'>αὑτοῦ</span> <span class='ocrx_word' id='word_1_221' title='bbox 2902 1876 3241 1946; x_wconf 87' lang='grc' dir='ltr'>οἰκονομίας·</span> <span class='ocrx_word' id='word_1_222' title='bbox 3293 1874 3540 1926; x_wconf 76' lang='grc' dir='ltr'>ἐπάνεισι</span> <span class='ocrx_word' id='word_1_223' title='bbox 3570 1872 3627 1925; x_wconf 86' lang='grc' dir='ltr'>δὲ</span> <span class='ocrx_word' id='word_1_224' title='bbox 3671 1870 3857 1923; x_wconf 84' lang='grc' dir='ltr'>λοιπὸν</span> <span class='ocrx_word' id='word_1_225' title='bbox 3898 1868 4027 1923; x_wconf 81' lang='grc' dir='ltr'>ὅθεν</span> 
     </span>
    </p>
   </div>
   <div class='ocr_carea' id='block_1_33' title="bbox 772 1959 2471 2043">
    <p class='ocr_par' dir='ltr' id='par_1_33' title="bbox 772 1959 2471 2037">
     <span class='ocr_line' id='line_1_33' title="bbox 772 1959 2471 2037; baseline -0.005 -16"><span class='ocrx_word' id='word_1_226' title='bbox 772 1966 1052 2037; x_wconf 84' lang='lat' dir='ltr'><strong>profectus</strong></span> <span class='ocrx_word' id='word_1_227' title='bbox 1094 1976 1213 2023; x_wconf 89' lang='lat' dir='ltr'><strong>erat</strong></span> <span class='ocrx_word' id='word_1_228' title='bbox 1250 1988 1263 2022; x_wconf 93' lang='lat'>:</span> <span class='ocrx_word' id='word_1_229' title='bbox 1296 1983 1360 2022; x_wconf 89' lang='lat' dir='ltr'><strong>ac</strong></span> <span class='ocrx_word' id='word_1_230' title='bbox 1416 1968 1473 2021; x_wconf 91' lang='lat' dir='ltr'><strong>in</strong></span> <span class='ocrx_word' id='word_1_231' title='bbox 1520 1968 1694 2021; x_wconf 72' lang='lat' dir='ltr'><strong>caelos</strong></span> <span class='ocrx_word' id='word_1_232' title='bbox 1724 1965 1973 2021; x_wconf 90' lang='lat' dir='ltr'><strong>ascendit</strong></span> <span class='ocrx_word' id='word_1_233' title='bbox 2002 1979 2126 2018; x_wconf 90' lang='lat' dir='ltr'><strong>cum</strong></span> <span class='ocrx_word' id='word_1_234' title='bbox 2151 1964 2346 2018; x_wconf 85' lang='lat' dir='ltr'><strong>cheru-</strong></span> <span class='ocrx_word' id='word_1_235' title='bbox 2374 1959 2418 2012; x_wconf 86' lang='grc' dir='ltr'><strong>Β</strong></span> <span class='ocrx_word' id='word_1_236' title='bbox 2447 1993 2471 2029; x_wconf 67' lang='grc' dir='ltr'>,ι</span> 
     </span>
    </p>
   </div>
   <div class='ocr_carea' id='block_1_34' title="bbox 2330 1959 4029 2043">
    <p class='ocr_par' dir='ltr' id='par_1_34' title="bbox 2330 1959 4029 2043">
     <span class='ocr_line' id='line_1_34' title="bbox 2330 1959 4029 2043; baseline -0.009 -14"><span class='ocrx_word' id='word_1_237' title='bbox 2330 1992 2346 2004; x_wconf 73' lang='grc'><strong><em>⁵</em></strong></span> <span class='ocrx_word' id='word_1_238' title='bbox 2374 1959 2418 2012; x_wconf 75' lang='grc' dir='ltr'><strong>Β</strong></span> <span class='ocrx_word' id='word_1_239' title='bbox 2447 1976 2543 2029; x_wconf 74' lang='grc' dir='ltr'>καὶ</span> <span class='ocrx_word' id='word_1_240' title='bbox 2572 1972 2755 2043; x_wconf 83' lang='grc' dir='ltr'>παρῆν</span> <span class='ocrx_word' id='word_1_241' title='bbox 2780 1988 2794 2001; x_wconf 85' lang='grc'><strong>·</strong></span> <span class='ocrx_word' id='word_1_242' title='bbox 2824 1972 2904 2033; x_wconf 90' lang='grc' dir='ltr'><strong>εἰς</strong></span> <span class='ocrx_word' id='word_1_243' title='bbox 2937 1966 3199 2040; x_wconf 83' lang='grc' dir='ltr'>οὐρανούς</span> <span class='ocrx_word' id='word_1_244' title='bbox 3227 1982 3288 2019; x_wconf 83' lang='grc' dir='ltr'><strong>τε</strong></span> <span class='ocrx_word' id='word_1_245' title='bbox 3322 1963 3474 2035; x_wconf 78' lang='grc' dir='ltr'>ἀνῄει</span> <span class='ocrx_word' id='word_1_246' title='bbox 3506 1966 3597 2017; x_wconf 75' lang='grc' dir='ltr'>καὶ</span> <span class='ocrx_word' id='word_1_247' title='bbox 3640 1962 3776 2033; x_wconf 86' lang='grc' dir='ltr'><strong>μετά</strong></span> <span class='ocrx_word' id='word_1_248' title='bbox 3802 1962 3899 2015; x_wconf 82' lang='grc' dir='ltr'><strong>τοῦ</strong></span> <span class='ocrx_word' id='word_1_249' title='bbox 3937 1978 4029 2031; x_wconf 88' lang='grc' dir='ltr'><strong>χε-</strong></span> 
     </span>
    </p>
   </div>
   <div class='ocr_carea' id='block_1_35' title="bbox 772 2052 2343 2124">
    <p class='ocr_par' dir='ltr' id='par_1_35' title="bbox 772 2052 2343 2124">
     <span class='ocr_line' id='line_1_35' title="bbox 772 2052 2343 2124; baseline -0.004 -12"><span class='ocrx_word' id='word_1_250' title='bbox 772 2058 905 2113; x_wconf 89' lang='lat' dir='ltr'><strong>bino</strong></span> <span class='ocrx_word' id='word_1_251' title='bbox 949 2066 1004 2114; x_wconf 90' lang='lat' dir='ltr'><strong>et</strong></span> <span class='ocrx_word' id='word_1_252' title='bbox 1029 2059 1263 2123; x_wconf 87' lang='lat' dir='ltr'><strong>volavit;</strong></span> <span class='ocrx_word' id='word_1_253' title='bbox 1314 2056 1531 2111; x_wconf 85' lang='lat' dir='ltr'><strong>tametsi</strong></span> <span class='ocrx_word' id='word_1_254' title='bbox 1590 2070 1697 2110; x_wconf 89' lang='lat' dir='ltr'><strong>non</strong></span> <span class='ocrx_word' id='word_1_255' title='bbox 1730 2069 1855 2109; x_wconf 92' lang='lat' dir='ltr'><strong>cum</strong></span> <span class='ocrx_word' id='word_1_256' title='bbox 1890 2055 2009 2124; x_wconf 92' lang='lat' dir='ltr'><strong>ipso</strong></span> <span class='ocrx_word' id='word_1_257' title='bbox 2043 2052 2343 2108; x_wconf 87' lang='lat' dir='ltr'><strong>cherubino</strong></span> 
     </span>
    </p>
   </div>
   <div class='ocr_carea' id='block_1_36' title="bbox 773 2140 2342 2212">
    <p class='ocr_par' dir='ltr' id='par_1_36' title="bbox 773 2140 2342 2212">
     <span class='ocr_line' id='line_1_36' title="bbox 773 2140 2342 2212; baseline -0.004 -12"><span class='ocrx_word' id='word_1_258' title='bbox 773 2146 1125 2202; x_wconf 76' lang='lat' dir='ltr'><strong>descenderat</strong></span> <span class='ocrx_word' id='word_1_259' title='bbox 1157 2166 1169 2201; x_wconf 92' lang='lat'>:</span> <span class='ocrx_word' id='word_1_260' title='bbox 1202 2146 1321 2202; x_wconf 89' lang='lat' dir='ltr'><strong>sine</strong></span> <span class='ocrx_word' id='word_1_261' title='bbox 1372 2143 1676 2200; x_wconf 89' lang='lat' dir='ltr'><strong>cherubino</strong></span> <span class='ocrx_word' id='word_1_262' title='bbox 1694 2143 1892 2212; x_wconf 82' lang='lat' dir='ltr'><strong>quippe</strong></span> <span class='ocrx_word' id='word_1_263' title='bbox 1925 2140 2342 2209; x_wconf 78' lang='lat' dir='ltr'><strong>inclinavitipse</strong></span> 
     </span>
    </p>
   </div>
   <div class='ocr_carea' id='block_1_37' title="bbox 771 2231 2342 2295">
    <p class='ocr_par' dir='ltr' id='par_1_37' title="bbox 771 2231 2342 2295">
     <span class='ocr_line' id='line_1_37' title="bbox 771 2231 2342 2295; baseline -0.007 0"><span class='ocrx_word' id='word_1_264' title='bbox 771 2239 942 2295; x_wconf 72' lang='lat' dir='ltr'><strong>catos</strong></span> <span class='ocrx_word' id='word_1_265' title='bbox 995 2246 1048 2292; x_wconf 90' lang='lat' dir='ltr'><strong>et</strong></span> <span class='ocrx_word' id='word_1_266' title='bbox 1092 2237 1389 2294; x_wconf 87' lang='lat' dir='ltr'><strong>descendit.</strong></span> <span class='ocrx_word' id='word_1_267' title='bbox 1444 2234 1503 2291; x_wconf 83' lang='lat' dir='ltr'><strong>In</strong></span> <span class='ocrx_word' id='word_1_268' title='bbox 1548 2237 1725 2292; x_wconf 87' lang='lat' dir='ltr'><strong>reditu</strong></span> <span class='ocrx_word' id='word_1_269' title='bbox 1778 2243 1956 2289; x_wconf 90' lang='lat' dir='ltr'><strong>autem</strong></span> <span class='ocrx_word' id='word_1_270' title='bbox 2010 2231 2342 2287; x_wconf 84' lang='lat' dir='ltr'><strong>dicitur:Et</strong></span> 
     </span>
    </p>
   </div>
   <div class='ocr_carea' id='block_1_38' title="bbox 772 2329 2345 2401">
    <p class='ocr_par' dir='ltr' id='par_1_38' title="bbox 772 2329 2345 2401">
     <span class='ocr_line' id='line_1_38' title="bbox 772 2329 2345 2401; baseline -0.004 -14"><span class='ocrx_word' id='word_1_271' title='bbox 772 2332 1007 2387; x_wconf 74' lang='lat' dir='ltr'><strong>ascendit</strong></span> <span class='ocrx_word' id='word_1_272' title='bbox 1057 2347 1214 2401; x_wconf 80' lang='lat' dir='ltr'><strong>super</strong></span> <span class='ocrx_word' id='word_1_273' title='bbox 1251 2330 1519 2385; x_wconf 83' lang='lat' dir='ltr'><strong>cherubim</strong></span> <span class='ocrx_word' id='word_1_274' title='bbox 1573 2338 1623 2383; x_wconf 89' lang='lat' dir='ltr'><strong>et</strong></span> <span class='ocrx_word' id='word_1_275' title='bbox 1680 2329 1894 2392; x_wconf 82' lang='lat' dir='ltr'><strong>volavit,</strong></span> <span class='ocrx_word' id='word_1_276' title='bbox 1948 2342 2071 2400; x_wconf 81' lang='lat' dir='ltr'><strong>cum</strong></span> <span class='ocrx_word' id='word_1_277' title='bbox 2114 2341 2345 2396; x_wconf 89' lang='lat' dir='ltr'><strong>corpore</strong></span> 
     </span>
    </p>
   </div>
   <div class='ocr_carea' id='block_1_39' title="bbox 773 2419 2340 2495">
    <p class='ocr_par' dir='ltr' id='par_1_39' title="bbox 773 2419 2340 2495">
     <span class='ocr_line' id='line_1_39' title="bbox 773 2419 2340 2495; baseline -0.006 -14"><span class='ocrx_word' id='word_1_278' title='bbox 773 2425 980 2481; x_wconf 86' lang='lat' dir='ltr'><strong>scilicet</strong></span> <span class='ocrx_word' id='word_1_279' title='bbox 1005 2425 1149 2495; x_wconf 90' lang='lat' dir='ltr'><strong>quod</strong></span> <span class='ocrx_word' id='word_1_280' title='bbox 1172 2431 1562 2494; x_wconf 88' lang='lat' dir='ltr'><strong>assumpserat.</strong></span> <span class='ocrx_word' id='word_1_281' title='bbox 1602 2421 1710 2477; x_wconf 64' lang='lat' dir='ltr'><strong>Illae</strong></span> <span class='ocrx_word' id='word_1_282' title='bbox 1734 2437 1899 2493; x_wconf 92' lang='lat' dir='ltr'><strong>porro</strong></span> <span class='ocrx_word' id='word_1_283' title='bbox 1945 2420 2140 2475; x_wconf 65' lang='lat' dir='ltr'><strong>divinae</strong></span> <span class='ocrx_word' id='word_1_284' title='bbox 2167 2419 2340 2472; x_wconf 83' lang='lat' dir='ltr'><strong>virtu-</strong></span> 
     </span>
    </p>
   </div>
   <div class='ocr_carea' id='block_1_40' title="bbox 772 2511 2341 2589">
    <p class='ocr_par' dir='ltr' id='par_1_40' title="bbox 772 2511 2341 2589">
     <span class='ocr_line' id='line_1_40' title="bbox 772 2511 2341 2589; baseline -0.006 -16"><span class='ocrx_word' id='word_1_285' title='bbox 772 2527 857 2573; x_wconf 89' lang='lat' dir='ltr'><strong>tes</strong></span> <span class='ocrx_word' id='word_1_286' title='bbox 884 2518 1061 2589; x_wconf 92' lang='lat' dir='ltr'><strong>ipsum</strong></span> <span class='ocrx_word' id='word_1_287' title='bbox 1101 2519 1182 2572; x_wconf 89' lang='lat' dir='ltr'><strong>sic</strong></span> <span class='ocrx_word' id='word_1_288' title='bbox 1242 2516 1627 2577; x_wconf 86' lang='lat' dir='ltr'><strong>ascendentem</strong></span> <span class='ocrx_word' id='word_1_289' title='bbox 1681 2514 2039 2584; x_wconf 65' lang='lat' dir='ltr'><strong>conspicatae,</strong></span> <span class='ocrx_word' id='word_1_290' title='bbox 2104 2511 2341 2567; x_wconf 86' lang='lat' dir='ltr'><strong>circum—</strong></span> 
     </span>
    </p>
   </div>
   <div class='ocr_carea' id='block_1_41' title="bbox 774 2589 2341 2676">
    <p class='ocr_par' dir='ltr' id='par_1_41' title="bbox 774 2589 2341 2676">
     <span class='ocr_line' id='line_1_41' title="bbox 774 2589 2341 2676; baseline -0.004 -12"><span class='ocrx_word' id='word_1_291' title='bbox 774 2617 1017 2665; x_wconf 88' lang='lat' dir='ltr'><strong>astantes</strong></span> <span class='ocrx_word' id='word_1_292' title='bbox 1046 2607 1339 2664; x_wconf 88' lang='lat' dir='ltr'><strong>satellitum</strong></span> <span class='ocrx_word' id='word_1_293' title='bbox 1365 2623 1538 2673; x_wconf 90' lang='lat' dir='ltr'><strong>more,</strong></span> <span class='ocrx_word' id='word_1_294' title='bbox 1574 2607 1861 2662; x_wconf 89' lang='lat' dir='ltr'><strong>Dominum</strong></span> <span class='ocrx_word' id='word_1_295' title='bbox 1897 2604 2194 2676; x_wconf 82' lang='lat' dir='ltr'><strong>stipabant,</strong></span> <span class='ocrx_word' id='word_1_296' title='bbox 2221 2589 2341 2673; x_wconf 83' lang='lat' dir='ltr'><strong>ejus</strong></span> 
     </span>
    </p>
   </div>
   <div class='ocr_carea' id='block_1_42' title="bbox 774 2695 2341 2771">
    <p class='ocr_par' dir='ltr' id='par_1_42' title="bbox 774 2695 2341 2771">
     <span class='ocr_line' id='line_1_42' title="bbox 774 2695 2341 2771; baseline -0.003 -17"><span class='ocrx_word' id='word_1_297' title='bbox 774 2715 1062 2757; x_wconf 72' lang='lat' dir='ltr'><strong>ascensum</strong></span> <span class='ocrx_word' id='word_1_298' title='bbox 1110 2701 1447 2757; x_wconf 85' lang='lat' dir='ltr'><strong>celebrantes</strong></span> <span class='ocrx_word' id='word_1_299' title='bbox 1495 2701 1682 2771; x_wconf 88' lang='lat' dir='ltr'><strong>sicque</strong></span> <span class='ocrx_word' id='word_1_300' title='bbox 1716 2699 2124 2755; x_wconf 85' lang='lat' dir='ltr'><strong>vociferantes:</strong></span> <span class='ocrx_word' id='word_1_301' title='bbox 2168 2695 2341 2750; x_wconf 85' lang='lat' dir='ltr'><strong>Attol-</strong></span> 
     </span>
    </p>
   </div>
   <div class='ocr_carea' id='block_1_43' title="bbox 775 2791 2340 2863">
    <p class='ocr_par' dir='ltr' id='par_1_43' title="bbox 775 2791 2340 2863">
     <span class='ocr_line' id='line_1_43' title="bbox 775 2791 2340 2863; baseline -0.004 -17"><span class='ocrx_word' id='word_1_302' title='bbox 775 2792 865 2846; x_wconf 61' lang='grc' dir='ltr'>ἄιε</span> <span class='ocrx_word' id='word_1_303' title='bbox 886 2800 1088 2862; x_wconf 85' lang='lat' dir='ltr'><strong>partas,</strong></span> <span class='ocrx_word' id='word_1_304' title='bbox 1118 2794 1398 2863; x_wconf 82' lang='lat' dir='ltr'><strong>principes,</strong></span> <span class='ocrx_word' id='word_1_305' title='bbox 1462 2802 1681 2857; x_wconf 77' lang='lat' dir='ltr'><strong>vestras,</strong></span> <span class='ocrx_word' id='word_1_306' title='bbox 1733 2802 1784 2846; x_wconf 87' lang='lat' dir='ltr'><strong>et</strong></span> <span class='ocrx_word' id='word_1_307' title='bbox 1834 2791 2131 2853; x_wconf 85' lang='lat' dir='ltr'><strong>elevamini,</strong></span> <span class='ocrx_word' id='word_1_308' title='bbox 2175 2800 2340 2857; x_wconf 76' lang='lat' dir='ltr'><strong>portae</strong></span> 
     </span>
    </p>
   </div>
   <div class='ocr_carea' id='block_1_44' title="bbox 774 2881 2338 2953">
    <p class='ocr_par' dir='ltr' id='par_1_44' title="bbox 774 2881 2338 2953">
     <span class='ocr_line' id='line_1_44' title="bbox 774 2881 2338 2953; baseline 0 -19"><span class='ocrx_word' id='word_1_309' title='bbox 774 2881 1065 2945; x_wconf 68' lang='lat' dir='ltr'><strong>cternales,</strong></span> <span class='ocrx_word' id='word_1_310' title='bbox 1097 2892 1147 2935; x_wconf 87' lang='lat' dir='ltr'><strong>et</strong></span> <span class='ocrx_word' id='word_1_311' title='bbox 1174 2882 1409 2937; x_wconf 81' lang='lat' dir='ltr'><strong>introibit</strong></span> <span class='ocrx_word' id='word_1_312' title='bbox 1438 2881 1545 2936; x_wconf 71' lang='lat' dir='ltr'><strong>Rex</strong></span> <span class='ocrx_word' id='word_1_313' title='bbox 1593 2883 1774 2953; x_wconf 71' lang='lat' dir='ltr'><strong>gloria:</strong></span> <span class='ocrx_word' id='word_1_314' title='bbox 1803 2882 1866 2935; x_wconf 81' lang='grc'><strong>⁸³.</strong></span> <span class='ocrx_word' id='word_1_315' title='bbox 1910 2882 2128 2952; x_wconf 88' lang='lat' dir='ltr'><strong>lmpleta</strong></span> <span class='ocrx_word' id='word_1_316' title='bbox 2158 2888 2338 2935; x_wconf 89' lang='lat' dir='ltr'><strong>autem</strong></span> 
     </span>
    </p>
   </div>
   <div class='ocr_carea' id='block_1_45' title="bbox 773 2970 2340 3044">
    <p class='ocr_par' dir='ltr' id='par_1_45' title="bbox 773 2970 2340 3044">
     <span class='ocr_line' id='line_1_45' title="bbox 773 2970 2340 3044; baseline -0.001 -17"><span class='ocrx_word' id='word_1_317' title='bbox 773 2973 960 3031; x_wconf 66' lang='lat' dir='ltr'><strong>isthazc</strong></span> <span class='ocrx_word' id='word_1_318' title='bbox 989 2982 1114 3030; x_wconf 91' lang='lat' dir='ltr'><strong>sunt</strong></span> <span class='ocrx_word' id='word_1_319' title='bbox 1143 2990 1208 3031; x_wconf 88' lang='lat' dir='ltr'><strong>eo</strong></span> <span class='ocrx_word' id='word_1_320' title='bbox 1236 2970 1499 3044; x_wconf 89' lang='lat' dir='ltr'><strong>tempore,</strong></span> <span class='ocrx_word' id='word_1_321' title='bbox 1538 2991 1647 3044; x_wconf 89' lang='lat' dir='ltr'><strong>quo</strong></span> <span class='ocrx_word' id='word_1_322' title='bbox 1704 2976 1759 3029; x_wconf 90' lang='lat' dir='ltr'><strong>in</strong></span> <span class='ocrx_word' id='word_1_323' title='bbox 1791 2975 2162 3044; x_wconf 88' lang='lat' dir='ltr'><strong>apostolorum</strong></span> <span class='ocrx_word' id='word_1_324' title='bbox 2192 2974 2340 3027; x_wconf 81' lang='lat' dir='ltr'><strong>Acti-</strong></span> 
     </span>
    </p>
   </div>
   <div class='ocr_carea' id='block_1_46' title="bbox 772 3064 2339 3127">
    <p class='ocr_par' dir='ltr' id='par_1_46' title="bbox 772 3064 2339 3127">
     <span class='ocr_line' id='line_1_46' title="bbox 772 3064 2339 3127; baseline -0.004 -4"><span class='ocrx_word' id='word_1_325' title='bbox 772 3069 877 3125; x_wconf 79' lang='lat' dir='ltr'><strong>bus</strong></span> <span class='ocrx_word' id='word_1_326' title='bbox 902 3075 1160 3123; x_wconf 82' lang='lat' dir='ltr'><strong>narratur</strong></span> <span class='ocrx_word' id='word_1_327' title='bbox 1186 3087 1198 3122; x_wconf 93' lang='lat'><strong>:</strong></span> <span class='ocrx_word' id='word_1_328' title='bbox 1232 3066 1298 3120; x_wconf 89' lang='lat' dir='ltr'><strong>Et</strong></span> <span class='ocrx_word' id='word_1_329' title='bbox 1323 3083 1439 3120; x_wconf 91' lang='lat' dir='ltr'><strong>cum</strong></span> <span class='ocrx_word' id='word_1_330' title='bbox 1470 3067 1579 3120; x_wconf 79' lang='lat' dir='ltr'><strong>hwc</strong></span> <span class='ocrx_word' id='word_1_331' title='bbox 1608 3066 1847 3127; x_wconf 70' lang='lat' dir='ltr'><strong>dixisset,</strong></span> <span class='ocrx_word' id='word_1_332' title='bbox 1899 3064 2187 3118; x_wconf 79' lang='lat' dir='ltr'><strong>videntibus</strong></span> <span class='ocrx_word' id='word_1_333' title='bbox 2231 3064 2339 3117; x_wconf 81' lang='lat' dir='ltr'><strong>illis</strong></span> 
     </span>
    </p>
   </div>
   <div class='ocr_carea' id='block_1_47' title="bbox 771 3138 2335 3227">
    <p class='ocr_par' dir='ltr' id='par_1_47' title="bbox 771 3138 2335 3227">
     <span class='ocr_line' id='line_1_47' title="bbox 771 3138 2335 3227; baseline -0.003 -12"><span class='ocrx_word' id='word_1_334' title='bbox 771 3160 998 3215; x_wconf 71' lang='lat' dir='ltr'><strong>elesatus</strong></span> <span class='ocrx_word' id='word_1_335' title='bbox 1051 3171 1149 3224; x_wconf 88' lang='lat' dir='ltr'><strong>est,</strong></span> <span class='ocrx_word' id='word_1_336' title='bbox 1185 3170 1234 3214; x_wconf 89' lang='lat' dir='ltr'><strong>et</strong></span> <span class='ocrx_word' id='word_1_337' title='bbox 1270 3159 1427 3213; x_wconf 88' lang='lat' dir='ltr'><strong>nubes</strong></span> <span class='ocrx_word' id='word_1_338' title='bbox 1450 3160 1674 3227; x_wconf 86' lang='lat' dir='ltr'><strong>suscepit</strong></span> <span class='ocrx_word' id='word_1_339' title='bbox 1707 3175 1823 3212; x_wconf 88' lang='lat' dir='ltr'><strong>eum</strong></span> <span class='ocrx_word' id='word_1_340' title='bbox 1857 3175 1921 3211; x_wconf 79' lang='lat' dir='ltr'><strong>ea:</strong></span> <span class='ocrx_word' id='word_1_341' title='bbox 1952 3138 2115 3211; x_wconf 83' lang='lat' dir='ltr'><strong>oculis</strong></span> <span class='ocrx_word' id='word_1_342' title='bbox 2136 3173 2335 3212; x_wconf 90' lang='lat' dir='ltr'><strong>eorum.</strong></span> 
     </span>
    </p>
   </div>
   <div class='ocr_carea' id='block_1_48' title="bbox 775 3248 2101 3321">
    <p class='ocr_par' dir='ltr' id='par_1_48' title="bbox 775 3248 2101 3321">
     <span class='ocr_line' id='line_1_48' title="bbox 775 3248 2101 3321; baseline -0.003 -15"><span class='ocrx_word' id='word_1_343' title='bbox 775 3249 1006 3321; x_wconf 80' lang='lat' dir='ltr'><strong>Cumque</strong></span> <span class='ocrx_word' id='word_1_344' title='bbox 1032 3253 1356 3305; x_wconf 82' lang='lat' dir='ltr'><strong>intuerentur</strong></span> <span class='ocrx_word' id='word_1_345' title='bbox 1376 3267 1492 3305; x_wconf 88' lang='lat' dir='ltr'><strong>eum</strong></span> <span class='ocrx_word' id='word_1_346' title='bbox 1521 3262 1721 3304; x_wconf 84' lang='lat' dir='ltr'><strong>euntem</strong></span> <span class='ocrx_word' id='word_1_347' title='bbox 1746 3250 1800 3303; x_wconf 88' lang='lat' dir='ltr'><strong>in</strong></span> <span class='ocrx_word' id='word_1_348' title='bbox 1825 3250 2010 3303; x_wconf 69' lang='lat' dir='ltr'><strong>calum</strong></span> <span class='ocrx_word' id='word_1_349' title='bbox 2035 3248 2101 3302; x_wconf 60' lang='grc' dir='ltr'><strong>εδ.</strong></span> 
     </span>
    </p>
   </div>
   <div class='ocr_carea' id='block_1_49' title="bbox 844 3423 2339 3482">
    <p class='ocr_par' dir='ltr' id='par_1_49' title="bbox 844 3423 2339 3482">
     <span class='ocr_line' id='line_1_49' title="bbox 844 3423 2339 3482; baseline -0.002 -2"><span class='ocrx_word' id='word_1_350' title='bbox 844 3423 1125 3481; x_wconf 87' lang='lat' dir='ltr'><strong>Latentem</strong></span> <span class='ocrx_word' id='word_1_351' title='bbox 1159 3426 1304 3480; x_wconf 92' lang='lat' dir='ltr'><strong>illam</strong></span> <span class='ocrx_word' id='word_1_352' title='bbox 1358 3434 1413 3481; x_wconf 90' lang='lat' dir='ltr'><strong>et</strong></span> <span class='ocrx_word' id='word_1_353' title='bbox 1440 3426 1709 3482; x_wconf 89' lang='lat' dir='ltr'><strong>occultam</strong></span> <span class='ocrx_word' id='word_1_354' title='bbox 1746 3426 2047 3481; x_wconf 87' lang='lat' dir='ltr'><strong>Salvatoris</strong></span> <span class='ocrx_word' id='word_1_355' title='bbox 2078 3440 2201 3479; x_wconf 87' lang='lat' dir='ltr'><strong>cum</strong></span> <span class='ocrx_word' id='word_1_356' title='bbox 2238 3424 2339 3477; x_wconf 82' lang='lat' dir='ltr'><strong>ho-</strong></span> 
     </span>
    </p>
   </div>
   <div class='ocr_carea' id='block_1_50' title="bbox 776 3506 2337 3589">
    <p class='ocr_par' dir='ltr' id='par_1_50' title="bbox 776 3506 2337 3589">
     <span class='ocr_line' id='line_1_50' title="bbox 776 3506 2337 3589; baseline -0.002 -16"><span class='ocrx_word' id='word_1_357' title='bbox 776 3518 1035 3583; x_wconf 78' lang='lat' dir='ltr'><strong>minibus,</strong></span> <span class='ocrx_word' id='word_1_358' title='bbox 1066 3519 1135 3574; x_wconf 86' lang='lat' dir='ltr'><strong>ab</strong></span> <span class='ocrx_word' id='word_1_359' title='bbox 1180 3534 1411 3575; x_wconf 86' lang='lat' dir='ltr'><strong>ascensu</strong></span> <span class='ocrx_word' id='word_1_360' title='bbox 1470 3535 1571 3575; x_wconf 93' lang='lat' dir='ltr'><strong>suo</strong></span> <span class='ocrx_word' id='word_1_361' title='bbox 1617 3520 1684 3574; x_wconf 89' lang='lat' dir='ltr'><strong>ad</strong></span> <span class='ocrx_word' id='word_1_362' title='bbox 1738 3506 1841 3576; x_wconf 79' lang='lat' dir='ltr'><strong>hoc</strong></span> <span class='ocrx_word' id='word_1_363' title='bbox 1894 3522 2067 3589; x_wconf 86' lang='lat' dir='ltr'><strong>usque</strong></span> <span class='ocrx_word' id='word_1_364' title='bbox 2104 3526 2337 3587; x_wconf 84' lang='lat' dir='ltr'><strong>tempus,</strong></span> 
     </span>
    </p>
   </div>
   <div class='ocr_carea' id='block_1_51' title="bbox 776 3610 2341 3679">
    <p class='ocr_par' dir='ltr' id='par_1_51' title="bbox 776 3610 2341 3679">
     <span class='ocr_line' id='line_1_51' title="bbox 776 3610 2341 3679; baseline -0.002 -15"><span class='ocrx_word' id='word_1_365' title='bbox 776 3612 1241 3665; x_wconf 86' lang='lat' dir='ltr'><strong>conversationem</strong></span> <span class='ocrx_word' id='word_1_366' title='bbox 1272 3611 1357 3666; x_wconf 89' lang='lat' dir='ltr'><strong>his</strong></span> <span class='ocrx_word' id='word_1_367' title='bbox 1387 3611 1569 3666; x_wconf 89' lang='lat' dir='ltr'><strong>verbis</strong></span> <span class='ocrx_word' id='word_1_368' title='bbox 1610 3611 1814 3666; x_wconf 84' lang='lat' dir='ltr'><strong>indicat</strong></span> <span class='ocrx_word' id='word_1_369' title='bbox 1846 3630 1858 3664; x_wconf 91' lang='lat'><strong>:</strong></span> <span class='ocrx_word' id='word_1_370' title='bbox 1896 3610 1965 3664; x_wconf 88' lang='lat' dir='ltr'><strong>Et</strong></span> <span class='ocrx_word' id='word_1_371' title='bbox 2004 3610 2177 3679; x_wconf 86' lang='lat' dir='ltr'><strong>posuit</strong></span> <span class='ocrx_word' id='word_1_372' title='bbox 2211 3619 2341 3662; x_wconf 77' lang='lat' dir='ltr'><strong>tene-</strong></span> 
     </span>
    </p>
   </div>
   <div class='ocr_carea' id='block_1_52' title="bbox 770 3699 2339 3772">
    <p class='ocr_par' dir='ltr' id='par_1_52' title="bbox 770 3699 2339 3772">
     <span class='ocr_line' id='line_1_52' title="bbox 770 3699 2339 3772; baseline 0 -20"><span class='ocrx_word' id='word_1_373' title='bbox 770 3699 900 3755; x_wconf 86' lang='lat' dir='ltr'><strong>bras</strong></span> <span class='ocrx_word' id='word_1_374' title='bbox 935 3700 1212 3755; x_wconf 84' lang='lat' dir='ltr'><strong>latibulum</strong></span> <span class='ocrx_word' id='word_1_375' title='bbox 1238 3718 1412 3766; x_wconf 88' lang='lat' dir='ltr'><strong>suum,</strong></span> <span class='ocrx_word' id='word_1_376' title='bbox 1440 3702 1492 3755; x_wconf 87' lang='lat' dir='ltr'><strong>in</strong></span> <span class='ocrx_word' id='word_1_377' title='bbox 1519 3704 1744 3755; x_wconf 88' lang='lat' dir='ltr'><strong>circuitu</strong></span> <span class='ocrx_word' id='word_1_378' title='bbox 1786 3703 1899 3772; x_wconf 88' lang='lat' dir='ltr'><strong>ejus</strong></span> <span class='ocrx_word' id='word_1_379' title='bbox 1940 3700 2339 3755; x_wconf 86' lang='lat' dir='ltr'><strong>tabernaculum</strong></span> 
     </span>
    </p>
   </div>
   <div class='ocr_carea' id='block_1_53' title="bbox 769 3792 2341 3864">
    <p class='ocr_par' dir='ltr' id='par_1_53' title="bbox 769 3792 2341 3864">
     <span class='ocr_line' id='line_1_53' title="bbox 769 3792 2341 3864; baseline 0.001 -18"><span class='ocrx_word' id='word_1_380' title='bbox 769 3792 905 3862; x_wconf 85' lang='lat' dir='ltr'><strong>ejus,</strong></span> <span class='ocrx_word' id='word_1_381' title='bbox 933 3793 1199 3848; x_wconf 85' lang='lat' dir='ltr'><strong>tenebrosa</strong></span> <span class='ocrx_word' id='word_1_382' title='bbox 1222 3810 1359 3864; x_wconf 87' lang='lat' dir='ltr'><strong>aqua</strong></span> <span class='ocrx_word' id='word_1_383' title='bbox 1374 3796 1428 3848; x_wconf 83' lang='lat' dir='ltr'><strong>in</strong></span> <span class='ocrx_word' id='word_1_384' title='bbox 1452 3795 1673 3850; x_wconf 85' lang='lat' dir='ltr'><strong>nubibus</strong></span> <span class='ocrx_word' id='word_1_385' title='bbox 1701 3796 1859 3849; x_wconf 89' lang='lat' dir='ltr'><strong>aeris.</strong></span> <span class='ocrx_word' id='word_1_386' title='bbox 1898 3793 2111 3849; x_wconf 84' lang='lat' dir='ltr'><strong>Nemini</strong></span> <span class='ocrx_word' id='word_1_387' title='bbox 2143 3793 2341 3864; x_wconf 83' lang='lat' dir='ltr'><strong>quippe</strong></span> 
     </span>
    </p>
   </div>
   <div class='ocr_carea' id='block_1_54' title="bbox 775 3883 2339 3953">
    <p class='ocr_par' dir='ltr' id='par_1_54' title="bbox 775 3883 2339 3953">
     <span class='ocr_line' id='line_1_54' title="bbox 775 3883 2339 3953; baseline 0.001 -17"><span class='ocrx_word' id='word_1_388' title='bbox 775 3883 906 3938; x_wconf 82' lang='lat' dir='ltr'><strong>latet</strong></span> <span class='ocrx_word' id='word_1_389' title='bbox 931 3898 1038 3953; x_wconf 89' lang='lat' dir='ltr'><strong>quo</strong></span> <span class='ocrx_word' id='word_1_390' title='bbox 1066 3890 1225 3952; x_wconf 80' lang='lat' dir='ltr'><strong>pacto</strong></span> <span class='ocrx_word' id='word_1_391' title='bbox 1247 3885 1529 3940; x_wconf 85' lang='lat' dir='ltr'><strong>nobiscum</strong></span> <span class='ocrx_word' id='word_1_392' title='bbox 1558 3894 1806 3941; x_wconf 87' lang='lat' dir='ltr'><strong>versetur</strong></span> <span class='ocrx_word' id='word_1_393' title='bbox 1826 3925 1841 3951; x_wconf 95' lang='lat'><strong>,</strong></span> <span class='ocrx_word' id='word_1_394' title='bbox 1875 3884 2176 3941; x_wconf 89' lang='lat' dir='ltr'><strong>secundum</strong></span> <span class='ocrx_word' id='word_1_395' title='bbox 2207 3883 2339 3937; x_wconf 91' lang='lat' dir='ltr'><strong>illud</strong></span> 
     </span>
    </p>
   </div>
   <div class='ocr_carea' id='block_1_55' title="bbox 774 3974 2338 4049">
    <p class='ocr_par' dir='ltr' id='par_1_55' title="bbox 774 3974 2338 4049">
     <span class='ocr_line' id='line_1_55' title="bbox 774 3974 2338 4049; baseline -0.001 -21"><span class='ocrx_word' id='word_1_396' title='bbox 774 3976 845 4029; x_wconf 88' lang='lat' dir='ltr'><strong>ab</strong></span> <span class='ocrx_word' id='word_1_397' title='bbox 904 3990 971 4029; x_wconf 90' lang='lat' dir='ltr'><strong>eo</strong></span> <span class='ocrx_word' id='word_1_398' title='bbox 1018 3974 1219 4031; x_wconf 88' lang='lat' dir='ltr'><strong>dictum</strong></span> <span class='ocrx_word' id='word_1_399' title='bbox 1255 3996 1266 4031; x_wconf 92' lang='lat'>:</span> <span class='ocrx_word' id='word_1_400' title='bbox 1302 3976 1435 4032; x_wconf 88' lang='lat' dir='ltr'><strong>Ecce</strong></span> <span class='ocrx_word' id='word_1_401' title='bbox 1482 3996 1573 4049; x_wconf 87' lang='lat' dir='ltr'><strong>ego</strong></span> <span class='ocrx_word' id='word_1_402' title='bbox 1628 3979 1892 4034; x_wconf 80' lang='lat' dir='ltr'><strong>uobiscum</strong></span> <span class='ocrx_word' id='word_1_403' title='bbox 1917 3994 2035 4032; x_wconf 89' lang='lat' dir='ltr'><strong>sum</strong></span> <span class='ocrx_word' id='word_1_404' title='bbox 2097 3974 2338 4031; x_wconf 86' lang='lat' dir='ltr'><strong>omnibus</strong></span> 
     </span>
    </p>
   </div>
   <div class='ocr_carea' id='block_1_56' title="bbox 772 4067 2340 4138">
    <p class='ocr_par' dir='ltr' id='par_1_56' title="bbox 772 4067 2340 4138">
     <span class='ocr_line' id='line_1_56' title="bbox 772 4067 2340 4138; baseline 0.001 -17"><span class='ocrx_word' id='word_1_405' title='bbox 772 4067 954 4123; x_wconf 84' lang='lat' dir='ltr'><strong>diebus</strong></span> <span class='ocrx_word' id='word_1_406' title='bbox 982 4084 1142 4138; x_wconf 77' lang='lat' dir='ltr'><strong>usque</strong></span> <span class='ocrx_word' id='word_1_407' title='bbox 1172 4068 1240 4121; x_wconf 89' lang='lat' dir='ltr'><strong>ad</strong></span> <span class='ocrx_word' id='word_1_408' title='bbox 1270 4072 1767 4125; x_wconf 87' lang='lat' dir='ltr'><strong>consummationem</strong></span> <span class='ocrx_word' id='word_1_409' title='bbox 1820 4072 2002 4127; x_wconf 65' lang='lat' dir='ltr'><strong>saeculi</strong></span> <span class='ocrx_word' id='word_1_410' title='bbox 2037 4072 2103 4125; x_wconf 77' lang='grc'><strong>⁸⁵.</strong></span> <span class='ocrx_word' id='word_1_411' title='bbox 2135 4069 2340 4124; x_wconf 82' lang='lat' dir='ltr'><strong>Taber-</strong></span> 
     </span>
    </p>
   </div>
   <div class='ocr_carea' id='block_1_57' title="bbox 774 4148 2337 4233">
    <p class='ocr_par' dir='ltr' id='par_1_57' title="bbox 774 4148 2337 4233">
     <span class='ocr_line' id='line_1_57' title="bbox 774 4148 2337 4233; baseline -0.001 -19"><span class='ocrx_word' id='word_1_412' title='bbox 774 4160 1030 4215; x_wconf 79' lang='lat' dir='ltr'><strong>n‘aculum</strong></span> <span class='ocrx_word' id='word_1_413' title='bbox 1066 4176 1230 4230; x_wconf 89' lang='lat' dir='ltr'><strong>porro</strong></span> <span class='ocrx_word' id='word_1_414' title='bbox 1262 4148 1436 4230; x_wconf 74' lang='lat' dir='ltr'><strong>ipsius</strong></span> <span class='ocrx_word' id='word_1_415' title='bbox 1491 4178 1600 4217; x_wconf 91' lang='lat' dir='ltr'><strong>non</strong></span> <span class='ocrx_word' id='word_1_416' title='bbox 1635 4162 1782 4217; x_wconf 89' lang='lat' dir='ltr'><strong>aliud</strong></span> <span class='ocrx_word' id='word_1_417' title='bbox 1828 4162 2119 4233; x_wconf 83' lang='lat' dir='ltr'><strong>signiﬁcat.</strong></span> <span class='ocrx_word' id='word_1_418' title='bbox 2167 4174 2337 4231; x_wconf 85' lang='lat' dir='ltr'><strong>quam</strong></span> 
     </span>
    </p>
   </div>
   <div class='ocr_carea' id='block_1_58' title="bbox 772 4250 2336 4324">
    <p class='ocr_par' dir='ltr' id='par_1_58' title="bbox 772 4250 2336 4324">
     <span class='ocr_line' id='line_1_58' title="bbox 772 4250 2336 4324; baseline -0.001 -17"><span class='ocrx_word' id='word_1_419' title='bbox 772 4259 1017 4307; x_wconf 85' lang='lat' dir='ltr'><strong>sanctam</strong></span> <span class='ocrx_word' id='word_1_420' title='bbox 1040 4250 1340 4308; x_wconf 67' lang='lat' dir='ltr'><strong>Esclesiam</strong></span> <span class='ocrx_word' id='word_1_421' title='bbox 1383 4252 1523 4323; x_wconf 87' lang='lat' dir='ltr'><strong>ejus,</strong></span> <span class='ocrx_word' id='word_1_422' title='bbox 1582 4253 1638 4308; x_wconf 90' lang='lat' dir='ltr'><strong>in</strong></span> <span class='ocrx_word' id='word_1_423' title='bbox 1678 4268 1786 4324; x_wconf 86' lang='lat' dir='ltr'><strong>qua</strong></span> <span class='ocrx_word' id='word_1_424' title='bbox 1818 4269 1877 4309; x_wconf 91' lang='lat' dir='ltr'><strong>se</strong></span> <span class='ocrx_word' id='word_1_425' title='bbox 1928 4253 2336 4311; x_wconf 79' lang='lat' dir='ltr'><strong>tabernaculum</strong></span> 
     </span>
    </p>
   </div>
   <div class='ocr_carea' id='block_1_59' title="bbox 773 4344 2337 4415">
    <p class='ocr_par' dir='ltr' id='par_1_59' title="bbox 773 4344 2337 4415">
     <span class='ocr_line' id='line_1_59' title="bbox 773 4344 2337 4415; baseline -0.001 -15"><span class='ocrx_word' id='word_1_426' title='bbox 773 4344 1076 4414; x_wconf 82' lang='lat' dir='ltr'><strong>positurum</strong></span> <span class='ocrx_word' id='word_1_427' title='bbox 1118 4345 1389 4415; x_wconf 82' lang='lat' dir='ltr'><strong>pollicitus</strong></span> <span class='ocrx_word' id='word_1_428' title='bbox 1418 4355 1502 4400; x_wconf 88' lang='lat' dir='ltr'><strong>est</strong></span> <span class='ocrx_word' id='word_1_429' title='bbox 1524 4361 1647 4402; x_wconf 90' lang='lat' dir='ltr'><strong>cum</strong></span> <span class='ocrx_word' id='word_1_430' title='bbox 1675 4345 1812 4401; x_wconf 80' lang='lat' dir='ltr'><strong>dixit</strong></span> <span class='ocrx_word' id='word_1_431' title='bbox 1846 4362 1857 4396; x_wconf 88' lang='lat'>:</span> <span class='ocrx_word' id='word_1_432' title='bbox 1885 4345 1984 4399; x_wconf 90' lang='lat' dir='ltr'><strong>Ubi</strong></span> <span class='ocrx_word' id='word_1_433' title='bbox 2005 4344 2108 4400; x_wconf 90' lang='lat' dir='ltr'><strong>duo</strong></span> <span class='ocrx_word' id='word_1_434' title='bbox 2137 4345 2214 4400; x_wconf 84' lang='lat' dir='ltr'><strong>vel</strong></span> <span class='ocrx_word' id='word_1_435' title='bbox 2234 4355 2337 4399; x_wconf 88' lang='lat' dir='ltr'><strong>tres</strong></span> 
     </span>
    </p>
   </div>
   <div class='ocr_carea' id='block_1_60' title="bbox 770 4434 2337 4508">
    <p class='ocr_par' dir='ltr' id='par_1_60' title="bbox 770 4434 2337 4508">
     <span class='ocr_line' id='line_1_60' title="bbox 770 4434 2337 4508; baseline 0 -18"><span class='ocrx_word' id='word_1_436' title='bbox 770 4438 1070 4508; x_wconf 83' lang='lat' dir='ltr'><strong>congregati</strong></span> <span class='ocrx_word' id='word_1_437' title='bbox 1093 4437 1288 4507; x_wconf 77' lang='lat' dir='ltr'><strong>fuerint</strong></span> <span class='ocrx_word' id='word_1_438' title='bbox 1314 4439 1373 4491; x_wconf 79' lang='lat' dir='ltr'><strong>in</strong></span> <span class='ocrx_word' id='word_1_439' title='bbox 1402 4439 1609 4492; x_wconf 87' lang='lat' dir='ltr'><strong>nomine</strong></span> <span class='ocrx_word' id='word_1_440' title='bbox 1650 4454 1782 4503; x_wconf 84' lang='lat' dir='ltr'><strong>meo,</strong></span> <span class='ocrx_word' id='word_1_441' title='bbox 1822 4438 1934 4493; x_wconf 83' lang='lat' dir='ltr'><strong>illic</strong></span> <span class='ocrx_word' id='word_1_442' title='bbox 1956 4454 2072 4491; x_wconf 89' lang='lat' dir='ltr'><strong>sum</strong></span> <span class='ocrx_word' id='word_1_443' title='bbox 2094 4437 2147 4491; x_wconf 87' lang='lat' dir='ltr'><strong>in</strong></span> <span class='ocrx_word' id='word_1_444' title='bbox 2169 4434 2337 4490; x_wconf 87' lang='lat' dir='ltr'><strong>medio</strong></span> 
     </span>
    </p>
   </div>
   <div class='ocr_carea' id='block_1_61' title="bbox 770 4518 2337 4599">
    <p class='ocr_par' dir='ltr' id='par_1_61' title="bbox 770 4518 2337 4599">
     <span class='ocr_line' id='line_1_61' title="bbox 770 4518 2337 4599; baseline -0.001 -17"><span class='ocrx_word' id='word_1_445' title='bbox 770 4544 950 4584; x_wconf 89' lang='lat' dir='ltr'><strong>eorum</strong></span> <span class='ocrx_word' id='word_1_446' title='bbox 1003 4529 1069 4584; x_wconf 78' lang='grc'><strong>⁸⁸.</strong></span> <span class='ocrx_word' id='word_1_447' title='bbox 1114 4518 1564 4599; x_wconf 82' lang='lat' dir='ltr'><strong>Quandoquidem</strong></span> <span class='ocrx_word' id='word_1_448' title='bbox 1616 4544 1745 4584; x_wconf 89' lang='lat' dir='ltr'><strong>vero</strong></span> <span class='ocrx_word' id='word_1_449' title='bbox 1806 4528 2103 4599; x_wconf 78' lang='lat' dir='ltr'><strong>prophetiae</strong></span> <span class='ocrx_word' id='word_1_450' title='bbox 2161 4528 2337 4597; x_wconf 92' lang='lat' dir='ltr'><strong>ipsum</strong></span> 
     </span>
    </p>
   </div>
   <div class='ocr_carea' id='block_1_62' title="bbox 774 4619 2334 4691">
    <p class='ocr_par' dir='ltr' id='par_1_62' title="bbox 774 4619 2334 4691">
     <span class='ocr_line' id='line_1_62' title="bbox 774 4619 2334 4691; baseline -0.002 -18"><span class='ocrx_word' id='word_1_451' title='bbox 774 4627 1083 4689; x_wconf 87' lang='lat' dir='ltr'><strong>spectantes</strong></span> <span class='ocrx_word' id='word_1_452' title='bbox 1111 4620 1410 4691; x_wconf 73' lang='lat' dir='ltr'><strong>caliginoso</strong></span> <span class='ocrx_word' id='word_1_453' title='bbox 1426 4626 1478 4674; x_wconf 90' lang='lat' dir='ltr'><strong>et</strong></span> <span class='ocrx_word' id='word_1_454' title='bbox 1494 4620 1730 4677; x_wconf 78' lang='lat' dir='ltr'><strong>obscuro</strong></span> <span class='ocrx_word' id='word_1_455' title='bbox 1756 4635 1908 4674; x_wconf 88' lang='lat' dir='ltr'><strong>more</strong></span> <span class='ocrx_word' id='word_1_456' title='bbox 1938 4619 2161 4689; x_wconf 66' lang='lat' dir='ltr'><strong>prolatae</strong></span> <span class='ocrx_word' id='word_1_457' title='bbox 2182 4624 2334 4683; x_wconf 90' lang='lat' dir='ltr'><strong>sunt,</strong></span> 
     </span>
    </p>
   </div>
   <div class='ocr_carea' id='block_1_63' title="bbox 764 4710 2336 4783">
    <p class='ocr_par' dir='ltr' id='par_1_63' title="bbox 764 4710 2336 4783">
     <span class='ocr_line' id='line_1_63' title="bbox 764 4710 2336 4783; baseline -0.003 -17"><span class='ocrx_word' id='word_1_458' title='bbox 764 4712 893 4781; x_wconf 86' lang='lat' dir='ltr'><strong>jure</strong></span> <span class='ocrx_word' id='word_1_459' title='bbox 936 4711 1241 4781; x_wconf 85' lang='lat' dir='ltr'><strong>adjicitur:</strong></span> <span class='ocrx_word' id='word_1_460' title='bbox 1282 4712 1576 4767; x_wconf 85' lang='lat' dir='ltr'><strong>Tenebrosa</strong></span> <span class='ocrx_word' id='word_1_461' title='bbox 1626 4729 1765 4783; x_wconf 86' lang='lat' dir='ltr'><strong>aqua</strong></span> <span class='ocrx_word' id='word_1_462' title='bbox 1814 4714 1865 4765; x_wconf 89' lang='lat' dir='ltr'><strong>in</strong></span> <span class='ocrx_word' id='word_1_463' title='bbox 1912 4710 2134 4766; x_wconf 86' lang='lat' dir='ltr'><strong>nubibus</strong></span> <span class='ocrx_word' id='word_1_464' title='bbox 2180 4711 2336 4763; x_wconf 88' lang='lat' dir='ltr'><strong>aeris.</strong></span> 
     </span>
    </p>
   </div>
   <div class='ocr_carea' id='block_1_64' title="bbox 771 4803 2337 4874">
    <p class='ocr_par' dir='ltr' id='par_1_64' title="bbox 771 4803 2337 4874">
     <span class='ocr_line' id='line_1_64' title="bbox 771 4803 2337 4874; baseline -0.001 -17"><span class='ocrx_word' id='word_1_465' title='bbox 771 4803 896 4857; x_wconf 73' lang='lat' dir='ltr'><strong>Prw</strong></span> <span class='ocrx_word' id='word_1_466' title='bbox 921 4803 1127 4874; x_wconf 82' lang='lat' dir='ltr'><strong>fulgore</strong></span> <span class='ocrx_word' id='word_1_467' title='bbox 1169 4804 1223 4857; x_wconf 86' lang='lat' dir='ltr'><strong>in</strong></span> <span class='ocrx_word' id='word_1_468' title='bbox 1276 4813 1549 4874; x_wconf 82' lang='lat' dir='ltr'><strong>conspectu</strong></span> <span class='ocrx_word' id='word_1_469' title='bbox 1599 4805 1712 4873; x_wconf 88' lang='lat' dir='ltr'><strong>ejus</strong></span> <span class='ocrx_word' id='word_1_470' title='bbox 1778 4805 1936 4859; x_wconf 87' lang='lat' dir='ltr'><strong>nubes</strong></span> <span class='ocrx_word' id='word_1_471' title='bbox 1994 4803 2337 4866; x_wconf 86' lang='lat' dir='ltr'><strong>transierunt,</strong></span> 
     </span>
    </p>
   </div>
   <div class='ocr_carea' id='block_1_65' title="bbox 767 4894 2340 4967">
    <p class='ocr_par' dir='ltr' id='par_1_65' title="bbox 767 4894 2340 4967">
     <span class='ocr_line' id='line_1_65' title="bbox 767 4894 2340 4967; baseline -0.001 -17"><span class='ocrx_word' id='word_1_472' title='bbox 767 4895 973 4967; x_wconf 83' lang='lat' dir='ltr'><strong>grando</strong></span> <span class='ocrx_word' id='word_1_473' title='bbox 1005 4906 1054 4951; x_wconf 89' lang='lat' dir='ltr'><strong>et</strong></span> <span class='ocrx_word' id='word_1_474' title='bbox 1085 4896 1338 4951; x_wconf 86' lang='lat' dir='ltr'><strong>carbones</strong></span> <span class='ocrx_word' id='word_1_475' title='bbox 1368 4896 1524 4966; x_wconf 86' lang='lat' dir='ltr'><strong>ignis.</strong></span> <span class='ocrx_word' id='word_1_476' title='bbox 1576 4894 1731 4962; x_wconf 84' lang='lat' dir='ltr'><strong>Quod</strong></span> <span class='ocrx_word' id='word_1_477' title='bbox 1770 4904 1950 4952; x_wconf 77' lang='lat' dir='ltr'><strong>autem</strong></span> <span class='ocrx_word' id='word_1_478' title='bbox 1990 4897 2185 4957; x_wconf 88' lang='lat' dir='ltr'><strong>nubes,</strong></span> <span class='ocrx_word' id='word_1_479' title='bbox 2214 4910 2340 4963; x_wconf 90' lang='lat' dir='ltr'><strong>pro-</strong></span> 
     </span>
    </p>
   </div>
   <div class='ocr_carea' id='block_1_66' title="bbox 770 4986 2339 5060">
    <p class='ocr_par' dir='ltr' id='par_1_66' title="bbox 770 4986 2339 5060">
     <span class='ocr_line' id='line_1_66' title="bbox 770 4986 2339 5060; baseline -0.003 -16"><span class='ocrx_word' id='word_1_480' title='bbox 770 4991 986 5060; x_wconf 86' lang='lat' dir='ltr'><strong>phetas,</strong></span> <span class='ocrx_word' id='word_1_481' title='bbox 1015 5004 1077 5044; x_wconf 90' lang='lat' dir='ltr'><strong>ac</strong></span> <span class='ocrx_word' id='word_1_482' title='bbox 1096 4989 1339 5060; x_wconf 88' lang='lat' dir='ltr'><strong>pluviam</strong></span> <span class='ocrx_word' id='word_1_483' title='bbox 1375 5004 1441 5044; x_wconf 81' lang='lat' dir='ltr'><strong>ex</strong></span> <span class='ocrx_word' id='word_1_484' title='bbox 1480 4987 1718 5043; x_wconf 89' lang='lat' dir='ltr'><strong>nubibus</strong></span> <span class='ocrx_word' id='word_1_485' title='bbox 1776 4987 2073 5058; x_wconf 83' lang='lat' dir='ltr'><strong>delapsam,</strong></span> <span class='ocrx_word' id='word_1_486' title='bbox 2105 4986 2339 5059; x_wconf 86' lang='lat' dir='ltr'><strong>pr0phe-</strong></span> 
     </span>
    </p>
   </div>
   <div class='ocr_carea' id='block_1_67' title="bbox 767 5080 2340 5154">
    <p class='ocr_par' dir='ltr' id='par_1_67' title="bbox 767 5080 2340 5154">
     <span class='ocr_line' id='line_1_67' title="bbox 767 5080 2340 5154; baseline -0.002 -19"><span class='ocrx_word' id='word_1_487' title='bbox 767 5084 908 5137; x_wconf 84' lang='lat' dir='ltr'><strong>ticos</strong></span> <span class='ocrx_word' id='word_1_488' title='bbox 970 5097 1250 5138; x_wconf 89' lang='lat' dir='ltr'><strong>sermones</strong></span> <span class='ocrx_word' id='word_1_489' title='bbox 1309 5082 1545 5154; x_wconf 88' lang='lat' dir='ltr'><strong>Spiritus</strong></span> <span class='ocrx_word' id='word_1_490' title='bbox 1575 5090 1798 5137; x_wconf 91' lang='lat' dir='ltr'><strong>sanctus</strong></span> <span class='ocrx_word' id='word_1_491' title='bbox 1841 5082 2012 5136; x_wconf 83' lang='lat' dir='ltr'><strong>soleat</strong></span> <span class='ocrx_word' id='word_1_492' title='bbox 2065 5080 2340 5151; x_wconf 85' lang='lat' dir='ltr'><strong>appellare</strong></span> 
     </span>
    </p>
   </div>
   <div class='ocr_carea' id='block_1_68' title="bbox 767 5171 2339 5249">
    <p class='ocr_par' dir='ltr' id='par_1_68' title="bbox 767 5171 2339 5249">
     <span class='ocr_line' id='line_1_68' title="bbox 767 5171 2339 5249; baseline -0.001 -20"><span class='ocrx_word' id='word_1_493' title='bbox 767 5174 985 5229; x_wconf 89' lang='lat' dir='ltr'><strong>docebit</strong></span> <span class='ocrx_word' id='word_1_494' title='bbox 1004 5174 1179 5231; x_wconf 74' lang='lat' dir='ltr'><strong>isaias</strong></span> <span class='ocrx_word' id='word_1_495' title='bbox 1209 5177 1325 5247; x_wconf 89' lang='lat' dir='ltr'><strong>qui,</strong></span> <span class='ocrx_word' id='word_1_496' title='bbox 1361 5171 1821 5249; x_wconf 86' lang='lat' dir='ltr'><strong>quemadmodum</strong></span> <span class='ocrx_word' id='word_1_497' title='bbox 1852 5174 2055 5228; x_wconf 92' lang='lat' dir='ltr'><strong>dictum</strong></span> <span class='ocrx_word' id='word_1_498' title='bbox 2086 5181 2192 5238; x_wconf 86' lang='lat' dir='ltr'><strong>est,</strong></span> <span class='ocrx_word' id='word_1_499' title='bbox 2241 5187 2339 5243; x_wconf 90' lang='lat' dir='ltr'><strong>po-</strong></span> 
     </span>
    </p>
   </div>
   <div class='ocr_carea' id='block_1_69' title="bbox 768 5272 2339 5344">
    <p class='ocr_par' dir='ltr' id='par_1_69' title="bbox 768 5272 2339 5344">
     <span class='ocr_line' id='line_1_69' title="bbox 768 5272 2339 5344; baseline -0.003 -17"><span class='ocrx_word' id='word_1_500' title='bbox 768 5272 957 5343; x_wconf 87' lang='lat' dir='ltr'><strong>pulum</strong></span> <span class='ocrx_word' id='word_1_501' title='bbox 1014 5272 1228 5327; x_wconf 82' lang='lat' dir='ltr'><strong>vineam</strong></span> <span class='ocrx_word' id='word_1_502' title='bbox 1280 5274 1591 5344; x_wconf 88' lang='lat' dir='ltr'><strong>compellat,</strong></span> <span class='ocrx_word' id='word_1_503' title='bbox 1627 5276 1811 5344; x_wconf 87' lang='lat' dir='ltr'><strong>aitque</strong></span> <span class='ocrx_word' id='word_1_504' title='bbox 1852 5274 2025 5328; x_wconf 89' lang='lat' dir='ltr'><strong>nubes</strong></span> <span class='ocrx_word' id='word_1_505' title='bbox 2055 5289 2162 5329; x_wconf 87' lang='lat' dir='ltr'><strong>non</strong></span> <span class='ocrx_word' id='word_1_506' title='bbox 2198 5272 2339 5325; x_wconf 86' lang='lat' dir='ltr'><strong>ultra</strong></span> 
     </span>
    </p>
   </div>
   <div class='ocr_carea' id='block_1_70' title="bbox 768 5365 1670 5435">
    <p class='ocr_par' dir='ltr' id='par_1_70' title="bbox 768 5365 1670 5435">
     <span class='ocr_line' id='line_1_70' title="bbox 768 5365 1670 5435; baseline 0.001 -15"><span class='ocrx_word' id='word_1_507' title='bbox 768 5366 1004 5435; x_wconf 82' lang='lat' dir='ltr'><strong>pluviam</strong></span> <span class='ocrx_word' id='word_1_508' title='bbox 1036 5366 1137 5435; x_wconf 89' lang='lat' dir='ltr'><strong>ipsi</strong></span> <span class='ocrx_word' id='word_1_509' title='bbox 1165 5365 1581 5422; x_wconf 80' lang='lat' dir='ltr'><strong>subministrare</strong></span> <span class='ocrx_word' id='word_1_510' title='bbox 1604 5366 1670 5421; x_wconf 77' lang='grc'><strong>⁸⁷.</strong></span> 
     </span>
    </p>
   </div>
   <div class='ocr_carea' id='block_1_71' title="bbox 836 5456 2337 5525">
    <p class='ocr_par' dir='ltr' id='par_1_71' title="bbox 836 5456 2337 5525">
     <span class='ocr_line' id='line_1_71' title="bbox 836 5456 2337 5525; baseline -0.001 -13"><span class='ocrx_word' id='word_1_511' title='bbox 836 5457 1003 5514; x_wconf 70' lang='lat' dir='ltr'><strong>Vens.</strong></span> <span class='ocrx_word' id='word_1_512' title='bbox 1030 5459 1115 5514; x_wconf 74' lang='grc'><strong>14.</strong></span> <span class='ocrx_word' id='word_1_513' title='bbox 1154 5456 1222 5511; x_wconf 89' lang='lat' dir='ltr'><strong>Et</strong></span> <span class='ocrx_word' id='word_1_514' title='bbox 1253 5460 1476 5513; x_wconf 83' lang='lat' dir='ltr'><strong>intonuit</strong></span> <span class='ocrx_word' id='word_1_515' title='bbox 1504 5459 1567 5514; x_wconf 93' lang='lat' dir='ltr'><strong>de</strong></span> <span class='ocrx_word' id='word_1_516' title='bbox 1588 5462 1717 5515; x_wconf 73' lang='lat' dir='ltr'><strong>caelo</strong></span> <span class='ocrx_word' id='word_1_517' title='bbox 1737 5460 2016 5525; x_wconf 83' lang='lat' dir='ltr'><strong>Dominus,</strong></span> <span class='ocrx_word' id='word_1_518' title='bbox 2052 5468 2101 5513; x_wconf 91' lang='lat' dir='ltr'><strong>et</strong></span> <span class='ocrx_word' id='word_1_519' title='bbox 2123 5458 2337 5512; x_wconf 84' lang='lat' dir='ltr'><strong>Altissi-</strong></span> 
     </span>
    </p>
   </div>
   <div class='ocr_carea' id='block_1_72' title="bbox 768 5550 2334 5623">
    <p class='ocr_par' dir='ltr' id='par_1_72' title="bbox 768 5550 2334 5623">
     <span class='ocr_line' id='line_1_72' title="bbox 768 5550 2334 5623; baseline -0.003 -17"><span class='ocrx_word' id='word_1_520' title='bbox 768 5569 883 5606; x_wconf 78' lang='lat' dir='ltr'><strong>mus</strong></span> <span class='ocrx_word' id='word_1_521' title='bbox 898 5550 1040 5606; x_wconf 87' lang='lat' dir='ltr'><strong>dedit</strong></span> <span class='ocrx_word' id='word_1_522' title='bbox 1063 5569 1235 5607; x_wconf 81' lang='lat' dir='ltr'><strong>vocem</strong></span> <span class='ocrx_word' id='word_1_523' title='bbox 1255 5568 1425 5605; x_wconf 88' lang='lat' dir='ltr'><strong>suam.</strong></span> <span class='ocrx_word' id='word_1_524' title='bbox 1474 5554 1530 5606; x_wconf 91' lang='lat' dir='ltr'><strong>ln</strong></span> <span class='ocrx_word' id='word_1_525' title='bbox 1551 5552 1821 5623; x_wconf 61' lang='lat' dir='ltr'><strong>praesenti</strong></span> <span class='ocrx_word' id='word_1_526' title='bbox 1850 5552 2109 5607; x_wconf 83' lang='lat' dir='ltr'><strong>docemur</strong></span> <span class='ocrx_word' id='word_1_527' title='bbox 2135 5564 2197 5603; x_wconf 84' lang='lat' dir='ltr'><strong>ea</strong></span> <span class='ocrx_word' id='word_1_528' title='bbox 2214 5562 2334 5617; x_wconf 69' lang='lat' dir='ltr'><strong>quae</strong></span> 
     </span>
    </p>
   </div>
   <div class='ocr_carea' id='block_1_73' title="bbox 765 5777 1199 5841">
    <p class='ocr_par' dir='ltr' id='par_1_73' title="bbox 765 5777 1199 5841">
     <span class='ocr_line' id='line_1_73' title="bbox 765 5777 1199 5841; baseline 0 -11"><span class='ocrx_word' id='word_1_529' title='bbox 765 5778 806 5807; x_wconf 78' lang='grc'><strong>⁸⁷</strong></span> <span class='ocrx_word' id='word_1_530' title='bbox 840 5777 916 5830; x_wconf 80' lang='lat' dir='ltr'><strong>Isa</strong></span> <span class='ocrx_word' id='word_1_531' title='bbox 989 5796 1035 5841; x_wconf 46' lang='grc' dir='ltr'><strong>ι’,</strong></span> <span class='ocrx_word' id='word_1_532' title='bbox 1076 5780 1121 5839; x_wconf 71' lang='grc' dir='ltr'>ι,</span> <span class='ocrx_word' id='word_1_533' title='bbox 1152 5779 1199 5830; x_wconf 67' lang='grc'><strong>6.</strong></span> 
     </span>
    </p>
   </div>
   <div class='ocr_carea' id='block_1_74' title="bbox 834 5932 1697 6005">
    <p class='ocr_par' dir='ltr' id='par_1_74' title="bbox 834 5932 1697 6005">
     <span class='ocr_line' id='line_1_74' title="bbox 834 5932 1697 6005; baseline -0.003 -15"><span class='ocrx_word' id='word_1_534' title='bbox 834 5938 909 6005; x_wconf 82' lang='lat' dir='ltr'><strong>(l)</strong></span> <span class='ocrx_word' id='word_1_535' title='bbox 953 5935 1080 5995; x_wconf 52' lang='lat' dir='ltr'><strong>ius.</strong></span> <span class='ocrx_word' id='word_1_536' title='bbox 1105 5937 1170 5991; x_wconf 85' lang='lat' dir='ltr'><strong>ad</strong></span> <span class='ocrx_word' id='word_1_537' title='bbox 1200 5950 1372 6002; x_wconf 66' lang='lat' dir='ltr'><strong>marg.</strong></span> <span class='ocrx_word' id='word_1_538' title='bbox 1414 5932 1697 6003; x_wconf 70' lang='lat' dir='ltr'><strong>yepouGlu.</strong></span> 
     </span>
    </p>
   </div>
   <div class='ocr_carea' id='block_1_75' title="bbox 2451 2054 4024 2138">
    <p class='ocr_par' dir='ltr' id='par_1_75' title="bbox 2451 2054 4024 2138">
     <span class='ocr_line' id='line_1_75' title="bbox 2451 2054 4024 2138; baseline -0.01 -19"><span class='ocrx_word' id='word_1_539' title='bbox 2451 2064 2669 2138; x_wconf 73' lang='grc' dir='ltr'>ρουῦὶμ,</span> <span class='ocrx_word' id='word_1_540' title='bbox 2696 2063 2789 2117; x_wconf 75' lang='grc' dir='ltr'>καὶ</span> <span class='ocrx_word' id='word_1_541' title='bbox 2812 2060 3116 2129; x_wconf 82' lang='grc' dir='ltr'>ἐπετάσθη·</span> <span class='ocrx_word' id='word_1_542' title='bbox 3142 2057 3317 2111; x_wconf 88' lang='grc' dir='ltr'>καίτοι</span> <span class='ocrx_word' id='word_1_543' title='bbox 3345 2056 3418 2127; x_wconf 82' lang='grc' dir='ltr'>μὴ</span> <span class='ocrx_word' id='word_1_544' title='bbox 3451 2057 3546 2109; x_wconf 78' lang='grc' dir='ltr'>σὺν</span> <span class='ocrx_word' id='word_1_545' title='bbox 3570 2054 3717 2125; x_wconf 83' lang='grc' dir='ltr'>αὐτῷ</span> <span class='ocrx_word' id='word_1_546' title='bbox 3746 2054 4024 2116; x_wconf 72' lang='grc' dir='ltr'>καταϐάς·</span> 
     </span>
    </p>
   </div>
   <div class='ocr_carea' id='block_1_76' title="bbox 2447 2144 4029 2227">
    <p class='ocr_par' dir='ltr' id='par_1_76' title="bbox 2447 2144 4029 2227">
     <span class='ocr_line' id='line_1_76' title="bbox 2447 2144 4029 2227; baseline -0.009 -16"><span class='ocrx_word' id='word_1_547' title='bbox 2447 2158 2569 2227; x_wconf 86' lang='grc' dir='ltr'>δίχα</span> <span class='ocrx_word' id='word_1_548' title='bbox 2610 2156 2718 2227; x_wconf 83' lang='grc' dir='ltr'><strong>γὰρ</strong></span> <span class='ocrx_word' id='word_1_549' title='bbox 2766 2154 2859 2208; x_wconf 82' lang='grc' dir='ltr'>τοῦ</span> <span class='ocrx_word' id='word_1_550' title='bbox 2903 2151 3169 2223; x_wconf 69' lang='grc' dir='ltr'>χερουόὶμ</span> <span class='ocrx_word' id='word_1_551' title='bbox 3212 2148 3418 2202; x_wconf 75' lang='grc' dir='ltr'>ἔκλινεν</span> <span class='ocrx_word' id='word_1_552' title='bbox 3447 2149 3709 2219; x_wconf 80' lang='grc' dir='ltr'>οὐρανοὺς</span> <span class='ocrx_word' id='word_1_553' title='bbox 3734 2147 3897 2209; x_wconf 74' lang='grc' dir='ltr'>αὐτὸς</span> <span class='ocrx_word' id='word_1_554' title='bbox 3933 2144 4029 2199; x_wconf 73' lang='grc' dir='ltr'>καὶ</span> 
     </span>
    </p>
   </div>
   <div class='ocr_carea' id='block_1_77' title="bbox 2449 2236 4028 2317">
    <p class='ocr_par' dir='ltr' id='par_1_77' title="bbox 2449 2236 4028 2317">
     <span class='ocr_line' id='line_1_77' title="bbox 2449 2236 4028 2317; baseline -0.006 -16"><span class='ocrx_word' id='word_1_555' title='bbox 2449 2247 2675 2317; x_wconf 75' lang='grc' dir='ltr'>κατέϐη.</span> <span class='ocrx_word' id='word_1_556' title='bbox 2723 2248 2811 2299; x_wconf 85' lang='grc' dir='ltr'>Ἐν</span> <span class='ocrx_word' id='word_1_557' title='bbox 2862 2244 2919 2296; x_wconf 83' lang='grc' dir='ltr'>δὲ</span> <span class='ocrx_word' id='word_1_558' title='bbox 2964 2245 3028 2313; x_wconf 77' lang='grc' dir='ltr'>τῇ</span> <span class='ocrx_word' id='word_1_559' title='bbox 3074 2240 3314 2310; x_wconf 79' lang='grc' dir='ltr'>ὲπανάὸῳ</span> <span class='ocrx_word' id='word_1_560' title='bbox 3364 2238 3640 2291; x_wconf 84' lang='grc' dir='ltr'>λέλεκται·</span> <span class='ocrx_word' id='word_1_561' title='bbox 3689 2238 3796 2292; x_wconf 84' lang='lat' dir='ltr'><strong>Kal</strong></span> <span class='ocrx_word' id='word_1_562' title='bbox 3838 2236 4028 2305; x_wconf 79' lang='grc' dir='ltr'>ἐπέϐη</span> 
     </span>
    </p>
   </div>
   <div class='ocr_carea' id='block_1_78' title="bbox 2448 2325 4028 2407">
    <p class='ocr_par' dir='ltr' id='par_1_78' title="bbox 2448 2325 4028 2407">
     <span class='ocr_line' id='line_1_78' title="bbox 2448 2325 4028 2407; baseline -0.006 -15"><span class='ocrx_word' id='word_1_563' title='bbox 2448 2337 2547 2392; x_wconf 79' lang='grc' dir='ltr'><strong>ἐπὶ</strong></span> <span class='ocrx_word' id='word_1_564' title='bbox 2583 2337 2862 2407; x_wconf 79' lang='grc' dir='ltr'>χερουὸἰμ</span> <span class='ocrx_word' id='word_1_565' title='bbox 2890 2334 2987 2389; x_wconf 77' lang='grc' dir='ltr'><strong>καί</strong></span> <span class='ocrx_word' id='word_1_566' title='bbox 3016 2334 3337 2400; x_wconf 81' lang='grc' dir='ltr'>ἐπετὰσθη,</span> <span class='ocrx_word' id='word_1_567' title='bbox 3372 2330 3488 2402; x_wconf 87' lang='grc' dir='ltr'>μεθ’</span> <span class='ocrx_word' id='word_1_568' title='bbox 3519 2325 3579 2385; x_wconf 69' lang='grc' dir='ltr'>οὗ</span> <span class='ocrx_word' id='word_1_569' title='bbox 3608 2330 3893 2400; x_wconf 82' lang='grc' dir='ltr'>ἀνείληφεν</span> <span class='ocrx_word' id='word_1_570' title='bbox 3921 2327 4028 2382; x_wconf 87' lang='grc' dir='ltr'>σώ-</span> 
     </span>
    </p>
   </div>
   <div class='ocr_carea' id='block_1_79' title="bbox 2453 2420 4027 2504">
    <p class='ocr_par' dir='ltr' id='par_1_79' title="bbox 2453 2420 4027 2504">
     <span class='ocr_line' id='line_1_79' title="bbox 2453 2420 4027 2504; baseline -0.006 -18"><span class='ocrx_word' id='word_1_571' title='bbox 2453 2421 2639 2504; x_wconf 78' lang='grc' dir='ltr'>ματος.</span> <span class='ocrx_word' id='word_1_572' title='bbox 2660 2432 2770 2486; x_wconf 70' lang='grc' dir='ltr'>Καὶ</span> <span class='ocrx_word' id='word_1_573' title='bbox 2794 2429 2979 2500; x_wconf 76' lang='grc' dir='ltr'>ἐπειδὴ</span> <span class='ocrx_word' id='word_1_574' title='bbox 3004 2427 3365 2481; x_wconf 82' lang='grc' dir='ltr'>ἀναϐαίνοντα</span> <span class='ocrx_word' id='word_1_575' title='bbox 3388 2423 3559 2486; x_wconf 76' lang='grc' dir='ltr'>οὕτως</span> <span class='ocrx_word' id='word_1_576' title='bbox 3580 2420 3843 2494; x_wconf 76' lang='grc' dir='ltr'>ἐθεώρουν</span> <span class='ocrx_word' id='word_1_577' title='bbox 3861 2422 4027 2477; x_wconf 80' lang='grc' dir='ltr'>αὑτὸν</span> 
     </span>
    </p>
   </div>
   <div class='ocr_carea' id='block_1_80' title="bbox 2448 2510 4041 2592">
    <p class='ocr_par' dir='ltr' id='par_1_80' title="bbox 2448 2510 4041 2592">
     <span class='ocr_line' id='line_1_80' title="bbox 2448 2510 4041 2592; baseline -0.009 -17"><span class='ocrx_word' id='word_1_578' title='bbox 2448 2525 2505 2575; x_wconf 88' lang='grc' dir='ltr'>αἱ</span> <span class='ocrx_word' id='word_1_579' title='bbox 2538 2522 2794 2592; x_wconf 85' lang='grc' dir='ltr'>δυνάμεις</span> <span class='ocrx_word' id='word_1_580' title='bbox 2822 2521 2876 2573; x_wconf 82' lang='grc' dir='ltr'>αἱ</span> <span class='ocrx_word' id='word_1_581' title='bbox 2912 2518 3074 2578; x_wconf 83' lang='grc' dir='ltr'>θεῖαι.</span> <span class='ocrx_word' id='word_1_582' title='bbox 3103 2516 3234 2587; x_wconf 76' lang='grc' dir='ltr'>περὶ</span> <span class='ocrx_word' id='word_1_583' title='bbox 3259 2515 3420 2568; x_wconf 80' lang='grc' dir='ltr'>αὑτὸν</span> <span class='ocrx_word' id='word_1_584' title='bbox 3455 2510 3741 2582; x_wconf 83' lang='grc' dir='ltr'>γενόμεναι</span> <span class='ocrx_word' id='word_1_585' title='bbox 3766 2510 4041 2581; x_wconf 38' lang='grc' dir='ltr'>ἐδορυφός,</span> 
     </span>
    </p>
   </div>
   <div class='ocr_carea' id='block_1_81' title="bbox 2452 2603 4023 2687">
    <p class='ocr_par' dir='ltr' id='par_1_81' title="bbox 2452 2603 4023 2687">
     <span class='ocr_line' id='line_1_81' title="bbox 2452 2603 4023 2687; baseline -0.01 -18"><span class='ocrx_word' id='word_1_586' title='bbox 2452 2632 2575 2687; x_wconf 89' lang='grc' dir='ltr'>ρουν</span> <span class='ocrx_word' id='word_1_587' title='bbox 2627 2612 2788 2667; x_wconf 81' lang='grc' dir='ltr'><strong>αὐτοῦ</strong></span> <span class='ocrx_word' id='word_1_588' title='bbox 2846 2612 2943 2683; x_wconf 81' lang='grc' dir='ltr'>τὴν</span> <span class='ocrx_word' id='word_1_589' title='bbox 3000 2610 3183 2665; x_wconf 78' lang='grc' dir='ltr'>ἄνοδον</span> <span class='ocrx_word' id='word_1_590' title='bbox 3234 2607 3529 2661; x_wconf 74' lang='grc' dir='ltr'>ὲπιϐοῶσαι</span> <span class='ocrx_word' id='word_1_591' title='bbox 3591 2605 3685 2658; x_wconf 65' lang='grc' dir='ltr'>καὶ</span> <span class='ocrx_word' id='word_1_592' title='bbox 3729 2603 4023 2671; x_wconf 74' lang='grc' dir='ltr'>λέγουσαιο</span> 
     </span>
    </p>
   </div>
   <div class='ocr_carea' id='block_1_82' title="bbox 2451 2691 4027 2773">
    <p class='ocr_par' dir='ltr' id='par_1_82' title="bbox 2451 2691 4027 2773">
     <span class='ocr_line' id='line_1_82' title="bbox 2451 2691 4027 2773; baseline -0.01 -14"><span class='ocrx_word' id='word_1_593' title='bbox 2451 2707 2654 2773; x_wconf 80' lang='grc' dir='ltr'>Ἄρατε</span> <span class='ocrx_word' id='word_1_594' title='bbox 2697 2703 2803 2767; x_wconf 84' lang='grc' dir='ltr'>τὰς</span> <span class='ocrx_word' id='word_1_595' title='bbox 2833 2703 3051 2766; x_wconf 81' lang='grc' dir='ltr'><strong>πύλας,</strong></span> <span class='ocrx_word' id='word_1_596' title='bbox 3070 2698 3465 2767; x_wconf 65' lang='grc' dir='ltr'>οιαρχοντες,</span> <span class='ocrx_word' id='word_1_597' title='bbox 3504 2693 3690 2763; x_wconf 80' lang='grc' dir='ltr'>ὑμῶν,</span> <span class='ocrx_word' id='word_1_598' title='bbox 3719 2692 3817 2746; x_wconf 79' lang='grc' dir='ltr'>καὶ</span> <span class='ocrx_word' id='word_1_599' title='bbox 3843 2691 4027 2760; x_wconf 80' lang='grc' dir='ltr'>ἐπάρ-</span> 
     </span>
    </p>
   </div>
   <div class='ocr_carea' id='block_1_83' title="bbox 2447 2784 4026 2865">
    <p class='ocr_par' dir='ltr' id='par_1_83' title="bbox 2447 2784 4026 2865">
     <span class='ocr_line' id='line_1_83' title="bbox 2447 2784 4026 2865; baseline -0.011 -12"><span class='ocrx_word' id='word_1_600' title='bbox 2447 2802 2607 2865; x_wconf 88' lang='grc' dir='ltr'>θητε,</span> <span class='ocrx_word' id='word_1_601' title='bbox 2634 2796 2818 2850; x_wconf 79' lang='grc' dir='ltr'>πύλαι</span> <span class='ocrx_word' id='word_1_602' title='bbox 2844 2792 3082 2856; x_wconf 80' lang='grc' dir='ltr'>αἰώνιοι,</span> <span class='ocrx_word' id='word_1_603' title='bbox 3111 2791 3207 2844; x_wconf 81' lang='grc' dir='ltr'><strong>καί</strong></span> <span class='ocrx_word' id='word_1_604' title='bbox 3234 2789 3643 2844; x_wconf 77' lang='grc' dir='ltr'>εἰσελεύσεται</span> <span class='ocrx_word' id='word_1_605' title='bbox 3672 2788 3705 2839; x_wconf 87' lang='grc' dir='ltr'><strong>ό</strong></span> <span class='ocrx_word' id='word_1_606' title='bbox 3722 2784 4026 2850; x_wconf 79' lang='grc' dir='ltr'>,ϐασιλεὺς</span> 
     </span>
    </p>
   </div>
   <div class='ocr_carea' id='block_1_84' title="bbox 2448 2871 4024 2954">
    <p class='ocr_par' dir='ltr' id='par_1_84' title="bbox 2448 2871 4024 2954">
     <span class='ocr_line' id='line_1_84' title="bbox 2448 2871 4024 2954; baseline -0.011 -14"><span class='ocrx_word' id='word_1_607' title='bbox 2448 2884 2553 2954; x_wconf 85' lang='grc' dir='ltr'>τῆς</span> <span class='ocrx_word' id='word_1_608' title='bbox 2583 2885 2799 2950; x_wconf 74' lang='grc' dir='ltr'>δόξης.</span> <span class='ocrx_word' id='word_1_609' title='bbox 2838 2879 3170 2953; x_wconf 83' lang='grc' dir='ltr'>Ἐπληροῠτο</span> <span class='ocrx_word' id='word_1_610' title='bbox 3195 2879 3251 2932; x_wconf 82' lang='grc' dir='ltr'>δὲ</span> <span class='ocrx_word' id='word_1_611' title='bbox 3279 2876 3452 2931; x_wconf 81' lang='grc' dir='ltr'>ταῦτα</span> <span class='ocrx_word' id='word_1_612' title='bbox 3496 2874 3638 2928; x_wconf 84' lang='grc' dir='ltr'><strong>κατά</strong></span> <span class='ocrx_word' id='word_1_613' title='bbox 3683 2873 3773 2926; x_wconf 84' lang='grc' dir='ltr'>τὸν</span> <span class='ocrx_word' id='word_1_614' title='bbox 3811 2871 4024 2942; x_wconf 82' lang='grc' dir='ltr'>καιρὸν,</span> 
     </span>
    </p>
   </div>
   <div class='ocr_carea' id='block_1_85' title="bbox 2446 2962 4025 3049">
    <p class='ocr_par' dir='ltr' id='par_1_85' title="bbox 2446 2962 4025 3049">
     <span class='ocr_line' id='line_1_85' title="bbox 2446 2962 4025 3049; baseline -0.011 -18"><span class='ocrx_word' id='word_1_615' title='bbox 2446 2978 2567 3031; x_wconf 77' lang='grc' dir='ltr'>καθ’</span> <span class='ocrx_word' id='word_1_616' title='bbox 2610 2979 2663 3031; x_wconf 79' lang='grc' dir='ltr'>ὃν</span> <span class='ocrx_word' id='word_1_617' title='bbox 2714 2993 2876 3049; x_wconf 80' lang='grc' dir='ltr'>φησιν</span> <span class='ocrx_word' id='word_1_618' title='bbox 2922 2978 2956 3046; x_wconf 84' lang='grc' dir='ltr'>ὴ</span> <span class='ocrx_word' id='word_1_619' title='bbox 2990 2972 3184 3045; x_wconf 81' lang='grc' dir='ltr'>Γραφὴ</span> <span class='ocrx_word' id='word_1_620' title='bbox 3214 2971 3339 3049; x_wconf 81' lang='grc' dir='ltr'>τῶν</span> <span class='ocrx_word' id='word_1_621' title='bbox 3365 2968 3622 3040; x_wconf 84' lang='grc' dir='ltr'>Πράξεων</span> <span class='ocrx_word' id='word_1_622' title='bbox 3650 2964 3756 3018; x_wconf 86' lang='grc' dir='ltr'><strong>τῶν</strong></span> <span class='ocrx_word' id='word_1_623' title='bbox 3790 2962 4025 3017; x_wconf 81' lang='grc' dir='ltr'>ἀποστό-</span> 
     </span>
    </p>
   </div>
   <div class='ocr_carea' id='block_1_86' title="bbox 2445 3048 4024 3128">
    <p class='ocr_par' dir='ltr' id='par_1_86' title="bbox 2445 3048 4024 3128">
     <span class='ocr_line' id='line_1_86' title="bbox 2445 3048 4024 3128; baseline -0.008 -9"><span class='ocrx_word' id='word_1_624' title='bbox 2445 3065 2554 3120; x_wconf 78' lang='grc' dir='ltr'><strong>λων</strong></span> <span class='ocrx_word' id='word_1_625' title='bbox 2572 3085 2585 3098; x_wconf 72' lang='grc' dir='ltr'>ο</span> <span class='ocrx_word' id='word_1_626' title='bbox 2605 3069 2711 3121; x_wconf 80' lang='grc' dir='ltr'><strong>Καὶ</strong></span> <span class='ocrx_word' id='word_1_627' title='bbox 2732 3048 2925 3120; x_wconf 84' lang='grc' dir='ltr'>ταῦτα</span> <span class='ocrx_word' id='word_1_628' title='bbox 2948 3066 3150 3128; x_wconf 85' lang='grc' dir='ltr'>εἰπὼν,</span> <span class='ocrx_word' id='word_1_629' title='bbox 3174 3048 3531 3127; x_wconf 67' lang='grc' dir='ltr'>,βλεπόντων</span> <span class='ocrx_word' id='word_1_630' title='bbox 3544 3056 3749 3111; x_wconf 76' lang='grc' dir='ltr'>αὐτῶν</span> <span class='ocrx_word' id='word_1_631' title='bbox 3770 3053 4024 3123; x_wconf 75' lang='grc' dir='ltr'>ἐπήρθη,</span> 
     </span>
    </p>
   </div>
   <div class='ocr_carea' id='block_1_87' title="bbox 2447 3144 4020 3227">
    <p class='ocr_par' dir='ltr' id='par_1_87' title="bbox 2447 3144 4020 3227">
     <span class='ocr_line' id='line_1_87' title="bbox 2447 3144 4020 3227; baseline -0.008 -14"><span class='ocrx_word' id='word_1_632' title='bbox 2447 3161 2544 3213; x_wconf 81' lang='grc' dir='ltr'>καὶ</span> <span class='ocrx_word' id='word_1_633' title='bbox 2578 3158 2803 3227; x_wconf 72' lang='grc' dir='ltr'>νεφέλη</span> <span class='ocrx_word' id='word_1_634' title='bbox 2836 3156 3130 3210; x_wconf 76' lang='grc' dir='ltr'>ἀνέλαϐεν</span> <span class='ocrx_word' id='word_1_635' title='bbox 3164 3153 3353 3206; x_wconf 80' lang='grc' dir='ltr'>αὐτὸν</span> <span class='ocrx_word' id='word_1_636' title='bbox 3380 3151 3500 3204; x_wconf 82' lang='grc' dir='ltr'>ἀπὸ</span> <span class='ocrx_word' id='word_1_637' title='bbox 3539 3149 3656 3201; x_wconf 82' lang='grc' dir='ltr'>τῶν</span> <span class='ocrx_word' id='word_1_638' title='bbox 3700 3144 4020 3216; x_wconf 66' lang='grc' dir='ltr'>ὀφθαλμῶν</span> 
     </span>
    </p>
   </div>
   <div class='ocr_carea' id='block_1_88' title="bbox 2446 3231 4025 3313">
    <p class='ocr_par' dir='ltr' id='par_1_88' title="bbox 2446 3231 4025 3313">
     <span class='ocr_line' id='line_1_88' title="bbox 2446 3231 4025 3313; baseline -0.011 -7"><span class='ocrx_word' id='word_1_639' title='bbox 2446 3250 2663 3306; x_wconf 82' lang='grc' dir='ltr'>αὐτῶν.</span> <span class='ocrx_word' id='word_1_640' title='bbox 2690 3249 2797 3304; x_wconf 80' lang='grc' dir='ltr'><strong>Καὶ</strong></span> <span class='ocrx_word' id='word_1_641' title='bbox 2824 3250 2902 3313; x_wconf 86' lang='grc' dir='ltr'>ὡς</span> <span class='ocrx_word' id='word_1_642' title='bbox 2936 3246 3301 3309; x_wconf 79' lang='grc' dir='ltr'>ἀτενίζοντες</span> <span class='ocrx_word' id='word_1_643' title='bbox 3328 3231 3487 3311; x_wconf 76' lang='grc' dir='ltr'>ἦσαν</span> <span class='ocrx_word' id='word_1_644' title='bbox 3514 3244 3599 3303; x_wconf 82' lang='grc' dir='ltr'>εὶς</span> <span class='ocrx_word' id='word_1_645' title='bbox 3627 3240 3735 3293; x_wconf 79' lang='grc' dir='ltr'>τὸν</span> <span class='ocrx_word' id='word_1_646' title='bbox 3764 3236 4025 3305; x_wconf 70' lang='grc' dir='ltr'>οἰφανὸν</span> 
     </span>
    </p>
   </div>
   <div class='ocr_carea' id='block_1_89' title="bbox 2371 3320 3082 3411">
    <p class='ocr_par' dir='ltr' id='par_1_89' title="bbox 2371 3320 3082 3411">
     <span class='ocr_line' id='line_1_89' title="bbox 2371 3320 3082 3411; baseline -0.01 -14"><span class='ocrx_word' id='word_1_647' title='bbox 2371 3320 2413 3377; x_wconf 74' lang='lat' dir='ltr'><strong>C</strong></span> <span class='ocrx_word' id='word_1_648' title='bbox 2448 3340 2851 3411; x_wconf 80' lang='grc' dir='ltr'>πορευομένου</span> <span class='ocrx_word' id='word_1_649' title='bbox 2878 3338 3082 3393; x_wconf 86' lang='grc' dir='ltr'>αὐτοῦ.</span> 
     </span>
    </p>
   </div>
   <div class='ocr_carea' id='block_1_90' title="bbox 2519 3421 4024 3506">
    <p class='ocr_par' dir='ltr' id='par_1_90' title="bbox 2519 3421 4024 3506">
     <span class='ocr_line' id='line_1_90' title="bbox 2519 3421 4024 3506; baseline -0.011 -18"><span class='ocrx_word' id='word_1_650' title='bbox 2519 3435 2627 3506; x_wconf 82' lang='grc' dir='ltr'><strong>Τὴν</strong></span> <span class='ocrx_word' id='word_1_651' title='bbox 2659 3434 2839 3502; x_wconf 82' lang='grc' dir='ltr'>ἀφανῆ</span> <span class='ocrx_word' id='word_1_652' title='bbox 2877 3433 2970 3485; x_wconf 81' lang='grc' dir='ltr'><strong>καί</strong></span> <span class='ocrx_word' id='word_1_653' title='bbox 3012 3430 3380 3485; x_wconf 81' lang='grc' dir='ltr'>λανθάνουσαν</span> <span class='ocrx_word' id='word_1_654' title='bbox 3414 3423 3506 3478; x_wconf 80' lang='grc' dir='ltr'><strong>τοῦ</strong></span> <span class='ocrx_word' id='word_1_655' title='bbox 3536 3422 3790 3494; x_wconf 82' lang='grc' dir='ltr'>Σωτῆρος</span> <span class='ocrx_word' id='word_1_656' title='bbox 3817 3421 4024 3493; x_wconf 84' lang='grc' dir='ltr'>διατρι-</span> 
     </span>
    </p>
   </div>
   <div class='ocr_carea' id='block_1_91' title="bbox 2449 3509 4025 3599">
    <p class='ocr_par' dir='ltr' id='par_1_91' title="bbox 2449 3509 4025 3599">
     <span class='ocr_line' id='line_1_91' title="bbox 2449 3509 4025 3599; baseline -0.011 -18"><span class='ocrx_word' id='word_1_657' title='bbox 2449 3528 2568 3599; x_wconf 80' lang='grc' dir='ltr'>ϐὴν,</span> <span class='ocrx_word' id='word_1_658' title='bbox 2597 3528 2661 3597; x_wconf 83' lang='grc' dir='ltr'>ἢν</span> <span class='ocrx_word' id='word_1_659' title='bbox 2696 3527 2792 3579; x_wconf 82' lang='grc' dir='ltr'>σὺν</span> <span class='ocrx_word' id='word_1_660' title='bbox 2818 3522 3123 3595; x_wconf 87' lang='grc' dir='ltr'>ἀνθρώποις</span> <span class='ocrx_word' id='word_1_661' title='bbox 3180 3519 3345 3573; x_wconf 78' lang='grc' dir='ltr'>εἰσέτι</span> <span class='ocrx_word' id='word_1_662' title='bbox 3378 3516 3471 3570; x_wconf 76' lang='grc' dir='ltr'><strong>καί⁵</strong></span> <span class='ocrx_word' id='word_1_663' title='bbox 3502 3513 3596 3569; x_wconf 78' lang='grc' dir='ltr'>νῦν</span> <span class='ocrx_word' id='word_1_664' title='bbox 3629 3516 3858 3567; x_wconf 87' lang='grc' dir='ltr'>ποιεῖται</span> <span class='ocrx_word' id='word_1_665' title='bbox 3888 3509 4025 3582; x_wconf 84' lang='grc' dir='ltr'><strong>μετά</strong></span> 
     </span>
    </p>
   </div>
   <div class='ocr_carea' id='block_1_92' title="bbox 2447 3604 4025 3690">
    <p class='ocr_par' dir='ltr' id='par_1_92' title="bbox 2447 3604 4025 3690">
     <span class='ocr_line' id='line_1_92' title="bbox 2447 3604 4025 3690; baseline -0.012 -17"><span class='ocrx_word' id='word_1_666' title='bbox 2447 3618 2543 3690; x_wconf 81' lang='grc' dir='ltr'>τὴν</span> <span class='ocrx_word' id='word_1_667' title='bbox 2567 3618 2852 3689; x_wconf 75' lang='grc' dir='ltr'>ἀνάληψιν,</span> <span class='ocrx_word' id='word_1_668' title='bbox 2905 3615 3143 3669; x_wconf 77' lang='grc' dir='ltr'>διδάσκει</span> <span class='ocrx_word' id='word_1_669' title='bbox 3175 3612 3375 3679; x_wconf 84' lang='grc' dir='ltr'>λέγων·</span> <span class='ocrx_word' id='word_1_670' title='bbox 3433 3606 3542 3662; x_wconf 86' lang='lat' dir='ltr'><strong>Kal</strong></span> <span class='ocrx_word' id='word_1_671' title='bbox 3588 3605 3753 3659; x_wconf 82' lang='grc' dir='ltr'>ἔθετο</span> <span class='ocrx_word' id='word_1_672' title='bbox 3804 3604 4025 3667; x_wconf 81' lang='grc' dir='ltr'>σκότος</span> 
     </span>
    </p>
   </div>
   <div class='ocr_carea' id='block_1_93' title="bbox 2446 3692 4021 3780">
    <p class='ocr_par' dir='ltr' id='par_1_93' title="bbox 2446 3692 4021 3780">
     <span class='ocr_line' id='line_1_93' title="bbox 2446 3692 4021 3780; baseline -0.014 -13"><span class='ocrx_word' id='word_1_673' title='bbox 2446 3710 2807 3780; x_wconf 71' lang='grc' dir='ltr'>ἀποκρυφὴν</span> <span class='ocrx_word' id='word_1_674' title='bbox 2826 3710 3033 3769; x_wconf 80' lang='grc' dir='ltr'>αὑτοῦ,</span> <span class='ocrx_word' id='word_1_675' title='bbox 3068 3707 3275 3770; x_wconf 78' lang='grc' dir='ltr'>κύκλῳ</span> <span class='ocrx_word' id='word_1_676' title='bbox 3301 3700 3490 3756; x_wconf 86' lang='grc' dir='ltr'>αὐτοῦ</span> <span class='ocrx_word' id='word_1_677' title='bbox 3529 3702 3566 3767; x_wconf 82' lang='grc' dir='ltr'><strong>η</strong></span> <span class='ocrx_word' id='word_1_678' title='bbox 3590 3696 3791 3764; x_wconf 59' lang='grc' dir='ltr'>σκηνὴ</span> <span class='ocrx_word' id='word_1_679' title='bbox 3813 3692 4021 3757; x_wconf 81' lang='grc' dir='ltr'>αὐτοῦ,</span> 
     </span>
    </p>
   </div>
   <div class='ocr_carea' id='block_1_94' title="bbox 2448 3784 4022 3867">
    <p class='ocr_par' dir='ltr' id='par_1_94' title="bbox 2448 3784 4022 3867">
     <span class='ocr_line' id='line_1_94' title="bbox 2448 3784 4022 3867; baseline -0.015 -9"><span class='ocrx_word' id='word_1_680' title='bbox 2448 3803 2763 3858; x_wconf 86' lang='grc' dir='ltr'>σκοτεινὸν</span> <span class='ocrx_word' id='word_1_681' title='bbox 2791 3800 2945 3867; x_wconf 82' lang='grc' dir='ltr'>ὕδωρ</span> <span class='ocrx_word' id='word_1_682' title='bbox 2971 3800 3041 3851; x_wconf 84' lang='grc' dir='ltr'>ἐν</span> <span class='ocrx_word' id='word_1_683' title='bbox 3074 3796 3356 3865; x_wconf 67' lang='grc' dir='ltr'>νεφέλαις</span> <span class='ocrx_word' id='word_1_684' title='bbox 3411 3791 3617 3857; x_wconf 80' lang='grc' dir='ltr'>ἀέρων.</span> <span class='ocrx_word' id='word_1_685' title='bbox 3670 3788 3744 3840; x_wconf 81' lang='grc' dir='ltr'><strong>Οὐ</strong></span> <span class='ocrx_word' id='word_1_686' title='bbox 3774 3784 4022 3839; x_wconf 81' lang='grc' dir='ltr'>λανθάνει</span> 
     </span>
    </p>
   </div>
   <div class='ocr_carea' id='block_1_95' title="bbox 2448 3875 4021 3967">
    <p class='ocr_par' dir='ltr' id='par_1_95' title="bbox 2448 3875 4021 3967">
     <span class='ocr_line' id='line_1_95' title="bbox 2448 3875 4021 3967; baseline -0.016 -18"><span class='ocrx_word' id='word_1_687' title='bbox 2448 3895 2555 3967; x_wconf 80' lang='grc' dir='ltr'><strong>γὰρ</strong></span> <span class='ocrx_word' id='word_1_688' title='bbox 2584 3895 2708 3955; x_wconf 80' lang='grc' dir='ltr'>τοὺς</span> <span class='ocrx_word' id='word_1_689' title='bbox 2740 3891 2944 3950; x_wconf 82' lang='grc' dir='ltr'>πάντας</span> <span class='ocrx_word' id='word_1_690' title='bbox 2976 3889 3122 3949; x_wconf 85' lang='grc' dir='ltr'>ὅπως</span> <span class='ocrx_word' id='word_1_691' title='bbox 3161 3884 3405 3937; x_wconf 80' lang='grc' dir='ltr'>σύνεστιν</span> <span class='ocrx_word' id='word_1_692' title='bbox 3447 3882 3577 3949; x_wconf 81' lang='grc' dir='ltr'>ἡμῖν</span> <span class='ocrx_word' id='word_1_693' title='bbox 3598 3875 3750 3948; x_wconf 28' lang='grc' dir='ltr'>,κατὰ</span> <span class='ocrx_word' id='word_1_694' title='bbox 3786 3875 3846 3927; x_wconf 82' lang='grc' dir='ltr'>τὸ</span> <span class='ocrx_word' id='word_1_695' title='bbox 3870 3876 4021 3944; x_wconf 88' lang='grc' dir='ltr'>εἰρη-</span> 
     </span>
    </p>
   </div>
   <div class='ocr_carea' id='block_1_96' title="bbox 2451 3964 4022 4057">
    <p class='ocr_par' dir='ltr' id='par_1_96' title="bbox 2451 3964 4022 4057">
     <span class='ocr_line' id='line_1_96' title="bbox 2451 3964 4022 4057; baseline -0.014 -19"><span class='ocrx_word' id='word_1_696' title='bbox 2451 3964 2608 4057; x_wconf 84' lang='grc' dir='ltr'>μένον</span> <span class='ocrx_word' id='word_1_697' title='bbox 2639 3982 2727 4034; x_wconf 81' lang='grc' dir='ltr'><strong>ὑπ⁹</strong></span> <span class='ocrx_word' id='word_1_698' title='bbox 2758 3978 2940 4032; x_wconf 78' lang='grc' dir='ltr'>αὐτοῦ·</span> <span class='ocrx_word' id='word_1_699' title='bbox 2985 3975 3147 4029; x_wconf 87' lang='grc' dir='ltr'>Ἰδοὺ.</span> <span class='ocrx_word' id='word_1_700' title='bbox 3185 3972 3298 4041; x_wconf 79' lang='grc' dir='ltr'><strong>ἐγὼ</strong></span> <span class='ocrx_word' id='word_1_701' title='bbox 3316 3972 3443 4041; x_wconf 78' lang='grc' dir='ltr'>μεθ’</span> <span class='ocrx_word' id='word_1_702' title='bbox 3473 3966 3639 4037; x_wconf 83' lang='grc' dir='ltr'>ὑμῶν</span> <span class='ocrx_word' id='word_1_703' title='bbox 3681 3969 3797 4035; x_wconf 76' lang='grc' dir='ltr'>εἰμι</span> <span class='ocrx_word' id='word_1_704' title='bbox 3820 3964 4022 4030; x_wconf 80' lang='grc' dir='ltr'>πάσας</span> 
     </span>
    </p>
   </div>
   <div class='ocr_carea' id='block_1_97' title="bbox 2452 4057 4024 4145">
    <p class='ocr_par' dir='ltr' id='par_1_97' title="bbox 2452 4057 4024 4145">
     <span class='ocr_line' id='line_1_97' title="bbox 2452 4057 4024 4145; baseline -0.015 -14"><span class='ocrx_word' id='word_1_705' title='bbox 2452 4078 2556 4142; x_wconf 87' lang='grc' dir='ltr'>τὰς</span> <span class='ocrx_word' id='word_1_706' title='bbox 2580 4073 2804 4145; x_wconf 73' lang='grc' dir='ltr'>ἡμέρας</span> <span class='ocrx_word' id='word_1_707' title='bbox 2823 4071 2933 4135; x_wconf 78' lang='grc' dir='ltr'>ἕως</span> <span class='ocrx_word' id='word_1_708' title='bbox 2959 4066 3069 4135; x_wconf 81' lang='grc' dir='ltr'>τῆς</span> <span class='ocrx_word' id='word_1_709' title='bbox 3089 4064 3444 4131; x_wconf 77' lang='grc' dir='ltr'>συντελείας</span> <span class='ocrx_word' id='word_1_710' title='bbox 3468 4061 3571 4115; x_wconf 79' lang='grc' dir='ltr'>τοῦ</span> <span class='ocrx_word' id='word_1_711' title='bbox 3598 4058 3827 4123; x_wconf 79' lang='grc' dir='ltr'>αἰῶνος.</span> <span class='ocrx_word' id='word_1_712' title='bbox 3882 4057 4024 4127; x_wconf 81' lang='grc' dir='ltr'>Σκη-</span> 
     </span>
    </p>
   </div>
   <div class='ocr_carea' id='block_1_98' title="bbox 2450 4147 4023 4240">
    <p class='ocr_par' dir='ltr' id='par_1_98' title="bbox 2450 4147 4023 4240">
     <span class='ocr_line' id='line_1_98' title="bbox 2450 4147 4023 4240; baseline -0.013 -18"><span class='ocrx_word' id='word_1_713' title='bbox 2450 4170 2546 4240; x_wconf 81' lang='grc' dir='ltr'>νὴν</span> <span class='ocrx_word' id='word_1_714' title='bbox 2574 4167 2629 4219; x_wconf 83' lang='grc' dir='ltr'>δὲ</span> <span class='ocrx_word' id='word_1_715' title='bbox 2649 4162 2811 4219; x_wconf 82' lang='grc' dir='ltr'>αὐτοῦ</span> <span class='ocrx_word' id='word_1_716' title='bbox 2856 4160 3109 4231; x_wconf 78' lang='grc' dir='ltr'>σημαίνει</span> <span class='ocrx_word' id='word_1_717' title='bbox 3143 4159 3241 4228; x_wconf 79' lang='grc' dir='ltr'><strong>οὺχ</strong></span> <span class='ocrx_word' id='word_1_718' title='bbox 3288 4153 3535 4227; x_wconf 78' lang='grc' dir='ltr'>ἐτέρανῆ</span> <span class='ocrx_word' id='word_1_719' title='bbox 3572 4153 3668 4223; x_wconf 84' lang='grc' dir='ltr'>τὴν</span> <span class='ocrx_word' id='word_1_720' title='bbox 3694 4150 3854 4218; x_wconf 84' lang='grc' dir='ltr'>ἁγίαν</span> <span class='ocrx_word' id='word_1_721' title='bbox 3898 4147 4023 4202; x_wconf 76' lang='grc' dir='ltr'><strong>Ἐκ-</strong></span> 
     </span>
    </p>
   </div>
   <div class='ocr_carea' id='block_1_99' title="bbox 2450 4241 4019 4331">
    <p class='ocr_par' dir='ltr' id='par_1_99' title="bbox 2450 4241 4019 4331">
     <span class='ocr_line' id='line_1_99' title="bbox 2450 4241 4019 4331; baseline -0.013 -17"><span class='ocrx_word' id='word_1_722' title='bbox 2450 4260 2675 4331; x_wconf 89' lang='grc' dir='ltr'>κλησίαν</span> <span class='ocrx_word' id='word_1_723' title='bbox 2695 4256 2877 4310; x_wconf 80' lang='grc' dir='ltr'>αὑτοῦ·</span> <span class='ocrx_word' id='word_1_724' title='bbox 2911 4256 2965 4306; x_wconf 82' lang='grc' dir='ltr'>ἐν</span> <span class='ocrx_word' id='word_1_725' title='bbox 3080 4249 3499 4320; x_wconf 86' lang='grc' dir='ltr'>κατασκηνῶσαι</span> <span class='ocrx_word' id='word_1_726' title='bbox 3520 4243 3904 4318; x_wconf 78' lang='grc' dir='ltr'>ἐπηγγείλατο,</span> <span class='ocrx_word' id='word_1_727' title='bbox 3938 4241 4019 4331; x_wconf 43' lang='lat' dir='ltr'><strong>elf-</strong></span> 
     </span>
    </p>
   </div>
   <div class='ocr_carea' id='block_1_100' title="bbox 2418 4330 4021 4413">
    <p class='ocr_par' dir='ltr' id='par_1_100' title="bbox 2418 4330 4021 4413">
     <span class='ocr_line' id='line_1_100' title="bbox 2418 4330 4021 4413; baseline -0.013 -8"><span class='ocrx_word' id='word_1_728' title='bbox 2418 4330 2584 4405; x_wconf 83' lang='grc' dir='ltr'>·πών·</span> <span class='ocrx_word' id='word_1_729' title='bbox 2618 4351 2799 4403; x_wconf 85' lang='grc' dir='ltr'>Ὅπου</span> <span class='ocrx_word' id='word_1_730' title='bbox 2822 4346 2928 4401; x_wconf 87' lang='grc' dir='ltr'><strong>δύο</strong></span> <span class='ocrx_word' id='word_1_731' title='bbox 2955 4345 2993 4412; x_wconf 82' lang='grc' dir='ltr'>ἢ</span> <span class='ocrx_word' id='word_1_732' title='bbox 3016 4345 3170 4413; x_wconf 78' lang='grc' dir='ltr'>τρεῖς</span> <span class='ocrx_word' id='word_1_733' title='bbox 3207 4341 3571 4411; x_wconf 77' lang='grc' dir='ltr'>συνηγμένοι</span> <span class='ocrx_word' id='word_1_734' title='bbox 3603 4339 3762 4393; x_wconf 77' lang='grc' dir='ltr'>εἰσὶν</span> <span class='ocrx_word' id='word_1_735' title='bbox 3813 4338 3899 4400; x_wconf 85' lang='grc' dir='ltr'><strong>εἰς</strong></span> <span class='ocrx_word' id='word_1_736' title='bbox 3954 4330 4021 4385; x_wconf 89' lang='grc' dir='ltr'>τὸ</span> 
     </span>
    </p>
   </div>
   <div class='ocr_carea' id='block_1_101' title="bbox 2447 4426 4021 4513">
    <p class='ocr_par' dir='ltr' id='par_1_101' title="bbox 2447 4426 4021 4513">
     <span class='ocr_line' id='line_1_101' title="bbox 2447 4426 4021 4513; baseline -0.013 -15"><span class='ocrx_word' id='word_1_737' title='bbox 2447 4443 2593 4513; x_wconf 81' lang='grc' dir='ltr'>ἐμὸν</span> <span class='ocrx_word' id='word_1_738' title='bbox 2627 4442 2838 4510; x_wconf 70' lang='grc' dir='ltr'>ὄνομα,</span> <span class='ocrx_word' id='word_1_739' title='bbox 2866 4438 2991 4493; x_wconf 79' lang='grc' dir='ltr'>ἐκεῖ</span> <span class='ocrx_word' id='word_1_740' title='bbox 3015 4441 3129 4508; x_wconf 76' lang='grc' dir='ltr'>εἰμι</span> <span class='ocrx_word' id='word_1_741' title='bbox 3168 4437 3237 4490; x_wconf 78' lang='grc' dir='ltr'>ἐν</span> <span class='ocrx_word' id='word_1_742' title='bbox 3258 4435 3425 4507; x_wconf 81' lang='grc' dir='ltr'>μέσῳ</span> <span class='ocrx_word' id='word_1_743' title='bbox 3453 4432 3669 4488; x_wconf 84' lang='grc' dir='ltr'>αὐτῶν.</span> <span class='ocrx_word' id='word_1_744' title='bbox 3720 4428 3937 4497; x_wconf 75' lang='grc' dir='ltr'>Ἐπειδὴ</span> <span class='ocrx_word' id='word_1_745' title='bbox 3965 4426 4021 4479; x_wconf 82' lang='grc' dir='ltr'>δὲ</span> 
     </span>
    </p>
   </div>
   <div class='ocr_carea' id='block_1_102' title="bbox 2450 4518 4022 4603">
    <p class='ocr_par' dir='ltr' id='par_1_102' title="bbox 2450 4518 4022 4603">
     <span class='ocr_line' id='line_1_102' title="bbox 2450 4518 4022 4603; baseline -0.013 -13"><span class='ocrx_word' id='word_1_746' title='bbox 2450 4538 2544 4590; x_wconf 78' lang='grc' dir='ltr'>καὶ</span> <span class='ocrx_word' id='word_1_747' title='bbox 2571 4536 2625 4587; x_wconf 90' lang='grc' dir='ltr'><strong>αἰ</strong></span> <span class='ocrx_word' id='word_1_748' title='bbox 2657 4533 2782 4603; x_wconf 76' lang='grc' dir='ltr'>περὶ</span> <span class='ocrx_word' id='word_1_749' title='bbox 2814 4532 2974 4585; x_wconf 76' lang='grc' dir='ltr'>αὐτοῦ</span> <span class='ocrx_word' id='word_1_750' title='bbox 3005 4533 3328 4602; x_wconf 82' lang='grc' dir='ltr'>προφητεῖαι</span> <span class='ocrx_word' id='word_1_751' title='bbox 3360 4525 3645 4588; x_wconf 84' lang='grc' dir='ltr'>σκοτεινῶς</span> <span class='ocrx_word' id='word_1_752' title='bbox 3670 4522 3912 4594; x_wconf 78' lang='grc' dir='ltr'>εἴρηνται</span> <span class='ocrx_word' id='word_1_753' title='bbox 3930 4518 4022 4571; x_wconf 70' lang='grc' dir='ltr'><strong>καὶ</strong></span> 
     </span>
    </p>
   </div>
   <div class='ocr_carea' id='block_1_103' title="bbox 2450 4609 4021 4697">
    <p class='ocr_par' dir='ltr' id='par_1_103' title="bbox 2450 4609 4021 4697">
     <span class='ocr_line' id='line_1_103' title="bbox 2450 4609 4021 4697; baseline -0.011 -18"><span class='ocrx_word' id='word_1_754' title='bbox 2450 4624 2959 4697; x_wconf 79' lang='grc' dir='ltr'>ὲπικεκρυμμένως,</span> <span class='ocrx_word' id='word_1_755' title='bbox 2994 4622 3217 4684; x_wconf 83' lang='grc' dir='ltr'>εἰκότως</span> <span class='ocrx_word' id='word_1_756' title='bbox 3246 4619 3370 4690; x_wconf 80' lang='grc' dir='ltr'><strong>ἑξῆς</strong></span> <span class='ocrx_word' id='word_1_757' title='bbox 3422 4618 3659 4685; x_wconf 75' lang='grc' dir='ltr'>λέγεταιο</span> <span class='ocrx_word' id='word_1_758' title='bbox 3705 4609 4021 4693; x_wconf 72' lang='grc' dir='ltr'>Σκοτεινάν</span> 
     </span>
    </p>
   </div>
   <div class='ocr_carea' id='block_1_104' title="bbox 2448 4700 4021 4787">
    <p class='ocr_par' dir='ltr' id='par_1_104' title="bbox 2448 4700 4021 4787">
     <span class='ocr_line' id='line_1_104' title="bbox 2448 4700 4021 4787; baseline -0.015 -13"><span class='ocrx_word' id='word_1_759' title='bbox 2448 4720 2605 4787; x_wconf 86' lang='grc' dir='ltr'>ὕδωρ</span> <span class='ocrx_word' id='word_1_760' title='bbox 2644 4718 2713 4772; x_wconf 80' lang='grc' dir='ltr'>ἐν</span> <span class='ocrx_word' id='word_1_761' title='bbox 2740 4716 3019 4786; x_wconf 67' lang='grc' dir='ltr'>νεφέλαις</span> <span class='ocrx_word' id='word_1_762' title='bbox 3044 4712 3252 4781; x_wconf 82' lang='grc' dir='ltr'>ἀέρων.</span> <span class='ocrx_word' id='word_1_763' title='bbox 3296 4710 3437 4765; x_wconf 83' lang='grc' dir='ltr'><strong>Ἀπὸ</strong></span> <span class='ocrx_word' id='word_1_764' title='bbox 3458 4706 3568 4774; x_wconf 81' lang='grc' dir='ltr'>τῆς</span> <span class='ocrx_word' id='word_1_765' title='bbox 3597 4700 4021 4771; x_wconf 77' lang='grc' dir='ltr'>τηλαυγήσεως</span> 
     </span>
    </p>
   </div>
   <div class='ocr_carea' id='block_1_105' title="bbox 2447 4792 4015 4873">
    <p class='ocr_par' dir='ltr' id='par_1_105' title="bbox 2447 4792 4015 4873">
     <span class='ocr_line' id='line_1_105' title="bbox 2447 4792 4015 4873; baseline -0.013 -9"><span class='ocrx_word' id='word_1_766' title='bbox 2447 4809 2700 4863; x_wconf 78' lang='grc' dir='ltr'>ἐνώπιον·</span> <span class='ocrx_word' id='word_1_767' title='bbox 2731 4805 2915 4861; x_wconf 83' lang='grc' dir='ltr'>αὑτοῦ</span> <span class='ocrx_word' id='word_1_768' title='bbox 2944 4808 3001 4859; x_wconf 82' lang='grc' dir='ltr'>αἱ</span> <span class='ocrx_word' id='word_1_769' title='bbox 3030 4803 3275 4873; x_wconf 70' lang='grc' dir='ltr'>νεφέλαι</span> <span class='ocrx_word' id='word_1_770' title='bbox 3328 4799 3595 4868; x_wconf 77' lang='grc' dir='ltr'>διῆλθον,</span> <span class='ocrx_word' id='word_1_771' title='bbox 3625 4804 3630 4813; x_wconf 92' lang='grc'><strong>”</strong></span> <span class='ocrx_word' id='word_1_772' title='bbox 3644 4793 3868 4864; x_wconf 66' lang='grc' dir='ltr'>χάλαζα</span> <span class='ocrx_word' id='word_1_773' title='bbox 3922 4792 4015 4845; x_wconf 75' lang='grc' dir='ltr'><strong>καί</strong></span> 
     </span>
    </p>
   </div>
   <div class='ocr_carea' id='block_1_106' title="bbox 2448 4889 4017 4973">
    <p class='ocr_par' dir='ltr' id='par_1_106' title="bbox 2448 4889 4017 4973">
     <span class='ocr_line' id='line_1_106' title="bbox 2448 4889 4017 4973; baseline -0.011 -17"><span class='ocrx_word' id='word_1_774' title='bbox 2448 4904 2736 4973; x_wconf 79' lang='grc' dir='ltr'>ἄνθρακες</span> <span class='ocrx_word' id='word_1_775' title='bbox 2754 4904 2970 4970; x_wconf 84' lang='grc' dir='ltr'>πυρός.</span> <span class='ocrx_word' id='word_1_776' title='bbox 3005 4901 3127 4953; x_wconf 73' lang='grc' dir='ltr'><strong>Ὀτι</strong></span> <span class='ocrx_word' id='word_1_777' title='bbox 3153 4897 3261 4968; x_wconf 79' lang='grc' dir='ltr'>γὰρ</span> <span class='ocrx_word' id='word_1_778' title='bbox 3293 4893 3519 4963; x_wconf 83' lang='grc' dir='ltr'>νεφέλας</span> <span class='ocrx_word' id='word_1_779' title='bbox 3561 4892 3685 4952; x_wconf 77' lang='grc' dir='ltr'>τοὺς</span> <span class='ocrx_word' id='word_1_780' title='bbox 3713 4889 4017 4959; x_wconf 71' lang='grc' dir='ltr'>προφήτας,</span> 
     </span>
    </p>
   </div>
   <div class='ocr_carea' id='block_1_107' title="bbox 2448 4980 4019 5065">
    <p class='ocr_par' dir='ltr' id='par_1_107' title="bbox 2448 4980 4019 5065">
     <span class='ocr_line' id='line_1_107' title="bbox 2448 4980 4019 5065; baseline -0.014 -15"><span class='ocrx_word' id='word_1_781' title='bbox 2448 4997 2540 5049; x_wconf 78' lang='grc' dir='ltr'>καὶ</span> <span class='ocrx_word' id='word_1_782' title='bbox 2568 4996 2659 5049; x_wconf 87' lang='grc' dir='ltr'>τὸν</span> <span class='ocrx_word' id='word_1_783' title='bbox 2681 4996 2738 5061; x_wconf 78' lang='grc' dir='ltr'>ἐξ</span> <span class='ocrx_word' id='word_1_784' title='bbox 2763 4994 2941 5048; x_wconf 82' lang='grc' dir='ltr'>αὐτῶν</span> <span class='ocrx_word' id='word_1_785' title='bbox 2975 4991 3267 5065; x_wconf 88' lang='grc' dir='ltr'>φερόμενον</span> <span class='ocrx_word' id='word_1_786' title='bbox 3302 4986 3473 5048; x_wconf 82' lang='grc' dir='ltr'>ὑετὸν,</span> <span class='ocrx_word' id='word_1_787' title='bbox 3506 4981 3703 5055; x_wconf 78' lang='grc' dir='ltr'>δηλαδὴ</span> <span class='ocrx_word' id='word_1_788' title='bbox 3738 4980 3862 5042; x_wconf 83' lang='grc' dir='ltr'>τοὺς</span> <span class='ocrx_word' id='word_1_789' title='bbox 3885 4996 4019 5050; x_wconf 65' lang='grc' dir='ltr'>προι»</span> 
     </span>
    </p>
   </div>
   <div class='ocr_carea' id='block_1_108' title="bbox 2446 5067 4019 5156">
    <p class='ocr_par' dir='ltr' id='par_1_108' title="bbox 2446 5067 4019 5156">
     <span class='ocr_line' id='line_1_108' title="bbox 2446 5067 4019 5156; baseline -0.014 -15"><span class='ocrx_word' id='word_1_790' title='bbox 2446 5086 2703 5156; x_wconf 78' lang='grc' dir='ltr'>φητικοὺς</span> <span class='ocrx_word' id='word_1_791' title='bbox 2722 5085 2933 5153; x_wconf 84' lang='grc' dir='ltr'>λόγους,</span> <span class='ocrx_word' id='word_1_792' title='bbox 2967 5081 3028 5135; x_wconf 84' lang='grc' dir='ltr'>τὸ</span> <span class='ocrx_word' id='word_1_793' title='bbox 3076 5078 3300 5147; x_wconf 80' lang='grc' dir='ltr'>Πνεῦμα</span> <span class='ocrx_word' id='word_1_794' title='bbox 3330 5074 3390 5127; x_wconf 82' lang='grc' dir='ltr'>τὸ</span> <span class='ocrx_word' id='word_1_795' title='bbox 3434 5073 3575 5125; x_wconf 85' lang='grc' dir='ltr'>θεῖον</span> <span class='ocrx_word' id='word_1_796' title='bbox 3608 5068 3795 5123; x_wconf 82' lang='grc' dir='ltr'>εἴωθεν</span> <span class='ocrx_word' id='word_1_797' title='bbox 3824 5067 4019 5139; x_wconf 83' lang='grc' dir='ltr'>ὀνομά-</span> 
     </span>
    </p>
   </div>
   <div class='ocr_carea' id='block_1_109' title="bbox 2446 5160 4019 5241">
    <p class='ocr_par' dir='ltr' id='par_1_109' title="bbox 2446 5160 4019 5241">
     <span class='ocr_line' id='line_1_109' title="bbox 2446 5160 4019 5241; baseline -0.012 -12"><span class='ocrx_word' id='word_1_798' title='bbox 2446 5177 2577 5241; x_wconf 83' lang='grc' dir='ltr'>ζειν.</span> <span class='ocrx_word' id='word_1_799' title='bbox 2613 5176 2809 5241; x_wconf 84' lang='grc' dir='ltr'>διδάξει</span> <span class='ocrx_word' id='word_1_800' title='bbox 2846 5176 3089 5235; x_wconf 77' lang='grc' dir='ltr'>Ἡσαΐας,</span> <span class='ocrx_word' id='word_1_801' title='bbox 3151 5164 3521 5237; x_wconf 83' lang='grc' dir='ltr'>ἀλληγορικῶς</span> <span class='ocrx_word' id='word_1_802' title='bbox 3565 5162 3657 5215; x_wconf 85' lang='grc' dir='ltr'>τὸν</span> <span class='ocrx_word' id='word_1_803' title='bbox 3685 5160 3809 5213; x_wconf 82' lang='grc' dir='ltr'>λαὸν</span> <span class='ocrx_word' id='word_1_804' title='bbox 3842 5160 4019 5230; x_wconf 86' lang='grc' dir='ltr'>ἀμπε-</span> 
     </span>
    </p>
   </div>
   <div class='ocr_carea' id='block_1_110' title="bbox 2445 5250 4016 5341">
    <p class='ocr_par' dir='ltr' id='par_1_110' title="bbox 2445 5250 4016 5341">
     <span class='ocr_line' id='line_1_110' title="bbox 2445 5250 4016 5341; baseline -0.014 -17"><span class='ocrx_word' id='word_1_805' title='bbox 2445 5270 2585 5323; x_wconf 82' lang='grc' dir='ltr'>λῶνα</span> <span class='ocrx_word' id='word_1_806' title='bbox 2607 5266 2940 5341; x_wconf 84' lang='grc' dir='ltr'>προσειπὼν,</span> <span class='ocrx_word' id='word_1_807' title='bbox 2972 5262 3117 5317; x_wconf 82' lang='grc' dir='ltr'>καθὰ</span> <span class='ocrx_word' id='word_1_808' title='bbox 3168 5261 3402 5331; x_wconf 76' lang='grc' dir='ltr'>εἴρηται,</span> <span class='ocrx_word' id='word_1_809' title='bbox 3437 5256 3530 5309; x_wconf 75' lang='grc' dir='ltr'>καὶ</span> <span class='ocrx_word' id='word_1_810' title='bbox 3559 5252 3785 5324; x_wconf 78' lang='grc' dir='ltr'>νεφέλας</span> <span class='ocrx_word' id='word_1_811' title='bbox 3821 5250 4016 5323; x_wconf 78' lang='grc' dir='ltr'>μηκέτι</span> 
     </span>
    </p>
   </div>
   <div class='ocr_carea' id='block_1_111' title="bbox 2446 5353 3210 5425">
    <p class='ocr_par' dir='ltr' id='par_1_111' title="bbox 2446 5353 3210 5425">
     <span class='ocr_line' id='line_1_111' title="bbox 2446 5353 3210 5425; baseline -0.014 -11"><span class='ocrx_word' id='word_1_812' title='bbox 2446 5363 2524 5424; x_wconf 84' lang='grc' dir='ltr'><strong>εἰς</strong></span> <span class='ocrx_word' id='word_1_813' title='bbox 2548 5361 2711 5413; x_wconf 72' lang='grc' dir='ltr'>αὐτὸν</span> <span class='ocrx_word' id='word_1_814' title='bbox 2740 5359 2890 5412; x_wconf 81' lang='grc' dir='ltr'>ὑετὸν</span> <span class='ocrx_word' id='word_1_815' title='bbox 2923 5353 3210 5425; x_wconf 82' lang='grc' dir='ltr'>φερούσας.</span> 
     </span>
    </p>
   </div>
   <div class='ocr_carea' id='block_1_112' title="bbox 2514 5436 4015 5521">
    <p class='ocr_par' dir='ltr' id='par_1_112' title="bbox 2514 5436 4015 5521">
     <span class='ocr_line' id='line_1_112' title="bbox 2514 5436 4015 5521; baseline -0.012 -14"><span class='ocrx_word' id='word_1_816' title='bbox 2514 5453 2621 5507; x_wconf 84' lang='grc' dir='ltr'><strong>Καὶ</strong></span> <span class='ocrx_word' id='word_1_817' title='bbox 2673 5453 3036 5521; x_wconf 75' lang='grc' dir='ltr'>ἐϐρόντησεν</span> <span class='ocrx_word' id='word_1_818' title='bbox 3092 5446 3160 5509; x_wconf 84' lang='grc' dir='ltr'><strong>ἐξ</strong></span> <span class='ocrx_word' id='word_1_819' title='bbox 3229 5443 3483 5513; x_wconf 80' lang='grc' dir='ltr'>οὐρανοῦ</span> <span class='ocrx_word' id='word_1_820' title='bbox 3530 5443 3774 5509; x_wconf 79' lang='grc' dir='ltr'>Κύριος,</span> <span class='ocrx_word' id='word_1_821' title='bbox 3824 5436 3922 5491; x_wconf 80' lang='grc' dir='ltr'><strong>καί</strong></span> <span class='ocrx_word' id='word_1_822' title='bbox 3979 5436 4015 5489; x_wconf 87' lang='lat' dir='ltr'><strong>d</strong></span> 
     </span>
    </p>
   </div>
   <div class='ocr_carea' id='block_1_113' title="bbox 2443 5529 4016 5614">
    <p class='ocr_par' dir='ltr' id='par_1_113' title="bbox 2443 5529 4016 5614">
     <span class='ocr_line' id='line_1_113' title="bbox 2443 5529 4016 5614; baseline -0.012 -14"><span class='ocrx_word' id='word_1_823' title='bbox 2443 5547 2739 5614; x_wconf 67' lang='grc' dir='ltr'>’Υψιστος</span> <span class='ocrx_word' id='word_1_824' title='bbox 2764 5542 2949 5597; x_wconf 80' lang='grc' dir='ltr'>ἔδωκε</span> <span class='ocrx_word' id='word_1_825' title='bbox 2967 5538 3176 5609; x_wconf 67' lang='grc' dir='ltr'>φωνὴν</span> <span class='ocrx_word' id='word_1_826' title='bbox 3206 5536 3408 5592; x_wconf 83' lang='grc' dir='ltr'>αὐτοῦ.</span> <span class='ocrx_word' id='word_1_827' title='bbox 3448 5535 3692 5590; x_wconf 79' lang='grc' dir='ltr'>Διδάσκει</span> <span class='ocrx_word' id='word_1_828' title='bbox 3723 5534 3779 5585; x_wconf 80' lang='grc' dir='ltr'>ἐν</span> <span class='ocrx_word' id='word_1_829' title='bbox 3805 5529 3881 5599; x_wconf 82' lang='grc' dir='ltr'><strong>τῷ</strong></span> <span class='ocrx_word' id='word_1_830' title='bbox 3912 5542 4016 5581; x_wconf 80' lang='grc' dir='ltr'>πα-</span> 
     </span>
    </p>
   </div>
   <div class='ocr_carea' id='block_1_114' title="bbox 840 5678 4025 5778">
    <p class='ocr_par' dir='ltr' id='par_1_114' title="bbox 840 5678 4025 5778">
     <span class='ocr_line' id='line_1_114' title="bbox 840 5678 4025 5778; baseline -0.005 -17"><span class='ocrx_word' id='word_1_831' title='bbox 840 5706 1033 5778; x_wconf 60' lang='grc' dir='ltr'>ξτιυρ.</span> <span class='ocrx_word' id='word_1_832' title='bbox 1082 5724 1197 5771; x_wconf 81' lang='lat' dir='ltr'><strong>xu,</strong></span> <span class='ocrx_word' id='word_1_833' title='bbox 1254 5709 1340 5763; x_wconf 76' lang='grc'><strong>49.</strong></span> <span class='ocrx_word' id='word_1_834' title='bbox 1421 5705 1971 5778; x_wconf 75' lang='lat' dir='ltr'><strong>&quot;Psal.xx;u,7,9.</strong></span> <span class='ocrx_word' id='word_1_835' title='bbox 2053 5708 2096 5740; x_wconf 70' lang='lat'><strong>“</strong></span> <span class='ocrx_word' id='word_1_836' title='bbox 2116 5708 2236 5763; x_wconf 84' lang='lat' dir='ltr'><strong>Act.</strong></span> <span class='ocrx_word' id='word_1_837' title='bbox 2276 5720 2317 5771; x_wconf 78' lang='grc' dir='ltr'><strong>ι,</strong></span> <span class='ocrx_word' id='word_1_838' title='bbox 2382 5703 2433 5773; x_wconf 83' lang='lat'><strong>9,</strong></span> <span class='ocrx_word' id='word_1_839' title='bbox 2500 5704 2584 5760; x_wconf 85' lang='lat' dir='ltr'><strong>l0.</strong></span> <span class='ocrx_word' id='word_1_840' title='bbox 2662 5702 2704 5735; x_wconf 83' lang='grc'><strong>⁸⁵</strong></span> <span class='ocrx_word' id='word_1_841' title='bbox 2734 5696 2921 5757; x_wconf 81' lang='lat' dir='ltr'><strong>Matth.</strong></span> <span class='ocrx_word' id='word_1_842' title='bbox 2973 5710 3169 5762; x_wconf 77' lang='lat' dir='ltr'><strong>xxvm,</strong></span> <span class='ocrx_word' id='word_1_843' title='bbox 3209 5694 3298 5751; x_wconf 76' lang='grc'><strong>20.</strong></span> <span class='ocrx_word' id='word_1_844' title='bbox 3377 5693 3422 5726; x_wconf 79' lang='grc'><strong>⁸⁸</strong></span> <span class='ocrx_word' id='word_1_845' title='bbox 3471 5682 3660 5747; x_wconf 81' lang='lat' dir='ltr'><strong>Matth.</strong></span> <span class='ocrx_word' id='word_1_846' title='bbox 3709 5678 4025 5763; x_wconf 51' lang='lat'><strong>&quot;111,30;</strong></span> 
     </span>
    </p>
   </div>
  </div>
