4302 6404
261 467 363 548 ita

1378 490 1881 548 COMMENTARIA
1918 489 1985 544 IN
2028 488 2362 546 rsswos.
2476 468 2483 473 ’

3386 484 3488 539 ns

261 606 401 681 ρόντι
427 610 456 662 ὁ
480 608 635 678 λόγος
661 607 729 662 τά
766 608 902 679 μετά
923 609 1020 680 τὴν
1046 610 1308 682 ἀνάληψιν
1339 610 1433 663 τοῦ
1464 610 1714 682 Σωτῆρος
1739 589 1825 663 διά
1853 648 1864 671 λ

1927 616 2050 679 post
2098 607 2397 664 Salvatoris
2455 622 2743 685 ascensum
2774 605 3030 677 per-ejus
3080 604 3310 658 virtutes
3338 610 3489 672 gesta

256 701 352 773 τῆς
382 700 548 755 αὑτοῦ
580 702 861 773 δυνάμεως
898 702 1367 776 καταπραχθέντα,
1404 701 1588 771 σαφῶς
1614 702 1670 755 δὲ
1729 701 1825 771 τὴν

256 792 439 846 ἄνοδον
467 790 631 846 αὑτοῦ
654 793 964 871 παρέστησε
984 793 1073 847 διὰ
1102 794 1211 847 τῶν
1240 792 1825 864 προκειμένωνηείπώψ

256 884 364 938 Καὶ
383 884 757 953 ἐϐρόντησεν
777 880 847 949 ἐξ
879 884 1160 953 οὐρανοῦ.
1199 885 1321 948 Πῶς
1353 884 1410 937 δὲ
1444 885 1769 957 ἐϐρόντησεν
1800 886 1829 937 ὁ

228 973 515 1053 ,ἀνωτέρω
547 973 731 1051 κλίνας
758 974 886 1038 τοὺς
916 974 1178 1045 οὐρανοὺς
1230 976 1324 1028 καὶ
1354 973 1615 1040 καταϐὰς,
1670 976 1720 1027 εί
1752 974 1829 1046 μὴ

257 1064 471 1143 πάντως
517 1065 864 1132 ἀνεληλύθεις
929 1066 1064 1138 ὅπερ
1107 1064 1360 1136 ἐδηλοῦτο
1421 1065 1510 1119 διὰ
1549 1064 1666 1119 τοῦθ
1721 1064 1832 1120 Καὶ

254 1155 294 1207 ἐ.
334 1153 435 1223 ἔϐη
477 1155 577 1210 ἐπὶ
603 1157 885 1227 χερουόἳμ
915 1146 1014 1210 irai
1034 1157 1354 1223 ἐπετάσθη,
1404 1155 1703 1224 ἐπετὰσθη
1733 1156 1829 1210 ἐπὶ

255 1246 560 1315 πτερύγων
590 1244 845 1316 ἀνέμων.
877 1244 1084 1298 Οὐκοῦν
1130 1244 1505 1299 ἀποδέδεικται
1534 1245 1831 1317 κατεληλυ-

256 1334 312 1388 θιῖ
332 1352 383 1400 ς,
406 1330 527 1389 εἷτα
560 1334 700 1407 μετά
753 1333 847 1388 τοῦ
904 1330 1170 1407 χερουσὶμ
1222 1332 1583 1403 ἀνεληλυθώς
1633 1328 1728 1387 εἶτ’
1775 1330 1838 1398 ἐξ»

254 1443 301 1478 οι
320 1425 485 1498 ρανοῦ
510 1425 768 1498 βροντῶν,
793 1426 887 1479 καὶ
918 1424 1046 1494 ἑξῆς
1073 1423 1142 1477 τὰ
1172 1424 1638 1496 ἀναγεγραμμένα
1662 1424 1833 1495 πράτι

254 1534 361 1572 των
392 1517 538 1572 κατά
564 1508 672 1571 τῶν
701 1516 909 1588 ἐχθρῶν
954 1514 1140 1569 αὑτοῦ.
1177 1516 1397 1587 Πρῶτον
1421 1516 1518 1587 μὲν
1549 1516 1668 1570 ἀπὸ
1724 1517 1834 1585 τῆς

253 1626 277 1660 τ
309 1607 683 1678 ιλιιυτήσεως
736 1607 923 1663 αὑτοῦ
979 1607 1235 1661 ἐνώπιον
1261 1607 1450 1662 αὑτοῦ
1498 1611 1557 1662 αἱ
1585 1610 1834 1679 νεφέλαι

253 1697 441 1756 (ὺτοῦ
464 1699 737 1769 διῆλθον.
767 1696 996 1768 χάλαζα
1033 1699 1131 1752 καὶ
1162 1696 1453 1766 ἄνθρακες
1495 1700 1706 1768 πυρός.
1748 1702 1833 1766 Ὠς

264 1791 363 1865 γὰρ
394 1793 488 1846 ἐπὶ
514 1793 613 1862 τῆς
643 1788 918 1859 Αἰγύπτου
947 1789 1087 1843 κατά
1130 1789 1229 1862 τὴν
1260 1772 1490 1861 ἑϐδόμην
1517 1791 1728 1862 πληγὴν
1754 1790 1834 1844 εῐ-

244 1897 437 1954 νρηταιο
466 1883 683 1950 Κύριος
704 1879 772 1934 δὲ
796 1880 981 1935 ἔδωκε
1024 1881 1233 1949 φωνὴν
1276 1883 1373 1935 καὶ
1416 1880 1697 1949 χάλαζαν,
1736 1882 1834 1936 καὶ

256 1974 535 2043 διέτρεχε,
567 1962 720 2044 φησὶ,
756 1971 820 2025 τὸ
847 1971 965 2040 πῦρ
997 1970 1096 2025 ἐπὶ
1128 1969 1237 2038 τῆς
1284 1972 1416 2043 γῆς·
1463 1973 1562 2026 καὶ
1586 1973 1827 2041 ἔϐρεξεν

253 2065 468 2135 Κύριος
493 2065 592 2118 ἐπὶ
615 2063 735 2133 γῆν
760 2064 1087 2134 Αἰγύπτου.
1122 2060 1252 2118 ετΗν
1289 2064 1357 2118 δὲ
1397 2067 1435 2133 ἡ
1470 2064 1697 2135 χάλαζα
1728 2068 1827 2121 καὶ

253 2154 323 2210 τὸ
348 2153 469 2236 πῦρ
494 2153 777 2227 φλογίζον
801 2156 870 2209 ἐν
902 2146 1010 2226 τῇ
1027 2155 1275 2225 χαλάζῃ.
1316 2156 1607 2222 Ἐπὰταξε
1668 2159 1736 2213 δὲ
1786 2162 1828 2229 ἠ

254 2243 482 2316 χάλαζα
526 2246 596 2299 ἐν
641 2244 809 2314 πάσῃ
854 2244 933 2316 γῇ
960 2247 1279 2316 Αἰγύπτου
1311 2248 1405 2300 καὶ
1452 2246 1624 2302 ταῦτα
1654 2250 1829 2304 πάντα

255 2337 472 2406 ἐγένετο
499 2337 588 2401 ἴνα
618 2339 648 2391 ὁ
688 2337 815 2401 λαὸς
839 2336 933 2390 τοῦ
961 2337 1096 2390 Θεοῦ
1140 2338 1451 2410 ἐλευθερίας
1486 2340 1585 2411 τῆς
1618 2342 1707 2393 ὑπ’
1732 2343 1828 2394 Αί-

255 2428 514 2496 γυπτίοις
532 2428 775 2493 δουλείας
800 2430 983 2498 τυχεῖν
1015 2427 1235 2500 δυνηθῇ.
1290 2429 1393 2481 Τὸν
1420 2430 1582 2485 αὑτὸν
1629 2431 1830 2503 τρόπον

256 2519 615 2595 καὶνινταῦθα
646 2518 743 2584 τάς
772 2519 832 2584 ἐξ
854 2518 1022 2572 ἐθνῶν
1067 2519 1389 2590 Ἐκκλησίας
1445 2521 1538 2573 καὶ
1570 2507 1667 2585 τὰς
1724 2522 1830 2576 τῶν

256 2608 558 2681 ἀνθρώπων
576 2610 753 2682 ψυχὰς
783 2611 881 2681 τῆς
913 2610 1016 2664 ὑπὸ
1042 2611 1142 2681 τὴν
1186 2610 1341 2665 ἄθεον
1396 2611 1831 2685 εἰδωλολατρείαν

258 2703 504 2766 καὶτοὺς
558 2704 828 2775 πονηροὺς
858 2702 1115 2774 δαίμονας
1170 2704 1446 2775 ὑποταγῆς
1511 2704 1829 2776 ἐλευθερῶν,

258 2808 313 2843 κε
374 2789 529 2843 ὶτιῦν
558 2793 764 2861 νοητῶν
789 2792 1099 2860 Αἰγυπτίων
1147 2792 1298 2861 ἠφίει
1338 2792 1576 2862 χάλαζαν
1605 2795 1696 2846 καὶ
1738 2794 1831 2847 ἆν-

262 2880 467 2953 θρακακ
494 2883 665 2954 πυρὸς
696 2885 725 2936 ὁ
754 2883 847 2936 ἐπὶ
870 2882 964 2937 τοῦ
1016 2885 1283 2955 χερουϐὶμ
1332 2884 1575 2949 ἀναπτάς
1608 2884 1828 2956 Κύριος.

260 2965 424 3042 Οἶμαι
456 2970 512 3026 δὲ
541 2971 641 3036 τὰς
688 2972 827 3026 κατά
850 2973 961 3026 τῶν
1013 2973 1224 3028 ἀσεϐῶν
1268 2969 1649 3047 τιμωρητικάς
1679 2976 1834 3031 δυνά-

262 3082 382 3135 μεις
416 3062 656 3135 χάλαζαν
691 3066 784 3119 καὶ
812 3064 1089 3138 ἄνθρακας
1116 3066 1287 3139 πυρὸς
1328 3067 1705 3139 ὀνομάζεσθαι.
1736 3072 1836 3121 Δυ-

263 3155 451 3227 νάμεις
481 3156 662 3209 τοίνυν
692 3156 922 3229 τιμωροὶ
954 3157 1050 3210 καὶ
1076 3157 1413 3224 κολαστικαὶ,
1431 3158 1508 3230 τῷ
1539 3158 1835 3232 βουλήματι

260 3245 351 3298 τοῦ
384 3245 590 3317 Κυρίου
623 3241 843 3317 ἀφανῶς
876 3248 1375 3321 ὲξυτεηρετούμεναι
1423 3250 1563 3304 κατά
1588 3252 1693 3305 τῶν
1719 3252 1837 3306 δαιδ

262 3346 440 3419 μένων
472 3309 705 3411 iraira];
734 3309 991 3395 πολύθεον
1022 3309 1230 3414 πλάνην
1287 3343 1673 3415 ἐνεργούντων,
1704 3347 1838 3401 πάν·
1866 3309 1912 3372 C

259 3447 356 3494 τας
376 3426 579 3494 αὐτοὺς
610 3431 860 3501 ἡλαυνον.
896 3433 987 3485 Διὸ
1020 3432 1207 3503 σχεδὸν
1267 3434 1445 3488 πάντα
1480 3437 1659 3496 αὐτῶν
1687 3438 1841 3492 ἐκλέ-

259 3523 411 3576 λοιπε
439 3521 509 3575 τὰ
528 3525 855 3594 χρηστήρια,
915 3524 1007 3577 καὶ
1065 3525 1121 3577 αἱ
1157 3529 1407 3595 μαντεῖαι
1444 3528 1834 3600 κατελύθησανο

258 3611 455 3685 ἔρημοι
485 3629 545 3665 τε
570 3612 749 3691 αὐτῶν
812 3614 1151 3684 κατέστησαν
1172 3614 1220 3669 οί
1253 3615 1390 3669 ναοί·
1450 3617 1739 3689 σεσύληται
1762 3620 1840 3691 ⁸τά

259 3686 620 3776 ἀφιερώματα
649 3703 865 3776 ἀοράτῳ
888 3705 981 3759 καὶ
1008 3706 1205 3775 ἀφανεῖ
1232 3706 1478 3777 δυνάμει·
1512 3708 1606 3761 τοῦ
1633 3686 1837 3781 Κυρίου

258 3794 433 3852 ταῦτα
460 3796 637 3849 πάντα
664 3795 801 3867 μετά
827 3796 925 3868 τὴν
948 3798 1027 3861 εἰς
1046 3797 1308 3870 οὐρανοὺς
1337 3798 1521 3854 ἄνοδον
1552 3800 1841 3872 διαπραξα-

262 3888 449 3961 μένου.

332 3980 446 4036 Kal
470 3978 856 4045 ἐξαπέστειλε
881 3980 1040 4049 βέλη
1068 3981 1168 4036 καὶ
1193 3982 1561 4051 ἐσκόρπισεν
1593 3983 1836 4049 αὐτοὺς,

260 4073 360 4128 καὶ
398 4072 713 4140 ἀστραπὰς
768 4072 1072 4139 ἐπλήθυνε
1124 4076 1221 4129 καὶ
1276 4074 1687 4144 συνετάραξεν
1743 4078 1841 4130 αὐ-

260 4166 419 4234 τούς.
451 4163 565 4221 παι
601 4162 893 4232 ὤφθησαν
924 4168 983 4219 αἱ
1012 4167 1193 4236 πηγαὶ
1253 4167 1372 4222 τῶν
1430 4167 1684 4232 ὑδάτων,
1744 4168 1842 4222 καὶ

260 4257 662 4326 ἀπεκαλύφθη
706 4254 787 4313 .τά
850 4257 1093 4326 θεμέλια
1142 4260 1252 4328 τῆς
1298 4242 1666 4332 οίκοὺμένης’
1722 4261 1839 4316 ἀπὸ

196 4426 205 4439 ί
261 4345 658 4425 ἐπιτιμήσεῴς
690 4362 828 4413 σου,
870 4349 1068 4416 Κύριε,
1101 4350 1219 4405 ἀπὸ
1263 4352 1645 4422 ὲμπνεύσεως
1670 4354 1841 4408 πνεύ-

256 4454 448 4511 ματος
470 4440 655 4512 ὀργῆς
709 4454 846 4494 σου.
883 4440 1117 4511 Θεμὲλια
1148 4443 1469 4518 οἰκουμένης
1494 4448 1706 4517 νοήσεις
1743 4446 1841 4510 τὰς

262 4532 362 4603 τῆς
383 4533 579 4603 σοφίας
599 4531 692 4585 τοῦ
712 4530 847 4585 Θεοῦ
863 4532 1136 4604 δυνάμεις,
1161 4535 1227 4588 δι’
1258 4530 1332 4589 ὧν
1349 4539 1442 4591 καὶ
1474 4538 1639 4594 πάλαι
1657 4540 1690 4610 ἡ
1712 4537 1842 4609 σύμ-

1931 710 2107 769 sunt;
2155 701 2500 770 dilucideque
2550 714 2839 755 ascensum
2867 698 2988 767 ejus
3032 696 3119 751 his
3166 694 3493 765 signiﬁcavit

1930 793 2107 847 verbis
2134 808 2146 843 :
2183 792 2249 845 Et
2276 792 2501 846 intonuit
2525 791 2589 844 de
2612 790 2760 846 creto.
2783 789 3063 856 Quomodo
3084 788 3380 845 intonuerit
3398 788 3491 858 qui

1931 885 2182 954 superius
2236 884 2405 938 ccelos
2462 882 2763 938 inclinasse
2813 896 2875 935 ac
2906 879 3255 935 descendisse
3296 879 3488 938 fertur.

1929 976 2036 1030 nisi
2083 990 2307 1045 prorsus
2336 972 2677 1027 ascendisset
2696 972 2721 1024 ?
2751 970 2893 1041 quod
2942 969 3127 1045 utique
3154 969 3303 1022 hisce
3331 967 3494 1022 dictis

1931 1042 2353 1135 comprobantur
2380 1081 2394 1117 :
2436 1061 2506 1115 Et
2537 1058 2771 1116 ascendit
2798 1076 2953 1130 super
2974 1042 3236 1113 cherubim
3270 1065 3319 1110 et
3350 1046 3494 1111 vola?

1932 1159 2021 1222 uit,
2064 1155 2251 1209 volavit
2282 1168 2435 1222 super
2459 1169 2654 1221 pennas
2676 1142 2968 1205 uentorum.
2996 1150 3493 1204 Gommonstratum

1933 1264 2061 1318 ergo
2088 1245 2191 1302 fuit
2212 1246 2387 1315 ipsum
2417 1242 2785 1306 descendisse,
2817 1242 3013 1297 deinde
3038 1256 3164 1295 cum
3197 1239 3496 1295 cherubino

1934 1339 2267 1401 ascendisse,
2336 1344 2457 1406 post
2505 1349 2571 1415 ex
2616 1335 2757 1388 coelo
2807 1332 3140 1393 intonuisse;
3184 1333 3401 1388 demum
3429 1346 3495 1387 ea

1933 1438 2122 1487 contra
2151 1428 2403 1485 inimicos
2427 1442 2559 1483 suos
2594 1426 2913 1496 designasse
2970 1440 3091 1495 quae
3132 1424 3188 1478 in
3222 1424 3497 1494 sequenti-

1934 1524 2035 1577 bus
2073 1520 2478 1576 describuntur.
2527 1515 2713 1571 Primo
2756 1515 2985 1585 ‘quidem
3018 1531 3125 1584 pra:
3155 1514 3357 1585 fulgore
3384 1510 3502 1582 ejus

1933 1614 1987 1666 in
2015 1622 2291 1682 conspectu
2323 1610 2436 1678 ejus
2460 1610 2619 1662 nubes
2667 1608 3010 1669 transierunt,
3042 1605 3240 1678 grando
3274 1614 3324 1659 et
3377 1620 3499 1670 car-

1937 1705 2090 1769 bones
2112 1703 2266 1774 ignis.
2297 1700 2450 1756 Sicut
2466 1701 2609 1757 enim
2634 1699 2702 1753 de
2730 1697 2965 1769 Egypto
2993 1698 3047 1751 in
3082 1698 3309 1767 septima
3340 1696 3498 1767 plaga

1936 1803 2212 1865 narratur,
2250 1792 2501 1847 Dominus
2531 1799 2704 1845 autem
2731 1789 2872 1843 dedit
2925 1804 3096 1842 uocem
3114 1797 3165 1841 et
3188 1786 3498 1857 grandinem

1936 1893 1984 1937 et
2007 1882 2356 1945 discurrebat,
2408 1882 2605 1951 inquit,
2640 1873 2775 1950 ignis
2824 1895 2980 1948 super
3004 1892 3197 1933 terram
3230 1878 3499 1948 :pluitqlte

1866 1955 2196 2029 BDominus
2246 1990 2401 2043 super
2467 1983 2662 2027 terram
2713 1971 2952 2043 AEggpti.
2999 1971 3229 2041 Eratque
3273 1970 3495 2041 grando.

1934 2067 2168 2137 ignisque
2197 2064 2386 2119 ardens
2429 2065 2484 2118 in
2510 2064 2785 2135 grandine.
2826 2062 2893 2117 Et
2925 2064 3179 2132 percussit
3224 2062 3422 2132 grando
3443 2062 3499 2115 in

1935 2158 2078 2212 omni
2108 2167 2250 2211 terra
2282 2154 2504 2226 /Eggpti
2536 2156 2600 2211 ⁸⁸.
2640 2154 2766 2210 Haec
2790 2170 2953 2224 porro
3000 2153 3183 2209 omnia
3213 2153 3353 2206 facta
3375 2136 3501 2206 sunt

1935 2259 1996 2304 ut
2023 2249 2256 2320 populus
2290 2247 2385 2301 Dei
2415 2248 2483 2302 ab
2506 2246 2882 2318 IEgyptiorum
2930 2246 3192 2301 servitute
3238 2244 3502 2298 eximere-

1936 2349 2046 2395 tur.
2079 2339 2282 2395 Eodem
2312 2355 2541 2411 prorsus
2590 2338 2754 2394 modo
2796 2338 2909 2407 jam
2960 2352 3087 2392 cum
3120 2336 3393 2391 Ecclesias
3434 2352 3502 2391 ex

1902 2424 1903 2427 “
1941 2436 2196 2507 gentibus
2220 2423 2463 2497 coactas,
2506 2431 2895 2500 hominumque
2942 2428 3153 2483 animas
3189 2442 3220 2482 a
3244 2415 3502 2482 servitute

1939 2523 2448 2597 impiaeidololatriaa
2467 2532 2519 2578 et
2535 2522 2891 2592 malignorum
2912 2519 3213 2576 damonum
3231 2519 3502 2585 liberaret;

1937 2619 2201 2674 adversus
2256 2615 2633 2686 intelligihiles
2682 2614 2964 2686 Egyptios
2991 2613 3249 2668 Dominus
3293 2614 3384 2667 ille
3410 2615 3503 2682 qui

1940 2723 2104 2779 super
2140 2708 2423 2763 cherubim
2478 2708 2724 2773 volavit,
2788 2706 3107 2776 grandinem
3142 2712 3195 2758 et
3237 2705 3504 2759 carbones

1939 2800 2079 2871 ignis
2110 2800 2414 2855 emittebat.
2458 2800 2713 2853 Arbitror
2759 2805 2943 2851 autem
2996 2798 3216 2851 ultrices
3246 2796 3367 2851 illas
3406 2796 3502 2849 ad-

1939 2908 2131 2948 versus
2158 2893 2357 2962 impios
2387 2900 2606 2962 paratas
2636 2891 2883 2957 virtutes,
2942 2888 3261 2959 grandinem
3299 2895 3352 2940 et
3382 2901 3504 2940 car-

1939 2984 2109 3041 bones
2147 2984 2289 3054 ignis
2302 2985 2507 3039 vocari.
2530 2982 2776 3038 Virtutes
2814 2983 2978 3053 igitur
3010 2980 3114 3034 iure
3146 2976 3416 3050 supplicio
3446 2986 3505 3035 et

1945 3079 2135 3134 ultioni
2165 3078 2471 3141 destinatae,
2518 3076 2816 3133 voluntatis
2844 3074 2938 3130 Dei
2984 3075 3197 3129 occulto
3230 3086 3378 3126 more
3408 3069 3505 3127 ad-

1944 3171 2208 3226 ministras
2239 3171 2500 3227 adversus
2546 3171 2823 3225 daemonas
2848 3169 2940 3239 qui
2974 3166 3352 3237 multiplicium
3375 3164 3507 3219 deo-
3585 3194 3598 3207 -

1945 3279 2065 3318 rum
2088 3264 2531 3335 superstitionem
2580 3261 2932 3325 advexerant,
2964 3260 3110 3330 ipsos
3164 3273 3354 3313 omnes
3397 3254 3507 3310 dae-

1944 3370 2136 3410 monas
2183 3355 2472 3426 abigebant
2561 3352 3045 3427 Quareguniversa
3067 3365 3256 3427 eorum
3287 3348 3506 3403 oracula

1944 3447 2246 3511 desierunt,
2282 3424 2554 3501 'vaticinia
2590 3424 2848 3515 abrogata
2895 3450 3041 3508 sunt,
3082 3424 3280 3511 templa
3317 3454 3507 3497 eorum

1944 3539 2178 3603 deserta,
2216 3526 2456 3594 sacraria
2494 3524 2756 3591 invisibili
2795 3549 2858 3589 ac
2882 3526 3081 3588 latente
3125 3532 3327 3585 virtute
3350 3529 3505 3598 expi-

1945 3631 2054 3681 lata
2087 3627 2328 3691 iuerunt,
2359 3625 2588 3680 Domino
2650 3632 2774 3694 post
2806 3611 2965 3680 suum
2997 3621 3068 3694 ‘in
3118 3620 3287 3676 caelos
3314 3620 3507 3675 ascen-

1946 3734 2065 3774 sum
2083 3718 2194 3771 haac
2216 3717 2399 3771 omnia
2417 3723 2697 3786 operante.

2015 3987 2181 4043 Vsus.
2202 3986 2300 4056 "is,
2337 3986 2421 4042 is.
2459 3985 2526 4039 Et
2551 3985 2695 4040 misit
2723 3984 2943 4056 sagittas
2968 4000 3115 4046 suas,
3147 3991 3195 4038 et
3230 3966 3512 4051 dissipavit

1943 4098 2031 4137 eos
2056 4097 2072 4145 ;
2095 4081 2310 4150 fulgura
2332 4079 2721 4148 multiplicavit,
2746 4087 2795 4133 et
2819 4075 3146 4131 conturbavit
3166 4091 3274 4129 eos.
3316 4072 3385 4126 Et
3417 4088 3510 4142 ap—

1944 4182 2232 4246 paruerunt
2266 4173 2433 4242 fontes
2464 4185 2741 4242 aquarum,
2798 4176 2847 4221 et
2896 4167 3124 4221 revelata
3164 4172 3287 4219 sunt
3324 4162 3527 4232 fundat

1946 4277 2121 4323 menta
2144 4266 2284 4320 orbis
2298 4274 2601 4318 terrarum:
2635 4264 2699 4315 ab
2732 4260 3086 4329 increpatione
3108 4267 3221 4318 tua,
3268 4253 3507 4315 Domine,

1947 4360 2011 4415 ab
2064 4344 2408 4423 inspiratione
2448 4354 2666 4424 spiritus
2721 4354 2817 4407 ira
2859 4360 2982 4404 tum.
3018 4348 3121 4402 Per
3158 4344 3509 4400 fundamenta

1946 4452 2097 4507 orbis
2144 4459 2414 4503 terrarum
2462 4430 2734 4515 intelligas
2788 4441 3068 4511 sapientiae
3112 4436 3205 4493 Dei
3255 4438 3505 4493 virtutes.

1946 4543 2145 4614 quibus
2173 4540 2302 4595 olim
2333 4539 2589 4595 universa
2620 4549 2802 4590 rerum
2840 4540 3036 4586 natura
3060 4528 3285 4585 fundata
3314 4537 3397 4585 est
3417 4568 3432 4593 ,
3458 4535 3512 4582 et

262 4644 407 4682 ma:
439 4621 613 4701 κτίσις
647 4624 1024 4697 τεθεμελίωτο,
1054 4620 1148 4680 καὶ
1180 4627 1317 4697 μετά
1344 4628 1518 4683 ταῦτα
1534 4630 1838 4701 ὲστερεώθη

1905 4680 1920 4728 ,
1946 4644 2134 4708 postea
2164 4632 2518 4689 conﬁrmatus
2549 4636 2633 4684 est
2678 4628 2851 4695 orbis,
2878 4626 2973 4697 qui
3005 4641 3115 4681 non
3147 4623 3513 4680 commovebi-

264 4719 299 4788 ἡ
328 4718 646 4789 οἰκουμένη,
699 4717 821 4787 ἥτις
883 4717 944 4768 οὐ
996 4716 1403 4789 σαλευθήσεται.
1434 4720 1498 4771 El.
1522 4720 1581 4772 δὲ
1614 4721 1707 4773 καὶ
1738 4722 1841 4792 τὴν

276 4808 601 4880 Ἐκκλησίαν
626 4807 719 4862 τοῦ
755 4808 887 4861 Θεοῦ
921 4808 1016 4879 τὴν
1062 4810 1381 4887 οἰκουμένῃν
1429 4809 1633 4875 ἐθέλοις
1679 4815 1841 4866 νοεῖν·

262 4897 517 4971 θεμέλιον
545 4900 602 4954 δὲ
634 4898 804 4969 αὐτῆς
830 4898 1043 4971 πρῶτον
1072 4900 1169 4970 μὲν
1195 4900 1292 4969 τὴν
1325 4901 1542 4972 ἀρραγῆ
1594 4901 1689 4955 καὶ
1720 4919 1842 4956 στε-

238 4985 396 5061 ’ρεάν
418 4992 646 5061 πέτραν,
683 4992 766 5061 ἐφ’
868 4990 1204 5063 ᾠκοδόμηται
1249 4994 1389 5047 κατά
1414 4994 1494 5046 τό·
1550 4996 1673 5049 Ἐπὶ
1726 4995 1841 5065 τὴν

264 5078 493 5146 πέτραν
538 5078 910 5148 οἰκοδομήσω
963 5096 1093 5149 μου
1136 5079 1249 5149 τὴν
1310 5081 1694 5151 Ἐκκλησίαν,
1739 5087 1839 5141 καὶ

265 5172 453 5224 πύλαι
478 5170 727 5237 ᾅδου,οὺ
768 5178 1251 5247 κατισχύσουσιν
1299 5173 1507 5243 αὐτῆς.
1569 5176 1631 5231 Ἠ
1656 5175 1842 5246 πέτρα

192 5346 195 5347 ν
266 5260 333 5314 δὲ
359 5260 437 5329 ἦν
464 5264 499 5314 ό
526 5263 798 5330 Χριστόςο
849 5264 886 5334 ἢ
925 5264 1064 5318 κο.τά
1097 5266 1187 5319 τὸν
1227 5265 1565 5332 Ἀπόστολον,
1621 5270 1749 5340 περὶ
1779 5267 1840 5328 οὗ

267 5353 506 5421 διδάσκει
536 5353 707 5418 αὐτὸς¹
727 5353 920 5422 λέγων⁹
954 5356 1237 5426 Θεμέλιον
1282 5357 1392 5429 γὰρ
1420 5358 1613 5414 ἄλλον
1642 5358 1841 5429 οὐδεὶς

266 5445 516 5500 δύναται
559 5444 747 5501 θεῖναι
812 5447 975 5515 παρὰ
1025 5440 1133 5504 τὸν
1205 5451 1498 5520 κείμενον,
1557 5450 1624 5517 ὅς
1670 5453 1841 5512 ἐστιν

281 5536 518 5621 Ἰησοῦς
581 5538 850 5607 Χριστόςο
903 5534 1021 5593 εἶτα
1089 5543 1205 5611 μετ’
1256 5545 1417 5598 αὑτὸν
1469 5542 1706 5615 θεμέλιοι
1739 5545 1839 5616 τῆς

282 5629 961 5704 Ἐκκλησίαςηπροφητικοὶ
1008 5632 1102 5685 καὶ
1129 5634 1477 5690 ἀποστολικοὶ
1524 5635 1671 5704 λόγοι
1700 5637 1839 5693 κατά

269 5719 360 5774 τὸν
407 5721 726 5787 ’Δπόστολον
795 5723 1059 5794 φήσαντα·
1108 5725 1702 5799 Ἐποικοδομηθέντες
1736 5709 1837 5786 ἐπί

1946 4739 2054 4785 tur.
2089 4728 2242 4794 Quod
2290 4726 2335 4780 si
2373 4740 2468 4793 per
2505 4721 2693 4777 orbem
2744 4730 3039 4785 terrarum,
3090 4717 3387 4775 Ecclesium
3416 4715 3511 4771 Dei

1945 4820 2116 4889 accipi
2138 4817 2292 4878 velis,
2330 4830 2393 4869 ac
2420 4812 2466 4867 si
2503 4811 2917 4867 fundamentum
2953 4812 3073 4881 ejus
3121 4810 3326 4879 cogites
3366 4820 3510 4868 esse,

1944 4912 2120 4981 primo
2146 4906 2363 4978 quidem
2415 4904 2706 4960 infractam
2742 4905 2889 4958 illam
2924 4912 2977 4959 et
3023 4903 3251 4958 solidam
3281 4907 3509 4969 petram,

1946 5004 2002 5056 in
2030 5016 2136 5071 qua
2164 4996 2389 5052 fundata
2414 5002 2518 5061 est,
2561 4994 2863 5050 secundum
2913 4992 3047 5047 illud
3074 5010 3085 5044 ε
3112 4990 3285 5058 Supra
3309 4998 3531 5065 petram

1949 5091 2223 5163 wdiﬁcabo
2255 5087 2549 5143 Ecclesium
2570 5103 2761 5151 meam,
2789 5096 2838 5138 et
2858 5091 3023 5152 portae
3060 5081 3218 5148 inferi
3240 5097 3343 5133 non
3371 5095 3511 5149 pra:-

1949 5187 2188 5241 ualebunt
2230 5180 2476 5236 adversus
2516 5197 2633 5234 eam
2667 5180 2733 5233 “.
2771 5177 2931 5231 Petra
2995 5184 3170 5228 autem
3209 5164 3321 5227 erat
3362 5171 3514 5226 Chri-

1946 5288 2059 5334 stus
2079 5276 2159 5341 7°;
2187 5282 2282 5327 aut
2315 5282 2373 5327 ut
2391 5272 2684 5343 Apostolus
2738 5268 2946 5322 indicat
2986 5266 3074 5321 his
3107 5265 3289 5320 verbis
3321 5283 3332 5316 :
3369 5260 3513 5314 Fun-

1948 5370 2251 5423 damentum
2284 5366 2422 5419 enim
2446 5364 2592 5418 aliud
2633 5378 2781 5416 nemo
2815 5367 2982 5429 potest
3014 5354 3220 5428 periere,
3245 5364 3434 5424 praeter
3457 5353 3511 5407 id

1926 5457 2083 5528 equod
2118 5457 2347 5525 positum
2378 5466 2475 5521 est,
2492 5453 2628 5527 quod
2652 5461 2729 5507 est
2760 5451 3002 5506 Christus
3022 5448 3175 5502 Jesus
3193 5443 3242 5499 τε
3262 5460 3279 5497 :
3303 5459 3367 5497 ac
3391 5454 3513 5512 post

1900 5566 1901 5569 ‘
1946 5552 2127 5620 ipsum
2155 5547 2507 5605 Salvatorem.
2548 5545 2903 5601 fundamenta
2933 5540 3189 5594 Ecclesiae
3231 5536 3509 5593 existimes

1946 5642 2068 5697 esse
2088 5640 2434 5710 propheticus
2455 5646 2508 5694 et
2531 5636 2860 5708 apostolicos
2882 5646 3181 5694 sermones,
3208 5629 3509 5685 secundum

1944 5730 2189 5803 Apostoli
2211 5730 2416 5785 dictum
2447 5724 2902 5797 :Superwdiﬁcati
2929 5739 3080 5792 super
3113 5722 3513 5811 fundamentum

347 5898 393 5931 ⁸⁸
414 5897 584 5957 Exod.
612 5916 687 5967 is,
716 5899 806 5970 25,
837 5900 929 5961 Ἦ.
1003 5902 1047 5936 ⁸⁸
1070 5901 1258 5961 Matth.
1297 5921 1407 5975 xw,
1442 5908 1527 5965 18.
1604 5906 1694 5961 ⁷⁸1
1726 5904 1854 5964 Cor.

1905 5923 1949 5977 ι,
1980 5908 2035 5972 ιε
2110 5906 2350 5969 '“lCor.
2384 5923 2467 5969 lli.
2511 5909 2593 5965 li.
