4302 6400
672 528 677 531 -
777 489 885 549 175

1464 484 1731 543 EUSEBII
1764 480 2245 540 CESARlENSlS
2269 479 2422 541 OPP.
2463 478 2642 535 PARS
2680 477 2770 534 ill.
2809 510 2877 521 —
2909 470 3320 534 EXEGETICA.’

3916 476 4021 536 {76

775 608 1133 679 apostolorum
1154 617 1203 663 et
1229 607 1599 678 prophetarum
1618 607 1731 676 ipso
1761 620 1967 659 summa
1996 602 2336 674 angularita—

2438 600 2516 667 τῷ
2544 602 2794 670 θεμελίῳ
2821 598 2937 654 τῶν
2966 600 3324 655 ἀποστόλων
3352 596 3450 652 καὶ
3484 595 3822 666 προφητῶν,
3841 596 4024 668 ὄντος

772 703 891 775 pide
921 700 1130 757 Christo
1158 700 1287 755 Iesu
1322 703 1399 767 ἠς
1460 714 1806 770 nequaquam
1840 712 1873 752 a
1905 696 2151 753 veritatis
2175 709 2342 767 scopo

758 778 1128 850 .aberraveris.
1158 792 1285 848 Haec
1318 793 1482 864 igitur
1522 793 1673 847 orbis
1718 790 2069 846 fundamenta
2105 788 2341 844 revelata

771 900 898 947 sunt
926 906 939 942 :
969 888 1210 943 inimicis
1246 888 1359 951 Dei,
1388 887 1477 957 qui
1497 886 1623 941 olim
1676 885 1877 940 mentis
1920 892 2122 938 nostrze
2152 880 2340 936 oculos

754 982 1223 1060 _obtenebrabant,
1249 989 1307 1035 ut
1348 996 1417 1034 ne
1440 980 1625 1034 dix’ina
1656 978 1853 1032 intueri
1880 984 2125 1049 possent,
2158 973 2339 1029 elimi-

768 1075 914 1129 natis
939 1086 990 1129 et
1019 1074 1238 1145 fugatis,
1277 1090 1339 1128 ac
1362 1089 1457 1144 per
1484 1072 1718 1127 emissas
1746 1069 1900 1125 aDeo
1928 1067 2156 1139 sagittas
2177 1064 2343 1121 dissi-

744 1168 932 1238 patis,
967 1166 1279 1237 fugatisque
1306 1168 1374 1222 ab
1401 1165 1775 1236 increpatione
1807 1162 2022 1217 Domini
2065 1170 2118 1217 ct
2151 1160 2218 1217 ab
2252 1160 2339 1213 in-

2441 691 2869 762 dxpoqwrtalov
2930 690 3116 745 αὑτοῦ
3174 688 3378 755 Ἰησοῦ
3439 688 3728 756 Χριστοῦ·
3798 687 3902 743 οὑκ
3954 689 4023 744 ἂν

2443 784 2598 848 ἐκτὸς
2627 781 2809 853 βάλοις
2837 782 2934 853 τῆς
2966 782 3241 853 ἀληθείας.
3264 780 3427 835 Ταῦτ’
3459 776 3553 835 οῦν
3575 780 3643 834 τά
3667 780 3889 853 θεμέλια
3921 781 4024 853 τῆς

2440 876 2765 948 οἰκουμένης
2818 873 3288 944 ἁνεκαλύφθησανο
3339 874 3446 926 τῶν
3494 871 3701 945 ἐχθρῶν
3756 870 3849 925 τοῦ
3884 870 4022 925 Θεοῦ

2439 971 2547 1024 τῶν
2589 969 2755 1023 πάλαι
2799 967 3223 1022 ἐπισκοτούντων
3280 965 3347 1019 τά
3405 964 3709 1036 τῆξψυχῆς
3734 963 3890 1035 ἡμῶν
3919 963 4025 1034 6p.-
4060 1020 4063 1023 ν

2444 1082 2589 1137 ματα
2612 1063 2749 1135 πρὸς
2792 1061 2853 1115 τὸ
2903 1060 2977 1132 μὴ
3020 1061 3089 1114 τὰ
3117 1061 3235 1114 θεῖα
3282 1060 3499 1131 βλέπειν
3548 1062 3612 1113 ἐκ
3640 1057 3814 1112 ποδῶν
3857 1073 4023 1129 μετα-

2444 1155 2702 1219 στάντων,
2756 1153 2851 1207 καὶ
2909 1156 3024 1217 τοῖς
3069 1144 3376 1206 ἀποδοθεῖσι
3429 1150 3523 1205 τοῦ
3578 1149 3783 1223 Κυρίου
3841 1149 4023 1221 βέλεσι

666 1346 667 1351 “
771 1363 1021 1424 quenter,
1043 1355 1110 1409 ab
1132 1355 1199 1411 iis
1227 1354 1397 1423 erepti
1428 1368 1490 1407 ac
1519 1360 1736 1421 recepto
1761 1350 2046 1406 oculorum
2066 1363 2188 1415 usu,
2220 1345 2342 1401 fon-

2440 1247 2982 1320 διασκορπισθέντων,
3021 1246 3365 1315 πεφευγότων
3412 1263 3473 1299 τε
3516 1245 3623 1299 άπὸ
3652 1245 4023 1319 ἐπιτιμήσεως

2442 1341 2668 1416 Κυρίου,
2703 1341 2796 1394 καὶ
2842 1340 2948 1393 ἀπὸ
3003 1338 3355 1410 ἐμπνεῦσεως
3386 1338 3695 1409 πνεύματος
3722 1335 3893 1407 ὀργῆς
3923 1334 4022 1387 αὑ-

770 1453 855 1501 tes
888 1460 1154 1515 aquarum
1198 1445 1454 1504 vidimus,
1514 1441 1865 1497 fundamenta
1890 1440 2037 1495 orbis
2069 1447 2339 1495 terrarum

2442 1433 2557 1488 τοῦ.
2583 1432 2822 1497 Εἰκότως
2867 1427 2960 1485 οὖν
2989 1431 3443 1505 ἐλευθερωθέντες
3484 1429 3690 1484 τούτων
3719 1430 3880 1500 ἡμεῖς
3931 1425 4027 1480 καὶ

767 1539 1140 1610 suspeximus.
1176 1536 1330 1603 Quod
1375 1544 1534 1592 aetate
1581 1541 1767 1589 nostra
1807 1534 1861 1587 in
1902 1533 2151 1604 plurimis
2184 1540 2342 1597 terra:

2442 1527 2864 1598 ἀναϐλέψαντες,
2899 1524 2998 1590 τὰς
3026 1525 3207 1596 πηγὰς
3233 1524 3341 1579 τῶν
3400 1524 3605 1578 ὑδάτων
3656 1519 4025 1592 ἐθεασάμεθα,

769 1630 1017 1701 partibus
1039 1632 1239 1686 evenit.

2443 1621 2536 1674 καὶ
2566 1619 2634 1673 τὰ
2654 1620 2877 1691 θεμέλια
2908 1619 3007 1690 τῆς
3039 1618 3358 1689 οἰκουμένης
3404 1617 3854 1686 ἐπωπτεὼῑαμεν.
3913 1612 4029 1667 Καὶ

1294 1762 1301 1769 .
2442 1712 2599 1767 τοῦτο
2628 1715 2710 1782 ἐφ’
2745 1711 2901 1783 ἡμῶν
2932 1712 2989 1765 ἐν
3016 1710 3227 1775 πολλοῖς
3258 1710 3545 1781 γεγένηται
3579 1708 3854 1780 κλίμασιν.

837 1810 1004 1870 Vens.
1043 1811 1237 1869 17-19.
1285 1810 1433 1866 Misit
1482 1809 1795 1869 desummo
1860 1816 1912 1861 et
1975 1804 2176 1875 accepit
2241 1820 2340 1868 me,

2526 1804 2987 1869 Ἐξαπέστειλεν
3017 1804 3085 1869 ἐξ
3110 1805 3329 1874 ὕψους,
3363 1804 3455 1858 καί
3509 1801 3684 1858 ἔλαϐέ
3712 1818 3809 1870 με,
3837 1811 4029 1869 προσ-

767 1906 1054 1976 assumpsit
1079 1921 1158 1959 me
1182 1904 1245 1958 de
1294 1905 1446 1973 aquis
1477 1902 1679 1955 multis.
1738 1899 2055 1954 Demersum
2108 1911 2342 1967 namque

2443 1898 2689 1953 ελὰϐετό
2711 1916 2788 1970 με
2807 1898 2876 1963 ἐξ
2917 1897 3153 1953 ὑδάτων
3203 1895 3463 1951 πολλῶν.
3499 1893 3887 1949 Καταποθέντα
3914 1889 4029 1961 γὰρ

767 1999 970 2069 ipsum,
995 2004 1049 2051 et
1080 1995 1238 2065 quasi
1278 1994 1565 2065 captivum
1609 1991 1927 2051 abductum.
1960 1990 2340 2044 universorum

2442 1990 2603 2043 αὑτὸν
2635 1990 2729 2043 καὶ
2773 1988 3048 2059 ληφθέντα
3079 1986 3269 2058 ῶσπερ
3297 1985 3640 2057 αἰχμάλωτον
3664 1988 3691 2038 ὁ
3719 1984 3828 2037 τῶν
3885 1982 4029 2036 ὅλων

768 2090 912 2146 Deus
936 2096 991 2144 et
1028 2087 1211 2154 Pater,
1268 2102 1366 2158 per
1422 2084 1619 2141 Filium
1677 2099 1837 2139 suum
1871 2083 1969 2139 abs
2013 2098 2072 2138 se
2113 2082 2342 2137 missum

2443 2082 2574 2146 Θεὸς
2607 2083 2701 2135 καὶ
2716 2080 2923 2152 Πατὴρ,
2940 2076 3324 2145 ἐξαποστείλας
3350 2076 3440 2129 τὸν
3457 2076 3647 2130 ἐαυτοῦ
3665 2075 3811 2140 Υἰὸν,
3842 2070 4026 2127 ἔλαϐε.

766 2184 1004 2254 excepit.
1028 2181 1185 2239 Uade
1226 2192 1408 2236 autem
1458 2180 1754 2250 exceperit,
1797 2178 2027 2235 subinde
2068 2177 2342 2249 signiﬁcat

2445 2173 2613 2227 Πόθεν
2643 2173 2699 2225 δέ
2752 2171 2915 2227 αὑτὸν
2968 2170 3177 2236 ἔλαϐεν,
3228 2169 3356 2239 ἑξῆς
3417 2167 3658 2221 διδάσκει
3706 2166 3900 2235 λέγων,
3955 2162 4028 2227 ἐξ

768 2277 855 2332 bis
871 2275 1073 2343 verbis,
1109 2280 1173 2330 de
1190 2276 1338 2346 aquis
1353 2274 1556 2329 multis.
1582 2273 1672 2327 Ait
1700 2273 1865 2343 igitur
1900 2271 2065 2325 etiam
2100 2273 2159 2325 in
2181 2283 2342 2326 sexa-

2444 2264 2678 2320 ὺδὰτων
2706 2264 2973 2319 πολλῶν.
3005 2265 3143 2336 Φησὶ
3169 2261 3299 2331 γοῦν
3330 2260 3425 2314 καὶ⁸
3460 2262 3516 2313 ἐν
3553 2259 3827 2330 ἑξηκοστῷ
3854 2256 4028 2327 ὀγδόῳ

764 2372 973 2441 gesimo
1004 2377 1198 2425 octavo
1228 2368 1474 2439 psalmo:
1510 2365 1729 2423 Salvum
1770 2380 1850 2418 me
1881 2364 1988 2433 fac,
2028 2363 2195 2427 Deus,
2221 2378 2342 2434 quo-

2442 2359 2661 2431 ψαλμῷ·
2690 2359 2890 2413 Σῶσόγ
2917 2373 3013 2429 με,
3054 2359 3085 2410 ό
3114 2355 3276 2422 Θεὸς,
3314 2353 3401 2407 ὅτι
3429 2352 3801 2421 εὶσήλθοσαν
3836 2352 4029 2406 ὕδατα

768 2463 911 2517 niam
935 2460 1269 2514 intraverunt
1301 2474 1452 2529 aqua:
1476 2456 1722 2529 usquead
1753 2458 1990 2511 animant
2032 2472 2200 2510 meam
2226 2472 2243 2511 :
2268 2455 2342 2509 in-

2443 2452 2552 2519 ἒως
2573 2450 2777 2525 ψυχῆς
2807 2467 2945 2521 μου·
2986 2448 3287 2519 ἐνεπάγην
3323 2449 3411 2513 είς
3456 2446 3618 2513 ὕλην
3658 2442 3874 2509 βυθοῦ,
3926 2444 4025 2499 και

766 2558 906 2620 ﬁxus
935 2573 1050 2610 sum
1082 2556 1135 2608 in
1171 2555 1297 2608 limo
1338 2553 1607 2623 profundi,
1640 2564 1690 2608 et
1714 2562 1911 2608 nonest
1938 2552 2239 2610 substantia
2271 2552 2342 2613 ⁷³.

2444 2547 2748 2602 οὐκέστιν
2777 2545 3128 2609 ὑπόστασις.
3182 2540 3402 2603 Τούτοις
3452 2534 3740 2609 τοιγαροῦν
3799 2534 4027 2590 ἀκολού-

766 2647 847 2701 Ad
868 2647 981 2701 haec
1001 2654 1401 2716 consequenter
1430 2660 1563 2701 sane
1583 2645 1639 2699 in
1671 2645 1922 2715 praesenti
1951 2646 2155 2715 gratias
2176 2660 2342 2715 agens

2445 2638 2554 2703 Θως
2586 2639 2681 2693 καὶ
2732 2640 2790 2693 ἐν
2847 2640 2958 2701 τοῖς
3009 2626 3386 2707 προκειμένοις
3439 2630 3811 2703 εὐχαριστῶν,
3868 2628 4023 2701 φησί’

766 2727 854 2794 εἰιέ
875 2740 949 2793 ait
976 2758 987 2793 :
1018 2739 1317 2808 Assumpsit
1349 2754 1429 2792 me
1454 2738 1516 2793 de
1535 2739 1685 2809 aquis
1710 2737 1910 2793 multis.
1955 2736 2213 2805 Quaanam
2244 2753 2341 2793 au-

2444 2732 2856 2809 Προσελᾴϐετό
2888 2748 2964 2801 με
2989 2729 3057 2795 ἐξ
3083 2728 3318 2784 ὑδάτων
3362 2724 3633 2780 πολλῶν.
3666 2724 3800 2777 Τίνα
3844 2721 3901 2775 δέ
3957 2721 4028 2775 τά

764 2840 874 2886 tem
900 2830 1010 2886 sint
1038 2846 1191 2902 aquae
1228 2831 1354 2896 illae,
1410 2845 1534 2886 mox
1586 2832 1828 2902 apertius
1886 2829 2094 2885 indicat
2125 2831 2206 2887 sic
2262 2830 2342 2886 lo-

2445 2821 2630 2887 ὓδατα,
2655 2803 2905 2893 ἐπιφέρει
2930 2815 3259 2890 σαφέστερον
3288 2816 3477 2870 εἰπών·
3521 2814 3617 2880 Ἐξ
3648 2812 3877 2884 ἐχθρῶν
3903 2829 4025 2883 μου

763 2939 978 2994 quens:
1006 2924 1082 2979 De
1136 2926 1367 2980 inimicis
1414 2926 1544 2979 meis
1588 2926 1921 2994 fortissimis,
1956 2936 2004 2980 et
2040 2925 2104 2979 ab
2145 2926 2212 2980 iis
2252 2927 2341 2996 qui

2442 2912 2717 2969 δυνατῶν
2764 2911 2863 2967 καὶ
2886 2912 2955 2965 ἐκ
3000 2909 3119 2964 τῶν
3135 2909 3478 2980 μισούντων
3494 2922 3590 2976 με,
3617 2904 3706 2958 ὅτι
3746 2902 4027 2971 ἐστερεώ-

763 3017 985 3075 oderunt
1008 3036 1106 3079 me.
1131 3019 1379 3089 quoniam
1404 3018 1719 3087 conformati
1735 3029 1855 3072 sunt
1880 3034 2032 3088 super
2061 3036 2158 3073 me.
2191 2995 2342 3074 Prie—

2443 3010 2640 3075 θησαν
2676 3004 2829 3073 ὑπὲρ
2856 3002 2979 3073 ἐμέ.
3004 2998 3398 3071 Προέρθασάν
3421 3016 3498 3069 με
3527 2998 3597 3051 ἑν
3628 2995 3817 3067 ἡμέρᾳ
3837 2995 4024 3049 κακώ-

764 3121 1013 3169 oenerunt
1034 3129 1113 3165 me
1142 3109 1599 3181 indieaﬂlictionis
1632 3125 1779 3163 metu.
1811 3087 2081 3180 llaecripsa
2104 3108 2342 3179 Spiritus

2443 3099 2598 3166 σεώς
2629 3116 2767 3169 μου.
2805 3097 2917 3151 Καὶ
2942 3095 3114 3150 ταῦτα
3145 3094 3200 3147 δὲ
3236 3094 3297 3146 τὸ
3330 3091 3551 3161 Πνεῦμα
3583 3090 3643 3143 τὸ
3681 3089 3832 3158 ἅγιον
3860 3087 4024 3156 εὐαγ-

704 3188 717 3201 ’
764 3212 990 3263 sanctus
1017 3203 1326 3266 annuntiat,
1351 3203 1477 3257 dum
1503 3202 1577 3255 ait
1595 3217 1719 3256 eum
1751 3210 2094 3272 assumptum
2125 3218 2249 3259 esse
2273 3203 2341 3257 de

2443 3192 2714 3261 γελίζεται
2741 3189 2903 3243 αὑτὸν
2935 3186 3224 3241 ἀναλαΰεῖν
3283 3186 3345 3237 ἐκ
3373 3180 3483 3236 τῶν
3535 3180 3743 3235 πολλῶν
3791 3180 4022 3243 ὑδάτων,

766 3297 924 3368 aquis
950 3295 1153 3359 multis,
1181 3294 1596 3362 libertatemque
1624 3300 1845 3347 nactum
1882 3305 1947 3347 ex
1975 3292 2215 3349 inimicis
2244 3294 2336 3365 qui

2447 3284 2755 3357 ἐλευθερίαν
2782 3283 2840 3337 δὲ
2876 3281 2977 3353 τὴν
3002 3279 3108 3333 ἀπὸ
3146 3278 3253 3331 τῶν
3290 3275 3499 3348 ἐχθρῶν
3525 3274 3633 3327 τῶν
3660 3272 3825 3327 πάλαι
3849 3288 4022 3326 κατα-

764 3392 943 3463 ipsum
977 3388 1105 3445 olim
1126 3387 1355 3459 imperio
1376 3386 1661 3441 subactum
1688 3400 1790 3441 suo
1827 3385 2193 3441 delinuerant.

2442 3378 2860 3450 κεκρατηκότων
2887 3373 3051 3429 αὑτοῦ
3082 3370 3356 3441 γενέσθαι.

832 3480 1000 3538 Vens.
1048 3479 1139 3539 2i).
1173 3479 1263 3535 21.
1312 3476 1382 3532 Et
1438 3477 1611 3548 factus
1634 3487 1711 3533 est
1764 3476 2020 3533 Dominus
2078 3487 2340 3549 protector

2515 3473 2621 3528 Καὶ
2670 3471 2905 3543 ἐγένετο
2950 3469 3166 3537 Κύριος
3220 3460 3649 3534 ἁντιστήριγμά
3715 3478 3855 3532 μου.
3907 3459 4019 3514 Kal

773 1261 1071 1330 spiratione
1100 1261 1434 1330 spiritusira:
1458 1260 1597 1329 ejus.
1634 1258 1824 1313 Merito
1868 1256 2035 1327 igitur
2058 1269 2121 1309 ac
2147 1267 2339 1308 conse-

762 3592 928 3630 meus.
955 3574 1024 3628 Et
1049 3574 1345 3637 eduagitrme
1370 3573 1423 3626 in
1448 3572 1809 3637 latitudinem,
1836 3573 2042 3627 salvum
2077 3590 2159 3628 me
2182 3573 2341 3643 faciet

761 3669 1011 3738 quoniam
1042 3667 1200 3720 voluit
1228 3682 1325 3719 me.
1360 3663 1426 3718 Et
1446 3665 1697 3718 retribuet
1719 3662 1846 3718 mihi
1870 3661 2131 3718 Dominus
2157 3680 2340 3718 secun-

764 3760 1178 3831 dumjustitiam
1224 3776 1414 3815 meam.
1466 3756 1603 3814 Cum
1660 3756 2088 3823 confessionem,
2137 3757 2336 3828 inquit,

766 3870 957 3925 preces
986 3863 1040 3909 et
1065 3855 1493 3925 supplicationes
1522 3866 1675 3909 meas
1694 3852 1804 3922 iam
1827 3851 2145 3908 exaudisset
2170 3850 2336 3917 Deus,

766 3945 945 4001 factus
971 3954 1055 3999 est
1079 3951 1355 4015 protector
1406 3958 1582 3998 meus.
1624 3942 1709 3997 Me
1752 3942 1955 4014 quippe
1995 3942 2339 3999 subversioni

766 4050 821 4098 et
846 4041 1019 4096 ruinae
1042 4038 1245 4110 ingenti
1274 4038 1607 4109 proximum,
1631 4037 1678 4092 si
1700 4038 1920 4107 quidem
1962 4045 2088 4108 post
2138 4053 2337 4109 pecca-

765 4142 881 4205 tum
940 4133 995 4187 in
1053 4129 1413 4187 defectionem
1496 4131 1714 4200 penitus
1764 4129 2053 4199 prolapsus
2102 4144 2280 4185 essem
2316 4170 2336 4196 ,

763 4232 951 4282 astans
976 4224 1113 4295 ipse,
1151 4236 1250 4276 ceu
1293 4218 1527 4274 fulcrum
1552 4227 1606 4273 et
1631 4217 2043 4282 adminiculum,
2091 4220 2336 4285 retinuit,

734 4356 735 4359 η
762 4319 981 4391 quando
1004 4320 1174 4373 mlsso
1198 4314 1265 4370 ad
1285 4329 1370 4369 me
1395 4311 1613 4367 Nathan
1663 4310 1952 4382 propheta,
2000 4312 2068 4368 de
2096 4312 2339 4369 admisso

762 4420 988 4488 peccato
1007 4428 1096 4467 me
1121 4410 1391 4483 coarguit,
1426 4414 1480 4463 et
1511 4406 1705 4462 erexit.
1758 4403 1872 4460 lmo
1900 4405 2062 4488 etiam
2117 4404 2339 4461 deduxit

761 4524 844 4562 me
873 4505 1309 4570 inlatitudinem;
1341 4504 1475 4565 sive,
1500 4504 1658 4573 juxta
1720 4483 2214 4575 Symmacliumtin
2253 4500 2337 4555 la«

763 4598 1139 4666 tumspatium.
1172 4596 1253 4651 Ad
1299 4593 1582 4667 angustias
1637 4591 1839 4664 quippe
1896 4592 2175 4648 redactum
2228 4608 2336 4657 me,

2440 3565 2694 3638 ἐξήγαγέ
2712 3583 2788 3637 με
2842 3566 2929 3631 είς
2959 3559 3340 3631 πλατυσμὸν,
3360 3555 3618 3635 ῥύσεταί
3636 3570 3734 3625 με,
3795 3550 4025 3619 annos.

2441 3663 2595 3731 λησὲ
2610 3679 2704 3732 με.
2751 3658 2862 3715 Καὶ
2914 3653 3328 3713 ἀνταποδώσει
3353 3669 3455 3723 μοι
3486 3651 3701 3718 Κύριος
3731 3646 3881 3701 κατὰ
3908 3643 4025 3713 τὴν

2440 3754 2834 3818 δικαιοσύνην
2846 3764 2986 3820 μου.
3030 3746 3167 3817 Ἤδη
3196 3745 3327 3823 μὲν,
3372 3741 3526 3813 φησὶ,
3572 3740 3670 3811 τῆς
3693 3735 4022 3808 ἐξομολογή-

2442 3846 2577 3911 ceti»;
2603 3864 2701 3919 μου
2729 3842 2947 3898 καὶτῶν
2977 3834 3290 3907 προσευχῶν
3308 3833 3412 3903 ,καὶ
3451 3833 3560 3885 τῶν
3604 3828 3892 3900 ἱκετηρίων
3923 3828 4023 3881 ἐπ-
4050 3882 4053 3883 ν

2440 3940 2684 4003 ακούσας
2715 3938 2744 3990 ὁ
2782 3934 3006 4006 Κύριος,
3043 3927 3233 3998 γέγονέ
3269 3936 3359 3998 μοι
3415 3920 3835 3993 άντιστήριγμα.
3870 3919 4020 3974 Μέλ-

2438 4036 2597 4089 λοντα
2623 4032 2732 4103 γάρ
2764 4047 2829 4101 με
2863 4024 3305 4098 περιτρέπεσθαι,
3335 4020 3431 4075 καὶ
3459 4018 3599 4090 μέγα
3648 4014 3848 4085 πτῶμα
3897 4012 4022 4066 ὑπο-

2444 4130 2647 4200 μένειν,
2674 4128 2721 4179 εί
2758 4121 2894 4195 μετὰ
2922 4118 3017 4190 τὴν
3047 4117 3320 4191 ἁμαρτίαν
3361 4116 3440 4177 εἱς
3469 4110 3705 4181 παντελῆ
3731 4107 4017 4173 ἐξέπιπτον

2439 4217 2795 4281 ἀποστασίαν,
2838 4216 2997 4278 αὐτὸς
3030 4209 3313 4285 παραστὰς
3335 4207 3565 4281 ἔρεισμά
3596 4221 3702 4281 ,μοι
3751 4201 3844 4255 καὶ
3870 4200 4019 4254 ἀντι·-
4068 4234 4071 4237 ‹

2442 4313 2720 4384 στήριγμα
2757 4308 2996 4377 γέγονεν,
3052 4303 3309 4377 ὁπηνίκα,
3363 4301 3454 4355 τὸν
3512 4295 3675 4352 αὑτοῦ
3732 4293 4017 4365 προφήτην

2439 4404 2627 4460 Ναθὰν
2656 4402 2895 4477 πέμψας,
2928 4399 3147 4471 ἔλεγχον
3178 4416 3267 4470 μοι
3312 4396 3559 4467 ἐπήγαγε
3587 4392 3686 4461 τῆς
3719 4384 4013 4459 ἁμαρτίας,

2440 4498 2536 4553 καὶ
2574 4495 2917 4569 ἁνῴρθωσεν.
2962 4491 3119 4547 Ἀλλὰ
3178 4491 3272 4544 καὶ
3303 4484 3598 4557 ὲξήταγέν
3635 4498 3712 4553 με
3748 4481 3842 4561 ,εις
3871 4479 4016 4531 πλα-

2440 4589 2691 4660 τυσμύν,
2719 4588 2812 4643 καὶ
2840 4590 2927 4654 εὶς
2956 4584 3342 4656 εὐρυχωρίαν,
3380 4577 3521 4634 κατὰ
3564 4575 3656 4629 τὸν
3701 4573 4015 4643 Σύμμαχον.

762 4708 829 4747 ac
848 4705 1019 4761 prope
1048 4689 1116 4744 de
1142 4689 1317 4743 salute
1342 4704 1461 4744 mea
1482 4688 1891 4759 desperantem,
1943 4688 2146 4759 eripuit
2184 4702 2249 4741 ac
2278 4686 2334 4741 in

2439 4680 2916 4755 Στενοχωρηθέντα
2943 4680 3052 4750 γάρ
3087 4695 3175 4749 με,
3206 4676 3299 4729 καὶ
3335 4668 3675 4745 μικροῦδεῖν
3712 4662 4016 4761 ἀπογνόντα

761 4780 1103 4840 latitudinem
1125 4777 1333 4846 eduxit,
1393 4788 1454 4833 ut
1501 4780 1558 4834 in
1607 4780 1773 4837 latius
1806 4781 2045 4851 spatium
2074 4780 2332 4843 deducto,

758 4872 1060 4944 recipiendi
1098 4872 1205 4927 mei
1249 4886 1313 4925 ac
1362 4872 1587 4928 vulnera
1637 4875 1873 4931 sollicite
1920 4872 2148 4929 curandi
2176 4872 2333 4943 copia

759 4942 945 5022 fuerit.
973 4963 1244 5043 Caeterum
1268 4962 1313 5017 is
1337 4978 1421 5017 me
1470 4978 1700 5028 prorsus
1736 4965 2011 5029 liberabit,
2063 4980 2129 5021 ac
2150 4942 2334 5020 delicti

758 5062 969 5116 veniam
984 5059 1265 5126 concedet,
1289 5067 1531 5129 tempore
1562 5059 1829 5115 adventus
1856 5060 1964 5124 sui,
1998 5060 2091 5132 qui
2128 5060 2181 5114 in
2198 5061 2336 5115 vati-

757 5150 903 5205 ciuio
922 5151 1113 5205 fertur.
1139 5152 1319 5223 lisque
1340 5168 1426 5207 me
1459 5150 1740 5207 beneflciis
1764 5138 2033 5208 devinciet
2047 5152 2332 5218 Dominus,

757 5244 1006 5312 quoniam
1058 5244 1221 5298 voluit
1246 5262 1364 5303 me:
1398 5254 1491 5302 aut
1542 5244 1847 5302 secundum
1880 5245 2156 5317 Aquilam,
2211 5262 2336 5317 quo-

756 5337 901 5391 niam
953 5337 1115 5399 voluit
1141 5339 1195 5391 in
1209 5356 1326 5405 me;
1355 5356 1536 5411 neque
1563 5340 1710 5396 enim
1735 5342 2138 5399 convertendus
2155 5355 2330 5405 eram,

755 5447 935 5503 neque
970 5432 1352 5502 coarguendos
1402 5433 1470 5488 de
1513 5439 1764 5505 peccato,
1820 5447 1997 5505 neque
2029 5432 2330 5489 mittendus

754 5526 824 5582 ad
854 5542 939 5583 me
958 5527 1243 5600 propheta,
1273 5526 1378 5583 nisi
1426 5540 1512 5583 me
1551 5527 1759 5583 salvum
1830 5526 2007 5584 facere
2043 5528 2327 5585 voluisset.

753 5616 825 5670 At
850 5618 993 5672 enim
1046 5617 1195 5683 novi,
1231 5632 1296 5672 ac
1341 5631 1666 5687 persuasum
1707 5618 1867 5689 plane
1918 5618 2113 5684 habeo,
2147 5620 2328 5690 ipsum

754 5715 999 5780 tempore
1021 5712 1157 5781 justi
1186 5711 1382 5781 judicii
1409 5711 1518 5772 sui,
1546 5711 1752 5781 peccati
1772 5710 1875 5766 mei
1905 5719 1960 5767 et
1994 5712 2324 5776 facinorum,

754 5817 876 5872 qua:
913 5804 967 5857 in
1013 5805 1100 5860 die
1154 5805 1384 5859 miserint
1428 5818 1561 5859 mere
1616 5808 1946 5876 perpetravi,
1999 5806 2330 5863 mentionem

824 5986 869 6017 ⁷³
895 5982 1092 6052 Ephes.
1120 6003 1185 6053 ιι,
1220 5986 1309 6044 20.
1386 5988 1431 6022 ⁷³
1463 5985 1609 6045 Psal.
1651 6004 1839 6058 mnu,
1870 5986 1926 6057 2,
1963 5987 2022 6047 5,

2442 4772 2634 4829 ἐαυτοῦ
2664 4753 2761 4846 τὴν
2826 4769 3117 4844 σωτηρίαν,
3178 4765 3446 4841 ἐρρύσατο
3469 4760 3563 4815 καὶ
3590 4761 3668 4823 είς
3704 4753 4016 4826 πλατυσμδν

2442 4864 2728 4940 ἐξήγαγεν,
2761 4866 2837 4930 ὡς
2886 4864 3026 4920 κατὰ
3056 4861 3255 4923 πλάτος
3288 4855 3571 4926 δυνηθῆναι
3625 4848 3858 4923 ἐμαυτὸν
3886 4848 4012 4904 ἀναν

2442 4961 2642 5026 λαϐεῖν,
2668 4961 2761 5015 καὶ
2787 4960 2883 5030 τῆς
2914 4954 3149 5030 ἐμαυτοῦ
3184 4949 3480 5023 θεραπείας
3520 4943 3833 5017 ἐπιμέλειαν
3860 4941 4014 5014 ποιή-

2438 5055 2652 5110 σασθαι.
2688 5054 2835 5125 Πλὴν
2858 5051 2993 5107 ἀλλὰ
3016 5050 3110 5103 καὶ
3130 5042 3405 5113 παντελῶς
3452 5038 3674 5114 ῥύσεταί
3702 5055 3789 5110 με,
3827 5036 4013 5111 φησιν,

2433 5149 2607 5215 διδοὺς
2632 5149 2825 5218 ἄφεσιν
2849 5146 2950 5217 τῆς
2980 5140 3251 5214 ἁμαρτίας
3274 5138 3417 5192 κατὰ
3469 5135 3559 5189 τὸν
3603 5131 4013 5206 πρυφητευόμε-

2438 5262 2526 5299 νον
2559 5243 2749 5316 καιρὸν
2774 5242 2873 5313 τῆς
2907 5236 3072 5292 αὑτοῦ
3107 5232 3425 5306 παρουσίας.
3456 5229 3566 5284 Καὶ
3596 5227 3754 5282 τοῦτο
3798 5227 4011 5296 ποιήσει

2438 5336 2741 5411 εὐεργετῶν
2770 5352 2838 5407 με
2886 5334 2915 5385 ὁ
2969 5328 3193 5401 Κύριος,
3248 5325 3337 5379 ὅτι
3389 5320 3656 5391 ἠθέλησέ
3673 5338 3769 5392 με’
3807 5320 3840 5392 ἢ
3872 5316 4010 5411 κατὰ

2435 5410 2543 5486 τὸν
2570 5430 2822 5492 Ἀκύλαν,
2873 5426 2963 5479 ὅτι
3008 5420 3306 5490 ἐϐουλήθη
3358 5419 3429 5474 ἐν
3480 5416 3643 5488 ἐμοί’
3688 5416 3747 5469 οὐ
3779 5413 3907 5483 γὰρ
3945 5410 4011 5464 ἂν

2436 5525 2818 5597 ἐπεστράφην,
2865 5519 2974 5574 οὐδ’
3037 5518 3104 5571 ἂν
3164 5515 3254 5570 τὸν
3312 5511 3530 5583 ἐλεγχόν
3581 5527 3670 5581 μοι
3725 5505 4007 5597 προσήγα-
4110 5516 4111 5519 ‘

2434 5635 2562 5689 γεν,
2610 5595 2819 5671 οὐδ’ἂν
2857 5613 2950 5667 τὸν
2994 5610 3279 5683 προφήτην
3330 5602 3523 5660 ἑαυτοῦ
3578 5599 3716 5689 πρὸς
3904 5595 4008 5689 άπζ-

2436 5683 2707 5773 ἐστάλκει,
2741 5708 2787 5761 εἰ
2823 5704 2897 5777 μὴ
2931 5704 3100 5757 σῶσαί
3161 5719 3227 5775 με
3275 5697 3483 5771 ἢθελεν.
3527 5687 3600 5746 Εὖ
3641 5690 3699 5743 δέ
3750 5683 3868 5741 οἶδα
3917 5683 4007 5777 καὶ

2438 5802 2681 5876 ἀκριϐῶς
2729 5776 3054 5871 πέπεισμαι,
3094 5797 3173 5852 ὅτι
3231 5792 3371 5851 κατὰ
3409 5790 3498 5845 τὸν
3556 5781 3742 5856 καιρὸν
3781 5781 3881 5856 τῆς
3927 5776 4004 5837 διο
