4302 6412
263 551 381 612 177

1389 546 1902 633 communem
1942 545 2009 602 IN
2046 545 2388 604 essemus.

3414 550 3516 607 178

261 670 602 742 καιοκρισίας
634 667 820 733 αὑτοῦ,
872 668 934 721 οὐ
985 663 1359 738 μνημονεύσας
1393 682 1494 735 μου
1533 664 1629 735 τῆς
1662 655 1842 734 ἀμαρ-
1872 665 1919 722 Λ
1946 676 1960 713 ι

1819 691 1842 701 ο
1872 660 2153 722 Anullam
2216 659 2489 715 facturum
2544 675 2699 725 esse;
2758 658 2853 715 sed
2915 660 3198 716 secundum
3250 660 3516 730 justitiam

260 758 377 822 τίας
404 758 498 811 καὶ
529 756 637 810 τῶν
658 756 1034 827 τολμηθέντων
1062 749 1234 826 μοιιὲν
1262 755 1442 826 ἡμέρᾳ
1468 752 1843 826 ταλαιπωρίας

265 867 385 920 μου,
422 850 575 904 κατὰ
614 849 728 917 τὴν
761 848 1156 914 δικαιοσύνην
1204 864 1323 915 μου
1377 843 1675 898 ἀποδώσει
1718 860 1840 913 μοι.

261 942 371 1005 re;
388 942 497 1013 γὰρ
524 940 690 1004 ἄλλας
726 957 825 1010 μου
854 939 1081 1010 πράξεις
1111 938 1210 1001 τὰς
1240 939 1295 991 ὲν
1321 937 1489 1007 ἀρετῇ
1519 936 1613 988 καὶ
1638 936 1841 988 δικαιο-

263 1031 417 1105 σύνῃ,
457 1031 646 1102 ὥσπερ
683 1032 740 1082 ἐν
784 1031 1024 1103 τρυτάνῃ
1059 1029 1152 1083 καὶ
1182 1026 1329 1097 ζυγῷ
1368 1024 1840 1097 ἀντιπαραλαϐὼν,

261 1125 351 1178 καὶ
376 1123 705 1193 ἀντιστήσας
729 1120 807 1190 τῷ
840 1118 1193 1193 ἁμαρτήματι
1227 1116 1506 1187 μου,κατὰ
1530 1116 1665 1170 πολὺ
1694 1116 1845 1170 πλεο-

260 1213 526 1280 ναζούσας
564 1206 784 1285 εὑρήσει
828 1212 921 1266 τοῦ
966 1204 1258 1280 γενομένου
1307 1208 1721 1279 ἁμαρτήματος.
1752 1207 1843 1260 Διὸ

262 1304 629 1361 ἀνταποδώσει
667 1322 756 1376 μοι
790 1304 848 1358 οὗ
878 1302 997 1356 καθ’
1025 1302 1052 1355 ὃ
1079 1301 1322 1372 ἥμαρτον
1357 1299 1478 1371 (ἤδη
1542 1298 1650 1370 γὰρ
1682 1298 1844 1351 ἀντα-

261 1396 491 1459 πέδωκε,
545 1393 814 1466 μετελθών
868 1410 934 1463 με
974 1391 1115 1444 κατὰ
1154 1390 1245 1443 τὸν
1303 1389 1549 1462 παρόντα
1596 1389 1707 1461 βίον
1754 1388 1879 1459 διὰ¹

259 1487 366 1541 τῶν
396 1484 815 1539 καταλαϐουσῶν
851 1500 916 1554 με
950 1480 1290 1553 συμφορῶν),
1333 1480 1474 1536 κατά
1505 1481 1561 1534 δὲ
1594 1480 1694 1544 τὰς
1728 1480 1840 1533 λοι-

262 1580 369 1643 πὰς
395 1577 643 1650 πράξεις,
680 1578 778 1639 τὰς
804 1577 860 1628 ὲν
885 1573 1218 1647 δικαιοσύνῃ,
1249 1572 1515 1627 ἀποδώσει
1556 1590 1645 1644 μοι
1686 1573 1744 1625 ἐν
1774 1574 1839 1643 τῇ

263 1669 443 1740 ἡμέρᾳ
479 1670 577 1739 τῆς
607 1664 770 1720 αὑτοῦ
798 1664 1213 1736 δικαιοκρισίας,
1254 1662 1479 1718 καὶτῶν
1512 1661 1709 1735 χειρῶν
1741 1680 1841 1732 μου

261 1762 403 1816 κατά
430 1759 527 1831 τὴν
556 1758 923 1829 καθαριότητα
962 1758 1057 1829 τὴν
1092 1756 1325 1827 ἀμοιῦὴν
1360 1748 1673 1827 ποιήσεται·
1706 1755 1842 1807 ἀπέ-

263 1854 436 1906 πλυνα
468 1853 576 1923 γὰρ
615 1852 707 1904 τὸν
730 1852 993 1923 πρότερον
1033 1852 1220 1914 αὐταῖς
1251 1848 1605 1919 ἐγγενόμενον
1638 1849 1805 1917 ῥύπον
1825 1865 1837 1877 ·

261 1946 367 2000 Kal
389 1946 599 2015 ἔσομαι
614 1944 850 2015 ἄμωμος
865 1945 992 2015 μετ’
1014 1943 1222 2005 αὐτοῦ,
1246 1943 1343 1996 καὶ
1364 1941 1704 2010 φυλάξομαι
1723 1938 1865 1993 ἀπὸ·

1945 768 2116 807 meam
2146 752 2397 807 retribuet
2433 751 2579 806 milii.
2611 750 2746 806 Nam
2777 752 2823 808 si
2857 751 2964 806 alia
3001 766 3297 815 mea,'cum
3318 754 3518 813 virtute

1944 861 2007 899 ac
2034 845 2248 915 justitia
2298 846 2604 916 designata,
2640 861 2806 916 opera
2855 846 3015 917 quasi
3061 845 3128 900 ad
3162 847 3425 905 trutinam
3465 857 3521 904 et

1944 937 2213 992 bilancem
2266 952 2372 992 una
2414 953 2537 993 cum
2595 946 2825 1009 peccato
2886 953 3009 994 meo
3066 940 3408 1009 appenderit,
3454 955 3519 995 ea

1944 1030 2118 1084 multo
2168 1030 2427 1089 delictum
2483 1030 2749 1086 excedere
2805 1031 3123 1103 comperiet.
3179 1031 3522 1105 Quapropter

1946 1139 2054 1179 non
2110 1123 2411 1179 secundum
2469 1131 2752 1194 peccatum
2784 1140 2982 1181 meum
3030 1124 3296 1181 retribuet
3353 1126 3518 1191 mihi;

1940 1214 2053 1283 jam
2100 1213 2302 1284 quippe
2344 1211 2770 1276 retribuit,cum
2820 1229 2909 1270 me
2949 1214 3140 1270 multis
3181 1216 3235 1269 in
3267 1215 3522 1286 prarsenti

1943 1302 2055 1357 vita
2104 1304 2512 1360 calamitatibus
2566 1303 2782 1370 allecit;
2813 1303 2909 1358 sed
2959 1304 3259 1359 secundum
3312 1305 3523 1374 reliqua

1944 1380 2208 1463 probe'ae
2252 1393 2403 1463 juste
2424 1403 2737 1467 perpetrata
2767 1409 2933 1466 opera
2966 1394 3021 1450 in
3049 1395 3137 1450 die
3166 1395 3299 1465 justi
3327 1394 3523 1466 judicii

1944 1485 2028 1539 sui
2068 1486 2339 1542 retribuet
2389 1486 2543 1551 mihi,
2574 1493 2626 1540 et
2690 1502 2885 1542 manus
2916 1502 3066 1543 meas
3111 1489 3182 1541 ob
3230 1480 3525 1558 puritatem

1944 1579 2168 1647 praemio
2196 1579 2423 1634 donabit
2459 1598 2472 1635 :
2508 1580 2657 1650 ipsas
2693 1576 2952 1651 quippe'a
2986 1579 3233 1649 pristinis
3267 1580 3523 1635 sordibus

1943 1667 2089 1722 ablui
2125 1684 2138 1720 :
2171 1667 2240 1721 Et
2260 1685 2349 1722 ero
2383 1670 2756 1724 imntaculat‘us
2779 1685 2897 1723 cum
2942 1686 3023 1735 eo,
3054 1677 3104 1723 et
3133 1668 3414 1724 observabo
3444 1685 3526 1723 me

1945 1756 2009 1811 ab
2034 1758 2311 1830 iniquitate
2332 1776 2468 1814 mea.
2500 1758 2571 1813 Et
2614 1759 2866 1814 retribuet
2895 1760 3023 1813 mihi
3047 1759 3307 1814 Dominus
3341 1776 3526 1814 secun-

1943 1846 2069 1900 dum
2079 1848 2352 1919 justitiam
2388 1866 2556 1903 meam
2584 1858 2632 1902 et
2661 1847 2946 1902 secundum
2966 1849 3252 1919 puritatem
3273 1864 3525 1903 manuum

1945 1957 2183 1995 mearum
2219 1943 2468 1997 retribuet
2500 1943 2646 1997 milli.
2668 1956 2670 1960 ‘
3182 1936 3185 1937 ν

260 2041 370 2109 τῆς
399 2039 649 2109 ἀνομίας
712 2057 853 2107 μου.
905 2040 1011 2094 Kal
1060 2036 1470 2093 ἀνταποδώσει
1503 2052 1603 2105 μοι
1657 2034 1873 2101 Κύριος
1910 2037 2060 2090 κατὰ
2097 2036 2215 2104 τὴν
2255 2037 2655 2105 δικαιοσύνην
2686 2054 2827 2104 μου,
2868 2036 2967 2092 καὶ
3018 2035 3168 2091 κατὰ
3196 2035 3312 2105 τὴν
3344 2035 3527 2091 καθα-

256 2132 502 2200 ριότητα
532 2130 650 2184 τῶν
675 2130 891 2201 χειρῶν
923 2150 1036 2200 μου
1066 2129 1479 2191 ἀνταποδώσω
1507 2144 1629 2198 μοι.

328 2224 672 2298 Διεξέρχεται
726 2226 854 2297 ἑξῆς
908 2226 1221 2295 καταλέγων
1255 2226 1339 2289 τίς
1368 2221 1435 2296 ἦν
1469 2227 1502 2296 ἡ
1532 2222 1844 2294 δικαιοσύνη
1881 2232 1920 2287 Β
2024 2226 2027 2268 Τ

1825 2240 1844 2294 η
1881 2232 1920 2287 Β
2024 2220 2270 2276 Subinde
2317 2235 2445 2275 vero
2486 2230 2675 2276 narrat
2710 2236 2832 2293 quae
2860 2222 3021 2276 fuerit
3044 2220 3260 2292 justitia
3288 2221 3431 2293 ejus,
3468 2231 3524 2278 et

266 2318 450 2383 αὐτοῦ,
502 2320 596 2373 καὶ
645 2319 792 2381 ὅπως
847 2317 1193 2388 ἀπεκάθηρεν
1249 2316 1443 2371 ἑαυτοῦ
1484 2316 1581 2381 τὰς
1623 2319 1831 2391 χεῖρας.

338 2413 458 2466 Ὅτι
480 2411 753 2481 ἐφύλαξα
765 2411 871 2477 τὰς
883 2410 1061 2477 ὁδοὺς
1073 2411 1311 2477 Κυρίου,
1326 2411 1422 2465 καὶ
1437 2412 1547 2465 οὐκ
1560 2410 1838 2480 ἠσέϐησα

1937 2327 2044 2382 quo
2070 2320 2228 2382 pacto
2257 2325 2451 2366 manus
2475 2311 2589 2380 ipse
2638 2326 2768 2367 suas
2800 2312 3052 2367 abluerit.

2007 2402 2173 2460 Vens.
2206 2402 2395 2458 22-25.
2425 2402 2564 2470 Quia
2594 2401 2849 2457 custodivi
2882 2405 2991 2457 vias
3018 2403 3248 2472 Domini,
3276 2422 3371 2462 nec
3416 2406 3524 2460 im-

261 2500 380 2557 ἁπὸ
402 2501 507 2555 τοῦ
548 2500 696 2555 Θεοῦ
718 2518 859 2570 μου.
882 2501 1001 2553 ’Ότι
1039 2498 1235 2553 πάντα
1267 2500 1340 2554 τὰ
1368 2502 1623 2571 κρίματα
1649 2501 1836 2556 αὐτοῦ
1935 2513 1960 2567 Ρ

1824 2503 1836 2552 5
1935 2498 2018 2567 pie
2032 2496 2169 2569 gessi
2188 2513 2219 2549 a
2250 2495 2357 2549 Deo
2387 2511 2519 2551 meo.
2553 2495 2817 2562 Quoniam
2850 2496 3027 2551 omnia
3055 2496 3264 2566 judicia
3321 2498 3437 2568 ejus
3468 2501 3523 2553 in

261 2592 518 2648 ἐνώπιόν
542 2612 682 2663 μου,
711 2593 809 2646 καὶ
845 2593 915 2645 τὰ
938 2590 1298 2660 δικαιώματά
1338 2592 1524 2657 αὑτοῦ
1555 2596 1667 2648 οὐκ
1720 2594 1835 2649 ὰπ-
1938 2606 1960 2645 c

1825 2624 1835 2634 -
1938 2598 2214 2660 conspectu
2232 2607 2365 2658 meo,
2383 2601 2432 2645 et
2456 2590 2692 2653 iustitia:
2720 2590 2831 2659 ejus
2850 2607 2957 2645 non
2970 2592 3156 2659 repulit
3176 2609 3209 2646 a
3228 2608 3328 2647 me.
3345 2592 3413 2646 Et
3434 2610 3524 2648 ero

258 2684 524 2753 ἐστησεν
549 2686 650 2739 ἀπ’
670 2684 836 2754 ἐμοῦ.
862 2681 971 2737 Καὶ
995 2681 1203 2751 ἔσομαι
1223 2684 1459 2754 ἄμωμος
1478 2686 1606 2754 μετ’
1630 2685 1836 2748 αὑτοῦ,

258 2775 359 2828 καὶ
390 2772 729 2842 φυλάξομαι
756 2772 875 2826 ἀπὸ
900 2771 1007 2841 τῆς
1044 2773 1293 2847 ἀνομίας
1312 2792 1449 2843 μου.
1483 2776 1635 2827 Ἐπεὶ
1660 2774 1839 2827 τοίνυν

258 2863 431 2919 ταῦτα
456 2864 794 2934 ἐπορισάμην
820 2864 1057 2936 ἐμαυτῷ,
1086 2866 1238 2939 φησὶ,
1264 2865 1402 2935 μετὰ
1430 2865 1527 2936 τὴν
1547 2864 1836 2937 ἁμαρτίαν,

261 2956 354 3009 καὶ
381 2954 649 3018 τοσαύτας
681 2959 983 3025 συνήγαγον
1014 2958 1233 3028 ἐμαυτῷ
1263 2956 1579 3027 θεραπείας,
1617 2957 1839 3020 εἰκότως

262 3046 425 3101 πάλιν
458 3044 808 3099 ὲπαναλαϐὼν
827 3047 916 3099 τὸν
949 3048 1108 3102 αὐτὸν
1144 3049 1201 3100 ὲν
1222 3047 1456 3118 δευτέρῳ
1477 3046 1632 3116 λόγον
1658 3048 1797 3117 φημί
1822 3064 1835 3077 ·

262 3141 375 3204 ὅτι,
411 3139 502 3194 διὰ
554 3126 621 3191 τὰ
675 3137 1067 3210 προλεχθέντα,
1123 3140 1233 3194 Καὶ
1280 3139 1688 3195 ἀνταποδώσει
1738 3156 1840 3210 μοι

261 3231 478 3299 Κύριος
511 3211 660 3283 κατᾶ
682 3229 799 3298 τὴν
823 3228 1217 3300 δικαιοσύνην
1252 3250 1393 3302 μου,
1420 3232 1519 3286 καὶ
1550 3232 1702 3286 κατὰ
1731 3231 1843 3301 τὴν

262 3325 663 3391 καθαριότητα
691 3322 810 3377 τῶν
841 3322 1053 3391 χειρῶν
1071 3342 1183 3393 μου
1205 3324 1458 3380 ἐνώπιον
1482 3324 1602 3380 τῶν
1631 3328 1844 3395 ὀφθαλ-

1936 2679 2314 2736 immaculatus
2347 2698 2465 2735 cum
2498 2698 2579 2745 eo,
2606 2690 2656 2735 et
2686 2681 2964 2737 observabo
3008 2699 3089 2736 me
3116 2682 3194 2737 ‘ab
3250 2684 3527 2756 iniquitate

1941 2768 2229 2836 mea.Quia
2244 2786 2372 2841 ergo
2395 2782 2516 2841 post
2551 2772 2849 2827 admissum
2881 2774 3061 2829 scelus
3090 2774 3155 2830 iis
3177 2790 3260 2829 me
3282 2775 3527 2832 moribus

1942 2861 2250 2931 composui,
2267 2870 2322 2915 et
2344 2868 2549 2915 tantam
2575 2863 2709 2917 mihi
2736 2866 2960 2919 adhibui
2987 2866 3251 2922 medelam
3279 2882 3527 2933 ;resum-

1944 2964 2035 3026 pta
2069 2953 2239 3024 priori
2267 2952 2565 3017 sententia,
2594 2954 2831 3023 idipsnm
2859 2957 3105 3011 secundo
3138 2967 3405 3027 repetam,
3438 2958 3525 3013 di-

1943 3060 2174 3117 camque
2226 3045 2423 3101 iterum
2460 3062 2475 3097 :
2519 3042 2587 3097 Et
2618 3044 2867 3100 retribuet
2894 3048 3024 3101 mihi
3050 3047 3309 3127 Dominus
3344 3065 3529 3103 secun-

1941 3138 2070 3194 dum
2094 3138 2370 3210 justitiam
2415 3155 2605 3202 meam,
2640 3148 2691 3193 et
2724 3139 3010 3195 secundum
3070 3145 3361 3210 puritatem
3391 3159 3529 3196 -mn-

1945 3249 2107 3286 nuum
2161 3233 2485 3288 mearum”in
2530 3243 2809 3301 conspectu
2842 3234 3114 3290 oculorum
3162 3236 3274 3305 ejus
3304 3250 3322 3288 :
3352 3234 3527 3305 cujus

1948 3325 2084 3381 dicti
2118 3327 2241 3381 loco
2270 3369 2285 3393 ,
2334 3327 2389 3382 in
2437 3335 2717 3394 conspectu
2764 3330 3037 3383 oculorum
3068 3329 3181 3399 ejus
3228 3329 3310 3384 sic
3364 3328 3526 3384 habet

253 3416 389 3485 μῶν
440 3416 653 3471 αὐτοῦ·
701 3415 820 3469 ἀντὶ
856 3415 911 3467 δὲ
945 3414 1060 3478 τοῦ,
1090 3416 1344 3471 ἐνώπιον
1369 3416 1489 3472 τῶν
1523 3414 1845 3487 ὀφθαλμῶν
1948 3423 1952 3468 1

1823 3434 1845 3462 ρ
1948 3414 2333 3489 Symmachus,
2372 3436 2438 3474 ex
2487 3427 2723 3491 opposito
2750 3422 3023 3477 oculorum
3064 3422 3200 3492 ejus.
3226 3420 3345 3476 Non
3377 3422 3522 3477 enim

257 3509 468 3572 αὐτοῦ,
507 3510 535 3562 ὁ
581 3508 891 3580 Σύμμαχος,
921 3508 1036 3568 τὴν
1062 3510 1311 3578 ἀντικρὺ
1366 3509 1486 3563 τῶν
1526 3512 1846 3580 ὀφθαλμῶν
1878 3572 1911 3581 _
1949 3506 1956 3559 1

1825 3526 1846 3554 ρ
1878 3572 1911 3581 _
1949 3506 2231 3561 hominum
2265 3510 2441 3565 oculis
2480 3510 2772 3581 puritatem
2813 3511 3082 3566 ostentari
3117 3526 3315 3577 meam,
3350 3524 3524 3581 neque

256 3600 468 3665 αὐτοῦ,
485 3572 765 3676 ἐξέδωκεν.
782 3572 857 3653 oo
881 3572 991 3671 ὴάρ
1011 3572 1311 3671 ἀνθρώπων
1327 3572 1621 3673 ὀφθαλμοῖς
1640 3572 1841 3659 scitot-
1870 3572 1913 3630 C
1947 3616 1955 3652 ι

1823 3635 1841 3645 -
1870 3572 1913 3630 C
1947 3606 2007 3654 ut
2033 3599 2220 3654 multis
2258 3572 2533 3671 placerem
2567 3601 2621 3656 id
2648 3602 2731 3673 egi
2759 3620 2773 3669 ;
2798 3601 2892 3657 sed
2921 3604 2975 3655 in
3000 3609 3296 3672 conspectu
3329 3572 3522 3656 oeulo-

258 3688 421 3754 ὃαζον
480 3690 577 3758 τὴν
634 3688 873 3759 ἐμαυτοῦ
936 3688 1300 3760 καθαριότητα
1357 3690 1656 3756 δεικνύναι,
1718 3694 1837 3748 οὐδὲ

263 3780 405 3836 ὥστε
453 3782 705 3851 ἀρέσκειν
738 3784 852 3844 τοῖς
883 3780 1113 3859 πολλοῖς,
1141 3780 1255 3835 ἀλλ’
1283 3783 1505 3854 ἀντικρὺ
1537 3782 1646 3837 τῶν
1674 3786 1838 3839 αὑτοῦ

261 3873 355 3929 τοῦ
390 3873 579 3945 κριτοῦ
610 3871 912 3944 ,ὀφθαλμῶν
947 3874 1124 3927 πᾶσαν
1156 3864 1451 3944 ἐποιούμην
1483 3875 1717 3946 σπουδὴν
1737 3876 1841 3947 τῆς

264 3965 502 4039 ἐμαυτοῦ
540 3966 924 4038 καθαρότητος.
1747 3975 1753 3981 ’

332 4058 492 4113 Μετὰ
529 4061 701 4113 ὁσίου
733 4060 900 4126 ὅσιος
928 4060 1068 4128 ἔσῃ,
1092 4059 1192 4113 καὶ
1218 4059 1368 4129 μετὰ
1401 4058 1620 4128 ἀνδρὸς
1645 4058 1837 4115 άθώου

261 4150 453 4217 ἀθῶος
477 4152 592 4219 ἔσῃ
613 4169 626 4181 ·
658 4153 755 4204 καὶ
776 4153 925 4220 μετὰ
948 4150 1235 4208 summ“)
1266 4152 1549 4219 ἐκλεκτὸς
1576 4152 1712 4221 ἔσῃ,
1737 4155 1836 4208 καὶ

256 4242 404 4311 μετὰ
434 4242 730 4309 στρεϐλοῦ
758 4242 1161 4313 διαστρέψεις.
1189 4247 1318 4298 Ὅτι
1347 4243 1428 4297 σὺ
1457 4243 1611 4298 λαὸν
1636 4258 1836 4301 ταπει-

1944 3706 2062 3745 rtrm
2097 3691 2272 3762 ipsius
2289 3691 2521 3762 judicis,
2556 3694 2664 3750 mei
2705 3695 2974 3767 purgandi
3007 3708 3196 3749 curam
3230 3703 3285 3751 et
3316 3694 3521 3752 solliei-

1941 3782 2184 3837 tudinem
2206 3781 2395 3839 habui.

2009 4031 2173 4115 Vens.
2245 4044 2450 4102 26-28.
2532 4045 2664 4102 Cum
2731 4057 2912 4102 sancto
2964 4060 3180 4105 sanctus
3243 4050 3390 4113 eris,
3470 4062 3519 4103 et

1938 4153 2057 4192 cum
2091 4126 2203 4191 viro
2250 4138 2519 4193 innocente
2558 4140 2803 4195 innocens
2834 4142 2936 4195 eris
2965 4159 2982 4199 :
3008 4152 3058 4196 et
3086 4159 3203 4197 cum
3229 4143 3390 4198 electo
3415 4144 3519 4196 ele-

1939 4237 2052 4285 ctus
2099 4246 2226 4299 eris,
2258 4241 2308 4285 et
2350 4248 2470 4286 cum
2511 4250 2749 4303 perverso
2784 4241 3112 4304 pervertet-is.
3147 4237 3411 4304 Quoniam
3461 4246 3517 4289 tu

260 4334 371 4387 νόν
398 4332 638 4398 σώσεις,
684 4334 779 4386 καὶ
826 4335 1170 4406 ὀρθαῖμοὺς
1209 4335 1607 4405 ὑπερηφάνων
1634 4351 1836 4393 ταπει-
1937 4337 1959 4390 F

1817 4370 1836 4381 _
1937 4320 2186 4390 populum
2212 4323 2463 4378 humilem
2503 4325 2705 4380 salvum
2734 4326 2897 4396 facies
2921 4367 2936 4391 ,
2968 4338 3017 4381 et
3052 4328 3230 4383 oculos
3268 4327 3516 4396 superbo-

262 4424 490 4490 νώσεις.
512 4424 734 4493 Μήποτε
757 4426 1107 4495 προψητικῶς
1128 4427 1271 4501 λαὸν
1281 4428 1378 4499 μὲν
1395 4427 1642 4481 ταπεινὸν
1665 4427 1833 4501 (1),ῆ,

259 4513 402 4570 κατά
449 4514 539 4567 τὸν
582 4514 828 4580 Ἀκύλαν,
864 4517 1110 4585 πένητα,
1141 4520 1196 4589 ἦ,
1233 4519 1374 4574 κατά
1399 4520 1489 4573 τὸν
1522 4518 1835 4591 Σύμμαχον,

259 4604 454 4676 πρᾶον
497 4606 586 4660 τὸν
612 4608 767 4678 χορὸν
815 4607 1105 4663 αἰνίττεται
1145 4611 1236 4665 τὸν
1277 4611 1664 4667 ἀποστολικόν*
1703 4614 1834 4667 ὑπε-

262 4699 535 4772 ρηφάνους
567 4697 624 4750 δὲ
653 4700 777 4760 τοὺς
809 4698 974 4752 πάλαι
1009 4701 1367 4773 ἐπηρμένους,
1394 4705 1518 4768 τοὺς
1547 4704 1836 4775 ἀρχιερέας

258 4795 353 4848 καὶ
368 4791 719 4854 διδασκάλους
738 4792 832 4845 καὶ
854 4792 1116 4863 ἄρχοντας
1135 4794 1226 4848 τοῦ
1263 4799 1326 4851 ὲκ
1352 4786 1651 4870 περιτομῆς
1669 4796 1797 4851 λαοῦ
1816 4814 1831 4864 ;

1941 4429 2058 4466 rum
2079 4412 2411 4470 humiliabis.
2452 4416 2648 4472 Annon
2679 4419 3007 4488 prephetico
3036 4433 3186 4474 more
3218 4433 3313 4489 per
3338 4432 3515 4488 popu-

1939 4505 2052 4559 lum
2107 4505 2390 4574 humilem,
2420 4519 2514 4565 aut
2562 4510 2861 4568 secundum
2915 4509 3187 4582 Aquilam,
3216 4526 3512 4580 pauperem,

1939 4603 2056 4663 aut,
2088 4609 2147 4653 ut
2174 4596 2564 4671 Symmachus,
2598 4612 2951 4667 mansuetum,
2986 4602 3213 4657 chorum
3248 4602 3513 4674 apostoli-

1937 4708 2061 4749 cum
2120 4695 2430 4775 adumbrat,
2478 4698 2749 4768 superbos
2807 4705 2987 4753 autem
3037 4706 3196 4754 Vocat
3236 4715 3365 4766 eos,
3419 4702 3511 4772 qui

1936 4786 2065 4841 olim
2100 4788 2239 4845 altos
2269 4787 2494 4858 spiritus
2536 4788 2911 4855 assumebant,
2942 4790 3220 4863 principes
3244 4792 3513 4871 sacerdo-

258 4883 351 4949 οὒς
376 4884 545 4957 πάλαι
571 4883 865 4955 ὀφθαλμοῖς
893 4884 1261 4955 ὑπερηφάνοις
1293 4887 1433 4941 κατά
1463 4887 1555 4940 τοῦ
1586 4887 1834 4959 Σωτῆρος
1870 4920 1912 4976 D
1938 4883 1957 4929 ι

1812 4905 1834 4951 ς
1870 4920 1912 4976 D
1938 4883 2074 4944 tum,
2105 4878 2360 4936 doctores
2392 4893 2455 4934 ac
2492 4880 2841 4951 magistratus
2885 4884 3070 4954 p0puli
3123 4899 3191 4940 ex
3222 4883 3511 4939 circumci-

257 4975 415 5046 ἡμῶν
433 4976 803 5046 κεχρημένους
832 4976 1192 5029 ἐταπείνωσεν
1211 4979 1239 5031 ὁ
1257 4978 1409 5044 Θεὸς,
1422 4981 1479 5032 ἐν
1502 4979 1633 5031 πᾶσι
1656 4978 1835 5044 σώσας

258 5065 347 5120 τὸν
400 5066 563 5121 αὑτοῦ
611 5067 860 5120 ταπεινὸν
896 5068 987 5121 καὶ
1038 5067 1242 5141 πένητα
1275 5073 1365 5124 καὶ
1395 5074 1585 5143 πρᾶον,
1618 5072 1708 5124 τὸν
1738 5072 1831 5126 τοῦ

261 5157 514 5231 Σωτῆρος
536 5157 691 5228 ἡμῶν
720 5160 1031 5212 ἀποστόλων
1061 5177 1119 5212 τε
1148 5160 1242 5214 καὶ
1270 5164 1525 5234 μαθητῶν
1558 5164 1704 5216 λαόν.

340 5411 473 5465 Ὅτι
529 5416 611 5467 σὺ
663 5418 896 5485 φωτιεῖς
950 5419 1056 5472 τὸν
1107 5422 1338 5492 λύχνον
1368 5442 1509 5491 μου,
1555 5428 1747 5494 Κύριε,
1800 5432 1833 5482 ό

1941 4968 2136 5024 sione?
2179 4968 2328 5050 Quos
2369 4971 2497 5025 olim
2538 4973 2792 5049 superbis
2842 4973 3017 5030 oculis
3062 4975 3119 5030 in
3175 4971 3509 5029 Salvatorem

1940 5067 2190 5115 nostrum
2216 5048 2580 5133 insurgentes
2621 5048 2929 5122 humiliavit
2975 5065 3137 5131 Deus,
3161 5080 3225 5119 ac
3251 5065 3511 5122 humilem

1939 5149 2112 5214 illum,
2148 5166 2458 5222 pauperem-
2480 5165 2535 5211 et
2564 5164 2910 5211 mansuetum
2946 5155 3155 5211 salvum
3177 5154 3326 5221 fecit,
3360 5156 3511 5212 vide-

1934 5240 2063 5296 licet
2096 5241 2250 5313 illum
2284 5243 2584 5304 Salvatoris
2619 5246 2810 5311 nostri,
2844 5246 3216 5317 apostolorum
3247 5263 3312 5305 ac
3344 5249 3509 5304 disci-

1934 5333 2185 5403 pulorum
2212 5337 2492 5406 populum.

2006 5421 2166 5477 Vens.
2203 5424 2294 5488 29,
2338 5427 2425 5483 50.
2465 5427 2727 5514 Quoniam
2782 5438 2840 5484 tu
2881 5428 3208 5484 illuminabis
3239 5426 3507 5482 lucernam

263 5504 409 5569 Θεός
428 5520 569 5573 μου,
588 5508 821 5576 φωτιεῖς
851 5508 916 5562 τὸ
950 5513 1167 5579 σκότος
1190 5531 1328 5583 μου.
1357 5516 1479 5569 Ὅτι
1506 5520 1575 5571 ἐν
1602 5520 1699 5572 σοὶ
1721 5521 1833 5593 ρυ-
1932 5532 1962 5569 n

1808 5550 1833 5562 -
1932 5531 2122 5580 meam,
2184 5513 2407 5573 Domine
2453 5519 2592 5573 Deus
2644 5509 2821 5589 meus,
2885 5518 3213 5576 illuminabis
3269 5519 3507 5575 tenebras

260 5592 566 5665 σθήσομαι
617 5596 735 5649 ἀπὸ
784 5598 888 5651 τοῦ
934 5606 1329 5671 πειρατηρίου,
1365 5607 1461 5660 καὶ
1490 5609 1559 5659 ἐν
1602 5599 1679 5674 τῷ
1712 5610 1833 5677 Θεῷ
1934 5627 1959 5662 n

1802 5610 1833 5677 ᾖ
1934 5624 2095 5662 meas.
2140 5608 2405 5674 Quoniam
2442 5613 2496 5667 in
2530 5622 2575 5667 te
2602 5615 2803 5685 eripiar
2824 5632 2857 5669 a
2888 5613 3193 5677 tentatione,
3222 5620 3271 5668 et
3300 5612 3356 5666 in
3389 5610 3501 5666 Deo

262 5704 375 5752 μου
404 5687 812 5771 ὑπερϐήσομαι
839 5689 1050 5758 τεῖχος.
1093 5695 1277 5762 Ζητῶν
1312 5695 1367 5749 δὲ
1397 5696 1487 5751 τὸν
1514 5699 1703 5769 λύχνον
1734 5701 1826 5755 τοῦ

264 5775 427 5835 οιαυῖδ
457 5770 613 5849 εὖρον
643 5779 701 5831 ἐν
738 5777 858 5849 ρλα¹
886 5777 1082 5850 ψαλμῷ
1107 5784 1400 5868 φερόμενον
1440 5786 1519 5850 τὸ,
1548 5788 1703 5841 Ἐκεῖ
1741 5790 1830 5855 ἐξ.

1935 5719 2045 5756 meo
2068 5703 2429 5774 transgredior
2456 5721 2683 5761 murum.
2718 5706 2854 5763 Cum
2887 5714 3068 5762 autem
3109 5705 3253 5761 illam
3274 5700 3505 5758 .Davidis

1934 5794 2210 5848 lucernam
2252 5796 2642 5865 perquirerem,
2676 5799 2731 5853 in
2766 5814 2934 5854 cxxxt
2958 5799 3169 5870 psalmo
3191 5795 3498 5865 deprehen-

263 5869 528 5925 ανατελῶ
553 5869 727 5938 κέρας
770 5868 851 5935 τῷ
875 5871 1086 5924 Δαυΐὸ·
1128 5876 1425 5947 ἡτοίμασα
1471 5880 1704 5950 λύχνον
1750 5883 1829 5949 τῷ
1920 5885 1962 5940 11

1794 5883 1829 5949 ᾧ
1920 5885 1985 5940 di
2014 5882 2181 5939 :‘Illic
2228 5872 2513 5954 producam
2555 5896 2725 5944 cornu-
2750 5887 2921 5945 David
2959 5868 3190 5960 ,ραι-συί
3229 5887 3493 5944 lucernam

331 5983 405 6052 (Ι)
446 5981 501 6037 In
529 5981 793 6040 Hebraico
832 5983 1023 6055 legitur
1045 5996 1149 6057 ur,
1192 5992 1245 6048 id
1280 6001 1363 6051 est
1407 6009 1619 6063 panper,
1682 5981 1930 6061 abjectus.
