4302 6394
843 533 947 592 179

1472 528 1741 585 EUSEBII
1776 521 2250 585 CESARIENSIS
2287 517 2436 576 opp.
2478 514 2660 571 rans
2697 512 2781 569 Ill.
2823 538 2887 553 -ι
2930 496 3339 567 EXEGETICA.

3970 505 4070 562 180

838 647 1052 703 Christo
1090 645 1198 699 meo
1220 644 1281 705 '"_.
1315 642 1558 707 Lucerna
1610 648 1790 695 autem
1833 638 2055 693 Christo
2092 642 2301 706 parata,
2325 648 2391 687 ex
2423 636 2465 690 Δ
2493 628 2537 693 Χ

2376 648 2391 685 ι
2423 636 2465 690 Α
2493 625 2723 694 Χριστῷ
2767 643 2907 695 μου.
2942 623 3146 693 Λύχνος
3180 622 3236 675 δὲ
3290 621 3704 691 ὲτοιμαζόμενος
3737 620 3812 691 τῷ
3847 619 4075 693 Χριστῷ

844 726 1048 794 semine
1080 735 1247 791 David
1279 744 1424 797 orta,
1454 734 1584 804 quid
1620 730 1763 786 aliud
1806 730 1988 793 fuerit,
2023 741 2185 797 quam
2220 726 2400 796 proles

843 829 956 892 illa,
987 844 1106 897 quae
1135 826 1436 885 secundum
1460 838 1680 878 carnem
1708 839 1773 877 ex
1803 822 2156 877 successione
2184 816 2400 873 Davidis

842 918 1060 987 prodiit;
1079 933 1183 988 qua
1214 932 1348 972 usus
1375 914 1625 970 Christus
1654 914 1745 984 qui
1766 913 1819 966 in
1842 927 1965 967 eum
1992 910 2206 964 Davidis
2236 909 2400 963 letum

842 1008 1075 1069 advenit,
1092 1006 1275 1061 radios
1285 1004 1498 1059 virtutis
1518 1018 1647 1065 su:e,
1669 1002 2038 1069 orientemque
2065 1000 2209 1052 illam
2227 997 2399 1052 lucem

842 1096 1112 1150 universis
1141 1078 1453 1148 hominibus
1477 1091 1765 1161 splendere
1794 1088 1959 1144 fecit?
1992 1087 2172 1154 Quare
2187 1088 2241 1141 in
2264 1101 2404 1156 prae—

823 1185 1002 1241 tdictis
1036 1186 1215 1241 verbis
1253 1184 1568 1255 prophetice
1596 1181 1764 1244 David
1810 1182 1884 1234 ita
1932 1180 2173 1249 loquitur
2207 1196 2220 1231 :
2255 1178 2403 1244 Quo-

844 1278 985 1330 niam
1018 1272 1073 1330 lu
1120 1276 1446 1330 illuminabis
1490 1270 1759 1329 lucernam
1808 1287 1997 1334 meam,
2031 1269 2269 1324 Domine.
2320 1268 2401 1322 Tu

842 1367 987 1421 enim
1032 1367 1149 1438 ipse
1193 1366 1479 1430 Dominus,
1513 1365 1714 1435 inquit,
1759 1354 2021 1434 quivera
2072 1363 2165 1416 lux
2211 1378 2291 1426 es,
2323 1378 2404 1416 ar-

844 1472 978 1511 cana
1022 1459 1254 1527 quadam
1283 1457 1494 1511 ratione
1536 1456 1715 1509 unitus
1747 1455 1981 1508 lucerna:
2006 1469 2068 1507 ex
2103 1468 2188 1507 me
2217 1453 2400 1522 prodi-

846 1557 1000 1612 turae,
1037 1550 1211 1619 ipsam
1248 1547 1575 1602 illuminabis
1596 1548 1736 1612 ;imo
1762 1547 1923 1600 etiam
1954 1544 2227 1607 tenebras,
2249 1545 2402 1614 queis

844 1638 1051 1694 oﬂusus
1085 1640 1210 1693 olim
1242 1638 1339 1701 fui,
1372 1637 1667 1708 dissipabis
1707 1638 1955 1707 penitus,
1988 1644 2049 1691 ut
2084 1651 2152 1691 ne
2183 1636 2401 1707 quidem

846 1729 1107 1784 memoria
1137 1744 1321 1784 earum
1368 1737 1603 1783 mentem
1646 1728 1838 1782 subeat
1879 1743 2073 1783 meam.
2121 1727 2404 1798 Probeque

847 1819 992 1882 novi,
1019 1834 1107 1873 me
1151 1820 1202 1873 vi
1234 1829 1394 1889 atque
1442 1819 1635 1873 robore
1669 1825 1762 1872 tuo
1809 1819 2155 1882 instructum,
2187 1834 2402 1873 murum

849 1910 995 1964 illum
1039 1910 1316 1971 caelestem
1360 1919 1831 1979 transgressurum
1862 1924 1987 1963 esse
2019 1927 2031 1962 :
2070 1918 2232 1978 atque
2273 1918 2403 1963 tunc

2503 718 2565 769 ὲκ
2611 718 2920 788 σπέρματος
2952 714 3113 769 Δαυῒδ
3147 714 3230 777 τίς
3260 713 3326 766 ἂν
3350 712 3555 781 γένοιτο
3582 710 3615 782 ἢ
3648 712 3711 764 τὸ
3736 712 3986 783 γέννημα
4013 710 4077 763 τὸ

2502 805 2641 859 κατά
2675 808 2851 877 σάρκα
2878 806 3169 876 γενόμενον
3200 807 3263 857 ὲκ
3300 802 3547 872 διαδοχῆς
3578 801 3757 866 Δαυῖδ,
3793 796 3836 869 ᾧ
3873 802 4078 873 κέχρη-

2501 915 2588 949 ται
2620 898 2650 948 6
2678 898 2906 968 Χριστὸς
2934 899 2994 950 ὲν
3023 896 3172 966 αὐτῷ
3203 894 3508 964 γενόμενος,
3539 894 3634 947 καὶ
3659 893 3758 958 τὰς
3781 894 3882 963 τῆς
3917 894 4079 948 δυνάέ-

2504 1005 2647 1058 μεως
2667 988 2825 1042 αὑτοῦ
2857 988 3220 1060 μαρμαρυγὰς
3244 987 3336 1041 xui
3362 985 3457 1039 τοὺ
3488 985 3663 1055 φωτὸς
3690 984 3786 1049 τὰς
3809 984 4081 1049 ἀνατολὰς

2502 1083 2664 1133 πᾶσιν
2697 1080 2992 1151 ἐξέλαμψεν
3024 1079 3356 1150 ἀνθρώποις
3378 1079 3467 1131 Διὸ
3499 1079 3592 1132 xui
3621 1080 3679 1131 ἐν
3706 1082 3817 1141 τοῖς
3847 1094 4081 1148 προκει-

2506 1173 2685 1243 μένοις
2718 1172 3065 1245 προφητικῶς
3093 1188 3255 1243 φησιν
3284 1173 3311 1224 6
3331 1170 3520 1224 Δαυῖδ·
3555 1171 3675 1225 Ὀτι
3721 1170 3802 1224 σὺ
3838 1169 4080 1239 φωτιεῖς

2501 1266 2738 1331 λύχνον
2780 1280 2920 1331 μου,
2958 1265 3153 1331 Κύριε.
3208 1264 3279 1315 Σὺ
3330 1262 3438 1333 γὰρ
3470 1260 3650 1329 αὐτὸς,
3685 1263 3867 1332 φησὶν,
3901 1264 3931 1315 6
3962 1261 4080 1316 Κύ-

2506 1370 2637 1423 ριος,
2670 1352 2732 1405 τὸ
2764 1354 2879 1421 φῶς
2916 1353 2975 1406 τὸ
3023 1354 3270 1424 ἀληθινὸν
3312 1354 3615 1424 τυγχάνων,
3656 1354 3895 1422 ἐνωθείς
3940 1370 4079 1409 ποτε

2502 1446 2823 1515 ἀποῤῥήτως
2850 1444 2926 1514 τῷ
2956 1444 3013 1509 ἐξ
3053 1444 3185 1515 ἐμοῦ
3217 1445 3564 1517 γενησομένῳ
3620 1444 3814 1518 λύχνῳ,
3851 1450 4080 1517 φωτιεῖς

2502 1536 2662 1590 αὑτόν
2678 1553 2691 1566 ’
2716 1535 2852 1589 ἀλλά
2878 1538 2969 1589 xui
3001 1538 3061 1589 τὸ
3084 1537 3439 1607 ὲγγενόμενόν
3461 1537 3549 1607 μοί
3579 1554 3707 1591 ποτε
3736 1538 3924 1603 σκότος
3953 1541 4080 1593 τότε

2504 1627 2773 1690 παντελῶς
2806 1627 3093 1696 περιελεζ,
3122 1629 3197 1691 ὡς
3231 1628 3363 1698 μηδὲ
3413 1630 3629 1700 μνήμην
3670 1629 3833 1683 αὐτοῦ
3867 1630 4081 1686 ἀνιέναι

2502 1718 2593 1769 ἐπὶ
2624 1718 2720 1787 τὴν
2752 1716 2888 1787 ἐμὴν
2920 1718 3175 1771 διάνοιαν.
3200 1713 3272 1770 Εὖ
3302 1717 3360 1770 δὲ
3384 1714 3517 1780 οἰδα,
3550 1720 3651 1782 ὅτι,
3676 1720 3769 1773 xu".
3800 1719 3897 1791 τῆς

2506 1808 2597 1860 σοῦ
2645 1807 2921 1878 δυνάμεως
2967 1810 3059 1861 xui
3104 1809 3283 1879 ίσχύος
3328 1809 3701 1877 καταξιωθεὶς,
3742 1812 4081 1884 ἑπιῢήσομαι

2504 1898 2597 1951 τοῦ
2650 1902 2708 1951 ἐν
2751 1899 2997 1964 οὐρανοῖς
3046 1900 3285 1969 τείχους·
3322 1903 3379 1952 ἐν
3425 1900 3656 1971 ἀσφαλεῖ
3678 1920 3736 1956 τε
3764 1905 4080 1975 γενόμενος,

850 2001 901 2052 in
930 2007 1047 2054 tuto
1076 2001 1309 2069 positus,
1342 1999 1573 2053 salutem
1607 2014 1671 2051 ex
1703 2007 1755 2052 te
1787 2012 2112 2067 consequar.
2143 1997 2268 2053 Sive
2300 1999 2403 2053 hoc
2436 1989 2474 2016 ”
2502 2003 2549 2042 τε

2383 2014 2403 2053 ε
2436 1989 2474 2016 υ
2502 1990 2621 2042 τότε
2655 1989 2754 2058 τῆς
2788 1989 2936 2060 παρὰ
2966 1992 3047 2043 σοὶ
3079 1990 3334 2062 τεύξομαι
3366 1993 3651 2064 σωτηρίας.
3690 1996 3781 2048 Ἤ·
3807 1997 4082 2069 Ὑπερὸή-

848 2097 1004 2157 pacto
1033 2107 1046 2141 :
1081 2086 1475 2158 Transgrcdiar
1510 2088 1918 2157 transiliamque
1947 2088 2129 2142 omnia
2166 2088 2404 2143 hostium

848 2179 1207 2244 munimenta,
1238 2188 1290 2235 et
1333 2196 1489 2251 sepes
1531 2189 1694 2250 atque
1735 2196 1971 2244 murum,
2007 2194 2166 2247 quem
2216 2180 2272 2233 in
2299 2180 2408 2234 cir-

849 2272 1000 2326 cuitu
1036 2286 1178 2337 meo,
1212 2284 1269 2326 ut
1304 2272 1657 2337 intercludar,
1687 2282 1895 2328 struere
1935 2280 2207 2343 satagunt.
2240 2337 2248 2340 4

916 2358 1082 2415 Vens.
1107 2362 1198 2426 5i,
1232 2362 1320 2417 32.
1353 2362 1493 2419 Deus
1522 2380 1687 2428 meus,
1714 2364 1988 2433 impolluta
2019 2365 2103 2418 via
2132 2365 2245 2433 ejus
2264 2380 2281 2417 :
2300 2364 2411 2418 elo—

852 2453 972 2507 quia
1024 2450 1234 2507 Domini
1268 2456 1383 2525 igne
1412 2456 1737 2521 examinata,
1769 2466 2029 2524 protector
2070 2465 2145 2510 est
2178 2457 2408 2510 omnium

857 2548 1171 2615 r'perantium
1202 2549 1257 2602 in
1287 2558 1369 2604 se.
1387 2549 1650 2615 Quoniam
1688 2551 1806 2618 quis
1847 2548 1984 2603 Deus
2011 2562 2199 2619 praeter
2228 2550 2410 2604 Domi-

866 2640 1021 2692 ium?
1053 2649 1148 2692 aut
1169 2640 1284 2708 quis
1314 2624 1455 2694 Deus
1489 2648 1680 2709 praeter
1708 2639 1873 2692 Deum
1908 2646 2184 2697 nostrum?
2214 2626 2410 2711 lmpol-

857 2734 1021 2781 iutam
1053 2728 1329 2798 praedicat,
1356 2730 1409 2784 id
1462 2737 1546 2797 est
1598 2730 1950 2800 iuculpatam,
1978 2732 2408 2786 administratio-

853 2834 975 2873 nem
1008 2820 1148 2887 ejus,
1177 2835 1241 2875 ac
1286 2823 1635 2891 providentia:
1680 2822 2061 2878 ceconomiam.
2099 2823 2201 2878 Sed
2246 2824 2407 2878 etiam

851 2910 1065 2980 eloquia
1091 2912 1210 2981 ejus
1236 2913 1365 2983 igne
1392 2915 1723 2979 examinata,
1758 2915 1872 2971 sive
1905 2915 2138 2971 sollicite
2187 2916 2411 2985 probata

851 3003 1247 3074 exquisitaque,
1283 3021 1461 3075 neque
1491 3007 1720 3063 ulterius
1758 3008 2088 3078 exploranda
2136 3016 2299 3074 sunt;
2326 3010 2413 3070 ni;

855 3094 1171 3164 bilquippe
1192 3095 1382 3151 aliena:
1410 3098 1651 3152 materia:
1704 3098 1837 3169 ipsis
1884 3098 2176 3155 admistum
2221 3101 2413 3171 depre-

856 3187 1092 3241 hendere
1119 3195 1202 3243 est
1244 3206 1257 3241 :
1295 3184 1476 3257 qualia
1505 3198 1633 3243 sunt
1668 3190 1883 3261 eloquia
1915 3192 2219 3261 sapientum
2246 3194 2410 3262 hujus

2506 2097 2667 2150 σομαι
2708 2083 2799 2134 xui
2828 2083 3191 2153 ὑπερπηδήσω
3232 2084 3407 2139 πάντα
3453 2086 3519 2139 τά
3547 2088 3653 2140 τῶν
3702 2089 3910 2160 ἐχθρῶν
3960 2093 4083 2162 ὀχυ-

2510 2172 2735 2244 ρώματα
2767 2176 2858 2227 καὶ
2888 2177 3013 2239 τοὺς
3048 2180 3361 2253 ⁸φραγμοὺς
3409 2179 3503 2230 xui
3532 2179 3592 2231 τὸ
3634 2184 3828 2250 τεῖχος,
3856 2183 3887 2236 ὃ
3921 2198 4082 2257 περι-

2404 2332 2413 2338 ,
2507 2262 2719 2317 ϐάλλειν
2772 2283 2861 2335 μοι
2905 2269 2983 2330 είς
3014 2266 3078 2319 τὸ
3105 2268 3421 2322 ἀποκλεῖσαι
3457 2268 3793 2324 σπεύδονται.

2592 2359 2652 2411 '0
2688 2360 2830 2424 Θεός
2858 2377 2999 2428 μου,
3019 2359 3255 2429 ἄμωμος
3292 2363 3330 2429 ὴ
3376 2361 3516 2428 ὁδὸς
3548 2354 3760 2417 αὑτοῦ·
3795 2365 3867 2418 τὰ
3892 2369 4081 2437 ,λόγια

2508 2450 2725 2526 κυρίου
2758 2452 3169 2520 πεπειρωμένα,
3199 2454 3657 2524 ὐπερασπιστής
3677 2455 3807 2509 ἐστι
3837 2458 4082 2514 πάντων

2508 2539 2626 2591 τῶν
2671 2538 3029 2600 summm”
3073 2542 3164 2593 ἐπ’
3197 2544 3403 2597 αὐτόν.
3438 2544 3565 2597 Ὅτι
3609 2546 3701 2611 τίς
3734 2545 3878 2612 Θεὸς
3909 2548 4081 2617 πλὴν

2510 2628 2614 2681 τοῦ
2666 2628 2921 2695 Κυρίου;
2960 2630 2997 2697 ἣ
3030 2631 3120 2696 τίς
3165 2633 3307 2697 Θεὸς
3341 2634 3508 2701 πλὴν
3554 2635 3659 2689 τοῦ
3685 2637 3834 2692 Θεοῦ
3869 2637 4078 2707 imitri

2515 2720 2774 2789 Ἀμωμον
2818 2714 2953 2773 εἶναι
2998 2721 3376 2788 ἀποφαίνεται,
3405 2725 3685 2779 τουτέστιν
3710 2726 4077 2797 ἀνεπίληπτον

2510 2809 2605 2882 τὴν
2642 2810 2901 2879 διοίκησιν
2960 2808 3145 2873 αὐτοῦ,
3194 2812 3285 2865 καί
3317 2813 3414 2883 τὴν
3446 2812 3545 2881 τῆς
3591 2815 3841 2886 προνοίας
3874 2819 4080 2869 οἰκονο-

2514 2902 2656 2972 μίαν.
2704 2901 2861 2955 Ἀλλά
2914 2903 3009 2953 xui
3058 2903 3125 2955 τὰ
3167 2902 3318 2971 λόγια
3350 2903 3511 2956 αὑτοῦ
3542 2906 3929 2975 πεπυρωμένα,
3962 2922 4081 2958 του-

2510 2995 2654 3045 τέστι
2690 2992 3119 3063 βεδασανισμένα
3144 2994 3239 3045 xui
3264 2993 3694 3065 δεδοκιμασμένα
3710 3014 3723 3025 ·
3742 2997 3840 3049 οὑκ
3867 2996 3982 3065 ἐστι
4014 3011 4076 3049 τε

2511 3083 2689 3146 αὐτοῖς
2740 3084 3062 3152 ἐπισκέψαι·
3124 3085 3243 3137 οὑδὲ
3294 3084 3575 3156 ἀλλοτρίας
3622 3086 3753 3155 ὕλης
3800 3087 4081 3158 παρεμδε-

2514 3173 2776 3245 ϐλημένον
2825 3193 2877 3227 τι
2930 3178 2986 3228 ὲν
3034 3176 3221 3238 *αὐτοῖς
3256 3177 3455 3246 εὑρεῖν,
3493 3179 3649 3229 ὁποῖα
3691 3170 3759 3229 τὰ
3789 3180 3937 3251 παρὰ
3965 3181 4079 3242 τοῖς

858 3279 1062 3340 saeculi,
1099 3293 1217 3346 qua:
1247 3279 1483 3346 aliquam
1534 3281 1808 3336 interdum
1854 3283 2149 3353 pmferunt
2182 3284 2414 3355 dignita-
2442 3286 2483 3344 C
2517 3282 2557 3317 ⁰⁴

2381 3310 2414 3338 ι,
2442 3286 2483 3344 C
2517 3268 2697 3334 σοφοῖς
2743 3266 2836 3318 τοῦ
2893 3266 3086 3330 αἰῶνος
3120 3266 3307 3320 τούτου
3331 3268 3612 3341 τυγχάνει·
3661 3270 3947 3340 μετέχοντα
3979 3271 4080 3340 μέν

858 3370 930 3422 tis
954 3368 1212 3438 speciem,
1247 3369 1341 3424 sed
1369 3372 1515 3424 omni
1548 3372 1827 3442 religionis
1850 3373 2111 3445 despectu
2139 3381 2194 3430 et
2234 3376 2419 3445 impie-

857 3470 967 3515 tate
1002 3461 1156 3529 plena
1187 3470 1332 3516 sunt.
1364 3461 1505 3528 Quid
1534 3472 1715 3533 autem
1743 3466 1939 3519 docent
1959 3467 2175 3536 eloquia
2196 3468 2283 3521 illa
2319 3467 2418 3523 Do-

857 3550 989 3603 mini
1017 3551 1137 3619 igne
1157 3552 1497 3606 examinata?
1528 3552 1584 3608 ld
1609 3568 1759 3618 sane,
1792 3556 1976 3625 ipsum
1998 3571 2119 3613 esse
2149 3567 2416 3626 protecto-

861 3654 972 3693 rem
1022 3641 1266 3695 omnium
1317 3644 1652 3711 sperantium
1706 3645 1761 3699 in
1817 3662 1896 3711 se,
1924 3663 1987 3702 ac
2020 3649 2250 3705 nullum
2295 3666 2417 3705 esse

860 3728 1047 3784 Deum‘
1079 3739 1272 3799 prater
1321 3731 1609 3787 Dominum
1652 3744 1921 3801 nostrum,
1955 3740 2163 3793 nullum
2224 3743 2413 3796 fortem

864 3820 967 3874 nisi
994 3813 1174 3875 'Deum
1229 3830 1476 3877 nostrum
1509 3843 1519 3877 :
1548 3832 1708 3895 atque
1742 3827 1864 3881 ideo
1888 3829 2012 3898 jure
2041 3830 2254 3885 dicatur
2284 3848 2412 3901 pro-

800 3928 803 3929 '
863 3917 1033 3962 lector
1063 3926 1185 3966 esse
1213 3913 1454 3967 omnium
1479 3916 1814 3980 sperantium
1851 3918 1904 3972 in
1939 3935 2018 3983 se,
2064 3936 2187 3975 cum
2232 3923 2415 3980 nullus

864 4000 1087 4067 reperiri
1114 4003 1283 4069 possit
1310 4005 1400 4071 qui
1432 4005 1524 4058 tali
1543 4014 1804 4078 tantoque
1824 4015 2115 4078 protectori
2147 4012 2415 4071 obsistere

860 4087 1057 4141 valeat.

932 4176 1097 4241 Vens.
1128 4180 1215 4245 33,
1250 4183 1337 4237 34.
1377 4183 1510 4250 Deus
1545 4190 1631 4256 qui
1670 4190 1939 4261 praecingit
1976 4208 2055 4246 me
2107 4196 2313 4254 virtute.
2363 4206 2413 4249 et

862 4271 1033 4349 posuit
1064 4272 1455 4327 immaculatum
1492 4277 1627 4330 viam
1656 4296 1843 4336 meam.
1875 4282 1979 4347 Qui
2008 4284 2218 4354 per[ecil
2263 4286 2413 4353 pedes

864 4377 1002 4415 meos
1035 4372 1281 4433 tanquam
1318 4383 1607 4431 cervorum,
1638 4380 1687 4422 et
1723 4382 1875 4441 super
1899 4375 2103 4429 excelsa
2152 4394 2267 4430 mea
2295 4390 2410 4432 sta-

865 4460 1011 4503 tuens
1042 4468 1141 4505 me.
1178 4452 1297 4509 Non
1337 4454 1484 4510 iners
1524 4464 1577 4510 et
1618 4459 1848 4521 otiosus,
1882 4461 2075 4531 inquit,
2111 4467 2414 4533 patrocina—

864 4548 1143 4611 tur-atque
1188 4545 1453 4615 protegit;
1487 4546 1581 4601 sed
1638 4547 1690 4601 id
1732 4553 1989 4606 'muneris
2017 4556 2145 4624 agit,
2180 4558 2307 4611 dum
2333 4560 2408 4612 illi

867 4646 1059 4686 manus
1084 4644 1376 4703 conserunt
1408 4653 1507 4706 pro
1534 4640 1705 4694 salute
1728 4656 1847 4703 sua,
1867 4652 1925 4696 ut
1959 4644 2092 4699 inito
2120 4652 2412 4706 certamine

870 4722 1120 4778 inimicos
1153 4723 1438 4780 debellent.
1475 4727 1567 4802 Sic
1595 4745 1679 4784 me
1712 4732 2006 4788 virtutibus
2040 4736 2156 4789 suis
2189 4751 2288 4791 ceu
2329 4754 2417 4792 ar-

871 4812 974 4866 mis
1016 4813 1255 4879 instruit,
1296 4829 1359 4869 ac
1401 4820 1680 4874 mortalem
1720 4819 2121 4893 humanamque
2151 4825 2418 4881 fortitudi-

848 4918 991 4957 nem
1031 4896 1203 4959 meam
1230 4908 1402 4976 gratia
1432 4922 1528 4963 sua
1557 4909 1870 4977 conﬁrmat;
1904 4920 1960 4966 ut
1981 4916 2141 4983 quasi
2160 4907 2269 4981 vir,
2288 4919 2420 4970 lum-

809 5008 812 5012 λ
868 4993 967 5047 bos
1013 4993 1218 5050 habens
1247 4992 1444 5051 virtu'te
1490 5012 1589 5053 sua
1637 5000 1963 5066 succinctos,
1996 5005 2229 5061 inimicis
2273 5007 2421 5061 obsi-

872 5093 1028 5135 stam.
1054 5076 1169 5138 Sed
1188 5087 1647 5154 quemadmodum
1686 5080 1854 5158 ‘supra
1899 5090 2102 5146 dictum
2136 5104 2243 5158 est,
2280 5094 2421 5149 Deus

865 5162 1145 5241 impolluta
1172 5174 1255 5226 via
1282 5175 1433 5244 ejus;
1456 5178 1530 5231 ita
1560 5194 1646 5233 me
1668 5178 1733 5233 ad
1756 5181 1837 5234 sui
1872 5180 2157 5251 imaginem
2182 5201 2245 5240 ac
2272 5187 2420 5259 simi-

870 5264 1149 5319 litudinem
1191 5280 1321 5321 esse
1364 5278 1674 5340 peroptans,
1711 5289 1883 5328 meam
1914 5290 2129 5344 quoque
2157 5279 2299 5331 viam
2331 5294 2422 5348 po-

870 5356 978 5409 suit
1007 5357 1427 5423 immaculatam,
1455 5369 1508 5415 et
1536 5362 1803 5428 doctrina,
1831 5366 2052 5421 monitis
2085 5383 2147 5421 ac
2176 5370 2420 5438 cujusvis

870 5448 1084 5513 generis
1112 5450 1439 5520 disciplinis,
1460 5454 1607 5506 viam
1651 5456 1763 5509 sive
1791 5456 1955 5509 vitam
2002 5457 2421 5530 institutumque

872 5549 1046 5590 aureum
1074 5542 1360 5609 perpolivit
1407 5559 1471 5597 ac
1508 5544 1751 5613 perfecit.
1797 5545 1939 5600 Loco
1974 5546 2140 5613 illius,
2171 5551 2421 5604 immacu-

872 5616 1053 5684 latum,
1083 5627 1297 5709 Aquila,
1352 5633 1664 5701 perfectam,
1702 5634 1915 5703 edidit.
1947 5635 2181 5691 Adbaec
2232 5654 2414 5709 porro,

871 5711 1080 5778 perfecit
1121 5707 1269 5784 pedes
1313 5737 1450 5775 meos
1497 5732 1743 5791 tanquam
1782 5740 2044 5777 cervorum
2081 5742 2097 5777 :
2126 5728 2191 5782 de
2222 5707 2416 5798 quibus

938 5829 984 5859 ⁷⁵
1002 5829 1140 5885 Ρμοι.
1173 5849 1355 5899 cxxxr,
1390 5839 1470 5891 ιτ.

2518 3373 2658 3417 τινος
2684 3356 2793 3409 ἔσθ’
2815 3358 2901 3409 ὅτε
2927 3358 3241 3425 φαντασίας,
3276 3358 3519 3429 πάσηςδὲ
3540 3358 3826 3430 ἀθεότητος
3846 3361 3937 3413 xui
3956 3361 4079 3413 δυσ-

2522 3447 2731 3510 σεϐείας
2761 3449 3177 3520 πεπληρωμένα.
3211 3448 3276 3502 Τί
3296 3446 3389 3503 οὖν
3412 3452 3480 3503 τά
3525 3451 3893 3521 πεπυρωμένα
3925 3451 4079 3520 λόγια

2517 3539 2609 3591 τοῦ
2640 3541 2842 3610 Κυρίου
2868 3541 3134 3606 διδάσκει;
3168 3543 3241 3606 ὼς
3271 3542 3680 3613 ὑπερασπιστὴς
3718 3545 3831 3596 ἐστι
3864 3544 4080 3597 πάντων

2518 3630 2625 3685 τῶν
2658 3631 2977 3697 ἐλπιζόντων
3010 3635 3097 3685 ἐπ’
3129 3634 3316 3686 αὐτόν’
3357 3634 3451 3687 καὶ
3490 3635 3569 3687 ὅτι
3612 3638 3711 3688 οὑκ
3748 3635 3892 3688 ἔστιν
3922 3636 4081 3699 ἀλλος

2518 3721 2647 3785 Θεὸς
2695 3723 2728 3792 ἢ
2782 3724 2939 3793 μόνος
2969 3725 2998 3776 6
3031 3723 3301 3797 ἡμέτερος
3358 3724 3580 3795 Κύριος,
3615 3726 3721 3779 οὐδ’
3750 3727 3897 3782 ἐστιν
3952 3744 4082 3799 κρω-

2517 3812 2664 3874 ταιὺς
2713 3811 2868 3875 ἀλλος
2898 3812 2931 3883 ἢ
2964 3813 2991 3862 6
3024 3811 3154 3874 Θεὸς
3189 3812 3342 3882 ἡμῶν
3362 3829 3375 3842 ⁸
3423 3814 3515 3866 xui
3546 3814 3633 3868 διὰ
3662 3816 3819 3869 τοῦτο
3856 3819 4082 3882 εἰκότως

2517 3903 2924 3972 ὑπερασπιστὴς
2944 3905 3057 3954 ἐστι
3087 3902 3300 3953 πάντων
3328 3902 3441 3956 τῶν.
3453 3904 3773 3968 ἐλπιζόντων
3794 3907 3879 3960 ἐπ’
3894 3909 4080 3974 αὑτὸν,

2520 3993 2741 4063 μηδενὸς
2792 3994 2977 4065 ἑτέρου
3032 3993 3416 4064 εὑρισκομένου
3445 3992 3536 4047 τοῦ
3562 3995 3856 4067 δυναμένου
3890 4000 4082 4070 στῆναι

2516 4086 2650 4155 πρὸς
2680 4085 2928 4138 τοσοῦτον
2953 4086 3047 4138 καὶ
3080 4086 3337 4139 τοιοῦτον.

2610 4194 2661 4245 '0
2708 4194 2849 4260 Θεὸς
2883 4208 2915 4248 0
2960 4193 3360 4262 περιζωννύων
3376 4212 3453 4265 με
3492 4194 3767 4264 δύναμιν,
3794 4196 3889 4249 καὶ
3913 4197 4081 4251 ἔθετο

2514 4284 2753 4353 ἄμωμον
2780 4284 2928 4353 ςτήν
2999 4285 3143 4339 ὀδόν
3194 4304 3344 4355 μου·
3400 4287 3879 4356 καταρτιζόμενος
3941 4287 4081 4354 τοὺς

2516 4374 2702 4439 πόδας
2742 4392 2858 4443 μου
2897 4375 3038 4428 ὡσεὶ
3081 4366 3339 4444 ἐλάφων,
3369 4376 3467 4429 καὶ
3517 4376 3614 4429 ἐπὶ
3657 4379 3730 4430 τὰ
3788 4377 3915 4445 ὕψη
3958 4393 4079 4446 μου

2516 4463 2699 4519 ἱστῶν
2726 4482 2820 4533 με.
2878 4466 2990 4517 Οὐκ
3035 4466 3344 4535 ἀπρακτῶν,
3385 4469 3538 4535 φησὶ,
3588 4469 3681 4522 xui
3712 4467 3896 4539 ἀργῶν
3944 4483 4077 4538 προ-

2517 4562 2734 4611 ΐσταται
2794 4557 2887 4610 xui
2946 4558 3336 4628 ὑπερασπίζει’
3399 4559 3532 4611 ἀλλά
3591 4559 3681 4613 καὶ
3728 4558 3905 4611 αὐτῶν
3944 4574 4083 4627 συμ-

2522 4647 2860 4717 ϐαλλομένων
2924 4649 2987 4716 τῇ
3041 4648 3215 4700 αὐτῶν
3275 4649 3514 4722 σωτηρία
3576 4646 3664 4700 διά
3724 4647 3850 4699 τοῦ.
3887 4648 4081 4715 ἀγωνί-

2523 4737 2707 4801 ζεσΟαι
2742 4739 2832 4791 xui
2879 4739 3002 4800 τοὺς
3032 4738 3255 4809 ἐχθροὺς
3298 4737 3712 4807 καταπολεμεῖν.
3756 4736 3911 4789 Οὕτω
3952 4737 4082 4805 γοῦν

2523 4828 2743 4897 καὶιὲμὲ
2786 4826 3016 4890 ὁπλίζων
3052 4832 3169 4890 ταῖς
3208 4826 3401 4880 ἑαυτοῦ
3433 4825 3709 4895 δυνάμεσι,
3748 4826 3846 4896 τὴν
3882 4826 4079 4898 θνητὴν

2525 4918 2616 4969 xui
2648 4915 2987 4987 ἀνθρωπίνην
3014 4933 3113 4987 μου
3143 4918 3293 4986 ίσχὺν
3323 4918 3390 4985 τῇ
3422 4914 3582 4967 αὑτοῦ
3613 4914 3792 4985 χάριτι
3820 4915 4078 4986 δυναμοῖ⁸

2520 5007 2585 5059 ἕν’
2635 5006 2821 5077 ὥσπερ
2877 5005 3015 5074 ἀνὴρ
3066 5006 3164 5076 τὴν
3208 5005 3376 5074 ὀσφὺν
3422 5004 3855 5079 περιεζωσμένος
3895 5005 3991 5077 τὴν
4021 5007 4080 5073 ἐξ

2520 5096 2682 5149 αὐτοῦ
2706 5111 2937 5166 χορηγου
2946 5096 3111 5167 μένην
3136 5112 3223 5165 μοι
3244 5095 3468 5165 δύναμιν
3496 5094 3604 5147 στῶ
3622 5093 3754 5163 πρὸς
3775 5094 3899 5158 τοὺς
3924 5096 4078 5150 πολε-

2525 5190 2695 5257 μίους.
2744 5188 2908 5265 Ἀλλά
2939 5190 3031 5241 καὶ
3059 5187 3244 5255 ὥσπερ
3268 5187 3479 5256 εἴρηται
3500 5200 3514 5215 ·
3558 5185 3619 5237 '0
3650 5186 3812 5253 Θεὸς,
3844 5185 4081 5257 ἄμωμος

2521 5281 2560 5347 ἡ
2594 5279 2732 5346 ὁδὸς
2775 5280 2979 5333 αὺτοῦ·
3008 5278 3180 5339 οὑτως
3208 5278 3324 5329 κατ’
3351 5276 3531 5329 εἰκόνα
3556 5277 3647 5329 xui
3676 5276 3796 5330 καθ’
3824 5278 4080 5349 ὁμοίωσιν

2523 5370 2684 5424 αὑτοῦ
2734 5372 2827 5424 καὶ
2864 5371 2963 5442 ἐμὲ
3005 5368 3318 5439 βουλόμενος
3353 5365 3508 5430 εἶναι,
3530 5369 3623 5421 xui
3659 5369 3757 5439 τὴν
3797 5370 3934 5439 ἐμὴν
3962 5366 4079 5420 ὁδὸν

2523 5461 2672 5515 ἔθετο
2721 5463 2968 5532 ἄμωμον,
2996 5458 3358 5523 διδασκαλίαις
3416 5460 3507 5512 xui
3557 5458 3955 5531 παραινέσεσιν
3985 5448 4078 5509 καὶ

2526 5550 2792 5613 παντοίοις
2828 5549 3106 5620 μαθήμασι
3128 5548 3223 5618 τὴν
3252 5548 3365 5601 ὁδόν
3398 5566 3519 5617 μου,
3543 5548 3783 5601 τουτέστι
3814 5546 3911 5615 τὴν
3934 5547 4077 5618 ζωὴν

2526 5643 2616 5694 xui
2649 5643 2735 5694 τὸν
2771 5641 2880 5711 βίον
2915 5641 3139 5710 ἄμωμον
3176 5638 3641 5710 καταρτιζόμενος.
3678 5637 3820 5690 ’Λντὶ
3859 5634 3915 5687 δὲ
3960 5635 4077 5702 τοῦ,

2523 5733 2780 5804 ἤμωμοισ,
2825 5731 3069 5796 Ἀκύλας,
3115 5732 3341 5787 τέλειον
3393 5732 3490 5801 (ι),
3541 5729 3847 5782 ἐκδέδωκεν.
3879 5726 4077 5780 Ἔτιᾶ

945 5943 1020 6014 (ί)
1050 5945 1105 6002 In
1139 5947 1402 6025 Hebraico
1435 5951 1651 6017 legitur,
1692 5961 1851 6013 D‘nn
1888 5993 1903 6020 ,
1935 5955 2076 6025 quod
2107 5962 2190 6012 est
2218 5966 2522 6023 perfectam.
