4302 6396
316 486 410 543 181

1429 484 1927 543 COMMENTARIA
1968 486 2035 541 IN
2076 486 2411 543 PSALMOS.

3419 488 3519 546 182

313 603 447 675 πρὸς
489 602 714 668 τούτοις,
759 602 855 658 καὶ
905 602 1046 669 τοὺς
1083 602 1267 669 πόδας
1296 619 1412 671 μου
1444 603 1593 656 ιὼσεὶ
1632 604 1871 672 ἐλάφων
1897 608 1942 667 Α

1973 606 2147 661 cervis
2176 607 2345 659 multa
2390 606 2445 659 in
2488 604 2687 661 divinis
2728 606 3102 661 instrumentis
3159 605 3425 663 feruntur.
3468 607 3523 664 SI

311 697 734 764 zamptla'am‘
780 697 904 763 περὶ
935 689 1008 748 ὧν
1052 695 1261 763 ἐλάφων
1289 694 1450 757 πολὺς
1480 697 1535 746 ὲν
1562 695 1672 757 τοῖς
1704 695 1867 765 ἱεροῖς

311 787 595 856 πράγμασι
642 784 977 857 [γράμμασι]
1031 787 1249 857 φέρεται
1285 786 1455 852 λόγος.
1512 783 1632 836 Ἐπὶ
1676 784 1869 854 σχολῆς

308 880 353 934 δ’
382 882 446 934 ἀν
466 898 549 943 τις
562 880 670 933 τῶν
700 880 1061 950 προτεθέντων
1086 879 1366 945 ἐξετάσας,
1412 876 1558 947 εὖροι
1591 876 1657 937 ἂν
1692 877 1870 931 αὐτῶν

312 968 400 1024 τὸν
443 970 565 1023 νοῦν
604 971 1005 1042 ἀναφερόμενον
1051 971 1141 1023 ἐπὶ
1193 970 1314 1031 τοὺς
1366 968 1551 1035 ἁγίους
1595 967 1687 1021 τοῦ
1737 968 1869 1021 Θεοῦ

310 1062 529 1133 ἄνδρας,
563 1063 688 1125 τοὺς
738 1063 1107 1135 ἀναιρετικοὺς
1150 1060 1344 1122 παντὸς
1396 1058 1726 1130 ἐρπυστικοῦ
1780 1062 1871 1113 καὶ

314 1153 517 1206 ἰοδόλου
538 1154 695 1218 ζώου.
734 1155 885 1207 Ἐπεὶ
913 1156 1004 1208 καὶ
1030 1155 1126 1223 τῆς
1149 1152 1343 1220 ἐλάφου
1382 1152 1599 1223 τοιαύτη
1632 1153 1871 1223 πέφυκεν

310 1244 343 1313 ἡ
385 1243 562 1313 φύσις,
622 1245 927 1311 ὁφιοκτόνος
970 1240 1099 1296 οὖσα
1150 1241 1244 1294 καὶ
1297 1240 1614 1311 ἀναιρετικὴ
1674 1241 1872 1305 παντὸς

311 1336 559 1405 ἑρπετοῦ.
601 1337 962 1409 Ὀρεινοὸατὲς
997 1335 1053 1387 δὲ
1098 1333 1157 1386 τὸ
1197 1332 1332 1396 ζῶον
1364 1334 1455 1385 καὶ
1488 1333 1761 1403 δρομικὸν,
1797 1333 1871 1396 ὡς

309 1424 401 1476 καὶ
431 1427 477 1476 οἱ
514 1424 657 1493 ἆγιοι
684 1423 774 1476 τοῦ
808 1423 937 1475 Θεοῦ
971 1421 1036 1474 τὰ
1066 1418 1176 1474 ἄνω
1207 1420 1548 1485 σκοποῦντες,
1583 1423 1675 1474 καὶ
1702 1422 1774 1492 μὴ
1805 1422 1871 1473 τὰ

308 1516 400 1567 ἐπὶ
431 1516 529 1585 τῆς
552 1516 671 1585 γῆς,
707 1517 797 1567 καὶ
823 1513 888 1565 τὰ
914 1512 1088 1582 ὑψηλά
1116 1512 1427 1576 διώκοντες,
1465 1512 1612 1582 πόθῳ
1636 1513 1735 1581 τῆς
1766 1512 1871 1565 τῶν

306 1604 545 1674 οὐρανῶν
602 1603 891 1673 βασιλείας.
940 1603 1049 1672 Τὴν
1084 1603 1217 1673 πρὸς
1276 1604 1400 1665 τοὺς
1452 1602 1638 1669 ἁγίους
1697 1603 1873 1654 τοίνυν

305 1696 595 1767 ὁμοιότητα
648 1694 837 1747 ἑαυτοῦ
890 1695 1041 1746 καὶὸ
1080 1694 1239 1747 Δαυῖδ
1276 1698 1341 1764 τῇ
1377 1693 1469 1746 τοῦ
1514 1693 1642 1746 Θεοῦ
1695 1694 1873 1765 χάριτι

308 1786 619 1856 ἀνατίθησι,
657 1786 830 1853 λέγων
860 1785 1002 1855 ἑξῆς·
1034 1786 1142 1839 Καὶ
1167 1787 1263 1839 ἐπὶ
1299 1788 1367 1839 τὰ
1403 1786 1524 1854 ὕψη
1544 1804 1661 1854 μου
1691 1788 1874 1839 ἱστῶν

301 1895 395 1946 με.
435 1879 495 1930 El
526 1878 633 1946 γὰρ
680 1878 771 1931 καὶ
819 1877 888 1929 τὰ
938 1876 1168 1947 μάλιστα
1195 1878 1371 1948 ἕτεροι
1403 1877 1683 1931 καθέλκειν
1726 1879 1873 1949 ἡμᾶς

305 1945 397 2021 καὶ
436 1945 818 2033 καταϐιϐάζειν
844 1945 949 2021 ὲπὶή
972 1969 1038 2020 τὰ
1071 1969 1204 2040 βάθη
1233 1945 1325 2022 καὶ
1357 1969 1455 2032 τὰς
1485 1945 1873 2039 κοιλάδαςντῆς
1906 1945 1945 2003 Β

304 2060 496 2135 κακίας
524 2060 816 2128 πειρῶνται
840 2079 850 2090 ·
882 2060 992 2112 ἀλλ’
1014 2061 1043 2112 ὁ
1071 2061 1199 2124 Θεὸς
1235 2064 1265 2131 ἡ
1276 2062 1409 2131 μῶν,
1440 2058 1527 2115 οἶά
1552 2078 1635 2124 τις
1670 2062 1874 2128 ἀγωνο-

304 2139 469 2220 θέτης
492 2151 758 2205 διδάσκων
785 2152 927 2221 ἡμᾶς
958 2151 1193 2220 ἀγαθοὺς
1223 2149 1359 2206 εἶναι
1405 2153 1643 2225 δρομεῖς,
1677 2154 1768 2206 ἐπὶ
1801 2152 1879 2208 τά

304 2244 612 2315 κατάλληλα
652 2248 782 2316 ἡμῖν
811 2245 920 2316 ὕψη
946 2248 1222 2317 παρορμᾷ·
1252 2246 1413 2299 αὑτοῦ
1441 2264 1499 2299 τε
1530 2250 1562 2317 ἡ
1590 2248 1767 2318 χάρις.
1799 2248 1873 2299 Ui)

302 2336 409 2406 γὰρ
441 2336 684 2407 ἡμετέρα
712 2336 937 2407 δύναμις
967 2337 1177 2407 ἵστησιν
1212 2338 1267 2390 ἐν
1294 2340 1404 2401 τοῖς
1426 2338 1714 2408 ἡμετέροις
1745 2338 1873 2407 ὕψει

288 2424 386 2479 σι’
453 2426 610 2495 φύσει
659 2426 767 2499 γὰρ
823 2428 1108 2499 ἀνθρώπου
1143 2428 1285 2499 ψυχῇ
1328 2430 1387 2480 τὸ
1432 2430 1679 2501 οὐράνιόν
1728 2431 1873 2482 ἐστιν

301 2518 649 2588 οἰκητήριον·
685 2519 777 2571 καὶ
804 2518 874 2571 τὰ
902 2521 1015 2570 ἐκεῖ
1041 2518 1147 2589 ῦψη
1186 2520 1286 2570 οὐκ
1332 2519 1606 2590 ἀλλότρια,
1638 2519 1753 2572 ἀλλ’
1794 2520 1871 2571 οἱα

303 2612 453 2662 κεῖα-
490 2610 589 2674 διὸ,
634 2609 757 2661 Ἐπὶ
787 2610 858 2662 τὰ
892 2609 1017 2677 ὕψη
1046 2626 1184 2677 μου,
1219 2611 1399 2681 φησὶν,
1424 2610 1605 2663 ἱστῶν
1633 2628 1727 2679 με.

339 2699 680 2774 ,Διδάσκων
727 2698 927 2766 χεῖράς
973 2718 1093 2767 μου
1139 2702 1224 2765 εὶς
1268 2703 1550 2770 πόλεμον,
1595 2701 1692 2752 καὶ
1730 2700 1871 2753 ἔθου

302 2793 482 2861 τόξον
506 2790 774 2858 χαλκοῦν
798 2789 939 2853 τοὺς
960 2790 1293 2859 βραχίονας,-
1318 2809 1436 2860 μου
1458 2830 1483 2861 ..
1502 2790 1609 2843 Καὶ
1645 2788 1872 2854 ἔδωκάς

298 2902 395 2954 μοι
414 2880 877 2951 ὑπερασπισμὸν
895 2882 1206 2948 σωτηρίας,
1232 2882 1327 2935 καὶ
1350 2882 1387 2949 ὴ
1417 2880 1583 2945 δεξιά
1603 2896 1717 2935 σου
1736 2880 1799 2933 ἀν
1814 2899 1874 2934 τ-

302 2976 544 3030 ελάϐετό
586 2993 722 3044 μου.
782 2973 923 3044 Πρὸς
975 2971 1179 3035 τούτοις
1224 2972 1425 3026 ἅπασιν
1462 2974 1872 3045 ύπερασπισμδν

306 3070 576 3141 σωτηρίας
615 3086 700 3140 μοι
734 3068 986 3129 δέδωκας,
1015 3064 1103 3117 τὸν
1132 3064 1223 3119 σὺν
1263 3065 1388 3117 Υἱὺν
1416 3065 1777 3136 καταπέμψας
1807 3068 1869 3137 τῇ

307 3162 411 3233 ἰδίᾳ
451 3159 637 3214 ἀσπίδι
690 3158 827 3228 ὑπὲρ
867 3156 997 3226 ἐμοῦ
1032 3156 1426 3226 μαχησόμενον.
1474 3156 1737 3229 Ἀκριὸῶς
1765 3154 1872 3229 γὰρ

1972 699 2096 769 quis
2126 715 2255 756 vero
2287 716 2383 769 per
2406 702 2576 755 otium
2604 704 2937 772 propositum
2967 713 3339 772 argumentum
3363 722 3522 761 excu-

1970 792 2088 853 tiat,
2112 792 2176 846 ad
2200 801 2417 850 sanctos
2446 793 2538 848 Dei
2568 795 2714 849 viros
2755 810 3054 850 sermonem
3102 804 3345 865 spectare
3372 813 3525 852 eom-

1972 884 2163 953 periet,
2196 887 2289 955 qui
2323 895 2603 957 serpentes
2634 903 2823 943 omnes
2861 896 3224 958 venenataque
3274 890 3525 944 animalia

1971 975 2038 1029 d'e
2069 975 2248 1045 medio
2278 978 2492 1032 tollunt.
2517 978 2648 1032 Nam
2701 980 2827 1034 talis
2869 988 2952 1034 est
2986 994 3268 1034 cervorum
3310 987 3526 1043 natura,

1972 1077 2031 1121 ut
2062 1078 2343 1139 serpentes
2386 1087 2653 1141 omneque
2690 1080 3077 1127 venenatorum
3117 1086 3285 1141 genus
3321 1073 3527 1127 interﬁ-

1971 1163 2136 1217 ciant.
2182 1164 2497 1218 Montanum
2530 1165 2657 1219 item
2702 1164 2902 1217 animal
2934 1172 3017 1218 est
3043 1179 3105 1217 ae
3134 1179 3298 1218 cursu
3327 1166 3479 1219 velox
3508 1181 3524 1216 :

1970 1256 2157 1325 quales
2187 1264 2315 1311 sunt
2349 1272 2563 1326 quoque
2609 1257 2781 1311 sancti
2825 1255 2941 1323 Dei,
2968 1255 3059 1325 qui
3099 1269 3332 1323 superna
3406 1272 3526 1328 spe-

1975 1360 2146 1414 ctant,
2166 1364 2273 1402 non
2304 1356 2539 1412 terrena,
2570 1349 2823 1404 sublimia
2847 1364 2974 1403 vero
3019 1349 3339 1418 qumritant;
3371 1348 3532 1417 idque

1970 1456 2034 1493 ex
2070 1454 2179 1492 uno
2211 1440 2364 1509 regni
2399 1439 2641 1494 caelestis
2672 1454 2876 1494 amore.
2910 1436 3039 1492 Ea'm
3089 1438 3171 1493 sui
3206 1439 3376 1508 ipsius
3408 1455 3532 1493 cum

1971 1530 2176 1583 sanctis
2212 1528 2626 1583 similitudinem
2651 1527 2755 1580 sibi
2791 1525 2981 1589 David,
3006 1527 3177 1594 gratia
3215 1526 3309 1579 Dei
3337 1526 3533 1591 fultus,

1971 1618 2218 1681 ascribit,
2254 1618 2383 1672 dum
2408 1616 2521 1672 haec
2546 1615 2846 1683 subiungit,
2876 1622 2925 1667 et
2971 1629 3126 1680 super
3164 1613 3370 1666 excelsa
3419 1630 3534 1668 mea

1972 1718 2205 1764 statuens
2240 1725 2339 1762 me.
2368 1707 2485 1762 Etsi
2528 1722 2765 1776 namque
2796 1704 2889 1758 alii
2920 1704 3050 1767 sint,
3103 1704 3193 1772 qui
3224 1718 3323 1758 nos
3354 1704 3409 1757 in
3439 1720 3535 1759 ne-
3608 1696 3613 1701 ’

1973 1801 2157 1873 quitiie
2201 1800 2370 1855 valles
2403 1797 2692 1852 detrahere
2740 1812 2803 1851 ac
2844 1795 3112 1849 abducere
3156 1801 3438 1863 satagant;
3479 1801 3535 1847 at

1975 1893 2119 1947 Deus
2160 1895 2365 1953 noster,
2403 1905 2500 1943 ceu
2541 1888 2760 1957 quidam
2818 1888 3176 1940 certaminum
3224 1882 3531 1954 prtefectus,

1975 2000 2098 2038 cum
2126 1998 2228 2038 nos
2267 1980 2507 2036 instituit
2542 1988 2600 2032 ut
2629 1978 2758 2032 boni
2790 1990 3044 2030 cursores
3085 1976 3277 2038 simus,
3301 1975 3366 2029 ad
3398 1989 3533 2028 con-

1973 2072 2220 2144 gruentia
2266 2070 2430 2131 nobis.
2470 2069 2682 2123 excelsa
2726 2066 3007 2121 concitat:
3043 2065 3274 2134 idipsum
3314 2071 3537 2135 praestat

1975 2166 2095 2235 ejus
2122 2164 2319 2235 gratia.
2353 2163 2538 2232 Neque
2567 2162 2712 2215 enim
2761 2159 2960 2214 virtute
2998 2164 3186 2212 nostra
3221 2158 3277 2211 in
3305 2158 3538 2213 excelsis

1975 2259 2181 2315 nostris
2233 2254 2622 2311 constituimur
2654 2272 2666 2308 :
2698 2252 2934 2307 hominis
3001 2251 3197 2320 quippe
3242 2250 3433 2303 anima:
3470 2265 3537 2303 ex

1975 2357 2169 2404 natura
2200 2363 2298 2403 sua
2334 2347 2557 2407 cmleste
2588 2346 2927 2399 domicilium
2962 2352 3046 2398 est
3080 2362 3091 2396 :
3124 2350 3285 2412 atque
3321 2342 3535 2397 excelsa

1977 2443 2089 2505 illa,
2121 2455 2229 2494 non
2254 2439 2451 2503 aliena,
2478 2437 2571 2493 sed
2604 2438 2822 2507 propria
2856 2437 2960 2506 ipsi
3002 2444 3156 2503 sunt;
3187 2435 3535 2504 quamobrem

1974 2534 2049 2587 ait
2084 2551 2096 2584 :
2142 2530 2308 2597 Super
2338 2528 2547 2583 excelsa
2574 2545 2687 2581 mea
2719 2538 2954 2581 statuens
2990 2543 3090 2581 me.

2043 2709 2210 2763 Vens.
2237 2708 2326 2771 55,
2358 2705 2445 2759 56.
2468 2704 2571 2771 Qui
2598 2702 2742 2756 docet
2781 2717 2970 2773 manus
2999 2717 3141 2753 meas
3170 2698 3239 2751 ad
3268 2698 3531 2768 pra’lium,

1974 2811 2023 2856 et
2044 2800 2268 2871 posuisti
2298 2805 2354 2850 ut
2380 2812 2561 2850 arcum
2587 2810 2777 2848 areum
2822 2791 3038 2844 brachia
3072 2807 3208 2845 mea.
3241 2790 3309 2842 Et
3339 2789 3530 2843 dedisti

1975 2894 2101 2949 mihi
2127 2890 2491 2962 protectionem
2524 2886 2736 2947 salutis,
2758 2893 2806 2937 et
2830 2881 3044 2935 dextera
3068 2893 3158 2933 tua
3181 2882 3406 2949 suscepit
3430 2897 3530 2935 me.

1974 2986 2055 3040 Ad
2078 2983 2192 3039 haec
2226 2988 2389 3037 certe
2436 2978 2616 3032 omnia
2654 2975 3045 3046 protectionem
3082 2972 3274 3028 salutis
3306 2971 3535 3041 largitus

1974 3078 2107 3134 mihi
2136 3092 2217 3139 es,
2240 3089 2363 3129 cum
2381 3070 2575 3125 Filium
2601 3077 2752 3122 tuum
2786 3065 2979 3121 misisti
3014 3064 3235 3133 proprio
3262 3078 3385 3117 cum
3408 3077 3535 3139 sen-

1978 3179 2033 3225 to
2056 3185 2154 3240 pro
2184 3167 2358 3235 salute
2399 3179 2517 3220 mea
2568 3168 2953 3233 pugnaturum.
3012 3158 3279 3213 Accurate
3332 3155 3528 3211 etenim

305 3255 616 3324 ἐπιστήσεις
640 3251 691 3303 τί
722 3249 847 3303 ποτέ
866 3251 979 3328 ἐστι
998 3249 1057 3299 τὸ
1084 3248 1169 3300 διὰ
1198 3248 1628 3340 πάσηςΜΓραφῆς
1661 3266 1870 3319 προφη-
1897 3277 1945 3340 C

1978 3265 2161 3319 animo
2220 3257 2523 3332 perpendas
2558 3255 2739 3317 velim,
2791 3251 3057 3323 quodnam
3114 3249 3244 3303 illud
3302 3248 3539 3304 salutare

304 3345 590 3414 τευόμενον
623 3342 883 3411 σωτήριον
904 3338 996 3391 τοῦ
1025 3337 1158 3391 Θεοῦ
1192 3338 1317 3408 περὶ
1347 3332 1407 3392 οὗ
1439 3340 1531 3391 καὶ
1566 3338 1786 3408 Συμεὼν
1812 3341 1869 3392 ἐν

302 3438 379 3508 τῷ
414 3432 729 3503 Εὐαγγελίῳ
767 3432 974 3499 ελεγενο
1026 3430 1146 3484 Νῦν
1193 3431 1475 3495 ἀπολύεις
1506 3430 1609 3493 τὸν
1651 3431 1872 3485 δοῦλόν

306 3544 443 3590 σου,
476 3526 767 3587 Δέσποτα,
801 3521 948 3577 κατὰ
983 3521 1049 3573 τό
1072 3519 1235 3589 ῥῆμά
1267 3538 1381 3574 σου
1412 3522 1482 3573 ἐν
1508 3520 1747 3590 εἰρήνῃ·
1782 3522 1871 3576 ὅτι

302 3613 466 3668 εἶδον
489 3616 542 3666 οἱ
566 3610 857 3681 ὀφθαλμοί
881 3628 998 3679 μου
1030 3608 1093 3661 τὸ
1125 3608 1418 3675 σωτήριόν
1449 3625 1671 3663 σου.--
1690 3610 1797 3663 Kal
1837 3611 1870 3676 ἡ

303 3705 469 3769 δεξιά
515 3719 631 3757 σου
676 3700 1031 3756 ἀντελάϐετό
1063 3716 1201 3769 μου.
1247 3700 1397 3769 Τάχα
1439 3700 1585 3763 δεξιά
1610 3700 1703 3752 τοῦ
1737 3700 1870 3753 Θεοῦ

304 3788 440 3845 εἶναι
490 3790 708 3845 δύναται
738 3793 795 3844 ἐν
922 3790 1218 3861 ὲστερέωσε
1254 3790 1341 3842 τὸν
1370 3790 1613 3860 οὐρανὸν,
1654 3807 1871 3860 μονογε-

303 3887 399 3959 νὴς
427 3886 617 3954 Λόγος.

370 3980 482 4033 Kal
499 3981 535 4048 ἡ
558 3978 793 4032 παιδεία
810 3990 926 4031 σου
954 3974 1269 4043 ἀνώρθωσέ
1290 3991 1364 4044 με
1385 3977 1468 4041 εἰς
1498 3975 1690 4039 τέλος,
1716 3977 1810 4029 καὶ
1834 3979 1870 4045 ἡ

302 4071 538 4125 παιδεία
620 4086 735 4124 σου
808 4068 958 4135 αὐτή
1022 4085 1097 4137 με
1155 4067 1398 4132 διδάξει.
1472 4068 1762 4139 Σύμμαχος
1817 4070 1872 4122 δὲ

303 4163 561 4228 ἐξέδωκεο
600 4161 707 4217 Kal
752 4159 819 4215 τὸ
854 4160 1177 4216 ὑπακούειν
1208 4177 1286 4227 με
1317 4158 1569 4224 αὐξήσει
1595 4177 1689 4229 με.
1730 4161 1785 4213 ’0
1817 4162 1872 4214 δὲ

316 4258 583 4321 Ἀκύλαςτ
616 4256 724 4310 Kal
776 4254 1107 4323 πραότητός
1157 4268 1273 4307 σου
1328 4252 1635 4322 ἐπλήθυνέ
1666 4272 1741 4322 με
1775 4254 1870 4322 (l).

316 4348 690 4414 Ἐπλιίτυνας
736 4349 808 4402 τὰ
860 4346 1187 4415 διαϐἠματά
1243 4364 1363 4416 μου
1417 4345 1694 4401 ὑποκάτω
1731 4365 1869 4415 μου.
1916 4392 1921 4399 .

303 4442 381 4495 “ra
401 4441 732 4513 διαδήματα,
767 4440 886 4494 καθ’
920 4440 955 4494 ἂ
987 4442 1050 4492 ἐκ
1078 4439 1273 4501 κακίας
1308 4440 1387 4500 εἰς
1431 4439 1649 4510 ἀρετὴν,
1690 4438 1874 4502 καὶνὲξ

301 4536 573 4607 αἰσθητῶν
621 4537 711 4589 ἐπὶ
758 4535 943 4605 νοητὰ,
976 4535 1070 4587 καὶ
1116 4534 1222 4587 ἀπὸ
1249 4532 1340 4586 τοῦ
1374 4535 1638 4606 παρόντος
1676 4538 1754 4598 εἰς
1782 4535 1873 4587 τὸν

1972 3354 2068 3409 Dei
2104 3351 2195 3414 sit,
2222 3351 2276 3403 in
2307 3348 2475 3403 totius
2516 3343 2811 3413 Scriptura:
2850 3339 3118 3395 vaticiniis
3168 3336 3535 3407 praedicatum.

1972 3447 2039 3501 de
2072 3460 2178 3515 quo
2203 3442 2421 3494 Simeun
2443 3440 2496 3491 in
2532 3434 2824 3503 Evangelio
2848 3431 2921 3483 ait
2948 3448 2961 3484 :
2990 3428 3144 3481 Nunc
3173 3426 3403 3479 dimittis
3429 3440 3537 3477 ser»

1972 3554 2090 3591 vum
2118 3546 2283 3596 tuum,
2317 3531 2556 3593 Domine,
2582 3525 2864 3582 secundum
2894 3520 3098 3578 verbum
3125 3528 3267 3571 tuum
3295 3518 3350 3569 in
3378 3531 3537 3584 pace:

1971 3627 2093 3697 quia
2119 3624 2353 3678 viderunt
2379 3619 2517 3673 oculi
2553 3618 2654 3671 mei
2683 3614 2916 3669 salutare
2941 3620 3085 3663 tuum
3112 3610 3183 3660 ⁷⁵.
3208 3637 3277 3647 —-
3307 3605 3375 3659 Et
3410 3605 3538 3659 dex-

1973 3732 2083 3772 rera
2108 3726 2199 3770 tua
2230 3713 2456 3783 suscepit
2488 3726 2587 3763 me.
2624 3707 2851 3763 Dextera
2890 3700 2983 3755 Dei
3004 3718 3066 3755 ea
3095 3699 3328 3754 fortasse
3352 3698 3536 3762 fuerit,

1971 3825 2079 3881 qua
2131 3807 2361 3863 ﬁrmavit
2392 3804 2615 3865 coelum,
2642 3799 2849 3854 scilicet
2900 3794 3240 3864 unigenitum
3272 3790 3533 3846 Verbum.

2042 3979 2207 4034 Vens.
2241 3978 2331 4031 37.
2373 3975 2441 4029 Et
2471 3973 2749 4043 disciplina
2793 3980 2883 4022 tua
2908 3969 3134 4022 correxit
3162 3985 3241 4021 me
3272 3969 3327 4020 in
3362 3968 3541 4036 ﬁnem,

1972 4081 2019 4125 et
2046 4070 2330 4139 disciplina
2364 4078 2456 4119 tua
2483 4066 2596 4131 ipsa
2622 4079 2700 4116 me
2724 4058 2941 4113 docebit.
2969 4055 3328 4127 Symmachus
3349 4055 3540 4119 edidit,

1972 4176 2019 4219 et
2050 4163 2205 4233 quod'
2232 4159 2481 4216 exaudiat
2525 4174 2605 4211 me
2638 4146 2932 4209 accrescere
2985 4167 3064 4204 me
3122 4148 3318 4218 faciet;
3349 4148 3540 4215 Aquila

1974 4272 2124 4319 vero,
2156 4263 2205 4310 et
2245 4250 2644 4307 mansuetudine
2672 4259 2762 4301 tua
2796 4244 3010 4313 replevit
3052 4258 3151 4294 me.
3186 4270 3253 4279 ——
3286 4237 3542 4291 Dilatasti

1972 4364 2181 4420 gressus
2229 4363 2369 4400 meos
2399 4343 2581 4398 subtus
2610 4356 2707 4393 me.
2753 4336 2985 4391 Gressus
3014 4333 3244 4395 scilicet,
3286 4329 3442 4400 queis
3471 4344 3541 4383 ex

1974 4438 2215 4509 nequitia
2240 4437 2304 4491 ad
2338 4436 2614 4494 virtutem,
2654 4446 2720 4485 ex
2750 4424 3105 4483 sensibilibus
3134 4423 3200 4477 ad
3225 4422 3543 4492 intelligibi-
3634 4426 3637 4427 ⁷

1975 4530 2069 4593 lia,
2092 4544 2121 4581 a
2146 4525 2399 4598 praesenti
2431 4523 2496 4577 ad
2527 4520 2767 4573 futurum
2800 4515 3058 4570 sarculum
3090 4512 3440 4582 transmigro,
3467 4512 3544 4567 di-

304 4604 566 4700 μέλλοντα
592 4630 762 4682 αἰῶνα
794 4604 1073 4689 διαϐαίνω,
1112 4625 1412 4689 ὲπλάτυνας
1457 4604 1714 4679 ύποκάτω
1745 4643 1844 4696 μου
1863 4644 1874 4657 ·
1910 4631 1945 4685 ι]

1982 4621 2164 4674 latasti
2194 4619 2385 4673 subtus
2416 4628 2502 4667 me
2533 4630 2547 4665 :
2578 4610 2669 4680 qui
2692 4608 2823 4663 mihi
2863 4607 2929 4661 ab
2951 4606 3108 4661 initio
3141 4604 3360 4676 angusti
3387 4612 3441 4660 et
3463 4619 3545 4658 ar-

300 4722 418 4775 xa‘c'
468 4720 643 4792 ἀρχὰς
694 4721 803 4791 γὰρ
849 4720 1009 4773 στενά
1045 4719 1138 4773 καὶ
1188 4719 1418 4772 ἐπίπονα
1467 4717 1763 4787 φαινόμενα
1795 4716 1870 4787 τῷ

298 4816 397 4886 τὴν
458 4814 821 4884 τεθλιμμένην
869 4812 1072 4866 ὁδεύειν
1101 4811 1247 4865 ὁδόν·
1289 4810 1543 4880 ὑπεράνω
1584 4809 1764 4862 αὐτῶν
1804 4814 1868 4881 τῇ

300 4909 551 4979 προκοπῇ
598 4905 978 4976 γεγενημένος,
1032 4902 1396 4956 πλατυνθέντα
1446 4900 1586 4954 αύτά
1642 4900 1868 4956 ἐθεασά-

304 5016 430 5071 μην.
477 5002 536 5052 ’0
566 5000 674 5071 γὰρ
716 4998 974 5069 ἀνωτέρω
1004 4997 1111 5050 τῶν
1162 4993 1450 5067 προκοπῶν
1489 4994 1869 5064 γεγενημένος,

300 5089 375 5159 τῷ
404 5090 497 5143 ἐπὶ
527 5091 679 5153 τέλος
703 5091 1017 5159 ἐφθακέναι,
1050 5090 1232 5143 οὐκέτι
1280 5086 1523 5141 αἵσθεται
1562 5086 1659 5156 τῆς
1695 5088 1871 5140 στενό-

299 5197 477 5250 τητος,
524 5181 632 5234 τῶν
671 5182 845 5236 πόνων
878 5184 971 5237 καὶ
999 5182 1234 5254 ἱδρώτων
1272 5179 1379 5234 τῶν
1411 5180 1502 5231 ἐπὶ
1530 5182 1646 5241 ταῖς
1673 5196 1871 5249 προκο-

302 5273 445 5335 παῖς,
466 5272 523 5323 ὲν
552 5270 860 5342 εὐρυχωρίᾳ⁴
886 5274 1269 5343 γεγενημένος.
1297 5269 1406 5324 Kal
1433 5269 1541 5322 οὐκ
1568 5269 1872 5337 ἠσθένησε

300 5365 372 5418 τὰ
401 5362 543 5444 ἴχνη
595 5380 732 5430 μου.
794 5363 857 5414 Εἰ
904 5363 1165 5434 διηνεκῶς
1214 5366 1271 5417 ἐν
1302 5362 1380 5433 τῷ
1413 5363 1591 5415 πονεῖν
1636 5362 1867 5425 ἐτέλουν,

303 5456 405 5511 κᾶν
429 5453 693 5525 ἠσθένησε
720 5452 789 5505 τὰ
820 5454 1097 5524 ἴχνηομου,
1131 5455 1376 5508 τουτέστι
1407 5452 1500 5507 τοῦ
1526 5453 1632 5505 ἔσω
1660 5454 1870 5526 ἀνθρω-

302 5565 404 5603 mu
454 5548 524 5600 τὰ
572 5544 768 5615 σκέλη·
807 5543 994 5615 ἐπειδὴ
1045 5547 1185 5615 μετά
1205 5547 1329 5609 τοὺς
1362 5547 1499 5614 ὑπὲρ
1536 5546 1737 5615 ἀρετῆς
1771 5564 1869 5599 κα-

372 5705 419 5737 ²⁵
443 5703 574 5759 an.
607 5720 667 5769 ll,
697 5700 787 5765 29,
818 5701 907 5756 ὅθ.

1977 4712 2071 4765 dui
2102 4710 2203 4765 visi
2234 4714 2381 4768 sunt,
2403 4702 2545 4774 quod
2573 4704 2626 4755 in
2670 4711 2819 4755 arcta
2865 4698 3175 4755 incederem
3201 4700 3320 4765 via;
3359 4696 3452 4751 sed
3490 4696 3542 4749 in

1977 4816 2267 4875 progressu
2296 4796 2545 4867 superior
2582 4795 2692 4849 illis
2729 4792 2978 4858 eﬁ‘eetus,
3006 4793 3263 4848 dilatatos
3295 4791 3543 4844 animad-

1978 4894 2137 4950 verti.
2174 4890 2306 4945 Nam
2330 4889 2422 4957 qui
2446 4887 2595 4941 omni
2633 4886 2879 4957 profectu
2916 4886 3167 4958 superior
3188 4884 3382 4947 evasit,
3400 4891 3460 4949 ,ει
3491 4881 3543 4935 il-

1980 5003 2103 5042 nem
2132 4982 2329 5053 attigit,
2362 4981 2416 5034 in
2454 4980 2565 5053 lato
2595 4981 2773 5051 spatio
2802 4979 3090 5044 deductus,
3126 4975 3428 5046 angustiam
3473 4974 3539 5026 il-

1980 5080 2108 5143 lam,
2149 5076 2382 5135 labores,
2415 5071 2667 5133 sudores.
2707 5088 2845 5142 quos
2878 5073 2933 5126 in
2986 5069 3231 5142 profectu
3287 5071 3542 5135 expertus

1979 5178 2115 5233 erat,
2152 5183 2259 5223 non
2290 5165 2430 5220 ultra
2458 5165 2644 5221 sentit.
2681 5164 2749 5218 Et
2777 5183 2879 5219 non
2926 5175 3048 5220 sunt
3088 5163 3355 5232 inﬁrmata
3386 5160 3542 5213 vesti.-

1978 5265 2067 5335 gia
2096 5276 2227 5315 mea.
2254 5258 2369 5314 Etsi
2403 5259 2459 5312 in
2490 5259 2750 5313 diuturno
2790 5258 2974 5312 labore
3018 5260 3283 5317 versatus,
3313 5250 3542 5321 vestigia

1980 5372 2120 5417 mea,
2145 5354 2196 5408 id
2218 5360 2319 5420 est,
2366 5368 2526 5408 crura
2564 5352 2842 5407 interioris
2873 5348 3125 5409 hominis,
3155 5344 3423 5397 inﬁrmata
3453 5358 3541 5399 es-

1981 5459 2132 5517 sent;
2160 5449 2289 5520 quia
2325 5456 2507 5503 tamen
2557 5448 2772 5502 labores
2798 5444 3011 5501 virtutis
3039 5454 3201 5495 causa
3252 5447 3542 5509 susceptos

1978 5545 2132 5616 quies
2152 5542 2373 5611 excipit,
2421 5556 2531 5595 non
2586 5539 2952 5599 inﬁrmantur,
3004 5532 3097 5588 sed
3147 5528 3542 5586 conﬁrmantur

375 5864 450 5925 (Η
490 5861 547 5915 In
580 5860 844 5915 llcbraico
887 5857 1179 5930 exeriiplari
1227 5854 1413 5928 legitur
1507 5865 1619 5914 nn
1662 5862 1870 5933 1mm,
1904 5854 2156 5924 quodest
2202 5859 2258 5907 ut
2302 5851 2466 5922 probe
2523 5848 2901 5918 Hieronymus,
2932 5841 2999 5897 Et
3046 5842 3385 5899 mansuetudo
3448 5854 3539 5899 tua

306 5934 667 6006 multiplicauit
703 5948 801 5985 me.
