4302 6412
303 523 400 580 £85

1433 512 1935 575 COMMENTARIA
1966 513 2036 571 IN
2074 511 2416 572 PSALMOS.

3447 513 3547 572 186

294 632 449 709 θρῶν
467 657 588 709 μου
633 639 907 711 ὀργίλων,
950 640 1070 695 ἀπὸ
1102 640 1220 694 τῶν
1250 638 1741 710 ἐπανισταμένων
1782 637 1875 693 ἐπ’
1903 640 1946 698 Α
1976 652 1993 690 ι

1847 637 1875 692 ι’
1903 640 1946 698 Α
1976 635 2051 690 cis
2081 634 2209 688 meis
2239 631 2533 688 iracundis.
2566 630 2643 685 Ab
2672 630 3060 703 insurgentibus
3097 632 3151 685 in
3175 647 3256 686 me
3281 632 3546 691 exultabis

292 727 397 797 ἐμὲ
422 728 690 798 ὑψώσεις
708 748 807 800 με,
834 731 930 785 καί
957 731 1075 785 ἀπὸ
1100 730 1318 799 ἀνδρὸς
1338 729 1548 784 ἀδίκου
1565 730 1755 797 ῥῦσαί
1778 746 1875 798 με.

1980 740 2095 781 me:
2125 742 2159 779 a
2184 726 2296 779 uiro
2329 726 2510 796 iniquo
2538 723 2680 792 eripe
2709 738 2808 779 me.
2858 723 3248 795 Inobseqnenti
3277 740 3343 781 ac
3377 741 3545 797 repu-

295 820 384 891 Τῷ
414 821 511 891 μὲν
538 821 647 894 γὰρ
682 822 993 876 ἀπειθοῦντι
1030 822 1143 894 λαῷ
1174 823 1266 875 καὶ
1299 820 1627 890 ἀντιλέγοντι
1661 822 1878 888 ἐπάξειν
1980 833 1994 888 ε

1845 840 1878 874 ,ν
1980 818 2168 888 gnanti
2204 816 2427 887 populo,
2455 815 2752 870 vindictam
2784 814 3121 871 inferendam
3152 831 3276 870 esse
3300 817 3544 873 dicitur:

294 913 390 978 τὰς
410 914 717 987 ἐκδικήσεις
746 919 839 971 καὶ
866 918 964 982 τὰς
993 919 1261 990 τιμωρίας
1289 906 1520 989 εἴρηται·
1547 917 1580 987 ἢ
1611 917 1751 970 κατὰ
1786 918 1877 971 τὸν
1978 924 1993 962 ἓ

1849 936 1877 971 ν
1978 916 2093 972 aut,
2127 906 2428 963 secundum
2464 903 2877 976 Symmachum,
2912 905 3075 971 Deus,
3106 908 3196 977 qui
3233 906 3432 975 prwbes
3464 911 3548 961 ul-

294 1004 609 1077 Σὺμμαχον,
652 1009 707 1060 Ὀ
752 1008 896 1076 Θεὸς
930 1012 963 1063 ὁ
1010 1007 1339 1078 παρασχὼν
1387 1009 1662 1078 τιμωρίας
1708 1010 1871 1077 ἐμοί’

291 1100 368 1169 τῷ
396 1098 442 1151 δ’
478 1100 648 1172 ἑτέρῳ
668 1101 905 1172 τάγματι
932 1120 998 1155 πε
1010 1104 1060 1173 p‘t
1087 1094 1147 1155 οὗ
1168 1116 1171 1119 ‘
1189 1101 1442 1167 ἀνωτέρω
1476 1101 1689 1172 εἴρηται
1707 1122 1720 1136 ο
1756 1094 1874 1155 Ka-

293 1191 618 1259 ταστήσεις
663 1210 741 1263 με
769 1196 856 1261 εις
897 1193 1169 1263 κεφαλὴν
1206 1192 1413 1246 ἐθνῶν.
1463 1192 1619 1259 Λαύς
1645 1193 1717 1246 ὃν
1762 1194 1873 1247 οὐκ

291 1282 485 1353 ἔγνων
511 1284 840 1355 ἐδούλευσέ
858 1304 957 1356 μοι
976 1303 989 1315 ·
1022 1287 1197 1355 τούτῳ
1229 1286 1326 1355 τὴν
1360 1286 1634 1355 ὑποταγὴν
1663 1284 1759 1355 τὴν
1780 1285 1871 1338 ὑπ’

291 1374 453 1431 αὑτὸν
487 1376 790 1448 χαρίζεται.
825 1378 916 1431 Διὸ
956 1376 1195 1443 ἐπιλέγει
1229 1376 1366 1429 κατὰ
1407 1376 1497 1429 τὸν
1543 1375 1867 1447 Σύμμαχονο

291 1466 404 1521 Kal
430 1468 801 1523 ὑποτάσσων
828 1469 1018 1535 λαοὺς
1037 1468 1130 1521 ἐπ’
1156 1456 1281 1538 ἐμέ.
1314 1463 1477 1533 Οὗτος
1517 1471 1615 1523 καὶ
1637 1472 1871 1539 ρύστης

286 1575 425 1631 μου,
454 1562 608 1631 φησὶ,
643 1562 865 1630 γέγονεν
884 1560 952 1625 ἐξ
978 1560 1205 1629 ἐχθρῶν
1223 1579 1342 1630 μου
1373 1562 1644 1631 ὀργίλων,
1668 1564 1764 1617 καὶ
1800 1563 1869 1616 ἐκ

292 1647 410 1702 τῶν
436 1648 925 1718 ἐπανισταμένων
945 1650 1037 1703 ἐπ’
1063 1650 1167 1719 ἐμὲ
1187 1649 1509 1720 ὕψωσέ-με,
1546 1655 1577 1706 ὀ
1606 1650 1658 1704 δ’
1688 1652 1871 1719 αὐτὸς

291 1743 387 1795 καί
410 1742 528 1797 ἀπὸ
554 1741 771 1810 ἄνδρές
798 1740 1008 1797 ἀδίκου
1035 1741 1331 1809 ἑρῤύσιιτό
1353 1758 1451 1810 με.
1479 1744 1553 1795 Δι’
1579 1735 1654 1795 ὧν
1684 1735 1869 1813 σαφῶς

291 1836 618 1905 παρίστησιν
659 1831 887 1905 ἐχθρούς
917 1851 1067 1897 τινας
1097 1835 1260 1889 αὑτοῦ
1310 1837 1403 1891 καὶ
1434 1835 1828 1907 ἀνθεστηκότας
1851 1852 1863 1867 ·

289 1925 380 1979 καὶ
413 1923 563 1995 παρὰ
585 1923 805 1988 τούτους
834 1924 1019 1996 ἕτερόν
1041 1944 1161 1981 τινα
1192 1926 1379 1999 ἄνδρα,
1419 1925 1614 1997 μεστὸν
1642 1926 1717 1990 ὡς
1740 1926 1869 1999 ἀλη-

1979 1000 2145 1053 tiones
2181 998 2345 1062 mihi;
2385 997 2527 1052 alius
2556 1011 2686 1052 vero
2732 1007 2819 1052 est
2868 997 3003 1053 ordo
3036 1014 3314 1069 genusque
3364 998 3544 1053 homi-

1975 1105 2129 1153 num,
2166 1090 2234 1144 de
2265 1105 2374 1158 quo
2403 1089 2656 1158 superius
2689 1088 2855 1151 (vers.
2891 1089 2984 1153 Η,
3018 1089 3109 1159 45)
3144 1090 3374 1154 dictum,
3415 1106 3544 1145 con-

1974 1174 2163 1235 stitues
2215 1196 2296 1234 me
2355 1180 2411 1233 in
2460 1188 2615 1247 caput
2656 1180 2909 1249 gentium.
2966 1178 3205 1249 Populus
3243 1196 3392 1252 quem
3437 1197 3543 1237 non

1972 1267 2188 1336 cognovi
2221 1266 2430 1322 servivit
2456 1263 2819 1347 milti;'hunc,
2870 1265 3114 1335 inquam,
3152 1267 3541 1338 obsequentem

1972 1358 2021 1412 ei
2065 1359 2375 1413 constituit.
2411 1357 2595 1424 Quare
2638 1355 2942 1411 secundum
2995 1352 3383 1428 Symmachum
3415 1359 3542 1414 sub-

1971 1446 2074 1513 dit,
2118 1458 2167 1502 et
2209 1448 2496 1518 subjiciens
2540 1447 2761 1517 populos
2793 1463 2948 1515 super
2977 1464 3075 1503 me.
3109 1448 3206 1503 ilic
3240 1451 3368 1505 item
3415 1451 3539 1515 fuit,

1971 1539 2231 1595 liberator
2253 1556 2399 1594 meus
2424 1554 2490 1593 ea:
2528 1540 2757 1605 inimicis
2801 1540 2930 1594 meis
2959 1541 3251 1603 iracundis.
3277 1552 3329 1596 et
3360 1542 3424 1595 ab
3456 1544 3541 1597 in-

1971 1628 2306 1700 surgentibus
2350 1630 2405 1682 in
2448 1644 2530 1682 me
2577 1629 2835 1682 exultavit
2865 1645 2966 1693 me,
3006 1647 3039 1684 a
3074 1631 3185 1685 riro
3223 1632 3403 1703 iniquo
3432 1635 3541 1688 eri-

1968 1721 2080 1790 puit
2130 1737 2231 1775 me.
2289 1718 2501 1787 Quibus
2550 1718 2729 1789 palam
2786 1719 3011 1784 indicat,
3046 1721 3300 1778 inimicos
3344 1725 3446 1778 sibi
3485 1733 3540 1781 et

1970 1812 2314 1869 adversarios
2342 1828 2501 1869 esse:
2554 1829 2619 1867 ac
2670 1820 2868 1883 praeter
2899 1828 2993 1869 eos
3036 1815 3200 1868 alium
3240 1817 3535 1885 quemdam

1968 1908 2145 1962 virum
2179 1908 2329 1962 omni
2370 1923 2601 1978 prorsus
2643 1908 2930 1977 iniquitate
2960 1908 3200 1978 plenum.
3240 1907 3337 1976 His
3370 1925 3536 1979 porro

293 2016 402 2078 θῶς
451 1986 632 2087 πάσης
664 1986 897 2084 ἀδικίας.
928 1986 1194 2092 ’Σημαίνει
1226 1986 1341 2074 δὲ,ιὸ
1367 1986 1525 2089 λδγος
1550 2019 1637 2073 διὰ
1667 1986 1869 2073 τούτων
1903 2013 1942 2071 Β
1972 2013 1992 2067 Ῐ

1841 2038 1869 2073 ν
1903 2013 1942 2071 Β
1972 1998 2292 2068 prOphetico
2316 2013 2469 2053 more
2512 1997 2827 2053 indicantur
2858 1998 3133 2068 principes
3174 1986 3393 2053 ‘Judaici
3440 2015 3538 2069 po-

287 2110 640 2179 προφητικῶς
665 2112 791 2174 τοὺς
817 2112 1082 2183 ἄρχοντας
1114 2112 1209 2166 τοῦ
1257 2111 1524 2165 Ἰουδαίων
1562 2111 1745 2175 ἔθνους
1772 2112 1865 2166 καὶ

284 2200 372 2253 τὸν
418 2200 683 2275 προδότην
732 2205 949 2270 Ἰούδαν,
998 2206 1196 2268 παντὸς
1241 2204 1426 2258 ἀδίκου
1460 2205 1676 2275 χείρονα
1716 2206 1866 2273 γενό-

287 2298 465 2364 μενον,
496 2296 577 2349 ὃτι
610 2296 694 2369 δὴ,
722 2299 974 2351 τοιούτων
1007 2296 1256 2365 ἀξιωθεὶς
1288 2295 1439 2368 παρὰ
1465 2297 1555 2349 τοῦ
1589 2298 1861 2370 Σωτῆρος,

283 2389 389 2451 τοῖς
422 2388 683 2452 ἐναντίοις
717 2389 877 2443 αὑτὸν
908 2390 1193 2460 ἠμείψατο.
1266 2388 1267 2391 “

351 2480 455 2534 Διὰ
480 2481 654 2535 τοῦτο
695 2478 1217 2550 ἐξομολογησομαί
1246 2496 1344 2535 σοι
1375 2481 1446 2534 ἐν
1468 2481 1670 2535 ἔθνεσι
1696 2484 1720 2547 λ,
1749 2483 1864 2536 Κύ-

275 2588 388 2639 ριε,
424 2572 524 2625 καί
569 2571 651 2638 τῷ
681 2572 926 2641 ὀνόματί
969 2587 1087 2626 σου
1130 2564 1323 2641 uana;
1368 2575 1735 2644 Μεγαλὺνων
1755 2575 1861 2641 τὰς

280 2662 578 2744 σωτηροίας
624 2660 731 2715 τοῦ
762 2659 1068 2727 ,ϐασιλέως
1097 2662 1303 2727 αὐτοῦ,
1339 2663 1436 2716 καὶ
1471 2661 1655 2716 ποιῶν
1690 2663 1862 2727 ἕλεος

279 2755 357 2820 τῷ
386 2753 612 2824 χριστῷ
647 2753 832 2807 αὐτοῦ
854 2753 1053 2831 Δαοῖδ.
1091 2754 1190 2807 καὶ
1216 2754 1296 2817 τῷ
1324 2750 1613 2822 σπέρματι
1632 2753 1856 2816 αὐτοῦ,

276 2847 385 2912 ἕως
409 2846 642 2913 αἰῶνος.
687 2846 809 2899 Ἐπὶ
841 2846 901 2900 τὸ
924 2846 1109 2918 ἕτερον
1147 2846 1478 2917 μεταϐαίνει,
1513 2844 1587 2908 ὡς
1622 2844 1686 2898 ἂν
1714 2844 1855 2898 εἴποι

276 2956 359 3003 τις
382 2940 445 2991 τὸ
471 2938 641 3006 δεξιὸν
667 2939 875 3008 τάγμα,
917 2940 1009 2993 καὶ
1038 2940 1182 2992 ἔστιν
1204 2939 1398 3011 ἔργοις
1434 2939 1615 3001 αὐτοῖς
1648 2938 1739 2990 καὶ
1761 2938 1855 3006 ὀφι-

277 3030 501 3103 θαλμοῖς
554 3031 922 3102 παραλαὸεἷνι
956 3026 1143 3103 ὥσπερ
1186 3033 1214 3085 ὁ
1258 3029 1419 3083 Δαυῖδ
1455 3029 1590 3101 μετὰ
1616 3029 1712 3100 τὴν
1760 3028 1854 3083 τοῦ

274 3123 524 3197 Σωτῆρος
543 3124 699 3197 ἡμῶν
734 3124 1055 3197 παρουσίαν,
1091 3124 1280 3195 ὥσπερ
1313 3124 1478 3177 εἰσέτι
1509 3124 1601 3176 καὶ
1631 3123 1726 3176 νῦν
1747 3121 1854 3187 ζῶν

272 3217 367 3270 καὶ
399 3218 495 3270 σὺν
548 3217 855 3290 ἀνθρώποις
890 3217 1321 3289 πολιτευόμενος,
1372 3216 1460 3271 διὰ
1508 3217 1614 3272 τῶν
1660 3217 1851 3272 ἑαυτοῦ

271 3310 498 3381 γραφῶν
531 3311 683 3380 ᾠδῶν
714 3328 774 3364 τε
804 3312 905 3364 καὶ
926 3311 1109 3383 ὓμνων
1141 3312 1199 3363 ὲν
1227 3312 1359 3363 πᾶσι
1384 3312 1494 3374 τοῖς
1524 3309 1697 3363 ἔθνεσι
1717 3310 1853 3381 ψάλ-

271 3401 351 3453 λει
384 3401 463 3472 τῷ
492 3401 612 3472 Θεῷ
634 3402 740 3455 τῶν
778 3403 945 3456 ὄλων⁶
974 3403 1067 3455 καὶ
1088 3391 1128 3455 ’ὁ
1156 3403 1219 3455 ἐκ
1250 3402 1560 3474 σπέρματος
1596 3401 1662 3454 δι’
1687 3402 1851 3456 αὑτοῦ

272 3492 529 3560 γεγονὼς,
580 3486 641 3546 οὗ
690 3496 769 3556 είς
814 3495 1102 3564 πρόσωπον
1137 3493 1465 3564 ἀναφέρεται
1517 3493 1587 3548 τὰ
1631 3496 1853 3566 προκεί-

273 3598 432 3654 μενα,
467 3584 667 3652 ὁμοίως
710 3586 971 3654 κρείττων
1003 3585 1288 3654 γενόμενος
1329 3585 1437 3637 τῶν
1476 3585 1851 3641 ἐπιϐεϐουλευ-

271 3672 445 3727 κότων
467 3673 636 3744 αὐτῷ,
663 3674 807 3729 εἴποι
832 3676 895 3729 ἄν
915 3691 928 3704 ·
955 3676 1061 3729 Καὶ
1089 3674 1206 3728 ἀπὸ
1224 3674 1343 3729 τῶν
1362 3675 1852 3750 ἐπανισταμένων

268 3763 360 3816 ἐπ’
395 3763 501 3834 ἐμὲ
526 3762 790 3833 ὐψώσεις
822 3782 918 3834 με.
937 3766 1208 3829 Ἐκείνους
1244 3767 1340 3837 μὲν
1368 3761 1460 3820 οὖν
1494 3766 1808 3822 καταλείπει
1830 3785 1845 3800 ’

274 3858 366 3928 τὴν
396 3856 453 3911 δὲ
478 3857 635 3929 χάριν
660 3858 758 3931 τὴν
788 3858 847 3924 ἐξ
866 3860 1029 3913 αὐτοῦ
1059 3860 1153 3914 xui.
1185 3860 1284 3932 τὴν
1307 3856 1561 3930 ἀλήθειαν
1587 3860 1716 3921 πᾶσι
1738 3864 1849 3923 τοῖς

270 3947 476 4002 ἔθνεσιν
512 3941 862 4021 μεταδίδωσιν
884 3968 897 3981 ο
925 3952 1089 4005 εἰσέτι
1114 3969 1173 4004 τε
1202 3952 1295 4004 καὶ
1316 3950 1410 4005 νῦν
1444 3950 1714 4021 πανταχοῦ
1745 3952 1847 4021 γῆς

269 4038 430 4102 αὐτὸς
464 4038 675 4110 παρὼν,
709 4041 801 4092 καὶ
858 4040 1019 4110 μέσος
1070 4040 1178 4092 τῶν
1212 4043 1291 4102 εἰς
1349 4039 1508 4093 αὑτὸν
1542 4038 1846 4107 ἡλπικότων

268 4127 460 4191 ἑστὼς,
492 4127 569 4198 τῷ
599 4129 772 4200 Πατρὶ
798 4129 885 4182 διὰ
918 4130 1017 4199 τῆς
1047 4130 1241 4183 ἑαυτοῦ
1288 4130 1608 4202 Ἐκκλησίας
1658 4129 1845 4200 ἐξομοι-

268 4215 534 4285 λογεῖται·
562 4219 640 4271 διό
668 4236 831 4289 φησι·
870 4218 973 4272 Διά
999 4220 1175 4274 τοῦτο
1206 4220 1719 4291 ἐξομολογήσομαί
1746 4235 1845 4274 σοι

267 4308 335 4363 ἐν
356 4310 578 4373 ἔθνεσι,
604 4311 798 4377 Κύριε,
826 4310 925 4363 καὶ
956 4309 1035 4376 τῷ
1063 4313 1307 4382 ὀνόματί
1333 4329 1449 4367 σου
1468 4311 1661 4380 ψαλῶ.

421 4419 532 4472 ΕΙΣ
563 4421 651 4473 T0
683 4421 1228 4487 ΤΕΛΟΣ,ΨΑΛΜΟΣ
1257 4424 1342 4477 ΤΩ
1368 4424 1571 4477 ΔΑΥΙΔ
1606 4425 1711 4479 IH'.

335 4532 443 4584 Καὶ
474 4533 503 4583 ὁ
531 4530 718 4603 παρὼν
747 4531 958 4602 ψαλμδς
999 4532 1107 4585 τῶν
1136 4538 1214 4597 εἰς
1246 4535 1449 4604 ἀγαθὸν
1483 4536 1632 4597 τέλος
1666 4551 1839 4605 παρα-

267 4626 588 4697 πεμπόντων
624 4610 913 4696 τυγχάνει·
947 4626 1079 4680 ἀλλὰ
1112 4630 1206 4682 καὶ
1234 4629 1685 4699 εὐχαριστήριος
1706 4629 1837 4681 ἁνα-

1967 2088 2104 2158 puli,
2138 2103 2202 2141 ac
2233 2086 2403 2143 Judas
2446 2088 2713 2159 proditor,
2752 2091 2947 2159 quovis
2973 2091 3161 2161 iniquo
3196 2091 3414 2147 homine
3448 2092 3539 2147 de-

1966 2180 2153 2241 terior,
2184 2179 2278 2250 qui
2304 2188 2383 2233 tot
2415 2182 2693 2236 beneficiis
2726 2196 2755 2235 a
2803 2182 3089 2237 Salvatore
3118 2193 3369 2251 ornatus,
3401 2199 3537 2241 cou-

1966 2270 2192 2324 trarium
2226 2270 2659 2342 sceleratamque
2675 2272 2860 2326 .vicem
2885 2274 3088 2331 retulit.

2038 2463 2201 2520 Vens.
2222 2465 2311 2529 50,
2345 2465 2431 2521 51.
2463 2465 2748 2537 Propterea
2777 2468 3064 2538 conﬁtebor
3090 2470 3183 2523 tibi
3213 2470 3266 2524 in
3299 2474 3526 2529 nationi-

1965 2555 2083 2620 bus,
2121 2556 2363 2622 Do’ntine,
2402 2568 2450 2613 et
2475 2561 2676 2613 nomini
2718 2568 2807 2613 tuo
2848 2560 3115 2629 psalmum
3164 2562 3359 2616 dicam.
3408 2563 3532 2619 Ma-

1960 2649 2222 2717 gniﬁcans
2276 2650 2476 2705 salutes
2538 2654 2673 2721 regis
2724 2651 2863 2721 ejus,
2898 2663 2948 2706 et
2979 2652 3179 2722 faciens
3232 2656 3531 2711 misericor-

1960 2738 2105 2790 diam
2156 2739 2352 2793 cltristo
2385 2757 2481 2794 suo
2526 2742 2721 2806 David,
2764 2753 2815 2797 et
2864 2745 3052 2813 semini
3100 2745 3215 2814 ejus
3262 2762 3425 2817 usque
3474 2750 3530 2805 in

1958 2823 2232 2876 siccatum.
2260 2823 2369 2877 ~Ad
2404 2826 2660 2889 alterum,
2704 2834 2777 2890 et,
2814 2840 2874 2882 ut
2919 2830 2993 2883 ita
3035 2829 3235 2894 dicam,
3270 2831 3527 2890 dextrum

1957 2914 2204 2969 ordinem
2239 2931 2558 2992 sermonem
2592 2919 2873 2985 transfert,
2928 2929 2985 2974 ιιι
3044 2920 3128 2974 vel
3190 2922 3323 2991 ipsis
3361 2926 3527 2981 rebus

1955 3013 2119 3075 atque
2172 3008 2348 3077 oculis
2398 3010 2831 3067 animadvertere
2883 3020 2986 3067 est.
3047 3011 3516 3077 Quemadmodum

1959 3095 2126 3152 David
2172 3109 2293 3169 post
2327 3098 2631 3158 Salvatoris
2681 3103 2857 3158 nostri
2898 3106 3218 3171 adventum,
3252 3106 3525 3168 hactenus

1953 3193 2111 3263 quasi
2149 3193 2205 3247 in
2250 3195 2387 3249 vivis
2425 3204 2569 3251 esset
2603 3211 2667 3251 ac
2696 3211 2820 3253 cum
2847 3197 3159 3255 hominibus
3190 3209 3521 3268 versaretur,

1954 3287 2167 3342 censeri
2196 3294 2396 3356 potest,
2417 3302 2482 3342 ac
2510 3303 2607 3358 per
2637 3276 2840 3359 scripta
2873 3306 2992 3355 sua,
3025 3293 3259 3358 cantica,
3293 3293 3522 3365 hymnos

1880 3361 1922 3420 (ἶ
1954 3378 2011 3435 in
2072 3378 2330 3455 omnibus
2376 3380 2631 3450 gentibus
2693 3381 2878 3450 psallit
2932 3361 3520 3454 universorum-Deo;

1954 3470 2029 3523 ita
2061 3469 2108 3524 is
2135 3469 2230 3540 qui
2255 3485 2322 3525 ex
2351 3471 2559 3526 semine
2587 3473 2708 3540 ejus
2737 3471 2916 3527 lactus
2955 3485 3059 3538 est,
3106 3474 3173 3527 ad
3202 3475 3363 3544 cujus
3391 3492 3519 3546 pero-

1950 3576 2142 3616 sonam
2167 3576 2229 3615 ea
2257 3576 2377 3631 quae
2399 3562 2512 3631 jam
2540 3571 2839 3618 tractamus
2863 3564 3005 3618 dicta
3024 3565 3357 3631 referuntur,
3389 3583 3515 3626 cum

1949 3654 2062 3723 pari
2098 3653 2308 3707 ratione
2335 3653 2656 3709 insidiantes
2689 3655 2793 3710 sibi
2820 3659 3316 3729 superaver\it,jnre
3344 3660 3515 3729 dicat,

1946 3754 1996 3798 et
2028 3743 2507 3822 abinsurgentibus
2538 3747 2590 3799 in
2618 3763 2698 3801 me
2730 3748 2995 3803 exultabis
3029 3767 3125 3803 me.
3166 3752 3288 3807 Illos
3332 3753 3516 3823 itaque

1947 3832 2148 3903 missos
2181 3832 2345 3901 facit;
2376 3834 2718 3907 gratiamque
2762 3852 2827 3891 ac
2873 3840 3159 3895 veritatem
3191 3858 3346 3897 suam
3384 3844 3511 3898 uni-

1945 3926 2120 3980 versis
2165 3913 2421 3995 gentibus
2450 3928 2691 3998 impertit
2719 3948 2733 3984 :
2783 3931 2944 3986 etiam
2978 3947 3123 3986 nunc
3166 3933 3365 4005 ubique
3399 3943 3511 3991 ter-

1944 4033 2127 4071 rarum
2162 4034 2404 4088 praesens
2457 4020 2594 4090 ipse,
2631 4031 2685 4077 et
2715 4023 2769 4077 in
2805 4024 2983 4078 medio
3007 4041 3196 4080 eorum
3225 4028 3316 4098 qui
3354 4028 3407 4081 in
3452 4046 3511 4086 se

1944 4125 2232 4180 speravere
2254 4114 2587 4179 consistens,
2630 4130 2727 4183 per
2756 4114 3057 4170 Ecclesium
3087 4133 3241 4171 suam
3269 4120 3504 4177 conﬁte-

1944 4209 2066 4267 tur;
2099 4204 2452 4272 quamobrem
2495 4205 2609 4259 ait:
2640 4195 2951 4276 Propterea
2983 4210 3272 4278 conﬁtebor
3304 4211 3402 4264 tibi
3451 4213 3508 4268 in

1942 4294 2264 4357 nationibus,
2298 4292 2542 4358 Domine,
2571 4303 2621 4348 et
2662 4297 2861 4350 nomini
2900 4292 2988 4350 tuo
3012 4299 3275 4365 psalmum
3309 4300 3501 4360 dicam.

2066 4401 2116 4457 1.
2144 4401 2211 4457 IN
2244 4401 2474 4478 FINEM,
2499 4402 2820 4458 PSALMUS
2873 4402 3080 4463 DAVID
3118 4402 3306 4459 XVIII.

2010 4513 2259 4571 Praesens
2290 4512 2512 4586 quoque
2550 4516 2792 4585 psalmus
2822 4530 2946 4569 cum
2981 4515 3051 4571 iis
3076 4520 3381 4576 censendus
3406 4524 3501 4593 qui

1938 4606 2003 4660 ad
2036 4607 2238 4662 bonum
2270 4608 2433 4661 linem
2465 4606 2881 4673 transmittunt;
2917 4608 3027 4663 itno
3055 4624 3271 4679 quoque
3297 4615 3502 4682 gratia-

263 4719 446 4790 γράφη
479 4719 602 4789 (δίο)
628 4718 743 4787 (ἶ)δῆ
788 4717 911 4784 τοῖς
954 4718 1095 4784 τοὺς
1128 4698 1381 4789 ἐχθροὺς
1431 4736 1834 4789 καταγωνισα-
1864 4708 1910 4762 Ῐ)
1940 4716 1962 4752 ⁷

1799 4741 1834 4774 ε,
1864 4708 1910 4762 1)
1940 4716 2059 4753 rum
2089 4701 2316 4752 actionis
2355 4698 2654 4766 inscriptus
2686 4710 2791 4764 est,
2824 4703 3087 4755 canticum
3111 4704 3174 4755 iis
3209 4706 3297 4773 qui
3322 4706 3498 4760 inimi-

257 4807 461 4877 μένοις
487 4810 776 4876 ὲπὶνίκιος
805 4808 1101 4879 εἰρημένη.
1145 4812 1234 4864 Διὸ
1260 4812 1397 4865 κατὰ
1421 4812 1514 4865 τὸν
1545 4811 1837 4883 Σύμμαχον

261 4901 472 4973 εἴρηται
496 4918 509 4931 ο
546 4902 878 4967 ’Ἐπινίκιες
905 4901 1028 4971 ᾠδὴ
1067 4901 1172 4955 τοῦ
1202 4903 1396 4957 Δαυΐδ.
1439 4903 1595 4956 Ἀλλὰ
1628 4904 1719 4957 καὶ
1746 4905 1835 4958 διὰ

261 4993 317 5045 τὸ
346 4992 665 5045 ἀνακεῖσθαι
711 4993 788 5064 τῷ
830 4993 928 5057 τὰς
968 4993 1123 5056 νίκας
1166 4992 1490 5065 δωρουμένῳ
1521 4993 1657 5065 Θεῷ,
1693 4996 1834 5050 κατὰ

259 5084 347 5136 τὸν
393 5084 644 5147 Ἀκύλαν,
686 5083 767 5150 Τῷ
796 5084 1077 5149 νικοποιῷ
1100 5082 1440 5153 μελῴδημα,
1476 5085 1740 5138 λέλεκται.

332 5260 395 5312 Ol
425 5258 666 5324 oi'parol
696 5256 1038 5327 διηγοῦνται
1071 5259 1255 5324 δόξαν
1294 5258 1460 5323 Θεοῦ,
1491 5258 1740 5325 ποίησιν
1761 5259 1829 5313 δὲ

258 5348 470 5419 χειρῶν
500 5348 685 5401 αὑτοῦ
722 5349 1078 5419 ἀναγγέλλει
1120 5350 1184 5404 τὸ
1218 5349 1535 5417 στερέωμα.
1564 5347 1826 5403 Διδασκα-

257 5440 375 5495 λίαν
407 5438 648 5509 περιέχει
681 5439 781 5508 τῆς
816 5439 910 5492 τοῦ
944 5440 1076 5493 Θεοῦ
1121 5440 1515 5512 μεγαλουργίας
1548 5455 1827 5510 παραστα-

257 5534 430 5605 τικήν.
480 5528 693 5599 Ἐπειδὴ
719 5530 825 5600 γάρ
859 5532 919 5582 τὸ
943 5532 1147 5598 ἀφανὲς
1176 5533 1270 5586 καὶ
1303 5533 1529 5603 ἀόρατον
1562 5531 1659 5601 τῆς
1684 5533 1825 5586 ἀσω-

260 5628 427 5696 μάτου
482 5622 576 5677 καὶ
606 5621 866 5696 ἀχενήτου
915 5622 1008 5674 καὶ
1040 5621 1225 5693 θεῖκῆς
1263 5624 1467 5687 οὐσίας,
1501 5623 1589 5676 διὰ
1644 5622 1700 5677 τὸ
1749 5624 1822 5695 μὴ

260 5718 457 5789 σαρκὸς
496 5714 790 5786 ὀφθαλμοῖς
828 5714 1356 5784 καταλαμϐάνεσθαι,
1404 5720 1451 5769 οἱ
1482 5717 1549 5768 τὰ
1602 5715 1822 5786 ὄμματα

258 5803 351 5879 τῆς
380 5810 558 5879 ψυχῆς
578 5806 959 5877 πεπηρωμένοι
985 5806 1083 5879 τῆς
1104 5807 1212 5859 τῶν
1235 5808 1403 5861 ὄντων
1427 5806 1708 5879 ὑπάρξεως
1739 5808 1823 5860 ἐκ·

258 5900 600 5971 εεὸλήκασιν,
637 5898 813 5960 ἀθέοις
846 5896 1103 5966 στόμασιν
1135 5899 1538 5967 ἀποφηνάμενοι
1576 5900 1648 5969 μὴ
1682 5896 1819 5951 εἶναι

258 5988 405 6054 Θεὸν,
446 5992 577 6063 μηδὲ
621 5988 882 6059 ὑπάρχειν
925 6004 974 6040 τι
1032 5990 1277 6060 κρεῖττον
1318 5988 1423 6041 τῶν
1473 5993 1528 6043 ὲν
1576 5990 1818 6062 σώμασιν

1901 5619 2177 5697 divinam.

1936 4807 2023 4844 cos
2072 4778 2421 4851 debellarunt,
2455 4788 2773 4857 triumphale
2822 4791 3043 4848 dictum.
3093 4791 3274 4859 Quare
3301 4810 3499 4852 secun-

1934 4880 2062 4934 dum
2125 4878 2511 4949 Symmachum
2576 4880 2798 4945 dicitur,
2851 4882 3186 4951 Triumpltale
3232 4886 3495 4941 canticum

1932 4972 2179 5028 Davidis.
2221 4969 2328 5025 Sed
2357 4973 2520 5025 etiam
2570 4975 2700 5043 quia
2745 4973 2858 5029 Deo
2896 4975 3250 5029 victoriarum
3281 4981 3491 5033 auctori

1930 5071 2308 5128 consecratur,
2363 5066 2662 5121 secundum
2715 5066 2992 5136 Aquilam,
3042 5065 3293 5122 Victoriae
3326 5068 3494 5140 largi-

1931 5159 2034 5210 tori
2062 5157 2375 5226 modulatio,
2411 5160 2753 5215 inscribitur.
3104 5150 3113 5154 ἤ

2001 5247 2163 5303 Vens.
2196 5250 2250 5303 ‘2.
2291 5250 2423 5305 Coeli
2501 5260 2751 5306 enarrant
2796 5253 3023 5324 gloriam
3064 5258 3182 5323 Dei,
3232 5266 3282 5313 et
3330 5276 3493 5329 opera
3584 5280 3592 5290 ·

1928 5356 2177 5393 manuum
2224 5342 2338 5410 ejus
2392 5345 2671 5397 annuntiat
2712 5346 3123 5412 ﬁrmamentum.
3172 5348 3485 5407 Doctrinam

1924 5436 2325 5504 complectitur,
2380 5452 2486 5504 qua
2552 5454 2809 5510 magnum
2869 5442 3001 5496 illud
3050 5441 3145 5496 Dei
3203 5444 3480 5513 opiﬁcium

1924 5535 2229 5584 enarratur.
2304 5528 2441 5594 Quia
2508 5531 2653 5584 enim
2726 5533 2980 5588 latentem
3052 5534 3485 5606 invisibilemque

2267 5619 2649 5688 substantiam,
2750 5623 3129 5691 incorporeum
3218 5634 3271 5679 et
3370 5640 3479 5684 non

1923 5705 2340 5781 factam,’quod
2398 5711 2710 5767 carnalibus
2763 5715 2936 5769 oculis
2991 5718 3183 5788 attingi
3257 5724 3314 5772 et
3385 5733 3480 5777 co-

1920 5803 2108 5874 gnosci
2186 5810 2445 5872 nequeat,
2513 5803 2605 5871 qui
2685 5806 2882 5859 mentis
2975 5809 3147 5864 oculis
3222 5811 3473 5867 obcaecati

1919 5901 2096 5957 erant,
2129 5910 2158 5948 e
2184 5902 2377 5947 natura
2406 5906 2589 5945 rerum
2624 5896 2982 5966 expulerunt;
3022 5901 3148 5955 dum
3187 5903 3344 5957 atheo
3376 5903 3467 5956 im-

1920 5987 2116 6058 pioque
2150 5998 2264 6051 ore,
2303 5981 2510 6037 nullum
2540 5996 2661 6037 esse
2700 5983 2891 6056 Deum,
2926 6005 3024 6047 nec
3056 5992 3330 6063 quidpiam
3355 5998 3474 6048 ςοτ.
