4302 6394
830 479 934 541 187

1489 480 1755 539 EUSEBII
1793 477 2269 537 CA‘JSARIENSIS
2310 477 2461 536 OPP.
2503 477 2682 533 PARS
2709 468 2804 530 'lll.
2844 505 2913 517 —-
2944 473 3351 530 EXEGETICA.

3956 476 4060 531 188

825 597 1007 667 porcis
1038 597 1198 652 rebus
1224 597 1326 652 sub
1363 606 1642 668 aspectum
1676 602 2003 655 cadentibus
2030 600 2379 670 prtestantius
2412 612 2451 666 Α
2481 599 2524 669 ὀε

2364 615 2379 654 ι
2412 612 2451 666 Α
2481 596 2802 669 ὁρωμένων·
2855 594 3142 663 αὐτομάτῳ
3173 592 3228 646 δὲ
3268 593 3362 646 καί
3395 592 3570 663 ἀλόγῳ
3619 595 3899 665 συντυχίᾳ,
3936 593 4063 664 εἰκῆ

822 680 1085 745 exsistere
1115 682 1538 759 pronuntiabant
1562 708 1576 756 ;
1608 689 1702 745 sed
1732 699 2033 759 spontaneo
2062 692 2293 761 quodam
2316 707 2379 745 ac

826 780 1120 834 temerario
1152 796 1425 841 concursu
1456 789 1509 835 et
1547 782 1780 850 partium
1811 796 2128 851 congressu,
2160 798 2291 839 casu
2318 798 2382 838 ac

826 871 972 925 nu‘lla
1020 874 1316 928 exsistente
1364 886 1549 935 causa,
1588 875 1903 928 universum
1940 874 2203 928 mundum
2247 888 2379 929 coa-

824 962 1011 1028 luisse,
1045 962 1416 1018 necessarium
1453 962 1557 1017 fuit
1579 972 1637 1018 ut
1666 965 1920 1034 praesenti
1945 980 2216 1030 sermone,
2241 966 2383 1033 psal-

824 1053 970 1108 lendi
1014 1068 1186 1117 more,
1224 1068 1319 1122 per
1350 1053 1644 1109 dilucidam
1690 1055 2236 1120 demonstrationem,
2272 1056 2383 1110 vim

824 1144 972 1198 illam
1019 1158 1200 1198 rerum
1229 1146 1546 1201 creatricem
1586 1162 1649 1200 ac
1684 1147 1778 1201 Dei
1816 1147 2099 1201 scientiam
2134 1162 2387 1217 compro-

825 1234 1003 1291 baret,
1040 1232 1143 1285 hoc
1168 1234 1457 1288 ratiocinio
1501 1250 1656 1289 usus.
1694 1234 2003 1311 Mortalium
2036 1245 2227 1290 natura
2265 1239 2382 1293 exi-

825 1339 931 1394 gua
960 1325 1261 1394 debilisque
1307 1334 1410 1388 est,
1451 1324 1733 1381 hominum
1764 1327 2123 1397 cogitationes
2154 1330 2377 1400 ignavae,

826 1414 1134 1485 nostraeque
1168 1416 1503 1486 cognitiones
1542 1417 1763 1471 incertae
1792 1428 1941 1473 sunt.
1984 1417 2165 1484 Quare
2193 1420 2386 1475 divinae

826 1507 1010 1577 gloriae
1050 1523 1147 1576 pro
1184 1509 1377 1562 merito
1416 1509 1732 1563 enarrandas
1773 1510 2000 1564 multum
2032 1510 2267 1580 impares
2295 1529 2419 1579 su-V

827 1612 973 1651 mus.
1005 1596 1123 1651 Non
1155 1598 1297 1652 enim
1328 1599 1580 1653 humanis
1613 1599 1861 1668 vocibus,
1892 1616 2000 1654 non
2030 1600 2213 1679 lingua
2265 1618 2387 1657 car—

829 1689 962 1751 nali,
996 1704 1104 1742 non
1134 1689 1290 1745 labiis
1323 1696 1553 1759 possunt
1587 1691 1749 1761 digna
1794 1707 1857 1747 ac
1898 1694 2064 1762 probe
2086 1695 2388 1765 excogitata

832 1779 898 1834 de
928 1780 1037 1836 Deo
1069 1782 1232 1836 verba
1260 1782 1555 1848 enuntiari.
1601 1781 1755 1847 Quod
1789 1785 1835 1837 si
1877 1785 1964 1838 cui
2007 1785 2389 1849 libuerit,,elli-

828 1886 1014 1926 cacem
1059 1872 1228 1935 illam,
1264 1872 1554 1925 maximam
1594 1881 1647 1925 et
1678 1872 1789 1926 Deo
1819 1874 2037 1943 dignam
2084 1876 2385 1932 doctrinam

2483 688 2575 741 καὶ
2604 687 2783 757 μάτην
2811 685 2868 751 ἐξ
2913 685 3165 756 οὐδεμιᾶς
3196 685 3373 747 αἰτίας
3414 684 3711 754 ὑποστῆναι
3744 685 3833 739 τὸν
3876 686 4064 740 πάντα

2482 778 2709 848 κόσμον·
2736 775 3043 844 ἀναγκαίως
3071 776 3099 827 ὁ
3121 774 3309 847 παρὼν
3332 775 3486 843 λόγος
3506 776 3593 829 διὰ
3620 776 3719 845 τῆς
3738 775 4067 847 ψαλμῳδίας

2481 866 2866 930 ἀποδεικτικῶς
2899 868 2992 920 καί⁵
3024 865 3157 937 μετὰ
3185 866 3576 937 δημιουργικῆς
3606 867 3711 919 τῶν
3740 867 3875 920 ὅλων
3909 867 4066 919 δυνά-

2488 975 2629 1029 μεως
2680 958 2775 1029 τὴν
2823 958 3095 1025 θεολογίαν
3135 957 3451 1028 παρίστησι,
3480 958 3713 1011 τοιοῦτόν
3742 975 3863 1013 τινα
3908 957 4067 1025 λογι-

2486 1051 2621 1120 σμὸν
2650 1049 2873 1116 διεξιών.
2900 1048 3117 1120 Θνητῶν
3144 1049 3240 1119 μὲν
3279 1048 3435 1116 φύσις
3469 1050 3635 1118 μικρά
3678 1048 3941 1118 τυγχάνει
3968 1047 4068 1100 καὶ

2484 1138 2713 1209 ἀσθενής
2733 1156 2747 1170 °
2784 1138 3028 1209 λογισμοί
3054 1155 3115 1190 τε
3153 1136 3450 1207 ἀνθρώπων
3478 1136 3660 1201 δειλοὶ,
3696 1139 3787 1190 καὶ
3817 1139 4066 1205 ἑπισφα-

2486 1230 2595 1293 λείς
2620 1232 2675 1283 αἰ
2712 1230 2941 1282 ἐπίνοιαι
2983 1230 3136 1299 ἡμῶν
3157 1246 3171 1259 ο
3193 1228 3272 1281 διδ
3318 1227 3561 1280 πλεῖστον
3592 1228 3712 1280 ὅσον
3757 1228 4069 1297 άποδέομεν

2487 1322 2585 1391 τῆς
2617 1323 2733 1373 κατ’
2760 1318 2913 1383 ἀξίαν
2933 1321 3024 1373 τοῦ
3044 1320 3176 1373 Θεοῦ
3202 1318 3521 1386 δοξολογίας.
3551 1318 3682 1370 Οὐδὲ
3721 1317 3827 1389 γάρ
3848 1317 4069 1388 ἀνθρώ-

2490 1431 2603 1465 πων
2638 1416 2859 1481 φωναῖς,
2885 1411 3003 1463 οὐδὲ
3035 1410 3247 1483 γλώττῃ
3280 1411 3478 1480 σαρκὸς
3516 1411 3609 1463 καὶ
3635 1409 3866 1479 χείλεσιν
3898 1410 4068 1463 δύνα-

2491 1505 2609 1557 σθαί
2639 1521 2766 1555 ποτε
2804 1500 3040 1573 νομίζειν
3073 1501 3290 1565 ἐπάξιον
3325 1503 3451 1571 περί
3492 1500 3625 1553 Θεοῦ
3670 1501 3825 1569 λόγον
3866 1502 4068 1554 ἀποδί-

2486 1596 2689 1650 δοσθαι.
2721 1596 2781 1647 Εἰ
2806 1594 2861 1647 δὲ
2891 1594 2995 1665 χρὴ
3022 1593 3361 1656 διδασκαλίας
3390 1592 3637 1663 ἐνεργοῦς
3672 1593 3764 1645 καὶ
3796 1593 4067 1662 μεγίστης

2489 1688 2635 1758 αὐτῷ
2666 1705 2726 1739 τε
2760 1686 3075 1757 πρεπούσης
3107 1684 3183 1753 τῷ
3210 1684 3326 1753 Θεῴ
3352 1684 3659 1747 ἑπακούειν,
3694 1683 3747 1736 εί
3772 1701 3852 1746 τις
3882 1682 4067 1753 Eppu-

2489 1797 2577 1832 ται
2602 1780 2697 1848 τῆς
2719 1778 2895 1847 ψυχῆς
2915 1777 2983 1828 τὰ
3023 1776 3368 1846 αἰσθητήρια,
3399 1775 3722 1828 συντεινάτω
3751 1774 3940 1827 ἑαυτὸν
3969 1774 4069 1827 καὶ

2491 1869 2804 1940 διεγειράτω
2854 1867 2987 1939 πρὸς
3022 1867 3281 1937 ἀκρόασιν
3322 1864 3555 1929 ἐπαξίως
3602 1865 4068 1935 ἀναφωνουμένην

830 1961 1040 2026 audire,
1081 1962 1170 2015 cui
1222 1962 1433 2015 scilicet
1466 1963 1665 2017 mentis
1716 1979 1911 2019 sensus
1957 1967 2230 2035 praivalidi
2274 1968 2393 2024 fue—
2422 1954 2462 2007 Β
2491 1963 2529 2015 τ²

2369 1999 2393 2011 -
2422 1954 2462 2007 Β
2491 1963 2586 2031 τῆς
2634 1959 3089 2031 ἁπειρομεγέθους
3138 1959 3413 2027 δυνάμεως
3433 1958 3525 2011 τοῦ
3579 1958 3743 2011 Θεοῦ’
3788 1959 3855 2028 ἢν
3903 1957 4068 2010 αὐτοὶ

828 2056 959 2118 rint,
1002 2054 1049 2107 is
1092 2056 1272 2107 animo
1324 2054 1589 2118 intendat,
1642 2070 1871 2125 seseque
1925 2060 2162 2114 concitet
2209 2060 2276 2115 ad
2328 2076 2392 2116 ea

830 2146 1185 2201 auscultando
1215 2162 1336 2215 qua:
1388 2147 1476 2201 hic
1526 2148 1592 2201 de
1636 2148 1899 2205 immensa
1932 2150 2023 2205 illa
2059 2152 2151 2207 Dei
2190 2153 2391 2207 virtute

832 2236 1113 2291 feruntur:
1166 2254 1391 2308 qumque
1421 2240 1523 2309 ipsi
1566 2241 1713 2306 cmli,
1768 2250 1941 2297 totum
1974 2244 2030 2297 in
2062 2259 2122 2298 se
2150 2246 2392 2315 comple-

831 2336 1062 2391 ctentes,
1089 2329 1401 2386 Creatorem
1438 2346 1596 2385 suum
1629 2333 2114 2403 universorumque
2147 2334 2390 2403 opiﬁcem

830 2420 1047 2491 hymnis
1085 2429 1138 2475 et
1184 2422 1415 2476 canticis
1476 2423 1839 2485 celebrantes,
1908 2423 2212 2492 proferunt.
2280 2424 2387 2495 Ipsi

830 2527 1066 2580 namque
1098 2512 1223 2565 caeli
1272 2515 1364 2581 qui
1420 2514 1660 2581 supremi
1717 2514 1960 2568 omnium
2007 2523 2157 2580 sunt,
2204 2525 2257 2575 et
2290 2518 2392 2572 sibi

832 2602 1114 2671 supposito
1141 2601 1481 2655 ﬁrmamento
1511 2599 1772 2667 eminent,
1810 2607 1902 2674 qui
1934 2608 2243 2662 universam
2266 2624 2390 2663 cum

832 2691 1149 2746 sensibilem
1183 2699 1298 2744 tun
1357 2692 1629 2747 intellectu
1685 2695 1964 2764 praeditam
1992 2707 2240 2754 naturam
2276 2716 2391 2754 am-

833 2782 1014 2846 biunt,
1076 2781 1301 2851 gloriam
1360 2782 1452 2838 Dei
1502 2785 1833 2841 non-Graeca
1884 2789 2089 2859 lingua,
2134 2806 2243 2847 non
2289 2793 2393 2847 alia

837 2872 1075 2929 dalecto
1100 2872 1397 2943 praedicant
1423 2894 1435 2939 ;
1491 2877 1585 2931 sed
1626 2877 1763 2947 ipsis
1795 2882 2074 2951 cperibus.
2104 2899 2201 2953 per
2233 2901 2391 2940 suum

834 2964 1084 3019 videlicet
1133 2973 1408 3030 ornatum,
1453 2982 1547 3035 per
1584 2970 1934 3034 concinnam,
2003 2973 2376 3029 harmonicaln

835 3063 889 3111 et
917 3056 1378 3126 sapientissimam
1423 3060 1892 3127 constitutionem,
1926 3074 2205 3119 auctorem
2243 3067 2391 3124 illius

836 3148 914 3199 ita
948 3152 1094 3199 recte
1137 3145 1611 3212 ordinati-motus,
1660 3150 1888 3221 ejusque
1931 3152 2251 3210 immensam
2284 3158 2395 3210 vir-

836 3238 1008 3284 tutem
1031 3230 1281 3285 edocent.
1318 3231 1401 3285 Ea:
1434 3236 1792 3304 magnitudine
1832 3241 1970 3294 enim
2014 3254 2064 3297 et
2104 3240 2395 3312 pulchritu-

2496 2053 2851 2123 προφέρονται
2889 2052 2936 2103 οἱ
2977 2049 3065 2103 τὸν
3116 2050 3399 2119 σύμπαντα
3433 2050 3770 2120 περιέχοντες
3818 2048 4065 2121 οὐρανοὶ,

2492 2143 2582 2213 τὸν
2613 2142 2814 2195 ἑαυτῶν
2843 2142 3063 2213 κτίστην
3088 2141 3180 2193 καὶ
3203 2141 3427 2209 ποιητὴν
3448 2140 3553 2193 τῶν
3580 2141 3713 2193 ὅλων
3736 2141 3865 2193 Θεὸν
3892 2141 4065 2211 ᾠδαῖς

2496 2208 2587 2286 διέί
2623 2233 2943 2301 δοξολογίαις
2975 2208 3352 2302 ἀνυμνοῦντες.
3386 2219 3677 2301 Αὐτοῗγάρ
3704 2233 3752 2284 οἰ
3798 2208 4064 2286 ἀνωτάτω

2496 2325 2729 2387 πάντων,
2780 2325 2870 2377 καί
2906 2325 2998 2377 τοῦ
3046 2322 3441 2393 ὐποδεϐηκότος
3483 2321 3853 2392 στερεώματος
3890 2324 4065 2394 ὑπερ-

2495 2417 2734 2484 κείμενοι
2782 2415 3023 2487 οὐρανοὶ,
3075 2416 3123 2467 οἰ
3175 2415 3465 2483 σύμπασαν
3504 2413 3909 2484 περιειληφότες
3962 2414 4063 2484 τὴν

2495 2505 2754 2577 αἰσθητὴν
2775 2505 2868 2557 καὶ
2892 2504 3261 2574 πνευματικὴν
3285 2503 3482 2563 κτίσιν,
3504 2503 3600 2573 τήν
3622 2500 3773 2565 δόξαν
3804 2500 3937 2553 Θεοῦ
3961 2501 4064 2553 οὐκ

2506 2595 2783 2668 Ἑλληνικῇ
2808 2599 2954 2666 φωνῇ
2982 2596 3354 2665 φθεγγόμενοι,
3374 2596 3479 2648 οὐδ’
3500 2596 3658 2666 ἑτέρα
3679 2594 3783 2647 τινὶ
3800 2594 4063 2663 διαλέκτῳ

2494 2690 2780 2761 χρώμενοι,
2792 2689 2939 2760 αὐτῷ
2956 2689 3010 2741 δὲ
3030 2688 3173 2759 ἔργῳ
3190 2688 3277 2741 διὰ
3290 2689 3382 2740 τοῦ
3412 2689 3615 2741 ἑαυτῶν
3638 2688 3839 2757 κόσμου
3857 2688 4064 2756 καὶτῆς

2494 2781 2764 2852 εὐρύθμου
2792 2780 2883 2832 καὶ
2915 2778 3231 2849 ἐναρμονίου
3256 2779 3343 2830 καί
3375 2778 3645 2846 πανσόφου
3672 2778 3927 2840 στάσεως,
3964 2773 4060 2828 τοῦ

2495 2872 2666 2925 αἰτίου
2691 2872 2870 2933 αὐτοῖς
2892 2870 2990 2939 τῆς
3017 2868 3225 2922 τοιᾶσδε
3254 2870 3515 2939 κινήσεως
3538 2868 3635 2940 τὴν
3658 2864 4063 2937 ἀπειρομεγέθη

2494 2963 2717 3034 δύναμιν
2748 2962 3165 3015 ὲκδιδάσκουσιν.
3216 2963 3314 3014 Ἐκ
3342 2961 3451 3030 γὰρ
3475 2962 3761 3030 μεγέθους
3787 2960 3881 3012 καὶ
3913 2960 4031 3010 καλ

2496 3052 2686 3121 λονῆς
2721 3051 3053 3121 κτισμάτων
3097 3052 3403 3117 ἀναλόγως
3436 3053 3466 3103 ό
3504 3048 3917 3119 γενεσιουργὸς
3951 3048 4059 3101 αὑ-

2492 3146 2612 3198 τῶν
2633 3144 2921 3212 θεωρεῖται
2936 3160 2949 3173 ο
2977 3143 3089 3205 καὶ,
3126 3143 3200 3195 Τὰ
3219 3143 3437 3209 ἀόρατα
3457 3139 3642 3193 αὑτοῦ
3672 3141 3789 3193 ἀπὸ
3813 3141 4063 3205 κτίσεως

2497 3236 2724 3303 κόσμου
2757 3234 2879 3300 τοῖς
2912 3232 3197 3302 ποιήμασι
3232 3233 3525 3299 νοούμενα
3557 3228 3893 3298 καθορᾶται·
3925 3230 3962 3298 ἧ
3996 3249 4062 3285 τε

1521 3287 1545 3304 υ
1597 3287 1602 3288 ,
2015 3287 2063 3297 --
2104 3287 2366 3312 ,....-.......
2519 3287 2524 3288 ν

838 3323 958 3376 dine
976 3316 1345 3377 creaturarum
1386 3330 1717 3395 proportione
1734 3333 1961 3400 quadam
1982 3345 2187 3389 creator
2214 3352 2397 3391 earum
2423 3287 2466 3345 ϐ
2502 3326 2537 3379 ἀ

2360 3353 2397 3389 π
2423 3287 2466 3345 c
2502 3287 2688 3390 dt6:0(:
2718 3324 2901 3378 αὐτοῦ
2934 3287 3181 3392 δύναμις
3213 3322 3310 3375 καί
3339 3323 3566 3388 θεότης.
3608 3323 3667 3373 Ὀ
3698 3316 3787 3374 οὖν
3819 3322 3944 3383 τοὺς
3972 3322 4059 3374 οὐ-

839 3424 1103 3485 spectatur
1124 3416 1191 3485 ⁸⁰;
1220 3425 1305 3472 et:
1329 3416 1625 3474 Invisibilia
1649 3424 1833 3491 ipsius,
1864 3441 1897 3477 a
1916 3436 2158 3481 creatura
2194 3428 2394 3493 mundi,

840 3523 929 3576 per
957 3525 1018 3562 ea
1042 3525 1158 3579 qua:
1187 3508 1330 3574 facta
1361 3520 1485 3564 sunt
1516 3502 1781 3568 intellecta
1812 3518 2246 3584 conspiciuntur;
2269 3537 2399 3574 sem-

839 3599 1047 3667 piterna
1079 3615 1279 3667 quoque
1332 3602 1444 3664 eius
1485 3602 1648 3657 virtus
1678 3613 1727 3657 et
1761 3605 2011 3661 divinitas
2034 3609 2099 3665 ⁸¹.
2132 3608 2395 3684 Quisquis

844 3704 995 3759 ergo,
1045 3689 1253 3759 absque
1301 3691 1412 3743 ulla
1446 3695 1708 3748 creatrice
1762 3697 1993 3761 ratione,
2045 3699 2161 3754 sine
2215 3700 2397 3756 divina

844 3774 1266 3852 aliqualvirtute,
1298 3782 1465 3835 caelos
1498 3798 1649 3837 suam
1671 3785 1982 3843 condidisse
2010 3790 2395 3857 substantiam,

826 3858 1050 3925 ‘tanta'm
1106 3872 1254 3924 illam
1332 3874 1755 3943 magnitudinem
1832 3877 2101 3948 talemque
2168 3878 2395 3934 formam

846 3956 1144 4012 adornasse
1173 3966 1350 4026 putat,
1402 3975 1465 4014 ac
1519 3963 1591 4015 ita
1625 3966 1951 4019 concinnum
1978 3967 2397 4038 ordinatumque

848 4055 1053 4113 motum
1086 4050 1409 4116 corporibus
1461 4053 1595 4122 ipsis
1643 4056 1916 4125 ascripsit,
1952 4058 1999 4113 is
2031 4073 2163 4114 sane
2194 4063 2394 4116 stultus

846 4144 900 4189 et
940 4134 1139 4204 impius
1169 4141 1273 4191 est.
1323 4136 1683 4202 Quamobrem
1733 4158 1828 4198 eos
1881 4146 1971 4214 qui
2006 4142 2183 4201 sana
2215 4156 2397 4203 mente

2504 3418 2695 3490 ρανοὺς
2737 3416 2967 3487 νομίζων
3000 3415 3118 3485 δίχα
3157 3415 3299 3477 τινὸς
3329 3411 3713 3483 δημιουργικοῦ
3764 3411 3918 3479 λόγου
3966 3412 4061 3465 καὶ

2503 3511 2650 3573 θείας
2677 3508 2802 3563 ἄνευ
2836 3508 3111 3579 δυνάμεως
3142 3508 3365 3570 ἑαυτοὺς
3399 3504 3816 3575 ὑποστήσασθαι,
3849 3505 3943 3558 καὶ
3966 3502 4058 3556 τοῦ

2499 3601 2711 3655 τοσοῦδε
2745 3601 3003 3671 μεγέθους
3040 3601 3133 3652 καί
3161 3599 3253 3652 τοῦ
3296 3596 3496 3650 τοιοῦδε
3529 3597 3825 3665 σχήματος,
3869 3595 3970 3664 τῆς
3999 3612 4059 3646 τε

2498 3692 2788 3757 εὐσταθοῦς
2838 3693 2931 3745 καί
2980 3692 3238 3745 εὐτάκτου
3272 3690 3533 3758 κινήσεως
3584 3689 3682 3758 τὴν
3734 3688 3910 3739 αἰτίαν
3950 3687 4059 3747 τοῖς

2501 3785 2741 3855 σώμασιν
2769 3783 2944 3836 αὐτῶν
2971 3782 3353 3851 προσγράφων,
3383 3780 3568 3850 ἄφρων
3598 3778 3691 3831 καὶ
3721 3778 3942 3847 ἀσεϐής.
3966 3777 4057 3829 Διδ

2497 3877 2621 3940 τοὺς
2653 3875 2896 3945 ἔμφρονα
2927 3872 3049 3925 νοῦν
3078 3870 3444 3941 κεκτημένους
3486 3871 3752 3940 προσήκει
3779 3868 4059 3938 συνομολοο

2499 3969 2613 4035 γεϊν
2650 3963 2925 4036 μονονουχί
2972 3962 3155 4032 φωνῆς
3187 3959 3403 4013 ἀκούειν
3445 3958 3589 4029 ἔργῳ
3640 3958 3845 4029 βοὼσης
3883 3956 4059 4010 αὐτῶν

2501 4056 2606 4108 τῶν
2647 4054 2911 4127 οὐρανῶν,
2954 4054 3052 4123 τὴν
3084 4051 3595 4123 πρέπουσανδόξαν
3633 4050 4060 4119 ἀναπεμπόντων

2498 4144 2576 4215 τῷ
2607 4145 2808 4198 ἑαυτῶν
2839 4147 3031 4215 ποιητῇ
3060 4130 3486 4214 κᾶζδημιουργῷ
3514 4142 3650 4212 Θεῷ.

846 4237 974 4287 sunt
1008 4244 1105 4303 par
1142 4237 1226 4283 est
1264 4246 1370 4284 una
1428 4232 1694 4297 conﬁteri,
1740 4252 1799 4292 se
1842 4246 2051 4295 tantum
2092 4259 2201 4298 non
2258 4244 2443 4299 audire
2478 4244 2740 4311 ccelorum
2786 4255 2989 4294 vocem
3058 4240 3143 4293 vel
3185 4238 3304 4308 ipso
3343 4251 3504 4307 opere
3541 4238 3886 4298 clamantem,
3927 4248 4058 4289 con-

850 4334 1237 4396 gruentemque
1275 4325 1409 4391 Deo,
1447 4328 1636 4382 facturi
1671 4336 1726 4385 et
1772 4333 1951 4402 opiﬁci
1995 4353 2114 4402 suo,
2152 4340 2377 4409 gloriam
2415 4339 2772 4394 emittentem.

923 4416 1045 4470 Pari
1088 4430 1303 4484 quoque
1338 4418 1497 4471 modo
1538 4420 1953 4487 ﬁrmamentum,
1988 4428 2130 4493 quod
2157 4429 2396 4483 secunda

2573 4426 2726 4480 υῦτω
2761 4425 2817 4477 δὲ
2846 4426 2938 4479 καὶ
2964 4424 3024 4477 τὸ
3055 4426 3353 4495 στερέωμα,
3384 4424 3411 4476 ὃ
3442 4423 3503 4493 δὴ
3535 4424 3770 4494 Μωῦσῆς
3795 4424 3936 4479 κατά
3963 4422 4058 4495 τὴν

850 4506 1143 4599 creationis
1174 4504 1261 4559 die
1296 4505 1505 4577 Moyses
1545 4507 1742 4563 factum
1790 4511 2113 4581 declaravit;
2162 4516 2264 4571 hoc
2312 4518 2398 4571 in-
2424 4539 2477 4599 ι)
2501 4517 2549 4570 δε

2354 4534 2398 4571 l-
2424 4539 2477 4599 ο
2501 4515 2756 4587 δευτέραν
2778 4514 2987 4584 ἡμέραν
3009 4514 3107 4583 τῆς
3130 4514 3480 4583 κοσμοποιίας
3502 4515 3777 4582 γεγονέναι
3801 4513 4053 4585 παρίστη·

852 4607 1017 4664 quam
1060 4592 1476 4659 ﬁrmamentum,
1498 4598 1655 4666 quod
1691 4600 1835 4655 aliud
1876 4608 1960 4656 est
1996 4617 2025 4655 a
2049 4604 2163 4672 jam
2196 4621 2397 4662 memo-

854 4682 1200 4745 ratis.coelis,
1228 4684 1479 4762 omnibus
1511 4688 1784 4755 praedicat,
1824 4696 1878 4744 et
1903 4692 2151 4748 similiter
2178 4693 2394 4762 clamat,

858 4772 1193 4840 indicatque,
1236 4758 1307 4823 se
1345 4786 1450 4824 non
1486 4781 1781 4840 spontanea
1826 4778 2117 4833 coalitione
2149 4778 2203 4831 in
2238 4758 2398 4834 talem

858 4863 1083 4917 formam
1114 4860 1440 4925 deductum;
1487 4861 1581 4915 sed
1610 4877 1747 4932 Opus
1774 4852 1897 4921 esse
1940 4869 2181 4922 omnium
2220 4883 2402 4925 rerum

790 4996 805 5005 .
857 4950 1154 5015 conditoris
1187 4949 1300 5004 Dei.
1350 4947 1711 5014 Quamobrem
1741 4952 1946 5009 dictum
1984 4965 2098 5012 est:
2153 4956 2223 5011 Et
2245 4973 2401 5027 opera

856 5055 1107 5093 manuum
1127 5040 1238 5108 ejus
1279 5041 1558 5094 annuntiat
1597 5031 2004 5111 ﬁrmamentum.
2035 5046 2269 5105 Noverat
2304 5065 2401 5104 au-

857 5136 967 5185 tem
1010 5128 1240 5199 Moyses,
1279 5139 1403 5186 ante
1441 5133 1761 5205 ﬁrmamenti
1801 5141 2258 5197 constructionem
2285 5155 2400 5195 cte-

762 5252 767 5259 -
859 5222 991 5283 lum,
1041 5219 1127 5273 vel
1161 5219 1472 5289 priusquam
1527 5222 1643 5278 dies
1683 5226 1854 5291 ﬁeret,
1887 5229 2161 5284 conditum
2194 5231 2400 5297 fuisse;

861 5323 985 5362 nam
1025 5308 1184 5362 dicit:
1229 5306 1295 5361 In
1336 5310 1592 5379 principio
1623 5313 1745 5380 fecit
1791 5314 1933 5369 Deus
1980 5318 2164 5372 caelum
2211 5330 2261 5374 et
2295 5329 2401 5373 ter-

863 5414 978 5451 ram
1000 5398 1066 5450 ”.
1114 5399 1191 5453 Ac
1231 5400 1485 5471 deinceps
1530 5412 1652 5472 post
1694 5407 1929 5475 primum
1964 5410 2160 5463 caalum
2209 5412 2400 5467 condi-

864 5496 996 5551 tum,
1027 5489 1163 5545 lucis
1193 5492 1299 5544 vim
1328 5506 1391 5546 ac
1427 5494 1751 5550 creationem
1786 5498 1961 5563 aﬂ‘ert,
1992 5500 2256 5571 docetque
2296 5504 2400 5557 luci

865 5576 972 5633 diei
1000 5596 1215 5636 nomen
1262 5582 1511 5642 inditum.
1562 5583 2091 5657 factumque'fuisse
2152 5607 2310 5647 mane
2351 5603 2405 5647 et

865 5683 1083 5737 vespere
1108 5671 1249 5727 diem
1278 5675 1528 5744 primum.
1573 5675 1761 5733 POSLea
1793 5680 1883 5735 ubi
1921 5674 2213 5739 secundam
2246 5683 2399 5738 ordi-

939 5820 982 5855 ’⁸
1008 5820 1132 5896 Sap.
1187 5840 1304 5895 xui,
1338 5828 1388 5882 5.
1462 5830 1505 5864 ”
1534 5829 1687 5886 Rom.
1732 5848 1767 5900 ι,
1802 5833 1889 5889 9.0.
1965 5836 2009 5868 ³²
2034 5834 2226 5896 Cenes.
2261 5855 2304 5900 ι,
2356 5838 2393 5917 Ι..

2503 4607 2782 4667 καὶτοῦτο
2823 4604 3206 4677 τοιγαροῦν-τὸ
3251 4606 3549 4677 στερέωμα,
3598 4606 3779 4678 ἕτερον
3820 4604 3877 4658 ὃν
3908 4603 4060 4675 παρὰ

2501 4696 2626 4757 τοὺς
2659 4692 3179 4764 προωνομασμένους
3204 4694 3480 4765 οὐρανοὺς,
3513 4695 3765 4765 κηρύττει
3787 4695 3897 4755 τοῖς
3927 4696 4058 4746 πᾶσι

2507 4784 2599 4838 καὶ
2626 4784 2859 4856 κέκραγε
2891 4782 3173 4847 διδάσκων,
3219 4786 3297 4838 ὅτι
3332 4786 3405 4858 μὴ
3429 4786 3488 4851 ἑξ
3531 4786 3831 4857 αὐτομάτου
3862 4786 4057 4840 τοιόνδε

2509 4875 2711 4945 ὑπέστη
2738 4890 2749 4901 ·
2775 4874 2934 4944 ἔργον
2958 4874 3014 4926 δέ
3054 4875 3167 4927 ἑστι
3194 4876 3285 4928 καὶ
3329 4876 3461 4930 αὐτὸ
3491 4875 3582 4929 τοῦ
3602 4876 3709 4928 τῶν
3747 4875 3880 4928 ὅλων
3909 4892 4059 4946 ποιη·

2505 4963 2599 5017 τοῦ
2632 4962 2795 5017 Θεοῦ·
2848 4963 2928 5015 διὸ
2971 4963 3214 5034 εἴρηται·
3248 4966 3501 5030 Ποίησιν
3529 4963 3596 5017 δὲ
3636 4962 3848 5041 χειρῶν
3875 4962 4057 5018 αὐτοῦ

2506 5053 2857 5122 ἀναγγέλλει
2885 5053 2950 5107 τὸ
2982 5054 3298 5122 στερέωμα.
3335 5050 3454 5106 Οίδε
3482 5054 3539 5106 δὲ
3566 5054 3803 5124 Μωῡσῆς
3831 5054 3935 5126 πρὸ
3961 5054 4058 5124 τῆς

2506 5144 2598 5197 τοῦ
2642 5143 3011 5215 στερεώματος
3052 5145 3357 5208 συστάσεως
3387 5144 3609 5216 οὐρανὸν
3651 5146 3910 5217 πρότερον
3961 5147 4057 5215 τῆς

2509 5235 2715 5305 ἡμέρας
2747 5236 3122 5306 γεγενημένον,
3155 5222 3352 5301 λέγων’
3396 5236 3498 5288 Ἐν
3521 5234 3677 5304 ἀρχῇ
3713 5238 3996 5304 ἐποίησεν
4027 5241 4059 5290 ὁ

2501 5327 2653 5390 Θεὸς
2700 5327 2803 5380 τόν
2822 5327 3078 5395 οὐρανὸν
3109 5324 3205 5378 καὶ
3236 5325 3348 5395 τὴν
3374 5325 3503 5397 γῆν.
3540 5328 3695 5397 Ἑξῆς
3714 5329 3775 5383 ,δ’
3804 5324 3894 5382 οὖν
3925 5325 4058 5397 μετά

2506 5414 2602 5485 τὴν
2629 5416 2840 5487 ποίησιν
2861 5415 2960 5470 ’τοῦ
2989 5414 3199 5485 πρώτου
3225 5416 3450 5487 οὐρανοῦ
3482 5418 3655 5487 φωτὸς
3675 5419 3879 5485 εἰσάγει
3906 5416 4057 5469 δύνα-

2513 5523 2601 5575 μιν
2621 5508 2712 5560 καὶ
2724 5508 2951 5576 γένεσιν,
2978 5506 3187 5576 ἡμέραν
3206 5524 3262 5559 τε
3286 5507 3524 5561 διδάσκει
3538 5506 3596 5560 τὸ
3614 5506 3725 5575 φῶς
3746 5506 4055 5570 κεκλῆσθαι,

2510 5599 2782 5665 γεγονέναι
2803 5616 2861 5650 τε
2887 5598 3094 5667 πρωῖαν
3116 5600 3247 5668 φησί
3274 5599 3365 5651 καὶ
3399 5600 3653 5668 ἑσπέραν.
3670 5592 3887 5667 ’ἡμέραν
3907 5595 4054 5666 μίαν.

2508 5681 2639 5741 Εἶτα
2649 5686 2898 5757 δευτέρας
2913 5686 3118 5757 ἡμέρας
3132 5688 3444 5757 ἀρχόμενος,
3456 5688 3553 5758 τὴν
3572 5685 3664 5738 τοῦ
3688 5683 4058 5756 περεὼμᾳτος
