4302 6406
307 551 409 611 189

302 843 454 898 νῶν·
495 841 588 894 καὶ
639 837 830 892 πάλιν·
868 834 1094 889 Αἰνεῖτε
1137 831 1321 886 αὑτὸν
1367 830 1420 884 οὶ
1470 825 1711 895 οὐρανοὶ
1757 825 1875 879 τῶν

303 930 594 1004 οὐρανῶν,
622 929 722 985 καὶ
754 929 818 982 τὸ
847 926 1001 995 ὕδωρ
1025 926 1089 979 τὸ
1129 905 1402 991 abnepde
1433 919 1551 973 τῶν
1569 918 1840 986 οὐρανῶν
1857 936 1869 949 ·

304 1029 397 1082 καὶ
422 1023 661 1095 ἀλλαχοῦ
695 1022 940 1094 εἴρηταιο
983 1021 1050 1073 ’0-
1071 1015 1324 1086 οὐρανὸς
1362 1013 1466 1067 τοῦ
1509 1012 1767 1081 οὐρανοῦ
1796 1011 1876 1078 τῷ

303 1119 513 1188 Κυρίῳ.
526 1117 634 1183 Καὶ
643 1115 705 1168 τὸ
717 1114 998 1185 στερέωμα
1010 1111 1268 1180 κέκληται
1283 1106 1526 1177 οὐρανὸς,
1541 1105 1634 1157 καὶ
1650 1107 1677 1158 ό
1689 1104 1875 1176 Σωτὴρ

302 1209 400 1282 τὴν
431 1206 702 1280 βασιλείαν
732 1206 841 1260 τῶν
874 1202 1117 1276 οὐρανῶν
1164 1199 1572 1269 ἐπαγγέλλεται,
1602 1197 1695 1252 καὶ
1721 1200 1776 1250 ὲν
1808 1200 1872 1267 τῇ

303 1302 434 1373 εὐχῇ
449 1301 687 1361 διδάσκει
703 1300 876 1352 εἰπεῖν
891 1315 904 1327 ·
922 1296 1112 1362 Πάτερ
1131 1291 1298 1362 ἡμῶν
1309 1295 1340 1345 ό
1356 1293 1425 1344 ἐν
1441 1290 1563 1356 τοῖς
1578 1290 1872 1358 οὐρανοῖς,

302 1393 414 1458 καὶ,
444 1394 511 1446 Ai.
537 1389 820 1458 δυνάμεις
852 1386 972 1441 τῶν
1001 1383 1272 1453 οὐρανῶν
1300 1381 1799 1448 σαλευθήσονται.

385 1569 600 1640 Ἡμέρα
617 1567 693 1636 τῇ
715 1565 903 1636 ἡμέρᾳ
925 1565 1224 1633 ἐρεύγεται
1238 1562 1423 1632 ῥῆμα,
1449 1564 1545 1618 καί
1570 1563 1684 1628 νὺξ
1704 1565 1876 1618 νυκτὶ

300 1662 657 1731 ἀναγγέλλει
700 1657 946 1727 γνῶσιν.
987 1656 1235 1709 Διδάσκει
1290 1657 1474 1727 ἡμέρα
1517 1655 1610 1708 καὶ
1639 1656 1875 1713 διδάσκει

301 1752 398 1819 νὺξ
423 1753 550 1806 τοὺς
589 1748 869 1825 ἐθέλοντας
906 1745 1270 1810 παιδεύεσθαι,
1304 1747 1402 1816 ὅση
1431 1745 1515 1808 τίς
1553 1746 1698 1799 ἐστιν
1727 1747 1760 1815 ἡ
1792 1763 1877 1799 σο-

301 1831 402 1914 φία
430 1844 465 1914 ἡ
497 1843 733 1912 ᾶῤῥητος
771 1839 866 1892 καὶ
897 1837 1262 1910 ἀπερίληπτος
1300 1837 1526 1907 δύναμις
1546 1836 1638 1889 τοῦ
1672 1837 1738 1890 τά
1765 1837 1877 1890 δια-

303 1935 556 2008 στήματα
592 1933 698 1986 τῶν
727 1932 932 2005 χρόνων
971 1931 1479 2002 καταμετρήσαντος
1515 1930 1696 1992 αὐτοῖς
1720 1929 1871 1982 Θεοῦ.

1443 531 1943 594 COMMENTARIA
1981 529 2048 585 ΙΝ
2087 526 2422 585 PSALMOS.

301 661 510 729 εἰσάγει
536 657 770 728 ποίησιν.
811 652 930 708 Οἵδε
958 653 1018 707 δὲ
1046 651 1079 722 ἡ
1103 649 1292 722 Γραφὴ
1321 648 1414 702 καὶ
1467 647 1683 710 πλείους
1711 647 1868 715 οὐρα-

1952 649 2068 696 'tur
2098 642 2262 706 diem,
2295 637 2964 695 ﬁrmamenticreationem
2990 638 3215 694 inducit.
3253 639 3534 711 Scriptum

202 796 210 800 -
302 751 455 816 νοὺςο
488 751 568 804 διό
600 763 794 819 φησιν·
825 743 1048 800 Αἰνεῖτε
1077 742 1185 796 τὸν
1209 743 1426 809 Κύριον
1447 739 1516 792 ἐκ
1551 737 1669 791 τῶν
1693 739 1868 805 σύρα-

3429 527 3530 581 190

1978 746 2107 786 vero
2136 731 2443 800 complures
2468 728 2638 783 coelos’
2681 728 2832 782 novit
2862 729 3244 799 admittitque;
3274 731 3536 800 quocirca

1979 823 2134 877 dicit:
2182 821 2422 875 Laudate
2473 820 2760 874 Dominum
2804 820 2866 874 de
2897 821 3036 875 caelis
3055 821 3139 888 ⁶³;
3170 836 3232 875 ac
3272 837 3531 878 rursum:

1977 913 2218 968 Laudate
2261 929 2400 974 eum,
2457 913 2574 966 caeli
2629 913 2901 977 cwlorum,
2936 922 2983 966 et
3017 929 3152 982 aqua
3205 915 3373 967 omnis
3421 930 3538 984 qua:

1977 1021 2130 1073 super
2162 1005 2314 1060 cretes
2354 1014 2430 1058 est
2449 1005 2514 1058 ⁸⁵.
2564 1003 2707 1059 Alibi
2757 1020 2974 1074 quoque
3019 1005 3223 1058 dictum
3261 1005 3533 1062 occurrit:

1979 1092 2185 1149 leum
2230 1094 2346 1160 preti
2402 1093 2719 1148 Domino".
2776 1092 3203 1149 Firmamentum
3253 1096 3381 1148 item
3423 1108 3536 1149 etn-

1978 1187 2088 1240 lv-In
2117 1174 2364 1250 vocatur,
2402 1194 2454 1240 et
2489 1184 2738 1239 Salvator
2768 1186 3286 1255 regnumcoelorum
3323 1185 3538 1253 pollice-

1976 1283 2085 1339 tur,
2115 1292 2179 1330 ac
2217 1278 2289 1330 ita
2321 1277 2654 1347 precandum
2687 1291 2815 1331 esse
2845 1276 3114 1330 instituit:
3145 1275 3303 1330 Pater
3341 1285 3536 1341 noster,

1975 1370 2064 1438 qui
2106 1386 2158 1422 es
2181 1371 2232 1423 in
2289 1369 2516 1432 cazlis“;
2563 1377 2617 1423 et
2647 1387 2660 1421 :
2696 1367 2924 1421 Virtutes
2972 1367 3218 1421 cwlorum
3251 1367 3529 1421 movebun-

1976 1469 2063 1511 tur
2082 1461 2146 1492 87.

2045 1547 2289 1604 Vens.5.
2341 1547 2464 1602 Dies
2505 1548 2614 1602 diei
2650 1551 2853 1602 eru‘ctat
2899 1545 3130 1612 verbum,
3174 1559 3222 1601 et
3256 1563 3359 1600 nox
3399 1548 3538 1624 negti
3581 1550 3585 1554 ’

1977 1641 2174 1695 indicat
2222 1642 2517 1694 scientiam.
2571 1639 2738 1694 Docet
2789 1641 2926 1704 dies,
2959 1639 3117 1693 docet
3155 1641 3392 1708 itemque
3430 1653 3538 1693 nox

1976 1750 2072 1790 eos
2094 1733 2186 1804 qui
2221 1734 2432 1787 institui
2463 1739 2773 1803 peroptant,
2809 1746 2974 1799 quam
3005 1730 3294 1784 ineﬂ‘abilis
3319 1731 3538 1799 sapien--

1978 1827 2072 1889 tia,
2124 1840 2286 1896 quam
2319 1822 2887 1893 incomprehensibilis
2941 1821 3118 1875 virtus
3164 1821 3235 1875 sit
3289 1820 3404 1886 Dei,
3442 1823 3535 1892 qui

1978 1917 2110 1988 ipsis
2148 1926 2448 1987 temporum
2495 1914 2778 1969 intervalla
2821 1913 3099 1967 dimensus
3132 1921 3238 1966 est.
3295 1911 3350 1964 Si
3384 1925 3537 1966 nam-

301 2027 364 2080 Ει
393 2005 496 2097 μὲν
525 2025 633 2096 γὰρ
673 2017 859 2095 μηδεὶς
897 2019 966 2094 ἦν
995 2025 1024 2076 ὁ
1059 2023 1152 2076 καὶ
1179 2022 1401 2084 ταύταις
1429 2020 1595 2092 ὥραις
1631 2020 1724 2072 καὶ
1752 2019 1868 2089 χρό-

1978 2024 2083 2078 que
2135 2011 2318 2064 nullus
2367 2016 2511 2064 esset
2559 2007 2655 2078 qui
2710 2007 2796 2060 bis
2830 2005 3247 2074 tempestatibus
3277 2005 3447 2074 spatia
3481 2011 3537 2058 et

289 2127 427 2180 ’νους
456 2117 551 2168 καὶ
597 2113 834 2185 καιροὺς,
868 2112 1276 2184 διαταξάμενος,
1310 2111 1626 2181 ἀπρονοὴτῳ
1674 2109 1730 2161 δὲ
1782 2109 1876 2162 καὶ

300 2210 481 2282 ἀλόγῳ
501 2211 716 2280 κινήσει
741 2209 882 2263 κατά
900 2226 951 2262 τι
973 2207 1234 2278 σύμδαμα
1263 2206 1544 2275 τυχιμαῖον
1593 2202 1876 2272 ὑφεστῶτα

299 2297 399 2374 ἦν·
429 2304 599 2375 ἐχρῆν
623 2303 792 2375 δήπου
824 2303 898 2374 μὴ
929 2303 1000 2356 τά
1029 2300 1118 2352 ῐσα
1156 2298 1496 2368 διαστήματα
1520 2295 1628 2348 τῶν
1657 2295 1875 2366 ἡμερῶν

301 2396 388 2450 διὰ
415 2396 616 2459 παντὸς
651 2394 747 2450 τοῦ
779 2385 972 2458 αἰῶνος
1015 2386 1330 2476 ὑφεστάναι,
1372 2389 1405 2461 ἢ
1442 2387 1877 2458 συγκεχυμένους

303 2485 482 2540 αὐτῶν
523 2480 670 2538 εἶναι·
690 2484 818 2546 τοὺς
861 2482 1104 2552 καιροὺς,
1140 2480 1234 2532 καὶ
1261 2478 1360 2542 τὰς
1392 2477 1590 2542 νύκτας
1617 2478 1673 2530 δὲ
1701 2476 1879 2529 ὡσαύ-

301 2593 408 2643 τως
426 2577 552 2648 είκῆ
571 2578 666 2632 καὶ
681 2577 756 2640 ὡς
781 2575 968 2644 ἔτυχεν
989 2573 1266 2646 φέρεσθαι.
1293 2572 1538 2642 Ἀλογίας
1558 2570 1662 2642 γὰρ
1677 2570 1876 2640 ἀδελφὴ

302 2669 518 2735 ἀταξία,
549 2668 644 2722 καὶ
678 2665 756 2737 τῷ
777 2664 1047 2736 τυχιμαίῳ
1074 2663 1263 2716 ’ἐπεται
1296 2662 1550 2733 σύγχυσις
1569 2678 1581 2690 °
1607 2662 1681 2722 ὡς
1704 2660 1878 2730 ἔμπα-

303 2761 384 2815 λιν
417 2761 598 2830 πάσης
628 2755 877 2823 εὐταξίας
926 2757 1135 2832 ἡγεῖται
1187 2755 1360 2824 λόγος,
1409 2754 1668 2826 ἁρμονίας
1698 2769 1756 2805 τε
1783 2751 1878 2804 καὶ

304 2853 622 2924 συμφωνίας
643 2853 850 2923 ἡγεῖται
882 2850 1058 2920 σοφία.
1102 2851 1162 2902 Αἱ
1187 2849 1366 2901 τοίνυν
1391 2846 1592 2899 τούτων
1623 2845 1758 2916 πρὸς
1785 2843 1877 2896 ἁλ-

304 2947 468 3020 λήλας
513 2947 737 3018 ἀμοιϐαὶ
781 2947 875 3001 καὶ
907 2945 1301 3016 ὑποχωρήσεις,
1344 2941 1471 2996 ποτὲ
1521 2942 1618 3012 μὲν
1656 2939 1876 3010 ἡμερῶν

310 3042 728 3114 μηκυνομέὐων,
761 3039 1158 3111 ὑποχωρουσῶν
1188 3038 1244 3090 δὲ
1277 3035 1454 3089 αὐτῶν
1485 3033 1712 3098 νυκτῶν,
1747 3033 1876 3103 ποτὲ

303 3135 361 3190 δὲ
385 3134 494 3188 τῶν
517 3135 724 3187 νυκτῶν
763 3133 824 3187 τὸ
869 3130 1382 3203 προδεδανεισμένον
1414 3131 1570 3202 χρέος
1607 3129 1744 3181 κατὰ
1777 3128 1875 3200 τὴν

303 3229 411 3283 τῶν
436 3227 596 3299 ὡρῶν
623 3227 850 3299 αῦξησιν
871 3224 1388 3296 άπολαμϐανουσῶν,
1423 3223 1700 3295 μονονουχὶ
1722 3221 1879 3290 φθέγ-

307 3336 490 3387 γονται
537 3317 631 3372 καὶ
662 3317 878 3372 λαλοῦσι
929 3316 1136 3389 μεγάλῃ
1178 3318 1330 3386 φωνῇ
1361 3317 1427 3386 τῇ
1471 3315 1728 3384 πανσόφῳ
1758 3314 1874 3367 δια-

305 3409 457 3472 τάξει
484 3408 579 3461 τοῦ
622 3408 731 3460 τῶν
755 3406 892 3460 ὅλων
929 3405 1299 3477 μαρτυροῦσαι
1335 3403 1492 3468 Θεοῦ,
1535 3406 1628 3458 καὶ
1659 3404 1876 3476 ,κηρύτ-

305 3515 487 3566 τουσιν
520 3498 825 3570 ἀνθρώποις
859 3498 958 3568 τὴν
988 3495 1084 3549 τοῦ
1115 3495 1248 3548 Θεοῦ
1279 3496 1504 3563 γνῶσινο
1540 3495 1680 3548 οὕτω
1705 3496 1763 3549 δὲ
1788 3513 1878 3550 κε-

306 3589 566 3660 κραγόσιν
618 3589 800 3651 αὐτοῖς
851 3586 1032 3659 ἔργοις
1079 3588 1134 3637 αί
1191 3584 1294 3637 τῶν
1345 3585 1569 3656 ἡμερῶν
1622 3586 1716 3638 καλ⁵
1771 3585 1878 3638 τῶν

307 3679 516 3733 νυκτῶν
566 3679 740 3746 φωναὶ
788 3681 899 3741 τοῖς
941 3676 1154 3730 ἐπαΐειν
1204 3674 1382 3729 αὐτῶν
1421 3675 1756 3744 δυναμένοις,
1803 3677 1878 3740 ὡς

309 3770 574 3844 μηδεμίαν
614 3769 782 3841 ἀκοὴν
824 3768 1102 3823 λανθάνειν
1130 3767 1226 3839 τὴν
1245 3764 1583 3820 διδασκαλίαν
1607 3766 1802 3821 αὐτῶν.

375 3948 738 4020 Πεπλήρωται
765 3946 894 4016 γοῦν
919 3948 950 4017 ἡ
979 3946 1236 4017 σύμπασα
1263 3943 1370 3996 τῶν
1390 3939 1686 4012 ἀνθρώπιον
1711 3943 1880 3995 οἰκου-

311 4041 446 4111 μένη
478 4039 578 4108 τῆς
604 4037 875 4110 εὐρύθμου
904 4036 998 4090 καὶ
1019 4033 1308 4107 altorem;
1337 4032 1514 4086 αὐτῶν
1537 4031 1752 4102 χορείας
1775 4050 1788 4063 ·
1811 4032 1876 4086 δι’

306 4132 343 4186 ἃ
385 4131 663 4185 λέλεκταιο
696 4131 818 4183 οὐκ
865 4127 984 4182 εισὶ
1015 4126 1220 4181 ,καλιαί
1259 4124 1399 4179 οὐδὲ
1440 4125 1606 4193 λόγοι
1632 4117 1718 4177 ὧν
1742 4125 1878 4193 οὐχί

299 4207 625 4279 ’ἀκούονται
655 4221 714 4272 αἱ
751 4217 939 4294 φωναὶ
977 4214 1194 4269 αὐτῶν.
1239 4217 1342 4280 Εἰς
1375 4211 1579 4269 πᾶσαν
1603 4212 1716 4280 τὴν
1761 4212 1878 4282 γῆν

305 4313 564 4381 ἐξῆλθεν
592 4313 624 4364 ό
654 4310 912 4379 φθόγγος
942 4306 1160 4380 αὐτῶν,
1185 4307 1282 4361 καὶ
1311 4309 1398 4372 εὶς
1430 4304 1502 4358 τὰ
1522 4298 1746 4371 πέρατα
1769 4304 1878 4373 τῆς

305 4400 662 4470 οἰκουμένης
699 4397 772 4451 τὰ
807 4397 1038 4466 ῥήματα
1066 4395 1294 4450 αὐτῶνθ
1344 4395 1498 4465 δῆλον
1530 4393 1606 4457 δὲ,
1645 4395 1726 4447 ὅτι
1769 4394 1876 4449 τῶν

309 4490 531 4564 ἡμερῶν
559 4486 790 4563 καὶ-τῶν
817 4485 1044 4546 νυκτῶν,
1077 4483 1183 4537 τῶν
1225 4501 1286 4536 τε
1330 4480 1732 4551 διηγουμένων
1764 4481 1877 4549 τὴν

311 4584 414 4639 τοῦ
442 4580 597 4639 Θεοῦ,
611 4575 800 4644 δόξαν
819 4577 1083 4648 οὐρανῶν,
1111 4575 1201 4642 καὶ
1227 4571 1321 4626 τοῦ
1349 4571 1463 4640 τὴν
1486 4571 1733 4638 ποίησιν
1760 4569 1876 4624 τῶν

309 4675 522 4747 χειρῶν
551 4671 734 4727 αὐτοῦ
770 4669 1241 4739 ἐξαγγέλλοντος
1278 4659 1670 4736 στερεώματος.
1709 4661 1878 4716 Ἔνθα

306 4768 363 4821 δὲ
393 4765 666 4837 γενομένῳ
715 4778 804 4833 μοι
853 4759 1152 4830 θαυμάζειν
1207 4757 1434 4821 ἔπεισιν,
1470 4755 1616 4816 ὅπως
1653 4754 1680 4805 ὁ
1733 4753 1873 4823 ἱερὸς

308 4857 603 4932 ἀπόστολος
623 4854 683 4912 τό
705 4871 720 4885 ο
744 4855 846 4919 Εἰς
871 4849 1076 4926 πᾱσμν
1095 4848 1209 4916 τὴν
1232 4847 1348 4918 γῆν
1372 4844 1627 4914 ἐξῆλθεν
1650 4845 1682 4898 ὁ
1703 4845 1880 4913 φθόγι.

309 4969 414 5020 τος
444 4945 660 5015 αὐτῶν,
694 4944 793 5000 καί
828 4947 915 5010 είς
944 4941 1015 4996 τὰ
1041 4939 1264 5008 πέρατα
1285 4937 1394 5008 τῆς
1421 4935 1772 5006 οἰκουμένης
1799 4935 1871 4988 τὰ

303 5028 541 5110 ῥήματα
562 5036 779 5105 αὐτῶν,
809 5036 902 5089 ἐπὶ
931 5035 1054 5096 τοὺς
1100 5030 1344 5102 μαθητὰς
1373 5030 1465 5084 καλ⁵
1489 5022 1873 5094 εὐαγγελιστάς

311 5134 403 5186 καὶ
447 5130 774 5193 ἀποστόλους
800 5128 894 5183 τοῦ
930 5127 1176 5196 Σωτῆρος
1211 5121 1366 5194 ἡμῶν
1394 5122 1690 5191 ἀνήνεγκεν
1723 5118 1779 5168 έν
1808 5117 1873 5184 τῇ

311 5225 444 5296 πρὸς
481 5223 784 5294 Ῥωμαίους
802 5218 1103 5289 Ἐπιστολῇ.
1151 5214 1478 5284 Ἐπιστήσας
1509 5212 1567 5263 δὲ
1612 5208 1702 5261 τὸν
1749 5205 1873 5258 νοῦν

315 5317 380 5385 τῇ
402 5313 730 5382 ὰτῡοστολικῇ
754 5308 1141 5380 λέξει,·σφόδρα
1161 5303 1404 5385 ἀκριϐῶς
1419 5296 1574 5372 εὗρον
1598 5298 1758 5352 αὑτὸν
1787 5315 1876 5388 κα-

312 5401 658 5475 ταχρηστικῷ
672 5402 858 5472 τρόπῳ
872 5398 1137 5469 εὐκαίρως
1153 5397 1248 5467 τὴν
1266 5393 1565 5466 παράθεσιν,
1577 5407 1772 5460 πεποιη
1781 5391 1874 5460 μὲ-

309 5494 419 5573 νον’
446 5497 506 5552 οὐ
539 5496 646 5569 γὰρ
672 5494 855 5573 ῶσπερ
880 5491 1007 5547 ποτὲ
1025 5491 1122 5561 μὲν
1143 5490 1270 5560 ἔφη·
1315 5486 1559 5549 Ἡσαΐας
1577 5484 1644 5537 δὲ
1681 5482 1892 5552 κράζει-

309 5591 460 5660 {map
507 5586 614 5642 τοῦ
676 5584 939 5653 Ἰσραὴλ,
993 5581 1124 5634 ποτὲ
1175 5581 1252 5643 δὲ,
1281 5575 1472 5641 καθὼς
1523 5573 1871 5642 προείρηκεν

319 5681 560 5744 Ἡσαΐας
578 5696 591 5710 ⁶
615 5677 708 5732 καὶ
735 5675 920 5729 πάλιν·
953 5672 1154 5736 Καθὼς
1181 5671 1493 5741 γέγραπται
1513 5681 1525 5695 ·
1557 5664 1650 5718 καὶ
1682 5660 1864 5725 αὖθις·

374 5862 420 5894 ⁸³
442 5861 584 5916 Psal.
609 5873 828 5913 CXLVIII.
860 5845 906 5907 1.

319 5953 362 5991 η
385 5955 541 6013 Rom.
574 5947 649 6023 ιε’,
677 5955 765 6008 27.
839 5952 882 5987 ⁵ο
905 5949 1036 6008 ibid.
1070 5946 1159 6004 29.
1195 5949 1236 5981 ⁹¹
1262 5945 1280 6000 ι
1311 5945 1437 6002 Cor.
1470 5960 1507 6010 ι,
1549 5942 1634 5997 51.

996 5865 1023 5881 ·⁶
1066 5852 1195 5905 ibid.
1225 5852 1276 5904 4.
1353 5852 1398 5880 ἀι
1422 5840 1561 5903 ratu.
1595 5859 1747 5908 csIII,
1799 5843 1879 5897 lli.
1953 5842 1996 5875 ³⁵
2026 5839 2323 5915 Μλιιιιηνι,
2348 5836 2399 5891 9.

1977 2100 2268 2154 interSIitia
2298 2100 2664 2169 .destinasset,
2697 2098 2791 2153 sed
2832 2097 3122 2151 temerario
3149 2105 3202 2150 et
3229 2093 3537 2162 inconside-

1976 2194 2096 2242 rato
2126 2195 2276 2241 motu
2326 2195 2491 2258 atque
2546 2203 2678 2242 casu
2727 2189 2982 2258 quopiam
3029 2200 3144 2241 naac
3169 2187 3530 2250 exsisterent;

1976 2289 2246 2350 oporteret
2279 2295 2410 2336 sane
2447 2295 2554 2334 non
2576 2279 2873 2348 aequalibus
2907 2279 3098 2347 spatiis
3142 2278 3258 2332 dies
3285 2293 3312 2331 a
3338 2278 3538 2333 szeculo

1979 2372 2257 2425 ordinatas
2296 2370 2483 2437 fuisse,
2524 2375 2618 2423 aut
2662 2368 2890 2422 confusa
2924 2383 3134 2450 eurum.
3174 2369 3538 2438 similiterque

1976 2463 2214 2518 noctium
2241 2471 2506 2532 tempora,
2546 2477 2678 2516 casu
2712 2476 2774 2513 ac
2802 2459 3022 2513 fortuito
3051 2459 3274 2511 revolvi.
3323 2458 3535 2514 Etenim
3597 2512 3600 2516 .

1978 2554 2265 2609 temerario
2318 2556 2472 2608 casui
2524 2553 2784 2606 ﬁnitimus
2837 2561 2920 2605 est
2965 2549 3276 2604 inconditus
3339 2565 3523 2604 rerum

1978 2652 2176 2709 status,
2230 2653 2284 2699 et
2343 2644 2624 2700 fortuitam
2677 2658 2789 2697 rem
2845 2641 3093 2711 sequitur
3137 2638 3420 2708 confusio;
3475 2649 3534 2697 ut

1977 2737 2095 2790 vice
2131 2750 2286 2789 versa
2312 2733 2813 2794 rectumordinem
2869 2736 3008 2786 ratio
3049 2733 3254 2803 dirigit,
3293 2747 3530 2788 concen-

1977 2834 2200 2892 tumque
2241 2837 2306 2878 ac
2335 2821 2684 2878 concordiam
2756 2836 2936 2874 rerum
2988 2821 3255 2890 sapientia
3303 2820 3534 2877 admini-

1979 2923 2137 2970 strat.
2177 2914 2374 2969 Mutum
2421 2900 2552 2967 sane
2598 2912 2816 2966 illorum
2863 2909 3269 2966 vicissitudines
3298 2919 3352 2965 et
3397 2928 3531 2967 con-

1976 3009 2291 3072 cessiones;
2321 3019 2445 3059 nam
2477 3003 2638 3058 modo
2665 3003 2805 3065 dies,
2831 3001 3161 3056 concedente
3199 3009 3376 3065 nocte,
3404 3017 3529 3070 pro-

1975 3098 2218 3163 lixiores,
2238 3104 2387 3161 sunt,
2423 3095 2582 3151 modo
2611 3103 2798 3148 noctes
2826 3093 3066 3148 debitum
3109 3107 3171 3146 ac
3202 3101 3390 3147 mutuo
3431 3093 3526 3148 da-

1976 3197 2090 3244 tum
2129 3188 2362 3258 spatium
2393 3193 2551 3241 aucta
2589 3185 2764 3240 hieme
2799 3199 2863 3239 ac
2907 3190 3223 3253 tempestate
3251 3191 3529 3253 repetunt;

1979 3281 2112 3344 haec,
2151 3280 2398 3348 inquam,
2453 3284 2664 3332 tantum
2718 3290 2825 3329 non
2874 3273 3262 3336 vociferantur,
3323 3290 3386 3328 ac
3433 3290 3530 3329 ceu

1903 3363 1944 3419 C
1979 3373 2125 3427 edito
2156 3371 2395 3426 clamore
2452 3366 2924 3436 sapientissimum
2963 3367 3113 3418 illum
3149 3367 3215 3419 ab
3255 3367 3534 3422 universo-

1979 3482 2098 3521 rum
2145 3463 2256 3518 Deo
2309 3463 2662 3516 constitutum
2726 3458 2976 3512 ordinem
3014 3457 3399 3526 depraedican‘t,
3434 3458 3534 3513 ho-

1978 3557 2323 3625 minibusque
2384 3551 2477 3607 Dei
2559 3550 2807 3605 notitiam
2870 3549 3220 3625 annuntiant.
3297 3547 3387 3602 Sic
3449 3549 3532 3604 vel

1979 3649 2109 3721 ipsis
2153 3623 2315 3720 gestis
2369 3645 2622 3715 operibus
2685 3643 2897 3698 dierum
2952 3623 3304 3709 noctiumque
3368 3655 3532 3698 voces

1979 3741 2047 3794 iis
2087 3741 2179 3809 qui
2205 3736 2395 3792 auditu
2425 3737 2613 3791 valent
2661 3733 3093 3797 inclamanthut
3147 3746 3243 3801 per
3289 3733 3531 3787 omnium

1979 3848 2139 3906 aures
2161 3829 2408 3885 doctrina
2436 3843 2627 3883 eorum
2656 3825 2935 3897 pervadat.

2051 3921 2351 3998 Universus
2385 3919 2568 3989 itaque
2590 3919 2760 3982 orbis,
2798 3915 2894 3986 qui
2924 3914 3004 3968 'ab
3037 3913 3350 3970 hominibus
3380 3914 3531 3970 inco—

1979 3996 2127 4078 lituvr,
2166 4011 2449 4068 concinnis
2498 4007 2812 4079 huiusmodi
2845 4021 2909 4061 ac
2956 4006 3160 4061 mutuis
3195 4006 3408 4062 choreis
3447 4021 3534 4061 re-
3600 3990 3602 3992 V

1977 4110 2177 4180 pletum
2206 4111 2289 4159 est
2316 4119 2331 4169 ;
2377 4114 2545 4171 quare
2592 4098 2827 4154 dicitur:
2882 4094 3039 4152 νοτε.
3072 4096 3126 4161 4,
3158 4094 3386 4151 5-1Von
3411 4105 3534 4175 sunt

1981 4196 2215 4268 loquelae,
2271 4208 2430 4262 neque
2481 4206 2764 4253 sermones,
2811 4204 3032 4258 quorum
3088 4204 3191 4242 non
3243 4187 3533 4241 audiantur

1979 4305 2123 4344 voces
2187 4301 2390 4340 eorum.
2475 4281 2544 4336 In
2616 4297 2818 4336 omnem
2882 4289 3078 4334 terram
3146 4277 3305 4333 exivit
3369 4293 3531 4333 sonus

1977 4397 2178 4450 eorum,
2207 4388 2254 4432 et
2288 4377 2341 4431 in
2366 4378 2494 4447 lines
2533 4374 2673 4428 orbis
2704 4383 2855 4427 terra:
2883 4371 3034 4425 verba
3060 4386 3260 4435 eorum,
3283 4369 3530 4424 videlicet

1979 4476 2187 4529 dierum
2233 4487 2298 4526 ac
2331 4471 2596 4533 noctium,
2633 4480 2728 4520 nec
2775 4481 2881 4551 nﬁon
2922 4464 3204 4523 cmlorum,
3240 4463 3332 4531 qui
3374 4477 3532 4516 enar-

1979 4572 2100 4617 rant
2147 4561 2373 4636 gloriam
2407 4558 2524 4621 Dei,
2556 4563 2610 4611 et
2655 4553 2999 4616 ﬁrmamenti,
3031 4551 3169 4620 quod
3214 4566 3371 4619 opera
3416 4568 3530 4606 ma-

1979 4670 2139 4708 nuum
2168 4653 2282 4722 ejus
2311 4647 2611 4703 annuntiat.
2633 4643 2750 4700 .Hic
2775 4659 2938 4714 porro
2981 4645 3112 4697 mihi
3148 4643 3259 4697 haec
3285 4650 3530 4698 contem-

1980 4745 2148 4814 planti
2199 4737 2593 4801 mirari_subit,
2645 4750 2752 4804 quo
2785 4744 2948 4804 pacto
2989 4742 3211 4789 sanctus
3238 4733 3532 4803 Apostolus

1974 4815 2112 4909 illud
2138 4855 2149 4888 :
2202 4833 2267 4886 In
2310 4845 2510 4883 omnem
2544 4837 2738 4880 terram
2765 4827 2923 4880 exivit
2967 4842 3123 4879 sonus
3161 4841 3364 4886 eorum,
3396 4833 3446 4876 et
3472 4823 3531 4884 in

1976 4902 2112 4998 ﬁnes
2134 4924 2274 4980 orbis
2307 4931 2458 4975 terrm
2482 4902 2635 4973 verba
2659 4934 2859 4982 eorum,
2903 4917 2968 4970 ad
3011 4917 3326 4984 discipulos,
3362 4928 3530 4970 evan-

1978 5019 2200 5090 gelistas
2235 5021 2287 5068 et
2339 5012 2614 5081 apostolos
2665 5007 2962 5062 Salvatoris
3008 5006 3181 5059 nostri
3215 5006 3269 5058 in
3319 5019 3416 5074 sua
3460 5005 3529 5060 ad

1979 5111 2251 5163 Romanos
2284 5102 2521 5173 Epistula
2566 5099 2847 5155 referat".
2921 5097 3056 5151 Dum
3096 5107 3272 5151 autem
3313 5103 3530 5165 aposto-

1979 5202 2139 5254 licum
2204 5196 2407 5271 dictum
2487 5193 2669 5247 animo
2728 5188 3140 5260 perpenderem,
3199 5185 3528 5255 deprehendi

1978 5294 2154 5362 ipsum
2185 5287 2429 5358 apposite
2457 5281 2752 5364 admodum
2776 5290 2830 5334 et
2862 5286 3168 5348 opportune
3214 5274 3527 5364 hujusmodi

1977 5378 2529 5434 accommodationem
2579 5363 2896 5424 advexisse:
2952 5383 3060 5422 non
3116 5366 3257 5446 enim
3305 5371 3364 5417 ut
3404 5363 3530 5421 aliis

1980 5475 2031 5526 in
2067 5470 2204 5524 locis
2235 5467 2395 5522 modo
2423 5467 2500 5522 sic
2540 5461 2754 5524 cﬂatur,
2799 5458 2972 5513 Isaias
3020 5467 3191 5511 autent
3221 5456 3418 5509 clamat
3466 5455 3532 5510 de

1979 5562 2178 5619 Israele
2197 5563 2240 5592 ⁸³
2269 5577 2283 5625 ;
2327 5557 2489 5614 modo
2522 5556 2622 5619 sic,
2665 5563 2723 5607 ut
2757 5551 3000 5621 prwdixit
3022 5549 3198 5602 Isaias
3225 5549 3269 5580 ⁹⁰
3297 5563 3527 5609 ;rursus

1974 5648 2578 5724 vero,Quemadmodum
2609 5648 2859 5716 scriptum
2888 5653 2962 5720 est
2986 5642 3053 5704 9';
3081 5642 3402 5710 iterumque,
3425 5637 3526 5693 Di-

2497 5833 2538 5864 ⁸⁷
2564 5830 2694 5888 Luc.
2731 5843 2842 5910 sin,
2876 5824 2964 5878 26.
3057 5822 3100 5854 ⁸³
3150 5818 3304 5874 Rom.
3338 5834 3391 5884 ι,
3432 5817 3520 5875 13.
