4302 6386
850 509 942 564 191

1512 508 1776 566 EUSEBll
1815 506 2288 578 CESARIENSIS
2321 506 2471 564 OPP.
2513 484 2694 565 PARS
2733 507 2821 566 Ill.
2858 538 2924 552 -
2970 509 3396 576 EXEGETICA..

3977 514 4087 576 ωε

842 628 913 682 cit
941 628 1077 681 enim
1100 627 1372 698 Scriptura
1418 630 1485 691 ",'
1525 645 1634 683 non
1689 628 1788 692 sic,
1841 627 2082 698 inquam,
2143 626 2294 689 illud,
2345 625 2405 680 In

2515 627 2685 697 Λέγει
2728 627 2836 696 γὰρ
2863 629 2900 696 ἠ
2935 627 3172 697 Γραφήι
3216 627 3314 699 οὐχ
3344 629 3514 693 οὓτως
3561 631 3650 683 καὶ
3695 632 3786 683 ἐπὶ
3815 629 3946 685 τοῦ·
3984 632 4088 699 E14,-

843 733 1046 773 omnem
1096 726 1287 773 terram
1318 721 1479 774 exivit
1511 736 1670 774 sonus
1718 735 1917 782 eorum,
1949 735 2072 773 cum
2102 720 2266 774 simili
2297 717 2392 772 ad-

843 811 1138 865 ditamenta
1187 812 1428 882 protulit.
1478 811 1612 865 Nam
1669 814 1714 868 si
1766 812 2042 883 quidpiam
2085 812 2397 880 hujusmodi

842 899 1212 970 praemisisset,
1245 910 1390 955 esset
1421 899 1650 955 fortasse
1681 903 1771 971 qui
1809 907 2023 972 putaret
2065 900 2240 969 ipsum
2274 901 2399 954 huic

842 992 1030 1061 psalmi
1063 992 1210 1046 dicto
1250 994 1357 1046 vim
1406 993 1678 1047 intulisse.
1731 994 1800 1048 At
1855 994 1942 1048 hic
1974 993 2204 1064 simplici
2241 994 2400 1048 modo

841 1084 1033 1155 psalmi
1064 1084 1332 1139 sententia
1356 1100 1490 1140 usus
1516 1085 1758 1152 videtur;
1793 1087 1866 1140 ita
1905 1093 1962 1140 ut
1990 1087 2115 1155 jure
2151 1086 2255 1140 dici
2284 1101 2402 1156 pos-

837 1177 909 1229 sit
938 1176 1113 1246 ipsum
1157 1186 1461 1247 opportuna
1493 1179 1720 1247 utilique
1757 1179 1991 1242 ratione,
2027 1177 2188 1248 atque
2231 1196 2400 1250 appo-

839 1267 942 1323 site
976 1268 1078 1321 hoc
1107 1269 1488 1324 testimonium
1513 1269 1846 1324 adhibuisse.
2349 1287 2353 1292 τ

908 1441 1073 1499 Vens.
1102 1445 1213 1508 6,7.
1235 1446 1295 1499 In
1312 1445 1418 1500 sole
1435 1448 1604 1514 posuit
1624 1438 2016 1501 tabernaculum
2033 1465 2206 1511 suum,
2222 1459 2270 1503 et
2293 1450 2402 1519 ipse

771 1518 776 1522 ”
841 1547 1092 1606 tanquam
1123 1553 1342 1606 sponsus
1375 1539 1654 1607 procedens
1697 1540 1760 1594 de
1785 1539 2016 1595 thalamo
2061 1559 2172 1598 suo.
2214 1518 2405 1598 Exsul-

841 1627 970 1681 tabit
999 1637 1054 1682 ut
1097 1631 1241 1698 gigas
1273 1629 1341 1681 ad
1371 1631 1683 1684 currendum
1715 1634 1848 1687 viam
1891 1650 2080 1698 suam,
2137 1653 2169 1688 a
2199 1653 2403 1692 summa

837 1719 963 1776 calo
983 1721 1205 1789 egressio
1234 1719 1366 1785 eius.
1399 1731 1448 1775 et
1475 1738 1721 1776 occursus
1770 1727 1882 1792 ejus
1929 1742 2090 1795 usque
2139 1727 2207 1779 ad
2259 1745 2406 1782 sum--

840 1826 982 1864 mum
1036 1811 1170 1874 coeli,
1197 1803 1288 1865 nec
1321 1823 1398 1867 est
1436 1815 1522 1882 qui
1557 1831 1611 1868 se
1647 1813 1934 1869 abscondat
1975 1835 2004 1869 a
2052 1819 2224 1871 calore
2268 1819 2401 1888 ejus.

843 1899 1045 1957 Prteter
1073 1918 1238 1972 supra
1273 1903 1440 1966 dicta.
1475 1907 1556 1960 sol
1585 1923 1800 1976 quoque
1841 1907 1948 1962 Deo
1975 1908 2266 1965 referenda:
2292 1913 2408 1982 glo-

2507 715 2714 770 πᾶσαν
2743 715 2859 785 τὴν
2883 716 2999 786 τῆν
3021 717 3278 786 ἐξῆλθεν
3306 721 3339 772 ό
3371 720 3627 789 φθόγγος
3647 719 3862 786 αὐτῶν,
3894 721 4086 794 εἴρηκε

2511 809 2646 879 μετὰ
2697 809 3012 880 προσθήκης
3042 811 3233 881 ὁμοίας
3269 814 3378 874 τοῖς
3422 811 3839 882 προεκτεθεὶσιν.
3877 813 3941 866 El
3976 815 4087 885 γάρ

2505 916 2556 952 τι
2588 900 2827 953 τοιοῦτον
2874 903 3160 972 προφήσας
3191 897 3332 966 εἷπε,
3381 903 3498 972 τάχ’
3528 904 3592 957 ἄν
3615 919 3698 966 τις
3742 902 3968 957 ἐλάϐετο
4009 905 4087 969 ὡς

2508 991 2873 1062 βεϐιασμένως
2916 994 3268 1065 ἐκδεξαμένου
3301 995 3398 1066 τὴν
3433 997 3489 1046 ἐν
3529 993 3606 1065 τῷ
3653 995 3851 1066 ψαλμῷ
3886 995 4081 1067 ῥῆσιν·

2505 1084 2623 1136 νυνὶ
2669 1085 2723 1137 δὲ
2778 1085 2918 1155 ἁπλῇ
2979 1088 3174 1156 φράσει
3227 1087 3468 1157 φαίνεται
3527 1088 3974 1158 συγχρησὰμενος
4017 1089 4086 1160 τῇ

2506 1174 2614 1227 ἀπὸ
2643 1175 2735 1228 τοῦ
2768 1176 2978 1248 ψαλμοῦ
3026 1177 3354 1250 παραθέσει·
3393 1178 3471 1232 διὸ
3505 1180 3646 1232 εἴποι
3681 1195 3765 1242 τις
3795 1177 4087 1232 αὑτὺνκαο
4121 1214 4124 1216 η

2505 1267 2872 1338 τακεχρῆσθαι
2906 1270 3171 1340 εὐκαίρως
3215 1272 3307 1324 καὶ
3337 1269 3626 1340 ὠφελίμως
3670 1269 3762 1324 καὶ
3793 1268 4087 1342 εὐρύθμως

2505 1361 2570 1428 τῇ
2603 1360 2897 1430 μαρτυρία.

2591 1451 2694 1503 ἐν
2708 1449 2784 1514 τῷ
2804 1451 2955 1518 ἡλίῳ
2983 1451 3146 1505 ἔθετο
3172 1453 3234 1505 τὸ
3251 1451 3539 1522 σκήνωμα
3561 1452 3768 1518 αὐτοῦ,
3786 1451 3885 1506 καί
3899 1450 4088 1519 αὐτὸς

2507 1543 2588 1609 ὡς
2637 1544 2893 1613 νυμφίος
2947 1545 3410 1615 ἐκπορευόμενος
3452 1549 3521 1602 ἐκ
3581 1546 3816 1602 παστοῦ
3871 1545 4082 1601 αὐτοῦ.

2523 1635 2972 1705 Ἀγαλλιάσεται
3001 1636 3082 1702 ὡς
3109 1638 3276 1706 γίγας
3303 1637 3546 1709 δραμεῖν
3573 1639 3716 1693 ὁδὸν
3742 1639 3949 1694 αὑτοῦ·
3979 1637 4086 1693 ἀπ’

2510 1725 2694 1793 ἄκρου
2722 1726 2827 1780 τοῦ
2847 1725 3102 1793 οὐρανοῦ
3132 1728 3170 1794 ὴ
3199 1727 3406 1795 ἔξοδος
3429 1730 3635 1792 αὑτοῦ,
3657 1731 3751 1784 καί
3784 1729 3849 1783 τὸ
3871 1726 4087 1783 κατάν-

2510 1834 2663 1886 τημα
2709 1817 2892 1874 αὐτοῦ
2954 1818 3062 1884 ἕως
3105 1817 3289 1886 ἄκρου
3328 1821 3432 1874 τοῦ
3477 1821 3767 1889 οὺρανοῦβ
3807 1821 3923 1875 ’και
3969 1822 4086 1876 οὐκ

2509 1912 2677 1965 ἔστιν
2705 1911 2770 1977 ὃς
2799 1909 3277 1978 ἀποκρυὸήσεται
3306 1911 3419 1979 τὴν
3444 1912 3666 1982 θέρμην
3693 1913 3897 1969 αὐτοῦ.
3935 1912 4085 1986 Πρὸς

840 1992 934 2047 rite
964 1995 1222 2071 magister
1252 1994 1568 2062 inducitur;
1605 2004 1792 2066 utpote
1830 2001 1920 2069 qui
1951 1998 2163 2055 Domini
2197 2018 2260 2056 ac
2291 2019 2405 2057 ma-

2509 2006 2619 2066 τοῖς
2661 2002 2964 2074 εἰρημένοις
3004 2002 3101 2073 τῆς
3133 2002 3224 2055 τοῦ
3263 2003 3392 2056 Θεοῦ
3434 2003 3734 2074 δοξολογίας
3763 2005 4084 2070 διδάσκαλος

833 2086 924 2152 gni
985 2087 1130 2154 regis
1188 2086 1500 2140 inviolatam
1561 2089 1815 2144 observet
1873 2091 2064 2161 legem.
2120 2091 2406 2163 Nunquam

837 2174 984 2228 enim
1013 2176 1177 2228 alium
1218 2186 1412 2245 printer
1461 2187 1721 2235 statutum
1765 2182 1865 2236 sibi
1898 2199 2117 2239 cursum
2144 2186 2280 2240 inire
2309 2203 2407 2240 au-

837 2261 962 2323 det,
1006 2278 1282 2333 nunquam
1350 2265 1600 2324 delinitos
1654 2271 1706 2324 in
1759 2272 1964 2328 cmiesti
2022 2276 2408 2330 constitutione

837 2353 1100 2410 terminos
1139 2357 1564 2426 transgreditur.
1599 2359 1702 2415 Sed
1729 2377 1886 2418 mane
1911 2364 2068 2432 quasi
2103 2380 2170 2418 ex
2199 2373 2408 2420 remoto

836 2443 1224 2516 inaccessoque
1251 2448 1512 2514 thalamo,
1549 2452 1832 2522 speciosus
1857 2463 2114 2524 tanquam
2146 2470 2402 2525 sponsus,

835 2547 898 2591 ac
930 2535 1070 2592 lucis
1121 2536 1254 2592 ﬂore
1285 2538 1574 2596 decoratus
1625 2544 1946 2613 egreditur:
1997 2559 2061 2598 ac
2119 2555 2404 2616 postquam

835 2625 1171 2682 horizontem
1199 2628 1517 2687 orientalem
1547 2634 1906 2695 transcendit,
1940 2643 2112 2688 totum
2143 2637 2402 2692 mundum

834 2723 1108 2784 permeat,
1163 2732 1437 2787 nunquam
1473 2719 1742 2783 defessus,
1781 2724 2060 2793 proprium
2093 2733 2404 2798 statumque

835 2803 936 2858 sibi
966 2806 1298 2861 curriculum
1329 2808 1565 2863 conficit.
1607 2812 1816 2867 Circuit
1861 2829 2025 2884 porro
2057 2818 2215 2887 quasi
2248 2819 2400 2888 gigas

832 2895 1027 2952 robore
1061 2899 1384 2968 praevalidus
1423 2912 1588 2971 atque
1624 2905 1880 2970 invictus,
1909 2923 2070 2965 orsus
2111 2924 2141 2962 a
2186 2925 2401 2964 summo

831 2991 1021 3039 centro
1054 2987 1353 3043 horizoutis
1377 2991 1681 3055 orientalis,
1712 3010 1810 3048 ceu
1837 3005 1868 3048 a
1915 2997 2207 3068 repagulo,
2239 3007 2402 3068 atque

833 3090 942 3130 uno
972 3075 1078 3132 diei
1110 3079 1396 3148 noctisque
1435 3081 1611 3148 spatio
1657 3089 1830 3135 totum
1877 3087 2144 3153 percurrit
2172 3087 2356 3141 orbem
2382 3128 2398 3150 ,

833 3174 892 3218 ut
923 3181 1082 3246 nemo
1104 3168 1301 3223 caloris
1331 3169 1453 3238 ejus
1479 3186 1672 3239 expers
1691 3170 1874 3228 fuerit.
1909 3173 2041 3228 Illud
2075 3184 2254 3230 autem
2286 3194 2401 3247 per-

832 3255 974 3325 agit,
1021 3241 1078 3310 ut
1104 3258 1256 3312 uutui
1287 3259 1494 3327 opiﬁcis
1518 3261 1732 3331 sui,Qui
1766 3263 1940 3332 ipsum
1973 3267 2026 3320 in
2061 3241 2398 3323 firmamento

2509 2091 2839 2163 καθέστηκεν
2867 2093 2894 2144 6
2933 2091 3098 2163 ἥλιος,
3125 2086 3210 2144 οἶα
3241 2091 3495 2146 δεσπότου
3531 2096 3622 2148 καὶ
3658 2097 3890 2166 μεγάλου
3928 2097 4084 2167 βασι-

2506 2184 2641 2247 λέως
2669 2185 2826 2254 νόμον
2856 2185 3205 2256 ἀπαράόατον
3243 2185 3444 2256 τηρῶν.
3489 2187 3563 2239 Ού
3605 2187 3713 2260 γάρ
3755 2206 3883 2243 ποτε
3914 2189 4084 2260 ἄλλην

2504 2275 2799 2344 τρέπεσθαι
2833 2275 2984 2346 παρά
3013 2277 3110 2346 τὴν
3141 2274 3445 2347 ὁρισθεῖσαν
3475 2277 3874 2349 αύτῷήπορείαν
3907 2279 4082 2351 τολμᾷ

2505 2366 2611 2418 οὐδ’
2637 2366 2949 2435 ὑπερϐαίνει
2982 2367 3108 2431 τοὺς
3153 2367 3309 2438 ὅρους
3353 2367 3451 2437 τῆς
3485 2369 3603 2422 κατ’
3637 2368 3861 2442 ούρανδν
3895 2370 4083 2423 διατά-

2505 2456 2638 2523 ξεως
2659 2475 2672 2487 ·
2698 2458 2810 2511 ἀλλ’
2831 2459 3182 2542 ἐκπορεύεται
3211 2460 3308 2531 μὲν
3335 2459 3569 2532 ὄρθριος,
3596 2459 3781 2532 ὥσπερ
3803 2461 3863 2526 ἐξ
3885 2460 4079 2514 ἀδύτου

2504 2547 2598 2600 καὶ
2641 2547 2839 2602 ἀϐάτου
2892 2549 3174 2618 νυμφῶνος
3227 2550 3450 2622 προῖὼν,
3503 2551 3838 2624 ὼραῖσμένος
3886 2550 3942 2605 δὲ
3989 2547 4079 2604 οἷα

2503 2640 2732 2708 νυμφίος
2760 2643 2852 2694 καὶ
2877 2641 2955 2712 τῷ
2977 2641 3068 2694 τοῦ
3101 2645 3274 2710 φωτὸς
3307 2644 3667 2715 ὴγλαῐσμένος
3706 2642 3855 2697 ἄνθει
3879 2659 3893 2673 '
3924 2644 4076 2697 ἐπει-

2501 2729 2598 2783 δὰν
2633 2731 2725 2784 τὸν
2773 2730 3022 2801 ὁρίζοντα
3063 2733 3151 2787 τὸν
3189 2736 3500 2790 ἀνατολικὸν
3541 2736 3772 2809 ὑπερϐῇ,
3813 2736 3902 2790 τὸν
3942 2736 4080 2806 σύμ.-

2502 2839 2678 2876 παντα
2708 2823 2982 2877 διιππεύει
3017 2825 3237 2896 κόσμον,
3267 2827 3608 2892 ἀκοπιάστως
3639 2827 3730 2881 τὸν
3758 2830 3956 2882 οἰκεῖον
3992 2827 4078 2895 ἐξ·

2500 2915 2675 2968 ανύων
2701 2915 2920 2987 δρόμον.
2951 2917 3155 2970 Κυκλοῖ
3182 2917 3237 2971 δὲ
3276 2919 3490 2973 κυκλῶν
3514 2915 3603 2973 οἷὰ
3628 2937 3711 2984 τις
3739 2920 3900 2989 γίγας
3926 2921 4078 2992 ίσχυ-
4103 2931 4105 2933 ’

2501 3007 2592 3078 ρὸς
2617 3007 2712 3079 τὴν
2739 3008 2906 3080 ἀλκὴν
2931 3009 3025 3063 καὶ
3056 3010 3283 3082 ἄμαχος,
3311 3011 3460 3065 ὥσπε
3468 3029 3499 3084 ρ
3520 3004 3583 3066 ἐκ
3607 3012 3814 3085 νύσσης
3838 3011 4073 3084 ἀρξάμε-

2498 3117 2586 3163 νος
2614 3100 2707 3152 ἀπ’
2741 3101 2909 3172 ἄκρου
2943 3101 3164 3172 κέντρου
3198 3103 3290 3156 τοῦ
3327 3105 3463 3158 κατὰ
3491 3103 3749 3168 ἀνατολὰς
3777 3103 4072 3174 ὁρίζοντος,

2496 3191 2788 3262 διατρὲχων
2821 3193 3146 3264 νυχθημέρῳ
3173 3196 3251 3247 ἑνὶ
3295 3196 3384 3248 τὸν
3421 3194 3962 3266 σύμπαντακόσμον,
3995 3195 4072 3259 ὡς

2501 3284 2703 3354 μηδένα
2737 3285 3130 3356 ἀνεπαίσθητον
3169 3283 3305 3340 εἶναι
3347 3287 3572 3358 θέρμης.
3620 3287 3804 3341 Ταῦτα
3835 3288 3893 3340 δὲ
3926 3290 4075 3361 ἐνερ-

831 3348 1131 3411 constituit,
1174 3349 1522 3438 obsequatur.
1587 3352 1708 3409 Ideo
1755 3355 1956 3410 dictum
2012 3369 2133 3413 est:
2187 3359 2253 3412 In
2288 3361 2397 3414 sole

2499 3378 2586 3442 γεῖ
2615 3375 2876 3428 δουλεύων
2903 3376 2980 3446 τῷ
3001 3377 3092 3430 τοῦ
3118 3378 3474 3450 πεποιηκότος
3503 3378 3662 3432 αὐτὸν
3695 3379 3944 3450 νεύματι,
3979 3382 4074 3435 καὶ

829 3440 1003 3508 posuit
1033 3439 1426 3537 tabernaculum
1459 3461 1632 3499 suum.
1687 3445 1842 3513 Quod
1890 3451 2104 3504 tametsi
2163 3450 2399 3508 dilucide

2499 3466 2797 3531 τεθεικότος
2828 3469 2886 3520 ἐν
2918 3468 2993 3538 τῷ
3024 3469 3381 3542 στερεώματι.
3427 3472 3516 3524 Διὸ
3559 3470 3803 3544 εἴρηται·
3852 3473 3954 3528 Ἐν
3995 3471 4074 3540 τῷ

829 3529 1122 3600 prolatum,
1157 3515 1397 3602 apertius
1441 3541 1622 3590 tamen
1663 3553 1708 3591 a-
1748 3539 1971 3610 reliquis
2006 3541 2396 3613 interpretibus

2510 3515 2794 3531 -----ν--ν--τ
2831 3515 2877 3520 --
2930 3515 2989 3538 ’τ
3028 3515 3381 3542 ν--ι-ν-ιν-*π-
3427 3515 3515 3524 -νσ
3560 3515 3769 3544 *ΤῚ“’“
3866 3515 3936 3528 ν’
3997 3515 4072 3540 ’Ψ

2499 3557 2646 3627 ἡλίῳ
2681 3559 2846 3613 ἔθετο
2880 3560 2944 3614 τὸ
2975 3562 3263 3632 σκήνωμα
3298 3564 3502 3618 αὑτοῦ.
3537 3563 3714 3638 Ὅπερ
3761 3566 3946 3635 σαφῶς
3999 3569 4072 3620 εί·

829 3623 1158 3691 explicatum
1190 3633 1273 3681 est
1308 3645 1321 3680 :
1353 3643 1478 3681 nam
1511 3629 1702 3698 Aquila
1736 3631 1816 3686 sic
1847 3633 2044 3699 habet,
2081 3634 2196 3690 Soli
2221 3640 2395 3706 posuit

830 3714 1226 3771 tabernaculum
1252 3719 1306 3772 in
1333 3721 1494 3789 ipsis;
1528 3720 1884 3793 Symmachus
1912 3742 2062 3792 vero,
2103 3728 2218 3782 Soli
2254 3731 2396 3784 ordi-

831 3807 973 3860 navit
1018 3809 1412 3864 tabernaculum
1441 3813 1492 3867 in
1532 3815 1686 3882 ipsis;
1716 3814 2036 3881 Theodotio,
2069 3818 2183 3874 Soli
2221 3824 2394 3892 posuit

831 3895 1227 3955 tabernaculum
1269 3905 1322 3956 in
1377 3905 1538 3971 ipsis;
1575 3910 1712 3976 pari
1765 3923 1978 3979 quoque
2011 3912 2170 3967 modo
2202 3914 2392 3983 quinta

831 3989 996 4044 editio
1021 3994 1293 4061 exposuit.
1326 3993 1458 4048 Nam
1497 3997 1550 4051 in
1575 4014 1738 4066 supra
1775 4005 2088 4060 memoratis
2117 4007 2306 4070 caelis,
2339 4020 2393 4062 et

833 4083 884 4136 in
917 4081 1256 4138 ﬁrmamento
1281 4127 1294 4149 ,
1335 4086 1741 4142 tabernaculum
1779 4098 1832 4145 et
1863 4091 2196 4150 domicilium
2252 4097 2394 4154 Deus

835 4173 936 4227 soli
983 4175 1257 4244 reposuit,
1302 4178 1598 4232 secundum
1647 4180 1777 4234 illud
1833 4196 1863 4236 a
1919 4183 2102 4256 Moyse
2136 4189 2390 4244 dictum:

834 4261 1078 4336 Fecitque
1105 4265 1240 4320 Deus
1265 4265 1369 4320 duo
1403 4267 1687 4323 luminaria
1716 4288 1906 4343 magna
1938 4289 1955 4328 :
1991 4274 2249 4333 luminare
2281 4297 2394 4334 ma-

830 4356 934 4420 ius,
959 4366 1015 4409 ut
1046 4369 1286 4426 prwesset
1317 4357 1452 4434 diei;
1498 4369 1549 4414 et
1576 4361 1832 4418 luminare
1872 4367 2070 4433 minus,
2106 4379 2161 4422 ut
2200 4386 2392 4440 prices-

829 4455 906 4499 set
937 4450 1073 4500 nocti
1096 4487 1131 4512 ,ι
1169 4459 1218 4502 et
1255 4451 1457 4508 stellas.
1490 4451 1556 4506 Et
1609 4455 1783 4522 posuit
1826 4473 1916 4510 eas
1960 4452 2015 4511 in
2062 4461 2393 4529 firmamento

828 4535 966 4598 caeli,
1003 4546 1057 4589 ut
1088 4537 1312 4593 lacerent
1347 4557 1500 4609 super
1525 4543 1805 4612 terram”.
1837 4543 1930 4599 llis
1950 4555 2125 4602 autem
2155 4551 2393 4608 declarat

2500 3649 2760 3720 ρημένον,
2801 3650 3117 3724 λευκότερον
3157 3657 3503 3728 ήρμήνευσαν
3547 3659 3596 3710 οἱ
3643 3657 3848 3712 λοιποί·
3895 3661 3925 3713 ὁ
3973 3660 4072 3732 μὲν

2509 3741 2735 3807 Ἀκύλας
2781 3733 2980 3799 ἐἰπών’
3027 3746 3108 3812 Τῷ
3161 3749 3312 3815 ἡλίῳ
3351 3748 3516 3802 ἔθετο
3549 3749 3836 3820 σκήνωμα
3863 3752 3932 3806 ἐν
3961 3754 4070 3807 αὑ·-

2495 3832 2616 3900 τοῒς
2641 3835 2748 3905 (l)°
2787 3837 2815 3889 6
2859 3836 2915 3888 δὲ
2958 3837 3280 3907 Σύμμαχος·
3325 3837 3407 3902 Τῷ
3444 3839 3596 3905 ἡλίῳ
3635 3839 3808 3904 ἔταξε
3832 3842 4070 3909 σκηνὴν

2493 3925 2562 3979 ἐν
2603 3926 2838 3991 αὐτοῖς’
2875 3928 2902 3978 ὁ
2948 3926 3004 3978 δὲ
3037 3927 3346 3994 Θεοδοτίων,
3399 3928 3482 3994 Τῷ
3525 3931 3675 3997 ήλίῳ
3723 3931 3889 3985 ἔθετο
3923 3931 4070 4000 σκή-

2492 4033 2656 4085 νωμα
2698 4018 2769 4070 ἐν
2812 4017 3047 4083 αὐτοῖς·
3083 4019 3281 4088 ὁμοίως
3312 4019 3368 4073 δὲ
3414 4021 3507 4074 καὶ
3538 4023 3571 4093 ἠ
3607 4023 3826 4094 πέμπτη
3863 4021 4068 4089 ἔκδοσις

2493 4106 2769 4172 ἐξέδωκεν.
2815 4109 2902 4160 Ἐν
2932 4108 3038 4182 γὰρ
3070 4114 3184 4174 τοῖς
3217 4112 3585 4183 προλεχθεῖσιν
3616 4115 3864 4187 οὐρανοῖς
3893 4116 3985 4169 καὶ
4012 4118 4069 4193 ἐγ
4172 4189 4178 4194 _

2491 4195 2569 4266 τῷ
2617 4198 2926 4252 ἀποδοθέντι
2972 4201 3308 4274 στερεὼματι
3356 4206 3418 4258 τὸ
3457 4205 3551 4259 τοῦ
3603 4205 3757 4277 ἡλίου
3810 4208 4067 4278 σκήνωμα

2494 4287 2585 4340 καὶ
2617 4290 2676 4342 τὸ
2708 4291 3016 4364 οἰκητήριον
3062 4295 3345 4351 τέθειταιὸ
3373 4297 3522 4363 Θεὸς,
3562 4299 3702 4352 κατά
3727 4299 3788 4352 τὸ
3811 4298 4066 4371 λελεγμέ-

2493 4395 2581 4430 νον
2611 4381 2760 4450 παρᾶ
2792 4383 3042 4438 Μωῦσεί·
3077 4388 3516 4457 Καὶέποίησεν
3543 4393 3576 4444 ὁ
3609 4389 3751 4455 Θεὸς
3785 4389 3926 4455 τοὺς
3957 4388 4065 4444 δύο

2492 4468 2807 4539 φωστῆρας
2834 4474 2972 4541 τοὺς
2997 4476 3298 4546 μεγάλους
3317 4496 3330 4508 ·
3367 4480 3474 4534 τὸν
3502 4479 3786 4549 φωστῆρα
3831 4482 3938 4534 τὸν
3961 4479 4064 4551 μέ-

2495 4577 2606 4629 γαν
2633 4565 2718 4629 είς
2747 4565 2933 4635 ἀρχὰς
2967 4567 3076 4636 τῆς
3108 4569 3348 4638 ἡμέρας,
3379 4571 3475 4626 καὶ
3510 4569 3616 4624 τὸν
3645 4571 3927 4640 φωστῆρα
3959 4572 4064 4628 τὸν

833 4622 934 4684 sol,
969 4629 1023 4675 et
1051 4630 1258 4679 tantum
1286 4645 1396 4682 non
1429 4630 1660 4695 clamat,
1713 4648 1772 4687 se
1803 4649 2142 4706 nequaquam
2172 4630 2267 4696 sui
2293 4644 2391 4699 do-

2499 4651 2731 4708 ἐλάσσω
2891 4622 3080 4730 ἀρχάς
3119 4622 3241 4729 cur};
3268 4664 3506 4728 νυκτὸς,
3553 4622 3673 4716 καίΓ
3699 4663 3841 4731 τοὺς
3885 4665 4061 4718 ἀστέ-

834 4710 1036 4765 minum
1064 4729 1126 4768 ac
1160 4716 1387 4773 liberum
1417 4737 1566 4789 esse;
1608 4725 1701 4779 sed
1737 4733 1791 4780 et
1818 4726 1901 4782 sui
1929 4735 1981 4783 et
2016 4732 2256 4786 omnium
2282 4734 2386 4790 Do-

832 4800 960 4854 mini
995 4803 1237 4859 notitiam
1267 4810 1526 4877 praebere.

2485 4761 2614 4812 ρας.
2651 4749 2763 4803 Καὶ
2785 4751 2948 4806 ἔθετο
2975 4753 3195 4820 αὐτοὺς
3232 4756 3302 4809 ἐν
3333 4755 3412 4820 τῷ
3447 4754 3797 4824 στερεώματι
3827 4756 3934 4811 τοῦ
3962 4759 4061 4810 οὺ-

2479 4842 2689 4909 ρανοῦ,
2714 4843 2866 4898 ὥστε
2895 4846 3131 4914 φαίνειν
3157 4848 3255 4902 ἐπὶ
3281 4847 3389 4916 τῆς
3419 4846 3560 4918 γῆς·
3597 4850 3695 4903 Διὰ
3729 4849 3930 4902 τούτων
3961 4847 4060 4902 δει-

1279 4905 1371 5010 κξιὶ
1424 4910 1701 5016 ill-DVO'VO'JX1
1743 4911 1911 5016 βῼῶνς
1969 4915 2048 4987 μὴ
2087 4919 2247 4985 αὐτὸς
2295 4919 2430 4981 εἶναι
2467 4898 2916 5011 ἑαυτούκύριοςῖ
2947 4942 3070 5013 μηδ’
3109 4898 3387 5016 ἐλεύθερος
3422 4898 3725 5015 τυγχάνειν,
3779 4940 4059 5014 γνωρίζειν

827 4991 885 5048 δὲ
911 4994 1003 5049 τὸν
1026 4997 1118 5050 καὶ
1148 4999 1338 5053 ἑαυτοῦ
1368 5001 1461 5053 καὶ
1491 5001 1704 5054 πάντων
1737 4995 2030 5080 Δὲσπὸτην.

900 5085 1067 5144 Vnus.
1127 5093 1275 5146 8-12.
1352 5093 1460 5148 Lex
1533 5095 1744 5150 Domini
1823 5101 2207 5177 immaculata,
2265 5130 2391 5168 con-

831 5188 1028 5236 uertens
1094 5183 1332 5248 animas;
1422 5187 1772 5244 testimonium
1833 5189 2047 5248 Domini
2079 5201 2251 5269 ﬁdele,
2309 5223 2389 5260 sn-

828 5273 1078 5340 pientiam
1115 5283 1372 5340 prwstans
1420 5280 1672 5345 parvulis.
1715 5279 2127 5352 Justi/icationes
2176 5293 2386 5350 Domini

832 5375 1004 5431 rectae,
1041 5366 1364 5437 lwtiﬁcantes
1402 5371 1592 5435 corda;
1623 5386 1958 5444 _prwceptum
1991 5379 2202 5439 Domini
2253 5388 2387 5441 luci-

829 5457 972 5521 dum,
995 5457 1298 5514 illuminans
1335 5462 1532 5518 oculos.
1569 5465 1748 5522 Timor
1779 5470 1988 5526 Domini
2035 5487 2236 5544 castus,
2265 5497 2385 5548 per-

831 5564 1044 5604 manens
1095 5552 1148 5603 in
1197 5554 1445 5608 smculum
1489 5554 1701 5614 surculi:
1724 5561 1931 5629 judicia
1983 5565 2194 5625 Domini
2237 5590 2377 5638 vera,

899 5727 1117 5786 "Rom.
1165 5747 1217 5799 x,
1270 5735 1351 5789 ll.
1424 5737 1616 5794 “Gen.
1678 5759 1715 5806 l,
1752 5744 1836 5808 16,
1880 5746 1966 5799 17.

2578 5123 2638 5176 '0
2658 5126 2840 5194 νόμος
2866 5129 3344 5199 Κειρίουμᾶμωμος
3362 5128 3734 5196 ἐπιστρέφων
3752 5128 3956 5198 ψυχάς
3972 5147 3987 5161 ·
4017 5131 4054 5199 ἡ

2488 5217 2778 5283 μαρτυρία
2809 5221 3026 5287 Κυρίου
3051 5219 3236 5286 πιστὴ
3270 5218 3601 5287 (πορίζουσα
3631 5217 3834 5284 νήπια.
3870 5220 3946 5274 Τὰ
3973 5221 4058 5276 δι-

2491 5303 2784 5374 καιώματα
2813 5311 3031 5377 Κυρίου
3074 5309 3247 5366 εὐθέα
3283 5309 3676 5379 εὐφραίνοντα
3708 5308 3982 5377 καρδίαν·
4015 5313 4053 5378 ι)

2487 5394 2702 5464 ἐντολὴ
2737 5401 2955 5468 Κυρίου
2985 5399 3297 5470 ⁴τηλαυγὴς
3331 5400 3659 5471 φωτίζουσα
3691 5401 4048 5471 ὀφθαλμούς-

2503 5484 2554 5536 Ὀ
2586 5488 2766 5555 φόϐος
2797 5493 3014 5559 Κυρίου
3049 5491 3229 5560 ἁγνὸς
3263 5490 3553 5561 διαμένων
3583 5495 3669 5558 είς
3698 5489 3881 5545 αἰῶνα
3919 5489 4052 5546 alsit-

2487 5595 2619 5644 νος·
2667 5581 2737 5634 τὰ
2787 5584 3035 5652 κρίματα
3079 5585 3293 5651 Κιφίου
3339 5585 3592 5651 ἀληθινὰ
3636 5580 4052 5652 ὃεδικαιωμέια

863 5893 868 5898 ’
899 5908 972 5982 (1)
1011 5913 1067 5968 In
1091 5912 1350 5975 chraico
1373 5921 1583 5994 legitur,
1623 5934 1742 5986 an:
1780 5909 2026 5990 SUN‘DW
2062 5913 2272 6000 m5,
2305 5932 2403 5986 soli
2439 5933 2611 6001 posuit
2643 5932 3038 5994 tabernaculum
3071 5941 3123 5996 in
3158 5942 3304 6011 ipsis.
