4302 6398
286 495 388 553 193

1425 504 1931 562 COMMENTARIA
1961 504 2029 559 IN
2066 503 2407 561 PSALMOS.

3432 504 3543 565 194

275 620 373 675 ἐπὶ
412 620 477 674 τὸ
506 622 657 677 αὑτό
674 640 686 653 ·
717 622 1056 694 ἐπιθυμητᾶ
1077 624 1230 693 ὑπὲρ
1258 626 1516 695 χρυσίον
1554 628 1650 681 καὶ
1690 629 1865 682 λίθον
1895 634 1938 689 Α
1959 645 1974 696 λ

1839 644 1865 677 ν·
1895 634 1938 689 Α
1959 627 2259 696 justiﬁcata
2292 627 2345 679 in
2372 626 2654 695 semetipsa
2681 665 2696 689 ,
2742 624 3120 681 desiderabilia
3166 644 3318 697 super
3351 644 3538 685 aurum

274 713 467 781 τίμιον
499 714 718 780 πολὺν,
754 716 855 770 καί
894 720 1229 787 γλυκύτερα
1260 719 1409 786 ὑπὲρ
1442 718 1581 788 μέλι
1620 720 1721 775 καὶ
1757 737 1861 787 κη-

266 804 422 872 ρίον.
463 806 571 860 Καὶ
614 806 723 878 γὰρ
761 811 794 862 ό
821 808 1041 877 δοῦλός
1075 825 1191 865 σου
1232 810 1534 879 φυλάσσει
1574 812 1745 875 αὐτὰ,
1792 830 1861 864 ει·

275 896 352 963 τῷ
394 898 743 967 φυλάσσειν
778 902 931 957 αὐτὰ
967 904 1369 971 ἀνταπόδοσις
1410 906 1631 972 πολλή.
1675 906 1859 958 Ταῦτα

272 986 328 1041 δὲ
368 989 547 1043 πάντα
590 991 939 1064 περιεῦιηφεν
983 993 1013 1045 ὁ
1054 993 1149 1046 τοῦ
1184 994 1318 1047 Θεοῦ
1360 995 1522 1067 νόμος
1568 997 1705 1069 ὑπὲρ
1739 999 1858 1050 ἐπι-

276 1086 513 1155 στφφῆς
559 1088 658 1157 τῆς
700 1085 910 1161 ψυχῆς..
950 1087 1269 1159 Μαρτυρίας
1306 1089 1416 1159 γὰρ
1451 1090 1665 1160 πρῶτον
1714 1108 1859 1161 περι,

273 1175 383 1245 ἔχει
433 1177 528 1232 καὶ
571 1178 913 1252 δικαιώματα
953 1182 1056 1236 ’καί
1090 1182 1330 1246 ἐντολάς.
1368 1184 1600 1237 Ἔπειτα
1640 1184 1855 1249 τούτοις

273 1268 476 1322 ἅπασιν
506 1270 837 1342 ὲπήρτησεν,
869 1270 1057 1337 ὥσπερ
1084 1270 1385 1344 βακτηρίαν
1412 1274 1854 1345 ὲπιστρεπτικὴν,

270 1360 361 1413 τὸν
392 1361 577 1430 φόϐον,
620 1366 715 1419 καὶ
760 1366 853 1418 ἐπὶ
877 1367 1039 1418 πᾶσιν
1074 1364 1262 1437 ὥσπερ
1312 1367 1582 1439 κορωνίδα
1624 1368 1688 1421 τὰ
1736 1370 1857 1439 κρί-

274 1471 417 1525 ματα
447 1456 682 1529 ὲπέθηκε
716 1458 807 1510 τοῦ
848 1457 1001 1510 Θεοῦ.
1039 1458 1284 1531 Ἐκάστῳ
1327 1460 1385 1514 δὲ
1417 1460 1524 1514 τῶν
1550 1463 1855 1533 εἰρημένων

274 1546 472 1619 ἰδίωμα
514 1550 717 1620 συνῆψε
738 1567 751 1581 ·
778 1549 856 1621 τῷ
885 1550 983 1620 μὲν
1012 1551 1153 1605 κατὰ
1195 1551 1371 1606 πάντα
1408 1554 1607 1625 γενικῷ
1643 1553 1857 1625 ὠνομα-

272 1638 453 1711 σμένῳ
491 1642 641 1712 νόμῳ
688 1643 788 1715 τὴν
826 1642 929 1712 τῆς
961 1641 1140 1714 ψυχῆς
1180 1644 1513 1716 ἐπιστροφήν
1539 1662 1553 1676 ·
1612 1647 1760 1710 ὅπως
1798 1647 1853 1700 δὲ

269 1735 589 1806 επιστρέφει
629 1736 795 1807 ψυχὴ,
837 1736 927 1790 διὰ
969 1736 1078 1791 τῶν
1117 1736 1246 1807 ἑξῆς
1291 1739 1607 1811 παρίστησι,
1651 1737 1857 1813 ειαρτυῖ-

270 1825 391 1897 ρίαν
421 1828 621 1898 πιστὴν
653 1829 823 1883 εἰπὼν
852 1829 919 1884 δι’
941 1825 1009 1905 ἦς
1040 1834 1313 1904 σοφίζεται
1361 1836 1388 1887 ὁ
1423 1836 1480 1887 ὲν
1513 1836 1731 1909 Χριστῷ
1762 1839 1857 1908 νή-

267 1936 390 1984 πιος
409 1937 421 1951 ·
456 1921 648 1976 ἔπειτα
680 1922 1023 1995 δικαιώματα
1053 1928 1280 1998 Κυρίου,
1306 1928 1624 1983 καὶτούτων
1662 1930 1853 2002 ἰδίωμα

267 2011 524 2083 προσθεὶς
554 2014 616 2068 τὸ
649 2011 790 2070 εἶναι
829 2017 967 2072 αὑτὰ
999 2018 1183 2083 εὑθὲα,
1214 2018 1425 2092 καρπόν
1458 2039 1516 2074 τε
1544 2024 1656 2085 τοῖς
1688 2040 1852 2094 μετα-

268 2104 605 2178 λαμϐάνουσι
664 2112 970 2183 παρέχοντα
1025 2115 1124 2186 τὴν
1175 2114 1531 2186 εὐφροσύνην.
1596 2117 1705 2170 Καὶ
1761 2119 1855 2173 ἐπὶ

265 2199 474 2265 τούτοις
502 2201 722 2275 ἐντολὴν
748 2200 975 2276 Κυρίου,
1002 2201 1071 2279 ἦς
1100 2209 1192 2260 καὶ
1216 2207 1386 2279 αὐτῆς
1413 2208 1473 2262 τὸ
1504 2209 1700 2280 ἰδίωμα
1723 2227 1857 2281 παρ·

266 2293 515 2364 έστησεν,
552 2294 799 2367 τηλαυγῆ
846 2298 1025 2370 φήσας
1064 2297 1231 2371 αὑτὴν
1268 2300 1360 2353 καὶ
1411 2300 1517 2355 τῶν
1564 2300 1855 2371 ὀφθαλμῶν

265 2386 362 2457 τῆς
390 2386 573 2459 ψυχῆς
605 2391 959 2470 φωτιστικήν.
988 2391 1078 2461 Τῷ
1101 2392 1157 2445 δὲ
1191 2392 1340 2463 φόϐῳ
1373 2393 1469 2448 τοῦ
1501 2395 1703 2466 Κυρίου
1732 2413 1855 2449 συν-

264 2479 401 2551 ῆψεν
445 2481 545 2554 τὴν
590 2482 834 2553 ἁγνείαν,
887 2484 980 2538 καὶ
1028 2487 1092 2555 τῇ
1139 2486 1330 2558 ἁγνεία
1365 2488 1466 2557 τὴν
1510 2488 1706 2559 διαρκῆ
1761 2490 1854 2543 καὶ

263 2572 481 2630 αἰώνιον
514 2575 681 2648 ζωήν.
721 2576 833 2630 Καὶ
872 2577 966 2630 ἐπὶ
999 2579 1131 2630 πᾶσι
1172 2579 1265 2633 καὶ
1307 2580 1445 2649 μετά
1478 2582 1654 2635 πάντα
1691 2599 1856 2655 προσ-

266 2666 461 2737 έθηκεν
518 2668 617 2741 τὴν
654 2668 748 2723 τοῦ
795 2669 931 2724 Θεοῦ
981 2671 1181 2742 κρίσιν,
1232 2674 1438 2745 συνῆψέ
1469 2691 1527 2728 τε
1576 2676 1711 2747 αὑτῇ
1754 2676 1853 2748 τὴν

266 2757 525 2828 ἀλήθειαν
565 2758 659 2813 καὶ
690 2760 789 2831 τὴν
816 2760 1183 2832 δικαιοσύνην.

332 2851 782 2923 Παραπτώματα
836 2854 928 2921 τίς
954 2856 1249 2921 συνήσει;
1298 2858 1366 2911 ἐκ
1420 2858 1537 2913 τῶν
1587 2861 1853 2929 κρυφίων

262 2960 379 3012 μου
409 2946 742 3013 καθάρισον
761 2963 860 3016 με,
904 2947 1003 3002 καί
1038 2948 1154 3003 ἀπὸ
1184 2947 1517 3018 ἀλλοτρίων
1538 2952 1736 3022 φεῖσαι
1773 2951 1853 3019 τῷ

266 3033 463 3104 δούλῳ
494 3052 632 3091 σου.
669 3038 815 3094 Ἀντὶ
850 3040 908 3094 δὲ
954 3040 1070 3107 τοῦ,
1125 3041 1257 3097 Ἀπὸ
1290 3045 1625 3113 ἀλλοτρίων
1649 3045 1852 3115 φεῖσαι

265 3125 345 3193 τῷ
389 3126 593 3195 δούλῳ
635 3143 772 3195 σου,
810 3132 841 3185 ὁ
873 3131 1103 3197 Ἀκύλας
1148 3134 1413 3201 ἐξέδωκε·
1463 3138 1575 3191 Καί
1623 3152 1688 3208 γε
1732 3137 1852 3191 ἀπὸ

264 3222 666 3291 ὑπερηφάνων
702 3225 1096 3293 συντήρησον
1134 3227 1239 3281 τὸν
1286 3227 1509 3284 δοῦλόν
1545 3244 1679 3287 σου.
1717 3232 1837 3301 Σφό

1962 733 2009 776 et
2038 719 2261 788 lapidem
2290 720 2577 789 pretiosum
2608 718 2854 783 multum,
2888 730 2936 773 et
2979 718 3222 775 dulciora
3253 738 3410 792 super
3443 726 3544 777 mel

1961 828 2009 869 et
2041 816 2236 885 favum.
2270 813 2477 868 Etenim
2507 830 2685 868 servus
2724 823 2843 867 tuus
2876 814 3102 867 custodit
3138 832 3200 868 ea
3225 816 3327 877 ,.in
3357 824 3538 873 custo-

1961 906 2164 961 diendis
2220 907 2329 960 illis
2381 907 2660 960 retributio
2712 900 3071 961 multa.‘H:ec
3120 915 3301 961 autem
3353 906 3537 963 omnia

1960 979 2337 1068 complectilur
2363 999 2449 1053 lex
2490 997 2584 1052 Dei
2630 1012 2730 1067 pro
2761 998 3128 1053 conversione
3157 999 3354 1063 anima:
3384 998 3534 1053 data.

1960 1088 2096 1145 Nam
2134 1089 2307 1160 primo
2332 1089 2666 1153 testimonia,
2716 1089 3140 1159 justilicationes
3177 1098 3231 1144 et
3271 1099 3537 1161 praecepta

1958 1180 2227 1235 continet.
2281 1177 2377 1233 His
2422 1168 2618 1234 deinde
2676 1170 2931 1235 omnibus
2963 1181 3208 1235 timorem
3241 1181 3537 1250 appendit.

1958 1274 2115 1343 quasi
2139 1273 2391 1328 baculum
2430 1274 2495 1326 ad
2521 1272 2945 1328 convertendum
2975 1280 3376 1344 opportunum:
3416 1288 3537 1327 om-

1958 1364 2229 1435 nibusque
2254 1365 2462 1435 judicia
2495 1366 2592 1420 Dei
2630 1381 2729 1421 ceu
2762 1366 3077 1421 coronidem
3110 1365 3381 1433 adjunxit.
3413 1362 3540 1419 Sin-

1956 1458 2098 1529 gulis
2125 1466 2306 1514 autem
2328 1459 2772 1530 supradictorum
2808 1474 2965 1515 suam
3003 1459 3212 1514 addidit
3243 1458 3541 1528 proprieta-

1957 1561 2086 1617 tem,
2119 1552 2171 1607 id
2211 1560 2317 1617 est,
2345 1554 2446 1623 legi
2478 1569 2600 1624 quae
2633 1554 2721 1608 hic
2762 1555 3061 1624 generatim
3107 1552 3362 1616 elfertur,
3416 1567 3543 1607 con-

1954 1646 2259 1701 versionem
2309 1648 2523 1702 animm.
2574 1647 2696 1713 Quo
2747 1657 2907 1715 pacto
2957 1654 3137 1702 autem
3189 1654 3544 1701 convertatur

1958 1739 2158 1807 anima,
2195 1739 2251 1793 in
2279 1740 2637 1809 sequentibus
2669 1740 2871 1809 aperit,
2909 1738 3131 1808 quando
3162 1738 3537 1810 testiinonium

1958 1831 2113 1888 lidele
2143 1841 2428 1901 memorat,
2461 1849 2570 1904 quo
2598 1832 2781 1903 quivis
2829 1831 3012 1887 infans
3059 1832 3111 1885 in
3156 1830 3409 1893 Christo,
3446 1846 3539 1887 sa-

1958 1927 2110 1997 piens
2142 1926 2397 1983 cl'licitur.
2436 1926 2640 1982 Deinde
2669 1941 2798 1981 vero
2841 1914 3265 1995 justilicationes
3298 1923 3536 1985 Domini.

1955 2018 2155 2093 quibus
2189 2023 2316 2078 item
2350 2036 2506 2077 suam
2562 2021 2949 2093 proprietatem
2994 2018 3220 2088 adjicit,
3278 2018 3538 2073 nimirum

1955 2114 2101 2186 quod
2147 2121 2309 2169 rectae
2339 2114 2487 2178 sint,
2537 2128 2601 2167 ac
2637 2114 2720 2167 sui
2758 2111 3117 2183 participibus
3166 2110 3365 2164 lmtitiie
3428 2108 3541 2165 fru-

1955 2215 2103 2263 ctum
2134 2208 2369 2278 pariant.
2402 2206 2484 2260 Ad
2514 2206 2649 2270 inec,
2680 2212 3011 2276 praaceptum
3065 2198 3281 2258 Domini
3310 2244 3325 2266 ,
3376 2201 3537 2272 cujus

1956 2315 2172 2371 quoque
2202 2300 2586 2370 proprietatem
2614 2299 2941 2366 declaravit,
2975 2298 3105 2353 dum
3158 2296 3399 2351 lucidum
3447 2294 3533 2350 di-

1956 2394 2027 2450 cit
2055 2409 2197 2459 esse,
2222 2395 2526 2463 animaeque
2560 2394 2750 2449 oculos
2794 2392 3128 2447 illuminare.
3162 2389 3369 2445 'I‘imori
3422 2386 3534 2443 Do-

1957 2487 2089 2541 mini
2120 2468 2407 2557 subjunxit
2440 2486 2747 2542 castitatem
2768 2525 2783 2549 ,
2839 2494 2894 2539 et
2928 2484 3169 2539 castitati
3222 2489 3536 2553 perpetuam

1953 2591 2321 2651 aeternamque
2356 2582 2547 2635 vitam.
2610 2578 2839 2634 Deunnn
2873 2592 3037 2648 supra
3092 2578 3276 2630 omnia
3326 2583 3380 2630 et
3418 2582 3540 2644 post

1954 2675 2136 2728 omnia
2162 2674 2432 2744 judicium
2470 2672 2561 2728 Dei
2596 2671 2827 2735 addidit,
2858 2670 2946 2725 cui
2978 2669 3261 2724 veritatem
3290 2676 3344 2723 et
3376 2668 3539 2738 justi-

1956 2766 2086 2819 tiam
2120 2766 2382 2819 annectit.

2024 2856 2190 2913 Vnns.
2212 2857 2300 2918 15,
2328 2856 2411 2911 14.
2434 2854 2635 2909 Delicta
2651 2856 2765 2925 quis
2788 2854 3067 2924 intelliget?
3086 2853 3152 2907 ab
3178 2854 3393 2908 occultis
3410 2854 3537 2907 meis

1953 2951 2153 3003 munda
2184 2966 2284 3015 me,
2307 2958 2357 3003 et
2384 2947 2448 3002 ab
2472 2949 2661 3003 alienis
2690 2962 2844 3016 parce
2880 2963 3025 3001 servo
3053 2955 3163 3000 tuo.
3207 2946 3355 3001 Illius
3391 2945 3533 3010 loco,

1951 3024 2014 3100 ᾰι
2048 3042 2236 3098 alienis
2266 3059 2421 3114 parce
2445 3059 2593 3098 servo
2621 3052 2730 3106 tuo,
2762 3040 2958 3112 Aquila
2985 3039 3177 3100 edidit,
3209 3049 3259 3093 et
3290 3056 3323 3092 a
3353 3054 3536 3107 uiper-

1956 3133 2033 3189 bis
2070 3135 2276 3190 custodi
2309 3151 2515 3190 servum
2547 3145 2711 3189 tuum.
2755 3131 3061 3188 Admodum
3094 3147 3320 3188 necesse
3349 3131 3452 3186 fuit
3476 3139 3534 3186 ut

1956 3233 2099 3286 hanc
2127 3231 2403 3286 emitteret
2431 3230 2760 3297 orationem,
2784 3242 2894 3299 quo
2930 3241 2961 3280 a
2987 3225 3247 3297 superbia
3272 3224 3534 3281 liberare.

262 3314 363 3386 δρα
391 3317 709 3385 ἀναγκαίως
740 3319 835 3373 καὶ
862 3318 1064 3391 ταύτην
1094 3321 1393 3393 ἐκπέμπων
1425 3324 1522 3395 τὴν
1559 3325 1743 3395 εὐχὴν,
1776 3323 1852 3389 ὡς
1880 3342 1925 3405 ο
1958 3333 1961 3369 1

1836 3342 1852 3389 ;
1880 3342 1925 3405 ο
1958 3314 2065 3376 t'ur.
2093 3319 2546 3392 Quandoquidem
2576 3336 2692 3388 eos,
2720 3319 2815 3391 Qui
2845 3332 2968 3375 sese
3008 3319 3179 3388 probe
3209 3331 3274 3373 ac
3312 3325 3535 3373 strenue

263 3406 329 3464 ἂν
352 3410 577 3483 ρυσθείη
598 3412 707 3466 ἀπὸ
730 3413 1125 3484 ὑπερηφανίας.
1159 3415 1373 3495 Ἐπειδὴ
1402 3416 1509 3488 γὰρ
1532 3421 1641 3482 τοῖς
1665 3436 1856 3491 κατορο
1955 3435 1962 3483 ι

1836 3448 1856 3461 -
1955 3422 2176 3487 gerunt,
2208 3414 2455 3486 quaedam
2499 3415 2819 3485 plerumque
2865 3410 3103 3482 superba
3143 3410 3399 3482 cogitatio
3445 3424 3535 3467 se-

265 3500 419 3554 θοῦσι
449 3502 756 3573 παρέπεταί
794 3519 880 3565 τις
908 3501 1165 3573 λογισμὸς
1194 3505 1450 3570 πολλάκις
1482 3509 1848 3581 ὑπερηφανος,

262 3592 635 3665 ἐπαιρομὲνης
683 3596 777 3648 καὶ
837 3594 1211 3667 χαυνουμένης
1260 3598 1360 3669 τῆς
1412 3600 1590 3672 ψυχῆς
1639 3603 1724 3672 ἐφ’
1771 3599 1852 3667 οἷς

260 3683 427 3758 ἑαυτῇ
463 3687 698 3741 συνοῖδεν
739 3686 991 3756 ἀγαθοῖς·
1036 3683 1156 3742 εἶτα
1196 3689 1275 3759 τῷ
1324 3690 1426 3761 τῆς
1474 3694 1851 3766 ὑπερηφανίας

261 3778 636 3852 περιπεσοῦσα
683 3780 869 3853 κακῷ,
912 3780 1057 3854 ἄλλῳ
1097 3783 1284 3855 τρόπῳ
1330 3786 1713 3858 τραχηλίζεται
1757 3791 1849 3845 καὶ

261 3873 621 3928 καταπίπτει·
666 3872 743 3939 ὡς
783 3874 877 3933 διὰ,
910 3865 1069 3930 τοῦτο
1108 3876 1337 3947 φάσκειν
1367 3879 1459 3933 τὸν
1502 3879 1844 3935 Ἀπόστολον·

262 3969 388 4022 Ἵνα
412 3968 501 4037 μὴ
524 3970 812 4038 τυφωθεὶς
832 3972 920 4037 εἰς
946 3971 1121 4042 κρῖμα
1144 3972 1377 4043 ἐμπέσῃ
1404 3972 1506 4029 τοῦ
1533 3972 1841 4031 διαϐόλου·

258 4060 574 4131 ἀναγκαίως
615 4062 919 4135 προειπών·
959 4065 1068 4123 Καὶ
1120 4066 1231 4136 γὰρ
1270 4068 1303 4121 ὀ
1344 4066 1562 4134 δοῦλός
1588 4082 1705 4122 σου
1736 4086 1847 4137 φυ-

257 4152 482 4210 λάσσει
529 4155 702 4219 αὐτὰ,
749 4156 845 4209 καὶ
884 4155 1098 4225 φύλακα
1139 4157 1248 4212 τῶν
1292 4158 1385 4213 τοῦ
1433 4158 1567 4213 Θεοῦ
1618 4160 1847 4217 ἐντολῶν

259 4246 453 4302 ἑαυτὸν
496 4246 687 4311 εἰπὼν,
720 4248 951 4303 ἱκετεύει
991 4249 1256 4323 ρυσθῆναι
1294 4250 1405 4306 ἀπὸ
1445 4251 1844 4325 ὑπερηφανίας,

258 4341 353 4397 καὶ
379 4340 660 4411 ἐπιλέγει·
708 4341 843 4395 Ἐὰν
867 4339 952 4411 μή
987 4360 1107 4412 μου
1143 4347 1690 4415 κατακυριεὺσωσι,
1714 4347 1849 4401 τότε

257 4433 498 4507 ἄμωμος
541 4434 788 4506 ἔσομαι,
832 4434 930 4491 καί
980 4438 1114 4492 τότε
1165 4436 1677 4510 καθαρισθήσομαι
1727 4440 1846 4495 ἀπὸ

256 4528 549 4600 ἁμαρτίας
569 4527 857 4600 μεγάλης.
895 4528 1046 4593 Τέως
1071 4530 1169 4601 μὲν
1195 4530 1308 4604 γὰρ
1333 4532 1428 4586 ἐπὶ
1454 4526 1549 4587 τοῦ
1584 4533 1848 4608 παρόντος

256 4622 307 4677 εί
332 4624 428 4679 καὶ
454 4622 672 4692 φύλακα
701 4622 937 4695 ἐμαυτὸν
967 4620 1165 4695 εἴρηκα
1206 4624 1316 4677 τῶν
1343 4625 1439 4687 τοῦ
1471 4624 1604 4681 Θεοῦ
1635 4643 1848 4699 παραγ-

1956 3509 2175 3580 quitur;
2207 3509 2337 3564 dum
2364 3508 2550 3563 anima
2595 3508 2864 3563 bonorum
2896 3514 3121 3577 operum
3156 3504 3259 3559 sibi
3288 3503 3531 3565 conscia.

1953 3606 2235 3662 extollitur
2261 3620 2325 3660 ac
2347 3602 2634 3676 magniﬁce
2665 3603 2733 3658 de
2756 3618 2814 3658 se
2846 3602 3014 3658 sentit
3040 3618 3054 3665 ;
3089 3598 3287 3653 deinde
3322 3598 3455 3653 vero
3477 3598 3535 3654 in

1954 3699 2222 3770 superbia:
2248 3699 2451 3753 malum
2492 3696 2740 3769 delapsa,
2774 3695 2880 3749 alia
2920 3708 3139 3764 quoque
3166 3692 3377 3748 ratione
3400 3706 3531 3762 pro-

1952 3791 2215 3847 sternitur
2257 3805 2322 3844 ac
2354 3788 2592 3857 decidit;
2634 3788 2864 3858 ideoque
2895 3786 2970 3840 ait
2999 3785 3294 3856 Apostolus
3325 3784 3410 3835 ἐς
3447 3781 3531 3840 Nc

1950 3880 2003 3934 in
2028 3879 2331 3950 superbiam
2359 3879 2554 3944 elatus,
2581 3878 2637 3931 in
2656 3875 2917 3947 judicium
2942 3874 3141 3929 incidat
3166 3871 3402 3927 diaboli:
3436 3886 3531 3927 ne-

1948 3973 2188 4028 cessariu
2215 3988 2346 4028 sane
2376 3981 2665 4043 postquam
2688 3971 2919 4033 dixerat,
2944 3968 3133 4022 etenim
3176 3982 3356 4020 servus
3410 3975 3529 4021 tuus

1948 4062 2179 4119 custodit
2204 4081 2287 4128 ea,
2313 4078 2378 4119 ac
2410 4080 2532 4121 sese
2566 4061 2659 4118 Dei
2692 4046 3087 4134 praeceptorum
3122 4059 3385 4113 cultorem
3412 4070 3531 4127 pro-

1949 4158 2128 4215 fessus
2154 4166 2308 4223 erat,
2343 4158 2480 4229 eripi
2508 4173 2568 4214 se
2599 4162 2758 4228 rogat
2788 4171 2818 4210 a
2852 4153 3108 4224 superbia
3134 4192 3149 4218 ,
3201 4158 3366 4223 atque
3395 4167 3417 4186 σ·
3463 4151 3528 4205 b-

1949 4245 2149 4301 inl'ert:
2202 4244 2265 4301 Si
2310 4246 2411 4300 mei
2444 4263 2547 4301 non
2594 4246 2792 4317 fuerint
2833 4243 3133 4307 dontiuati,
3182 4250 3306 4295 tunc
3338 4256 3529 4294 imma-

1878 4348 1881 4349 ⁷
1948 4339 2156 4395 culatus
2182 4356 2273 4395 ero
2295 4379 2312 4407 ,
2359 4348 2410 4396 et
2441 4349 2565 4395 tunc
2592 4337 2919 4395 emundaoor
2961 4354 2994 4391 a
3024 4335 3213 4411 delicto
3269 4334 3525 4387 ηιατίηιο.

1948 4432 2063 4491 Etsi
2107 4436 2374 4491 hactenus
2416 4451 2505 4492 me
2548 4443 2710 4505 atque
2744 4434 2796 4488 in
2831 4432 3084 4502 praesenti
3130 4436 3526 4497 prmceptorum

1948 4526 2043 4584 Dei
2076 4529 2341 4585 cultorem
2388 4528 2535 4597 dixi;
2592 4534 2646 4581 at
2699 4540 2823 4581 cum
2880 4538 2967 4578 me
3005 4521 3075 4575 ab
3125 4519 3357 4575 occultis
3390 4516 3529 4573 meia

1947 4632 2234 4695 purgatum
2264 4621 2504 4676 nondum
2536 4620 2728 4685 sciam,
2759 4616 2939 4672 adhuc
2962 4616 3019 4671 in
3050 4617 3348 4670 certamine
3378 4611 3525 4684 posi-

257 4716 573 4789 γελμάτων,
600 4714 716 4771 ἀλλ’
748 4716 869 4770 ἐπεὶ
887 4714 1099 4769 οὐδέπω
1126 4716 1339 4771 συνοῖδα
1356 4718 1579 4791 ἐμαυτῷ
1607 4697 1844 4775 κεκαθα-
1878 4697 1922 4754 Ῐ)
1950 4726 1956 4769 ι

1825 4752 1844 4763 -
1878 4697 1922 4754 Ῐ)
1950 4724 2060 4779 tus,
2108 4730 2173 4770 ac
2219 4713 2487 4771 sollicitus
2538 4719 2658 4766 uta
2695 4710 2959 4782 superbia
2998 4710 3230 4783 cripiar,
3280 4710 3405 4782 jure
3461 4722 3524 4763 ac

259 4811 502 4883 ρισμένῳ
523 4810 588 4864 ἐκ
611 4809 719 4864 τῶν
749 4808 993 4882 κρυφίων
1033 4818 1155 4881 μου,
1179 4808 1260 4863 ετι
1293 4809 1338 4863 δ’
1366 4811 1582 4881 ἀγωνιῶ
1614 4813 1708 4868 καὶ
1732 4826 1844 4868 ’πε-

257 4904 524 4975 φρόντικα
550 4903 623 4969 ὡς
657 4902 723 4958 ἂν
759 4902 1013 4976 ρυσθείην
1043 4901 1152 4957 ἀπὸ
1186 4902 1582 4975 ὑπερηφανίας,
1621 4907 1846 4972 εἰκότως

257 4995 425 5067 φημὶ,
454 4994 551 5051 ἆτε
570 4994 805 5068 ,μηδέπω
823 4995 884 5050 τὸ
904 4995 1104 5050 τέλειον
1125 4994 1499 5064 καθορθώσας.
1537 4996 1670 5052 Τότε
1694 5000 1845 5072 ἀκρι-

255 5086 367 5153 ϐῶς
387 5088 671 5161 γνώσομαι
690 5089 923 5162 ἐμαυτὸν
945 5087 1194 5161 ἄμωμον,
1212 5088 1305 5141 καὶ
1324 5088 1446 5142 τότε
1466 5088 1574 5142 ἀπὸ
1598 5092 1842 5164 μεγάλης

256 5177 730 5259 ηθαρισθήσομαι
758 5181 1055 5256 ἁμαρτίας,
1096 5180 1314 5235 ἐπειδὰν
1354 5181 1489 5252 μήτε
1522 5182 1589 5236 τὰ
1631 5182 1843 5255 κρύφιά

258 5286 359 5342 μου
387 5266 881 5351 κατακυριεύσωσι,
918 5276 1054 5349 μήτε
1075 5273 1332 5346 λογισμὸς
1361 5273 1712 5346 ὑπερήφανος
1742 5295 1811 5331 κα
1829 5308 1841 5318 -

254 5360 579 5417 ταδουλώσει
629 5381 732 5434 με,
778 5366 811 5440 ἦ
862 5367 1089 5443 πονηροὶ
1143 5367 1417 5439 δαίμονες.
1483 5367 1741 5442 Μεγάλην
1783 5372 1840 5425 δὲ

259 5455 529 5529 ἁμαρτίαν
573 5456 673 5532 τῂν
713 5460 1328 5538 ἀποτελεσματικήνῌ)
1381 5477 1563 5533 φησιν.
1614 5464 1678 5518 Εἰ
1729 5464 1837 5537 γὰρ

261 5550 333 5624 μὴ
357 5551 466 5607 ἀπὸ
496 5550 605 5607 τῶν
647 5552 893 5626 κρυφίων
926 5573 1028 5628 μου
1064 5554 1472 5631 καθαρισθείην,
1505 5556 1831 5630 ἐπιμένοντα

328 5738 417 5795 ιιι
448 5739 591 5798 Tim.
627 5755 711 5809 ιη,
739 5740 795 5798 6.

1943 4807 2139 4864 merito
2157 4806 2239 4860 sic
2270 4805 2491 4875 loquor,
2527 4814 2715 4876 utpote
2746 4806 2839 4877 qui
2867 4806 3109 4861 nondum
3140 4805 3208 4861 ad
3242 4812 3437 4862 metam
3466 4809 3521 4859 et

1942 4902 2007 4957 ad
2042 4900 2428 4971 perfectionem
2458 4899 2791 4971 pertigerim.
2823 4898 2978 4956 Tunc
3010 4916 3096 4956 me
3134 4901 3292 4971 plane
3328 4898 3524 4951 imula.-

1940 4995 2178 5051 calatum
2209 5008 2431 5049 noscam
2459 5032 2474 5060 ,
2504 5002 2636 5049 tunc
2664 4994 3003 5051 cmuudabor
3036 5009 3066 5048 a
3098 4993 3302 5049 delicto
3348 4989 3524 5045 maxi-

1941 5105 2050 5153 mo,
2078 5105 2202 5144 cum
2234 5090 2452 5145 occulta
2486 5092 2592 5147 mei
2620 5107 2728 5146 non
2766 5087 3229 5151 dominabuntur,
3270 5100 3391 5140 cum
3425 5099 3521 5140 su-

1938 5184 2103 5254 perba
2141 5183 2402 5254 cogitatio
2429 5200 2493 5240 ac
2534 5186 2760 5257 maligni
2786 5185 3061 5240 daemones
3109 5194 3195 5233 me
3239 5177 3519 5232 subditum

1938 5294 2048 5334 non
2075 5277 2418 5334 detinebant.
2463 5278 2766 5334 Maximum
2825 5291 2989 5350 porro
3035 5272 3290 5328 delictum
3321 5276 3517 5332 vocat,

1938 5370 2441 5441 spotelesmaticcn,
2471 5373 2587 5429 sive
2620 5371 2967 5441 astrologiam
2988 5363 3357 5437 judiciariam.
3374 5360 3517 5439 .Nam

1908 5504 1912 5508 ι
1938 5464 1983 5520 si
2010 5464 2078 5518 ab
2109 5464 2345 5523 occultis
2376 5470 2513 5529 meis
2542 5465 2871 5523 emundatus
2917 5477 3026 5517 non
3086 5458 3304 5521 luerim,
3330 5457 3519 5513 istliaac

1935 5557 2132 5615 delicta
2162 5557 2219 5617 in
2254 5576 2341 5618 me
2381 5552 2757 5635 permanentia
2788 5560 2841 5615 in
2871 5568 3096 5628 pravum
3125 5552 3411 5626 quoddam,
3436 5550 3518 5606 fa-

328 5921 407 5994 (ὶ)
444 5923 578 5992 Qua!
606 5924 694 5981 hic
713 5923 782 5982 de
801 5926 1240 6001 apotelesmatica
1268 5926 1550 5997 dicuntur,
1579 5939 1706 5986 cum
1729 5926 2084 5999 sequentibus
2120 5938 2233 5983 non
2252 5928 2579 5991 congruunt.
2621 5918 2805 5988 Quare
2866 5913 3276 5975 suibodoramur
3310 5908 3514 5985 _'aliqua

262 6014 489 6091 inferius
515 6022 806 6083 excidisse.
