  <div class='ocr_page' id='page_1' title='image "/cluster/home/n/w/nwhite01/storage/ocr_20150623/23/coo.31924054873041/113.png"; bbox 0 0 4302 6406; ppageno 0'>
   <div class='ocr_carea' id='block_1_1' title="bbox 788 491 890 550">
    <p class='ocr_par' dir='ltr' id='par_1_1' title="bbox 788 491 890 550">
     <span class='ocr_line' id='line_1_1' title="bbox 788 491 890 550; baseline -0.02 0"><span class='ocrx_word' id='word_1_1' title='bbox 788 491 890 550; x_wconf 68' lang='grc'><strong>195</strong></span> 
     </span>
    </p>
   </div>
   <div class='ocr_carea' id='block_1_2' title="bbox 1415 445 3250 554">
    <p class='ocr_par' dir='ltr' id='par_1_2' title="bbox 1415 445 3250 554">
     <span class='ocr_line' id='line_1_2' title="bbox 1415 445 3250 554; baseline 0.002 -6"><span class='ocrx_word' id='word_1_2' title='bbox 1415 445 1442 464; x_wconf 44' lang='grc' dir='ltr'><em>Γ</em></span> <span class='ocrx_word' id='word_1_3' title='bbox 1500 493 1765 551; x_wconf 81' lang='lat' dir='ltr'><strong>EUSEBII</strong></span> <span class='ocrx_word' id='word_1_4' title='bbox 1805 494 2280 552; x_wconf 63' lang='lat' dir='ltr'><strong>CESARIENSIS</strong></span> <span class='ocrx_word' id='word_1_5' title='bbox 2317 495 2466 554; x_wconf 84' lang='lat' dir='ltr'><strong>OPP.</strong></span> <span class='ocrx_word' id='word_1_6' title='bbox 2500 496 2680 552; x_wconf 80' lang='lat' dir='ltr'><strong>PARS</strong></span> <span class='ocrx_word' id='word_1_7' title='bbox 2711 496 2799 553; x_wconf 90' lang='lat' dir='ltr'><strong>lll.</strong></span> <span class='ocrx_word' id='word_1_8' title='bbox 2842 492 3250 554; x_wconf 75' lang='lat' dir='ltr'><strong>EXEGETICA.</strong></span> 
     </span>
    </p>
   </div>
   <div class='ocr_carea' id='block_1_3' title="bbox 3938 497 4076 554">
    <p class='ocr_par' dir='ltr' id='par_1_3' title="bbox 3938 497 4076 554">
     <span class='ocr_line' id='line_1_3' title="bbox 3938 497 4076 554; baseline -0.014 0"><span class='ocrx_word' id='word_1_9' title='bbox 3938 497 4076 554; x_wconf 39' lang='grc' dir='ltr'>ωδθ</span> 
     </span>
    </p>
   </div>
   <div class='ocr_carea' id='block_1_4' title="bbox 780 599 2380 684">
    <p class='ocr_par' dir='ltr' id='par_1_4' title="bbox 780 607 2380 683">
     <span class='ocr_line' id='line_1_4' title="bbox 780 607 2380 683; baseline 0.004 -21"><span class='ocrx_word' id='word_1_10' title='bbox 780 607 939 662; x_wconf 72' lang='lat' dir='ltr'><strong>ciuus</strong></span> <span class='ocrx_word' id='word_1_11' title='bbox 971 624 1054 664; x_wconf 88' lang='lat' dir='ltr'><strong>me</strong></span> <span class='ocrx_word' id='word_1_12' title='bbox 1092 609 1405 680; x_wconf 87' lang='lat' dir='ltr'><strong>conjicient,</strong></span> <span class='ocrx_word' id='word_1_13' title='bbox 1443 624 1646 681; x_wconf 88' lang='lat' dir='ltr'><strong>eroque</strong></span> <span class='ocrx_word' id='word_1_14' title='bbox 1680 626 1877 683; x_wconf 73' lang='lat' dir='ltr'><strong>magno</strong></span> <span class='ocrx_word' id='word_1_15' title='bbox 1927 621 2151 682; x_wconf 89' lang='lat' dir='ltr'><strong>peccato</strong></span> <span class='ocrx_word' id='word_1_16' title='bbox 2177 613 2380 675; x_wconf 56' lang='lat' dir='ltr'><strong>obno-.</strong></span> 
     </span>
    </p>
   </div>
   <div class='ocr_carea' id='block_1_5' title="bbox 2454 599 4040 684">
    <p class='ocr_par' dir='ltr' id='par_1_5' title="bbox 2454 599 4040 684">
     <span class='ocr_line' id='line_1_5' title="bbox 2454 599 4040 684; baseline 0.001 -19"><span class='ocrx_word' id='word_1_17' title='bbox 2454 611 2618 666; x_wconf 77' lang='grc' dir='ltr'>ταῦτα</span> <span class='ocrx_word' id='word_1_18' title='bbox 2670 612 2737 665; x_wconf 85' lang='grc' dir='ltr'>τὰ</span> <span class='ocrx_word' id='word_1_19' title='bbox 2778 599 3201 682; x_wconf 70' lang='grc' dir='ltr'><strong>παραπτώματα</strong></span> <span class='ocrx_word' id='word_1_20' title='bbox 3245 610 3324 674; x_wconf 83' lang='grc' dir='ltr'><strong>είς</strong></span> <span class='ocrx_word' id='word_1_21' title='bbox 3377 608 3572 682; x_wconf 79' lang='grc' dir='ltr'>πρᾶξιν</span> <span class='ocrx_word' id='word_1_22' title='bbox 3620 610 3828 684; x_wconf 82' lang='grc' dir='ltr'><strong>φαύλην</strong></span> <span class='ocrx_word' id='word_1_23' title='bbox 3873 630 4040 683; x_wconf 85' lang='grc' dir='ltr'>μετα-</span> 
     </span>
    </p>
   </div>
   <div class='ocr_carea' id='block_1_6' title="bbox 779 712 924 752">
    <p class='ocr_par' dir='ltr' id='par_1_6' title="bbox 779 712 924 752">
     <span class='ocr_line' id='line_1_6' title="bbox 779 712 924 752; baseline 0.007 -1"><span class='ocrx_word' id='word_1_24' title='bbox 779 712 924 752; x_wconf 66' lang='lat' dir='ltr'><strong>IIIIS.</strong></span> 
     </span>
    </p>
   </div>
   <div class='ocr_carea' id='block_1_7' title="bbox 852 788 2354 866">
    <p class='ocr_par' dir='ltr' id='par_1_7' title="bbox 852 788 2354 866">
     <span class='ocr_line' id='line_1_7' title="bbox 852 788 2354 866; baseline 0.003 -24"><span class='ocrx_word' id='word_1_25' title='bbox 852 788 1013 845; x_wconf 74' lang='lat' dir='ltr'><strong>Vsus.</strong></span> <span class='ocrx_word' id='word_1_26' title='bbox 1056 791 1137 846; x_wconf 78' lang='grc'><strong>15.</strong></span> <span class='ocrx_word' id='word_1_27' title='bbox 1182 789 1249 844; x_wconf 88' lang='lat' dir='ltr'><strong>Et</strong></span> <span class='ocrx_word' id='word_1_28' title='bbox 1271 803 1423 845; x_wconf 82' lang='lat' dir='ltr'><strong>erunt</strong></span> <span class='ocrx_word' id='word_1_29' title='bbox 1466 793 1518 846; x_wconf 88' lang='lat' dir='ltr'><strong>in</strong></span> <span class='ocrx_word' id='word_1_30' title='bbox 1563 792 1944 862; x_wconf 86' lang='lat' dir='ltr'><strong>beneplacitum</strong></span> <span class='ocrx_word' id='word_1_31' title='bbox 1991 795 2199 866; x_wconf 84' lang='lat' dir='ltr'><strong>eloquia</strong></span> <span class='ocrx_word' id='word_1_32' title='bbox 2247 799 2354 848; x_wconf 78' lang='lat' dir='ltr'><strong>oris</strong></span> 
     </span>
    </p>
   </div>
   <div class='ocr_carea' id='block_1_8' title="bbox 780 882 2379 960">
    <p class='ocr_par' dir='ltr' id='par_1_8' title="bbox 780 882 2379 960">
     <span class='ocr_line' id='line_1_8' title="bbox 780 882 2379 960; baseline 0.003 -26"><span class='ocrx_word' id='word_1_33' title='bbox 780 883 898 935; x_wconf 85' lang='lat' dir='ltr'><strong>mei.</strong></span> <span class='ocrx_word' id='word_1_34' title='bbox 926 882 1061 936; x_wconf 86' lang='lat' dir='ltr'><strong>Cum</strong></span> <span class='ocrx_word' id='word_1_35' title='bbox 1097 883 1210 939; x_wconf 70' lang='lat' dir='ltr'><strong>haec</strong></span> <span class='ocrx_word' id='word_1_36' title='bbox 1240 884 1372 936; x_wconf 89' lang='lat' dir='ltr'><strong>mihi</strong></span> <span class='ocrx_word' id='word_1_37' title='bbox 1407 884 1504 938; x_wconf 86' lang='lat' dir='ltr'><strong>abs</strong></span> <span class='ocrx_word' id='word_1_38' title='bbox 1530 893 1579 939; x_wconf 94' lang='lat' dir='ltr'><strong>te</strong></span> <span class='ocrx_word' id='word_1_39' title='bbox 1600 887 1795 940; x_wconf 86' lang='lat' dir='ltr'><strong>collata</strong></span> <span class='ocrx_word' id='word_1_40' title='bbox 1819 885 2042 951; x_wconf 81' lang='lat' dir='ltr'><strong>fuerint,</strong></span> <span class='ocrx_word' id='word_1_41' title='bbox 2077 897 2206 941; x_wconf 89' lang='lat' dir='ltr'><strong>tunc</strong></span> <span class='ocrx_word' id='word_1_42' title='bbox 2237 885 2379 960; x_wconf 2' lang='lat' dir='ltr'><strong>elo-p</strong></span> 
     </span>
    </p>
   </div>
   <div class='ocr_carea' id='block_1_9' title="bbox 779 976 2355 1053">
    <p class='ocr_par' dir='ltr' id='par_1_9' title="bbox 779 976 2355 1053">
     <span class='ocr_line' id='line_1_9' title="bbox 779 976 2355 1053; baseline 0.001 -26"><span class='ocrx_word' id='word_1_43' title='bbox 779 976 904 1044; x_wconf 84' lang='lat' dir='ltr'><strong>quia</strong></span> <span class='ocrx_word' id='word_1_44' title='bbox 931 976 1042 1029; x_wconf 88' lang='lat' dir='ltr'><strong>oris</strong></span> <span class='ocrx_word' id='word_1_45' title='bbox 1073 977 1202 1039; x_wconf 87' lang='lat' dir='ltr'><strong>mei,</strong></span> <span class='ocrx_word' id='word_1_46' title='bbox 1230 990 1348 1045; x_wconf 69' lang='lat' dir='ltr'><strong>quae</strong></span> <span class='ocrx_word' id='word_1_47' title='bbox 1376 977 1651 1045; x_wconf 90' lang='lat' dir='ltr'><strong>precando</strong></span> <span class='ocrx_word' id='word_1_48' title='bbox 1672 1019 1685 1043; x_wconf 92' lang='lat'><strong>,</strong></span> <span class='ocrx_word' id='word_1_49' title='bbox 1728 985 1782 1032; x_wconf 86' lang='lat' dir='ltr'><strong>te</strong></span> <span class='ocrx_word' id='word_1_50' title='bbox 1813 977 2029 1048; x_wconf 85' lang='lat' dir='ltr'><strong>hymnis</strong></span> <span class='ocrx_word' id='word_1_51' title='bbox 2071 977 2355 1053; x_wconf 85' lang='lat' dir='ltr'><strong>celebran-</strong></span> 
     </span>
    </p>
   </div>
   <div class='ocr_carea' id='block_1_10' title="bbox 777 1067 2354 1139">
    <p class='ocr_par' dir='ltr' id='par_1_10' title="bbox 777 1067 2354 1139">
     <span class='ocr_line' id='line_1_10' title="bbox 777 1067 2354 1139; baseline 0.001 -19"><span class='ocrx_word' id='word_1_52' title='bbox 777 1067 866 1129; x_wconf 88' lang='lat' dir='ltr'><strong>do,</strong></span> <span class='ocrx_word' id='word_1_53' title='bbox 890 1068 1095 1136; x_wconf 75' lang='lat' dir='ltr'><strong>gratias</strong></span> <span class='ocrx_word' id='word_1_54' title='bbox 1123 1067 1221 1121; x_wconf 90' lang='lat' dir='ltr'><strong>tibi</strong></span> <span class='ocrx_word' id='word_1_55' title='bbox 1251 1067 1461 1137; x_wconf 74' lang='lat' dir='ltr'><strong>agendo</strong></span> <span class='ocrx_word' id='word_1_56' title='bbox 1494 1067 1689 1133; x_wconf 92' lang='lat' dir='ltr'><strong>obtuli,</strong></span> <span class='ocrx_word' id='word_1_57' title='bbox 1721 1070 1923 1139; x_wconf 88' lang='lat' dir='ltr'><strong>placita</strong></span> <span class='ocrx_word' id='word_1_58' title='bbox 1945 1069 2040 1124; x_wconf 90' lang='lat' dir='ltr'><strong>tibi</strong></span> <span class='ocrx_word' id='word_1_59' title='bbox 2065 1075 2249 1124; x_wconf 79' lang='lat' dir='ltr'><strong>erunt.</strong></span> <span class='ocrx_word' id='word_1_60' title='bbox 2280 1067 2354 1121; x_wconf 85' lang='lat' dir='ltr'><strong>Ea</strong></span> 
     </span>
    </p>
   </div>
   <div class='ocr_carea' id='block_1_11' title="bbox 777 1159 2356 1240">
    <p class='ocr_par' dir='ltr' id='par_1_11' title="bbox 777 1159 2356 1240">
     <span class='ocr_line' id='line_1_11' title="bbox 777 1159 2356 1240; baseline 0.001 -28"><span class='ocrx_word' id='word_1_61' title='bbox 777 1159 1135 1240; x_wconf 84' lang='lat' dir='ltr'><strong>veroplacita</strong></span> <span class='ocrx_word' id='word_1_62' title='bbox 1182 1159 1398 1230; x_wconf 83' lang='lat' dir='ltr'><strong>eloquia</strong></span> <span class='ocrx_word' id='word_1_63' title='bbox 1461 1168 1632 1224; x_wconf 87' lang='lat' dir='ltr'><strong>sunt,</strong></span> <span class='ocrx_word' id='word_1_64' title='bbox 1689 1178 1812 1231; x_wconf 77' lang='lat' dir='ltr'><strong>qua:</strong></span> <span class='ocrx_word' id='word_1_65' title='bbox 1853 1161 2250 1232; x_wconf 89' lang='lat' dir='ltr'><strong>approbatione</strong></span> <span class='ocrx_word' id='word_1_66' title='bbox 2301 1169 2356 1215; x_wconf 87' lang='lat' dir='ltr'><strong>et</strong></span> 
     </span>
    </p>
   </div>
   <div class='ocr_carea' id='block_1_12' title="bbox 775 1252 2355 1325">
    <p class='ocr_par' dir='ltr' id='par_1_12' title="bbox 775 1252 2355 1325">
     <span class='ocr_line' id='line_1_12' title="bbox 775 1252 2355 1325; baseline 0.001 -19"><span class='ocrx_word' id='word_1_67' title='bbox 775 1253 935 1308; x_wconf 82' lang='lat' dir='ltr'><strong>laude</strong></span> <span class='ocrx_word' id='word_1_68' title='bbox 964 1253 1144 1323; x_wconf 72' lang='lat' dir='ltr'><strong>digna.</strong></span> <span class='ocrx_word' id='word_1_69' title='bbox 1200 1252 1268 1306; x_wconf 89' lang='lat' dir='ltr'><strong>Et</strong></span> <span class='ocrx_word' id='word_1_70' title='bbox 1310 1256 1585 1309; x_wconf 82' lang='lat' dir='ltr'><strong>meditatio</strong></span> <span class='ocrx_word' id='word_1_71' title='bbox 1624 1257 1799 1311; x_wconf 85' lang='lat' dir='ltr'><strong>cordis</strong></span> <span class='ocrx_word' id='word_1_72' title='bbox 1843 1256 1947 1309; x_wconf 85' lang='lat' dir='ltr'><strong>mei</strong></span> <span class='ocrx_word' id='word_1_73' title='bbox 1991 1258 2048 1309; x_wconf 84' lang='lat' dir='ltr'><strong>in</strong></span> <span class='ocrx_word' id='word_1_74' title='bbox 2082 1265 2355 1325; x_wconf 73' lang='lat' dir='ltr'><strong>Conspectu</strong></span> 
     </span>
    </p>
   </div>
   <div class='ocr_carea' id='block_1_13' title="bbox 775 1343 2355 1414">
    <p class='ocr_par' dir='ltr' id='par_1_13' title="bbox 775 1343 2355 1414">
     <span class='ocr_line' id='line_1_13' title="bbox 775 1343 2355 1414; baseline 0 -18"><span class='ocrx_word' id='word_1_75' title='bbox 775 1353 863 1396; x_wconf 82' lang='lat' dir='ltr'><strong>tuo</strong></span> <span class='ocrx_word' id='word_1_76' title='bbox 893 1353 968 1400; x_wconf 82' lang='lat' dir='ltr'><strong>est</strong></span> <span class='ocrx_word' id='word_1_77' title='bbox 995 1359 1211 1410; x_wconf 79' lang='lat' dir='ltr'><strong>semper.</strong></span> <span class='ocrx_word' id='word_1_78' title='bbox 1238 1343 1511 1399; x_wconf 80' lang='lat' dir='ltr'><strong>Meditatio</strong></span> <span class='ocrx_word' id='word_1_79' title='bbox 1538 1346 1737 1401; x_wconf 89' lang='lat' dir='ltr'><strong>mentis</strong></span> <span class='ocrx_word' id='word_1_80' title='bbox 1760 1360 1910 1409; x_wconf 66' lang='lat' dir='ltr'><strong>meas,</strong></span> <span class='ocrx_word' id='word_1_81' title='bbox 1932 1358 2052 1414; x_wconf 65' lang='lat' dir='ltr'><strong>quas</strong></span> <span class='ocrx_word' id='word_1_82' title='bbox 2073 1345 2128 1398; x_wconf 92' lang='lat' dir='ltr'><strong>in</strong></span> <span class='ocrx_word' id='word_1_83' title='bbox 2151 1344 2355 1414; x_wconf 73' lang='lat' dir='ltr'><strong>cogita-</strong></span> 
     </span>
    </p>
   </div>
   <div class='ocr_carea' id='block_1_14' title="bbox 773 1436 2355 1506">
    <p class='ocr_par' dir='ltr' id='par_1_14' title="bbox 773 1436 2355 1506">
     <span class='ocr_line' id='line_1_14' title="bbox 773 1436 2355 1506; baseline 0 -16"><span class='ocrx_word' id='word_1_84' title='bbox 773 1437 1014 1492; x_wconf 89' lang='lat' dir='ltr'><strong>tionibus</strong></span> <span class='ocrx_word' id='word_1_85' title='bbox 1043 1445 1094 1492; x_wconf 89' lang='lat' dir='ltr'><strong>et</strong></span> <span class='ocrx_word' id='word_1_86' title='bbox 1124 1438 1290 1490; x_wconf 87' lang='lat' dir='ltr'><strong>animi</strong></span> <span class='ocrx_word' id='word_1_87' title='bbox 1339 1437 1593 1493; x_wconf 88' lang='lat' dir='ltr'><strong>sensibus</strong></span> <span class='ocrx_word' id='word_1_88' title='bbox 1636 1438 1936 1506; x_wconf 88' lang='lat' dir='ltr'><strong>perﬁcitur,</strong></span> <span class='ocrx_word' id='word_1_89' title='bbox 1959 1452 2081 1492; x_wconf 89' lang='lat' dir='ltr'><strong>cum</strong></span> <span class='ocrx_word' id='word_1_90' title='bbox 2115 1438 2186 1490; x_wconf 84' lang='lat' dir='ltr'><strong>sit</strong></span> <span class='ocrx_word' id='word_1_91' title='bbox 2206 1436 2355 1490; x_wconf 90' lang='lat' dir='ltr'><strong>omni</strong></span> 
     </span>
    </p>
   </div>
   <div class='ocr_carea' id='block_1_15' title="bbox 774 1529 2355 1600">
    <p class='ocr_par' dir='ltr' id='par_1_15' title="bbox 774 1529 2355 1600">
     <span class='ocr_line' id='line_1_15' title="bbox 774 1529 2355 1600; baseline -0.002 -17"><span class='ocrx_word' id='word_1_92' title='bbox 774 1529 933 1598; x_wconf 89' lang='lat' dir='ltr'><strong>culpa</strong></span> <span class='ocrx_word' id='word_1_93' title='bbox 981 1531 1258 1594; x_wconf 89' lang='lat' dir='ltr'><strong>immunis,</strong></span> <span class='ocrx_word' id='word_1_94' title='bbox 1291 1531 1343 1583; x_wconf 93' lang='lat' dir='ltr'><strong>in</strong></span> <span class='ocrx_word' id='word_1_95' title='bbox 1385 1539 1682 1599; x_wconf 80' lang='lat' dir='ltr'><strong>conspectu</strong></span> <span class='ocrx_word' id='word_1_96' title='bbox 1737 1539 1833 1584; x_wconf 90' lang='lat' dir='ltr'><strong>tuo</strong></span> <span class='ocrx_word' id='word_1_97' title='bbox 1873 1540 1954 1586; x_wconf 92' lang='lat' dir='ltr'><strong>est</strong></span> <span class='ocrx_word' id='word_1_98' title='bbox 1984 1545 2215 1600; x_wconf 88' lang='lat' dir='ltr'><strong>semper.</strong></span> <span class='ocrx_word' id='word_1_99' title='bbox 2246 1530 2355 1582; x_wconf 70' lang='grc' dir='ltr'><strong>Μίτ-</strong></span> 
     </span>
    </p>
   </div>
   <div class='ocr_carea' id='block_1_16' title="bbox 775 1622 2354 1694">
    <p class='ocr_par' dir='ltr' id='par_1_16' title="bbox 775 1622 2354 1694">
     <span class='ocr_line' id='line_1_16' title="bbox 775 1622 2354 1694; baseline 0.002 -19"><span class='ocrx_word' id='word_1_100' title='bbox 775 1622 966 1677; x_wconf 89' lang='lat' dir='ltr'><strong>ditatio</strong></span> <span class='ocrx_word' id='word_1_101' title='bbox 989 1639 1119 1677; x_wconf 88' lang='lat' dir='ltr'><strong>sane</strong></span> <span class='ocrx_word' id='word_1_102' title='bbox 1142 1638 1247 1677; x_wconf 89' lang='lat' dir='ltr'><strong>non</strong></span> <span class='ocrx_word' id='word_1_103' title='bbox 1278 1624 1496 1678; x_wconf 86' lang='lat' dir='ltr'><strong>aliunde</strong></span> <span class='ocrx_word' id='word_1_104' title='bbox 1529 1638 1693 1693; x_wconf 89' lang='lat' dir='ltr'><strong>quam</strong></span> <span class='ocrx_word' id='word_1_105' title='bbox 1727 1623 1824 1678; x_wconf 91' lang='lat' dir='ltr'><strong>abs</strong></span> <span class='ocrx_word' id='word_1_106' title='bbox 1857 1631 1912 1678; x_wconf 89' lang='lat' dir='ltr'><strong>te</strong></span> <span class='ocrx_word' id='word_1_107' title='bbox 1941 1623 2216 1694; x_wconf 80' lang='lat' dir='ltr'><strong>inculpata</strong></span> <span class='ocrx_word' id='word_1_108' title='bbox 2233 1637 2354 1678; x_wconf 85' lang='lat' dir='ltr'><strong>esse</strong></span> 
     </span>
    </p>
   </div>
   <div class='ocr_carea' id='block_1_17' title="bbox 777 1714 2341 1794">
    <p class='ocr_par' dir='ltr' id='par_1_17' title="bbox 777 1714 2341 1794">
     <span class='ocr_line' id='line_1_17' title="bbox 777 1714 2341 1794; baseline 0.001 -25"><span class='ocrx_word' id='word_1_109' title='bbox 777 1715 934 1779; x_wconf 68' lang='lat' dir='ltr'><strong>salet,</strong></span> <span class='ocrx_word' id='word_1_110' title='bbox 956 1716 1048 1786; x_wconf 91' lang='lat' dir='ltr'><strong>qui</strong></span> <span class='ocrx_word' id='word_1_111' title='bbox 1075 1732 1158 1771; x_wconf 90' lang='lat' dir='ltr'><strong>me</strong></span> <span class='ocrx_word' id='word_1_112' title='bbox 1183 1717 1248 1771; x_wconf 88' lang='lat' dir='ltr'><strong>ab</strong></span> <span class='ocrx_word' id='word_1_113' title='bbox 1275 1717 1506 1773; x_wconf 83' lang='lat' dir='ltr'><strong>occultis</strong></span> <span class='ocrx_word' id='word_1_114' title='bbox 1537 1717 1673 1772; x_wconf 90' lang='lat' dir='ltr'><strong>meis</strong></span> <span class='ocrx_word' id='word_1_115' title='bbox 1703 1715 2037 1794; x_wconf 82' lang='lat' dir='ltr'><strong>emundasti.</strong></span> <span class='ocrx_word' id='word_1_116' title='bbox 2337 1714 2341 1717; x_wconf 69' lang='grc'>’</span> 
     </span>
    </p>
   </div>
   <div class='ocr_carea' id='block_1_18' title="bbox 846 1807 2356 1880">
    <p class='ocr_par' dir='ltr' id='par_1_18' title="bbox 846 1807 2356 1880">
     <span class='ocr_line' id='line_1_18' title="bbox 846 1807 2356 1880; baseline 0.001 -19"><span class='ocrx_word' id='word_1_117' title='bbox 846 1807 1087 1870; x_wconf 84' lang='lat' dir='ltr'><strong>Domine.</strong></span> <span class='ocrx_word' id='word_1_118' title='bbox 1122 1810 1338 1880; x_wconf 86' lang='lat' dir='ltr'><strong>adjutor</strong></span> <span class='ocrx_word' id='word_1_119' title='bbox 1370 1827 1513 1864; x_wconf 86' lang='lat' dir='ltr'><strong>meus</strong></span> <span class='ocrx_word' id='word_1_120' title='bbox 1549 1822 1596 1864; x_wconf 90' lang='lat' dir='ltr'><strong>et</strong></span> <span class='ocrx_word' id='word_1_121' title='bbox 1624 1811 1916 1878; x_wconf 78' lang='lat' dir='ltr'><strong>redemptor</strong></span> <span class='ocrx_word' id='word_1_122' title='bbox 1945 1825 2111 1865; x_wconf 85' lang='lat' dir='ltr'><strong>meus.</strong></span> <span class='ocrx_word' id='word_1_123' title='bbox 2137 1807 2214 1863; x_wconf 89' lang='lat' dir='ltr'><strong>Te</strong></span> <span class='ocrx_word' id='word_1_124' title='bbox 2241 1807 2356 1878; x_wconf 87' lang='lat' dir='ltr'><strong>opi-</strong></span> 
     </span>
    </p>
   </div>
   <div class='ocr_carea' id='block_1_19' title="bbox 772 1899 2356 1970">
    <p class='ocr_par' dir='ltr' id='par_1_19' title="bbox 772 1899 2356 1970">
     <span class='ocr_line' id='line_1_19' title="bbox 772 1899 2356 1970; baseline 0.001 -18"><span class='ocrx_word' id='word_1_125' title='bbox 772 1899 1003 1964; x_wconf 90' lang='lat' dir='ltr'><strong>tulante,</strong></span> <span class='ocrx_word' id='word_1_126' title='bbox 1042 1900 1302 1968; x_wconf 84' lang='lat' dir='ltr'><strong>Domine,</strong></span> <span class='ocrx_word' id='word_1_127' title='bbox 1337 1918 1365 1956; x_wconf 88' lang='lat' dir='ltr'><strong>a</strong></span> <span class='ocrx_word' id='word_1_128' title='bbox 1407 1902 1622 1958; x_wconf 90' lang='lat' dir='ltr'><strong>nemine</strong></span> <span class='ocrx_word' id='word_1_129' title='bbox 1655 1901 1943 1956; x_wconf 88' lang='lat' dir='ltr'><strong>adversum</strong></span> <span class='ocrx_word' id='word_1_130' title='bbox 1980 1916 2065 1954; x_wconf 90' lang='lat' dir='ltr'><strong>me</strong></span> <span class='ocrx_word' id='word_1_131' title='bbox 2099 1900 2356 1970; x_wconf 89' lang='lat' dir='ltr'><strong>spiritua-</strong></span> 
     </span>
    </p>
   </div>
   <div class='ocr_carea' id='block_1_20' title="bbox 2458 702 3865 776">
    <p class='ocr_par' dir='ltr' id='par_1_20' title="bbox 2458 702 3865 776">
     <span class='ocr_line' id='line_1_20' title="bbox 2458 702 3865 776; baseline 0 -20"><span class='ocrx_word' id='word_1_132' title='bbox 2458 704 2631 776; x_wconf 79' lang='grc' dir='ltr'>φέρει,</span> <span class='ocrx_word' id='word_1_133' title='bbox 2660 702 2753 756; x_wconf 73' lang='grc' dir='ltr'>καὶ</span> <span class='ocrx_word' id='word_1_134' title='bbox 2785 703 3004 773; x_wconf 87' lang='grc' dir='ltr'>γίνομαι</span> <span class='ocrx_word' id='word_1_135' title='bbox 3032 702 3328 765; x_wconf 83' lang='grc' dir='ltr'>ὑπεύθυνος</span> <span class='ocrx_word' id='word_1_136' title='bbox 3359 702 3605 774; x_wconf 76' lang='grc' dir='ltr'><strong>ἁμαρτίᾳ</strong></span> <span class='ocrx_word' id='word_1_137' title='bbox 3633 703 3865 774; x_wconf 80' lang='grc' dir='ltr'>μεγάλῃ.</span> 
     </span>
    </p>
   </div>
   <div class='ocr_carea' id='block_1_21' title="bbox 2527 793 4038 864">
    <p class='ocr_par' dir='ltr' id='par_1_21' title="bbox 2527 793 4038 864">
     <span class='ocr_line' id='line_1_21' title="bbox 2527 793 4038 864; baseline -0.001 -15"><span class='ocrx_word' id='word_1_138' title='bbox 2527 796 2630 849; x_wconf 77' lang='grc' dir='ltr'><strong>Καὶ</strong></span> <span class='ocrx_word' id='word_1_139' title='bbox 2663 795 2902 848; x_wconf 77' lang='grc' dir='ltr'>ἕσαν-ται</span> <span class='ocrx_word' id='word_1_140' title='bbox 2929 797 3018 859; x_wconf 72' lang='grc' dir='ltr'>εἰς</span> <span class='ocrx_word' id='word_1_141' title='bbox 3044 793 3327 849; x_wconf 79' lang='grc' dir='ltr'>εὐδοκίαν</span> <span class='ocrx_word' id='word_1_142' title='bbox 3351 794 3423 848; x_wconf 83' lang='grc' dir='ltr'>τὰ</span> <span class='ocrx_word' id='word_1_143' title='bbox 3462 796 3638 864; x_wconf 75' lang='grc' dir='ltr'>λότια</span> <span class='ocrx_word' id='word_1_144' title='bbox 3666 793 3786 848; x_wconf 69' lang='grc' dir='ltr'>τοῦ</span> <span class='ocrx_word' id='word_1_145' title='bbox 3810 795 4038 864; x_wconf 74' lang='grc' dir='ltr'>στόμα-</span> 
     </span>
    </p>
   </div>
   <div class='ocr_carea' id='block_1_22' title="bbox 2454 881 4072 954">
    <p class='ocr_par' dir='ltr' id='par_1_22' title="bbox 2454 881 4072 954">
     <span class='ocr_line' id='line_1_22' title="bbox 2454 881 4072 954; baseline 0.001 -18"><span class='ocrx_word' id='word_1_146' title='bbox 2454 886 2555 949; x_wconf 81' lang='grc' dir='ltr'>τός</span> <span class='ocrx_word' id='word_1_147' title='bbox 2585 901 2720 951; x_wconf 84' lang='grc' dir='ltr'>μου.</span> <span class='ocrx_word' id='word_1_148' title='bbox 2759 884 2924 937; x_wconf 88' lang='grc' dir='ltr'>Ὅταν</span> <span class='ocrx_word' id='word_1_149' title='bbox 2965 881 3140 936; x_wconf 77' lang='grc' dir='ltr'>ταῦτά</span> <span class='ocrx_word' id='word_1_150' title='bbox 3187 899 3275 952; x_wconf 88' lang='grc' dir='ltr'><strong>μοι</strong></span> <span class='ocrx_word' id='word_1_151' title='bbox 3323 881 3576 953; x_wconf 83' lang='grc' dir='ltr'>ὑπαρχθῇ</span> <span class='ocrx_word' id='word_1_152' title='bbox 3621 881 3772 954; x_wconf 88' lang='grc' dir='ltr'><strong>παρά</strong></span> <span class='ocrx_word' id='word_1_153' title='bbox 3817 882 3936 948; x_wconf 83' lang='grc' dir='ltr'>σοῦ,</span> <span class='ocrx_word' id='word_1_154' title='bbox 3966 883 4072 948; x_wconf 70' lang='grc' dir='ltr'>τὰ,</span> 
     </span>
    </p>
   </div>
   <div class='ocr_carea' id='block_1_23' title="bbox 2454 973 4038 1046">
    <p class='ocr_par' dir='ltr' id='par_1_23' title="bbox 2454 973 4038 1046">
     <span class='ocr_line' id='line_1_23' title="bbox 2454 973 4038 1046; baseline -0.001 -17"><span class='ocrx_word' id='word_1_155' title='bbox 2454 977 2608 1044; x_wconf 80' lang='grc' dir='ltr'>λόγια</span> <span class='ocrx_word' id='word_1_156' title='bbox 2652 973 2745 1028; x_wconf 84' lang='grc' dir='ltr'>τοῦ</span> <span class='ocrx_word' id='word_1_157' title='bbox 2788 974 3046 1046; x_wconf 65' lang='grc' dir='ltr'>πόματος</span> <span class='ocrx_word' id='word_1_158' title='bbox 3079 991 3179 1044; x_wconf 89' lang='grc' dir='ltr'><strong>μου</strong></span> <span class='ocrx_word' id='word_1_159' title='bbox 3212 973 3248 1028; x_wconf 73' lang='grc' dir='ltr'><strong>ἀ</strong></span> <span class='ocrx_word' id='word_1_160' title='bbox 3271 975 3584 1046; x_wconf 82' lang='grc' dir='ltr'>προήνεγκα</span> <span class='ocrx_word' id='word_1_161' title='bbox 3610 975 3904 1046; x_wconf 84' lang='grc' dir='ltr'>εὐχόμενός</span> <span class='ocrx_word' id='word_1_162' title='bbox 3931 992 4038 1040; x_wconf 90' lang='grc' dir='ltr'>σοι,</span> 
     </span>
    </p>
   </div>
   <div class='ocr_carea' id='block_1_24' title="bbox 2456 1067 4040 1139">
    <p class='ocr_par' dir='ltr' id='par_1_24' title="bbox 2456 1067 4040 1139">
     <span class='ocr_line' id='line_1_24' title="bbox 2456 1067 4040 1139; baseline 0.003 -19"><span class='ocrx_word' id='word_1_163' title='bbox 2456 1069 2638 1136; x_wconf 82' lang='grc' dir='ltr'>ὑμνῶν</span> <span class='ocrx_word' id='word_1_164' title='bbox 2681 1087 2760 1134; x_wconf 85' lang='grc' dir='ltr'><strong>σε,</strong></span> <span class='ocrx_word' id='word_1_165' title='bbox 2794 1067 3128 1139; x_wconf 72' lang='grc' dir='ltr'>εὐχαριστῶν</span> <span class='ocrx_word' id='word_1_166' title='bbox 3179 1084 3282 1132; x_wconf 91' lang='grc' dir='ltr'>σοι,</span> <span class='ocrx_word' id='word_1_167' title='bbox 3324 1068 3405 1131; x_wconf 76' lang='grc' dir='ltr'><strong>εἰς</strong></span> <span class='ocrx_word' id='word_1_168' title='bbox 3444 1067 3690 1124; x_wconf 77' lang='grc' dir='ltr'><strong>εὐδοκίαν</strong></span> <span class='ocrx_word' id='word_1_169' title='bbox 3728 1069 3904 1122; x_wconf 76' lang='grc' dir='ltr'>ἔσται.</span> <span class='ocrx_word' id='word_1_170' title='bbox 3945 1070 4040 1133; x_wconf 66' lang='lat' dir='ltr'><strong>Eb;</strong></span> 
     </span>
    </p>
   </div>
   <div class='ocr_carea' id='block_1_25' title="bbox 2455 1146 4039 1231">
    <p class='ocr_par' dir='ltr' id='par_1_25' title="bbox 2455 1146 4039 1231">
     <span class='ocr_line' id='line_1_25' title="bbox 2455 1146 4039 1231; baseline 0.003 -19"><span class='ocrx_word' id='word_1_171' title='bbox 2455 1161 2697 1214; x_wconf 70' lang='grc' dir='ltr'>εὐδοκίαν</span> <span class='ocrx_word' id='word_1_172' title='bbox 2728 1161 2783 1213; x_wconf 81' lang='grc' dir='ltr'>δέ</span> <span class='ocrx_word' id='word_1_173' title='bbox 2813 1163 2958 1213; x_wconf 80' lang='grc' dir='ltr'>ἐστιν</span> <span class='ocrx_word' id='word_1_174' title='bbox 2984 1161 3053 1214; x_wconf 85' lang='grc' dir='ltr'><strong>τὰ</strong></span> <span class='ocrx_word' id='word_1_175' title='bbox 3086 1160 3240 1228; x_wconf 80' lang='grc' dir='ltr'>λόγια</span> <span class='ocrx_word' id='word_1_176' title='bbox 3271 1159 3339 1214; x_wconf 87' lang='grc' dir='ltr'><strong>τά</strong></span> <span class='ocrx_word' id='word_1_177' title='bbox 3373 1160 3641 1230; x_wconf 82' lang='grc' dir='ltr'><strong>ἀποδοχῆς</strong></span> <span class='ocrx_word' id='word_1_178' title='bbox 3676 1160 3819 1226; x_wconf 80' lang='grc' dir='ltr'>ἄξια.</span> <span class='ocrx_word' id='word_1_179' title='bbox 3854 1146 3964 1216; x_wconf 75' lang='grc' dir='ltr'><strong>Καὶ</strong></span> <span class='ocrx_word' id='word_1_180' title='bbox 3998 1163 4039 1231; x_wconf 74' lang='grc' dir='ltr'><strong><em>ἡ</em></strong></span> 
     </span>
    </p>
   </div>
   <div class='ocr_carea' id='block_1_26' title="bbox 2447 1251 4040 1323">
    <p class='ocr_par' dir='ltr' id='par_1_26' title="bbox 2447 1251 4040 1323">
     <span class='ocr_line' id='line_1_26' title="bbox 2447 1251 4040 1323; baseline 0.001 -17"><span class='ocrx_word' id='word_1_181' title='bbox 2447 1253 2668 1323; x_wconf 73' lang='grc' dir='ltr'>μελέτη</span> <span class='ocrx_word' id='word_1_182' title='bbox 2716 1253 2826 1320; x_wconf 83' lang='grc' dir='ltr'>τῆς</span> <span class='ocrx_word' id='word_1_183' title='bbox 2865 1253 3112 1322; x_wconf 75' lang='grc' dir='ltr'>καρδίας</span> <span class='ocrx_word' id='word_1_184' title='bbox 3150 1269 3267 1322; x_wconf 81' lang='grc' dir='ltr'>μου</span> <span class='ocrx_word' id='word_1_185' title='bbox 3317 1251 3573 1305; x_wconf 75' lang='grc' dir='ltr'>ἐνώπιόν</span> <span class='ocrx_word' id='word_1_186' title='bbox 3609 1268 3725 1310; x_wconf 85' lang='grc' dir='ltr'><strong>σου</strong></span> <span class='ocrx_word' id='word_1_187' title='bbox 3759 1253 3892 1307; x_wconf 79' lang='grc' dir='ltr'>ἐστὶ</span> <span class='ocrx_word' id='word_1_188' title='bbox 3941 1254 4040 1308; x_wconf 80' lang='grc' dir='ltr'>διὰ</span> 
     </span>
    </p>
   </div>
   <div class='ocr_carea' id='block_1_27' title="bbox 2456 1343 4039 1418">
    <p class='ocr_par' dir='ltr' id='par_1_27' title="bbox 2456 1343 4039 1418">
     <span class='ocr_line' id='line_1_27' title="bbox 2456 1343 4039 1418; baseline 0.003 -23"><span class='ocrx_word' id='word_1_189' title='bbox 2456 1345 2694 1410; x_wconf 72' lang='grc' dir='ltr'>παντός.</span> <span class='ocrx_word' id='word_1_190' title='bbox 2743 1345 2805 1397; x_wconf 84' lang='grc' dir='ltr'>Ἡ</span> <span class='ocrx_word' id='word_1_191' title='bbox 2843 1343 3034 1415; x_wconf 84' lang='grc' dir='ltr'><strong>μελέτη</strong></span> <span class='ocrx_word' id='word_1_192' title='bbox 3056 1343 3149 1398; x_wconf 77' lang='grc' dir='ltr'><strong>τοῦ</strong></span> <span class='ocrx_word' id='word_1_193' title='bbox 3173 1343 3509 1415; x_wconf 86' lang='grc' dir='ltr'>διανοητικοῦ</span> <span class='ocrx_word' id='word_1_194' title='bbox 3539 1361 3662 1416; x_wconf 92' lang='grc' dir='ltr'>μου,</span> <span class='ocrx_word' id='word_1_195' title='bbox 3695 1345 3957 1418; x_wconf 80' lang='grc' dir='ltr'><strong>γινομένη</strong></span> <span class='ocrx_word' id='word_1_196' title='bbox 3980 1347 4039 1400; x_wconf 71' lang='grc' dir='ltr'>ιν</span> 
     </span>
    </p>
   </div>
   <div class='ocr_carea' id='block_1_28' title="bbox 2454 1432 4036 1507">
    <p class='ocr_par' dir='ltr' id='par_1_28' title="bbox 2454 1432 4036 1507">
     <span class='ocr_line' id='line_1_28' title="bbox 2454 1432 4036 1507; baseline 0.001 -19"><span class='ocrx_word' id='word_1_197' title='bbox 2454 1434 2731 1506; x_wconf 71' lang='grc' dir='ltr'><strong>λογισμοῖς</strong></span> <span class='ocrx_word' id='word_1_198' title='bbox 2763 1435 2855 1488; x_wconf 76' lang='grc' dir='ltr'>καὶ</span> <span class='ocrx_word' id='word_1_199' title='bbox 2897 1436 3164 1506; x_wconf 84' lang='grc' dir='ltr'>νοήσεσιν,</span> <span class='ocrx_word' id='word_1_200' title='bbox 3201 1435 3356 1500; x_wconf 72' lang='grc' dir='ltr'>ἐκτὸς</span> <span class='ocrx_word' id='word_1_201' title='bbox 3400 1432 3533 1488; x_wconf 74' lang='grc' dir='ltr'>οὖσα</span> <span class='ocrx_word' id='word_1_202' title='bbox 3573 1437 3771 1500; x_wconf 74' lang='grc' dir='ltr'>παντὸς</span> <span class='ocrx_word' id='word_1_203' title='bbox 3813 1435 4036 1507; x_wconf 82' lang='grc' dir='ltr'><strong>μώμου,</strong></span> 
     </span>
    </p>
   </div>
   <div class='ocr_carea' id='block_1_29' title="bbox 2454 1526 4041 1600">
    <p class='ocr_par' dir='ltr' id='par_1_29' title="bbox 2454 1526 4041 1600">
     <span class='ocr_line' id='line_1_29' title="bbox 2454 1526 4041 1600; baseline 0 -21"><span class='ocrx_word' id='word_1_204' title='bbox 2454 1526 2681 1582; x_wconf 82' lang='grc' dir='ltr'>ἐνώπιόν</span> <span class='ocrx_word' id='word_1_205' title='bbox 2711 1543 2802 1578; x_wconf 88' lang='grc' dir='ltr'><strong>σου</strong></span> <span class='ocrx_word' id='word_1_206' title='bbox 2831 1528 3084 1598; x_wconf 82' lang='grc' dir='ltr'>τυγχάνει</span> <span class='ocrx_word' id='word_1_207' title='bbox 3118 1526 3208 1581; x_wconf 77' lang='grc' dir='ltr'>διὰ</span> <span class='ocrx_word' id='word_1_208' title='bbox 3234 1528 3450 1590; x_wconf 81' lang='grc' dir='ltr'>παντός.</span> <span class='ocrx_word' id='word_1_209' title='bbox 3490 1528 3562 1581; x_wconf 83' lang='grc' dir='ltr'><strong>Τὸ</strong></span> <span class='ocrx_word' id='word_1_210' title='bbox 3586 1527 3765 1600; x_wconf 78' lang='grc' dir='ltr'>μέντοι</span> <span class='ocrx_word' id='word_1_211' title='bbox 3805 1527 3908 1598; x_wconf 84' lang='grc' dir='ltr'><strong>τῆς</strong></span> <span class='ocrx_word' id='word_1_212' title='bbox 3942 1544 4041 1598; x_wconf 81' lang='grc' dir='ltr'>με·</span> 
     </span>
    </p>
   </div>
   <div class='ocr_carea' id='block_1_30' title="bbox 2455 1620 4037 1693">
    <p class='ocr_par' dir='ltr' id='par_1_30' title="bbox 2455 1620 4037 1693">
     <span class='ocr_line' id='line_1_30' title="bbox 2455 1620 4037 1693; baseline 0.001 -20"><span class='ocrx_word' id='word_1_213' title='bbox 2455 1623 2614 1692; x_wconf 79' lang='grc' dir='ltr'>λέτης</span> <span class='ocrx_word' id='word_1_214' title='bbox 2662 1621 2945 1693; x_wconf 80' lang='grc' dir='ltr'>ἄμεμπτον</span> <span class='ocrx_word' id='word_1_215' title='bbox 2978 1621 3075 1674; x_wconf 76' lang='grc' dir='ltr'><strong>οὐκ</strong></span> <span class='ocrx_word' id='word_1_216' title='bbox 3118 1620 3337 1675; x_wconf 80' lang='grc' dir='ltr'>ἄλλοθεν</span> <span class='ocrx_word' id='word_1_217' title='bbox 3387 1623 3418 1691; x_wconf 78' lang='grc' dir='ltr'>ἦ</span> <span class='ocrx_word' id='word_1_218' title='bbox 3474 1623 3538 1675; x_wconf 76' lang='grc' dir='ltr'>ὲκ</span> <span class='ocrx_word' id='word_1_219' title='bbox 3589 1620 3682 1675; x_wconf 82' lang='grc' dir='ltr'>σοῦ</span> <span class='ocrx_word' id='word_1_220' title='bbox 3736 1622 4037 1693; x_wconf 80' lang='grc' dir='ltr'>ὑπῆρκται,</span> 
     </span>
    </p>
   </div>
   <div class='ocr_carea' id='block_1_31' title="bbox 2459 1713 3659 1787">
    <p class='ocr_par' dir='ltr' id='par_1_31' title="bbox 2459 1713 3659 1787">
     <span class='ocr_line' id='line_1_31' title="bbox 2459 1713 3659 1787; baseline -0.003 -18"><span class='ocrx_word' id='word_1_221' title='bbox 2459 1714 2852 1787; x_wconf 84' lang='grc' dir='ltr'>καθαρίσαντός</span> <span class='ocrx_word' id='word_1_222' title='bbox 2883 1731 2951 1784; x_wconf 88' lang='grc' dir='ltr'><strong>με</strong></span> <span class='ocrx_word' id='word_1_223' title='bbox 2985 1714 3091 1767; x_wconf 83' lang='grc' dir='ltr'><strong>ἀπὸ</strong></span> <span class='ocrx_word' id='word_1_224' title='bbox 3121 1714 3228 1768; x_wconf 90' lang='grc' dir='ltr'><strong>τῶν</strong></span> <span class='ocrx_word' id='word_1_225' title='bbox 3261 1713 3507 1784; x_wconf 64' lang='grc' dir='ltr'>κρυφίων</span> <span class='ocrx_word' id='word_1_226' title='bbox 3537 1731 3659 1784; x_wconf 90' lang='grc' dir='ltr'>μου.</span> 
     </span>
    </p>
   </div>
   <div class='ocr_carea' id='block_1_32' title="bbox 2533 1805 4040 1878">
    <p class='ocr_par' dir='ltr' id='par_1_32' title="bbox 2533 1805 4040 1878">
     <span class='ocr_line' id='line_1_32' title="bbox 2533 1805 4040 1878; baseline -0.003 -16"><span class='ocrx_word' id='word_1_227' title='bbox 2533 1808 2733 1876; x_wconf 79' lang='grc' dir='ltr'>Κύριε,</span> <span class='ocrx_word' id='word_1_228' title='bbox 2753 1805 2942 1873; x_wconf 75' lang='grc' dir='ltr'>,βοηθέ</span> <span class='ocrx_word' id='word_1_229' title='bbox 2955 1825 3072 1875; x_wconf 84' lang='grc' dir='ltr'><strong>μου</strong></span> <span class='ocrx_word' id='word_1_230' title='bbox 3096 1807 3190 1860; x_wconf 81' lang='grc' dir='ltr'>καὶ</span> <span class='ocrx_word' id='word_1_231' title='bbox 3213 1807 3480 1874; x_wconf 74' lang='grc' dir='ltr'>λυτρῳτά</span> <span class='ocrx_word' id='word_1_232' title='bbox 3496 1826 3565 1876; x_wconf 75' lang='grc' dir='ltr'><strong>με</strong></span> <span class='ocrx_word' id='word_1_233' title='bbox 3583 1827 3632 1859; x_wconf 73' lang='grc' dir='ltr'><strong>υ.</strong></span> <span class='ocrx_word' id='word_1_234' title='bbox 3654 1807 3754 1859; x_wconf 80' lang='grc' dir='ltr'><strong>Σοῦ</strong></span> <span class='ocrx_word' id='word_1_235' title='bbox 3783 1805 4040 1878; x_wconf 76' lang='grc' dir='ltr'>βοηθοῦν-</span> 
     </span>
    </p>
   </div>
   <div class='ocr_carea' id='block_1_33' title="bbox 2455 1893 4040 1969">
    <p class='ocr_par' dir='ltr' id='par_1_33' title="bbox 2455 1893 4040 1969">
     <span class='ocr_line' id='line_1_33' title="bbox 2455 1893 4040 1969; baseline 0 -17"><span class='ocrx_word' id='word_1_236' title='bbox 2455 1917 2566 1963; x_wconf 82' lang='grc' dir='ltr'>τος,</span> <span class='ocrx_word' id='word_1_237' title='bbox 2591 1893 2635 1952; x_wconf 81' lang='grc' dir='ltr'>ὦ</span> <span class='ocrx_word' id='word_1_238' title='bbox 2673 1899 2925 1960; x_wconf 79' lang='grc' dir='ltr'>δέσποτα,</span> <span class='ocrx_word' id='word_1_239' title='bbox 2963 1898 3136 1951; x_wconf 73' lang='grc' dir='ltr'>οὐδενὶ</span> <span class='ocrx_word' id='word_1_240' title='bbox 3179 1898 3468 1952; x_wconf 82' lang='grc' dir='ltr'>ὑποπίπτω</span> <span class='ocrx_word' id='word_1_241' title='bbox 3505 1898 3611 1951; x_wconf 85' lang='grc' dir='ltr'><strong>τῶν</strong></span> <span class='ocrx_word' id='word_1_242' title='bbox 3649 1897 4040 1969; x_wconf 81' lang='grc' dir='ltr'>πνευματικῶς</span> 
     </span>
    </p>
   </div>
   <div class='ocr_carea' id='block_1_34' title="bbox 771 1983 2380 2064">
    <p class='ocr_par' dir='ltr' id='par_1_34' title="bbox 771 1988 2380 2064">
     <span class='ocr_line' id='line_1_34' title="bbox 771 1988 2380 2064; baseline -0.003 -20"><span class='ocrx_word' id='word_1_243' title='bbox 771 1991 894 2047; x_wconf 86' lang='lat' dir='ltr'><strong>liter</strong></span> <span class='ocrx_word' id='word_1_244' title='bbox 923 1992 1156 2048; x_wconf 90' lang='lat' dir='ltr'><strong>bellante</strong></span> <span class='ocrx_word' id='word_1_245' title='bbox 1209 2003 1550 2064; x_wconf 67' lang='lat' dir='ltr'><strong>prosternat.</strong></span> <span class='ocrx_word' id='word_1_246' title='bbox 1583 1990 1739 2057; x_wconf 87' lang='lat' dir='ltr'><strong>Quod</strong></span> <span class='ocrx_word' id='word_1_247' title='bbox 1785 1992 1831 2044; x_wconf 90' lang='lat' dir='ltr'><strong>si</strong></span> <span class='ocrx_word' id='word_1_248' title='bbox 1879 2006 2009 2045; x_wconf 89' lang='lat' dir='ltr'><strong>casu</strong></span> <span class='ocrx_word' id='word_1_249' title='bbox 2043 1990 2263 2045; x_wconf 76' lang='lat' dir='ltr'><strong>eveniat</strong></span> <span class='ocrx_word' id='word_1_250' title='bbox 2291 1997 2348 2043; x_wconf 92' lang='lat' dir='ltr'><strong>ut</strong></span> <span class='ocrx_word' id='word_1_251' title='bbox 2379 1988 2380 2039; x_wconf 82' lang='grc' dir='ltr'>Ῐ</span> 
     </span>
    </p>
   </div>
   <div class='ocr_carea' id='block_1_35' title="bbox 2454 1983 4040 2064">
    <p class='ocr_par' dir='ltr' id='par_1_35' title="bbox 2454 1989 4040 2064">
     <span class='ocr_line' id='line_1_35' title="bbox 2454 1989 4040 2064; baseline 0.001 -20"><span class='ocrx_word' id='word_1_252' title='bbox 2454 1990 2992 2062; x_wconf 82' lang='grc' dir='ltr'>προσπολεμούντων.</span> <span class='ocrx_word' id='word_1_253' title='bbox 3045 1990 3108 2041; x_wconf 85' lang='lat' dir='ltr'><strong>El</strong></span> <span class='ocrx_word' id='word_1_254' title='bbox 3146 1989 3202 2042; x_wconf 78' lang='grc' dir='ltr'>δὲ</span> <span class='ocrx_word' id='word_1_255' title='bbox 3242 1991 3332 2042; x_wconf 69' lang='grc' dir='ltr'>καὶ</span> <span class='ocrx_word' id='word_1_256' title='bbox 3378 1992 3502 2061; x_wconf 84' lang='grc' dir='ltr'>παρ’</span> <span class='ocrx_word' id='word_1_257' title='bbox 3535 1992 3670 2063; x_wconf 82' lang='grc' dir='ltr'>ἐμὴν</span> <span class='ocrx_word' id='word_1_258' title='bbox 3705 1991 4040 2064; x_wconf 81' lang='grc' dir='ltr'>ἀπροσεξίαν</span> 
     </span>
    </p>
   </div>
   <div class='ocr_carea' id='block_1_36' title="bbox 772 2080 2345 2152">
    <p class='ocr_par' dir='ltr' id='par_1_36' title="bbox 772 2080 2345 2152">
     <span class='ocr_line' id='line_1_36' title="bbox 772 2080 2345 2152; baseline -0.001 -16"><span class='ocrx_word' id='word_1_259' title='bbox 772 2082 1272 2141; x_wconf 88' lang='lat' dir='ltr'><strong>inconsideratione</strong></span> <span class='ocrx_word' id='word_1_260' title='bbox 1311 2099 1430 2137; x_wconf 89' lang='lat' dir='ltr'><strong>mea</strong></span> <span class='ocrx_word' id='word_1_261' title='bbox 1463 2083 1531 2137; x_wconf 90' lang='lat' dir='ltr'><strong>ab</strong></span> <span class='ocrx_word' id='word_1_262' title='bbox 1564 2080 1890 2136; x_wconf 86' lang='lat' dir='ltr'><strong>adversariis</strong></span> <span class='ocrx_word' id='word_1_263' title='bbox 1925 2081 2255 2152; x_wconf 83' lang='lat' dir='ltr'><strong>intercipiat,</strong></span> <span class='ocrx_word' id='word_1_264' title='bbox 2287 2090 2345 2136; x_wconf 89' lang='lat' dir='ltr'><strong>tu</strong></span> 
     </span>
    </p>
   </div>
   <div class='ocr_carea' id='block_1_37' title="bbox 771 2171 2347 2244">
    <p class='ocr_par' dir='ltr' id='par_1_37' title="bbox 771 2171 2347 2244">
     <span class='ocr_line' id='line_1_37' title="bbox 771 2171 2347 2244; baseline 0.001 -16"><span class='ocrx_word' id='word_1_265' title='bbox 771 2191 857 2230; x_wconf 87' lang='lat' dir='ltr'><strong>me</strong></span> <span class='ocrx_word' id='word_1_266' title='bbox 889 2192 919 2231; x_wconf 92' lang='lat' dir='ltr'><strong>e</strong></span> <span class='ocrx_word' id='word_1_267' title='bbox 948 2177 1200 2232; x_wconf 88' lang='lat' dir='ltr'><strong>manibus</strong></span> <span class='ocrx_word' id='word_1_268' title='bbox 1230 2191 1417 2230; x_wconf 85' lang='lat' dir='ltr'><strong>eorum</strong></span> <span class='ocrx_word' id='word_1_269' title='bbox 1452 2176 1722 2237; x_wconf 89' lang='lat' dir='ltr'><strong>redimas,</strong></span> <span class='ocrx_word' id='word_1_270' title='bbox 1759 2173 1851 2244; x_wconf 89' lang='lat' dir='ltr'><strong>qui</strong></span> <span class='ocrx_word' id='word_1_271' title='bbox 1891 2189 1998 2228; x_wconf 88' lang='lat' dir='ltr'><strong>una</strong></span> <span class='ocrx_word' id='word_1_272' title='bbox 2039 2171 2256 2243; x_wconf 87' lang='lat' dir='ltr'><strong>adjutor</strong></span> <span class='ocrx_word' id='word_1_273' title='bbox 2284 2189 2347 2229; x_wconf 89' lang='lat' dir='ltr'><strong>ac</strong></span> 
     </span>
    </p>
   </div>
   <div class='ocr_carea' id='block_1_38' title="bbox 770 2267 1713 2338">
    <p class='ocr_par' dir='ltr' id='par_1_38' title="bbox 770 2267 1713 2338">
     <span class='ocr_line' id='line_1_38' title="bbox 770 2267 1713 2338; baseline 0 -17"><span class='ocrx_word' id='word_1_274' title='bbox 770 2267 1085 2336; x_wconf 88' lang='lat' dir='ltr'><strong>redemptor</strong></span> <span class='ocrx_word' id='word_1_275' title='bbox 1115 2284 1238 2323; x_wconf 90' lang='lat' dir='ltr'><strong>esse</strong></span> <span class='ocrx_word' id='word_1_276' title='bbox 1267 2267 1713 2338; x_wconf 85' lang='lat' dir='ltr'><strong>deprehenderis.</strong></span> 
     </span>
    </p>
   </div>
   <div class='ocr_carea' id='block_1_39' title="bbox 916 2377 2203 2445">
    <p class='ocr_par' dir='ltr' id='par_1_39' title="bbox 916 2377 2203 2445">
     <span class='ocr_line' id='line_1_39' title="bbox 916 2377 2203 2445; baseline -0.001 -12"><span class='ocrx_word' id='word_1_277' title='bbox 916 2381 966 2434; x_wconf 82' lang='lat' dir='ltr'><strong>l.</strong></span> <span class='ocrx_word' id='word_1_278' title='bbox 1016 2377 1086 2434; x_wconf 76' lang='lat' dir='ltr'><strong>IN</strong></span> <span class='ocrx_word' id='word_1_279' title='bbox 1126 2380 1378 2445; x_wconf 79' lang='lat' dir='ltr'><strong>FINEM,</strong></span> <span class='ocrx_word' id='word_1_280' title='bbox 1426 2378 1752 2444; x_wconf 66' lang='lat' dir='ltr'><strong>PSALMUS</strong></span> <span class='ocrx_word' id='word_1_281' title='bbox 1799 2377 2010 2434; x_wconf 76' lang='lat' dir='ltr'><strong>DAVID</strong></span> <span class='ocrx_word' id='word_1_282' title='bbox 2059 2377 2203 2432; x_wconf 81' lang='lat' dir='ltr'><strong>XIX.</strong></span> 
     </span>
    </p>
   </div>
   <div class='ocr_carea' id='block_1_40' title="bbox 844 2469 2348 2527">
    <p class='ocr_par' dir='ltr' id='par_1_40' title="bbox 844 2469 2348 2527">
     <span class='ocr_line' id='line_1_40' title="bbox 844 2469 2348 2527; baseline -0.001 -2"><span class='ocrx_word' id='word_1_283' title='bbox 844 2471 1011 2527; x_wconf 75' lang='lat' dir='ltr'><strong>Vens.</strong></span> <span class='ocrx_word' id='word_1_284' title='bbox 1066 2472 1139 2526; x_wconf 75' lang='grc'><strong>2·</strong></span> <span class='ocrx_word' id='word_1_285' title='bbox 1169 2474 1224 2527; x_wconf 77' lang='grc'><strong>4.</strong></span> <span class='ocrx_word' id='word_1_286' title='bbox 1265 2472 1538 2526; x_wconf 76' lang='lat' dir='ltr'><strong>Exaudiat</strong></span> <span class='ocrx_word' id='word_1_287' title='bbox 1570 2481 1617 2526; x_wconf 87' lang='lat' dir='ltr'><strong>te</strong></span> <span class='ocrx_word' id='word_1_288' title='bbox 1652 2471 1910 2527; x_wconf 81' lang='lat' dir='ltr'><strong>Dominus</strong></span> <span class='ocrx_word' id='word_1_289' title='bbox 1948 2472 2006 2525; x_wconf 88' lang='lat' dir='ltr'><strong>in</strong></span> <span class='ocrx_word' id='word_1_290' title='bbox 2049 2472 2134 2524; x_wconf 86' lang='lat' dir='ltr'><strong>die</strong></span> <span class='ocrx_word' id='word_1_291' title='bbox 2181 2469 2348 2524; x_wconf 89' lang='lat' dir='ltr'><strong>tribu-</strong></span> 
     </span>
    </p>
   </div>
   <div class='ocr_carea' id='block_1_41' title="bbox 758 2562 2348 2635">
    <p class='ocr_par' dir='ltr' id='par_1_41' title="bbox 758 2562 2348 2635">
     <span class='ocr_line' id='line_1_41' title="bbox 758 2562 2348 2635; baseline -0.001 -18"><span class='ocrx_word' id='word_1_292' title='bbox 758 2565 1021 2628; x_wconf 81' lang='lat' dir='ltr'><strong>lationis,</strong></span> <span class='ocrx_word' id='word_1_293' title='bbox 1071 2574 1308 2635; x_wconf 82' lang='lat' dir='ltr'><strong>protegat</strong></span> <span class='ocrx_word' id='word_1_294' title='bbox 1345 2574 1392 2619; x_wconf 87' lang='lat' dir='ltr'><strong>te</strong></span> <span class='ocrx_word' id='word_1_295' title='bbox 1438 2582 1624 2619; x_wconf 81' lang='lat' dir='ltr'><strong>nomen</strong></span> <span class='ocrx_word' id='word_1_296' title='bbox 1668 2564 1765 2618; x_wconf 88' lang='lat' dir='ltr'><strong>Dei</strong></span> <span class='ocrx_word' id='word_1_297' title='bbox 1819 2563 2007 2620; x_wconf 84' lang='lat' dir='ltr'><strong>Jacob.</strong></span> <span class='ocrx_word' id='word_1_298' title='bbox 2037 2562 2220 2616; x_wconf 81' lang='lat' dir='ltr'><strong>Mittat</strong></span> <span class='ocrx_word' id='word_1_299' title='bbox 2254 2562 2348 2616; x_wconf 87' lang='lat' dir='ltr'><strong>tibi</strong></span> 
     </span>
    </p>
   </div>
   <div class='ocr_carea' id='block_1_42' title="bbox 773 2654 2346 2720">
    <p class='ocr_par' dir='ltr' id='par_1_42' title="bbox 773 2654 2346 2720">
     <span class='ocr_line' id='line_1_42' title="bbox 773 2654 2346 2720; baseline -0.001 -12"><span class='ocrx_word' id='word_1_300' title='bbox 773 2657 1034 2709; x_wconf 73' lang='lat' dir='ltr'><strong>auxilium</strong></span> <span class='ocrx_word' id='word_1_301' title='bbox 1054 2657 1118 2710; x_wconf 88' lang='lat' dir='ltr'><strong>de</strong></span> <span class='ocrx_word' id='word_1_302' title='bbox 1136 2666 1341 2720; x_wconf 87' lang='lat' dir='ltr'><strong>sancto,</strong></span> <span class='ocrx_word' id='word_1_303' title='bbox 1367 2665 1414 2710; x_wconf 89' lang='lat' dir='ltr'><strong>et</strong></span> <span class='ocrx_word' id='word_1_304' title='bbox 1446 2656 1508 2710; x_wconf 84' lang='lat' dir='ltr'><strong>de</strong></span> <span class='ocrx_word' id='word_1_305' title='bbox 1544 2657 1673 2709; x_wconf 68' lang='lat' dir='ltr'><strong>Sion</strong></span> <span class='ocrx_word' id='word_1_306' title='bbox 1704 2665 1918 2710; x_wconf 84' lang='lat' dir='ltr'><strong>tueatur</strong></span> <span class='ocrx_word' id='word_1_307' title='bbox 1950 2665 2016 2710; x_wconf 85' lang='lat' dir='ltr'><strong>te.</strong></span> <span class='ocrx_word' id='word_1_308' title='bbox 2048 2654 2250 2709; x_wconf 85' lang='lat' dir='ltr'><strong>Memor</strong></span> <span class='ocrx_word' id='word_1_309' title='bbox 2279 2657 2346 2709; x_wconf 83' lang='lat' dir='ltr'><strong>sit</strong></span> 
     </span>
    </p>
   </div>
   <div class='ocr_carea' id='block_1_43' title="bbox 771 2748 2342 2818">
    <p class='ocr_par' dir='ltr' id='par_1_43' title="bbox 771 2748 2342 2818">
     <span class='ocr_line' id='line_1_43' title="bbox 771 2748 2342 2818; baseline 0.003 -18"><span class='ocrx_word' id='word_1_310' title='bbox 771 2749 941 2802; x_wconf 88' lang='lat' dir='ltr'><strong>omnis</strong></span> <span class='ocrx_word' id='word_1_311' title='bbox 964 2749 1221 2818; x_wconf 81' lang='lat' dir='ltr'><strong>sacriﬁcii</strong></span> <span class='ocrx_word' id='word_1_312' title='bbox 1255 2749 1353 2812; x_wconf 85' lang='lat' dir='ltr'><strong>tui,-</strong></span> <span class='ocrx_word' id='word_1_313' title='bbox 1373 2758 1420 2802; x_wconf 90' lang='lat' dir='ltr'><strong>et</strong></span> <span class='ocrx_word' id='word_1_314' title='bbox 1445 2748 1813 2803; x_wconf 83' lang='lat' dir='ltr'><strong>holocaustum</strong></span> <span class='ocrx_word' id='word_1_315' title='bbox 1844 2758 1992 2801; x_wconf 87' lang='lat' dir='ltr'><strong>tuum</strong></span> <span class='ocrx_word' id='word_1_316' title='bbox 2019 2749 2208 2818; x_wconf 82' lang='lat' dir='ltr'><strong>pingue</strong></span> <span class='ocrx_word' id='word_1_317' title='bbox 2227 2749 2342 2817; x_wconf 82' lang='lat' dir='ltr'><strong>ﬁat.</strong></span> 
     </span>
    </p>
   </div>
   <div class='ocr_carea' id='block_1_44' title="bbox 771 2837 2344 2911">
    <p class='ocr_par' dir='ltr' id='par_1_44' title="bbox 771 2837 2344 2911">
     <span class='ocr_line' id='line_1_44' title="bbox 771 2837 2344 2911; baseline -0.003 -15"><span class='ocrx_word' id='word_1_318' title='bbox 771 2841 1108 2911; x_wconf 88' lang='lat' dir='ltr'><strong>Diapsalma.</strong></span> <span class='ocrx_word' id='word_1_319' title='bbox 1147 2840 1397 2895; x_wconf 88' lang='lat' dir='ltr'><strong>Psalmus</strong></span> <span class='ocrx_word' id='word_1_320' title='bbox 1429 2841 1646 2910; x_wconf 86' lang='lat' dir='ltr'><strong>quidem</strong></span> <span class='ocrx_word' id='word_1_321' title='bbox 1671 2880 1685 2904; x_wconf 93' lang='lat'><strong>,</strong></span> <span class='ocrx_word' id='word_1_322' title='bbox 1722 2849 1781 2894; x_wconf 92' lang='lat' dir='ltr'><strong>ut</strong></span> <span class='ocrx_word' id='word_1_323' title='bbox 1832 2840 2188 2910; x_wconf 85' lang='lat' dir='ltr'><strong>inscriptione</strong></span> <span class='ocrx_word' id='word_1_324' title='bbox 2234 2837 2344 2894; x_wconf 81' lang='lat' dir='ltr'><strong>fer-</strong></span> 
     </span>
    </p>
   </div>
   <div class='ocr_carea' id='block_1_45' title="bbox 773 2933 2344 3002">
    <p class='ocr_par' dir='ltr' id='par_1_45' title="bbox 773 2933 2344 3002">
     <span class='ocr_line' id='line_1_45' title="bbox 773 2933 2344 3002; baseline -0.003 -13"><span class='ocrx_word' id='word_1_325' title='bbox 773 2944 884 3000; x_wconf 87' lang='lat' dir='ltr'><strong>tur,</strong></span> <span class='ocrx_word' id='word_1_326' title='bbox 916 2933 1106 2988; x_wconf 87' lang='lat' dir='ltr'><strong>Davidi</strong></span> <span class='ocrx_word' id='word_1_327' title='bbox 1137 2933 1455 2988; x_wconf 85' lang='lat' dir='ltr'><strong>attribuitur</strong></span> <span class='ocrx_word' id='word_1_328' title='bbox 1481 2952 1493 2986; x_wconf 90' lang='lat'>:</span> <span class='ocrx_word' id='word_1_329' title='bbox 1527 2934 1710 2987; x_wconf 89' lang='lat' dir='ltr'><strong>animo</strong></span> <span class='ocrx_word' id='word_1_330' title='bbox 1739 2941 1922 2986; x_wconf 90' lang='lat' dir='ltr'><strong>autem</strong></span> <span class='ocrx_word' id='word_1_331' title='bbox 1950 2939 2192 3002; x_wconf 80' lang='lat' dir='ltr'><strong>reputes,</strong></span> <span class='ocrx_word' id='word_1_332' title='bbox 2217 2947 2344 2986; x_wconf 92' lang='lat' dir='ltr'><strong>num</strong></span> 
     </span>
    </p>
   </div>
   <div class='ocr_carea' id='block_1_46' title="bbox 774 3009 2347 3097">
    <p class='ocr_par' dir='ltr' id='par_1_46' title="bbox 774 3009 2347 3097">
     <span class='ocr_line' id='line_1_46' title="bbox 774 3009 2347 3097; baseline -0.003 -16"><span class='ocrx_word' id='word_1_333' title='bbox 774 3027 821 3081; x_wconf 87' lang='lat' dir='ltr'><strong>si</strong></span> <span class='ocrx_word' id='word_1_334' title='bbox 854 3026 1081 3081; x_wconf 75' lang='lat' dir='ltr'><strong>historia</strong></span> <span class='ocrx_word' id='word_1_335' title='bbox 1113 3031 1410 3087; x_wconf 83' lang='lat' dir='ltr'><strong>spectetur,</strong></span> <span class='ocrx_word' id='word_1_336' title='bbox 1442 3023 1547 3077; x_wconf 89' lang='lat' dir='ltr'><strong>alia</strong></span> <span class='ocrx_word' id='word_1_337' title='bbox 1579 3022 1973 3092; x_wconf 85' lang='lat' dir='ltr'><strong>sitcujuspiam</strong></span> <span class='ocrx_word' id='word_1_338' title='bbox 2007 3021 2204 3097; x_wconf 76' lang='lat' dir='ltr'><strong>oratio,</strong></span> <span class='ocrx_word' id='word_1_339' title='bbox 2227 3009 2347 3092; x_wconf 65' lang='lat' dir='ltr'><strong>quia</strong></span> 
     </span>
    </p>
   </div>
   <div class='ocr_carea' id='block_1_47' title="bbox 773 3111 2349 3187">
    <p class='ocr_par' dir='ltr' id='par_1_47' title="bbox 773 3111 2349 3187">
     <span class='ocr_line' id='line_1_47' title="bbox 773 3111 2349 3187; baseline -0.003 -15"><span class='ocrx_word' id='word_1_340' title='bbox 773 3119 996 3174; x_wconf 88' lang='lat' dir='ltr'><strong>Davidis</strong></span> <span class='ocrx_word' id='word_1_341' title='bbox 1027 3118 1486 3187; x_wconf 75' lang='lat' dir='ltr'><strong>supplicationum</strong></span> <span class='ocrx_word' id='word_1_342' title='bbox 1531 3115 1772 3182; x_wconf 72' lang='lat' dir='ltr'><strong>adiutrix</strong></span> <span class='ocrx_word' id='word_1_343' title='bbox 1805 3115 1896 3168; x_wconf 92' lang='lat' dir='ltr'><strong>sit.</strong></span> <span class='ocrx_word' id='word_1_344' title='bbox 1929 3112 2039 3178; x_wconf 85' lang='lat' dir='ltr'><strong>Qui</strong></span> <span class='ocrx_word' id='word_1_345' title='bbox 2063 3111 2231 3166; x_wconf 74' lang='lat' dir='ltr'><strong>David</strong></span> <span class='ocrx_word' id='word_1_346' title='bbox 2258 3128 2349 3168; x_wconf 81' lang='lat' dir='ltr'><strong>ro-</strong></span> 
     </span>
    </p>
   </div>
   <div class='ocr_carea' id='block_1_48' title="bbox 779 3201 2348 3279">
    <p class='ocr_par' dir='ltr' id='par_1_48' title="bbox 779 3201 2348 3279">
     <span class='ocr_line' id='line_1_48' title="bbox 779 3201 2348 3279; baseline -0.005 -16"><span class='ocrx_word' id='word_1_347' title='bbox 779 3216 870 3279; x_wconf 79' lang='lat' dir='ltr'><strong>gat</strong></span> <span class='ocrx_word' id='word_1_348' title='bbox 891 3207 1274 3274; x_wconf 87' lang='lat' dir='ltr'><strong>obsecratque,</strong></span> <span class='ocrx_word' id='word_1_349' title='bbox 1308 3214 1368 3258; x_wconf 90' lang='lat' dir='ltr'><strong>ut</strong></span> <span class='ocrx_word' id='word_1_350' title='bbox 1395 3203 1537 3268; x_wconf 79' lang='lat' dir='ltr'><strong>Deus</strong></span> <span class='ocrx_word' id='word_1_351' title='bbox 1569 3201 1672 3256; x_wconf 86' lang='lat' dir='ltr'><strong>sibi</strong></span> <span class='ocrx_word' id='word_1_352' title='bbox 1704 3208 1948 3257; x_wconf 87' lang='lat' dir='ltr'><strong>servator</strong></span> <span class='ocrx_word' id='word_1_353' title='bbox 1979 3201 2232 3266; x_wconf 88' lang='lat' dir='ltr'><strong>assistat,</strong></span> <span class='ocrx_word' id='word_1_354' title='bbox 2283 3216 2348 3255; x_wconf 90' lang='lat' dir='ltr'><strong>ac</strong></span> 
     </span>
    </p>
   </div>
   <div class='ocr_carea' id='block_1_49' title="bbox 773 3291 2417 3388">
    <p class='ocr_par' dir='ltr' id='par_1_49' title="bbox 773 3291 2417 3388">
     <span class='ocr_line' id='line_1_49' title="bbox 773 3291 2417 3388; baseline -0.006 -32"><span class='ocrx_word' id='word_1_355' title='bbox 773 3310 962 3355; x_wconf 89' lang='lat' dir='ltr'><strong>contra</strong></span> <span class='ocrx_word' id='word_1_356' title='bbox 988 3297 1242 3351; x_wconf 90' lang='lat' dir='ltr'><strong>inimicos</strong></span> <span class='ocrx_word' id='word_1_357' title='bbox 1276 3310 1465 3351; x_wconf 89' lang='lat' dir='ltr'><strong>secum</strong></span> <span class='ocrx_word' id='word_1_358' title='bbox 1495 3295 1759 3350; x_wconf 87' lang='lat' dir='ltr'><strong>decertet.</strong></span> <span class='ocrx_word' id='word_1_359' title='bbox 1795 3291 2104 3347; x_wconf 77' lang='lat' dir='ltr'><strong>Verisimile</strong></span> <span class='ocrx_word' id='word_1_360' title='bbox 2147 3293 2349 3374; x_wconf 79' lang='lat' dir='ltr'><strong>quippe</strong></span> <span class='ocrx_word' id='word_1_361' title='bbox 2375 3331 2417 3388; x_wconf 80' lang='lat' dir='ltr'>c</span> 
     </span>
    </p>
   </div>
   <div class='ocr_carea' id='block_1_50' title="bbox 771 3385 2347 3456">
    <p class='ocr_par' dir='ltr' id='par_1_50' title="bbox 771 3385 2347 3456">
     <span class='ocr_line' id='line_1_50' title="bbox 771 3385 2347 3456; baseline -0.005 -8"><span class='ocrx_word' id='word_1_362' title='bbox 771 3400 878 3456; x_wconf 87' lang='lat' dir='ltr'><strong>est,</strong></span> <span class='ocrx_word' id='word_1_363' title='bbox 909 3391 958 3446; x_wconf 92' lang='lat' dir='ltr'><strong>ei</strong></span> <span class='ocrx_word' id='word_1_364' title='bbox 989 3390 1077 3445; x_wconf 82' lang='lat' dir='ltr'><strong>his</strong></span> <span class='ocrx_word' id='word_1_365' title='bbox 1118 3388 1456 3442; x_wconf 85' lang='lat' dir='ltr'><strong>incumbenti</strong></span> <span class='ocrx_word' id='word_1_366' title='bbox 1486 3387 1716 3442; x_wconf 90' lang='lat' dir='ltr'><strong>chorum</strong></span> <span class='ocrx_word' id='word_1_367' title='bbox 1757 3393 2072 3440; x_wconf 88' lang='lat' dir='ltr'><strong>sanctorum</strong></span> <span class='ocrx_word' id='word_1_368' title='bbox 2122 3385 2347 3455; x_wconf 84' lang='lat' dir='ltr'><strong>angelo-</strong></span> 
     </span>
    </p>
   </div>
   <div class='ocr_carea' id='block_1_51' title="bbox 771 3476 2344 3552">
    <p class='ocr_par' dir='ltr' id='par_1_51' title="bbox 771 3476 2344 3552">
     <span class='ocr_line' id='line_1_51' title="bbox 771 3476 2344 3552; baseline -0.005 -14"><span class='ocrx_word' id='word_1_369' title='bbox 771 3498 914 3546; x_wconf 91' lang='lat' dir='ltr'><strong>rum,</strong></span> <span class='ocrx_word' id='word_1_370' title='bbox 938 3483 1317 3552; x_wconf 79' lang='lat' dir='ltr'><strong>religiosorum</strong></span> <span class='ocrx_word' id='word_1_371' title='bbox 1351 3480 1654 3541; x_wconf 86' lang='lat' dir='ltr'><strong>hominum.</strong></span> <span class='ocrx_word' id='word_1_372' title='bbox 1683 3493 2077 3548; x_wconf 90' lang='lat' dir='ltr'><strong>sacrorumque</strong></span> <span class='ocrx_word' id='word_1_373' title='bbox 2104 3476 2197 3532; x_wconf 88' lang='lat' dir='ltr'><strong>Dei</strong></span> <span class='ocrx_word' id='word_1_374' title='bbox 2241 3478 2344 3531; x_wconf 90' lang='lat' dir='ltr'><strong>mi-</strong></span> 
     </span>
    </p>
   </div>
   <div class='ocr_carea' id='block_1_52' title="bbox 769 3569 2347 3641">
    <p class='ocr_par' dir='ltr' id='par_1_52' title="bbox 769 3569 2347 3641">
     <span class='ocr_line' id='line_1_52' title="bbox 769 3569 2347 3641; baseline -0.004 -11"><span class='ocrx_word' id='word_1_375' title='bbox 769 3576 1073 3632; x_wconf 86' lang='lat' dir='ltr'><strong>nistrorum</strong></span> <span class='ocrx_word' id='word_1_376' title='bbox 1120 3570 1332 3638; x_wconf 80' lang='lat' dir='ltr'><strong>adesse,</strong></span> <span class='ocrx_word' id='word_1_377' title='bbox 1369 3589 1475 3640; x_wconf 81' lang='lat' dir='ltr'><strong>una</strong></span> <span class='ocrx_word' id='word_1_378' title='bbox 1505 3588 1629 3626; x_wconf 87' lang='lat' dir='ltr'><strong>cum</strong></span> <span class='ocrx_word' id='word_1_379' title='bbox 1679 3571 1774 3626; x_wconf 93' lang='lat' dir='ltr'><strong>illo</strong></span> <span class='ocrx_word' id='word_1_380' title='bbox 1820 3569 2072 3641; x_wconf 89' lang='lat' dir='ltr'><strong>precari,</strong></span> <span class='ocrx_word' id='word_1_381' title='bbox 2125 3576 2180 3624; x_wconf 91' lang='lat' dir='ltr'><strong>et</strong></span> <span class='ocrx_word' id='word_1_382' title='bbox 2233 3569 2347 3624; x_wconf 72' lang='lat' dir='ltr'><strong>haec</strong></span> 
     </span>
    </p>
   </div>
   <div class='ocr_carea' id='block_1_53' title="bbox 773 3660 2346 3738">
    <p class='ocr_par' dir='ltr' id='par_1_53' title="bbox 773 3660 2346 3738">
     <span class='ocr_line' id='line_1_53' title="bbox 773 3660 2346 3738; baseline -0.003 -17"><span class='ocrx_word' id='word_1_383' title='bbox 773 3668 960 3725; x_wconf 69' lang='lat' dir='ltr'><strong>omnia</strong></span> <span class='ocrx_word' id='word_1_384' title='bbox 991 3668 1153 3724; x_wconf 91' lang='lat' dir='ltr'><strong>simul</strong></span> <span class='ocrx_word' id='word_1_385' title='bbox 1186 3666 1432 3738; x_wconf 83' lang='lat' dir='ltr'><strong>proferre</strong></span> <span class='ocrx_word' id='word_1_386' title='bbox 1463 3685 1474 3719; x_wconf 90' lang='lat'><strong>:</strong></span> <span class='ocrx_word' id='word_1_387' title='bbox 1517 3661 1791 3718; x_wconf 72' lang='lat' dir='ltr'><strong>Exaudiat</strong></span> <span class='ocrx_word' id='word_1_388' title='bbox 1821 3671 1868 3716; x_wconf 88' lang='lat' dir='ltr'><strong>te</strong></span> <span class='ocrx_word' id='word_1_389' title='bbox 1898 3660 2152 3716; x_wconf 83' lang='lat' dir='ltr'><strong>Dominus</strong></span> <span class='ocrx_word' id='word_1_390' title='bbox 2176 3663 2229 3715; x_wconf 86' lang='lat' dir='ltr'><strong>in</strong></span> <span class='ocrx_word' id='word_1_391' title='bbox 2263 3662 2346 3716; x_wconf 83' lang='lat' dir='ltr'><strong>die</strong></span> 
     </span>
    </p>
   </div>
   <div class='ocr_carea' id='block_1_54' title="bbox 771 3750 2346 3826">
    <p class='ocr_par' dir='ltr' id='par_1_54' title="bbox 771 3750 2346 3826">
     <span class='ocr_line' id='line_1_54' title="bbox 771 3750 2346 3826; baseline -0.007 -11"><span class='ocrx_word' id='word_1_392' title='bbox 771 3761 1155 3822; x_wconf 79' lang='lat' dir='ltr'><strong>tribulationis,</strong></span> <span class='ocrx_word' id='word_1_393' title='bbox 1173 3767 1452 3823; x_wconf 64' lang='lat' dir='ltr'><strong>etcmtera;</strong></span> <span class='ocrx_word' id='word_1_394' title='bbox 1477 3764 1640 3826; x_wconf 89' lang='lat' dir='ltr'><strong>atque</strong></span> <span class='ocrx_word' id='word_1_395' title='bbox 1656 3753 1785 3808; x_wconf 89' lang='lat' dir='ltr'><strong>illud</strong></span> <span class='ocrx_word' id='word_1_396' title='bbox 1812 3753 1940 3808; x_wconf 90' lang='lat' dir='ltr'><strong>item</strong></span> <span class='ocrx_word' id='word_1_397' title='bbox 1963 3772 1974 3806; x_wconf 91' lang='lat'><strong>:</strong></span> <span class='ocrx_word' id='word_1_398' title='bbox 2002 3750 2072 3805; x_wconf 88' lang='lat' dir='ltr'><strong>Et</strong></span> <span class='ocrx_word' id='word_1_399' title='bbox 2100 3750 2346 3805; x_wconf 82' lang='lat' dir='ltr'><strong>adsittibi</strong></span> 
     </span>
    </p>
   </div>
   <div class='ocr_carea' id='block_1_55' title="bbox 779 3846 2344 3910">
    <p class='ocr_par' dir='ltr' id='par_1_55' title="bbox 779 3846 2344 3910">
     <span class='ocr_line' id='line_1_55' title="bbox 779 3846 2344 3910; baseline -0.006 0"><span class='ocrx_word' id='word_1_400' title='bbox 779 3872 964 3910; x_wconf 82' lang='lat' dir='ltr'><strong>nomen</strong></span> <span class='ocrx_word' id='word_1_401' title='bbox 997 3853 1094 3907; x_wconf 85' lang='lat' dir='ltr'><strong>Dei</strong></span> <span class='ocrx_word' id='word_1_402' title='bbox 1120 3851 1308 3906; x_wconf 75' lang='lat' dir='ltr'><strong>Iacob.</strong></span> <span class='ocrx_word' id='word_1_403' title='bbox 1356 3850 1452 3904; x_wconf 85' lang='lat' dir='ltr'><strong>Est</strong></span> <span class='ocrx_word' id='word_1_404' title='bbox 1491 3849 1639 3905; x_wconf 85' lang='lat' dir='ltr'><strong>enim</strong></span> <span class='ocrx_word' id='word_1_405' title='bbox 1673 3847 1800 3903; x_wconf 89' lang='lat' dir='ltr'><strong>talis</strong></span> <span class='ocrx_word' id='word_1_406' title='bbox 1823 3846 2097 3901; x_wconf 84' lang='lat' dir='ltr'><strong>invocatio</strong></span> <span class='ocrx_word' id='word_1_407' title='bbox 2119 3854 2173 3901; x_wconf 90' lang='lat' dir='ltr'><strong>et</strong></span> <span class='ocrx_word' id='word_1_408' title='bbox 2201 3862 2344 3901; x_wconf 83' lang='lat' dir='ltr'><strong>com-</strong></span> 
     </span>
    </p>
   </div>
   <div class='ocr_carea' id='block_1_56' title="bbox 770 3937 2344 4019">
    <p class='ocr_par' dir='ltr' id='par_1_56' title="bbox 770 3937 2344 4019">
     <span class='ocr_line' id='line_1_56' title="bbox 770 3937 2344 4019; baseline -0.006 -17"><span class='ocrx_word' id='word_1_409' title='bbox 770 3948 990 4019; x_wconf 85' lang='lat' dir='ltr'><strong>pellatio</strong></span> <span class='ocrx_word' id='word_1_410' title='bbox 1025 3947 1092 3999; x_wconf 86' lang='lat' dir='ltr'><strong>ad</strong></span> <span class='ocrx_word' id='word_1_411' title='bbox 1140 3941 1539 4014; x_wconf 83' lang='lat' dir='ltr'><strong>propulsandus</strong></span> <span class='ocrx_word' id='word_1_412' title='bbox 1555 3954 1748 3996; x_wconf 89' lang='lat' dir='ltr'><strong>omnes</strong></span> <span class='ocrx_word' id='word_1_413' title='bbox 1768 3937 2022 3992; x_wconf 87' lang='lat' dir='ltr'><strong>inimicos</strong></span> <span class='ocrx_word' id='word_1_414' title='bbox 2039 3941 2195 3994; x_wconf 87' lang='lat' dir='ltr'><strong>satis.</strong></span> <span class='ocrx_word' id='word_1_415' title='bbox 2221 3937 2344 3993; x_wconf 64' lang='lat' dir='ltr'><strong>Haec</strong></span> 
     </span>
    </p>
   </div>
   <div class='ocr_carea' id='block_1_57' title="bbox 770 4030 2342 4104">
    <p class='ocr_par' dir='ltr' id='par_1_57' title="bbox 770 4030 2342 4104">
     <span class='ocr_line' id='line_1_57' title="bbox 770 4030 2342 4104; baseline -0.008 -10"><span class='ocrx_word' id='word_1_416' title='bbox 770 4053 878 4094; x_wconf 89' lang='lat' dir='ltr'><strong>non</strong></span> <span class='ocrx_word' id='word_1_417' title='bbox 910 4038 1011 4092; x_wconf 90' lang='lat' dir='ltr'><strong>soli</strong></span> <span class='ocrx_word' id='word_1_418' title='bbox 1041 4035 1229 4089; x_wconf 82' lang='lat' dir='ltr'><strong>Davidi</strong></span> <span class='ocrx_word' id='word_1_419' title='bbox 1257 4033 1590 4104; x_wconf 80' lang='lat' dir='ltr'><strong>competunt;</strong></span> <span class='ocrx_word' id='word_1_420' title='bbox 1613 4033 1704 4090; x_wconf 92' lang='lat' dir='ltr'><strong>sed</strong></span> <span class='ocrx_word' id='word_1_421' title='bbox 1736 4033 1896 4088; x_wconf 89' lang='lat' dir='ltr'><strong>etiam</strong></span> <span class='ocrx_word' id='word_1_422' title='bbox 1918 4031 2137 4085; x_wconf 88' lang='lat' dir='ltr'><strong>cuilibet</strong></span> <span class='ocrx_word' id='word_1_423' title='bbox 2165 4030 2342 4094; x_wconf 88' lang='lat' dir='ltr'><strong>alteri,</strong></span> 
     </span>
    </p>
   </div>
   <div class='ocr_carea' id='block_1_58' title="bbox 775 4122 2344 4200">
    <p class='ocr_par' dir='ltr' id='par_1_58' title="bbox 775 4122 2344 4200">
     <span class='ocr_line' id='line_1_58' title="bbox 775 4122 2344 4200; baseline -0.005 -18"><span class='ocrx_word' id='word_1_424' title='bbox 775 4133 868 4200; x_wconf 82' lang='lat' dir='ltr'><strong>qui</strong></span> <span class='ocrx_word' id='word_1_425' title='bbox 899 4133 952 4183; x_wconf 80' lang='lat' dir='ltr'><strong>in</strong></span> <span class='ocrx_word' id='word_1_426' title='bbox 973 4127 1141 4183; x_wconf 83' lang='lat' dir='ltr'><strong>simili</strong></span> <span class='ocrx_word' id='word_1_427' title='bbox 1169 4142 1299 4181; x_wconf 89' lang='lat' dir='ltr'><strong>casu</strong></span> <span class='ocrx_word' id='word_1_428' title='bbox 1324 4141 1419 4194; x_wconf 90' lang='lat' dir='ltr'><strong>per</strong></span> <span class='ocrx_word' id='word_1_429' title='bbox 1444 4126 1745 4180; x_wconf 85' lang='lat' dir='ltr'><strong>orationem</strong></span> <span class='ocrx_word' id='word_1_430' title='bbox 1783 4122 2085 4192; x_wconf 88' lang='lat' dir='ltr'><strong>spiritualia</strong></span> <span class='ocrx_word' id='word_1_431' title='bbox 2131 4129 2184 4176; x_wconf 91' lang='lat' dir='ltr'><strong>et</strong></span> <span class='ocrx_word' id='word_1_432' title='bbox 2209 4136 2344 4192; x_wconf 90' lang='lat' dir='ltr'><strong>pura</strong></span> 
     </span>
    </p>
   </div>
   <div class='ocr_carea' id='block_1_59' title="bbox 776 4213 2346 4286">
    <p class='ocr_par' dir='ltr' id='par_1_59' title="bbox 776 4213 2346 4286">
     <span class='ocr_line' id='line_1_59' title="bbox 776 4213 2346 4286; baseline -0.005 -12"><span class='ocrx_word' id='word_1_433' title='bbox 776 4221 884 4278; x_wconf 90' lang='lat' dir='ltr'><strong>Deo</strong></span> <span class='ocrx_word' id='word_1_434' title='bbox 915 4220 1183 4276; x_wconf 74' lang='lat' dir='ltr'><strong>sacriﬁcia</strong></span> <span class='ocrx_word' id='word_1_435' title='bbox 1219 4218 1448 4284; x_wconf 89' lang='lat' dir='ltr'><strong>emittit;</strong></span> <span class='ocrx_word' id='word_1_436' title='bbox 1481 4218 1566 4272; x_wconf 90' lang='lat' dir='ltr'><strong>cui</strong></span> <span class='ocrx_word' id='word_1_437' title='bbox 1591 4259 1605 4284; x_wconf 92' lang='lat'><strong>,</strong></span> <span class='ocrx_word' id='word_1_438' title='bbox 1649 4223 1710 4270; x_wconf 89' lang='lat' dir='ltr'><strong>ut</strong></span> <span class='ocrx_word' id='word_1_439' title='bbox 1749 4230 1848 4286; x_wconf 89' lang='lat' dir='ltr'><strong>par</strong></span> <span class='ocrx_word' id='word_1_440' title='bbox 1883 4225 1987 4277; x_wconf 83' lang='lat' dir='ltr'><strong>est,</strong></span> <span class='ocrx_word' id='word_1_441' title='bbox 2019 4229 2208 4286; x_wconf 25' lang='lat' dir='ltr'><strong>sacrm,</strong></span> <span class='ocrx_word' id='word_1_442' title='bbox 2241 4213 2346 4266; x_wconf 63' lang='lat' dir='ltr'><strong>illae</strong></span> 
     </span>
    </p>
   </div>
   <div class='ocr_carea' id='block_1_60' title="bbox 774 4303 2342 4378">
    <p class='ocr_par' dir='ltr' id='par_1_60' title="bbox 774 4303 2342 4378">
     <span class='ocr_line' id='line_1_60' title="bbox 774 4303 2342 4378; baseline -0.005 -14"><span class='ocrx_word' id='word_1_443' title='bbox 774 4313 1026 4372; x_wconf 79' lang='lat' dir='ltr'><strong>virtutes,</strong></span> <span class='ocrx_word' id='word_1_444' title='bbox 1052 4320 1106 4366; x_wconf 89' lang='lat' dir='ltr'><strong>et</strong></span> <span class='ocrx_word' id='word_1_445' title='bbox 1127 4318 1440 4366; x_wconf 89' lang='lat' dir='ltr'><strong>sanctorum</strong></span> <span class='ocrx_word' id='word_1_446' title='bbox 1462 4307 1776 4378; x_wconf 81' lang='lat' dir='ltr'><strong>angelorum</strong></span> <span class='ocrx_word' id='word_1_447' title='bbox 1805 4305 1956 4359; x_wconf 89' lang='lat' dir='ltr'><strong>chori</strong></span> <span class='ocrx_word' id='word_1_448' title='bbox 1980 4318 2089 4359; x_wconf 87' lang='lat' dir='ltr'><strong>una</strong></span> <span class='ocrx_word' id='word_1_449' title='bbox 2124 4303 2342 4369; x_wconf 83' lang='lat' dir='ltr'><strong>adsunt,</strong></span> 
     </span>
    </p>
   </div>
   <div class='ocr_carea' id='block_1_61' title="bbox 772 4394 2302 4471">
    <p class='ocr_par' dir='ltr' id='par_1_61' title="bbox 772 4394 2302 4471">
     <span class='ocr_line' id='line_1_61' title="bbox 772 4394 2302 4471; baseline -0.007 -15"><span class='ocrx_word' id='word_1_450' title='bbox 772 4405 1083 4458; x_wconf 88' lang='lat' dir='ltr'><strong>orationum</strong></span> <span class='ocrx_word' id='word_1_451' title='bbox 1125 4418 1189 4457; x_wconf 90' lang='lat' dir='ltr'><strong>ac</strong></span> <span class='ocrx_word' id='word_1_452' title='bbox 1233 4400 1675 4471; x_wconf 87' lang='lat' dir='ltr'><strong>deprecationum</strong></span> <span class='ocrx_word' id='word_1_453' title='bbox 1727 4397 1861 4454; x_wconf 89' lang='lat' dir='ltr'><strong>socii</strong></span> <span class='ocrx_word' id='word_1_454' title='bbox 1915 4403 1969 4450; x_wconf 90' lang='lat' dir='ltr'><strong>et</strong></span> <span class='ocrx_word' id='word_1_455' title='bbox 2007 4394 2302 4464; x_wconf 88' lang='lat' dir='ltr'><strong>adjutores.</strong></span> 
     </span>
    </p>
   </div>
   <div class='ocr_carea' id='block_1_62' title="bbox 849 4485 2344 4551">
    <p class='ocr_par' dir='ltr' id='par_1_62' title="bbox 849 4485 2344 4551">
     <span class='ocr_line' id='line_1_62' title="bbox 849 4485 2344 4551; baseline -0.007 -3"><span class='ocrx_word' id='word_1_456' title='bbox 849 4494 1013 4551; x_wconf 74' lang='lat' dir='ltr'><strong>Vens.</strong></span> <span class='ocrx_word' id='word_1_457' title='bbox 1075 4493 1198 4549; x_wconf 82' lang='lat'><strong>5-7.</strong></span> <span class='ocrx_word' id='word_1_458' title='bbox 1271 4491 1492 4547; x_wconf 84' lang='lat' dir='ltr'><strong>Tribuat</strong></span> <span class='ocrx_word' id='word_1_459' title='bbox 1561 4491 1655 4544; x_wconf 87' lang='lat' dir='ltr'><strong>tibi</strong></span> <span class='ocrx_word' id='word_1_460' title='bbox 1721 4488 1977 4544; x_wconf 80' lang='lat' dir='ltr'><strong>Dominus</strong></span> <span class='ocrx_word' id='word_1_461' title='bbox 2061 4485 2344 4541; x_wconf 85' lang='lat' dir='ltr'><strong>secundum</strong></span> 
     </span>
    </p>
   </div>
   <div class='ocr_carea' id='block_1_63' title="bbox 774 4576 2344 4654">
    <p class='ocr_par' dir='ltr' id='par_1_63' title="bbox 774 4576 2344 4654">
     <span class='ocr_line' id='line_1_63' title="bbox 774 4576 2344 4654; baseline -0.01 -9"><span class='ocrx_word' id='word_1_462' title='bbox 774 4609 867 4652; x_wconf 76' lang='lat' dir='ltr'><strong>cor:</strong></span> <span class='ocrx_word' id='word_1_463' title='bbox 904 4601 1070 4654; x_wconf 83' lang='lat' dir='ltr'><strong>tuum,</strong></span> <span class='ocrx_word' id='word_1_464' title='bbox 1103 4596 1152 4640; x_wconf 86' lang='lat' dir='ltr'><strong>et</strong></span> <span class='ocrx_word' id='word_1_465' title='bbox 1179 4603 1329 4640; x_wconf 88' lang='lat' dir='ltr'><strong>omne</strong></span> <span class='ocrx_word' id='word_1_466' title='bbox 1355 4585 1631 4650; x_wconf 81' lang='lat' dir='ltr'><strong>consilium</strong></span> <span class='ocrx_word' id='word_1_467' title='bbox 1665 4591 1812 4635; x_wconf 85' lang='lat' dir='ltr'><strong>tuum</strong></span> <span class='ocrx_word' id='word_1_468' title='bbox 1842 4580 2134 4648; x_wconf 80' lang='lat' dir='ltr'><strong>conﬁrmet.</strong></span> <span class='ocrx_word' id='word_1_469' title='bbox 2172 4576 2344 4632; x_wconf 63' lang='lat' dir='ltr'><strong>Latia-</strong></span> 
     </span>
    </p>
   </div>
   <div class='ocr_carea' id='block_1_64' title="bbox 2450 2080 4042 2156">
    <p class='ocr_par' dir='ltr' id='par_1_64' title="bbox 2450 2080 4042 2156">
     <span class='ocr_line' id='line_1_64' title="bbox 2450 2080 4042 2156; baseline 0 -20"><span class='ocrx_word' id='word_1_470' title='bbox 2450 2083 2650 2137; x_wconf 85' lang='grc' dir='ltr'>ἁλῶναι</span> <span class='ocrx_word' id='word_1_471' title='bbox 2671 2085 2783 2144; x_wconf 85' lang='grc' dir='ltr'>τοῖς</span> <span class='ocrx_word' id='word_1_472' title='bbox 2805 2081 3066 2144; x_wconf 74' lang='grc' dir='ltr'>ἐναντίοις</span> <span class='ocrx_word' id='word_1_473' title='bbox 3093 2080 3298 2152; x_wconf 75' lang='grc' dir='ltr'>συμϐῇ,</span> <span class='ocrx_word' id='word_1_474' title='bbox 3325 2083 3386 2134; x_wconf 81' lang='grc' dir='ltr'>σύ</span> <span class='ocrx_word' id='word_1_475' title='bbox 3422 2099 3487 2152; x_wconf 88' lang='grc' dir='ltr'><strong>με</strong></span> <span class='ocrx_word' id='word_1_476' title='bbox 3513 2084 3576 2135; x_wconf 84' lang='grc' dir='ltr'>ἐκ</span> <span class='ocrx_word' id='word_1_477' title='bbox 3601 2083 3708 2136; x_wconf 87' lang='grc' dir='ltr'><strong>τῶν</strong></span> <span class='ocrx_word' id='word_1_478' title='bbox 3736 2084 4042 2156; x_wconf 65' lang='grc' dir='ltr'>κρατησάνυ</span> 
     </span>
    </p>
   </div>
   <div class='ocr_carea' id='block_1_65' title="bbox 2446 2158 4037 2246">
    <p class='ocr_par' dir='ltr' id='par_1_65' title="bbox 2446 2158 4037 2246">
     <span class='ocr_line' id='line_1_65' title="bbox 2446 2158 4037 2246; baseline 0.003 -19"><span class='ocrx_word' id='word_1_479' title='bbox 2446 2192 2552 2227; x_wconf 84' lang='grc' dir='ltr'><strong>των</strong></span> <span class='ocrx_word' id='word_1_480' title='bbox 2581 2172 2888 2246; x_wconf 79' lang='grc' dir='ltr'>λυτροῦσαι,</span> <span class='ocrx_word' id='word_1_481' title='bbox 2932 2173 3048 2244; x_wconf 76' lang='grc' dir='ltr'><strong>ἅμα</strong></span> <span class='ocrx_word' id='word_1_482' title='bbox 3098 2171 3288 2240; x_wconf 71' lang='grc' dir='ltr'>βοηθὸς</span> <span class='ocrx_word' id='word_1_483' title='bbox 3337 2158 3427 2226; x_wconf 59' lang='grc' dir='ltr'><strong>καὶ</strong></span> <span class='ocrx_word' id='word_1_484' title='bbox 3467 2173 3743 2237; x_wconf 67' lang='grc' dir='ltr'>λυτοωτὴς</span> <span class='ocrx_word' id='word_1_485' title='bbox 3783 2178 4037 2245; x_wconf 81' lang='grc' dir='ltr'>εὑρισκό-</span> 
     </span>
    </p>
   </div>
   <div class='ocr_carea' id='block_1_66' title="bbox 2457 2282 2634 2337">
    <p class='ocr_par' dir='ltr' id='par_1_66' title="bbox 2457 2282 2634 2337">
     <span class='ocr_line' id='line_1_66' title="bbox 2457 2282 2634 2337; baseline 0.011 -19"><span class='ocrx_word' id='word_1_486' title='bbox 2457 2282 2634 2337; x_wconf 86' lang='grc' dir='ltr'>μενος.</span> 
     </span>
    </p>
   </div>
   <div class='ocr_carea' id='block_1_67' title="bbox 2604 2375 3927 2443">
    <p class='ocr_par' dir='ltr' id='par_1_67' title="bbox 2604 2375 3927 2443">
     <span class='ocr_line' id='line_1_67' title="bbox 2604 2375 3927 2443; baseline 0.002 -14"><span class='ocrx_word' id='word_1_487' title='bbox 2604 2375 2716 2430; x_wconf 82' lang='grc' dir='ltr'><strong>ΕΙΣ</strong></span> <span class='ocrx_word' id='word_1_488' title='bbox 2749 2377 2836 2429; x_wconf 91' lang='grc' dir='ltr'><strong>ΤΟ</strong></span> <span class='ocrx_word' id='word_1_489' title='bbox 2875 2376 3115 2443; x_wconf 83' lang='grc' dir='ltr'><strong>ΤΕΛΟΣ,</strong></span> <span class='ocrx_word' id='word_1_490' title='bbox 3154 2376 3443 2429; x_wconf 75' lang='grc' dir='ltr'><strong>ἾἈΛΜΟΣ</strong></span> <span class='ocrx_word' id='word_1_491' title='bbox 3481 2377 3568 2432; x_wconf 85' lang='grc' dir='ltr'><strong>ΤΩ</strong></span> <span class='ocrx_word' id='word_1_492' title='bbox 3599 2376 3794 2430; x_wconf 79' lang='grc' dir='ltr'><strong>ΔΔΥΙΔ</strong></span> <span class='ocrx_word' id='word_1_493' title='bbox 3824 2379 3927 2432; x_wconf 87' lang='grc' dir='ltr'><strong>ΙΘ¹.</strong></span> 
     </span>
    </p>
   </div>
   <div class='ocr_carea' id='block_1_68' title="bbox 2530 2460 4032 2538">
    <p class='ocr_par' dir='ltr' id='par_1_68' title="bbox 2530 2460 4032 2538">
     <span class='ocr_line' id='line_1_68' title="bbox 2530 2460 4032 2538; baseline 0.003 -19"><span class='ocrx_word' id='word_1_494' title='bbox 2530 2460 2889 2523; x_wconf 68' lang='grc' dir='ltr'>Ἔπακούσαὶ</span> <span class='ocrx_word' id='word_1_495' title='bbox 2936 2485 3053 2522; x_wconf 89' lang='grc' dir='ltr'><strong>σου</strong></span> <span class='ocrx_word' id='word_1_496' title='bbox 3102 2470 3317 2538; x_wconf 80' lang='grc' dir='ltr'>Κύριος</span> <span class='ocrx_word' id='word_1_497' title='bbox 3372 2469 3441 2520; x_wconf 71' lang='grc' dir='ltr'><strong>ἐν</strong></span> <span class='ocrx_word' id='word_1_498' title='bbox 3485 2468 3675 2538; x_wconf 73' lang='grc' dir='ltr'>ἡμέρᾳ</span> <span class='ocrx_word' id='word_1_499' title='bbox 3735 2471 4032 2538; x_wconf 58' lang='grc' dir='ltr'>θλίψεως,</span> 
     </span>
    </p>
   </div>
   <div class='ocr_carea' id='block_1_69' title="bbox 2447 2560 4037 2630">
    <p class='ocr_par' dir='ltr' id='par_1_69' title="bbox 2447 2560 4037 2630">
     <span class='ocr_line' id='line_1_69' title="bbox 2447 2560 4037 2630; baseline -0.001 -16"><span class='ocrx_word' id='word_1_500' title='bbox 2447 2561 2855 2628; x_wconf 75' lang='grc' dir='ltr'>ὑπερασπίσαι</span> <span class='ocrx_word' id='word_1_501' title='bbox 2882 2577 2997 2614; x_wconf 88' lang='grc' dir='ltr'>σου</span> <span class='ocrx_word' id='word_1_502' title='bbox 3026 2561 3090 2614; x_wconf 75' lang='grc' dir='ltr'>τὸ</span> <span class='ocrx_word' id='word_1_503' title='bbox 3123 2560 3308 2630; x_wconf 73' lang='grc' dir='ltr'>ὄνομα</span> <span class='ocrx_word' id='word_1_504' title='bbox 3337 2561 3443 2615; x_wconf 88' lang='grc' dir='ltr'>τοῦ</span> <span class='ocrx_word' id='word_1_505' title='bbox 3471 2561 3619 2615; x_wconf 83' lang='grc' dir='ltr'>Θεοῦ</span> <span class='ocrx_word' id='word_1_506' title='bbox 3659 2560 3879 2614; x_wconf 78' lang='grc' dir='ltr'>Ἰακώϐ.</span> <span class='ocrx_word' id='word_1_507' title='bbox 3921 2562 4037 2624; x_wconf 78' lang='grc' dir='ltr'><strong>Ἐξ-</strong></span> 
     </span>
    </p>
   </div>
   <div class='ocr_carea' id='block_1_70' title="bbox 2448 2653 4038 2724">
    <p class='ocr_par' dir='ltr' id='par_1_70' title="bbox 2448 2653 4038 2724">
     <span class='ocr_line' id='line_1_70' title="bbox 2448 2653 4038 2724; baseline 0.001 -17"><span class='ocrx_word' id='word_1_508' title='bbox 2448 2654 2800 2708; x_wconf 77' lang='grc' dir='ltr'>ἀποστείλαι</span> <span class='ocrx_word' id='word_1_509' title='bbox 2843 2669 2942 2708; x_wconf 88' lang='grc' dir='ltr'><strong>σοι</strong></span> <span class='ocrx_word' id='word_1_510' title='bbox 2985 2653 3278 2720; x_wconf 81' lang='grc' dir='ltr'>,βοήθειαν</span> <span class='ocrx_word' id='word_1_511' title='bbox 3316 2654 3385 2719; x_wconf 82' lang='grc' dir='ltr'><strong>ἐξ</strong></span> <span class='ocrx_word' id='word_1_512' title='bbox 3417 2656 3610 2724; x_wconf 71' lang='grc' dir='ltr'>ἁγίου,</span> <span class='ocrx_word' id='word_1_513' title='bbox 3653 2655 3752 2708; x_wconf 76' lang='grc' dir='ltr'>καὶ</span> <span class='ocrx_word' id='word_1_514' title='bbox 3779 2656 3849 2708; x_wconf 75' lang='grc' dir='ltr'>ἐκ</span> <span class='ocrx_word' id='word_1_515' title='bbox 3883 2655 4038 2708; x_wconf 64' lang='grc' dir='ltr'><strong>Σιὼν</strong></span> 
     </span>
    </p>
   </div>
   <div class='ocr_carea' id='block_1_71' title="bbox 2449 2743 4034 2815">
    <p class='ocr_par' dir='ltr' id='par_1_71' title="bbox 2449 2743 4034 2815">
     <span class='ocr_line' id='line_1_71' title="bbox 2449 2743 4034 2815; baseline 0.003 -17"><span class='ocrx_word' id='word_1_516' title='bbox 2449 2743 2826 2798; x_wconf 77' lang='grc' dir='ltr'>ἁντιλάὸοιτό</span> <span class='ocrx_word' id='word_1_517' title='bbox 2875 2760 3009 2798; x_wconf 89' lang='grc' dir='ltr'>σου.</span> <span class='ocrx_word' id='word_1_518' title='bbox 3049 2748 3358 2815; x_wconf 76' lang='grc' dir='ltr'>Μνησθείη</span> <span class='ocrx_word' id='word_1_519' title='bbox 3393 2745 3598 2814; x_wconf 81' lang='grc' dir='ltr'>πάσης</span> <span class='ocrx_word' id='word_1_520' title='bbox 3649 2747 3864 2813; x_wconf 87' lang='grc' dir='ltr'><strong>θυσίας</strong></span> <span class='ocrx_word' id='word_1_521' title='bbox 3895 2764 4034 2813; x_wconf 87' lang='grc' dir='ltr'>σου,</span> 
     </span>
    </p>
   </div>
   <div class='ocr_carea' id='block_1_72' title="bbox 2447 2835 4036 2909">
    <p class='ocr_par' dir='ltr' id='par_1_72' title="bbox 2447 2835 4036 2909">
     <span class='ocr_line' id='line_1_72' title="bbox 2447 2835 4036 2909; baseline 0.004 -21"><span class='ocrx_word' id='word_1_522' title='bbox 2447 2835 2546 2889; x_wconf 78' lang='grc' dir='ltr'>καὶ</span> <span class='ocrx_word' id='word_1_523' title='bbox 2570 2836 2636 2889; x_wconf 82' lang='grc' dir='ltr'>τὸ</span> <span class='ocrx_word' id='word_1_524' title='bbox 2658 2837 3046 2908; x_wconf 74' lang='grc' dir='ltr'>όλοκαύτωμά</span> <span class='ocrx_word' id='word_1_525' title='bbox 3073 2855 3188 2893; x_wconf 88' lang='grc' dir='ltr'><strong>σου</strong></span> <span class='ocrx_word' id='word_1_526' title='bbox 3214 2838 3494 2893; x_wconf 79' lang='grc' dir='ltr'>πιανάτω.</span> <span class='ocrx_word' id='word_1_527' title='bbox 3522 2838 3853 2909; x_wconf 52' lang='lat' dir='ltr'><strong>didii-alga.</strong></span> <span class='ocrx_word' id='word_1_528' title='bbox 3879 2840 4036 2894; x_wconf 84' lang='grc' dir='ltr'>Ἔστι</span> 
     </span>
    </p>
   </div>
   <div class='ocr_carea' id='block_1_73' title="bbox 2452 2927 4036 3004">
    <p class='ocr_par' dir='ltr' id='par_1_73' title="bbox 2452 2927 4036 3004">
     <span class='ocr_line' id='line_1_73' title="bbox 2452 2927 4036 3004; baseline 0.004 -24"><span class='ocrx_word' id='word_1_529' title='bbox 2452 2929 2548 2998; x_wconf 80' lang='grc' dir='ltr'>μὲν</span> <span class='ocrx_word' id='word_1_530' title='bbox 2571 2927 2650 2999; x_wconf 83' lang='grc' dir='ltr'>τῷ</span> <span class='ocrx_word' id='word_1_531' title='bbox 2679 2929 2839 2983; x_wconf 81' lang='grc' dir='ltr'><strong>Δαυῖδ</strong></span> <span class='ocrx_word' id='word_1_532' title='bbox 2875 2931 3231 3002; x_wconf 82' lang='grc' dir='ltr'>ἀνακείμενος</span> <span class='ocrx_word' id='word_1_533' title='bbox 3269 2932 3296 2984; x_wconf 86' lang='grc' dir='ltr'>ὁ</span> <span class='ocrx_word' id='word_1_534' title='bbox 3329 2931 3560 3002; x_wconf 72' lang='grc' dir='ltr'>ψαλμὸς,</span> <span class='ocrx_word' id='word_1_535' title='bbox 3596 2932 3736 2986; x_wconf 86' lang='grc' dir='ltr'><strong>κατά</strong></span> <span class='ocrx_word' id='word_1_536' title='bbox 3768 2932 3866 3004; x_wconf 81' lang='grc' dir='ltr'>τὴν</span> <span class='ocrx_word' id='word_1_537' title='bbox 3902 2950 4036 3004; x_wconf 85' lang='grc' dir='ltr'>προ-</span> 
     </span>
    </p>
   </div>
   <div class='ocr_carea' id='block_1_74' title="bbox 2447 3022 4036 3095">
    <p class='ocr_par' dir='ltr' id='par_1_74' title="bbox 2447 3022 4036 3095">
     <span class='ocr_line' id='line_1_74' title="bbox 2447 3022 4036 3095; baseline 0.002 -22"><span class='ocrx_word' id='word_1_538' title='bbox 2447 3022 2682 3093; x_wconf 80' lang='grc' dir='ltr'>γραφήν.</span> <span class='ocrx_word' id='word_1_539' title='bbox 2726 3023 3047 3094; x_wconf 86' lang='grc' dir='ltr'>Ἐπίστησον</span> <span class='ocrx_word' id='word_1_540' title='bbox 3079 3023 3134 3076; x_wconf 88' lang='grc' dir='ltr'>δὲ</span> <span class='ocrx_word' id='word_1_541' title='bbox 3169 3025 3374 3095; x_wconf 83' lang='grc' dir='ltr'>μήποτε</span> <span class='ocrx_word' id='word_1_542' title='bbox 3395 3022 3470 3086; x_wconf 87' lang='grc' dir='ltr'>ὼς</span> <span class='ocrx_word' id='word_1_543' title='bbox 3501 3023 3635 3094; x_wconf 78' lang='grc' dir='ltr'>πρὸς</span> <span class='ocrx_word' id='word_1_544' title='bbox 3667 3023 3763 3094; x_wconf 75' lang='grc' dir='ltr'>τὴν</span> <span class='ocrx_word' id='word_1_545' title='bbox 3791 3023 4036 3094; x_wconf 75' lang='grc' dir='ltr'>ἱστορίαν</span> 
     </span>
    </p>
   </div>
   <div class='ocr_carea' id='block_1_75' title="bbox 2447 3110 4032 3187">
    <p class='ocr_par' dir='ltr' id='par_1_75' title="bbox 2447 3110 4032 3187">
     <span class='ocr_line' id='line_1_75' title="bbox 2447 3110 4032 3187; baseline 0.006 -23"><span class='ocrx_word' id='word_1_546' title='bbox 2447 3113 2578 3184; x_wconf 81' lang='grc' dir='ltr'>εὐχή</span> <span class='ocrx_word' id='word_1_547' title='bbox 2611 3131 2692 3176; x_wconf 87' lang='grc' dir='ltr'><strong>τις</strong></span> <span class='ocrx_word' id='word_1_548' title='bbox 2713 3110 2780 3185; x_wconf 82' lang='grc' dir='ltr'>ἦν</span> <span class='ocrx_word' id='word_1_549' title='bbox 2804 3116 2940 3186; x_wconf 82' lang='grc' dir='ltr'>αὐτὴ</span> <span class='ocrx_word' id='word_1_550' title='bbox 2970 3117 3227 3187; x_wconf 85' lang='grc' dir='ltr'>συνεργὸς</span> <span class='ocrx_word' id='word_1_551' title='bbox 3261 3118 3381 3180; x_wconf 87' lang='grc' dir='ltr'>ταῖς</span> <span class='ocrx_word' id='word_1_552' title='bbox 3407 3116 3500 3168; x_wconf 76' lang='grc' dir='ltr'><strong>τοῦ</strong></span> <span class='ocrx_word' id='word_1_553' title='bbox 3524 3115 3682 3168; x_wconf 82' lang='grc' dir='ltr'>Δαυῒδ</span> <span class='ocrx_word' id='word_1_554' title='bbox 3709 3115 4032 3187; x_wconf 76' lang='grc' dir='ltr'>ἱκετηρίαις.</span> 
     </span>
    </p>
   </div>
   <div class='ocr_carea' id='block_1_76' title="bbox 2449 3202 4036 3276">
    <p class='ocr_par' dir='ltr' id='par_1_76' title="bbox 2449 3202 4036 3276">
     <span class='ocr_line' id='line_1_76' title="bbox 2449 3202 4036 3276; baseline 0.002 -22"><span class='ocrx_word' id='word_1_555' title='bbox 2449 3202 2702 3271; x_wconf 78' lang='grc' dir='ltr'>δεομένου</span> <span class='ocrx_word' id='word_1_556' title='bbox 2731 3222 2791 3256; x_wconf 90' lang='grc' dir='ltr'><strong>τε</strong></span> <span class='ocrx_word' id='word_1_557' title='bbox 2823 3206 2915 3256; x_wconf 74' lang='grc' dir='ltr'><strong>καὶ</strong></span> <span class='ocrx_word' id='word_1_558' title='bbox 2944 3205 3348 3268; x_wconf 78' lang='grc' dir='ltr'>ἀντιϐολοῦντος</span> <span class='ocrx_word' id='word_1_559' title='bbox 3384 3206 3471 3258; x_wconf 80' lang='grc' dir='ltr'>διὰ</span> <span class='ocrx_word' id='word_1_560' title='bbox 3513 3205 3822 3276; x_wconf 84' lang='grc' dir='ltr'>προσευχῆς</span> <span class='ocrx_word' id='word_1_561' title='bbox 3848 3207 4036 3276; x_wconf 79' lang='grc' dir='ltr'>τυχεῖν</span> 
     </span>
    </p>
   </div>
   <div class='ocr_carea' id='block_1_77' title="bbox 2451 3295 4036 3370">
    <p class='ocr_par' dir='ltr' id='par_1_77' title="bbox 2451 3295 4036 3370">
     <span class='ocr_line' id='line_1_77' title="bbox 2451 3295 4036 3370; baseline 0.001 -22"><span class='ocrx_word' id='word_1_562' title='bbox 2451 3295 2583 3349; x_wconf 78' lang='grc' dir='ltr'>Θεοῦ</span> <span class='ocrx_word' id='word_1_563' title='bbox 2612 3297 2860 3368; x_wconf 77' lang='grc' dir='ltr'>Σωτῆρος</span> <span class='ocrx_word' id='word_1_564' title='bbox 2892 3297 3026 3367; x_wconf 75' lang='grc' dir='ltr'>πρὸς</span> <span class='ocrx_word' id='word_1_565' title='bbox 3058 3298 3282 3370; x_wconf 78' lang='grc' dir='ltr'>ἐχθροὺς</span> <span class='ocrx_word' id='word_1_566' title='bbox 3314 3297 3408 3351; x_wconf 74' lang='grc' dir='ltr'><strong>καὶ</strong></span> <span class='ocrx_word' id='word_1_567' title='bbox 3432 3297 3722 3368; x_wconf 85' lang='grc' dir='ltr'>πολεμίους</span> <span class='ocrx_word' id='word_1_568' title='bbox 3753 3313 4036 3368; x_wconf 81' lang='grc' dir='ltr'>παρατατ-</span> 
     </span>
    </p>
   </div>
   <div class='ocr_carea' id='block_1_78' title="bbox 2449 3385 4033 3462">
    <p class='ocr_par' dir='ltr' id='par_1_78' title="bbox 2449 3385 4033 3462">
     <span class='ocr_line' id='line_1_78' title="bbox 2449 3385 4033 3462; baseline 0.002 -20"><span class='ocrx_word' id='word_1_569' title='bbox 2449 3391 2696 3460; x_wconf 81' lang='grc' dir='ltr'>τομένου.</span> <span class='ocrx_word' id='word_1_570' title='bbox 2730 3391 2887 3454; x_wconf 81' lang='grc' dir='ltr'>Εἰκὸς</span> <span class='ocrx_word' id='word_1_571' title='bbox 2913 3385 3122 3462; x_wconf 78' lang='grc' dir='ltr'>γὰρ’ἦν</span> <span class='ocrx_word' id='word_1_572' title='bbox 3157 3391 3305 3459; x_wconf 79' lang='grc' dir='ltr'>αὐτῷ</span> <span class='ocrx_word' id='word_1_573' title='bbox 3338 3388 3509 3444; x_wconf 82' lang='grc' dir='ltr'>ταῦτα</span> <span class='ocrx_word' id='word_1_574' title='bbox 3551 3390 3840 3460; x_wconf 83' lang='grc' dir='ltr'>πράττοντι</span> <span class='ocrx_word' id='word_1_575' title='bbox 3871 3391 4033 3462; x_wconf 81' lang='grc' dir='ltr'>χορὸν</span> 
     </span>
    </p>
   </div>
   <div class='ocr_carea' id='block_1_79' title="bbox 2450 3477 4034 3556">
    <p class='ocr_par' dir='ltr' id='par_1_79' title="bbox 2450 3477 4034 3556">
     <span class='ocr_line' id='line_1_79' title="bbox 2450 3477 4034 3556; baseline 0.001 -20"><span class='ocrx_word' id='word_1_576' title='bbox 2450 3482 2618 3550; x_wconf 84' lang='grc' dir='ltr'>ἁγίων</span> <span class='ocrx_word' id='word_1_577' title='bbox 2667 3477 2983 3554; x_wconf 80' lang='grc' dir='ltr'>ἁγγέλων”ἢ</span> <span class='ocrx_word' id='word_1_578' title='bbox 3026 3484 3117 3536; x_wconf 80' lang='grc' dir='ltr'><strong>καὶ</strong></span> <span class='ocrx_word' id='word_1_579' title='bbox 3167 3483 3428 3554; x_wconf 72' lang='grc' dir='ltr'>θεοφιλῶν</span> <span class='ocrx_word' id='word_1_580' title='bbox 3468 3483 3696 3554; x_wconf 85' lang='grc' dir='ltr'>ἀνδρῶν,</span> <span class='ocrx_word' id='word_1_581' title='bbox 3747 3483 3928 3536; x_wconf 83' lang='grc' dir='ltr'>αὐτῶν</span> <span class='ocrx_word' id='word_1_582' title='bbox 3969 3484 4034 3556; x_wconf 77' lang='grc' dir='ltr'>δὴ</span> 
     </span>
    </p>
   </div>
   <div class='ocr_carea' id='block_1_80' title="bbox 2446 3574 4033 3648">
    <p class='ocr_par' dir='ltr' id='par_1_80' title="bbox 2446 3574 4033 3648">
     <span class='ocr_line' id='line_1_80' title="bbox 2446 3574 4033 3648; baseline 0.002 -20"><span class='ocrx_word' id='word_1_583' title='bbox 2446 3575 2554 3629; x_wconf 83' lang='grc' dir='ltr'><strong>τῶν</strong></span> <span class='ocrx_word' id='word_1_584' title='bbox 2596 3576 2752 3647; x_wconf 83' lang='grc' dir='ltr'>ἱερῶν</span> <span class='ocrx_word' id='word_1_585' title='bbox 2799 3578 2894 3630; x_wconf 80' lang='grc' dir='ltr'>καὶ</span> <span class='ocrx_word' id='word_1_586' title='bbox 2935 3576 3259 3648; x_wconf 85' lang='grc' dir='ltr'>λειτουργῶν</span> <span class='ocrx_word' id='word_1_587' title='bbox 3299 3575 3392 3629; x_wconf 84' lang='grc' dir='ltr'>τοῦ</span> <span class='ocrx_word' id='word_1_588' title='bbox 3429 3574 3564 3628; x_wconf 84' lang='grc' dir='ltr'><strong>Θεοῦ</strong></span> <span class='ocrx_word' id='word_1_589' title='bbox 3590 3575 3658 3629; x_wconf 87' lang='grc' dir='ltr'>τὰ</span> <span class='ocrx_word' id='word_1_590' title='bbox 3694 3576 4033 3646; x_wconf 85' lang='grc' dir='ltr'>προκείμενα</span> 
     </span>
    </p>
   </div>
   <div class='ocr_carea' id='block_1_81' title="bbox 2448 3668 4034 3741">
    <p class='ocr_par' dir='ltr' id='par_1_81' title="bbox 2448 3668 4034 3741">
     <span class='ocr_line' id='line_1_81' title="bbox 2448 3668 4034 3741; baseline 0.002 -19"><span class='ocrx_word' id='word_1_591' title='bbox 2448 3671 2620 3722; x_wconf 83' lang='grc' dir='ltr'>πάντα</span> <span class='ocrx_word' id='word_1_592' title='bbox 2660 3669 3031 3740; x_wconf 80' lang='grc' dir='ltr'>’συνεύχεσθαι</span> <span class='ocrx_word' id='word_1_593' title='bbox 3077 3669 3226 3741; x_wconf 86' lang='grc' dir='ltr'>αὐτῷ</span> <span class='ocrx_word' id='word_1_594' title='bbox 3275 3670 3367 3723; x_wconf 83' lang='grc' dir='ltr'><strong>καὶ</strong></span> <span class='ocrx_word' id='word_1_595' title='bbox 3414 3668 3627 3738; x_wconf 80' lang='grc' dir='ltr'>λέγειν·</span> <span class='ocrx_word' id='word_1_596' title='bbox 3671 3669 4034 3727; x_wconf 75' lang='grc' dir='ltr'>Ἐπακούσαι</span> 
     </span>
    </p>
   </div>
   <div class='ocr_carea' id='block_1_82' title="bbox 2446 3761 4032 3832">
    <p class='ocr_par' dir='ltr' id='par_1_82' title="bbox 2446 3761 4032 3832">
     <span class='ocr_line' id='line_1_82' title="bbox 2446 3761 4032 3832; baseline -0.001 -16"><span class='ocrx_word' id='word_1_597' title='bbox 2446 3777 2561 3816; x_wconf 86' lang='grc' dir='ltr'><strong>σου</strong></span> <span class='ocrx_word' id='word_1_598' title='bbox 2589 3764 2803 3830; x_wconf 87' lang='grc' dir='ltr'>Κύριος</span> <span class='ocrx_word' id='word_1_599' title='bbox 2834 3763 2904 3816; x_wconf 72' lang='grc' dir='ltr'><strong>ἐν</strong></span> <span class='ocrx_word' id='word_1_600' title='bbox 2934 3762 3123 3832; x_wconf 78' lang='grc' dir='ltr'>ἡμέρᾳ</span> <span class='ocrx_word' id='word_1_601' title='bbox 3154 3763 3434 3830; x_wconf 70' lang='grc' dir='ltr'>θλίψεως,</span> <span class='ocrx_word' id='word_1_602' title='bbox 3475 3763 3569 3814; x_wconf 72' lang='grc' dir='ltr'>καὶ</span> <span class='ocrx_word' id='word_1_603' title='bbox 3598 3761 3668 3815; x_wconf 83' lang='grc' dir='ltr'>τὰ</span> <span class='ocrx_word' id='word_1_604' title='bbox 3695 3762 3850 3832; x_wconf 80' lang='grc' dir='ltr'>ἑξῆς·</span> <span class='ocrx_word' id='word_1_605' title='bbox 3883 3763 3947 3817; x_wconf 82' lang='grc' dir='ltr'>τό</span> <span class='ocrx_word' id='word_1_606' title='bbox 3970 3779 4032 3816; x_wconf 86' lang='grc' dir='ltr'><strong>τε</strong></span> 
     </span>
    </p>
   </div>
   <div class='ocr_carea' id='block_1_83' title="bbox 2445 3851 4029 3923">
    <p class='ocr_par' dir='ltr' id='par_1_83' title="bbox 2445 3851 4029 3923">
     <span class='ocr_line' id='line_1_83' title="bbox 2445 3851 4029 3923; baseline 0 -15"><span class='ocrx_word' id='word_1_607' title='bbox 2445 3855 2520 3917; x_wconf 82' lang='grc' dir='ltr'><strong>δὲ,</strong></span> <span class='ocrx_word' id='word_1_608' title='bbox 2553 3855 2657 3908; x_wconf 68' lang='grc' dir='ltr'><strong>Καὶ</strong></span> <span class='ocrx_word' id='word_1_609' title='bbox 2682 3856 3019 3923; x_wconf 80' lang='grc' dir='ltr'>παρασταίη</span> <span class='ocrx_word' id='word_1_610' title='bbox 3047 3869 3143 3908; x_wconf 90' lang='grc' dir='ltr'><strong>σοι</strong></span> <span class='ocrx_word' id='word_1_611' title='bbox 3171 3854 3238 3907; x_wconf 84' lang='grc' dir='ltr'>τὸ</span> <span class='ocrx_word' id='word_1_612' title='bbox 3270 3854 3455 3922; x_wconf 68' lang='grc' dir='ltr'>ὄνομα</span> <span class='ocrx_word' id='word_1_613' title='bbox 3481 3851 3586 3906; x_wconf 84' lang='grc' dir='ltr'>τοῦ</span> <span class='ocrx_word' id='word_1_614' title='bbox 3619 3852 3766 3921; x_wconf 70' lang='grc' dir='ltr'>Θεοῦ</span> <span class='ocrx_word' id='word_1_615' title='bbox 3805 3851 4029 3908; x_wconf 75' lang='grc' dir='ltr'>Ἰακώϐ.</span> 
     </span>
    </p>
   </div>
   <div class='ocr_carea' id='block_1_84' title="bbox 2459 3930 4031 4019">
    <p class='ocr_par' dir='ltr' id='par_1_84' title="bbox 2459 3930 4031 4019">
     <span class='ocr_line' id='line_1_84' title="bbox 2459 3930 4031 4019; baseline 0 -19"><span class='ocrx_word' id='word_1_616' title='bbox 2459 3947 2722 4019; x_wconf 84' lang='grc' dir='ltr'>Ἀπαρκεῖ</span> <span class='ocrx_word' id='word_1_617' title='bbox 2755 3947 2865 4017; x_wconf 80' lang='grc' dir='ltr'>γὰρ</span> <span class='ocrx_word' id='word_1_618' title='bbox 2904 3945 3040 4015; x_wconf 87' lang='grc' dir='ltr'>αὑτὴ</span> <span class='ocrx_word' id='word_1_619' title='bbox 3077 3947 3109 4016; x_wconf 87' lang='grc' dir='ltr'>ὴ</span> <span class='ocrx_word' id='word_1_620' title='bbox 3143 3930 3428 4017; x_wconf 76' lang='grc' dir='ltr'>ἐπίκλησις</span> <span class='ocrx_word' id='word_1_621' title='bbox 3471 3943 3562 3997; x_wconf 78' lang='grc' dir='ltr'><strong>καὶ</strong></span> <span class='ocrx_word' id='word_1_622' title='bbox 3604 3945 3641 4014; x_wconf 45' lang='grc' dir='ltr'>νή</span> <span class='ocrx_word' id='word_1_623' title='bbox 3688 3947 4031 4016; x_wconf 80' lang='grc' dir='ltr'>προσηγορία</span> 
     </span>
    </p>
   </div>
   <div class='ocr_carea' id='block_1_85' title="bbox 2447 4035 4030 4110">
    <p class='ocr_par' dir='ltr' id='par_1_85' title="bbox 2447 4035 4030 4110">
     <span class='ocr_line' id='line_1_85' title="bbox 2447 4035 4030 4110; baseline -0.001 -18"><span class='ocrx_word' id='word_1_624' title='bbox 2447 4040 2582 4110; x_wconf 77' lang='grc' dir='ltr'>πρὸς</span> <span class='ocrx_word' id='word_1_625' title='bbox 2607 4039 2819 4109; x_wconf 80' lang='grc' dir='ltr'>ἄμυναν</span> <span class='ocrx_word' id='word_1_626' title='bbox 2848 4038 3046 4102; x_wconf 83' lang='grc' dir='ltr'>παντὸς</span> <span class='ocrx_word' id='word_1_627' title='bbox 3084 4038 3348 4092; x_wconf 76' lang='grc' dir='ltr'>ἐναντίου.</span> <span class='ocrx_word' id='word_1_628' title='bbox 3379 4035 3564 4088; x_wconf 82' lang='grc' dir='ltr'>Ταῦτα</span> <span class='ocrx_word' id='word_1_629' title='bbox 3589 4035 3646 4088; x_wconf 84' lang='grc' dir='ltr'>δὲ</span> <span class='ocrx_word' id='word_1_630' title='bbox 3679 4036 3740 4089; x_wconf 80' lang='grc' dir='ltr'><strong>οὐ</strong></span> <span class='ocrx_word' id='word_1_631' title='bbox 3773 4037 3918 4106; x_wconf 81' lang='grc' dir='ltr'>μόνῳ</span> <span class='ocrx_word' id='word_1_632' title='bbox 3951 4038 4030 4110; x_wconf 80' lang='grc' dir='ltr'><strong>τῷ</strong></span> 
     </span>
    </p>
   </div>
   <div class='ocr_carea' id='block_1_86' title="bbox 2445 4126 4028 4200">
    <p class='ocr_par' dir='ltr' id='par_1_86' title="bbox 2445 4126 4028 4200">
     <span class='ocr_line' id='line_1_86' title="bbox 2445 4126 4028 4200; baseline -0.001 -16"><span class='ocrx_word' id='word_1_633' title='bbox 2445 4131 2626 4194; x_wconf 77' lang='grc' dir='ltr'>Δαυῖδ,</span> <span class='ocrx_word' id='word_1_634' title='bbox 2653 4126 2914 4186; x_wconf 75' lang='grc' dir='ltr'>ἀλλὰκαὶ</span> <span class='ocrx_word' id='word_1_635' title='bbox 2951 4131 3112 4184; x_wconf 80' lang='grc' dir='ltr'>παντὶ</span> <span class='ocrx_word' id='word_1_636' title='bbox 3151 4129 3228 4200; x_wconf 78' lang='grc' dir='ltr'>τῷ</span> <span class='ocrx_word' id='word_1_637' title='bbox 3253 4129 3373 4184; x_wconf 81' lang='grc' dir='ltr'>καθ’</span> <span class='ocrx_word' id='word_1_638' title='bbox 3399 4128 3656 4199; x_wconf 85' lang='grc' dir='ltr'>ὁμοίωσιν</span> <span class='ocrx_word' id='word_1_639' title='bbox 3688 4128 3895 4182; x_wconf 78' lang='grc' dir='ltr'>ἐκείνου</span> <span class='ocrx_word' id='word_1_640' title='bbox 3929 4129 4028 4195; x_wconf 74' lang='grc' dir='ltr'>τὰς</span> 
     </span>
    </p>
   </div>
   <div class='ocr_carea' id='block_1_87' title="bbox 2444 4220 4028 4296">
    <p class='ocr_par' dir='ltr' id='par_1_87' title="bbox 2444 4220 4028 4296">
     <span class='ocr_line' id='line_1_87' title="bbox 2444 4220 4028 4296; baseline 0.001 -20"><span class='ocrx_word' id='word_1_641' title='bbox 2444 4223 2511 4277; x_wconf 85' lang='grc' dir='ltr'>δι’</span> <span class='ocrx_word' id='word_1_642' title='bbox 2544 4222 2719 4294; x_wconf 85' lang='grc' dir='ltr'>εὐχῶν</span> <span class='ocrx_word' id='word_1_643' title='bbox 2737 4223 3113 4294; x_wconf 82' lang='grc' dir='ltr'>ἀναπέμποντι</span> <span class='ocrx_word' id='word_1_644' title='bbox 3151 4221 3230 4292; x_wconf 82' lang='grc' dir='ltr'>τῷ</span> <span class='ocrx_word' id='word_1_645' title='bbox 3269 4220 3386 4292; x_wconf 83' lang='grc' dir='ltr'>Θεῷ</span> <span class='ocrx_word' id='word_1_646' title='bbox 3421 4221 3612 4293; x_wconf 86' lang='grc' dir='ltr'>νοεράς</span> <span class='ocrx_word' id='word_1_647' title='bbox 3647 4221 3739 4274; x_wconf 79' lang='grc' dir='ltr'>καὶ</span> <span class='ocrx_word' id='word_1_648' title='bbox 3777 4221 4028 4296; x_wconf 75' lang='grc' dir='ltr'>καθαρὰς</span> 
     </span>
    </p>
   </div>
   <div class='ocr_carea' id='block_1_88' title="bbox 2447 4314 4023 4388">
    <p class='ocr_par' dir='ltr' id='par_1_88' title="bbox 2447 4314 4023 4388">
     <span class='ocr_line' id='line_1_88' title="bbox 2447 4314 4023 4388; baseline 0.001 -20"><span class='ocrx_word' id='word_1_649' title='bbox 2447 4315 2653 4380; x_wconf 85' lang='grc' dir='ltr'>θυσίας,</span> <span class='ocrx_word' id='word_1_650' title='bbox 2681 4315 2934 4388; x_wconf 76' lang='grc' dir='ltr'>δυνάμεις</span> <span class='ocrx_word' id='word_1_651' title='bbox 2962 4316 3139 4384; x_wconf 82' lang='grc' dir='ltr'>ἁγίας,</span> <span class='ocrx_word' id='word_1_652' title='bbox 3176 4316 3269 4368; x_wconf 71' lang='grc' dir='ltr'>καὶ</span> <span class='ocrx_word' id='word_1_653' title='bbox 3313 4314 3560 4382; x_wconf 86' lang='grc' dir='ltr'>ἀγγέλων</span> <span class='ocrx_word' id='word_1_654' title='bbox 3603 4315 3762 4385; x_wconf 82' lang='grc' dir='ltr'>ἱερῶν</span> <span class='ocrx_word' id='word_1_655' title='bbox 3807 4317 4023 4388; x_wconf 76' lang='grc' dir='ltr'>χοροὺς,</span> 
     </span>
    </p>
   </div>
   <div class='ocr_carea' id='block_1_89' title="bbox 2445 4381 3668 4477">
    <p class='ocr_par' dir='ltr' id='par_1_89' title="bbox 2445 4381 3668 4477">
     <span class='ocr_line' id='line_1_89' title="bbox 2445 4381 3668 4477; baseline -0.003 -17"><span class='ocrx_word' id='word_1_656' title='bbox 2445 4407 2589 4470; x_wconf 80' lang='grc' dir='ltr'>εἰκὸς</span> <span class='ocrx_word' id='word_1_657' title='bbox 2613 4405 2678 4459; x_wconf 86' lang='grc' dir='ltr'><strong>ἂν</strong></span> <span class='ocrx_word' id='word_1_658' title='bbox 2708 4405 2794 4477; x_wconf 76' lang='grc' dir='ltr'><strong>εἴη</strong></span> <span class='ocrx_word' id='word_1_659' title='bbox 2816 4381 3168 4476; x_wconf 36' lang='grc' dir='ltr'>’συνεύχεσθαι</span> <span class='ocrx_word' id='word_1_660' title='bbox 3203 4407 3294 4459; x_wconf 71' lang='grc' dir='ltr'>καὶ</span> <span class='ocrx_word' id='word_1_661' title='bbox 3327 4381 3668 4475; x_wconf 52' lang='grc' dir='ltr'>ἐπεύχεσθαιξ</span> 
     </span>
    </p>
   </div>
   <div class='ocr_carea' id='block_1_90' title="bbox 2515 4496 4024 4566">
    <p class='ocr_par' dir='ltr' id='par_1_90' title="bbox 2515 4496 4024 4566">
     <span class='ocr_line' id='line_1_90' title="bbox 2515 4496 4024 4566; baseline 0.001 -15"><span class='ocrx_word' id='word_1_662' title='bbox 2515 4497 2639 4565; x_wconf 73' lang='grc' dir='ltr'>Δῴη</span> <span class='ocrx_word' id='word_1_663' title='bbox 2690 4513 2789 4552; x_wconf 90' lang='grc' dir='ltr'><strong>σοι</strong></span> <span class='ocrx_word' id='word_1_664' title='bbox 2828 4500 3041 4566; x_wconf 85' lang='grc' dir='ltr'>Κύριος</span> <span class='ocrx_word' id='word_1_665' title='bbox 3089 4499 3236 4552; x_wconf 81' lang='grc' dir='ltr'>κατὰ</span> <span class='ocrx_word' id='word_1_666' title='bbox 3285 4497 3399 4566; x_wconf 80' lang='grc' dir='ltr'><strong>τὴν</strong></span> <span class='ocrx_word' id='word_1_667' title='bbox 3442 4496 3693 4566; x_wconf 77' lang='grc' dir='ltr'>καρδίαν</span> <span class='ocrx_word' id='word_1_668' title='bbox 3733 4514 3883 4561; x_wconf 80' lang='grc' dir='ltr'>σου,</span> <span class='ocrx_word' id='word_1_669' title='bbox 3922 4501 4024 4554; x_wconf 80' lang='grc' dir='ltr'><strong>καὶ</strong></span> 
     </span>
    </p>
   </div>
   <div class='ocr_carea' id='block_1_91' title="bbox 2445 4589 4025 4660">
    <p class='ocr_par' dir='ltr' id='par_1_91' title="bbox 2445 4589 4025 4660">
     <span class='ocr_line' id='line_1_91' title="bbox 2445 4589 4025 4660; baseline 0 -16"><span class='ocrx_word' id='word_1_670' title='bbox 2445 4589 2650 4646; x_wconf 80' lang='grc' dir='ltr'>πᾶσαν</span> <span class='ocrx_word' id='word_1_671' title='bbox 2682 4589 2796 4658; x_wconf 78' lang='grc' dir='ltr'><strong>τὴν</strong></span> <span class='ocrx_word' id='word_1_672' title='bbox 2834 4591 3070 4658; x_wconf 76' lang='grc' dir='ltr'><strong>βουλήν</strong></span> <span class='ocrx_word' id='word_1_673' title='bbox 3102 4606 3217 4645; x_wconf 87' lang='grc' dir='ltr'><strong>σου</strong></span> <span class='ocrx_word' id='word_1_674' title='bbox 3257 4589 3588 4657; x_wconf 81' lang='grc' dir='ltr'>πληρώσαι.</span> <span class='ocrx_word' id='word_1_675' title='bbox 3634 4591 4025 4660; x_wconf 73' lang='grc' dir='ltr'>Ἀγαλλιασό-</span> 
     </span>
    </p>
   </div>
   <div class='ocr_carea' id='block_1_92' title="bbox 775 4669 2380 4755">
    <p class='ocr_par' dir='ltr' id='par_1_92' title="bbox 775 4669 2380 4740">
     <span class='ocr_line' id='line_1_92' title="bbox 775 4669 2380 4740; baseline -0.011 -4"><span class='ocrx_word' id='word_1_676' title='bbox 775 4684 944 4736; x_wconf 83' lang='lat' dir='ltr'><strong>bimur</strong></span> <span class='ocrx_word' id='word_1_677' title='bbox 974 4681 1028 4734; x_wconf 88' lang='lat' dir='ltr'><strong>in</strong></span> <span class='ocrx_word' id='word_1_678' title='bbox 1060 4677 1289 4733; x_wconf 81' lang='lat' dir='ltr'><strong>salutari</strong></span> <span class='ocrx_word' id='word_1_679' title='bbox 1320 4687 1428 4740; x_wconf 84' lang='lat' dir='ltr'><strong>tuo,</strong></span> <span class='ocrx_word' id='word_1_680' title='bbox 1453 4683 1502 4730; x_wconf 81' lang='lat' dir='ltr'><strong>et</strong></span> <span class='ocrx_word' id='word_1_681' title='bbox 1539 4678 1595 4728; x_wconf 87' lang='lat' dir='ltr'><strong>in</strong></span> <span class='ocrx_word' id='word_1_682' title='bbox 1627 4675 1834 4729; x_wconf 83' lang='lat' dir='ltr'><strong>nomine</strong></span> <span class='ocrx_word' id='word_1_683' title='bbox 1865 4671 2080 4725; x_wconf 85' lang='lat' dir='ltr'><strong>Domini</strong></span> <span class='ocrx_word' id='word_1_684' title='bbox 2123 4669 2220 4722; x_wconf 89' lang='lat' dir='ltr'><strong>Dei</strong></span> <span class='ocrx_word' id='word_1_685' title='bbox 2249 4685 2344 4721; x_wconf 82' lang='lat' dir='ltr'><strong>no-</strong></span> <span class='ocrx_word' id='word_1_686' title='bbox 2375 4673 2380 4726; x_wconf 53' lang='grc' dir='ltr'>Ι</span> 
     </span>
    </p>
   </div>
   <div class='ocr_carea' id='block_1_93' title="bbox 2454 4669 4023 4755">
    <p class='ocr_par' dir='ltr' id='par_1_93' title="bbox 2454 4681 4023 4755">
     <span class='ocr_line' id='line_1_93' title="bbox 2454 4681 4023 4755; baseline -0.001 -19"><span class='ocrx_word' id='word_1_687' title='bbox 2454 4687 2593 4749; x_wconf 83' lang='grc' dir='ltr'>μεθα</span> <span class='ocrx_word' id='word_1_688' title='bbox 2611 4683 2680 4755; x_wconf 70' lang='grc' dir='ltr'><strong>ἐν</strong></span> <span class='ocrx_word' id='word_1_689' title='bbox 2709 4681 2789 4748; x_wconf 86' lang='grc' dir='ltr'>τῷ</span> <span class='ocrx_word' id='word_1_690' title='bbox 2818 4683 3088 4752; x_wconf 78' lang='grc' dir='ltr'>σωτηρίῳ</span> <span class='ocrx_word' id='word_1_691' title='bbox 3117 4699 3253 4746; x_wconf 88' lang='grc' dir='ltr'>σου,</span> <span class='ocrx_word' id='word_1_692' title='bbox 3285 4683 3380 4735; x_wconf 75' lang='grc' dir='ltr'>καὶ</span> <span class='ocrx_word' id='word_1_693' title='bbox 3409 4683 3479 4736; x_wconf 77' lang='grc' dir='ltr'>ἐν</span> <span class='ocrx_word' id='word_1_694' title='bbox 3508 4681 3588 4748; x_wconf 84' lang='grc' dir='ltr'>τῷ</span> <span class='ocrx_word' id='word_1_695' title='bbox 3610 4683 3850 4752; x_wconf 67' lang='grc' dir='ltr'>ὀνόματι</span> <span class='ocrx_word' id='word_1_696' title='bbox 3873 4683 4023 4736; x_wconf 84' lang='grc' dir='ltr'>Θεοῦ</span> 
     </span>
    </p>
   </div>
   <div class='ocr_carea' id='block_1_94' title="bbox 775 4761 2344 4842">
    <p class='ocr_par' dir='ltr' id='par_1_94' title="bbox 775 4761 2344 4842">
     <span class='ocr_line' id='line_1_94' title="bbox 775 4761 2344 4842; baseline -0.009 -14"><span class='ocrx_word' id='word_1_697' title='bbox 775 4775 873 4828; x_wconf 84' lang='lat' dir='ltr'><strong>stri</strong></span> <span class='ocrx_word' id='word_1_698' title='bbox 901 4769 1377 4842; x_wconf 82' lang='lat' dir='ltr'><strong>magniﬁcabimur.</strong></span> <span class='ocrx_word' id='word_1_699' title='bbox 1409 4766 1630 4835; x_wconf 86' lang='lat' dir='ltr'><strong>Impleat</strong></span> <span class='ocrx_word' id='word_1_700' title='bbox 1649 4766 1902 4819; x_wconf 80' lang='lat' dir='ltr'><strong>Dominus</strong></span> <span class='ocrx_word' id='word_1_701' title='bbox 1929 4779 2107 4817; x_wconf 84' lang='lat' dir='ltr'><strong>omnes</strong></span> <span class='ocrx_word' id='word_1_702' title='bbox 2131 4761 2344 4830; x_wconf 84' lang='lat' dir='ltr'><strong>petilio-</strong></span> 
     </span>
    </p>
   </div>
   <div class='ocr_carea' id='block_1_95' title="bbox 776 4847 2342 4930">
    <p class='ocr_par' dir='ltr' id='par_1_95' title="bbox 776 4847 2342 4930">
     <span class='ocr_line' id='line_1_95' title="bbox 776 4847 2342 4930; baseline -0.011 -9"><span class='ocrx_word' id='word_1_703' title='bbox 776 4883 865 4922; x_wconf 89' lang='lat' dir='ltr'><strong>nes</strong></span> <span class='ocrx_word' id='word_1_704' title='bbox 897 4847 1014 4918; x_wconf 80' lang='lat' dir='ltr'><strong>tuas</strong></span> <span class='ocrx_word' id='word_1_705' title='bbox 1041 4879 1059 4917; x_wconf 92' lang='lat'><em>:</em></span> <span class='ocrx_word' id='word_1_706' title='bbox 1088 4877 1225 4916; x_wconf 85' lang='lat' dir='ltr'><strong>nunc</strong></span> <span class='ocrx_word' id='word_1_707' title='bbox 1259 4859 1469 4930; x_wconf 80' lang='lat' dir='ltr'><strong>cognoui</strong></span> <span class='ocrx_word' id='word_1_708' title='bbox 1499 4859 1744 4928; x_wconf 87' lang='lat' dir='ltr'><strong>quoniam</strong></span> <span class='ocrx_word' id='word_1_709' title='bbox 1771 4857 1973 4911; x_wconf 86' lang='lat' dir='ltr'><strong>salvum</strong></span> <span class='ocrx_word' id='word_1_710' title='bbox 2007 4856 2128 4925; x_wconf 80' lang='lat' dir='ltr'><strong>fecit</strong></span> <span class='ocrx_word' id='word_1_711' title='bbox 2163 4853 2342 4907; x_wconf 88' lang='lat' dir='ltr'><strong>Domi-</strong></span> 
     </span>
    </p>
   </div>
   <div class='ocr_carea' id='block_1_96' title="bbox 720 4940 2343 5020">
    <p class='ocr_par' dir='ltr' id='par_1_96' title="bbox 720 4940 2343 5020">
     <span class='ocr_line' id='line_1_96' title="bbox 720 4940 2343 5020; baseline -0.01 -4"><span class='ocrx_word' id='word_1_712' title='bbox 720 4940 723 4942; x_wconf 23' lang='grc'>·</span> <span class='ocrx_word' id='word_1_713' title='bbox 768 4977 874 5016; x_wconf 89' lang='lat' dir='ltr'><strong>.nus</strong></span> <span class='ocrx_word' id='word_1_714' title='bbox 899 4955 1166 5014; x_wconf 78' lang='lat' dir='ltr'><strong>Christum</strong></span> <span class='ocrx_word' id='word_1_715' title='bbox 1190 4971 1362 5008; x_wconf 87' lang='lat' dir='ltr'><strong>suum.</strong></span> <span class='ocrx_word' id='word_1_716' title='bbox 1394 4954 1440 5006; x_wconf 83' lang='lat' dir='ltr'><strong>A</strong></span> <span class='ocrx_word' id='word_1_717' title='bbox 1466 4951 1820 5020; x_wconf 83' lang='lat' dir='ltr'><strong>diapsalmate</strong></span> <span class='ocrx_word' id='word_1_718' title='bbox 1847 4950 1958 5004; x_wconf 88' lang='lat' dir='ltr'><strong>orsi</strong></span> <span class='ocrx_word' id='word_1_719' title='bbox 1989 4950 2082 5019; x_wconf 88' lang='lat' dir='ltr'><strong>qui</strong></span> <span class='ocrx_word' id='word_1_720' title='bbox 2123 4961 2343 5018; x_wconf 88' lang='lat' dir='ltr'><strong>precan-</strong></span> 
     </span>
    </p>
   </div>
   <div class='ocr_carea' id='block_1_97' title="bbox 775 5030 2341 5128">
    <p class='ocr_par' dir='ltr' id='par_1_97' title="bbox 775 5030 2341 5128">
     <span class='ocr_line' id='line_1_97' title="bbox 775 5030 2341 5128; baseline -0.009 -23"><span class='ocrx_word' id='word_1_721' title='bbox 775 5030 886 5118; x_wconf 85' lang='lat' dir='ltr'><strong>tur,</strong></span> <span class='ocrx_word' id='word_1_722' title='bbox 913 5048 1253 5121; x_wconf 87' lang='lat' dir='ltr'><strong>prophetiam</strong></span> <span class='ocrx_word' id='word_1_723' title='bbox 1293 5046 1583 5126; x_wconf 78' lang='lat' dir='ltr'><strong>emittunt;</strong></span> <span class='ocrx_word' id='word_1_724' title='bbox 1615 5040 1761 5112; x_wconf 89' lang='lat' dir='ltr'><strong>quod</strong></span> <span class='ocrx_word' id='word_1_725' title='bbox 1806 5042 1857 5095; x_wconf 92' lang='lat' dir='ltr'><strong>ei</strong></span> <span class='ocrx_word' id='word_1_726' title='bbox 1875 5041 1967 5111; x_wconf 87' lang='lat' dir='ltr'><strong>qui</strong></span> <span class='ocrx_word' id='word_1_727' title='bbox 1997 5039 2341 5128; x_wconf 72' lang='lat' dir='ltr'><strong>rationabilia</strong></span> 
     </span>
    </p>
   </div>
   <div class='ocr_carea' id='block_1_98' title="bbox 775 5129 2341 5203">
    <p class='ocr_par' dir='ltr' id='par_1_98' title="bbox 775 5129 2341 5203">
     <span class='ocr_line' id='line_1_98' title="bbox 775 5129 2341 5203; baseline -0.008 -6"><span class='ocrx_word' id='word_1_728' title='bbox 775 5143 866 5197; x_wconf 89' lang='lat' dir='ltr'><strong>illa</strong></span> <span class='ocrx_word' id='word_1_729' title='bbox 895 5139 1163 5199; x_wconf 78' lang='lat' dir='ltr'><strong>sacriﬁcia</strong></span> <span class='ocrx_word' id='word_1_730' title='bbox 1188 5137 1416 5203; x_wconf 85' lang='lat' dir='ltr'><strong>obtulit,</strong></span> <span class='ocrx_word' id='word_1_731' title='bbox 1465 5151 1527 5192; x_wconf 86' lang='lat' dir='ltr'><strong>ea</strong></span> <span class='ocrx_word' id='word_1_732' title='bbox 1567 5134 1750 5188; x_wconf 86' lang='lat' dir='ltr'><strong>omnia</strong></span> <span class='ocrx_word' id='word_1_733' title='bbox 1777 5132 2072 5202; x_wconf 82' lang='lat' dir='ltr'><strong>largiturus</strong></span> <span class='ocrx_word' id='word_1_734' title='bbox 2098 5132 2169 5186; x_wconf 91' lang='lat' dir='ltr'><strong>sit</strong></span> <span class='ocrx_word' id='word_1_735' title='bbox 2198 5129 2341 5186; x_wconf 91' lang='lat' dir='ltr'><strong>Deus</strong></span> 
     </span>
    </p>
   </div>
   <div class='ocr_carea' id='block_1_99' title="bbox 775 5224 2341 5307">
    <p class='ocr_par' dir='ltr' id='par_1_99' title="bbox 775 5224 2341 5307">
     <span class='ocr_line' id='line_1_99' title="bbox 775 5224 2341 5307; baseline -0.007 -16"><span class='ocrx_word' id='word_1_736' title='bbox 775 5251 898 5307; x_wconf 23' lang='lat' dir='ltr'><strong>quae,</strong></span> <span class='ocrx_word' id='word_1_737' title='bbox 923 5240 1104 5306; x_wconf 85' lang='lat' dir='ltr'><strong>mente</strong></span> <span class='ocrx_word' id='word_1_738' title='bbox 1141 5239 1196 5286; x_wconf 82' lang='lat' dir='ltr'><strong>et</strong></span> <span class='ocrx_word' id='word_1_739' title='bbox 1225 5231 1406 5284; x_wconf 88' lang='lat' dir='ltr'><strong>animo</strong></span> <span class='ocrx_word' id='word_1_740' title='bbox 1445 5227 1776 5297; x_wconf 80' lang='lat' dir='ltr'><strong>postulavit;</strong></span> <span class='ocrx_word' id='word_1_741' title='bbox 1819 5231 1872 5278; x_wconf 91' lang='lat' dir='ltr'><strong>et</strong></span> <span class='ocrx_word' id='word_1_742' title='bbox 1889 5225 2188 5280; x_wconf 79' lang='lat' dir='ltr'><strong>consilium</strong></span> <span class='ocrx_word' id='word_1_743' title='bbox 2221 5224 2341 5294; x_wconf 86' lang='lat' dir='ltr'><strong>ejus</strong></span> 
     </span>
    </p>
   </div>
   <div class='ocr_carea' id='block_1_100' title="bbox 777 5318 2341 5400">
    <p class='ocr_par' dir='ltr' id='par_1_100' title="bbox 777 5318 2341 5400">
     <span class='ocr_line' id='line_1_100' title="bbox 777 5318 2341 5400; baseline -0.006 -16"><span class='ocrx_word' id='word_1_744' title='bbox 777 5328 1141 5400; x_wconf 79' lang='lat' dir='ltr'><strong>perfecturus,</strong></span> <span class='ocrx_word' id='word_1_745' title='bbox 1166 5322 1450 5395; x_wconf 87' lang='lat' dir='ltr'><strong>siquidem</strong></span> <span class='ocrx_word' id='word_1_746' title='bbox 1472 5338 1584 5376; x_wconf 90' lang='lat' dir='ltr'><strong>non</strong></span> <span class='ocrx_word' id='word_1_747' title='bbox 1623 5319 1786 5376; x_wconf 84' lang='lat' dir='ltr'><strong>fuerit</strong></span> <span class='ocrx_word' id='word_1_748' title='bbox 1816 5319 1949 5398; x_wconf 79' lang='lat' dir='ltr'><strong>ipsis</strong></span> <span class='ocrx_word' id='word_1_749' title='bbox 1977 5318 2068 5374; x_wconf 87' lang='lat' dir='ltr'><strong>Dei</strong></span> <span class='ocrx_word' id='word_1_750' title='bbox 2093 5319 2341 5374; x_wconf 86' lang='lat' dir='ltr'><strong>consiliis</strong></span> 
     </span>
    </p>
   </div>
   <div class='ocr_carea' id='block_1_101' title="bbox 779 5409 2343 5485">
    <p class='ocr_par' dir='ltr' id='par_1_101' title="bbox 779 5409 2343 5485">
     <span class='ocr_line' id='line_1_101' title="bbox 779 5409 2343 5485; baseline -0.006 -11"><span class='ocrx_word' id='word_1_751' title='bbox 779 5421 1036 5476; x_wconf 88' lang='lat' dir='ltr'><strong>alienum.</strong></span> <span class='ocrx_word' id='word_1_752' title='bbox 1061 5417 1154 5482; x_wconf 90' lang='lat' dir='ltr'><strong>lis,</strong></span> <span class='ocrx_word' id='word_1_753' title='bbox 1187 5415 1461 5485; x_wconf 82' lang='lat' dir='ltr'><strong>inquiunt,</strong></span> <span class='ocrx_word' id='word_1_754' title='bbox 1488 5423 1666 5468; x_wconf 85' lang='lat' dir='ltr'><strong>tecum</strong></span> <span class='ocrx_word' id='word_1_755' title='bbox 1708 5412 1864 5470; x_wconf 89' lang='lat' dir='ltr'><strong>bonis</strong></span> <span class='ocrx_word' id='word_1_756' title='bbox 1903 5409 2166 5478; x_wconf 78' lang='lat' dir='ltr'><strong>fruemur,</strong></span> <span class='ocrx_word' id='word_1_757' title='bbox 2194 5413 2343 5466; x_wconf 73' lang='lat' dir='ltr'><strong>heta—</strong></span> 
     </span>
    </p>
   </div>
   <div class='ocr_carea' id='block_1_102' title="bbox 780 5505 2338 5584">
    <p class='ocr_par' dir='ltr' id='par_1_102' title="bbox 780 5505 2338 5584">
     <span class='ocr_line' id='line_1_102' title="bbox 780 5505 2338 5584; baseline -0.008 -15"><span class='ocrx_word' id='word_1_758' title='bbox 780 5514 1068 5584; x_wconf 82' lang='lat' dir='ltr'><strong>bimurque</strong></span> <span class='ocrx_word' id='word_1_759' title='bbox 1124 5511 1178 5564; x_wconf 90' lang='lat' dir='ltr'><strong>in</strong></span> <span class='ocrx_word' id='word_1_760' title='bbox 1230 5507 1453 5564; x_wconf 87' lang='lat' dir='ltr'><strong>salutari</strong></span> <span class='ocrx_word' id='word_1_761' title='bbox 1500 5513 1633 5562; x_wconf 89' lang='lat' dir='ltr'><strong>tuo:</strong></span> <span class='ocrx_word' id='word_1_762' title='bbox 1677 5505 1830 5576; x_wconf 76' lang='lat' dir='ltr'><strong>gnari</strong></span> <span class='ocrx_word' id='word_1_763' title='bbox 1859 5505 2059 5575; x_wconf 89' lang='lat' dir='ltr'><strong>quippe</strong></span> <span class='ocrx_word' id='word_1_764' title='bbox 2114 5519 2338 5566; x_wconf 89' lang='lat' dir='ltr'><strong>sumus,</strong></span> 
     </span>
    </p>
   </div>
   <div class='ocr_carea' id='block_1_103' title="bbox 784 5595 2342 5674">
    <p class='ocr_par' dir='ltr' id='par_1_103' title="bbox 784 5595 2342 5674">
     <span class='ocr_line' id='line_1_103' title="bbox 784 5595 2342 5674; baseline -0.007 -16"><span class='ocrx_word' id='word_1_765' title='bbox 784 5604 988 5674; x_wconf 88' lang='lat' dir='ltr'><strong>Spiritu</strong></span> <span class='ocrx_word' id='word_1_766' title='bbox 1021 5608 1210 5658; x_wconf 74' lang='lat' dir='ltr'><strong>sancto</strong></span> <span class='ocrx_word' id='word_1_767' title='bbox 1254 5598 1555 5659; x_wconf 66' lang='lat' dir='ltr'><strong>revelante,</strong></span> <span class='ocrx_word' id='word_1_768' title='bbox 1616 5597 1821 5667; x_wconf 89' lang='lat' dir='ltr'><strong>prolem</strong></span> <span class='ocrx_word' id='word_1_769' title='bbox 1853 5595 2000 5650; x_wconf 89' lang='lat' dir='ltr'><strong>illam</strong></span> <span class='ocrx_word' id='word_1_770' title='bbox 2031 5609 2093 5649; x_wconf 79' lang='lat' dir='ltr'><strong>ex</strong></span> <span class='ocrx_word' id='word_1_771' title='bbox 2129 5602 2183 5649; x_wconf 91' lang='lat' dir='ltr'><strong>te</strong></span> <span class='ocrx_word' id='word_1_772' title='bbox 2215 5610 2342 5666; x_wconf 85' lang='lat' dir='ltr'><strong>pro-</strong></span> 
     </span>
    </p>
   </div>
   <div class='ocr_carea' id='block_1_104' title="bbox 781 5688 2338 5756">
    <p class='ocr_par' dir='ltr' id='par_1_104' title="bbox 781 5688 2338 5756">
     <span class='ocr_line' id='line_1_104' title="bbox 781 5688 2338 5756; baseline -0.007 -4"><span class='ocrx_word' id='word_1_773' title='bbox 781 5697 1035 5756; x_wconf 77' lang='lat' dir='ltr'><strong>dituram,</strong></span> <span class='ocrx_word' id='word_1_774' title='bbox 1061 5694 1440 5749; x_wconf 79' lang='lat' dir='ltr'><strong>universorum</strong></span> <span class='ocrx_word' id='word_1_775' title='bbox 1468 5690 1746 5744; x_wconf 83' lang='lat' dir='ltr'><strong>hominum</strong></span> <span class='ocrx_word' id='word_1_776' title='bbox 1795 5689 2032 5745; x_wconf 89' lang='lat' dir='ltr'><strong>salutare</strong></span> <span class='ocrx_word' id='word_1_777' title='bbox 2079 5688 2338 5742; x_wconf 80' lang='lat' dir='ltr'><strong>futuram.</strong></span> 
     </span>
    </p>
   </div>
   <div class='ocr_carea' id='block_1_105' title="bbox 779 5776 2341 5856">
    <p class='ocr_par' dir='ltr' id='par_1_105' title="bbox 779 5776 2341 5856">
     <span class='ocr_line' id='line_1_105' title="bbox 779 5776 2341 5856; baseline -0.006 -13"><span class='ocrx_word' id='word_1_778' title='bbox 779 5789 896 5854; x_wconf 81' lang='lat' dir='ltr'><strong>Qua</strong></span> <span class='ocrx_word' id='word_1_779' title='bbox 947 5789 1001 5842; x_wconf 93' lang='lat' dir='ltr'><strong>in</strong></span> <span class='ocrx_word' id='word_1_780' title='bbox 1031 5804 1088 5842; x_wconf 89' lang='lat' dir='ltr'><strong>re</strong></span> <span class='ocrx_word' id='word_1_781' title='bbox 1117 5802 1218 5842; x_wconf 88' lang='lat' dir='ltr'><strong>nos</strong></span> <span class='ocrx_word' id='word_1_782' title='bbox 1246 5799 1461 5856; x_wconf 88' lang='lat' dir='ltr'><strong>quoque</strong></span> <span class='ocrx_word' id='word_1_783' title='bbox 1487 5782 1541 5835; x_wconf 91' lang='lat' dir='ltr'><strong>in</strong></span> <span class='ocrx_word' id='word_1_784' title='bbox 1571 5776 1784 5840; x_wconf 81' lang='lat' dir='ltr'><strong>nomine</strong></span> <span class='ocrx_word' id='word_1_785' title='bbox 1814 5783 2026 5845; x_wconf 78' lang='lat' dir='ltr'><strong>Domini</strong></span> <span class='ocrx_word' id='word_1_786' title='bbox 2050 5780 2143 5838; x_wconf 91' lang='lat' dir='ltr'><strong>Dei</strong></span> <span class='ocrx_word' id='word_1_787' title='bbox 2168 5779 2341 5837; x_wconf 89' lang='lat' dir='ltr'><strong>nostri</strong></span> 
     </span>
    </p>
   </div>
   <div class='ocr_carea' id='block_1_106' title="bbox 756 5858 2337 5953">
    <p class='ocr_par' dir='ltr' id='par_1_106' title="bbox 756 5858 2337 5953">
     <span class='ocr_line' id='line_1_106' title="bbox 756 5858 2337 5953; baseline -0.002 -20"><span class='ocrx_word' id='word_1_788' title='bbox 756 5879 1272 5953; x_wconf 75' lang='lat' dir='ltr'><strong>magniﬁcabimur.</strong></span> <span class='ocrx_word' id='word_1_789' title='bbox 1304 5876 1637 5948; x_wconf 87' lang='lat' dir='ltr'><strong>lmpleantur</strong></span> <span class='ocrx_word' id='word_1_790' title='bbox 1665 5858 1827 5932; x_wconf 81' lang='lat' dir='ltr'><strong>etiam</strong></span> <span class='ocrx_word' id='word_1_791' title='bbox 1874 5859 2154 5946; x_wconf 71' lang='lat' dir='ltr'><strong>petitiones</strong></span> <span class='ocrx_word' id='word_1_792' title='bbox 2187 5883 2292 5933; x_wconf 69' lang='lat' dir='ltr'><strong>tua:</strong></span> <span class='ocrx_word' id='word_1_793' title='bbox 2325 5895 2337 5930; x_wconf 90' lang='lat'><strong>:</strong></span> 
     </span>
    </p>
   </div>
   <div class='ocr_carea' id='block_1_107' title="bbox 769 5968 1660 6052">
    <p class='ocr_par' dir='ltr' id='par_1_107' title="bbox 769 5968 1660 6052">
     <span class='ocr_line' id='line_1_107' title="bbox 769 5968 1660 6052; baseline -0.01 -23"><span class='ocrx_word' id='word_1_794' title='bbox 769 5981 915 6046; x_wconf 57' lang='lat' dir='ltr'><strong>ipsa</strong></span> <span class='ocrx_word' id='word_1_795' title='bbox 944 5971 1145 6047; x_wconf 85' lang='lat' dir='ltr'><strong>quippe</strong></span> <span class='ocrx_word' id='word_1_796' title='bbox 1175 5969 1283 6040; x_wconf 89' lang='lat' dir='ltr'><strong>Deo</strong></span> <span class='ocrx_word' id='word_1_797' title='bbox 1311 5968 1500 6052; x_wconf 37' lang='lat' dir='ltr'><strong>digna;</strong></span> <span class='ocrx_word' id='word_1_798' title='bbox 1516 5973 1660 6023; x_wconf 87' lang='lat' dir='ltr'><strong>sunt.</strong></span> 
     </span>
    </p>
   </div>
   <div class='ocr_carea' id='block_1_108' title="bbox 2444 4772 4025 4845">
    <p class='ocr_par' dir='ltr' id='par_1_108' title="bbox 2444 4772 4025 4845">
     <span class='ocr_line' id='line_1_108' title="bbox 2444 4772 4025 4845; baseline -0.001 -17"><span class='ocrx_word' id='word_1_799' title='bbox 2444 4773 2611 4844; x_wconf 74' lang='grc' dir='ltr'>ἡμῶν</span> <span class='ocrx_word' id='word_1_800' title='bbox 2627 4778 2818 4845; x_wconf 70' lang='grc' dir='ltr'>μεταλ</span> <span class='ocrx_word' id='word_1_801' title='bbox 2829 4775 3222 4844; x_wconf 71' lang='grc' dir='ltr'>νιν-θησόμεθα.</span> <span class='ocrx_word' id='word_1_802' title='bbox 3257 4773 3572 4839; x_wconf 72' lang='grc' dir='ltr'>Πληρώσαι</span> <span class='ocrx_word' id='word_1_803' title='bbox 3595 4774 3810 4840; x_wconf 86' lang='grc' dir='ltr'>Κύριος</span> <span class='ocrx_word' id='word_1_804' title='bbox 3828 4772 4025 4826; x_wconf 79' lang='grc' dir='ltr'>πάντα</span> 
     </span>
    </p>
   </div>
   <div class='ocr_carea' id='block_1_109' title="bbox 2443 4863 4023 4938">
    <p class='ocr_par' dir='ltr' id='par_1_109' title="bbox 2443 4863 4023 4938">
     <span class='ocr_line' id='line_1_109' title="bbox 2443 4863 4023 4938; baseline -0.001 -19"><span class='ocrx_word' id='word_1_805' title='bbox 2443 4866 2513 4920; x_wconf 85' lang='grc' dir='ltr'>τὰ</span> <span class='ocrx_word' id='word_1_806' title='bbox 2543 4867 2832 4938; x_wconf 73' lang='grc' dir='ltr'>αἰτήματα</span> <span class='ocrx_word' id='word_1_807' title='bbox 2872 4882 2987 4920; x_wconf 90' lang='grc' dir='ltr'><strong>σου</strong></span> <span class='ocrx_word' id='word_1_808' title='bbox 3011 4883 3022 4896; x_wconf 72' lang='grc'><strong><em>⁸</em></strong></span> <span class='ocrx_word' id='word_1_809' title='bbox 3062 4865 3178 4918; x_wconf 76' lang='grc' dir='ltr'><strong>νῦν</strong></span> <span class='ocrx_word' id='word_1_810' title='bbox 3211 4864 3420 4933; x_wconf 74' lang='grc' dir='ltr'>ἔγνων,</span> <span class='ocrx_word' id='word_1_811' title='bbox 3462 4863 3551 4917; x_wconf 85' lang='grc' dir='ltr'>ὅτι</span> <span class='ocrx_word' id='word_1_812' title='bbox 3586 4865 3781 4924; x_wconf 79' lang='grc' dir='ltr'>ἐσωοέ</span> <span class='ocrx_word' id='word_1_813' title='bbox 3807 4864 4023 4933; x_wconf 84' lang='grc' dir='ltr'>Κύριος</span> 
     </span>
    </p>
   </div>
   <div class='ocr_carea' id='block_1_110' title="bbox 2444 4949 4013 5025">
    <p class='ocr_par' dir='ltr' id='par_1_110' title="bbox 2444 4949 4013 5025">
     <span class='ocr_line' id='line_1_110' title="bbox 2444 4949 4013 5025; baseline -0.005 -17"><span class='ocrx_word' id='word_1_814' title='bbox 2444 4956 2548 5008; x_wconf 78' lang='grc' dir='ltr'><strong>τὸν</strong></span> <span class='ocrx_word' id='word_1_815' title='bbox 2578 4956 2834 5025; x_wconf 79' lang='grc' dir='ltr'>Χριστὸν</span> <span class='ocrx_word' id='word_1_816' title='bbox 2869 4953 3073 5008; x_wconf 86' lang='grc' dir='ltr'>αὐτοῦ.</span> <span class='ocrx_word' id='word_1_817' title='bbox 3118 4951 3250 5004; x_wconf 82' lang='grc' dir='ltr'>Ἀπὸ</span> <span class='ocrx_word' id='word_1_818' title='bbox 3289 4951 3383 5003; x_wconf 81' lang='grc' dir='ltr'>τοῦ</span> <span class='ocrx_word' id='word_1_819' title='bbox 3428 4950 3796 5021; x_wconf 79' lang='grc' dir='ltr'>διαψάλματος</span> <span class='ocrx_word' id='word_1_820' title='bbox 3837 4950 3886 5001; x_wconf 84' lang='grc' dir='ltr'>οἱ</span> <span class='ocrx_word' id='word_1_821' title='bbox 3928 4949 4013 5001; x_wconf 85' lang='grc' dir='ltr'>εὑ-</span> 
     </span>
    </p>
   </div>
   <div class='ocr_carea' id='block_1_111' title="bbox 2444 5036 4022 5119">
    <p class='ocr_par' dir='ltr' id='par_1_111' title="bbox 2444 5036 4022 5119">
     <span class='ocr_line' id='line_1_111' title="bbox 2444 5036 4022 5119; baseline -0.004 -18"><span class='ocrx_word' id='word_1_822' title='bbox 2444 5046 2662 5119; x_wconf 84' lang='grc' dir='ltr'>ξάμενοι</span> <span class='ocrx_word' id='word_1_823' title='bbox 2718 5045 3178 5118; x_wconf 63' lang='grc' dir='ltr'>προφητῒύουσιν,</span> <span class='ocrx_word' id='word_1_824' title='bbox 3225 5041 3372 5112; x_wconf 83' lang='grc' dir='ltr'>αὐτῷ</span> <span class='ocrx_word' id='word_1_825' title='bbox 3417 5042 3508 5095; x_wconf 81' lang='grc' dir='ltr'><strong>τὸν</strong></span> <span class='ocrx_word' id='word_1_826' title='bbox 3549 5042 3680 5096; x_wconf 78' lang='grc' dir='ltr'>θεὸν</span> <span class='ocrx_word' id='word_1_827' title='bbox 3719 5042 3941 5109; x_wconf 81' lang='grc' dir='ltr'>δώσειν,</span> <span class='ocrx_word' id='word_1_828' title='bbox 3975 5036 4022 5112; x_wconf 78' lang='grc' dir='ltr'>ᾧ</span> 
     </span>
    </p>
   </div>
   <div class='ocr_carea' id='block_1_112' title="bbox 2443 5132 4019 5209">
    <p class='ocr_par' dir='ltr' id='par_1_112' title="bbox 2443 5132 4019 5209">
     <span class='ocr_line' id='line_1_112' title="bbox 2443 5132 4019 5209; baseline -0.004 -16"><span class='ocrx_word' id='word_1_829' title='bbox 2443 5140 2537 5204; x_wconf 73' lang='grc' dir='ltr'><strong>τὰς</strong></span> <span class='ocrx_word' id='word_1_830' title='bbox 2560 5139 2780 5209; x_wconf 81' lang='grc' dir='ltr'>λογικὰς</span> <span class='ocrx_word' id='word_1_831' title='bbox 2810 5137 3000 5200; x_wconf 82' lang='grc' dir='ltr'>θυσίας</span> <span class='ocrx_word' id='word_1_832' title='bbox 3040 5135 3430 5206; x_wconf 76' lang='grc' dir='ltr'>προσήνεγκεν,</span> <span class='ocrx_word' id='word_1_833' title='bbox 3473 5133 3573 5187; x_wconf 79' lang='grc' dir='ltr'>ὅσα</span> <span class='ocrx_word' id='word_1_834' title='bbox 3611 5132 4019 5187; x_wconf 81' lang='grc' dir='ltr'>κατὰ-διάνοιαν</span> 
     </span>
    </p>
   </div>
   <div class='ocr_carea' id='block_1_113' title="bbox 2443 5224 4020 5303">
    <p class='ocr_par' dir='ltr' id='par_1_113' title="bbox 2443 5224 4020 5303">
     <span class='ocr_line' id='line_1_113' title="bbox 2443 5224 4020 5303; baseline -0.003 -18"><span class='ocrx_word' id='word_1_835' title='bbox 2443 5232 2643 5303; x_wconf 77' lang='grc' dir='ltr'>ᾔτησε,</span> <span class='ocrx_word' id='word_1_836' title='bbox 2677 5232 2771 5285; x_wconf 72' lang='grc' dir='ltr'><strong>καὶ</strong></span> <span class='ocrx_word' id='word_1_837' title='bbox 2809 5231 3084 5301; x_wconf 84' lang='grc' dir='ltr'>πλήρωσιν</span> <span class='ocrx_word' id='word_1_838' title='bbox 3120 5228 3184 5296; x_wconf 80' lang='grc' dir='ltr'>τῇ</span> <span class='ocrx_word' id='word_1_839' title='bbox 3217 5224 3398 5296; x_wconf 79' lang='grc' dir='ltr'>βουλῇ,</span> <span class='ocrx_word' id='word_1_840' title='bbox 3511 5225 3592 5278; x_wconf 81' lang='grc' dir='ltr'>ὅτι</span> <span class='ocrx_word' id='word_1_841' title='bbox 3634 5225 3707 5298; x_wconf 81' lang='grc' dir='ltr'>μὴ</span> <span class='ocrx_word' id='word_1_842' title='bbox 3761 5225 4020 5298; x_wconf 85' lang='grc' dir='ltr'>ἀλλότρια</span> 
     </span>
    </p>
   </div>
   <div class='ocr_carea' id='block_1_114' title="bbox 2443 5315 4016 5393">
    <p class='ocr_par' dir='ltr' id='par_1_114' title="bbox 2443 5315 4016 5393">
     <span class='ocr_line' id='line_1_114' title="bbox 2443 5315 4016 5393; baseline -0.004 -17"><span class='ocrx_word' id='word_1_843' title='bbox 2443 5322 2575 5376; x_wconf 77' lang='grc' dir='ltr'>Θεοῦ</span> <span class='ocrx_word' id='word_1_844' title='bbox 2603 5322 2671 5376; x_wconf 85' lang='grc' dir='ltr'>τὰ</span> <span class='ocrx_word' id='word_1_845' title='bbox 2698 5319 3115 5393; x_wconf 79' lang='grc' dir='ltr'>βεδουλευμένα.</span> <span class='ocrx_word' id='word_1_846' title='bbox 3141 5315 3623 5388; x_wconf 83' lang='grc' dir='ltr'>Συναπολαύσομεν</span> <span class='ocrx_word' id='word_1_847' title='bbox 3641 5317 3699 5371; x_wconf 86' lang='grc' dir='ltr'>δέ</span> <span class='ocrx_word' id='word_1_848' title='bbox 3728 5334 3830 5377; x_wconf 90' lang='grc' dir='ltr'>σοι,</span> <span class='ocrx_word' id='word_1_849' title='bbox 3861 5317 4016 5388; x_wconf 76' lang='grc' dir='ltr'>φασὶ,</span> 
     </span>
    </p>
   </div>
   <div class='ocr_carea' id='block_1_115' title="bbox 2444 5407 4012 5484">
    <p class='ocr_par' dir='ltr' id='par_1_115' title="bbox 2444 5407 4012 5484">
     <span class='ocr_line' id='line_1_115' title="bbox 2444 5407 4012 5484; baseline -0.004 -17"><span class='ocrx_word' id='word_1_850' title='bbox 2444 5414 2550 5467; x_wconf 88' lang='grc' dir='ltr'><strong>τῶν</strong></span> <span class='ocrx_word' id='word_1_851' title='bbox 2599 5413 2854 5484; x_wconf 89' lang='grc' dir='ltr'>ἀγαθῶν,</span> <span class='ocrx_word' id='word_1_852' title='bbox 2907 5407 3300 5480; x_wconf 82' lang='grc' dir='ltr'>ἀγαλλιώμενοι</span> <span class='ocrx_word' id='word_1_853' title='bbox 3347 5407 3425 5479; x_wconf 83' lang='grc' dir='ltr'>τῷ</span> <span class='ocrx_word' id='word_1_854' title='bbox 3473 5411 3723 5482; x_wconf 84' lang='grc' dir='ltr'>σωτηρίῳ</span> <span class='ocrx_word' id='word_1_855' title='bbox 3776 5408 3854 5480; x_wconf 82' lang='grc' dir='ltr'><strong>τῷ</strong></span> <span class='ocrx_word' id='word_1_856' title='bbox 3903 5408 4012 5478; x_wconf 88' lang='grc' dir='ltr'><strong>σῷ·</strong></span> 
     </span>
    </p>
   </div>
   <div class='ocr_carea' id='block_1_116' title="bbox 2444 5500 4012 5578">
    <p class='ocr_par' dir='ltr' id='par_1_116' title="bbox 2444 5500 4012 5578">
     <span class='ocr_line' id='line_1_116' title="bbox 2444 5500 4012 5578; baseline -0.004 -20"><span class='ocrx_word' id='word_1_857' title='bbox 2444 5506 2685 5577; x_wconf 81' lang='grc' dir='ltr'>ἔγνωμεν</span> <span class='ocrx_word' id='word_1_858' title='bbox 2713 5506 2820 5578; x_wconf 88' lang='grc' dir='ltr'>γὰρ</span> <span class='ocrx_word' id='word_1_859' title='bbox 2846 5503 2905 5568; x_wconf 79' lang='grc' dir='ltr'><strong>ἐξ</strong></span> <span class='ocrx_word' id='word_1_860' title='bbox 2926 5502 3079 5570; x_wconf 84' lang='grc' dir='ltr'>ἁγίου</span> <span class='ocrx_word' id='word_1_861' title='bbox 3108 5501 3417 5572; x_wconf 79' lang='grc' dir='ltr'>[Ινεύματος</span> <span class='ocrx_word' id='word_1_862' title='bbox 3457 5503 3517 5555; x_wconf 82' lang='grc' dir='ltr'>τὸ</span> <span class='ocrx_word' id='word_1_863' title='bbox 3558 5504 3622 5555; x_wconf 83' lang='grc' dir='ltr'>ἐκ</span> <span class='ocrx_word' id='word_1_864' title='bbox 3659 5501 3754 5556; x_wconf 80' lang='grc' dir='ltr'>σοῦ</span> <span class='ocrx_word' id='word_1_865' title='bbox 3787 5500 4012 5570; x_wconf 82' lang='grc' dir='ltr'>γενησό-</span> 
     </span>
    </p>
   </div>
   <div class='ocr_carea' id='block_1_117' title="bbox 2448 5584 4016 5669">
    <p class='ocr_par' dir='ltr' id='par_1_117' title="bbox 2448 5584 4016 5669">
     <span class='ocr_line' id='line_1_117' title="bbox 2448 5584 4016 5669; baseline -0.003 -19"><span class='ocrx_word' id='word_1_866' title='bbox 2448 5615 2604 5669; x_wconf 90' lang='grc' dir='ltr'>μενον</span> <span class='ocrx_word' id='word_1_867' title='bbox 2628 5599 2873 5669; x_wconf 71' lang='grc' dir='ltr'>γέννημα</span> <span class='ocrx_word' id='word_1_868' title='bbox 2922 5594 3136 5648; x_wconf 83' lang='grc' dir='ltr'>πάντων</span> <span class='ocrx_word' id='word_1_869' title='bbox 3175 5593 3476 5667; x_wconf 84' lang='grc' dir='ltr'>ἀνθρώπων</span> <span class='ocrx_word' id='word_1_870' title='bbox 3519 5597 3812 5665; x_wconf 81' lang='grc' dir='ltr'>σωτήριον·</span> <span class='ocrx_word' id='word_1_871' title='bbox 3848 5592 3931 5659; x_wconf 71' lang='grc' dir='ltr'><strong>ἐφ’</strong></span> <span class='ocrx_word' id='word_1_872' title='bbox 3967 5584 4016 5658; x_wconf 84' lang='grc' dir='ltr'><strong>ᾧ</strong></span> 
     </span>
    </p>
   </div>
   <div class='ocr_carea' id='block_1_118' title="bbox 2444 5674 4012 5763">
    <p class='ocr_par' dir='ltr' id='par_1_118' title="bbox 2444 5674 4012 5763">
     <span class='ocr_line' id='line_1_118' title="bbox 2444 5674 4012 5763; baseline -0.004 -19"><span class='ocrx_word' id='word_1_873' title='bbox 2444 5693 2536 5744; x_wconf 70' lang='grc' dir='ltr'><strong>καὶ</strong></span> <span class='ocrx_word' id='word_1_874' title='bbox 2559 5695 2721 5763; x_wconf 84' lang='grc' dir='ltr'>ἡμεῖς</span> <span class='ocrx_word' id='word_1_875' title='bbox 2749 5688 3266 5763; x_wconf 85' lang='grc' dir='ltr'>μεγαλυνθησόμεθα</span> <span class='ocrx_word' id='word_1_876' title='bbox 3297 5691 3354 5742; x_wconf 80' lang='grc' dir='ltr'>ἐν</span> <span class='ocrx_word' id='word_1_877' title='bbox 3387 5686 3463 5759; x_wconf 83' lang='grc' dir='ltr'>τῷ</span> <span class='ocrx_word' id='word_1_878' title='bbox 3493 5687 3712 5757; x_wconf 82' lang='grc' dir='ltr'>ὀνόματι</span> <span class='ocrx_word' id='word_1_879' title='bbox 3754 5681 3847 5737; x_wconf 77' lang='grc' dir='ltr'>τοῦ</span> <span class='ocrx_word' id='word_1_880' title='bbox 3877 5674 4012 5737; x_wconf 74' lang='grc' dir='ltr'><strong>Θεοῦ</strong></span> 
     </span>
    </p>
   </div>
   <div class='ocr_carea' id='block_1_119' title="bbox 2444 5771 4011 5857">
    <p class='ocr_par' dir='ltr' id='par_1_119' title="bbox 2444 5771 4011 5857">
     <span class='ocr_line' id='line_1_119' title="bbox 2444 5771 4011 5857; baseline -0.007 -19"><span class='ocrx_word' id='word_1_881' title='bbox 2444 5783 2617 5857; x_wconf 82' lang='grc' dir='ltr'>ἡμῶν.</span> <span class='ocrx_word' id='word_1_882' title='bbox 2653 5784 2834 5837; x_wconf 85' lang='grc' dir='ltr'>Ἔστω</span> <span class='ocrx_word' id='word_1_883' title='bbox 2857 5783 2914 5837; x_wconf 82' lang='grc' dir='ltr'>δέ</span> <span class='ocrx_word' id='word_1_884' title='bbox 2942 5799 3034 5836; x_wconf 90' lang='grc' dir='ltr'><strong>σου</strong></span> <span class='ocrx_word' id='word_1_885' title='bbox 3067 5782 3158 5836; x_wconf 71' lang='grc' dir='ltr'><strong>καὶ</strong></span> <span class='ocrx_word' id='word_1_886' title='bbox 3189 5781 3257 5835; x_wconf 84' lang='grc' dir='ltr'><strong>τὰ</strong></span> <span class='ocrx_word' id='word_1_887' title='bbox 3282 5781 3559 5851; x_wconf 81' lang='grc' dir='ltr'>αἰτήματα</span> <span class='ocrx_word' id='word_1_888' title='bbox 3580 5791 3595 5811; x_wconf 76' lang='grc' dir='ltr'><strong>ο</strong></span> <span class='ocrx_word' id='word_1_889' title='bbox 3623 5776 3717 5830; x_wconf 75' lang='grc' dir='ltr'>καὶ</span> <span class='ocrx_word' id='word_1_890' title='bbox 3755 5774 3865 5847; x_wconf 84' lang='grc' dir='ltr'>γὰρ</span> <span class='ocrx_word' id='word_1_891' title='bbox 3884 5771 4011 5842; x_wconf 71' lang='grc' dir='ltr'>ἄξια</span> 
     </span>
    </p>
   </div>
   <div class='ocr_carea' id='block_1_120' title="bbox 2442 5875 2882 5933">
    <p class='ocr_par' dir='ltr' id='par_1_120' title="bbox 2442 5875 2882 5933">
     <span class='ocr_line' id='line_1_120' title="bbox 2442 5875 2882 5933; baseline -0.009 0"><span class='ocrx_word' id='word_1_892' title='bbox 2442 5877 2612 5933; x_wconf 83' lang='grc' dir='ltr'>ταῦτα</span> <span class='ocrx_word' id='word_1_893' title='bbox 2631 5875 2785 5931; x_wconf 81' lang='grc' dir='ltr'>Θεοῦ.</span> <span class='ocrx_word' id='word_1_894' title='bbox 2875 5879 2882 5883; x_wconf 78' lang='grc'><strong>’</strong></span> 
     </span>
    </p>
   </div>
  </div>
