4302 6412
289 517 385 572 197

1410 514 1903 571 COMMENTARIA
1940 514 2014 570 IN
2050 514 2383 580 PSALMOS,

3411 527 3511 586 598

363 633 785 686 Ἐπακούσεται
817 633 1000 687 αὐτοῦ
1030 634 1098 697 ἐξ
1143 633 1401 711 οὐρανοῦ
1444 634 1614 703 ἁγίου
1643 626 1845 699 αὑτοῦ,
1878 640 1922 696 Α
2019 635 2062 688 Ε

1806 633 1845 699 3,
1878 640 1922 696 Α
2019 635 2281 690 Exaudiet
2313 636 2465 689 illum
2492 635 2554 690 de
2576 636 2703 691 cwio
2730 646 2913 690 sancto
2937 654 3053 705 suo,
3085 640 3137 692 in
3162 644 3505 708 potestatibus

281 726 349 778 ἐν
372 723 753 790 δυναστείαις
784 726 1044 793 σωτηρία
1084 725 1193 793 τῆς
1218 725 1417 792 δεξιᾶς
1442 718 1656 780 αὑτοῦ.
1694 724 1852 791 Δεξιά

279 815 333 869 δὲ
363 816 504 886 χεὶρ,
529 815 622 869 καὶ
647 819 816 869 πᾶσαι
843 818 897 868 αἱ
925 817 1177 886 σωτήριοι
1211 818 1302 868 καὶ
1340 817 1507 882 δεξιαὶ
1547 817 1771 887 πράξεις
1796 820 1851 869 ὲν

279 909 633 973 δυναστείαις.
664 900 932 981 Δυνάμεσι
972 910 1077 981 γὰρ
1125 910 1217 965 καὶ
1268 911 1509 981 σημείοις
1541 913 1635 965 καὶ
1666 912 1849 975 τέρασι

278 997 377 1062 τὰς
399 1001 478 1063 είς
504 999 820 1071 ἀνθρώπους
848 1002 1132 1072 ποιήσεται
1157 1000 1492 1071 εὐεργεσίας.

351 1086 528 1145 Οὗτοι
567 1092 635 1144 ἐν
672 1092 931 1160 ἅρμασιν
966 1092 1066 1145 καὶ
1106 1087 1268 1146 οὗτοι
1315 1092 1384 1144 ἐν
1416 1093 1636 1157 ἵπποις,
1678 1092 1843 1161 ἡμεῖς

278 1180 346 1234 δὲ
375 1183 446 1235 ἐν
474 1183 711 1252 ὀνόματι
751 1184 967 1251 Κυρίου
998 1181 1143 1237 Θεοῦ
1166 1179 1333 1251 ἡμῶν
1354 1182 1841 1251 ἐπικαλεσόμεθα.

276 1274 454 1327 Αὐτοὶ
507 1274 1039 1342 συνεποδίσθησαν
1092 1271 1189 1325 καὶ
1243 1272 1502 1326 ἔπεσαν·
1566 1273 1734 1342 ἡμεῖς
1779 1272 1846 1326 δὲ

275 1363 613 1433 ἀνέστημεν
643 1365 740 1417 καὶ
771 1362 1207 1432 ἀνωρθώθημεν.
1251 1362 1478 1427 Σῶσον,
1513 1367 1706 1433 Κύριε,
1740 1367 1846 1418 τὸν

269 1456 554 1521 βασιλέα,
584 1458 679 1510 καὶ
708 1456 1050 1510 ἐπάκουσον
1068 1455 1235 1525 ἡμῶν
1261 1458 1329 1509 ἐν
1355 1452 1395 1528 ᾗ
1418 1458 1493 1510 ἂν
1516 1458 1701 1527 ἡμέρᾳ
1730 1460 1846 1510 ἐπι-

275 1549 648 1618 καλεσόμεθά
674 1563 765 1603 σε.
813 1548 969 1602 Ἀλλὰ
996 1549 1102 1620 γὰρ
1136 1552 1179 1620 ἡ
1226 1550 1534 1621 πεῖρα’τῶν
1584 1552 1843 1622 πραγμά-

272 1642 380 1695 των
412 1641 603 1709 γένοιτ’
632 1641 698 1696 ἂν
738 1641 952 1711 ἔλεγχος
999 1641 1090 1694 τοῦ
1136 1643 1468 1713 κρείττονος.,
1500 1643 1563 1696 Οἱ
1599 1645 1695 1714 μὲν
1737 1644 1844 1713 γὰρ

274 1730 357 1784 oo‘.
382 1731 565 1804 ἐχθροὶ¹
590 1733 672 1800 ἐφ’
706 1732 890 1795 ἵπποις
917 1732 1008 1785 καὶ
1040 1731 1246 1804 ἅρμασι
1278 1731 1612 1796 πεποιθότες,
1644 1750 1845 1802 συμπο-

269 1823 551 1889 δισθέντες.
572 1822 858 1876 πεσοῦνται
883 1823 1079 1894 ὁμοίως
1106 1824 1183 1894 τῷ
1212 1823 1409 1895 Φαραὼ
1435 1823 1526 1876 ἐπὶ
1552 1824 1662 1892 τῆς,
1693 1826 1843 1895 Ἐρυ-

269 1910 407 1983 θρᾶς
434 1912 700 1984 θαλάττης
732 1911 1199 1966 καταωντωθέντι
1219 1930 1230 1941 ·
1265 1915 1424 1983 ἡμεῖς
1451 1913 1508 1965 δὲ
1534 1913 1580 1965 oi
1630 1911 1708 1981 τῷ
1731 1913 1843 1966 ὀνό-

273 2022 405 2075 ματι
449 2004 652 2075 Κυρίου
687 2003 781 2057 τοῦ
807 2004 942 2057 Θεοῦ
970 2004 1123 2075 ἡμῶν
1154 2004 1503 2075 ὠπλισμένοι,
1528 2004 1620 2056 καὶ
1655 2006 1734 2057 σοὶ
1763 2005 1839 2076 τῷ

269 2095 367 2159 τὰς
401 2094 591 2159 θυσίας
629 2096 1002 2167 ἀναπέμποντι
1043 2098 1162 2159 ταῖς
1198 2097 1379 2166 εὐχαῖς
1413 2097 1838 2167 συναγωνιζόμε-

266 2204 371 2251 νοι,
412 2188 867 2259 ἀναστησόμέθα,
916 2176 1007 2242 καὶ
1053 2187 1574 2261 ἀνορθωθησόμεθα,
1622 2188 1713 2241 σοῦ
1744 2189 1839 2252 τὰς

268 2279 412 2334 κατά
439 2280 545 2333 τῶν
576 2280 784 2352 ἐχθρῶν
818 2280 969 2344 νίκας
996 2280 1291 2351 ἀραμένου.
1337 2279 1493 2332 Ἀλλά
1532 2279 1703 2333 ταῦτα
1744 2281 1840 2349 μὲν

270 2370 445 2437 ἔσται,
462 2373 615 2441 φασὶ,
634 2372 832 2426 καὶνῦν
849 2372 990 2427 κατὰ
1000 2373 1089 2426 τὸν
1114 2373 1300 2444 καιρὸν
1321 2374 1418 2443 τῆς
1440 2371 1533 2424 τοῦ
1555 2372 1839 2425 ἀποδοθέν-

267 2483 359 2529 τος
378 2464 643 2537 σωτηρίου
671 2465 1006 2534 ὲπιφανείας.
1035 2464 1167 2518 Τότε
1197 2463 1304 2534 γὰρ
1335 2464 1565 2537 μάλιστα
1592 2466 1756 2517 πᾶσαι
1784 2465 1839 2516 αἱ

266 2535 640 2625 ἀνακείμεναι
679 2554 961 2625 δυνάμεις,
995 2557 1089 2606 καὶ
1126 2555 1173 2605 oi
1217 2554 1439 2623 ἀφανεῖς
1488 2535 1581 2607 καὶ
1622 2554 1839 2625 ἀόρατοι

268 2645 361 2698 τοῦ
389 2645 525 2699 Θεοῦ
552 2645 819 2715 πολέμιοι.
845 2645 911 2697 δι’
939 2643 1109 2699 ,αὐτοῦ
1133 2644 1223 2697 τοῦ
1257 2644 1522 2716 σωτηρίου
1549 2645 1842 2716 τροπούμε-

267 2750 367 2798 νοι,
400 2735 709 2791 πεσοῦνται.
736 2735 941 2796 Πάντες
969 2735 1026 2788 δὲ
1057 2736 1107 2787 οἱ
1138 2736 1199 2787 τὸ
1239 2737 1501 2807 σωτήριον
1534 2734 1838 2806 παραδεξά-

272 2843 442 2896 μενοι,
485 2825 576 2878 τοῦ
620 2826 784 2880 πάλαι
824 2824 1003 2878 αὐτῶν
1044 2818 1330 2895 πτώματος
1375 2826 1835 2895 διαναστήσονται.

268 2915 358 2970 Διδ
388 2916 518 2987 περὶ
551 2915 714 2969 αὐτοῦ
755 2914 975 2985 Συμεὼν
1018 2914 1199 2983 ἔλεγεν
1218 2932 1230 2944 ·
1280 2915 1424 2967 Ἰδοὺ
1452 2911 1626 2979 οὗτος
1656 2914 1839 2967 κεῖται

232 3006 354 3075 λείς
389 3008 622 3062 πτῶσιν
652 3007 749 3061 καὶ
798 3006 1133 3061 ἀνάστασιν
1170 3006 1443 3061 πολλῶν
1490 3002 1693 3058 πτῶσιν
1740 3005 1836 3075 μὲν

266 3099 466 3173 δηλαδὴ
505 3099 613 3155 τῶν
649 3098 855 3170 ὲχθρῶν
895 3097 1057 3153 αὐτοῦ
1097 3100 1189 3151 καὶ
1230 3098 1336 3151 τῶν
1368 3096 1667 3167 πολεμίων
1704 3096 1836 3149 ἀνά-

267 3207 457 3244 στασιν
490 3190 546 3243 δὲ
576 3188 682 3243 τῶν
714 3189 881 3241 πάλαι
914 3187 1296 3251 πεπτωκότων,
1328 3188 1393 3240 δι’
1420 3184 1582 3239 αὐτοῦ
1617 3184 1673 3238 δὲ
1705 3187 1836 3255 ὲγη-

266 3283 569 3355 γερμὲνων.
627 3280 736 3335 Καὶ
771 3282 941 3335 ταῦτα
974 3280 1073 3351 μὲν
1118 3279 1235 3332 τότε
1275 3280 1596 3350 γενήσετᾳν
1632 3277 1725 3331 νῦν
1757 3276 1834 3341 δὲ,

265 3354 462 3447 Κλύριε,
495 3354 634 3437 σῶζε
673 3376 801 3445 ἡμῖν
838 3373 930 3427 τὸν
977 3364 1200 3442 βασιλέα
1240 3370 1418 3433 Δαυῖδ,
1453 3372 1547 3424 καὶ
1582 3372 1638 3423 ὲν
1681 3370 1842 3423 παντὶ

260 3468 342 3539 τῷ
359 3470 473 3521 ὄντι
501 3466 698 3537 καιρῷ,
727 3468 820 3519 καὶ
839 3468 895 3518 ἐν
979 3464 1043 3517 ἂν
1072 3463 1252 3535 ἡμέρᾳ
1276 3460 1724 3531 ὲπικαλεσώμεθὰ
1757 3476 1836 3512 σε.

278 3560 531 3632 Ἀρμόξει
574 3558 629 3610 δὲ
667 3557 868 3620 ταῦτα,
908 3556 982 3619 ὡς
1021 3554 1177 3617 ἄλλος
1218 3555 1378 3625 φησὶ,
1426 3554 1519 3606 καὶ
1562 3553 1653 3604 ἐπὶ
1693 3551 1841 3615 Ἐζε-

267 3652 390 3723 κίᾳ.
434 3650 664 3719 Νοήσεις
694 3648 751 3700 δὲ
787 3646 954 3700 ταῦτα
1000 3645 1093 3699 καὶ
1126 3644 1265 3697 κατὰ
1298 3645 1388 3697 τὸν
1416 3644 1514 3714 τῆς
1554 3642 1842 3711 ἀναγωγῆς

266 3745 453 3815 νόμον.

370 3858 482 3911 ΕιΣ
514 3857 602 3910 ΤΟ
639 3853 893 3917 ΤΕΛΟΣ,
929 3850 1218 3905 ΨΑΛΜΟΣ
1267 3849 1354 3901 ΤΩ
1394 3847 1590 3901 ΔΛΥΙΔ
1630 3846 1711 3898 K'.

335 3973 431 4035 Είς
455 3972 629 4025 αἴσιον
650 3967 756 4041 γὰρ
780 3963 1162 4035 ἀναπέμπεται
1182 3962 1250 4016 τὰ
1270 3943 1537 4033 λεγόμενα
1556 3961 1726 4026 τέλος,
1746 3967 1839 4016 xc):

267 4064 374 4118 τῶν
398 4062 607 4135 ἐχθρῶν
630 4060 725 4113 τοῦ
751 4056 886 4112 Θεοῦ
916 4056 1165 4127 σημαίνει
1190 4054 1280 4107 τὸν
1308 4051 1547 4126 ὄλεθρον.
1578 4054 1671 4106 Διὸ
1698 4056 1839 4109 κατὰ

264 4156 369 4229 ,μὲν
400 4150 713 4225 Σύμμαχον,
766 4150 1087 4215 Ἐπινικιός
1110 4148 1281 4203 ἐστιν
1308 4145 1430 4215 ᾠδή
1452 4164 1465 4178 ο
1498 4147 1638 4201 κατά
1667 4147 1721 4200 δὲ
1750 4148 1839 4202 τὸν

174 4252 179 4261 “
280 4232 541 4314 Ἆκύλαν,
580 4244 664 4310 Τῷ
690 4241 973 4308 νικοποιῷ
997 4238 1337 4312 μελῴὃημα.

335 4429 533 4497 Κύριε,
549 4426 619 4479 ἐν
630 4422 703 4493 τῇ
719 4421 965 4490 δυνάμει
983 4436 1099 4474 σου
1119 4419 1589 4488 εὐφρανθήσεται
1614 4423 1645 4474 ὁ
1660 4420 1841 4485 βασι-

261 4525 430 4591 λεύς.
454 4518 624 4593 Οἶμαι
645 4520 739 4573 καὶ
763 4516 934 4570 ταῦτα
949 4514 1201 4583 λέγεσθαι
1215 4513 1283 4566 τὰ
1302 4512 1633 4583 προκείμενα
1653 4514 1717 4565 ὲκ
1731 4510 1840 4564 τῶν

269 4619 363 4672 καὶ⁵
376 4614 451 4671 τὰ
469 4613 574 4684 πρὸ
587 4600 781 4664 τούτου
794 4607 871 4678 τῷ
886 4604 1046 4660 Δαυϊδ
1065 4600 1263 4668 ἑπευξα
1271 4601 1464 4674 μένων.
1490 4602 1691 4656 Μαθὼν
1711 4599 1839 4670 γοῦν

1953 727 2098 781 salus
2123 726 2349 781 dexteris
2375 727 2511 793 ejus.
2550 724 2780 783 Dextera
2806 743 3020 792 manus,
3054 745 3351 801 omnesque
3374 733 3509 788 dex~

1952 825 2079 870 tera:
2129 824 2182 871 et
2241 817 2507 873 salutares
2562 818 2804 871 actiones
2855 819 2909 872 in
2944 820 3302 887 potestatibus
3360 830 3506 878 sunt.

1952 907 2253 963 Virtutibus
2284 923 2517 978 namque
2540 948 2555 973 ,
2589 909 2759 979 signis
2798 917 2852 963 et
2902 909 3160 981 prodigiis
3182 950 3197 975 ,
3248 912 3510 969 beneﬁcia

1950 1014 2049 1053 sua
2079 999 2387 1055 hominibus
2412 1000 2772 1078 dispensabit.
3160 1054 3161 1059 η

2019 1089 2187 1144 Vens.
2223 1090 2378 1145 8-10.
2421 1091 2495 1144 Hi
2550 1093 2603 1145 in
2663 1092 2904 1146 curribus
2941 1102 2991 1147 et
3022 1094 3077 1147 hi
3114 1094 3165 1147 in
3201 1096 3365 1165 equis,
3416 1113 3511 1153 nos

1948 1190 2121 1235 autem
2171 1183 2223 1236 in
2275 1182 2732 1237 nomine.Domini
2775 1182 2874 1237 Dei
2913 1187 3083 1239 nostri
3132 1186 3507 1241 invocabimus.

1947 1268 2063 1337 Ipsi
2085 1269 2320 1331 impediti
2346 1279 2465 1323 sunt
2499 1280 2548 1325 et
2583 1271 3047 1337 ceciderunt,'nos
3082 1283 3253 1327 autem
3280 1277 3511 1330 surrexi-

1945 1377 2059 1414 mus
2077 1370 2128 1414 et
2162 1363 2319 1415 erecti
2345 1378 2545 1417 sumus.
2579 1362 2797 1417 Domine
2821 1403 2836 1428 ,
2878 1364 3080 1418 salvum
3112 1366 3195 1434 fac
3224 1384 3391 1437 regem
3411 1408 3432 1437 ,Α
3460 1380 3511 1423 et

1943 1451 2135 1505 exaudi
2159 1469 2252 1507 nos
2282 1453 2335 1506 in
2373 1440 2458 1506 die
2487 1454 2589 1523 qua
2616 1455 3021 1509 invocaverimus
3059 1465 3125 1509 te.
3170 1454 3291 1526 Ipsa
3328 1474 3510 1513 rerum

1943 1543 2293 1612 experientia,
2330 1554 2705 1613 argumentum
2734 1562 2865 1601 sane
2902 1547 3061 1601 fuerit
3093 1548 3223 1616 quid
3268 1550 3321 1602 in
3348 1550 3511 1605 rebus

1942 1632 2285 1710 praestantius
2311 1631 2402 1683 sit.
2434 1631 2499 1683 At
2525 1632 2669 1685 enim
2700 1634 2905 1687 inimici
2935 1635 3034 1699 tui,
3065 1636 3219 1705 equis
3249 1645 3302 1691 et
3335 1640 3511 1693 curri-

1942 1720 2044 1774 bus
2072 1719 2427 1784 conﬁdentes,
2463 1723 2738 1791 przepediti
2786 1733 3041 1778 corruent
3072 1726 3295 1795 perinde
3347 1737 3511 1798 atque

1942 1798 2174 1875 Pharao,
2210 1812 2303 1881 qui
2336 1812 2387 1866 in
2419 1814 2557 1867 mari
2593 1814 2779 1869 Rubro
2811 1816 3095 1887 demersus
3136 1826 3239 1875 est.
3278 1820 3388 1875 Nos
3417 1837 3510 1877 au-

1944 1908 2053 1955 tem
2086 1902 2305 1957 nomine
2337 1894 2547 1957 Domini
2572 1904 2663 1961 Dei
2699 1905 3162 1963 nostri'instructi
3192 1917 3245 1963 et
3275 1913 3508 1978 armati,

1947 2008 2009 2046 ac
2040 2001 2219 2052 tecum
2270 1994 2363 2063 qui
2414 1996 2681 2050 sacriﬁcia
2725 1997 2975 2053 immolas
3021 1999 3272 2068 precibus
3305 2001 3511 2056 nostris

1946 2094 2341 2151 concertantes,
2369 2101 2717 2157 resorgemus
2758 2098 2920 2159 atque
2954 2091 3254 2161 erigemur,
3281 2107 3405 2147 cum
3448 2101 3514 2149 tu

1947 2178 2013 2234 de
2041 2178 2277 2234 inimicis
2310 2181 2590 2235 victoriam
2614 2182 2886 2237 retuleris.
2924 2181 3030 2236 Sed
3073 2183 3205 2249 haec,
3232 2184 3508 2255 inquiunt.

1946 2273 2193 2327 evenient
2239 2281 2480 2343 tempore
2524 2274 2968 2333 Salutarisillius
3014 2286 3296 2339 accentus.
3350 2278 3505 2335 Tunc

1946 2364 2087 2417 enim
2139 2365 2372 2421 maxime
2421 2382 2609 2422 omnes
2650 2367 2971 2422 adversaria
3007 2377 3304 2438 potestates
3341 2385 3403 2426 ac
3433 2372 3512 2425 la-

1867 2462 1869 2465 '
1946 2462 2123 2510 tentes
2169 2456 2245 2519 illi
2270 2464 2323 2511 et
2352 2458 2551 2512 occulti
2606 2456 2702 2513 Dei
2757 2458 2985 2523 inimici,
3020 2462 3088 2515 ab
3120 2461 3239 2532 ipso
3264 2460 3507 2518 Salutari
3562 2530 3565 2531 ν

1947 2548 2000 2602 in
2051 2548 2231 2618 fugam
2265 2550 2427 2614 versi,
2463 2556 2896 2619 prosternentur.
2950 2550 3151 2608 Omnes
3205 2569 3367 2623 porro
3415 2556 3511 2626 qui

1949 2638 2196 2694 Salutare
2220 2639 2533 2709 hujusmodi
2562 2644 2888 2712 receperint,
2922 2660 2950 2698 a
2973 2645 3203 2713 pristino
3244 2645 3394 2715 lapsu
3422 2662 3511 2701 re-

1947 2738 2188 2799 surgent.
2220 2730 2428 2787 Idcirco
2458 2734 2530 2787 ita
2574 2732 2793 2790 Simeon
2819 2736 2887 2791 de
2910 2736 3028 2806 ipso
3059 2737 3298 2807 loquitur
3330 2758 3341 2791 :
3381 2736 3509 2793 Ecce

1941 2825 2141 2892 positus
2168 2831 2245 2877 est
2287 2822 2369 2875 hic
2403 2825 2457 2878 in
2506 2826 2715 2878 ruinam
2761 2836 2811 2879 et
2852 2830 3279 2882 resurrectionem
3306 2829 3496 2883 multo-

1943 2930 2061 2966 rum
2090 2914 2167 2967 ”:
2203 2912 2416 2966 ruinam
2470 2913 2721 2968 videlicet
2768 2913 3112 2968 inimicorum
3168 2922 3222 2969 et
3268 2916 3507 2971 hostium

1932 3004 2095 3074 ejus:
2133 3003 2587 3059 resurrectionem
2618 3019 2747 3059 vero
2777 3019 2965 3059 eorum
2992 3006 3083 3075 qui
3107 3005 3234 3059 olim
3269 3005 3405 3073 lapsi
3437 3006 3506 3060 ab

1931 3084 2064 3165 ipso
2114 3096 2365 3152 suscitati
2418 3102 2564 3152 sunt.
2621 3094 2744 3151 llaec
2788 3096 3012 3167 ‘quidem
3071 3104 3201 3151 tunc
3246 3107 3507 3153 eventura

1946 3195 2106 3254 sunt;
2132 3188 2244 3258 jam
2263 3203 2416 3252 vero,
2440 3194 2501 3248 tu
2523 3187 2771 3255 Domine,
2802 3188 3010 3243 salvum
3041 3188 3126 3243 fac
3146 3189 3305 3244 nobis
3324 3205 3507 3259 regem

1944 3278 2223 3346 Davidem,
2247 3287 2302 3335 et
2333 3281 2388 3334 in
2418 3280 2564 3335 omni
2593 3296 2819 3349 prorsus
2841 3286 3101 3351 tempore,
3130 3289 3182 3335 et
3205 3280 3261 3337 in
3290 3280 3376 3337 die
3399 3297 3507 3352 qua

1943 3373 2376 3429 invocaverimus
2402 3384 2452 3428 te
2480 3391 2492 3427 :
2531 3387 2651 3442 quae
2680 3372 2828 3437 item,
2855 3380 2913 3427 ut
2947 3374 3085 3428 alius
3114 3373 3312 3443 inquit,
3342 3374 3505 3428 etiam

1943 3463 2187 3519 Ezechiae
2213 3465 2325 3535 regi
2353 3472 2676 3535 congruunt.
2710 3451 2833 3518 Haec
2860 3478 3022 3534 porro
3048 3462 3365 3534 anagogico,
3392 3463 3506 3518 sive

1932 3553 2261 3620 reductitio,
2293 3568 2443 3608 more
2474 3551 2730 3622 accipias.

2108 3832 2159 3885 ‘l.
2195 3830 2268 3884 ‘IN
2310 3829 2554 3895 FINEM,
2593 3829 2918 3885 PSALMUS
2958 3830 3165 3915 DAVID
3201 3830 3321 3888 XX.

2011 3940 2141 4007 Quae
2172 3942 2259 3997 hic
2294 3941 2571 4008 dicuntur,
2603 3943 2670 3997 ad
2705 3942 2944 3997 faustum
2976 3942 3261 3999 referenda
3298 3943 3458 4001 ﬁnem
3486 3964 3499 4000 :

1941 4050 2067 4089 nam
2096 4024 2440 4090 inimicorum
2469 4034 2563 4092 Dei
2582 4036 2817 4091 exitium
2848 4037 3171 4108 signiﬁcant.
3192 4038 3384 4103 .Quare
3411 4054 3501 4096 se-

1942 4124 2181 4188 cundum
2224 4125 2609 4196 Symmachum
2637 4168 2653 4193 ,
2689 4125 3026 4195 Triumphale
3065 4126 3370 4189 canticum;
3413 4141 3503 4180 se-

1942 4220 2182 4273 cundum
2213 4217 2465 4289 Aquilam
2494 4233 2644 4283 vero,
2685 4216 2928 4273 Victoria:
2955 4218 3158 4272 auctori
3185 4217 3499 4280 modulatio,

1943 4310 2290 4366 inscribitur.

2013 4384 2178 4456 Vens.
2218 4399 2274 4456 2.
2312 4400 2571 4478 Domine,
2620 4401 2673 4453 in
2716 4400 2907 4453 virtute
2951 4406 3043 4449 tua
3082 4396 3351 4450 laetabitur
3384 4377 3496 4452 rei.

1942 4494 2193 4550 Arbitror
2222 4494 2290 4547 ab
2320 4493 2515 4549 iisdem
2537 4534 2554 4560 ,
2579 4493 2671 4562 qui
2700 4491 2950 4560 superius
2980 4488 3174 4547 Davidi
3204 4490 3341 4543 bene
3370 4491 3497 4558 pre-

1943 4587 2052 4642 cati
2100 4586 2352 4651 fuerant,
2400 4584 2515 4638 haec
2566 4582 2729 4638 etiam
2779 4580 2991 4650 prolata
3033 4578 3223 4636 fuisse.
3261 4576 3397 4634 Cum
3432 4580 3500 4636 ab

630 4663 740 4754 ἀπὸ
766 4663 874 4749 τῶν
900 4694 1035 4767 πρὸς
1068 4663 1228 4747 αὐτὸν
1248 4663 1551 4771 γενομένων
1577 4663 1840 4763 χρησμῶν
1872 4663 1915 4718 D
1946 4696 1961 4735 (

1801 4708 1840 4745 ,ν
1872 4663 1915 4718 D
1946 4678 2182 4735 oraculis
2206 4678 2326 4735 sibi
2365 4676 2524 4732 editis
2585 4672 2900 4729 edidicisset
2941 4670 3109 4727 David
3161 4686 3224 4727 ea
3262 4680 3381 4742 quae
3414 4686 3500 4726 sa-

266 4799 335 4854 τὰ
356 4797 485 4868 περὶ
505 4792 599 4847 τοῦ
631 4793 695 4845 ἐκ
720 4788 1031 4860 σπέρματος
1055 4784 1217 4837 αὐτοῦ
1248 4782 1703 4855 προελευσομὲνου
1739 4801 1842 4839 σω-

256 4870 457 4961 τηρίου
481 4929 496 4955 ,
526 4887 620 4939 καὶ
645 4883 744 4953 τῆς
774 4884 831 4935 ὲν
862 4878 940 4950 τῷ
969 4874 1217 4948 σωτηρίῳ
1246 4874 1526 4944 δυνάμεως
1546 4916 1560 4939 ,
1593 4876 1687 4963 ἐπὶ,
1713 4878 1839 4930 τού-

265 5000 378 5046 τοις
408 4978 845 5052 εὐφρανθήσεται
878 4973 970 5028 κού⁵
1003 4970 1387 5039 ἀγαλλιάσεται
1421 4967 1645 5040 σφόδρα.
1732 4971 1840 5023 Καὶ

262 5074 477 5138 τούτοις
498 5085 571 5142 γε
596 5068 832 5144 θαρσῶν,
865 5064 974 5119 τῶν
999 5079 1059 5139 τε
1086 5061 1291 5134 ἐχθρῶν
1324 5060 1649 5119 διά.τούτων
1680 5078 1837 5137 περι-

266 5166 556 5237 γενόμενος
574 5204 589 5229 ,
612 5162 695 5217 σο)⁵
714 5160 792 5233 τῷ
814 5153 1070 5225 νικοποιῷ
1089 5154 1206 5226 Θεῷ
1230 5154 1296 5208 τὰ
1320 5151 1547 5225 βραδεῖαι
1560 5150 1658 5221 τῆς
1678 5152 1833 5223 νίκης

266 5256 589 5327 avaritiam..-
622 5255 812 5328 Χαίρει
837 5271 908 5318 ,τε
930 5256 1024 5311 καὶ
1058 5246 1497 5321 ὑπερϐαλλόντως
1523 5242 1830 5312 ἀγάλλεται,

269 5351 367 5420 τῆς
385 5346 495 5402 τῶν
515 5336 721 5418 ἐχθρῶν
743 5345 1029 5417 ἐπιϐουλῆς
1050 5344 1153 5398 ὑπὸ
1178 5341 1269 5396 σοῦ
1292 5336 1682 5406 διασωζόμενος
1699 5350 1714 5364 ο
1740 5334 1834 5387 καὶ

270 5444 367 5514 οὐχ
392 5439 561 5500 οὓτως
592 5439 683 5491 ἐπὶ
714 5441 779 5509 τῇ
809 5434 1273 5508 ὲαυτοῦσωτηρίᾳ
1306 5429 1535 5502 ἀγαλλιᾷ
1558 5469 1573 5493 ,
1604 5429 1725 5481 ὅσον
1751 5429 1834 5481 ὃτι

270 5533 421 5609 παρά
456 5530 549 5587 σοῦ
580 5530 642 5583 τὸ
671 5520 933 5601 σωτήριον
962 5529 1126 5582 αὐτοῦ
1161 5525 1529 5599 προσγίνεται.
1591 5521 1700 5573 Καὶ
1728 5519 1837 5591 γὰρ

272 5625 616 5698 ἐπιθυμήσας
646 5621 709 5675 τὸ
741 5620 891 5691 παρὰ
919 5610 1016 5671 σοῦ’
1044 5621 1327 5689 σωτήριον,
1362 5614 1454 5670 καὶ
1486 5611 1615 5684 περὶ
1647 5612 1836 5665 τούτου

270 5724 381 5783 τοῖς
432 5704 665 5789 χείλεσιν
694 5710 895 5768 ἑαυτοῦ
947 5714 1004 5766 ὲν
1050 5714 1168 5774 ταῖς
1202 5710 1339 5781 πρὸς
1367 5708 1454 5761 τὸν
1488 5703 1619 5758 Θεὸν
1653 5702 1837 5773 εὐχαῖς

275 5807 554 5880 ἱκετηρίαν
584 5791 910 5876 ἀναπέμψας
939 5842 952 5869 ,
1005 5802 1103 5855 οὐκ
1135 5801 1440 5855 ἐκπεσεῖται
1470 5796 1566 5867 τῆς
1598 5794 1834 5857 ἐλπίδος,

344 5963 547 6021 -‘*Luc.
592 5980 657 6032 It,
705 5963 795 6021 34.

1941 4773 2118 4826 lutare
2160 4770 2292 4824 illud
2324 4784 2401 4822 .ex
2450 4766 2656 4822 semine
2701 4779 2803 4820 suo
2851 4762 3236 4835 proditurum,
3288 4776 3500 4817 necnon

1940 4863 2195 4919 salutaris
2220 4859 2463 4931 ejusdem
2490 4859 2749 4913 virtutem
2781 4857 3135 4929 spectabant,
3164 4854 3231 4910 de
3263 4855 3332 4909 iis
3352 4894 3366 4919 ,
3396 4854 3497 4919 ait,

1938 4956 2203 5012 laetabitur
2226 4962 2280 5008 et
2302 4946 2600 5008 exSultabit
2623 4952 2989 5007 vehementer.
3023 4950 3203 5019 lisque
3226 4945 3465 5002 conﬁsus
3480 4980 3496 5007 ,

1941 5050 2291 5118 inimicisque
2323 5062 2514 5103 eorum
2547 5063 2650 5118 ope
2683 5046 2943 5110 devictis,
2980 5044 3077 5099 tibi
3115 5041 3224 5097 Deo
3256 5038 3499 5119 victoria:

1942 5140 2181 5206 auctori,
2225 5140 2473 5211 ejusdem
2516 5140 2761 5203 victoriae
2804 5136 2994 5192 brahia
3037 5130 3303 5189 attribuit.
3351 5128 3498 5183 Gau-

1941 5236 2136 5305 detque
2173 5233 2470 5290 admodum
2509 5232 2577 5290 et
2601 5232 2880 5295 exsultat,
2927 5228 3269 5284 inimicorum
3310 5221 3406 5277 abs
3446 5231 3499 5277 te

1940 5335 2164 5399 ereptus
2206 5327 2428 5383 insidiis
2450 5369 2466 5394 ,
2506 5341 2682 5399 neque
2721 5332 2931 5379 tantum
2962 5321 3030 5377 de
3058 5319 3231 5374 salute
3264 5329 3363 5370 sua
3400 5314 3493 5368 la:-

1940 5430 2105 5484 tatur,
2136 5428 2400 5489 quantum
2431 5418 2498 5474 de
2532 5419 2701 5472 misso
2729 5415 2827 5471 abs
2857 5423 2909 5469 te
2940 5400 3167 5496 salutari~
3196 5420 3317 5461 suo.
3358 5405 3497 5473 Cum

1939 5514 2081 5568 enim
2118 5512 2261 5567 idem
2292 5512 2532 5569 salutare
2556 5516 2711 5564 tuum
2744 5506 2973 5565 summis
2998 5501 3138 5557 votis
3171 5497 3458 5585 expetierit
3478 5534 3494 5560 ,

1939 5615 2100 5677 atque
2127 5605 2287 5661 labiis
2321 5608 2441 5677 ipse
2468 5605 2584 5661 suis
2604 5643 2618 5668 .
2645 5602 2845 5658 emiSsa
2878 5599 3188 5666 frequenter
3217 5592 3496 5653 oratione,

1937 5682 2038 5770 pro
2092 5697 2346 5753 salutaris
2395 5695 2637 5772 ejusdem
2678 5692 2911 5748 adventu
2940 5685 3037 5740 tibi
3080 5679 3499 5772 supplicaverit,

1941 5768 2282 5861 nequaquam
2307 5768 2660 5861 spelabetur,
2684 5797 2859 5855 neque
2884 5778 3035 5867 irrita
3058 5773 3351 5847 postulatio
3377 5768 3500 5841 ejus
