4302 6388
777 506 881 567 199

769 624 918 692 erit;
949 622 1060 677 imo
1086 619 1249 676 etiam
1270 624 1467 689 .optata
1497 619 1865 677 consecutus,
1894 606 2205 664 orationem
2234 601 2335 657 ite-
2366 606 2411 663 Α

771 723 896 766 tum
921 708 1157 765 emittet.

848 802 915 856 Et
966 815 1123 868 super
1168 796 1409 853 salutare
1464 803 1612 847 tuum
1662 786 1950 845 exsultabit
2003 784 2345 840 vehementer.

771 892 925 949 illum
958 892 1158 962 quippe
1188 887 1333 944 Deus
1362 899 1577 941 summo
1609 880 1808 949 gaudio
1836 876 2069 949 replebit
2089 914 2104 939 ,
2130 869 2348 943 quando

768 985 913 1048 facie
952 983 1022 1039 ad
1062 982 1259 1037 faciem
1293 980 1526 1051 gloriam
1561 975 1681 1045 ejus
1720 966 2083 1040 contemplari
2122 977 2349 1039 conces-

767 1079 922 1135 serit.
947 1074 1311 1143 Quamobrem
1343 1072 1418 1125 ait
1443 1066 1844 1142 Symmachus:
1878 1056 2200 1130 Ltt’tiﬁcabt's
2232 1072 2348 1109 eum

767 1172 823 1227 in
865 1168 1057 1244 gaudio
1097 1184 1129 1222 a
1171 1165 1319 1221 vultu
1364 1173 1474 1217 tuo.
1509 1160 1645 1214 Nam
1687 1160 1741 1213 in
1787 1164 2035 1225 tempore
2078 1149 2349 1222 iustiﬁca-

768 1240 970 1331 tionis,
1005 1259 1225 1333 quando
1259 1256 1430 1310 David
1469 1255 1612 1308 inter
1649 1266 1745 1306 eos
1788 1248 1881 1321 qui
1928 1246 2177 1301 salutem
2201 1240 2348 1297 nacti

685 1406 688 1412 λ
768 1364 900 1414 sunt
941 1354 1156 1410 medius
1202 1348 1549 1408 consistens,
1598 1342 1779 1412 magni
1826 1339 1991 1421 Regis
2023 1338 2232 1392 vultum
2264 1335 2351 1388 in-

768 1449 1039 1512 tuebitur,
1069 1453 1124 1500 et
1156 1455 1362 1498 corona
1411 1437 1478 1492 de
1520 1434 1701 1505 lapide
1740 1433 1983 1503 pretioso
2027 1436 2191 1500 caput
2227 1428 2348 1498 ejus

767 1541 1097 1604 ornabitur;
1134 1535 1311 1607 gloria
1354 1527 1870 1601 magniﬁcentiaque
1899 1524 2226 1587 decoratus,
2264 1521 2351 1576 di-

768 1636 896 1690 vino
921 1631 1123 1703 gaudio
1150 1635 1204 1683 et
1235 1623 1445 1680 caelesti
1476 1621 1661 1676 laetitia
1697 1616 2025 1689 replebitur.

837 1814 1003 1871 Vens.
1035 1813 1150 1869 3-7.
1188 1812 1520 1867 Desiderium
1549 1808 1722 1863 cordis
1751 1808 1865 1877 ejus
1912 1805 2143 1861 tribuisti
2176 1805 2247 1866 ei,
2274 1775 2338 1856 .et
2366 1810 2369 1813 '

767 1910 1030 1965 voluntate
1053 1907 1312 1961 labiorum
1342 1904 1454 1975 ejus
1484 1920 1588 1957 non
1615 1900 1883 1971 fraudasti
1916 1914 2053 1953 eum.
2082 1893 2340 1966 Diapsal-

767 2020 874 2057 tua.
906 1999 1168 2065 Quoniam
1192 1997 1491 2066 prwvenisti
1519 2010 1637 2048 eum
1668 1994 1723 2045 in
1749 1988 2193 2044 benedictionibus
2218 1983 2341 2039 dul-
2378 1972 2420 2028 Β

720 2137 729 2142 -
766 2092 1001 2158 (edinis,
1046 2086 1273 2160 posuisti
1314 2086 1368 2137 in
1412 2084 1583 2152 capite
1626 2079 1739 2148 ejus
1782 2091 2033 2132 coronam
2062 2072 2126 2128 de
2171 2072 2346 2143 lapide

765 2186 1013 2247 pretioso.
1058 2180 1234 2235 Vitam
1265 2176 1412 2247 petiit
1446 2191 1479 2228 a
1512 2184 1559 2228 te
1582 2215 1595 2237 ,
1643 2181 1691 2227 et
1720 2170 1956 2225 tribuisti
1984 2169 2031 2222 ei
2059 2165 2349 2237 longitudi-

767 2296 886 2336 nem
926 2279 1131 2331 dierum
1170 2275 1225 2326 in
1270 2269 1525 2343 sa'culntn
1567 2266 1772 2322 swculi.
1825 2263 2027 2333 Magna
2068 2270 2143 2316 est
2175 2260 2347 2331 gloria

766 2373 881 2443 ejus
918 2372 975 2424 in
1014 2366 1245 2423 salutari
1285 2376 1409 2429 tuo,
1450 2362 1675 2431 gloriam
1710 2368 1760 2414 et
1818 2372 2067 2427 magnum
2108 2354 2348 2408 decorem

768 2472 1001 2538 importes
1042 2480 1199 2533 super
1235 2477 1373 2516 eum.
1422 2457 1687 2525 Quoniam
1717 2454 1871 2508 dabis
1902 2468 2021 2506 eum
2054 2452 2109 2503 in
2142 2449 2350 2505 benedi-

766 2563 994 2618 ctionem
1021 2600 1035 2625 ,
1071 2567 1180 2614 etc.
1216 2553 1538 2609 Prmmissas
1573 2547 1763 2603 Davidi
1796 2544 2226 2616 pollicitationes
2254 2559 2350 2598 va-

768 2656 1029 2711 ticinatus
1048 2692 1065 2718 ,
1095 2654 1499 2718 consequenter
1525 2658 1747 2698 causam
1778 2631 1931 2694 allert
1956 2654 2054 2694 cur
2082 2639 2197 2694 hmc
2224 2653 2352 2694 cou-

768 2756 1062 2805 secuturus
1104 2745 1197 2800 sit.
1248 2739 1576 2811 Ecqmeuam
1625 2736 1717 2789 illa
1756 2748 1955 2799 causa,
1982 2732 2093 2787 nisi
2129 2747 2256 2803 spes
2289 2732 2347 2785 in

770 2838 1063 2895 Dominum
1083 2877 1097 2901 ,
1132 2848 1238 2907 qua
1270 2827 1704 2887 misericordiam
1738 2835 1932 2881 nactus
1953 2868 1968 2892 ,
2003 2840 2101 2896 spe
2130 2824 2220 2878 illa
2249 2837 2350 2879 sua

770 2947 805 2988 a
834 2932 942 2989 Deo
973 2931 1244 2987 altissimo
1272 2928 1398 2983 data
1427 2942 1539 2981 non
1581 2923 1829 2988 decidet,
1873 2936 2051 2992 neque
2090 2922 2146 2974 in
2192 2918 2350 2974 ﬁrmo

769 3026 864 3081 illo
892 3040 957 3080 ac
983 3023 1161 3080 solido
1190 3030 1337 3079 statu
1366 3016 1698 3075 lluctuabit?
1744 3012 1885 3069 Nam
1915 3028 2031 3083 spes
2076 3028 2179 3066 non
2226 3025 2350 3063 con-

770 3120 950 3190 fundit
980 3120 1049 3175 ".

844 3215 1013 3273 Vens.
1053 3212 1123 3277 9,
1164 3211 1250 3266 10.
1295 3206 1610 3263 Inveniatur
1639 3218 1831 3258 manus
1863 3209 1955 3266 tua
1989 3196 2230 3254 omnibus
2257 3196 2355 3250 ini-

1471 496 1743 557 EUSEBlI
1779 487 2264 552 CESARIENSIS
2303 444 2455 544 OPi’.
2498 485 2677 542 PARS
2710 485 2803 542 Ill.
2841 515 2906 525 —
2946 480 3358 539 EXEGETICA.

2439 602 2557 655 οὐδὲ
2591 598 2983 672 στερηθήσεται
3011 596 3104 651 τοῦ
3141 597 3439 667 αίτήματος
3464 632 3481 658 ,
3537 590 3671 647 ἀλλὰ
3720 592 3837 645 κατ’

3910 475 4025 532 200

2449 696 2613 767 εὐχὰς
2641 691 3217 766 παρέξειτευξόμενος
3240 690 3342 759 τῆς
3372 686 3682 757 ἑπιθυμίας.

2515 789 2623 844 Kal
2653 789 2749 841 ἐπὶ
2771 787 2849 854 τῷ
2863 788 3131 856 σωτηρίῳ
3158 801 3275 839 σου
3303 780 3730 854 ἁμιλλήσεται
3762 779 4027 851 σφόδρα.

2447 882 2739 954 Εὐφραίνει
2759 879 2867 952 γὰρ
2890 880 3048 933 αὑτὸν
3068 921 3083 945 ,
3111 878 3297 949 φησὶν,
3320 879 3347 929 ὁ
3369 876 3501 939 Θεὸς
3522 876 3579 928 ἐν
3605 875 3747 945 χαρᾷ
3763 914 3776 935 ,
3800 871 4032 927 ἐπειδὰν

2449 976 2737 1047 πρόσωπον
2790 974 2925 1045 πρὸς
2955 972 3243 1044 πρόσωπον
3274 969 3373 1041 τῆς
3400 967 3565 1023 αὐτοῦ
3594 966 3751 1038 δόξης
3780 967 4032 1037 ἑπότττην

2448 1070 2607 1123 αὑτὸν
2634 1069 3061 1139 καταστήσηται.
3092 1065 3185 1119 Διό
3215 1082 3380 1135 φησιν
3409 1064 3439 1117 ὁ
3469 1062 3765 1133 Σύμμαχος
3785 1079 3798 1091 ·
3836 1063 4032 1129 Χαρο-

2447 1161 2721 1228 ποιήσεις
2753 1159 2938 1214 αὐτὸν
2963 1158 3034 1211 ὲν
3076 1156 3422 1225 εὐφροσύνῃ
3462 1154 3621 1221 παρά
3649 1150 3755 1205 τοῦ
3796 1146 4034 1219 προσώ-

2449 1273 2565 1309 που
2605 1269 2739 1308 σου.
2800 1250 2889 1321 Τῷ
2923 1249 3032 1321 γὰρ
3064 1247 3239 1319 καιρῷ
3262 1246 3363 1300 τοῦ
3390 1242 3773 1315 δικαιωτηρίου
3802 1281 3817 1306 ,
3873 1242 4033 1294 ἐπει-

2447 1348 2542 1401 δὰν
2566 1346 2628 1400 τὸ
2662 1344 2952 1417 πρόσωπον
2978 1340 3072 1396 τοῦ
3107 1340 3340 1413 μεγάλου
3373 1338 3632 1407 βασιλέως
3666 1336 3827 1407 μέσος
3856 1332 4035 1397 ἑστὼς

2448 1441 2477 1494 ὁ
2503 1438 2665 1493 Δαυῖδ
2696 1437 2805 1490 τῶν
2832 1435 3151 1507 σωζομένων
3178 1433 3422 1486 θεάσοιτο
3448 1472 3462 1495 ,
3488 1431 3581 1483 καὶ
3608 1430 3685 1500 τῷ
3706 1429 3873 1500 τιμίῳ
3898 1426 4037 1498 λίθῳ

2447 1532 2547 1605 τὴν
2578 1529 2817 1601 κεφαλὴν
2842 1528 3195 1599 ἐστεμμένος,
3225 1525 3352 1599 δόξῃ
3374 1542 3433 1577 τε
3464 1524 3556 1576 καὶ
3581 1519 4036 1594 μεγαλοπρεπείᾳ

2450 1623 2859 1695 κεκοσμημένος
2878 1663 2892 1685 ,
2928 1620 3111 1675 ὲνθέου
3137 1621 3310 1693 χαρᾶς
3364 1617 3459 1672 καὶ
3483 1616 3733 1689 οὐρανίου
3764 1610 4037 1686 εὐφροσύ-

2450 1734 2546 1788 νης
2586 1716 3028 1791 πληρωθήσεται.

2525 1809 2643 1880 Τὴν
2660 1790 2978 1879 ἐπιθυμίαν
2998 1806 3111 1876 τῆς
3131 1805 3373 1877 καρδίας
3399 1802 3585 1860 αὐτοῦ
3604 1803 3829 1868 ἔδωκας
3847 1790 4061 1865 αὐτῷ.

2453 1905 2550 1959 καὶ
2577 1904 2692 1973 τὴν
2717 1901 2933 1971 δέησιν
2952 1899 3070 1954 τῶν
3091 1899 3339 1969 χειλέων
3360 1896 3544 1952 αὑτοῦ
3565 1899 3675 1951 οὐκ
3695 1895 4033 1963 ἐστέρησας

2447 2000 2651 2052 αὐτόν.
2673 1994 3006 2063 Διάψαλμα.
3025 1995 3151 2046 Ὅτι
3173 1992 3555 2061 προέζοθασας
3573 1989 3759 2045 αὐτὸν
3778 1990 3847 2043 ἐν
3861 1990 4041 2042 εὐλο-

2447 2091 2603 2161 γίαις
2630 2088 3041 2159 χρηστότητος
3060 2124 3075 2146 ,
3106 2086 3326 2153 ἔθηκας
3358 2083 3457 2137 ἐπὶ
3483 2083 3597 2152 τὴν
3622 2079 3903 2153 κεφαλὴν
3928 2082 4041 2136 αὐ-

2446 2183 2554 2237 τοῦ
2577 2180 2882 2251 στέφανον
2902 2181 2970 2233 ἐκ
2996 2181 3170 2234 λίθου
3192 2178 3405 2239 τιμίου.
3450 2176 3622 2239 Ζωὴν
3642 2175 3916 2242 ᾐτήσατό
3938 2187 4037 2237 σε,

2448 2274 2550 2329 καὶ
2605 2273 2834 2340 ἔδωκας
2882 2263 3044 2338 αὐτῷ
3083 2271 3431 2342 μακρότητα
3458 2265 3692 2339 ἡμερῶν
3726 2269 3809 2333 είς
3849 2265 4042 2320 αἰῶνα

2446 2362 2683 2430 αἰῶνος.
2712 2360 2954 2431 Μεγάλη
2977 2362 3016 2431 ἠ
3036 2358 3187 2427 δόξα
3207 2360 3391 2414 αὐτοῦ
3412 2360 3481 2412 ἐν
3501 2356 3582 2423 τῷ
3600 2359 3873 2427 σωτηρίῳ
3893 2374 4016 2412 σου
4035 2408 4044 2421 ,

2447 2458 2635 2524 δόξαν
2665 2458 2761 2511 καὶ
2806 2454 3327 2528 μεγαλοπρέπειαν
3355 2450 3665 2518 ἐπιθήσεις
3694 2452 3785 2504 ἐπ’
3820 2450 4035 2505 αὐτόν.

2453 2552 2572 2607 Ὅτι
2629 2550 2843 2617 δώσεις
2894 2547 3055 2613 αὐτῷ
3110 2547 3417 2617 εὐλογίαν.
3482 2544 3594 2607 Τὰς
3648 2542 4042 2614 προλεχθείσας

2449 2642 2784 2713 ἐπαγγελίας
2818 2639 3079 2703 θεσπίσας
3110 2641 3138 2691 ό
3171 2638 3329 2706 λόγος
3362 2634 3439 2707 τῷ
3468 2633 3640 2687 Δαυῒδ
3667 2674 3681 2698 ,
3730 2629 4041 2693 ἀκολούθως

2449 2736 2546 2809 τὴν
2576 2736 2755 2790 αἰτίαν
2804 2733 3046 2788 διδάσκει
3099 2732 3169 2809 δι’
3200 2731 3267 2803 ἢν
3294 2730 3401 2783 τῶν
3448 2728 3717 2783 τοσούτων
3764 2721 4039 2791 τεύξεται.

2451 2804 2547 2895 Τίς
2578 2829 2634 2883 δὲ
2671 2824 2739 2902 ἦν
2771 2830 2804 2900 ἡ
2843 2828 2993 2882 αἰτία
3025 2804 3139 2881 ἀλλ’
3170 2824 3323 2887 ἐλπὶς
3361 2827 3393 2894 ἡ
3426 2823 3519 2876 ἐπὶ
3556 2822 3646 2875 τὸν
3686 2820 3888 2891 Κύριον
3914 2857 3931 2882 ,
3971 2818 4041 2873 δι’

2448 2925 2517 2997 ῆν
2548 2924 2697 2978 ἐλέου
2735 2920 2933 2994 τυχὼν,
2974 2919 3075 2989 τῆς
3105 2917 3258 2990 παρὰ
3282 2915 3414 2971 Θεοῦ
3444 2914 3539 2969 τοῦ
3570 2913 3794 2985 ὑψίστου
3823 2910 4043 2975 ἐλπίδος

2450 3019 2551 3073 οὐκ
2585 3008 2971 3077 ἀποπεσεῖται,
3012 3012 3131 3066 οὐδὲ
3161 3009 3553 3081 σαλευθήσεται
3578 3008 3678 3080 τῆς
3716 3004 4042 3077 ἐρρωμένης

2450 3112 2654 3182 ταύτης
2686 3110 2968 3173 στάσεως;
3012 3109 3081 3161 ἸΙ
3108 3105 3216 3178 γὰρ
3244 3104 3421 3170 ἐλπίς
3452 3105 3524 3158 οὐ
3558 3094 3969 3168 καταισχύνει.

2526 3204 2806 3273 Εὐρεθείη
2832 3204 2872 3271 ἠ
2903 3202 3032 3270 χείρ
3068 3214 3183 3254 σου
3215 3197 3364 3254 πᾶσι
3392 3196 3517 3263 τοῖς
3551 3193 3785 3265 ἐχθροῖς
3811 3209 3929 3248 σου
3952 3231 3969 3257 ,
3999 3191 4041 3261 ἡ

770 3309 923 3365 micis
969 3306 1073 3361 tuis
1094 3346 1111 3372 ,
1153 3302 1374 3356 Λέπτει-α
1419 3309 1510 3352 tua
1541 3295 1770 3361 inveniat
1814 3309 1992 3347 omnes
2025 3291 2115 3363 qui
2149 3299 2196 3343 te
2225 3288 2353 3342 ode-
2382 3337 2387 3372 ‘

2456 3298 2627 3364 δεξιά
2659 3314 2774 3352 σου
2794 3296 2955 3364 εὕροι
2983 3293 3211 3359 πάντας
3237 3291 3381 3357 τοὺς
3406 3286 3740 3360 μισοῦντας
3764 3299 3858 3357 σε.
3922 3281 4042 3351 Θήο

771 3409 915 3459 runt.
948 3398 1116 3453 Panes
1141 3412 1227 3450 eos
1257 3406 1315 3447 ut
1347 3392 1617 3446 clibanum
1646 3389 1803 3460 ignis,
1840 3387 1894 3440 in
1922 3396 2149 3455 tempore
2179 3382 2352 3451 vultus

772 3496 895 3552 tui:
928 3491 1185 3547 Dominus
1217 3488 1267 3541 in
1300 3488 1379 3540 ira
1414 3501 1513 3540 sua
1540 3479 1879 3537 conturbabit
1908 3496 1996 3535 eos
2017 3519 2032 3541 ,
2062 3486 2112 3533 et
2141 3476 2354 3532 (levara-

772 3589 848 3645 bit
881 3603 969 3644 eos
1012 3582 1169 3656 ignis.
1215 3580 1307 3636 Sic
1350 3577 1517 3634 Deum
1548 3576 1908 3646 alloquuntur
1930 3572 2025 3643 qui
2056 3584 2246 3643 preces
2275 3569 2356 3625 ef-

776 3681 1050 3743 fundunt,
1085 3692 1150 3732 ac
1181 3676 1226 3731 si
1258 3674 1547 3731 dicerent:
1596 3668 1826 3724 Etiamsi
1872 3667 1909 3721 ii
1950 3660 2045 3738 qui
2093 3680 2217 3722 sese.
2256 3664 2355 3719 tibi

771 3775 885 3831 Deo
916 3773 1167 3828 inimicos
1200 3769 1645 3831 constituerunt,
1676 3765 1887 3833 animas
1917 3762 2015 3818 tibi
2064 3760 2315 3816 addictas
2336 3799 2351 3825 ,

775 3883 987 3925 necnon
1041 3873 1265 3921 sanctos
1320 3876 1511 3917 omnes
1564 3860 1621 3915 in
1674 3856 1880 3913 familia
1933 3863 2028 3912 tua
2083 3853 2355 3923 ascriptos

772 3958 1127 4032 oppugnandi
1189 3958 1349 4012 linem
1400 3969 1512 4010 non
1570 3950 1827 4018 faciunt;
1878 3940 1938 4005 at
1984 3946 2355 4007 inevitabilem

774 4067 1000 4108 manum
1043 4059 1098 4106 et
1141 4051 1403 4105 invictam
1444 4048 1706 4101 virtutem
1755 4051 1905 4099 tuam
1936 4056 2044 4097 non
2072 4039 2354 4111 ellngient.

776 4145 1055 4202 Hactenus
1096 4144 1242 4200 enim
1286 4141 1415 4197 dum
1462 4140 1858 4211 permittuntur
1899 4136 2109 4194 inimici
2157 4135 2237 4189 illi
2276 4130 2357 4186 tui

776 4238 1009 4294 athletas
1051 4244 1176 4291 tuos
1222 4233 1561 4296 exercitare.
1592 4231 1733 4286 altos
1771 4236 2060 4288 assumunt
2103 4228 2353 4298 spiritus.

774 4330 1048 4403 Caterum
1102 4342 1230 4383 cum
1274 4326 1312 4381 ii
1361 4323 1425 4379 ad
1471 4323 1636 4378 breve
1686 4330 1903 4393 tempus
1946 4320 2354 4393 superbierint,

778 4440 890 4479 non
919 4422 1011 4479 diu
1042 4426 1232 4494 postea
1262 4426 1460 4472 manus
1492 4422 1584 4469 tua
1616 4412 1987 4485 deprehendet
2015 4428 2111 4469 eos
2133 4453 2150 4480 ,
2176 4426 2241 4466 ac
2272 4408 2359 4464 fu.
2404 4464 2407 4467 λ

774 4517 989 4590 gientes
1032 4515 1254 4595 dextera
1304 4518 1397 4566 tua
1449 4507 1781 4578 intercipiet.
1829 4506 1971 4572 Quid
2023 4520 2187 4577 porro
2236 4509 2360 4575 aget

774 4627 898 4671 cum
928 4605 1393 4684 apprehenderit?
1421 4604 1595 4661 Panes
1622 4618 1710 4659 eos
1740 4609 1796 4655 ut
1826 4600 2098 4654 clibanum
2129 4598 2265 4671 ignis
2299 4599 2353 4651 in

2460 3407 2593 3457 σεις
2642 3388 2863 3454 αὐτοὺς
2904 3388 2985 3452 ὠς
3034 3386 3330 3460 κλίϐανον
3358 3379 3548 3448 πυρὸς
3573 3380 3661 3445 είς
3694 3368 3916 3445 καιρόῨ
3934 3374 4042 3431 τοῦ

2461 3483 2783 3554 προσώπου
2804 3497 2939 3536 σου.
2973 3479 3185 3547 Κύριος
3204 3478 3273 3530 ἐν
3294 3474 3441 3545 ὀργῇ
3465 3471 3652 3526 αὑτοῦ
3677 3467 4041 3537 συνταράξει

2461 3578 2681 3645 αὐτοὺς
2701 3618 2714 3640 ,
2746 3576 2843 3631 καὶ
2876 3572 3269 3643 καταφιίγεται
3301 3568 3523 3635 αὐτοὺς
3554 3569 3586 3621 ό
3619 3564 3759 3634 πῦρ.
3809 3563 4042 3632 Λέγεται

2460 3671 2632 3732 ταῦτα
2662 3669 2795 3743 πρὸς
2822 3668 2911 3723 τὸν
2939 3667 3070 3721 Θεὸν
3102 3664 3208 3719 ὑπὸ
3232 3662 3339 3717 τῶν
3362 3661 3461 3733 τὴν
3494 3660 3657 3731 εὐχὴν
3686 3657 4040 3727 ἀναπεμπόν-

2461 3784 2588 3831 των,
2611 3765 2658 3819 οἳ
2676 3767 2770 3819 καὶ
2786 3761 2948 3835 φασίν
2970 3779 2981 3791 ·
3000 3761 3049 3814 εί
3066 3760 3159 3814 καὶ
3177 3757 3242 3813 τὰ
3261 3756 3493 3829 μάλιστα
3509 3755 3557 3808 οἱ
3574 3752 3798 3815 ἑαυτοὺς
3813 3749 3905 3821 ὲχθ
3914 3749 4041 3819 ρους

2464 3859 2547 3913 σοὶ
2561 3858 2636 3932 τῷ
2652 3858 2768 3929 Θεῷ
2785 3855 3245 3925 καταστήσαντες,
3266 3850 3363 3913 τὰς
3381 3845 3745 3916 ἀνακειμένας
3765 3860 3848 3896 σοι
3862 3842 4043 3913 ψυχὰς

2462 3952 2557 4006 καὶ
2606 3952 2733 4016 τοὺς
2790 3950 2977 4018 ἁγίους
3008 3945 3215 4007 πάντας
3245 3941 3371 4003 τούς
3399 3956 3481 3993 σοι
3520 3935 4044 4010 προσῳκειωμένους

2462 4045 2655 4100 ἑκπολε
2666 4040 2891 4116 μοῦντες
2911 4040 2971 4094 οὗ
2995 4037 3292 4091 παύονται·
3318 4031 3432 4087 ἀλλ’
3453 4030 3514 4084 ού
3534 4027 3913 4098 διαφεύξονται
3944 4026 4045 4097 τὴν

2463 4138 2704 4210 ἄφυκτόν
2753 4154 2844 4192 σου
2891 4135 3049 4206 χεῖρα
3093 4128 3189 4185 καὶ
3225 4127 3324 4199 τὴν
3358 4116 3623 4197 ἀήττητόν
3666 4136 3758 4174 σου
3790 4118 4041 4189 δύναμιν.

2464 4209 2613 4295 Τέως
2648 4229 2746 4301 μὲν
2774 4227 2884 4297 γὰρ
2918 4227 2998 4289 είς
3029 4223 3151 4277 ὅσον
3178 4216 3474 4290 γυμνάζειν
3502 4214 3629 4277 τοὺς
3660 4212 3787 4274 σοὺς
3810 4209 4047 4272 οἰκείους
4146 4222 4147 4227 ‘

2462 4298 2659 4393 ὥσπερ
2679 4320 2915 4390 ἀθλητὰς
2939 4314 3327 4387 ἐπετράπησαν
3353 4310 3402 4363 οἱ
3426 4304 3611 4380 ἐχθροί
3636 4320 3730 4358 σου
3750 4342 3765 4366 ,
3797 4298 4050 4393 ἐπαίρον-

2462 4428 2586 4466 ται·
2623 4391 2781 4481 πλὴν
2834 4408 2969 4480 πρὸς
3016 4404 3196 4475 ὀλίγον
3241 4398 3579 4473 ἐπαρθέντας
3607 4394 3805 4457 αὐτοὺς
3832 4392 3933 4447 οὐκ
3964 4391 4047 4465 εἰς

2468 4501 2684 4578 μακρὰν
2773 4501 2843 4572 σὴ
2879 4500 2999 4571 χεὶρ
3025 4494 3419 4568 καταλήψεται,
3445 4490 3538 4546 καὶ
3568 4490 3602 4560 ἡ
3638 4486 3705 4557 σὴ
3731 4482 3878 4550 δεξιὰ
3910 4480 4045 4552 φεύ-

2464 4575 2659 4669 γοντας
2682 4593 2957 4669 θηρεύσει.
2985 4592 3049 4646 Τί
3070 4591 3126 4646 δὲ
3148 4592 3362 4660 ποιήσει
3390 4580 3802 4645 καταλαϐοῦσα;
3828 4575 4046 4644 Θήσεις

776 4667 1204 4775 temporelvultus
1243 4701 1341 4757 tui.
1370 4698 1586 4755 Etenim
1623 4710 1735 4768 quo
1766 4703 2011 4766 tempore
2043 4667 2354 4763 resplende-

2460 4667 2682 4758 αὐτοὺς
2810 4687 3098 4742 κλίϐανον
3122 4682 3312 4752 πυρὸς
3333 4682 3421 4747 εις
3446 4675 3654 4746 καιρὸν
3674 4672 3781 4729 τοῦ
3808 4667 4044 4771 expernit:

774 4797 860 4871 bit
881 4796 1065 4867 vultus
1099 4794 1189 4849 ille
1219 4781 1385 4854 tuus,
1416 4807 1533 4863 quo,
1560 4789 1772 4845 scilicet
1799 4800 2027 4857 regnum
2060 4793 2212 4839 tuum
2244 4796 2359 4836 ma-

775 4888 1065 4946 nilestabis
1091 4928 1107 4955 ,
1136 4884 1357 4941 eosdem
1391 4884 1484 4953 qui
1537 4883 1641 4937 sibi
1685 4880 1822 4954 ipsis
1863 4877 2126 4949 nequitia:
2174 4879 2356 4949 ignem

776 4980 1152 5046 advexerunt,
1193 4977 1456 5033 meritum
1504 4974 1609 5030 sibi
1651 4973 1981 5046 supplicium
2025 4971 2360 5027 succendere

777 5076 949 5149 facies
974 5117 987 5141 ,
1012 5075 1088 5130 ita
1138 5079 1198 5127 ut
1231 5072 1447 5125 libanus
1476 5067 1617 5139 ignis
1645 5067 2001 5139 sibimetipsis
2029 5057 2355 5122 elﬁciantur.

775 5170 970 5240 Qualia
1005 5169 1132 5223 item
1163 5164 1447 5236 patiuntur
1474 5161 1567 5233 qui
1602 5161 1655 5215 in
1685 5161 2042 5231 mgritudiue,
2089 5171 2356 5231 corporea

781 5263 919 5319 febri
952 5262 1245 5317 laborant:
1280 5258 1498 5313 nemine
1536 5255 1739 5328 quippe
1780 5255 2125 5311 extrinsecus
2173 5254 2357 5326 ignem

779 5355 1135 5419 admovente,
1170 5352 1223 5407 in
1254 5366 1313 5405 se
1345 5350 1480 5420 ipsis
1511 5350 1692 5421 ignem
1726 5344 1928 5401 fovent.
1966 5346 2168 5402 Eodem
2204 5359 2361 5416 pror-

767 5463 879 5504 ‘sus
905 5449 1068 5504 modo
1098 5446 1356 5502 inimicos
1388 5453 1510 5499 tuos
1534 5483 1548 5504 .
1580 5440 1797 5513 inquit,
1832 5448 1996 5511 atque
2025 5456 2121 5497 eos
2161 5440 2257 5511 qui
2309 5446 2362 5493 te

780 5542 1047 5607 oderunt,
1071 5558 1243 5615 pones
1272 5547 1331 5596 ut
1370 5539 1651 5595 clibanum
1679 5534 1843 5609 ignis.
1890 5520 2260 5603 Quamobrem
2292 5534 2362 5590 iis

780 5636 1036 5696 dicetur:
1088 5637 1366 5694 Procedite
1413 5632 1483 5690 ad
1535 5634 1713 5689 lumen
1757 5632 1895 5706 ignis
1955 5632 2144 5703 vestri,
2193 5640 2245 5688 et
2290 5627 2360 5685 ad

779 5728 1056 5805 ﬂammam
1082 5750 1241 5805 quam
1273 5727 1617 5790 succendistis
1645 5728 1711 5782 ".

829 5822 1021 5895 ,γεμὴ
1063 5826 1151 5883 ﬂ.
1197 5822 1456 5880 Fructum
1484 5836 1665 5877 eorum
1693 5818 1758 5877 de
1785 5829 1927 5875 terra
1953 5814 2137 5889 perdes
2158 5828 2250 5888 ,τε
2278 5833 2361 5874 se-

852 6007 901 6047 ”
929 6006 1091 6081 Rom.
1140 6024 1200 6076 tv,
1236 6007 1290 6064 5.
1366 6007 1411 6040 "
1454 6006 1558 6062 lsa.
1598 6020 1662 6069 ι,
1703 6002 1790 6058 ll.

2462 4801 2579 4840 που
2619 4799 2755 4838 σου.
2810 4782 2898 4835 Ἐν
2940 4777 3019 4850 τῷ
3067 4768 3246 4848 καιρῷ
3282 4774 3393 4846 γὰρ
3430 4771 3528 4843 τῆς
3563 4764 3917 4838 ἑπιλάμψεως
3947 4758 4044 4817 τοῦ

2461 4876 2755 4953 προσώπου
2808 4892 2933 4940 σου,
2988 4874 3045 4926 ἑν
3071 4864 3117 4940 ᾧ
3148 4869 3247 4943 τὴν
3294 4863 3493 4921 σαυτοῦ
3520 4858 3715 4926 δείξεις
3746 4854 4043 4928 βασιλείαν,

2462 4973 2660 5034 αὐτοὺς
2694 4971 2903 5031 ἑαυτοῖς
2933 4966 2995 5020 τὸ
3024 4957 3125 5037 τῆς
3161 4961 3358 5023 κακίας
3384 4955 3495 5025 πῦρ
3524 4950 3861 5017 συνάξαντας
3882 4986 3897 5005 .
3947 4946 4045 5020 τὴν

2462 5066 2582 5121 καθ’
2632 5062 2839 5120 ἑαυτῶν
2892 5060 3112 5115 κόλασιν
3143 5054 3337 5123 ἐξάψαι
3376 5051 3653 5119 ποιήσεις·
3716 5044 3865 5107 ὅπως
3892 5042 4047 5096 αὐτοὶ

2460 5160 2675 5221 ἑαυτοῖς
2697 5154 2946 5217 κλίϐανος
2974 5150 3143 5223 πυρὸς
3168 5146 3424 5217 γένοιντο.
3462 5140 3650 5194 Ὀποία
3674 5135 3973 5206 πάσχουσιν
3998 5134 4048 5187 οἱ

2406 5286 2409 5287 ν
2461 5254 2520 5306 ὲν
2551 5254 2671 5316 ταῖς
2710 5232 2886 5313 νόσοις
2917 5245 2979 5299 τὸ
3032 5242 3192 5312 σῶμα
3231 5237 3624 5311 πυρέττοντες·
3678 5227 3905 5303 μηδενὸς
3938 5226 4048 5300 γὰρ

2463 5345 2661 5413 ἔξωθεν
2690 5341 3047 5402 ύποιιαίοντος
3068 5376 3083 5401 ,
3110 5334 3259 5390 ἔνδον
3284 5331 3346 5386 τὺ
3370 5328 3483 5403 πῦρ
3509 5326 3568 5395 ἐξ
3590 5324 3798 5382 ἑαυτῶν
3824 5323 4049 5392 ἐπάγον-

2463 5456 2573 5495 ται.
2601 5438 2790 5502 Οὕτως
2812 5432 2903 5491 οὖν
2929 5432 3024 5489 καὶ
3048 5430 3173 5494 τοὺς
3194 5425 3420 5500 ἐχθρούς
3441 5438 3539 5483 σου
3567 5421 3661 5479 καὶ
3686 5421 3813 5486 τοὺς
3838 5414 4055 5490 μισοῦνσ

2466 5537 2567 5601 τὰς
2592 5552 2652 5591 σε
2672 5576 2687 5598 ,
2728 5531 2864 5606 φησὶ
2888 5570 2902 5596 ,
2937 5528 3125 5600 θήσεις
3154 5524 3230 5587 ὡς
3260 5520 3512 5577 κλίϐανον
3541 5517 3736 5592 πυρός.
3801 5512 3894 5568 Διὸ
3922 5510 4048 5606 122(-

2464 5628 2691 5701 θήσεται
2720 5601 2858 5700 πρὸς
2878 5620 3073 5687 αὐτούς
3089 5638 3100 5650 ·
3118 5618 3455 5688 Πορεύεσθε
3469 5613 3548 5681 τῷ
3566 5611 3714 5685 φωτί
3732 5608 3839 5665 τοῦ
3856 5601 4050 5695 πυρὸς

2465 5721 2653 5793 ὑμῶν,
2682 5721 2782 5776 καὶ
2817 5717 2891 5789 τῆ
2914 5716 3091 5788 φλογὶ
3111 5706 3153 5790 ᾗ
3178 5713 3570 5780 ἐξεκαύσατκ.
3828 5790 3838 5793 Α
3971 5762 4001 5793 _,

2544 5816 2654 5873 Τὸν
2682 5787 2913 5886 καρπὸν·
2942 5787 3271 5868 αὺτύκνὰπὸ
3294 5805 3408 5879 τῆς
3431 5797 3680 5866 ἀπολεῖς
3698 5835 3714 5864 ,
3743 5790 3844 5853 καὶ
3863 5787 4050 5861 σιφ-
