4302 6412
297 520 393 574 201

1425 521 1932 580 COMMENTARIA
1967 522 2033 577 IN
2072 517 2409 579 PSALMOSL

3436 521 3541 580 9.09.

293 650 372 696 ua
393 636 594 691 αὐτῶν
616 637 736 693 ἀπὸ
765 636 911 692 υἱῶν
937 637 1280 707 ἀνθρώπων.
1309 639 1557 710 Διαδοχαὶ
1577 640 1684 713 γὰρ
1709 641 1868 710 γεγὸ-
1895 661 1942 718 Α
1973 658 1992 694 ι

1844 671 1868 681 -
1895 661 1942 718 Α
1973 657 2089 694 men
2130 657 2311 694 eorum
2349 657 2381 692 a
2429 638 2558 708 ﬁliis
2587 636 2873 692 hominum.
2907 638 3201 710 lmpiorum
3229 640 3542 697 atheorum-

295 744 411 781 νασι
445 727 656 800 μυρίων
687 729 899 784 ἀσεϐῶν
938 730 1032 783 καὶ
1063 729 1237 784 ἀθέων
1262 730 1470 801 ἀνδρῶν
1493 747 1506 760 ο
1533 731 1791 796 πολλάκις
1820 727 1876 786 δὲ

293 821 383 874 καὶ
424 821 674 892 πονηρῶν
729 823 978 895 πατέρων
1010 815 1114 878 υἱοὶ
1148 824 1421 888 θεοσεϐεῖς
1468 825 1563 877 καὶ⁸
1608 825 1878 896 θεοφιλεῖς

293 913 708 986 ἀπεφάνθησαν,
757 916 986 989 Σπέρμα
1007 918 1062 989 δὲ
1091 915 1196 970 τῶν
1216 916 1506 986 ἀθέωνςκαὶ
1536 917 1743 988 καρπὸς
1770 917 1877 972 τῶν

295 1004 530 1072 ἀσεϐῶν,
550 1007 598 1060 οἰ
612 1005 761 1074 λόγοι
783 988 962 1060 αὐτῶν
987 988 1081 1062 έαι
1106 1008 1162 1060 αἱ
1182 1007 1523 1062 διδασκαλίαι
1549 1007 1644 1062 και
1663 1009 1728 1061 τὰ
1747 1009 1879 1064 ἄθεα

290 1099 536 1170 δόγματα
561 1138 576 1164 ,
640 1099 778 1172 μετὰ
832 1099 930 1171 τὴν
962 1100 1214 1171 τελευτὴν
1248 1100 1428 1155 αὐτῶν
1480 1101 1537 1154 ἐν
1571 1102 1877 1173 ἀνθρώποις

290 1190 672 1260 ἀποφανθέντα
691 1233 706 1257 ,
727 1183 1002 1263 τυγχάνει.
1038 1193 1100 1244 ’Δ
1127 1191 1192 1263 δὴ
1215 1193 1290 1256 ὡς
1312 1193 1514 1262 ἀγαθὸς
1537 1197 1566 1248 ὁ
1585 1195 1715 1258 Θεὸς
1737 1197 1880 1250 ἀπω-

291 1281 410 1354 λείᾳ
461 1284 556 1338 καὶ
584 1283 880 1356 ἀφανισμῷ
909 1284 1274 1357 παραδίδωσιν
1299 1303 1313 1315 ·
1373 1287 1459 1339 ἵνα
1493 1289 1632 1359 μήτε
1667 1289 1877 1362 καρπὸς

290 1374 398 1428 τῶν
417 1375 633 1429 ἀσεϐῶν
670 1379 807 1448 μήτε
843 1377 1062 1448 σπέρμα
1095 1377 1275 1431 αὐτῶν
1302 1379 1704 1451 περιλείπηται.

363 1467 493 1520 ὀτι
506 1468 758 1522 ἔκλιναν
775 1470 861 1534 είς
881 1468 955 1522 σὲ
968 1470 1130 1523 κακὰ
1145 1478 1165 1534 ,’
1181 1469 1598 1542 διελογίσαηο
1612 1475 1873 1541 βουλὰς,

290 1555 362 1622 ἂς
393 1559 465 1611 οὐ
493 1557 582 1628 μὴ
615 1557 907 1612 δύνωνται
940 1559 1188 1628 στῆσαι.
1254 1562 1382 1616 ’Ὁτι
1415 1563 1621 1632 θήσεις
1655 1567 1877 1633 αὐτοὺς

289 1648 500 1718 νῶτον,
517 1652 589 1705 ἐν
607 1651 729 1717 τοῖς
747 1653 1117 1720 περιλοίποις
1139 1671 1254 1708 σου
1273 1655 1606 1725 ἐτοιμάσεις
1617 1657 1684 1710 τὸ
1697 1661 1879 1726 πρόσ-

289 1754 452 1794 ωπον
509 1742 727 1797 αὐτῶν.
790 1743 958 1798 Πάλιν
1002 1745 1336 1818 παρατίθησι
1383 1747 1482 1818 τὴν
1508 1747 1686 1801 αἰτίαν
1709 1749 1775 1802 δι’
1811 1737 1878 1819 ἢν

287 1833 463 1888 ταῦτα
488 1834 798 1897 πείσονται,
835 1833 1008 1903 λέγων
1029 1852 1042 1866 ·
1075 1836 1194 1889 Ὅτι
1214 1836 1464 1892 έκλιναν
1486 1839 1572 1904 εἰς
1602 1838 1676 1891 σὲ
1702 1837 1874 1893 κακά.

304 1926 517 1981 Ἀντὶδὲ
537 1925 628 1981 τοῦ
649 1967 664 1992 ,
691 1928 982 1982 Ἕκλιναν
998 1967 1013 1991 ,
1036 1930 1064 1981 ὁ
1083 1927 1376 1999 Σύμμαχος
1395 1946 1409 1959 ο
1432 1930 1559 1983 Ὅτι
1580 1929 1878 1999 συνέςςρα-
1917 1943 1923 1949 ’

1979 742 2084 797 que
2133 727 2414 785 hominum
2469 727 2767 781 innumera:
2813 728 3186 784 successiones
3236 730 3432 785 luere:
3481 747 3543 785 ac

1979 819 2300 889 plerumque
2339 819 2554 886 evenit,
2599 826 2658 872 ut
2697 834 2762 874 ex
2808 818 3067 889 improbis
3100 821 3347 891 patribus
3377 823 3452 894 pii
3484 838 3547 877 ac

1979 913 2223 984 religiosi
2252 912 2344 966 ﬁlii
2379 913 2748 967 exorirentur.
2783 912 2886 968 Sed
2918 929 3101 969 semen
3131 915 3416 972 atbeorum
3437 957 3451 982 ,
3479 932 3547 973 ac

1979 1003 2198 1060 fructus
2239 1005 2529 1075 impiorum
2576 1013 2706 1060 sunt
2734 1005 2900 1061 verba
2921 1044 2937 1070 ,
2969 1004 3265 1071 doctrinae,
3295 1017 3350 1062 et
3379 1007 3544 1077 impia

1979 1097 2313 1153 documenta
2343 1096 2694 1160 eorumdem,
2727 1112 2849 1167 quae
2878 1105 3001 1167 post
3048 1097 3290 1167 ipsorum
3335 1100 3545 1171 obitum

1979 1208 2075 1262 per
2101 1192 2353 1246 homines
2383 1191 2833 1245 disseminantur.
2865 1189 3103 1260 Quasque
3130 1191 3336 1245 scilicet
3365 1191 3507 1247 Deus
3527 1234 3543 1260 ,

1981 1292 2166 1353 utpote
2190 1285 2365 1339 bonus
2387 1323 2401 1346 ,
2431 1284 2496 1338 de
2523 1282 2702 1337 medio
2729 1283 2872 1336 tollit
2901 1297 2965 1336 ac
2994 1282 3223 1352 dissipat
3249 1301 3262 1350 ;
3286 1291 3345 1336 ut
3373 1299 3549 1354 neque

1979 1376 2223 1440 fructus,
2260 1382 2438 1446 neque
2471 1390 2658 1430 semen
2689 1374 2982 1444 impiorum
3010 1373 3288 1429 residuum
3321 1375 3412 1430 sit.

2049 1468 2216 1525 Vens.
2257 1469 2341 1533 l2,
2377 1470 2464 1525 i5.
2511 1468 2777 1534 Quoniam
2805 1466 3197 1521 declinaverunt
3227 1467 3279 1520 in
3307 1476 3355 1521 te
3383 1467 3548 1532 mala,

1977 1565 2332 1632 cogitaverunt
2383 1561 2607 1615 consilia
2661 1577 2776 1628 qua:
2839 1576 2944 1612 non
2995 1567 3239 1628 poterunt
3291 1557 3546 1612 stabilire.

1979 1655 2240 1721 Quoniam
2283 1669 2440 1721 pones
2483 1669 2569 1706 eos
2612 1652 2863 1716 dorsum,
2896 1653 2950 1704 in
2981 1651 3218 1719 reliquiis
3261 1651 3363 1703 tuis
3411 1666 3551 1719 pra:-

1977 1746 2192 1817 parabis
2243 1745 2445 1800 vultum
2497 1760 2700 1798 eorum.
2757 1741 2968 1798 Rursus
3024 1756 3244 1798 causam
3285 1756 3387 1796 cur
3437 1742 3549 1797 haec

1979 1837 2293 1910 perpessuri
2329 1838 2440 1893 sint
2471 1835 2659 1900 atlert,
2697 1835 2782 1890 his
2817 1836 2998 1890 verbis
3034 1855 3045 1890 :
3083 1833 3347 1900 Quoniam
3379 1834 3550 1888 decli-

1981 1943 2236 1988 naverunt
2265 1932 2320 1985 in
2349 1941 2395 1984 te
2425 1930 2590 1984 mala.
2625 1928 2795 1998 Cujus
2822 1930 2942 1983 loco
2972 1927 3328 1999 Symmachus
3355 1946 3366 1981 :
3402 1927 3548 1993 Quo-

294 2019 410 2083 εαν
433 2018 586 2073 κατὰ
611 2019 728 2073 σοῦ
750 2022 835 2086 εἰς
863 2022 1071 2075 κακόν.
1100 2017 1167 2074 Εἰ
1189 2022 1297 2092 γὰρ
1320 2022 1411 2075 καὶ
1433 2021 1751 2092 ἀνθρώπους
1776 2022 1884 2075 ἐϐό-
1913 2029 1954 2084 Β
1982 2044 1993 2080 ι

1849 2023 1884 2075 5-
1913 2029 1954 2084 Β
1982 2027 2128 2080 niam
2162 2023 2580 2078 communierant
2611 2039 2665 2076 se
2693 2031 2876 2075 contra
2912 2030 2954 2074 te
2984 2021 3035 2073 in
3068 2019 3287 2074 malum.
3321 2018 3548 2074 Etiamsi

291 2130 419 2166 κουν
445 2112 698 2183 πολεμεῖν
719 2155 732 2178 ,
908 2115 1030 2168 ἐπεὶ
1059 2114 1132 2185 μὴ
1154 2116 1220 2168 δι’
1245 2114 1464 2184 εὔλογον
1493 2117 1671 2169 αἰτίαν
1691 2156 1705 2180 ,
1747 2116 1883 2187 μηδὲ
1906 2123 1911 2131 ’

255 2204 377 2260 ’διά
407 2223 527 2259 τινα
558 2205 758 2278 πρᾶξιν
787 2207 988 2261 ἄτοπον
1018 2207 1249 2272 ἐκείνοις
1282 2208 1633 2262 ἐπεϐούλευον
1662 2251 1677 2275 ,
1713 2210 1799 2264 διὰ
1824 2210 1880 2263 δὲ

294 2297 462 2368 μόνην
492 2297 591 2370 τὴν
614 2301 693 2363 εἰς
723 2300 782 2353 σέ
813 2301 1093 2354 εὐσέϐειαν
1114 2318 1126 2330 ·
1154 2301 1379 2365 εἰκότως
1405 2301 1548 2356 εἴποι
1581 2304 1645 2358 ἄν
1674 2321 1758 2368 τις
1783 2303 1880 2358 αύ-

290 2389 417 2452 τοὺς
467 2391 550 2442 σοὶ
581 2390 657 2461 τῷ
690 2390 809 2462 Θεῷ
840 2392 1348 2447 ἐπιϐεϐουλευκέναι
1369 2433 1384 2460 ,
1441 2396 1536 2462 καὶ
1568 2395 1748 2459 πάσας
1779 2396 1879 2460 τὰς

295 2483 543 2554 μηχανὰς
577 2483 644 2546 ἀς
671 2483 1059 2538 ἐϐουλεύσαντο
1097 2486 1236 2540 κατά
1268 2486 1378 2540 τῶν
1406 2486 1512 2541 σῶν
1549 2489 1709 2542 ὁσίων
1736 2489 1877 2542 κατά

293 2575 386 2629 σοῦ
409 2574 505 2629 τοῦ
535 2575 669 2629 Θεοῦ
709 2576 1150 2647 μεμηχανῆσθαι.
1186 2577 1275 2630 Διὸ
1303 2579 1368 2650 δὴ
1399 2578 1467 2632 τά
1498 2579 1866 2653 προλεχθέντα

291 2667 486 2731 αὐτοὺς
511 2668 883 2737 καταλήψεται
903 2685 916 2698 ο
939 2668 1059 2720 οὐδέ
1082 2667 1182 2732 τὰς
1207 2669 1304 2733 σάς
1325 2670 1607 2742 διαδράναι
1630 2672 1878 2742 δυνήσον-

291 2776 380 2814 ται
405 2763 612 2831 χεῖρας.
650 2762 712 2814 Οἱ
740 2761 837 2831 μὲν
857 2760 963 2831 γὰρ
988 2760 1338 2831 ἐμηχανῶντο
1358 2763 1451 2814 καὶ
1472 2764 1647 2816 πάντα
1672 2763 1875 2834 ἐπρατ-

293 2867 382 2902 τον
407 2849 553 2919 ἀθέῳ
577 2851 881 2922 φρονήματι
908 2852 1046 2904 κατά
1073 2850 1168 2903 σοῦ
1187 2851 1281 2903 τοῦ
1305 2853 1436 2906 Θεοῦ
1465 2853 1841 2924 βουλευόμενοι
1862 2869 1874 2882 ·

298 2946 360 2998 σὺ
381 2945 439 2998 δὲ
468 2946 664 3008 αὐτοὺς
687 2946 1048 3016 ἐπιστρόφους
1070 2945 1272 3010 ἐποίεις
1297 2947 1389 3000 καὶ
1412 2947 1658 3016 φυγάδας
1679 2988 1692 3013 ,
1716 2948 1791 3011 ὼς
1816 2945 1884 3000 τά

296 3038 441 3092 νῶτα
471 3042 818 3112 παραχωρεῖν
860 3040 1250 3111 ἐλαυνομένους
1285 3041 1390 3095 ὑπὸ
1421 3041 1523 3112 τῆς
1558 3043 1659 3114 σῆς
1691 3041 1882 3114 ὀργῆς.

1979 2119 2127 2174 enim
2158 2116 2474 2172 viderentur
2507 2105 2756 2168 homines
2791 2113 3134 2184 impugnare,
3193 2122 3242 2165 at
3279 2111 3406 2181 quia
3437 2127 3551 2168 non

1980 2208 2295 2267 rationabili
2325 2207 2394 2263 de
2423 2221 2828 2281 causa,lneque
2858 2206 2927 2260 ob
2958 2212 3226 2274 patratum
3257 2204 3550 2274 quodpiam

1980 2301 2197 2356 facinus
2229 2298 2458 2354 insidias
2489 2298 2622 2368 ipsis
2656 2298 2951 2368 parabant,
2986 2295 3081 2351 sed
3123 2302 3344 2366 propter
3384 2311 3551 2350 unam

1981 2409 2170 2449 eorum
2212 2406 2339 2462 erga
2381 2391 2779 2462 te‘pietatem;
2817 2388 2943 2458 jure
2985 2386 3241 2441 dicantur
3284 2395 3472 2440 contra
3499 2395 3552 2440 te

1983 2485 2163 2558 ipsum
2212 2483 2383 2538 Deum
2428 2480 2658 2537 insidias
2688 2480 2958 2536 struxisse
2980 2521 2994 2545 ,
3026 2495 3086 2533 ac
3117 2479 3552 2549 conspirationes

1983 2592 2174 2632 eorum
2229 2589 2422 2629 omnes
2481 2573 2743 2627 adversus
2801 2582 3022 2625 sanctos
3077 2583 3200 2625 tuos
3255 2570 3549 2634 conﬂatas,

1983 2676 2175 2722 contra
2209 2674 2260 2720 te
2292 2665 2462 2719 Deum
2507 2681 2694 2720 versas
2725 2665 2914 2718 fuisse.
2949 2662 3130 2730 Quare
3165 2664 3440 2733 pra’dictis
3474 2664 3551 2716 illi

1983 2757 2400 2828 intercipientur
2433 2757 2591 2810 malis
2612 2796 2625 2819 ,
2662 2772 2839 2825 neque
2870 2757 2980 2812 tuis
3013 2773 3070 2811 se
3105 2757 3413 2811 subducere
3439 2771 3554 2808 ma-

1979 2851 2141 2904 nibus
2191 2849 2470 2904 valebunt.
2515 2847 2598 2901 llli
2647 2848 2865 2917 quidem
2921 2848 3204 2902 machinas
3261 2862 3451 2901 omnes
3501 2855 3555 2900 et

1979 2941 2262 2996 molimina
2309 2941 2693 3004 intenderunt,
2752 2952 2914 3010 atque
2965 2940 3130 3010 impia
3179 2949 3359 2995 mente
3417 2941 3552 2994 nihil

1982 3050 2094 3091 non
2135 3043 2400 3108 egerunt,
2442 3035 2826 3104 conjuratione
2855 3034 3143 3088 adversum
3175 3042 3226 3086 te
3261 3032 3431 3087 Deum
3467 3030 3552 3084 fa-

296 3143 381 3188 cta
409 3152 422 3187 :
453 3142 510 3188 at
539 3142 596 3190 tu
626 3135 749 3190 illos
781 3151 1004 3192 aversos
1043 3137 1384 3192 constituisti
1422 3146 1475 3193 et
1516 3137 1717 3209 iugasti
1743 3178 1758 3204 ,
1789 3138 1864 3193 ita
1894 3143 1991 3203 ut,
2023 3134 2106 3188 ira
2131 3139 2226 3188 tua
2257 3132 2501 3188 instante
2526 3141 2580 3187 et
2615 3131 2957 3203 propellente
2980 3170 2995 3196 ,
3031 3139 3180 3201 terga
3209 3137 3444 3184 vertant.

300 3288 410 3343 ΕΙΣ
449 3289 536 3343 ΤΟ
576 3290 795 3344 ΤΕΛΟΣ
833 3291 1018 3344 ΥΠΕΡ
1066 3290 1202 3343 ΤΗΣ
1247 3290 1697 3345 ΑΝΤΙΛΗΨΕΩΣ
1747 3291 1876 3346 ΤΗΣ

497 3360 819 3428 ΕΩΘΙΝΗΣ,
854 3361 1145 3415 ΨΑΛΜΟΣ
1185 3363 1271 3414 ΤΩ
1308 3363 1507 3415 ΔΑΥΙΔ
1546 3362 1676 3418 KA'.

380 3499 444 3553 Ἡ
473 3498 570 3552 τοῦ
592 3498 808 3571 ψαλμοῦ
832 3498 1126 3572 προγραφὴ
1160 3501 1340 3554 πᾶσαν
1369 3501 1466 3572 τὴν
1493 3501 1748 3556 ὑπόθεσιν
1770 3501 1878 3555 τῶν

298 3594 355 3645 ἐν
387 3590 538 3662 αὐτῷ
568 3591 879 3663 φερομένων
911 3593 969 3644 ἐν
999 3590 1077 3661 τῷ
1102 3590 1276 3662 καιρῷ
1301 3592 1401 3661 τῆς
1427 3594 1491 3645 ἐκ
1513 3593 1722 3664 νεκρῶν
1750 3594 1881 3647 ἀνα-

299 3689 542 3750 στάσεως
577 3685 671 3740 τοῦ
702 3686 955 3758 Σωτῆρος
985 3684 1144 3757 ήμῶν
1171 3685 1474 3756 ἀνατίθησι.
1532 3687 1622 3740 Διὸ
1653 3688 1881 3758 ἐπιγρά-

300 3800 390 3853 φει
409 3823 424 3848 ,
461 3782 601 3851 Περί
623 3780 730 3850 τῆς
758 3780 1136 3850 ἀντιλήψεως
1161 3781 1270 3851 τῆς
1292 3780 1558 3848 ἑωθινῆς.
1603 3783 1792 3836 Ὀποῖα
1825 3782 1882 3835 δέ

297 3871 364 3948 ἦν
391 3875 461 3930 τὰ
485 3875 584 3947 τῆς
609 3874 838 3946 ἑωθινῆς
858 3874 1193 3948 ἀντιλήψεως
1214 3915 1227 3938 ,
1251 3869 1404 3938 αὖθις
1429 3875 1478 3927 οἱ
1500 3873 1883 3943 εὐαγγελισταὶ

298 3971 742 4044 παραστήσουσιν
761 3986 773 3999 ·
807 3971 837 4023 ὁ
867 3970 965 4040 μὲν
997 3971 1211 4034 Λουκᾶς
1237 3962 1340 4023 ὦδε
1372 3967 1599 4040 γράφων
1620 3984 1634 3999 ·
1698 3965 1777 4036 Τῇ
1813 3965 1882 4019 δὲ

293 4060 402 4132 μιᾷ
453 4062 572 4116 τῶν
609 4059 920 4116 σαϐϐάτων
951 4061 1164 4130 ὄρθρου
1193 4061 1414 4128 ,βαθέος
1443 4061 1539 4114 ἐπὶ
1576 4059 1642 4114 τὸ
1673 4058 1883 4129 μνῆμα

297 4155 489 4229 ἦλθον
512 4157 792 4230 γυναῖκες
812 4198 825 4221 ,
853 4157 1145 4227 φέρουσαι
1169 4157 1209 4213 d
1227 4160 1562 4228 ἡτοίμασαν
1583 4156 1880 4226 ἀρώματα.

295 4249 493 4323 Εὗρον
539 4252 608 4308 δὲ
637 4252 747 4308 τὸν
797 4254 972 4308 λίθον
1011 4251 1571 4323 ἀποκεκυλισμένον
1610 4250 1727 4306 ἀπὸ
1777 4250 1884 4305 τοῦ

295 4342 608 4418 μνημείου.
645 4347 1046 4402 Εὶσελθοῦσαι
1067 4346 1136 4400 δὲ
1156 4351 1270 4417 οὐχ
1291 4344 1471 4416 εὖρον
1499 4347 1562 4401 τὸ
1582 4346 1754 4416 σῶμα
1778 4344 1884 4400 τοῦ

298 4424 520 4510 Κυρίου
567 4441 780 4509 Ἰησοῦ.
829 4441 938 4494 Καὶ
981 4439 1216 4508 ἐγένετο
1253 4442 1323 4494 ἐν
1359 4439 1440 4507 τῷ
1478 4438 1886 4509 διαπορεῖσθαι

299 4531 487 4596 αὐτὰς
514 4531 648 4598 περὶ
677 4531 892 4584 τούτου
913 4569 927 4592 ,
956 4530 1053 4583 καὶ
1081 4529 1211 4583 ἰδοὺ
1244 4531 1459 4599 ἄνδρες
1488 4530 1597 4586 δύο
1626 4530 1882 4598 ἐπέστη·
1916 4581 1958 4634 D

300 4638 422 4678 σαν
442 4622 649 4689 αὐταῖς
666 4623 736 4676 ἐν
755 4620 961 4691 ἐσθῆτι
984 4623 1416 4692 ἀστραπτούσῃ
1438 4664 1452 4688 ,
1486 4624 1542 4677 οἳ
1563 4624 1661 4677 καὶ
1688 4620 1878 4684 εἴποιμ’

309 4720 370 4772 Τί
388 4716 612 4788 ζητεῖτε
637 4716 744 4771 τὸν
764 4714 946 4778 ζῶντα
960 4716 1111 4786 μετὰ
1135 4716 1251 4770 τῶν
1270 4716 1498 4785 νεκρῶν
1512 4734 1530 4781 ;
1566 4719 1685 4771 Οὐκ
1713 4717 1885 4771 ἔστιν

300 4803 436 4873 ὦδε,
466 4810 604 4865 ἀλλ’
625 4807 843 4878 ἠγέρθη
870 4825 882 4838 ·
909 4806 1223 4878 μνήσθητε
1242 4850 1256 4872 ,
1285 4808 1362 4873 ὡς
1381 4807 1693 4877 ἐλάλησεν
1718 4808 1880 4877 ὑμῖν,

300 4900 388 4954 ἔτι
421 4899 508 4952 ὢν
539 4898 726 4969 ,ἐνιτῇ
750 4901 1079 4967 Γαλιλαίᾳ·
1143 4900 1348 4970 ὁμοίως
1399 4898 1456 4950 δὲ
1491 4899 1585 4951 καὶ
1628 4900 1677 4951 οἰ
1709 4899 1884 4953 λοιποὶ

301 4991 686 5061 εῦαγγελισταὶ
716 4993 1020 5063 εἰρήκασιν.
1068 4992 1232 5064 Ὁρᾷς
1263 4991 1410 5053 ὅπως
1438 4988 1506 5042 τὰ
1533 4989 1633 5059 τῆς
1659 4989 1885 5064 ἑωθινῆς

302 5083 639 5155 ἀντιλήψεως
660 5085 804 5140 κατά
832 5085 921 5139 τὸν
948 5083 1139 5157 καιρὸν
1161 5085 1260 5156 τῆς
1289 5082 1636 5146 ἀναστάσεως
1660 5083 1753 5135 τοῦ
1781 5085 1887 5138 Σω-

302 5174 470 5246 τῆρος
502 5176 660 5246 ήμῶν
697 5177 1033 5249 ἐπληροῦτο;
1090 5178 1184 5250 Διὸ
1222 5176 1319 5249 τὴν
1360 5178 1538 5230 πᾶσαν
1571 5179 1882 5248 οἰκονομίαν

300 5268 394 5323 τοῦ
426 5269 696 5340 σωτηρίου
729 5271 936 5337 πάθους
959 5277 1026 5346 τῇ
1057 5273 1350 5328 ἀναστάσει
1383 5271 1544 5326 αὐτοῦ
1575 5271 1637 5325 τὸ
1663 5273 1887 5344 Πνεῦμα

301 5363 362 5417 τὸ
391 5363 546 5431 ἀγιον
583 5363 898 5436 ἀνατίθησι,
929 5368 1023 5421 καὶ
1052 5370 1131 5433 εἰς
1161 5367 1293 5421 αὐτὸ
1321 5367 1494 5420 ἐκεῖνο
1524 5365 1582 5418 τὸ
1606 5366 1759 5431 τέλος
1788 5369 1885 5440 τὴν

304 5456 640 5532 προφητείαν
668 5457 982 5529 ἀναπέμπει
1011 5461 1100 5516 διὰ
1125 5463 1223 5534 τῆς
1249 5461 1512 5532 λεγούσης
1532 5463 1882 5534 προγραφῆςο

302 5554 404 5620 Εῑς
434 5551 501 5606 τὸ
527 5548 703 5616 τέλος
732 5549 886 5619 ὑπὲρ
925 5551 1034 5620 τῆς
1067 5554 1446 5624 ἀντιλήψεως
1473 5551 1581 5621 τῆς
1615 5553 1884 5624 ἑωθινῆς,

306 5640 518 5712 ψαλμὸς
544 5638 624 5712 τῷ
648 5639 828 5694 Δαυῖδ.
870 5640 979 5694 Kal.
1009 5642 1129 5708 πῶς
1157 5645 1265 5715 γὰρ
1292 5647 1391 5699 οὐκ
1419 5644 1639 5715 ἔμελλεν
1672 5644 1886 5718 ψαλμδς

309 5731 525 5789 ἔσεσθαι
556 5736 591 5806 ἡ
630 5733 730 5805 τὴν
763 5732 1058 5788 ἀνάστασιν
1088 5737 1184 5790 τοῦ
1215 5739 1466 5810 Σωτῆρος
1504 5736 1658 5808 ἡμῶν
1695 5739 1884 5810 περιέ-

312 5839 477 5893 χουσα
503 5823 809 5897 προφητεία
832 5868 846 5892 ,
883 5827 976 5880 καὶ
1001 5827 1100 5898 τῆς
1137 5828 1460 5900 Ἑκκλησίας
1483 5827 1645 5882 αὑτοῦ
1675 5829 1772 5900 τὴν
1801 5825 1887 5881 σύ-

387 6022 432 6056 ⁹⁸
471 6020 603 6077 Luc.
640 6038 797 6086 sxw,
838 6024 950 6077 1-6.

593 6116 869 6180 Ριτιιοι..
912 6117 1027 6180 Gn.
1063 6116 1298 6178 XXIII.

1979 3286 2035 3342 Ι.
2089 3281 2159 3340 ΙΝ
2211 3280 2424 3337 FINEM
2475 3279 2612 3335 PRO
2667 3276 3142 3334 SUSCEPTIONE
3198 3275 3577 3343 MATUTINA,

2394 3351 2725 3408 PSALMUS
2764 3350 2972 3404 DAVID
3014 3349 3154 3404 XXI.

2050 3491 2171 3564 Ipsa
2200 3488 2396 3560 psalmi
2435 3486 2722 3556 inscriptio
2753 3489 2924 3539 totum
2955 3499 3137 3538 rerum
3169 3498 3288 3551 qua:
3317 3486 3384 3536 de
3420 3500 3554 3537 tem-

1980 3601 2112 3656 pore
2136 3579 2555 3639 resurrectionis
2585 3576 2888 3632 Salvatoris
2921 3575 3096 3629 nostri
3133 3589 3197 3629 ex
3232 3573 3466 3628 mortuis
3495 3573 3556 3629 in

1978 3693 2045 3732 eo
2075 3676 2324 3731 feruntur
2353 3676 2733 3741 argumentum
2769 3666 3009 3738 praefert.
3037 3665 3218 3730 Quare
3247 3665 3326 3720 sic
3359 3664 3556 3722 titulus

1979 3768 2144 3823 habet
2186 3785 2199 3822 :
2237 3764 2314 3820 De
2345 3762 2672 3831 susceptione
2707 3759 2990 3812 matutina.
3022 3757 3213 3823 Qualia
3253 3765 3434 3812 autem
3465 3757 3556 3811 illa

1981 3856 2187 3914 fuerint
2225 3870 2344 3925 quae
2385 3852 2452 3908 ad
2497 3850 2900 3921 susceptionem
2945 3848 3270 3903 matutinum
3320 3848 3558 3918 pertine-

1979 3954 2130 4014 bau',
2165 3963 2383 4004 rursum
2419 3932 2661 4014 aperient
2687 3942 3033 4012 evangelista:
3057 3959 3077 4019 ε,
3096 3942 3174 3997 sic
3206 3942 3348 3996 enim
3382 3940 3559 3996 Lucas

1980 4040 2144 4099 habet
2178 4061 2190 4096 :
2220 4039 2336 4094 Una
2371 4048 2544 4092 autem
2579 4034 2800 4091 Sabbati
2834 4034 2985 4088 valde
3034 4032 3270 4086 diluculo
3313 4043 3558 4086 venerunt

1982 4140 2227 4195 mulieres
2283 4134 2352 4189 ad
2398 4139 2830 4192 monumentum,
2912 4136 3182 4196 portantes
3233 4142 3348 4195 qua:
3399 4141 3548 4195 para-

1984 4240 2163 4289 verant
2219 4237 2462 4284 aromata
2501 4242 2518 4280 :
2565 4234 2613 4279 et
2653 4224 2957 4276 invenerunt
2999 4218 3224 4287 lapidem
3272 4216 3557 4269 revolutum

1986 4345 2018 4381 a
2051 4331 2408 4380 monumento.
2463 4317 2533 4371 Et
2581 4317 2832 4386 ingresste
2873 4330 2974 4367 non
3022 4313 3327 4364 in°'enerunt
3373 4323 3558 4374 corpus

1986 4419 2199 4474 Domini
2227 4415 2375 4470 Jesu.
2405 4412 2470 4466 Et
2497 4411 2693 4478 factum
2722 4417 2820 4466 est,
2851 4406 2977 4458 dum
3010 4412 3177 4456 mente
3210 4410 3560 4455 consternata:

1985 4520 2154 4567 essent
2187 4509 2250 4562 de
2292 4507 2416 4570 isto,
2451 4518 2564 4556 ecce
2605 4499 2709 4550 duo
2751 4497 2848 4549 viri
2877 4504 3130 4549 steterunt
3170 4507 3316 4546 secus
3354 4489 3477 4544 illas
3507 4493 3557 4543 in

1989 4614 2124 4661 veste
2155 4600 2394 4673 fulgenti,
2423 4597 2510 4667 qui
2548 4600 2597 4645 et
2630 4589 2877 4642 dixerunt
2907 4605 2923 4641 :
2950 4587 3092 4654 Quid
3125 4586 3361 4658 quarritis
3393 4585 3556 4638 viven-

1989 4710 2089 4754 tem
2119 4712 2235 4750 cum
2263 4690 2524 4746 mortuis?
2560 4687 2682 4742 Non
2716 4692 2791 4736 est
2824 4682 2928 4747 hic,
2963 4682 3052 4736 sed
3081 4680 3334 4735 surrexit.
3372 4677 3566 4732 Recor-

1988 4789 2190 4846 a'amini
2214 4785 2440 4857 qualiter
2470 4784 2678 4836 locutus
2707 4789 2786 4833 est
2818 4777 2983 4843 vovis,
3017 4792 3135 4829 cum
3173 4774 3344 4828 adhuc
3374 4773 3428 4825 in
3468 4769 3568 4825 Ca-

1990 4885 2133 4939 lilwa
2172 4887 2305 4934 esset
2328 4878 2392 4929 ³⁸.
2433 4875 2606 4929 Simili
2651 4872 2811 4927 modo
2839 4870 2929 4924 alii
2971 4883 3189 4938 quoque
3215 4864 3562 4935 evangelista'

1991 4976 2307 5043 loquuntur.
2366 4965 2557 5020 Viden’
2625 4962 2904 5034 qumnodo
2967 4959 3232 5014 matutina
3287 4957 3552 5023 susceptit

1989 5077 2228 5135 tempore
2281 5057 2704 5115 resurrectionis
2757 5054 3054 5110 Salvatoris
3107 5049 3280 5106 nostri
3335 5048 3545 5117 implet:

1991 5157 2188 5216 fuerit?
2230 5154 2411 5221 Quare
2449 5159 2619 5208 totam
2650 5149 3008 5207 meonomiam
3045 5143 3317 5217 passionis
3360 5138 3534 5194 Salva-

1991 5254 2124 5309 toris
2171 5250 2368 5312 nostri,
2424 5245 2816 5305 resurrectioni
2861 5244 2982 5312 ejus
3038 5239 3274 5311 Spiritus
3329 5239 3522 5289 sanetu

1990 5345 2230 5408 ascribit,
2276 5351 2441 5413 atque
2482 5342 2550 5397 ad
2591 5342 2770 5412 ipsum
2817 5337 2976 5392 ﬁnem
3019 5330 3356 5406 prophetiam
3397 5325 3528 5381 refe:

1987 5460 2082 5516 per
2111 5437 2522 5508 inscriptionem
2557 5450 2724 5507 supra
2759 5433 3008 5487 allatam:
3045 5426 3110 5480 In
3138 5424 3291 5494 ﬁnem
3324 5436 3419 5490 pro
3446 5436 3534 5473 sus

1989 5535 2220 5606 ceptioue
2290 5530 2555 5598 matutina.
2590 5526 2827 5598 psalmus
2862 5520 3049 5578 David.
3091 5516 3156 5571 Et
3188 5529 3316 5586 qua,
3357 5527 3541 5583 quaeso

1987 5631 2199 5689 ratione
2224 5624 2507 5697 prophetia
2533 5620 2843 5677 Servatoris
2871 5614 3045 5672 nostri
3079 5608 3535 5667 resurrectionem

1989 5723 2173 5780 itidem
2199 5717 2456 5774 Ecclesiae
2478 5716 2650 5787 ipsius
2672 5712 3140 5769 constitutionem,
3162 5703 3410 5758 omnium
3436 5716 3545 5771 gen-

1988 5819 2123 5871 tium
2157 5811 2523 5874 vocationem,
2568 5801 2939 5878 generationis
2985 5804 3232 5855 venturae
3282 5809 3346 5850 ac
3395 5791 3544 5848 futur
