4302 6390
810 564 909 618 202-
1527 551 1787 608 EL‘SEBII
1826 544 2298 604 C/ESARIENSIS
2334 542 2484 599 OPP.
2526 540 2703 597 PARS
2740 540 2825 594 Ill.
2852 572 2921 583 —
2958 537 3363 594 EXEGETICA.
3934 533 4045 589 30L

811 672 994 745 populi
1051 668 1447 741 prcescicntiam
1508 666 1896 735 complectens,
1958 677 2066 715 non
2125 661 2441 731 psalmusA

2414 662 2659 716 \e‘caatv
2684 696 2698 719 ,
2736 654 2829 707 καὶ
2866 652 2973 705 τῶν
3012 651 3180 705 ἐθνῶν
3218 652 3470 705 ἁπάντων
3500 650 3596 720 τὴν
3637 646 3822 717 κλῆσιν
3849 647 3956 717 τῆς
3984 662 4045 700 τε

813 740 1172 819 inscribatur?
1218 758 1294 813 De
1339 758 1407 812 iis
1448 756 1667 825 quippe,
1716 760 1899 824 utpote
1944 754 2010 806 de
2051 752 2367 821 ingentibus

2468 752 2659 816 γενεᾶς
2714 746 2806 799 καὶ
2854 745 2950 809 τοῦ
2984 743 3379 821 τεχθησομένου
3407 741 3537 795 λαοῦ
3566 740 3662 811 τὴν
3692 741 4045 815 πρόγνωσιν;

812 848 1260 922 ιιοηίε,οεουᾶθηε
1288 847 1522 918 Spiritus
1550 853 1772 926 sanctus
1802 842 2155 913 psalmodiam
2180 854 2369 911 aggre-

808 946 971 997 ditur.

878 1031 1103 1089 Vensﬁ.
1125 1032 1262 1085 Deus
1291 1030 1422 1083 Deus
1455 1044 1618 1093 meus,
1648 1028 1840 1089 respice
1865 1029 1918 1079 in
1948 1042 2025 1080 me
2051 1041 2069 1078 :
2106 1040 2264 1094 quare
2293 1040 2371 1076 me

808 1126 1176 1193 dereliquisti?
1218 1124 1365 1191 longe
1408 1140 1439 1174 α
1479 1121 1648 1174 salute
1698 1138 1813 1174 mea
1858 1119 2009 1203 verba
2060 1116 2370 1170 delictorum

814 1210 1065 1271 meorum.
1107 1215 1243 1269 Cum
1274 1214 1329 1267 in
1363 1212 1628 1268 Hebraico
1648 1211 1954 1279 exemplari
1990 1209 2144 1271 illud,
2176 1209 2371 1276 respice

811 1309 865 1359 in
904 1322 1003 1367 me,
1040 1320 1150 1358 non
1198 1311 1512 1372 compareat
1581 1302 1675 1356 sed
1734 1302 1786 1353 in
1835 1299 1967 1355 solis
2011 1283 2369 1367 Septuaginta

812 1394 1203 1465 lnterpretibus
1249 1394 1425 1461 primo
1452 1392 1631 1445 versui
1656 1392 1958 1454 inseratur;
1980 1388 2102 1456 jure
2125 1402 2154 1440 a
2185 1386 2371 1440 Salva-

811 1497 930 1543 tore
956 1492 1149 1541 nostro
1178 1484 1292 1539 haec
1320 1481 1652 1537 vociferante
1678 1480 2101 1549 przetermissum
2127 1485 2230 1533 est.

881 1663 958 1717 Ac
1002 1664 1155 1727 mihi,
1206 1677 1410 1733 quaeso,
1461 1659 1765 1730 perpendas
1809 1672 1916 1727 quo
1964 1666 2124 1727 pacto
2180 1653 2372 1724 reliqui

804 1768 1001 1807 omnes
1037 1753 1358 1821 interpretes
1391 1749 1702 1805 delictorum
1727 1763 1831 1802 non
1860 1744 2205 1803 meminerint
2232 1762 2243 1796 :
2276 1759 2373 1797 ne-

812 1861 918 1915 que
957 1846 1100 1899 enim
1143 1847 1574 1899 consentaneum
1622 1850 1743 1896 erat.
1783 1852 2029 1909 personae
2077 1833 2375 1889 Salvatoris

2482 840 2603 893 Ἐπὶ
2648 838 2854 900 τούτοις
2900 836 3007 907 γὰρ
3040 836 3114 898 ὡς
3148 835 3237 886 ἐπὶ
3272 833 3523 904 μεγάλοις
3557 831 3777 899 ἀγαθοῖς
3811 834 4047 901 συγχαῖ-

2473 950 2562 1003 ρον
2590 931 2650 983 τὸ
2681 929 2901 998 Πνεῦμα
2930 928 2991 980 τὸ
3024 926 3175 996 ἀγιον
3204 926 3300 997 τὴν
3334 924 3649 995 ψαλμῳδίαν
3680 908 3932 977 ποιεῖται.

2553 1022 2613 1074 '0
2640 1020 2779 1086 Θεὸς
2801 1024 2831 1073 ό
2862 1020 3002 1084 Θεός
3014 1036 3152 1086 μου,
3181 1019 3443 1086 πρόσχες
3470 1034 3570 1086 μοι
3588 1034 3602 1048 ο
3626 1019 3725 1069 ἵνα
3761 1018 3819 1069 τί
3870 1016 4053 1086 ἐγκα-

2472 1113 2707 1177 τέλιπές
2726 1129 2798 1180 με
2818 1128 2836 1174 ;
2858 1109 3098 1179 μακρὰν
3128 1110 3241 1162 ἀπὸ
3271 1107 3379 1175 τῆς
3402 1110 3695 1175 σωτηρίας
3714 1125 3833 1177 μου
3860 1110 3918 1160 οἱ
3939 1108 4049 1161 λό-

2472 1224 2559 1275 γοι
2592 1204 2710 1257 τῶν
2746 1201 3227 1269 παραπτωμάτων
3260 1218 3397 1268 μου.
3467 1200 3555 1269 Μὴ
3590 1198 3957 1269 προκειμένου
3990 1197 4049 1250 δὲ

2471 1300 2526 1349 ἐν
2554 1296 2631 1366 τῷ
2666 1292 2935 1364 Ἑόραῖκῷ
2959 1292 3074 1358 τοῦ,
3091 1291 3353 1358 πρόσχες
3375 1307 3475 1359 μοι
3495 1329 3508 1352 ,
3537 1289 3565 1341 ὃ
3682 1288 3821 1342 κατά
3848 1289 4049 1359 μόνους

2469 1386 2593 1447 τοὺς
2652 1382 3049 1452 Ἐϐδομήκοντα
3102 1380 3422 1450 προσέκειτο
3465 1377 3541 1447 τῷ
3596 1378 3795 1448 πρώτῳ
3849 1378 4048 1447 στίχῳ,

2470 1474 2709 1545 ἀκριϐῶς
2742 1474 2834 1525 καὶ¹
2869 1472 2972 1524 ὑπὸ
3003 1472 3100 1541 τῆς
3141 1472 3320 1541 φωνῆς
3347 1467 3438 1521 τοῦ
3468 1468 3717 1540 Σωτῆρος
3747 1468 3907 1539 ήμῶν
3940 1485 4052 1520 πα-

2474 1566 2815 1637 ραλέλειπται

2517 1685 2519 1689 ε
2543 1658 2653 1710 Καὶ
2682 1656 2779 1710 θέα
2811 1656 2931 1709 τίνα
2958 1653 3155 1725 τρόπον
3183 1654 3239 1705 ἐν
3273 1655 3403 1707 πᾶσι
3430 1652 3637 1716 τούτοις
3668 1650 3906 1723 οὐδαμοῦ
3938 1666 4055 1705 πα·-

2467 1747 2870 1816 ραπτωμάτων
2921 1732 3332 1817 ἐμνημόνευσαν
3384 1745 3433 1797 οἱ
3465 1744 3645 1798 λοιποὶ
3677 1744 4048 1816 ἐρμηνευταί·

2476 1840 2599 1892 ούδέ
2632 1839 2738 1911 γὰρ
2775 1837 2982 1909 ἥρμοζε
3022 1837 3436 1908 παραπτώματα
3486 1836 3811 1908 ἐφαρμόζειν
3842 1836 3922 1908 τῷ
3954 1833 4053 1889 τοῦ

810 1938 985 1993 nostri
1020 1936 1215 1991 delicta
1244 1936 1539 1996 ascribere,
1566 1934 1653 2002 qui
1678 1939 1947 1999 peccatum
1978 1946 2081 1982 non
2109 1928 2253 1998 fecit,
2285 1942 2376 1980 nec
2410 1995 2440 2002 _

2414 1995 2440 2002 _
2477 1931 2725 2002 Σωτῆρος
2748 1934 2779 2000 ή
2790 1931 2904 2000 μῶν
2938 1929 3213 2002 προσώπῳ
3232 1969 3246 1994 ,
3281 1929 3671 1999 ὃςηὶμαρτίαν
3699 1932 3809 1985 οὑκ
3841 1930 4057 1997 ἐποίη-

815 2031 1049 2085 inventus
1085 2037 1163 2082 est
1194 2027 1347 2080 dolus
1381 2030 1434 2078 in
1474 2040 1561 2079 ore
1598 2024 1710 2091 ejus
1734 2022 1801 2075 ”.
1841 2021 1892 2075 Is
1932 2036 2063 2075 vero
2093 2034 2194 2090 pro
2238 2019 2306 2074 iis
2346 2033 2375 2073 e
2409 1995 2441 2049 Β

2414 1995 2447 2049 Β
2476 2039 2605 2088 σεν,
2619 1995 2995 2089 οὐδὲ-εὑρέθῆ
3007 1995 3271 2085 δόλοξὲν
3285 2018 3363 2084 τῷ
3379 1995 3624 2088 στόματι
3640 2019 3844 2073 αὐτοῦ.
3878 1995 4056 2089 Ύπξρ

813 2121 1015 2192 pOpulo
1059 2120 1150 2189 qui
1193 2118 1451 2187 lacrymis
1502 2130 1567 2170 ac
1615 2114 1742 2169 llctu
1793 2112 1954 2183 digna
1998 2111 2375 2175 admittebant,

815 2226 912 2281 pro
934 2209 1180 2280 apostolo
1204 2222 1303 2263 suo
1336 2205 1497 2281 Iuda,
1534 2206 1687 2276 lapso
1714 2215 1768 2260 et
1809 2219 1838 2257 a
1870 2202 2088 2274 propria
2119 2200 2378 2271 dignitate

814 2304 1061 2373 depulso,
1110 2302 1301 2371 lugens
1344 2300 1456 2353 haec
1496 2296 1715 2353 assidue
1761 2295 2030 2351 clamabat
2070 2313 2082 2347 :
2132 2291 2305 2361 Longe
2344 2307 2377 2343 a

814 2394 989 2448 salute
1017 2408 1130 2446 mea
1162 2391 1316 2446 verba
1348 2391 1634 2461 gemituum
1668 2402 1920 2441 meorum.
1950 2382 2147 2446 Voces,
2178 2382 2375 2451 inquit,

816 2492 870 2541 et
899 2484 1060 2542 verba
1094 2498 1274 2538 rerum
1311 2496 1341 2534 a
1373 2496 1457 2534 me
1488 2493 1701 2547 semper
1726 2492 1826 2547 pro
1854 2475 2052 2546 populo
2080 2482 2374 2544 gestarum,

815 2591 845 2630 a
876 2575 1050 2632 salute
1081 2588 1199 2627 mea
1227 2573 1383 2642 longe
1397 2575 1611 2626 'rcmota
1637 2576 1786 2633 sunt,
1814 2584 1939 2623 cum
1970 2566 2104 2621 nihil
2132 2565 2378 2620 utilitatis

815 2667 1015 2737 papulo
1048 2663 1343 2719 accesserit
1388 2679 1454 2716 ex
1492 2677 1556 2716 ea
1590 2676 1749 2731 quam
1793 2660 1927 2729 ipsis
1966 2658 2252 2730 procuravi
2286 2672 2376 2713 sa-

815 2759 947 2812 lute.
981 2756 1045 2810 At
1078 2772 1145 2811 ne
1168 2756 1447 2810 videamur
1478 2770 1544 2809 ex
1573 2754 1792 2808 curiosa
1824 2753 2003 2821 aliqua
2035 2750 2379 2821 iudagatione

815 2851 1055 2921 reliquos
1100 2849 1428 2919 interpretes
1478 2848 1673 2912 secuti,
1726 2862 1821 2902 eos
1865 2846 1957 2916 qui
2008 2844 2113 2913 alia
2167 2841 2377 2897 ratione

814 2940 1084 3012 psalmum
1115 2940 1542 3009 interpretantur
1565 2952 1882 3009 coarguere,
1917 2934 2269 3007 Septuaginta
2296 2931 2378 2987 vi-

814 3032 1003 3087 rorum'
1059 3031 1507 3101 interpretatione
1558 3036 1796 3083 utemur.
1845 3024 1979 3080 Nam
2034 3025 2112 3079 illi
2161 3038 2378 3096 quoque

817 3123 1297 3180 hanc'lectionem
1346 3122 1707 3175 observantes
1756 3125 1810 3172 et
1862 3116 2375 3181 anim'advertentes,

814 3218 962 3271 hunc
1011 3214 1280 3283 psalmum
1326 3210 1548 3266 Christo
1594 3224 1703 3264 non
1757 3222 2057 3278 congruere
2108 3205 2376 3263 dixerunt.

812 3305 1050 3359 Audiant
1078 3294 1260 3373 itaque
1284 3298 1545 3356 Joannem
1572 3298 1650 3353 sic
1670 3297 1996 3352 clamantem
2017 3317 2030 3351 :
2049 3293 2183 3349 Ecce
2199 3295 2379 3368 Agnus
2408 3325 2450 3383 ε

820 3395 932 3459 Dei,
953 3395 1042 3465 qui
1059 3394 1195 3448 tollit
1216 3402 1485 3463 peccatum
1516 3389 1697 3443 mundi
1717 3390 1769 3454 ¹;
1800 3397 1855 3444 et
1887 3386 2129 3443 divinum
2155 3384 2381 3441 Paulum

815 3488 888 3542 ita
920 3488 1226 3558 loquentem
1257 3470 1396 3551 :Qui
1420 3490 1689 3553 peccatum
1724 3498 1825 3535 non
1855 3487 2086 3544 noverat,
2116 3494 2209 3547 pro
2236 3479 2382 3533 nobis

812 3588 1080 3649 peccatum
1106 3578 1248 3647 fecit,
1268 3586 1324 3631 ut
1344 3593 1435 3630 nos
1455 3574 1993 3646 eniceremurjustitia
2013 3572 2107 3627 Dei
2126 3574 2179 3627 in
2201 3574 2312 3642 ipso
2326 3576 2379 3640 ’ς

812 3679 867 3726 et
886 3686 1143 3726 rursum:
1173 3668 1417 3724 Christus
1452 3684 1547 3722 nos
1580 3666 1795 3721 redemit
1828 3665 1891 3721 de
1922 3666 2201 3720 maledicto
2232 3666 2379 3736 legis,

814 3763 989 3831 factus
1020 3776 1115 3830 pro
1143 3759 1291 3815 nobis
1317 3757 1710 3813 maledictum'.
1737 3756 1906 3828 Igitur
1924 3756 2381 3827 quemadmodum

815 3856 941 3910 fons
966 3854 1197 3925 justitiae
1224 3868 1349 3909 cum
1374 3851 1467 3918 sit,
1498 3860 1721 3923 peccata
1751 3853 1869 3921 ipse
1899 3858 2084 3905 nostra
2108 3849 2379 3919 suscepit;

812 3955 869 4004 et
894 3962 1020 4002 cum
1057 3948 1129 4002 sit
1160 3946 1557 4002 benedictionis
1582 3946 1827 4017 pelagus,
1855 3945 2198 4014 ingruentem
2223 3943 2381 3997 nobis

814 4026 1253 4096 maledictionem
1280 4038 1512 4106 accepit,
1536 4046 1695 4105 atque
1723 4036 2051 4106 contemptis
2068 4035 2381 4106 opprobriis

813 4144 1036 4187 crucem
1067 4126 1364 4183 sustinuit:
1399 4126 1479 4179 sic
1515 4140 1611 4195 pro
1638 4125 1794 4179 nobis
1824 4126 2090 4180 rationem
2120 4124 2377 4180 reddidit.

817 4221 874 4279 Si
928 4221 1072 4275 enim
1118 4226 1377 4274 statutam
1432 4216 1589 4270 nobis
1619 4213 1963 4284 disciplinam
2020 4214 2224 4291 lubens,
2267 4215 2383 4284 ipse

815 4314 1020 4378 subiit;
1068 4325 1196 4366 nam
1234 4308 1520 4377 disciplina
1560 4307 1705 4375 pacis
1749 4315 1942 4361 nostra:
1973 4320 2125 4375 super
2156 4322 2294 4371 eum,
2325 4317 2383 4363 ut

816 4408 890 4461 ait
917 4402 1219 4477 propheta‘
1248 4421 1261 4456 :
1295 4400 1467 4455 multo
1507 4398 1681 4470 magis
1732 4398 1973 4454 rationes
2016 4386 2133 4468 i‘pse
2163 4407 2380 4454 nostras
2430 4442 2433 4445 ι

814 4512 913 4566 pro
945 4494 1107 4550 nobis
1133 4491 1340 4557 retulit,
1369 4498 1531 4560 atque
1563 4488 1782 4542 clamat:
1821 4484 1994 4557 Longe
2014 4503 2047 4539 a
2076 4486 2248 4540 salute
2269 4502 2382 4539 mea

814 4589 1046 4643 rationes
1093 4586 1405 4639 delictorum
1460 4595 1715 4637 meorum.
1765 4576 1864 4642 Ne,
1920 4578 2114 4648 inquit,
2148 4584 2383 4660 maturae

816 4688 1041 4753 peccata
1076 4678 1357 4747 respicias.

2476 2110 2531 2164 δὲ
2570 2112 2679 2164 τῶν
2718 2110 3011 2182 κλαυθμῶν
3062 2110 3156 2163 καὶ
3194 2109 3405 2181 θρήνων
3442 2110 3569 2175 ἀξια
3609 2110 3956 2180 πραττόντων
3993 2111 4055 2162 ἐν

2476 2203 2553 2273 τῷ
2578 2203 2690 2274 λαῷ
2713 2243 2727 2267 ,
2794 2204 2931 2272 ὑπὲρ
2962 2202 3017 2255 δέ
3042 2201 3135 2255 τοῦ
3167 2200 3464 2255 ἀποστόλου
3496 2200 3660 2273 αὐτοῦ
3706 2201 3908 2267 Ἰούδα,
3955 2198 4055 2254 τοῦ

2478 2296 2913 2368 ἐξολισθήσαντος
2956 2294 3179 2366 καὶτῆς
3228 2294 3433 2356 οἰκείας
3478 2292 3633 2356 ἀξίας
3661 2292 4054 2360 ἀποπεσόντος,

2478 2387 2795 2459 ὀδυρόμενος
2822 2387 3044 2439 διετέλει
3083 2386 3220 2456 βοῶν
3240 2403 3253 2415 ·
3288 2386 3539 2453 Μακρὰν
3568 2384 3686 2439 ἀπὸ
3718 2382 3826 2453 τῆς
3855 2401 4056 2454 σωτη-

2470 2482 2608 2549 ρίας
2632 2497 2750 2548 μου
2774 2482 2827 2534 οὶ
2851 2468 3017 2547 λόφοι
3044 2479 3162 2531 τῶν
3190 2476 3463 2547 ὀδυρμῶν
3486 2493 3622 2546 μου.
3655 2477 3720 2529 Ol
3746 2475 3853 2547 γὰρ
3878 2476 4053 2544 λόγοι,

2480 2573 2641 2642 φησὶ,
2677 2571 2783 2623 τῶν
2817 2570 2963 2641 ἐμῶν
2987 2612 3001 2635 ,
3035 2569 3143 2623 τῶν
3180 2570 3317 2641 ὑπὲρ
3349 2568 3441 2622 τοῦ
3475 2568 3605 2621 λαοῦ
3640 2568 3869 2623 πάντοτε
3903 2583 4055 2641 γινοέ

2482 2665 2655 2735 μένων
2680 2704 2695 2729 ,
2725 2664 2823 2734 τῆς
2845 2664 2982 2734 ἐμῆς
3007 2663 3277 2733 σωτηρίας
3308 2660 3525 2733 μακρὰν
3554 2661 3838 2729 γεγόνασιν
3857 2700 3873 2726 ,
3901 2661 4057 2714 οὐδὲν

2477 2755 2846 2827 ὼφεληθέντος
2878 2755 2969 2809 τοῦ
3003 2753 3132 2807 λαοῦ
3166 2754 3272 2807 ἀπὸ
3314 2752 3413 2823 τῆς
3449 2752 3508 2818 ἐξ
3543 2751 3676 2823 ἐμοῦ
3705 2751 4058 2823 προξενηθεί-

2480 2863 2577 2917 σης
2602 2847 2781 2910 αὐτοῖς
2803 2844 3090 2915 σωτηρίας.
3126 2846 3239 2897 Ἵνα
3259 2844 3315 2896 δὲ
3350 2843 3423 2914 μὴ
3451 2844 3710 2914 δόξωμεν,
3740 2847 3853 2907 τοῖς
3874 2843 4057 2907 ἄλλοις

2478 2940 2838 3011 ἐρμηνευταῖς
2864 2936 3095 2991 ἐνταῦθα
3128 2937 3451 3008 κεχρημένοι
3485 2939 3549 2990 ἐκ
3576 2937 3852 3009 περινοίας
3875 2977 3891 3002 ,
3928 2937 4059 2999 τοὺς

2477 3030 2677 3101 ἑτέρως
2707 3030 2796 3083 τὸν
2824 3029 3035 3099 ψαλμὸν
3068 3028 3480 3099 ήρμηνευκότας
3528 3028 3767 3100 ἐλέγχειν
3787 3069 3802 3093 ,
3852 3030 3918 3099 τῇ
3944 3025 4057 3081 τῶν

2493 3120 2891 3190 Ἐδδομήκοντα
2921 3119 3185 3189 ἑρμηνείᾳ
3212 3118 3557 3189 χρησόμεθα·
3614 3119 3786 3189 ταύτῃ
3812 3118 3920 3189 γὰρ
3949 3118 4057 3172 κά-

2480 3213 2647 3265 κεῖνοι
2679 3212 2905 3282 τηρήσει
2933 3209 3386 3280 προσεσχηκότες,
3405 3208 3504 3261 οὐκ
3533 3208 3739 3278 ἔφασαν
3767 3209 4059 3279 ἁρμόττειν

2480 3302 2571 3355 τὸν
2602 3300 2813 3372 ψαλμὸν
2832 3300 2908 3371 τῷ
2923 3300 3129 3371 Κυρίῳ.
3162 3299 3577 3353 Ἀκουσάτωσαν
3605 3300 3786 3353 τοίνυν
3809 3300 4057 3354 Ἰωάννου

2487 3392 2713 3463 βοῶντος
2732 3410 2744 3421 ·
2774 3392 2893 3445 ’Ἴδε
2913 3382 2945 3445 ό
2962 3389 3150 3461 ἀμνὸς
3162 3390 3265 3443 τοῦ
3294 3391 3441 3444 Θεοῦ
3460 3429 3475 3454 ,
3494 3394 3525 3444 ό
3544 3392 3726 3460 αῑρων
3746 3391 3859 3460 τὴν
3876 3391 4059 3461 ἀμαρ-

2482 3486 2616 3539 τίαν
2636 3484 2740 3539 τοῦ
2757 3484 2987 3552 κόσμου
3010 3500 3022 3513 ·
3044 3482 3135 3536 τοῦ
3160 3481 3215 3534 δέ
3236 3481 3519 3536 θεσπεσίου
3544 3484 3755 3551 Παύλου
3774 3484 4023 3553 λέγοντος
4040 3502 4053 3515 ·

2487 3579 2595 3633 Τὸν
2620 3578 2705 3647 μὴ
2740 3579 2957 3649 γνόντα
2994 3579 3316 3647 ἁμαρτίαν,
3370 3577 3520 3646 ὑπὲρ
3561 3578 3727 3647 ἡμῶν
3764 3578 4058 3647 ἁμαρτίαν

2480 3664 2787 3738 ἐποίὴσεν,
2805 3672 2904 3723 ἵνα
2932 3669 3100 3739 ἡμεῖς
3122 3669 3415 3740 γενώμεθα
3438 3670 3586 3724 Θεοῦ
3610 3670 3967 3737 δικαιοσύνη
3988 3670 4059 3723 ἐν

2480 3761 2666 3827 αὐτῷ·
2700 3764 2791 3815 καὶ
2822 3762 2982 3815 πάλιν
3002 3780 3013 3791 ·
3056 3754 3306 3830 Χριστὸς
3336 3762 3491 3831 ἡμᾶς
3517 3761 3821 3831 ἠγόρασεν
3852 3762 3920 3815 ὲκ
3945 3760 4057 3829 τῆς

2483 3853 2742 3922 κατάρας
2771 3852 2876 3907 τοῦ
2898 3854 3105 3920 νόμου,
3125 3854 3441 3921 γενόμενος
3458 3851 3608 3919 ὑπὲρ
3627 3853 3793 3921 ἡμῶν
3812 3850 4053 3920 κατάρα.

2489 3944 2788 4015 Τοιγαροῦν
2843 3943 3028 4015 ὥσπερ
3060 3943 3400 4021 δικαιοσύνης
3431 3943 3689 4013 ὑπάρχων
3743 3942 3922 4014 πηγὴ,
3961 3943 4059 4015 τὴν

2490 4036 2763 4108 ἡμετέραν
2796 4036 3066 4106 ἁμαρτίαν
3096 4034 3353 4097 ἀνέλαϐε,
3399 4035 3491 4087 καὶ
3516 4034 3762 4103 εὐλογίας
3786 4034 3862 4089 ὣν
3890 4035 4057 4107 πέλα-

2482 4144 2575 4195 γος
2606 4167 2621 4190 ,
2675 4128 2772 4197 τὴν
2807 4126 3156 4197 ἐπικειμένην
3196 4128 3329 4197 ἡμῖν
3367 4124 3581 4192 ἐδέξατο
3618 4126 3862 4196 κατάραν
3888 4166 3906 4193 ,
3962 4126 4059 4181 καὶ

2483 4220 2713 4291 σταυρὸν
2731 4220 3016 4290 ὑπέμεινεν
3044 4218 3300 4291 αἰσχύνης
3330 4221 3741 4291 καταφρονήσας
3760 4237 3772 4250 ·
3798 4219 3938 4274 οὕτω
3965 4221 4061 4275 καὶ

2483 4311 2608 4374 τοὺς
2638 4311 2778 4381 ὑπὲρ
2805 4310 2958 4381 ήμῶν
2992 4312 3280 4382 ἐποιήσατο
3311 4312 3518 4381 λόγους.
3551 4315 3614 4367 El
3643 4312 3750 4385 γὰρ
3772 4312 3870 4385 τὴν
3927 4313 4061 4387 ὡρι-

2484 4402 2689 4475 σμένην
2729 4406 2863 4475 ήμῖν
2912 4404 3156 4458 παιδείαν
3190 4405 3427 4475 ὑπῆλθεν
3471 4404 3611 4457 ἐκὼν
3637 4444 3651 4469 ,
3676 4404 3915 4459 παιδεία
3950 4404 4059 4476 γὰρ

2480 4494 2723 4563 ειρήνης
2746 4494 2916 4565 ἡμῶν
2939 4496 3031 4549 ἐπ’
3050 4497 3256 4561 αὑτὸν,
3346 4498 3510 4569 φησὶν
3536 4482 3564 4551 ὁ
3590 4499 3875 4570 προφήτης
3891 4514 3904 4528 ·
3931 4497 4059 4551 πολ-

2482 4585 2557 4657 λῷ
2581 4586 2778 4657 μᾶλλον
2796 4590 2905 4653 τοῖς
2920 4589 3021 4641 ὑπέ
3027 4606 3058 4660 ρ
3082 4589 3238 4660 ήμῶν
3262 4588 3376 4641 ἀνθ’
3398 4587 3554 4659 ήμῶν
3574 4590 3842 4661 ἐχρήσατο
3860 4588 4055 4657 λόγοις,

2414 4660 2458 4715 Ῑ)
2487 4680 2580 4732 καὶ
2612 4679 2729 4752 βοᾷ
2780 4682 3026 4750 Μακρὰν
3052 4681 3169 4735 ἀπὸ
3200 4676 3305 4747 τῆς
3342 4660 3649 4749 σωτηρίας
3664 4698 3783 4750 μου
3813 4684 3866 4735 οι
3890 4682 4058 4752 λόγοι

812 4771 934 4829 τῶν
956 4769 1439 4842 παραπτωμάτων
1458 4787 1596 4838 μου.
1626 4767 1718 4839 Μὴ
1739 4766 2073 4840 ἀποδλέψῃς,
2103 4769 2284 4838 φησὶν,
2307 4770 2408 4837 είς,
2430 4771 2500 4826 τά
2526 4776 2624 4847 τῆς
2654 4776 2868 4843 φύσεως
2905 4774 3370 4847 πλημμελήματα.

886 4868 1051 4925 Vens.
1086 4869 1139 4923 '5.
1178 4866 1317 4921 Deus
1358 4881 1524 4929 meus;
1566 4863 1805 4917 clamabo
1846 4864 1914 4917 ad
1949 4873 1994 4917 te
2023 4881 2115 4934 per
2144 4864 2303 4929 diem,
2334 4875 2383 4918 et

817 4980 921 5018 non
944 4959 1229 5025 exaudies;
1264 4968 1312 5013 et
1343 4968 1515 5019 nocte,
1550 4965 1598 5010 et
1630 4972 1733 5009 non
1756 4954 1823 5008 ad
1850 4950 2205 5025 insipientiam
2236 4956 2384 5012 mihi.

807 5053 945 5112 'flzec
974 5054 1040 5109 dc
1066 5052 1225 5107 nobis
1249 5051 1531 5121 confessus
1556 5046 1825 5111 Salvator,
1854 5048 1928 5101 ait
1962 5068 1973 5102 :
2005 5047 2094 5102 Sic
2118 5048 2387 5118 clamante

821 5160 929 5209 me,
953 5143 1332 5199 exauditurnm
1362 5150 1415 5197 te
1444 5140 1571 5195 novi
1606 5158 1618 5193 :
1651 5154 1776 5193 nam
1803 5152 1928 5219 eum
1952 5139 2387 5211 interpunctione

806 5236 1125 5308 legendum.
1151 5233 1217 5286 Et
1242 5242 1399 5287 nocte
1424 5247 1642 5304 quoque
1673 5230 1941 5294 clamabo,
1965 5246 2143 5301 neque
2173 5231 2223 5285 id
2252 5230 2385 5285 mihi

816 5330 885 5384 ad
935 5325 1307 5397 insipientiam
1362 5331 1677 5394 reputetur;
1723 5322 2162 5392 quandoquidem
2204 5324 2384 5379 tristia

817 5422 1025 5474 circum
1060 5432 1147 5472 me
1182 5415 1359 5487 posita
1397 5423 1543 5469 sunt.
1582 5416 1735 5470 Multi
1772 5430 1903 5470 sane
1930 5416 1984 5470 in
2010 5417 2268 5487 perplexo
2297 5431 2386 5470 re-

815 5526 939 5565 rum
966 5518 1112 5566 statu
1148 5510 1380 5579 caligine
1418 5507 1801 5570 obvolvuntur,
1837 5514 1897 5561 ut
1922 5508 2082 5561 etiam
2116 5507 2246 5577 quid
2276 5507 2387 5561 cla-

820 5594 990 5658 manti
1025 5603 1331 5665 dicendum
1374 5600 1485 5656 Deo
1531 5604 1601 5658 sit
1650 5601 1943 5673 ignorent:
1978 5614 2041 5655 ac
2081 5617 2181 5673 ego
2221 5599 2389 5671 probe

818 5697 947 5750 novi
989 5711 1095 5765 qua
1138 5696 1205 5750 de
1257 5709 1422 5750 causa
1465 5700 1746 5748 nocturnae
1790 5692 1895 5746 illae
1927 5692 2275 5749 calamitates
2300 5707 2386 5746 me

820 5789 1277 5845 circumveniant.

2566 4872 2627 4925 '0
2650 4874 2791 4945 Θεός
2821 4890 2960 4943 μου,
2996 4870 3354 4940 κεκράξομαι
3389 4868 3612 4945 ἡμέρας
3642 4868 3789 4937 πρὸς
3825 4869 3920 4934 σὲ,
3961 4871 4061 4927 καί

2488 4965 2597 5016 οὐκ
2628 4942 2961 5032 εἰσακούσῃ
2982 4981 2995 4994 ·
3048 4963 3147 5016 καί
3186 4961 3439 5026 νυκτὸς,
3475 4960 3569 5013 καὶ
3598 4942 3711 5014 οὐκ
3742 4963 3828 5026 εις
3852 4960 4083 5017 ἄνοιαν-

2483 5056 2632 5124 ἐμοί.
2668 5057 2851 5110 Ταῦτα
2874 5057 2928 5109 δέ
2954 5057 3082 5127 περὶ
3107 5058 3138 5126 ἡ
3148 5053 3261 5125 μῶν
3287 5052 3792 5124 ἐξομολογούμενος,
3816 5055 3843 5107 ὁ
3870 5055 4061 5127 Σωτήρ

2485 5148 2662 5215 λέγει·
2719 5147 2874 5202 Οῦτω
2901 5148 2957 5201 δέ
2991 5164 3090 5217 μου
3122 5145 3387 5224 βοῶντος,
3434 5140 3579 5211 οἶδα,
3615 5146 3697 5198 ὃτι
3729 5146 4056 5219 είσακούσῃ·

2491 5238 2608 5309 μεθ’
2644 5240 2985 5311 ὑποστιγμῆς
3024 5239 3129 5308 γὰρ
3167 5237 3561 5305 ἀναγνωστέον.
3628 5238 3738 5291 Καὶ
3774 5240 3967 5303 νυκτὸς
4003 5239 4060 5292 δὲ

2489 5332 2857 5403 κεκράξομαι,
2911 5333 3009 5384 οὐκ
3060 5329 3246 5391 ἀνοίας
3300 5345 3387 5399 μοι
3426 5328 3812 5399 λογιζομένηςο
3870 5330 3957 5383 ὅτε
3994 5330 4060 5382 τὰ

2492 5425 2886 5496 περιεστηκότα
2927 5422 3043 5475 ἐστὶ
3088 5421 3403 5493 σκυθρωπά.
3436 5422 3554 5487 Τῶν
3593 5422 3803 5476 πολλῶν
3842 5423 3900 5475 ἐν
3939 5423 4059 5482 ταῖς

2488 5517 2839 5589 περιστάσεσι
2871 5513 3266 5585 σκοτιζομένων
3284 5556 3297 5580 ,
3329 5514 3403 5576 ὼς
3431 5513 3686 5568 καὶάὺτὸ
3712 5512 3869 5565 τοῦτο
3900 5509 3953 5563 τί
3980 5511 4062 5562 δεῖ

2490 5606 2761 5680 κράζοντα
2799 5606 2933 5677 πρὸς
2965 5605 3095 5658 Θεὸν
3128 5604 3303 5673 λέγειν
3335 5600 3571 5671 ἀγνοεῖν
3624 5604 3921 5672 ἐπίσταμαι
3953 5600 4057 5672 γὰρ

2490 5697 2600 5765 ἐγὼ
2625 5698 2762 5761 τίνος
2793 5698 2955 5754 ἕνεκα
2983 5684 3107 5767 περί
3134 5696 3234 5767 ἐμὲ
3257 5695 3542 5767 νυκτερινὴ
3565 5684 3895 5755 κατάστασίς
3920 5693 4051 5747 ἐστι.

885 5974 935 6007 ⁸³
974 5971 990 6026 l
1025 5970 1171 6027 Pctr.
1211 5986 1284 6041 ιι,
1315 5970 1405 6029 22.
1484 5975 1497 6003 ¹
1539 5971 1695 6027 Joan.
1732 5986 1779 6042 ι,
1814 5970 1902 6028 56.
1980 5974 2000 6005 ²
2042 5971 2083 6028 ll
2117 5970 2239 6028 Cor.
2273 5988 2337 6037 ν,
2374 5971 2433 6026 21

2419 5973 2463 6029 I.
2539 5970 2558 6003 ⁸
2596 5969 2713 6026 Gal.
2755 5982 2815 6023 ni
2840 6005 2857 6031 ,
2897 5964 2985 6021 15.
3061 5962 3082 5998 ⁵
3120 5930 3227 6019 lsa.
3264 5974 3359 6016 un
3384 6000 3397 6027 ,
3435 5960 3485 6014 5.
