4302 6406
885 513 988 569 207

1553 511 1825 568 EUSEBII
1864 510 2344 569 CESARIENSIS
2383 512 2533 573 OPP.
2574 512 2755 572 PARS
2816 513 2979 571 Ill.—
3004 516 3416 575 EXEGETICA.

4049 518 4161 572 208

885 628 1072 686 bitere.
1130 624 1237 682 Sed
1294 625 1434 682 alius
1477 627 1613 682 ordo
1645 643 1927 699 genusque
1966 628 2249 683 hominum
2291 629 2360 684 ab
2392 629 2459 686 iis
2490 644 2532 701 Α
2562 649 2584 684 τ

2458 670 2459 677 η
2490 644 2532 701 Α
2562 630 2767 697 πάθους
2793 634 3239 704 καιρόν.⁹Έτερον
3272 633 3329 687 δὲ
3359 631 3548 705 τάγμα
3573 632 3726 705 παρὰ
3757 633 3968 700 τούτοις
3995 633 4157 701 ὲξου-

885 720 1196 786 diversum,
1248 720 1522 791 abiectum
1569 720 2171 801 habuerunt..Quinam
2223 723 2457 779 illi’nisi
2558 724 2584 777 δ

2558 724 2774 797 δένωμα
2796 725 2960 780 αὐτὸν
2993 726 3313 797 ἐκτήσαντο.
3347 726 3505 785 Ποῖον
3532 727 3589 781 δὲ
3610 727 3769 781 τοῦτο
3794 726 3875 799 ἢὸ
3903 730 3968 782 ὲκ
3996 745 4157 801 περι-

816 836 833 861 ν
884 812 1116 883 populus
1144 827 1210 867 ex
1233 812 1695 868 circumcisione?
1727 813 1853 868 Ideo
1901 819 1981 869 sic
2036 800 2316 871 concludit
2362 831 2458 889 po-

2455 849 2458 857 -
2556 818 2731 889 τομῆς
2761 818 2925 884 λαός;
2968 818 3057 871 Διὸ
3108 818 3349 887 ἐπιλέγει
3406 818 3552 891 ἑξῆς,
3608 818 3707 873 καὶ
3763 800 4154 891 ἐξουδένωμιι

880 897 1017 973 δίοο,
1058 915 1108 960 et
1165 906 1390 977 abjectio
1439 907 1624 975 plebis.
1665 906 1798 962 Nam
1840 908 2135 964 illudcntes
2184 910 2231 965 ei
2291 918 2456 982 atque
2554 914 2579 961 ιλ

2450 932 2456 966 ε
2554 910 2729 963 λαοῦ.
2756 908 3143 973 Διαπαίζοντες
3160 909 3272 982 γὰρ
3296 910 3458 964 αὐτὸν
3487 905 3627 964 οὗτοι
3658 910 3752 964 καὶ
3769 909 4149 981 χλευάζοντες,

875 996 1184 1053 deridentes
1216 1014 1363 1066 eum,
1408 998 1523 1052 haec
1573 998 1974 1068 loquebantur"
2011 1019 2022 1054 :
2070 1000 2221 1054 Vah!
2242 1002 2335 1072 qui
2362 1002 2455 1057 de-

874 1093 1035 1146 struis
1073 1092 1346 1160 templum,
1388 1100 1438 1146 et
1480 1093 1533 1146 in
1575 1094 1744 1146 tribus
1768 1092 1951 1148 diebus
1982 1093 2219 1165 a‘diﬁcas
2255 1097 2447 1165 ipsum.

2554 1001 2739 1070 ἔλεγον
2759 1018 2773 1031 ο
2809 1000 2953 1068 Οὺά,
2984 1004 3017 1055 ὁ
3044 1004 3359 1057 καταλύων
3384 1003 3490 1057 τὸν
3513 1004 3684 1066 ναὸν,
3712 1002 3809 1059 καὶ
3858 1002 3928 1057 ἐν
3946 1005 4152 1073 τρισὶν

2553 1092 2802 1161 ἡμέραις
2829 1093 3157 1164 οἰκοδομῶν
3184 1096 3389 1150 αὐτόν.
3401 1096 3654 1162 Ἄλλους
3694 1097 3909 1160 ἔσωσε,
3943 1098 4143 1150 σωσάι

837 1186 1023 1239 ‘Alios
1072 1186 1246 1241 salvos
1280 1184 1427 1254 fecit,
1473 1184 1679 1238 salvum
1715 1186 1883 1253 faciat
1931 1188 2181 1257 seipsum.
2234 1187 2294 1243 Si
2341 1188 2451 1243 Rea:

2448 1206 2451 1231 τ
2550 1206 2629 1241 τω
2657 1190 2893 1243 ἑαυτόν.
2931 1192 2998 1243 Et
3024 1189 3327 1255 ,ϐασιλεὺς
3375 1190 3481 1245 τοῦ
3523 1189 3760 1259 Ἰσραήλ
3809 1190 4005 1253 ἐστιν,
4039 1205 4147 1243 κα-

873 1274 1050 1332 lsrael
1074 1286 1175 1342 est,
1206 1275 1491 1330 descendat
1516 1291 1653 1330 nunc
1685 1276 1748 1331 de
1773 1293 1944 1346 cruce,
1972 1288 2021 1332 et
2043 1278 2311 1333 credemus
2343 1280 2410 1335 ei.

936 1480 1103 1537 Vens.
1135 1482 1189 1543 8,
1220 1481 1275 1537 9.
1318 1482 1390 1538 De
1424 1483 1659 1554 ipsamet
1706 1498 1764 1537 rc
1818 1482 1872 1537 iu
1919 1484 2280 1554 sequentibus
2311 1485 2442 1540 talia

838 1574 1062 1630 -l'atur:
1118 1574 1311 1631 Omnes
1360 1576 1593 1629 videntes
1652 1592 1730 1629 me
1774 1576 2070 1629 deriserunt
2123 1593 2225 1641 me,
2280 1577 2442 1631 locuti

862 1677 988 1721 sunt
1015 1666 1173 1722 labiis
1203 1678 1248 1722 et
1299 1678 1570 1723 mouerunt
1596 1679 1776 1739 caput.
1812 1669 2054 1740 Speravit
2097 1670 2151 1724 in
2186 1669 2436 1735 Domino,

858 1762 1046 1829 eripiat
1074 1776 1213 1825 eum,
1255 1761 1460 1816 salvum
1503 1760 1670 1831 faciat
1703 1777 1844 1825 eum,
1874 1762 2125 1831 quoniam
2155 1762 2263 1815 vult
2295 1778 2434 1818 eum.

859 1853 984 1909 Haec
1016 1869 1185 1926 porro
1215 1854 1439 1926 impleta
1491 1863 1622 1911 sunt
1664 1855 1941 1924 passionis
1990 1855 2251 1910 salutaris
2299 1862 2437 1909 tem-

856 1962 1009 2018 pore,
1040 1956 1101 2003 ut
1135 1948 1424 2005 Matthaus
1458 1956 1650 2003 narrat
1681 1948 1768 2003 his
1802 1947 1989 2004 verbis
2037 1966 2050 2001 :
2100 1946 2436 2002 Prwtereun-

2550 1280 2775 1335 ταόάτω
2806 1281 2925 1335 νῦν
2963 1280 3081 1336 ἀπὸ
3124 1281 3229 1336 τοῦ
3268 1280 3558 1351 σταυροῦ,
3593 1280 3692 1335 καὶ
3734 1281 4148 1351 πιστεύσομεν

2548 1372 2727 1440 αὐτῷ.

2615 1491 2753 1563 Περὶ
2782 1454 2890 1544 τῶν
2918 1490 3098 1545 αὐτῶν
3118 1490 3211 1544 καὶ
3236 1488 3305 1543 τὰ
3328 1490 3455 1563 ἑξῆς
3472 1490 3719 1563 ἐπιφέρει
3742 1490 3942 1561 λέγων·
3971 1489 4139 1547 Πάν-

2544 1601 2643 1651 τες
2674 1586 2728 1639 οἱ
2760 1582 3123 1653 θεωροῦντές
3146 1599 3224 1653 με
3254 1581 3732 1653 ἐξεμυκτγῖρισάν
3767 1600 3844 1654 με
3862 1601 3874 1614 ·
3907 1583 4141 1656 ἐλάλη-

2540 1694 2663 1731 σαν
2689 1678 2759 1732 ὲν
2787 1679 3079 1747 χείλεσιν,
3096 1677 3390 1745 ἐκίνησαν
3414 1676 4013 1746 κεφαλήν.Ἧλπισεν
4032 1677 4136 1732 ἐπὶ

2510 1798 2514 1807 “
2538 1772 2751 1839 Κυρίῳ,
2769 1773 3062 1840 ῥυσάσθω
3091 1770 3301 1824 αὐτόν·
3331 1770 3582 1824 σωσάτω
3612 1769 3819 1835 αὐτὸν,
3844 1769 3933 1825 ὅτι
3970 1764 4138 1827 θέλει

2536 1864 2740 1917 αὐτόν.
2776 1864 2887 1917 Καὶ
2924 1862 3096 1917 ταῦτα
3134 1860 3440 1933 ἐπληροῦτο
3484 1861 3627 1916 κατὰ
3664 1862 3757 1917 τὸν
3800 1864 3992 1935 καιρὸν
4031 1860 4132 1917 τοῦ

2538 1956 2805 2027 σωτηρίου
2840 1955 3065 2020 πάθους,
3087 1954 3208 2009 καθ’
3236 1954 3294 2007 ὃν
3327 1956 3531 2026 ἱστορεῖ
3562 1954 3736 2024 λέγων
3770 1957 3797 2009 ὁ
3823 1953 4129 2018 Ματθαῖος·

854 2017 929 2096 tes
964 2051 1141 2096 autem
1182 2040 1620 2111 blaspltemabant
1666 2056 1785 2095 eum
1817 2050 2077 2095 moventes
2102 2042 2279 2109 capita
2308 2057 2429 2105 sua,
2466 2017 2507 2077 Β
2541 2058 2553 2102 ι

2466 2017 2507 2077 Β
2541 2052 2606 2103 Ol
2744 2017 3296 2117 παραπορευόμνω
3345 2017 3779 2116 ἐϐλασφήμουν
3815 2046 4006 2103 αὑτὸν
4043 2017 4132 2101 κι-

850 2143 902 2188 et
927 2134 1157 2191 dicentes
1189 2152 1207 2189 :
1248 2133 1403 2189 Vah!
1434 2136 1525 2207 qui
1554 2134 1785 2189 destruis
1819 2134 2071 2204 templum
2091 2144 2139 2189 et
2173 2123 2229 2188 iri
2250 2133 2430 2188 triduo

849 2228 989 2283 illud
1028 2228 1321 2298 rewdiﬁcas
1354 2245 1371 2283 :
1407 2229 1570 2284 salva.
1604 2230 1937 2297 temetipsum
1974 2244 1992 2283 :
2025 2228 2071 2283 si
2116 2226 2294 2281 Filius
2330 2226 2429 2282 Dei

847 2335 925 2382 es,
970 2318 1223 2374 descende
1256 2336 1394 2373 nunc
1440 2318 1505 2373 de
1554 2335 1730 2375 cruce.
1773 2318 2034 2375 Similiter
2073 2329 2123 2373 et
2165 2319 2426 2390 principes

846 2411 1177 2469 sacerdotum
1204 2412 1486 2470 illudentes
1512 2431 1632 2469 cum
1662 2414 1953 2469 Pltariswis
1978 2424 2027 2469 et
2052 2413 2254 2469 Scribis
2283 2413 2425 2467 dice-

840 2508 969 2563 bant
1004 2524 1022 2563 :
1054 2508 1205 2575 Alios
1230 2510 1406 2563 salvos
1437 2509 1582 2578 fecit,
1620 2510 1851 2578 seipsum
1882 2526 1984 2562 nou
2019 2517 2189 2578 potest
2218 2508 2421 2562 salvum

842 2604 1035 2673 Iacere.
1077 2600 1139 2657 Si
1177 2600 1286 2655 Rex
1336 2601 1511 2656 Israel
1537 2600 1640 2667 est,
1679 2602 1961 2657 descendat
1993 2619 2130 2656 nunc
2163 2602 2227 2657 de
2248 2618 2421 2665 cruce,

839 2705 888 2749 et
918 2694 1190 2749 credemus
1219 2694 1288 2748 ei.
1324 2693 1571 2763 Conﬁsus
1603 2703 1682 2750 est
1715 2696 1768 2748 in
1816 2694 1947 2758 Deo,
1993 2695 2175 2750 liberet
2202 2711 2345 2763 eum,
2375 2696 2423 2749 si

841 2790 949 2843 vult
973 2806 1092 2843 eum
1113 2805 1131 2843 :
1156 2788 1293 2842 dixit
1314 2789 1473 2845 enim.
1510 2786 1685 2843 Filius
1724 2788 1816 2843 Dei
1847 2805 1965 2844 sum
1988 2789 2026 2846 ⁸.

2536 2139 2789 2207 νοῦντες
2818 2141 2927 2207 τὰς
2957 2140 3225 2209 κεφαλὰς
3258 2137 3457 2193 αὐτῶν
3488 2139 3587 2193 καὶ
3628 2138 3911 2209 λέγοντες
3930 2157 3943 2170 ’
3975 2139 4127 2205 οὐὰ,

2536 2234 2570 2285 ὀ
2596 2233 2911 2286 καταλύων
2940 2231 3047 2285 τὸν
3063 2230 3234 2297 ναὸν,
3260 2231 3359 2285 καὶ
3382 2231 3453 2285 ἑν
3468 2230 3672 2298 τρισὶν
3696 2229 3945 2299 ἡμέραις
3966 2232 4128 2286 οἰκο-

2533 2321 2730 2393 δομῶν
2756 2312 2942 2376 αὐτόν
2960 2339 2973 2352 ·
2998 2321 3205 2377 σῶσον
3228 2322 3463 2377 ἑαυτόν.
3480 2323 3550 2377 Ei
3582 2319 3714 2384 Υιὸς
3738 2317 3797 2375 εἷ
3815 2320 3922 2375 τοῦ
3947 2321 4124 2385 Θεοῦ,

2533 2413 2817 2484 κατάϐηθι
2857 2413 2975 2467 νῦν
3016 2413 3135 2469 ἀπὸ
3179 2414 3285 2469 τοῦ
3328 2411 3617 2483 σταυροῦ.
3635 2413 3872 2482 Ὁμοίως
3913 2414 4015 2467 καὶ
4064 2416 4123 2468 οι

2531 2496 2822 2575 ἀρχιερεῖς
2851 2504 3156 2571 παίζοντες
3175 2502 3327 2575 μετὰ
3357 2502 3474 2558 τῶν
3492 2502 3830 2572 Φαρισαίων
3867 2500 3967 2555 καὶ
4000 2498 4123 2555 τῶν

2531 2598 2915 2669 γραμματέων
2934 2600 3149 2669 ἔλεγον
3166 2615 3179 2628 ·
3206 2599 3477 2664 Ἄλλους
3498 2596 3754 2659 ἔσωσεν,
3787 2593 4007 2648 ἑαυτὸν
4044 2594 4119 2647 οὐ

2528 2692 2778 2747 δύναται
2807 2690 3021 2748 σῶσαι.
3047 2694 3116 2746 El
3141 2691 3441 2757 ,ϐασιλεὺς
3477 2688 3715 2758 Ἰσραήλ
3748 2687 3898 2752 ἐστι,
3932 2703 4117 2741 κατα-

2528 2786 2681 2841 ϐάτω
2704 2786 2822 2840 νῦν
2843 2785 2962 2841 ἀπὸ
2990 2785 3097 2840 τοῦ
3128 2783 3415 2854 σταιιοοῦ,
3440 2784 3538 2838 καὶ
3573 2782 3981 2851 πιστεύσομεν
4002 2780 4117 2834 αὐ-

2524 2878 2622 2945 τῷ.
2649 2879 2941 2945 Πέποιθεν
2979 2878 3077 2933 ἐπὶ
3119 2878 3200 2945 τῷ
3234 2877 3376 2944 Θεῷ,
3396 2876 3689 2946 ῥυσάσθω
3710 2875 3916 2939 αὑτὸν,
3941 2876 3995 2929 ει
4014 2872 4113 2930 θέ-

2416 3037 2421 3042 ,
2522 2976 2615 3027 λει
2643 2975 2859 3028 αὐτόν·
2891 2969 3020 3027 εἷπε
3040 2971 3171 3043 τὰρ,
3205 2971 3293 3025 ὅτι
3319 2970 3425 3025 τοῦ
3462 2969 3609 3025 Θεοῦ
3642 2971 3757 3041 ειμι
3790 2971 3824 3023 ό
3865 2969 4019 3034 Υἱός.

910 3078 1074 3135 Vsus.
1104 3078 1196 3155 ⁴10,
1229 3080 1316 3134 Η.
1361 3078 1626 3145 Quoniam
1660 3087 1715 3131 tu
1751 3094 1826 3143 es,
1876 3078 1967 3148 qui
2004 3080 2291 3134 extraxisti
2334 3096 2416 3134 me

832 3173 897 3231 de
923 3180 1095 3228 uentre
1126 3187 1145 3226 :
1178 3189 1294 3243 spes
1336 3187 1452 3225 mea
1486 3170 1551 3223 ab
1581 3170 1826 3226 uberibus
1862 3171 2050 3226 matris
2082 3186 2231 3225 metr.
2265 3168 2335 3225 In
2365 3178 2415 3226 te

833 3271 1097 3343 projectus
1121 3282 1240 3321 sum
1266 3280 1333 3319 ex
1368 3274 1518 3319 utero
1549 3281 1567 3319 :
1600 3262 1665 3319 de
1696 3273 1870 3319 ventre
1899 3265 2087 3319 matris
2112 3280 2241 3319 mea:
2269 3263 2411 3319 Deus

2595 3088 2715 3141 Ὅτι
2742 3088 2823 3142 σὺ
2849 3084 2955 3143 ald
2978 3086 3297 3151 ἐκσπάσας
3332 3102 3408 3154 με
3444 3084 3513 3137 ἐκ
3540 3081 3821 3155 γαστρὸς,
3852 3082 3891 3151 ἠ
3930 3079 4113 3146 ἐλπίς

2515 3196 2633 3250 μου
2656 3179 2773 3234 ἀπὸ
2793 3179 3043 3256 μαστῶν
3070 3179 3178 3247 τῆς
3198 3180 3423 3249 μητρός
3440 3176 3720 3248 pou-Eccl
3754 3176 3830 3230 σὲ
3856 3176 4113 3245 ἐρῤίφηιι

2517 3271 2589 3326 ἐκ
2609 3271 2863 3342 μήτρας,
2891 3272 2960 3325 ἐκ
2976 3272 3209 3338 κοιλίας
3230 3272 3457 3340 μητρός
3473 3286 3591 3339 μου
3618 3268 3764 3335 Θεός
3778 3285 3898 3338 μου
3922 3263 3983 3321 εἴ
3999 3266 4108 3331 σὺ,

834 3379 980 3418 meus
1007 3378 1062 3417 es
1090 3369 1177 3425 tu;
1229 3375 1292 3414 ne
1333 3357 1641 3413 discesseris
1680 3373 1715 3410 α
1752 3374 1855 3414 me.
1884 3355 2145 3413 'Declarat
2192 3372 2255 3414 se
2299 3371 2411 3413 non
2441 3396 2485 3456 ο
2513 3382 2533 3434 Α

2409 3403 2411 3410 ι
2441 3396 2485 3456 C
2513 3364 2601 3434 μὴ
2630 3362 2909 3433 ἀποστῇς
2932 3364 3034 3419 ἀπ’
3054 3362 3222 3456 ἐμοῦ.
3258 3362 3615 3456 Παρεστησιν,
3742 3360 3803 3456 ού
3833 3358 3975 3413 κατὰ

831 3454 1109 3512 communi
1128 3458 1339 3508 natura:
1366 3468 1490 3517 usu,
1516 3466 1696 3523 neque
1714 3451 1832 3522 pari
1856 3459 2022 3522 atque
2044 3450 2137 3506 alii
2163 3449 2414 3507 homines
2450 3449 2484 3456 V
2520 3476 2530 3509 t

2408 3466 2414 3503 ι
2450 3449 2484 3456 τ
2520 3474 2627 3521 σιν,
2660 3456 2782 3511 οὐδὲ
2807 3457 3009 3528 ὁμοίως
3035 3459 3148 3523 τοῖς
3169 3455 3374 3519 λοιποῖς
3403 3455 3607 3509 ἆπασιν
3631 3452 3961 3527 ἀνθρώποις,
3980 3452 4107 3508 οὐδὲ

829 3556 1137 3620 επιετοιιιιο
1169 3546 1468 3601 animantia
1506 3546 1637 3611 ritu,
1690 3545 1905 3603 scilicet
1949 3560 2017 3601 ex
2064 3545 2311 3601 masculo
2358 3550 2413 3600 et

827 3628 1036 3699 femina
1075 3641 1439 3697 constitutum
1493 3653 1639 3705 esse,
1687 3653 1865 3710 neque
1910 3647 2094 3693 ortum
2129 3654 2189 3695 se
2217 3637 2409 3694 eadem

824 3737 1040 3793 ratione
1086 3734 1291 3801 fuisse;
1341 3732 1437 3789 sed
1469 3732 1601 3803 quid
1641 3742 1837 3803 praeter
1886 3732 2165 3804 vulgarem
2200 3738 2411 3787 natura:

824 3829 1074 3887 ordinem
1110 3827 1389 3882 habuisse.

898 3921 1063 3978 Vens.
1114 3920 1181 3974 12
1210 3920 1337 3974 -M.
1380 3919 1649 3987 Quoniam
1696 3918 1970 3973 tribulatio
2020 3919 2267 3987 proxima
2303 3930 2404 3983 est,

823 4016 1074 4086 quoniam
1123 4021 1340 4066 nonest
1388 4013 1479 4081 qui
1515 4010 1748 4080 adjuvet.
1795 4010 2269 4065 Circumdederunt
2323 4027 2405 4065 nte

822 4107 978 4163 uituli
1036 4105 1214 4170 multi,
1260 4106 1405 4159 tauri
1441 4105 1656 4175 pingues
1702 4102 2015 4157 obsederunt
2060 4102 2406 4174 me.Nequa-

822 4216 986 4273 quam
1018 4214 1047 4253 a
1077 4213 1209 4254 vero
1240 4197 1605 4259 aberraveris,
1639 4195 1685 4252 si
1721 4204 1912 4251 tauros
1957 4196 2208 4266 pingues,
2251 4196 2406 4266 prin—

822 4297 974 4365 cipes
1023 4291 1239 4347 Judaici
1276 4289 1493 4361 populi;
1550 4288 1668 4343 sive
1716 4287 1993 4359 principes
2028 4284 2399 4349 sacerdotum,

821 4388 1032 4444 scribas
1059 4394 1113 4442 et
1152 4384 1401 4441 seniores
1444 4382 1757 4455 significare
1784 4380 2015 4436 dixeris.
2050 4377 2293 4448 llujusce
2323 4379 2403 4449 rei

819 4482 1026 4538 mentio
1054 4479 1287 4535 habetur
1319 4480 1373 4533 in
1406 4476 1752 4547 sexagesimo
1789 4474 2027 4545 septimo
2071 4473 2283 4545 psalmo
2312 4472 2398 4528 his

814 4572 1037 4628 verbis:
1078 4569 1301 4640 lucrepa
1336 4570 1478 4639 feras
1502 4567 1782 4622 arundinis
1812 4583 1829 4620 :
1855 4566 2188 4638 congregatio
2216 4576 2399 4619 tauro-

817 4680 936 4717 rum
959 4664 1012 4716 in
1035 4664 1206 4717 vaccis
1230 4663 1541 4731 populorum
1564 4665 1606 4717 '.
1646 4660 1743 4717 llic
1777 4670 1943 4732 porro
1974 4661 2228 4731 populos,
2265 4673 2397 4713 vac-

2515 3550 2627 3615 τοῖς
2662 3550 2869 3615 λοιποῖς
2892 3548 3054 3616 ζώοις
3086 3548 3502 3623 παραπλησίως,
3534 3550 3645 3612 τοῖς
3672 3545 3734 3613 ὲξ
3756 3547 3983 3620 ἄρρενος
4006 3550 4106 3602 καὶ

2513 3640 2752 3715 θηλείας,
2789 3641 3198 3715 συνιστάμενος,
3225 3643 3320 3696 καὶ
3364 3640 3434 3696 τὰ
3480 3641 3579 3712 τῆς
3625 3638 3788 3694 αὐτοῦ
3834 3639 4106 3709 γενέσεως

2513 3732 2878 3788 συνετελεῖτο⁶
2922 3729 3037 3806 εἶχε
3076 3733 3134 3789 δέ
3169 3752 3223 3788 τι
3262 3734 3432 3787 πλείω
3472 3732 3627 3805 παρὰ
3653 3732 3753 3805 τὴν
3782 3732 3968 3806 κοινὴν
3999 3728 4104 3803 φύ-

2512 3844 2617 3884 σιν.

2581 3920 2701 3974 Ὅτι
2733 3921 2938 3990 θλίψις
2965 3920 3165 3992 ἐγγὺς,
3197 3918 3285 3973 ὅτι
3312 3921 3424 3973 οὐκ
3454 3917 3628 3971 ἔστιν
3647 3920 3681 3971 δ
3701 3915 3963 3985 βοηθῶν.
3992 3919 4099 3970 Hs-

2500 4013 2921 4082 ριεκύκλωσὰν
2945 4030 3023 4083 με
3041 4013 3261 4081 μόσχοι
3284 4008 3520 4077 πολλοὶ,
3545 4008 3748 4079 ταῦροι
3765 4010 3973 4075 πίονες
3993 4021 4099 4063 πε-

2499 4108 2752 4177 ριέσχον
2792 4125 2889 4177 με.
2924 4106 3037 4161 Οὐκ
3084 4104 3152 4159 ἂν
3190 4106 3455 4176 ἁμάρτοις
3506 4103 3633 4166 τοὺς
3684 4100 3951 4174 ἄρχοντας
3998 4098 4097 4153 τοῦ

2519 4197 2787 4253 Ἰουδαίων
2809 4199 2993 4263 ἔθνους
3014 4196 3248 4269 ταύρους
3272 4195 3477 4260 πίονας,
3500 4193 3790 4266 ἀρχιερέας
3813 4193 3905 4247 καὶ
3923 4206 4100 4265 γραμ-

2509 4289 2699 4359 ματεῖς
2728 4288 2823 4341 καὶ
2859 4286 3279 4359 πρεσϐυτέρους,
3308 4284 3395 4339 διὰ
3436 4283 3640 4339 τούτων
3668 4281 3958 4354 δηλοῦσθαι
3984 4284 4094 4353 φή-

2508 4394 2625 4441 σας.
2642 4377 2930 4449 Μέμνηται
2958 4378 3015 4432 δὲ
3042 4377 3220 4432 αὐτῶν
3248 4376 3277 4429 ὁ
3303 4376 3459 4446 λόγος
3488 4376 3545 4429 ὲν
3572 4372 3850 4447 ἑξηκοστῷ
3876 4371 4093 4445 ἑϐδόμῳ

2504 4470 2702 4544 ψαλμῷ
2727 4472 2907 4541 λέγων
2928 4489 2940 4502 ’
2990 4472 3374 4543 Ἐπιτίμησον
3396 4473 3521 4538 τοῖς
3541 4470 3768 4539 θηρίοις
3786 4466 3892 4523 τοῦ
3915 4465 4093 4522 καλά-

2497 4568 2617 4636 μου
2636 4583 2649 4595 ·
2690 4566 2729 4635 ἡ
2772 4565 3094 4637 συναγωγὴ
3136 4564 3255 4620 τῶν
3290 4566 3522 4635 ταύρων
3549 4565 3621 4619 ἐν
3641 4564 3771 4629 ταῖς
3793 4559 4090 4632 δαμάλεσι

2502 4658 2621 4713 τῶν
2667 4658 2855 4715 λαῶν.
2874 4660 3011 4714 Ἀλλ’
3043 4658 3275 4715 ἐνταῦθα
3327 4658 3452 4723 τοὺς
3482 4658 3580 4731 μὲν
3624 4656 3787 4720 λαοὺς
3828 4652 4109 4725 δαμάλεις

815 4772 933 4820 cas,
975 4756 1173 4826 p0puli.
1204 4754 1391 4819 duces,
1444 4764 1629 4811 tauros
1663 4755 2020 4826 nuncupavit.
2052 4753 2110 4809 ln
2141 4750 2395 4823 praesenti
2426 4770 2472 4826 ι)
2500 4769 2514 4804 ι

2387 4750 2395 4806 i
2426 4770 2472 4826 ι)
2500 4751 2770 4823 ὠνόμασε,
2805 4752 2931 4817 τοὺς
2960 4751 3015 4805 δὲ
3046 4749 3154 4804 τῶν
3177 4750 3321 4804 λαῶν
3343 4746 3681 4821 ἡγουμένους
3703 4743 3956 4815 ταύρους.
3975 4738 4086 4793 Kal.

815 4850 944 4905 item
969 4849 1201 4920 psalmo,
1232 4848 1378 4903 illius
1409 4848 1551 4913 loco,
1589 4842 2061 4903 Cifcumdederunt
2106 4864 2187 4902 me
2239 4846 2391 4902 vituli
2498 4846 2514 4898 ὲ

2387 4848 2391 4897 ῐ
2498 4846 2556 4899 ὲν
2583 4844 2659 4917 τῷ
2698 4844 2920 4917 παρόντι
2947 4844 3002 4898 δὲ
3033 4842 3253 4915 ψαλμῷ,
3281 4842 3402 4896 ἀντὶ
3427 4839 3519 4893 τοῦ
3539 4855 3552 4869 ·
3589 4830 4086 4905 Περιεκύκλωσάν

815 4943 988 5007 multi,
1025 4940 1391 5015 Symmachus
1420 4942 1500 4995 sic
1536 4941 1719 5006 habet,
1749 4925 1970 4995 Jucenci
2000 4943 2143 4995 tauri
2174 4943 2392 5012 pingues

812 5039 1066 5110 saginati,
1100 5036 1445 5107 circumplexi
1480 5043 1605 5089 sunt
1640 5051 1740 5098 me,
1789 5035 1986 5105 inquit,
2020 5046 2070 5090 et
2100 5034 2396 5089 circumde—

811 5132 1001 5187 derunt
1032 5148 1145 5196 me;
1179 5131 1482 5187 secundum
1516 5129 1771 5199 Aquilam
1805 5144 1957 5195 vero,
2005 5128 2253 5184 Potentes
2282 5127 2394 5183 Ba-

811 5243 911 5281 san
943 5226 999 5281 in
1031 5226 1389 5296 spectaculum
1425 5225 1778 5279 traduxerunt
1830 5238 1941 5287 me;
1988 5225 2144 5294 queis
2197 5223 2393 5279 adum-

810 5320 1004 5376 bratur
1054 5320 1309 5375 militaris
1342 5319 1499 5374 Pilati
1545 5335 1763 5382 manus,
1815 5314 1996 5372 Basan
2048 5328 2386 5391 nuncupata,

809 5428 933 5485 qua:
978 5429 1243 5469 coronam
1307 5413 1554 5485 spineam
1608 5412 2017 5485 complicatam,
2064 5412 2389 5468 diadematis

810 5509 953 5572 loco,
989 5507 1155 5579 capiti
1179 5506 1300 5577 ejus
1334 5506 1615 5575 imposuit.
1648 5506 1979 5576 Aperuerunt
2009 5520 2163 5574 super
2187 5522 2306 5560 eum
2332 5520 2389 5557 os

808 5617 984 5667 suum,
1016 5603 1152 5656 sicut
1185 5602 1263 5657 leo
1293 5600 1503 5669 rapiens
1520 5610 1569 5654 et
1602 5602 1836 5671 rugiens,
1867 5600 2187 5663 clamantes,
2215 5598 2384 5663 Tolle,

810 5692 957 5756 tolle,
983 5695 1227 5765 cruciﬁge
1246 5711 1365 5748 eum
1391 5694 1453 5749 ‘°.
1485 5692 1717 5764 Sanguis
1749 5693 1862 5762 ejus
1892 5708 2050 5761 super
2082 5710 2173 5748 nos
2212 5702 2263 5749 et
2298 5710 2389 5747 su-

2493 4958 2571 5012 με
2599 4943 2822 5011 μόσχοι
2861 4940 3102 5005 πολλοὶ,
3135 4940 3163 4992 ὁ
3204 4936 3432 4999 ’Λκύλας
3466 4934 3561 5005 (1)·
3592 4929 3917 5001 Δαμάλαιοι
3945 4926 4085 4982 ταῦ-

2492 5052 2589 5103 ροι
2617 5036 2821 5101 πίονες
2843 5038 2897 5089 οἱ
2922 5032 3179 5089 σιτιστοὶ
3207 5029 3530 5099 περιέσχον
3555 5042 3652 5096 με,
3680 5023 3834 5094 φησὶ,
3856 5020 3955 5075 καὶ
3984 5037 4085 5076 πε-

2491 5129 2982 5199 ριεστοιχίιταντό
2995 5146 3070 5199 με
3088 5145 3102 5158 ⁸
3128 5125 3270 5181 κατὰ
3290 5124 3345 5177 δὲ
3366 5124 3458 5176 τὸν
3493 5119 3724 5174 Ἀκύλαν
3742 5134 3757 5150 ο
3784 5114 4083 5171 Δυνάσται

2502 5224 2710 5281 Βασὰν
2738 5218 3290 5293 διεδειγματίσαντό
3306 5215 3660 5289 μεηεῖρηται,
3688 5210 3784 5265 τοῦ
3810 5210 3968 5281 λόγου
3994 5211 4083 5265 αἰ-

2498 5318 2809 5390 νιττομένου
2846 5318 2943 5390 τὴν
2982 5314 3077 5369 τοῦ
3118 5310 3351 5366 Πιλάτου
3384 5305 3779 5381 στρατιωτικὴν
3810 5302 3981 5371 τάξιν,
4014 5302 4081 5373 ἦν

2499 5411 2676 5466 Βασὰν
2706 5413 3008 5484 ὠνόμασεν,
3040 5408 3088 5461 οἳ
3126 5407 3387 5477 στέφανον
3410 5403 3468 5469 ἐξ
3492 5400 3742 5458 ἀκανθῶν
3769 5399 4078 5469 πλέξαντες,

2498 5504 2618 5560 ἀντὶ
2636 5504 2963 5578 διαδήματος
2998 5501 3275 5574 ἐπέθηκαν
3307 5498 3473 5572 αὐτῷ.
3503 5495 3837 5562 Ἠνοὶξαντ’
3860 5495 3953 5548 ἐπ’
3974 5492 4081 5545 αὑ-

2494 5597 2575 5665 τῷ
2604 5597 2670 5653 τὸ
2705 5599 2899 5669 στόμα
2920 5593 3141 5661 αὐτῶν,
3165 5594 3432 5663 ὠςλέων
3466 5590 3739 5664 ἁρπάζων
3775 5589 3870 5644 καὶ
3894 5584 4077 5655 ὼρυὸ-

2489 5706 2692 5761 μενος,
2717 5691 3009 5756 βοῶντες·
3034 5685 3192 5759 Αἶρε,
3217 5685 3379 5767 αἶρε,
3400 5687 3754 5755 σταύρωσον
3772 5680 3979 5745 αὐτόν.
4009 5675 4077 5732 τὸ

877 5856 898 5887 ⁷
939 5851 1129 5909 Matth.
1163 5872 1348 5922 xxvu,
1382 5856 1569 5915 40-49..
1649 5857 1670 5889 '
1710 5854 1843 5911 ibid.
1878 5854 2065 5911 40-45.
2142 5858 2163 5889 ’
2203 5854 2353 5912 Psal.
2390 5867 2572 5916 um,

1649 5857 1670 5889 '
1710 5854 1843 5911 ibid.
1878 5854 2065 5911 40-45.
2142 5858 2163 5889 ’
2203 5854 2353 5912 Psal.
2390 5867 2572 5916 um,
2608 5853 2697 5907 3i.
2779 5854 2822 5886 ¹⁰
2861 5851 3019 5908 Joan.
3060 5867 3189 5914 xu,
3228 5850 3293 5904 15

872 6012 952 6085 (1)
989 6011 1128 6087 Lege
1158 6018 1493 6089 Et'ylpaxcq.
