4302 6404
273 13 652 27 ﬁ—J

196 134 213 155 ἓν

229 532 348 590 209

1372 543 1880 601 COMMENTARIA
1922 546 1989 602 IN
2028 549 2361 612 PSALMOS.

3391 567 3494 621 210

227 644 383 719 αἷμα
433 652 623 707 αὐτοῦ
673 653 766 723 ἐφ’
796 655 952 726 ἡμᾶς
996 659 1092 711 καὶ
1139 658 1236 713 ἐπὶ
1289 658 1360 713 τὰ
1405 659 1584 714 τέκνα
1635 659 1823 729 ἡμῶν.
1852 672 1901 727 Α

1791 679 1823 717 ·.
1852 672 1901 727 Α
1927 684 2020 738 per
2052 669 2243 725 liberos
2268 644 2477 725 iiostros
2500 674 2561 725 “.
2584 672 2779 743 Aquila
2812 689 2961 737 vero,
2984 676 3139 731 Sicut
3170 678 3268 741 leo,
3295 678 3490 748 inquit,

244 739 485 806 Ἀκύλας
528 742 613 797 δέ·
661 744 755 812 Ὡς
785 747 962 815 λέων,
997 751 1182 821 φησὶν,
1225 751 1497 804 ἀλίσκων
1537 752 1635 805 καὶ
1674 754 1826 821 ,βρυ-

232 828 509 900 χώμενος
528 850 543 866 ·
579 835 721 888 κατὰ
735 836 791 889 δὲ
810 838 901 891 τὸν
922 839 1217 912 Σύμμαχον
1232 858 1244 870 ·
1276 841 1368 906 Ὠς
1386 839 1542 894 λέων
1562 844 1825 910 θηρεύων

222 921 640 994 βρυχώμενος.
668 928 731 982 Οἱ
758 927 867 1000 γὰρ
893 930 1121 1002 αἵματος
1144 930 1422 999 διψῶντες,
1450 933 1545 987 καὶ
1564 938 1675 998 τοῖς
1700 937 1823 989 sau-

228 1014 346 1070 τῶν
372 1016 584 1081 τέκνοις
619 1020 991 1093 ἐπισπώμενοι
1017 1024 1077 1076 τὸ
1097 1023 1190 1076 τοῦ
1218 1023 1469 1096 Σωτῆρος
1503 1021 1662 1097 αἷμα,
1691 1028 1819 1098 βρυ-

226 1106 485 1178 χωμένου
511 1109 724 1175 λέοντος
755 1112 907 1167 οὐδὲν
938 1114 1202 1186 διέφερον.

307 1200 430 1252 Ὅτι
472 1199 831 1256 ἐκύκλωσάν
873 1221 950 1272 με
993 1206 1175 1271 κύνες
1219 1208 1459 1271 πολλοὶ,
1497 1209 1817 1280 συναγωγὴ

224 1288 730 1358 πονηρευομένων
748 1292 1069 1361 περιέσχον
1090 1311 1187 1365 με.
1211 1297 1363 1350 Μετὰ
1383 1299 1510 1362 τοὺς
1537 1300 1818 1366 Ἰουδαίους

221 1378 344 1433 τῶν
380 1379 442 1445 ἐξ
482 1381 652 1443 ἐθνῶν
685 1383 1014 1454 μνημονεύει
1064 1389 1431 1457 στρατιωτῶν.
1461 1390 1683 1455 Τούτοις
1708 1393 1817 1465 γὰρ

224 1468 430 1522 ἐκεῖνοι
480 1471 802 1543 παρέδοσαν.
838 1473 929 1525 Διὸ
974 1475 1066 1527 καὶ¹
1113 1476 1212 1547 τὴν
1263 1477 1417 1543 τάξιν
1452 1482 1816 1552 ήπροφητεία

222 1559 340 1615 τῶν
385 1563 723 1632 πραγμάτων
774 1563 1055 1633 ἐφύλαξεν.
1092 1568 1331 1633 Εἰκότως
1357 1572 1414 1624 δὲ
1443 1573 1677 1644 ταύρους
1717 1574 1813 1645 μὲν

224 1651 495 1718 ἐκείνους,
527 1654 690 1718 κύνας
719 1655 777 1727 δὲ
797 1658 1021 1723 τούτους
1040 1659 1349 1732 ὠνόμασεν·
1378 1664 1425 1715 οἱ
1450 1665 1548 1734 μὲν
1576 1665 1683 1737 γὰρ
1709 1667 1814 1720 ὑπὸ

218 1742 319 1797 τὸν
362 1743 457 1799 τοῦ
494 1744 657 1814 νόμου
688 1741 828 1817 ἦσαν
862 1748 1055 1817 ζυγὸν,
1087 1753 1136 1803 εί
1170 1755 1265 1805 καὶ
1292 1754 1582 1824 προφανῶς
1608 1757 1697 1811 τὸν
1722 1758 1810 1811 νό-

221 1852 330 1905 μον
379 1834 705 1907 παρέϐαινον
726 1855 739 1867 ·
778 1840 826 1891 οἱ
863 1839 919 1893 δὲ
959 1841 1101 1894 κατὰ
1127 1842 1290 1914 νόμον
1318 1840 1458 1915 ἦσαν
1488 1846 1828 1919 ἁκάθαρτοι.·

216 1923 384 1978 οὕτω
404 1926 462 1979 δὲ
495 1926 590 1981 καὶ
616 1929 644 1980 ὁ
677 1928 880 2002 Κύριος
910 1932 1008 2002 τὴν
1039 1934 1349 1989 Χαναναίαν
1378 1936 1808 2007 ὡνόμασεν.οὺκ

1926 763 2133 830 capiens
2187 773 2237 819 et
2284 765 2524 835 rugiens;
2586 764 2968 836 Symmachus,
3014 760 3167 821 Sicut
3195 769 3273 824 leo
3301 786 3492 826 sonans

1924 857 2253 926 rugieusque.
2279 855 2415 910 Nam
2445 858 2538 927 qui
2576 858 2897 927 sanguinem
2927 859 3202 924 sitiebant,
3254 858 3495 933 suosque

1922 948 2128 1003 liberos
2165 947 2468 1005 Salvatoris
2506 951 2774 1021 sanguine
2798 966 2925 1006 reos
2951 967 3072 1007 esse
3098 955 3492 1024 procurabant,

1920 1054 1951 1094 a
1973 1040 2130 1095 leone
2154 1041 2400 1113 rugiente
2431 1040 2567 1095 nihil
2595 1040 2938 1098 differebant.

1991 1214 2159 1270 Vens.
2206 1216 2396 1271 17-19.
2451 1216 2715 1283 Quoniam
2771 1221 3228 1279 circumdederunt
3272 1241 3354 1279 me
3399 1243 3492 1279 ca-

1918 1324 2005 1361 nes
2060 1308 2234 1372 multi,
2304 1309 2583 1363 concilium
2658 1310 3067 1381 malignantium
3127 1315 3328 1376 obsedit
3380 1335 3487 1373 me.

1914 1397 2047 1454 Post
2085 1397 2324 1459 Iudaeos.
2353 1401 2636 1472 gentilium
2675 1403 2878 1459 milites
2913 1416 3325 1462 commemorat.
3350 1408 3489 1479 Ipsis

1913 1489 2060 1545 enim
2112 1488 2287 1546 Judmi
2338 1490 2620 1549 Christum
2667 1494 3031 1551 tradiderunt.
3074 1494 3257 1562 Quare
3302 1516 3483 1555 rerum

1912 1581 2163 1636 ordinem
2220 1583 2503 1653 prophetia
2558 1570 2816 1641 servavit.
2888 1586 3021 1649 Jure
3071 1597 3251 1645 autem
3296 1599 3486 1649 tauros

1912 1672 2058 1738 illos,
2091 1672 2258 1729 hosce
2301 1689 2468 1731 canes
2514 1678 2764 1744 vocavit;
2800 1679 2877 1733 illi
2928 1697 3163 1752 namque
3205 1683 3306 1739 sub
3351 1685 3485 1757 jugo

1910 1768 2046 1838 legis
2076 1777 2252 1834 erant,
2298 1770 2514 1826 etiamsi
2565 1770 2856 1827 manifeste
2908 1774 3081 1843 legem
3137 1778 3484 1849 transgrede-

1909 1870 2137 1928 rentur;
2170 1862 2225 1915 hi
2256 1878 2387 1917 vero
2415 1862 2718 1918 secundum
2748 1866 2916 1936 legem
2946 1866 3146 1936 impuri
3178 1879 3353 1927 erant.
3392 1870 3483 1928 Sic

1911 1954 2027 2023 ipse
2082 1953 2347 2010 Dominus
2392 1955 2755 2011 Chananaeam
2797 1959 3109 2027 appellavit.
3187 1960 3313 2016 Non
3363 1964 3480 2018 licet

213 2017 353 2071 ἐστι
385 2017 515 2087 γὰρ,
545 2021 919 2090 φησὶ,λαϐεἴν
947 2024 1055 2078 τὸν
1080 2018 1263 2093 ἄρτον
1292 2027 1409 2082 τῶν
1437 2030 1682 2095 τέκνων,
1708 2033 1807 2086 καὶ
1841 2053 1881 2107 Β
1906 2072 1912 2097 γ

1791 2033 1807 2085 ὶ
1841 2053 1881 2107 Β
1906 2046 2065 2108 enim,
2100 2048 2297 2117 inquit,
2332 2049 2563 2118 accipere
2584 2066 2774 2119 panem
2799 2050 3054 2119 ﬁliorum,
3089 2062 3151 2129 et
3177 2053 3305 2108 dare
3332 2058 3482 2113 cani-

214 2108 433 2163 δοῦναι
462 2110 585 2179 τοῖς
616 2114 941 2183 κυναρίοις.
963 2116 1099 2170 Ἀλλ’
1123 2120 1273 2190 ὅμως
1303 2121 1439 2191 μετὰ
1474 2122 1534 2175 τὺ
1566 2122 1737 2187 πάθος
1757 2127 1805 2177 οξ

216 2199 588 2267 πάλαι⁶κύνες
619 2204 705 2259 διὰ
730 2207 832 2277 τῆς
855 2208 1091 2284 πίστεως
1112 2213 1193 2275 εἰς
1219 2214 1318 2283 τὴν
1346 2214 1478 2267 υἱῶν
1509 2215 1807 2289 μεταϐεϐή-

215 2309 351 2346 κασι
373 2292 557 2359 τάξιν·
593 2299 641 2351 οἱ
666 2297 723 2351 δὲ
752 2299 918 2352 πάλαι
950 2299 1048 2372 τὴν
1078 2300 1186 2355 τῶν
1218 2302 1348 2356 υἱῶν
1376 2306 1670 2376 ἐσχηκότες
1703 2325 1804 2379 κη-

212 2383 492 2454 δεμονίαν,
522 2385 621 2458 τὴν
667 2388 846 2442 κυνῶν
896 2391 1264 2463 προσηγορίαν
1303 2392 1571 2458 ἐδέξαντο,
1601 2396 1695 2450 ἆτε
1740 2397 1804 2464 δὴ

213 2472 398 2531 κυνῶν
445 2478 603 2551 δίκην
652 2478 793 2534 κατὰ
823 2480 916 2534 τοῦ
949 2483 1632 2556 Δεσπότουκλυττήσαντες.
1670 2489 1805 2561 Περὶ

212 2567 424 2623 τούτων
442 2571 471 2624 ὁ
492 2569 764 2643 μακάριος
792 2571 1004 2636 Παῦλος
1038 2572 1137 2645 βοᾷ
1154 2591 1168 2605 ·
1200 2576 1397 2631 Βλέπε
1426 2578 1570 2646 τοὺς
1591 2582 1797 2647 κύνας·

205 2659 476 2726 ,βλέπετε
507 2662 652 2729 τοὺς
682 2662 909 2729 κακοὺς
938 2664 1190 2736 ἐργάτας
1208 2684 1222 2698 ·
1266 2668 1529 2733 βλέπετε
1561 2671 1676 2740 τὴν
1700 2689 1803 2726 κα-

211 2751 499 2821 τατομήν.
521 2753 579 2807 ’Θ
611 2753 794 2824 μέντοι
838 2758 1173 2828 προφητικὺς
1212 2760 1370 2831 λόγος
1426 2764 1597 2829 κύνας
1634 2782 1801 2837 προσ-

210 2842 521 2914 αγορεύσας
551 2843 655 2915 ἔφη
675 2860 690 2874 ο
733 2848 1054 2917 Συναγωγή
1098 2851 1590 2922 πονηρευομένων
1635 2871 1796 2924 nepa-

210 2932 510 3004 ἐσχονμε·
537 2934 777 3004 ὤρυξαν
798 2938 1001 3007 χεῖλοάς
1020 2959 1140 3009 μου
1171 2944 1268 2997 καὶ
1296 2944 1483 3011 πόδας
1499 2963 1640 3015 μου,
1660 2947 1799 3017 ἐξη-

202 3028 515 3097 ρίθμησαν
546 3030 743 3083 πάντα
776 3032 848 3085 τὰ
880 3033 1031 3088 ὀστᾶ
1054 3052 1192 3103 μου.
1223 3036 1332 3090 Καὶ
1360 3036 1518 3091 τοῦτο
1553 3039 1610 3092 δὲ
1642 3039 1797 3113 δῆλόν

210 3120 327 3173 ἐστι
360 3120 455 3173 καὶ
483 3121 654 3189 σαφὲς
677 3123 903 3187 καὶτοῖς
929 3124 1050 3179 λίαν
1078 3126 1500 3195 φιλονεικοῦσιν⁹
1528 3129 1796 3205 ἀκούομεν

209 3212 319 3283 γὰρ
344 3214 402 3267 ὲν
422 3217 537 3278 τοῖς
560 3216 723 3286 ἱεροῖς
747 3215 1098 3285 Εύαγγελίοις
1129 3220 1293 3273 αὑτοῦ
1316 3221 1407 3274 τοῦ
1433 3224 1637 3294 Κυρίου
1660 3224 1797 3298 πρὸς

208 3303 338 3367 τοὺς
364 3303 555 3372 ἁγίους
591 3304 756 3358 αὑτοῦ
795 3305 1043 3376 λέγοντος
1079 3309 1358 3381 μαθητάς·
1388 3312 1649 3368 Βλέπετε
1690 3317 1795 3383 τὰς

1908 2137 2003 2190 bus
2041 2139 2103 2191 η.
2149 2138 2401 2194 Attamen
2454 2149 2577 2210 post
2634 2143 2966 2211 passionem,
2998 2147 3089 2213 qui
3142 2145 3271 2199 olim
3312 2160 3479 2202 canes

1909 2228 2144 2295 fuerant,
2169 2246 2264 2300 per
2290 2230 2450 2285 ﬁdem
2483 2232 2537 2286 in
2566 2232 2799 2288 ﬁliorum
2826 2236 3195 2292 conditionem
3226 2239 3478 2294 translati

1906 2328 2074 2375 situt:
2108 2335 2172 2375 ac
2194 2320 2286 2391 qui
2317 2321 2447 2375 olim
2495 2322 2731 2378 ﬁliorum
2774 2326 2896 2381 loco
2936 2328 3107 2398 probe
3147 2329 3330 2384 educti
3363 2330 3479 2385 lue-

1905 2419 2049 2477 rant,
2075 2427 2271 2467 canum
2299 2428 2493 2469 nomen
2529 2415 2709 2485 adepti
2748 2427 2896 2482 sunt,
2926 2427 3113 2488 utpote
3133 2420 3252 2490 qui,
3280 2435 3475 2475 canum

1906 2506 2099 2571 instar,
2133 2514 2325 2561 contra
2366 2505 2654 2562 Dominum
2706 2508 2884 2564 rabidi
2930 2509 3155 2565 fuerint.
3194 2509 3271 2567 De
3303 2512 3370 2567 iis
3400 2512 3475 2566 ita

1904 2595 2104 2651 clamat
2128 2595 2368 2652 Paulus:
2411 2596 2539 2652 Vide
2572 2615 2747 2663 canes,
2782 2599 2948 2655 videte
2975 2600 3143 2655 malos
3182 2602 3472 2677 operarios,

1902 2686 2068 2740 videte
2118 2688 2475 2743 concisioncm
2513 2689 2579 2743 ¹³.
2625 2688 2988 2760 Propheticus
3047 2692 3231 2764 itaque
3291 2708 3473 2748 sermo

1901 2786 2191 2849 postquam
2212 2792 2378 2835 canes
2400 2783 2634 2847 vocavit,
2663 2782 2737 2835 ita
2769 2785 3031 2853 loquitur,
3053 2783 3334 2856 Synagoga
3359 2802 3471 2839 ma-

1900 2869 2218 2941 lignantium
2272 2870 2472 2925 obsedit
2520 2889 2642 2926 me:
2701 2873 2950 2943 foderunt
3003 2893 3194 2931 manus
3237 2895 3382 2933 meas
3420 2891 3471 2935 et

1897 2962 2053 3030 pedes
2084 2980 2247 3029 meos,
2277 2964 2737 3020 dinumeraverunt
2767 2968 2947 3021 omnia
2982 2985 3106 3023 ossa
3141 2986 3279 3026 mea.
3315 2970 3469 3037 Quoi

1898 3053 2121 3124 quidem
2160 3055 2370 3110 clarum
2423 3062 2477 3111 et
2531 3064 2780 3127 apertum
2814 3057 2901 3112 vel
2948 3060 3475 3118 contentiosioribus

1866 3204 1869 3208 Α
1899 3144 2083 3201 fuerit.
2111 3146 2245 3202 Nam
2296 3148 2352 3215 in
2402 3148 2577 3205 sacris
2622 3147 2937 3220 Evangeliis
2966 3151 3143 3221 ipsum
3176 3150 3466 3208 Dominum

1898 3238 2155 3297 audimus
2188 3250 2409 3297 sanctos
2439 3242 2741 3313 discipulos
2777 3258 2909 3298 suos
2951 3243 3032 3300 sic
3062 3245 3463 3316 alloquentem:

1908 3331 2088 3388 Videte
2131 3350 2320 3389 manus
2369 3352 2513 3390 meas
2545 3346 2592 3389 et
2625 3336 2777 3402 pedes
2813 3353 2989 3402 meos,
3032 3340 3157 3409 quia
3209 3356 3301 3411 ego
3358 3340 3466 3409 ipse

207 3392 412 3463 χεῖράς
447 3413 588 3464 μου,
617 3396 716 3450 καὶ
742 3396 885 3464 τοὺς
912 3398 1119 3465 πόδας,
1152 3400 1239 3454 ὅτι
1270 3388 1454 3468 αὐτὸς
1494 3404 1611 3476 ἐγώ
1652 3410 1790 3476 εἰμι.
1820 3400 1864 3458 C
1896 3445 1906 3480 γ

2302 3388 2309 3389 ί
2428 3388 2441 3389 ί
2495 3388 2561 3390 τί
2625 3388 2675 3402 σί
2732 3388 3155 3409 """r1"'"
3210 3388 3293 3411 *δι’
3360 3388 3461 3409 'r"

1762 3426 1790 3460 ⁵·
1820 3400 1864 3458 C
1896 3442 2013 3480 sum
2045 3426 2108 3478 ιι.
2147 3426 2363 3481 Atenim
2399 3426 2501 3496 ipsi
2555 3425 2778 3481 Thomae
2806 3428 3084 3484 clavorum
3118 3431 3345 3501 vestigia
3375 3448 3461 3487 os-

210 3484 321 3537 Καὶ
356 3483 540 3555 μέντοι
560 3486 655 3539 καὶ
685 3485 763 3553 τῷ
785 3486 955 3557 Θωμᾷ
975 3487 1083 3541 τῶν
1108 3490 1252 3558 ἥλων
1274 3494 1399 3555 τοὺς
1434 3492 1639 3559 τύπους
1682 3497 1788 3550 ὑπ-

206 3571 397 3640 έδειξε,
434 3574 527 3628 καὶ
559 3574 657 3646 τὴν
688 3576 795 3629 ἀπὸ
818 3576 915 3646 τῆς
933 3576 1132 3648 λόγχης
1157 3580 1391 3652 πληγήνο
1420 3583 1541 3637 τότε
1572 3585 1628 3638 δὲ
1656 3586 1791 3655 ἐξη-

197 3663 511 3732 ρίθμησαν
547 3661 745 3718 πάντα
785 3665 857 3718 τὰ
905 3665 1058 3720 ὀστᾶ
1096 3686 1217 3736 μου
1242 3685 1255 3699 ⁸
1309 3672 1607 3742 τουτέστιν,
1646 3676 1791 3729 οὓτω

204 3752 469 3809 διέτειναν
498 3754 916 3827 προσηλοῦντες,
950 3754 1091 3811 ὥστε
1119 3757 1298 3831 ῥᾴδιον
1326 3756 1462 3814 εἶναι
1496 3763 1574 3835 τῷ
1606 3765 1789 3835 βουλο-

208 3846 356 3918 μένῳ
394 3844 488 3900 xui.
518 3846 609 3901 τὸν
651 3846 763 3905 τῶν
789 3847 961 3901 ὀστῶν
997 3849 1227 3922 ἀριθμὸν
1268 3851 1581 3921 διαγνῶναι.
1610 3857 1786 3910 Αὐτοὶ

206 3937 276 3991 δὲ
298 3933 678 4009 κατενόησαν
702 3939 802 3994 καὶ
825 3939 1164 4012 ἐπεῖδόννμε
1183 3960 1196 3971 θ
1236 3944 1356 3998 ἀντὶ
1396 3944 1489 3998 τοῦ
1519 3947 1785 4002 ἐπιτωθά-

207 4029 393 4095 ζοντες
444 4032 538 4087 καὶ
586 4032 854 4103 γελῶντες
872 4050 886 4064 ο
929 4034 1279 4104 Διεμέρισαν
1329 4036 1401 4099 τὰ
1443 4037 1641 4108 ἱμάτιά
1665 4057 1787 4109 μου

206 4123 459 4190 ἑαυτοῖς,
486 4124 586 4179 καὶ
628 4125 731 4179 ἐπὶ
774 4126 883 4181 τὸν
918 4118 1237 4196 ἱματισμὸν
1272 4128 1493 4185 ἔϐαλον
1534 4131 1782 4201 κλῆρον’

206 4213 303 4267 καὶ
347 4213 505 4267 τοῦτο
551 4213 608 4268 δὲ
658 4216 986 4288 σαφέστερον
1025 4219 1059 4290 ἡ
1100 4218 1207 4272 τῶν
1255 4219 1417 4291 ἱερῶν
1444 4222 1786 4293 Εὐαγγελίων

207 4304 417 4377 ἱστορία
444 4305 706 4363 διδάσκει.

278 4401 342 4453 Οἱ
367 4401 724 4469 φοϐούμενοι
749 4401 856 4455 τὸν
891 4400 1055 4466 Θεὸν,
1072 4401 1351 4457 αὶνέσατε
1376 4406 1591 4458 αὐτόν·
1623 4406 1785 4461 ἅπαν

202 4487 272 4544 τὸ
314 4490 553 4560 σπέρμα
586 4493 802 4558 Ἰακὼϐ,
825 4492 1124 4558 δοξάσατε
1167 4495 1387 4549 αὐτόν’
1437 4498 1782 4567 φοϐηθήτω-

202 4596 325 4637 σαν
360 4582 548 4636 αὑτὸν
583 4582 746 4639 ἅπαν
786 4585 852 4639 τὸ
884 4583 1123 4655 σπέρμα
1164 4583 1418 4652 Ἰσραήλ.
1448 4586 1555 4641 Τοῦ
1586 4590 1783 4657 παντὸς

216 4674 484 4730 Ἰουδαίων
509 4674 695 4753 ἔθνους
718 4678 799 4741 είς
824 4679 952 4750 τρία
980 4679 1234 4750 τάγματα
1260 4677 1610 4751 διῃρημένου,
1635 4682 1783 4753 πρῶ-

1805 3559 1816 3567 .
1895 3518 2090 3584 tendit,
2150 3532 2365 3572 necnon
2415 3516 2679 3571 inﬁictum
2726 3534 2757 3572 a
2810 3521 3000 3575 lancea
3040 3522 3261 3576 vulnus.
3310 3520 3466 3576 Tunc

1894 3625 2075 3680 porro,
2094 3608 2551 3663 dinumeraverunt
2579 3610 2756 3663 omnia
2781 3628 2902 3665 ossa
2932 3628 3065 3679 mea,
3088 3611 3363 3676 videlicet,
3389 3612 3464 3666 ita

1889 3701 2275 3765 extenderunt,
2311 3700 2440 3754 dum
2485 3715 2571 3754 me
2603 3702 2774 3757 clavis
2804 3702 3117 3773 aﬁigerent,
3150 3709 3210 3757 ut
3242 3702 3464 3758 cuilibet

1891 3794 2094 3848 volenti
2128 3793 2339 3849 ossium
2398 3808 2687 3849 numerum
2730 3805 3047 3867 computare
3083 3798 3301 3865 liceret.
3329 3785 3462 3865 ‘Ipsi

1888 3900 2006 3939 vero
2040 3883 2503 3939 consideraverunt
2526 3895 2576 3940 et
2600 3887 2936 3955 inspexerunt
2967 3904 3068 3951 me,
3102 3886 3153 3941 id
3184 3897 3295 3956 est,
3331 3887 3459 3942 illu-

1889 3985 2081 4031 serunt
2108 3985 2273 4049 atque
2309 3977 2638 4047 irriserunt;
2667 3980 2961 4033 diviserunt
3004 3978 3106 4033 sibi
3155 3981 3461 4036 vestimenta

1887 4084 2023 4133 mea,
2056 4078 2104 4123 et
2146 4084 2301 4138 super
2328 4079 2518 4125 vestem
2566 4086 2735 4124 nteant
2765 4071 3018 4125 miserunt
3058 4082 3274 4143 sortem,
3313 4074 3459 4145 quod

1886 4159 2145 4231 apertius
2192 4169 2414 4217 enarrat
2472 4175 2757 4218 sacrorum
2819 4160 3237 4235 Evangeliorum
3289 4165 3459 4221 histo-

1886 4267 1988 4306 ΙῚεὶ.

1956 4407 2122 4465 Vens.
2146 4409 2238 4477 24,
2267 4409 2359 4467 25.
2385 4410 2489 4477 Qui
2516 4410 2706 4466 timetis
2732 4409 3034 4476 Dominum,
3068 4408 3281 4463 laudate
3305 4426 3453 4464 eum:

1885 4504 2181 4556 universum
2214 4519 2386 4557 semen
2406 4501 2596 4568 Iacob,
2628 4502 2921 4573 gloriﬁcate
2947 4517 3095 4555 cupit:
3129 4503 3310 4556 timeat
3336 4517 3454 4558 eum

1884 4612 2036 4650 omne
2063 4612 2236 4652 semen
2284 4594 2476 4651 Israel.
2513 4596 2651 4650 Cum
2694 4592 3007 4648 Judworum
3060 4593 3209 4649 natio
3241 4601 3353 4650 tres
3398 4597 3453 4648 in

1884 4687 2107 4742 ordines
2154 4686 2446 4742 distributa
2492 4686 2586 4748 sit,
2638 4685 2816 4755 primo
2858 4685 3067 4742 scilicet
3113 4686 3168 4741 in
3213 4684 3451 4740 inﬁmam

201 4784 294 4822 τον
325 4767 423 4840 μὲν
458 4768 539 4832 εἰς
565 4768 627 4821 τὸ
651 4769 830 4823 κοινὸν
862 4769 1064 4841 πλῆθος
1097 4769 1189 4824 τοῦ
1245 4769 1451 4836 ἔθνους,
1478 4772 1615 4844 ὅπερ
1653 4776 1780 4828 ὲκα-
1811 4784 1859 4845 υ
1889 4796 1900 4850 ι

1751 4806 1780 4824 ι·
1811 4784 1859 4845 D
1889 4782 2065 4850 gentis
2096 4780 2328 4850 plebem,
2371 4793 2492 4848 quae
2530 4779 2830 4835 vocabatur
2871 4776 3070 4849 Israel;
3118 4781 3359 4837 secundo
3397 4782 3450 4834 in

201 4857 346 4912 λεῖτο
397 4854 634 4932 Ἰσραήλ·
666 4857 858 4912 ἔπειτα
891 4861 971 4924 εἰς
1010 4862 1073 4914 τὸ
1103 4860 1392 4933 ἱερατικὸν,
1426 4862 1564 4934 ὅπερ
1600 4860 1668 4937 ἦν
1699 4862 1779 4920 οἶ-

205 4970 295 5017 κος
338 4950 567 5024 Ἀαρὼν,
600 4952 692 5005 καὶ
733 4952 911 5023 τρίτον
956 4954 1036 5016 είς
1070 4952 1131 5006 τὺ
1156 4952 1266 5007 τῶν
1300 4953 1488 5025 ἱερέων
1522 4956 1781 5029 ὑπηρετι-

204 5043 316 5108 κὸν,
349 5046 488 5116 ὅπερ
514 5040 581 5115 ἧν
605 5040 751 5109 οἶκος
781 5043 934 5099 Λευῒ.
961 5042 1042 5097 Τὰ
1076 5046 1202 5117 τρία
1227 5046 1776 5119 καταριθμησάμενος

202 5133 384 5206 ἕτερος
409 5136 642 5208 ψαλμδς,
673 5136 858 5209 ἕτερον
886 5135 1075 5205 τάγμα
1097 5136 1358 5209 τέταρτον
1384 5138 1535 5211 παρὰ
1556 5140 1623 5193 τὰ
1649 5159 1775 5213 προ-

204 5227 462 5296 ειρημένα
492 5228 724 5296 εἰσάγει,
756 5227 817 5280 τὺ
874 5226 980 5280 τῶν
1029 5224 1377 5299 φοϐουμένων
1415 5231 1506 5284 τὸν
1550 5230 1770 5303 Κύριον.

204 5317 369 5371 Τοῦτο
404 5320 461 5373 δὲ
504 5316 573 5392 ἦν
614 5320 675 5374 τδ
707 5318 767 5384 ἐξ
797 5320 969 5375 ἐθνῶν
997 5320 1090 5373 ἐπὶ
1120 5320 1209 5373 τὸν
1252 5321 1384 5377 Θεὸν
1420 5326 1775 5396 ἐπιστρεφόν-

204 5410 475 5482 mfqu
501 5411 632 5483 γάρ’
651 5409 825 5479 Οἶκος
854 5413 1006 5481 Ἱσρα
1016 5412 1112 5482 ὴλ.
1134 5413 1506 5483 εὐλογήσατε
1532 5418 1640 5470 τὸν
1664 5419 1772 5472 Κύ-

196 5518 352 5570 ptor'
388 5503 590 5572 ὁμοίως
627 5503 684 5555 δὲ
725 5504 821 5557 καὶ
862 5500 1009 5566 οἶκος
1049 5502 1274 5576 Ἀαρὼν,
1305 5507 1398 5559 καὶ
1428 5504 1576 5573 οἶκος
1606 5510 1771 5583 Λευῖ-

179 5594 292 5655 ,ὲπὶ
324 5593 463 5648 τέλει
493 5593 548 5647 δὲ
576 5596 627 5648 οἱ
654 5595 974 5665 φοϐούμενοι
1000 5596 1092 5650 τὸν
1117 5595 1339 5669 Κύριον.
1357 5598 1495 5653 Ἀλλ’
1519 5603 1577 5655 ὲν
1603 5599 1776 5672 τούτῳ

206 5685 299 5757 μὲν
329 5687 718 5759 προετάττοντο
744 5686 852 5740 τῶν
892 5686 1241 5760 φοϐουμένων
1272 5687 1362 5742 τὸν
1395 5690 1597 5763 Κύριον
1632 5693 1681 5746 οἱ
1711 5692 1778 5767 ἐκ

199 5776 289 5831 τοῦ
322 5778 539 5852 Ἰσραήλ
558 5796 569 5810 '
594 5777 827 5834 ἐνταῦθα
848 5778 905 5833 δὲ
937 5780 1075 5851 μετὰ
1100 5780 1198 5853 τὴν
1225 5780 1520 5837 ἀνάστασιν
1546 5784 1639 5838 τοῦ
1671 5784 1775 5838 Σω-

1886 4850 2279 4927 saceidotalem
2333 4868 2614 4936 ordinem',
2649 4887 2771 4941 quae
2827 4880 2945 4926 erat
2998 4870 3192 4926 domus
3240 4870 3449 4935 Aaron;

1885 4962 2044 5018 tertio
2080 4963 2133 5015 in
2160 4961 2532 5017 ‘saCerdotum
2566 4964 2873 5024 ministros,
2924 4978 3045 5031 quae
3090 4968 3207 5017 erat
3255 4961 3452 5017 domus

1884 5053 2012 5109 Levi
2039 5073 2051 5106 :
2078 5060 2365 5123 postquam
2385 5054 2492 5108 tria
2526 5055 2616 5109 illa
2645 5070 2843 5126 genera
2873 5054 3012 5109 alius
3035 5056 3279 5125 psalmus
3309 5069 3445 5109 enu-

1882 5146 2139 5209 meravit,
2192 5146 2362 5201 alium
2420 5147 2508 5201 hic
2566 5146 2844 5217 praedictis
2899 5156 3153 5217 quartum
3203 5147 3449 5209 ordinem

1881 5236 2114 5306 adjecit,
2154 5235 2408 5293 videlicet
2478 5236 2788 5291 timentium
2837 5236 3149 5292 Dominum.
3216 5236 3452 5307 Eratque

1880 5328 1971 5384 ille
1998 5342 2065 5383 ex
2117 5328 2413 5398 gentilibus
2440 5325 2508 5380 ad
2556 5324 2728 5381 Deum
2784 5328 3066 5383 conversis
3095 5329 3449 5385 constitutus.

1879 5420 1968 5476 Ait
1990 5419 2228 5490 quippe:
2274 5419 2470 5473 Domus
2508 5416 2705 5484 Israel,
2749 5418 3031 5475 benedirite
3068 5417 3451 5488 Dominum”;

1882 5508 2265 5581 similiterque,
2292 5510 2486 5566 domus
2513 5510 2699 5565 Aaron
2730 5521 2785 5567 et
2815 5511 3011 5566 domus
3044 5511 3167 5567 Levi
3195 5531 3208 5566 :
3250 5512 3305 5566 in
3344 5512 3451 5567 ﬁne

1880 5603 2100 5659 tandem
2143 5603 2396 5659 timentes
2446 5600 2739 5658 Dominum
2777 5603 3037 5659 annectit.
3097 5600 3201 5657 Sed
3248 5604 3305 5656 in
3356 5604 3451 5658 illo

1880 5693 2098 5764 quidem
2132 5693 2363 5765 psalmo,
2397 5694 2490 5763 qui
2525 5709 2591 5748 ex
2620 5693 2783 5768 domo
2816 5691 3032 5749 Israelis
3067 5682 3449 5760 suntftimen—

1863 5786 2026 5845 .tihus
2083 5783 2371 5841 Dominum
2426 5787 2859 5855 praemittuntur;
2912 5786 3003 5842 hic
3050 5776 3279 5852 contra,
3322 5796 3446 5859 post

270 5958 309 5989 “
347 5958 540 6017 Matth.
582 5978 767 6031 xxvn,
799 5962 891 6020 25.
971 5966 1013 5998 ’³
1053 5964 1241 6023 Matth.
1283 5985 1378 6036 xv,
1412 5968 1500 6055 26.
1582 5972 1623 6009 ¹τ³
1664 5968 1894 6042 Philipp.
1935 5985 1969 6024 ιι

1748 5970 1894 6042 ilipp.
1935 5985 1995 6024 ιιι
2019 5922 2118 6042 με.
2199 5968 2238 6003 ⁸⁸
2278 5969 2413 6026 Luc.
2451 5980 2575 6025 x’uv
2599 6010 2613 6038 ,
2647 5968 2737 6027 59.
2816 5970 2869 6049 "l
2900 5967 3043 6028 Psal.
3084 5960 3321 6040 cultv,
3354 5969 3440 6033 l9,
