  <div class='ocr_page' id='page_1' title='image "/cluster/home/n/w/nwhite01/storage/ocr_20150623/23/coo.31924054873041/121.png"; bbox 0 0 4302 6404; ppageno 0'>
   <div class='ocr_carea' id='block_1_1' title="bbox 822 546 922 600">
    <p class='ocr_par' dir='ltr' id='par_1_1' title="bbox 822 546 922 600">
     <span class='ocr_line' id='line_1_1' title="bbox 822 546 922 600; baseline 0 -1"><span class='ocrx_word' id='word_1_1' title='bbox 822 546 922 600; x_wconf 70' lang='lat' dir='ltr'><strong>2H</strong></span> 
     </span>
    </p>
   </div>
   <div class='ocr_carea' id='block_1_2' title="bbox 1503 534 3332 634">
    <p class='ocr_par' dir='ltr' id='par_1_2' title="bbox 1503 534 3332 634">
     <span class='ocr_line' id='line_1_2' title="bbox 1503 534 3332 634; baseline -0.003 -35"><span class='ocrx_word' id='word_1_2' title='bbox 1503 542 1765 598; x_wconf 83' lang='lat' dir='ltr'><strong>EUSEBII</strong></span> <span class='ocrx_word' id='word_1_3' title='bbox 1800 539 2275 595; x_wconf 68' lang='lat' dir='ltr'><strong>C/ESARIENSIS</strong></span> <span class='ocrx_word' id='word_1_4' title='bbox 2315 539 2464 595; x_wconf 83' lang='lat' dir='ltr'><strong>OPP.</strong></span> <span class='ocrx_word' id='word_1_5' title='bbox 2508 538 2691 634; x_wconf 57' lang='grc' dir='ltr'>Ρίιιιδ</span> <span class='ocrx_word' id='word_1_6' title='bbox 2729 535 2815 593; x_wconf 83' lang='lat' dir='ltr'><strong>Ill.</strong></span> <span class='ocrx_word' id='word_1_7' title='bbox 2842 534 3332 593; x_wconf 74' lang='lat' dir='ltr'><strong>—EXEGETICA.</strong></span> 
     </span>
    </p>
   </div>
   <div class='ocr_carea' id='block_1_3' title="bbox 3942 531 4055 586">
    <p class='ocr_par' dir='ltr' id='par_1_3' title="bbox 3942 531 4055 586">
     <span class='ocr_line' id='line_1_3' title="bbox 3942 531 4055 586; baseline -0.009 0"><span class='ocrx_word' id='word_1_8' title='bbox 3942 531 4055 586; x_wconf 68' lang='lat' dir='ltr'><strong>2H</strong></span> 
     </span>
    </p>
   </div>
   <div class='ocr_carea' id='block_1_4' title="bbox 825 647 2506 726">
    <p class='ocr_par' dir='ltr' id='par_1_4' title="bbox 825 656 2506 726">
     <span class='ocr_line' id='line_1_4' title="bbox 825 656 2506 726; baseline -0.005 -12"><span class='ocrx_word' id='word_1_9' title='bbox 825 659 1127 714; x_wconf 84' lang='lat' dir='ltr'><strong>Saivatoris</strong></span> <span class='ocrx_word' id='word_1_10' title='bbox 1163 656 1635 721; x_wconf 75' lang='lat' dir='ltr'><strong>resurrectionem,</strong></span> <span class='ocrx_word' id='word_1_11' title='bbox 1672 656 1855 712; x_wconf 85' lang='lat' dir='ltr'><strong>lsraeli</strong></span> <span class='ocrx_word' id='word_1_12' title='bbox 1892 664 2298 726; x_wconf 87' lang='lat' dir='ltr'><strong>anteponuntur</strong></span> <span class='ocrx_word' id='word_1_13' title='bbox 2338 656 2372 708; x_wconf 91' lang='lat' dir='ltr'><strong>ii</strong></span> <span class='ocrx_word' id='word_1_14' title='bbox 2408 664 2449 716; x_wconf 78' lang='grc' dir='ltr'>Α</span> <span class='ocrx_word' id='word_1_15' title='bbox 2476 672 2506 706; x_wconf 85' lang='grc' dir='ltr'><strong>τ</strong></span> 
     </span>
    </p>
   </div>
   <div class='ocr_carea' id='block_1_5' title="bbox 2436 647 4056 726">
    <p class='ocr_par' dir='ltr' id='par_1_5' title="bbox 2436 647 4056 725">
     <span class='ocr_line' id='line_1_5' title="bbox 2436 647 4056 725; baseline -0.005 -18"><span class='ocrx_word' id='word_1_16' title='bbox 2436 654 2641 725; x_wconf 49' lang='grc' dir='ltr'>κτῆρος</span> <span class='ocrx_word' id='word_1_17' title='bbox 2672 653 3058 724; x_wconf 80' lang='grc' dir='ltr'>προτάττονται</span> <span class='ocrx_word' id='word_1_18' title='bbox 3113 650 3208 704; x_wconf 79' lang='grc' dir='ltr'><strong>τοῦ</strong></span> <span class='ocrx_word' id='word_1_19' title='bbox 3245 650 3460 721; x_wconf 84' lang='grc' dir='ltr'>Ἰσραὴλ</span> <span class='ocrx_word' id='word_1_20' title='bbox 3503 650 3551 703; x_wconf 78' lang='lat' dir='ltr'><strong>oi</strong></span> <span class='ocrx_word' id='word_1_21' title='bbox 3605 647 3920 717; x_wconf 79' lang='grc' dir='ltr'>φοϐούμενοι</span> <span class='ocrx_word' id='word_1_22' title='bbox 3959 647 4056 701; x_wconf 82' lang='grc' dir='ltr'>τὸν</span> 
     </span>
    </p>
   </div>
   <div class='ocr_carea' id='block_1_6' title="bbox 826 746 2378 819">
    <p class='ocr_par' dir='ltr' id='par_1_6' title="bbox 826 746 2378 819">
     <span class='ocr_line' id='line_1_6' title="bbox 826 746 2378 819; baseline -0.005 -16"><span class='ocrx_word' id='word_1_23' title='bbox 826 751 918 819; x_wconf 92' lang='lat' dir='ltr'><strong>qui</strong></span> <span class='ocrx_word' id='word_1_24' title='bbox 948 750 1138 803; x_wconf 95' lang='lat' dir='ltr'><strong>timent</strong></span> <span class='ocrx_word' id='word_1_25' title='bbox 1168 747 1473 801; x_wconf 87' lang='lat' dir='ltr'><strong>Dominum.</strong></span> <span class='ocrx_word' id='word_1_26' title='bbox 1493 746 1624 799; x_wconf 84' lang='lat' dir='ltr'><strong>Nam</strong></span> <span class='ocrx_word' id='word_1_27' title='bbox 1652 748 1777 815; x_wconf 82' lang='lat' dir='ltr'><strong>quia</strong></span> <span class='ocrx_word' id='word_1_28' title='bbox 1814 748 1928 816; x_wconf 71' lang='lat' dir='ltr'><strong>ipse.</strong></span> <span class='ocrx_word' id='word_1_29' title='bbox 1962 746 2171 800; x_wconf 80' lang='lat' dir='ltr'><strong>dixerat</strong></span> <span class='ocrx_word' id='word_1_30' title='bbox 2203 749 2378 815; x_wconf 82' lang='lat' dir='ltr'><strong>(vers.</strong></span> 
     </span>
    </p>
   </div>
   <div class='ocr_carea' id='block_1_7' title="bbox 824 836 2383 909">
    <p class='ocr_par' dir='ltr' id='par_1_7' title="bbox 824 836 2383 909">
     <span class='ocr_line' id='line_1_7' title="bbox 824 836 2383 909; baseline -0.005 -14"><span class='ocrx_word' id='word_1_31' title='bbox 824 841 961 909; x_wconf 67' lang='lat'><strong>23):</strong></span> <span class='ocrx_word' id='word_1_32' title='bbox 992 840 1235 893; x_wconf 85' lang='lat' dir='ltr'><strong>Narrabo</strong></span> <span class='ocrx_word' id='word_1_33' title='bbox 1260 856 1443 892; x_wconf 83' lang='lat' dir='ltr'><strong>nomen</strong></span> <span class='ocrx_word' id='word_1_34' title='bbox 1473 848 1617 889; x_wconf 89' lang='lat' dir='ltr'><strong>tuum</strong></span> <span class='ocrx_word' id='word_1_35' title='bbox 1659 837 1911 909; x_wconf 75' lang='lat' dir='ltr'><strong>fratribus</strong></span> <span class='ocrx_word' id='word_1_36' title='bbox 1948 838 2095 897; x_wconf 84' lang='lat' dir='ltr'><strong>meis,</strong></span> <span class='ocrx_word' id='word_1_37' title='bbox 2131 837 2182 888; x_wconf 84' lang='lat' dir='ltr'><strong>in</strong></span> <span class='ocrx_word' id='word_1_38' title='bbox 2215 836 2383 888; x_wconf 85' lang='lat' dir='ltr'><strong>medio</strong></span> 
     </span>
    </p>
   </div>
   <div class='ocr_carea' id='block_1_8' title="bbox 828 923 2387 997">
    <p class='ocr_par' dir='ltr' id='par_1_8' title="bbox 828 923 2387 997">
     <span class='ocr_line' id='line_1_8' title="bbox 828 923 2387 997; baseline -0.004 -11"><span class='ocrx_word' id='word_1_39' title='bbox 828 931 1077 986; x_wconf 76' lang='lat' dir='ltr'><strong>Ecclesia:</strong></span> <span class='ocrx_word' id='word_1_40' title='bbox 1099 930 1324 984; x_wconf 84' lang='lat' dir='ltr'><strong>laudabo</strong></span> <span class='ocrx_word' id='word_1_41' title='bbox 1356 940 1421 991; x_wconf 79' lang='lat' dir='ltr'><strong>te,</strong></span> <span class='ocrx_word' id='word_1_42' title='bbox 1462 923 1711 997; x_wconf 50' lang='lat' dir='ltr'><strong>&quot;oportuit</strong></span> <span class='ocrx_word' id='word_1_43' title='bbox 1753 930 1923 995; x_wconf 86' lang='lat' dir='ltr'><strong>primo</strong></span> <span class='ocrx_word' id='word_1_44' title='bbox 1972 928 2226 981; x_wconf 70' lang='lat' dir='ltr'><strong>Ecclesiae</strong></span> <span class='ocrx_word' id='word_1_45' title='bbox 2275 942 2387 981; x_wconf 66' lang='lat' dir='ltr'><strong>suae</strong></span> 
     </span>
    </p>
   </div>
   <div class='ocr_carea' id='block_1_9' title="bbox 827 1019 2387 1093">
    <p class='ocr_par' dir='ltr' id='par_1_9' title="bbox 827 1019 2387 1093">
     <span class='ocr_line' id='line_1_9' title="bbox 827 1019 2387 1093; baseline -0.003 -17"><span class='ocrx_word' id='word_1_46' title='bbox 827 1023 1038 1093; x_wconf 86' lang='lat' dir='ltr'><strong>populis</strong></span> <span class='ocrx_word' id='word_1_47' title='bbox 1097 1022 1359 1092; x_wconf 83' lang='lat' dir='ltr'><strong>hymnum</strong></span> <span class='ocrx_word' id='word_1_48' title='bbox 1406 1020 1679 1072; x_wconf 80' lang='lat' dir='ltr'><strong>attribui:</strong></span> <span class='ocrx_word' id='word_1_49' title='bbox 1739 1019 1903 1087; x_wconf 89' lang='lat' dir='ltr'><strong>hique</strong></span> <span class='ocrx_word' id='word_1_50' title='bbox 1959 1027 2114 1073; x_wconf 86' lang='lat' dir='ltr'><strong>erant</strong></span> <span class='ocrx_word' id='word_1_51' title='bbox 2159 1019 2387 1088; x_wconf 79' lang='lat' dir='ltr'><strong>gentiles</strong></span> 
     </span>
    </p>
   </div>
   <div class='ocr_carea' id='block_1_10' title="bbox 828 1106 2384 1183">
    <p class='ocr_par' dir='ltr' id='par_1_10' title="bbox 828 1106 2384 1183">
     <span class='ocr_line' id='line_1_10' title="bbox 828 1106 2384 1183; baseline -0.003 -16"><span class='ocrx_word' id='word_1_52' title='bbox 828 1114 998 1183; x_wconf 84' lang='lat' dir='ltr'><strong>ipsius</strong></span> <span class='ocrx_word' id='word_1_53' title='bbox 1029 1128 1131 1182; x_wconf 88' lang='lat' dir='ltr'><strong>ope</strong></span> <span class='ocrx_word' id='word_1_54' title='bbox 1165 1112 1394 1165; x_wconf 86' lang='lat' dir='ltr'><strong>salutem</strong></span> <span class='ocrx_word' id='word_1_55' title='bbox 1443 1106 1607 1164; x_wconf 86' lang='lat' dir='ltr'><strong>nacti.</strong></span> <span class='ocrx_word' id='word_1_56' title='bbox 1638 1110 1785 1175; x_wconf 77' lang='lat' dir='ltr'><strong>QUos</strong></span> <span class='ocrx_word' id='word_1_57' title='bbox 1820 1110 1904 1164; x_wconf 90' lang='lat' dir='ltr'><strong>his</strong></span> <span class='ocrx_word' id='word_1_58' title='bbox 1930 1110 2108 1163; x_wconf 77' lang='lat' dir='ltr'><strong>verbis</strong></span> <span class='ocrx_word' id='word_1_59' title='bbox 2143 1109 2384 1174; x_wconf 82' lang='lat' dir='ltr'><strong>adnotat,</strong></span> 
     </span>
    </p>
   </div>
   <div class='ocr_carea' id='block_1_11' title="bbox 828 1202 2389 1271">
    <p class='ocr_par' dir='ltr' id='par_1_11' title="bbox 828 1202 2389 1271">
     <span class='ocr_line' id='line_1_11' title="bbox 828 1202 2389 1271; baseline -0.002 -13"><span class='ocrx_word' id='word_1_60' title='bbox 828 1206 931 1270; x_wconf 82' lang='lat' dir='ltr'><strong>Qui</strong></span> <span class='ocrx_word' id='word_1_61' title='bbox 970 1205 1161 1258; x_wconf 81' lang='lat' dir='ltr'><strong>timetis</strong></span> <span class='ocrx_word' id='word_1_62' title='bbox 1195 1202 1497 1265; x_wconf 85' lang='lat' dir='ltr'><strong>Dominum,</strong></span> <span class='ocrx_word' id='word_1_63' title='bbox 1528 1202 1740 1255; x_wconf 83' lang='lat' dir='ltr'><strong>laudate</strong></span> <span class='ocrx_word' id='word_1_64' title='bbox 1767 1220 1904 1255; x_wconf 87' lang='lat' dir='ltr'><strong>eum.</strong></span> <span class='ocrx_word' id='word_1_65' title='bbox 1942 1204 2117 1271; x_wconf 79' lang='lat' dir='ltr'><strong>Atque</strong></span> <span class='ocrx_word' id='word_1_66' title='bbox 2145 1203 2389 1271; x_wconf 85' lang='lat' dir='ltr'><strong>apposite</strong></span> 
     </span>
    </p>
   </div>
   <div class='ocr_carea' id='block_1_12' title="bbox 826 1294 2389 1363">
    <p class='ocr_par' dir='ltr' id='par_1_12' title="bbox 826 1294 2389 1363">
     <span class='ocr_line' id='line_1_12' title="bbox 826 1294 2389 1363; baseline -0.003 -14"><span class='ocrx_word' id='word_1_67' title='bbox 826 1296 1118 1351; x_wconf 86' lang='lat' dir='ltr'><strong>admodum</strong></span> <span class='ocrx_word' id='word_1_68' title='bbox 1146 1296 1406 1349; x_wconf 84' lang='lat' dir='ltr'><strong>fratribus</strong></span> <span class='ocrx_word' id='word_1_69' title='bbox 1444 1311 1504 1349; x_wconf 91' lang='lat' dir='ltr'><strong>ac</strong></span> <span class='ocrx_word' id='word_1_70' title='bbox 1531 1294 1818 1363; x_wconf 87' lang='lat' dir='ltr'><strong>discipulis</strong></span> <span class='ocrx_word' id='word_1_71' title='bbox 1859 1294 1996 1355; x_wconf 90' lang='lat' dir='ltr'><strong>suis,</strong></span> <span class='ocrx_word' id='word_1_72' title='bbox 2034 1302 2217 1360; x_wconf 84' lang='lat' dir='ltr'><strong>utpote</strong></span> <span class='ocrx_word' id='word_1_73' title='bbox 2252 1308 2389 1361; x_wconf 70' lang='lat' dir='ltr'><strong>prte-</strong></span> 
     </span>
    </p>
   </div>
   <div class='ocr_carea' id='block_1_13' title="bbox 828 1386 2390 1455">
    <p class='ocr_par' dir='ltr' id='par_1_13' title="bbox 828 1386 2390 1455">
     <span class='ocr_line' id='line_1_13' title="bbox 828 1386 2390 1455; baseline -0.004 -12"><span class='ocrx_word' id='word_1_74' title='bbox 828 1390 1189 1444; x_wconf 84' lang='lat' dir='ltr'><strong>stantioribus</strong></span> <span class='ocrx_word' id='word_1_75' title='bbox 1234 1404 1297 1442; x_wconf 89' lang='lat' dir='ltr'><strong>ac</strong></span> <span class='ocrx_word' id='word_1_76' title='bbox 1330 1390 1529 1441; x_wconf 79' lang='lat' dir='ltr'><strong>virtute</strong></span> <span class='ocrx_word' id='word_1_77' title='bbox 1564 1388 1767 1455; x_wconf 85' lang='lat' dir='ltr'><strong>majore</strong></span> <span class='ocrx_word' id='word_1_78' title='bbox 1815 1386 2076 1455; x_wconf 80' lang='lat' dir='ltr'><strong>praeditis,</strong></span> <span class='ocrx_word' id='word_1_79' title='bbox 2109 1396 2390 1454; x_wconf 83' lang='lat' dir='ltr'><strong>paternum</strong></span> 
     </span>
    </p>
   </div>
   <div class='ocr_carea' id='block_1_14' title="bbox 827 1475 2393 1545">
    <p class='ocr_par' dir='ltr' id='par_1_14' title="bbox 827 1475 2393 1545">
     <span class='ocr_line' id='line_1_14' title="bbox 827 1475 2393 1545; baseline -0.002 -13"><span class='ocrx_word' id='word_1_80' title='bbox 827 1494 1025 1545; x_wconf 87' lang='lat' dir='ltr'><strong>nomen</strong></span> <span class='ocrx_word' id='word_1_81' title='bbox 1057 1489 1437 1532; x_wconf 89' lang='lat' dir='ltr'><strong>enarraturum</strong></span> <span class='ocrx_word' id='word_1_82' title='bbox 1471 1493 1528 1531; x_wconf 87' lang='lat' dir='ltr'><strong>se</strong></span> <span class='ocrx_word' id='word_1_83' title='bbox 1565 1477 1880 1544; x_wconf 78' lang='lat' dir='ltr'><strong>pollicetur;</strong></span> <span class='ocrx_word' id='word_1_84' title='bbox 1916 1484 1969 1528; x_wconf 91' lang='lat' dir='ltr'><strong>at</strong></span> <span class='ocrx_word' id='word_1_85' title='bbox 2001 1475 2255 1529; x_wconf 67' lang='lat' dir='ltr'><strong>Ecclesiae</strong></span> <span class='ocrx_word' id='word_1_86' title='bbox 2283 1491 2393 1529; x_wconf 76' lang='lat' dir='ltr'><strong>sua:</strong></span> 
     </span>
    </p>
   </div>
   <div class='ocr_carea' id='block_1_15' title="bbox 827 1568 2390 1640">
    <p class='ocr_par' dir='ltr' id='par_1_15' title="bbox 827 1568 2390 1640">
     <span class='ocr_line' id='line_1_15' title="bbox 827 1568 2390 1640; baseline -0.001 -17"><span class='ocrx_word' id='word_1_87' title='bbox 827 1573 1121 1640; x_wconf 89' lang='lat' dir='ltr'><strong>populique</strong></span> <span class='ocrx_word' id='word_1_88' title='bbox 1157 1569 1491 1623; x_wconf 83' lang='lat' dir='ltr'><strong>multitudini</strong></span> <span class='ocrx_word' id='word_1_89' title='bbox 1541 1584 1878 1638; x_wconf 86' lang='lat' dir='ltr'><strong>nequaquam</strong></span> <span class='ocrx_word' id='word_1_90' title='bbox 1930 1576 2212 1637; x_wconf 87' lang='lat' dir='ltr'><strong>paternum</strong></span> <span class='ocrx_word' id='word_1_91' title='bbox 2260 1568 2390 1622; x_wconf 91' lang='lat' dir='ltr'><strong>illud</strong></span> 
     </span>
    </p>
   </div>
   <div class='ocr_carea' id='block_1_16' title="bbox 826 1659 2393 1729">
    <p class='ocr_par' dir='ltr' id='par_1_16' title="bbox 826 1659 2393 1729">
     <span class='ocr_line' id='line_1_16' title="bbox 826 1659 2393 1729; baseline -0.001 -13"><span class='ocrx_word' id='word_1_92' title='bbox 826 1678 1024 1717; x_wconf 87' lang='lat' dir='ltr'><strong>nomen</strong></span> <span class='ocrx_word' id='word_1_93' title='bbox 1086 1662 1297 1715; x_wconf 82' lang='lat' dir='ltr'><strong>tradit:</strong></span> <span class='ocrx_word' id='word_1_94' title='bbox 1358 1676 1465 1714; x_wconf 91' lang='lat' dir='ltr'><strong>non</strong></span> <span class='ocrx_word' id='word_1_95' title='bbox 1517 1662 1658 1715; x_wconf 87' lang='lat' dir='ltr'><strong>enim</strong></span> <span class='ocrx_word' id='word_1_96' title='bbox 1717 1660 1793 1713; x_wconf 89' lang='lat' dir='ltr'><strong>illi</strong></span> <span class='ocrx_word' id='word_1_97' title='bbox 1862 1659 2177 1729; x_wconf 88' lang='lat' dir='ltr'><strong>recipiendo</strong></span> <span class='ocrx_word' id='word_1_98' title='bbox 2235 1674 2393 1728; x_wconf 88' lang='lat' dir='ltr'><strong>pares</strong></span> 
     </span>
    </p>
   </div>
   <div class='ocr_carea' id='block_1_17' title="bbox 828 1752 2392 1822">
    <p class='ocr_par' dir='ltr' id='par_1_17' title="bbox 828 1752 2392 1822">
     <span class='ocr_line' id='line_1_17' title="bbox 828 1752 2392 1822; baseline -0.003 -15"><span class='ocrx_word' id='word_1_99' title='bbox 828 1761 1033 1807; x_wconf 84' lang='lat' dir='ltr'><strong>erant:</strong></span> <span class='ocrx_word' id='word_1_100' title='bbox 1085 1752 1177 1806; x_wconf 90' lang='lat' dir='ltr'><strong>sed</strong></span> <span class='ocrx_word' id='word_1_101' title='bbox 1239 1753 1495 1822; x_wconf 91' lang='lat' dir='ltr'><strong>hymnum</strong></span> <span class='ocrx_word' id='word_1_102' title='bbox 1528 1752 1718 1807; x_wconf 83' lang='lat' dir='ltr'><strong>edocet</strong></span> <span class='ocrx_word' id='word_1_103' title='bbox 1762 1752 1918 1817; x_wconf 87' lang='lat' dir='ltr'><strong>illos;</strong></span> <span class='ocrx_word' id='word_1_104' title='bbox 1963 1752 2159 1807; x_wconf 87' lang='lat' dir='ltr'><strong>deinde</strong></span> <span class='ocrx_word' id='word_1_105' title='bbox 2208 1766 2392 1805; x_wconf 88' lang='lat' dir='ltr'><strong>semen</strong></span> 
     </span>
    </p>
   </div>
   <div class='ocr_carea' id='block_1_18' title="bbox 826 1840 2398 1912">
    <p class='ocr_par' dir='ltr' id='par_1_18' title="bbox 826 1840 2398 1912">
     <span class='ocr_line' id='line_1_18' title="bbox 826 1840 2398 1912; baseline 0.001 -18"><span class='ocrx_word' id='word_1_106' title='bbox 826 1840 996 1895; x_wconf 83' lang='lat' dir='ltr'><strong>Jacob</strong></span> <span class='ocrx_word' id='word_1_107' title='bbox 1026 1842 1180 1912; x_wconf 87' lang='lat' dir='ltr'><strong>jubet</strong></span> <span class='ocrx_word' id='word_1_108' title='bbox 1214 1843 1306 1897; x_wconf 89' lang='lat' dir='ltr'><strong>Dei</strong></span> <span class='ocrx_word' id='word_1_109' title='bbox 1352 1844 1577 1911; x_wconf 79' lang='lat' dir='ltr'><strong>gloriam</strong></span> <span class='ocrx_word' id='word_1_110' title='bbox 1614 1843 1912 1912; x_wconf 70' lang='lat' dir='ltr'><strong>prazdicare</strong></span> <span class='ocrx_word' id='word_1_111' title='bbox 1941 1861 1955 1909; x_wconf 90' lang='lat'><strong>;</strong></span> <span class='ocrx_word' id='word_1_112' title='bbox 1988 1842 2398 1911; x_wconf 86' lang='lat' dir='ltr'><strong>secundumque</strong></span> 
     </span>
    </p>
   </div>
   <div class='ocr_carea' id='block_1_19' title="bbox 828 1932 2399 2001">
    <p class='ocr_par' dir='ltr' id='par_1_19' title="bbox 828 1932 2399 2001">
     <span class='ocr_line' id='line_1_19' title="bbox 828 1932 2399 2001; baseline 0 -14"><span class='ocrx_word' id='word_1_113' title='bbox 828 1932 1074 1987; x_wconf 88' lang='lat' dir='ltr'><strong>ordinem</strong></span> <span class='ocrx_word' id='word_1_114' title='bbox 1107 1933 1255 1988; x_wconf 91' lang='lat' dir='ltr'><strong>illum</strong></span> <span class='ocrx_word' id='word_1_115' title='bbox 1303 1932 1587 1988; x_wconf 71' lang='lat' dir='ltr'><strong>Iudaicum</strong></span> <span class='ocrx_word' id='word_1_116' title='bbox 1624 1934 1929 1996; x_wconf 84' lang='lat' dir='ltr'><strong>constituit,</strong></span> <span class='ocrx_word' id='word_1_117' title='bbox 1979 1933 2235 1986; x_wconf 86' lang='lat' dir='ltr'><strong>nimirum</strong></span> <span class='ocrx_word' id='word_1_118' title='bbox 2276 1944 2399 2001; x_wconf 89' lang='lat' dir='ltr'><strong>post</strong></span> 
     </span>
    </p>
   </div>
   <div class='ocr_carea' id='block_1_20' title="bbox 829 2021 2399 2094">
    <p class='ocr_par' dir='ltr' id='par_1_20' title="bbox 829 2021 2399 2094">
     <span class='ocr_line' id='line_1_20' title="bbox 829 2021 2399 2094; baseline -0.001 -15"><span class='ocrx_word' id='word_1_119' title='bbox 829 2025 1081 2093; x_wconf 72' lang='lat' dir='ltr'><strong>gentilem</strong></span> <span class='ocrx_word' id='word_1_120' title='bbox 1118 2026 1398 2094; x_wconf 91' lang='lat' dir='ltr'><strong>populum.</strong></span> <span class='ocrx_word' id='word_1_121' title='bbox 1427 2023 1575 2087; x_wconf 87' lang='lat' dir='ltr'><strong>Quos</strong></span> <span class='ocrx_word' id='word_1_122' title='bbox 1603 2024 1821 2091; x_wconf 86' lang='lat' dir='ltr'><strong>quidem</strong></span> <span class='ocrx_word' id='word_1_123' title='bbox 1854 2022 2071 2076; x_wconf 68' lang='lat' dir='ltr'><strong>Judzeos</strong></span> <span class='ocrx_word' id='word_1_124' title='bbox 2101 2038 2208 2076; x_wconf 87' lang='lat' dir='ltr'><strong>non</strong></span> <span class='ocrx_word' id='word_1_125' title='bbox 2230 2021 2399 2077; x_wconf 85' lang='lat' dir='ltr'><strong>Jacob</strong></span> 
     </span>
    </p>
   </div>
   <div class='ocr_carea' id='block_1_21' title="bbox 830 2114 2400 2185">
    <p class='ocr_par' dir='ltr' id='par_1_21' title="bbox 830 2114 2400 2185">
     <span class='ocr_line' id='line_1_21' title="bbox 830 2114 2400 2185; baseline 0 -16"><span class='ocrx_word' id='word_1_126' title='bbox 830 2118 1100 2185; x_wconf 87' lang='lat' dir='ltr'><strong>appellat;</strong></span> <span class='ocrx_word' id='word_1_127' title='bbox 1130 2117 1225 2171; x_wconf 92' lang='lat' dir='ltr'><strong>sed</strong></span> <span class='ocrx_word' id='word_1_128' title='bbox 1264 2130 1447 2170; x_wconf 88' lang='lat' dir='ltr'><strong>semen</strong></span> <span class='ocrx_word' id='word_1_129' title='bbox 1478 2114 1670 2168; x_wconf 82' lang='lat' dir='ltr'><strong>Jacobi</strong></span> <span class='ocrx_word' id='word_1_130' title='bbox 1706 2124 1759 2168; x_wconf 88' lang='lat' dir='ltr'><strong>et</strong></span> <span class='ocrx_word' id='word_1_131' title='bbox 1796 2114 2049 2168; x_wconf 85' lang='lat' dir='ltr'><strong>lsraelis:</strong></span> <span class='ocrx_word' id='word_1_132' title='bbox 2083 2116 2246 2183; x_wconf 92' lang='lat' dir='ltr'><strong>idque</strong></span> <span class='ocrx_word' id='word_1_133' title='bbox 2275 2130 2305 2168; x_wconf 90' lang='lat' dir='ltr'><strong>e</strong></span> <span class='ocrx_word' id='word_1_134' title='bbox 2342 2130 2400 2169; x_wconf 93' lang='lat' dir='ltr'><strong>re</strong></span> 
     </span>
    </p>
   </div>
   <div class='ocr_carea' id='block_1_22' title="bbox 827 2207 2396 2277">
    <p class='ocr_par' dir='ltr' id='par_1_22' title="bbox 827 2207 2396 2277">
     <span class='ocr_line' id='line_1_22' title="bbox 827 2207 2396 2277; baseline -0.003 -15"><span class='ocrx_word' id='word_1_135' title='bbox 827 2215 882 2262; x_wconf 91' lang='lat' dir='ltr'><strong>et</strong></span> <span class='ocrx_word' id='word_1_136' title='bbox 908 2216 1182 2269; x_wconf 82' lang='lat' dir='ltr'><strong>accurate,</strong></span> <span class='ocrx_word' id='word_1_137' title='bbox 1208 2214 1426 2277; x_wconf 69' lang='lat' dir='ltr'><strong>propter</strong></span> <span class='ocrx_word' id='word_1_138' title='bbox 1448 2221 1635 2259; x_wconf 89' lang='lat' dir='ltr'><strong>eorum</strong></span> <span class='ocrx_word' id='word_1_139' title='bbox 1668 2221 1730 2261; x_wconf 86' lang='lat' dir='ltr'><strong>ex</strong></span> <span class='ocrx_word' id='word_1_140' title='bbox 1765 2207 2075 2275; x_wconf 69' lang='lat' dir='ltr'><strong>patriarcha</strong></span> <span class='ocrx_word' id='word_1_141' title='bbox 2114 2208 2396 2275; x_wconf 82' lang='lat' dir='ltr'><strong>originem.</strong></span> 
     </span>
    </p>
   </div>
   <div class='ocr_carea' id='block_1_23' title="bbox 828 2296 2401 2368">
    <p class='ocr_par' dir='ltr' id='par_1_23' title="bbox 828 2296 2401 2368">
     <span class='ocr_line' id='line_1_23' title="bbox 828 2296 2401 2368; baseline 0.001 -18"><span class='ocrx_word' id='word_1_142' title='bbox 828 2296 949 2352; x_wconf 83' lang='lat' dir='ltr'><strong>Non</strong></span> <span class='ocrx_word' id='word_1_143' title='bbox 982 2299 1126 2352; x_wconf 91' lang='lat' dir='ltr'><strong>enim</strong></span> <span class='ocrx_word' id='word_1_144' title='bbox 1172 2299 1242 2352; x_wconf 90' lang='lat' dir='ltr'><strong>ob</strong></span> <span class='ocrx_word' id='word_1_145' title='bbox 1286 2306 1570 2368; x_wconf 87' lang='lat' dir='ltr'><strong>paternum</strong></span> <span class='ocrx_word' id='word_1_146' title='bbox 1620 2298 1751 2351; x_wconf 87' lang='lat' dir='ltr'><strong>illud</strong></span> <span class='ocrx_word' id='word_1_147' title='bbox 1796 2299 2070 2361; x_wconf 91' lang='lat' dir='ltr'><strong>studium,</strong></span> <span class='ocrx_word' id='word_1_148' title='bbox 2108 2313 2283 2367; x_wconf 84' lang='lat' dir='ltr'><strong>neque</strong></span> <span class='ocrx_word' id='word_1_149' title='bbox 2330 2296 2401 2351; x_wconf 92' lang='lat' dir='ltr'><strong>ob</strong></span> 
     </span>
    </p>
   </div>
   <div class='ocr_carea' id='block_1_24' title="bbox 742 2387 2400 2458">
    <p class='ocr_par' dir='ltr' id='par_1_24' title="bbox 742 2387 2400 2458">
     <span class='ocr_line' id='line_1_24' title="bbox 742 2387 2400 2458; baseline 0.001 -18"><span class='ocrx_word' id='word_1_150' title='bbox 742 2454 747 2458; x_wconf 12' lang='grc' dir='ltr'><strong><em>ἡ</em></strong></span> <span class='ocrx_word' id='word_1_151' title='bbox 837 2388 1073 2457; x_wconf 86' lang='lat' dir='ltr'><strong>aliquam</strong></span> <span class='ocrx_word' id='word_1_152' title='bbox 1099 2403 1221 2441; x_wconf 91' lang='lat' dir='ltr'><strong>cum</strong></span> <span class='ocrx_word' id='word_1_153' title='bbox 1252 2394 1406 2457; x_wconf 88' lang='lat' dir='ltr'><strong>patre</strong></span> <span class='ocrx_word' id='word_1_154' title='bbox 1438 2404 1538 2442; x_wconf 92' lang='lat' dir='ltr'><strong>suo</strong></span> <span class='ocrx_word' id='word_1_155' title='bbox 1580 2387 2013 2450; x_wconf 87' lang='lat' dir='ltr'><strong>similitudinem,</strong></span> <span class='ocrx_word' id='word_1_156' title='bbox 2052 2387 2203 2458; x_wconf 80' lang='lat' dir='ltr'><strong>digni</strong></span> <span class='ocrx_word' id='word_1_157' title='bbox 2245 2396 2400 2441; x_wconf 90' lang='lat' dir='ltr'><strong>erant</strong></span> 
     </span>
    </p>
   </div>
   <div class='ocr_carea' id='block_1_25' title="bbox 830 2476 2399 2546">
    <p class='ocr_par' dir='ltr' id='par_1_25' title="bbox 830 2476 2399 2546">
     <span class='ocr_line' id='line_1_25' title="bbox 830 2476 2399 2546; baseline 0.001 -17"><span class='ocrx_word' id='word_1_158' title='bbox 830 2477 923 2546; x_wconf 90' lang='lat' dir='ltr'><strong>qui</strong></span> <span class='ocrx_word' id='word_1_159' title='bbox 984 2476 1153 2532; x_wconf 85' lang='lat' dir='ltr'><strong>Jacob</strong></span> <span class='ocrx_word' id='word_1_160' title='bbox 1198 2485 1666 2546; x_wconf 84' lang='lat' dir='ltr'><strong>nuncuparentur,</strong></span> <span class='ocrx_word' id='word_1_161' title='bbox 1705 2478 1802 2530; x_wconf 85' lang='lat' dir='ltr'><strong>sed</strong></span> <span class='ocrx_word' id='word_1_162' title='bbox 1857 2478 2082 2533; x_wconf 86' lang='lat' dir='ltr'><strong>seminis</strong></span> <span class='ocrx_word' id='word_1_163' title='bbox 2118 2493 2299 2533; x_wconf 83' lang='lat' dir='ltr'><strong>causa</strong></span> <span class='ocrx_word' id='word_1_164' title='bbox 2346 2477 2399 2531; x_wconf 89' lang='lat' dir='ltr'><strong>id</strong></span> 
     </span>
    </p>
   </div>
   <div class='ocr_carea' id='block_1_26' title="bbox 832 2568 2400 2639">
    <p class='ocr_par' dir='ltr' id='par_1_26' title="bbox 832 2568 2400 2639">
     <span class='ocr_line' id='line_1_26' title="bbox 832 2568 2400 2639; baseline 0.001 -17"><span class='ocrx_word' id='word_1_165' title='bbox 832 2568 1069 2623; x_wconf 80' lang='lat' dir='ltr'><strong>nominis</strong></span> <span class='ocrx_word' id='word_1_166' title='bbox 1104 2569 1506 2624; x_wconf 75' lang='lat' dir='ltr'><strong>sortiebantur:</strong></span> <span class='ocrx_word' id='word_1_167' title='bbox 1555 2568 1815 2633; x_wconf 80' lang='lat' dir='ltr'><strong>Quoniam</strong></span> <span class='ocrx_word' id='word_1_168' title='bbox 1853 2586 1955 2621; x_wconf 84' lang='lat' dir='ltr'><strong>non</strong></span> <span class='ocrx_word' id='word_1_169' title='bbox 2004 2570 2193 2637; x_wconf 80' lang='lat' dir='ltr'><strong>sprevit</strong></span> <span class='ocrx_word' id='word_1_170' title='bbox 2241 2587 2400 2639; x_wconf 88' lang='lat' dir='ltr'><strong>neque</strong></span> 
     </span>
    </p>
   </div>
   <div class='ocr_carea' id='block_1_27' title="bbox 830 2659 2400 2729">
    <p class='ocr_par' dir='ltr' id='par_1_27' title="bbox 830 2659 2400 2729">
     <span class='ocr_line' id='line_1_27' title="bbox 830 2659 2400 2729; baseline 0.001 -17"><span class='ocrx_word' id='word_1_171' title='bbox 830 2660 1067 2729; x_wconf 67' lang='lat' dir='ltr'><strong>despexit</strong></span> <span class='ocrx_word' id='word_1_172' title='bbox 1101 2659 1516 2726; x_wconf 83' lang='lat' dir='ltr'><strong>deprecationem</strong></span> <span class='ocrx_word' id='word_1_173' title='bbox 1546 2659 1827 2727; x_wconf 80' lang='lat' dir='ltr'><strong>pauperis:</strong></span> <span class='ocrx_word' id='word_1_174' title='bbox 1868 2676 1957 2713; x_wconf 86' lang='lat' dir='ltr'><strong>nec</strong></span> <span class='ocrx_word' id='word_1_175' title='bbox 1993 2660 2180 2713; x_wconf 89' lang='lat' dir='ltr'><strong>avertit</strong></span> <span class='ocrx_word' id='word_1_176' title='bbox 2213 2660 2400 2727; x_wconf 77' lang='lat' dir='ltr'><strong>[aciem</strong></span> 
     </span>
    </p>
   </div>
   <div class='ocr_carea' id='block_1_28' title="bbox 833 2748 2400 2808">
    <p class='ocr_par' dir='ltr' id='par_1_28' title="bbox 833 2748 2400 2808">
     <span class='ocr_line' id='line_1_28' title="bbox 833 2748 2400 2808; baseline -0.001 -5"><span class='ocrx_word' id='word_1_177' title='bbox 833 2766 986 2804; x_wconf 80' lang='lat' dir='ltr'><strong>suam</strong></span> <span class='ocrx_word' id='word_1_178' title='bbox 1032 2766 1065 2803; x_wconf 89' lang='lat' dir='ltr'><strong>a</strong></span> <span class='ocrx_word' id='word_1_179' title='bbox 1109 2764 1220 2808; x_wconf 88' lang='lat' dir='ltr'><strong>me,</strong></span> <span class='ocrx_word' id='word_1_180' title='bbox 1255 2758 1304 2801; x_wconf 87' lang='lat' dir='ltr'><strong>et</strong></span> <span class='ocrx_word' id='word_1_181' title='bbox 1352 2764 1469 2801; x_wconf 87' lang='lat' dir='ltr'><strong>cum</strong></span> <span class='ocrx_word' id='word_1_182' title='bbox 1508 2748 1793 2803; x_wconf 83' lang='lat' dir='ltr'><strong>clamarem</strong></span> <span class='ocrx_word' id='word_1_183' title='bbox 1849 2750 1919 2802; x_wconf 90' lang='lat' dir='ltr'><strong>ad</strong></span> <span class='ocrx_word' id='word_1_184' title='bbox 1970 2765 2089 2803; x_wconf 88' lang='lat' dir='ltr'><strong>eum</strong></span> <span class='ocrx_word' id='word_1_185' title='bbox 2136 2748 2400 2802; x_wconf 73' lang='lat' dir='ltr'><strong>exaudivit</strong></span> 
     </span>
    </p>
   </div>
   <div class='ocr_carea' id='block_1_29' title="bbox 833 2857 936 2895">
    <p class='ocr_par' dir='ltr' id='par_1_29' title="bbox 833 2857 936 2895">
     <span class='ocr_line' id='line_1_29' title="bbox 833 2857 936 2895; baseline 0.01 -1"><span class='ocrx_word' id='word_1_186' title='bbox 833 2857 936 2895; x_wconf 87' lang='lat' dir='ltr'><strong>me.</strong></span> 
     </span>
    </p>
   </div>
   <div class='ocr_carea' id='block_1_30' title="bbox 912 2930 2399 3002">
    <p class='ocr_par' dir='ltr' id='par_1_30' title="bbox 912 2930 2399 3002">
     <span class='ocr_line' id='line_1_30' title="bbox 912 2930 2399 3002; baseline 0.001 -18"><span class='ocrx_word' id='word_1_187' title='bbox 912 2930 1075 2987; x_wconf 64' lang='lat' dir='ltr'><strong>Vens.</strong></span> <span class='ocrx_word' id='word_1_188' title='bbox 1103 2930 1195 2995; x_wconf 70' lang='lat'><strong>26,</strong></span> <span class='ocrx_word' id='word_1_189' title='bbox 1226 2931 1317 2987; x_wconf 74' lang='grc'><strong>27.</strong></span> <span class='ocrx_word' id='word_1_190' title='bbox 1362 2931 1533 2987; x_wconf 83' lang='lat' dir='ltr'><strong>Edent</strong></span> <span class='ocrx_word' id='word_1_191' title='bbox 1562 2949 1812 3002; x_wconf 81' lang='lat' dir='ltr'><strong>pauperes</strong></span> <span class='ocrx_word' id='word_1_192' title='bbox 1839 2944 1888 2987; x_wconf 87' lang='lat' dir='ltr'><strong>et</strong></span> <span class='ocrx_word' id='word_1_193' title='bbox 1919 2932 2321 2995; x_wconf 81' lang='lat' dir='ltr'><strong>saturabuntur,</strong></span> <span class='ocrx_word' id='word_1_194' title='bbox 2349 2941 2399 2985; x_wconf 89' lang='lat' dir='ltr'><strong>et</strong></span> 
     </span>
    </p>
   </div>
   <div class='ocr_carea' id='block_1_31' title="bbox 836 3024 2401 3095">
    <p class='ocr_par' dir='ltr' id='par_1_31' title="bbox 836 3024 2401 3095">
     <span class='ocr_line' id='line_1_31' title="bbox 836 3024 2401 3095; baseline -0.001 -17"><span class='ocrx_word' id='word_1_195' title='bbox 836 3024 1127 3078; x_wconf 75' lang='lat' dir='ltr'><strong>laudabunt</strong></span> <span class='ocrx_word' id='word_1_196' title='bbox 1155 3024 1439 3078; x_wconf 84' lang='lat' dir='ltr'><strong>Dominum</strong></span> <span class='ocrx_word' id='word_1_197' title='bbox 1475 3028 1562 3095; x_wconf 86' lang='lat' dir='ltr'><strong>qui</strong></span> <span class='ocrx_word' id='word_1_198' title='bbox 1598 3027 1866 3095; x_wconf 88' lang='lat' dir='ltr'><strong>requirunt</strong></span> <span class='ocrx_word' id='word_1_199' title='bbox 1906 3042 2044 3089; x_wconf 88' lang='lat' dir='ltr'><strong>eum,</strong></span> <span class='ocrx_word' id='word_1_200' title='bbox 2079 3027 2245 3078; x_wconf 80' lang='lat' dir='ltr'><strong>vivent</strong></span> <span class='ocrx_word' id='word_1_201' title='bbox 2286 3041 2401 3077; x_wconf 87' lang='lat' dir='ltr'><strong>cor-</strong></span> 
     </span>
    </p>
   </div>
   <div class='ocr_carea' id='block_1_32' title="bbox 835 3113 2401 3177">
    <p class='ocr_par' dir='ltr' id='par_1_32' title="bbox 835 3113 2401 3177">
     <span class='ocr_line' id='line_1_32' title="bbox 835 3113 2401 3177; baseline -0.001 -9"><span class='ocrx_word' id='word_1_202' title='bbox 835 3113 906 3168; x_wconf 82' lang='lat' dir='ltr'><strong>da</strong></span> <span class='ocrx_word' id='word_1_203' title='bbox 931 3130 1111 3168; x_wconf 84' lang='lat' dir='ltr'><strong>eorum</strong></span> <span class='ocrx_word' id='word_1_204' title='bbox 1156 3116 1209 3168; x_wconf 86' lang='lat' dir='ltr'><strong>in</strong></span> <span class='ocrx_word' id='word_1_205' title='bbox 1243 3116 1494 3168; x_wconf 79' lang='lat' dir='ltr'><strong>sreculum</strong></span> <span class='ocrx_word' id='word_1_206' title='bbox 1530 3116 1731 3169; x_wconf 78' lang='lat' dir='ltr'><strong>swculi.</strong></span> <span class='ocrx_word' id='word_1_207' title='bbox 1785 3114 1883 3169; x_wconf 78' lang='lat' dir='ltr'><strong>Hic</strong></span> <span class='ocrx_word' id='word_1_208' title='bbox 1914 3114 2068 3177; x_wconf 88' lang='lat' dir='ltr'><strong>dicit,</strong></span> <span class='ocrx_word' id='word_1_209' title='bbox 2126 3113 2313 3176; x_wconf 79' lang='lat' dir='ltr'><strong>edent;</strong></span> <span class='ocrx_word' id='word_1_210' title='bbox 2343 3113 2401 3167; x_wconf 91' lang='lat' dir='ltr'><strong>in</strong></span> 
     </span>
    </p>
   </div>
   <div class='ocr_carea' id='block_1_33' title="bbox 837 3205 2399 3275">
    <p class='ocr_par' dir='ltr' id='par_1_33' title="bbox 837 3205 2399 3275">
     <span class='ocr_line' id='line_1_33' title="bbox 837 3205 2399 3275; baseline -0.001 -16"><span class='ocrx_word' id='word_1_211' title='bbox 837 3206 1192 3275; x_wconf 83' lang='lat' dir='ltr'><strong>sequentibus</strong></span> <span class='ocrx_word' id='word_1_212' title='bbox 1248 3222 1372 3260; x_wconf 85' lang='lat' dir='ltr'><strong>vero</strong></span> <span class='ocrx_word' id='word_1_213' title='bbox 1405 3246 1421 3269; x_wconf 91' lang='lat'><strong>,</strong></span> <span class='ocrx_word' id='word_1_214' title='bbox 1471 3207 1914 3260; x_wconf 86' lang='lat' dir='ltr'><strong>manducaverunt</strong></span> <span class='ocrx_word' id='word_1_215' title='bbox 1958 3216 2005 3260; x_wconf 86' lang='lat' dir='ltr'><strong>et</strong></span> <span class='ocrx_word' id='word_1_216' title='bbox 2054 3205 2399 3258; x_wconf 83' lang='lat' dir='ltr'><strong>adoraverunt</strong></span> 
     </span>
    </p>
   </div>
   <div class='ocr_carea' id='block_1_34' title="bbox 2484 740 4059 817">
    <p class='ocr_par' dir='ltr' id='par_1_34' title="bbox 2484 740 4059 817">
     <span class='ocr_line' id='line_1_34' title="bbox 2484 740 4059 817; baseline -0.003 -19"><span class='ocrx_word' id='word_1_217' title='bbox 2484 746 2871 817; x_wconf 80' lang='grc' dir='ltr'>Κύριον.”Εδει</span> <span class='ocrx_word' id='word_1_218' title='bbox 2899 746 3026 813; x_wconf 86' lang='grc' dir='ltr'>γὰρ,</span> <span class='ocrx_word' id='word_1_219' title='bbox 3060 743 3337 815; x_wconf 77' lang='grc' dir='ltr'><strong>εἰρηκότος</strong></span> <span class='ocrx_word' id='word_1_220' title='bbox 3364 741 3526 795; x_wconf 78' lang='grc' dir='ltr'>αὑτοῦ</span> <span class='ocrx_word' id='word_1_221' title='bbox 3548 758 3561 771; x_wconf 92' lang='grc'><strong>·</strong></span> <span class='ocrx_word' id='word_1_222' title='bbox 3597 741 3958 809; x_wconf 74' lang='grc' dir='ltr'>Διηγήσομαι</span> <span class='ocrx_word' id='word_1_223' title='bbox 3986 740 4059 794; x_wconf 89' lang='grc' dir='ltr'>τὸ</span> 
     </span>
    </p>
   </div>
   <div class='ocr_carea' id='block_1_35' title="bbox 2486 832 4061 906">
    <p class='ocr_par' dir='ltr' id='par_1_35' title="bbox 2486 832 4061 906">
     <span class='ocr_line' id='line_1_35' title="bbox 2486 832 4061 906; baseline -0.002 -16"><span class='ocrx_word' id='word_1_224' title='bbox 2486 837 2671 906; x_wconf 78' lang='grc' dir='ltr'>ὄνομά</span> <span class='ocrx_word' id='word_1_225' title='bbox 2710 852 2822 890; x_wconf 92' lang='grc' dir='ltr'><strong>σου</strong></span> <span class='ocrx_word' id='word_1_226' title='bbox 2861 836 2984 902; x_wconf 81' lang='grc' dir='ltr'>τοῖς</span> <span class='ocrx_word' id='word_1_227' title='bbox 3020 835 3302 905; x_wconf 61' lang='grc' dir='ltr'>ἀδελφοῖς</span> <span class='ocrx_word' id='word_1_228' title='bbox 3332 852 3472 905; x_wconf 83' lang='grc' dir='ltr'>μου,</span> <span class='ocrx_word' id='word_1_229' title='bbox 3500 836 3569 888; x_wconf 84' lang='grc' dir='ltr'>ὲν</span> <span class='ocrx_word' id='word_1_230' title='bbox 3600 832 3767 903; x_wconf 83' lang='grc' dir='ltr'><strong>μέσῳ</strong></span> <span class='ocrx_word' id='word_1_231' title='bbox 3806 835 4061 902; x_wconf 72' lang='grc' dir='ltr'>Ἐκκλη-</span> 
     </span>
    </p>
   </div>
   <div class='ocr_carea' id='block_1_36' title="bbox 2486 925 4059 999">
    <p class='ocr_par' dir='ltr' id='par_1_36' title="bbox 2486 925 4059 999">
     <span class='ocr_line' id='line_1_36' title="bbox 2486 925 4059 999; baseline -0.003 -15"><span class='ocrx_word' id='word_1_232' title='bbox 2486 932 2624 995; x_wconf 81' lang='grc' dir='ltr'>σίας</span> <span class='ocrx_word' id='word_1_233' title='bbox 2649 931 2898 999; x_wconf 78' lang='grc' dir='ltr'><strong>ὑμνήσω</strong></span> <span class='ocrx_word' id='word_1_234' title='bbox 2929 944 3001 982; x_wconf 83' lang='grc' dir='ltr'><strong>σε</strong></span> <span class='ocrx_word' id='word_1_235' title='bbox 3022 946 3034 957; x_wconf 90' lang='grc'><strong>·</strong></span> <span class='ocrx_word' id='word_1_236' title='bbox 3068 929 3156 981; x_wconf 84' lang='grc' dir='ltr'>τὸν</span> <span class='ocrx_word' id='word_1_237' title='bbox 3203 928 3366 997; x_wconf 83' lang='grc' dir='ltr'>ὖμνον</span> <span class='ocrx_word' id='word_1_238' title='bbox 3410 926 3643 998; x_wconf 81' lang='grc' dir='ltr'>πρώτοις</span> <span class='ocrx_word' id='word_1_239' title='bbox 3686 925 4059 997; x_wconf 79' lang='grc' dir='ltr'><strong>παραδοθῆναι</strong></span> 
     </span>
    </p>
   </div>
   <div class='ocr_carea' id='block_1_37' title="bbox 2488 1010 4061 1091">
    <p class='ocr_par' dir='ltr' id='par_1_37' title="bbox 2488 1010 4061 1091">
     <span class='ocr_line' id='line_1_37' title="bbox 2488 1010 4061 1091; baseline -0.001 -19"><span class='ocrx_word' id='word_1_240' title='bbox 2488 1023 2598 1083; x_wconf 81' lang='grc' dir='ltr'>τοῖς</span> <span class='ocrx_word' id='word_1_241' title='bbox 2626 1022 2723 1090; x_wconf 87' lang='grc' dir='ltr'>τῆς</span> <span class='ocrx_word' id='word_1_242' title='bbox 2750 1022 2945 1091; x_wconf 80' lang='grc' dir='ltr'>Ἐκκλη</span> <span class='ocrx_word' id='word_1_243' title='bbox 2956 1021 3070 1083; x_wconf 86' lang='grc' dir='ltr'>σίας</span> <span class='ocrx_word' id='word_1_244' title='bbox 3100 1018 3285 1073; x_wconf 78' lang='grc' dir='ltr'>αὑτοῦ.</span> <span class='ocrx_word' id='word_1_245' title='bbox 3304 1010 3461 1072; x_wconf 70' lang='grc' dir='ltr'>Οὗτοι</span> <span class='ocrx_word' id='word_1_246' title='bbox 3492 1019 3549 1071; x_wconf 86' lang='grc' dir='ltr'>δὲ</span> <span class='ocrx_word' id='word_1_247' title='bbox 3571 1014 3710 1089; x_wconf 79' lang='grc' dir='ltr'>ἦσαν</span> <span class='ocrx_word' id='word_1_248' title='bbox 3735 1020 3782 1071; x_wconf 81' lang='grc' dir='ltr'>οἱ</span> <span class='ocrx_word' id='word_1_249' title='bbox 3807 1016 3866 1082; x_wconf 79' lang='grc' dir='ltr'><strong>ἐξ</strong></span> <span class='ocrx_word' id='word_1_250' title='bbox 3886 1016 4061 1071; x_wconf 81' lang='grc' dir='ltr'>ὲθνῶν</span> 
     </span>
    </p>
   </div>
   <div class='ocr_carea' id='block_1_38' title="bbox 2488 1111 4059 1182">
    <p class='ocr_par' dir='ltr' id='par_1_38' title="bbox 2488 1111 4059 1182">
     <span class='ocr_line' id='line_1_38' title="bbox 2488 1111 4059 1182; baseline 0 -19"><span class='ocrx_word' id='word_1_251' title='bbox 2488 1111 2553 1163; x_wconf 85' lang='grc' dir='ltr'><strong>δι’</strong></span> <span class='ocrx_word' id='word_1_252' title='bbox 2581 1113 2741 1165; x_wconf 78' lang='grc' dir='ltr'>αὑτὸν</span> <span class='ocrx_word' id='word_1_253' title='bbox 2787 1113 3115 1182; x_wconf 83' lang='grc' dir='ltr'>σεσωσμένοι</span> <span class='ocrx_word' id='word_1_254' title='bbox 3136 1118 3157 1142; x_wconf 69' lang='grc'><strong>·“</strong></span> <span class='ocrx_word' id='word_1_255' title='bbox 3199 1111 3291 1174; x_wconf 78' lang='grc' dir='ltr'>οὓς</span> <span class='ocrx_word' id='word_1_256' title='bbox 3335 1112 3398 1182; x_wconf 83' lang='grc' dir='ltr'>δὴ</span> <span class='ocrx_word' id='word_1_257' title='bbox 3443 1112 3693 1181; x_wconf 80' lang='grc' dir='ltr'><strong>σημαίνει</strong></span> <span class='ocrx_word' id='word_1_258' title='bbox 3740 1112 3943 1179; x_wconf 83' lang='grc' dir='ltr'>λέγων·</span> <span class='ocrx_word' id='word_1_259' title='bbox 3994 1113 4059 1163; x_wconf 84' lang='grc' dir='ltr'><strong>οι</strong></span> 
     </span>
    </p>
   </div>
   <div class='ocr_carea' id='block_1_39' title="bbox 2489 1201 4063 1273">
    <p class='ocr_par' dir='ltr' id='par_1_39' title="bbox 2489 1201 4063 1273">
     <span class='ocr_line' id='line_1_39' title="bbox 2489 1201 4063 1273; baseline -0.001 -17"><span class='ocrx_word' id='word_1_260' title='bbox 2489 1204 2840 1272; x_wconf 70' lang='grc' dir='ltr'>φοϐούμενοι</span> <span class='ocrx_word' id='word_1_261' title='bbox 2889 1206 2997 1257; x_wconf 82' lang='grc' dir='ltr'><strong>τόν</strong></span> <span class='ocrx_word' id='word_1_262' title='bbox 3040 1205 3281 1271; x_wconf 84' lang='grc' dir='ltr'><strong>Κύριον,</strong></span> <span class='ocrx_word' id='word_1_263' title='bbox 3305 1205 3584 1255; x_wconf 78' lang='grc' dir='ltr'>αὶνέσατε</span> <span class='ocrx_word' id='word_1_264' title='bbox 3608 1204 3810 1257; x_wconf 83' lang='grc' dir='ltr'>αὐτόν.</span> <span class='ocrx_word' id='word_1_265' title='bbox 3844 1201 4063 1273; x_wconf 81' lang='grc' dir='ltr'>Σφόδρα</span> 
     </span>
    </p>
   </div>
   <div class='ocr_carea' id='block_1_40' title="bbox 2490 1293 4064 1365">
    <p class='ocr_par' dir='ltr' id='par_1_40' title="bbox 2490 1293 4064 1365">
     <span class='ocr_line' id='line_1_40' title="bbox 2490 1293 4064 1365; baseline -0.001 -17"><span class='ocrx_word' id='word_1_266' title='bbox 2490 1296 2730 1365; x_wconf 83' lang='grc' dir='ltr'>ἀκριϐῶς</span> <span class='ocrx_word' id='word_1_267' title='bbox 2755 1296 2865 1358; x_wconf 86' lang='grc' dir='ltr'>τοῖς</span> <span class='ocrx_word' id='word_1_268' title='bbox 2908 1296 3005 1364; x_wconf 82' lang='grc' dir='ltr'>μὲν</span> <span class='ocrx_word' id='word_1_269' title='bbox 3049 1295 3239 1348; x_wconf 84' lang='grc' dir='ltr'>ἑαυτοῦ</span> <span class='ocrx_word' id='word_1_270' title='bbox 3283 1293 3528 1361; x_wconf 60' lang='grc' dir='ltr'>ἁδελςροῖς</span> <span class='ocrx_word' id='word_1_271' title='bbox 3564 1295 3655 1346; x_wconf 65' lang='grc' dir='ltr'><strong>κα)⁸</strong></span> <span class='ocrx_word' id='word_1_272' title='bbox 3706 1293 3973 1365; x_wconf 76' lang='grc' dir='ltr'><strong>μαθηταῖς</strong></span> <span class='ocrx_word' id='word_1_273' title='bbox 4000 1294 4064 1347; x_wconf 80' lang='grc' dir='ltr'>τὸ</span> 
     </span>
    </p>
   </div>
   <div class='ocr_carea' id='block_1_41' title="bbox 2490 1386 4066 1459">
    <p class='ocr_par' dir='ltr' id='par_1_41' title="bbox 2490 1386 4066 1459">
     <span class='ocr_line' id='line_1_41' title="bbox 2490 1386 4066 1459; baseline -0.001 -18"><span class='ocrx_word' id='word_1_274' title='bbox 2490 1390 2656 1459; x_wconf 75' lang='grc' dir='ltr'>ὄνομα</span> <span class='ocrx_word' id='word_1_275' title='bbox 2686 1389 2985 1459; x_wconf 84' lang='grc' dir='ltr'>διηγεῖσθαι</span> <span class='ocrx_word' id='word_1_276' title='bbox 3027 1390 3087 1441; x_wconf 86' lang='grc' dir='ltr'>τὸ</span> <span class='ocrx_word' id='word_1_277' title='bbox 3122 1387 3403 1459; x_wconf 72' lang='grc' dir='ltr'>πατρικὸν,</span> <span class='ocrx_word' id='word_1_278' title='bbox 3438 1388 3512 1450; x_wconf 88' lang='grc' dir='ltr'>ὼς</span> <span class='ocrx_word' id='word_1_279' title='bbox 3545 1386 3611 1440; x_wconf 81' lang='grc' dir='ltr'>ἂν</span> <span class='ocrx_word' id='word_1_280' title='bbox 3651 1388 3920 1457; x_wconf 79' lang='grc' dir='ltr'>κρείττοσι</span> <span class='ocrx_word' id='word_1_281' title='bbox 3966 1387 4066 1441; x_wconf 80' lang='grc' dir='ltr'>καὶ</span> 
     </span>
    </p>
   </div>
   <div class='ocr_carea' id='block_1_42' title="bbox 2490 1480 4066 1553">
    <p class='ocr_par' dir='ltr' id='par_1_42' title="bbox 2490 1480 4066 1553">
     <span class='ocr_line' id='line_1_42' title="bbox 2490 1480 4066 1553; baseline 0 -20"><span class='ocrx_word' id='word_1_282' title='bbox 2490 1482 2897 1553; x_wconf 82' lang='grc' dir='ltr'>δυνατωτέροις,</span> <span class='ocrx_word' id='word_1_283' title='bbox 2926 1480 3345 1549; x_wconf 73' lang='grc' dir='ltr'>ἐπαγγέλλεται·</span> <span class='ocrx_word' id='word_1_284' title='bbox 3379 1480 3470 1532; x_wconf 72' lang='grc' dir='ltr'><strong>ἐπὶ</strong></span> <span class='ocrx_word' id='word_1_285' title='bbox 3501 1480 3555 1533; x_wconf 86' lang='grc' dir='ltr'>δὲ</span> <span class='ocrx_word' id='word_1_286' title='bbox 3602 1480 3699 1550; x_wconf 83' lang='grc' dir='ltr'>τῆς</span> <span class='ocrx_word' id='word_1_287' title='bbox 3740 1480 4066 1549; x_wconf 85' lang='grc' dir='ltr'>Ἐκκλησίας</span> 
     </span>
    </p>
   </div>
   <div class='ocr_carea' id='block_1_43' title="bbox 2492 1571 4066 1643">
    <p class='ocr_par' dir='ltr' id='par_1_43' title="bbox 2492 1571 4066 1643">
     <span class='ocr_line' id='line_1_43' title="bbox 2492 1571 4066 1643; baseline 0.001 -18"><span class='ocrx_word' id='word_1_288' title='bbox 2492 1572 2656 1625; x_wconf 79' lang='grc' dir='ltr'>αὑτοῦ</span> <span class='ocrx_word' id='word_1_289' title='bbox 2699 1577 2790 1627; x_wconf 77' lang='grc' dir='ltr'>καὶ</span> <span class='ocrx_word' id='word_1_290' title='bbox 2822 1574 2913 1626; x_wconf 80' lang='grc' dir='ltr'><strong>τοῦ</strong></span> <span class='ocrx_word' id='word_1_291' title='bbox 2944 1572 3177 1643; x_wconf 83' lang='grc' dir='ltr'>πλήθους</span> <span class='ocrx_word' id='word_1_292' title='bbox 3205 1573 3297 1625; x_wconf 79' lang='grc' dir='ltr'><strong>τοῦ</strong></span> <span class='ocrx_word' id='word_1_293' title='bbox 3328 1571 3455 1625; x_wconf 81' lang='grc' dir='ltr'>λαοῦ</span> <span class='ocrx_word' id='word_1_294' title='bbox 3481 1572 3663 1624; x_wconf 83' lang='grc' dir='ltr'>οὐκέτι</span> <span class='ocrx_word' id='word_1_295' title='bbox 3702 1572 3764 1624; x_wconf 85' lang='grc' dir='ltr'>τὸ</span> <span class='ocrx_word' id='word_1_296' title='bbox 3797 1572 4066 1643; x_wconf 78' lang='grc' dir='ltr'>πατρικὸν</span> 
     </span>
    </p>
   </div>
   <div class='ocr_carea' id='block_1_44' title="bbox 2492 1658 4067 1737">
    <p class='ocr_par' dir='ltr' id='par_1_44' title="bbox 2492 1658 4067 1737">
     <span class='ocr_line' id='line_1_44' title="bbox 2492 1658 4067 1737; baseline -0.001 -18"><span class='ocrx_word' id='word_1_297' title='bbox 2492 1667 2661 1735; x_wconf 76' lang='grc' dir='ltr'>ὄνομα</span> <span class='ocrx_word' id='word_1_298' title='bbox 2686 1666 3081 1737; x_wconf 84' lang='grc' dir='ltr'>παραδίδωσιν·</span> <span class='ocrx_word' id='word_1_299' title='bbox 3110 1665 3169 1718; x_wconf 86' lang='grc' dir='ltr'>οὐ</span> <span class='ocrx_word' id='word_1_300' title='bbox 3200 1665 3306 1736; x_wconf 87' lang='grc' dir='ltr'><strong>γὰρ</strong></span> <span class='ocrx_word' id='word_1_301' title='bbox 3334 1665 3570 1735; x_wconf 76' lang='grc' dir='ltr'>ἐχώρουν</span> <span class='ocrx_word' id='word_1_302' title='bbox 3600 1658 3743 1718; x_wconf 77' lang='grc' dir='ltr'>οὗτοι</span> <span class='ocrx_word' id='word_1_303' title='bbox 3762 1680 3775 1693; x_wconf 81' lang='grc'><em>’</em></span> <span class='ocrx_word' id='word_1_304' title='bbox 3806 1661 3973 1734; x_wconf 80' lang='grc' dir='ltr'>ὕμνον</span> <span class='ocrx_word' id='word_1_305' title='bbox 4006 1663 4067 1717; x_wconf 68' lang='grc' dir='ltr'>δὲ</span> 
     </span>
    </p>
   </div>
   <div class='ocr_carea' id='block_1_45' title="bbox 2494 1756 4067 1828">
    <p class='ocr_par' dir='ltr' id='par_1_45' title="bbox 2494 1756 4067 1828">
     <span class='ocr_line' id='line_1_45' title="bbox 2494 1756 4067 1828; baseline -0.001 -17"><span class='ocrx_word' id='word_1_306' title='bbox 2494 1760 2686 1820; x_wconf 78' lang='grc' dir='ltr'>αὐτοὺς</span> <span class='ocrx_word' id='word_1_307' title='bbox 2727 1757 2994 1810; x_wconf 81' lang='grc' dir='ltr'>διδάσκει⁴</span> <span class='ocrx_word' id='word_1_308' title='bbox 3025 1758 3213 1812; x_wconf 76' lang='grc' dir='ltr'>ἔπειτα</span> <span class='ocrx_word' id='word_1_309' title='bbox 3238 1757 3316 1827; x_wconf 87' lang='grc' dir='ltr'>τῷ</span> <span class='ocrx_word' id='word_1_310' title='bbox 3360 1757 3631 1828; x_wconf 88' lang='grc' dir='ltr'>σπέρματι</span> <span class='ocrx_word' id='word_1_311' title='bbox 3661 1756 3853 1809; x_wconf 85' lang='grc' dir='ltr'>Ἰακὼϐ</span> <span class='ocrx_word' id='word_1_312' title='bbox 3886 1773 3964 1828; x_wconf 91' lang='grc' dir='ltr'><strong>πρ</strong></span> <span class='ocrx_word' id='word_1_313' title='bbox 4000 1773 4067 1809; x_wconf 89' lang='grc' dir='ltr'>σ-</span> 
     </span>
    </p>
   </div>
   <div class='ocr_carea' id='block_1_46' title="bbox 2495 1848 4064 1920">
    <p class='ocr_par' dir='ltr' id='par_1_46' title="bbox 2495 1848 4064 1920">
     <span class='ocr_line' id='line_1_46' title="bbox 2495 1848 4064 1920; baseline 0 -17"><span class='ocrx_word' id='word_1_314' title='bbox 2495 1851 2674 1903; x_wconf 86' lang='grc' dir='ltr'>τάττει</span> <span class='ocrx_word' id='word_1_315' title='bbox 2732 1849 2973 1915; x_wconf 74' lang='grc' dir='ltr'><strong>δοξάζειν</strong></span> <span class='ocrx_word' id='word_1_316' title='bbox 3022 1851 3203 1914; x_wconf 80' lang='grc' dir='ltr'>αὑτὸν,</span> <span class='ocrx_word' id='word_1_317' title='bbox 3254 1850 3506 1920; x_wconf 83' lang='grc' dir='ltr'>δεύτερον</span> <span class='ocrx_word' id='word_1_318' title='bbox 3553 1851 3735 1920; x_wconf 84' lang='grc' dir='ltr'>τάγμα</span> <span class='ocrx_word' id='word_1_319' title='bbox 3782 1849 3951 1913; x_wconf 73' lang='grc' dir='ltr'>τιθεὶς</span> <span class='ocrx_word' id='word_1_320' title='bbox 3998 1848 4064 1903; x_wconf 79' lang='grc' dir='ltr'>τὸ</span> 
     </span>
    </p>
   </div>
   <div class='ocr_carea' id='block_1_47' title="bbox 2514 1940 4072 2012">
    <p class='ocr_par' dir='ltr' id='par_1_47' title="bbox 2514 1940 4072 2012">
     <span class='ocr_line' id='line_1_47' title="bbox 2514 1940 4072 2012; baseline 0.001 -18"><span class='ocrx_word' id='word_1_321' title='bbox 2514 1942 2817 2005; x_wconf 80' lang='grc' dir='ltr'>Ἰουδαϊκὸν,</span> <span class='ocrx_word' id='word_1_322' title='bbox 2856 1942 2991 2012; x_wconf 85' lang='grc' dir='ltr'>μετὰ</span> <span class='ocrx_word' id='word_1_323' title='bbox 3018 1944 3107 1994; x_wconf 83' lang='grc' dir='ltr'>τὸν</span> <span class='ocrx_word' id='word_1_324' title='bbox 3144 1941 3204 2007; x_wconf 75' lang='grc' dir='ltr'><strong>ἐξ</strong></span> <span class='ocrx_word' id='word_1_325' title='bbox 3238 1942 3403 1995; x_wconf 73' lang='grc' dir='ltr'>ἐθνῶν</span> <span class='ocrx_word' id='word_1_326' title='bbox 3430 1941 3557 1995; x_wconf 85' lang='grc' dir='ltr'>λαόν</span> <span class='ocrx_word' id='word_1_327' title='bbox 3575 1958 3587 1970; x_wconf 86' lang='lat'>&#39;</span> <span class='ocrx_word' id='word_1_328' title='bbox 3628 1940 3722 2004; x_wconf 83' lang='grc' dir='ltr'>οὒς</span> <span class='ocrx_word' id='word_1_329' title='bbox 3750 1942 3841 1995; x_wconf 74' lang='grc' dir='ltr'>καὶ</span> <span class='ocrx_word' id='word_1_330' title='bbox 3866 1941 4072 2011; x_wconf 80' lang='grc' dir='ltr'>ὀνομά-</span> 
     </span>
    </p>
   </div>
   <div class='ocr_carea' id='block_1_48' title="bbox 2502 2028 4070 2104">
    <p class='ocr_par' dir='ltr' id='par_1_48' title="bbox 2502 2028 4070 2104">
     <span class='ocr_line' id='line_1_48' title="bbox 2502 2028 4070 2104; baseline 0.001 -21"><span class='ocrx_word' id='word_1_331' title='bbox 2502 2031 2581 2095; x_wconf 84' lang='grc' dir='ltr'><strong>ζει</strong></span> <span class='ocrx_word' id='word_1_332' title='bbox 2627 2032 2726 2083; x_wconf 76' lang='grc' dir='ltr'>οὐκ</span> <span class='ocrx_word' id='word_1_333' title='bbox 2769 2030 2981 2095; x_wconf 82' lang='grc' dir='ltr'>Ἰακὼϐ,</span> <span class='ocrx_word' id='word_1_334' title='bbox 3014 2031 3150 2085; x_wconf 80' lang='grc' dir='ltr'><strong>ἀλλὰ</strong></span> <span class='ocrx_word' id='word_1_335' title='bbox 3198 2030 3417 2101; x_wconf 81' lang='grc' dir='ltr'>σπέρμα</span> <span class='ocrx_word' id='word_1_336' title='bbox 3462 2028 3652 2083; x_wconf 86' lang='grc' dir='ltr'>Ἰακὼϐ</span> <span class='ocrx_word' id='word_1_337' title='bbox 3692 2031 3785 2083; x_wconf 81' lang='grc' dir='ltr'>καὶ</span> <span class='ocrx_word' id='word_1_338' title='bbox 3828 2031 4070 2104; x_wconf 79' lang='grc' dir='ltr'>Ἰσραὴλ,</span> 
     </span>
    </p>
   </div>
   <div class='ocr_carea' id='block_1_49' title="bbox 2503 2118 4066 2194">
    <p class='ocr_par' dir='ltr' id='par_1_49' title="bbox 2503 2118 4066 2194">
     <span class='ocr_line' id='line_1_49' title="bbox 2503 2118 4066 2194; baseline 0.003 -20"><span class='ocrx_word' id='word_1_339' title='bbox 2503 2123 2704 2193; x_wconf 83' lang='grc' dir='ltr'>σφόδρα</span> <span class='ocrx_word' id='word_1_340' title='bbox 2738 2122 2979 2194; x_wconf 85' lang='grc' dir='ltr'>ἀκριϐῶς</span> <span class='ocrx_word' id='word_1_341' title='bbox 3006 2122 3093 2176; x_wconf 82' lang='grc' dir='ltr'><strong>διὰ</strong></span> <span class='ocrx_word' id='word_1_342' title='bbox 3120 2122 3217 2193; x_wconf 80' lang='grc' dir='ltr'>τὴν</span> <span class='ocrx_word' id='word_1_343' title='bbox 3248 2125 3311 2175; x_wconf 82' lang='grc' dir='ltr'>ὲκ</span> <span class='ocrx_word' id='word_1_344' title='bbox 3344 2118 3437 2175; x_wconf 81' lang='grc' dir='ltr'><strong>τοῦ</strong></span> <span class='ocrx_word' id='word_1_345' title='bbox 3465 2122 3800 2194; x_wconf 86' lang='grc' dir='ltr'>πατριάρχου</span> <span class='ocrx_word' id='word_1_346' title='bbox 3828 2124 4066 2193; x_wconf 84' lang='grc' dir='ltr'>γένεσιν.</span> 
     </span>
    </p>
   </div>
   <div class='ocr_carea' id='block_1_50' title="bbox 2500 2213 4075 2287">
    <p class='ocr_par' dir='ltr' id='par_1_50' title="bbox 2500 2213 4075 2287">
     <span class='ocr_line' id='line_1_50' title="bbox 2500 2213 4075 2287; baseline 0.001 -21"><span class='ocrx_word' id='word_1_347' title='bbox 2500 2215 2574 2266; x_wconf 81' lang='grc' dir='ltr'><strong>Οὐ</strong></span> <span class='ocrx_word' id='word_1_348' title='bbox 2603 2214 2708 2285; x_wconf 86' lang='grc' dir='ltr'>γὰρ</span> <span class='ocrx_word' id='word_1_349' title='bbox 2728 2215 2814 2268; x_wconf 82' lang='grc' dir='ltr'><strong>διὰ</strong></span> <span class='ocrx_word' id='word_1_350' title='bbox 2838 2215 2927 2267; x_wconf 83' lang='grc' dir='ltr'>τὸν</span> <span class='ocrx_word' id='word_1_351' title='bbox 2958 2213 3115 2285; x_wconf 82' lang='grc' dir='ltr'>ζῆλον</span> <span class='ocrx_word' id='word_1_352' title='bbox 3135 2216 3224 2268; x_wconf 84' lang='grc' dir='ltr'>τὸν</span> <span class='ocrx_word' id='word_1_353' title='bbox 3251 2216 3533 2286; x_wconf 84' lang='grc' dir='ltr'>πατρικὸν,</span> <span class='ocrx_word' id='word_1_354' title='bbox 3553 2217 3671 2269; x_wconf 80' lang='grc' dir='ltr'>οὐδὲ</span> <span class='ocrx_word' id='word_1_355' title='bbox 3700 2216 3786 2268; x_wconf 83' lang='grc' dir='ltr'><strong>διὰ</strong></span> <span class='ocrx_word' id='word_1_356' title='bbox 3809 2215 3904 2286; x_wconf 80' lang='grc' dir='ltr'>τὴν</span> <span class='ocrx_word' id='word_1_357' title='bbox 3930 2215 4075 2287; x_wconf 74' lang='grc' dir='ltr'>πρὸς</span> 
     </span>
    </p>
   </div>
   <div class='ocr_carea' id='block_1_51' title="bbox 2436 2305 4070 2385">
    <p class='ocr_par' dir='ltr' id='par_1_51' title="bbox 2436 2305 4070 2385">
     <span class='ocr_line' id='line_1_51' title="bbox 2436 2305 4070 2385; baseline 0.001 -28"><span class='ocrx_word' id='word_1_358' title='bbox 2436 2376 2452 2385; x_wconf 36' lang='grc' dir='ltr'><strong>ι</strong></span> <span class='ocrx_word' id='word_1_359' title='bbox 2500 2306 2589 2358; x_wconf 84' lang='grc' dir='ltr'>τὸν</span> <span class='ocrx_word' id='word_1_360' title='bbox 2635 2308 2845 2378; x_wconf 79' lang='grc' dir='ltr'>πατέρα</span> <span class='ocrx_word' id='word_1_361' title='bbox 2892 2308 3148 2377; x_wconf 82' lang='grc' dir='ltr'>ὁμοίωσιν</span> <span class='ocrx_word' id='word_1_362' title='bbox 3191 2308 3327 2372; x_wconf 76' lang='grc' dir='ltr'>ἄξιοι</span> <span class='ocrx_word' id='word_1_363' title='bbox 3352 2305 3491 2378; x_wconf 81' lang='grc' dir='ltr'>ἦσαν</span> <span class='ocrx_word' id='word_1_364' title='bbox 3516 2308 3808 2379; x_wconf 83' lang='grc' dir='ltr'>κεκλῆσθαι</span> <span class='ocrx_word' id='word_1_365' title='bbox 3849 2307 4070 2371; x_wconf 86' lang='grc' dir='ltr'>Ἰακὼϐ,</span> 
     </span>
    </p>
   </div>
   <div class='ocr_carea' id='block_1_52' title="bbox 2500 2398 4073 2470">
    <p class='ocr_par' dir='ltr' id='par_1_52' title="bbox 2500 2398 4073 2470">
     <span class='ocr_line' id='line_1_52' title="bbox 2500 2398 4073 2470; baseline 0.001 -19"><span class='ocrx_word' id='word_1_366' title='bbox 2500 2398 2633 2451; x_wconf 82' lang='grc' dir='ltr'>ἀλλὰ</span> <span class='ocrx_word' id='word_1_367' title='bbox 2671 2398 2763 2452; x_wconf 79' lang='grc' dir='ltr'><strong>τοῦ</strong></span> <span class='ocrx_word' id='word_1_368' title='bbox 2814 2400 3125 2469; x_wconf 85' lang='grc' dir='ltr'>σπέρματος</span> <span class='ocrx_word' id='word_1_369' title='bbox 3151 2400 3334 2453; x_wconf 70' lang='grc' dir='ltr'>ἱνεκεν</span> <span class='ocrx_word' id='word_1_370' title='bbox 3357 2398 3943 2470; x_wconf 76' lang='grc' dir='ltr'>τοῦτον-ἐχρημάτιζον</span> <span class='ocrx_word' id='word_1_371' title='bbox 3975 2401 4073 2453; x_wconf 88' lang='grc' dir='ltr'>τὸν</span> 
     </span>
    </p>
   </div>
   <div class='ocr_carea' id='block_1_53' title="bbox 2498 2488 4074 2561">
    <p class='ocr_par' dir='ltr' id='par_1_53' title="bbox 2498 2488 4074 2561">
     <span class='ocr_line' id='line_1_53' title="bbox 2498 2488 4074 2561; baseline 0.002 -18"><span class='ocrx_word' id='word_1_372' title='bbox 2498 2491 2727 2561; x_wconf 88' lang='grc' dir='ltr'>τρόπον·</span> <span class='ocrx_word' id='word_1_373' title='bbox 2768 2492 2886 2544; x_wconf 86' lang='grc' dir='ltr'>Ὅτι</span> <span class='ocrx_word' id='word_1_374' title='bbox 2914 2494 3025 2546; x_wconf 81' lang='grc' dir='ltr'>οὐκ</span> <span class='ocrx_word' id='word_1_375' title='bbox 3058 2491 3463 2556; x_wconf 78' lang='grc' dir='ltr'>ἐξουδένωσεν</span> <span class='ocrx_word' id='word_1_376' title='bbox 3512 2490 3652 2546; x_wconf 80' lang='grc' dir='ltr'>οὐδὲ</span> <span class='ocrx_word' id='word_1_377' title='bbox 3693 2488 4074 2559; x_wconf 72' lang='grc' dir='ltr'>προσώχθισα</span> 
     </span>
    </p>
   </div>
   <div class='ocr_carea' id='block_1_54' title="bbox 2500 2581 4073 2653">
    <p class='ocr_par' dir='ltr' id='par_1_54' title="bbox 2500 2581 4073 2653">
     <span class='ocr_line' id='line_1_54' title="bbox 2500 2581 4073 2653; baseline 0 -18"><span class='ocrx_word' id='word_1_378' title='bbox 2500 2581 2574 2649; x_wconf 76' lang='grc' dir='ltr'>τῇ</span> <span class='ocrx_word' id='word_1_379' title='bbox 2598 2582 2800 2648; x_wconf 81' lang='grc' dir='ltr'><strong>δεήσει</strong></span> <span class='ocrx_word' id='word_1_380' title='bbox 2821 2583 2927 2636; x_wconf 88' lang='grc' dir='ltr'><strong>τοῦ</strong></span> <span class='ocrx_word' id='word_1_381' title='bbox 2950 2584 3188 2652; x_wconf 81' lang='grc' dir='ltr'>πτωχοῦ</span> <span class='ocrx_word' id='word_1_382' title='bbox 3205 2601 3219 2615; x_wconf 73' lang='grc'><strong><em>⁸</em></strong></span> <span class='ocrx_word' id='word_1_383' title='bbox 3254 2582 3396 2637; x_wconf 81' lang='grc' dir='ltr'>οὐδὲ</span> <span class='ocrx_word' id='word_1_384' title='bbox 3421 2583 3763 2653; x_wconf 69' lang='grc' dir='ltr'>ἀπέστρεψε</span> <span class='ocrx_word' id='word_1_385' title='bbox 3783 2581 3849 2637; x_wconf 88' lang='grc' dir='ltr'>τὸ</span> <span class='ocrx_word' id='word_1_386' title='bbox 3881 2583 4073 2651; x_wconf 76' lang='grc' dir='ltr'>πρόσ-</span> 
     </span>
    </p>
   </div>
   <div class='ocr_carea' id='block_1_55' title="bbox 2500 2672 4073 2746">
    <p class='ocr_par' dir='ltr' id='par_1_55' title="bbox 2500 2672 4073 2746">
     <span class='ocr_line' id='line_1_55' title="bbox 2500 2672 4073 2746; baseline 0.001 -20"><span class='ocrx_word' id='word_1_387' title='bbox 2500 2687 2662 2727; x_wconf 80' lang='grc' dir='ltr'>ωπον</span> <span class='ocrx_word' id='word_1_388' title='bbox 2690 2674 2875 2728; x_wconf 86' lang='grc' dir='ltr'>αὑτοῦ</span> <span class='ocrx_word' id='word_1_389' title='bbox 2915 2675 3016 2728; x_wconf 81' lang='grc' dir='ltr'><strong>ἀπ’</strong></span> <span class='ocrx_word' id='word_1_390' title='bbox 3040 2676 3206 2744; x_wconf 83' lang='grc' dir='ltr'>ἐμοῦ,</span> <span class='ocrx_word' id='word_1_391' title='bbox 3246 2676 3343 2729; x_wconf 78' lang='grc' dir='ltr'>καὶ</span> <span class='ocrx_word' id='word_1_392' title='bbox 3374 2676 3444 2730; x_wconf 87' lang='grc' dir='ltr'>ἐν</span> <span class='ocrx_word' id='word_1_393' title='bbox 3485 2674 3565 2743; x_wconf 83' lang='grc' dir='ltr'>τῷ</span> <span class='ocrx_word' id='word_1_394' title='bbox 3608 2672 3960 2746; x_wconf 72' lang='grc' dir='ltr'>κεκραγέναι</span> <span class='ocrx_word' id='word_1_395' title='bbox 3991 2691 4073 2744; x_wconf 72' lang='grc' dir='ltr'><strong>με</strong></span> 
     </span>
    </p>
   </div>
   <div class='ocr_carea' id='block_1_56' title="bbox 2500 2765 3385 2837">
    <p class='ocr_par' dir='ltr' id='par_1_56' title="bbox 2500 2765 3385 2837">
     <span class='ocr_line' id='line_1_56' title="bbox 2500 2765 3385 2837; baseline 0.006 -20"><span class='ocrx_word' id='word_1_396' title='bbox 2500 2765 2649 2833; x_wconf 81' lang='grc' dir='ltr'>πρὸς</span> <span class='ocrx_word' id='word_1_397' title='bbox 2680 2767 2867 2822; x_wconf 82' lang='grc' dir='ltr'>αὐτὸν</span> <span class='ocrx_word' id='word_1_398' title='bbox 2895 2766 3221 2833; x_wconf 82' lang='grc' dir='ltr'>είσήκουσέ</span> <span class='ocrx_word' id='word_1_399' title='bbox 3247 2784 3385 2837; x_wconf 84' lang='grc' dir='ltr'>μου.</span> 
     </span>
    </p>
   </div>
   <div class='ocr_carea' id='block_1_57' title="bbox 2570 2940 4076 3011">
    <p class='ocr_par' dir='ltr' id='par_1_57' title="bbox 2570 2940 4076 3011">
     <span class='ocr_line' id='line_1_57' title="bbox 2570 2940 4076 3011; baseline 0.001 -16"><span class='ocrx_word' id='word_1_400' title='bbox 2570 2942 2858 3011; x_wconf 75' lang='grc' dir='ltr'>Φάγονται</span> <span class='ocrx_word' id='word_1_401' title='bbox 2918 2942 3170 3009; x_wconf 78' lang='grc' dir='ltr'>πένητες</span> <span class='ocrx_word' id='word_1_402' title='bbox 3212 2942 3309 2995; x_wconf 74' lang='grc' dir='ltr'>καὶ</span> <span class='ocrx_word' id='word_1_403' title='bbox 3358 2940 3890 3011; x_wconf 77' lang='grc' dir='ltr'>ἐμπλησθήσονται</span> <span class='ocrx_word' id='word_1_404' title='bbox 3906 2981 3923 3007; x_wconf 86' lang='grc'><strong>,</strong></span> <span class='ocrx_word' id='word_1_405' title='bbox 3968 2942 4076 2997; x_wconf 73' lang='grc' dir='ltr'>καὶ</span> 
     </span>
    </p>
   </div>
   <div class='ocr_carea' id='block_1_58' title="bbox 2499 3027 4077 3100">
    <p class='ocr_par' dir='ltr' id='par_1_58' title="bbox 2499 3027 4077 3100">
     <span class='ocr_line' id='line_1_58' title="bbox 2499 3027 4077 3100; baseline 0.001 -18"><span class='ocrx_word' id='word_1_406' title='bbox 2499 3030 2810 3084; x_wconf 75' lang='grc' dir='ltr'>αἱνέσουσι</span> <span class='ocrx_word' id='word_1_407' title='bbox 2845 3033 3064 3098; x_wconf 82' lang='grc' dir='ltr'>Κύριον</span> <span class='ocrx_word' id='word_1_408' title='bbox 3111 3033 3164 3084; x_wconf 77' lang='grc' dir='ltr'>οἱ</span> <span class='ocrx_word' id='word_1_409' title='bbox 3201 3029 3585 3100; x_wconf 65' lang='grc' dir='ltr'>ἐπιζητοῦντες</span> <span class='ocrx_word' id='word_1_410' title='bbox 3631 3033 3837 3098; x_wconf 82' lang='grc' dir='ltr'>αὐτὸν,</span> <span class='ocrx_word' id='word_1_411' title='bbox 3866 3027 4077 3100; x_wconf 77' lang='grc' dir='ltr'>ζήσον-</span> 
     </span>
    </p>
   </div>
   <div class='ocr_carea' id='block_1_59' title="bbox 2497 3119 4076 3190">
    <p class='ocr_par' dir='ltr' id='par_1_59' title="bbox 2497 3119 4076 3190">
     <span class='ocr_line' id='line_1_59' title="bbox 2497 3119 4076 3190; baseline 0.001 -16"><span class='ocrx_word' id='word_1_412' title='bbox 2497 3138 2590 3175; x_wconf 84' lang='grc' dir='ltr'><strong>ται</strong></span> <span class='ocrx_word' id='word_1_413' title='bbox 2621 3125 2679 3174; x_wconf 79' lang='grc' dir='ltr'>αὶ</span> <span class='ocrx_word' id='word_1_414' title='bbox 2710 3122 2942 3190; x_wconf 79' lang='grc' dir='ltr'>καρδίαι</span> <span class='ocrx_word' id='word_1_415' title='bbox 2968 3119 3166 3175; x_wconf 86' lang='grc' dir='ltr'>αὐτῶν</span> <span class='ocrx_word' id='word_1_416' title='bbox 3196 3124 3283 3188; x_wconf 81' lang='grc' dir='ltr'>εὶς</span> <span class='ocrx_word' id='word_1_417' title='bbox 3312 3121 3495 3175; x_wconf 85' lang='grc' dir='ltr'>αιῶνα</span> <span class='ocrx_word' id='word_1_418' title='bbox 3530 3121 3762 3190; x_wconf 70' lang='grc' dir='ltr'>αἰῶνος.</span> <span class='ocrx_word' id='word_1_419' title='bbox 3806 3122 4076 3177; x_wconf 80' lang='grc' dir='ltr'>Ἐνταῦθα</span> 
     </span>
    </p>
   </div>
   <div class='ocr_carea' id='block_1_60' title="bbox 2503 3212 4075 3283">
    <p class='ocr_par' dir='ltr' id='par_1_60' title="bbox 2503 3212 4075 3283">
     <span class='ocr_line' id='line_1_60' title="bbox 2503 3212 4075 3283; baseline 0.003 -20"><span class='ocrx_word' id='word_1_420' title='bbox 2503 3213 2601 3281; x_wconf 81' lang='grc' dir='ltr'><strong>μέν</strong></span> <span class='ocrx_word' id='word_1_421' title='bbox 2642 3229 2773 3283; x_wconf 81' lang='grc' dir='ltr'>φησι</span> <span class='ocrx_word' id='word_1_422' title='bbox 2803 3212 3090 3282; x_wconf 73' lang='grc' dir='ltr'>φάγονται</span> <span class='ocrx_word' id='word_1_423' title='bbox 3111 3230 3125 3243; x_wconf 87' lang='grc'><strong>·</strong></span> <span class='ocrx_word' id='word_1_424' title='bbox 3181 3212 3528 3277; x_wconf 79' lang='grc' dir='ltr'>ὑποκαταϐὰς</span> <span class='ocrx_word' id='word_1_425' title='bbox 3577 3212 3655 3278; x_wconf 73' lang='grc' dir='ltr'>δὶ,</span> <span class='ocrx_word' id='word_1_426' title='bbox 3681 3216 3925 3283; x_wconf 71' lang='grc' dir='ltr'>ἔφατον,</span> <span class='ocrx_word' id='word_1_427' title='bbox 3970 3213 4075 3267; x_wconf 69' lang='grc' dir='ltr'>καὶ</span> 
     </span>
    </p>
   </div>
   <div class='ocr_carea' id='block_1_61' title="bbox 838 3295 2506 3383">
    <p class='ocr_par' dir='ltr' id='par_1_61' title="bbox 838 3295 2506 3383">
     <span class='ocr_line' id='line_1_61' title="bbox 838 3295 2506 3383; baseline 0.003 -34"><span class='ocrx_word' id='word_1_428' title='bbox 838 3312 1013 3349; x_wconf 82' lang='lat' dir='ltr'><strong>omnes</strong></span> <span class='ocrx_word' id='word_1_429' title='bbox 1043 3296 1255 3365; x_wconf 85' lang='lat' dir='ltr'><strong>pingues</strong></span> <span class='ocrx_word' id='word_1_430' title='bbox 1281 3305 1453 3352; x_wconf 67' lang='lat' dir='ltr'><strong>terras.</strong></span> <span class='ocrx_word' id='word_1_431' title='bbox 1492 3295 1597 3351; x_wconf 86' lang='lat' dir='ltr'><strong>Sed</strong></span> <span class='ocrx_word' id='word_1_432' title='bbox 1636 3297 1693 3349; x_wconf 70' lang='lat' dir='ltr'><strong>ii.</strong></span> <span class='ocrx_word' id='word_1_433' title='bbox 1725 3305 2013 3366; x_wconf 89' lang='lat' dir='ltr'><strong>postquam</strong></span> <span class='ocrx_word' id='word_1_434' title='bbox 2062 3295 2404 3351; x_wconf 81' lang='lat' dir='ltr'><strong>manducave-</strong></span> <span class='ocrx_word' id='word_1_435' title='bbox 2431 3327 2474 3383; x_wconf 64' lang='grc' dir='ltr'><strong>Ο</strong></span> <span class='ocrx_word' id='word_1_436' title='bbox 2504 3347 2506 3354; x_wconf 29' lang='grc'>‹</span> 
     </span>
    </p>
   </div>
   <div class='ocr_carea' id='block_1_62' title="bbox 2436 3295 4074 3383">
    <p class='ocr_par' dir='ltr' id='par_1_62' title="bbox 2436 3302 4074 3383">
     <span class='ocr_line' id='line_1_62' title="bbox 2436 3302 4074 3383; baseline 0 -25"><span class='ocrx_word' id='word_1_437' title='bbox 2436 3327 2474 3383; x_wconf 67' lang='grc' dir='ltr'>ε</span> <span class='ocrx_word' id='word_1_438' title='bbox 2504 3305 2968 3372; x_wconf 73' lang='grc' dir='ltr'>προσεκύνησαν</span> <span class='ocrx_word' id='word_1_439' title='bbox 2990 3302 3213 3369; x_wconf 82' lang='grc' dir='ltr'>πάντες</span> <span class='ocrx_word' id='word_1_440' title='bbox 3237 3304 3515 3369; x_wconf 46' lang='grc' dir='ltr'>οινπίονες</span> <span class='ocrx_word' id='word_1_441' title='bbox 3537 3302 3647 3371; x_wconf 80' lang='grc' dir='ltr'>τῆς</span> <span class='ocrx_word' id='word_1_442' title='bbox 3673 3303 3803 3373; x_wconf 77' lang='grc' dir='ltr'><strong>τῆς.</strong></span> <span class='ocrx_word' id='word_1_443' title='bbox 3824 3304 3959 3357; x_wconf 80' lang='grc' dir='ltr'>Ἀλλ’</span> <span class='ocrx_word' id='word_1_444' title='bbox 3982 3305 4074 3358; x_wconf 76' lang='grc' dir='ltr'><strong>ὅτι</strong></span> 
     </span>
    </p>
   </div>
   <div class='ocr_carea' id='block_1_63' title="bbox 839 3384 2400 3455">
    <p class='ocr_par' dir='ltr' id='par_1_63' title="bbox 839 3384 2400 3455">
     <span class='ocr_line' id='line_1_63' title="bbox 839 3384 2400 3455; baseline 0.002 -20"><span class='ocrx_word' id='word_1_445' title='bbox 839 3393 983 3447; x_wconf 88' lang='lat' dir='ltr'><strong>runt,</strong></span> <span class='ocrx_word' id='word_1_446' title='bbox 1022 3384 1249 3453; x_wconf 87' lang='lat' dir='ltr'><strong>pingues</strong></span> <span class='ocrx_word' id='word_1_447' title='bbox 1286 3385 1459 3439; x_wconf 71' lang='lat' dir='ltr'><strong>ellecti</strong></span> <span class='ocrx_word' id='word_1_448' title='bbox 1499 3393 1646 3449; x_wconf 89' lang='lat' dir='ltr'><strong>sunt,</strong></span> <span class='ocrx_word' id='word_1_449' title='bbox 1689 3388 1781 3455; x_wconf 89' lang='lat' dir='ltr'><strong>qui</strong></span> <span class='ocrx_word' id='word_1_450' title='bbox 1836 3394 2126 3455; x_wconf 90' lang='lat' dir='ltr'><strong>antequam</strong></span> <span class='ocrx_word' id='word_1_451' title='bbox 2160 3386 2400 3449; x_wconf 86' lang='lat' dir='ltr'><strong>ederent,</strong></span> 
     </span>
    </p>
   </div>
   <div class='ocr_carea' id='block_1_64' title="bbox 842 3478 2403 3549">
    <p class='ocr_par' dir='ltr' id='par_1_64' title="bbox 842 3478 2403 3549">
     <span class='ocr_line' id='line_1_64' title="bbox 842 3478 2403 3549; baseline 0.004 -21"><span class='ocrx_word' id='word_1_452' title='bbox 842 3492 1109 3546; x_wconf 86' lang='lat' dir='ltr'><strong>pauperes</strong></span> <span class='ocrx_word' id='word_1_453' title='bbox 1140 3479 1503 3539; x_wconf 85' lang='lat' dir='ltr'><strong>vocabantur.</strong></span> <span class='ocrx_word' id='word_1_454' title='bbox 1546 3496 1681 3548; x_wconf 91' lang='lat' dir='ltr'><strong>quos</strong></span> <span class='ocrx_word' id='word_1_455' title='bbox 1722 3480 2012 3549; x_wconf 89' lang='lat' dir='ltr'><strong>pollicetur</strong></span> <span class='ocrx_word' id='word_1_456' title='bbox 2062 3478 2184 3533; x_wconf 92' lang='lat' dir='ltr'><strong>cibo</strong></span> <span class='ocrx_word' id='word_1_457' title='bbox 2234 3479 2300 3532; x_wconf 89' lang='lat' dir='ltr'><strong>ab</strong></span> <span class='ocrx_word' id='word_1_458' title='bbox 2345 3495 2403 3534; x_wconf 80' lang='lat' dir='ltr'><strong>se</strong></span> 
     </span>
    </p>
   </div>
   <div class='ocr_carea' id='block_1_65' title="bbox 842 3568 2402 3638">
    <p class='ocr_par' dir='ltr' id='par_1_65' title="bbox 842 3568 2402 3638">
     <span class='ocr_line' id='line_1_65' title="bbox 842 3568 2402 3638; baseline 0.001 -19"><span class='ocrx_word' id='word_1_459' title='bbox 842 3568 1256 3623; x_wconf 84' lang='lat' dir='ltr'><strong>subministrato</strong></span> <span class='ocrx_word' id='word_1_460' title='bbox 1305 3586 1502 3624; x_wconf 83' lang='lat' dir='ltr'><strong>usuros</strong></span> <span class='ocrx_word' id='word_1_461' title='bbox 1548 3586 1691 3625; x_wconf 84' lang='lat' dir='ltr'><strong>esse.</strong></span> <span class='ocrx_word' id='word_1_462' title='bbox 1747 3570 1960 3635; x_wconf 83' lang='lat' dir='ltr'><strong>Edent,</strong></span> <span class='ocrx_word' id='word_1_463' title='bbox 2012 3570 2222 3638; x_wconf 87' lang='lat' dir='ltr'><strong>inquit,</strong></span> <span class='ocrx_word' id='word_1_464' title='bbox 2270 3585 2402 3637; x_wconf 83' lang='lat' dir='ltr'><strong>pau-</strong></span> 
     </span>
    </p>
   </div>
   <div class='ocr_carea' id='block_1_66' title="bbox 840 3659 2402 3739">
    <p class='ocr_par' dir='ltr' id='par_1_66' title="bbox 840 3659 2402 3739">
     <span class='ocr_line' id='line_1_66' title="bbox 840 3659 2402 3739; baseline 0.003 -28"><span class='ocrx_word' id='word_1_465' title='bbox 840 3675 1005 3725; x_wconf 86' lang='lat' dir='ltr'><strong>peres.</strong></span> <span class='ocrx_word' id='word_1_466' title='bbox 1043 3659 1107 3711; x_wconf 86' lang='lat' dir='ltr'><strong>Hi</strong></span> <span class='ocrx_word' id='word_1_467' title='bbox 1131 3675 1297 3729; x_wconf 72' lang='lat' dir='ltr'><strong>porto</strong></span> <span class='ocrx_word' id='word_1_468' title='bbox 1325 3671 1483 3715; x_wconf 89' lang='lat' dir='ltr'><strong>erant</strong></span> <span class='ocrx_word' id='word_1_469' title='bbox 1516 3678 1651 3730; x_wconf 90' lang='lat' dir='ltr'><strong>quos</strong></span> <span class='ocrx_word' id='word_1_470' title='bbox 1692 3664 1745 3716; x_wconf 90' lang='lat' dir='ltr'><strong>in</strong></span> <span class='ocrx_word' id='word_1_471' title='bbox 1780 3661 2206 3739; x_wconf 83' lang='lat' dir='ltr'><strong>beatitudinibus</strong></span> <span class='ocrx_word' id='word_1_472' title='bbox 2245 3671 2402 3715; x_wconf 68' lang='lat' dir='ltr'><strong>cane-</strong></span> 
     </span>
    </p>
   </div>
   <div class='ocr_carea' id='block_1_67' title="bbox 842 3751 2425 3822">
    <p class='ocr_par' dir='ltr' id='par_1_67' title="bbox 842 3751 2425 3822">
     <span class='ocr_line' id='line_1_67' title="bbox 842 3751 2425 3822; baseline 0.003 -20"><span class='ocrx_word' id='word_1_473' title='bbox 842 3751 920 3804; x_wconf 87' lang='lat' dir='ltr'><strong>ris</strong></span> <span class='ocrx_word' id='word_1_474' title='bbox 954 3754 1215 3819; x_wconf 74' lang='lat' dir='ltr'><strong>pneponit</strong></span> <span class='ocrx_word' id='word_1_475' title='bbox 1266 3752 1489 3807; x_wconf 88' lang='lat' dir='ltr'><strong>dicens:</strong></span> <span class='ocrx_word' id='word_1_476' title='bbox 1528 3753 1679 3806; x_wconf 89' lang='lat' dir='ltr'><strong>Beati</strong></span> <span class='ocrx_word' id='word_1_477' title='bbox 1724 3770 1975 3822; x_wconf 84' lang='lat' dir='ltr'><strong>pauperes</strong></span> <span class='ocrx_word' id='word_1_478' title='bbox 2015 3753 2235 3820; x_wconf 75' lang='lat' dir='ltr'><strong>spiritu,</strong></span> <span class='ocrx_word' id='word_1_479' title='bbox 2274 3770 2425 3821; x_wconf 12' lang='lat' dir='ltr'><strong>quo-i</strong></span> 
     </span>
    </p>
   </div>
   <div class='ocr_carea' id='block_1_68' title="bbox 842 3843 2402 3913">
    <p class='ocr_par' dir='ltr' id='par_1_68' title="bbox 842 3843 2402 3913">
     <span class='ocr_line' id='line_1_68' title="bbox 842 3843 2402 3913; baseline 0.001 -19"><span class='ocrx_word' id='word_1_480' title='bbox 842 3843 985 3894; x_wconf 86' lang='lat' dir='ltr'><strong>niam</strong></span> <span class='ocrx_word' id='word_1_481' title='bbox 1020 3844 1253 3910; x_wconf 85' lang='lat' dir='ltr'><strong>ipsorum</strong></span> <span class='ocrx_word' id='word_1_482' title='bbox 1286 3853 1362 3895; x_wconf 85' lang='lat' dir='ltr'><strong>est</strong></span> <span class='ocrx_word' id='word_1_483' title='bbox 1394 3860 1607 3913; x_wconf 83' lang='lat' dir='ltr'><strong>regnum</strong></span> <span class='ocrx_word' id='word_1_484' title='bbox 1635 3845 1883 3897; x_wconf 65' lang='lat' dir='ltr'><strong>caelorum</strong></span> <span class='ocrx_word' id='word_1_485' title='bbox 1904 3845 1947 3879; x_wconf 61' lang='grc' dir='ltr'><strong>¹η⁶</strong></span> <span class='ocrx_word' id='word_1_486' title='bbox 1974 3863 1985 3898; x_wconf 91' lang='lat'><strong>:</strong></span> <span class='ocrx_word' id='word_1_487' title='bbox 2017 3844 2216 3913; x_wconf 82' lang='lat' dir='ltr'><strong>quibus</strong></span> <span class='ocrx_word' id='word_1_488' title='bbox 2240 3844 2402 3899; x_wconf 82' lang='lat' dir='ltr'><strong>etiam</strong></span> 
     </span>
    </p>
   </div>
   <div class='ocr_carea' id='block_1_69' title="bbox 775 3915 2403 4005">
    <p class='ocr_par' dir='ltr' id='par_1_69' title="bbox 775 3915 2403 4005">
     <span class='ocr_line' id='line_1_69' title="bbox 775 3915 2403 4005; baseline 0.001 -18"><span class='ocrx_word' id='word_1_489' title='bbox 775 3915 784 3926; x_wconf 64' lang='grc'><em>’</em></span> <span class='ocrx_word' id='word_1_490' title='bbox 842 3950 904 3987; x_wconf 89' lang='lat' dir='ltr'><strong>ea</strong></span> <span class='ocrx_word' id='word_1_491' title='bbox 940 3935 1207 4003; x_wconf 91' lang='lat' dir='ltr'><strong>promittit</strong></span> <span class='ocrx_word' id='word_1_492' title='bbox 1236 3950 1354 4003; x_wconf 64' lang='lat' dir='ltr'><strong>qua:</strong></span> <span class='ocrx_word' id='word_1_493' title='bbox 1395 3951 1517 3989; x_wconf 79' lang='lat' dir='ltr'><strong>mox</strong></span> <span class='ocrx_word' id='word_1_494' title='bbox 1560 3935 1929 4004; x_wconf 84' lang='lat' dir='ltr'><strong>adjiciuntur:</strong></span> <span class='ocrx_word' id='word_1_495' title='bbox 1968 3936 2121 3990; x_wconf 85' lang='lat' dir='ltr'><strong>Beati</strong></span> <span class='ocrx_word' id='word_1_496' title='bbox 2156 3937 2245 4005; x_wconf 84' lang='lat' dir='ltr'><strong>qui</strong></span> <span class='ocrx_word' id='word_1_497' title='bbox 2284 3951 2403 3989; x_wconf 84' lang='lat' dir='ltr'><strong>esu-</strong></span> 
     </span>
    </p>
   </div>
   <div class='ocr_carea' id='block_1_70' title="bbox 844 4026 2405 4097">
    <p class='ocr_par' dir='ltr' id='par_1_70' title="bbox 844 4026 2405 4097">
     <span class='ocr_line' id='line_1_70' title="bbox 844 4026 2405 4097; baseline 0.001 -18"><span class='ocrx_word' id='word_1_498' title='bbox 844 4029 988 4079; x_wconf 79' lang='lat' dir='ltr'><strong>riant</strong></span> <span class='ocrx_word' id='word_1_499' title='bbox 1031 4036 1079 4078; x_wconf 89' lang='lat' dir='ltr'><strong>et</strong></span> <span class='ocrx_word' id='word_1_500' title='bbox 1112 4026 1299 4078; x_wconf 85' lang='lat' dir='ltr'><strong>sitiunt</strong></span> <span class='ocrx_word' id='word_1_501' title='bbox 1333 4028 1632 4095; x_wconf 84' lang='lat' dir='ltr'><strong>justitiam,</strong></span> <span class='ocrx_word' id='word_1_502' title='bbox 1665 4030 1911 4095; x_wconf 87' lang='lat' dir='ltr'><strong>quoniam</strong></span> <span class='ocrx_word' id='word_1_503' title='bbox 1954 4028 2054 4097; x_wconf 85' lang='lat' dir='ltr'><strong>ipsi</strong></span> <span class='ocrx_word' id='word_1_504' title='bbox 2084 4028 2405 4097; x_wconf 66' lang='lat' dir='ltr'><strong>saturabuno</strong></span> 
     </span>
    </p>
   </div>
   <div class='ocr_carea' id='block_1_71' title="bbox 847 4116 2399 4191">
    <p class='ocr_par' dir='ltr' id='par_1_71' title="bbox 847 4116 2399 4191">
     <span class='ocr_line' id='line_1_71' title="bbox 847 4116 2399 4191; baseline 0.005 -23"><span class='ocrx_word' id='word_1_505' title='bbox 847 4127 935 4168; x_wconf 77' lang='lat' dir='ltr'><strong>tur</strong></span> <span class='ocrx_word' id='word_1_506' title='bbox 959 4117 1020 4170; x_wconf 74' lang='grc' dir='ltr'><strong>ιτ.</strong></span> <span class='ocrx_word' id='word_1_507' title='bbox 1052 4116 1348 4185; x_wconf 86' lang='lat' dir='ltr'><strong>Postquam</strong></span> <span class='ocrx_word' id='word_1_508' title='bbox 1375 4127 1574 4182; x_wconf 88' lang='lat' dir='ltr'><strong>autem,</strong></span> <span class='ocrx_word' id='word_1_509' title='bbox 1612 4120 1707 4182; x_wconf 87' lang='lat' dir='ltr'><strong>ait,</strong></span> <span class='ocrx_word' id='word_1_510' title='bbox 1743 4120 2080 4175; x_wconf 88' lang='lat' dir='ltr'><strong>comederint</strong></span> <span class='ocrx_word' id='word_1_511' title='bbox 2114 4136 2399 4191; x_wconf 88' lang='lat' dir='ltr'><strong>pauperes,</strong></span> 
     </span>
    </p>
   </div>
   <div class='ocr_carea' id='block_1_72' title="bbox 846 4206 2404 4279">
    <p class='ocr_par' dir='ltr' id='par_1_72' title="bbox 846 4206 2404 4279">
     <span class='ocr_line' id='line_1_72' title="bbox 846 4206 2404 4279; baseline 0.003 -19"><span class='ocrx_word' id='word_1_512' title='bbox 846 4221 909 4260; x_wconf 86' lang='lat' dir='ltr'><strong>ac</strong></span> <span class='ocrx_word' id='word_1_513' title='bbox 943 4208 1064 4259; x_wconf 91' lang='lat' dir='ltr'><strong>cibo</strong></span> <span class='ocrx_word' id='word_1_514' title='bbox 1112 4206 1320 4275; x_wconf 87' lang='lat' dir='ltr'><strong>repleti,</strong></span> <span class='ocrx_word' id='word_1_515' title='bbox 1354 4208 1488 4267; x_wconf 85' lang='lat' dir='ltr'><strong>sive.</strong></span> <span class='ocrx_word' id='word_1_516' title='bbox 1537 4220 1595 4263; x_wconf 91' lang='lat' dir='ltr'><strong>ut</strong></span> <span class='ocrx_word' id='word_1_517' title='bbox 1625 4210 1700 4262; x_wconf 87' lang='lat' dir='ltr'><strong>ait</strong></span> <span class='ocrx_word' id='word_1_518' title='bbox 1754 4209 2145 4279; x_wconf 86' lang='lat' dir='ltr'><strong>Symmachus,</strong></span> <span class='ocrx_word' id='word_1_519' title='bbox 2175 4215 2404 4266; x_wconf 79' lang='lat' dir='ltr'><strong>saturati</strong></span> 
     </span>
    </p>
   </div>
   <div class='ocr_carea' id='block_1_73' title="bbox 848 4298 2403 4373">
    <p class='ocr_par' dir='ltr' id='par_1_73' title="bbox 848 4298 2403 4373">
     <span class='ocr_line' id='line_1_73' title="bbox 848 4298 2403 4373; baseline 0.005 -24"><span class='ocrx_word' id='word_1_520' title='bbox 848 4298 1084 4362; x_wconf 80' lang='lat' dir='ltr'><strong>fuerint,</strong></span> <span class='ocrx_word' id='word_1_521' title='bbox 1138 4309 1264 4352; x_wconf 85' lang='lat' dir='ltr'><strong>tunc</strong></span> <span class='ocrx_word' id='word_1_522' title='bbox 1316 4299 1605 4352; x_wconf 83' lang='lat' dir='ltr'><strong>laudabunt</strong></span> <span class='ocrx_word' id='word_1_523' title='bbox 1653 4300 1935 4354; x_wconf 84' lang='lat' dir='ltr'><strong>Dominum</strong></span> <span class='ocrx_word' id='word_1_524' title='bbox 1999 4303 2087 4372; x_wconf 89' lang='lat' dir='ltr'><strong>qui</strong></span> <span class='ocrx_word' id='word_1_525' title='bbox 2138 4306 2403 4373; x_wconf 87' lang='lat' dir='ltr'><strong>requirunt</strong></span> 
     </span>
    </p>
   </div>
   <div class='ocr_carea' id='block_1_74' title="bbox 845 4392 2401 4460">
    <p class='ocr_par' dir='ltr' id='par_1_74' title="bbox 845 4392 2401 4460">
     <span class='ocr_line' id='line_1_74' title="bbox 845 4392 2401 4460; baseline 0.004 -17"><span class='ocrx_word' id='word_1_526' title='bbox 845 4406 997 4443; x_wconf 86' lang='lat' dir='ltr'><strong>eum:</strong></span> <span class='ocrx_word' id='word_1_527' title='bbox 1030 4406 1092 4443; x_wconf 92' lang='lat' dir='ltr'><strong>ac</strong></span> <span class='ocrx_word' id='word_1_528' title='bbox 1114 4393 1291 4447; x_wconf 89' lang='lat' dir='ltr'><strong>cibum</strong></span> <span class='ocrx_word' id='word_1_529' title='bbox 1325 4392 1427 4445; x_wconf 89' lang='lat' dir='ltr'><strong>sibi</strong></span> <span class='ocrx_word' id='word_1_530' title='bbox 1461 4392 1526 4444; x_wconf 86' lang='lat' dir='ltr'><strong>ab</strong></span> <span class='ocrx_word' id='word_1_531' title='bbox 1568 4392 1683 4460; x_wconf 90' lang='lat' dir='ltr'><strong>ipso</strong></span> <span class='ocrx_word' id='word_1_532' title='bbox 1713 4394 2183 4449; x_wconf 88' lang='lat' dir='ltr'><strong>subministratum</strong></span> <span class='ocrx_word' id='word_1_533' title='bbox 2219 4410 2401 4449; x_wconf 88' lang='lat' dir='ltr'><strong>come-</strong></span> 
     </span>
    </p>
   </div>
   <div class='ocr_carea' id='block_1_75' title="bbox 848 4474 2401 4555">
    <p class='ocr_par' dir='ltr' id='par_1_75' title="bbox 848 4474 2401 4555">
     <span class='ocr_line' id='line_1_75' title="bbox 848 4474 2401 4555; baseline 0.003 -18"><span class='ocrx_word' id='word_1_534' title='bbox 848 4485 1039 4537; x_wconf 85' lang='lat' dir='ltr'><strong>dentes</strong></span> <span class='ocrx_word' id='word_1_535' title='bbox 1068 4493 1120 4538; x_wconf 87' lang='lat' dir='ltr'><strong>et</strong></span> <span class='ocrx_word' id='word_1_536' title='bbox 1155 4474 1493 4552; x_wconf 79' lang='lat' dir='ltr'><strong>requirentes</strong></span> <span class='ocrx_word' id='word_1_537' title='bbox 1526 4484 1725 4553; x_wconf 90' lang='lat' dir='ltr'><strong>ipsum,</strong></span> <span class='ocrx_word' id='word_1_538' title='bbox 1758 4491 1952 4555; x_wconf 86' lang='lat' dir='ltr'><strong>magno</strong></span> <span class='ocrx_word' id='word_1_539' title='bbox 1979 4486 2089 4549; x_wconf 80' lang='lat' dir='ltr'><strong>illo,</strong></span> <span class='ocrx_word' id='word_1_540' title='bbox 2122 4487 2215 4555; x_wconf 89' lang='lat' dir='ltr'><strong>qui</strong></span> <span class='ocrx_word' id='word_1_541' title='bbox 2244 4486 2401 4541; x_wconf 87' lang='lat' dir='ltr'><strong>dein-</strong></span> 
     </span>
    </p>
   </div>
   <div class='ocr_carea' id='block_1_76' title="bbox 849 4575 2404 4643">
    <p class='ocr_par' dir='ltr' id='par_1_76' title="bbox 849 4575 2404 4643">
     <span class='ocr_line' id='line_1_76' title="bbox 849 4575 2404 4643; baseline 0.004 -19"><span class='ocrx_word' id='word_1_542' title='bbox 849 4593 975 4642; x_wconf 67' lang='grc' dir='ltr'>ιτσιμς</span> <span class='ocrx_word' id='word_1_543' title='bbox 1012 4576 1358 4637; x_wconf 83' lang='lat' dir='ltr'><strong>declaratur,</strong></span> <span class='ocrx_word' id='word_1_544' title='bbox 1420 4576 1595 4627; x_wconf 81' lang='lat' dir='ltr'><strong>fructu</strong></span> <span class='ocrx_word' id='word_1_545' title='bbox 1655 4575 1967 4643; x_wconf 84' lang='lat' dir='ltr'><strong>potientur:</strong></span> <span class='ocrx_word' id='word_1_546' title='bbox 2022 4592 2179 4641; x_wconf 89' lang='lat' dir='ltr'><strong>nam,</strong></span> <span class='ocrx_word' id='word_1_547' title='bbox 2237 4578 2404 4631; x_wconf 86' lang='lat' dir='ltr'><strong>vivent</strong></span> 
     </span>
    </p>
   </div>
   <div class='ocr_carea' id='block_1_77' title="bbox 850 4665 2403 4737">
    <p class='ocr_par' dir='ltr' id='par_1_77' title="bbox 850 4665 2403 4737">
     <span class='ocr_line' id='line_1_77' title="bbox 850 4665 2403 4737; baseline 0.005 -22"><span class='ocrx_word' id='word_1_548' title='bbox 850 4666 1008 4715; x_wconf 69' lang='lat' dir='ltr'><strong>corda</strong></span> <span class='ocrx_word' id='word_1_549' title='bbox 1057 4685 1233 4718; x_wconf 83' lang='lat' dir='ltr'><strong>eorum</strong></span> <span class='ocrx_word' id='word_1_550' title='bbox 1282 4672 1332 4718; x_wconf 84' lang='lat' dir='ltr'><strong>in</strong></span> <span class='ocrx_word' id='word_1_551' title='bbox 1384 4668 1631 4720; x_wconf 75' lang='lat' dir='ltr'><strong>swculum</strong></span> <span class='ocrx_word' id='word_1_552' title='bbox 1664 4668 1863 4721; x_wconf 66' lang='lat' dir='ltr'><strong>surculi.</strong></span> <span class='ocrx_word' id='word_1_553' title='bbox 1921 4665 2198 4736; x_wconf 80' lang='lat' dir='ltr'><strong>Siquidem</strong></span> <span class='ocrx_word' id='word_1_554' title='bbox 2247 4669 2403 4737; x_wconf 89' lang='lat' dir='ltr'><strong>panis</strong></span> 
     </span>
    </p>
   </div>
   <div class='ocr_carea' id='block_1_78' title="bbox 854 4754 2405 4826">
    <p class='ocr_par' dir='ltr' id='par_1_78' title="bbox 854 4754 2405 4826">
     <span class='ocr_line' id='line_1_78' title="bbox 854 4754 2405 4826; baseline 0.003 -19"><span class='ocrx_word' id='word_1_555' title='bbox 854 4754 940 4810; x_wconf 78' lang='lat' dir='ltr'><strong>ille</strong></span> <span class='ocrx_word' id='word_1_556' title='bbox 966 4759 1106 4812; x_wconf 69' lang='lat' dir='ltr'><strong>vitze.</strong></span> <span class='ocrx_word' id='word_1_557' title='bbox 1140 4760 1205 4809; x_wconf 84' lang='lat' dir='ltr'><strong>ab</strong></span> <span class='ocrx_word' id='word_1_558' title='bbox 1236 4762 1352 4826; x_wconf 84' lang='lat' dir='ltr'><strong>ipso</strong></span> <span class='ocrx_word' id='word_1_559' title='bbox 1400 4760 1653 4821; x_wconf 88' lang='lat' dir='ltr'><strong>traditus,</strong></span> <span class='ocrx_word' id='word_1_560' title='bbox 1697 4760 2117 4813; x_wconf 82' lang='lat' dir='ltr'><strong>immortalitatis</strong></span> <span class='ocrx_word' id='word_1_561' title='bbox 2163 4767 2405 4813; x_wconf 67' lang='lat' dir='ltr'><strong>aeternae-</strong></span> 
     </span>
    </p>
   </div>
   <div class='ocr_carea' id='block_1_79' title="bbox 856 4849 2402 4919">
    <p class='ocr_par' dir='ltr' id='par_1_79' title="bbox 856 4849 2402 4919">
     <span class='ocr_line' id='line_1_79' title="bbox 856 4849 2402 4919; baseline 0.001 -19"><span class='ocrx_word' id='word_1_562' title='bbox 856 4866 955 4915; x_wconf 84' lang='lat' dir='ltr'><strong>que</strong></span> <span class='ocrx_word' id='word_1_563' title='bbox 991 4850 1111 4901; x_wconf 72' lang='lat' dir='ltr'><strong>Vit-.1:</strong></span> <span class='ocrx_word' id='word_1_564' title='bbox 1157 4856 1343 4902; x_wconf 81' lang='lat' dir='ltr'><strong>auctor</strong></span> <span class='ocrx_word' id='word_1_565' title='bbox 1388 4852 1518 4917; x_wconf 81' lang='lat' dir='ltr'><strong>ipsis</strong></span> <span class='ocrx_word' id='word_1_566' title='bbox 1570 4852 1782 4906; x_wconf 82' lang='lat' dir='ltr'><strong>futurus</strong></span> <span class='ocrx_word' id='word_1_567' title='bbox 1804 4858 1918 4915; x_wconf 86' lang='lat' dir='ltr'><strong>est;</strong></span> <span class='ocrx_word' id='word_1_568' title='bbox 1950 4849 2402 4919; x_wconf 89' lang='lat' dir='ltr'><strong>quemadmodum</strong></span> 
     </span>
    </p>
   </div>
   <div class='ocr_carea' id='block_1_80' title="bbox 852 4940 2404 5019">
    <p class='ocr_par' dir='ltr' id='par_1_80' title="bbox 852 4940 2404 5019">
     <span class='ocr_line' id='line_1_80' title="bbox 852 4940 2404 5019; baseline -0.001 -25"><span class='ocrx_word' id='word_1_569' title='bbox 852 4940 966 5019; x_wconf 78' lang='lat' dir='ltr'><strong>ipse</strong></span> <span class='ocrx_word' id='word_1_570' title='bbox 998 4943 1179 4994; x_wconf 72' lang='lat' dir='ltr'><strong>docuit</strong></span> <span class='ocrx_word' id='word_1_571' title='bbox 1236 4944 1317 4996; x_wconf 87' lang='lat' dir='ltr'><strong>his</strong></span> <span class='ocrx_word' id='word_1_572' title='bbox 1352 4943 1567 4997; x_wconf 83' lang='lat' dir='ltr'><strong>verbis:</strong></span> <span class='ocrx_word' id='word_1_573' title='bbox 1608 4941 1718 5010; x_wconf 85' lang='lat' dir='ltr'><strong>Ego</strong></span> <span class='ocrx_word' id='word_1_574' title='bbox 1762 4960 1874 4994; x_wconf 89' lang='lat' dir='ltr'><strong>sum</strong></span> <span class='ocrx_word' id='word_1_575' title='bbox 1914 4944 2066 5007; x_wconf 88' lang='lat' dir='ltr'><strong>panis</strong></span> <span class='ocrx_word' id='word_1_576' title='bbox 2108 4945 2223 4995; x_wconf 78' lang='lat' dir='ltr'><strong>vita:</strong></span> <span class='ocrx_word' id='word_1_577' title='bbox 2248 4982 2261 5005; x_wconf 92' lang='lat'><strong>,</strong></span> <span class='ocrx_word' id='word_1_578' title='bbox 2315 4941 2404 5009; x_wconf 89' lang='lat' dir='ltr'><strong>qui</strong></span> 
     </span>
    </p>
   </div>
   <div class='ocr_carea' id='block_1_81' title="bbox 850 5032 2436 5105">
    <p class='ocr_par' dir='ltr' id='par_1_81' title="bbox 850 5032 2436 5105">
     <span class='ocr_line' id='line_1_81' title="bbox 850 5032 2436 5105; baseline -0.002 -16"><span class='ocrx_word' id='word_1_579' title='bbox 850 5032 1189 5092; x_wconf 70' lang='lat' dir='ltr'><strong>descenditde</strong></span> <span class='ocrx_word' id='word_1_580' title='bbox 1223 5037 1369 5097; x_wconf 76' lang='lat' dir='ltr'><strong>cmlo,</strong></span> <span class='ocrx_word' id='word_1_581' title='bbox 1402 5047 1450 5088; x_wconf 86' lang='lat' dir='ltr'><strong>et</strong></span> <span class='ocrx_word' id='word_1_582' title='bbox 1475 5038 1563 5105; x_wconf 88' lang='lat' dir='ltr'><strong>qui</strong></span> <span class='ocrx_word' id='word_1_583' title='bbox 1590 5035 1856 5089; x_wconf 86' lang='lat' dir='ltr'><strong>datvitam</strong></span> <span class='ocrx_word' id='word_1_584' title='bbox 1877 5035 2069 5089; x_wconf 85' lang='lat' dir='ltr'><strong>mundo</strong></span> <span class='ocrx_word' id='word_1_585' title='bbox 2093 5037 2173 5087; x_wconf 75' lang='lat'><strong>&quot;:</strong></span> <span class='ocrx_word' id='word_1_586' title='bbox 2215 5044 2270 5087; x_wconf 88' lang='lat' dir='ltr'><strong>et</strong></span> <span class='ocrx_word' id='word_1_587' title='bbox 2312 5035 2436 5088; x_wconf 85' lang='lat' dir='ltr'><strong>ite—_</strong></span> 
     </span>
    </p>
   </div>
   <div class='ocr_carea' id='block_1_82' title="bbox 854 5123 2410 5191">
    <p class='ocr_par' dir='ltr' id='par_1_82' title="bbox 854 5123 2410 5191">
     <span class='ocr_line' id='line_1_82' title="bbox 854 5123 2410 5191; baseline -0.001 -16"><span class='ocrx_word' id='word_1_588' title='bbox 854 5138 1014 5179; x_wconf 83' lang='lat' dir='ltr'><strong>rum:</strong></span> <span class='ocrx_word' id='word_1_589' title='bbox 1054 5123 1110 5175; x_wconf 84' lang='lat' dir='ltr'><strong>Si</strong></span> <span class='ocrx_word' id='word_1_590' title='bbox 1146 5124 1259 5191; x_wconf 84' lang='lat' dir='ltr'><strong>quis</strong></span> <span class='ocrx_word' id='word_1_591' title='bbox 1302 5124 1693 5177; x_wconf 75' lang='lat' dir='ltr'><strong>manducaveiit</strong></span> <span class='ocrx_word' id='word_1_592' title='bbox 1726 5140 1790 5177; x_wconf 78' lang='lat' dir='ltr'><strong>ea:</strong></span> <span class='ocrx_word' id='word_1_593' title='bbox 1844 5140 1975 5191; x_wconf 80' lang='lat' dir='ltr'><strong>pane</strong></span> <span class='ocrx_word' id='word_1_594' title='bbox 2019 5141 2152 5186; x_wconf 90' lang='lat' dir='ltr'><strong>meo,</strong></span> <span class='ocrx_word' id='word_1_595' title='bbox 2183 5124 2310 5177; x_wconf 81' lang='lat' dir='ltr'><strong>viret</strong></span> <span class='ocrx_word' id='word_1_596' title='bbox 2355 5124 2410 5174; x_wconf 86' lang='lat' dir='ltr'><strong>iu</strong></span> 
     </span>
    </p>
   </div>
   <div class='ocr_carea' id='block_1_83' title="bbox 855 5216 2412 5285">
    <p class='ocr_par' dir='ltr' id='par_1_83' title="bbox 855 5216 2412 5285">
     <span class='ocr_line' id='line_1_83' title="bbox 855 5216 2412 5285; baseline 0.001 -20"><span class='ocrx_word' id='word_1_597' title='bbox 855 5218 1101 5267; x_wconf 75' lang='grc' dir='ltr'>αιετηιιηι</span> <span class='ocrx_word' id='word_1_598' title='bbox 1130 5218 1192 5277; x_wconf 70' lang='lat'><strong>&#39;9,</strong></span> <span class='ocrx_word' id='word_1_599' title='bbox 1216 5226 1268 5269; x_wconf 89' lang='lat' dir='ltr'><strong>et</strong></span> <span class='ocrx_word' id='word_1_600' title='bbox 1300 5224 1511 5269; x_wconf 59' lang='lat' dir='ltr'><strong>caetera.</strong></span> <span class='ocrx_word' id='word_1_601' title='bbox 1550 5216 1737 5270; x_wconf 81' lang='lat' dir='ltr'><strong>Viden‘</strong></span> <span class='ocrx_word' id='word_1_602' title='bbox 1776 5232 1883 5285; x_wconf 87' lang='lat' dir='ltr'><strong>quo</strong></span> <span class='ocrx_word' id='word_1_603' title='bbox 1915 5224 2071 5282; x_wconf 87' lang='lat' dir='ltr'><strong>pacto</strong></span> <span class='ocrx_word' id='word_1_604' title='bbox 2122 5216 2235 5269; x_wconf 67' lang='lat' dir='ltr'><strong>haec</strong></span> <span class='ocrx_word' id='word_1_605' title='bbox 2281 5230 2412 5268; x_wconf 83' lang='lat' dir='ltr'><strong>con-</strong></span> 
     </span>
    </p>
   </div>
   <div class='ocr_carea' id='block_1_84' title="bbox 856 5302 2414 5374">
    <p class='ocr_par' dir='ltr' id='par_1_84' title="bbox 856 5302 2414 5374">
     <span class='ocr_line' id='line_1_84' title="bbox 856 5302 2414 5374; baseline -0.001 -18"><span class='ocrx_word' id='word_1_606' title='bbox 856 5302 1040 5359; x_wconf 82' lang='lat' dir='ltr'><strong>Cinant</strong></span> <span class='ocrx_word' id='word_1_607' title='bbox 1089 5320 1210 5357; x_wconf 90' lang='lat' dir='ltr'><strong>cum</strong></span> <span class='ocrx_word' id='word_1_608' title='bbox 1270 5306 1354 5359; x_wconf 89' lang='lat' dir='ltr'><strong>his</strong></span> <span class='ocrx_word' id='word_1_609' title='bbox 1398 5306 1591 5374; x_wconf 89' lang='lat' dir='ltr'><strong>psalmi</strong></span> <span class='ocrx_word' id='word_1_610' title='bbox 1630 5308 1845 5370; x_wconf 87' lang='lat' dir='ltr'><strong>verbis,</strong></span> <span class='ocrx_word' id='word_1_611' title='bbox 1871 5305 2039 5357; x_wconf 83' lang='lat' dir='ltr'><strong>Edent</strong></span> <span class='ocrx_word' id='word_1_612' title='bbox 2073 5320 2318 5372; x_wconf 81' lang='lat' dir='ltr'><strong>pauperes</strong></span> <span class='ocrx_word' id='word_1_613' title='bbox 2364 5314 2414 5358; x_wconf 86' lang='lat' dir='ltr'><strong>et</strong></span> 
     </span>
    </p>
   </div>
   <div class='ocr_carea' id='block_1_85' title="bbox 856 5394 2411 5464">
    <p class='ocr_par' dir='ltr' id='par_1_85' title="bbox 856 5394 2411 5464">
     <span class='ocr_line' id='line_1_85' title="bbox 856 5394 2411 5464; baseline 0.001 -18"><span class='ocrx_word' id='word_1_614' title='bbox 856 5394 1266 5460; x_wconf 80' lang='lat' dir='ltr'><strong>saturabuntur;</strong></span> <span class='ocrx_word' id='word_1_615' title='bbox 1302 5406 1387 5464; x_wconf 88' lang='lat' dir='ltr'><strong>et,</strong></span> <span class='ocrx_word' id='word_1_616' title='bbox 1431 5400 1599 5458; x_wconf 79' lang='lat' dir='ltr'><strong>vivent</strong></span> <span class='ocrx_word' id='word_1_617' title='bbox 1649 5398 1807 5451; x_wconf 85' lang='lat' dir='ltr'><strong>corda</strong></span> <span class='ocrx_word' id='word_1_618' title='bbox 1848 5414 2026 5451; x_wconf 88' lang='lat' dir='ltr'><strong>eorum</strong></span> <span class='ocrx_word' id='word_1_619' title='bbox 2066 5398 2121 5449; x_wconf 88' lang='lat' dir='ltr'><strong>in</strong></span> <span class='ocrx_word' id='word_1_620' title='bbox 2161 5398 2411 5450; x_wconf 63' lang='lat' dir='ltr'><strong>saeculum</strong></span> 
     </span>
    </p>
   </div>
   <div class='ocr_carea' id='block_1_86' title="bbox 858 5479 2149 5547">
    <p class='ocr_par' dir='ltr' id='par_1_86' title="bbox 858 5479 2149 5547">
     <span class='ocr_line' id='line_1_86' title="bbox 858 5479 2149 5547; baseline 0 -9"><span class='ocrx_word' id='word_1_621' title='bbox 858 5488 1079 5547; x_wconf 72' lang='lat' dir='ltr'><strong>saeculi?</strong></span> <span class='ocrx_word' id='word_1_622' title='bbox 2143 5479 2149 5487; x_wconf 82' lang='grc'><em>’</em></span> 
     </span>
    </p>
   </div>
   <div class='ocr_carea' id='block_1_87' title="bbox 935 5576 2410 5644">
    <p class='ocr_par' dir='ltr' id='par_1_87' title="bbox 935 5576 2410 5644">
     <span class='ocr_line' id='line_1_87' title="bbox 935 5576 2410 5644; baseline 0.003 -17"><span class='ocrx_word' id='word_1_623' title='bbox 935 5576 1091 5631; x_wconf 63' lang='lat' dir='ltr'><strong>\‘Eas.</strong></span> <span class='ocrx_word' id='word_1_624' title='bbox 1132 5581 1227 5644; x_wconf 76' lang='grc'>28,</span> <span class='ocrx_word' id='word_1_625' title='bbox 1269 5589 1357 5635; x_wconf 70' lang='lat'><strong>‘29.</strong></span> <span class='ocrx_word' id='word_1_626' title='bbox 1405 5581 1810 5636; x_wconf 78' lang='lat' dir='ltr'><strong>Reminiscentur</strong></span> <span class='ocrx_word' id='word_1_627' title='bbox 1853 5593 1903 5635; x_wconf 85' lang='lat' dir='ltr'><strong>et</strong></span> <span class='ocrx_word' id='word_1_628' title='bbox 1943 5590 2296 5634; x_wconf 82' lang='lat' dir='ltr'><strong>convertentur</strong></span> <span class='ocrx_word' id='word_1_629' title='bbox 2344 5580 2410 5633; x_wconf 88' lang='lat' dir='ltr'><strong>ad</strong></span> 
     </span>
    </p>
   </div>
   <div class='ocr_carea' id='block_1_88' title="bbox 862 5665 2413 5743">
    <p class='ocr_par' dir='ltr' id='par_1_88' title="bbox 862 5665 2413 5743">
     <span class='ocr_line' id='line_1_88' title="bbox 862 5665 2413 5743; baseline 0.001 -22"><span class='ocrx_word' id='word_1_630' title='bbox 862 5665 1137 5721; x_wconf 78' lang='lat' dir='ltr'><strong>Dominum</strong></span> <span class='ocrx_word' id='word_1_631' title='bbox 1177 5674 1398 5726; x_wconf 84' lang='lat' dir='ltr'><strong>universi</strong></span> <span class='ocrx_word' id='word_1_632' title='bbox 1425 5674 1550 5740; x_wconf 74' lang='lat' dir='ltr'><strong>fines</strong></span> <span class='ocrx_word' id='word_1_633' title='bbox 1599 5682 1770 5743; x_wconf 63' lang='grc' dir='ltr'>εει-ηε,</span> <span class='ocrx_word' id='word_1_634' title='bbox 1805 5683 1854 5724; x_wconf 88' lang='lat' dir='ltr'><strong>et</strong></span> <span class='ocrx_word' id='word_1_635' title='bbox 1882 5670 2174 5724; x_wconf 86' lang='lat' dir='ltr'><strong>adorabunt</strong></span> <span class='ocrx_word' id='word_1_636' title='bbox 2206 5672 2259 5723; x_wconf 87' lang='lat' dir='ltr'><strong>in</strong></span> <span class='ocrx_word' id='word_1_637' title='bbox 2289 5686 2413 5723; x_wconf 77' lang='lat' dir='ltr'><strong>con-</strong></span> 
     </span>
    </p>
   </div>
   <div class='ocr_carea' id='block_1_89' title="bbox 860 5760 2412 5831">
    <p class='ocr_par' dir='ltr' id='par_1_89' title="bbox 860 5760 2412 5831">
     <span class='ocr_line' id='line_1_89' title="bbox 860 5760 2412 5831; baseline 0.002 -21"><span class='ocrx_word' id='word_1_638' title='bbox 860 5766 1035 5825; x_wconf 69' lang='lat' dir='ltr'><strong>spectu</strong></span> <span class='ocrx_word' id='word_1_639' title='bbox 1073 5760 1181 5825; x_wconf 86' lang='lat' dir='ltr'><strong>ejus</strong></span> <span class='ocrx_word' id='word_1_640' title='bbox 1212 5765 1458 5817; x_wconf 75' lang='lat' dir='ltr'><strong>universa:</strong></span> <span class='ocrx_word' id='word_1_641' title='bbox 1498 5763 1716 5831; x_wconf 71' lang='lat' dir='ltr'><strong>familia&#39;</strong></span> <span class='ocrx_word' id='word_1_642' title='bbox 1744 5763 1985 5831; x_wconf 82' lang='lat' dir='ltr'><strong>gentium.</strong></span> <span class='ocrx_word' id='word_1_643' title='bbox 2018 5760 2277 5825; x_wconf 83' lang='lat' dir='ltr'><strong>Quoniam</strong></span> <span class='ocrx_word' id='word_1_644' title='bbox 2309 5761 2412 5813; x_wconf 83' lang='lat' dir='ltr'><strong>Do-</strong></span> 
     </span>
    </p>
   </div>
   <div class='ocr_carea' id='block_1_90' title="bbox 2512 3393 4075 3465">
    <p class='ocr_par' dir='ltr' id='par_1_90' title="bbox 2512 3393 4075 3465">
     <span class='ocr_line' id='line_1_90' title="bbox 2512 3393 4075 3465; baseline 0.002 -19"><span class='ocrx_word' id='word_1_645' title='bbox 2512 3396 2608 3465; x_wconf 85' lang='grc' dir='ltr'>μὲν</span> <span class='ocrx_word' id='word_1_646' title='bbox 2632 3396 2875 3465; x_wconf 61' lang='grc' dir='ltr'>ἔφαγον,</span> <span class='ocrx_word' id='word_1_647' title='bbox 2906 3394 3085 3458; x_wconf 88' lang='grc' dir='ltr'>πίονες</span> <span class='ocrx_word' id='word_1_648' title='bbox 3118 3393 3392 3462; x_wconf 77' lang='grc' dir='ltr'>ἐγένοντο·</span> <span class='ocrx_word' id='word_1_649' title='bbox 3418 3394 3523 3465; x_wconf 84' lang='grc' dir='ltr'>πρὸ</span> <span class='ocrx_word' id='word_1_650' title='bbox 3551 3394 3606 3447; x_wconf 85' lang='grc' dir='ltr'>δὲ</span> <span class='ocrx_word' id='word_1_651' title='bbox 3630 3394 3723 3447; x_wconf 82' lang='grc' dir='ltr'><strong>τοῦ</strong></span> <span class='ocrx_word' id='word_1_652' title='bbox 3756 3397 3947 3463; x_wconf 79' lang='grc' dir='ltr'>φαγεῖν</span> <span class='ocrx_word' id='word_1_653' title='bbox 3976 3397 4075 3449; x_wconf 83' lang='grc' dir='ltr'><strong>πέ-</strong></span> 
     </span>
    </p>
   </div>
   <div class='ocr_carea' id='block_1_91' title="bbox 2508 3484 4078 3559">
    <p class='ocr_par' dir='ltr' id='par_1_91' title="bbox 2508 3484 4078 3559">
     <span class='ocr_line' id='line_1_91' title="bbox 2508 3484 4078 3559; baseline 0.001 -20"><span class='ocrx_word' id='word_1_654' title='bbox 2508 3505 2663 3557; x_wconf 84' lang='grc' dir='ltr'>νητες</span> <span class='ocrx_word' id='word_1_655' title='bbox 2694 3484 3064 3556; x_wconf 74' lang='grc' dir='ltr'>ὠνομάζοντοο</span> <span class='ocrx_word' id='word_1_656' title='bbox 3092 3485 3185 3549; x_wconf 88' lang='grc' dir='ltr'>οὒς</span> <span class='ocrx_word' id='word_1_657' title='bbox 3214 3486 3608 3554; x_wconf 73' lang='grc' dir='ltr'>ἐπαγγέλλεται</span> <span class='ocrx_word' id='word_1_658' title='bbox 3636 3486 3834 3557; x_wconf 85' lang='grc' dir='ltr'>βρώσει</span> <span class='ocrx_word' id='word_1_659' title='bbox 3866 3488 4078 3559; x_wconf 79' lang='grc' dir='ltr'>χρήσα-</span> 
     </span>
    </p>
   </div>
   <div class='ocr_carea' id='block_1_92' title="bbox 2510 3564 4075 3649">
    <p class='ocr_par' dir='ltr' id='par_1_92' title="bbox 2510 3564 4075 3649">
     <span class='ocr_line' id='line_1_92' title="bbox 2510 3564 4075 3649; baseline 0.001 -20"><span class='ocrx_word' id='word_1_660' title='bbox 2510 3576 2630 3630; x_wconf 91' lang='grc' dir='ltr'>σθαι</span> <span class='ocrx_word' id='word_1_661' title='bbox 2665 3564 2729 3649; x_wconf 81' lang='grc' dir='ltr'><strong>τῇ</strong></span> <span class='ocrx_word' id='word_1_662' title='bbox 2768 3578 2857 3630; x_wconf 80' lang='grc' dir='ltr'><strong>ὑπ’</strong></span> <span class='ocrx_word' id='word_1_663' title='bbox 2886 3576 3048 3631; x_wconf 84' lang='grc' dir='ltr'>αὑτοῦ</span> <span class='ocrx_word' id='word_1_664' title='bbox 3096 3575 3598 3649; x_wconf 78' lang='grc' dir='ltr'>χορηγηθησομένῃ.</span> <span class='ocrx_word' id='word_1_665' title='bbox 3626 3576 3913 3645; x_wconf 56' lang='lat' dir='ltr'><strong>did-portat</strong></span> <span class='ocrx_word' id='word_1_666' title='bbox 3940 3575 4075 3648; x_wconf 72' lang='grc' dir='ltr'>γὰρ,</span> 
     </span>
    </p>
   </div>
   <div class='ocr_carea' id='block_1_93' title="bbox 2509 3660 4076 3739">
    <p class='ocr_par' dir='ltr' id='par_1_93' title="bbox 2509 3660 4076 3739">
     <span class='ocr_line' id='line_1_93' title="bbox 2509 3660 4076 3739; baseline 0.001 -21"><span class='ocrx_word' id='word_1_667' title='bbox 2509 3668 2659 3739; x_wconf 75' lang='grc' dir='ltr'>φησὶ,</span> <span class='ocrx_word' id='word_1_668' title='bbox 2700 3668 2968 3735; x_wconf 81' lang='grc' dir='ltr'>πένητες.</span> <span class='ocrx_word' id='word_1_669' title='bbox 2999 3660 3157 3720; x_wconf 71' lang='grc' dir='ltr'>Οὗτοι</span> <span class='ocrx_word' id='word_1_670' title='bbox 3186 3666 3242 3719; x_wconf 83' lang='grc' dir='ltr'>δὲ</span> <span class='ocrx_word' id='word_1_671' title='bbox 3270 3662 3410 3737; x_wconf 81' lang='grc' dir='ltr'>ἦσαν</span> <span class='ocrx_word' id='word_1_672' title='bbox 3442 3665 3534 3729; x_wconf 80' lang='grc' dir='ltr'>οὓς</span> <span class='ocrx_word' id='word_1_673' title='bbox 3558 3666 3650 3718; x_wconf 63' lang='grc' dir='ltr'><strong>κατ⁴</strong></span> <span class='ocrx_word' id='word_1_674' title='bbox 3674 3667 3730 3718; x_wconf 85' lang='grc' dir='ltr'>ὲν</span> <span class='ocrx_word' id='word_1_675' title='bbox 3755 3668 3867 3729; x_wconf 87' lang='grc' dir='ltr'>τοῖς</span> <span class='ocrx_word' id='word_1_676' title='bbox 3896 3683 4076 3737; x_wconf 82' lang='grc' dir='ltr'>μακα-</span> 
     </span>
    </p>
   </div>
   <div class='ocr_carea' id='block_1_94' title="bbox 2512 3752 4073 3830">
    <p class='ocr_par' dir='ltr' id='par_1_94' title="bbox 2512 3752 4073 3830">
     <span class='ocr_line' id='line_1_94' title="bbox 2512 3752 4073 3830; baseline 0.001 -20"><span class='ocrx_word' id='word_1_677' title='bbox 2512 3762 2719 3830; x_wconf 86' lang='grc' dir='ltr'>ρισμοῖς</span> <span class='ocrx_word' id='word_1_678' title='bbox 2744 3760 3031 3830; x_wconf 85' lang='grc' dir='ltr'>προτάττει</span> <span class='ocrx_word' id='word_1_679' title='bbox 3057 3752 3163 3811; x_wconf 82' lang='grc' dir='ltr'><strong>τῶν</strong></span> <span class='ocrx_word' id='word_1_680' title='bbox 3186 3758 3385 3811; x_wconf 67' lang='grc' dir='ltr'>λοιπῶν</span> <span class='ocrx_word' id='word_1_681' title='bbox 3411 3758 3662 3826; x_wconf 83' lang='grc' dir='ltr'>φάσκων’</span> <span class='ocrx_word' id='word_1_682' title='bbox 3698 3754 3986 3826; x_wconf 80' lang='grc' dir='ltr'>Μακάριοι</span> <span class='ocrx_word' id='word_1_683' title='bbox 4018 3761 4073 3812; x_wconf 74' lang='grc' dir='ltr'>οἱ</span> 
     </span>
    </p>
   </div>
   <div class='ocr_carea' id='block_1_95' title="bbox 2509 3848 4077 3922">
    <p class='ocr_par' dir='ltr' id='par_1_95' title="bbox 2509 3848 4077 3922">
     <span class='ocr_line' id='line_1_95' title="bbox 2509 3848 4077 3922; baseline -0.001 -16"><span class='ocrx_word' id='word_1_684' title='bbox 2509 3855 2727 3922; x_wconf 81' lang='grc' dir='ltr'>πτωχοὶ</span> <span class='ocrx_word' id='word_1_685' title='bbox 2748 3854 2827 3920; x_wconf 84' lang='grc' dir='ltr'>τῷ</span> <span class='ocrx_word' id='word_1_686' title='bbox 2852 3855 3161 3921; x_wconf 79' lang='grc' dir='ltr'>πνεύματι,</span> <span class='ocrx_word' id='word_1_687' title='bbox 3201 3848 3287 3904; x_wconf 81' lang='grc' dir='ltr'>ὅτι</span> <span class='ocrx_word' id='word_1_688' title='bbox 3311 3850 3508 3905; x_wconf 85' lang='grc' dir='ltr'>αὐτῶν</span> <span class='ocrx_word' id='word_1_689' title='bbox 3545 3852 3715 3915; x_wconf 80' lang='grc' dir='ltr'>ἐστιν</span> <span class='ocrx_word' id='word_1_690' title='bbox 3736 3851 4077 3919; x_wconf 69' lang='grc' dir='ltr'>ἡβασιλεια</span> 
     </span>
    </p>
   </div>
   <div class='ocr_carea' id='block_1_96' title="bbox 2508 3936 4073 4012">
    <p class='ocr_par' dir='ltr' id='par_1_96' title="bbox 2508 3936 4073 4012">
     <span class='ocr_line' id='line_1_96' title="bbox 2508 3936 4073 4012; baseline -0.003 -14"><span class='ocrx_word' id='word_1_691' title='bbox 2508 3943 2623 3998; x_wconf 89' lang='grc' dir='ltr'><strong>τῶν</strong></span> <span class='ocrx_word' id='word_1_692' title='bbox 2642 3936 2942 4012; x_wconf 58' lang='lat' dir='ltr'><strong>appar-dir</strong></span> <span class='ocrx_word' id='word_1_693' title='bbox 2970 3938 3051 4004; x_wconf 74' lang='grc' dir='ltr'>οἷς</span> <span class='ocrx_word' id='word_1_694' title='bbox 3087 3941 3267 3995; x_wconf 77' lang='grc' dir='ltr'>καὶτὰ</span> <span class='ocrx_word' id='word_1_695' title='bbox 3304 3939 3431 4009; x_wconf 78' lang='grc' dir='ltr'><strong>ἑξῆς</strong></span> <span class='ocrx_word' id='word_1_696' title='bbox 3464 3939 3825 4010; x_wconf 74' lang='grc' dir='ltr'>ἐπηγγείλατο</span> <span class='ocrx_word' id='word_1_697' title='bbox 3864 3939 4036 4010; x_wconf 81' lang='grc' dir='ltr'>λέγων</span> <span class='ocrx_word' id='word_1_698' title='bbox 4058 3956 4073 3969; x_wconf 84' lang='grc'><strong>·</strong></span> 
     </span>
    </p>
   </div>
   <div class='ocr_carea' id='block_1_97' title="bbox 2506 4029 4077 4103">
    <p class='ocr_par' dir='ltr' id='par_1_97' title="bbox 2506 4029 4077 4103">
     <span class='ocr_line' id='line_1_97' title="bbox 2506 4029 4077 4103; baseline -0.003 -14"><span class='ocrx_word' id='word_1_699' title='bbox 2506 4035 2792 4103; x_wconf 77' lang='grc' dir='ltr'>Μακάριοι</span> <span class='ocrx_word' id='word_1_700' title='bbox 2817 4037 2870 4087; x_wconf 88' lang='grc' dir='ltr'><strong>οί</strong></span> <span class='ocrx_word' id='word_1_701' title='bbox 2903 4031 3221 4098; x_wconf 78' lang='grc' dir='ltr'>πεινῶντες</span> <span class='ocrx_word' id='word_1_702' title='bbox 3253 4032 3352 4086; x_wconf 80' lang='grc' dir='ltr'>καὶ</span> <span class='ocrx_word' id='word_1_703' title='bbox 3383 4030 3689 4100; x_wconf 74' lang='grc' dir='ltr'>διψῶντες.</span> <span class='ocrx_word' id='word_1_704' title='bbox 3709 4029 3823 4099; x_wconf 80' lang='grc' dir='ltr'>τὴν</span> <span class='ocrx_word' id='word_1_705' title='bbox 3855 4030 4077 4087; x_wconf 83' lang='grc' dir='ltr'>δικαιο-</span> 
     </span>
    </p>
   </div>
   <div class='ocr_carea' id='block_1_98' title="bbox 2508 4121 4077 4194">
    <p class='ocr_par' dir='ltr' id='par_1_98' title="bbox 2508 4121 4077 4194">
     <span class='ocr_line' id='line_1_98' title="bbox 2508 4121 4077 4194; baseline -0.002 -14"><span class='ocrx_word' id='word_1_706' title='bbox 2508 4127 2727 4194; x_wconf 85' lang='grc' dir='ltr'>σύνην,</span> <span class='ocrx_word' id='word_1_707' title='bbox 2757 4126 2847 4178; x_wconf 87' lang='grc' dir='ltr'>ὅτι</span> <span class='ocrx_word' id='word_1_708' title='bbox 2873 4124 3039 4179; x_wconf 73' lang='grc' dir='ltr'>αὐτοὶ</span> <span class='ocrx_word' id='word_1_709' title='bbox 3063 4123 3594 4193; x_wconf 82' lang='grc' dir='ltr'>χορτασθήσονται.</span> <span class='ocrx_word' id='word_1_710' title='bbox 3613 4121 3859 4177; x_wconf 81' lang='grc' dir='ltr'>Ἐπειδὰν</span> <span class='ocrx_word' id='word_1_711' title='bbox 3886 4122 3943 4175; x_wconf 83' lang='grc' dir='ltr'>δὲ</span> <span class='ocrx_word' id='word_1_712' title='bbox 3970 4122 4077 4191; x_wconf 81' lang='grc' dir='ltr'>φά-</span> 
     </span>
    </p>
   </div>
   <div class='ocr_carea' id='block_1_99' title="bbox 2507 4212 4072 4287">
    <p class='ocr_par' dir='ltr' id='par_1_99' title="bbox 2507 4212 4072 4287">
     <span class='ocr_line' id='line_1_99' title="bbox 2507 4212 4072 4287; baseline -0.001 -18"><span class='ocrx_word' id='word_1_713' title='bbox 2507 4212 2665 4283; x_wconf 74' lang='grc' dir='ltr'>γωσι,</span> <span class='ocrx_word' id='word_1_714' title='bbox 2693 4217 2877 4286; x_wconf 73' lang='grc' dir='ltr'>φησὶν,</span> <span class='ocrx_word' id='word_1_715' title='bbox 2906 4217 2955 4267; x_wconf 83' lang='grc' dir='ltr'>οἱ</span> <span class='ocrx_word' id='word_1_716' title='bbox 2989 4216 3236 4287; x_wconf 87' lang='grc' dir='ltr'>πένητες,</span> <span class='ocrx_word' id='word_1_717' title='bbox 3262 4216 3358 4269; x_wconf 78' lang='grc' dir='ltr'><strong>καὶ</strong></span> <span class='ocrx_word' id='word_1_718' title='bbox 3385 4216 3647 4285; x_wconf 82' lang='grc' dir='ltr'>φαγόντες</span> <span class='ocrx_word' id='word_1_719' title='bbox 3670 4213 4072 4286; x_wconf 78' lang='grc' dir='ltr'>ἐμπλησθῶσιν,</span> 
     </span>
    </p>
   </div>
   <div class='ocr_carea' id='block_1_100' title="bbox 2507 4292 4075 4378">
    <p class='ocr_par' dir='ltr' id='par_1_100' title="bbox 2507 4292 4075 4378">
     <span class='ocr_line' id='line_1_100' title="bbox 2507 4292 4075 4378; baseline -0.003 -18"><span class='ocrx_word' id='word_1_720' title='bbox 2507 4307 2541 4377; x_wconf 78' lang='grc' dir='ltr'>ἢ</span> <span class='ocrx_word' id='word_1_721' title='bbox 2574 4292 2962 4375; x_wconf 83' lang='grc' dir='ltr'>κορεσθῶσιν,</span> <span class='ocrx_word' id='word_1_722' title='bbox 2994 4308 3134 4361; x_wconf 85' lang='grc' dir='ltr'>κατὰ</span> <span class='ocrx_word' id='word_1_723' title='bbox 3162 4307 3252 4360; x_wconf 82' lang='grc' dir='ltr'>τὸν</span> <span class='ocrx_word' id='word_1_724' title='bbox 3281 4307 3593 4378; x_wconf 85' lang='grc' dir='ltr'>Σύμμαχον,</span> <span class='ocrx_word' id='word_1_725' title='bbox 3614 4306 3734 4360; x_wconf 84' lang='grc' dir='ltr'>τότε</span> <span class='ocrx_word' id='word_1_726' title='bbox 3760 4303 4075 4358; x_wconf 78' lang='grc' dir='ltr'>αινόσονσι</span> 
     </span>
    </p>
   </div>
   <div class='ocr_carea' id='block_1_101' title="bbox 2507 4394 4073 4469">
    <p class='ocr_par' dir='ltr' id='par_1_101' title="bbox 2507 4394 4073 4469">
     <span class='ocr_line' id='line_1_101' title="bbox 2507 4394 4073 4469; baseline -0.004 -16"><span class='ocrx_word' id='word_1_727' title='bbox 2507 4399 2723 4467; x_wconf 80' lang='grc' dir='ltr'>Κύριον</span> <span class='ocrx_word' id='word_1_728' title='bbox 2764 4396 3147 4466; x_wconf 75' lang='grc' dir='ltr'>ὲκζητοῦντες</span> <span class='ocrx_word' id='word_1_729' title='bbox 3189 4399 3405 4469; x_wconf 81' lang='grc' dir='ltr'>αὐτόν’</span> <span class='ocrx_word' id='word_1_730' title='bbox 3452 4397 3715 4466; x_wconf 85' lang='grc' dir='ltr'>φαγόντες</span> <span class='ocrx_word' id='word_1_731' title='bbox 3760 4394 3817 4447; x_wconf 81' lang='grc' dir='ltr'>δὲ</span> <span class='ocrx_word' id='word_1_732' title='bbox 3850 4394 3949 4464; x_wconf 83' lang='grc' dir='ltr'>τὴν</span> <span class='ocrx_word' id='word_1_733' title='bbox 3983 4394 4073 4447; x_wconf 80' lang='grc' dir='ltr'><strong>ὑπ’</strong></span> 
     </span>
    </p>
   </div>
   <div class='ocr_carea' id='block_1_102' title="bbox 2508 4478 4071 4559">
    <p class='ocr_par' dir='ltr' id='par_1_102' title="bbox 2508 4478 4071 4559">
     <span class='ocr_line' id='line_1_102' title="bbox 2508 4478 4071 4559; baseline -0.004 -16"><span class='ocrx_word' id='word_1_734' title='bbox 2508 4488 2671 4543; x_wconf 80' lang='grc' dir='ltr'>αὐτοῦ</span> <span class='ocrx_word' id='word_1_735' title='bbox 2703 4489 2948 4543; x_wconf 84' lang='grc' dir='ltr'>δοθεῖσαν</span> <span class='ocrx_word' id='word_1_736' title='bbox 2967 4490 3149 4552; x_wconf 80' lang='grc' dir='ltr'>αὐτοῖς</span> <span class='ocrx_word' id='word_1_737' title='bbox 3178 4488 3400 4559; x_wconf 86' lang='grc' dir='ltr'>βρῶσιν,</span> <span class='ocrx_word' id='word_1_738' title='bbox 3420 4488 3511 4539; x_wconf 79' lang='grc' dir='ltr'>καὶ</span> <span class='ocrx_word' id='word_1_739' title='bbox 3532 4486 3863 4556; x_wconf 80' lang='grc' dir='ltr'>ζητήσαντες</span> <span class='ocrx_word' id='word_1_740' title='bbox 3890 4478 4071 4548; x_wconf 81' lang='grc' dir='ltr'>αὐτὸν,</span> 
     </span>
    </p>
   </div>
   <div class='ocr_carea' id='block_1_103' title="bbox 2512 4574 4073 4652">
    <p class='ocr_par' dir='ltr' id='par_1_103' title="bbox 2512 4574 4073 4652">
     <span class='ocr_line' id='line_1_103' title="bbox 2512 4574 4073 4652; baseline -0.004 -18"><span class='ocrx_word' id='word_1_741' title='bbox 2512 4581 2684 4652; x_wconf 80' lang='grc' dir='ltr'>μέγαν</span> <span class='ocrx_word' id='word_1_742' title='bbox 2719 4579 2900 4645; x_wconf 69' lang='grc' dir='ltr'>ἕξουσι</span> <span class='ocrx_word' id='word_1_743' title='bbox 2934 4580 3144 4651; x_wconf 84' lang='grc' dir='ltr'>καρπὸν</span> <span class='ocrx_word' id='word_1_744' title='bbox 3173 4579 3267 4631; x_wconf 85' lang='grc' dir='ltr'>τὸν</span> <span class='ocrx_word' id='word_1_745' title='bbox 3302 4577 3428 4647; x_wconf 77' lang='grc' dir='ltr'><strong>ἑξῆς</strong></span> <span class='ocrx_word' id='word_1_746' title='bbox 3459 4574 3779 4647; x_wconf 84' lang='grc' dir='ltr'>δηλούμενον</span> <span class='ocrx_word' id='word_1_747' title='bbox 3798 4594 3812 4609; x_wconf 89' lang='grc'><strong>·</strong></span> <span class='ocrx_word' id='word_1_748' title='bbox 3841 4574 4073 4642; x_wconf 84' lang='grc' dir='ltr'>Ζήσον-</span> 
     </span>
    </p>
   </div>
   <div class='ocr_carea' id='block_1_104' title="bbox 2437 4663 4074 4773">
    <p class='ocr_par' dir='ltr' id='par_1_104' title="bbox 2437 4663 4074 4773">
     <span class='ocr_line' id='line_1_104' title="bbox 2437 4663 4074 4773; baseline -0.005 -48"><span class='ocrx_word' id='word_1_749' title='bbox 2437 4719 2479 4773; x_wconf 79' lang='lat' dir='ltr'><strong>D</strong></span> <span class='ocrx_word' id='word_1_750' title='bbox 2508 4689 2599 4725; x_wconf 84' lang='grc' dir='ltr'><strong>ται</strong></span> <span class='ocrx_word' id='word_1_751' title='bbox 2623 4672 2726 4742; x_wconf 86' lang='grc' dir='ltr'><strong>γὰρ</strong></span> <span class='ocrx_word' id='word_1_752' title='bbox 2755 4675 2811 4724; x_wconf 74' lang='grc' dir='ltr'>αἱ</span> <span class='ocrx_word' id='word_1_753' title='bbox 2838 4671 3067 4739; x_wconf 75' lang='grc' dir='ltr'>καρδίαι</span> <span class='ocrx_word' id='word_1_754' title='bbox 3094 4666 3293 4722; x_wconf 87' lang='grc' dir='ltr'>αὐτῶν</span> <span class='ocrx_word' id='word_1_755' title='bbox 3315 4669 3401 4733; x_wconf 82' lang='grc' dir='ltr'>εὶς</span> <span class='ocrx_word' id='word_1_756' title='bbox 3427 4665 3610 4721; x_wconf 67' lang='grc' dir='ltr'>αἰῶνα</span> <span class='ocrx_word' id='word_1_757' title='bbox 3629 4664 3864 4731; x_wconf 68' lang='grc' dir='ltr'>αἰῶνος.</span> <span class='ocrx_word' id='word_1_758' title='bbox 3882 4665 3941 4717; x_wconf 84' lang='grc'><strong>⁸0</strong></span> <span class='ocrx_word' id='word_1_759' title='bbox 3965 4663 4074 4735; x_wconf 82' lang='grc' dir='ltr'>γὰρ</span> 
     </span>
    </p>
   </div>
   <div class='ocr_carea' id='block_1_105' title="bbox 2510 4754 4076 4834">
    <p class='ocr_par' dir='ltr' id='par_1_105' title="bbox 2510 4754 4076 4834">
     <span class='ocr_line' id='line_1_105' title="bbox 2510 4754 4076 4834; baseline -0.007 -16"><span class='ocrx_word' id='word_1_760' title='bbox 2510 4763 2671 4834; x_wconf 74' lang='grc' dir='ltr'>ἄρτος</span> <span class='ocrx_word' id='word_1_761' title='bbox 2701 4762 2867 4831; x_wconf 80' lang='grc' dir='ltr'>ζωῆς,</span> <span class='ocrx_word' id='word_1_762' title='bbox 2898 4765 2926 4815; x_wconf 87' lang='grc' dir='ltr'><strong>ό</strong></span> <span class='ocrx_word' id='word_1_763' title='bbox 2955 4762 3045 4814; x_wconf 84' lang='grc' dir='ltr'><strong>ὑπ’</strong></span> <span class='ocrx_word' id='word_1_764' title='bbox 3094 4758 3259 4813; x_wconf 82' lang='grc' dir='ltr'>αὑτοῦ</span> <span class='ocrx_word' id='word_1_765' title='bbox 3310 4758 3635 4829; x_wconf 77' lang='grc' dir='ltr'>χορηγηθεὶς</span> <span class='ocrx_word' id='word_1_766' title='bbox 3678 4757 3878 4819; x_wconf 80' lang='grc' dir='ltr'>αὐτοῖς,</span> <span class='ocrx_word' id='word_1_767' title='bbox 3903 4754 4076 4818; x_wconf 75' lang='grc' dir='ltr'>αἴτιος</span> 
     </span>
    </p>
   </div>
   <div class='ocr_carea' id='block_1_106' title="bbox 2509 4843 4070 4919">
    <p class='ocr_par' dir='ltr' id='par_1_106' title="bbox 2509 4843 4070 4919">
     <span class='ocr_line' id='line_1_106' title="bbox 2509 4843 4070 4919; baseline -0.008 -11"><span class='ocrx_word' id='word_1_768' title='bbox 2509 4856 2687 4918; x_wconf 85' lang='grc' dir='ltr'>αὐτοῖς</span> <span class='ocrx_word' id='word_1_769' title='bbox 2735 4854 2885 4907; x_wconf 76' lang='grc' dir='ltr'>ἔσται</span> <span class='ocrx_word' id='word_1_770' title='bbox 2944 4850 3242 4919; x_wconf 79' lang='grc' dir='ltr'>ἀθανασίας</span> <span class='ocrx_word' id='word_1_771' title='bbox 3284 4850 3378 4903; x_wconf 78' lang='grc' dir='ltr'>καὶ</span> <span class='ocrx_word' id='word_1_772' title='bbox 3406 4848 3549 4918; x_wconf 83' lang='grc' dir='ltr'>ζωῆς</span> <span class='ocrx_word' id='word_1_773' title='bbox 3584 4847 3837 4909; x_wconf 77' lang='grc' dir='ltr'>αἰωνίου,</span> <span class='ocrx_word' id='word_1_774' title='bbox 3890 4843 4070 4908; x_wconf 87' lang='grc' dir='ltr'>καθὼς</span> 
     </span>
    </p>
   </div>
   <div class='ocr_carea' id='block_1_107' title="bbox 2508 4930 4072 5006">
    <p class='ocr_par' dir='ltr' id='par_1_107' title="bbox 2508 4930 4072 5006">
     <span class='ocr_line' id='line_1_107' title="bbox 2508 4930 4072 5006; baseline -0.004 -15"><span class='ocrx_word' id='word_1_775' title='bbox 2508 4939 2740 5005; x_wconf 76' lang='grc' dir='ltr'>ἐδίδαξεν</span> <span class='ocrx_word' id='word_1_776' title='bbox 2751 4939 2910 5001; x_wconf 81' lang='grc' dir='ltr'>αὐτὸς</span> <span class='ocrx_word' id='word_1_777' title='bbox 2925 4930 3094 4991; x_wconf 77' lang='grc' dir='ltr'>εἰπών</span> <span class='ocrx_word' id='word_1_778' title='bbox 3109 4953 3122 4966; x_wconf 83' lang='grc'><em>’</em></span> <span class='ocrx_word' id='word_1_779' title='bbox 3156 4935 3302 5005; x_wconf 74' lang='grc' dir='ltr'><strong>Ἐγώ</strong></span> <span class='ocrx_word' id='word_1_780' title='bbox 3313 4940 3427 5006; x_wconf 75' lang='grc' dir='ltr'>ειμι</span> <span class='ocrx_word' id='word_1_781' title='bbox 3440 4940 3473 4990; x_wconf 81' lang='grc' dir='ltr'><strong>ό</strong></span> <span class='ocrx_word' id='word_1_782' title='bbox 3485 4935 3663 5003; x_wconf 78' lang='grc' dir='ltr'>ἄρτος</span> <span class='ocrx_word' id='word_1_783' title='bbox 3677 4931 3823 5001; x_wconf 77' lang='grc' dir='ltr'>ζωῆς</span> <span class='ocrx_word' id='word_1_784' title='bbox 3845 4936 3879 4987; x_wconf 85' lang='grc' dir='ltr'><strong>ό</strong></span> <span class='ocrx_word' id='word_1_785' title='bbox 3897 4950 4072 4986; x_wconf 82' lang='grc' dir='ltr'>κατα-</span> 
     </span>
    </p>
   </div>
   <div class='ocr_carea' id='block_1_108' title="bbox 2506 5020 4063 5097">
    <p class='ocr_par' dir='ltr' id='par_1_108' title="bbox 2506 5020 4063 5097">
     <span class='ocr_line' id='line_1_108' title="bbox 2506 5020 4063 5097; baseline -0.005 -13"><span class='ocrx_word' id='word_1_786' title='bbox 2506 5032 2725 5086; x_wconf 75' lang='grc' dir='ltr'>ϐαίνων</span> <span class='ocrx_word' id='word_1_787' title='bbox 2734 5032 2803 5085; x_wconf 81' lang='grc' dir='ltr'>ἐκ</span> <span class='ocrx_word' id='word_1_788' title='bbox 2817 5030 2923 5084; x_wconf 87' lang='grc' dir='ltr'><strong>τοῦ</strong></span> <span class='ocrx_word' id='word_1_789' title='bbox 2936 5027 3211 5097; x_wconf 84' lang='grc' dir='ltr'>οὐρανοῦ,</span> <span class='ocrx_word' id='word_1_790' title='bbox 3231 5028 3329 5081; x_wconf 80' lang='grc' dir='ltr'>καὶ</span> <span class='ocrx_word' id='word_1_791' title='bbox 3340 5026 3543 5091; x_wconf 81' lang='grc' dir='ltr'>διδοὺς</span> <span class='ocrx_word' id='word_1_792' title='bbox 3562 5024 3714 5093; x_wconf 78' lang='grc' dir='ltr'>ζωὴν</span> <span class='ocrx_word' id='word_1_793' title='bbox 3733 5020 3813 5089; x_wconf 83' lang='grc' dir='ltr'>τῷ</span> <span class='ocrx_word' id='word_1_794' title='bbox 3827 5025 4029 5095; x_wconf 77' lang='grc' dir='ltr'>κόσμῳ</span> <span class='ocrx_word' id='word_1_795' title='bbox 4051 5043 4063 5055; x_wconf 89' lang='grc'><strong>·</strong></span> 
     </span>
    </p>
   </div>
   <div class='ocr_carea' id='block_1_109' title="bbox 2507 5114 4067 5189">
    <p class='ocr_par' dir='ltr' id='par_1_109' title="bbox 2507 5114 4067 5189">
     <span class='ocr_line' id='line_1_109' title="bbox 2507 5114 4067 5189; baseline 0.004 -24"><span class='ocrx_word' id='word_1_796' title='bbox 2507 5125 2597 5176; x_wconf 63' lang='grc' dir='ltr'><strong>καὶ</strong></span> <span class='ocrx_word' id='word_1_797' title='bbox 2630 5122 2823 5178; x_wconf 73' lang='grc' dir='ltr'>πάλιν·</span> <span class='ocrx_word' id='word_1_798' title='bbox 2873 5119 3013 5175; x_wconf 74' lang='grc' dir='ltr'>Ἐάν</span> <span class='ocrx_word' id='word_1_799' title='bbox 3035 5137 3125 5187; x_wconf 89' lang='grc' dir='ltr'><strong>τις</strong></span> <span class='ocrx_word' id='word_1_800' title='bbox 3151 5118 3310 5189; x_wconf 75' lang='grc' dir='ltr'>φάγῃ</span> <span class='ocrx_word' id='word_1_801' title='bbox 3336 5118 3405 5171; x_wconf 79' lang='grc' dir='ltr'>ἐκ</span> <span class='ocrx_word' id='word_1_802' title='bbox 3444 5115 3549 5169; x_wconf 88' lang='grc' dir='ltr'><strong>τοῦ</strong></span> <span class='ocrx_word' id='word_1_803' title='bbox 3574 5114 3719 5183; x_wconf 82' lang='grc' dir='ltr'>ἐμοῦ</span> <span class='ocrx_word' id='word_1_804' title='bbox 3745 5114 3948 5183; x_wconf 77' lang='grc' dir='ltr'>ἄρτου,</span> <span class='ocrx_word' id='word_1_805' title='bbox 3971 5114 4067 5183; x_wconf 77' lang='grc' dir='ltr'><strong>ζή-</strong></span> 
     </span>
    </p>
   </div>
   <div class='ocr_carea' id='block_1_110' title="bbox 2508 5204 4069 5279">
    <p class='ocr_par' dir='ltr' id='par_1_110' title="bbox 2508 5204 4069 5279">
     <span class='ocr_line' id='line_1_110' title="bbox 2508 5204 4069 5279; baseline -0.007 -11"><span class='ocrx_word' id='word_1_806' title='bbox 2508 5228 2675 5268; x_wconf 87' lang='grc' dir='ltr'>σεται</span> <span class='ocrx_word' id='word_1_807' title='bbox 2712 5216 2799 5278; x_wconf 78' lang='grc' dir='ltr'><strong>εις</strong></span> <span class='ocrx_word' id='word_1_808' title='bbox 2840 5210 2945 5265; x_wconf 80' lang='grc' dir='ltr'>τὸν</span> <span class='ocrx_word' id='word_1_809' title='bbox 2972 5210 3176 5278; x_wconf 70' lang='grc' dir='ltr'>αἰῶνα,</span> <span class='ocrx_word' id='word_1_810' title='bbox 3207 5211 3301 5263; x_wconf 76' lang='grc' dir='ltr'>καὶ</span> <span class='ocrx_word' id='word_1_811' title='bbox 3326 5206 3395 5261; x_wconf 79' lang='grc' dir='ltr'><strong>τά</strong></span> <span class='ocrx_word' id='word_1_812' title='bbox 3422 5207 3567 5279; x_wconf 79' lang='grc' dir='ltr'><strong>ἑξῆς.</strong></span> <span class='ocrx_word' id='word_1_813' title='bbox 3584 5204 3748 5277; x_wconf 73' lang='grc' dir='ltr'>Ὀρᾷς</span> <span class='ocrx_word' id='word_1_814' title='bbox 3772 5208 3917 5271; x_wconf 80' lang='grc' dir='ltr'>ὅπως</span> <span class='ocrx_word' id='word_1_815' title='bbox 3947 5226 4069 5263; x_wconf 78' lang='grc' dir='ltr'>συν-</span> 
     </span>
    </p>
   </div>
   <div class='ocr_carea' id='block_1_111' title="bbox 2509 5296 4068 5373">
    <p class='ocr_par' dir='ltr' id='par_1_111' title="bbox 2509 5296 4068 5373">
     <span class='ocr_line' id='line_1_111' title="bbox 2509 5296 4068 5373; baseline -0.003 -15"><span class='ocrx_word' id='word_1_816' title='bbox 2509 5305 2621 5373; x_wconf 82' lang='grc' dir='ltr'>ᾴδει</span> <span class='ocrx_word' id='word_1_817' title='bbox 2652 5304 2824 5359; x_wconf 82' lang='grc' dir='ltr'>ταῦτα</span> <span class='ocrx_word' id='word_1_818' title='bbox 2860 5302 2935 5373; x_wconf 85' lang='grc' dir='ltr'>τῷ</span> <span class='ocrx_word' id='word_1_819' title='bbox 2959 5302 3217 5373; x_wconf 79' lang='grc' dir='ltr'>φάσκοντι</span> <span class='ocrx_word' id='word_1_820' title='bbox 3246 5297 3474 5368; x_wconf 73' lang='grc' dir='ltr'>ψαλμῷο</span> <span class='ocrx_word' id='word_1_821' title='bbox 3504 5296 3794 5367; x_wconf 57' lang='lat' dir='ltr'><strong>“portat</strong></span> <span class='ocrx_word' id='word_1_822' title='bbox 3817 5299 4068 5367; x_wconf 63' lang='grc' dir='ltr'>πένητες</span> 
     </span>
    </p>
   </div>
   <div class='ocr_carea' id='block_1_112' title="bbox 2515 5388 4070 5466">
    <p class='ocr_par' dir='ltr' id='par_1_112' title="bbox 2515 5388 4070 5466">
     <span class='ocr_line' id='line_1_112' title="bbox 2515 5388 4070 5466; baseline -0.002 -17"><span class='ocrx_word' id='word_1_823' title='bbox 2515 5398 2615 5449; x_wconf 76' lang='grc' dir='ltr'>καὶ</span> <span class='ocrx_word' id='word_1_824' title='bbox 2632 5396 3163 5466; x_wconf 69' lang='grc' dir='ltr'>ἐμπλησθήσονται</span> <span class='ocrx_word' id='word_1_825' title='bbox 3182 5406 3194 5421; x_wconf 86' lang='grc'><em>’</em></span> <span class='ocrx_word' id='word_1_826' title='bbox 3226 5388 3616 5460; x_wconf 72' lang='grc' dir='ltr'>καὶ,ζήσονται</span> <span class='ocrx_word' id='word_1_827' title='bbox 3640 5393 3699 5445; x_wconf 79' lang='grc' dir='ltr'>αι</span> <span class='ocrx_word' id='word_1_828' title='bbox 3719 5392 3951 5461; x_wconf 78' lang='grc' dir='ltr'>καρδίαι</span> <span class='ocrx_word' id='word_1_829' title='bbox 3972 5393 4070 5446; x_wconf 82' lang='grc' dir='ltr'><strong>αὐ·</strong></span> 
     </span>
    </p>
   </div>
   <div class='ocr_carea' id='block_1_113' title="bbox 2516 5484 3221 5555">
    <p class='ocr_par' dir='ltr' id='par_1_113' title="bbox 2516 5484 3221 5555">
     <span class='ocr_line' id='line_1_113' title="bbox 2516 5484 3221 5555; baseline 0.009 -12"><span class='ocrx_word' id='word_1_830' title='bbox 2516 5487 2633 5543; x_wconf 84' lang='grc' dir='ltr'><strong>τῶν</strong></span> <span class='ocrx_word' id='word_1_831' title='bbox 2659 5491 2746 5555; x_wconf 81' lang='grc' dir='ltr'><strong>εις</strong></span> <span class='ocrx_word' id='word_1_832' title='bbox 2772 5487 2956 5541; x_wconf 74' lang='grc' dir='ltr'>αιῶνα</span> <span class='ocrx_word' id='word_1_833' title='bbox 2974 5484 3221 5549; x_wconf 73' lang='grc' dir='ltr'>αιῶνοςς</span> 
     </span>
    </p>
   </div>
   <div class='ocr_carea' id='block_1_114' title="bbox 2584 5572 4063 5648">
    <p class='ocr_par' dir='ltr' id='par_1_114' title="bbox 2584 5572 4063 5648">
     <span class='ocr_line' id='line_1_114' title="bbox 2584 5572 4063 5648; baseline -0.005 -15"><span class='ocrx_word' id='word_1_834' title='bbox 2584 5579 3050 5648; x_wconf 79' lang='grc' dir='ltr'>Μνησθήσονται</span> <span class='ocrx_word' id='word_1_835' title='bbox 3076 5575 3175 5629; x_wconf 79' lang='grc' dir='ltr'>καὶ</span> <span class='ocrx_word' id='word_1_836' title='bbox 3195 5574 3740 5645; x_wconf 69' lang='grc' dir='ltr'>ἑπιστραφήσονται</span> <span class='ocrx_word' id='word_1_837' title='bbox 3771 5574 3923 5642; x_wconf 70' lang='grc' dir='ltr'>πρὸς</span> <span class='ocrx_word' id='word_1_838' title='bbox 3948 5572 4063 5627; x_wconf 83' lang='grc' dir='ltr'><strong>Κύ-</strong></span> 
     </span>
    </p>
   </div>
   <div class='ocr_carea' id='block_1_115' title="bbox 2508 5654 4066 5735">
    <p class='ocr_par' dir='ltr' id='par_1_115' title="bbox 2508 5654 4066 5735">
     <span class='ocr_line' id='line_1_115' title="bbox 2508 5654 4066 5735; baseline -0.005 -14"><span class='ocrx_word' id='word_1_839' title='bbox 2508 5684 2642 5735; x_wconf 88' lang='grc' dir='ltr'>ριον</span> <span class='ocrx_word' id='word_1_840' title='bbox 2680 5654 2876 5727; x_wconf 81' lang='grc' dir='ltr'>πάντα</span> <span class='ocrx_word' id='word_1_841' title='bbox 2918 5666 2990 5719; x_wconf 82' lang='grc' dir='ltr'>τὰ</span> <span class='ocrx_word' id='word_1_842' title='bbox 3018 5663 3239 5732; x_wconf 69' lang='grc' dir='ltr'>πέρατα</span> <span class='ocrx_word' id='word_1_843' title='bbox 3264 5665 3372 5735; x_wconf 84' lang='grc' dir='ltr'>τῆς</span> <span class='ocrx_word' id='word_1_844' title='bbox 3404 5664 3534 5735; x_wconf 62' lang='grc' dir='ltr'>γῆς,</span> <span class='ocrx_word' id='word_1_845' title='bbox 3580 5663 3675 5717; x_wconf 70' lang='grc' dir='ltr'>καὶ</span> <span class='ocrx_word' id='word_1_846' title='bbox 3721 5662 4066 5731; x_wconf 67' lang='grc' dir='ltr'>προσκυνή-</span> 
     </span>
    </p>
   </div>
   <div class='ocr_carea' id='block_1_116' title="bbox 2517 5752 4067 5821">
    <p class='ocr_par' dir='ltr' id='par_1_116' title="bbox 2517 5752 4067 5821">
     <span class='ocr_line' id='line_1_116' title="bbox 2517 5752 4067 5821; baseline -0.004 -8"><span class='ocrx_word' id='word_1_847' title='bbox 2517 5775 2737 5814; x_wconf 82' lang='grc' dir='ltr'>σουσιν</span> <span class='ocrx_word' id='word_1_848' title='bbox 2784 5759 3039 5813; x_wconf 80' lang='grc' dir='ltr'>ἐνώπιον</span> <span class='ocrx_word' id='word_1_849' title='bbox 3086 5757 3269 5811; x_wconf 77' lang='grc' dir='ltr'>αὐτοῦ</span> <span class='ocrx_word' id='word_1_850' title='bbox 3318 5754 3503 5813; x_wconf 76' lang='grc' dir='ltr'>πᾶσαι</span> <span class='ocrx_word' id='word_1_851' title='bbox 3548 5758 3608 5807; x_wconf 80' lang='lat' dir='ltr'><strong>at</strong></span> <span class='ocrx_word' id='word_1_852' title='bbox 3663 5752 3898 5821; x_wconf 64' lang='grc' dir='ltr'>πατριαὶ</span> <span class='ocrx_word' id='word_1_853' title='bbox 3953 5752 4067 5807; x_wconf 87' lang='grc' dir='ltr'><strong>τῶν</strong></span> 
     </span>
    </p>
   </div>
   <div class='ocr_carea' id='block_1_117' title="bbox 940 5934 2717 6011">
    <p class='ocr_par' dir='ltr' id='par_1_117' title="bbox 940 5934 2717 6011">
     <span class='ocr_line' id='line_1_117' title="bbox 940 5934 2717 6011; baseline -0.002 -16"><span class='ocrx_word' id='word_1_854' title='bbox 940 5940 979 5969; x_wconf 68' lang='grc' dir='ltr'><strong>ιί</strong></span> <span class='ocrx_word' id='word_1_855' title='bbox 1011 5937 1197 5995; x_wconf 72' lang='lat' dir='ltr'><strong>Matth.</strong></span> <span class='ocrx_word' id='word_1_856' title='bbox 1236 5956 1285 6004; x_wconf 76' lang='grc' dir='ltr'><strong>ν,</strong></span> <span class='ocrx_word' id='word_1_857' title='bbox 1311 5944 1361 5995; x_wconf 71' lang='grc' dir='ltr'><strong>ὅ.</strong></span> <span class='ocrx_word' id='word_1_858' title='bbox 1442 5944 1480 5974; x_wconf 85' lang='grc'>¹⁷</span> <span class='ocrx_word' id='word_1_859' title='bbox 1521 5942 1648 5999; x_wconf 77' lang='lat' dir='ltr'><strong>ibid.</strong></span> <span class='ocrx_word' id='word_1_860' title='bbox 1685 5942 1739 5999; x_wconf 87' lang='lat'><strong>6.</strong></span> <span class='ocrx_word' id='word_1_861' title='bbox 1818 5943 1860 5976; x_wconf 83' lang='grc'><strong>¹⁸</strong></span> <span class='ocrx_word' id='word_1_862' title='bbox 1898 5941 2052 5999; x_wconf 75' lang='lat' dir='ltr'><strong>Joan.</strong></span> <span class='ocrx_word' id='word_1_863' title='bbox 2087 5958 2176 6011; x_wconf 74' lang='lat' dir='ltr'><strong>Vl,</strong></span> <span class='ocrx_word' id='word_1_864' title='bbox 2210 5943 2296 5997; x_wconf 73' lang='lat'><strong>33.</strong></span> <span class='ocrx_word' id='word_1_865' title='bbox 2376 5941 2419 5974; x_wconf 73' lang='grc' dir='ltr'><strong>ι’</strong></span> <span class='ocrx_word' id='word_1_866' title='bbox 2458 5934 2589 5995; x_wconf 84' lang='lat' dir='ltr'><strong>ibid.</strong></span> <span class='ocrx_word' id='word_1_867' title='bbox 2628 5938 2717 5993; x_wconf 84' lang='lat'><strong>59.</strong></span> 
     </span>
    </p>
   </div>
  </div>
