4302 6406
312 485 417 541 215

1403 485 1898 543 COMMENTARIA
1937 485 2004 540 IN
2054 484 2392 540 PSALMOS.

3458 495 3561 547 2N

313 602 521 658 ἐθνῶν.
560 602 688 656 Ὀτι
723 602 829 657 τοῦ
856 603 1077 671 Κυρίου
1117 604 1155 672 ἡ
1196 582 1513 668 βασιλεία,
1558 606 1654 658 καὶ
1699 604 1881 671 αὐτὸς
1909 612 1944 665 Α

1984 603 2113 656 mini
2156 614 2233 657 est
2273 618 2504 673 regnum,
2541 611 2589 659 et
2644 604 2749 671 ipse
2795 604 3104 661 dominatur
3143 608 3392 676 gentium.
3426 606 3558 661 Nam

312 691 585 756 δεσπόζει
615 692 733 748 τῶν
759 693 965 750 ἐθνῶν.
1003 694 1107 749 Τοῦ
1142 697 1249 768 γὰρ
1282 698 1547 769 σωτηρίου
1582 697 1757 766 φωτὸς
1781 698 1878 749 αὐ-

312 788 425 851 τοῖς
458 786 888 856 ἐπιλάμψαντος,
913 788 1439 859 ἀναμνησθήσονται,
1464 790 1539 852 ὡς
1574 788 1680 859 ἄρα
1700 784 1767 860 ῆν
1798 807 1881 853 τις

314 878 498 941 αὐτοῖς
530 877 754 949 Κύριος,
778 878 805 930 ὅ
828 894 891 946 γε
939 878 1152 949 ἀληθῶς
1186 884 1293 931 τῶν
1320 878 1456 933 ὅλων
1505 880 1768 952 δεσπότης
1787 899 1800 910 ·
1833 883 1881 935 ol

314 969 422 1042 γὰρ
449 970 821 1040 νενομισμένοι
852 970 1030 1033 αὐτοῖς
1047 967 1185 1042 ἦσαν
1218 973 1421 1041 Κυρίου
1441 989 1453 1001 ·
1484 974 1562 1035 είς
1582 973 1881 1044 ἀνάμνησιν

311 1060 369 1113 δὲ
398 1060 641 1123 ἐλθόντες
672 1059 766 1112 τοῦ
802 1059 951 1129 σφῶν
976 1062 1253 1127 δεσπότου,
1292 1064 1376 1117 ἐπ’
1412 1064 1573 1117 αὑτὸν
1605 1066 1879 1134 καταφεύ-

315 1152 527 1221 ξονταισ
589 1152 681 1233 καὶ
732 1152 791 1205 ὃν
844 1153 1011 1206 πάλαι
1060 1154 1520 1227 ἀπεστράφησαν,
1582 1156 1721 1209 κατά
1761 1174 1882 1211 τινα

312 1246 521 1317 ἐχθρῶν
554 1245 874 1317 ἐπιϐουλὴν,
908 1246 1094 1299 τοῦτον
1131 1248 1333 1318 Κύριον
1366 1248 1543 1301 αὐτῶν
1582 1249 1711 1303 ὄντα
1760 1253 1878 1303 ἐπι-ν

310 1336 629 1407 γνώσονται,
666 1338 759 1390 καὶ
795 1339 1295 1422 ὲπιστραφήσονται
1341 1340 1476 1409 πρὸς
1518 1341 1697 1394 αὐτόν.
1745 1340 1879 1393 Ἀλλ’

310 1429 397 1482 ῐνα
435 1430 507 1500 μή
539 1445 623 1492 τις
661 1428 903 1499 νομίσειε
941 1429 1116 1482 ταῦτα
1162 1429 1411 1498 λέγεσθαι
1447 1430 1572 1501 περὶ
1612 1429 1705 1483 τοῦ
1754 1431 1882 1483 Ἰου-

308 1521 472 1575 δαίων
498 1520 701 1586 ἔθνους,
728 1520 971 1590 ἀκριϐῶς
996 1521 1025 1572 ό
1056 1520 1210 1588 λόγος
1253 1523 1629 1595 προστίθησιν,
1663 1523 1737 1586 ὡς
1774 1522 1880 1592 ἄρα

307 1610 482 1665 ταῦτα
515 1609 930 1681 πληρωθήσεται
977 1610 1069 1662 ἐπὶ
1106 1610 1285 1663 πάντα
1328 1613 1397 1665 τὰ
1447 1612 1565 1665 καθ’
1612 1612 1740 1683 ὅλης
1780 1613 1879 1682 τῆς

306 1701 633 1772 οἰκουμένης
674 1700 829 1770 ἔθνη·
878 1696 973 1752 εἴτ’
1014 1702 1439 1773 ἐπιστραφέντες
1484 1704 1535 1755 τί
1570 1704 1880 1774 ποιήσουσιν

308 1794 536 1849 ἐνώπιον
568 1791 731 1845 αὐτοῦ
760 1794 929 1846 πᾶσαι
953 1794 1009 1846 al
1040 1795 1265 1865 πατριαὶ
1305 1793 1413 1847 τῶν
1446 1794 1643 1847 ἐθνῶν·
1668 1794 1783 1849 ἀνθ’
1817 1789 1879 1845 06

308 1886 601 1957 Σύμμαχος
630 1885 725 1939 καὶ
767 1885 1013 1950 Ἀκύλας,
1052 1885 1241 1941 πᾶσαι
1284 1889 1345 1941 al
1383 1891 1722 1956 συγγένειαι
1765 1886 1881 1939 τῶν

305 1976 516 2040 ἐθνῶν,
544 1978 795 2049 εἰρήκασι
842 1977 1045 2049 σφόδρα
1094 1978 1355 2051 ἀκριϐῶς.
1387 1980 1544 2033 Ποῖον
1590 1980 1697 2051 γὰρ
1728 1979 1877 2042 ἔθνος
1909 1966 1949 2020 Β

302 2067 425 2137 οὐχὶ
468 2067 785 2136 συγγενείας
827 2067 939 2139 ἔχει
976 2068 1405 2138 ὲπιστραφείσας
1453 2070 1588 2141 πρὸς
1631 2070 1721 2123 τὸν
1762 2069 1874 2123 τῶν

304 2149 629 2231 ὃλωνκΘεόἨ
665 2158 799 2211 Ποία
826 2159 882 2211 δὲ
933 2158 1106 2225 πόλις,
1143 2158 1174 2228 ἢ
1229 2158 1356 2213 ποία
1404 2158 1585 2231 χώρα,
1647 2160 1678 2232 ἢ
1714 2164 1876 2223 ,ποῖος

303 2250 570 2314 οἶκοςλούκ
596 2250 707 2321 ἔχει
730 2251 880 2315 τίνὰς
906 2252 1319 2324 ἀφωρισμένους
1351 2252 1443 2307 καὶ
1476 2253 1877 2325 ἐξειλεγμένους

302 2342 382 2415 τῷ
412 2343 565 2415 Θεῷ;
600 2343 726 2407 Πῶς
768 2344 813 2396 δ’
849 2343 1071 2414 ἔμελλον
1105 2343 1453 2409 ἀποτίθεσθαι
1494 2345 1590 2414 μὲν
1624 2345 1721 2415 τὴν
1755 2346 1879 2397 ἑαυ-

302 2437 411 2491 τῶν
449 2437 639 2510 λήθην,
674 2437 978 2507 ἀνάμνησιν
1022 2436 1077 2490 δὲ
1139 2436 1408 2501 ποιεῖσθαι
1461 2436 1554 2490 τοῦ
1588 2436 1695 2489 τῶν
1741 2438 1877 2491 ὅλων

304 2528 437 2583 Θεοῦ
473 2530 529 2583 al
571 2522 879 2598 συγγένειαι
906 2528 1013 2581 τῶν
1054 2520 1221 2582 ἐθνῶν
1242 2547 1256 2562 ⁸
1288 2528 1405 2592 πῶς
1426 2530 1483 2583 δὲ
1527 2529 1876 2601 ἐπιστρέφειν

306 2618 438 2689 πρὸς
465 2619 625 2672 αὑτὸν
652 2618 828 2671 πάντα
849 2618 916 2671 τὰ
948 2618 1157 2691 πέρατα
1176 2621 1271 2691 τῆς
1300 2621 1421 2691 γῆς,
1451 2620 1690 2691 ἐπιλέγει
1713 2624 1839 2693 ἑξῆς
1858 2641 1872 2653 ·

305 2710 434 2763 Ὀτι
454 2708 561 2762 τοῦ
580 2709 802 2777 Κυρίου
912 2710 1219 2777 βασιλεία,
1256 2712 1353 2765 καὶ
1396 2714 1577 2779 αὐτὸς
1604 2712 1877 2775 δεσπόζει

300 2797 420 2853 τῶν
444 2797 655 2852 ἐθνῶν.
686 2799 748 2853 Οἱ
781 2798 888 2870 γὰρ
917 2800 1083 2854 πάλαι
1105 2804 1476 2874 κρατήσαντες
1502 2803 1752 2874 δαίμονες
1782 2808 1877 2863 καὶ

300 2888 544 2953 διάϐολος
575 2889 967 2961 κατελύθησαν,
1006 2892 1099 2944 καὶ
1141 2892 1276 2962 μόνη
1312 2894 1344 2962 ἡ
1392 2892 1485 2945 τοῦ
1526 2894 1617 2949 ἐπὶ
1660 2894 1877 2950 πάντων

302 2979 438 3035 Θεοῦ
472 2979 714 3051 βασιλεία
762 2981 1126 3053 ἐπεκράτησε.
1180 2982 1341 3047 Τάξει
1388 2977 1479 3037 οῦν
1522 2984 1550 3041 ὁ
1583 2982 1737 3051 λόγος
1784 2986 1878 3038 καὶ

301 3071 590 3142 ἀκολουθίᾳ
622 3071 905 3144 κέχρηται,
943 3072 1157 3145 πρῶτον
1212 3075 1420 3145 φήσας·
1477 3074 1880 3141 Μνησθήσον-

304 3181 417 3230 ται,
442 3159 560 3219 εἶτα
585 3163 864 3237 δεύτερον,
897 3164 1477 3235 ἐπιστραφήσονται,
1527 3165 1621 3219 καὶ
1658 3167 1875 3237 τρίτον,

305 3256 823 3326 προσκυνήσουσι.
875 3257 1057 3312 Ταῦτα
1089 3258 1145 3312 δὲ
1182 3258 1360 3313 πάντα
1393 3258 1567 3323 ἔσται,
1598 3260 1726 3321 Ὅτι
1768 3259 1876 3315 τοῦ

303 3350 525 3418 Κυρίου
577 3352 615 3419 ἠ
662 3350 989 3415 βασιλεία,
1039 3352 1135 3406 καὶ
1194 3352 1375 3419 αὐτὸς
1433 3349 1702 3414 δεσπόζει
1756 3350 1876 3406 τῶν

301 3440 511 3497 ἐθνῶν.

374 3532 637 3604 Ἕφαγον
661 3533 758 3588 καὶ
798 3537 1262 3603 προσεκύνησαν
1302 3535 1528 3604 πάντες
1573 3540 1627 3590 ol
1672 3536 1877 3603 πίονες

306 3619 409 3689 τῆς
430 3622 543 3691 τῆς
564 3640 576 3652 ·
625 3622 880 3675 ἐνώπιον
906 3622 1092 3676 αὐτοῦ
1130 3622 1616 3690 προσπεσοῦνται
1657 3622 1877 3689 πάντες

303 3717 359 3767 οι
386 3714 843 3780 καταϐαίνοντες
878 3716 965 3779 εὶς
1000 3714 1115 3783 τὴν
1138 3713 1272 3785 γῆν.
1315 3716 1424 3768 Kal
1472 3716 1511 3782 ἡ
1549 3716 1720 3785 ¹ψυχή
1758 3734 1876 3785 μου

303 3803 583 3874 αὑτῷ,ζῇ,
630 3805 727 3858 καὶ
761 3805 826 3859 τὸ
872 3806 1111 3876 σπέρμα
1158 3825 1278 3877 μου
1329 3806 1645 3861 δουλεύσει
1694 3808 1871 3879 αὐτῷ.

308 3896 463 3951 Ἔστι
487 3897 543 3951 δὲ
579 3896 700 3951 καθ’
741 3896 977 3968 ἑκάστην
1007 3897 1373 3969 ἀναστάσιμον
1410 3896 1619 3968 ἡμέραν
1648 3897 1740 3951 τοῦ
1764 3899 1877 3951 Σω-

304 3989 467 4060 τῆρος
503 3988 682 4061 ἡμῶν,
711 3990 810 4061 τὴν
840 3990 1179 4064 καλουμένην
1216 3992 1482 4065 κυριακὴν
1502 4022 1523 4056 ,-
1547 3992 1669 4062 ὄψει
1701 4008 1877 4063 παρα·

303 4078 489 4133 λαϐεῖν
514 4080 643 4144 τοὺς
661 4080 761 4150 τῆς
789 4081 995 4151 τροφῆς
1020 4083 1118 4153 τῆς
1158 4083 1320 4151 ἁγίας
1357 4082 1453 4136 καὶ
1490 4082 1581 4135 τοῦ
1626 4082 1875 4153 σώματος

298 4168 400 4224 τοῦ
424 4170 693 4243 σωτηρίου
728 4172 1271 4243 μεταλαμϐάνοντας,
1294 4175 1397 4228 nat.
1425 4174 1561 4244 μελτὰ
1594 4173 1878 4248 τὸιφαγεῖν

306 4262 742 4333 προσκυνοῦντας
767 4264 859 4318 τὸν
883 4263 1084 4336 δοτῆρα
1102 4268 1194 4320 καὶ
1221 4266 1454 4338 χορηγὸν
1476 4266 1577 4337 τῆς
1612 4265 1873 4330 ζωοποιοῦ

304 4354 531 4426 τροφῆς,
564 4354 849 4425 θαυμάσαι·
862 4372 922 4409 τε
949 4356 1057 4411 τῶν
1085 4357 1256 4427 λόγων
1288 4357 1348 4410 τὸ
1379 4357 1741 4429 ἀποτέλεσμα,
1783 4362 1876 4415 καὶ

306 4445 427 4497 κατ’
459 4444 636 4516 αὐτὴν.
657 4445 758 4516 τὴν
803 4431 1101 4518 πρόχειρον
1141 4447 1283 4514 λέξιν
1327 4446 1395 4499 δι’
1438 4446 1613 4517 ἔργων
1644 4447 1878 4521 πληρού-

310 4548 493 4602 μενον.
530 4533 676 4591 ’Λντὶ
697 4534 755 4587 δὲ
781 4536 876 4589 τοῦ
897 4552 912 4566 ο
936 4538 990 4590 οἱ
1022 4534 1355 4604 πίονεςντῆς
1381 4535 1513 4605 γῆς,
1535 4536 1877 4609 ήρμήνευσεν

1983 695 2210 751 salutari
2262 695 2466 749 lumine
2510 695 2658 764 ipsos
2699 696 3091 773 collustrante,
3142 698 3561 753 reminiscentur

1984 786 2087 842 sibi
2112 785 2399 841 Dominum
2431 803 2572 850 esse,
2613 790 2992 845 universorum
3038 806 3225 845 revera
3255 792 3563 847 dominato-

1984 892 2097 933 rem
2131 894 2143 928 :
2172 877 2259 931 cui
2290 878 2451 931 etiam
2491 877 2724 947 subjecti
2763 887 2919 935 erant
2968 879 3003 932 ii
3056 880 3148 949 qui
3193 881 3261 935 ab
3304 882 3436 952 ipsis
3463 882 3562 936 do-

1984 969 2116 1023 mini
2148 968 2560 1038 reputabantur.
2584 970 2719 1025 Cum
2748 986 2912 1041 porro
2938 970 3149 1025 Domini
3178 971 3263 1025 sui
3294 974 3562 1028 memine-

1982 1060 2113 1124 rint,
2144 1060 2211 1114 ad
2245 1061 2422 1129 ipsum
2452 1060 2805 1132 confugient:
2838 1078 2901 1117 ac
2931 1079 3089 1134 quem
3123 1065 3273 1128 olim,
3308 1064 3560 1120 inimico-

1981 1168 2102 1206 rum
2152 1151 2368 1211 insidiis
2422 1154 2822 1218 circumventi,
2876 1156 3110 1210 aversati
3165 1165 3322 1220 sunt,
3377 1157 3557 1225 ipSum

1982 1227 2287 1313 agnoscent
2311 1258 2434 1297 esse
2463 1244 2567 1299 sibi
2595 1242 2902 1311 Dominum,
2937 1255 3101 1316 atque
3126 1248 3191 1301 ad
3224 1248 3399 1317 ipsum
3426 1262 3555 1300 con-

1982 1344 2279 1393 vertentur.
2316 1336 2383 1389 At
2421 1350 2487 1390 ne
2515 1336 2637 1405 quis
2679 1336 2975 1391 arbitretur
3011 1338 3065 1392 id
3105 1340 3171 1394 de
3202 1338 3427 1394 Iudaico
3463 1353 3558 1407 p0-

1980 1430 2109 1498 pulo
2139 1431 2343 1485 dictum
2364 1472 2379 1497 ,
2408 1429 2653 1500 apposite
2687 1428 2943 1498 adjicitur
2976 1431 3091 1486 haec
3126 1432 3270 1501 apud
3316 1429 3553 1485 universi

1980 1521 2129 1575 orbis
2181 1523 2431 1576 nationes
2464 1519 2738 1589 implenda
2788 1536 2927 1575 esse.
2962 1522 3038 1575 Ac
3070 1522 3267 1576 deinde
3309 1522 3559 1577 enuntia-

1979 1619 2091 1675 tur,
2125 1612 2255 1683 quid
2290 1614 2345 1666 in
2376 1622 2672 1682 conspectu
2705 1615 2824 1683 ejus
2860 1614 3082 1669 facturae
3128 1614 3238 1669 sint
3278 1624 3402 1685 post
3428 1630 3559 1669 con-

1980 1706 2285 1761 versionem
2344 1705 2611 1760 universze
2669 1706 2887 1759 familiae
2947 1708 3188 1777 gentium
3232 1726 3245 1760 :
3296 1722 3393 1775 pro
3449 1722 3559 1777 quo

1984 1796 2343 1869 Symmachus
2364 1806 2416 1852 et
2436 1796 2651 1867 Aquila,
2672 1798 2925 1852 universa:
2948 1802 3280 1867 cognationes
3301 1801 3555 1870 gentium,

1980 1889 2304 1957 ediderunt,
2355 1897 2409 1945 et
2465 1890 2699 1960 quidem‘
2742 1889 3032 1946 admodum
3092 1901 3367 1946 accurate.
3427 1894 3560 1958 Quae

1978 1982 2175 2037 etenim
2232 1981 2382 2036 natio
2430 1996 2540 2035 non
2593 1982 2804 2051 aliquas
2854 1981 3208 2051 cognationes
3256 1980 3453 2036 habeat
3491 1982 3558 2036 ad

1979 2073 2150 2128 Deum
2204 2074 2583 2129 universorum
2636 2073 2965 2129 conversas?
2997 2072 3129 2144 Quae
3182 2072 3394 2135 civitas,
3436 2074 3557 2141 quis

1980 2165 2156 2231 locus,
2208 2179 2329 2234 quae
2378 2164 2574 2219 domus
2623 2180 2732 2218 non
2781 2165 3063 2234 quospiam
3116 2163 3306 2218 saltem
3358 2162 3559 2216 habent

1979 2253 2090 2309 Deo
2142 2260 2453 2323 segregatos
2494 2261 2547 2307 et
2584 2254 2821 2309 electos?
2865 2254 2985 2319 Quo
3027 2262 3187 2323 pacto
3228 2260 3407 2307 autem
3452 2252 3558 2305 illa:

1979 2346 2330 2415 cognationes
2351 2330 2591 2414 gentium
2623 2344 3130 2426 oblivionemjllam
3160 2359 3314 2401 suam
3344 2344 3559 2415 deposi-

1977 2444 2114 2491 ture
2144 2437 2274 2501 sint,
2304 2447 2357 2492 et
2382 2423 2746 2492 recordatum
2776 2436 2946 2492 Deum
2979 2437 3390 2504 universorum;
3423 2452 3561 2507 quo-

1978 2529 2141 2585 modo
2167 2529 2295 2585 item
2320 2528 2672 2586 convertendi
2712 2529 2787 2585 ad
2824 2544 2951 2584 eum
2994 2530 3103 2585 sint
3143 2529 3383 2585 universi
3419 2529 3557 2585 ﬁnes

1977 2631 2172 2691 terrae;
2203 2623 2305 2679 sub
2348 2624 2465 2679 haec
2511 2624 2745 2695 explicat
2778 2624 2863 2679 bis
2902 2623 3082 2678 Verbis
3113 2641 3127 2677 :
3158 2622 3403 2693 quoniam
3444 2622 3557 2678 Dc-

1980 2717 2110 2771 mini
2147 2724 2225 2771 est
2263 2733 2501 2787 regnum,
2541 2726 2591 2771 et
2636 2718 2745 2785 ipse
2790 2716 3097 2773 dominatur
3125 2710 3376 2786 gentium.
3418 2712 3555 2768 Nam

1978 2808 2073 2880 qui
2105 2808 2233 2862 olim
2269 2807 2568 2865 dominium
2601 2808 2920 2863 obtinebant
2945 2808 3220 2863 damones
3248 2813 3410 2876 atque
3440 2805 3557 2859 dia-

1978 2899 2163 2966 bolus,
2188 2900 2301 2968 jam
2335 2900 2577 2970 abrogati
2628 2907 2788 2963 sunt;
2832 2914 2896 2953 ac
2948 2900 3122 2954 solum
3161 2899 3405 2955 omnium
3446 2896 3555 2954 De-

1980 2992 2112 3045 miui
2136 2990 2231 3045 Dei
2256 3006 2484 3061 regnum
2507 2992 2669 3061 viget.
2702 2990 2904 3047 Ordine
2936 2992 3104 3063 igitur
3129 3005 3191 3045 ac
3214 2974 3558 3062 consequem-

1978 3081 2057 3135 tia
2085 3088 2265 3137 sermo
2307 3089 2549 3149 constat;
2582 3097 2709 3138 nam
2740 3099 2864 3139 cum
2900 3084 3074 3153 primo
3105 3082 3353 3147 dixisset,
3389 3083 3554 3136 remi-

1979 3172 2276 3239 niscentur;
2332 3174 2609 3242 secundo,
2662 3183 3064 3239 convertentur;
3120 3173 3279 3229 tertio
3334 3172 3556 3228 demum

1980 3265 2187 3336 adjicit,
2221 3266 2536 3323 adorabunt.
2572 3266 2699 3323 Haec
2728 3282 2893 3337 porro
2925 3266 3108 3327 omnia
3134 3266 3402 3332 evenient,
3433 3279 3558 3333 quo-

1978 3357 2125 3417 niam
2156 3357 2370 3415 Domini
2398 3368 2475 3414 est
2505 3373 2740 3428 regnum,
2768 3366 2818 3411 et
2844 3357 2952 3426 ipse
2974 3355 3278 3411 dominatur
3301 3355 3551 3426 gentium.

2048 3532 2214 3590 Vens;
2250 3534 2340 3598 '50,
2378 3534 2465 3587 '51.
2506 3532 2955 3587 Manducaverunt
2978 3541 3025 3585 et
3064 3531 3413 3584 adoraverunt
3442 3547 3557 3585 om—

1978 3641 2065 3679 nes
2096 3624 2309 3694 pingues
2344 3632 2528 3687 terra;
2566 3623 2620 3677 in
2667 3630 2942 3690 conspectu
2989 3621 3102 3688 eius
3146 3618 3331 3674 cadent
3378 3637 3554 3676 omnes

1975 3716 2065 3785 qui
2088 3712 2404 3768 descendunt
2432 3713 2486 3767 in
2520 3721 2733 3768 terram.
2764 3712 2831 3767 Et
2860 3714 3040 3767 anima
3071 3728 3183 3765 mea
3215 3711 3298 3764 illi
3329 3710 3472 3775 vivit,
3505 3721 3554 3765 et

1976 3800 2145 3861 semen
2197 3820 2368 3858 meum
2422 3806 2606 3859 serviet
2648 3806 2768 3874 ipsi.
2839 3804 3079 3875 Singulis
3136 3802 3555 3857 resurrectionis

1978 3894 2277 3952 Salvatoris
2310 3894 2483 3949 nostri
2521 3894 2733 3957 diebus,
2769 3886 2891 3963 quae
2935 3891 3227 3948 Dominicaa
3257 3899 3545 3953 vocantur.

1976 3976 2109 4061 ipsis
2143 3988 2314 4044 oculis
2361 4003 2583 4045 cernere
2609 3993 2713 4042 .est
2764 4002 2859 4041 eos
2904 3985 2997 4055 qui
3039 3997 3255 4039 sacrum
3288 3982 3470 4037 cibum
3495 3992 3549 4038 et

1976 4064 2211 4137 salutare
2234 4095 2433 4150 corpus
2457 4078 2752 4148 accipiunt,
2785 4084 2908 4147 post
2940 4075 3116 4146 ipsum
3158 4073 3557 4141 esum,vivilici

1976 4172 2218 4228 alimenti
2258 4172 2568 4242 largitorem
2603 4177 2658 4225 et
2693 4183 2943 4240 promum
2981 4167 3230 4237 adorare,
3262 4173 3425 4237 atque
3450 4169 3553 4221 mi.-

1976 4260 2087 4314 rari
2106 4260 2395 4315 verborum
2415 4259 2725 4329 hujusmodi
2747 4270 3020 4321 eventum,
3038 4264 3094 4312 et
3115 4271 3172 4311 re
3191 4265 3360 4326 gesta,
3375 4256 3554 4326 quoad

1976 4350 2274 4421 planiorem
2322 4351 2453 4405 dicti
2493 4349 2847 4413 sententiam,
2888 4348 3167 4417 impletum
3214 4345 3551 4400 vaticinium.

1976 4440 2109 4513 Ejus
2137 4452 2317 4500 autem
2336 4444 2478 4509 loco,
2506 4442 2722 4511 pingues
2754 4450 2927 4504 terrae,
2955 4436 3553 4507 Symmachus.sagina-

1979 4545 2061 4590 tos
2092 4530 2281 4599 terra,
2337 4535 2728 4605 interpretatus
2754 4538 2873 4605 est.
2920 4528 3123 4600 llisque
3175 4527 3483 4583 indicantur
3516 4529 3555 4582 ii

306 4625 336 4728 ξ
366 4621 678 4728 ξύμμαχος,
716 4620 1069 4728 ρδλιπίίροὶ.
1090 4627 1201 4695 τῆς
1420 4603 1778 4699 Σημασίνονται
1820 4629 1876 4681 δὲ
1910 4670 1944 4728 n

1980 4627 2073 4697 qui
2092 4642 2155 4682 ex
2174 4626 2380 4708 caelesti
2403 4603 2549 4686 cibo,
2566 4603 2963 4692 opima'mentis
2988 4620 3304 4676 habitudine
3334 4635 3399 4676 ac
3420 4620 3554 4689 viri.-

305 4710 396 4766 διὰ
425 4711 629 4766 τούτων
681 4713 732 4765 οἱ
779 4714 845 4768 ἐκ
888 4715 989 4784 τῆς
1017 4716 1266 4787 οὐρανίου
1318 4717 1526 4789 τροφῆς
1577 4718 1676 4783 τὰς
1708 4718 1879 4789 ψυχὰς
1910 4710 1944 4728 ’³

1986 4721 2088 4775 bus
2117 4718 2319 4775 valent.
2342 4716 2447 4773 Sed
2479 4717 2533 4771 hi
2561 4714 2779 4785 quidem
2808 4713 3254 4770 manducauerunt
3278 4723 3326 4767 et
3357 4713 3554 4768 adora-'-

307 4803 598 4874 εὐτραφεῖς
624 4802 718 4855 καὶ
741 4802 1047 4873 ρωμαλέοικ
1072 4804 1213 4861 Ἀλλ’
1238 4802 1381 4862 οὗτοι
1413 4808 1509 4878 μὲν
1535 4808 1761 4876 ἔφαγον
1784 4807 1881 4862 καὶ
1914 4804 1939 4887 A‘

308 4897 799 4969 προρεκύνησαν.
863 4893 1078 4966 Ἐπειδὴ
1129 4898 1186 4951 δὲ
1239 4899 1319 4953 δεῖ
1361 4898 1506 4969 αὐτῷ
1554 4898 1675 4953 πᾶν
1726 4902 1875 4969 γόνυ

308 4986 544 5058 κάμψαι
574 4972 947 5055 ἐπουρανίων
989 4988 1087 5043 καὶ
1134 4991 1408 5062 ἐπιγείων
1444 4994 1542 5048 καὶ
1591 4999 1876 5063 καταχθο-

305 5080 499 5143 νίων..
526 5080 754 5142 εἰκότως
788 5079 917 5150 ἑξῆς
958 5070 1313 5137 ἐπισυνάπτει
1358 5085 1555 5154 λέγων·
1599 5084 1876 5139 Ἑνώπιον

306 5167 495 5221 αὐτοῦ
531 5169 1021 5237 προσπεσοῦνται
1058 5170 1280 5237 πάντες
1326 5178 1381 5228 οἱ
1420 5174 1875 5242 καταϐαίνοντες

309 5256 398 5324 εἰς
426 5258 577 5327 γῆν·
616 5262 733 5316 ἀνθ’
778 5255 839 5317 06
873 5263 903 5316 ὁ
953 5264 1051 5333 μὲν
1093 5262 1354 5328 Ἀκύλας·
1410 5270 1515 5334 Εἰς
1558 5268 1880 5335 πρόσωπον

308 5349 497 5403 αὐτοῦ
550 5351 862 5421 mimicum
909 5353 1130 5421 πάντες
1173 5357 1226 5409 οὶ
1282 5358 1741 5424 καταϐαίνοντες
1793 5363 1880 5427 εὶς
1902 5361 1914 5371 ’

313 5440 489 5512 χοῦν,
517 5442 799 5499 ἐκδέδωκε.
828 5446 1021 5514 Σαφῶς
1048 5448 1105 5501 δὲ
1136 5448 1220 5502 διὰ
1251 5448 1452 5503 τούτων
1479 5451 1573 5504 καὶ
1608 5452 1667 5506 τὸ
1696 5452 1880 5524 σχῆμα

311 5533 422 5588 τῶν
445 5534 573 5604 γόνυ
597 5533 885 5615 κλινόντων
920 5539 977 5591 ὲν
1001 5541 1066 5609 τῇ
1110 5540 1401 5612 Ἐκκλησία
1426 5539 1530 5594 τοῦ
1573 5541 1710 5597 Θεοῦ
1745 5562 1884 5616 παρ-

317 5625 551 5691 ισταται,
577 5624 635 5680 ιν
657 5618 909 5701 ᾖγόνατα
964 5629 1259 5698 κλίναντες,
1299 5635 1390 5708 καλ.
1421 5632 1490 5686 τὰ
1534 5634 1759 5705 μέτωπα
1803 5638 1883 5699 εἰς

316 5715 426 5787 γῆν
452 5718 780 5789 ἐρείσαντες,
802 5719 988 5776 τοῦτον
1032 5728 1352 5795 προσκυνεῖν
1385 5725 1606 5781 εἰώθασι
1626 5728 1730 5783 ⁹τὸν
1758 5727 1884 5800 τρό-

392 5897 438 5933 ⁸⁸
474 5876 706 5970 Philipp.
745 5914 824 5967 tr,
844 5896 939 5956 .lO.

1985 4822 2184 4866 verunt.
2210 4809 2475 4876 Quoniam
2507 4822 2820 4877 vero‘opus
2861 4816 2945 4862 est
2991 4814 3050 4861 ut
3091 4806 3197 4876 ipsi
3241 4822 3390 4859 omne
3419 4822 3559 4875 genu

1980 4904 2224 4972 ﬂectatur
2246 4886 2549 4963 coelestium,
2576 4900 2899 4953 terrestrium
2921 4908 2970 4950 et
2992 4895 3408 4965 infernarum-9,
3431 4896 3553 4969 jure
3624 4950 3627 4953 λ

1981 4971 2163 5063 postea
2190 4990 2426 5056 additur,
2472 4978 2537 5043 in
2562 4976 2843 5059 conspectu}
2888 4987 3013 5056 ejus
3037 4986 3224 5041 cadent
3256 5001 3432 5039 omnes
3463 4990 3554 5055 qui

1981 5083 2296 5139 descendunt
2327 5084 2384 5137 in
2413 5093 2607 5138 terram
2648 5098 2664 5135 :
2708 5064 2807 5151 pro
2851 5094 2961 5149 quo
3009 5079 3225 5148 Aquila,
3255 5077 3313 5157 in
3350 5077 3551 5131 uultum

1980 5176 2091 5245 ejus
2120 5174 2327 5242 ﬂectent
2364 5190 2421 5228 se
2466 5189 2640 5233 omnes
2676 5170 2765 5239 qui
2814 5166 3129 5223 descendunt
3168 5166 3223 5217 in
3267 5163 3549 5231 pulverem.

1983 5266 2148 5334 Queis
2180 5264 2472 5322 manifeste
2504 5277 2692 5319 eorum
2731 5260 2823 5331 qui
2866 5259 2921 5314 in
2971 5255 3216 5312 Ecclesia
3250 5253 3347 5312 Dei
3374 5268 3550 5325 genua

1984 5357 2211 5411 ﬂectunt
2239 5370 2444 5411 morem
2473 5351 2716 5407 declarat
2745 5368 2758 5403 :
2792 5348 2867 5404 ibi
2913 5347 3056 5402 enim
3102 5357 3280 5415 genua
3327 5340 3553 5407 ﬂecte“.—

1984 5455 2088 5511 tes,
2119 5452 2281 5516 atque
2324 5437 2594 5500 frontibus
2629 5441 2744 5498 suis
2781 5448 2939 5505 terra:
2978 5436 3377 5497 incumbentes,
3408 5431 3554 5507 hunc

1986 5538 2245 5594 adorandi
2278 5528 2440 5601 ritum
2471 5542 2709 5602 servant.
2740 5526 2939 5585 Deinde
2982 5527 3256 5598 adjicitur.
3290 5522 3343 5578 et
3371 5523 3551 5581 anima

1986 5647 2101 5686 mea
2127 5630 2208 5684 illi
2238 5630 2385 5692 vivit,
2421 5636 2469 5680 et
2499 5640 2671 5680 semen
2705 5637 2875 5677 meum
2912 5619 3246 5690 servietjpsi.
3279 5614 3412 5684 Quae
3438 5618 3555 5676 cla,

1988 5726 2127 5793 rius.
2169 5718 2549 5796 Symmachus.
2576 5718 2691 5773 hau:
2745 5729 2883 5789 una;
2907 5712 3168 5784 copulatis
3225 5710 3549 5783 interprets,
