4302 6458
745 517 850 572 215
958 480 962 488 1
1384 511 1650 568 EUSEBII
1688 507 2169 565 CESARIENSIS
2207 503 2359 562 OPP.
2398 500 2580 557 PARS
2622 499 2710 554 Ill.
2749 527 2818 540 -ο
2848 493 3246 553 EXEGETICA.
3881 487 3996 547 216

747 640 858 695 tur,
891 638 1011 683 ante
1038 628 1206 698 ipsum
1244 642 1409 697 genua
1450 625 1654 693 ﬂectent
1683 641 1857 678 omnes
1884 624 1970 693 qui
2004 619 2319 676 descendunt

2384 666 2394 688 λ
2421 632 2540 669 πον.
2566 609 2680 667 Εἶθ’
2711 612 2837 683 ἑξῆς
2866 610 3078 682 εἴρηται
3096 625 3110 642 ο
3139 608 3247 662 Καὶ
3274 608 3313 677 ἠ
3344 606 3513 677 ψυχή
3543 622 3657 671 μου
3702 601 3860 669 αὐτῷ
3885 598 3956 670 ζῆ
3976 613 3995 630 ⁸

746 724 802 777 in
858 729 1094 774 terram:
1145 717 1293 786 cujus
1342 717 1521 769 anima
1544 716 1692 778 vivet,
1740 731 1913 768 semen
1966 722 2138 767 autem
2189 710 2317 765 colet

2418 707 2517 761 καὶ
2556 706 2622 760 τό
2653 703 2889 773 σπέρμα
2923 719 3040 772 μου
3076 700 3394 753 δουλεύσει
3416 696 3592 763 αὐτῷ.
3631 698 3695 751 Ὃ
3733 694 3796 768 δὴ
3826 692 4000 762 σαφέ-

745 815 939 877 ipsum.
981 810 1061 864 illi
1108 824 1319 871 omnes,
1354 806 1559 877 inquit,
1613 806 2029 876 procumbentes
2060 811 2113 858 et
2145 816 2320 873 genua

748 905 1020 959 ﬂectentes
1049 904 1374 966 adorabunt,
1407 900 1605 971 quibus
1626 914 1751 969 spes
1784 904 1869 952 est
1916 905 1971 950 ut
2013 897 2193 949 anima
2237 893 2320 947 vi-

746 1004 857 1065 vat,
886 1004 939 1051 et
965 1011 1198 1067 quorum
1233 1009 1417 1049 semen
1440 993 1581 1048 colet
1609 975 1816 1061 ipsum:
1844 987 1999 1056 Quod
2025 990 2069 1043 si
2102 987 2227 1057 quis
2254 1000 2319 1040 ex

746 1106 978 1162 persona
1041 1088 1340 1143 Salvatoris
1393 1086 1506 1140 haec
1567 1084 1716 1138 dicta
1757 1082 1888 1138 velit
1941 1081 2224 1149 excipere,
2268 1087 2320 1133 et

748 1186 927 1239 anima
965 1182 1081 1237 mea
1112 1180 1193 1233 itii
1226 1179 1367 1245 vivit,
1412 1176 1710 1232 secundum
1742 1173 2048 1228 versionem
2076 1168 2319 1247 ‘Septua-

747 1277 892 1345 ginta
936 1271 1324 1342 lnterpretum;
1378 1276 1432 1323 et
1484 1267 1653 1331 illud,
1698 1281 1867 1321 semen
1919 1263 2089 1317 meum
2136 1261 2320 1315 serviet

749 1368 883 1435 ipsi;
914 1368 961 1422 is
992 1364 1137 1419 dicat
1172 1364 1287 1418 haec
1327 1379 1356 1417 a
1395 1360 1678 1415 Salvatore
1718 1356 2083 1429 pronuntiari,
2114 1354 2207 1425 qui
2236 1362 2319 1428 to-

750 1474 863 1513 .um
894 1458 1039 1513 bune
1061 1458 1328 1527 psalmum
1359 1454 1425 1509 de
1454 1452 1692 1523 qualibet
1730 1450 1909 1504 anima
1948 1447 2051 1504 sibi
2083 1444 2316 1511 addicta,

750 1544 955 1604 necnon
984 1549 1051 1603 de
1069 1546 1276 1603 semine
1306 1560 1427 1608 suo,
1445 1542 1749 1614 protulerit.
1778 1538 1971 1594 Semen
2000 1543 2180 1591 autem
2201 1534 2319 1605 ejus

748 1640 1019 1710 quodnam
1051 1653 1175 1694 esse
1203 1637 1433 1699 dixeris,
1458 1634 1561 1690 nisi
1599 1649 1694 1689 eos
1722 1631 1815 1704 qui
1844 1632 1946 1702 ipsi
1977 1646 2072 1701 per
2098 1642 2322 1701 genera-

749 1735 950 1789 tionem
978 1731 1214 1802 Spiritus
1247 1729 1419 1785 sancti
1456 1728 1549 1782 ﬁlii
1583 1727 1688 1783 orti
1726 1732 1897 1792 sunt;
1930 1724 2025 1795 qui
2058 1736 2181 1777 cum
2218 1719 2322 1774 Pa-

748 1836 887 1880 trem
946 1824 1065 1891 ejus
1116 1824 1403 1889 coluerint,
1456 1828 1715 1877 :eternam
1763 1833 1826 1873 ac
1882 1817 2099 1873 beatam
2153 1814 2319 1869 vitam

749 1925 1176 1987 consequentur.

2422 817 2607 872 στερον
2630 800 2971 871 ήρμήνευσεν
2997 796 3026 848 ὁ
3050 796 3342 864 Σύμμαχος
3376 790 3618 872 συνάψας
3650 789 3743 843 καὶ
3784 786 3955 841 εἰπών
3976 800 3993 817 ⁸

2424 870 2799 961 Ἐμπροσθεν
2824 888 3010 943 αὐτοῦ
3040 885 3416 940 ὀκλάσουσιν
3437 870 3696 947 ἅπαντες
3720 883 3774 935 οὶ
3812 894 3999 954 κατα-

2420 986 2724 1049 ϐαίνοντες
2755 984 2842 1047 είς
2875 980 3076 1035 κόνιν’
3114 972 3184 1034 οὗ
3227 978 3265 1046 ἠ
3308 973 3478 1045 ψυχὴ
3513 972 3708 1039 ζήσει,
3751 970 3996 1038 σπέρμα

2419 1078 2487 1131 δὲ
2515 1076 2827 1144 λατρεύσει
2853 1070 3031 1137 αὐτῷ.
3059 1070 3264 1132 Πάντες
3283 1066 3391 1137 γὰρ
3413 1065 3585 1127 αὐτοὶ,
3613 1063 3795 1133 φησὶν,
3825 1060 3994 1115 όκλά-
4064 1094 4069 1099 ο

2423 1183 2645 1231 σαντες,
2703 1165 2795 1218 καὶ
2838 1164 2966 1233 γόνυ
3025 1160 3304 1224 κλίναντες
3357 1155 3854 1230 προσκυνήσουσιν·
3912 1145 3993 1205 ὧν

2420 1261 2575 1324 ἐλπὶς
2600 1258 2858 1331 ζήσεσθαι
2882 1259 2979 1329 τὴν
3001 1256 3200 1327 ψυχὴν,
3227 1254 3320 1307 καὶ
3343 1245 3414 1305 ὧν
3433 1251 3494 1305 τὸ
3520 1249 3738 1320 σπέρμα
3764 1244 3996 1319 λατρεύ-

2424 1370 2503 1405 σει
2532 1349 2699 1420 αύτῷ.
2728 1350 2791 1403 Εἰ
2831 1349 2888 1401 δὲ
2926 1350 2991 1401 ὲκ
3022 1346 3310 1419 προσώπου
3341 1342 3431 1397 τοῦ
3460 1342 3707 1411 λέγοντος
3738 1338 3996 1409 Σωτῆρος

2423 1441 2664 1514 βούλοιτό
2684 1457 2767 1503 τις
2798 1437 3027 1492 ἀκοῦσαι
3057 1438 3145 1491 τό’
3179 1438 3290 1491 Καὶ
3319 1438 3358 1505 ἠ
3381 1434 3549 1504 ψυχή
3578 1449 3695 1501 ⁶ιιου
3722 1428 3881 1495 αὺτῷ
3900 1426 3992 1495 (ﬁ,

2421 1533 2561 1587 κατὰ
2614 1533 2711 1604 τὴν
2766 1532 2875 1585 τῶν
2942 1529 3338 1600 Ἐϐδομήκοντα
3383 1524 3709 1597 ἑρμηνείαν
3757 1520 3871 1586 καὶ,
3918 1516 3992 1573 Τὸ

2420 1626 2656 1696 σπέρμα
2689 1642 2813 1695 μου¹
2837 1610 3153 1678 δουλεύσει
3185 1620 3373 1686 αὑτῷι
3422 1618 3565 1672 εἴποι
3595 1615 3661 1671 ἂν
3702 1612 3883 1668 ταῦτα.
3899 1609 3992 1663 λὲο

2420 1716 2607 1786 γεσθαι
2639 1716 2743 1769 ὑπὸ
2782 1711 2875 1768 τοῦ
2912 1713 3181 1784 Σωτῆρος,
3227 1710 3413 1764 τοῦτον
3454 1709 3630 1763 πάντα
3668 1704 3756 1759 τὸν
3780 1699 3995 1773 ψαλμὸν

2418 1808 2702 1874 διεξιόντος
2727 1806 2855 1877 περὶ
2893 1806 3072 1877 πάσης
3104 1803 3283 1874 ψυχῆς
3311 1801 3458 1873 αύτῷ
3486 1796 3867 1869 ἀνακειμένης,
3896 1790 3994 1845 καὶ¹

2422 1898 2666 1973 περὶτοῦ
2694 1896 2860 1951 αὐτοῦ
2891 1895 3221 1968 σπέρματος.
3254 1893 3482 1965 Σπέρμα
3525 1892 3591 1970 δὲ,
3628 1885 3790 1943 αὐτοῦ
3832 1884 3882 1938 τί
3922 1882 3995 1936 ἂν

748 2009 973 2081 εἴποιςῆ
1017 2010 1141 2072 τοὺς
1167 2008 1254 2062 διὰ
1285 2016 1587 2077 γεννήσεως
1618 2010 1770 2073 ἁγιυυ
1815 2002 2126 2074 ιινεύματος
2176 1995 2534 2068 γεννωμένους
2572 1989 2719 2059 αὐτῷ
2744 1988 2910 2051 υἱοὺς,
2934 1986 2983 2039 οἶ
3006 1986 3097 2039 καὶ
3126 1984 3505 2049 δουλεύσαντες
3527 1982 3604 2054 τῷ
3630 1978 3792 2035 αὑτοῦ
3815 1977 3993 2046 Πατρὶ

748 2101 845 2171 τῆς
866 2098 1204 2164 αἰωνίου-καὶ
1235 2096 1508 2168 μακαρίας
1533 2094 1679 2164 ζωῆς
1710 2092 2056 2164 μεθέξουσιν;

819 2191 982 2245 Vens.
1021 2189 1110 2245 52.
1159 2186 1577 2266 Annuntiabitur
1624 2184 1849 2238 Domino
1890 2182 2154 2254 generatio
2201 2196 2322 2235 ven-

2384 2182 2396 2232 ι
2504 2164 2991 2235 Ἄναγγελήσεται
3032 2160 3112 2228 τῷ
3161 2161 3355 2229 Κυρίῳ
3385 2174 3557 2242 Terea
3610 2175 3643 2226 η
3677 2166 3990 2229 ερχομένη,

750 2296 894 2353 tura,
918 2296 967 2338 et
1007 2280 1396 2336 annuntiabunt
1428 2278 1545 2333 caeli
1570 2277 1839 2348 justitiam
1862 2276 1974 2347 ejus
2011 2273 2201 2344 populo
2231 2271 2320 2341 qui

749 2384 1011 2436 nascetur,
1039 2388 1190 2442 quem
1234 2368 1354 2438 fecit
1402 2367 1680 2423 Dominus.
1725 2365 2023 2435 Postquam
2068 2360 2322 2415 Servator

749 2482 933 2522 semen
962 2479 1121 2521 suum
1152 2462 1474 2518 memoravit
1511 2460 1597 2515 his
1624 2458 1828 2523 verbis,
1868 2465 1917 2511 et
1950 2469 2122 2508 semen
2149 2466 2321 2504 meum

748 2560 930 2615 serviet
954 2560 1078 2629 ipsi,
1102 2554 1377 2628 quodnam
1412 2551 1545 2606 illud
1580 2565 1767 2606 semen
1813 2548 1883 2603 sit
1928 2545 2096 2617 probe
2127 2540 2318 2613 aperit,

746 2668 871 2709 cum
917 2649 1325 2723 generationem
1368 2652 1676 2708 venturam,
1722 2650 1776 2698 et
1814 2639 2072 2712 p0pnlum
2104 2636 2194 2708 qui
2224 2650 2321 2689 na—

747 2721 940 2797 scetur
962 2741 1371 2793 commemorat.
1408 2721 1871 2801 Qucmadmoduin
1919 2730 2062 2786 enim
2090 2741 2211 2799 qua:
2240 2726 2323 2797 gi-

750 2838 992 2903 gnuntur
1021 2846 1085 2884 ex
1116 2829 1321 2885 semine
1372 2827 1584 2882 initium
1626 2823 1925 2883 exsistendi
1967 2823 2193 2888 ducunt,
2227 2834 2322 2875 eo-

748 2923 869 2977 dem
901 2936 1126 2993 prorsus
1160 2920 1325 2977 modo
1349 2919 1691 2976 nasciturum
1720 2916 1980 2988 p0pulum
2010 2923 2064 2970 et
2094 2928 2320 2984 genera-

751 3019 953 3072 tionem
980 3022 1287 3078 venturam,
1318 3028 1515 3069 novam
1550 3011 1761 3068 scilicet
1806 3024 1870 3063 ac
1920 3016 2216 3072 recentem,
2254 3022 2321 3061 ex

750 3110 900 3165 nullo
932 3108 1146 3164 initium
1183 3113 1532 3177 accepturam
1581 3103 1841 3168 declarat,
1893 3102 1998 3156 nisi
2042 3116 2111 3155 ex
2156 3098 2322 3153 ratio-

751 3202 858 3256 nali
901 3202 1109 3257 semine
1157 3214 1279 3262 suo,
1307 3196 1450 3266 quod
1489 3197 1607 3264 ipse
1644 3208 1886 3265 praesens
1922 3207 2019 3262 per
2048 3191 2322 3261 apostolos

751 3294 806 3347 in
859 3300 1006 3348 terra
1059 3289 1466 3354 disseminabat,
1486 3288 1743 3343 videlicet
1797 3284 2050 3355 spiritum
2079 3283 2324 3352 adoptio-

751 3387 858 3442 nis.
916 3383 1061 3439 Loco
1105 3382 1289 3448 illius,
1343 3378 1744 3434 annuntiabitur
1788 3376 2013 3430 Domino
2057 3373 2323 3445 generatio

753 3488 993 3544 ventura,
1016 3478 1213 3530 mirum
1242 3475 1298 3529 in
1336 3473 1557 3528 modum
1599 3470 1975 3545 Symmachus,
2003 3466 2324 3522 describetur

755 3574 808 3627 in
858 3571 992 3626 libro
1036 3570 1277 3626 Domino.
1331 3566 1597 3623 Futurum
1645 3572 1763 3622 erat
1808 3572 1868 3620 ut
1910 3562 2324 3619 annuntiaretur

756 3664 1043 3735 generatio.
1061 3669 1285 3718 ventura
1310 3679 1325 3729 ;
1357 3660 1491 3730 quin
1516 3659 1679 3714 etiam
1712 3656 1944 3711 Domino
1972 3667 2327 3710 consecrare-

756 3765 847 3810 tur
884 3757 1021 3812 liber
1051 3754 1347 3826 prophetia:
1385 3753 1453 3808 de
1499 3751 1850 3823 generatione
1899 3754 2131 3804 ventura
2163 3761 2227 3801 ac
2259 3745 2327 3800 de

758 3850 957 3919 populo
992 3849 1297 3905 nascituro.
1679 3896 1683 3903 .

770 3952 773 3955 Ἴ
918 3956 921 3959 ’
1144 3959 1370 4016 PSALM
1379 3957 1467 4015 US
1533 3954 1742 4011 DAVID
1799 3952 1970 4009 XXII.

828 4076 993 4132 Vens.
1031 4077 1085 4142 1,
1119 4076 1175 4131 2.
1208 4078 1463 4131 Dominus
1484 4072 1653 4143 pascit
1685 4086 1785 4134 me,
1817 4077 1867 4123 et
1898 4066 2031 4122 nihil
2065 4065 2195 4120 mihi
2229 4063 2323 4120 de-

757 4170 880 4237 erit,
909 4171 964 4224 in
995 4169 1109 4223 loco
1136 4177 1348 4237 pascua:
1376 4166 1447 4218 ibi
1490 4179 1571 4218 me
1598 4160 1892 4216 collocavit.
1941 4157 2110 4228 Super
2134 4173 2326 4228 aquam

758 4262 1056 4332 refectionis
1098 4258 1337 4314 educavit
1394 4271 1506 4319 me,
1538 4253 1770 4307 animam
1820 4265 1991 4306 meam
2050 4249 2322 4307 convertit.

762 4352 991 4406 Deduxit
1016 4368 1116 4405 me.
1150 4346 1344 4405 Ovium
1385 4344 1629 4400 conditio
1660 4358 1760 4400 ceu
1792 4344 2004 4400 medius
2044 4349 2219 4398 status
2242 4349 2325 4397 est

665 4476 674 4486 -
760 4445 903 4499 inter
946 4442 1309 4514 perfectorum
1361 4440 1739 4510 progressum,
1790 4445 1844 4491 et
1889 4449 2077 4492 eorum
2123 4441 2324 4503 statum

760 4536 854 4606 qui
886 4550 1011 4588 cum
1052 4536 1109 4587 in
1147 4529 1419 4602 profundo
1456 4528 1713 4599 nequitia:
1759 4526 2169 4598 provolvantur,
2203 4523 2325 4578 ideo

763 4624 1051 4694 reptilibus
1080 4622 1324 4692 ferisque
1346 4622 1653 4694 agrestibus
1697 4624 2108 4691 comparantur.
2140 4613 2327 4670 Perfe-

762 4725 887 4770 ctus
920 4727 1156 4782 namque
1202 4711 1286 4765 vir
1326 4712 1375 4768 is
1426 4712 1612 4781 fuerit,
1656 4712 1816 4783 cujus
1851 4710 2034 4765 anima
2083 4704 2148 4761 ad
2190 4705 2325 4759 ima-

765 4811 942 4880 ginem
980 4816 1035 4862 et
1077 4796 1487 4861 similitudinem
1512 4805 1607 4861 Dei
1639 4806 1803 4865 facta,
1839 4802 2087 4857 moribus
2116 4800 2181 4854 ad
2216 4797 2325 4853 vir-

2420 2259 2519 2312 καὶ
2548 2256 2950 2326 ἀναγγελοῦσι
2973 2253 3086 2323 τὴν
3110 2252 3507 2318 δικαιοσύνην
3542 2236 3727 2305 αὐτοῦ
3755 2250 3883 2317 ,ιιιῷ
3910 2252 3993 2318 τῷ

2421 2347 2858 2417 τεχθησομένῳ,
2881 2346 2954 2399 ὃν
2972 2346 3262 2413 ἐποίησεν
3284 2347 3316 2398 ὅ
3338 2344 3573 2411 Κύριος.
3604 2342 3992 2415 Προονομάσας

2424 2442 2647 2512 σπέρμα
2673 2436 2835 2492 αὑτοῦ
2870 2440 2898 2490 ό
2920 2437 3109 2509 Σωτὴρ
3140 2438 3195 2489 ὲν
3227 2435 3335 2507 τῷθ
3365 2434 3473 2513 Καὶ
3502 2435 3567 2489 τό
3597 2434 3835 2505 σπέρμα
3870 2453 3989 2505 μου

2421 2532 2739 2586 δουλεύσει
2769 2528 2952 2595 αὐτῷ·
2982 2528 3035 2583 τί
3064 2544 3191 2582 ’ποτε
3225 2528 3310 2600 εἴη
3335 2526 3490 2581 τοῦτο
3510 2527 3571 2581 τὸ
3622 2525 3841 2599 σπέρμα
3878 2527 3993 2580 δια-

2424 2627 2605 2696 σαφεῖ,
2635 2622 2826 2694 γενεὰν
2859 2622 3160 2694 ἐρχομένην
3195 2622 3473 2693 ὀνομάζων
3513 2620 3608 2675 καὶ
3634 2618 3762 2676 λαδν
3799 2620 3993 2693 τεχθη-

2425 2719 2667 2789 σόμενον.
2703 2716 2912 2786 ’Ὠσπερ
2938 2714 3046 2786 γὰρ
3071 2714 3139 2767 τὰ
3167 2713 3497 2785 γεννώμενα,
3528 2714 3635 2768 ἀπὸ
3663 2714 3992 2787 σπερμάτων

2421 2806 2518 2879 τὴν
2547 2806 2720 2878 ἀρχὴν
2750 2804 3226 2875 τῆςύποστάσεως
3256 2804 3541 2875 λαμϐάνει,
3566 2805 3657 2859 τὸν
3679 2805 3840 2860 αὐτὸν
3866 2806 3993 2879 τρό-

2424 2915 2523 2951 πον
2546 2896 2635 2950 τὸν
2657 2894 3048 2968 τεχθησόμενον
3082 2892 3209 2947 λαὸν
3247 2895 3339 2947 καὶ
3372 2894 3470 2966 τὴν
3510 2894 3868 2966 ἐλευσομένην
3893 2912 3990 2965 γε-

2424 2995 2567 3059 νεὰν,
2601 2994 2725 3048 νέαν
2756 2988 2917 3047 οὖσαν
2965 2992 3059 3045 καὶ
3110 2991 3300 3063 καινὴν
3322 3031 3335 3055 ,
3378 2987 3675 3060 οὐδαμόθεν
3721 2987 3861 3054 ἕξειν
3891 2986 3991 3058 τὴν

2423 3086 2596 3159 ἀρχὴν
2623 3086 2949 3157 παρίστησιν
2968 3083 3080 3136 ἀλλ’
3106 3083 3139 3153 ἢ
3170 3083 3234 3135 ὲκ
3262 3082 3370 3136 τῶν
3392 3080 3554 3134 αὐτοῦ
3577 3080 3806 3149 λογικῶν
3829 3096 3993 3149 σπερ-

2428 3176 2631 3247 μάτων,
2656 3168 2730 3229 ὧν
2764 3176 2856 3228 ἐπὶ
2884 3175 2987 3244 γῆς
3013 3173 3202 3245 παρὼν
3228 3172 3587 3227 κατεϐάλλετο
3611 3171 3700 3225 διὰ
3723 3171 3831 3223 τῶν
3857 3171 3992 3223 ἀπο-

2427 3265 2624 3319 στόλων
2649 3264 2835 3329 αύτοῦ,
2856 3264 2916 3331 τὸ
2944 3264 3158 3335 πνεῦμα
3179 3265 3277 3335 τῆς
3297 3263 3584 3325 υἱοθεσίας.
3615 3262 3757 3313 Ἀντί
3783 3261 3837 3314 δὲ
3859 3260 3952 3315 τοῦ
3971 3277 3988 3293 ο

2439 3356 2927 3427 Ἁνατγελήσεται
2958 3354 3039 3421 τῷ
3058 3355 3252 3423 Κυρίῳ
3271 3354 3444 3423 γενεὰ
3462 3354 3501 3422 ἡ
3527 3350 3836 3421 ἐρχομένη.
3863 3353 3993 3422 σφό-

2426 3448 2528 3521 δρα
2573 3446 2897 3520 θαυμαστῶς
2939 3446 2968 3500 ό
3011 3446 3337 3518 Σύμμαχοςο
3393 3443 3887 3515 Ἀναγραφήσεται
3924 3445 3996 3499 ἐν

2350 3513 2391 3572 C
2418 3513 2636 3608 ,ειελιφ
2679 3513 2759 3608 ἐῷ
2780 3540 3012 3609 Κυρίφ⁹
3041 3513 3146 3611 (ι).“
3179 3513 3448 3611 ’ἡμελλεν
3491 3513 3911 3608 ἀναγγέλλεσθαι
3957 3539 3990 3610 ή

2423 3631 2584 3701 γενεὰ
2627 3633 2659 3704 ἡ
2711 3632 3003 3705 ὲρχομένη’
3043 3630 3157 3686 ἀλλ’
3203 3628 3626 3701 ἀνατεθήσεσθαι
3676 3628 3753 3701 τῷ
3804 3629 3993 3702 Κυρίῳ

2425 3724 2603 3797 βίϐλος
2630 3728 2964 3799 προφητείας
2998 3726 3124 3797 περὶ
3160 3724 3262 3795 τῆς
3292 3726 3484 3794 γενεᾶς
3522 3726 3621 3796 τῆς
3672 3725 3990 3798 ἐρχομένης,

2424 3819 2517 3873 καὶ
2543 3819 2637 3873 τοῦ
2671 3818 3075 3891 τεχθησομένου
3100 3816 3230 3897 λαοῦ

2800 3952 3091 4007 ΨΑΛΜΟΣ
3130 3950 3217 4003 ΤΩ
3254 3949 3453 4002 ΔΔΥΙΔ
3491 3949 3620 4002 Kb'.

2494 4069 2711 4136 Κύριος
2741 4066 3033 4135 ποιμαίνει
3061 4080 3157 4133 με,
3184 4064 3280 4118 καί
3313 4063 3493 4119 οὐδέν
3520 4080 3598 4133 με
3633 4061 3990 4131 ὑστερήσει·
4024 4052 4028 4056 ’

2423 4162 2511 4226 είς
2546 4161 2737 4214 τόπον
2786 4157 2980 4227 χλόης
3036 4156 3165 4210 ἐκεῖ
3220 4172 3297 4226 με
3325 4146 3847 4227 ’κατεσκήνωσενίί
3894 4153 3993 4207 ἐπὶ

2424 4251 2641 4317 ὕδατος
2665 4248 3058 4316 ἀναπαύσεως
3080 4248 3362 4318 ἐξέθρεψέ
3378 4266 3454 4319 με
3467 4262 3482 4278 °
3504 4247 3619 4317 τὴν
3641 4246 3853 4317 ψυχήν
3874 4261 3994 4314 μου

2422 4342 2812 4410 ἐπέστρεψεν.
2855 4340 3152 4417 Ὠδήτησέ
3189 4357 3285 4410 με.
3332 4341 3487 4413 Μέση
3530 4339 3786 4409 τυγχάνει
3829 4337 3996 4391 κατά-

2425 4451 2613 4497 στασις
2637 4434 2669 4501 ἠ
2694 4432 2802 4486 τῶν
2827 4432 3111 4507 προϐάτων
3130 4433 3229 4504 τῆς
3254 4449 3314 4486 τε
3343 4431 3450 4485 τῶν
3472 4429 3690 4484 τελείων
3715 4427 3995 4499 προκοπῆς

2424 4526 2517 4580 καὶ
2540 4523 2648 4577 τῶν
2680 4529 2731 4575 ’ν
2754 4522 2899 4594 βυθῷ
2923 4524 3122 4586 κακίας
3148 4520 3392 4575 καλινδου
3402 4520 3594 4592 μένων,
3612 4519 3705 4572 καὶ
3730 4519 3818 4573 διὰ
3835 4517 3994 4572 τοῦτο

2423 4617 2673 4689 ἑρπετοῖς
2705 4616 2797 4668 uel.
2846 4614 3053 4688 θηρίοις
3106 4613 3318 4684 ἀγρίοις
3363 4602 3874 4683 παραϐαλλομένων.
3932 4609 3991 4662 '0

2427 4707 2526 4778 μὲν
2555 4704 2663 4777 γὰρ
2693 4705 2896 4771 τέλειος
2918 4704 3115 4774 γένοιτ’
3149 4703 3215 4758 ἂν
3258 4704 3289 4756 ὁ
3333 4702 3476 4758 κατὰ
3511 4704 3613 4775 τὴν
3658 4702 3844 4757 είκόνα
3896 4700 3990 4753 τοῦ

2424 4792 2559 4848 Θεοῦ
2588 4795 2683 4849 καὶ
2719 4794 2819 4867 τὴν
2856 4794 3117 4867 ὁμοίωσιν
3158 4792 3322 4847 αὑτοῦ
3367 4793 3467 4867 τὴν
3510 4788 3686 4865 ψυχὴν
3727 4793 3839 4854 τοῖς
3872 4790 3992 4844 κατ’

764 4896 1321 4969 ῑυιειηηεοηείηηιιιίε
1374 4895 1635 4966 insignita
1674 4900 1807 4953 est:
1853 4892 1945 4965 qui
1996 4889 2320 4951 Dominum,

2384 4881 2397 4929 ⁵
2425 4886 2622 4961 ἀρετὴν
2641 4889 2863 4960 τρόποις
2877 4886 3486 4958 κεχαρακτηρισμένοις·
3508 4886 3536 4938 ὁ
3555 4886 3647 4939 καὶ
3667 4882 3889 4955 βασιλέα
3902 4880 3994 4935 τὸν

766 5006 944 5061 regem
978 4991 1105 5055 sibi,
1140 5007 1250 5059 non
1280 4997 1586 5062 pastorem,
1627 4984 1897 5040 inscribit.
1945 4982 2049 5049 Qui
2088 4996 2218 5036 vero
2255 4996 2322 5036 ex

766 5082 1077 5151 hujusmodi
1111 5090 1254 5138 statu
1287 5082 1564 5150 delapsus,
1600 5086 1655 5133 et
1684 5075 1776 5147 qui
1809 5076 2030 5144 proprio
2057 5090 2119 5129 ac
2153 5073 2325 5131 libero

763 5174 1061 5229 voluntatis
1104 5172 1331 5227 arbitrio
1368 5171 1424 5225 in
1472 5169 1677 5226 ferinos
1728 5176 1909 5220 mores
1962 5171 2323 5219 commutatus

766 5272 871 5332 est,
899 5266 947 5320 is
974 5266 1169 5319 merito
1194 5278 1367 5333 equus
1390 5261 1731 5317 eﬂ‘eminatus
1753 5264 1998 5320 vocetur,
2024 5258 2136 5312 sive
2166 5258 2327 5327 lupus

766 5370 957 5425 rapax.
993 5352 1302 5409 Istiusmodi
1335 5360 1516 5406 autem
1541 5350 1810 5415 homines,
1843 5355 2144 5417 serpentes,
2176 5347 2330 5418 geni-

767 5448 914 5500 mina
945 5442 1253 5515 viperarum
1274 5485 1289 5509 ,
1326 5458 1548 5513 porcos,
1592 5457 1777 5505 canes,
1819 5441 2010 5511 vulpes
2043 5438 2327 5509 Scriptura

770 5537 909 5591 solet
944 5534 1234 5605 appellare.
1278 5532 1381 5599 Qui
1406 5548 1533 5587 vero
1561 5547 1626 5585 ex
1653 5530 1755 5584 hac
1785 5530 1985 5585 misera
2016 5528 2328 5582 conditione

772 5628 829 5681 in
863 5626 1141 5680 meliorem
1190 5638 1249 5679 se
1293 5624 1501 5693 frugem
1556 5622 1848 5691 recipiunt,
1896 5629 2013 5675 tum
2056 5620 2213 5690 quasi
2257 5618 2324 5673 ad

775 5718 1080 5787 ingressum
1115 5730 1179 5770 ac
1213 5715 1541 5770 vestibulum
1586 5713 1782 5770 divinat
1824 5710 2153 5783 cognitionis
2199 5725 2326 5781 pro—

776 5809 978 5883 gressi,
1009 5824 1137 5865 oves
1162 5810 1252 5866 Dei
1292 5812 1414 5881 jure
1449 5817 1833 5879 nuncupentur
1860 5827 1874 5863 :
1909 5808 1974 5862 ad
2002 5803 2321 5877 perfectiora

857 5948 936 6039 (ί).
959 5969 1014 6025 In
1049 5969 1311 6027 llcbruico
1338 5971 1552 6040 legitur,
1588 5952 1739 6028 uni?
1786 5976 1943 6026 120‘.

2428 4978 2650 5051 Κύριον,
2665 4979 2777 5034 ἀλλ’
2793 4980 2854 5033 οὐ
2871 4978 3105 5049 ποιμένα
3132 4972 3562 5053 ἐπιγραφόμενος
3580 4994 3593 5008 '
3616 4980 3645 5031 ό
3663 4976 3718 5029 δὲ
3745 4972 3993 5028 ἐκπεσὼν

2427 5071 2649 5144 ταύτης,
2671 5072 2728 5139 ἐξ
2756 5071 3208 5143 αύτοπροαιρέτου
3228 5071 3284 5125 δὲ
3305 5069 3633 5140 διαστροφῆς
3657 5067 3748 5119 ἐπὶ
3773 5065 3871 5136 τὴν
3898 5063 3995 5135 θη-

2433 5162 2593 5236 ριώδη
2614 5162 3029 5235 μεταϐεϐληκὼς
3051 5163 3184 5231 ἕξιν,
3208 5146 3371 5225 ἵππος
3392 5160 3704 5233 θηλυμανὴς
3726 5158 3995 5234 χρηματί-

2429 5272 2510 5309 σοι
2528 5257 2613 5323 ἂν,
2635 5256 2730 5311 καὶ
2748 5256 2909 5320 λύκος
2924 5256 3276 5328 ἀρπακτικός.
3299 5256 3488 5325 Ὀφεις
3513 5253 3589 5318 δὲ,
3607 5253 3701 5307 καὶ
3719 5253 3879 5323 γεννή
3888 5268 3993 5323 μα-

2426 5364 2496 5401 τα
2519 5348 2861 5419 ὲχιδνῶν,καὶ
2880 5350 3111 5422 χοίρους,
3128 5350 3223 5403 καὶ
3243 5347 3428 5413 κύνας,
3443 5347 3536 5401 καὶ
3556 5338 3844 5409 ἀλώπεκας
3867 5344 3996 5406 τοὺς

2426 5436 2699 5501 τοιούτους
2716 5437 2902 5493 εἴωθεν
2920 5438 3205 5512 ὀνομάζειν
3229 5440 3263 5509 ἠ
3284 5439 3492 5513 Γραφή.
3510 5439 3573 5492 Oi
3592 5437 3649 5492 δὲ
3674 5437 3738 5491 ὲκ
3756 5437 3857 5507 τῆς
3878 5451 3991 5488 τοι-

2430 5529 2600 5601 αύτης
2619 5529 3017 5596 καταπτώσεως
3038 5530 3458 5603 μεταϐάλλοντες
3475 5532 3566 5584 ἐπὶ
3586 5530 3688 5601 τὴν
3710 5528 3993 5600 κρείττονα

2432 5622 2779 5688 κατάστασιν,
2798 5624 2933 5689 τέως
2968 5612 3065 5697 μὲν
3097 5624 3245 5678 ὥσπε
3254 5642 3283 5696 ρ
3305 5627 3362 5679 ὲν
3390 5625 3716 5692 εἰσαγωγαῖς
3736 5619 3831 5675 καὶ
3857 5633 3992 5687 προ-

2433 5713 2615 5785 θύροις
2644 5716 2953 5787 γιγνόμενοι
2984 5712 3083 5789 τῆς
3115 5718 3255 5793 κατά
3279 5716 3412 5771 Θεὸν
3433 5715 3705 5785 γνώσεως,
3746 5706 3992 5782 πρόϐατα

2431 5805 2496 5860 ἂν
2546 5805 2767 5872 εἰκότως
2799 5806 3044 5878 κληθεῖεν
3073 5808 3239 5862 Θεοῦ·
3278 5806 3647 5879 προκόψαντες
3690 5802 3747 5857 δὲ
3794 5800 3888 5857 ἐπὶ
3929 5798 3992 5854 τι
