4302 6406
269 500 403 563 217

1446 497 1953 555 (ΞΟΜΜΕΝΤΛΒΙΑ
1992 498 2060 554 ΙΝ
2099 499 2444 560 PSALMOS.

3439 509 3546 565 218

272 621 630 696 τελειότερον,
658 594 949 695 ⁴ἀνθρωττοι
998 621 1448 696 χρηματίζουσιν.
1493 621 1621 675 Ὅτε
1650 638 1714 691 γε
1760 621 1879 694 μὴν

1969 632 2149 679 autem
2211 624 2499 695 provecti,
2562 623 2813 683 homines
2871 634 3163 682 vocantur.
3239 628 3322 684 llli
3381 645 3547 700 porro

276 711 527 785 πρόϐατα
554 714 936 786 τυγχάνουσιν⁹
961 714 1066 767 ὑπὸ
1105 713 1322 785 ποιμένι
1351 713 1430 784 τῷ
1469 713 1558 767 διά
1606 714 1863 786 Ἰεζεκιὴλ

274 803 571 877 δηλωθέντι
615 804 801 871 Δαυῖδ,
849 806 1097 859 τουτέστι
1126 806 1202 877 τῷ
1253 808 1315 859 ἐκ
1358 806 1671 878 σπέρματος
1702 807 1865 861 Δαυῒδ

275 898 494 970 Σιιηῆρι
530 898 690 971 ἡμῶν
734 899 828 952 καὶ
860 898 1115 971 Χριστῷ,
1174 898 1470 969 ἀγόμενοι,
1520 898 1864 953 διδάσκονται

276 991 462 1062 λέγειν
483 1010 495 1025 δ
521 994 737 1061 Κύριος
776 994 1070 1062 ποιμαίνει
1105 1009 1203 1062 με,
1228 990 1328 1045 καὶ
1359 990 1540 1045 οὐδέν
1578 1009 1650 1061 με
1688 995 1865 1047 ὑστε-

267 1084 475 1154 ρήσει.
496 1087 558 1140 υἱ
584 1084 641 1139 δὲ
671 1086 825 1139 αὐτοὶ
852 1087 951 1157 τῆς
978 1086 1170 1155 νοερᾶς
1198 1085 1292 1138 καὶ
1318 1083 1511 1155 καινῆς
1534 1085 1741 1156 τροφῆς
1772 1087 1866 1140 καὶ

278 1174 421 1239 πόας
460 1174 980 1247 ἀντιλαμϐανόμενοι
1012 1175 1113 1245 τῆς
1154 1176 1212 1228 ὲν
1251 1178 1365 1238 τοῖς
1411 1175 1575 1247 ἱεροῖς
1621 1176 1868 1246 Εὐαγγε-

278 1266 417 1332 λίοις
447 1266 694 1340 ἐροῦσιν·
725 1268 831 1335 Εὶς
867 1270 1054 1322 τόπον
1074 1268 1266 1337 χλόης
1296 1266 1424 1321 ἐκεῖ
1453 1284 1532 1336 με
1573 1269 1895 1337 κατεσκή-’

278 1379 497 1418 νωσεν.
515 1363 692 1417 Πίνων
710 1362 761 1416 δὲ
787 1361 881 1417 τοῦ
909 1361 1095 1425 ὓδατος
1119 1363 1147 1414 ὁ
1171 1361 1522 1432 εἰσαγόμενος
1544 1363 1602 1414 ὲν
1622 1363 1863 1434 Χριστῷ,

278 1453 437 1509 οὔπω
457 1454 513 1508 δὲ
543 1455 638 1509 τοῦ
663 1455 805 1511 οῐνου
832 1452 925 1507 τοῦ
961 1454 1062 1523 τῆς
1088 1453 1343 1525 ἀληθινῆς
1381 1453 1624 1525 ἀμπέλου
1668 1451 1778 1520 οἶός
1807 1442 1865 1511 τε

279 1546 359 1600 ὣν
389 1547 845 1619 μεταλαμϐάνειν,
875 1546 962 1600 διὰ
994 1545 1057 1599 τὸ
1093 1543 1174 1598 ἔτι
1215 1542 1489 1616 πρόϐατον
1524 1542 1682 1614 εἶναι,
1728 1548 1865 1611 τέως

278 1639 339 1694 δὲ
373 1640 451 1711 τῷ
474 1639 726 1712 σωτηρίῳ
772 1639 1104 1712 τρεφόμενος
1161 1636 1333 1703 ὕδατι,
1380 1640 1507 1712 περὶ
1553 1632 1614 1692 οὗ
1666 1639 1795 1693 ἐϐόα
1838 1641 1868 1692 ὁ

280 1732 476 1803 Σωτὴρ
501 1711 673 1798 λέγων
691 1746 705 1761 ·
749 1730 823 1784 ΕΖ
850 1747 941 1796 τις
971 1727 1142 1798 διψᾷ,
1167 1728 1433 1799 ἐρχέσθω
1461 1711 1613 1799 εὖρός
1640 1748 1717 1801 με
1766 1732 1867 1785 καὶ

281 1823 529 1877 πινέτωο
559 1824 653 1876 καὶ
695 1821 887 1877 πάλιν·
924 1821 989 1875 '0
1018 1822 1332 1875 πίνων-ἐκ
1381 1821 1486 1876 τοῦ
1526 1821 1746 1889 ὓδατος
1792 1818 1866 1879 οὗ
1898 1881 1904 1889 ,

281 1913 400 1985 ἐγὼ
435 1913 606 1968 δώσω
636 1914 817 1981 αὐτῷ,
855 1914 1107 1984 ποταμοὶ
1141 1914 1211 1968 ἐκ
1260 1913 1371 1983 τῆς
1404 1914 1637 1981 κοιλίας
1682 1913 1868 1971 αὐτοῦ

272 2003 617 2071 ῥεύσουσιν
637 2003 855 2071 ὕδατος
882 2003 1094 2071 ζῶντος
1112 2018 1126 2034 ⁸
1156 2004 1252 2057 καὶ
1274 2000 1456 2069 αὖθις·
1493 2005 1555 2059 '0
1581 2005 1773 2058 πίνων
1798 2005 1867 2058 ἐκ

284 2095 395 2151 τοῦ
444 2097 664 2165 ὕδατος
688 2094 761 2156 οὗ
805 2100 920 2172 ἐγὼ
961 2098 1134 2153 δώσω
1163 2098 1356 2165 αὐτῷ,
1393 2101 1464 2154 οὐ
1505 2099 1591 2168 μὴ
1627 2098 1862 2169 διψήσῃ

283 2192 374 2257 εις
412 2190 521 2245 τὸν
562 2191 775 2246 αἰῶναυ
826 2194 967 2246 εἴποι
1006 2188 1071 2247 ἀν
1092 2211 1105 2223 ·
1171 2192 1293 2245 Ἐπὶ
1342 2191 1559 2258 ὕδατος
1596 2192 1865 2271 ἀναπαύε-

280 2295 439 2349 σεως
464 2282 751 2353 ἐξέθρεψέ
776 2301 873 2355 με.
900 2285 1059 2339 Ἀλλά
1078 2286 1176 2340 καὶ
1200 2278 1309 2338 πᾶν
1340 2282 1504 2355 ἄχθος
1532 2283 1864 2355 ἀποθέμενος

281 2375 392 2431 τῶν
407 2370 650 2431 παλαιῶν
671 2378 1083 2451 ἁμαρτημάτων
1101 2379 1189 2433 διά
1201 2377 1427 2449 λουτροῦ
1446 2376 1864 2447 παλιγγενεσίας

280 2469 378 2523 καὶ
409 2469 825 2535 ἀνακαινώσεως
872 2472 1187 2543 Πνεύματος
1213 2471 1392 2545 ἁγίου,
1428 2472 1570 2524 εἴποι
1609 2470 1693 2543 ἀν·
1739 2468 1865 2523 Ἐπὶ

280 2561 499 2630 ὕδατος
551 2563 950 2643 ἀναπαύσεως
994 2563 1279 2634 ἐξέθρεψέ
1323 2581 1421 2635 με.
1484 2563 1864 2629 Ἀναπαύσεως

280 2653 392 2726 γάρ
412 2656 488 2719 ὡς
515 2656 731 2729 ἀληθῶς
759 2658 934 2711 ἐκεῖνο
967 2658 1030 2710 τὸ
1054 2657 1217 2729 ὕδωρ,
1243 2658 1309 2712 δι’
1353 2651 1413 2712 οὗ
1460 2658 1522 2712 τὸ
1576 2657 1715 2730 βαρὺ
1770 2660 1863 2712 καὶ⁵

280 2748 577 2818 ὲπίμοχθον
624 2750 842 2823 φορτίον
894 2748 1002 2803 τῶν
1041 2750 1327 2823 ἁμαρτιῶν
1383 2751 1445 2804 τὸ
1507 2749 1727 2816 πιεζοῦν
1764 2753 1865 2824 τὴν

279 2840 459 2911 ψυχὴν
483 2841 796 2913 ἀπορρίψας
827 2858 934 2907 τις,
964 2842 1059 2896 καὶ
1104 2844 1281 2898 πάντα
1326 2843 1497 2915 ῥύπον
1530 2844 1623 2897 καὶ
1678 2843 1863 2898 σπίλον

280 2932 376 2987 καὶ
400 2932 592 3005 κηλίδα
614 2933 981 3006 σμηξάμενος,
1018 2934 1235 3006 δεσμῶν
1260 2952 1321 2989 τε
1353 2934 1566 3005 ἀνεθεὶς
1600 2933 1865 2987 πολυπλό-

279 3044 428 3095 κων,
484 3029 891 3102 συνῃσθημένος
935 3018 1141 3085 τούτων
1212 3025 1468 3084 ἁπάντων
1527 3030 1671 3101 ὲρεϊο
1738 3026 1864 3081 Ἐπὶ

280 3118 502 3187 ὕδατος
529 3120 927 3188 ἀναπαύσεως
954 3120 1239 3191 ἐξέθρεψέ
1267 3130 1365 3191 με.
1403 3116 1516 3174 Εἶθ’
1551 3119 1738 3191 ὥσπερ
1773 3120 1864 3173 ὲκ-

280 3208 484 3265 λείπων
509 3210 680 3266 πάλαι
703 3211 1024 3284 τὴνιψυχὴν,
1061 3212 1251 3266 ἔπειτα
1271 3211 1358 3267 διά
1383 3212 1481 3284 τῆς
1507 3210 1864 3282 ἀποδοθείσης

280 3303 444 3376 χλόης
464 3303 562 3359 καὶ
586 3302 682 3358 τοῦ
715 3305 979 3377 σωτηρίου
1008 3304 1200 3369 ὓδατος
1222 3303 1504 3359 ἀναλαϐὼν
1531 3302 1742 3368 ἑαυτὸν,
1771 3301 1865 3357 atat

1966 717 2185 786 quando
2213 732 2345 773 oves
2373 725 2535 784 sunt,
2580 732 2611 773 a
2642 726 2864 789 pastore
2909 736 3070 791 quem
3096 706 3347 778 Ezechiel
3384 722 3549 778 Davi-

1965 806 2052 862 dis
2104 808 2329 863 nomine
2384 808 2594 864 indicat
2626 812 2697 876 ",
2730 810 2781 865 id
2827 818 2911 866 est
2965 825 2996 865 a
3024 811 3305 869 Salvatore
3346 822 3547 870 nostro

1965 897 2188 955 Christo
2213 899 2387 965 ducti,
2420 901 2489 956 ad
2518 902 2635 957 haec
2659 903 2891 960 dicenda
2931 905 3321 971 instituuntur,
3359 904 3548 961 Domi-

1966 1007 2064 1045 nus
2090 992 2260 1061 pascit
2296 1009 2396 1059 me,
2421 1003 2472 1047 et
2500 995 2634 1048 nihil
2659 996 2787 1049 mihi
2807 996 2995 1053 deerit.
3048 996 3129 1053 illi
3165 1014 3293 1054 vero
3320 999 3425 1070 ipsi
3461 999 3547 1054 in-

1967 1082 2231 1152 telligibili
2264 1098 2328 1137 ac
2352 1099 2497 1145 novo
2530 1085 2788 1141 alimento
2821 1096 2984 1158 atque
3012 1089 3233 1158 pascuis
3261 1091 3544 1145 sacrorum

1967 1176 2385 1248 Evangeliorum
2443 1180 2703 1244 enutriti,
2751 1179 2957 1247 dicent,
2996 1182 3051 1237 in
3088 1181 3201 1236 loco
3231 1199 3442 1253 pascuae
3470 1183 3545 1238 ibi
3580 1242 3589 1253 χ

1967 1286 2048 1323 me
2082 1268 2379 1326 collocavit.
2416 1268 2520 1337 Qui
2560 1279 2742 1327 autem
2781 1272 2836 1326 in
2867 1271 3091 1329 Christo
3122 1274 3390 1339 initiatur,
3424 1276 3545 1347 qui-

1966 1376 2075 1430 que
2102 1375 2305 1432 aquam
2333 1369 2508 1431 potat,
2536 1364 2680 1434 quod
2710 1364 2955 1419 nondum
2987 1365 3163 1421 valeat
3191 1368 3374 1422 vinum
3406 1383 3546 1424 vera:

1969 1453 2096 1508 vitis
2136 1453 2345 1519 bibere,
2383 1456 2514 1526 quia
2551 1456 2730 1510 adhuc
2782 1456 2840 1511 in
2886 1457 3069 1511 ovium
3123 1455 3357 1515 numero
3396 1474 3546 1515 com-

1967 1548 2215 1615 putatur,
2263 1547 2358 1601 sed
2406 1554 2593 1603 tamen
2638 1549 2869 1604 salutari
2918 1549 3011 1603 illa
3051 1564 3192 1621 aqua
3238 1558 3544 1627 recreatur,
3635 1615 3638 1619 ‘

1968 1637 2035 1692 de
2062 1653 2168 1708 qua
2195 1634 2448 1692 Salvator
2492 1639 2609 1694 haec
2641 1640 2875 1695 clamat:
2914 1639 2973 1724 Si
3018 1644 3137 1711 quis
3184 1643 3298 1696 sitit
3321 1682 3335 1707 ,
3370 1647 3547 1698 ueniat

1970 1728 2038 1809 ad
2068 1746 2148 1784 me
2179 1738 2229 1783 et
2262 1729 2407 1783 bibat
2460 1732 2541 1793 ²²;
2582 1742 2637 1787 et
2669 1732 2865 1799 iterum
2904 1751 2917 1786 :
2966 1733 3076 1799 Qui
3119 1732 3303 1789 biberit
3352 1752 3545 1806 aquam

1968 1838 2123 1893 quant
2172 1838 2265 1891 ego
2314 1822 2452 1878 dabo
2504 1825 2573 1889 ei,
2628 1824 2855 1893 [lumina
2903 1824 2966 1879 de
3014 1838 3189 1882 ventre
3235 1829 3349 1898 ejus
3379 1828 3546 1899 ﬂuent
3596 1886 3645 1893 ,η

1971 1934 2120 1989 aqua:
2151 1918 2339 1972 vium"
2362 1937 2378 1987 ;
2405 1933 2468 1973 ac
2501 1934 2754 2002 rursum:
2790 1920 2894 1987 Qui
2925 1920 3111 1977 biberit
3133 1938 3197 1978 ex
3220 1940 3358 1995 aqua
3384 1941 3543 1995 quam

1899 2020 1942 2075 Β
1969 2024 2061 2079 ego
2092 2007 2229 2063 dabo
2265 2011 2334 2075 ei,
2365 2028 2468 2065 non
2509 2012 2650 2066 sitiet
2670 2013 2737 2066 .in
2768 2021 3024 2069 wternum
3050 2014 3131 2084 ἰς
3162 2015 3211 2079 is
3239 2017 3363 2087 jure
3390 2017 3542 2072 dixe-

1968 2100 2063 2167 rit,
2106 2117 2264 2171 super
2302 2117 2494 2171 aquam
2535 2103 2731 2172 requiei
2780 2103 3020 2158 educavit
3077 2120 3178 2159 me.
3224 2104 3335 2161 Sed
3381 2106 3542 2161 etiam

1969 2194 2147 2261 posita
2177 2208 2275 2264 per
2304 2194 2584 2248 lavacrum
2620 2196 3057 2265 regenerationis
3090 2205 3144 2253 et
3171 2200 3549 2255 rcnovationis

1972 2281 2211 2354 Spiritus
2259 2284 2435 2339 sancti
2481 2290 2723 2339 veterum
2764 2294 3117 2355 peccatorum
3167 2289 3405 2357 sarcina,
3451 2304 3545 2361 ap-

1968 2374 2148 2445 posite
2202 2372 2374 2439 dicat,
2434 2388 2589 2442 super
2644 2390 2837 2454 aquam
2898 2376 3096 2446 requiei
3127 2376 3387 2432 educavit
3442 2397 3543 2434 me.

1970 2464 2196 2537 Requiei
2254 2464 2453 2520 etenim
2512 2481 2638 2521 vere
2689 2473 2775 2521 cst
2833 2462 2974 2537 aqua
3035 2454 3385 2538 hujusmodi,
3438 2487 3547 2541 qua

1970 2558 2115 2632 quis,
2142 2558 2354 2628 abjecto
2381 2565 2728 2629 peccatorum
2755 2561 2907 2630 gravi
2935 2575 3279 2630 onerosoquc
3309 2562 3550 2633 pondere

1971 2652 2207 2707 animam
2230 2652 2591 2721 opprimente,
2616 2652 2763 2706 omni
2801 2654 3011 2708 macula
3045 2661 3100 2710 et
3129 2654 3250 2709 labe
3276 2654 3545 2721 abstersa,

1971 2745 2273 2815 solutisque
2297 2744 2530 2800 vinculis
2574 2744 2684 2801 illis
2715 2747 3075 2816 complicatis,
3110 2747 3295 2802 laetitia
3318 2748 3547 2818 luljusce

1972 2852 2154 2894 rerum
2183 2850 2476 2891 succeSSus
2506 2833 2735 2891 aﬂ‘cctus
2768 2836 2932 2901 dicet,
2952 2852 3107 2906 super
3131 2854 3323 2908 aquam
3352 2839 3548 2908 requiei

1967 2928 2208 2984 educavit
2256 2943 2355 2981 me.
2409 2924 2618 2982 Deinde
2664 2942 2814 2992 vero,
2866 2936 3054 2999 utpote
3100 2929 3195 2999 qui
3244 2940 3369 2983 cum
3413 2930 3543 2984 olim

1970 3012 2153 3077 animo
2197 3019 2485 3084 deﬁceret,
2531 3035 2630 3090 per
2681 3022 2913 3092 gratiam
2966 3021 3072 3078 sibi
3119 3021 3303 3076 datam
3341 3036 3407 3096 ac
3442 3037 3546 3093 per

1970 3115 2267 3170 salutarem
2313 3127 2510 3184 aquam
2556 3112 2611 3166 in
2653 3113 2933 3169 meliorem
2980 3129 3103 3171 sesc
3145 3120 3349 3171 statum
3391 3126 3545 3169 rece-

1969 3207 2131 3275 perit,
2165 3204 2323 3275 quasi
2373 3202 2406 3257 a‘
2435 3209 2610 3257 morte
2651 3212 2940 3260 revocatus
2985 3204 3057 3260 sit
3093 3188 3269 3271 dicet,
3310 3204 3542 3259 animant

1970 3313 2143 3352 meam
2184 3297 2456 3351 convertit.
2504 3294 2629 3349 Haec
2676 3297 2861 3351 omnia
2905 3299 3156 3354 evenient
3194 3299 3402 3354 homini
3448 3297 3544 3371 qui

278 3393 483 3471 ὥσπερ,
502 3397 568 3451 ὲκ
596 3395 826 3451 θανάτου
851 3395 1318 3470 παλινδρομήσας,
1361 3398 1558 3471 φήσει·
1598 3394 1717 3465 Τὴν
1752 3398 1868 3465 ψυ-
1893 3405 1896 3423 ⁴

1971 3406 2068 3462 per
2102 3396 2462 3444 memoratum
2494 3387 2755 3445 Davidem
2787 3404 2818 3443 a
2842 3388 3074 3446 Domino
3101 3390 3367 3462 pascitur.

277 3484 402 3563 χήν
430 3505 553 3557 μου
590 3486 946 3559 ἐπέστρεψε.
988 3489 1173 3543 Ταῦτα
1214 3488 1393 3543 πάντα
1425 3488 1657 3563 ὑπάρξει
1696 3486 1774 3560 τῷ
1834 3484 1924 3542 διά
1959 3482 2052 3539 τοῦ
2090 3481 2420 3556 δηλωθέντος
2472 3481 2637 3537 Δαυτδ
2672 3482 2778 3536 ὑπὸ
2825 3482 2922 3536 τοῦ
2990 3484 3197 3553 Κυρίου
3256 3500 3541 3555 ποιμαινοσ·

284 3577 653 3738 μέἵὶὶρδήῖινησέ
690 3686 767 3739 με
808 3670 909 3722 ἐπὶ
946 3686 1177 3737 τριουυι,
1230 3670 1621 3739 υικαιοσύινης
1656 3671 1865 3726 ἕνεκεν

280 3761 386 3816 τοῦ
425 3762 715 3832 ὀνόματος
737 3762 945 3818 αὐτοῦ.
974 3761 1181 3827 Ταῦτα,
1214 3763 1377 3834 φησὶ,
1412 3763 1765 3837 πράττειμῦς
1796 3763 1864 3818 ἂν

283 3855 359 3929 μὴ
394 3854 781 3929 βλασφημῆται
817 3856 983 3912 αὑτοῦ
1024 3857 1085 3911 τὸ
1126 3856 1316 3929 ὅνομα,
1365 3855 1476 3912 τῶν
1520 3856 1684 3911 αὑτοῦ
1731 3874 1864 3929 προ-

278 3945 459 4021 ϐάτων
490 3948 693 4003 ἀπολλυ
702 3948 897 4023 μένων,
932 3948 966 4022 ἢ
1015 3949 1202 4014 κακῶς
1233 3948 1534 4021 ἀγομένων.
1586 3947 1724 4003 Ἐὰν
1750 3950 1862 4019 γὰρ

277 4040 380 4097 καὶ
407 4041 675 4111 πορευθῶ
704 4042 775 4097 ἐν
817 4040 987 4113 μέσῳ
1014 4042 1195 4109 σκιᾶς
1229 4040 1509 4105 θανάτου,
1556 4042 1629 4096 οὐ
1679 4042 1862 4111 φοϐη-

279 4132 537 4205 θήσομαι
560 4132 737 4201 κακά,
759 4133 850 4189 ὅτι
882 4134 964 4189 σὺ
997 4134 1125 4204 μετ’
1154 4134 1300 4204 ἐμοῦ
1321 4129 1393 4188 εἷ.
1422 4132 1658 4205 Μακράν
1684 4133 1793 4207 γὰρ
1825 4137 1859 4208 ἡ

282 4226 527 4298 ἁμαρτία
567 4226 769 4290 παντὸς
796 4225 1046 4289 συνόντος
1086 4223 1225 4297 Θεῷ.
1278 4224 1447 4281 Σκιάν
1500 4225 1729 4281 θανάτου
1767 4226 1861 4283 τὸν

280 4316 458 4371 κοινόν
483 4333 618 4389 φησι
668 4317 920 4381 θάνατον,
966 4316 1062 4370 καὶ
1118 4316 1218 4388 τὴν
1268 4318 1367 4390 τῆς
1391 4317 1571 4391 ψυχῆς
1618 4319 1729 4374 ἀπὸ
1763 4320 1858 4375 τοῦ

280 4408 532 4480 σώματος
555 4409 727 4474 λύσιν,
762 4409 900 4481 πρὸς
926 4407 1333 4489 ἀντιδιαστολὴν
1349 4410 1463 4466 τοῦ
1504 4406 1731 4491 θανάτου
1756 4412 1859 4484 τῆς

273 4498 476 4573 ψυχῆς,
503 4501 624 4556 καθ’
654 4501 685 4554 ὃ
723 4500 967 4573 εἴρηταιο
1001 4499 1177 4572 Ψυχὴ
1222 4496 1671 4579 ἁμαρτάνοὰζιτα,
1706 4505 1858 4575 αὕτη

274 4580 659 4651 ἀποθανεῖὲαι
676 4610 691 4625 ο
725 4594 841 4659 καὶ,
870 4594 1077 4649 'Ecrttr
1117 4594 1372 4665 ἁμαρτία
1398 4595 1549 4665 πρὸς
1574 4580 1856 4671 wit-ator.

274 4688 392 4743 οὐκ
406 4687 525 4742 ἔστι
553 4687 663 4760 γάρ
697 4684 826 4740 σκιά
859 4685 1088 4742 θανάτου
1108 4686 1266 4741 ’πάλλ’
1290 4686 1542 4759 ἀληθινὸς
1565 4684 1797 4763 eam;
1819 4693 1853 4763 ἠ

273 4778 378 4852 τῆς
400 4780 577 4853 ψυχῆς
595 4773 842 4835 ἀπώλεια
863 4779 1142 4850 τυγχάνει.
1161 4780 1312 4836 Ἐπεὶ
1333 4776 1426 4835 οὖν
1449 4766 1852 4853 μεμαθήδοασιν,

272 4869 354 4938 ὡς
393 4874 504 4946 ἄρα
533 4875 564 4928 ὁ
593 4872 865 4929 πιστεύων
910 4872 991 4938 εἰς
1032 4871 1126 4928 τὸν
1168 4872 1297 4929 Υιὸν
1336 4873 1433 4929 τοῦ
1481 4871 1616 4928 Θεοῦ
1667 4873 1729 4928 οὐ
1776 4875 1851 4948 μὴ

2038 3661 2205 3718 Vsus.
2246 3662 2301 3727 5,
2344 3662 2397 3714 4.
2448 3659 2678 3714 Deduxit
2720 3674 2802 3713 me
2851 3673 3008 3728 super
3056 3661 3273 3717 semitas
3305 3662 3541 3732 justitia!

1963 3765 2174 3827 propter
2222 3768 2407 3807 nomen
2445 3767 2622 3825 suum.
2670 3749 2819 3816 Haec,
2864 3752 3063 3822 inquit,
3122 3752 3246 3809 ideo
3291 3756 3425 3827 agit,
3475 3766 3539 3813 ut

1962 3863 2067 3912 ne,
2089 3844 2310 3902 amissis
2344 3859 2409 3899 ac
2438 3843 2688 3914 perditis,
2719 3851 2813 3898 aut
2844 3844 2990 3899 male
3018 3829 3271 3902 deductis
3316 3850 3536 3917 ovibus,

1960 3954 2159 3995 nomen
2204 3954 2363 3993 suum
2395 3936 2823 4008 blasphemetur.
2853 3934 3015 4011 Nam
3048 3947 3099 3992 et
3125 3940 3173 3993 si
3202 3940 3540 3999 ambulavero

1959 4034 2016 4088 in
2046 4030 2450 4088 medio'umbra:
2478 4031 2690 4094 mortis,
2729 4046 2834 4087 non
2874 4030 3065 4087 timebo
3095 4033 3262 4100 maia,
3289 4036 3536 4106 quoniam

1961 4133 2019 4180 tu
2052 4139 2253 4180 mecum
2278 4134 2359 4180 es;
2387 4122 2589 4179 Procul
2612 4121 2760 4179 enim
2799 4121 3084 4194 peccatum
3128 4131 3214 4182 est
3242 4125 3313 4181 ab
3349 4141 3416 4182 eo
3443 4127 3538 4197 qui

1959 4215 2055 4272 Dei
2103 4214 2628 4272 consdrtiod'ruitur.
2675 4213 2937 4271 Umbram
2968 4214 3165 4273 mortis
3196 4204 3357 4272 vocat
3388 4232 3539 4295 mor.-

1960 4316 2068 4367 tem
2108 4308 2254 4364 illam
2297 4320 2664 4372 communem,
2699 4312 2863 4375 atque
2900 4307 3301 4376 separationem
3341 4307 3536 4364 animae

1958 4417 1990 4457 a
2017 4417 2280 4474 corpore,
2329 4400 2398 4456 ad
2423 4398 2785 4456 diﬂ'erentiam
2823 4400 3018 4454 mortis
3061 4398 3276 4463 animai,
3303 4397 3394 4466 de
3426 4415 3532 4471 qua

1957 4496 2161 4554 dicitur
2195 4512 2210 4550 :
2242 4496 2439 4551 Anima
2484 4509 2601 4565 qut?
2653 4490 2973 4562 peccaverit.
3026 4491 3145 4557 ipsa
3174 4492 3427 4546 morietur
3453 4494 3532 4562 ²⁸;

1955 4596 2011 4647 et
2050 4604 2064 4641 :
2103 4588 2201 4645 Est
2246 4596 2519 4659 peccatum
2566 4583 2637 4638 ad
2690 4592 2910 4634 mortem
2955 4580 3021 4634 ".
3090 4579 3371 4652 Siquidem
3423 4598 3533 4638 non

1957 4690 2151 4746 umbra
2196 4679 2577 4746 mortis,'sod
2630 4693 2760 4735 vera
2813 4689 2961 4731 mors
3020 4679 3141 4738 est,
3187 4673 3280 4727 illa
3339 4674 3535 4732 animae

1952 4777 2243 4851 pernicies.
2286 4768 2737 4841 Quandoquidem
2793 4754 2962 4839 igitur
3014 4756 3355 4831 didicerunt,
3408 4779 3520 4818 ere.

1954 4871 2170 4927 dentem
2226 4866 2284 4920 in
2326 4862 2526 4918 Filium
2584 4854 2680 4927 Diei
2726 4876 2839 4917 non
2893 4856 3220 4914 moriturum
3287 4870 3410 4911 esse
3474 4855 3533 4909 in

271 4941 519 5038 ἀποθάνῃ
550 4968 631 5031 είς
659 4956 763 5021 τὸν
787 4968 978 5034 αἰῶνα,
1009 4960 1351 5039 μεταϐέϐηκε
1393 4965 1451 5020 δὲ
1481 4964 1591 5020 ἀπὸ
1634 4963 1730 5019 τοῦ
1758 4941 1855 5020 (ia;
1884 4955 1896 5014 1

1956 4969 2245 5026 aeternum,
2280 4955 2377 5021 s‘ed
2408 4954 2736 5033 translatum
2770 4961 2895 5015 esse
2923 4949 2991 5005 de
3024 4953 3198 5002 morte
3222 4941 3299 5039 ad
3324 4944 3487 5039 vitam
3510 4985 3533 5013 ,

273 5056 438 5125 νάτου
471 5060 554 5124 εἰς
582 5059 680 5133 τὴν
711 5060 876 5134 ζωὴν,
908 5062 1113 5136 σφόδρα
1147 5061 1389 5133 ἀκριϐῶς
1419 5061 1480 5115 οὑ
1520 5059 1654 5130 φασὶ
1694 5056 1851 5114 θάνα-

270 5165 365 5204 τον
392 5149 603 5205 ἐπιέναι
644 5154 829 5219 αὐτοῖς
855 5155 1023 5231 ἀλλ’ἢ
1058 5158 1165 5232 ἄρα
1201 5156 1359 5210 σκιὰν
1383 5153 1614 5209 θανάτου
1635 5169 1650 5184 ο
1678 5150 1851 5227 ταύτῃ

271 5240 557 5312 δηλοῦντες
604 5245 733 5310 τοὺς
774 5246 917 5302 κατά
963 5247 1247 5320 ἄνθρωπον
1292 5245 1570 5309 κινδύνους
1617 5241 1711 5297 καὶ
1758 5242 1851 5298 τὸν
1886 5266 1889 5269 <

276 5335 583 5405 σωματικὸν
628 5335 856 5393 θάνατον
896 5340 1047 5394 οὐδὲν
1094 5339 1280 5412 ἕτερον
1326 5335 1521 5408 δνταῆ
1572 5333 1848 5406 χωρισμὸν

273 5425 452 5499 Ψυχῆς
477 5427 587 5482 ἀπὺ
612 5427 881 5499 σώματος.
1390 5488 1393 5491 .

354 5518 419 5574 Ἠ
440 5517 663 5588 ῥάϐδος
694 5518 810 5575 σοὺ
836 5523 934 5578 καὶ
975 5527 1015 5595 ἡ
1055 5524 1354 5594 βακτηρία
1390 5536 1529 5587 σου,
1558 5514 1738 5576 αὗται
1767 5529 1849 5591 ’με

271 5609 718 5682 παρεκάλεσαν.
737 5613 922 5681 Ταῦτα
950 5610 1043 5669 οὖν
1062 5617 1371 5688 παρακαλεῖ
1399 5615 1489 5671 τὸν
1514 5615 1849 5686 τυπτόμενον

273 5706 371 5759 καὶ
408 5702 500 5759 τὸν
543 5702 923 5775 κολαζόμενον,
972 5707 1356 5780 πεπεισμένον,
1387 5707 1469 5761 ὅτι
1520 5709 1776 5777 μαστιγοῖ
1820 5708 1850 5761 ὁ

272 5795 407 5858 Θεὸς
430 5796 607 5855 πάντα
638 5796 754 5853 υἱὸν
779 5796 839 5854 ὃν
862 5799 1252 5873 παραδέχεται.

1945 5055 2238 5114 admodum
2288 5056 2655 5121 congruenter
2696 5062 2805 5103 non
2836 5049 3088 5107 mortem,
3144 5037 3241 5094 sed
3273 5037 3525 5093 umbram

1944 5330 2222 5387 indicatur
2275 5325 2599 5397 corpoream
2650 5326 2883 5377 mortem
2943 5318 3078 5375 nihil
3151 5313 3301 5372 aliud
3358 5324 3527 5373 esse,

1944 5435 2107 5493 quam
2152 5418 2552 5489 separationem
2608 5411 2861 5467 animae'a
2888 5423 3138 5481 corpore.

2025 5516 2188 5585 Virga
2223 5520 2315 5566 tua
2340 5520 2392 5566 et
2416 5508 2635 5565 baculus
2664 5514 2806 5571 tuus,
2831 5505 2948 5571 ipsa
2976 5519 3055 5558 me
3078 5497 3351 5555 consolata
3370 5505 3513 5552 sunt.

1946 5609 2074 5666 Haec
2117 5605 2285 5677 igitur
2311 5600 2672 5659 consolantur
2709 5611 2834 5653 eum
2868 5595 2961 5668 qui
2996 5592 3315 5650 verberibus
3344 5598 3398 5661 et
3425 5603 3519 5646 ca—

1948 5695 2333 5772 stigationibus
2364 5690 2627 5756 adicitur,
2656 5695 2845 5760 utpote
2873 5688 2969 5759 qui
3001 5699 3205 5757 gnarus
3245 5684 3315 5740 sit
3346 5682 3523 5752 Deum

1947 5791 2239 5849 verberare
2271 5783 2442 5841 lilium
2468 5795 2629 5851 quem
2661 5778 3023 5851 cooptaverit.

379 5939 424 5970 ιι
463 5936 899 6016 Ezech.xxx1v,
937 5942 1029 6000 εδ.
1106 5944 1150 6016 ξι
1188 5898 1347 6000 toan.
1386 5937 1624 6007 "1,57.
1703 5928 1896 6009 "ibid

1964 5934 2053 5992 39.
2130 5928 2177 5963 υ
2213 5924 2373 5981 Joan.
2417 5937 2503 5992 iv,
2546 5921 2629 5977 ιδ.
2746 5920 2792 5953 ’⁸
2832 5916 3033 5980 Ezech.
3074 5911 3248 5997 xviii,
3283 5915 3336 5972 4.
3414 5917 3461 5967 *⁸
3494 5908 3525 5969 ῒ

274 6006 433 6066 Joan.
465 6025 496 6067 ν
514 6047 530 6075 ,
564 6007 654 6064 17.
