4302 6394
748 446 850 501 Ξίθ

1406 440 1674 497 EUSEBII
1711 439 2184 538 CESARIENSlS
2218 438 2369 495 OPP.
2411 437 2591 493 PARS
2631 438 2718 494 lli.
2756 470 2826 482 —
2855 439 3263 501 EXEGETICA.

3884 447 4006 504 2‘20

818 559 984 617 Vsus.
1015 560 1069 617 5.
1118 559 1341 615 Parasti
1385 562 1441 633 in
1483 571 1761 631 conspectu
1790 578 1903 615 meo
1927 576 2182 623 mensam,
2225 557 2324 612 ad-
2350 565 2395 619 Α
2507 559 2517 609 ἶ

2309 589 2324 600 -
2350 565 2395 619 Α
2507 559 2854 628 Ἠτοίμασας
2890 560 3144 615 ἐνώπιόν
3165 581 3284 633 μου
3317 564 3610 631 τράπεζαν
3646 565 4008 633 ἐξεναντίας

750 669 929 709 ursus
979 670 1064 707 eos
1108 655 1197 724 qui
1246 632 1505 707 tribulant
1547 670 1646 707 me.
1703 652 2060 722 Impinguasti
2110 652 2164 703 in
2206 650 2317 704 oleo

751 755 904 814 caput
936 761 1104 799 meum
1124 785 1139 809 ,
1172 754 1219 799 et
1249 745 1394 798 calix
1447 754 1567 798 tuus
1604 743 1869 797 inebrians
1901 759 2057 813 quam
2096 742 2317 811 pra'cla-

752 854 843 892 rus
871 838 988 892 est!
1028 837 1242 892 Norunt
1279 835 1425 891 enim
1466 836 1643 889 oleum
1686 835 1989 905 spirituale,
2014 849 2123 904 quo
2152 842 2316 904 caput

751 946 907 985 suum
961 931 1370 1000 impinguatur,
1421 936 1582 998 atque
1635 928 1951 995 ebrietatem
2002 927 2150 980 illam
2197 943 2316 996 qua)

748 1019 971 1074 roborat
1018 1010 1127 1073 non
1174 1017 1430 1084 resolvit,
1463 1031 1675 1071 necnon
1716 1017 2012 1086 spiritalem
2047 1016 2197 1069 illum
2237 1016 2316 1069 ci—

747 1109 875 1164 bum
905 1125 1066 1180 quem
1113 1110 1333 1179 apponit
1356 1110 1537 1164 nobis'
1563 1109 1653 1163 ille
1686 1108 1777 1178 qui
1813 1108 1880 1161 ad
1914 1108 2152 1176 pastoris
2192 1122 2314 1159 mu-

747 1218 851 1258 nus
889 1202 1076 1271 sponsi
1113 1202 1481 1257 conditionem
1524 1186 1735 1270 adjicit.
1773 1199 1891 1261 llis,
1930 1199 2125 1266 inquit,
2163 1198 2314 1252 frua-

748 1308 873 1347 mur
909 1293 1104 1358 bonis,
1154 1303 1208 1348 et
1248 1292 1606 1363 gaudeamus,
1659 1290 1788 1345 dum
1842 1290 2057 1343 interim
2109 1289 2313 1343 inimici

748 1378 923 1431 nostri
950 1377 1134 1435 dolent
1175 1394 1239 1432 ac
1264 1388 1633 1443 macerantur,
1659 1379 1787 1448 quia
1820 1378 1857 1431 ii
1889 1379 1981 1447 qui
2015 1378 2143 1432 olim
2175 1380 2315 1433 servi

747 1478 930 1534 erant,
962 1472 1320 1526 mutationem
1353 1477 1560 1524 tantam
1592 1471 1796 1541 experti
1831 1477 1981 1534 sunt,
2021 1470 2315 1539 impingun-

702 1562 705 1567 ⁴
749 1566 821 1615 sti
858 1563 911 1615 in
940 1562 1052 1617 oleo
1090 1571 1243 1631 caput
1274 1580 1467 1616 meum.

816 1651 982 1708 Vsus.
1025 1653 1080 1709 6.
1144 1654 1215 1707 Et
1271 1652 1636 1708 misericordia
1694 1661 1786 1705 tua
1848 1652 2188 1722 subsequetur
2235 1669 2315 1705 me

747 1743 986 1798 omnibus
1019 1743 1200 1799 diebus
1229 1745 1347 1797 vita:
1380 1760 1506 1799 mea:
1526 1785 1539 1809 ,
1584 1752 1633 1797 et
1660 1753 1715 1796 ut
1748 1742 2033 1797 inhabilem
2077 1744 2131 1796 in
2159 1741 2315 1796 domo

752 1834 996 1898 Domini,
1038 1834 1093 1888 in
1134 1833 1514 1904 longitudinem
1558 1834 1783 1887 dierum.
1831 1831 2315 1889 Misericordim.et

2423 645 2545 725 τῶν
2568 650 3014 721 θλιϐόντωνομε.
3053 653 3380 721 Ἐλίπανας
3411 656 3481 709 ἐν
3518 657 3699 720 ἐλαίῳ
3741 656 3855 726 τὴν
3896 675 4004 713 κε-

2421 738 2628 807 φαλήν
2655 756 2795 807 μου,
2835 741 2933 793 καὶ
2980 740 3045 793 τὸ
3088 740 3374 809 ποτήριόν
3406 756 3521 797 σου
3563 744 3871 812 μεθύσκον
3914 744 4005 809 ὡς

2421 832 2747 899 κράτιστον
2765 832 2785 885 !
2819 835 2994 887 Ἴσασι
3029 834 3136 904 γὰρ
3163 835 3255 887 καὶ
3289 834 3350 887 τὸ
3380 835 3740 906 πνευματικὸν
3794 835 4004 901 ἔλαιον,

2421 932 2448 981 ὃ
2475 932 2573 1002 τὴν
2621 925 2861 997 κεφαλὴν
2913 925 3280 997 ὲπιάνθησαν,
3329 927 3422 979 καὶ
3454 928 3552 998 τὴν
3602 925 4001 997 κρατύνουσαν,

2422 1026 2536 1078 ἀλλ’
2568 1023 2629 1075 οὐ
2654 1020 2974 1074 διαλύουσαν
3004 1018 3201 1090 μέθην·
3236 1019 3327 1073 καὶ
3357 1020 3456 1091 τὴν
3482 1021 3747 1093 μυστικὴν
3763 1019 3997 1092 τροφὴν,

2420 1113 2487 1184 ἣν
2507 1112 2823 1183 προτίθησιν
2847 1113 2975 1182 ἡμῖν
3009 1112 3037 1163 ὁ
3066 1110 3201 1183 πρὸς
3223 1111 3285 1163 τὸ
3317 1111 3623 1182 ποιμαίνειν
3646 1112 3738 1164 καὶ
3761 1112 4000 1183 νυμφίος

2410 1203 2950 1275 γενόμενος.Τούτοις
2964 1202 3120 1274 δὲ,φη
3128 1204 3231 1268 civ,
3251 1202 3601 1273 ὲντρυφῶμεν
3621 1207 3732 1266 τοῖς
3744 1203 4005 1274 ἀγαθοῖς,

2420 1291 2526 1344 τῶν
2552 1292 2830 1362 δυσμενῶν
2854 1294 3167 1363 ἀνιωμὲνων
3195 1294 3287 1346 καὶ
3309 1293 3680 1363 τρυχομένων·
3709 1296 3789 1347 δτι
3812 1296 3863 1348 οἱ
3882 1294 4004 1348 πάσ-

2421 1384 2527 1449 λαι,
2553 1384 2703 1455 φησὶ,
2726 1384 3063 1448 δουλεύοντες
3087 1386 3351 1456 τοσαύτης
3381 1385 3679 1456 μεταϐολῆς
3696 1390 4004 1459 τετυχήκα-

2424 1493 2526 1540 σιν,
2556 1477 2847 1542 ἐλίπανας
2866 1477 2935 1530 ὲν
2957 1476 3137 1539 ἐλαίῳ
3165 1475 3279 1543 τὴν
3312 1475 3585 1543 κεφαλήν
3602 1494 3740 1546 μου.

2487 1646 2596 1700 Καὶ
2624 1645 2689 1699 τὸ
2722 1646 2893 1711 ἔλεός
2921 1659 3037 1700 σου
3073 1644 3514 1721 καταδιώξεταί,
3525 1664 3600 1717 με
3636 1648 3836 1716 πάσας
3881 1650 3999 1718 τὰς

2421 1737 2642 1806 ἡμέρας
2693 1736 2799 1805 τῆς
2836 1737 2997 1815 ζωῆς
3034 1755 3174 1807 μου,
3222 1740 3318 1792 καί
3364 1740 3430 1793 τὸ
3471 1741 3765 1796 κατοικεῖν
3796 1759 3873 1811 με
3919 1743 3999 1797 ἐν

2420 1828 2562 1893 οἴκῳ
2592 1829 2812 1895 Κυρίου
2844 1830 2931 1893 είς
2952 1830 3296 1897 μακρότητα
3320 1830 3573 1899 ἡμερῶν.
3608 1833 3887 1897 Πεποιθὼς
3910 1832 3997 1905 τῷ

748 1927 936 1999 gratias
991 1925 1235 1981 conﬁsus
1291 1933 1438 1988 tuae,
1494 1924 1622 1977 novi
1671 1938 1803 1977 sane
1854 1937 1960 1985 me,
2008 1922 2318 1979 institutum
2352 1925 2447 1979 B-a

2295 1938 2318 1976 [ι
2352 1919 2501 1990 Β-σῷ
2533 1920 2691 1984 ἐλέει,
2732 1919 2825 1972 καὶ
2853 1922 2917 1989 τῇ
2948 1923 3013 1990 σῇ
3042 1920 3243 1991 χάριτι,
3276 1916 3370 1974 οἷδ’
3399 1923 3479 1975 ὅτι
3513 1925 3613 1977 οὐκ
3638 1925 3994 1998 ἐκπεσοῦμαι

747 2034 781 2073 a
815 2017 1195 2074 misericordia
1228 2024 1317 2069 tua
1361 2015 1615 2070 omnibus
1666 2014 1858 2070 diebus
1885 2016 2008 2069 vitaz
2040 2032 2191 2079 meae,
2222 2031 2317 2085 spe

742 2110 843 2165 illa
884 2111 939 2164 in
984 2116 1038 2163 te
1069 2109 1244 2177 posita
1295 2120 1573 2177 nunquam
1622 2107 1919 2176 lapsurum.
1968 2105 2092 2162 Haec
2138 2108 2320 2178 itaque

750 2200 1158 2264 misericordia,
1202 2199 1316 2253 haec
1351 2198 1524 2269 gratia
1560 2208 1653 2253 tua
1702 2198 1837 2253 mihi
1869 2198 1925 2253 id
1955 2199 2085 2254 boni
2125 2207 2321 2253 contu-

750 2291 893 2361 lere,
930 2300 989 2346 ut
1021 2291 1241 2347 domum
1283 2300 1339 2346 et
1368 2291 1667 2347 Ecclesium
1707 2299 1857 2344 tuam
1896 2291 1953 2344 in
1984 2290 2319 2345 domicilium

751 2384 1121 2455 possiderem;
1162 2384 1253 2438 ubi
1280 2391 1679 2447 commoratus,
1714 2389 1903 2452 utpote
1928 2382 1983 2436 in
2019 2381 2193 2436 sacris
2224 2380 2321 2437 Dei

745 2476 958 2531 aedibus
986 2483 1041 2531 et
1077 2476 1132 2529 in
1163 2481 1353 2530 sancto
1399 2475 1625 2543 templo,
1675 2458 2070 2544 longitudinem
2108 2472 2321 2529 dierum

753 2567 897 2638 apud
938 2576 992 2621 te
1027 2575 1080 2619 et
1107 2569 1275 2621 vitam
1325 2572 1580 2620 aeternam
1638 2579 1962 2636 consequar.
2011 2563 2145 2619 Nam
2176 2564 2320 2634 quod

755 2656 975 2713 domum
1025 2664 1173 2712 tuam
1222 2657 1481 2721 incolam,
1532 2672 1810 2727 nunquam
1855 2657 1983 2712 inde
2010 2657 2319 2727 egrediens.

754 2764 931 2820 neque
960 2748 1239 2807 declinans
1273 2749 1555 2813 aliorsum,
1587 2749 1689 2803 hoc
1726 2749 1860 2802 mihi
1909 2750 1963 2803 in
1994 2763 2163 2805 causa
2206 2749 2322 2805 fore

754 2840 994 2895 arbitror
1022 2848 1081 2893 ut
1111 2832 1505 2910 longitudinem
1545 2838 1780 2903 dierum,
1809 2840 1930 2910 ipso
1977 2841 2183 2896 lumine
2219 2850 2311 2896 tuo

753 2932 989 2997 lucente,
1013 2932 1323 2987 nanciscar.
1357 2928 1464 2986 Pro
1497 2930 1591 2984 illo
1624 2938 1828 2995 autem,
1858 2932 1913 3004 in
1946 2930 2321 3001 longitudinem

750 3022 998 3087 dierum,
1054 3021 1446 3094 Symmachus,
1499 3021 1556 3073 in
1601 3020 2002 3075 diuturnitatem
2052 3024 2320 3092 temporis,

756 3114 1144 3183 interpretatus
1181 3122 1285 3177 est,
1317 3113 1441 3168 vita:
1490 3113 1637 3168 illius
1690 3102 2197 3169 secundum-Deum
2240 3116 2323 3169 in-

753 3202 1099 3258 terminabile
1162 3204 1397 3273 spatium
1460 3210 1624 3275 atque
1689 3204 2154 3260 immortalitatem
2225 3205 2323 3262 de-

757 3301 977 3350 notans.

1131 3407 1455 3463 PSALMUS
1494 3408 1702 3463 DAVID
1735 3406 1924 3466 XXIII.

736 3521 827 3576 .ln
852 3521 1168 3594 quibusdam
1222 3512 1605 3645 exemplfribus
1640 3523 1810 3577 inveni
1833 3537 1852 3576 :
1890 3490 2065 3575 (Una
2118 3518 2325 3575 Sabba-

1444 3608 1612 3645 orum.
1654 3611 1674 3645 ι

1444 3608 1612 3646 οναημ
1654 3611 1674 3645 1

830 3705 993 3759 Vnus.
1028 3706 1081 3767 1,
1102 3701 1156 3757 2.
1181 3702 1389 3757 Domini
1409 3713 1483 3757 est
1508 3712 1647 3758 terra
1674 3712 1721 3757 et
1740 3702 2007 3773 plenitudo
2032 3702 2167 3772 ejus,
2185 3699 2325 3755 orbis

764 3808 1025 3854 terrarum
1048 3804 1098 3850 et
1128 3796 1357 3850 universi
1380 3794 1469 3865 qui
1494 3794 1734 3850 habitant
1751 3795 1804 3848 in
1829 3810 1911 3849 eo.
1927 3792 2046 3861 Ipse
2062 3810 2215 3864 super
2230 3808 2339 3848 ma-

766 3891 850 3943 ria
874 3887 1114 3957 fundavit
1144 3903 1286 3953 eum,
1333 3895 1383 3941 et
1397 3901 1552 3955 super
1574 3885 1797 3955 flumina
1844 3884 2159 3954 praeparavit
2184 3902 2323 3941 eum.

762 3977 880 4033 Nisi
918 3977 1089 4040 enim,
1121 3976 1320 4046 inquit,
1370 3962 1615 4032 divinum
1648 3972 1888 4029 Verbum
1934 3974 2039 4043 ipsi
2074 3966 2326 4043 pmfuis-

766 4077 870 4133 set,
910 4083 977 4123 ac
1020 4067 1125 4122 nisi
1171 4066 1448 4137 Sapientia
1496 4066 1590 4122 Dei
1648 4066 1825 4137 ipsum
1887 4066 1993 4122 hoc
2044 4065 2327 4124 fundasset

765 4159 949 4229 modo,
970 4158 1081 4228 jam
1108 4159 1262 4225 olim,
1282 4158 1382 4213 .vel
1414 4143 1654 4212 naturali
1693 4152 2032 4239 deprimente
2058 4158 2323 4229 pondere,

766 4253 824 4309 in
866 4250 1209 4324 .prol'uitdum
1272 4250 1559 4306 demersus
1621 4249 1833 4305 luisset.
1890 4240 2104 4304 Werum
2154 4250 2327 4308 multo

768 4336 1239 4415 praestantiorillo
1287 4352 1431 4398 erat
1453 4341 1628 4397 virtus
1660 4341 1750 4395 illa
1780 4340 1995 4397 Domini
2026 4341 2325 4396 miraculo-

768 4451 889 4490 rum
930 4450 994 4489 ac
1036 4434 1411 4506 prodigiorum
1441 4430 1710 4497 eﬂectrix,
1740 4445 1860 4500 quae
1888 4437 2093 4487 tantam
2124 4432 2325 4485 molem

769 4525 1088 4596 tantamque
1114 4535 1272 4605 terra:
1309 4524 1725 4596 plenitudinem,
1764 4539 1828 4579 ac
1856 4524 2040 4579 orbem
2071 4506 2196 4580 cum
2227 4523 2327 4578 ha-

2418 2013 2515 2081 τῆς
2545 2011 2693 2082 παρὰ
2722 2012 2804 2064 σοὶ⁹
2850 2010 3063 2075 ἐλπίδος
3111 2011 3623 2085 παιδαγωγούμενος
3664 2018 3844 2082 πάσας
3888 2018 4009 2084 τὰς

2418 2103 2629 2173 ἡμέρας
2674 2102 2773 2173 τῆς
2823 2101 2968 2173 ζωῆς
3014 2121 3113 2173 μου
3146 2105 3250 2157 ὑπὸ
3296 2104 3387 2158 τοῦ
3435 2106 3527 2159 σοῦ
3572 2107 3772 2172 ὲλέους.
3819 2109 3995 2164 Τοῦτο

2420 2193 2549 2261 γοῦν
2578 2194 2638 2246 τὸ
2674 2194 2764 2247 σὸν
2792 2194 2939 2259 ἕλεος
2961 2197 3057 2248 καὶ
3097 2197 3241 2266 αὐτή
3276 2214 3371 2251 σου
3399 2198 3433 2268 ἠ
3484 2198 3644 2270 χάρις
3680 2201 3991 2272 κατηξίωσέ

2425 2300 2491 2352 με
2518 2286 2833 2356 οἰκητήριον
2872 2288 3173 2358 κτήσασθαι
3201 2290 3291 2342 τὸν
3329 2290 3419 2344 σὸν
3446 2286 3591 2343 οἷκον
3633 2293 3724 2345 καὶ
3753 2293 3850 2365 τὴν
3889 2294 3993 2365 σὴν

2433 2375 2785 2445 Ἐκκλησίανο
2829 2378 2955 2432 ἔνθα
2997 2380 3096 2444 τὰς
3142 2380 3423 2453 διατριϐὰς
3465 2384 3781 2454 ποιούμενος
3810 2387 3885 2449 ὼς
3930 2388 3991 2439 ὲν

2419 2464 2552 2536 οἴκῳ
2573 2465 2730 2532 Θεοῦ,
2758 2469 2886 2540 ἱερῷ
2914 2472 3007 2524 καὶ
3034 2469 3171 2542 ἁῩίῳ
3198 2471 3328 2543 ναῷ,
3354 2474 3689 2544 μακρότητος
3710 2475 3817 2528 τῶν
3840 2478 3993 2549 παρὰ

2422 2558 2506 2610 σοὶ
2532 2559 2752 2643 ἡμερῶν
2782 2562 2873 2615 καὶ
2903 2560 3047 2631 ζωῆς
3076 2564 3291 2617 αίωνὶου
3322 2563 3597 2635 τεύξομαι.
3623 2565 3695 2617 Τὸ
3718 2565 3826 2637 γὰρ
3858 2583 3987 2621 κατ-

2420 2651 2592 2701 οικεῖν
2636 2667 2703 2719 με
2735 2652 2792 2703 ἐν
2836 2651 2914 2721 τῷ
2944 2651 3021 2723 σῷ
3049 2652 3210 2724 οἴκῳ,
3240 2656 3335 2707 καὶ
3394 2656 3659 2727 μηδέποτε
3702 2656 3995 2723 αὐτοῦηὲξ-

2424 2741 2667 2796 ίστασθαι
2697 2744 2830 2815 μηδὲ
2856 2744 3156 2811 ἀπονεύειν,
3182 2747 3267 2799 ἀεὶ
3289 2746 3344 2799 δὲ
3370 2746 3498 2800 εῐσω
3512 2748 3808 2819 περιϐόλων
3833 2749 3995 2821 ἱερῶν

2419 2836 2520 2900 τὰς
2550 2835 2827 2907 διατριϐὰς
2858 2836 3145 2894 ποιεῖσθαι.
3172 2835 3344 2890 ταῦτά
3377 2854 3465 2908 μοι
3493 2838 3640 2893 αῦτια
3672 2840 3994 2913 γενήσεσθαι

2424 2928 2663 3004 πιστεύω
2693 2929 3031 3000 μακρότητος
3069 2930 3291 3001 ἡμερῶν
3319 2930 3426 2984 τῶν
3459 2933 3523 2986 ὲκ
3561 2932 3654 2986 τοῦ
3687 2934 3780 2987 σοῦ
3818 2934 3997 3003 φωτὸς
4088 2994 4091 2995 ν

2424 3020 2823 3091 ὑφισταμένων.
2859 3021 3003 3075 Ἀντὶ
3030 3022 3087 3075 δὲ
3119 3021 3234 3086 τοῦ,
3262 3025 3350 3089 είς
3374 3027 3713 3093 μακρότητα
3740 3024 3994 3096 ἡμερῶν,

2422 3112 2509 3176 εις
2559 3110 2753 3181 μῆκος
2795 3113 3018 3180 χρόνου
3070 3114 3099 3165 ὁ
3144 3113 3435 3184 Σύμμαχος
3482 3117 3791 3186 ἡρμήνευσε
3820 3157 3834 3182 ,
3896 3117 3994 3189 τῆς

2426 3201 2566 3255 κατὰ
2594 3202 2685 3255 τὸν
2715 3202 2847 3255 Θεὸν
2874 3201 3019 3273 ζωῆς
3051 3204 3112 3256 τὸ
3153 3202 3379 3276 ἄπειρον
3408 3206 3502 3259 καὶ
3531 3205 3793 3261 ἀθάνατον
3820 3212 3996 3280 σημη-
4049 3250 4057 3255 .

2425 3311 2540 3349 νας.

2781 3407 3071 3461 ΨΑΛΜΟΣ
3117 3406 3203 3461 TD
3262 3409 3459 3491 ΔΑΥΙΔ
3518 3411 3669 3464 ΚΓαη

2441 3518 2543 3572 Ἔν
2570 3518 2754 3586 ἐνίοις
2791 3520 3171 3594 ἀντιῃοάεροις
3217 3518 3415 3591 εὗρον·
3484 3542 3503 3575 ι
3536 3522 3649 3592 Τῆς
3688 3525 3829 3594 μιᾶς
3880 3525 3999 3583 τῶν

2505 3642 2508 3645 λ
2962 3592 3276 3645 Σαϐϐάτων
3297 3595 3396 3664 (ι).
3411 3602 3443 3645 ι⁴

2503 3702 2612 3757 Τοῦ
2635 3703 2855 3771 Κυρίου
2900 3704 2939 3771 ἠ
2990 3702 3067 3772 τνῆ
3096 3706 3196 3760 καὶ
3248 3706 3317 3759 τὸ
3356 3704 3647 3777 πλήρωμα
3709 3708 3919 3777 αὐτῆς,
3954 3709 3996 3779 μή

2426 3793 2741 3865 οἰκουμένη
2772 3796 2870 3848 καὶ
2903 3794 3122 3862 πάντες
3149 3800 3202 3850 ol
3265 3796 3683 3864 κατοικοῦντες
3706 3800 3776 3852 ὲν
3816 3800 3997 3870 αὐτῇ.

2428 3887 2619 3953 Αὐτὸς
2646 3884 2748 3940 ἐπὶ
2778 3886 3109 3941 θαλασσῶν
3129 3888 3523 3958 ἐθεμελίωσεν
3543 3889 3755 3957 αὐτὴν,
3784 3893 3879 3946 καί
3903 3893 4003 3948 ἐπὶ

2427 3980 2708 4047 ποταμῶν
2725 3980 3053 4049 ἡτοίμασεν
3068 3978 3279 4046 αὐτήν.
3300 3980 3365 4033 El
3384 3978 3459 4051 μὴ
3485 3979 3556 4048 γὰ
3564 3996 3596 4051 ρ
3619 3972 3790 4050 Λόγος
3808 3983 4000 4055 αὐτῆς,

2429 4073 2613 4142 φησὶν,
2647 4071 2929 4126 ἐπεστάτει
2957 4072 3118 4143 θεῖος,
3149 4072 3244 4126 καὶ
3290 4075 3339 4127 ει
3379 4072 3454 4145 μὴ
3504 4073 3667 4142 σοφία
3706 4074 3840 4130 Θεοῦ
3873 4079 3999 4133 τοῦ-

2428 4181 2518 4218 τον
2547 4163 2716 4235 αὐτὴν
2737 4163 3119 4236 τεθεμελιώκει
3160 4166 3252 4219 τὸν
3296 4167 3516 4237 τρόπον,
3550 4165 3717 4221 πάλαι
3749 4160 3842 4233 ’ἂν
3874 4187 3999 4240 ,φυ-
4041 4200 4045 4209 ι

2430 4255 2566 4327 σι,κῷ
2588 4255 2748 4327 βάρει
2776 4257 2930 4311 κάτω
2956 4274 3062 4311 που
3087 4259 3363 4331 φερομένη
3420 4258 3560 4312 κατὰ
3599 4258 3775 4330 βυθῶν
3825 4279 3999 4333 κεχω-

2434 4348 2608 4420 ρήκει.
2656 4346 2795 4400 Ἀλλ’
2817 4342 2886 4418 ἦν
2907 4348 3013 4427 ἄρα
3034 4350 3296 4421 κρείττων
3327 4348 3500 4419 αὐτῆς
3530 4352 3563 4422 ή
3589 4350 4001 4425 θαυματουργδς

2430 4438 2524 4490 καὶ
2550 4433 2975 4508 παράδοξοποιδς
2994 4437 3087 4491 τοῦ
3117 4438 3223 4492 τῶν
3271 4438 3409 4493 ὅλων
3446 4440 3651 4512 Κυρίου
3681 4441 3930 4514 δύναμις,
3963 4444 3999 4516 ἢ

2431 4530 2525 4583 τὸν
2547 4526 2801 4597 τοσοῦτον
2820 4525 2982 4597 ὄγκον
3036 4529 3130 4582 καὶ
3174 4527 3233 4582 τὸ
3278 4527 3528 4585 τοσοῦτον
3586 4530 3689 4601 τῆς
3728 4531 3835 4601 γῆς
3861 4530 4001 4605 πλή-

768 4603 1268 4683 bitatoribus.ejus,
1300 4615 1589 4669 sublimem
1631 4614 1738 4682 agi,
1783 4621 1837 4668 et
1868 4628 2134 4683 aquarum
2162 4615 2330 4669 dorso
2362 4603 2405 4657 Ῐ)
2439 4637 2467 4690 ρ

2301 4628 2330 4668 o
2362 4603 2405 4657 Ῐ)
2439 4637 2616 4690 ρωμα,
2639 4618 2770 4692 ὅλην
2790 4636 2851 4673 τε
2875 4620 2976 4691 τὴν
3004 4620 3325 4692 οἰκουμένην
3352 4620 3595 4686 καὶτοὺς
3612 4603 4000 4688 κατοικοῦντας

772 4696 1343 4774 ἰωροιιὶδοοι-ενθηι.
1396 4704 1745 4775 Quapropter
1781 4707 1910 4772 ipse,
1944 4705 2141 4775 inquit,
2173 4720 2329 4774 super

770 4796 945 4853 maria
972 4793 1212 4862 fundavit
1241 4810 1378 4847 eum.
1430 4791 1617 4861 Ne‘que
1644 4794 1786 4848 enim
1824 4796 1941 4865 ipsa
1976 4798 2119 4849 terra
2147 4795 2329 4867 gravis

769 4892 824 4940 et
852 4884 1169 4950 inanimata,
1204 4902 1326 4942 sese
1346 4900 1511 4956 supra
1534 4886 1760 4955 abyssos
1790 4872 2183 4955 consolidavit;
2234 4888 2328 4942 sed

771 4974 1011 5029 omnium
1046 4976 1225 5046 opifex
1256 4976 1351 5033 Dei
1394 4975 1590 5045 Filius,
1645 4974 1737 5046 qui
1785 4978 2018 5033 sclidum
2050 4990 2329 5051 ‘graveque

770 5060 932 5121 terra:
971 5064 1318 5133 elementum,
1355 5068 1538 5123 divina
1588 5060 1885 5139 creatione,
1940 5085 2108 5139 supra
2161 5070 2329 5123 maris

770 5154 945 5210 dorsa
988 5152 1123 5208 ferri
1159 5158 1353 5224 voluit,
1415 5174 1480 5213 ac
1536 5173 1705 5230 supra
1758 5158 2037 5214 humidam
2076 5167 2330 5215 naturam

771 5244 1060 5311 constitui,
1110 5248 1473 5320 atqueipsam
1524 5249 1629 5303 hoc
1677 5248 1839 5304 modo
1876 5247 2143 5306 fundavit.
2176 5250 2331 5303 Atio-

774 5352 879 5405 que
906 5336 1272 5393 ratiocinandi
1303 5339 1434 5405 ritu,
1464 5348 1665 5396 terram
1702 5355 1812 5396 non
1842 5354 1943 5396 sua
1973 5350 2172 5413 sponte.
2197 5332 2334 5397 sub-

776 5430 982 5490 stitisse
1015 5430 1194 5495 docet,
1238 5447 1415 5501 neque
1469 5442 1617 5489 sorte
1654 5435 1913 5505 quadam,
1944 5436 2234 5492 temeraria
2267 5448 2331 5488 ac

776 5520 1153 5588 irrationabili,
1186 5524 1279 5577 tali
1311 5523 1550 5593 undique
1575 5525 1749 5603 forma
1778 5526 2124 5582 instructam.
2148 5527 2331 5593 Quare

778 5608 1018 5683 subiicit,
1048 5625 1097 5671 et
1123 5631 1277 5685 super
1302 5615 1523 5684 ﬂumina
1548 5620 1862 5687 prwparavit
1912 5633 2048 5674 eum.
2085 5617 2143 5673 Si
2178 5634 2332 5673 nam-

2436 4713 2604 4785 αὐτὴν
2637 4712 2748 4767 ἄνω
2801 4712 3063 4791 φέρεσθαι
3111 4712 3380 4785 μετέωρον
3414 4713 3554 4784 ὑπὲρ
3591 4714 3658 4767 τὰ
3709 4713 4000 4787 νῶταγτῶν

2437 4805 2641 4861 ὑδάτων
2703 4800 3041 4875 βεϐούληται.
3097 4805 3209 4870 Διὸ,
3261 4805 3447 4871 αὐτὸς
3498 4804 3599 4858 ἐπὶ
3673 4806 4001 4861 θαλασσῶν

2434 4897 2827 4967 ἐθεμελίωσεν
2854 4892 3070 4961 αὐτὴν,
3097 4894 3333 4966 εἴρηται.
3368 4894 3444 4946 Οὐ
3476 4891 3585 4962 γὰρ
3617 4892 3753 4963 αὑτὴ
3803 4894 4000 4968 ἑαυτὴν

2424 4991 2458 5059 ἡ
2496 4988 2686 5060 βαρεῖα
2712 4986 2806 5039 καὶ
2837 4984 3043 5055 ἄψυχος
3072 4987 3145 5055 γῆ
3172 4984 3273 5037 in!
3302 4982 3411 5036 τῶν
3461 4981 3639 5051 βυθῶν
3697 4984 3997 5057 ἐστήριξεν,

2427 5077 2542 5132 ἀλλ’
2574 5077 2843 5130 ὁπὰντων
2895 5072 3224 5145 δημιουργὸς
3280 5074 3309 5127 ὀ
3363 5071 3457 5125 τοῦ
3484 5069 3620 5124 Θεοῦ
3663 5071 3810 5140 Υἱὸς,
3857 5075 3916 5141 ὃς
3938 5076 4001 5129 τὸ

2428 5166 2882 5239 περέμνιον.καὶ
2911 5163 3049 5234 βαρὺ
3077 5163 3179 5233 τῆς
3228 5163 3331 5235 γῆς
3383 5163 3645 5233 στοιχεῖον
3703 5163 3858 5238 θεῐκῇ
3906 5166 4000 5236 δη-

2434 5259 2692 5332 μιουργία
2745 5257 2822 5329 (2)
2877 5256 3018 5325 ὑπὲρ
3058 5250 3248 5310 νώτων
3283 5252 3534 5326 ’ὀχεῖσθαι
3584 5256 3858 5330 θαλάσσης
3905 5258 3998 5310 καὶ

2390 5387 2395 5395 .
2434 5345 2806 5416 ὑπεράνωίτῆς
2848 5343 3022 5414 ὑγρᾶς
3050 5342 3264 5413 φύσεως
3296 5343 3515 5398 ἑστάναι
3560 5344 3862 5417 βουληθεὶς,
3904 5346 3998 5398 καὶ

2430 5435 2615 5492 τοῦτον
2647 5438 2815 5507 αὐτὴν
2843 5434 3178 5505 θεμελιώσας
3204 5437 3296 5490 τὸν
3323 5436 3542 5509 τρόπον.
3568 5437 3679 5491 Καὶ
3717 5436 3840 5491 καθ’
3876 5434 3993 5488 ἓτε-

2436 5544 2523 5598 ρον
2547 5527 2604 5581 δὶ
2630 5526 2887 5599 λογισμὸν
2917 5528 3207 5599 παρίστησι
3221 5528 3295 5585 στδ
3324 5528 3399 5600 μὴ
3437 5528 3740 5599 αὐτόματον
3757 5520 3991 5598 ὒποστῆ-

2418 5635 2517 5678 ,ναι
2545 5619 2643 5691 τὴν
2672 5618 2795 5688 γῆν,
2815 5616 2953 5690 μηδὲ
2997 5619 3073 5683 ὡς
3114 5619 3321 5690 ἔτυχεν,
3371 5614 3617 5689 είκῆκαὶ
3651 5618 3880 5687 ἀλόγως.
3928 5618 3993 5673 τὸ

853 5768 1182 5900 (ἐξιεὶίροωη
1206 5783 1386 5829 monet
1406 5770 1797 5845 Theodoretus.
1830 5774 1888 5831 In
1920 5774 2188 5832 Hebraico
2204 5774 2499 5847 exemplari
2531 5774 2668 5831 nihil
2697 5776 2765 5832 de
2799 5771 3053 5831 Sabbato.

847 5852 872 5910 ί
959 5839 1134 5909 Altus,
1164 5844 1550 5910 μεγαλουργίᾳ.

959 5839 1134 5909 Alius,
1164 5844 1550 5919 μεγαλουργίᾳ.
