4302 6410
339 510 442 566 221

1512 501 2017 572 COM‘MENTARIA
2057 501 2123 555 IN
2164 497 2506 557 PSALMOS.
2541 500 2546 505 ’

3469 501 3579 557 εεε

337 624 578 681 τοιοῦτον
618 627 755 698 αὐτῇ
806 625 1228 698 περιϐεϐλῆσθαι
1263 624 1464 695 σχῆμα·
1519 623 1600 676 διὸ
1650 622 1909 690 ἐπιλέγειο
1945 628 1989 683 Α

2024 636 2125 689 que
2156 625 2266 673 tota
2298 627 2352 673 et
2386 620 2439 672 in
2497 615 2753 673 omnibus
2780 616 2865 672 sui
2898 615 3170 686 partibus,
3213 606 3332 672 laevi
3354 617 3583 688 aequabi-

340 720 449 772 Καὶ
482 719 582 772 ἐπὶ
629 718 910 789 ποταμῶν
961 720 1290 787 ἡτοίμασεν
1324 714 1545 789 αὐτήν.
1586 715 1649 767 Εἰ
1686 716 1783 785 μὲν
1809 714 1918 785 γὰρ

336 811 436 883 ὅλη
463 812 530 865 δι’
562 810 686 866 ὅλου
712 811 832 864 λεία
855 796 1152 881 καῖιμαλὴ
1213 807 1354 863 κατὰ
1400 807 1500 878 τὴν
1556 808 1789 876 σφαῖραν
1809 806 1918 858 τῶν

352 902 617 974 Ἐλλήνων
640 902 903 974 ὑπῆρχεν,
937 900 1037 954 οὐκ
1086 901 1150 956 ἀν
1181 916 1309 953 ποτε
1353 899 1451 969 τῆς
1496 897 1601 950 τῶν
1660 897 1917 967 ποταμῶν

344 999 653 1063 συστάσεως
694 984 913 1070 δεκτικὴ
949 997 1210 1067 ἐγεγόνει·
1263 996 1372 1049 οὐδ’
1400 994 1466 1049 ἂν
1516 996 1596 1057 είς
1642 994 1916 1063 γεωργίαν

344 1092 644 1163 ἐπιτηδεία,
690 1090 987 1161 ἐκρεόντων
1039 1087 1411 1158 ἁπανταχόθεν
1459 1087 1568 1141 τῶν
1620 1090 1701 1150 εἰς
1747 1087 1915 1157 αὐτὴν

344 1171 657 1254 φερομένων
688 1181 931 1261 δμϐρωνξ
956 1180 1032 1243 ὡς
1081 1179 1148 1235 αὖ
1176 1180 1336 1234 πάλιν
1366 1180 1431 1233 ὲκ
1453 1179 1547 1232 τοῦ
1571 1180 1833 1243 ἐναντίου,
1866 1179 1915 1230 εἰ

345 1273 484 1340 πλάξ
516 1269 585 1345 ἧν
619 1274 716 1344 μία
761 1273 1056 1344 ήπλωμένη
1103 1274 1194 1326 καὶ
1246 1273 1501 1343 ἀνειμένη
1540 1274 1617 1335 εἰς
1663 1270 1917 1334 πεδιάδας

343 1365 548 1439 χώρας,
582 1365 691 1419 οὐδ’
726 1364 898 1427 οὓτως
946 1364 1278 1434 συνέστησαν
1319 1364 1376 1418 ὲν
1412 1361 1547 1434 αὐτῇ
1580 1362 1831 1433 ποταμώ
1867 1363 1920 1415 οἵ

343 1459 392 1512 τ’
419 1458 478 1525 ἐξ
502 1452 743 1512 ἀεννάων
774 1456 964 1528 πηγῶν
1011 1458 1317 1528 φερόμενοι,
1349 1456 1402 1508 οἵ
1431 1444 1489 1509 τε
1510 1457 1574 1507 ὲκ
1602 1453 1708 1508 τῶν
1734 1470 1918 1523 χειμε-

349 1550 508 1625 ρινῶν
528 1551 749 1622 δμδρων
802 1550 1196 1619 συνιστάμενον
1226 1549 1388 1603 πάλαι
1424 1547 1470 1600 δ’
1500 1547 1567 1600 ἂν
1595 1546 1918 1599 ὲπικλύσαν-

346 1663 436 1710 τες
460 1647 661 1710 πᾶσαν,
689 1640 813 1696 οὔτε
832 1644 1183 1714 ⁵σπέρμασιν,
1213 1639 1334 1695 οὔτε
1358 1643 1565 1710 φυτοῖς,
1596 1640 1719 1692 οὔτε
1745 1657 1917 1711 γεωρ-

346 1739 494 1808 γίαις
516 1735 827 1807 ἐπιτηδείαν
857 1735 1025 1806 αὐτὴν
1072 1736 1349 1804 παρεῖχον·
1408 1731 1523 1785 ἀλλ’
1570 1732 1691 1784 οὐδὲ
1736 1733 1919 1796 αὐτοῖς

316 1822 462 1893 ’τοῖς
496 1828 806 1899 οἰκήτορσιν
849 1827 1061 1896 γεγόνει
1112 1826 1177 1879 ἂν
1209 1826 1495 1896 χρήσιμος,
1556 1824 1772 1878 πάντων
1802 1828 1919 1878 ὲπι-

349 1920 692 1992 κλυζομένων
736 1919 830 1973 καί⁵
866 1917 1323 1989 κατασυρομένων
1380 1917 1485 1970 ὑπὸ
1527 1918 1638 1992 τῆς,
1655 1907 1762 1971 τῶν
1792 1918 1917 1971 ὑδά-

345 2031 454 2068 των
483 1990 854 2086 πλημμύρας.’
877 2009 1059 2064 Ταῦτα
1090 2012 1187 2080 μὲν
1214 2006 1308 2064 οὖν
1345 2006 1434 2080 ἦν,
1470 2012 1517 2063 εἰ
1545 1990 1809 2081 μὴ’λόγος
1838 2026 1920 2072 τις

347 2103 733 2176 δημιουργικὸς
766 2104 861 2156 καὶ
886 2099 1021 2155 Θεοῦ
1050 2101 1210 2169 σοφία
1244 2100 1503 2171 τεχνικῶς
1556 2100 1692 2170 αὐτῇ
1722 2098 1920 2152 τοιόνδε

352 2196 538 2268 σχῆμα
573 2194 981 2267 πριῦεϐλήκειο
1027 2194 1145 2247 νυνὶ
1176 2192 1235 2247 δὲ
1284 2192 1457 2255 οὕτως
1487 2190 1919 2260 κατεσκευάσθη,

346 2289 422 2353 ὡς
451 2290 529 2351 εἰς
560 2285 662 2359 ὅρη
693 2286 786 2342 καὶ
838 2285 1037 2351 νάπας,
1094 2282 1333 2354 βουνούς,
1375 2299 1433 2335 τε
1490 2282 1585 2337 καὶ
1634 2282 1923 2353 φάραγγας

322 2390 327 2394 ’
349 2379 766 2452 ἐσχηματίσθαιο
783 2379 858 2442 ὡς
884 2377 978 2430 καὶ
1003 2376 1278 2446 ποταμοὺς
1303 2373 1403 2438 τὰς
1431 2374 1642 2432 ἑαυτῶν
1661 2375 1923 2440 διεξόδους

349 2471 642 2535 ἀκωλύτως
667 2458 956 2524 ποιεῖσθαι·
987 2466 1087 2539 ὅρη
1114 2483 1173 2519 τε
1200 2466 1293 2539 καί
1322 2465 1460 2537 ἀλση
1481 2467 1573 2521 καὶ
1603 2466 1742 2537 φυτά
1766 2466 1924 2533 ζώοις

349 2562 736 2636 ἀπονέμεσθαι·
776 2560 957 2633 χώρας
989 2537 1049 2612 τε
1078 2558 1173 2612 καὶ
1195 2537 1451 2623 πεδιάδας
1468 2561 1548 2625 εἰς
1566 2561 1807 2633 οἰκήσεις
1832 2561 1924 2615 καὶ

350 2658 619 2730 γεωργίας
645 2653 950 2725 ἀνθρώποις
997 2650 1323 2723 ἀφωρίσθαι.
1365 2651 1462 2716 Τίς
1504 2652 1684 2707 τοίνυν
1732 2654 1833 2707 οὐκ
1859 2652 1929 2706 ἂν

350 2749 734 2822 ὁμολογήσειεν
754 2744 969 2815 ἀληθῶς
990 2742 1160 2814 σοφῆς
1178 2739 1322 2797 εἶναι
1343 2745 1683 2816 προμηθείας
1715 2744 1887 2800 ταῦτα
1907 2762 1922 2810 ;

348 2843 408 2915 ἡ,
445 2838 791 2914 προλαϐοῦσα
818 2828 878 2894 τὸ
927 2839 1117 2911 μέλλον
1164 2841 1269 2912 πρὸ
1320 2838 1412 2892 τοῦ
1440 2836 1805 2921 πληρώματος
1828 2838 1926 2907 τῆς

350 2934 475 3006 γῆς,
511 2933 607 2990 καὶ
636 2932 745 3007 πρὸ
771 2932 866 2987 τοῦ
897 2932 1160 3003 συστῆναι
1192 2932 1259 2985 τὰ
1287 2934 1344 2984 ὲν
1391 2930 1553 3000 αὐτῇ,
1596 2928 1803 2982 τοιάνδε
1831 2928 1927 2981 αὑ-

349 3027 448 3099 τὴν
473 3027 827 3097 ἐσχημάτισε,
854 3023 1173 3096 καταλλήλῳ
1202 3021 1601 3077 διαπλάττουσα
1629 3020 1805 3090 τύπῳ,
1850 3018 1927 3083 ὡς

352 3120 419 3176 ἂν
442 3124 554 3184 τοῖς
578 3121 711 3174 πᾶσι
731 3120 939 3189 γένοιτο
966 3104 1262 3187 ἐπιτηδεία.
1287 3112 1704 3185 Μυστικώτερον
1729 3104 1785 3165 δὲ
1833 3110 1927 3165 τοῦ

350 3212 557 3283 Κυρίου
580 3211 804 3283 γέγονεν
826 3212 860 3282 ἡ
888 3208 983 3279 γῆ.

426 3308 523 3374 Τίς
552 3304 915 3373 ἀναϐήσεται
971 3304 1060 3369 εις
1095 3302 1162 3355 τὸ
1208 3301 1347 3370 ὄρος
1412 3299 1518 3353 τοῦ
1580 3298 1842 3367 Κυρίουὶ
1887 3296 1927 3366 ἦ
1954 3324 1997 3382 c

352 3399 444 3465 τίς
470 3399 761 3468 στήσεται
813 3399 884 3452 ἐν
931 3396 1091 3463 τόπῳ
1146 3393 1293 3464 ἁγίῳ
1342 3392 1561 3454 αὐτοῦ;
1609 3391 1667 3444 τὸ
1716 3388 1924 3444 τελικὸν

352 3491 689 3561 arcebit.qu
716 3491 807 3545 τὸν
837 3489 969 3544 Θεδν
1002 3486 1172 3555 Λόγον
1203 3484 1442 3551 λεκτέον,
1475 3482 1560 3552 ἐφ’
1591 3482 1620 3535 ὃ
1647 3482 1924 3536 ἀναϐαίνει

352 3584 382 3636 ό
407 3582 494 3646 διά
524 3583 804 3654 προκοπῆς
854 3581 946 3634 ἐπὶ
995 3579 1095 3650 τὴν
1145 3575 1454 3648 ἀκρώρειαν
1509 3574 1672 3628 αὐτοῦ
1723 3574 1924 3643 φθάσαι

354 3674 693 3747 γλιχόμενος.
727 3674 960 3735 Σπάνιος
987 3671 1044 3724 δὲ
1073 3670 1103 3722 ὁ
1153 3657 1414 3730 τοιοῦτος·
1450 3663 1531 3717 διὸ
1552 3665 1784 3735 εἴρηταυ
1830 3668 1926 3731 Τίς

353 3765 715 3833 ἀναϐήσεται
734 3766 821 3830 εἰς
846 3764 912 3816 τὸ
947 3761 1085 3830 ὄρος
1105 3757 1211 3812 τοῦ
1249 3755 1503 3824 Κυρίου;
1525 3753 1562 3823 ἢ
1590 3754 1681 3819 τίς
1701 3756 1924 3821 στήσε-

355 3879 451 3918 ται
481 3862 550 3917 ἐν
578 3860 747 3927 τόπῳ
764 3858 912 3929 ἁγίῳ
940 3853 1125 3913 αὑτοῦ
1140 3873 1161 3921 ;

1952 1976 1993 2030 Β

437 3950 644 4020 Ἃθῶος
688 3952 860 4023 χερσὶ
904 3948 1003 4004 καὶ
1044 3948 1303 4018 καθαρὸς
1333 3947 1410 4017 τῇ
1458 3947 1690 4016 καρδίᾳ,
1724 3945 1792 4012 ὃς
1813 3948 1924 3999 οὐκ
2000 3980 2005 3982 -

355 4046 573 4101 ἔλαϐεν
597 4044 697 4100 ἐπὶ
742 4043 971 4114 ματαίῳ
1001 4040 1117 4113 τὴν
1148 4035 1388 4110 ’ψυχὴν
1414 4039 1618 4103 αὐτοῦ,
1670 4036 1767 4091 καί
1813 4039 1926 4091 οὐκ

357 4137 594 4207 ὤμοσεν
619 4137 717 4190 ἐπὶ
749 4133 909 4198 δόλῳ
940 4132 1022 4198 τῷ
1048 4131 1543 4199 πλησιοναύτοῦ.
1575 4125 1763 4196 Οὗτος
1812 4128 1923 4197 λή-

360 4229 535 4297 ψεται
578 4224 863 4295 εὐλογίαν
889 4221 1048 4291 παρὰ
1076 4220 1317 4290 Κυρίου,
1361 4219 1463 4293 καί
1511 4218 1927 4289 ἐλεημοσύνην

359 4317 521 4389 παρὰ
567 4316 715 4371 Θεοῦ
778 4314 1046 4385 σωτῆρος
1092 4310 1298 4368 αὐτοῦ.
1352 4311 1509 4381 Αὕτη
1547 4313 1585 4380 ἡ
1630 4309 1804 4389 γενεὰ
1829 4309 1925 4377 ζη-

359 4409 624 4465 τούντων
665 4404 850 4461 αὐτὸν
871 4445 886 4470 ,
947 4402 1275 4473 ζητούντων
1336 4402 1405 4457 τὸ
1450 4402 1769 4471 πρόσωπον
1821 4400 1925 4455 τοῦ

365 4497 512 4555 Θεοῦ
571 4493 794 4553 Ἰακώϐ.
862 4495 1194 4564 Διάψαλμα.
1246 4494 1449 4561 Ἄρατε
1485 4495 1705 4560 πύλας,
1726 4495 1807 4546 ὀἱ
1833 4491 1927 4561 ἅρ-

365 4604 599 4659 χοντες,
619 4588 808 4657 ὑμῶν,
844 4585 945 4639 καί
974 4582 1510 4653 ἐπάρθητε,’πύλαι
1553 4583 1801 4645 αἰώνιοι,
1828 4581 1927 4635 καὶ

2020 714 2167 783 lique
2198 711 2507 781 superﬁcie,
2538 708 2838 766 secundum
2871 709 3019 763 illam
3052 706 3367 762 Graecorum
3402 710 3581 779 sphae-

2018 821 2157 869 ram,
2195 804 2409 869 fuisset,
2455 818 2730 874 nunquam
2778 800 3059 855 ﬂuminum
3097 802 3579 872 congregationem

2017 897 2360 960 admisisset;
2392 911 2568 965 neque
2596 895 2947 965 agriculturae
2985 903 3109 964 apta
3138 893 3299 957 foret,
3334 894 3582 950 diﬂluen-

2016 990 2169 1045 tibus
2209 989 2572 1058 undequaque
2613 986 2845 1056 pluviis:
2888 994 2947 1040 ut
2993 1002 3023 1041 e
3054 1000 3321 1041 converso
3355 987 3579 1051 iterum,

2018 1082 2063 1136 si
2088 1083 2247 1151 plana
2277 1089 2444 1144 esset,
2472 1095 2691 1150 unaque
2720 1078 3061 1148 superﬁcies,
3107 1086 3332 1133 extensa
3371 1080 3427 1132 in
3464 1078 3581 1147 pla-

2017 1169 2213 1228 nities'
2239 1184 2296 1231 et
2312 1172 2531 1244 '-agros;
2575 1178 2917 1241 nequaquam
2971 1169 3194 1223 ﬂumina
3233 1184 3296 1223 ex
3331 1170 3581 1238 perenni-

2018 1266 2121 1320 bus
2175 1245 2421 1320 fontibus
2482 1264 2757 1318 manantia
2819 1262 2931 1315 illic
2985 1262 3344 1327 exsisterent;
3404 1275 3583 1329 neque

2017 1356 2166 1412 ﬂuvii
2194 1359 2286 1427 qui
2305 1374 2371 1413 ex
2397 1358 2643 1412 hibernis
2674 1355 2939 1411 imbribus
2961 1355 3311 1419 coalescunt;
3341 1353 3432 1409 sed
3450 1353 3584 1420 jam-

2017 1450 2109 1505 diu
2143 1458 2312 1505 totam
2334 1460 2537 1505 terram
2564 1451 2944 1513 inuudassent,
2972 1448 3048 1502 ita
3080 1435 3143 1501 uti
3164 1461 3341 1515 neque
3364 1445 3581 1507 sationi,

2018 1556 2195 1610 neque
2226 1541 2429 1610 plantis
2461 1550 2516 1595 et
2543 1542 2853 1619 arboribus,
2889 1555 3065 1609 neque
3098 1537 3446 1607 agriculturae
3468 1535 3578 1595 ido-

2019 1644 2177 1683 neam
2229 1630 2555 1698 praeberent.
2612 1629 2803 1698 Neque
2856 1630 2974 1698 ipsa
3040 1628 3234 1682 incolis
3286 1626 3401 1681 suis
3459 1632 3582 1696 apta
3672 1646 3683 1653 η

2020 1721 2279 1790 utilisque
2327 1720 2545 1785 fuisset,
2597 1735 2721 1774 cum
2787 1733 3052 1788 aquarum
3106 1717 3342 1772 colluvie
3401 1717 3584 1771 omnia

2020 1817 2419 1871 inuodarentur
2446 1830 2509 1869 ac
2532 1813 2856 1870 diﬂluerent.
2916 1810 3043 1867 Haec
3071 1826 3205 1867 sane
3231 1810 3583 1873 accidissent,

2023 1909 2133 1963 nisi
2178 1908 2406 1963 verbum
2456 1907 2751 1977 quodpiam
2803 1904 2981 1975 opifex
3029 1919 3237 1969 rerum,
3268 1917 3333 1956 ac
3361 1900 3458 1956 Dei
3491 1917 3581 1957 sa-

2020 1999 2246 2070 pientia,
2275 1999 2507 2052 artificio
2534 2012 2731 2068 magno
2755 1996 2916 2051 talem
2947 1994 3051 2065 ipsi
3079 1993 3320 2063 undique
3352 1991 3583 2047 formam

2022 2087 2330 2143 indidisset.
2362 2087 2479 2140 Jam
2504 2101 2635 2141 vero
2660 2088 2740 2141 sic
2774 2086 3077 2156 composita
3105 2092 3210 2148 est,
3246 2090 3305 2137 ut
3336 2082 3393 2136 in
3426 2096 3585 2136 mon-

2024 2188 2104 2234 tes
2133 2185 2187 2234 et
2220 2179 2412 2243 clivos,
2462 2170 2631 2233 colles
2660 2186 2714 2232 et
2760 2180 2930 2233 valles
2966 2177 3368 2239 distribuatur,
3418 2182 3584 2246 utque

2024 2274 2268 2337 flumina,
2297 2272 2450 2328 nullo
2483 2272 2658 2335 obice,
2687 2286 2818 2326 suos
2839 2272 2941 2326 sibi
2966 2273 3149 2325 exitus
3178 2276 3406 2339 parent;
3437 2284 3582 2325 mon-

2022 2376 2127 2429 tes,
2163 2365 2311 2420 silvae
2363 2369 2416 2419 et
2456 2362 2681 2417 arbores
2707 2362 3035 2416 animalibus
3068 2360 3585 2431 deputentur;'agri

2024 2464 2079 2513 et
2110 2456 2365 2527 planities
2392 2445 2709 2509 hominibus
2732 2452 2809 2506 ad
2829 2451 3167 2507 domicilium
3194 2460 3248 2506 et
3286 2451 3585 2520 agricultu-

2024 2562 2139 2603 ram
2173 2546 2449 2601 destinata
2478 2547 2611 2601 sint.
2648 2545 2784 2612 Quis
2815 2559 2947 2614 ergo
2980 2558 3091 2598 non
3118 2542 3445 2598 conﬁteatur
3471 2542 3587 2597 haec

2024 2652 2055 2692 a
2102 2638 2334 2707 sapienti
2392 2638 2628 2709 quadam
2668 2635 3014 2707 providentia
3086 2633 3409 2706 proﬁcisci?
3455 2631 3586 2699 Quae

2026 2730 2207 2784 futura
2268 2730 2612 2800 prospiciens
2658 2738 2950 2799 antequam
3008 2728 3290 2798 plenitudo
3334 2736 3491 2782 terra:
3534 2734 3587 2780 et

2024 2837 2145 2893 quae
2187 2821 2242 2874 in
2273 2836 2339 2875 ea
2370 2824 2497 2876 Sunt
2526 2819 2914 2882 consisterent,
2944 2819 3041 2872 tali
3072 2833 3192 2887 eam
3219 2819 3392 2873 fonma
3422 2832 3588 2874 exoro

2026 2912 2194 2978 navit,
2224 2910 2655 2982 congruentibus
2676 2908 2993 2978 mutuisque
3031 2907 3177 2961 illam
3220 2906 3400 2961 modis
3431 2906 3588 2962 eﬂ‘or-

2026 3017 2203 3065 mans,
2267 3008 2328 3056 ut
2386 3000 2642 3056 omnibus
2683 2998 2971 3054 commoda
3022 2996 3297 3052 evaderet.
3360 2995 3587 3067 Mystico

2028 3102 2209 3148 autem
2236 3107 2395 3147 more
2422 3092 2537 3148 haec
2566 3099 2713 3146 terra
2743 3088 2958 3145 Domini
2994 3087 3158 3145 fuerit
3212 3086 3297 3161 [ea
3324 3088 3587 3143 nimirum

2028 3200 2149 3256 quae
2176 3200 2301 3240 mox
2336 3180 2663 3255 indicatur].
2912 3244 2913 3247 η

2098 3275 2269 3332 Vens.
2298 3278 2351 3331 5.
2395 3275 2527 3341 Quis
2556 3273 2798 3329 ascendet
2828 3274 2898 3329 in.
2924 3279 3149 3327 montem
3189 3270 3450 3328 Domini?
3496 3279 3589 3326 aut

2031 3388 2144 3439 qius
2178 3366 2344 3422 stabit
2373 3366 2429 3418 in
2456 3363 2570 3417 loco
2598 3371 2782 3417 sancto
2805 3364 2958 3431 ejus?
2986 3361 3045 3417 ld
3087 3360 3154 3418 de
3184 3346 3428 3432 perfecto
3444 3361 3589 3418 bono

2032 3476 2095 3514 ac
2123 3459 2189 3514 de
2218 3456 2330 3513 Deo
2358 3453 2538 3509 Verbo
2593 3454 2996 3523 explicandum,
3049 3453 3119 3506 ad
3162 3452 3309 3522 quod
3346 3453 3587 3511 ascendit

2031 3547 2284 3619 quisquis
2316 3559 2643 3616 progressus
2686 3557 2949 3597 cacumen
2980 3542 3097 3612 ejus
3133 3543 3401 3611 attingere
3424 3556 3588 3613 expe-

2030 3642 2116 3695 tit.
2162 3638 2269 3694 Sed
2298 3637 2410 3692 rari
2452 3634 2762 3706 huiusmodi
2797 3642 2962 3701 sunt;
2998 3648 3170 3704 quare
3194 3632 3429 3687 dicitur:
3456 3630 3589 3699 Quis

2030 3732 2267 3787 ascendet
2296 3731 2353 3785 in
2383 3738 2607 3785 montem
2643 3727 2849 3782 Domini
2876 3730 2900 3783 ?
2937 3738 3029 3782 aut
3056 3728 3172 3797 quis
3200 3724 3361 3781 stabit
3399 3725 3453 3779 in
3475 3708 3589 3780 loco

2031 3832 2211 3881 sancta
2237 3823 2350 3893 ejus
2367 3824 2394 3879 2

2126 3913 2292 3971 Vens.
2338 3913 2458 3969 4-8.
2507 3912 2767 3968 Innocens
2809 3909 3052 3964 manibus
3130 3916 3181 3963 et
3229 3906 3423 3961 mundo
3472 3922 3592 3961 cor-

2029 4009 2112 4076 de,
2142 4009 2229 4080 qui
2259 4024 2362 4061 non
2391 4007 2585 4074 accepit
2625 4005 2676 4058 in
2708 4003 3097 4058 vano'animam
3128 4015 3301 4065 suam,
3326 4014 3417 4053 nec
3432 3998 3591 4068 jura-
3694 4068 3699 4072 γ

2030 4101 2100 4156 vit
2139 4099 2194 4153 in
2236 4097 2358 4151 doto
2410 4098 2649 4165 proximo
2689 4110 2804 4147 suo.
2851 4091 2953 4145 Hic
3006 4091 3224 4161 accipiet
3275 4089 3591 4144 benedictio-

2030 4208 2145 4248 nem
2186 4208 2219 4244 α
2268 4188 2535 4253 Domino,
2576 4196 2626 4241 et
2654 4183 3073 4241 misericordiam
3115 4170 3169 4239 λα
3203 4182 3317 4238 Deo
3361 4182 3590 4238 salutari

2032 4298 2150 4337 suo.
2183 4278 2313 4335 Haec
2361 4287 2440 4334 est
2470 4279 2739 4350 generatio
2782 4278 3126 4349 quarentium
3168 4291 3308 4336 eum.
3353 4284 3592 4345 quaren-

2033 4378 2162 4430 tium
2194 4375 2383 4445 facient
2413 4372 2513 4427 Dei
2560 4370 2749 4427 Iacob.
2805 4367 3140 4436 Diapsatma.
3187 4365 3427 4419 Attollite
3466 4380 3589 4434 por-

2034 4478 2137 4531 tas,
2196 4467 2476 4536 principes,
2514 4473 2755 4529 vestras;
2786 4470 2835 4515 et
2882 4459 3175 4525 elevamini,
3200 4466 3368 4527 porta
3434 4465 3591 4512 icter-

2032 4561 2200 4625 ποίεε,
2264 4568 2314 4614 et
2394 4556 2637 4612 introibit
2694 4554 2828 4621 Rem,
2862 4553 3067 4623 glorite.
3163 4550 3294 4629 Quis
3340 4544 3437 4605 ἐει
3493 4547 3589 4605 iste

361 4641 771 4738 ἓισελὲῑξσὲται
794 4641 841 4731 ’δ
884 4641 1323 4745 ,βαδιλέὺς-τῆς
1360 4674 1562 4745 δόξης.
1618 4676 1737 4742 Τίς»
1762 4641 1932 4731 ἔστιν
1961 4679 1989 4734 1

2036 4652 2144 4707 Rea:
2191 4641 2421 4723 glorias?
2494 4648 2751 4702 Dominus
2804 4644 2957 4712 fortis
3023 4652 3073 4696 et
3139 4650 3342 4711 potens,
3404 4641 3593 4696 Domi-

365 4767 542 4839 οὗτος
570 4766 928 4836 δβασιλεὺς
970 4766 1081 4835 τῆς
1129 4754 1315 4835 δόξης
1330 4781 1350 4830 ;
1396 4766 1611 4833 Κύριος
1657 4766 1929 4833 κραταιὸς

366 4864 468 4932 καί
486 4862 764 4929 δυνατὸς,
794 4861 1007 4928 Κύριος
1034 4857 1304 4934 ¹δυνατὸς
1354 4858 1424 4911 ἐν
1470 4855 1729 4924 πολέμῳ.
1773 4857 1931 4920 Ἴσως
1986 4898 1989 4901 λ

364 4954 425 5009 δὲ
448 4954 538 5009 διά
562 4955 664 5026 τῆς
690 4951 935 5013 πεύσεως
962 4949 1056 5003 καὶ
1090 4949 1431 5021 ἀποκρίσεως
1457 4946 1760 5003 διδάσκουσι
1794 4946 1930 4999 πάν-

366 5063 468 5121 τας
523 5042 841 5120 ἀνθρώπους
877 5041 975 5115 τὴν
1022 5030 1337 5095 δεσποτείαν
1386 5037 1481 5092 τοῦ
1541 5036 1745 5110 Κυρίου
1774 5037 1932 5108 ἡμῶν

381 5136 558 5209 Ἰησοῦ
586 5132 843 5209 Χριστοῦο
872 5134 926 5187 εἰ
952 5148 1016 5201 γε
1042 5130 1127 5195 τίς
1157 5131 1201 5186 δ’
1230 5133 1317 5203 oin
1360 5129 1562 5192 ταύτας
1592 5128 1666 5199 μὴ
1700 5128 1929 5195 ἀγνοεῖν.

369 5229 525 5293 Τινὲς
549 5227 605 5299 δὲ
626 5227 723 5299 τὴν
742 5225 996 5299 δευτέραν
1040 5222 1230 5277 πεῦσιν
1263 5225 1357 5278 καὶ
1385 5221 1697 5293 ἀπόκρισιν,
1727 5220 1786 5272 οὐ
1816 5223 1934 5298 ταῖς

370 5320 453 5374 ἔτι
487 5304 743 5390 ἀνωτέρω
788 5318 1078 5389 δυνάμεσιν
1106 5314 1358 5387 εἰρῆσθαι
1410 5313 1590 5383 φασὶν,
1630 5310 1767 5365 ἀλλά
1816 5314 1934 5376 ταῖς

372 5412 580 5477 αὑταῖς.
620 5409 695 5462 Τό
721 5424 782 5462 τε
813 5408 1090 5479 διάψαλμα
1111 5407 1217 5476 πρὸ
1233 5406 1348 5459 τοῦ’
1383 5407 1586 5473 Ἄρατε
1613 5402 1831 5468 πύλας,
1881 5405 1935 5457 οι

372 5502 681 5574 ἄρχοντες,
718 5496 905 5568 ὑμῶν,
930 5498 1201 5568 κείμενον,
1223 5496 1323 5566 τῆς
1356 5493 1617 5566 μελῳδίας
1668 5490 1809 5545 ἔοικε
1837 5510 1934 5564 με-

325 5612 329 5617 ’
376 5593 603 5665 ταδολὴν
625 5588 973 5663 πεποιῆσθαι·
1003 5587 1125 5641 ἐπεὶ
1176 5586 1271 5639 καὶ
1325 5584 1428 5659 τῆς
1481 5583 1718 5647 διανοίας
1744 5582 1932 5647 αὐτῆς.

390 5686 477 5740 Ἐν
498 5686 556 5740 δὲ
578 5682 658 5753 τῷ
680 5680 857 5750 λέγειν
882 5675 1277 5732 εἰσελεύσεσθαι
1296 5676 1478 5742 αὐτὸν,
1516 5671 1812 5744 λεληθότως
1844 5675 1934 5728 καί

382 5776 552 5841 ἑξοδον
583 5772 746 5829 αὐτοῦ
804 5769 1038 5843 ᾐνίξατο.
1064 5764 1175 5822 Εἶτ’
1221 5767 1355 5837 ὲπείν
1379 5765 1455 5839 μὴ
1508 5764 1664 5841 μόνος
1707 5760 1935 5835 ῆμελλεν

380 5867 599 5921 εἰσιέναι
625 5869 703 5928 εἰς
748 5864 845 5934 τὴν
870 5859 1033 5917 αὐτοῦ
1095 5860 1391 5931 βασιλείαν,
1445 5856 1621 5925 πάσας
1666 5850 1936 5910 ἀναπετα-

384 5957 696 6033 ώῆναι·τάς
722 5957 890 6023 πύλας
916 5958 946 6011 ό
992 5954 1147 6025 λόγος
1192 5939 1637 6030 παρακελεύεται
1668 5946 1755 6004 διὰ
1812 5948 1935 6013 τοὺς

2034 4762 2131 4800 nus
2174 4755 2354 4815 potens
2411 4743 2465 4795 in
2515 4738 2720 4809 prwtio.
2760 4736 3018 4791 Fortasse
3052 4735 3090 4788 ii
3140 4750 3235 4805 per
3282 4734 3590 4804 interroga-

2030 4837 2231 4891 tionem
2289 4839 2344 4888 et
2389 4828 2802 4899 responsionem
2853 4839 3044 4881 omnes
3085 4823 3332 4878 homines
3382 4821 3461 4875 de
3491 4820 3589 4874 do-

2031 4926 2241 4992 minatu
2294 4919 2510 4977 Domini
2567 4917 2743 4985 nostri
2816 4915 2945 4971 Jesu
2998 4914 3201 4969 Christi
3252 4904 3595 4969 instituunt!

2034 5017 2080 5072 si
2115 5022 2334 5086 putetur
2381 5020 2567 5066 tamen
2606 5025 2699 5066 eas
2738 5010 2887 5079 ipsas
2931 5004 3205 5077 [ctelestes
3261 5001 3591 5074 potestates}

2035 5108 2088 5163 id
2117 5121 2225 5161 non
2271 5104 2548 5174 ignorare.
2610 5100 2750 5156 Sunt
2796 5098 2888 5167 qui
2924 5096 3260 5151 arbitrentur
3292 5094 3587 5149 secundam

2033 5195 2612 5267 interrogationem‘et
2649 5188 3063 5261 responsionem
3106 5202 3219 5241 non
3249 5185 3589 5242 sublimiori-

2033 5302 2136 5358 bus
2163 5296 2524 5377 potestatibus
2555 5294 2773 5357 factam,
2804 5290 2899 5345 sed
2929 5288 3123 5343 iisdem
3145 5293 3306 5374 atque
3328 5280 3587 5355 priorem.

2035 5391 2341 5463 Diapsalma
2380 5402 2506 5445 vero
2536 5397 2661 5448 ante
2693 5384 2847 5447 illud,
2886 5382 3126 5438 Attoltite
3149 5387 3352 5444 portas,
3391 5377 3584 5445 princi-

2035 5503 2143 5557 pes,
2178 5494 2399 5545 vestras,
2436 5479 2696 5554 positum,
2744 5475 2961 5539 videtur
2998 5472 3244 5529 melodiae
3274 5470 3451 5547 solum
3484 5467 3590 5521 im-

2037 5575 2391 5633 mutationem
2419 5572 2697 5633 inducere,
2752 5567 2880 5638 quia
2910 5566 3097 5622 eadem
3138 5565 3192 5618 in
3233 5561 3591 5633 sequentibus

2036 5668 2325 5727 sententia.
2370 5665 2506 5720 Cum
2540 5669 2719 5717 autem
2754 5662 3105 5715 introiturum
3125 5655 3309 5725 ipsum
3371 5653 3467 5722 ait,
3499 5669 3588 5708 ex-

2000 5746 2005 5747 ί
2036 5764 2171 5837 itum
2206 5760 2370 5815 etiam
2404 5757 2521 5827 ejus
2547 5754 2780 5831 latenter
2812 5748 3183 5807 adumbravit.
3221 5744 3423 5812 Deinde
3458 5758 3586 5801 vero

2036 5854 2163 5923 quia
2196 5865 2305 5906 non
2336 5850 2455 5920 ipse
2501 5846 2663 5902 solus
2698 5844 3003 5898 intraturus
3054 5840 3110 5893 in
3157 5852 3383 5913 regnum
3424 5852 3584 5893 suum

2036 5952 2173 6011 erat,
2209 5952 2395 6016 portas
2425 5953 2613 5998 omnes
2641 5936 2803 6009 pandi
2829 5942 2883 5992 et
2907 5932 3105 6005 aperiri
3122 5932 3375 6018 iubetur,
3393 5942 3587 5991 eorum
