4302 6394
680 478 788 534 225

1298 479 1564 535 EUSEB"
1604 479 2088 538 CASSARIENSIS
2123 478 2271 537 OPP.
2315 479 2495 535 PARS
2532 468 2732 535 111.“-
2770 478 3183 536 EXEGﬁTlCA.

3833 484 3942 541 2‘24

682 593 894 651 scilicet
923 607 1089 649 causa
1121 595 1214 665 qui
1252 610 1378 650 cum
1417 594 1511 650 Dei
1553 594 1694 653 Filio
1723 612 1952 668 regnum
1991 597 2256 653 caelorum

2363 596 2658 667 μέλλοντας
2713 594 3067 669 κληρονομεῖν
3112 596 3210 667 τὴν
3240 595 3517 667 βασιλείαν
3557 598 3664 651 τῶν
3692 598 3943 671 οὐρανῶν

681 688 1037 742 consecuturi
1084 695 1261 742 erant.
1319 686 1520 742 Multas
1560 688 1763 758 quippe
1798 702 1863 741 ac.
1891 686 2142 744 diversas
2189 688 2255 742 ad

682 781 833 852 regni
886 782 1154 836 etelorum
1205 780 1412 835 aditum
1452 789 1642 849 portas
1669 782 1911 851 aperuit:
1950 797 2075 837 nam
2114 781 2256 851 apud

684 871 895 927 Patrem
954 872 1270 927 mansiones
1316 875 1502 928 multae
1553 883 1679 929 sunt
1702 877 1764 926 ’⁷.
1827 877 1906 928 Ae
1959 875 2253 945 perpende,

684 979 889 1035 quaeso,
950 980 1081 1019 num
1143 965 1232 1019 hic
1297 967 1543 1021 solvatur
1599 969 1830 1038 quaestio
1883 969 2104 1040 psalmi,
2160 968 2255 1039 qui

683 1058 763 1114 sic,
823 1058 1019 1112 habet:
1077 1058 1327 1112 Ascendit
1381 1059 1518 1114 Deus
1575 1061 1629 1114 in
1672 1060 2029 1131 jubilatione,
2068 1060 2258 1114 Domi-

681 1168 777 1205 mts
803 1152 857 1205 in
890 1167 1010 1204 voce
1040 1151 1262 1207 tuere“.
1334 1150 1435 1207 llic
1477 1150 1716 1223 Spiritus
1782 1164 2006 1207 sanctus
2055 1152 2256 1222 jubila-

679 1245 885 1299 tionem
947 1259 1010 1297 ac
1049 1260 1233 1299 vocem
1290 1246 1438 1301 tuba:
1494 1245 1666 1301 dedit.
1726 1244 1861 1298 Nam
1910 1246 1964 1299 in
2010 1260 2247 1299 ascensu

682 1334 805 1389 Filii
840 1334 931 1391 Dei
966 1336 1020 1390 in
1049 1337 1244 1401 caelos,
1292 1353 1387 1407 par
1418 1336 1520 1391 fuit
1560 1338 1664 1408 ipsi
1695 1338 1909 1392 obviam
1943 1337 2053 1392 isse
2089 1352 2254 1408 ange-

684 1428 788 1490 los,
846 1443 956 1482 sua:
1003 1442 1101 1496 pro
1154 1427 1471 1496 hominibus
1524 1428 1847 1483 mconomiae
1873 1429 2251 1493 administros,

682 1530 845 1590 atque
894 1520 1202 1575 ccelestium
1239 1534 1519 1591 portarum
1576 1522 1719 1577 fores
1775 1522 1880 1592 ipsi
1948 1523 2252 1591 aperuisse,

618 1600 640 1617 "
677 1630 842 1669 voces
872 1614 1257 1684 angelicosque
1289 1614 1577 1678 clamores,
1612 1617 1705 1686 qui
1737 1614 1790 1670 in
1810 1615 2024 1686 psalmo
2061 1614 2253 1670 ferun-

678 1717 789 1772 tur,
842 1707 1129 1763 emisisse:
1163 1723 1301 1778 quos
1333 1708 1713 1779 jubilationem
1765 1715 1820 1763 et
1856 1723 2044 1763 vocem
2102 1708 2249 1763 tuba:

678 1806 960 1868 nuncupat
995 1798 1183 1854 dicens
1213 1817 1226 1852 :
1258 1799 1503 1853 Ascendit
1528 1799 1668 1852 Deus
1699 1799 1756 1851 in
1773 1798 2119 1867 jubitatione,
2154 1799 2254 1854 Do-

681 1890 856 1944 minus
884 1891 937 1945 in
967 1906 1085 1945 voce
1113 1889 1272 1943 tubaz.

1226 2083 1457 2140 DAVIDI
1498 2084 1689 2142 XXIV.

749 2180 885 2236 Cum
906 2194 1083 2249 neque
1113 2179 1375 2249 psalmus,
1400 2195 1575 2251 neque
1604 2180 1900 2254 canticum,
1926 2196 2102 2251 neque
2122 2180 2251 2251 quid

681 2272 861 2327 simile
897 2271 1248 2336 inscribatur,
1279 2286 1454 2341 neque
1486 2272 1541 2325 in
1580 2273 1738 2325 linem
1770 2271 1884 2325 haec
1914 2269 2249 2338 refcrantur;

680 2381 745 2420 ac
770 2364 988 2434 quidam
1010 2379 1291 2420 sermones
1317 2364 1427 2420 sint
1454 2364 1507 2418 in
1533 2362 1739 2435 Spiritu
1766 2373 1959 2420 sancto
1988 2380 2016 2417 a
2050 2362 2254 2420 Davide

680 2457 1003 2527 conscripti,
1035 2456 1158 2511 ideo
1187 2471 1217 2510 a
1248 2456 1473 2526 reliquis
1502 2457 1895 2527 interpretibus
1918 2456 2136 2511 Davidis
2168 2458 2255 2512 in-

679 2549 960 2606 scribitur.
982 2547 1115 2603 Jure
1144 2548 1394 2603 dicamus
1425 2548 1602 2618 ipsum
1628 2546 1932 2602 doctrinam
1966 2549 2251 2619 complecti

678 2641 1045 2696 conﬁessionis
1076 2639 1187 2694 Deo
1221 2640 1470 2706 emissae;
1503 2655 1609 2710 qua
1648 2640 1797 2711 prior
1828 2640 2045 2710 quidem
2087 2639 2254 2694 David

682 2749 816 2790 usus
853 2735 943 2797 sit,
976 2731 1173 2789 deinde
1203 2733 1361 2787 nobis
1389 2733 1635 2787 eamdem
1660 2733 1834 2803 ipsam
1856 2732 2167 2800 tradiderit,
2198 2742 2257 2787 ut

678 2826 900 2881 doceret
931 2840 1041 2896 quo
1068 2834 1228 2896 pacto
1271 2824 1545 2879 inﬁrmum
1578 2842 1851 2896 quemque
1884 2826 2121 2880 animam
2158 2842 2255 2881 cu-

677 2935 800 2976 rare
834 2934 987 2975 suam
1020 2934 1117 2990 per
1146 2916 1552 2974 confessionem
1579 2926 1849 2989 Oporteat.

754 3096 918 3152 Vens.
948 3098 1003 3162 2,
1034 3098 1088 3152 3.
1128 3097 1207 3149 Ad
1230 3107 1298 3159 te,
1331 3096 1569 3162 Domine,
1601 3098 1766 3151 levavi
1804 3099 2038 3152 animam
2064 3116 2253 3165 meam;

681 3186 825 3241 Deus
856 3204 1021 3251 meus,
1051 3188 1104 3240 in
1133 3196 1179 3240 te
1203 3187 1430 3255 conﬁdo,
1460 3204 1561 3242 non
1584 3189 1882 3243 erubescam
1910 3206 2109 3260 :neque
2131 3192 2257 3243 irri-

652 3266 656 3269 ’
679 3278 836 3331 derint
863 3294 943 3331 me
969 3277 1169 3331 inimici
1195 3278 1315 3340 mei,
1341 3266 1527 3332 etenim
1558 3280 1787 3334 universi
1815 3282 1905 3351 qui
1927 3282 2185 3335 sustinent
2210 3291 2258 3335 te

2359 691 2455 743 σὺν
2484 689 2559 761 τῷ
2582 688 2696 759 Υἱῷ
2726 688 2821 742 τοῦ
2852 689 3009 743 Θεοῦ.
3044 688 3253 752 Πολλὰς
3281 688 3389 760 γὰρ
3410 689 3612 759 ἀνέῳξε
3638 690 3732 743 καὶ
3753 692 3942 760 διαφό-

2359 801 2487 857 ρους
2521 782 2693 845 πύλας
2714 782 2811 852 τῆς
2847 784 2928 846 είς
2959 785 3083 847 τοὺς
3105 784 3366 853 οὐρανοὺς
3391 783 3624 837 εἰσόδου·
3679 784 3802 838 ἐπεὶ⁵
3847 787 3945 840 καὶ

2357 874 2547 928 πολλαὶ
2583 873 2741 945 μοναὶ
2775 874 2927 947 παρά
2950 875 3027 947 τῷ
3051 876 3248 947 Πατρί.
3278 877 3418 947 Ὅρα
3443 876 3499 929 δὲ
3531 877 3580 929 εἰ
3617 876 3692 948 μὴ
3724 880 3783 931 ὲν
3814 878 3943 932 τού-

2354 984 2467 1030 τοις
2493 965 2675 1037 λυθείη
2706 966 2771 1021 ἓν
2798 966 2859 1020 τὸ
2893 966 3223 1038 ζητούμενον
3257 969 3315 1021 ἐν
3335 966 3415 1039 τῷ
3439 966 3939 1041 φάσκοντιψαλμῷο

2368 1060 2563 1128 Ἀνέϐη
2596 1064 2627 1114 0'
2655 1059 2799 1126 Θεὸς
2861 1061 2933 1113 ἐν
2980 1059 3328 1130 ἀλαλαγμῷ,
3380 1060 3598 1129 Κύριος
3620 1055 3725 1114 ἢέν
3767 1059 3943 1132 φωνῇ’

2354 1149 2706 1222 σάλπιγγος.
2760 1150 3025 1205 Ἐνταῦθα
3055 1151 3163 1224 γάρ
3210 1151 3272 1205 τὸ
3317 1152 3542 1223 Πνεῦμα
3572 1154 3632 1207 τὸ
3658 1153 3813 1224 ἆγιον
3847 1156 3945 1210 καὶ

2353 1243 2443 1296 τὸν
2466 1242 2780 1315 ἀλαλαγμὸν
2805 1243 2899 1297 καὶ
2931 1243 3030 1315 τὴν
3059 1244 3243 1316 φωνὴν
3297 1244 3397 1313 τῆς
3427 1234 3727 1315 σάλπιγγος
3751 1245 3945 1301 ἀποδί-

2352 1334 2533 1389 δωσιν.
2582 1336 2670 1389 Ἐν
2690 1334 2797 1406 γὰρ
2822 1337 2889 1405 τῇ
2933 1336 3012 1398 είς
3032 1335 3295 1406 οὐρανοὺς
3341 1335 3603 1389 ἀναϐάσει
3654 1336 3747 1389 τοῦ
3806 1336 3942 1391 Υἱοῦ

2350 1423 2445 1478 τοῦ
2474 1422 2632 1487 Θεοῦ,
2663 1424 2788 1488 τοὺς
2816 1422 3313 1494 διακονησαμένους
3357 1423 3505 1494 αὐτῷ
3536 1424 3799 1492 ἀγγέλους
3840 1424 3942 1497 τὴν

2352 1516 2431 1577 εἰς
2461 1513 2781 1585 ἀνθρώπους
2836 1514 3148 1583 οἰκονομίαν
3199 1513 3525 1584 προτρέχειν
3575 1513 3723 1584 αὐτῷ
3770 1515 3938 1579 εἰκὸς,

2352 1602 2446 1657 καὶ
2474 1603 2571 1661 τάς
2601 1604 2885 1675 οὐρανίους
2924 1603 3098 1667 πύλας
3132 1601 3281 1673 αὐτῷ
3330 1604 3793 1674 παρασκευάζειν,
3829 1622 3941 1673 φω-

2351 1696 2448 1759 νάς
2476 1712 2535 1748 τε
2562 1697 2780 1766 ἀφιέναι
2808 1698 2900 1749 καὶ⁸
2933 1694 3060 1765 βοάς
3087 1695 3404 1765 ἁγγελικάς.
3426 1694 3526 1759 τὰς
3546 1697 3603 1749 ὲν
3631 1696 3711 1767 τῷ
3738 1695 3936 1767 ψαλμῷ

2352 1789 2675 1861 φερομένας·
2704 1787 2771 1851 ἃς
2789 1788 2853 1859 δὴ
2884 1787 3201 1859 ἀλαλαγμὸν
3256 1789 3349 1841 καὶ
3404 1789 3588 1860 φωνὴν
3640 1788 3940 1858 σάλπιγγος

2351 1880 2601 1951 ὠνόμασε
2624 1880 2823 1951 φήσας·
2865 1880 3064 1948 Ἀνέϐη
3094 1884 3125 1934 d
3160 1877 3304 1946 Θεὸς
3338 1880 3408 1933 ἐν
3432 1881 3781 1954 ἀλαλαγμῷ,
3822 1883 3941 1936 Κύ-

2286 2012 2328 2067 B
2347 1992 2478 2043 ριος
2509 1974 2576 2027 ἐν
2606 1968 2776 2043 φωνῇ
2802 1970 3154 2043 σάλπιγγος,

2898 2088 2987 2141 Ta
3022 2088 3221 2141 ΔΑΥΙΔ
3260 2088 3359 2141 KA'
3381 2126 3395 2141 .

2435 2178 2589 2233 Ἐπεὶ⁵
2619 2178 2760 2250 μήτε
2782 2176 2993 2248 ψαλμὸς
3019 2177 3438 2249 ἐπιγέγραπται,
3466 2181 3602 2252 μήτε
3630 2180 3762 2254 ᾠδὴ,
3799 2182 3937 2254 μήτε

2350 2287 2404 2323 τι
2436 2268 2545 2322 τῶν
2590 2267 3009 2340 παραπλησίων,
3063 2267 3180 2320 ἀλλ’
3237 2268 3345 2321 οὐδ’
3394 2270 3474 2334 είς
3531 2270 3594 2323 τὸ
3626 2270 3777 2334 τέλος
3808 2272 3940 2325 ἀνα-

2353 2362 2628 2434 πέμπεται
2659 2360 2728 2415 τά
2748 2360 3100 2433 προκείμεναο
3129 2360 3276 2429 λόγοι
3294 2360 3351 2413 δέ
3367 2363 3503 2414 εἰσιν
3529 2362 3587 2415 έν
3607 2363 3745 2434 ἀγίῳ
3769 2364 3940 2417 Πνεύ-
4030 2416 4039 2421 ,

2356 2473 2485 2527 ματι
2508 2453 2587 2526 τῷ
2610 2453 2774 2507 Δαυῖδ
2796 2452 3296 2525 συγγεγραμμένον
3316 2454 3397 2508 διὸ
3425 2453 3575 2525 παρὰ
3598 2456 3710 2517 τοῖς
3731 2453 3939 2519 λοιποῖς

2355 2549 2712 2619 ἐρμηνευταῖς
2747 2547 2852 2600 τοῦ
2876 2546 3055 2600 Δαυῒδ
3104 2547 3545 2620 προγέγραπται·
3580 2546 3804 2612 εἰκότως
3835 2551 3939 2620 φή-

2357 2656 2520 2709 σομεν
2543 2637 2889 2692 διδασκαλίαν
2922 2640 3197 2711 περιέχειν
3222 2639 3341 2717 τῆς
3371 2639 3507 2711 πρὸς
3538 2638 3631 2692 τὸν
3656 2638 3788 2693 Θεὸν
3819 2640 3937 2705 ἐξο-

2359 2731 2724 2803 μολογήσεως,
2824 2731 3037 2801 πρῶτος
3075 2731 3171 2802 μὲν
3196 2732 3358 2796 αὐτὸς
3386 2734 3414 2785 ὁ
3442 2731 3604 2785 Δαυῖδ
3643 2733 3934 2805 ἐχρήσατο,

2355 2822 2545 2875 ἔπειτα
2601 2821 2657 2874 δὲ
2710 2821 2804 2874 καὶ
2866 2821 2997 2890 ἡμῖν
3058 2822 3430 2893 παραδέδωκε,
3490 2822 3761 2876 παιδεύων
3788 2823 3937 2888 ὅπως

2354 2914 2458 2987 χρὴ
2493 2914 2793 2985 νοσήσαντα
2823 2913 2920 2986 τὴν
2946 2914 3154 2969 ἑαυτῶν
3179 2914 3506 2985 θεραπεύειν
3528 2915 3707 2988 ψυχὴν
3726 2917 3792 2969 δι’
3822 2917 3938 2984 ἐξο-

2358 3007 2559 3080 μολογή
2567 3024 2723 3070 σεως.

2424 3098 2583 3168 Πρός
2611 3098 2705 3163 σὲ,
2736 3098 2932 3167 Κύριε,
2967 3093 3085 3169 ᾖρα
3124 3098 3238 3168 τὴν
3280 3098 3494 3169 ψυχήν
3530 3117 3670 3168 μου·
3715 3101 3749 3153 ὀ
3791 3100 3939 3166 Θεός

2351 3206 2492 3259 μου,
2533 3188 2631 3242 ἐπὶ
2661 3188 2761 3242 σοὶ
2788 3189 3079 3251 ’πέποιθα,
3100 3189 3185 3258 μὴ
3233 3191 3736 3259 κατάσχυνθείην-
3780 3191 3939 3261 μηδὲ

2358 3279 2943 3347 καταγελασάτωσὰν
2963 3300 3038 3352 με
3066 3285 3118 3336 οἱ
3151 3283 3351 3352 ἐχθροί
3369 3299 3508 3352 μου·
3533 3281 3633 3335 καὶ
3660 3282 3767 3353 γὰρ
3791 3281 3938 3337 πάν-

681 3387 783 3424 non
821 3369 1225 3439 confundentnr.
1260 3369 1384 3425 Haec
1415 3372 1511 3437 ait,
1545 3373 1703 3442 quasi
1746 3372 1801 3427 in
1828 3374 1997 3427 altum
2030 3382 2250 3430 evectus

2355 3389 2453 3438 τες
2482 3376 2535 3427 οἱ
2583 3372 2992 3443 ὐπομένογτές
3037 3391 3110 3428 σε
3153 3377 3224 3428 οὐ
3270 3373 3356 3444 μὴ
3426 3376 3934 3444 καταισχυνθῶσι.

679 3478 730 3519 et
761 3464 1096 3530 translatus;
1140 3472 1201 3531 ut
1235 3466 1326 3536 qui
1366 3468 1603 3522 animam
1636 3466 1901 3522 suam‘ab
1931 3466 2135 3523 inﬁmis
2163 3482 2251 3523 re-

682 3558 785 3614 lms
813 3558 1139 3613 abstractam
1172 3560 1457 3615 sublimem
1490 3560 1682 3630 egerit,
1715 3569 1876 3629 atque
1904 3558 2101 3614 aﬁ‘ectu
2129 3574 2248 3615 eam

678 3665 897 3707 sursum
938 3665 1001 3705 ac
1042 3649 1153 3707 Deo
1186 3652 1421 3706 vicinam
1474 3652 1844 3718 constituerit,
1896 3658 1951 3705 et
1992 3642 2248 3731 imOrtalia

642 3790 647 3795 .
678 3742 1026 3814 humanaque
1058 3753 1365 3808 aversatus,
1417 3742 1485 3797 ad
1529 3742 1697 3798 Deum
1739 3758 1798 3799 se
1830 3743 2047 3799 sincero
2085 3736 2279 3800 corde

678 3838 1028 3893 converterit.
1061 3836 1373 3906 Deindequc
1407 3837 1519 3889 ait:
1546 3833 1662 3890 Non
1696 3836 1851 3900 mihi,
1889 3836 1983 3893 scd
2016 3836 2115 3893 tibi
2140 3836 2250 3893 Deo

678 3945 799 3985 meo
820 3929 1081 3996 conﬁsus,
1110 3930 1387 3999 multaque
1408 3943 1540 3983 usus
1572 3927 1789 3991 ﬁducia,
1818 3928 1981 3984 talem
2017 3945 2130 3985 rem
2164 3944 2252 4000 ag-

634 4034 637 4037 ·
680 4014 902 4092 gressus
941 4035 1081 4075 sum.
1117 4019 1217 4085 Qui
1248 4020 1429 4075 omnia
1466 4035 1586 4090 quae
1614 4020 1715 4075 sub
1735 4000 2013 4090 aspectuin
2043 4028 2097 4075 et
2125 4037 2251 4077 sen—

683 4128 804 4167 sum
836 4112 1039 4166 cadunt
1072 4111 1420 4180 contempsit,
1451 4119 1504 4166 et
1530 4112 1593 4165 ad
1625 4112 2008 4181 incorporeum
2044 4113 2252 4171 invisi—

680 4206 952 4275 liilemque
987 4204 1155 4259 Deum
1191 4203 1427 4258 animam
1456 4190 1653 4269 erexit,
1698 4204 1888 4273 Deum,
1924 4215 1993 4283 ut
2030 4220 2250 4276 posses-

682 4314 802 4354 sum
839 4299 938 4354 abs
976 4313 1035 4352 se
1077 4296 1302 4361 bonum,
1348 4295 1574 4351 ﬁdenter
1614 4297 1870 4366 invocat;
1919 4307 2252 4371 quapropter

681 4391 815 4446 dicit
857 4412 869 4445 :
904 4389 1044 4444 Deus
1076 4407 1241 4453 meus,
1293 4391 1346 4444 in
1382 4400 1429 4444 te
1458 4389 1685 4460 conﬁdo.
1736 4390 1867 4457 Quae
1903 4392 1970 4445 ad
2006 4409 2092 4447 me
2119 4394 2249 4446 atti-

683 4488 833 4544 nent,
866 4481 1063 4549 inquit,
1100 4480 1172 4535 ita
1204 4498 1262 4535 se
1295 4482 1515 4536 habent.
1545 4482 1808 4536 Caeterum
1836 4484 2090 4553 precibus
2118 4484 2250 4537 mihi

683 4573 974 4641 divinoque
1008 4580 1103 4628 tuo
1132 4574 1336 4650 auxilio
1366 4589 1505 4645 Opus
1527 4582 1632 4639 est,
1660 4582 1718 4627 ut
1740 4590 1808 4629 ne
1831 4589 1861 4627 a
1896 4589 2063 4645 scopo
2093 4575 2250 4629 aber-

684 4679 819 4725 rem,
865 4678 999 4717 neve
1040 4679 1140 4718 ceu
1173 4679 1201 4718 a
1231 4666 1453 4734 praealto
1491 4666 1772 4721 cacumine
1804 4666 1989 4738 lapsus
2022 4674 2243 4720 atterar.

684 4755 863 4821 Quare
894 4752 1123 4809 obsecro
1151 4770 1411 4825 rogoque,
1441 4772 1509 4810 ne
1531 4746 1600 4812 ab
1622 4758 1859 4813 inimicis
1886 4759 2022 4815 meis
2045 4758 2250 4829 pudore

684 4847 968 4904 sulfundar
996 4856 1050 4903 et
1082 4846 1313 4906 irridear
1346 4866 1359 4901 :
1390 4847 1535 4917 quod
1566 4864 1696 4904 sane
1720 4858 1813 4904 tuo
1843 4851 1937 4905 Dei
1967 4853 2070 4906 mei
2096 4852 2251 4906 auxi-

681 4941 756 4995 lio
784 4940 1062 5012 olitinebo.
1100 4938 1233 4994 Nam
1260 4939 1491 5011 pristina
1524 4939 1741 5008 quidem
1781 4958 1846 4995 ex
1890 4944 2110 5013 proprio
2156 4960 2267 4997 vo-‘

683 5032 909 5086 luntatis
935 5031 1145 5087 delectu
1170 5032 1676 5103 proﬁciscebantur,
1702 5032 1761 5085 ut
1783 5033 1990 5091 scilicet
2012 5036 2249 5089 animam

682 5110 857 5178 meam
901 5115 1167 5175 arbitratu
1218 5138 1340 5177 meo
1385 5138 1481 5178 sus
1524 5121 1699 5191 deque
1728 5138 1981 5194 agerem:
2014 5125 2255 5181 secunda

685 5210 993 5281 patrocinio
1022 5218 1077 5265 et
1110 5210 1356 5267 subsidio
1390 5220 1551 5284 egent
1589 5219 1708 5269 tuo.

764 5472 923 5530 Vens.
957 5474 1008 5530 4.
1046 5474 1456 5547 Confundantur
1476 5479 1656 5551 iniqua
1681 5488 1887 5555 agentes
1914 5498 2246 5552 supervacue.

691 5565 975 5636 Proposito
1007 5569 1259 5627 insistere
1290 5571 1465 5626 solum
1507 5576 1783 5639 convenit,
1832 5590 2007 5647 neque
2037 5587 2251 5634 mutare

690 5659 1036 5729 sententiam,
1067 5662 1151 5717 vel
1180 5678 1210 5717 a
1251 5663 1356 5720 ﬁde
1383 5664 1634 5739 deiicere.
1666 5666 1801 5723 Nam
1832 5670 1926 5741 qui
1963 5671 2251 5730 instabiles

689 5750 1023 5823 mobilesque
1053 5762 1202 5824 sunt,
1251 5772 1315 5813 ac
1341 5759 1487 5815 omni
1518 5762 1678 5815 vento
1702 5762 2182 5835 circumferuntur,
2216 5768 2247 5823 ii

759 5910 803 5943 ⁸⁷
842 5908 996 5970 Joan.
1032 5922 1151 5984 xlv,
1176 5914 1235 5985 2.
1312 5918 1356 5951 ’³
1392 5915 1537 5974 Psal.
1579 5914 1699 5975 nvi
1722 5962 1737 5989 ,
1774 5920 1825 5975 6.

2357 3461 2543 3516 Ταῦτά
2568 3480 2753 3536 φησιν,
2810 3465 3010 3518 ὡσανεὶ
3061 3465 3269 3537 ἐπάρας
3308 3468 3385 3531 είς
3433 3466 3565 3537 ὕψος
3597 3467 3849 3539 μεταθείς
3876 3485 3937 3523 τε

2355 3554 2447 3607 καὶ
2481 3554 2817 3629 μετεωρίσας
2842 3556 2952 3611 τῶν
2986 3558 3476 3649 τῇδες-πραγμάτων
3492 3560 3589 3632 τὴν
3621 3560 3815 3615 ἑαυτοῦ
3834 3561 3938 3633 ψυ-

2356 3649 2475 3721 χήψ
2511 3648 2623 3704 ἀνω
2643 3667 2704 3703 τε
2736 3650 2963 3722 πλησίον
2986 3650 3157 3722 αὑτήν
3186 3651 3278 3704 τοῦ
3308 3652 3443 3706 Θεοῦ
3475 3656 3541 3726 τῇ
3566 3652 3802 3709 διαθέσει
3834 3672 3937 3709 κα-

2354 3746 2628 3816 ταστήσας
2654 3745 2723 3798 δι’
2764 3745 3114 3814 ἀποστροφῆς
3155 3738 3253 3815 μὲν
3286 3744 3392 3821 τῶν
3443 3745 3655 3816 θνητῶν
3701 3745 3795 3799 καὶ
3843 3747 3938 3799 ἀν-
4025 3748 4043 3776 ‘

2356 3834 2661 3909 θρωπίνων,
2692 3838 3026 3908 ἐπιστροφῆς
3074 3837 3130 3889 δέ
3161 3837 3387 3908 γνησίας
3418 3838 3516 3908 τῆς
3565 3837 3702 3907 πρὸς
3751 3836 3932 3893 αὐτόν.

2359 3932 2596 3986 Ἐπειτά
2618 3947 2772 4003 φησιο
2793 3929 2964 3984 Τοῦτο
2992 3928 3290 3999 πεποίηκα,
3317 3927 3416 3981 οὐκ
3446 3927 3667 3998 ἐμαυτῷ
3696 3927 3933 4000 θαρρῶν,

2355 4023 2468 4077 ἀλλ’
2496 4023 2588 4076 ἐπὶ
2624 4024 2706 4076 σοὶ
2734 4020 2812 4093 τῷ
2832 4019 2952 4092 Θεῷ
2978 4038 3078 4092 μου
3105 4018 3401 4083 πεποιθὼς,
3460 4019 3625 4092 πολλῇ
3657 4022 3937 4094 παρρησίᾳ

2356 4114 2653 4186 χρώμενος.
2702 4114 2762 4167 '0
2785 4114 3000 4168 πάντων
3031 4112 3129 4184 μὲν
3182 4112 3290 4165 τῶν
3340 4113 3610 4185 αἰσθητῶν
3649 4116 3743 4168 καὶ
3799 4116 3937 4186 όρω·

2359 4203 2535 4274 μένων
2565 4203 3000 4275 καταφρονήσας,
3033 4204 3125 4257 ἐπὶ
3144 4204 3199 4256 δὲ
3226 4203 3316 4257 τδν
3339 4204 3626 4276 ἀσώματον
3653 4206 3747 4260 καὶ
3774 4206 3938 4277 ἀόρα-

2354 4310 2445 4347 τον
2473 4292 2603 4346 Θεὸν
2640 4292 2736 4365 τὴν
2759 4294 2951 4348 ἐαυτοῦ
2972 4294 3149 4368 ψυχὴν
3175 4296 3405 4367 ἐπάρας,
3465 4296 3541 4359 ὼς
3568 4295 3634 4352 ἂν
3659 4296 3787 4350 ῐδιον
3811 4298 3937 4350 ἐαυ-

2355 4386 2448 4439 τοῦ
2486 4387 2671 4457 κτῆμα
2714 4388 3001 4458 γενόμενον
3042 4389 3133 4441 τὸν
3165 4388 3295 4442 Θεὸν
3325 4389 3699 4444 ἐπικαλεῖσθαι
3723 4388 3931 4463 θαρρεῖ·

2355 4478 2435 4531 διὸ
2459 4477 2625 4547 λέγει’
2687 4478 2750 4533 '0
2800 4481 2945 4547 Θεός
2966 4498 3109 4550 μου,
3136 4480 3232 4534 ἐπὶ
3263 4480 3361 4533 σοὶ
3420 4480 3695 4537 πέποιθα.
3731 4481 3840 4535 Καὶ
3866 4481 3936 4535 τὰ

2358 4571 2485 4641 παρ’
2508 4570 2641 4641 ἐμοῦ
2676 4572 2793 4643 μὲν,
2818 4572 2971 4643 φησι,
3002 4572 3193 4627 ταῦτα.
3229 4574 3425 4628 Λοιπὸν
3455 4575 3510 4628 δὲ
3531 4576 3695 4647 εὐχῆς
3728 4574 3933 4646 μοιδεῖ,

2358 4662 2451 4715 καὶ
2482 4662 2578 4733 τῆς
2612 4664 2764 4735 παρὰ
2786 4662 2880 4716 σοῦ
2920 4662 3013 4716 τοῦ
3069 4663 3203 4717 θεοῦ
3233 4666 3571 4736 συνεργείας,
3602 4666 3738 4737 πρὸς
3771 4666 3831 4718 τὸ
3859 4667 3933 4738 μὴ

2354 4753 2611 4809 ἐκπεσεῖν
2664 4754 2758 4807 τοῦ
2785 4753 3011 4817 σκοποῦ,
3046 4754 3165 4825 μηδ’
3194 4754 3381 4828 ὥσπερ
3413 4758 3505 4826 ἀφ’
3527 4756 3735 4827 ὑψηλῆς
3761 4757 3936 4827 ἀκρω-

2326 4862 2329 4863 '
2359 4845 2508 4916 ρείας
2543 4846 2777 4899 πεσόντα
2807 4845 3209 4917 ἀπορραγῆναι.
3241 4848 3331 4900 Διὸ
3364 4846 3555 4918 δέομαι
3585 4848 3678 4900 καὶ⁵
3710 4848 3935 4929 ἱκετεύω

2360 4939 2433 5010 μὴ
2465 4938 2944 5010 καταισχυνθῆναι,
2990 4940 3122 5010 μηδὲ
3164 4938 3637 5013 καταγελασθῆναι.
3686 4939 3791 4992 ὑπὸ
3828 4940 3934 4994 τῶν

2357 5034 2562 5106 ἐχθρῶν
2588 5049 2710 5105 μου·
2748 5031 2917 5086 ταῦτα
2936 5031 2992 5085 δέ
3025 5050 3115 5103 μοι
3146 5032 3297 5085 ἔσται
3341 5032 3405 5084 ἐκ
3431 5031 3530 5101 τῆς
3557 5031 3658 5100 σῆς
3677 5030 3771 5083 τοῦ
3799 5031 3932 5085 Θεοῦ

2359 5144 2459 5196 μου
2493 5124 2762 5197 βοηθείας.
2795 5122 2873 5177 Τὰ
2901 5124 2997 5194 μὲν
3027 5123 3135 5194 γὰρ
3164 5121 3355 5194 πρῶτα
3395 5122 3453 5189 ἐξ
3482 5121 3625 5193 ἐμῆς
3656 5117 3723 5193 ἦν
3744 5140 3937 5195 προαι-

2359 5218 2578 5288 ρέσεως,
2606 5219 2667 5271 τὸ
2704 5217 2857 5286 ἄγειν
2881 5218 2974 5271 καὶ
3016 5217 3200 5287 φέρειν
3224 5216 3321 5287 τὴν
3354 5212 3590 5285 ἐμαυτοῦ
3628 5213 3805 5286 ψυχὴν
3828 5216 3932 5286 ὅπη

2355 5310 2448 5363 καὶ
2473 5310 2754 5383 βούλομαισ
2780 5309 2849 5364 τά
2874 5310 2931 5363 δὲ
2956 5308 3182 5379 δεύτερα
3216 5312 3316 5381 τῆς
3346 5308 3446 5379 σῆς
3473 5306 3812 5380 ἀντιλήψεως
3842 5309 3937 5361 καὶ

2354 5403 2667 5475 συνεργείας
2690 5402 2878 5456 δεῖται.

2422 5492 2935 5562 Αἰσχυνθήτωσαν
2962 5494 3015 5545 οἱ
3043 5492 3407 5562 ἀνομοῦντες
3435 5489 3734 5559 διακενῆς.
3758 5487 3935 5542 Μόνον

2355 5582 2639 5655 ὑπομένειν
2664 5588 2731 5657 τῇ
2766 5582 3042 5655 προθέσει,
3074 5584 3209 5656 μηδὲ
3240 5584 3617 5657 μεταδάλλειν,
3644 5582 3739 5636 καὶ
3782 5581 3933 5653 μεθί-

2358 5675 2584 5732 στασθαι
2629 5678 2724 5751 τῆς
2753 5672 3006 5741 πίστεως.
3034 5678 3097 5731 0i
3145 5678 3253 5749 γὰρ
3286 5678 3589 5749 εὑρίπιστοι
3623 5672 3718 5728 καὶ
3769 5676 3926 5729 παντὶ

2357 5768 2541 5843 ἀνέμῳ
2569 5769 2987 5844 περιφερόμενοι
3016 5768 3234 5825 πάθοιεν
3263 5770 3327 5826 ἄν
3358 5785 3487 5823 ποτε
3516 5766 3582 5820 τὰ
3605 5765 3702 5837 τῆς
3731 5764 3925 5841 αἱσχύ-
