4302 6390
768 498 868 554 227

1497 493 1760 549 EUSEBII
1798 491 2269 549 CESARIENSIS
2306 491 2454 546 OPP.
2482 491 2658 546 PARS
2695 491 2784 547 111.
2828 523 2897 532 ——
2934 493 3336 549 EXEGETICA.

3882 497 3992 552 2‘28

767 627 818 674 et
849 627 1028 672 rectus
1064 616 1318 670 Dominus
1353 623 1456 676 est,
1490 613 1581 683 qui
1609 613 1776 682 probe
1816 613 1998 667 omnia
2024 612 2309 680 dispensat.

2427 609 2548 671 στός
2578 611 2722 662 ἐστιν
2766 610 2857 662 καὶ
2924 610 3100 676 εύθὶς,
3138 612 3316 681 φησιν,
3346 613 3372 663 6
3417 611 3635 680 Κύριος,
3667 607 3724 665 εὖ
3757 613 3999 666 διατιθέ-

767 717 1076 775 rectamque
1108 704 1282 774 diligit
1310 705 1474 768 viam,
1506 718 1568 756 ac
1599 711 1845 757 tortuosa
1880 703 1935 754 in
1979 709 2184 760 rectum
2211 700 2321 752 cal-

767 799 866 851 lem
895 796 1132 849 deducit.
1163 794 1504 864 Quapropter
1529 799 1846 860 peccatores
1879 805 1987 843 non
2015 796 2316 850 aversatur,

765 905 938 957 neque
963 887 1186 956 negligit
1217 887 1414 940 sinitve
1453 899 1547 937 eos
1586 883 1824 950 peccatis
1855 881 2130 950 corrumpi
2165 881 2278 935 suis
2305 899 2315 932 :

764 969 855 1034 sed
886 980 1041 1049 quasi
1069 979 1438 1048 perhumanus
1469 976 1752 1044 bonusque
1794 973 2051 1028 Servator
2081 973 2320 1026 inﬁrmo-

764 1087 880 1123 rum
946 1071 1068 1140 plus
1131 1084 1294 1138 quam
1347 1069 1484 1122 bene
1540 1066 1855 1120 habentium
1903 1078 2089 1116 curam
2147 1065 2314 1132 gerit,

763 1161 920 1232 atQue
965 1165 1095 1232 ipsis
1126 1163 1293 1230 legem
1351 1163 1444 1215 dat
1463 1185 1484 1222 ,ι
1531 1156 1865 1228 paenitentia:
1885 1155 2002 1211 vias
2050 1155 2313 1218 indicans,

763 1263 1010 1328 legesque
1032 1271 1238 1319 ponens
1275 1255 1407 1323 ipsis
1431 1255 1499 1306 ad
1530 1254 1758 1306 salutem
1785 1259 2162 1319 congruentes.
2183 1250 2316 1303 Nam

763 1351 841 1404 vel
879 1349 945 1402 iis
973 1349 1062 1416 qui
1109 1355 1336 1416 peccant
1366 1346 1449 1398 via
1481 1345 1724 1414 quaadam
1775 1344 1965 1398 salutis
1993 1342 2313 1406 ostenditur,

763 1440 1008 1493 videlicet
1045 1438 1452 1501 conversionis,
1504 1436 1872 1506 paenitentiae,
1925 1435 2312 1498 confessionis,

762 1547 875 1600 qua:
912 1532 1130 1599 quidem
1176 1531 1277 1582 alia
1311 1537 1393 1584 est
1425 1545 1454 1580 a
1498 1529 1583 1581 via
1625 1527 1879 1596 perfectis
1917 1527 2049 1581 viris
2081 1526 2311 1579 'tradita.

761 1624 889 1678 Nam
913 1640 1036 1678 cum
1073 1625 1240 1693 legem
1268 1623 1359 1676 dat
1389 1621 1548 1684 Deus,
1585 1622 1724 1674 viam
1755 1620 2108 1688 peccantibus
2131 1619 2317 1680 aliam,-

760 1719 915 1771 aliam
946 1733 973 1770 a
1005 1723 1227 1786 peccato
1263 1731 1321 1770 se
1361 1716 1820 1779 convertentibus,
1854 1715 2014 1768 aliam
2045 1713 2110 1766 iis
2133 1711 2226 1781 qui
2261 1710 2315 1762 in

760 1812 954 1865 virtute
981 1810 1289 1880 proficiunt,
1320 1811 1478 1864 aliam
1511 1810 1726 1863 demum
1759 1806 2172 1877 perfectioribus
2207 1813 2316 1856 tra-

749 1903 852 1956 dit.
884 1901 1247 1967 Quamobrem
1292 1900 1645 1968 peccantibus
1692 1899 1908 1968 quidem
1952 1896 2095 1949 viam
2131 1900 2316 1948 osten-

2427 719 2582 771 μενος
2609 701 2674 753 τὰ
2708 702 2904 766 πάντα,
2954 704 3047 754 καὶ
3083 703 3180 775 τὴν
3230 704 3440 757 εὐθεῖαν
3472 704 3587 757 ὁδὸν
3633 703 3875 771 ἀγαπῶν,
3924 705 3998 758 τά

2422 810 2477 845 τε
2502 792 2687 846 σκολιὰ
2716 796 2793 856 είς
2829 792 3039 848 εὐθεῖαν
3070 796 3237 862 ἄγων.
3283 796 3380 848 Διὰ
3411 797 3569 850 τοῦτο
3595 797 3694 849 οὐκ
3717 796 3977 869 ἀποστρέ-

2422 903 2597 953 φεται,
2632 887 2750 938 οὐδὲ
2781 888 2994 959 παρορᾷ
3022 889 3439 957 καταλιμπάνων
3458 890 3655 951 αὐτοὺς
3671 888 3991 961 φθείρεσθαι

2419 982 2536 1041 ταῖς
2584 979 2788 1031 ἑαυτῶν
2820 979 3146 1050 ἁμαρτάιςο
3201 981 3312 1033 ἀλλ’
3349 976 3435 1033 οἷα
3480 971 3856 1051 φιλάνθρωπος
3892 980 3990 1034 καὶ

2419 1068 2842 1140 ἀγαθὺςΣωτὴρ
2886 1070 3178 1123 νοσούντων
3215 1071 3409 1140 μᾶλλον
3440 1070 3472 1140 ἢ
3508 1073 3853 1148 ὑγιαινόντων
3885 1072 3992 1142 τὴν

2419 1161 2671 1231 φροντίδα
2705 1165 2964 1214 ποιεῖταιο
3001 1163 3095 1215 καὶ
3120 1163 3329 1226 τούτοις
3367 1163 3662 1233 νομοθετεῖ,
3702 1165 3990 1233 μετανοίας

2417 1254 2567 1315 ὁδοὺς
2602 1253 2916 1316 ὑποδεικνὺς
2945 1255 3145 1320 αὐτοῖς,
3169 1255 3260 1306 καὶ
3291 1254 3484 1323 νόμους
3499 1257 3626 1319 τοὺς
3649 1255 3989 1326 ἁρμόζοντας

2417 1345 2597 1406 αὐτοῖς
2627 1346 2762 1414 πρὸς
2791 1345 3056 1415 σωτηρίαν
3104 1345 3551 1416 παρατιθέμενος.
3591 1348 3746 1398 Ἐστι
3772 1346 3879 1416 γάρ
3899 1363 3988 1410 τις

2418 1436 2510 1488 καὶ
2535 1436 2650 1498 ὁδὸς
2671 1438 2781 1498 τοῖς
2821 1437 3215 1506 ἁμαρτάνουσιν
3249 1436 3649 1508 ἐπιδεδειγμένη
3693 1438 3987 1507 σωτηρίας,

2415 1526 2448 1594 ἡ
2479 1524 2579 1593 τῆς
2607 1525 2937 1595 ἐπιστροφῆς
2972 1525 3066 1583 καὶ
3099 1525 3380 1594 μετανοίας
3410 1525 3501 1578 καὶ
3524 1526 3985 1596 ἐξομολογήσεως,

2417 1618 2492 1678 ὡς
2528 1616 2688 1688 ἐτέρα
2744 1616 2877 1670 οὖσα
2926 1621 3076 1688 παρὰ
3117 1617 3214 1688 τὴν
3258 1620 3369 1680 τοῖς
3409 1617 3631 1680 τελείοις
3674 1617 3984 1688 δεδομένην.

2417 1710 2739 1779 Νομοθετῶν
2804 1709 2913 1781 γὰρ
2954 1713 2982 1762 ὁ
3033 1710 3183 1773 Θεὸς,
3225 1709 3392 1781 ἄλλην
3439 1710 3534 1780 μὲν
3581 1699 3987 1782 ἁμαρτάνουσιν

2415 1800 2530 1852 ὁδὸν
2559 1801 2844 1862 δείκνυσιν,
2877 1794 3136 1870 ἐτέρανδὲ
3162 1803 3274 1866 τοῖς
3301 1801 3714 1872 ἐπιστρέφουσιν
3730 1802 3788 1866 ἐξ
3808 1803 3979 1875 ἁμαρ-

2417 1892 2555 1956 τίας,
2609 1893 2702 1945 καὶ
2755 1892 2920 1962 ἄλλην
2951 1892 3111 1945 πάλιν
3143 1895 3254 1956 τοῖς
3283 1895 3341 1947 ἐν
3387 1894 3553 1966 ἀρετῇ
3590 1895 3984 1965 προκόπτουσι,

758 1997 864 2061 dit;
901 2002 1220 2048 mansuetos
1273 1967 1395 2044 cum
1433 1991 1640 2059 judicio
1704 1967 1934 2060 diriget,
1981 2001 2309 2057 eorumque,

2419 1985 2511 2036 καὶ
2554 1985 2745 2054 ἑτέραν
2783 1988 2895 2048 τοῖς
2949 1984 3318 2056 τελειοτέροις.
3349 1985 3440 2037 Διὸ
3469 1989 3580 2049 τοῖς
3610 1987 3708 2057 μὲν
3739 1986 3960 2058 ἁμαρτά

757 2098 940 2160 utpote
975 2087 1397 2159 perfectiorum,
1444 2100 1631 2138 curam
1685 2092 1868 2154 geret:
1915 2098 2083 2153 quare
2123 2083 2315 2152 dignos

757 2195 848 2234 eos
883 2178 976 2248 qui
1008 2177 1151 2230 beati
1202 2173 1631 2244 praedicarentur
1669 2173 1979 2236 aestimavit,
2017 2171 2313 2226 secundum

757 2270 926 2324 illud:
978 2268 1131 2322 Beati
1189 2268 1376 2330 mites,
1406 2267 1651 2336 quoniam
1699 2266 1798 2333 ipsi
1837 2265 2171 2332 possidebunt
2210 2270 2316 2316 ter-

757 2379 869 2415 ram
913 2360 978 2414 ³¹.
1020 2359 1132 2414 Hos
1179 2359 1341 2414 etiam
1394 2358 1555 2412 docet
1579 2358 1696 2411 vias
1741 2371 1889 2411 suas.
1941 2355 2084 2411 Loco
2135 2363 2312 2409 autem

757 2455 925 2520 illius,
958 2455 1066 2507 vias
1097 2461 1222 2507 suas
1249 2467 1267 2505 :
1294 2450 1488 2521 Aquila
1515 2457 1569 2504 et
1599 2447 1979 2519 Symmachus,
2004 2450 2140 2502 viam
2163 2465 2314 2502 suam

756 2547 1032 2602 dixerunt.
1071 2544 1204 2598 Nam
1234 2560 1296 2599 ea
1331 2544 1446 2613 ipsa
1469 2543 1554 2594 via
1599 2541 1849 2595 Salvator
1880 2542 2125 2606 incessit,
2155 2550 2314 2611 prout

756 2638 994 2691 dicitur:
1043 2635 1241 2688 Discite
1287 2651 1320 2686 a
1362 2650 1443 2686 me
1486 2634 1611 2702 quia
1650 2633 1794 2686 mitis
1843 2649 1958 2686 sum
2001 2641 2052 2687 et
2100 2632 2313 2686 humilis

756 2726 905 2781 corde
930 2727 994 2781 “.
1043 2724 1240 2779 Eadem
1296 2725 1461 2795 igitur
1519 2726 1636 2793 ipsa
1692 2723 1779 2776 via
1835 2725 1956 2778 illos
2000 2724 2219 2778 deducit
2260 2731 2314 2780 et

754 2819 906 2890 quasi
950 2833 1109 2872 manu
1144 2812 1350 2887 dirigit.
1401 2814 1610 2870 Idcirco
1646 2822 1705 2869 ut
1749 2815 1966 2885 sapiens
2015 2816 2307 2887 legislator,

755 2913 910 2967 aliam
945 2910 1360 2978 peccatoribus,
1404 2909 1628 2964 mitibus
1677 2913 1901 2987 alteram
1943 2909 2086 2963 viam
2129 2916 2313 2964 osten-

754 3004 849 3058 dit.

820 3263 986 3319 Vens.
1024 3263 1112 3317 10.
1160 3261 1425 3316 Universae
1460 3263 1556 3316 via:
1593 3258 1828 3324 Domini,
1855 3260 2229 3334 misericordia
2263 3269 2311 3315 et

754 3359 941 3414 ueritas
985 3355 1367 3426 requirentibus
1398 3355 1764 3409 testamentum
1791 3354 1904 3424 ejus
1926 3364 1976 3409 et
2013 3354 2312 3408 testimonia

752 3451 879 3520 ejus.
910 3448 1111 3513 Multa,
1145 3448 1342 3518 inquit,
1364 3447 1464 3502 via:
1494 3445 1708 3501 Domini
1743 3453 1893 3509 sunt,
1921 3461 2109 3501 verum
2137 3446 2312 3500 omni-

752 3544 851 3598 bus
885 3542 1170 3614 praecurrit
1196 3535 1576 3595 misericordia
1600 3539 1718 3608 ejus
1742 3554 1754 3589 :
1791 3554 1916 3594 cum
1936 3535 2313 3598 misericordia

751 3650 913 3706 porro
951 3635 1153 3689 veritas
1193 3649 1299 3686 una
1330 3632 1612 3703 procedit,
1639 3634 1931 3688 miseretur
1968 3633 2168 3702 quippe
2193 3646 2309 3684 om-

750 3723 895 3776 nium
926 3730 982 3777 et
1017 3721 1152 3776 nihil
1191 3720 1307 3775 odit
1329 3736 1516 3776 eorum
1543 3737 1662 3791 qua:
1691 3721 1817 3777 fecit
1839 3722 1884 3753 ³³
1911 3741 1923 3776 :
1958 3736 2134 3791 neque
2165 3722 2308 3775 enim

749 3814 953 3884 aliquid
985 3814 1228 3868 condidit
1249 3813 1395 3883 quod
1423 3813 1548 3868 odio
1586 3814 1829 3869 haberet.
1864 3812 2107 3885 Singulis
2146 3813 2310 3883 igitur

750 3907 945 3960 divina:
982 3904 1474 3959 administrationis
1516 3912 1569 3957 et
1607 3904 1960 3971 providentiae
1997 3905 2103 3960 viis
2146 3906 2309 3960 mise-

752 3996 986 4051 ricordia
1020 3996 1336 4065 prmcurrit,
1387 3996 1818 4050 misericordiam
1853 3999 2055 4051 veritas
2113 3997 2308 4051 subse-

679 4093 688 4096 “
733 4085 952 4154 quitur.
987 4084 1058 4137 lis
1090 4091 1270 4137 autem
1301 4081 1394 4152 qui
1438 4084 1667 4138 sollicite
1706 4087 2013 4154 requirunt,
2053 4085 2309 4155 quastio-

749 4192 878 4231 num
911 4191 1093 4231 veram
1126 4177 1374 4230 notitiam
1406 4176 1785 4231 subministrat
1804 4178 1986 4246 quiait
2021 4176 2306 4241 :Quazrite,

747 4277 796 4324 et
812 4270 1116 4332 invenietis,
1134 4269 1362 4338 pulsate,
1381 4276 1430 4321 et
1446 4268 1711 4335 aperietur
1735 4267 1876 4322 vobis
1899 4267 1965 4319 “.
1991 4267 2310 4323 Testamen-

747 4373 861 4418 tum
897 4378 1027 4418 vero
1060 4363 1177 4431 ejus
1216 4362 1270 4415 in
1306 4376 1502 4432 genere
1542 4369 1844 4430 acceptum,
1881 4367 2106 4414 vocatur
2132 4359 2309 4414 omnis

746 4447 1319 4538 divinitus'inspirata
1370 4451 1652 4522 Scriptura
1713 4453 2026 4508 hominibus
2083 4451 2304 4506 tradita.

745 4546 1078 4602 Testimonia
1105 4555 1232 4602 sunt
1265 4553 1532 4616 quotquot
1560 4547 1614 4600 in
1655 4544 1954 4615 Scripturis
2007 4545 2208 4600 divinis
2241 4540 2307 4600 de

2415 2093 2594 2129 νουσιν
2621 2067 3133 2129 ὑποδείκνυσινὸδόν
3156 2094 3168 2105 ο
3199 2075 3322 2139 τοὺς
3353 2075 3408 2129 δέ
3435 2080 3625 2147 πραεῖς
3645 2077 3897 2147 ὁδηγήσει
3924 2079 3986 2130 ἐν

2416 2170 2590 2241 κρίσει
2635 2169 2990 2240 κεκριμένως,
3035 2167 3128 2221 καὶ
3179 2167 3353 2221 αὐτῶν
3387 2168 3639 2238 πρόνοιαν
3665 2168 3984 2239 ποιούμενος

2415 2261 2490 2325 ὡς
2522 2262 2832 2331 βελτιόνων·
2902 2261 2981 2314 διὸ
3034 2260 3128 2313 καὶ
3181 2260 3541 2331 μακαρισμῶν
3580 2261 3776 2324 αὐτοὺς
3819 2259 3980 2326 ἀξιοῖ,

2416 2355 2654 2420 κατὰτὸ,
2691 2353 2977 2422 Μακάριοι
3025 2357 3080 2407 οἱ
3116 2353 3339 2421 πραεῖς,
3376 2352 3464 2407 ὅτι
3498 2353 3666 2407 αὐτοὶ
3694 2356 3981 2420 κληρονο-

2409 2447 2682 2517 μήσουσι
2726 2447 2841 2515 τὴν
2885 2447 3019 2516 γῆν.
3054 2446 3287 2509 Τούτους
3326 2445 3383 2498 δὲ
3429 2446 3523 2499 καὶ
3550 2445 3788 2498 διδάσκει
3829 2444 3981 2508 ὁδοὺς

2415 2538 2601 2593 αὐτοῦ.
2649 2539 2794 2592 Ἀντί
2838 2537 2893 2591 δὲ
2938 2536 3050 2602 τοῦ,
3084 2537 3263 2604 ὀδοὺς
3293 2537 3500 2600 αὐτοῦ,
3542 2538 3570 2589 ὁ
3616 2534 3844 2598 ’Δκύλας
3885 2535 3980 2587 καὶ

2414 2633 2442 2684 6
2467 2631 2781 2701 Σύμμαχος,
2810 2629 2950 2684 ὁδὸν
2964 2629 3200 2694 ἑαυτοῦ,
3223 2628 3800 2702 ἕφησεν..Ταύτην,γὰρ
3819 2627 3979 2690 αὐτὸς

2413 2726 2442 2777 6
2469 2723 2660 2794 Σωτὴρ
2707 2722 2908 2776 ὥδευσε
2941 2722 3038 2793 τὴν
3078 2722 3195 2784 ὁδὸν¹
3225 2722 3365 2776 κατὰ
3392 2722 3452 2775 τὸ
3485 2721 3802 2791 λελεγμένον
3828 2735 3843 2750 ο
3864 2718 3980 2772 Md»

2415 2817 2544 2868 θετε
2571 2813 2671 2868 ἀπ’
2694 2813 2838 2883 ἐμοῦ
2872 2812 2961 2867 ὅτι
2981 2813 3168 2883 πρᾶός
3192 2818 3306 2886 ειμι
3328 2815 3426 2869 καὶ
3441 2813 3718 2880 ταπεινὸς
3741 2811 3817 2881 τῇ
3836 2828 3979 2879 καρ-

2412 2900 2531 2968 δία.
2558 2901 2716 2955 Κατὰ
2745 2900 2952 2973 ταύτην
2975 2899 3067 2957 οὖν
3115 2903 3260 2972 ἄγων
3301 2906 3516 2970 αὐτοὺς,
3568 2903 3758 2974 όδηγὸς
3799 2900 3978 2957 αὐτῶν

2413 2993 2507 3046 καὶ
2532 2988 2867 3064 χειραγωγὸς
2889 2995 3096 3065 γίνεται
3115 3013 3128 3026 ·
3166 2996 3351 3068 διόπερ
3376 2997 3452 3060 ὡς
3477 2996 3637 3066 σοφὸς
3662 2995 3974 3068 νομοθέτης,

2413 3085 2578 3156 ἄλλην
2609 3088 2709 3158 μὲν
2752 3089 2868 3142 ὁδὸν
2921 3089 3250 3142 ἐπιδείκνυσι
3276 3091 3385 3152 τοῖς
3404 3089 3824 3160 ἁμαρτάνουσιν,
3856 3085 3975 3140 ἐτέ-

2418 3192 2517 3245 ραν
2538 3177 2596 3230 δὲ
2619 3180 2731 3240 τοῖς
2749 3179 2962 3249 πράοις.

2483 3265 2681 3321 Πᾶσαι
2726 3270 2787 3322 αἱ
2827 3268 2954 3322 ddo!
2986 3269 3413 3337 Kvplov.§.lsoc
3443 3268 3540 3323 καί
3581 3267 3827 3334 ἀλήθεια
3851 3266 3975 3334 τοῖς

2410 3354 2720 3425 ἐπιζητοῦσι
2767 3359 2883 3427 τὴν
2916 3361 3209 3429 Διαθήκην
3252 3360 3437 3414 αὐτοῦ
3467 3360 3563 3415 και
3599 3360 3670 3415 τὰ
3685 3360 3975 3430 μαρτύρια
4052 3379 4066 3404 ~.

2411 3447 2612 3503 αὐτοῦ.
2639 3449 2838 3504 Πολλαὶ
2868 3451 2987 3522 μὲν,
3022 3443 3205 3523 φησὶν,
3235 3455 3288 3507 ai
3321 3453 3428 3507 ὁδοὶ
3452 3451 3544 3507 τοῦ
3575 3453 3797 3525 Κυρίου,
3837 3451 3975 3524 πλὴν

2410 3537 2524 3591 ἀλλ’
2544 3540 2610 3627 ἐν.
2625 3541 2831 3607 ’πάσαις
2855 3542 2916 3596 τὸ
2944 3543 3090 3608 ἔλεος
3118 3543 3282 3598 αὐτοῦ
3309 3543 3625 3618 προτρέχει·
3651 3544 3728 3617 τῷ
3754 3561 3814 3597 τε
3835 3544 3975 3598 ἐλέει

2412 3631 2782 3709 συμπαρορμᾷ
2802 3632 2835 3702 ἡ
2855 3630 3083 3711 ’ἀλήθεια
3105 3650 3120 3664 ·
3159 3632 3302 3687 ἐλεεῖ
3332 3633 3438 3707 γὰρ
3462 3633 3531 3687 τὰ
3558 3633 3686 3688 ὅντα
3707 3634 3801 3687 καὶ
3821 3633 3974 3688 οὐδὲν

2411 3716 2750 3787 βδελύσσεται
2809 3716 2882 3775 ὧν
2915 3723 3194 3793 ἐποίησεν·
3245 3724 3362 3777 οὐδὲ
3404 3723 3510 3796 γὰρ
3571 3722 3740 3794 μισῶν
3762 3741 3815 3776 τι
3843 3740 3972 3777 κατ-

2409 3812 2687 3868 εσκεύασε.
2707 3815 2844 3869 Καθ’
2867 3816 3102 3885 ἑκάστην
3116 3818 3291 3871 τοίνυν
3318 3817 3433 3871 ὁδὸν
3450 3818 3550 3886 τῆς
3571 3816 3664 3870 τοῦ
3684 3817 3818 3870 Θεοῦ
3844 3819 3970 3871 διοι-

2409 3889 2620 3979 κήσεώς
2657 3927 2717 3962 τε
2757 3910 2850 3962 καὶ⁵
2896 3910 3148 3981 προνοίας
3178 3911 3236 3964 τὸ
3274 3911 3419 3975 ἕλεος
3461 3891 3626 3964 αὐτού
3661 3896 3971 3983 προτρέχει,

2407 3999 2597 4055 ἕπεται
2643 4001 2700 4054 δὲ
2748 4002 2824 4072 τῷ
2856 4001 3054 4073 ἐλέῳή
3100 4003 3341 4073 ἀλήθεια.
3381 4005 3507 4067 Τοῖς
3553 4003 3596 4056 δ’
3635 4003 3968 4081 ἐκζητοῦσιν,

2409 4091 2844 4161 ἀσχολουμένοις,
2890 4094 2918 4145 6
2958 4091 3156 4145 εἰπών·
3201 4095 3458 4163 Ζητεῖτε,
3489 4093 3586 4148 καὶ
3647 4093 3968 4163 εὑρήσετε,

2408 4186 2668 4250 κρούετε,
2732 4187 2829 4239 καὶ
2857 4189 3236 4259 ἀνοιγήσεται
3255 4190 3415 4260 ὑμῖν,
3450 4190 3552 4262 τὴν
3577 4191 3705 4263 περί
3739 4191 3848 4246 τῶν
3872 4191 3970 4262 ζη-

2408 4274 2684 4345 τουμένων
2733 4277 2986 4351 ἀλήθειαν
3043 4283 3426 4354 παραδίδωσιν.
3451 4283 3691 4354 Διαθήκη
3720 4283 3778 4344 δὲ
3805 4283 3969 4337 αὐτοῦ

2409 4365 2636 4432 γενικῶς
2665 4369 2757 4422 καὶ
2787 4371 2904 4424 καθ’
2927 4373 3045 4426 ὅλου
3083 4373 3390 4444 ὠνόμασται
3421 4376 3570 4428 πᾶσα
3603 4377 3634 4444 ἡ
3666 4373 3970 4444 ἀνθρώποις

2408 4458 2768 4528 παραδοθεῖσα
2799 4462 3146 4528 θεόπνευστος
3167 4466 3376 4536 Γραφή.
3401 4463 3687 4537 Μαρτύρια
3714 4463 3771 4517 δὲ
3807 4463 3968 4518 αὑτοῦ

2407 4549 2661 4618 τυγχάνει
2698 4555 2812 4625 ἦτοι
2832 4555 2900 4608 τὰ
2925 4558 3272 4629 προφητικῶς
3300 4559 3426 4629 περὶ
3460 4556 3622 4610 αὐτοῦ
3663 4557 3721 4609 ἐν
3759 4554 3828 4628 τῇ
3850 4556 3968 4627 θείᾳ

752 4641 842 4693 illo
878 4639 1191 4708 prophetice
1242 4639 1525 4704 feruntur,
1579 4648 1672 4692 aut
1704 4656 1822 4710 qua:
1853 4639 1921 4693 ab
1969 4639 2086 4707 ipso
2116 4639 2183 4693 iis
2212 4638 2302 4707 qui

2410 4645 2594 4715 Γραφῇ
2652 4648 3134 4719 μεμαρτυρημένα,
3192 4649 3225 4721 ἢ
3278 4648 3533 4705 τὰνκατὰ
3577 4648 3968 4719 διαμαρτυρίαν
4032 4689 4034 4692 -

750 4733 803 4786 in
823 4733 984 4786 rebus
1001 4731 1198 4785 divinis
1230 4730 1607 4794 instituuntur,
1626 4732 2008 4788 testificatione
2039 4731 2301 4793 adhibita,
2351 4792 2354 4795 ι

745 4833 1010 4898 praecepta
1043 4833 1188 4880 sunt.

695 4939 702 4946 “
812 4935 977 4993 Vnus.
1007 4937 1093 5001 12,
1129 4938 1214 4991 15.
1260 4937 1390 5002 Quis
1423 4946 1499 4990 est
1525 4935 1675 4989 homo
1700 4939 1788 5006 qui
1819 4939 1964 4991 timet
1986 4936 2306 4992 Dominum?

2414 4738 2503 4790 ὑπ’
2549 4737 2712 4791 αὐτοῦ
2763 4737 2873 4802 τοῖς
2909 4739 2977 4792 τὰ
3023 4738 3140 4793 θεῖα
3191 4740 3596 4810 παιδευομένοις
3659 4741 3969 4810 παρηγγελ-

2414 4829 2567 4898 μένα.

2485 4941 2578 5007 Τίς
2608 4943 2779 4996 ἐστιν
2803 4941 3108 5010 ἅνθρωπος
3128 4947 3170 5004 ,ὁ
3194 4945 3560 5014 φοϐούμενος
3584 4944 3692 4998 τὸν
3714 4946 3968 5014 Κύριον;

743 5031 903 5101 legem
934 5038 1124 5081 statuet
1154 5030 1200 5081 ei
1224 5029 1276 5080 in
1308 5029 1419 5084 via.
1448 5044 1604 5096 quam
1641 5029 1810 5097 etegit.
1863 5030 2057 5082 Anima
2092 5030 2204 5097 ejus
2249 5028 2303 5080 in

2410 5033 2790 5101 νομοθετήσει
2819 5033 2977 5098 αὐτῷ
2995 5034 3064 5085 ἐν
3087 5033 3221 5097 ὀδῷ,
3244 5028 3282 5102 ᾖ
3314 5035 3648 5100 ῄρετίσατο.
3693 5035 3762 5090 Ἡ
3794 5036 3965 5106 ψυχὴ

741 5125 887 5179 bonis
922 5119 1298 5183 demorabitur,
1321 5131 1368 5173 et
1393 5135 1564 5172 semen
1594 5120 1704 5187 ejus
1734 5118 2061 5174 hwreditabit
2085 5132 2300 5174 terram.

2410 5124 2590 5178 αὑτοῦ
2620 5124 2690 5176 ἐν
2724 5124 2961 5193 ἀγαθοῖς
3011 5122 3464 5190 αὑλισθήσεται,
3496 5125 3593 5178 καὶ
3629 5124 3695 5178 τὸ
3734 5128 3969 5195 σπέρμα

741 5217 961 5281 Audiat,
998 5214 1204 5282 inquit,
1234 5214 1480 5281 quisquis
1513 5213 1665 5266 timet
1696 5211 2000 5280 Dominum,
2035 5227 2195 5284 atque
2248 5212 2302 5265 in

2410 5215 2589 5270 αὐτοῦ
2632 5215 3073 5284 κληρονομήσει
3104 5213 3238 5282 γῆν.
3299 5213 3585 5276 Ἀκουέτω,
3622 5218 3775 5286 φησὶ,
3813 5220 3968 5281 πᾶςό

743 5320 870 5368 una,
908 5319 1070 5375 quam
1100 5301 1279 5371 elegit,
1316 5302 1402 5354 via
1445 5303 1667 5365 incedit,
1711 5301 1968 5370 quldnam
2004 5304 2104 5372 ipsi
2142 5318 2303 5357 even-

2410 5306 2738 5377 φοϐούμενος
2785 5307 2875 5360 τὸν
2918 5305 3140 5375 Κύριον,
3189 5306 3314 5375 μίαν
3342 5323 3400 5358 τε
3420 5306 3533 5359 ὁδὸν
3561 5307 3625 5378 ἣν
3685 5308 3750 5361 ἂν
3797 5309 3968 5362 ἕλοιτο

745 5408 924 5452 turum
957 5399 1048 5453 sit.
1084 5393 1148 5448 Et
1182 5409 1329 5446 nunc
1363 5393 1577 5462 quidem
1609 5393 1700 5447 ille
1736 5392 1891 5446 malis
1927 5391 2207 5455 aﬂicietur,
2243 5400 2303 5444 ut

2410 5397 2871 5469 διαπορευόμενος,
2905 5395 2958 5447 τί
2991 5395 3152 5447 αὑτὸν
3191 5395 3494 5465 περιμένει.
3532 5397 3644 5450 Νῦν
3679 5398 3776 5468 μέν
3803 5415 3967 5452 κακο-

744 5505 841 5560 par
867 5497 970 5554 est,
1002 5489 1203 5559 quippe
1235 5486 1326 5557 qui
1374 5484 1653 5555 religionis
1699 5498 1761 5537 ac
1789 5483 2007 5552 pictatis
2049 5482 2303 5536 certami-

2410 5489 2660 5559 παθήσει,
2692 5486 2779 5542 οἷα
2824 5487 2988 5550 εἰκὸς,
3039 5485 3504 5557 ἐγγυμναζόμενος
3524 5484 3633 5552 τοῖς
3652 5490 3752 5557 τῆς
3785 5489 3966 5542 Θεοσε-

744 5581 907 5636 nibus
936 5588 1273 5638 exerceatur.
1323 5580 1392 5632 At
1422 5578 1526 5633 erit
1555 5584 1766 5644 tempus
1808 5589 1915 5644 quo
1962 5575 2140 5628 anima
2182 5574 2299 5642 ejus

2410 5579 2555 5643 ϐείας
2580 5579 2757 5643 ἄθλοις
2778 5597 2791 5609 ·
2824 5578 2974 5630 ἔσται
3003 5577 3058 5629 δὲ
3096 5577 3282 5648 καιρὸς
3309 5579 3544 5648 ὁπηνίκα
3577 5581 3609 5650 ή
3632 5578 3775 5650 ψυχὴ
3801 5578 3964 5632 αὐτοῦ

745 5678 799 5731 in
831 5676 988 5731 bonis
1029 5674 1433 5730 demorabitur:
1483 5671 1805 5740 quibusnam
1868 5669 1920 5720 in
1980 5667 2157 5729 bonis,
2195 5666 2301 5720 nisi

2410 5670 2462 5723 ἐν
2500 5671 2717 5738 ἀγαθοῖς
2755 5668 3129 5738 αὑλισθήσεται
3155 5684 3166 5696 ·
3222 5667 3393 5730 ποίοις
3423 5667 3480 5720 δὲ
3511 5668 3732 5735 ἀγαθοῖς
3769 5665 3801 5737 ἦ
3836 5669 3962 5739 περὶ

742 5771 809 5824 de
836 5768 1034 5839 quibus
1070 5768 1276 5821 dictum
1316 5774 1434 5820 est:
1472 5763 1602 5830 Quae
1630 5762 1815 5824 pcutm
1853 5750 1952 5813 non
1989 5759 2113 5813 vidit
2147 5759 2212 5823 ³⁸,
2245 5766 2298 5812 et

2410 5753 2478 5814 ὧν
2498 5761 2708 5832 εἴρηται
2733 5778 2744 5790 ·
2794 5763 2851 5814 Ἃ
2901 5760 3202 5829 ὀφθαλμὸς
3229 5762 3340 5814 οὐκ
3382 5756 3535 5823 εἶδε,
3578 5759 3669 5812 καὶ
3702 5758 3769 5811 τὰ
3801 5757 3961 5831 ἑξῆς;

815 5925 854 5957 ³⁸
891 5922 1078 5977 Matth.
1117 5939 1183 5982 v,
1223 5923 1273 5976 4.
1352 5923 1392 5953 ³³
1435 5921 1620 5976 Matth.
1664 5937 1749 5985 xi,
1782 5918 1870 5973 ἓξ).
1950 5918 1992 5950 ⁸³
2037 5917 2163 5985 Sap.
2200 5933 2287 5982 χι,

2410 5960 2413 5972 .
2493 5918 2536 5950 ³⁸
2576 5917 2764 5974 Matth.
2804 5933 2899 5981 vn,
2941 5918 2992 5973 7.
3070 5874 3172 5972 “.1
3205 5917 3332 5973 Cor.
3355 5930 3408 5973 ,ιι
3436 5956 3449 5979 ,
3487 5915 3538 5970 9.
