4302 6398
303 519 410 576 eis
510 494 515 495 ⁷

1416 516 1917 589 COMMENTABIA
1953 518 2019 571 lN
2061 516 2393 572 PSALMOb.

3188 379 3217 397 θ

3378 474 3523 596 ,250

288 637 362 691 Τό
388 653 450 704 γε
474 635 571 705 μὲν
601 634 819 705 σπέρμα
843 675 858 699 ,
904 636 1038 704 ὅπερ
1072 632 1500 694 κατεϐάλετο.ὲν
1526 620 1593 707 τῇ
1625 640 1695 708 γῇ
1730 640 1849 691 καθ’

1898 645 1924 698 ι
1955 637 2184 691 θεειοτοῖ
2234 635 2431 691 Semen
2463 649 2632 707 porro
2663 636 2813 705 ejus,
2859 636 3004 707 quod
3048 637 3101 690 in
3149 646 3352 693 terram
3394 638 3525 707 iecit

289 725 715 799 ὂν,ὲπολιτεύετο
745 726 835 777 ἐπὶ
874 726 976 796 γῆς
1020 724 1226 795 χρόνον,
1258 724 1482 789 πολλοὺς
1513 727 1854 799 κληρονομή-

292 836 390 881 σει,
420 816 691 888 σωτηρίας
727 816 896 869 αἴτιον
950 806 1230 886 γινόμενον
1266 816 1497 880 πολλοῖς.
1542 819 1767 890 Σπέρμα
1798 821 1854 873 δὲ

286 910 339 961 τί
367 908 431 961 ἂν
464 906 637 971 εἴποις
676 908 708 977 ἢ
753 906 848 978 τὴν
889 906 1233 960 διδασκαλίαν
1266 908 1357 960 καὶ
1388 909 1516 971 τοὺς
1547 908 1735 976 λόγους
1763 910 1855 961 καὶ

286 1000 356 1054 τὰ
408 1003 834 1073 συγγράμματα,
895 1001 928 1072 ἦ
984 1002 1109 1065 τοὺς
1140 1001 1277 1055 κατὰ
1323 1001 1453 1054 Θεὸν
1494 1003 1641 1072 αὐτῷ
1666 1020 1854 1074 γεννη-

290 1092 481 1156 θέντας
522 1094 615 1146 nati.
666 1092 1098 1163 μαθητευθέντας
1125 1095 1360 1165 ἄνδρας;
1402 1093 1467 1145 δι’
1493 1090 1566 1150 ὧν
1598 1096 1689 1148 καὶ
1720 1095 1853 1165 μετὰ

287 1184 385 1257 τὴν
401 1187 456 1238 ὲν
480 1186 702 1250 ἀγαθοῖς
731 1188 1033 1240 ἀνάπαυσιν
1077 1186 1239 1239 αὒτοῦ
1275 1189 1455 1260 μυρίοι
1480 1190 1576 1260 τῆς
1606 1190 1754 1263 παρὰ
1776 1190 1853 1261 τῷ

463 1278 824 1349 κληρονομίας
890 1277 1200 1343 τεύξονται,
1264 1280 1359 1333 ἆτε
1416 1281 1632 1350 ἀγαθῶν
1685 1300 1851 1355 σπερ-

290 1370 473 1439 μάτων
501 1372 750 1440 τυχόντες
803 1372 892 1424 καὶ
947 1370 1281 1442 ὠφελημένοι
1316 1372 1411 1444 τὴν
1440 1373 1618 1427 ἔνθεον
1651 1393 1854 1446 καρπο-

289 1462 497 1535 φορίαν.
1413 1524 1421 1531 ο

357 1554 703 1622 Κραταίωμα
732 1553 943 1620 Κύριος
972 1553 1088 1607 τῶν
1112 1555 1493 1623 φοϐουμένων
1524 1557 1729 1622 αὑτὸν,
1756 1559 1854 1614 καὶ

286 1642 325 1707 ἡ
374 1643 627 1709 Διαθήκη
675 1641 859 1697 αὐτοῦ
915 1643 1021 1697 τοῦ
1070 1643 1337 1712 δηλῶσαι
1381 1648 1601 1713 αὐτοῖς.
1657 1649 1712 1701 '0
1756 1650 1853 1719 μὲν
1902 1666 1907 1669 ·

298 1734 546 1800 Ἀκύλας,
567 1736 904 1805 ἀπόρρητον
925 1738 1143 1806 Κυρίου
1170 1738 1245 1810 (1)
1267 1739 1543 1806 ὲξέδωκεψ
1578 1743 1605 1793 ὀ
1626 1743 1681 1796 δὲ
1704 1747 1775 1797 Σύ
1783 1765 1852 1816 μ-

288 1843 477 1896 μαχος,
514 1828 715 1896 ὁμιλία
728 1828 967 1896 Κυρίουο
998 1830 1099 1883 ὁδὲ
1130 1830 1418 1886 Θεοδοτίῶν
1440 1835 1533 1887 καὶ
1561 1837 1592 1905 ή
1628 1837 1850 1909 πέμπτη

234 1916 237 1919 ⁷
284 1917 509 1983 ξκδοσις,
535 1918 873 1988 μυστήριον
894 1922 1134 1990 Κυρίου.
1170 1923 1446 1978 Ἐντεῦθεν
1478 1925 1584 1996 γὰρ
1618 1927 1696 1991 εἰς
1730 1945 1853 1981 τοσ-

285 2009 453 2083 αύτην
522 2011 689 2082 ηλασε
734 2013 1104 2084 μακαριότητα
1152 2014 1181 2066 ὁ
1223 2014 1477 2088 ἀνωτέρω
1542 2018 1855 2089 προλεχθεὶς

286 2101 617 2173 φοϐούμενος
646 2102 851 2175 Κύριον
894 2104 963 2156 ὲκ·
992 2102 1084 2157 τοῦ
1129 2103 1343 2176 ὁμιλίαν
1379 2105 1472 2160 τοῦ
1507 2107 1730 2179 Κυρίου,
1763 2112 1856 2163 καὶ

287 2194 595 2265 ἀπόρρητον
627 2192 823 2259 αὑτοῦ,
864 2194 956 2247 καὶ
999 2194 1060 2247 τὸ
1092 2197 1385 2267 μυστήριον
1417 2197 1577 2251 αὑτοῦ
1617 2199 1855 2266 γνωστὸν

287 2281 434 2353 αὐτῷ
452 2284 752 2351 γεγονέναι,
803 2285 897 2337 καὶ
924 2282 992 2337 τὸ.
1020 2285 1077 2337 ἐν
1115 2288 1183 2356 τῇ
1228 2286 1470 2360 Διαθήκῃ
1499 2288 1683 2354 αὑτοῦ,
1712 2290 1854 2343 τοῦτ’

286 2375 431 2429 ἔστιν
459 2377 517 2429 ὲν
539 2379 605 2448 τῇ
641 2376 760 2449 θείᾳ
784 2377 994 2449 Γραφῇ,
1027 2376 1388 2449 περιεχόμενα
1419 2380 1712 2451 μυστήρια.

358 2471 421 2522 Ol
449 2468 744 2538 ὀφθαλμοί
763 2485 882 2537 μου
910 2466 1008 2520 διὰ
1042 2460 1276 2533 ’παντὸς
1303 2468 1453 2536 πρὸς
1486 2468 1593 2521 τὸν
1616 2469 1852 2547 Κύριον,

287 2560 376 2614 ὅτι
407 2561 592 2628 αὐτὸς
624 2560 920 2615 ἐκσπάσει
950 2561 1019 2613 ἐκ
1050 2560 1303 2630 παγίδος
1334 2560 1477 2628 τοὺς
1503 2561 1692 2628 πόδας
1713 2579 1851 2632 μου.

298 2657 657 2725 Ἐπίόλεψον
693 2655 785 2707 ἐπ’
812 2652 917 2723 ἐμὲ
942 2654 1039 2707 καί
1085 2652 1348 2721 ἐλέησόν
1368 2671 1465 2724 με,
1496 2655 1586 2708 ὅτι
1610 2673 1857 2726 μονογε-

284 2748 397 2817 νὴς
418 2747 515 2802 καί
536 2748 772 2816 πτωχός
797 2749 914 2815 ειμι
943 2745 1076 2815 ἐγώ.
1116 2750 1186 2800 Al
1212 2748 1448 2816 θλίψεις
1471 2747 1579 2816 τῆς
1608 2749 1855 2817 καρδίας

277 2856 396 2910 μου
422 2839 915 2907 ἐπληθύνθησαν,
945 2839 1015 2892 ἐκ
1034 2837 1151 2891 τῶν
1164 2837 1443 2907 ἀναγκῶν
1457 2856 1578 2907 μου
1603 2828 1855 2910 ἐξάγαγε(

278 2948 370 3001 με.
410 2931 483 2986 Ob
516 2930 603 2984 διὰ
623 2930 690 2984 τὰ
713 2921 1110 3003 κατορθώματα
1153 2929 1340 3003 ὥσπερ
1371 2930 1722 3001 ὀφειλομένην
1754 2933 1855 3003 τὴν

287 3022 560 3094 σωτηρίαν
605 3021 789 3093 αὐτῷ’
821 3018 938 3075 οῖδα
988 3021 1117 3091 γὰρ,
1158 3021 1262 3088 ὅτι,
1314 3020 1490 3075 πάντα
1529 3024 1759 3094 ποιήσας
1786 3024 1854 3077 τὰ

286 3117 415 3189 παρ’
467 3114 725 3187 ἐμαυτοῦ,
784 3114 864 3169 ἔτι
894 3098 1113 3169 τοῦγσοῦ
1152 3114 1332 3179 ἐλέους
1366 3114 1574 3186 δέομαι.
1610 3114 1699 3168 Διὸ
1728 3115 1854 3169 ἐπί-

286 3212 515 3278 ὄλεψον
565 3209 657 3263 ἐπ’
703 3208 828 3279 ἐμὲ,
866 3207 964 3262 καί
1022 3207 1310 3275 ἐλέησόν.
1329 3224 1424 3277 με.
1486 3208 1710 3264 Σύνοιδα
1747 3208 1855 3288 γὰρ

1961 726 2090 785 dum
2126 730 2180 783 in
2209 745 2272 784 ea
2316 738 2658 793 versaretur,
2692 729 2895 784 multos
2933 729 3247 785 haereditate
3272 732 3520 802 accipiet,

1961 820 2157 891 quibus
2189 833 2353 875 causa
2380 819 2572 873 salutis
2607 817 2821 873 evadet.
2861 816 3056 874 Semen
3080 833 3209 872 vero
3240 819 3522 889 quodnam

1959 927 2081 966 esse
2113 911 2337 971 dixeris.
2363 896 2469 967 niSi
2497 912 2836 975 doctrinam,
2874 926 3187 976 sermones,
3234 913 3439 982 scripta
3468 905 3554 967 et'

1961 1004 2211 1059 homines
2251 1005 2343 1075 qui
2394 1003 2695 1060 secundum
2746 1003 2915 1059 Deum
2951 1003 3055 1072 ipsi
3103 1004 3216 1057 nati
3258 1010 3421 1073 atque
3454 1006 3524 1058 ab

1960 1109 2025 1148 eo
2054 1098 2288 1151 instituti
2336 1097 2499 1152 sunt?
2530 1096 2637 1162 Qui
2669 1112 2900 1173 numero
2946 1111 3098 1166 paene
3144 1095 3365 1159 inﬁniti,
3398 1104 3532 1166 post.

1960 1189 2131 1259 ipsius
2162 1190 2205 1244 it:
2272 1191 2427 1245 bonis
2456 1190 2705 1259 adeptam
2745 1190 3008 1259 requiem,
3058 1196 3244 1258 utpote
3282 1204 3349 1243 ex
3380 1190 3527 1243 bono

1910 1280 1913 1283 ⁷
1959 1283 2063 1336 orti
2118 1285 2361 1347 semine,
2398 1298 2461 1337 ac
2487 1283 2670 1337 divina
2720 1282 2810 1336 illa
2852 1278 3078 1352 utilique
3118 1282 3221 1336 sibi
3268 1280 3523 1352 prosapia

1958 1375 2248 1444 progeniti,
2281 1375 2646 1439 haereditatem
2671 1391 2700 1428 a
2732 1373 2841 1429 Deo
2871 1385 3292 1445 consequentur.

2026 1549 2192 1605 Vens.
2229 1552 2311 1605 14.
2358 1552 2783 1606 Firmamentum
2815 1561 2891 1606 est
2924 1551 3184 1605 Dominus
3221 1550 3528 1605 timentibus
3578 1548 3579 1551 “

1958 1657 2094 1707 eum,
2130 1652 2179 1697 et
2238 1650 2605 1697 testamentum
2648 1644 2812 1711 ipsius
2858 1652 2916 1695 ut
2962 1644 3327 1711 manifestetur
3387 1642 3519 1697 illis.

1958 1735 2173 1804 Aquila,
2202 1743 2455 1788 secretum
2472 1733 2706 1797 Domini,
2733 1733 2933 1799 edidit;
2961 1732 3338 1805 Symmachus,
3357 1733 3525 1788 collo-

1958 1827 2136 1896 quium
2173 1826 2417 1889 Domini;
2451 1825 2750 1882 Theodotio
2781 1833 2835 1880 et
2861 1824 3059 1892 Quinta
3092 1825 3279 1890 editio,
3321 1835 3511 1895 mystc-

1958 1922 2096 1974 rium
2128 1920 2383 1975 Domini:
2414 1920 2539 1976 inde
2563 1921 2725 1989 enim
2765 1920 2855 1976 ille
2893 1921 3142 1990 superius
3178 1929 3516 1977 memoratus

1886 2000 1932 2061 B
1958 2013 2049 2083 qui
2080 2013 2233 2068 timet
2256 2010 2562 2078 Dominum,
2591 2012 2659 2068 ad
2689 2023 2891 2068 tantam
2918 2013 3224 2068 feliCitatem
3252 2016 3516 2083 pervenit,

1960 2106 2459 2181 quia‘colloquium
2508 2105 2741 2174 Domini,
2773 2113 3043 2162 secretum
3098 2121 3162 2162 ac
3206 2108 3526 2178 mysterium

1958 2196 2101 2267 ejus,
2130 2207 2318 2251 notum
2347 2197 2449 2267 ipsi
2480 2207 2617 2262 erat,
2650 2205 2779 2253 nota
2820 2198 2951 2254 item
2983 2214 3047 2253 ea
3079 2214 3201 2269 quas
3240 2199 3296 2254 in
3328 2192 3521 2255 Testa;-

1959 2296 2142 2343 mento
2171 2278 2310 2357 ejus,
2331 2288 2383 2343 id
2407 2296 2518 2354 est,
2542 2289 2598 2344 in
2624 2289 2824 2346 divinis
2851 2288 3151 2361 Scripturis
3173 2292 3525 2348 continentur

1959 2381 2237 2451 mysteria,
3068 2449 3075 2455 ι

2035 2469 2200 2528 Vens.
2239 2472 2419 2528 15-17.
2477 2471 2631 2527 Oculi
2656 2474 2758 2528 mei
2827 2490 3027 2544 semper
3092 2474 3161 2527 ad
3217 2464 3521 2541 Dominum,

1938 2558 2207 2637 quoniam
2235 2565 2343 2635 ipse
2375 2549 2556 2621 evellet
2591 2565 2653 2620 de
2695 2567 2879 2638 laqueo
2911 2566 3063 2637 pedes
3107 2584 3268 2624 meos.
3310 2566 3529 2638 Respice

1959 2655 2012 2707 in
2042 2672 2123 2708 me
2160 2666 2207 2709 et
2255 2659 2499 2711 miserere
2547 2659 2668 2721 mei,
2714 2659 2839 2728 quia
2886 2660 3071 2714 unicus
3093 2668 3143 2713 et
3177 2675 3375 2730 pauper
3407 2677 3523 2714 sum

1957 2763 2067 2817 ego.
2110 2746 2499 2803 Tribulationes
2529 2744 2703 2803 cordis
2754 2752 2871 2805 mei
2893 2753 3260 2822 multiplicata:
3290 2764 3432 2819 sunt,
3459 2754 3525 2808 de

1957 2837 2353 2892 necessitatibus
2400 2838 2526 2893 meis
2570 2856 2693 2893 erue
2739 2857 2839 2895 me.
2895 2840 3013 2916 Non
3058 2844 3128 2899 ob
3179 2853 3328 2900 recte
3375 2844 3522 2901 facta

1924 2944 2120 3009 .opera
2158 2931 2315 2999 quasi
2349 2930 2585 2985 debitam
2644 2932 2877 2989 salutem
2924 2936 3055 2990 mihi
3107 2938 3360 3007 postulo;
3395 2939 3520 2993 novi

1954 3018 2102 3074 enim
2130 3035 2237 3086 me,
2272 3021 2519 3091 quamvis
2545 3023 2726 3077 omnia
2757 3038 2855 3097 pro
2890 3023 3146 3082 facultate
3176 3029 3399 3099 egerim,
3422 3036 3520 3085 tuo

1956 3119 2140 3168 tamen
2187 3128 2347 3182 egere
2378 3114 2602 3172 auxilio.
2636 3114 2997 3182 Quamobrem
3023 3120 3216 3187 respice
3252 3122 3307 3175 in
3338 3138 3439 3191 me,
3470 3132 3525 3179 et

1958 3205 2202 3261 miserere
2217 3208 2334 3260 mei.
2354 3205 2486 3261 Nam
2504 3222 2589 3263 me
2605 3222 2915 3279 pauperem,
2939 3210 3088 3266 nulla
3103 3212 3295 3267 fultum
3310 3228 3432 3285 ope,
3454 3216 3529 3290 ac

284 3300 507 3372 ἐμαυτῷ
535 3300 753 3372 ’πτωχῷ
784 3301 879 3355 καὶ
910 3298 1217 3371 Δάῦοηθήτῳ
1256 3300 1348 3353 καὶ
1400 3300 1475 3372 μὴ
1528 3300 1856 3371 ἐπαρχοῦντι

1898 3342 1925 3398 Ξ
1958 3298 2119 3353 saluti
2141 3298 2273 3353 mihi
2298 3299 2654 3369 procuranda:
2677 3299 2936 3371 imparem
2955 3302 3091 3358 scio.
3110 3301 3392 3375 PrOprium
3424 3321 3522 3361 au—

286 3409 418 3470 πρυς
446 3395 739 3467 σωτηρίαν.
784 3394 943 3448 Ἰδιὸν
968 3394 1027 3446 τέ
1067 3394 1184 3445 ἐστι
1228 3393 1441 3459 πάντων
1463 3392 1569 3446 τῶν
1595 3392 1855 3463 θεοφιλῶν

284 3487 345 3539 τὸ
370 3487 597 3549 ἑαυτοὺς
633 3484 836 3539 κακοῦν
876 3487 933 3538 ὲν
960 3483 1221 3552 θλίψεσιν,
1244 3484 1309 3537 ἐν’
1335 3485 1622 3553 ἀνάγκαις,
1652 3486 1709 3537 ὲν
1740 3501 1858 3538 στε-

284 3579 589 3650 νοχωρίαις,
617 3576 714 3630 καὶ
736 3577 992 3647 διωγμοῖς
1010 3592 1024 3607 ο
1053 3574 1166 3627 ἀλλ’
1181 3574 1242 3626 οὐ
1266 3575 1358 3627 καὶ
1380 3574 1630 3643 ἀγνοοῦσι
1660 3575 1855 3629 τὸτού-

286 3687 394 3724 των
419 3669 606 3733 τέλος’
642 3668 723 3722 διὸ
769 3668 951 3738 τυχεῖν
1006 3662 1171 3718 αὑτοῦ
1235 3664 1385 3735 παρὰ
1439 3664 1531 3718 τοῦ
1576 3664 1710 3717 Θεοῦ
1748 3666 1856 3718 ἱκεσ-

283 3761 498 3817 τεύουσι
521 3760 770 3831 λέγοντες
795 3777 808 3791 ·
849 3750 947 3812 Ἐκ
994 3756 1115 3811 τῶν
1158 3755 1435 3843 ἀναγκῶν
1459 3772 1578 3826 μου
1603 3755 1855 3826 ἐξάγαγέ

278 3871 387 3924 με’
418 3853 493 3917 ὡς
521 3852 587 3907 ἂν
613 3850 915 3914 διελθόντες
937 3849 1037 3913 τὰς
1072 3845 1167 3902 τοῦ
1207 3847 1319 3919 βίου
1363 3846 1627 3915 άνάγκας,
1652 3847 1751 3909 τὰς
1795 3846 1853 3899 δὲ

288 3946 571 4019 συμφορὰς
622 3945 716 4001 καὶ
770 3940 869 4007 τὰς
892 3954 901 3965 ‘
928 3941 1307 4021 περιστάσεις,
1334 3942 1503 3993 εἰπεῖν
1532 3933 1660 3992 ποτε
1691 3938 1852 4009 δυνη-

285 4035 426 4089 θεῖεν
449 4054 463 4066 ·
497 4035 827 4105 Διήλθομεν
851 4032 1159 4102 διὰηπυρὸς
1182 4031 1280 4087 καί
1310 4031 1545 4097 ὕδατος,
1583 4030 1680 4084 καὶ
1712 4028 1852 4097 ἐξή-

284 4138 463 4193 γαγες
494 4122 653 4195 ἡμᾶς
682 4125 770 4207 εὶς
801 4119 1148 4191 ἀναψυχήν.
1544 4198 1550 4205 .

236 4260 246 4267 .
362 4213 474 4269 Ἴδε
503 4213 619 4283 τὴν
644 4213 1007 4267 ταπείνωσιν
1036 4229 1152 4283 μου
1193 4212 1293 4266 καὶ
1347 4213 1454 4268 τὸν
1499 4214 1688 4267 κόπον
1710 4229 1849 4282 μου,

281 4308 382 4363 καί
441 4306 592 4376 ἄφερ
643 4305 844 4371 πάσας
892 4303 996 4369 τὰς
1036 4304 1322 4372 ἁμαρτιας
1366 4323 1505 4375 μου.
1549 4305 1661 4361 Ἴδε
1714 4304 1854 4371 τοὺς

280 4378 544 4471 ἐχθρούς
552 4416 689 4469 μου,
713 4397 799 4451 ὅτι
817 4396 1306 4464 ἐπληθύνθησαν,
1329 4397 1428 4450 καί
1443 4391 1626 4467 μῖσος
1644 4398 1853 4454 ἄδικον

220 4487 225 4492 ’
278 4488 585 4561 ἐμίσησάν
614 4505 704 4558 με.
739 4486 1017 4551 Φύλαξον
1064 4484 1179 4554 τὴν
1203 4485 1418 4555 ψυχήν
1454 4506 1573 4558 μου
1617 4491 1715 4545 καί
1742 4492 1853 4560 pg}-

280 4582 390 4638 σαί
412 4586 520 4652 με·
557 4579 644 4651 μὴ
690 4567 1212 4649 καταισχυνθείην,
1250 4577 1339 4631 ὅτι
1367 4578 1599 4647 ἤλπισα
1624 4582 1721 4636 ἐπὶ
1756 4582 1847 4637 σέ.

1957 3397 2069 3444 tem
2112 3389 2370 3446 omnibus
2419 3390 2527 3467 piis
2575 3406 2639 3446 ac
2670 3390 2780 3447 Deo
2830 3393 3023 3448 amicis
3066 3393 3199 3450 viris
3251 3404 3355 3459 est,
3400 3412 3523 3453 sese

1955 3481 2214 3538 aerumnis
2245 3482 2498 3554 alnigere,
2536 3484 2591 3557 in
2640 3485 3087 3559 necessitatibus,
3130 3487 3188 3542 in
3226 3490 3518 3557 angustiis.

1916 3566 1921 3570 ’
1957 3574 2013 3629 in
2042 3566 2517 3645 persecutionibus
2540 3566 2785 3641 versari;
2819 3577 2915 3631 sed
2948 3566 3041 3650 qui
3069 3581 3142 3633 sit
3171 3594 3358 3635 eorum
3391 3582 3518 3640 ﬁnis

1954 3681 2065 3719 non
2110 3667 2361 3737 ignorant
2404 3682 2417 3717 :
2451 3681 2619 3735 quare
2649 3667 2816 3737 .illius
2857 3671 3183 3740 assequendi
3228 3666 3380 3742 ergo
3406 3672 3518 3730 Deo

1955 3759 2261 3829 supplicant
2307 3759 2391 3814 his
2421 3758 2633 3823 verbis,
2672 3757 2739 3814 de
2777 3761 3174 3818 necessitatibus
3217 3765 3344 3819 meis
3393 3778 3521 3822 erue

1954 3867 2070 3919 me;
2102 3857 2179 3913 ut,
2205 3852 2475 3921 superatis
2508 3852 2623 3906 vita:
2642 3852 3077 3919 necessitatibus,
3092 3855 3515 3924 calamitatibus,

1951 3942 2245 4007 aerumnis,
2289 3943 2473 3998 dicere
2526 3943 2817 4014 aliquando
2861 3945 3112 4016 possint:
3158 3950 3517 4006 Transivimus

1950 4048 2042 4101 per
2088 4036 2257 4105 ignem
2299 4043 2347 4090 et
2387 4026 2621 4105 aquam,
2666 4045 2717 4090 et
2762 4035 2992 4093 eduxisti
3047 4056 3141 4095 nos
3168 4043 3247 4097 -in
3296 4044 3514 4115 refrige-

1866 4131 1869 4135 ’
1953 4129 2091 4182 rium
2117 4126 2185 4184 ³⁸.

1913 4264 1921 4277 .
1986 4219 2187 4297 ίνειιε.
2238 4220 2439 4299 1830,
2500 4222 2627 4277 Vide
2689 4226 3037 4281 humilitatem
3096 4238 3265 4282 meam
3318 4238 3369 4285 et
3428 4229 3513 4283 la-

1954 4312 2129 4375 borem
2157 4330 2348 4379 meum,
2366 4324 2414 4367 et
2436 4313 2643 4372 dimitte
2672 4316 2915 4370 universa
2936 4316 3126 4370 delicta
3150 4332 3283 4371 mea.
3300 4315 3517 4387 Respice

1953 4404 2192 4458 inimicos
2226 4420 2365 4459 meos
2418 4406 2667 4474 quoniam
2716 4404 3054 4473 multiplicati
3095 4415 3340 4471 sunt,“
3390 4407 3514 4462 odio

1951 4498 2130 4568 iniquo
2164 4495 2385 4551 oderunt
2422 4513 2521 4551 me.
2566 4494 2786 4554 Custodi
2827 4496 3057 4549 animam
3093 4512 3261 4550 meam
3311 4507 3358 4552 et
3390 4515 3515 4555 crus

1952 4604 2070 4643 me:
2105 4604 2208 4643 non
2242 4590 2543 4641 erubescam
2566 4586 2813 4654 quoniam
2842 4587 3045 4652 speravi
3072 4587 3128 4640 in
3160 4597 3228 4642 te.
3255 4571 3408 4655 Quod
3441 4591 3511 4645 ad

282 4674 364 4730 Τὰ
390 4675 488 4756 μὲν
519 4674 648 4745 παρ’
679 4672 813 4743 ἐμοῦ
846 4667 1219 4734 σπουδάζεται,
1251 4668 1320 4723 τὰ
1348 4669 1592 4743 δὲπαρά
1636 4672 1729 4727 σοῦ
1754 4692 1849 4727 τυ-

1898 4691 2041 4743 Dme
2095 4684 2324 4749 spectat,
2377 4679 2801 4733 sollicitudinem
2848 4678 2953 4734 mei
2986 4694 3151 4751 gero;
3203 4681 3297 4737 sed
3351 4696 3509 4752 opem

278 4771 396 4847 χείν
418 4763 574 4831 ἀξιῶ.
617 4762 756 4833 Ἐγὼ
777 4763 874 4835 μὲν
894 4758 986 4816 οὖν
1007 4760 1248 4849 ,ἐμαυτὸν
1279 4758 1511 4826 κολάζω,
1544 4765 1645 4816 καὶ
1661 4764 1849 4838 ὥσπερ

277 4846 435 4929 δίκην
480 4855 969 4927 είσπρατττόμενος
1007 4846 1092 4907 ’ὧν
1125 4853 1387 4925 πρότερον
1432 4853 1847 4937 ἐπλημμέλησα,

282 4950 514 5021 ἐμαυτὸν
530 4948 896 5021 τιμωροῦμαι,
926 4946 1193 5001 ταπεινῶν
1221 4944 1455 5016 ἐμαυτὸν
1470 4948 1525 4999 ὲν
1538 4947 1725 5011 κόποις
1756 4952 1852 5005 καὶ

282 5044 566 5107 πόνοιςυσὺ
605 5042 687 5107 δὲ,
718 5042 747 5096 ὁ
769 5041 924 5108 Θεὸς,
951 5034 1040 5110 οἷά
1073 5056 1156 5103 τις
1197 5037 1553 5107 ἀγωνοθέτης,
1588 5038 1678 5092 τὸν
1719 5042 1851 5112 ὲμὸν
1887 5103 1892 5107 ,

282 5132 467 5200 ἀγῶνα
477 5132 696 5205 θεωρῶν
716 5133 946 5196 καὶτοὺς
961 5131 1125 5203 ἐμοὺς
1139 5128 1433 5200 καμάτους,
1449 5127 1589 5181 δίδου
1605 5128 1701 5201 τὴν
1721 5131 1851 5200 ἀφε-

285 5239 370 5276 σιν
394 5223 503 5275 τῶν
532 5223 963 5296 ἁμαρτημάτων,
978 5222 1071 5276 καλ⁸
1110 5217 1493 5290 συγχώρειὸσα
1510 5216 1728 5273 πώποτε
1744 5220 1852 5275 διες-

284 5312 575 5386 πραξάμην
607 5316 665 5367 ὲν
682 5314 1008 5386 ’ἁμαρτίαις
1050 5311 1208 5366 Ἀλλὰ
1239 5310 1332 5364 καὶ
1360 5308 1695 5379 θεασάμενος
1722 5313 1849 5378 τοὺς

284 5402 449 5481 ἐμοὺς
474 5405 700 5478 ἐχθροὺς
743 5407 929 5460 ὁπόσοι
954 5406 1104 5470 ὄντες
1136 5402 1505 5466 ἐπεϐούλευον,
1536 5404 1629 5457 καὶ
1656 5405 1732 5469 ὡς
1760 5410 1850 5478 μῖ-

286 5517 377 5565 σος
401 5499 582 5554 ἄδικον
604 5497 873 5569 ὲμίοησάν
900 5515 987 5569 με,
1006 5497 1179 5566 φύλαξ
1200 5495 1356 5566 γενοῦ
1371 5493 1467 5565 τῆς
1496 5495 1632 5567 ἐμῆς
1650 5497 1855 5571 ψυχῆς,

356 5657 402 5689 ³⁸
451 5653 594 5712 Psal.
626 5669 769 5717 ων,
808 5651 895 5706 12.
1006 5730 1011 5734 ⁸
1571 5622 1575 5625 ⁷

357 5813 432 5883 (ί)
471 5811 736 5883 llebraica
768 5814 916 5883 sunt_
942 5814 1078 5883 ﬁn?
1098 5816 1192 5883 “np
1213 5848 1227 5869 ,
1282 5822 1312 5861 a
1346 5804 1686 5883 Theodoreto
1717 5821 1841 5883 _au-

288 5877 596 5953 tem'lectio
647 5878 957 5953 Symma_chi
988 5880 1068 5953 sic
1092 5879 1348 5953 atl'ertur,
1379 5880 1669 5953 μυστήριον
1717 5879 1833 5930 Κυ-

290 5956 426 6027 ρίου.
462 5952 593 6020 Quae
622 5946 825 6024 pariter
845 5949 1230 6007 Theodotionis
1260 5946 1387 6005 esse
1410 5946 1607 6003 ibidem
1645 5946 1835 6004 fertur.

1950 4771 2183 4853 imploro
2209 4777 2376 4823 tuam.
2406 4768 2520 4839 Ego
2546 4769 2765 4838 quidem
2790 4768 3168 4843 memetipsum
3196 4776 3424 4845 castigo,
3456 4784 3512 4830 et
3536 4792 3539 4793 ν

1950 4861 2109 4932 quasi
2162 4860 2489 4931 supplicium
2551 4861 2621 4917 de
2675 4864 2921 4934 pristinis
2973 4865 3186 4921 delictis
3250 4882 3507 4931 sumens,

1954 4953 2525 5023 ulciscor-meipsum,
2579 4971 2667 5010 me
2706 4956 2976 5025 abjectum
3025 4957 3301 5012 laboribus
3346 4966 3511 5027 atque

1953 5042 2209 5098 aerumnis
2246 5044 2541 5099 constituo.
2570 5044 2651 5100 Tu
2672 5062 2821 5112 vero,
2846 5046 3009 5110 Deus,
3041 5063 3141 5104 ceu
3176 5049 3299 5117 quis
3332 5058 3509 5115 certa-

1956 5136 2161 5190 minum
2189 5136 2503 5206 praefectus,
2536 5145 2590 5193 et
2619 5154 2854 5209 pugnam
2883 5147 2938 5196 et
2960 5142 3171 5197 labores
3197 5154 3346 5195 meos
3376 5155 3512 5202 con-

1949 5224 2272 5294 templatus,
2304 5220 2769 5299 veniam‘quaeso,
2811 5230 3075 5285 scelerum
3122 5228 3427 5295 concedito,
3456 5239 3510 5286 et

1911 5354 1918 5360 .
1950 5327 2288 5386 quaecunque
2315 5315 2372 5370 in
2411 5319 2653 5388 peccatis
2696 5318 2840 5373 edidi
2883 5317 3160 5397 remittito.
3194 5313 3301 5370 Sed
3341 5318 3504 5372 etiam

1952 5406 2203 5461 inimicos
2248 5422 2403 5463 meos
2437 5402 2809 5479 conspicatus,
2840 5417 2971 5479 quot
3007 5406 3251 5461 videlicet
3280 5422 3507 5464 numero

1948 5496 2175 5554 insidias
2200 5499 2335 5554 mihi
2366 5507 2578 5571 parent,
2612 5507 2667 5556 et
2701 5500 2847 5572 quod
2881 5515 2965 5554 me
2996 5498 3122 5553 odio
3156 5498 3342 5583 iniquo
3384 5516 3505 5572 per-
3536 5506 3539 5511 '

1946 5804 2055 5862 Nos
2078 5807 2348 5862 saniorem
2374 5792 2657 5865 lectionem
2685 5824 2751 5865 ex
2779 5825 2911 5867 mss.
2944 5798 3218 5883 omnibus,
3279 5829 3389 5873 uno
3411 5831 3510 5873 ex-

1946 5886 2128 5948 cepto,
2170 5886 2503 5934 mutuantur.
2548 5908 2551 5909 ν
