4302 6432
765 479 866 532 ‘23l

1477 472 1742 531 EUSEBII
1776 471 2256 532 CESARIENSIS
2288 473 2439 531 OPP.
2482 475 2664 532 PARS
2703 474 2868 532 llL—
2905 475 3317 534 EXEGETICA.

3926 481 4046 534 9.32

780 601 1107 661 sequantur,
1138 597 1326 647 custos
1356 599 1472 646 esto
1503 592 1699 646 animae
1747 603 1900 657 mete,
1941 598 1997 646 et
2045 591 2116 646 ab
2164 592 2349 647 inimi-
2377 610 2424 667 Α
2451 611 2479 646 κ

2347 625 2349 634 ι
2377 610 2424 667 Α
2451 595 2547 646 καὶ
2573 594 2735 666 ῥῦσαί
2766 612 2834 665 με
2870 596 2969 665 τῆς
2989 595 3097 649 τῶν
3129 597 3404 668 πολεμίων
3433 595 3739 667 ἐπιϐουλῆς.
3775 595 4046 650 Τοσαῦτα

770 700 964 739 corum
1018 684 1234 743 insidiis
1277 700 1407 739 erue
1456 699 1562 741 me.
1603 683 1700 740 His
1745 700 1912 755 porro
1959 690 2161 756 gestis,
2212 687 2340 740 tali-

771 777 984 845 basque
1015 775 1562 847 precibusemissis,
1610 792 1679 831 ne
1727 775 2036 831 conlundar
2082 775 2338 847 emugito.

766 867 904 925 Cum
937 870 1080 925 enim
1110 878 1165 950 te
1195 884 1346 940 spem
1378 883 1556 923 meam
1589 870 1990 935 constituerim,
2024 871 2191 938 probe
2225 870 2340 924 scio

767 978 831 1017 ac
862 979 1183 1033 persuasum
1214 964 1409 1026 habeo,
1444 964 1588 1034 quod
1628 981 1754 1035 spes
1780 981 1890 1020 non
1953 964 2275 1019 confundat.

839 1055 1006 1112 Vsus.
1058 1057 1117 1110 ε’
1155 1097 1168 1120 ,
1216 1056 1308 1111 22.
1361 1054 1670 1111 lnnocentes
1727 1065 1777 1110 et
1827 1057 1956 1110 recti
2008 1056 2341 1111 adhaserunt

769 1150 915 1213 mihi,
949 1151 1074 1219 quia
1111 1151 1339 1204 sustinui
1385 1160 1450 1204 te.
1490 1149 1702 1213 Libera,
1737 1149 1899 1215 Deus,
1936 1147 2110 1204 Israel
2139 1165 2203 1203 ex
2232 1164 2345 1202 om-

768 1241 921 1305 nibus
953 1242 1389 1296 tribulationibus
1423 1243 1554 1296 suis.
1588 1240 1701 1297 Hoc
1735 1257 1765 1294 a
1799 1258 1884 1297 me
1927 1250 2138 1312 gestum
2180 1257 2340 1312 opus,

769 1349 894 1388 cum
940 1335 1149 1389 cacteris
1206 1334 1487 1396 collatum,
1540 1349 1898 1404 permagnum
1950 1333 2075 1398 fuit,
2136 1333 2344 1404 tibique

773 1425 884 1481 Deo
915 1435 1197 1496 acceptum
1223 1442 1238 1492 ;
1274 1426 1458 1480 multis
1489 1426 1635 1480 enim
1664 1427 1972 1496 exemplum
2017 1427 2340 1492 tolerantia),

772 1519 895 1573 vitae
936 1518 1143 1588 probae,
1192 1518 1528 1588 paenitentiae
1581 1526 1635 1572 et
1693 1516 2058 1574 confessionis
2113 1519 2340 1574 exstiti:

773 1616 1104 1678 quapmpter
1146 1608 1467 1662 innocentes
1501 1615 1553 1662 et
1598 1609 1731 1662 recti
1783 1608 1886 1661 viri
1920 1608 2053 1662 mihi
2088 1624 2187 1664 ceu
2220 1609 2344 1679 glu-

773 1698 885 1754 tine
935 1698 1216 1768 conjuncti
1260 1698 1626 1762 adhaeserunt,
1674 1714 1965 1771 meumque
2008 1701 2344 1755 consortium

772 1789 1186 1860 expetiverunt;
1214 1790 1363 1844 nulla
1395 1805 1527 1846 sane
1556 1791 1659 1844 alia
1691 1790 1757 1845 de
1790 1805 1979 1855 causa,
2024 1805 2187 1860 quam
2219 1789 2346 1859 quia

779 1883 1183 1955 perseverando
1213 1882 1474 1949 sustinui,
1507 1891 1560 1936 et
1591 1881 1723 1935 nihil
1747 1896 1855 1934 non
1880 1882 2175 1950 perpessus
2202 1888 2346 1942 SUm,

2447 686 2504 739 δέ
2537 686 2751 758 πράξας
2806 689 2899 741 καὶ
2940 688 3175 742 τοσαῦτα
3202 690 3434 760 δεηθεὶς,
3461 692 3533 762 μη
3567 689 4044 760 καταισχυνθῑψσι

2448 779 2602 845 ἀξιῶ.
2637 780 2702 832 Σὲ
2731 779 2838 850 γὰρ
2862 778 3048 833 ἐλπίδα
3093 783 3330 853 ἐμαυτοῦ
3356 783 3598 854 θέμενος,
3636 782 3882 853 ἀκριδῶς
3917 777 4047 835 οἶδα

2448 871 2540 924 καὶ
2562 870 2888 943 πέπεισμαι,
2912 874 2994 926 ὅτι
3028 875 3062 945 ή
3098 875 3251 938 ἐλπὶς
3281 875 3340 929 οὐ
3372 874 3741 946 καταισχύνει.

2522 1057 2758 1110 Ἀκακοι
2783 1054 2878 1109 καὶ
2897 1055 3092 1122 εὐθεῗς
3120 1055 3466 1110 ἐκολλῶντό
3478 1068 3599 1127 μα,
3621 1058 3711 1112 ὅτι
3735 1061 4047 1131 ὑπέμεινά

2445 1163 2539 1202 σε.
2595 1149 2928 1216 Λύτρωσαι,
2975 1151 3008 1202 ό
3050 1148 3213 1214 Θεὸς,
3256 1149 3363 1202 τὸν
3417 1150 3653 1220 Ἰσραὴλ
3696 1151 3767 1206 ἐκ
3813 1153 4047 1208 πασῶν

2446 1239 2565 1296 τῶν
2585 1241 2852 1310 θλίψεων
2872 1241 3077 1295 αὐτοῦ.
3106 1243 3218 1295 Καὶ
3245 1242 3403 1296 τοῦτό
3432 1262 3520 1314 μοι
3547 1247 3683 1318 πρὸς
3710 1251 3822 1312 τοῖς
3849 1249 4046 1313 ἄλλοις

2449 1331 2833 1413 κατορθώμασι
2890 1333 3035 1402 μέγα
3084 1333 3314 1404 ὑπῆρξε,
3353 1335 3447 1387 καὶ
3478 1337 3560 1389 σοὶ
3588 1337 3664 1408 τῷ
3688 1338 3806 1410 Θεῷ
3840 1331 4007 1410 φίλον
4027 1357 4043 1371 ⁸

2451 1426 2668 1489 πολλοῖς
2707 1425 2816 1496 γάρ
2870 1425 3130 1496 ἐγινόμην
3167 1425 3529 1497 ὑπογραμμὸς
3565 1430 3882 1502 καρτερίας,
3917 1431 4046 1501 βίου

2449 1537 2508 1572 τε
2575 1518 2770 1589 σεμνοῦ
2823 1519 2916 1572 καὶ
2958 1519 3243 1589 μετανοίας
3299 1521 3390 1573 καὶ
3439 1520 3912 1594 ἐξομολογήσεως·
3956 1524 4046 1578 διὸ

2449 1613 2644 1668 ἄκακοι
2675 1612 2863 1684 ἄνδρες
2889 1615 2982 1665 καὶ
3008 1614 3184 1678 εὑθείς
3211 1615 3542 1685 συνήπτοντὸ
3566 1632 3654 1685 μοι
3677 1615 4046 1688 κολλώμενοι,

2451 1705 2544 1758 καὶ
2573 1704 2832 1775 συμϐιοῦν
2857 1703 3152 1769 ἀξιοῦντες,
3179 1705 3243 1758 δι’
3272 1705 3420 1758 οὐδὲν
3451 1705 3636 1777 ἕτερον
3657 1706 3689 1778 ἢ
3711 1708 3790 1760 ὅτι
3821 1709 4044 1779 ὑπέμε-

2451 1816 2541 1852 νον
2566 1799 2868 1870 καρτερῶν,
2909 1800 3002 1851 καί
3035 1799 3213 1852 πάντα
3236 1799 3528 1871 ὑπέφερον,
3564 1801 3620 1853 σέ
3660 1801 3756 1872 τὴν
3789 1802 4045 1872 ἐμαυτοῦ

2453 1891 2640 1945 ἐλπίδα
2692 1889 3151 1962 προὸεὸλημένος.
3217 1891 3440 1954 Τούτοις
3501 1892 3704 1948 ἅπασιν
3755 1895 4042 1964 ἐπιλέγει·

772 1975 918 2046 quod
947 1983 1001 2030 te
1033 1991 1182 2046 spem
1214 1989 1390 2028 meam
1422 1967 1823 2029 constituerim.
1858 1969 2106 2027 llis~baac
2141 1971 2344 2027 subne-
2378 1967 2419 2021 Β
2445 1989 2471 2040 Α

2341 2002 2344 2011 ’
2378 1967 2419 2021 Β
2445 1987 2775 2054 Λύτρωσαι,
2822 1987 2853 2038 ό
2917 1983 3078 2049 Θεὸς,
3124 1983 3232 2036 τὸν
3277 1983 3513 2051 Ἰσραὴλ
3552 1985 3620 2038 ἐκ
3663 1986 3877 2041 πασῶν
3917 1987 4040 2042 τῶν

774 2065 1118 2132 ctit,Libera,
1153 2066 1313 2133 Deus,
1351 2063 1524 2119 Israel
1552 2080 1615 2119 ex
1645 2058 1884 2119 Omnibus
1917 2063 2344 2118 tribulationibus

771 2161 912 2215 suis:
944 2175 1066 2215 sese
1099 2159 1310 2214 scilicet
1352 2157 1608 2212 lsraelem
1641 2156 1711 2210 ob
1746 2156 1999 2225 superius
2047 2163 2346 2211 memorata

781 2257 936 2321 gesta
962 2256 1266 2319 nuncupat.
1299 2246 1449 2303 Talis
1488 2248 1633 2303 enim
1660 2254 1744 2302 est
1772 2248 2023 2318 quisquis
2053 2247 2120 2302 ab
2155 2248 2348 2301 animm

771 2361 883 2400 suae
929 2326 1245 2398 conditione
1297 2341 1512 2396 lsraelis
1547 2354 1745 2394 nomen
1807 2340 2036 2392 obtinet.
2084 2338 2194 2392 Aut
2242 2337 2347 2390 alia

769 2435 1000 2500 ratione,
1035 2446 1158 2487 cum
1211 2433 1284 2486 ita
1316 2431 1604 2486 institutus
1637 2431 1729 2494 sit,
1788 2437 1847 2482 ut
1891 2445 2001 2483 non
2048 2429 2134 2483 sui
2175 2426 2347 2483 solius

769 2527 1075 2584 custodiam
1107 2533 1282 2596 gerat,
1315 2533 1408 2578 aut
1456 2524 1541 2579 sui
1580 2531 1795 2577 tantum
1829 2524 2119 2588 sollicitus,
2161 2539 2260 2594 pro
2289 2539 2348 2580 se

771 2622 889 2677 solo
920 2619 1088 2674 Deum
1122 2625 1409 2689 precetur;
1437 2625 1558 2684 post
1604 2630 1716 2669 rem
1749 2614 1886 2669 bene
1915 2626 2146 2684 gestam,
2195 2623 2348 2684 post-

770 2726 933 2782 quam
985 2724 1082 2763 sua
1128 2713 1278 2762 recte
1332 2705 1663 2776 composuit,
1705 2721 1805 2775 pro
1851 2706 2107 2761 universo
2145 2707 2348 2778 populo

771 2800 865 2856 Dei
902 2799 1328 2870 supplicationes
1367 2798 1588 2862 emittit,
1633 2806 1919 2867 rogatque,
1966 2807 2048 2864 ut,
2085 2799 2348 2868 quemad-

773 2894 994 2949 modum
1042 2907 1100 2948 se
1135 2891 1366 2946 antehac
1416 2907 1482 2946 ex
1518 2893 1779 2946 arumnis
1822 2899 1877 2947 et
1925 2893 2192 2964 angustiis
2237 2893 2345 2948 eri-

771 3002 899 3058 pere
947 2984 1202 3057 dignatus
1250 2992 1355 3046 est,
1406 2982 1460 3035 id
1503 2982 1682 3052 ipsum
1719 2991 1844 3051 agat
1873 2999 2002 3054 erga
2035 2991 2215 3038 totum
2253 2983 2347 3038 Dei

773 3081 1055 3154 pOpulum,
1106 3079 1202 3149 qui
1249 3076 1588 3147 intelligendi
1638 3077 1877 3147 quadam
1930 3077 2142 3133 ratione
2179 3077 2349 3135 Israel

775 3159 1144 3242 nunclipatur.

1178 3280 1505 3338 PSALMUS
1538 3280 1745 3334 DAVID
1769 3279 1935 3336 XXV.

2449 2079 2714 2146 θλίψεων
2734 2077 2919 2132 αὐτοῦ
2939 2095 2952 2107 ο
2982 2078 3099 2148 ήτοι
3135 2075 3296 2138 αὐτὸς
3315 2075 3508 2130 ἐαυτὸν
3541 2077 4043 2151 ἐξομολογούμενος

2457 2171 2670 2243 Ἰσραήλ
2697 2171 2977 2242 ὀνομάζων
3008 2170 3097 2224 διὰ
3119 2169 3188 2222 τά
3220 2168 3586 2238 προλεχθέντα
3624 2171 3788 2224 αὑτοῦ
3827 2191 4044 2246 κατορ-

2449 2261 2676 2334 θώματα
2698 2279 2711 2292 ·
2738 2262 2978 2325 τοιοῦτος
3000 2262 3108 2332 γάρ
3146 2263 3292 2314 ἐστιν
3329 2262 3357 2313 ὀ
3404 2259 3544 2312 κατά
3584 2259 3761 2330 ψυχὴν
3791 2263 4040 2335 Ἰσραήλ.

2452 2352 2524 2406 Ἢ
2557 2353 2752 2417 ἄλλως,
2781 2352 3165 2422 διδασκόμενος
3206 2349 3281 2422 μὴ
3313 2351 3504 2404 ἑαυτὸν
3537 2351 3694 2420 μόνον
3721 2351 4042 2420 φυλάττειν,

2452 2446 2585 2519 μηδέ
2623 2444 2772 2516 αὐτῷ
2801 2445 2946 2516 μόνῳ
2992 2443 3332 2507 σπουδάζειν,
3361 2444 3455 2496 καὶ
3486 2442 3613 2512 περὶ
3654 2443 3810 2513 μόνου
3837 2445 4042 2499 ἑαυτοῦ

2447 2543 2538 2594 τὸν
2587 2539 2718 2593 Θεὸν
2773 2537 3032 2592 ἱκετεύειν
3058 2554 3070 2566 ·
3107 2529 3244 2608 μετά
3280 2536 3337 2590 δὲ
3376 2535 3437 2588 τὸ
3465 2533 3806 2606 κατορθῶσαι
3840 2537 3938 2589 καὶ
3974 2534 4042 2594 εὖ

2448 2630 2515 2684 ea;
2545 2631 2665 2684 καθ’
2690 2630 2881 2683 ἑαυτὸν
2923 2627 3217 2693 διαθέσθαι,
3257 2627 3395 2697 ὑπὲρ
3424 2623 3517 2678 τοῦ
3554 2625 3752 2688 παντὸς
3779 2626 3909 2679 λαοῦ
3937 2628 4040 2683 τοῦ

2447 2721 2583 2775 Θεοῦ
2632 2721 2732 2784 τὰς
2779 2719 3149 2791 παρακλήσεις
3180 2717 3528 2787 ἀναπέμπει·
3585 2716 3813 2770 ἱκετεύει
3849 2704 3932 2783 τε,
3970 2720 4042 2774 ἶν’

2448 2815 2636 2888 ὥσπερ
2662 2815 2917 2887 ἀνωτέρω
2950 2814 3140 2868 ἐαυτὸν
3161 2811 3312 2883 ἠξίου
3345 2812 3605 2884 ρυσθῆναι
3638 2813 3745 2866 ἀπὸ
3769 2812 3877 2866 τῶν
3903 2816 4040 2868 ἐαυ-

2448 2917 2542 2970 τοῦ
2594 2915 2864 2986 θλίψεων,
2909 2915 3050 2969 οῦτω
3105 2915 3200 2969 καὶ
3259 2913 3435 2968 πάντα
3477 2915 3569 2967 τὸν
3600 2913 3695 2968 τοῦ
3729 2912 3865 2967 Θεοῦ
3901 2911 4040 2965 λαὸν

2450 3007 2594 3062 κατὰ
2625 3007 2862 3062 διάνοιαν
2909 3007 3124 3080 Ἰσραήλ
3153 3007 3573 3079 ὀνομαζόμενον.
3639 2998 3647 3008 ’

2840 3257 3137 3313 ΨΑΛΜΟΣ
3159 3258 3247 3312 ΤΩ
3281 3256 3480 3310 ΔΑΥΙΔ
3511 3256 3640 3309 ΚΕ’.

843 3375 1010 3431 Vens.
1032 3373 1081 3427 l.
1106 3371 1302 3426 Judica
1353 3388 1453 3437 me,
1503 3371 1742 3436 Domine,
1783 3371 2032 3440 quoniam
2063 3387 2156 3441 ego
2185 3371 2238 3425 in
2272 3372 2352 3426 in-
2381 3385 2424 3444 ο
2524 3357 2542 3408 λ

2338 3402 2352 3412 .
2381 3385 2424 3444 C
2524 3353 2744 3422 Κρῒνόν
2763 3369 2859 3422 με,
2895 3353 3091 3420 Κύριε,
3120 3351 3206 3405 ὅτι
3232 3349 3345 3419 ἐγὼ
3378 3349 3448 3403 ὲν
3483 3348 3702 3418 ἀκακία
3733 3366 3852 3417 μου
3893 3346 4037 3404 ἐπο-

771 3468 1013 3524 nocentia
1041 3480 1155 3519 mea
1194 3479 1502 3534 progressus
1537 3478 1674 3525 sum,
1706 3469 1755 3514 et
1784 3461 1839 3514 in
1881 3459 2107 3514 Domino
2137 3475 2352 3528 sperans

773 3579 876 3620 non
895 3560 1270 3618 commovebar.
1293 3557 1550 3613 Fortasse
1578 3556 1850 3627 quispiam
1876 3555 1991 3609 hac
2005 3553 2148 3608 dicta
2162 3553 2353 3615 Davidi

773 3658 1016 3713 referens
1049 3655 1295 3726 apposite
1326 3652 1546 3715 dixerit,
1576 3652 1758 3722 ipsum
1786 3649 2061 3719 supplices
2090 3646 2201 3726 Deo
2224 3663 2351 3718 prc-

771 3766 865 3808 ccs
888 3724 1165 3804 eﬂundere
1195 3762 1294 3816 pro
1323 3747 1433 3800 vita
1462 3759 1580 3799 sua.
1622 3737 1760 3797 Nam
1789 3757 1915 3796 cum
1953 3724 2181 3798 sanctus
2206 3742 2353 3813 Apo-

774 3841 948 3896 stolus
979 3839 1126 3894 dieat
1153 3857 1166 3892 :
1197 3836 1413 3906 Oportet
1434 3837 1666 3906 primum
1695 3835 1930 3889 omnium
1959 3835 2078 3904 ﬁeri
2110 3834 2352 3888 obsecra-

775 3932 960 3994 tiones,
984 3931 1269 3992 orationes,
1287 3927 1690 3998 postulationes,
1713 3927 2009 3997 gratiarum
2023 3927 2256 3981 actiones
2271 3927 2313 3960 ⁸⁷
2333 3945 2347 3994 ;

776 4037 840 4077 ac
891 4021 1152 4092 prmdicta
1199 4022 1255 4074 in
1304 4027 1541 4090 quatuor
1577 4019 1790 4089 species
1835 4017 2201 4083 distribuerit,
2255 4033 2352 4088 par

774 4125 858 4171 est
887 4131 987 4170 nos
1023 4129 1084 4168 ea
1108 4127 1229 4183 quae
1256 4111 1310 4164 in
1338 4112 1672 4180 psalmorum
1713 4109 1853 4163 libro
1892 4108 2145 4164 feruntur
2169 4119 2352 4164 mente

776 4207 1140 4280 perpendere,
1193 4211 1357 4273 atque
1399 4202 1644 4257 indicare
1672 4202 1897 4272 quinam
1949 4217 2142 4257 corum
2190 4203 2351 4257 obse-

774 4304 1071 4365 orationes,
1105 4301 1198 4371 qui
1244 4297 1543 4360 orationes,
1575 4296 1669 4367 qui
1714 4295 2137 4374 postulationes,
2171 4299 2350 4352 maxi-
2399 4363 2403 4367 γ

775 4412 969 4466 meque
1011 4395 1105 4465 qui
1153 4393 1453 4464 gratiarum
1490 4390 1735 4444 actiones
1786 4387 2118 4458 praeferant:
2151 4388 2351 4458 quidve

574 4493 575 4496 “
661 4553 664 4556 ,
775 4491 923 4545 aliud
962 4491 1029 4543 ab
1066 4488 1173 4556 alio
1207 4484 1444 4550 diﬂ‘crat,
1474 4493 1636 4556 atque
1666 4499 1730 4538 ex
1771 4488 1883 4536 toto
1915 4481 2249 4552 psalmorum
2288 4483 2351 4535 li-

775 4584 876 4639 bro
906 4596 1070 4652 supra
1100 4579 1374 4635 dictorum
1405 4578 1766 4650 proprietates
1798 4574 2058 4646 seligere;
2089 4582 2170 4640 ut,
2198 4574 2348 4629 verbi

775 4691 962 4741 causa,
992 4672 1425 4738 obsecrationes,
1456 4687 1523 4725 ex
1553 4671 1620 4724 iis
1650 4669 1880 4740 psalmis
1911 4669 2005 4741 qui
2045 4668 2349 4724 invocatio-

2447 3447 2695 3515 ρεύθην,
2718 3444 2817 3498 καὶ
2838 3444 2935 3498 ἐπὶ
2955 3443 3035 3510 τῷ
3052 3445 3242 3512 Κιιρίῳ
3256 3439 3512 3502 ἐλπίζων·
3529 3443 3600 3494 οὐ
3623 3439 3708 3510 μὴ
3728 3439 4038 3497 σαλευθῶ.

2468 3539 2634 3602 Ἰδίως
2670 3539 2733 3593 ἄν
2761 3556 2844 3602 τις
2884 3538 2977 3591 ἐπὶ
3019 3537 3110 3590 τὸν
3137 3534 3300 3589 Δαυῖδ
3348 3533 3631 3604 ἀναφέρων
3653 3533 3779 3597 τοὺς
3811 3550 4039 3606 προκειοι

2457 3632 2650 3702 μένους
2677 3630 2887 3700 λόγους,
2912 3630 3052 3682 είποι
3074 3627 3139 3682 ἂν
3160 3627 3409 3698 ἐντυχίαν
3423 3626 3584 3679 αὑτὸν
3605 3625 3873 3679 ποιεῖσθαι
3895 3626 4037 3698 πρὸς

2452 3724 2542 3776 τὸν
2567 3722 2698 3775 Θεὸν
2731 3721 2859 3794 περὶ
2883 3721 2976 3776 τοῦ
3006 3720 3132 3773 ἰδίου
3166 3719 3299 3790 βίου.
3331 3718 3438 3771 Τοῦ
3456 3717 3563 3790 γὰρ
3586 3717 3732 3790 ἱεροῦ
3771 3718 4037 3793 ξΑποστὸ-

2451 3813 2544 3867 λου
2576 3816 2875 3886 φήσαντος’
2920 3811 3160 3882 Πρῶτον
3198 3811 3435 3864 πάντων
3461 3811 3556 3864 δεῖ
3574 3810 3867 3863 ποιεῖσθαι
3896 3810 4036 3878 δεή-

2452 3923 2604 3973 σεις,
2654 3906 3033 3976 προσευχὰς,
3068 3904 3405 3970 ἐντεύξεις,
3443 3891 3862 3971 εὐχαριστίας·
3936 3903 4036 3956 καὶ

2451 4000 2714 4063 διελόντος
2758 3999 2826 4052 τά
2873 3996 3240 4071 προλεχθέντα
3287 3997 3365 4060 εἰς
3419 3996 3532 4066 εῐδη
3577 3995 3836 4065 τέσσαρα,
3877 3997 4032 4066 ἡμᾶς

2453 4096 2717 4166 προσήκει
2744 4093 2844 4166 τὴν
2875 4093 3112 4147 διάνοιαν
3138 4093 3249 4154 τοῖς
3285 4091 3342 4143 ἐν
3366 4092 3434 4161 τῇ
3462 4089 3627 4160 βίϐλῳ
3661 4088 3767 4141 τῶν
3784 4088 4033 4160 Ψαλμῶν

2453 4185 2847 4256 ἐμφερομένοις
2895 4185 3122 4256 ἐφιστᾷν
3164 4182 3256 4235 τὸν
3303 4181 3446 4248 νοῦν,
3502 4181 4032 4252 ἐπισημαινομένους

2451 4277 2592 4340 τίνες
2621 4279 2716 4348 μὲν
2741 4278 2919 4332 αὐτῶν
2960 4275 3276 4347 περιέχουσι
3300 4275 3534 4348 δεήσεις,
3563 4273 3657 4328 καὶ
3685 4273 3828 4338 τίνες
3859 4291 4032 4346 προσ-

2451 4369 2634 4440 ευχὰς,
2686 4371 2778 4423 καὶ
2816 4371 2961 4435 τίνες
3004 4369 3294 4436 ἐντεύξεις,
3326 4370 3417 4422 καὶ
3444 4369 3536 4422 ἐπὶ
3579 4371 3711 4421 πᾶσι
3743 4369 3888 4434 τίνες
3941 4369 4032 4423 εὑ-

2451 4464 2767 4536 χαριστίας·
2804 4462 2856 4515 τί
2883 4481 2940 4516 τε
2985 4463 3231 4535 διαφέρει
3289 4463 3515 4535 θάτερον
3546 4461 3798 4533 θατέρου,
3839 4462 4034 4517 ἀναλέ-

2449 4557 2642 4626 γεσθαι
2699 4573 2758 4608 τε
2812 4557 2918 4610 ἀπὸ
2959 4558 3138 4627 πάσης
3185 4556 3283 4627 τῆς
3326 4557 3507 4628 βίϐλου
3540 4554 3648 4608 τῶν
3687 4556 3933 4628 Ψαλμῶν
3960 4554 4031 4609 τά

2455 4650 2720 4722 ἰδιώματα
2752 4651 2860 4704 τῶν
2887 4652 3191 4723 εἰρημένων
3219 4669 3230 4680 ·
3268 4647 3377 4704 οἷον
3425 4650 3523 4713 τὰς
3556 4651 3653 4722 μὲν
3685 4651 3898 4722 δεήσεις
3923 4649 4032 4705 ἀπὸ

773 4787 873 4827 nes
917 4778 971 4824 et
1028 4765 1456 4836 supplicationes
1515 4765 1974 4835 complectuntur,
2038 4765 2092 4818 in
2149 4763 2348 4836 quibus
2383 4739 2472 4798 Di

2332 4780 2348 4819 ε
2383 4739 2424 4794 Ιὶ
2452 4746 2562 4798 τῶν
2595 4746 2956 4817 περιεχόντων
2986 4744 3383 4818 παρακλήσεις,
3413 4745 3505 4798 καὶ
3526 4745 3828 4817 ἱκετηρίας,
3863 4747 3921 4798 ἐν
3942 4738 4031 4807 αἷς

773 4873 991 4920 exstant
1029 4861 1193 4915 etiam
1236 4855 1647 4921 confessiones;
1697 4857 1876 4927 qualis
1927 4869 2012 4916 est
2050 4858 2346 4928 vigesimus

773 4963 1003 5029 quartus
1044 4951 1307 5024 psalmus,
1341 4948 1433 5018 qui
1465 4963 1639 5017 neque
1682 4948 1977 5012 canticum,
2005 4964 2181 5018 neque
2202 4947 2349 5017 psal-

774 5066 918 5114 mus,
955 5060 1132 5116 neque
1163 5043 1420 5119 hymnus,
1462 5054 1641 5110 neque
1683 5039 1861 5096 simile
1900 5041 2206 5112 quidpiam,
2245 5039 2343 5095 sed

776 5141 963 5196 Davidi
993 5141 1174 5196 solum
1201 5136 1537 5191 inscribitur.
1570 5133 1860 5190 Orationes
1890 5143 2038 5200 sunt,
2077 5140 2346 5206 quotquot

777 5233 970 5304 psalmi
1003 5235 1057 5288 in
1089 5230 1248 5285 titulo
1278 5229 1554 5285 orationes
1585 5228 1879 5291 dicuntur;
1914 5227 2225 5298 cuiusmodi
2265 5234 2349 5281 est

777 5325 1020 5381 decimus
1050 5335 1262 5388 sextus,
1295 5323 1660 5392 octogesimus
1692 5321 1943 5393 quintus,
1975 5321 2347 5391 octogesimus

777 5436 977 5485 nonus,
1026 5419 1359 5475 centesimus
1403 5416 1634 5486 primus,
1679 5414 2012 5472 centesimus
2043 5417 2347 5486 quadrage-

779 5514 950 5572 simus
989 5512 1221 5584 primus.
1269 5510 1581 5566 Gratiarum
1623 5510 1871 5564 actiones
1917 5517 2066 5573 sunt,
2098 5505 2344 5578 quiparj

778 5607 989 5662 ratione
1018 5621 1080 5660 ac
1112 5604 1445 5660 centesimus
1477 5601 1751 5658 secundus
1775 5599 2071 5668 conscripti
2108 5607 2259 5660 sunt,
2288 5599 2344 5651 in

778 5715 884 5769 quo
925 5701 1004 5754 sic
1048 5698 1286 5768 legitur:
1313 5695 1560 5756 Benedic,
1610 5694 1790 5746 anima
1825 5707 1961 5757 mea,
2015 5690 2265 5752 Domino,
2295 5698 2344 5743 et

776 5794 885 5848 noli
942 5792 1177 5846 oblivisci
1220 5806 1396 5845 omnes
1439 5785 1808 5843 retributiones
1843 5785 1990 5854 ejus,
2037 5791 2091 5838 et
2125 5789 2340 5838 cetera.

845 5953 888 5988 ³⁷
931 5950 948 6005 l
984 5949 1125 6004 Tim.
1164 5965 1238 6008 ιι.
1278 5948 1329 6003 l.
1375 5946 1506 6004 Vide
1539 5959 1700 6012 supra
1733 5944 1927 6013 psalm.
1967 5955 2078 6007 vn,
2113 5939 2175 6007 l,
2214 5937 2246 5993 5

2454 4836 2627 4890 δὲςκαὶ
2651 4835 3064 4914 ἐξομολογήσεις
3101 4837 3357 4907 φέρονται
3382 4853 3394 4866 ’
3427 4834 3610 4896 ὀποῑός
3641 4836 3788 4888 ἐστιν
3815 4837 3843 4888 ὀ
3880 4838 4028 4890 εἰκο-

2457 4929 2579 4991 στὸς
2597 4929 2868 5000 τέταρτος
2914 4929 3147 5002 ψαλμὸς,
3183 4929 3304 4983 οῦτε
3331 4927 3462 5000 ᾠδὴ,
3493 4925 3616 4979 οὔτε
3640 4927 3875 4999 ψαλμὸς,
3907 4929 4028 4984 οὔτε

2455 5026 2641 5097 ῦμνος,
2675 5025 2796 5079 οὔτε
2824 5043 2876 5078 τι
2917 5025 3185 5078 τοιοῦτον·
3235 5023 3350 5076 ἀλλ’
3386 5021 3571 5085 ἁπλῶς
3605 5020 3681 5093 τῷ
3712 5023 3875 5077 Δαυῖδ
3908 5027 4031 5079 ἐπι-

2452 5122 2854 5194 γεγραμμένος.
2924 5121 3230 5195 Προσευχαί.
3268 5119 3323 5172 δέ
3375 5121 3532 5183 εἰσιν,
3561 5119 3674 5172 ὅσοι
3705 5120 3763 5174 ἐν
3790 5125 3856 5193 τῇ
3899 5140 4031 5193 προ-

2451 5218 2636 5286 γραφῇ
2693 5215 3008 5287 προσευχῶν
3058 5213 3481 5284 ἐπιγράφουσιν·
3514 5205 3626 5264 οἷον
3663 5215 3692 5266 ὀ
3723 5213 3783 5279 ἒξ
3830 5217 3923 5268 καὶ
3944 5216 4032 5268 δέ-

2451 5323 2635 5370 κατος,
2667 5307 2761 5360 xal.
2786 5308 2814 5359 ὀ
2846 5288 3200 5376 ὀγδοηκοστὸς
3240 5289 3510 5375 πέμπτος,
3547 5305 3638 5357 καὶ
3671 5305 4030 5379 ὀγδοηκοστὸς

2448 5397 2684 5462 ἔννατος,
2725 5397 2819 5451 καὶ
2864 5394 3152 5458 ἐκατοστὸς
3185 5395 3419 5467 πρῶτος,
3455 5396 3551 5449 καὶ
3581 5397 3870 5470 ἐκατοστὸς
3901 5413 4029 5450 τεσ-

2449 5496 2783 5566 σαρακοστὸς
2827 5490 3059 5565 πρῶτος.
3094 5489 3445 5560 Εὑχαριστίαι
3469 5489 3527 5542 δέ
3567 5491 3703 5543 εἰσιν
3736 5492 3784 5543 οἱ
3827 5489 4029 5560 ὁμοίως

2451 5591 2664 5663 ἔχοντες
2679 5591 2754 5662 τῷ
2769 5586 3042 5658 ἑκατοστῷ
3058 5585 3313 5657 δευτέρῳ,
3332 5588 3388 5640 ἐν
3408 5579 3451 5653 ᾧ
3479 5584 3690 5657 εἴρηται
3710 5601 3724 5615 ·
3751 5585 4025 5650 Εὑλόγει,

2451 5689 2491 5755 ἡ
2509 5685 2678 5755 ψυχή
2697 5702 2838 5755 μου,
2888 5684 2994 5737 τὸν
3048 5682 3285 5749 Κύριον,
3351 5681 3451 5735 καὶ
3483 5678 3570 5748 μὴ
3619 5674 4029 5732 sxum-eer

2451 5777 2654 5843 πάσας
2703 5778 2808 5846 τὰς
2839 5773 3275 5840 ἀνταποδόσεις
3335 5771 3555 5837 αὑτοῦ,
3612 5769 3704 5822 καὶ
3759 5766 3827 5821 τὰ
3874 5766 4022 5833 ἑξῆς.
