4302 6416
315 471 415 525 233

1432 474 1933 532 COMMENTARIA
1974 478 2041 534 IN
2078 478 2411 534 PSALMOS.

3436 480 3543 535 234

316 560 593 654 Ἔντευξιν
612 588 670 643 δὲ
699 590 941 661 περιέχει
958 590 987 643 ό
1017 590 1152 673 μετὰ
1176 593 1381 663 χεῖρας,
1400 595 1458 645 ὲν
1474 588 1517 661 ᾧ
1542 595 1881 665 γέγραπται·

1984 596 2386 653 Postulationes
2430 596 2671 652 continet
2715 612 2954 667 praesens
3007 580 3291 670 psallitis,
3343 600 3399 653 in
3440 616 3549 671 quo

309 677 530 746 Κρῖνόν
572 696 669 747 με,
728 681 923 745 Κύριε,
956 681 1047 734 ὅτι
1101 682 1215 750 ἐγὼ
1247 683 1316 735 ἐν
1358 684 1572 752 ἀκακία
1596 703 1714 754 μου
1742 687 1881 765 exos

1986 692 2251 762 scriptum
2288 701 2371 747 est
2399 709 2412 745 :
2437 689 2634 745 Judica
2665 708 2766 757 me,
2815 690 3059 758 Domine,
3087 694 3337 765 quoniam
3375 710 3468 766 ego
3493 696 3548 749 in

305 769 548 837 ρεύθην,
585 769 680 823 καὶ
721 770 788 824 τά
820 770 966 842 ἑξῆς.
1044 834 1046 836 τ

394 860 572 931 Ἐρεῖς
603 856 718 926 οῦν,
771 862 959 933 ἐπειδὴ
1015 862 1184 926 ὅντως
1223 863 1425 935 ἤρξατο
1460 868 1489 919 ὁ
1526 867 1709 932 Δαυῖδ,
1738 869 1811 933 ὡς
1832 871 1881 923 οἱ

307 952 573 1022 θεοφιλεῖς
617 953 808 1024 ἄνδρες
838 957 896 1008 ὲν
947 958 1058 1020 τοῖς
1088 957 1291 1009 ἑαυτῶν
1323 957 1415 1010 τοῦ
1451 958 1567 1029 βίου
1610 960 1883 1033 κατορθώ-

308 1062 473 1114 μασιν
523 1041 670 1116 εἶχὸν
712 1064 833 1101 τινα
877 1048 1333 1118 πλεονεκτήματα
1370 1048 1645 1122 ἐξαίρετα,
1695 1054 1753 1106 ἐν
1801 1048 1882 1116 οἷς

304 1136 535 1201 ἕκαστος
582 1136 762 1191 αὑτῶν
814 1138 973 1207 ἰδίως.
1004 1139 1314 1211 διαπρεπὴς
1360 1141 1608 1209 γέγονεν·
1646 1138 1756 1197 οἷον
1805 1144 1882 1209 ὡς

304 1226 399 1281 ἐπὶ
427 1230 886 1302 παραδείγματος,
944 1233 1142 1303 Ἰωσὴφ
1182 1233 1240 1286 ὲν
1272 1236 1618 1309 σωφροσύνῃ,
1669 1236 1785 1290 Ἰὼϐ
1812 1241 1878 1311 τῇ

305 1317 410 1371 τῶν
435 1318 622 1373 δεινῶν
650 1322 915 1394 ὑπομονῇ,
943 1322 1190 1394 Σολομὼν
1217 1325 1275 1379 ἐν
1298 1325 1461 1397 σοφίᾳ
1485 1327 1578 1378 καὶ
1599 1329 1876 1399 φρονήσει·

319 1409 569 1484 Ἀϐραὰμ
586 1412 672 1467 διὰ
700 1415 799 1485 τῆς
832 1414 1062 1479 πίστεως
1087 1416 1464 1471 δεδικαιῶσθαι
1504 1418 1748 1488 λέγεται·
1784 1420 1880 1474 καὶ

298 1502 461 1569 ἀλλος
494 1505 655 1560 πάλιν
694 1509 754 1560 ἐν
788 1506 931 1578 ἄλλῳ
984 1507 1184 1579 ἀρετῆς
1232 1508 1404 1579 ἀγῶνι
1453 1513 1876 1584 μεμαρτύρηται

296 1594 628 1669 διαλάμψας.
678 1598 897 1662 Τούτοις
942 1595 1036 1654 οῦν
1083 1601 1284 1672 ὁμοίως
1311 1602 1405 1656 καὶ
1432 1605 1460 1657 ὁ
1479 1603 1641 1658 Δαυῖδ
1669 1603 1879 1676 ἐξαίρε-

298 1699 392 1737 τον
428 1685 630 1758 ἀρετὴν
674 1686 1012 1759 κτησάμενος
1061 1690 1474 1763 ἀναγέγραπται
1498 1694 1597 1766 τὴν
1624 1695 1873 1759 ἀνεξικα-
1898 1769 1912 1781 .

299 1776 426 1831 κίαν
444 1794 458 1807 ·
488 1777 636 1851 δι’ἢν
667 1779 761 1832 καὶ
790 1780 880 1833 τὸν
907 1782 1082 1836 Σαοὺλ
1104 1784 1327 1855 ἤνεγκε,
1365 1785 1534 1859 μυρία
1566 1789 1685 1841 κατ’
1711 1788 1875 1842 αὑτοῦ

293 1865 612 1938 δεδρακότα,
649 1868 793 1943 ἅπερ
826 1871 1017 1943 πράως
1055 1875 1147 1927 καὶ
1190 1875 1525 1942 ἀνεξικάκως
1571 1879 1876 1951 ὑπομείνας

1984 783 2283 839 innocentia
2315 800 2429 839 mea
2451 800 2758 855 progressus
2785 800 2921 849 sum,
2957 791 3059 839 etc.

2054 877 2216 934 Dicas
2242 879 2405 949 igitur
2431 880 2559 950 quia
2591 878 2759 933 David
2798 893 2866 934 eo
2899 894 2958 934 se
2989 878 3152 934 modo
3176 894 3368 951 gerere
3401 879 3549 933 ince-

1985 969 2083 1039 pit,
2114 969 2399 1039 religiosos
2432 970 2581 1026 viros
2616 970 2669 1024 in
2699 971 2958 1039 operibus
2986 969 3083 1025 abs
3113 985 3171 1025 se
3198 971 3379 1032 editis,
3411 984 3549 1040 quo-

1985 1060 2111 1115 dam
2143 1061 2401 1116 virtutum
2436 1076 2631 1132 genere
2662 1063 3051 1133 praecelluisse,
3086 1062 3141 1117 in
3175 1078 3283 1134 quo
3311 1062 3549 1134 quisque

1986 1150 2228 1219 ipsorum
2262 1153 2558 1223 praeclarus
2585 1153 2793 1220 evasit;
2841 1163 2923 1218 ut,
2960 1155 3193 1225 exempli
3230 1160 3416 1218 causa,
3447 1151 3545 1208 Jo-

1982 1246 2113 1315 seph
2136 1246 2491 1311 continentia,
2509 1244 2612 1301 Job
2634 1246 2889 1316 patientia
2912 1247 2966 1301 in
2990 1244 3267 1315 adversis;
3291 1246 3544 1303 Salomon

1981 1338 2245 1408 sapientia
2267 1346 2321 1393 et
2340 1338 2621 1408 prudentia
2640 1356 2654 1406 ;
2672 1339 2942 1393 Abraham
2964 1339 3069 1394 tide
3084 1339 3412 1408 justiﬁcatus
3426 1351 3570 1396 esse’

1978 1430 2175 1485 dicitur
2200 1446 2214 1482 :
2241 1440 2295 1486 et
2322 1419 2461 1485 alius
2492 1432 2687 1486 iterum
2714 1432 2821 1487 alio
2851 1432 3066 1486 virtutis
3089 1432 3383 1488 certamine
3406 1435 3543 1488 emi-

1977 1521 2158 1576 cuisse
2179 1522 2523 1591 praedicatur.
2547 1523 2921 1593 Similiterque
2941 1522 3106 1579 David
3127 1524 3394 1594 praecipua
3418 1541 3547 1595 qua-

1974 1615 2097 1668 dam
2120 1614 2340 1678 virtute,
2374 1615 2579 1669 scilicet
2596 1616 2917 1683 injuriarum
2936 1616 3229 1683 oblivione,
3251 1616 3545 1675 emicuisse

1980 1703 2188 1773 scripto
2230 1702 2501 1769 traditur;
2555 1718 2666 1774 qua
2697 1701 2919 1757 Saulem
2948 1703 3224 1773 patienter
3254 1704 3401 1767 tulit,
3455 1704 3555 1775 qui

1980 1796 2253 1851 sexcentis
2276 1811 2399 1851 eum
2427 1796 2583 1851 malis
2606 1796 2881 1864 alfecerat,
2911 1806 2964 1852 et
2987 1797 3103 1851 haec
3126 1797 3242 1868 ipse
3268 1798 3546 1853 moderate

1982 1903 2046 1943 ac
2085 1888 2205 1945 sine
2245 1888 2618 1959 indignatione
2650 1890 2842 1945 tulisse
2878 1890 2936 1944 in
2964 1888 3244 1961 Scriptura
3270 1897 3546 1946 narratur.

295 1956 730 2027 ἀναγέγραπται.
784 1964 935 2017 Ἐπεὶ
995 1966 1174 2020 τοίνυν
1246 1967 1522 2041 ἐξαίρετος
1598 1966 1667 2043 ἦν
1738 1970 1876 2043 αῦτη

1981 1979 2122 2046 Quia
2143 1980 2314 2060 igitur
2346 1956 2462 2036 haec
2493 1979 2717 2037 Davidis
2739 1981 3014 2052 praecipua
3035 1956 3210 2037 virtus
3238 1988 3377 2042 erat.
3404 1996 3552 2036 man-

291 2049 387 2104 τοῦ
416 2051 581 2106 Δαυτδ
606 2054 796 2128 ἀρετὴ,
838 2056 982 2127 λέγω
1017 2059 1074 2113 δὲ
1103 2061 1136 2131 ἠ
1166 2060 1265 2131 τῆς
1300 2062 1606 2135 πραότητος
1632 2066 1727 2119 καὶ
1773 2081 1874 2118 τα-ἰ

293 2144 725 2227 πεινοφροσύνης
752 2148 846 2201 καὶ
889 2150 1260 2217 ἀνεξικακίας,
1308 2153 1480 2207 ταῦτα
1514 2155 1693 2210 πάντα
1736 2155 1871 2227 ὁμοῦ

275 2230 605 2304 ’περιλαϐὼν
636 2237 872 2297 ἀκακίαν
897 2241 1037 2296 αύτά
1073 2243 1355 2317 ὠνόμασε·
1392 2247 1486 2300 καί⁷
1510 2247 1585 2311 ὡς
1614 2249 1670 2302 ἐν
1700 2248 1874 2320 τούτῳ

294 2326 531 2396 μάλιστα
564 2330 641 2402 τῷ
687 2333 841 2406 μέρει
883 2328 1253 2409 κατορθώσας,
1282 2343 1341 2396 ὲν
1366 2344 1433 2414 τῇ
1467 2343 1604 2415 πρὸς
1630 2344 1721 2397 τὸν
1740 2345 1874 2399 Θεὸν

291 2419 531 2486 ἐντεύξει
550 2425 714 2496 φησί·
750 2426 972 2495 Κρῖνόν
988 2446 1089 2499 με,
1117 2432 1316 2499 Κύριε,
1341 2432 1429 2487 ὅτι
1445 2435 1559 2505 ἐγὼ
1579 2436 1875 2504 ἐνάκακίᾳ

292 2528 413 2595 μου,
468 2514 816 2586 ἐπορεύθην.
858 2519 1009 2574 Ἐπεὶ
1054 2522 1112 2575 δὲ
1156 2522 1299 2593 μέγα
1346 2527 1475 2598 περὶ
1516 2528 1707 2582 ἑαυτοῦ
1745 2530 1874 2582 ἁπε-

296 2605 521 2675 φήνατο,
553 2607 741 2680 ὥσπερ
781 2613 1261 2685 ὲγκαυχησάμενος
1285 2617 1362 2688 τῷ
1382 2619 1645 2692 ἐξαιρέτῳ
1678 2620 1871 2675 ἑαυτοῦ

294 2697 681 2771 κατορθώματι
705 2700 807 2771 τῆς
846 2703 1134 2776 ἀκακίαςῆ
1158 2707 1258 2777 τῆς
1288 2710 1610 2783 ἁπλότητος,
1647 2714 1874 2786 ἐπιλαμ-

292 2788 513 2846 ϐάνεται
537 2794 699 2859 αὑτὸς
734 2798 925 2853 ἑαυτοῦ
961 2799 1052 2852 καὶ
1078 2800 1320 2867 ἐπιλέγει
1342 2804 1657 2873 ἀναγκαίως
1709 2808 1867 2879 ἑξῆς·

297 2882 405 2936 Καὶ
422 2884 517 2936 ἐπ)
536 2886 617 2953 τῷ
632 2891 825 2958 Κυρίῳ
851 2891 1103 2953 ἐλπίζων
1116 2896 1187 2949 οὐ
1201 2895 1287 2965 μὴ
1310 2896 1646 2968 ἀσθενήσω.
1682 2902 1874 2972 Ἀναγ-

293 2974 461 3040 καίως
475 2972 568 3031 οῦν
590 2981 908 3049 συνέπλεξεν
922 2986 1110 3039 ἑαυτὸν
1133 2990 1198 3059 τῇ
1233 2990 1327 3042 ἐπὶ
1349 2990 1439 3044 τὸν
1456 2992 1659 3063 Κύριον
1674 2995 1869 3063 ἐλπίδι,

292 3068 384 3121 καὶ
405 3069 601 3124 ἑαυτοῦ
648 3080 960 3148 κατηγορεῖ,
995 3079 1070 3142 ώς
1095 3078 1391 3152 δυναμένου
1410 3071 1753 3159 ’σαλευθῆναι
1778 3090 1872 3144 καὶ

293 3161 634 3236 ἐκτραπῆναι
667 3168 759 3249 καὶ
794 3169 1173 3243 ὲξασθενῆσαι.
1212 3176 1358 3248 Πλὴν
1403 3179 1555 3233 οὐδὲν
1589 3181 1873 3237 πείσεσθαι

291 3253 379 3309 διὰ
394 3255 492 3329 τὴν
512 3260 591 3324 είς
608 3257 739 3315 Θεὸν
761 3262 949 3329 ἐλπίδα
966 3264 1183 3337 θαρρῶν
1204 3268 1587 3327 διεϐεϐαιοῦτο·
1610 3274 1724 3345 ᾔδει
1741 3274 1870 3349 γάρ,

184 3374 205 3399 ιν
292 3349 368 3402 ὅτι
393 3352 427 3422 ἡ
454 3351 610 3418 ἐλπὶς
627 3355 686 3408 οὑ
707 3358 1080 3428 καταισχύνει,
1120 3361 1259 3415 κατά
1284 3363 1374 3418 τὸν
1422 3365 1764 3425 ’Δπόστολον.

355 3446 697 3515 Δοκίμασόν
719 3467 815 3519 με,
852 3451 1045 3520 Κύριε,
1085 3454 1183 3507 καὶ
1215 3456 1507 3525 πείρασόν
1536 3477 1615 3528 με
1635 3478 1647 3491 ·
1678 3462 1876 3531 πύρω-

292 3548 405 3589 σον
432 3538 576 3605 τοὺς
597 3542 856 3625 νεφρούς
874 3560 993 3612 μου
1027 3544 1125 3597 καί
1154 3544 1269 3615 τὴν
1300 3549 1554 3617 καρδίαν
1584 3570 1731 3622 μου.
1755 3556 1877 3609 Ὅτι

291 3628 355 3681 τὸ
381 3630 554 3697 ἔλεός
581 3649 699 3686 σου
728 3632 1043 3690 κατέναντι
1074 3636 1194 3691 τῶν
1223 3639 1549 3710 ὀφθαλμῶν
1573 3661 1694 3712 μου
1718 3646 1873 3711 ἐστὶ,

294 3721 390 3774 καί
428 3721 811 3792 εὑηρέστησα
843 3726 915 3781 ἐν
944 3726 1017 3796 τῇ
1045 3729 1298 3798 ἀληθείᾳ
1325 3747 1462 3786 σου.
1499 3735 1610 3806 Οὐχ
1642 3736 1718 3801 ὼς
1740 3738 1875 3793 ἀλα-

290 3812 659 3887 ζονευόμενος,
687 3817 795 3872 οὐδ’
822 3820 1177 3892 ἐπαιρόμενος
1216 3821 1370 3892 ἔλεγε
1400 3823 1459 3877 τό
1478 3840 1491 3853 ·
1529 3827 1877 3896 Δοκίμασόν

289 3924 378 3976 με,
414 3909 613 3977 Κύριε,
653 3911 753 3965 καὶ
786 3912 1079 3983 πείρασόν
1114 3932 1225 3984 με·
1273 3918 1557 3986 πύρωσον
1599 3919 1742 3986 τοὺς
1774 3938 1872 3975 νε-

289 3999 479 4067 φρούς
500 4017 621 4070 μου
655 4001 755 4055 καὶ
782 4002 897 4071 τὴν
924 4003 1174 4073 καρδίαν
1211 4024 1332 4077 μου
1352 4022 1366 4037 ·
1401 4006 1516 4062 ἀλλ’
1543 4007 1618 4073 ὡς
1648 4013 1705 4064 ἐν
1739 4011 1873 4085 εὐχῇ

291 4092 622 4164 παρακαλῶν
655 4095 759 4149 ὑπὸ
787 4096 881 4150 τοῦ
906 4095 1040 4151 Θεοῦ
1075 4097 1417 4174 καθαρθῆναι
1448 4100 1538 4155 διὰ
1564 4102 1665 4173 τῆς
1698 4104 1874 4177 πυρώ-

291 4201 448 4249 σεως,
482 4187 531 4239 εί
576 4184 747 4242 δέοιτο
779 4189 1115 4262 καθάρσεως.
1152 4193 1469 4265 Παρακαλεῖ
1505 4184 1685 4251 τοίνυν
1728 4198 1876 4253 δοκι-

293 4276 566 4349 μασθῆναι
599 4281 693 4334 καὶ
738 4282 1096 4355 πειρασθῆναι
1127 4284 1226 4358 τὴν
1274 4286 1667 4359 προλεχθεῖσαν
1706 4293 1872 4348 αὑτοῦ

288 4365 509 4452 ἀρετὴν,
560 4373 682 4428 καθ’
727 4375 794 4446 ἢν
846 4376 1150 4448 διαπρέψας
1202 4379 1604 4448 ἀποδέδεικται,
1641 4385 1743 4440 ούκ
1786 4389 1873 4458 ἐφ’

290 4465 465 4537 ἐαυτῷ
510 4468 807 4532 πεποιθὼς,
832 4468 945 4523 ἀλλ’
982 4469 1076 4523 ἐπὶ
1107 4468 1183 4540 τῷ
1225 4471 1318 4525 τοῦ
1350 4473 1487 4527 Θεοῦ
1524 4476 1684 4549 ἐλέῳ.
1716 4478 1875 4533 Οῦτω

287 4558 437 4626 γοῦν,
473 4560 628 4632 φησὶ,
651 4561 738 4615 διὰ
765 4561 965 4625 παντὸς
1011 4562 1070 4615 σὲ
1097 4562 1185 4616 τὸν
1218 4563 1348 4618 Θεὸν
1376 4569 1469 4621 καὶ
1493 4569 1584 4624 τὸν
1613 4570 1704 4624 σὸν
1727 4572 1875 4626 ἔλεον

216 4646 219 4651 ’
289 4652 393 4724 πρὸ
421 4653 712 4726 ὀφθαλμῶν
739 4654 897 4727 ἔχων,
926 4654 1101 4733 πάντα
1130 4656 1219 4709 τὸν
1242 4658 1481 4729 ἐμαυτοῦ
1508 4662 1622 4733 βίον
1650 4665 1743 4718 καὶ
1768 4666 1872 4720 πά-

1982 2072 2215 2129 suetudo
2251 2089 2466 2145 nempe,
2496 2073 2799 2143 humilitas,
2834 2083 2889 2129 et
2919 2075 3206 2131 tolerantia
3236 2094 3249 2129 :
3275 2076 3391 2129 haec
3431 2088 3548 2129 om-

1986 2167 2077 2221 nia
2120 2176 2228 2221 una
2261 2167 2655 2238 complectens,
2698 2166 3073 2223 innocentiam
3105 2170 3338 2222 vocavit.
3372 2167 3439 2221 Et
3465 2175 3553 2221 ut-

1983 2268 2110 2329 pote
2139 2260 2233 2331 qui
2265 2260 2368 2315 hac
2389 2262 2664 2331 praecipue
2694 2260 2748 2315 in
2784 2273 2938 2332 parte
2969 2276 3029 2318 se
3061 2261 3320 2332 praeclare
3352 2261 3553 2332 gessis-

1984 2359 2088 2417 set,
2121 2353 2177 2407 in
2206 2340 2699 2423 postulatione'sua
2727 2354 2800 2407 ita
2824 2352 2993 2410 Deum
3025 2353 3554 2425 compellatzJudica

1983 2461 2083 2511 me,
2118 2445 2363 2513 Domine,
2397 2447 2644 2518 quoniam
2689 2463 2781 2518 ego
2825 2448 2881 2500 in
2926 2447 3224 2501 innocentia
3265 2463 3381 2500 mra
3432 2462 3550 2515 pro-

1980 2554 2190 2608 gressus
2221 2556 2358 2593 sum.
2406 2539 2857 2611 Quandoquidem
2903 2555 3161 2611 magnum
3186 2540 3253 2596 de
3293 2556 3353 2595 se
3396 2540 3553 2611 quid-

1980 2631 2125 2701 piam
2162 2634 2566 2703 pronuntiarat,
2600 2634 2759 2704 quasi
2786 2633 3157 2702 jactahundus
3189 2634 3256 2689 de
3296 2634 3553 2704 praeclara

1982 2737 2083 2776 sua
2116 2723 2447 2777 innocentiae
2471 2730 2525 2777 et
2560 2723 2933 2793 simplicitatis
2965 2724 3188 2788 virtute,
3230 2738 3352 2779 sese
3380 2724 3522 2792 repri

1981 2814 2082 2868 mit
2111 2823 2165 2869 et
2194 2814 2353 2885 quasi
2388 2814 2715 2870 necessitate
2745 2813 3007 2868 inductus
3037 2814 3246 2882 adjicit,
3280 2824 3328 2868 et
3359 2816 3413 2869 in
3442 2813 3522 2869 Do

1982 2907 2125 2964 mino
2165 2922 2383 2977 sperans
2430 2924 2535 2961 non
2583 2906 2964 2962 commovebar.
3013 2906 3339 2963 Necessario
3386 2906 3539 2977 igitui

1982 3016 2079 3072 spe
2115 3016 2170 3055 in
2201 3000 2370 3056 Deum
2407 3017 2465 3058 se
2496 3000 2765 3079 munivit,
2818 3015 3051 3071 seseque
3082 2999 3318 3065 incusat,
3352 3006 3411 3053 ut
3456 2999 3551 3068 qui

1979 3093 2338 3159 commoveri,
2383 3094 2575 3159 everti,
2612 3109 2675 3149 ac
2708 3092 2975 3149 inﬁrmari
3012 3092 3209 3146 valeat.
3247 3089 3441 3147 Verum
3484 3093 3551 3145 ti--

1982 3185 2174 3241 denter
2196 3202 2275 3251 se,
2309 3186 2380 3242 ob
2411 3202 2562 3258 spem
2596 3187 2651 3241 in
2683 3186 2873 3249 Deum,
2924 3184 3059 3244 nihil
3110 3185 3236 3240 mali
3259 3200 3549 3256 passurum

1984 3280 2335 3354 asseverabat
2367 3299 2382 3337 :
2419 3287 2649 3335 noverat
2670 3279 2817 3335 enim
2841 3294 3017 3350 ,spem‘
3049 3295 3158 3335 non
3192 3277 3551 3342 confundere,

1907 3358 1949 3416 ο
1985 3371 2284 3428 secundum
2312 3372 2632 3443 Apostolum
2657 3372 2731 3427 ³⁸.

2048 3465 2215 3522 Vsns.
2247 3464 2302 3528 2,
2331 3466 2385 3521 5.
2420 3465 2600 3521 Proba
2621 3482 2721 3531 me,
2751 3465 2995 3533 Domine,
3026 3476 3075 3521 et
3117 3474 3264 3533 tenta
3298 3482 3379 3521 me
3404 3481 3423 3520 :
3455 3481 3552 3519 ure

1976 3576 2123 3614 renes
2151 3575 2291 3613 meos
2331 3567 2380 3612 et
2413 3575 2504 3613 cor
2530 3574 2721 3613 meum.
2753 3556 3017 3623 Quoniam
3058 3555 3427 3611 misericordia
3459 3563 3552 3609 tua
3598 3580 3603 3581 ν

1977 3661 2098 3706 ante
2124 3651 2303 3706 oculos
2335 3667 2477 3705 meo:
2504 3660 2603 3715 est,
2653 3660 2702 3704 et
2742 3648 3037 3719 complacui
3085 3648 3143 3702 in
3182 3647 3391 3702 veritat:
3438 3654 3546 3701 tua.

1974 3741 2094 3797 Non
2140 3741 2298 3813 quasi
2340 3740 2711 3811 iactabundus
2759 3748 2814 3795 et
2861 3740 3039 3795 elatus
3074 3737 3260 3792 animo
3309 3735 3415 3792 hoc
3442 3736 3543 3797 ait.

1977 3836 2155 3891 Proba
2202 3852 2302 3898 me,
2338 3834 2582 3901 Domine,
2610 3844 2660 3889 et
2689 3842 2831 3888 tenta
2858 3849 2939 3887 me
2971 3849 2989 3887 :
3032 3848 3124 3886 ure
3154 3847 3300 3887 renes
3326 3846 3468 3886 meo:
3500 3840 3551 3885 et

1976 3949 2065 3987 cor
2094 3947 2285 3995 meum,
2324 3929 2417 3987 sed
2448 3929 2607 4001 quasi
2657 3929 2714 3984 in
2766 3922 3377 3997 oratione'postulando
3431 3940 3491 3979 se
3519 3941 3549 3978 ιι

1978 4024 2088 4080 Deo
2110 4026 2234 4096 igne
2256 4022 2498 4095 purgari.
2527 4023 2575 4079 si
2608 4021 2825 4093 quidem
2857 4019 3183 4091 purgatione
3209 4026 3389 4090 egeat.
3434 4017 3549 4073 Ro-

1973 4128 2066 4191 gat
2094 4118 2260 4189 igitur
2293 4113 2521 4189 probari“
2546 4125 2601 4171 et
2626 4112 2927 4170 examinari
2976 4127 3142 4182 supra
3186 4120 3548 4167 memoratam

1977 4227 2133 4268 suam
2154 4213 2435 4275 virtutem,
2456 4224 2561 4279 qua
2586 4207 2883 4279 praeclarus
2906 4213 3376 4260 commonstratus
3419 4212 3503 4258 est
3530 4221 3546 4269 ;

1975 4322 2085 4361 non
2121 4304 2247 4373 sibi,
2280 4303 2377 4359 sed
2420 4302 2517 4358 Dei
2550 4298 2940 4357 misericordiae
2990 4296 3255 4352 conlisus.
3310 4294 3408 4358 Ita,
3468 4295 3549 4348 in-

1977 4380 2116 4469 quit,
2153 4406 2204 4453 te
2235 4396 2424 4474 Deum,
2457 4404 2719 4466 tuamque
2748 4388 3181 4448 misericordiam
3209 4403 3323 4459 prae
3368 4388 3547 4441 oculis

1977 4506 2194 4561 semper
2227 4489 2454 4553 habens,
2484 4488 2650 4544 vitam
2680 4499 2855 4540 meam
2886 4482 3249 4551 universaque
3275 4492 3440 4549 opera
3465 4478 3546 4532 sic

1975 4585 2210 4650 institui,
2258 4592 2316 4638 ut
2345 4576 2739 4652 compiacerem
2792 4576 2848 4631 in
2905 4575 3131 4631 veritate
3188 4581 3303 4628 tua.
3357 4570 3547 4643 Neque

1975 4680 2120 4735 enim
2160 4692 2282 4733 cum
2305 4673 2653 4732 simulatione
2674 4669 2934 4742 quadam,
2969 4668 3065 4726 sed
3089 4670 3147 4741 in
3178 4667 3411 4724 veritate
3432 4681 3548 4720 am-

293 4761 387 4810 σας
419 4765 521 4832 μου
554 4747 655 4813 τὰς
681 4748 909 4821 πράξεις
942 4748 1375 4819 ἐπαιδαγώγουν,
1403 4752 1478 4816 ώς
1510 4755 1869 4830 εὐαρεστῆσαι

1978 4769 2160 4825 bulavi
2191 4782 2254 4823 ac
2287 4771 2536 4822 versatus
2594 4778 2737 4830 sum,
2795 4760 3001 4832 unique
3041 4759 3154 4816 Deo
3183 4759 3399 4832 placere
3430 4764 3547 4811 stu-

292 4837 346 4889 ὲν
374 4842 441 4912 τῇ
470 4830 699 4915 ἀληθείᾳ
732 4860 844 4898 σου.
872 4843 945 4896 Ού
985 4843 1091 4915 γὰρ
1125 4842 1242 4914 μεθ’
1272 4844 1632 4916 ὑποκρίσεως,
1660 4850 1775 4903 ἀλλ’
1811 4855 1868 4905 ἐν

259 4931 516 5028 ,ἀληθεία
548 4936 934 5010 περιεπάτησα,
956 4936 1049 4991 καὶ
1080 4937 1445 5008 ἀνεστράφην,
1479 4939 1628 5011 μόνῳ
1649 4940 1726 5013 τῷ
1750 4942 1870 5015 Θεῷ

294 5025 655 5099 εὐαρεστῆσαι
684 5029 1021 5096 σπουδάζων.
1164 5046 1177 5063 ·

360 5140 485 5192 Οὐκ
512 5141 767 5197 ἐκάθισα
791 5144 942 5214 μετὰ
971 5124 1307 5216 συνεδρίουὶ
1323 5147 1737 5216 ματαιότητος,
1771 5151 1867 5205 καί
1911 5178 1914 5180 η

293 5228 434 5298 μετὰ
475 5238 984 5304 παρανομούντων
1019 5241 1090 5295 οὐ
1126 5238 1212 5310 μὴ
1254 5240 1522 5296 εἰσέλθω.
1572 5241 1867 5311 Ἐμίσησα

292 5321 623 5389 ἐκκλησίαν
659 5318 1173 5400 πονηρευομένων,
1218 5335 1316 5387 καὶ
1338 5332 1487 5403 μετὰ
1533 5332 1770 5389 ἀσεϐῶν
1796 5338 1867 5390 οὐ

290 5411 369 5483 μὴ
404 5413 649 5477 καθίσω.
683 5416 752 5470 Εἴ
774 5436 878 5472 που
904 5422 1082 5477 τοίνυν
1115 5427 1440 5497 συνήρχοντο
1471 5424 1612 5478 κατά
1642 5426 1704 5480 τὸ
1736 5429 1869 5482 αὐτὸ

296 5501 481 5571 ἄνδρες
523 5503 586 5557 οῦ
631 5507 930 5573 σπουδαῖοι,
960 5512 1069 5565 οὐδ’
1099 5515 1193 5569 ἐπὶ
1233 5516 1540 5580 σπουδαίοις
1578 5517 1868 5591 πράγμασι

299 5594 736 5670 οαοςδρεύυντες,
771 5600 883 5653 ἐπὶ*
909 5604 1159 5673 ματαίοις
1204 5608 1262 5662 δὲ
1288 5611 1381 5664 καὶ
1412 5609 1512 5662 οὐκ
1549 5609 1869 5681 ἀναγκαίοις

298 5689 600 5763 ποιούμενοι
624 5691 723 5764 τὴν
743 5690 976 5750 σύνοδον·
1002 5697 1245 5766 τούτους,
1270 5703 1452 5774 φησὶν,
1482 5701 1702 5773 ἔφυγον,
1727 5708 1869 5763 ὣστε

300 5782 368 5855 μὴ
403 5778 937 5857 πμπεριπλὲκεσθαι
978 5788 1154 5844 αὐτῶν
1198 5795 1281 5864 τῇ.
1320 5793 1660 5867 ματαιότητι,
1689 5798 1748 5819 ‘“
1792 5798 1869 5862 ὼς

360 5941 405 5973 ³⁸
443 5939 600 6001 Rom.
635 5959 699 6006 ν,
733 5942 785 5998 5.
1050 5948 1053 5949 ⁷

574 6032 848 6096 Panos.
881 6035 996 6099 Gn.
1055 6033 1293 6099 XXIII.

1972 4858 2087 4914 dui.

2046 5140 2211 5196 Vens.
2246 5139 2301 5202 4,
2334 5140 2386 5194 5.
2426 5138 2551 5195 Non
2590 5139 2702 5195 sedi
2748 5154 2865 5193 cum
2914 5136 3136 5190 concilio
3185 5132 3543 5193 vanitatis,et

1976 5253 2093 5289 rum
2119 5235 2301 5305 iniqua
2339 5219 2637 5304 gerentibus
2666 5250 2770 5288 non
2805 5228 3054 5285 introibo.
3084 5226 3236 5283 0divi
3265 5224 3543 5279 ecclesiam

1981 5327 2400 5398 mulignantium,
2429 5335 2479 5381 et
2502 5344 2619 5381 cum
2641 5325 2815 5397 impiis
2848 5342 2953 5381 non
2974 5321 3175 5378 sedebo.
3213 5317 3398 5372 Sicubi
3432 5330 3542 5370 una

1975 5419 2328 5477 convenirent
2346 5420 2448 5474 viri
2476 5435 2585 5474 non
2616 5419 2782 5490 frugi,
2809 5432 2984 5489 neque
3006 5415 3073 5470 de
3100 5411 3256 5467 bonis
3282 5408 3542 5479 operibus

1976 5514 2264 5574 consilium
2303 5514 2595 5585 agitantes.
2633 5512 2729 5569 sed
2754 5513 2821 5569 de
2847 5512 3002 5567 vanis
3045 5500 3109 5561 ac
3138 5520 3249 5559 non
3282 5518 3538 5559 necessa-

1976 5614 2073 5668 riis
2103 5610 2266 5666 rebus
2297 5608 2352 5663 in
2380 5615 2525 5664 coetu
2551 5623 2651 5664 suo
2677 5611 3101 5677 pertractantes;
3131 5601 3209 5665 ab
3232 5600 3311 5662 is,
3336 5596 3538 5667 inquit,

1975 5702 2331 5774 refugiebam,
2366 5708 2425 5757 ut
2453 5718 2523 5756 ne
2569 5700 2759 5754 talium
2808 5697 3087 5753 hominum
3128 5690 3355 5749 vanitati
3389 5706 3535 5746 coni-

1976 5797 2258 5865 miscerer,
2287 5798 2351 5819 “'
2387 5802 2447 5848 ut
2475 5791 2604 5864 quid
2638 5799 2831 5861 praeter
2853 5789 3089 5845 divinam
3114 5788 3287 5859 legem
3321 5783 3543 5857 aggredi

3191 6059 3230 6096 is
