4302 6410
762 450 883 535 εδδ

1509 481 1775 538 EUSEBII
1814 478 2289 539 cmsameusns
2325 480 2479 536 ore.
2522 480 2701 533 rans
2739 455 2897 532 me
2933 480 3338 530 ιλειιωιω.

3908 482 4029 532 Ξῦῢ

775 598 1061 667 auderent,
1090 603 1260 657 multo
1291 603 1464 674 magis
1514 605 1585 661 ab
1633 607 1702 661 iis
1734 606 2096 668 declinabam,
2124 605 2329 660 erroris
2361 657 2368 673 ι

2432 605 2522 657 καὶ
2547 602 2694 672 παρά
2720 602 2809 655 τὸν
2835 601 2973 654 θεῖον
2996 601 3156 670 νόμον
3191 600 3391 670 τολμᾷν
3417 600 3537 653 τινὰ
3562 601 3692 671 δρᾷν
3716 619 3727 630 ·
3763 602 3854 657 καὶ
3883 601 4020 653 τού-

777 707 887 749 una
917 708 1038 748 cum
1060 694 1126 750 iis
1160 695 1553 755 adeundiviam
1576 697 1873 768 refugiens.
1908 697 2068 763 Quod
2088 699 2136 753 si
2159 714 2331 767 quan-

775 783 848 839 do
871 782 1105 840 viderem
1129 787 1340 857 aliquos
1364 796 1565 844 coetum
1589 798 1833 861 agentes,
1859 790 1951 859 qui
1976 805 2082 844 non
2117 805 2215 859 pro
2239 804 2332 845 va-

774 877 944 933 nitate
984 892 1084 933 nec
1110 894 1207 949 pro
1240 882 1505 951 improbis
1538 883 1796 952 operibus
1820 883 2198 946 convenirent,
2236 882 2331 938 sed

776 983 874 1039 pro
902 975 1082 1039 pravis
1102 979 1156 1026 et
1184 972 1365 1043 impiis
1386 974 1730 1044 dogmatibus
1758 976 1813 1029 in
1844 975 2087 1031 ecclesia
2112 990 2335 1045 congre-

688 1112 689 1115 η
776 1070 1053 1127 garentur,
1089 1064 1190 1119 hos
1225 1065 1513 1136 plusquam
1566 1081 1728 1136 supra
1757 1067 1934 1139 dictos
1968 1066 2095 1122 odio
2138 1066 2332 1137 dignos

773 1152 954 1207 rebar.
986 1154 1149 1210 Aliud
1174 1170 1304 1211 vero
1330 1171 1360 1210 a
1383 1172 1548 1228 supra
1574 1159 1889 1213 memoratis
1926 1158 2209 1213 hominum
2238 1174 2332 1228 ge-

771 1259 876 1300 nus
910 1246 1283 1316 conspicatus,
1326 1248 1618 1318 impiorum
1657 1249 1931 1314 videlicet,
1964 1258 2017 1304 et
2042 1252 2135 1319 qui
2159 1249 2328 1304 Deum

771 1351 882 1391 non
910 1346 1159 1402 nossent,
1191 1354 1256 1393 ac
1287 1339 1380 1410 qui
1410 1340 1465 1394 in
1488 1356 1674 1396 errore
1702 1349 1756 1396 et
1780 1341 2087 1397 idololatria
2117 1342 2328 1397 voluta-

771 1435 981 1493 rentur,
1014 1429 1082 1483 ab
1113 1429 1179 1485 iis
1206 1431 1553 1500 secedebam;
1593 1434 1668 1487 ita
1694 1442 1755 1487 ut
1786 1450 1855 1489 ne
1887 1435 2089 1491 sedere
2109 1434 2329 1506 quidem

772 1534 895 1575 cum
925 1520 993 1576 iis
1024 1520 1244 1590 vellem,
1275 1537 1373 1578 nec
1402 1523 1495 1579 diu
1545 1540 1667 1579 cum
1703 1525 1771 1580 iis
1824 1527 2045 1590 morari,
2095 1542 2163 1582 ne
2221 1543 2328 1597 qua

771 1610 904 1664 mihi
933 1625 998 1667 ex
1029 1625 1221 1667 eorum
1269 1624 1566 1684 congressu
1610 1615 1905 1684 impietatis
1934 1617 2190 1690 contagio
2219 1619 2321 1673 hae-

771 1708 930 1759 reret.
965 1700 1145 1769 Quare
1166 1704 1292 1758 dico
1328 1723 1340 1758 :
1370 1712 1558 1759 etcum
1590 1706 1767 1776 impiis
1795 1724 1899 1762 non
1923 1707 2126 1763 sedebo.

2432 712 2553 758 τους
2618 694 2696 746 ἔτι
2753 691 2949 761 μᾶλλον
3004 691 3222 761 ἔφυγον,
3277 691 3705 761 παραιτούμενος
3745 693 3842 764 τὴν
3893 695 4024 762 ἅμα

2432 788 2611 848 αὐτοῖς
2652 787 2730 848 είς
2775 785 2874 853 τὴν
2908 785 3112 853 πλάνην
3159 785 3379 838 εἴσοδον.
3424 786 3531 837 Kal.
3563 784 3615 837 εί
3650 802 3775 838 ποτε
3798 787 3870 843 ,δὲ
3906 786 4021 838 ἐώ-

2436 894 2540 947 ρων
2596 874 3047 944 ὲκκλησιάςοντάς
3102 892 3285 939 τινας,
3342 876 3433 928 καὶ
3489 876 3588 929 οὐκ
3628 878 3719 929 ἐπὶ
3774 879 4021 945 ματαιό-

2430 984 2589 1036 τητος
2628 968 3073 1036 συνερχομένους,
3100 966 3214 1018 ἀλλ’
3249 966 3354 1019 οὐδ’
3397 967 3489 1019 ἐπὶ
3542 969 4023 1041 παρανόμοιςσέρ-

2430 1076 2583 1129 γοις,
2621 1059 2735 1112 ἀλλ’
2782 1059 2876 1110 ἐπὶ
2910 1062 3167 1129 πονηροῖς
3212 1060 3305 1111 καὶ
3350 1060 3569 1113 ἀσεΰέσι
3613 1062 3897 1132 δόγμασιν,
3958 1065 4023 1115 ἐν

2431 1148 2689 1220 ἐκκλησίᾳ
2732 1148 2891 1219 δῆθεν
2938 1151 3455 1220 συγκροτουμένους,
3522 1151 3742 1215 τούτους
3790 1153 3853 1233 δὴ
3904 1154 4023 1225 μά-

2431 1240 2585 1291 λιστα
2616 1238 2765 1309 παρά
2808 1240 2934 1301 τοὺς
2975 1239 3371 1311 προλεχθέντας
3414 1240 3604 1310 μίσους
3632 1240 3813 1306 ἀξίους
3842 1243 4026 1314 ἡγού-

2434 1346 2558 1401 μην.
2587 1332 2697 1384 Καὶ
2736 1331 2921 1403 ἕτερον
2962 1331 3019 1384 δὲ
3063 1332 3249 1403 τάγμα
3299 1333 3450 1403 παρά
3488 1334 3557 1385 τά
3600 1334 4022 1405 προλελεγμένα

2431 1421 2602 1487 εἰδὼς,
2636 1424 2696 1477 τὸ
2727 1424 2834 1476 τῶν
2882 1423 3112 1487 ἀσεϐῶν,
3162 1424 3268 1477 τῶν
3310 1425 3400 1477 τὸν
3447 1424 3578 1478 Θεὸν
3637 1425 3711 1496 μὴ
3760 1426 4014 1493 εἰδότων,
4055 1426 4063 1437 ⁸

2430 1514 2890 1587 είδωλολατρείαις
2916 1516 3008 1571 καί
3034 1516 3207 1589 πλάνῃ
3230 1517 3675 1586 καλινδουμένων,
3698 1517 4026 1589 ἀνεχώρουν

2430 1606 2627 1672 αὐτῶν,
2679 1607 2753 1672 ὡς
2804 1609 2939 1680 μηδὲ
2984 1608 3265 1680 βούλεσθαι
3316 1610 3495 1673 αὐτοῖς
3551 1596 4015 1677 συγκαθέζεσθαι,

2386 1764 2392 1775 ι
2433 1699 2554 1769 μηδ’
2598 1700 2689 1752 ὲπί
2738 1700 2870 1753 πολὺ
2909 1702 3297 1773 συγχρονίζειν,
3340 1702 3413 1773 μὴ
3458 1703 3565 1773 ἄρα
3599 1720 3683 1766 τις
3727 1703 3785 1770 ὲξ
3823 1706 4021 1759 αὐτῶν

2430 1793 2636 1862 γένοιτό
2668 1812 2757 1866 μοι
2789 1794 3068 1865 μετάδοσις
3092 1794 3343 1860 ἀσεϐείας
3362 1812 3375 1825 ·
3407 1795 3486 1849 διὸ
3512 1796 3652 1867 φημί
3675 1812 3688 1825 ⁶
3711 1797 3821 1851 Καὶ
3850 1797 4015 1866 μετὰ

2435 1887 2670 1941 ἀσεϐῶν
2696 1889 2767 1941 οὐ
2798 1886 2883 1956 μὴ
2920 1887 3163 1941 καθισω.

836 2007 997 2066 Vens.
1072 2016 1191 2067 6-8.
1276 2011 1493 2065 Lavaba’
1554 2010 1691 2064 inter
1770 2011 2062 2065 innocentes
2142 1972 2368 2067 manus1

2498 2002 2760 2070 Νίψομαι
2788 2000 2858 2054 ἐν
2905 1999 3117 2066 ἀθώοις
3164 1999 3270 2066 τὰς
3317 2000 3519 2070 χεῖράς
3562 2022 3701 2073 μου,
3757 2005 3857 2060 καὶ
3896 2023 4014 2059 κυ-

768 2116 929 2166 meas,
981 2111 1034 2155 et
1061 2100 1399 2155 circumdabo
1435 2104 1604 2155 altare
1633 2112 1801 2165 tuum,
1841 2102 2063 2157 Domine
2093 2104 2111 2157 ἐ
2142 2113 2199 2156 ut
2233 2120 2329 2157 au-

768 2194 909 2248 diam
937 2210 1109 2249 oocem
1159 2190 1357 2259 laudis,
1411 2204 1461 2250 et
1516 2213 1753 2252 enarrem
1787 2198 2028 2252 universa
2056 2194 2329 2250 mirabilia

769 2294 879 2340 tua.
908 2282 1157 2350 Domine,
1187 2286 1352 2339 dilexi
1387 2285 1623 2341 decorem
1649 2286 1836 2342 domus
1881 2296 2004 2351 tum,
2029 2296 2102 2341 ‘et
2158 2287 2327 2341 locum

767 2356 1120 2432 habitationis.
1145 2377 1328 2448 gloria:
1356 2388 1479 2434 tuaz.
1513 2377 1573 2433 ln
1607 2380 1843 2434 circuitu
1879 2378 2219 2434 tabernaculi
2247 2380 2327 2434 tui

768 2466 1185 2532 obambulando,
1220 2468 1451 2540 hymnos
1502 2470 1815 2524 emitteham
1866 2484 1965 2540 pro
2018 2469 2323 2534 sacriﬁciis,

768 2565 825 2611 ut
858 2558 926 2612 ab
950 2558 1265 2615 hominibus
1300 2576 1330 2615 e
1386 2561 1571 2615 vicino
1606 2562 1800 2631 positis
1837 2562 2198 2631 audirentur,
2252 2563 2325 2617 ita
2370 2596 2371 2599 η

768 2654 827 2702 ut
858 2662 1047 2706 omnes
1100 2665 1290 2705 vocem
1337 2666 1512 2706 meam
1544 2660 1597 2708 te
1625 2653 2012 2730 celebrantem,
2073 2668 2137 2708 ac
2162 2668 2326 2710 enar-

766 2748 975 2797 rantem
1008 2741 1261 2797 universa
1295 2742 1564 2797 mirabilia
1621 2752 1713 2797 tua
1764 2742 2153 2799 auscuitarcnt.
2188 2743 2324 2797 Nam

765 2832 819 2887 in
848 2831 1064 2905 hymnis
1116 2831 1184 2888 ad
1235 2832 1314 2888 tui
1344 2832 1555 2889 laudem
1605 2836 1967 2902 concinnatis,
2004 2835 2325 2890 admiranda

764 2935 911 2997 gesta
942 2933 1035 2981 tua
1068 2941 1177 2981 una
1205 2927 1625 2996 complectebar,
1682 2943 1804 2998 qua:
1851 2929 2069 2999 proavis
2120 2929 2326 2985 nostris

764 3016 1076 3075 exbibuisti.
1109 3016 1296 3089 Neque
1324 3019 1586 3074 duntaxat
1618 3019 1787 3085 altare
1810 3030 1962 3074 tuum
1998 3021 2321 3087 circuibam,

764 3108 857 3165 sed
884 3116 1057 3164 totam
1087 3125 1305 3181 quoque
1348 3111 1569 3165 domum
1628 3119 1775 3163 tuam
1828 3110 2021 3179 dilexi,
2074 3111 2320 3176 Domine,

766 3199 1105 3270 maximeque
1132 3198 1383 3275 decoram
1423 3199 1566 3268 ejus,
1605 3202 1696 3271 qui
1741 3201 1796 3254 in
1842 3201 1948 3271 piis
1977 3203 2325 3274 dogmatibus

2428 2090 2643 2145 κυιώσω
2672 2091 2739 2145 τὸ
2762 2090 3194 2159 θυσιαστήριον
3235 2109 3371 2157 σου,
3400 2096 3592 2162 Κύριε,
3614 2096 3719 2150 τοῦ
3744 2095 4011 2152 ἀκοῦσαι

2427 2181 2630 2253 φωνῆς
2652 2183 2959 2250 αἰνέσεως,
2994 2185 3089 2239 καὶ
3118 2184 3517 2254 διηγήσασθαι
3543 2187 3736 2242 πάντα
3767 2190 3839 2243 τὰ
3861 2193 4012 2244 θαυ-

2422 2275 2613 2345 μάσιά
2659 2293 2793 2331 σου.
2843 2279 3042 2346 Κύριε,
3095 2277 3381 2348 ἠγάπησα
3427 2279 3783 2348 εὐπρέπειαν
3822 2284 4006 2337 οἴκου

2428 2384 2563 2433 σου,
2608 2370 2706 2424 καὶ
2738 2372 2923 2425 τόπον
2950 2370 3339 2441 σκψώματος
3365 2372 3549 2441 δόξης
3588 2390 3726 2427 σου.
3768 2377 4008 2429 Κυκλῶν

2430 2477 2523 2515 σου
2556 2460 2617 2515 τὸ
2642 2461 3041 2534 θυσιαστήριον,
3071 2463 3270 2535 ὕμνους
3302 2465 3611 2535 ἀνέπεμπον
3644 2466 3763 2519 ἀντί
3785 2466 4002 2530 Θυσίας,

2427 2554 2519 2607 καὶ
2542 2554 2639 2624 τὴν
2662 2552 2805 2625 ἐμὴν
2825 2554 3003 2626 φωνὴν
3028 2554 3294 2627 ἀκουστὴν
3321 2557 3536 2609 ἐποίουν
3550 2558 3660 2620 τοῖς
3681 2556 4007 2627 πλησιάζου-

2429 2660 2532 2708 σιν,
2568 2641 2706 2698 ῶστε
2741 2644 2946 2708 πάντας
2974 2644 3190 2697 ἀκούειν
3229 2644 3326 2715 τῆς
3356 2644 3494 2714 ἐμῆς
3534 2643 3715 2713 φωνῆς
3743 2642 4005 2714 αἰνούσης

2428 2752 2486 2789 σε
2534 2736 2625 2788 τὸν
2668 2736 2794 2789 Θεὸν
2840 2738 2934 2790 καὶ
2979 2736 3337 2807 διηγουμένης
3384 2736 3559 2790 πάντα
3602 2733 3672 2789 τά
3718 2734 4003 2805 θαυμάσιά

2427 2844 2538 2882 σου.
2596 2828 2682 2881 Ἐν
2712 2828 2819 2899 γὰρ
2853 2830 2965 2900 τοῖς
3022 2830 3099 2893 εἰς
3133 2828 3192 2882 σὲ
3235 2828 3422 2899 ὕμνοις
3472 2828 4001 2900 συμπαρελάμϐανον

2424 2920 2523 2985 τὰς
2550 2920 2856 2992 Θαυμασίας
2890 2938 2983 2974 σου
3016 2920 3261 2992 πράξεις,
3289 2921 3353 2983 ἃς
3380 2920 3626 2987 ἐνεδείξω
3650 2924 3761 2986 τοῖς
3799 2918 4001 2991 ἡμετέ-

2432 3030 2543 3084 ροις
2577 3013 2964 3085 προπάτορσιν.
3001 3015 3074 3067 Οὐ
3125 3014 3284 3084 μόνον
3309 3014 3363 3067 δὲ
3392 3014 3452 3067 τὸ
3497 3014 3873 3087 θυσιαστήριόν
3900 3030 3999 3066 σου

2429 3103 2710 3167 ἐκύκλουν,
2756 3103 2890 3155 ἀλλά
2931 3104 3024 3156 καί⁵
3070 3104 3247 3155 πάντα
3279 3099 3544 3159 ὡνςοῖκόν
3589 3120 3679 3156 σου
3710 3103 3995 3173 ἠγάπησα,

2425 3195 2597 3265 Κύριε
2621 3211 2634 3225 ·
2671 3195 2765 3248 καὶ
2796 3194 2982 3248 τούτου
3025 3194 3256 3265 μάλιστα
3283 3194 3380 3265 τὴν
3405 3193 3735 3270 εὐπρέπειαν
3761 3194 4001 3266 θεωρου-

766 3298 817 3345 et
853 3289 1216 3354 sermonibus,
1249 3304 1463 3345 necnon
1498 3291 1554 3345 in
1578 3290 1840 3348 divinitus
1871 3292 2088 3349 traditis
2134 3294 2325 3349 lectio—
2352 3331 2368 3384 ⁴

2431 3288 2597 3359 μένην
2624 3289 2681 3340 ὲν
2706 3286 2952 3339 εὐσεϐέσι
2975 3285 3206 3357 δόγμασι
3228 3286 3321 3339 καὶ
3344 3285 3539 3353 λόγοις,
3573 3284 3630 3338 ἔν
3651 3302 3707 3338 τε
3739 3288 3848 3349 τοῖς
3878 3286 4000 3339 θεο-

765 3382 927 3437 nibus
957 3389 1254 3453 spectatur.
1288 3381 1461 3439 Decor
1511 3392 1691 3439 autem
1735 3383 1934 3441 domus
1985 3385 2079 3441 Dei
2137 3382 2321 3451 fuerit,

765 3473 1203 3529 convenientium
1233 3482 1483 3540 ornatus,
1522 3476 1799 3549 inculpata
1836 3466 1969 3546 vita,
2020 3477 2327 3532 multitudi-

766 3563 850 3620 nis
880 3556 1157 3631 bonestas,
1205 3574 1506 3623 concentus
1557 3576 1611 3623 et
1658 3567 1949 3624 concordia
1991 3582 2327 3623 concurren-

763 3658 923 3713 tium.
951 3655 1055 3714 Sed
1088 3659 1345 3729 quoniam
1383 3660 1473 3715 vel
1496 3661 1626 3729 ipsa:
1656 3660 1852 3716 domus
1879 3661 2058 3726 sedes,
2086 3661 2155 3717 ob
2177 3676 2328 3715 amo-

763 3750 839 3806 ris
868 3765 996 3822 erga
1026 3749 1194 3807 Deum
1220 3752 1614 3822 praestantiam,
1644 3752 1917 3822 religiosis
1946 3754 2143 3807 animis
2176 3767 2329 3807 ama-

764 3840 901 3897 biles
955 3849 1105 3907 sunt,
1152 3842 1362 3914 etiamsi
1405 3841 1634 3898 diversa:
1681 3843 1791 3899 sint
1839 3836 1870 3895 a
1901 3842 2103 3897 tradito
2131 3843 2326 3899 domus

765 3929 858 3985 Dei
889 3931 1121 3998 decore,
1148 3934 1340 3989 merito
1387 3934 1607 4006 adjecit,
1659 3943 1710 3988 et
1764 3934 1938 3990 locum
1983 3935 2327 3991 habitationis

764 4023 945 4096 gloriae
975 4033 1098 4080 tum.

834 4135 1000 4194 Vsus.
1031 4137 1119 4204 11,
1168 4136 1257 4193 12.
1298 4135 1410 4209 Ego
1453 4149 1631 4195 autem
1675 4141 1732 4195 in
1762 4142 2062 4196 innocentia
2095 4158 2212 4197 mea
2244 4142 2329 4195 in-

764 4244 972 4299 gressus
1002 4244 1135 4283 sum.
1160 4244 1178 4282 :
1220 4228 1419 4284 redime
1447 4246 1548 4297 me,
1579 4230 1823 4297 Domine,
1854 4241 1903 4286 et
1932 4233 2175 4286 miserere
2206 4233 2325 4286 mei.

766 4320 864 4377 Pes
890 4338 1033 4377 meus
1066 4323 1206 4377 stetit
1236 4321 1293 4376 in
1326 4321 1544 4389 directo,
1572 4322 1627 4377 in
1655 4322 1889 4378 ecclesiis
1925 4323 2223 4380 benediram
2259 4334 2325 4390 te,

764 4414 1004 4469 Domine.
1040 4414 1491 4486 Quandoquidem
1533 4415 1701 4487 igitur
1733 4432 1838 4487 qua
1883 4431 2139 4474 mensura
2169 4417 2330 4471 meti-

762 4523 904 4573 mur,
933 4494 1233 4564 remetietur
1260 4509 1429 4572 nobis,
1461 4516 1517 4565 et
1549 4510 1605 4564 in
1630 4525 1740 4581 quo
1759 4509 1969 4581 judicio
1992 4509 2326 4580 iudicamus,

762 4603 817 4658 in
845 4602 1034 4659 eodem
1054 4603 1426 4673 judicahimur
1450 4604 1529 4672 ³⁹;
1562 4603 1684 4659 ideo
1724 4602 2037 4674 frequenter
2064 4603 2329 4657 innocen-

759 4692 890 4746 tiam
922 4669 1194 4764 proponit,
1228 4692 1280 4747 id
1306 4701 1410 4759 est,
1442 4669 1710 4749 malorum
1739 4669 2090 4757 oblivionem,
2116 4700 2173 4747 et
2190 4692 2327 4745 toie-
2360 4669 2404 4723 θ

762 4786 997 4840 rantiam
1042 4780 1629 4857 mansuetudinemque
1658 4803 1787 4859 erga
1819 4803 1914 4843 eos
1947 4788 2041 4858 qui
2096 4786 2151 4841 in
2218 4783 2361 4839 sei-'

760 4893 918 4949 psum
952 4884 1349 4949 peccaverant,
1407 4886 1469 4931 ut
1493 4893 1674 4947 parem
1711 4888 1767 4935 et
1812 4880 1928 4949 ipse
1959 4892 2058 4950 pro
2088 4876 2327 4932 admisso

760 4964 943 5024 errato
974 4966 1366 5038 indulgenti-am
1416 4965 1513 5021 Dei
1566 4969 1942 5025 nanciscatur.
1997 4968 2090 5024 Sic
2128 4982 2325 5039 preca-

717 5042 723 5050 ’
761 5070 874 5124 tus.
921 5058 1108 5114 divino
1158 5060 1335 5114 sancti
1364 5068 1425 5115 et
1475 5048 1777 5133 prophetici
1819 5059 2055 5132 Spiritus
2100 5059 2327 5115 numine

760 5150 994 5219 albatus,
1037 5153 1113 5207 ita
1164 5152 1358 5223 pergit,
1381 5164 1481 5223 ’ρας
1507 5170 1650 5209 meus
1690 5156 1833 5209 stetit
1874 5158 1930 5211 in
1964 5137 2163 5213 directo
2206 5172 2224 5210 :
2273 5156 2327 5208 in

760 5244 989 5308 ecclesiis
1020 5244 1320 5303 benedicam
1344 5256 1412 5311 te,
1436 5247 1677 5304 Domine.
1700 5247 2047 5306 vaticinatur
2067 5251 2213 5307 enim
2243 5263 2325 5312 se,

759 5338 863 5395 etsi
921 5338 1154 5408 pedibus
1211 5354 1603 5411 nonnunquam
1655 5343 2012 5420 vacillaverit,
2044 5359 2110 5399 ac
2143 5348 2327 5396 motus

760 5446 1167 5502 succussusque
1201 5431 1387 5497 fuerit,
1411 5449 1689 5505 nunquam
1721 5437 1901 5491 ta’men
1930 5434 1985 5489 in
2021 5435 2108 5491 his
2138 5435 2326 5503 lapsu-

762 5537 904 5595 rum,
954 5521 1049 5577 sed
1079 5524 1443 5579 constiturum
1492 5527 1546 5579 in
1580 5527 1813 5590 directo,
1862 5534 2025 5596 atque
2076 5524 2325 5579 futurum

761 5620 967 5670 esseut
992 5613 1046 5668 in
1076 5614 1326 5672 ecclesiis
1345 5616 1627 5673 benedicat
1656 5618 1921 5682 Domino;
1956 5616 2042 5672 his
2070 5628 2327 5687 praenun-

764 5705 901 5763 tians
948 5706 1189 5765 futuram
1240 5709 1327 5765 sui
1380 5711 1437 5767 in
1487 5711 1735 5769 ecclesiis
1784 5711 1880 5765 Dei
1937 5708 2255 5765 memoriam
2309 5726 2321 5761 :

832 5915 875 5946 ”
915 5914 1099 5973 Matth.
1133 5934 1244 5989 vn,
1278 5918 1312 5971 9

2428 3377 2713 3441 πνεύστοις
2737 3376 3173 3449 ἀναγνώσμασιν.
3199 3374 3515 3449 Εὐπρέπεια
3537 3375 3592 3428 δὲ
3618 3374 3701 3445 εἴη
3725 3375 3819 3428 τοῦ
3845 3377 3998 3429 οτκου

2426 3470 2520 3524 τοῦ
2546 3470 2678 3524 Θεοῦ
2714 3471 2805 3523 καὶ
2827 3472 2855 3524 ὁ
2876 3470 2983 3523 τῶν
3010 3469 3412 3542 συνερχομένων
3434 3468 3655 3539 κόσμος,
3691 3468 3719 3520 ὅ
3745 3485 3802 3521 τε
3832 3467 3943 3537 βίος
3965 3470 3997 3523 ὁ

2428 3562 2790 3634 ἀνεπίληπτος
2813 3562 2907 3616 καὶ
2934 3562 2997 3616 τὸ
3025 3562 3249 3632 κόσμιον
3277 3560 3371 3615 τοῦ
3398 3560 3653 3633 πλήθους,
3679 3561 3772 3613 καὶ
3804 3562 3836 3632 ή
3862 3562 3996 3631 ὁμο-

2428 3653 2666 3726 φροσύνη
2723 3655 2832 3711 τῶν
2874 3642 3297 3728 συνερχομένων.
3356 3654 3489 3709 Ἀλλ’
3548 3653 3668 3706 ἐπεὶ
3721 3654 3814 3706 καὶ
3864 3653 3999 3706 αὐτὸ

2427 3751 2620 3820 ἔδαφος
2652 3751 2717 3804 δι’
2742 3752 3045 3825 ὑπερϐολὴν
3068 3751 3171 3822 τῆς
3200 3750 3335 3821 πρὸς
3361 3749 3492 3802 Θεὸν
3525 3748 3744 3819 ἀγάπης
3776 3735 3998 3817 ἀγαπη-

2426 3841 2517 3896 τὸν
2540 3842 2792 3913 τυγχάνει
2812 3842 2931 3904 ταῖς
2964 3839 3229 3909 φιλοθέοις
3264 3838 3483 3909 ψυχαῖς,
3510 3835 3693 3905 ἕτερον
3739 3834 3797 3887 ὃν
3843 3831 3998 3903 παρά

2425 3935 2523 4007 τὴν
2554 3934 2901 3988 ἀποδοθεῖσαν
2924 3932 3054 4002 ἡμῖν
3078 3930 3403 4001 εὐπρέπειαν
3425 3926 3518 3979 τοῦ
3541 3926 3691 3983 οἴκου
3713 3925 3807 3977 τοῦ
3834 3923 3994 3989 Θεοῦ,

2427 4026 2647 4090 εἰκότως
2665 4025 2923 4093 ἐπιλέγει*
2946 4021 3055 4077 Καὶ
3071 4017 3644 4086 τόπονσκηνώματος
3658 4014 3840 4082 δόξης
3856 4028 3994 4069 σου.

2512 4138 2656 4209 Ἐγὼ
2684 4137 2757 4191 δὲ
2795 4138 2865 4191 ἐν
2892 4135 3110 4201 ἀκακία
3144 4150 3263 4203 μου
3302 4132 3662 4201 ἐπορεύθην*
3694 4130 3999 4198 λύτρωσαί

2426 4249 2519 4302 με,
2555 4232 2752 4298 Κύριε,
2782 4230 2878 4283 καὶ
2909 4226 3166 4294 ἐλέησόν
3196 4241 3293 4295 με.
3338 4226 3389 4277 Ὁ
3424 4221 3577 4289 ποῦς
3599 4238 3717 4291 μου
3747 4220 3895 4289 ἔστη
3926 4222 4000 4275 ἐν

2429 4325 2725 4391 εὐθύτητι,
2778 4322 2848 4375 ἐν
2889 4319 3241 4387 ἐκκλησίαις
3284 4315 3599 4385 εὐλογήσω
3645 4330 3739 4376 σε,
3796 4315 3992 4383 Κύριε.

2442 4418 2595 4472 Ἐπεὶ
2618 4416 2796 4468 τοίνυν
2832 4407 2876 4481 ᾦ
2910 4412 3089 4483 μέτρῳ
3116 4404 3417 4478 μετροῦμεν
3429 4398 3997 4471 ἀντιμετρηθήσεται

2434 4503 2593 4572 ἡμῖν,
2620 4502 2713 4556 καὶ
2758 4504 2814 4555 ὲν
2853 4495 2897 4568 ᾧ
2929 4500 3153 4572 κρίματι
3183 4498 3459 4567 κρίνομεν,
3489 4493 3883 4566 κριθησόμεθα,
3909 4492 3998 4546 διὰ

2429 4595 2586 4651 τοῦτο
2631 4593 2866 4665 συνεχῶς
2906 4594 3004 4664 τὴν
3045 4591 3280 4669 ἀκακίαν
3321 4588 3699 4664 προϐάλλεται,
3752 4586 4021 4671 τουτέστι¹

2433 4690 2529 4761 τὴν
2556 4687 2857 4759 ἀμνηστίαν
2894 4685 3100 4751 κακῶν,
3143 4686 3240 4738 καὶ
3267 4684 3366 4755 τὴν
3397 4682 3532 4755 πρὸς
3571 4683 3696 4744 τοὺς
3729 4682 3809 4745 εἰς
3837 4679 3999 4735 αὑτὸν

2428 4782 2813 4856 ἡμαρτηκότας
2840 4780 3185 4847 ἀνεξικακίαν
3205 4796 3219 4809 ⁸
3254 4778 3328 4842 ὼς
3350 4776 3414 4831 ἂν
3442 4777 3533 4829 καὶ
3555 4775 3714 4838 αὐτὸς
3747 4776 3846 4843 τῆς
3878 4775 3999 4845 ῐσης

2430 4880 2580 4953 παρά
2605 4879 2699 4933 τοῦ
2744 4867 2876 4933 Θεοῦ
2904 4877 3054 4948 τύχοι
3082 4876 3383 4947 ἀμνηστίας
3411 4875 3503 4927 ἐπὶ
3527 4872 3604 4944 τῷ
3635 4872 3999 4943 συμϐεϐηκότι

2429 4972 2576 5043 αύτῷ
2609 4972 2900 5043 σφάλματι.
2931 4968 3041 5023 Καὶ
3079 4967 3251 5043 ταῦτα
3286 4964 3565 5028 ἱκετεύσας
3598 4964 3893 5029 ὲπιθειάζει
3921 4967 4001 5037 τῷ

2429 5062 2569 5133 ἁγίῳ
2601 5062 2695 5115 xal.
2721 5056 3043 5131 προφητικῷ
3060 5054 3339 5124 Πνεύματι
3371 5052 3544 5120 λέγων
3568 5051 3692 5121 ἑξῆς
3710 5068 3724 5081 ·
3766 5051 3820 5103 '0
3846 5052 4001 5119 ποῦς

2428 5172 2545 5224 μου
2574 5153 2723 5221 ἔστη
2758 5154 2827 5207 ἐν
2861 5152 3155 5216 εὐθύτητι,
3200 5147 3271 5200 ἐν
3299 5144 3651 5211 ἐκκλησίαις
3688 5139 4003 5213 εὐλογήσω

2433 5260 2529 5311 σε,
2567 5247 2760 5313 Κύριε.
2794 5238 3134 5315 Προφητεύει
3175 5234 3305 5308 γὰρ,
3343 5236 3445 5298 ὃτι,
3475 5236 3525 5287 εί
3555 5233 3647 5288 καί
3681 5251 3809 5288 ποτε
3840 5235 4001 5309 τέγος-

2433 5356 2520 5391 νεν
2547 5341 2603 5391 ὲν
2634 5340 2747 5401 τοῖς
2784 5336 2941 5392 ποσὶν
2976 5329 3139 5385 αὑτοῦ
3176 5327 3343 5391 σάλος·
3368 5326 3461 5380 καὶ
3491 5326 3675 5389 κλόνος
3712 5326 3807 5380 καὶ
3850 5325 4001 5394 κίνηο

2435 5447 2551 5493 σις·
2595 5429 2709 5482 ἀλλ’
2741 5428 2800 5481 οὐ
2844 5428 3091 5479 πεσεῖται
3135 5420 3226 5473 ἐπὶ
3269 5418 3498 5483 τούτοις,
3550 5417 3805 5489 στήσεται
3844 5415 3906 5469 δὲ
3943 5418 4001 5468 ὲν

2434 5522 2703 5594 εὐθύτητι,
2751 5518 2957 5592 μέλλων
3003 5517 3061 5569 ὲν
3094 5509 3409 5590 ἐκκλησίαις
3442 5510 3679 5579 εὐλογεῖν
3718 5508 3809 5563 τὸν
3846 5508 3998 5571 Θεὸν,

2432 5614 2529 5685 τὴν
2559 5614 2646 5668 διά
2676 5611 2865 5667 πασῶν
2890 5609 2998 5662 τῶν
3022 5606 3325 5680 ἐκκλησιῶν
3353 5604 3445 5658 τοῦ
3470 5603 3605 5658 Θεοῦ
3641 5602 3855 5674 μνήμην
3878 5599 4003 5651 ἐαυ-

2433 5703 2527 5761 τοῦ
2558 5704 3021 5779 προαναφωνήσας
3045 5717 3058 5731 ·
3101 5702 3180 5765 είς
3206 5699 3297 5754 ἔτί·
3312 5697 3439 5768 γοῦν
3469 5697 3564 5751 καὶ
3605 5695 3843 5764 σήμερον
3879 5688 3999 5745 καθ’
4056 5704 4061 5708 ‘
