4302 6460
240 533 339 590 13⁸1

1348 532 1843 589 COMMENTARIA
1876 533 1944 588 IN
1978 531 2310 599 PSALMOS.

3347 537 3452 593 238

240 650 364 719 ὅλης
393 648 491 720 τῆς
534 646 857 717 οἰκουμένης
897 646 955 699 ἐν
986 648 1103 711 ταῖς
1150 648 1382 721 Χριστοῦ
1422 650 1733 721 ἐκκλησίαις
1774 654 1803 705 6
1831 656 1875 713 Α
1905 666 1939 704 n

1774 654 1875 713 6A
1905 665 2029 704 nam
2082 650 2150 705 ad
2202 648 2525 703 hodiernum
2586 662 2757 717 usque
2818 646 2953 702 diem
3013 662 3109 718 per
3145 648 3449 704 universam

242 733 397 795 Δαυῖδ
421 738 633 808 εὐλογεί
653 738 741 791 τὸν
778 737 997 808 Κύριον.

765 950 851 1003 To
887 951 1083 1003 ΔΑΥιΔ
1126 952 1268 1016 xcv.

254 1098 255 1101 η
307 1040 519 1110 Κύριος
562 1044 862 1111 φωτισμός
907 1060 1047 1111 μου,
1098 1042 1195 1094 καὶ
1242 1043 1441 1110 σωτήρ
1489 1060 1627 1111 μου,
1665 1044 1796 1096 τίνα

237 1132 683 1201 φοϐηθήσομαις
726 1132 941 1199 Κύριος
989 1136 1446 1200 ὑπερασπιστὴς
1493 1133 1602 1202 τῆς
1652 1132 1795 1199 ζωῆς

236 1239 369 1290 μου,
398 1224 515 1277 ἀπὸ
555 1222 720 1289 τινος
754 1222 1075 1287 δειλιάσω;
1106 1226 1214 1278 Καὶ
1254 1226 1340 1279 διὰ
1371 1225 1526 1278 τοῦτο
1574 1226 1625 1278 τί
1656 1227 1796 1279 διδά-

231 1299 355 1369 σκει
381 1314 441 1367 τὸ
473 1313 697 1385 Πνεῦμα
719 1315 777 1368 τὸ
804 1316 1136 1386 προφητικόν
1158 1334 1172 1383 ;
1204 1318 1388 1380 Ὅπως
1420 1318 1681 1388 προσήκει
1708 1306 1803 1369 τὸν

232 1404 312 1475 τῷ
357 1404 475 1476 Θεῷ
525 1405 879 1476 ἀνακείμενον
921 1407 1257 1477 εὐχαριστεῖν
1300 1406 1465 1477 αὐτῷ,
1501 1410 1593 1461 καὶ
1641 1410 1797 1461 ὁποῖα

236 1494 386 1565 παρά
422 1495 516 1548 τοῦ
549 1494 682 1549 Θεοῦ
730 1498 918 1549 αίτεῖν.
963 1497 1208 1567 Περιέχει
1246 1499 1301 1551 δὲ
1326 1499 1545 1577 όιλόγος
1578 1500 1787 1569 εὐχαρι-
1823 1572 1829 1577 ὓ

238 1586 406 1640 στίαν.
443 1587 679 1651 Εἰκότως
720 1588 895 1642 τοίνυν
922 1588 1044 1642 οὔτε
1084 1588 1314 1660 ψαλμδς,
1345 1573 1466 1644 οὕτε
1498 1591 1627 1662 ᾠδὴ,
1672 1591 1792 1644 οὔτε

163 1736 176 1747 _
234 1697 285 1731 τι
318 1679 425 1733 τῶν
469 1679 860 1750 παραπλησίων
904 1681 1331 1751 ἐπιγέγραπται*
1375 1684 1587 1749 Κύριος
1619 1700 1791 1751 φωτι-

235 1772 387 1840 σμός
413 1788 532 1840 μου
561 1771 658 1824 καὶ
695 1770 893 1839 σωτήρ
919 1790 1058 1841 μου,
1091 1773 1223 1825 τίνα
1250 1772 1691 1841 φοϐηθήσομαω
1736 1774 1793 1825 Ὀ

238 1862 335 1932 μὲν
377 1862 476 1931 τὴν
507 1859 681 1931 ψυχὴν
724 1863 781 1914 ὲν
829 1864 982 1917 νυκτὶ
1016 1864 1110 1916 καὶ
1148 1866 1320 1933 σκότῳ
1365 1864 1791 1934 καλινδούμενος,

234 1953 332 2006 οὐκ
352 1953 506 2017 εἰδὼς
538 1956 658 2007 ὅποι
693 1954 918 2026 φέρεται
952 1957 1046 2009 καὶ
1070 1957 1217 2019 ὅπως
1244 1957 1593 2026 προσκόπτει,
1628 1958 1793 2029 μυρία

235 2044 377 2097 κακὰ
416 2044 800 2117 φοϐηθήσεται,
844 2046 919 2110 ὼς
956 2047 1023 2100 ἂν
1064 2048 1336 2113 παντελῶς
1386 2048 1793 2119 ἐπισπώμενος·

234 2134 353 2187 ὅθεν
380 2136 553 2189 πάντα
595 2136 757 2205 φόϐον
797 2120 1114 2209 ὑπιδόμενος
1151 2141 1543 2211 καταπτήσσει.
1576 2142 1667 2193 καὶ
1702 2142 1799 2213 τῆς

235 2226 313 2290 είς
335 2224 425 2279 τὸν
449 2226 581 2281 Θεὸν
606 2229 892 2297 ὁμολογίας
916 2229 1134 2297 ἔξαρνος
1154 2232 1375 2299 γίνεται.
1408 2233 1464 2283 Ὁ
1486 2231 1541 2283 δέ
1569 2232 1667 2301 τῆς
1696 2232 1793 2301 ψυ-

230 2317 337 2387 χῆς
359 2320 485 2381 τοὺς
517 2318 827 2391 ὀφθαλμοὺς
851 2320 957 2373 ὑπὸ
985 2320 1082 2392 τῆς
1108 2322 1307 2392 Κυρίου
1338 2321 1655 2392 ἐλλάμψεως
1691 2341 1802 2393 φω-

234 2411 438 2477 τισθεὶς
470 2412 687 2484 πρῶτον
729 2415 826 2485 μέν
854 2416 1104 2468 ἁπάντων
1147 2415 1307 2468 αὑτὸν
1344 2415 1434 2468 τὸν
1466 2415 1630 2469 αὑτοῦ
1671 2416 1802 2487 πρό-
1833 2478 1837 2482 ,

238 2522 407 2575 μαχον
434 2506 528 2560 καὶ
552 2508 774 2578 σωτῆρα
800 2508 994 2571 ὁπόσος
1016 2508 1098 2571 τίς
1132 2509 1245 2559 ἐστι
1271 2506 1464 2577 θεωρεῖ
1480 2524 1493 2537 ·
1534 2502 1631 2558 εἶτ’
1657 2507 1799 2577 ἔργῳ

236 2596 587 2669 παραλαϐὼν,
610 2598 684 2663 ὡς
711 2600 739 2651 6
767 2598 874 2651 τῶν
892 2599 1146 2652 ἁπάντων
1169 2598 1433 2667 δεσπότης
1462 2598 1555 2651 καὶ
1574 2597 1797 2669 Κύριος,

238 2687 427 2758 θυρεὸς
463 2689 627 2743 αὐτοῦ
673 2690 769 2743 καὶ⁹
806 2690 968 2749 ὅπλον
1008 2690 1218 2761 ἄμαχον
1250 2690 1342 2743 καὶ
1392 2692 1801 2761 ὑπερασπιστὴς

237 2780 591 2853 καθέστηκεν,
625 2782 867 2851 ἀτρεμὴς
910 2783 1136 2850 γίνεται,
1180 2784 1273 2835 καὶ
1314 2784 1408 2836 ἆτε
1446 2784 1572 2845 ’.οὓς
1604 2782 1801 2851 ὀφθαλ-

243 2871 375 2942 μοὺς
398 2873 496 2941 τῆς
521 2870 695 2941 ψυχῆς
727 2873 981 2942 ἀτρεμεῖς
1008 2871 1165 2942 ἔχων,
1208 2875 1303 2926 καὶ
1336 2873 1796 2942 πεφωτισμένους,

241 2962 445 3026 πάντας
467 2963 592 3026 τοὺς
616 2961 807 3016 ἐαυτοῦ
834 2949 1079 3034 ἐχθροὺς,
1107 2963 1214 3016 εἴτε
1236 2964 1359 3027 τοὺς
1381 2964 1471 3028 τὸν
1497 2963 1627 3016 Θεὸν
1650 2963 1801 3031 ἀγνο-

237 3053 427 3118 οῦντας
466 3050 801 3127 ἀνθρώπους,
833 3053 944 3107 είτε
991 3054 1091 3117 τὰς
1121 3036 1383 3126 ἇοράτους
1423 3055 1517 3108 καὶ
1559 3053 1799 3126 πονηρὰς

238 3146 511 3217 δυνάμεις,
553 3147 791 3219 ἐρήμους
828 3148 930 3221 ὁρᾷ
968 3146 1062 3201 τοῦ
1110 3146 1363 3200 τοσούτου
1411 3147 1653 3220 σωτῆρος
1704 3146 1793 3201 καὶ

241 3232 455 3305 βοηθοῦ,
483 3234 578 3288 καὶ
610 3235 683 3299 ὡς
852 3236 1206 3299 πεπτωκότας
1241 3235 1468 3309 θεωρεῖ·
1503 3236 1582 3290 διὸ
1621 3236 1799 3308 πάσης

1899 747 2102 794 terram
2157 740 2213 793 in
2258 736 2750 793 ecclesiis'Christi
2810 736 2979 792 David
3028 738 3298 812 benedipit
3344 739 3453 795 Do-

1902 848 2068 887 mino.

2454 946 2661 1001 DAVID
2691 944 2878 1000 Am.

1974 1038 2139 1095 Vsus.
2178 1040 2229 1102 1,
2258 1038 2313 1092 2.
2356 1038 2611 1091 Dominus
2642 1017 3119 1097 illuminatio'mea,
3149 1045 3197 1090 et
3220 1037 3455 1091 salvator

1901 1150 2065 1192 meus.
2089 1148 2235 1201 quem
2261 1132 2490 1185 timebo?
2529 1130 2780 1183 Dominus
2809 1137 3065 1197 protector
3095 1130 3212 1182 vitm
3244 1145 3391 1189 mete,
3423 1146 3455 1181 a

1899 1241 1999 1293 quo
2026 1221 2329 1290 trepidabo?
2363 1220 2458 1276 His
2488 1236 2651 1290 porro
2679 1219 2810 1289 quid
2844 1217 3077 1288 Spiritus
3106 1218 3454 1287 propheticus

1898 1318 2093 1372 docet?
2125 1316 2407 1383 Quomodo
2434 1323 2679 1386 oporteat
2714 1315 2986 1370 hominem
3035 1315 3143 1369 Deo
3180 1314 3450 1367 addictum

1900 1407 2001 1475 ipsi
2041 1409 2245 1477 gratias
2278 1424 2481 1478 agere,
2508 1416 2565 1463 et
2594 1407 2772 1477 qualia
2798 1422 2896 1477 par
2923 1407 2993 1478 sit
3022 1407 3089 1461 ab
3118 1406 3236 1476 ipso
3267 1413 3451 1476 postn-

1900 1423 2001 1475 ψει
2041 1422 2245 1477 gralras
2278 1424 2481 1478 agere,
2508 1422 2565 1463 et
2594 1422 2772 1477 quaua
2798 1422 2896 1477 par
2973 1422 2993 1460 ι
3022 1422 3089 1461 au
3118 1422 3236 1476 ipso
3267 1422 3451 1476 posm-

1898 1498 2029 1553 lare.
2064 1499 2163 1553 Hic
2191 1515 2321 1554 sane
2351 1514 2529 1554 sermo
2558 1499 2851 1569 gratiarum
2888 1422 3154 1586 aZionem
3194 1497 3453 1551 continet.

1898 1588 2076 1655 Quare
2098 1592 2221 1659 jure
2245 1604 2309 1643 ac
2350 1590 2546 1645 merito
2573 1605 2747 1659 neque
2772 1589 3015 1660 psalmus
3034 1630 3048 1655 ,
3080 1604 3255 1659 neque
3282 1590 3458 1643 canti-

1896 1698 2041 1745 cum,
2068 1698 2243 1752 neque
2268 1682 2545 1752 quidpiam
2590 1683 2764 1737 simile
2813 1681 3129 1736 inscribitur
3161 1698 3173 1734 :
3202 1680 3456 1734 Dominus

1898 1774 2214 1827 itluminatio
2245 1790 2361 1828 mea
2411 1781 2460 1827 et
2514 1772 2749 1826 salvator
2796 1788 2973 1833 meus,
3024 1768 3173 1841 quem
3227 1771 3459 1827 timebo?

1899 1866 2002 1933 Qui
2024 1868 2075 1920 in
2096 1876 2253 1921 nocte
2281 1880 2344 1920 ac
2382 1865 2624 1920 tenebris
2668 1862 2849 1918 animo
2870 1863 3144 1917 volutatur
3172 1902 3188 1925 ,
3237 1864 3457 1942 nesci‘us

1904 1972 2011 2026 quo
2032 1958 2256 2021 feratur,
2283 1965 2337 2011 et
2364 1955 2423 2009 in
2471 1953 2619 2024 quod
2653 1952 2949 2031 impingat,
3010 1961 3263 2007 sexcenta
3315 1953 3458 2007 mala

1906 2047 2258 2119 pertimescit,
2289 2053 2476 2118 utpote
2506 2045 2599 2116 qui
2632 2044 2737 2098 huc
2768 2044 2907 2099 illuc.
2921 2044 3133 2115 penitus
3166 2044 3455 2113 trahatur;

1900 2156 2067 2211 quare
2122 2140 2328 2194 nullum
2383 2154 2494 2194 non
2548 2135 2851 2191 formidinis
2904 2151 3073 2206 genus
3126 2137 3455 2207 suspicatus,

1899 2230 2257 2292 cxhorrescit,
2286 2236 2449 2298 atque
2501 2226 2897 2283 confessionem
2945 2225 3054 2281 Deo
3106 2227 3353 2299 abnegat.
3386 2227 3459 2282 At

1900 2320 1993 2391 qui
2024 2320 2223 2375 mentis
2253 2320 2425 2374 oculis
2458 2334 2487 2372 a
2516 2317 2725 2373 Domini
2772 2318 3057 2388 splendore
3090 2318 3456 2383 illuminatur,

1902 2409 2077 2479 primo
2109 2408 2325 2479 quidem
2356 2424 2419 2463 ac
2450 2424 2561 2478 pro:
2605 2410 2857 2465 ommbus
2899 2417 3354 2481 propugnatorem
3394 2394 3481 2465 ac-

1903 2503 2243 2559 Servatorem
2275 2518 2472 2567 suum,
2527 2510 2767 2573 quantus
2794 2504 3041 2559 videlicet
3078 2506 3148 2563 sit
3171 2546 3185 2570 ,
3218 2513 3460 2559 contem-

1902 2599 2108 2667 platur;
2161 2594 2356 2650 deinde
2387 2610 2515 2651 vero
2550 2605 2834 2666 postquam
2888 2596 2971 2650 vel
3000 2611 3065 2650 ex
3110 2596 3243 2664 ipsis
3292 2596 3458 2665 gestis

1900 2688 2065 2743 rebus
2098 2686 2361 2749 edidicit,
2417 2686 2786 2742 ,‘niversorum
2836 2685 3121 2741 Dominum
3168 2694 3458 2757 etpatro-

1900 2793 2053 2841 num,
2083 2778 2331 2847 clypeum
2363 2776 2493 2842 sibi,
2538 2786 2867 2832 armaturam
2904 2777 3368 2848 inexpugnabilem
3393 2790 3459 2832 ac

1900 2878 2259 2939 protectorem
2289 2883 2441 2934 esse;
2471 2874 2604 2923 tunc
2654 2868 2966 2923 formidinis
3007 2884 3236 2939 expers,
3268 2882 3331 2923 ac
3370 2873 3459 2923 ut-

1900 2970 2026 3032 pote
2075 2960 2271 3019 mentis
2297 2960 2484 3015 oculos
2534 2960 2836 3028 intrepidos
2890 2960 3329 3029 illuminatosque
3360 2960 3456 3013 ha-

1898 3047 2277 3113 bens,.omnes
2308 3050 2559 3105 inimicos
2613 3064 2776 3116 suos,
2825 3050 2939 3104 sive
2990 3049 3239 3103 homines
3284 3048 3453 3104 Deum

1900 3142 2232 3212 ignorantes,
2272 3143 2383 3197 sive
2412 3130 2711 3199 invisibiles
2743 3142 3111 3213 malignasque
3140 3149 3454 3212 potestates,

1902 3234 2213 3305 nujuSmodi
2243 3242 2541 3289 servatore'
2568 3234 2916 3304 adjutoreque
2967 3249 3189 3298 vacuos,
3220 3235 3419 3305 aspicit
3438 3276 3453 3295 ,

238 3326 417 3381 αὐτῶν
463 3326 564 3397 τῆς
602 3326 890 3399 ἐπιϐουλῆς
927 3328 1200 3400 καταγελᾷ
1232 3327 1447 3401 θαρσῶν
1487 3327 1564 3401 τῷ
1606 3328 1799 3384 ἐαυτοῦ
1829 3347 1872 3406 α
1904 3343 1937 3383 e‘

1759 3328 1799 3383 μῦ
1829 3347 1872 3406 α
1904 3339 1955 3383 et
1984 3328 2141 3399 quasi
2160 3327 2272 3397 jam
2296 3327 2479 3397 lapsos
2508 3327 2781 3390 intuetur;
2816 3340 2985 3397 quare
3026 3324 3295 3381 defensori
3329 3342 3458 3380 con-

239 3417 542 3490 ὖπερμιάχῳ
564 3436 579 3449 ο
624 3417 704 3472 διό
757 3435 950 3490 φησιν·
992 3420 1055 3472 Et
1095 3419 1194 3490 μὲν
1234 3420 1307 3492 μή
1347 3436 1437 3491 μοι
1476 3422 1506 3474 6
1550 3419 1801 3488 τοσοῦτος

239 3510 422 3581 παρῆν
472 3509 684 3581 βοηθὸς,
730 3510 980 3579 φωτίζων
1030 3528 1131 3581 μου
1166 3512 1265 3583 τὴν
1295 3511 1469 3583 ψυχὴν
1501 3514 1596 3568 καὶ
1634 3514 1803 3585 ὑπερ-

238 3600 481 3666 ασπίζων
520 3618 620 3671 μου
643 3601 739 3671 τῆς
753 3601 917 3671 ζωῆς,
946 3602 1168 3666 εἰκότως
1182 3603 1455 3675 ἐφοϐήθην
1470 3604 1535 3657 ἂν
1562 3604 1668 3672 τὰς
1699 3606 1801 3673 ἀρ-

206 3750 207 3753 ,
238 3691 352 3760 χὰς
395 3692 495 3746 καί
542 3692 648 3758 τὰς
683 3690 969 3760 ἐξουσίας
1006 3693 1104 3746 καὶ
1140 3695 1282 3760 τοὺς
1322 3696 1802 3764 κοσμοκράτορας

238 3780 343 3836 τοῦ
392 3781 654 3847 σκότους
704 3777 939 3846 τούτου,
1004 3783 1100 3835 καί
1154 3783 1226 3837 τὰ
1275 3785 1641 3854 πνευματικὰ
1690 3785 1800 3854 τῆς

239 3874 548 3940 πονηρίας,
587 3871 711 3936 τούς
754 3890 812 3926 τε
857 3873 960 3926 ὑπὸ
993 3872 1195 3928 τούτων
1233 3876 1672 3947 ὲνεργουμένους,
1706 3878 1801 3931 καὶ

238 3965 378 4019 κατὰ
397 3964 506 4017 τῶν
530 3964 625 4018 τοῦ
649 3964 783 4019 Θεοῦ
815 3965 1057 4036 ἀθλητῶν
1082 3968 1559 4038 ἐπανισταμένους.
1607 3970 1801 4024 Ἱκανοὶ⁸

238 4056 346 4129 γὰρ
376 4052 515 4129 ἦσαν
542 4050 686 4112 οὗτοι
720 4057 1015 4135 θορυϐῆσαι
1045 4058 1143 4130 τὴν
1166 4060 1341 4131 ψυχήν
1378 4078 1479 4131 μου
1512 4060 1584 4133 μὴ
1616 4080 1802 4131 πεφω-

236 4150 496 4221 τισμένην
519 4166 535 4182 σ
568 4150 691 4204 ἐπεὶ
714 4150 771 4203 δὲ
793 4151 953 4215 αὐτὸς
984 4153 1012 4204 6
1038 4151 1145 4205 τῶν
1176 4152 1311 4206 ὅλων
1337 4154 1621 4225 δεσπότης,
1654 4156 1682 4208 6
1708 4154 1799 4208 τοῦ

238 4234 369 4297 Θεοῦ
391 4243 540 4309 Υἱὸς,
569 4242 843 4313 φωτισμδς
869 4245 1142 4314 τυγχάνει,
1168 4246 1196 4298 6
1228 4245 1387 4309 αὐτὸς
1412 4246 1466 4298 δὲ
1502 4247 1596 4299 καὶ
1620 4249 1802 4320 σωτήρ

243 4353 341 4407 μου
373 4336 547 4399 ἐστὶν,
576 4332 798 4397 εἰκότως
826 4336 1052 4405 φήσαιμ’
1076 4334 1161 4399 ἄν,
1199 4338 1337 4393 Τίνα
1363 4336 1803 4406 φοϐηθήσομαω

240 4428 441 4482 Οὺδὲνα
483 4426 592 4499 γὰρ
634 4427 1103 4497 ἐπιστραφήσομαι
1133 4426 1241 4481 τῶν
1262 4429 1527 4482 τοσούτων
1574 4429 1801 4501 ἐχθρῶν,

239 4520 359 4575 οὐδὲ
408 4518 514 4573 ἀπό
556 4535 695 4581 τινος
726 4515 927 4571 τούτων
958 4518 1228 4583 Saluio-oi,
1278 4519 1491 4593 θαρσῶν
1529 4521 1607 4593 τῷ
1636 4523 1807 4595 ὑπερν

240 4610 478 4678 ασπιστῇ
508 4607 607 4677 τῆς
644 4603 787 4677 ζωῆς
819 4612 940 4676 μου.
977 4605 1156 4660 ’Πάλιν
1189 4609 1233 4661 δ’
1262 4609 1494 4665 ἐνταῦθα
1532 4613 1800 4683 τηρήσεις,

1902 3419 2036 3475 ﬁsus
2063 3435 2164 3475 suo
2198 3418 2466 3489 quaslibet
2496 3418 2737 3488 ipsorum
2768 3417 2977 3473 deridet
3007 3418 3251 3480 insidias,
3310 3417 3461 3473 ideo-

1902 3529 2009 3584 que
2031 3513 2145 3568 ait:
2194 3512 2311 3568 Nisi
2345 3513 2476 3566 mihi
2507 3513 2634 3567 talis
2674 3509 2889 3580 adjutor
2919 3511 3151 3573 adesset,
3180 3510 3455 3564 illumina-

1897 3612 1990 3662 ἰοι·
2022 3606 2233 3666 animae,
2266 3619 2331 3658 ac
2364 3612 2638 3673 protector
2664 3602 2806 3663 vitae,
2828 3600 3019 3654 merito
3048 3599 3456 3653 reformidarem

1901 3698 2223 3767 principatus
2269 3705 2319 3748 et
2356 3702 2633 3762 potestates
2688 3702 2737 3745 et
2764 3688 2945 3743 mundi
2968 3698 3189 3743 rectores
3222 3687 3447 3745 tenebra-

1903 3806 2021 3843 rum
2049 3788 2256 3850 harum,
2279 3794 2328 3839 et
2354 3784 2655 3849 spiritualia
2703 3782 2947 3853 nequitiis
2993 3782 3038 3814 ⁸⁸
3060 3821 3076 3844 ,
3119 3796 3330 3836 necnon
3364 3795 3461 3835 eos

1904 3880 1996 3950 qui
2028 3878 2179 3934 hisce
2204 3878 2430 3932 interius
2477 3877 2769 3947 agitantur,
2801 3881 2854 3929 et
2887 3880 3076 3939 contra
3106 3872 3200 3928 Dei
3230 3872 3460 3927 athletas

1903 3970 2210 4042 insurgunt.
2242 3968 2376 4023 Nam
2406 3968 2442 4023 ii
2487 3968 2621 4023 tales
2666 3974 2820 4022 erant
2852 3965 2944 4035 qui
2996 3966 3231 4019 animam
3284 3980 3456 4019 meam

1902 4064 2228 4119 conturbare
2256 4066 2499 4132 posSent,
2532 4059 2577 4114 si
2626 4074 2737 4113 non
2788 4058 3086 4112 illuminata
3131 4057 3360 4121 fuisset;
3408 4064 3463 4108 at

1903 4156 2158 4227 quoniam
2184 4146 2307 4223 ipse
2336 4153 2712 4207 universorum
2739 4150 2997 4205 Dominus
3022 4149 3115 4205 Dei
3145 4148 3311 4203 Filius
3339 4148 3461 4201 illu—

1903 4249 2130 4303 minatio
2163 4264 2281 4303 mea
2304 4254 2408 4310 est,
2440 4248 2662 4317 ipseque
2696 4243 2950 4300 Servator
2969 4258 3140 4305 meus,
3162 4243 3283 4311 jure
3309 4241 3461 4295 dixe-

1903 4342 2029 4403 rim,
2057 4340 2223 4405 Quem
2255 4338 2482 4394 timebo?
2514 4337 2590 4391 Ex
2619 4344 2700 4390 tot
2719 4337 2915 4405 quippe
2946 4335 3179 4388 inimicis
3203 4348 3272 4387 ne
3293 4347 3459 4386 unum

1905 4432 2121 4501 quidem
2154 4430 2553 4503 pertimescam,
2580 4442 2760 4496 neque
2806 4426 3037 4493 aliquem
3069 4439 3256 4478 eorum
3287 4423 3462 4477 refor-

1903 4520 2143 4582 midabo,
2168 4521 2459 4589 protectori
2489 4519 2611 4571 vita:
2641 4530 2771 4569 mea;
2797 4513 3053 4591 confisus.
3112 4512 3210 4565 llic
3266 4512 3463 4567 iterum

1905 4614 2163 4669 observes
2194 4611 2374 4673 velim,
2408 4610 2560 4673 illud,
2592 4608 2838 4662 Salvator
2868 4624 3009 4660 meus
3031 4648 3044 4671 ,
3101 4606 3155 4659 in
3197 4604 3464 4660 llebraico

240 4699 313 4764 ὡς
364 4699 446 4763 τι,
498 4698 698 4766 Σωτήρ
739 4714 878 4767 μου,
935 4698 994 4751 ἐν
1046 4697 1125 4769 τῷ
1179 4700 1467 4773 Ἐϐραῖκῷ,
1520 4704 1581 4758 τὸ
1633 4705 1803 4776 ϐνομα
1834 4686 1880 4741 ι)
1908 4722 1937 4763 e

1767 4723 1803 4760 α
1834 4686 1880 4741 θ
1908 4705 2220 4775 exemplari,
2251 4702 2544 4757 Salvatoris
2596 4700 2771 4754 nostri
2820 4698 2946 4754 Jesu
2990 4698 3191 4754 Christi
3234 4714 3464 4763 nomen,

244 4790 330 4845 τοῦ
362 4791 615 4863 Σωτῆρος
635 4788 789 4861 ἡμῶν
821 4788 991 4859 Ἰησοῦ
1015 4790 1248 4864 Χριστοῦ
1284 4794 1803 4869 αὕτοῖςχαρακτῆρ-

241 4903 324 4941 σιν
365 4886 668 4960 Ἑϐραϊκοῖς
711 4884 969 4957 περιέχει,
1002 4886 1061 4939 ἐν
1101 4880 1180 4949 οἷς
1225 4885 1293 4940 ἄν
1322 4884 1403 4944 τις
1431 4883 1536 4952 ,τὸν
1570 4886 1805 4956 Ἰησοῦν

243 4978 515 5051 γράψειεν-

318 5072 377 5129 Ὀ
405 5072 463 5126 δὲ
498 5071 670 5127 ταῦτα
709 5071 879 5141 λέγων
916 5070 1149 5125 διδάσκει
1186 5071 1366 5125 ὁποίου
1401 5071 1682 5145 πειραθεὶς
1707 5073 1801 5126 τοῦ

226 5156 429 5225 ¹ἑαυτοῦ
466 5166 727 5237 σωτῆρος,
760 5163 862 5234 τῆς
893 5146 999 5217 τῶν
1024 5162 1227 5234 ἐχθρῶν
1256 5162 1541 5235 ἐπιϐουλῆς
1567 5165 1799 5233 κατεγέ-

245 5264 396 5309 tuor
422 5254 505 5310 διό
536 5273 698 5327 φησιν
721 5273 733 5287 ο
775 5246 874 5311 Ἐν
902 5256 983 5323 τῷ
1009 5256 1253 5327 ἐγγίζειν
1280 5256 1372 5310 ἐπ’
1402 5254 1509 5322 ἐμὲ
1548 5256 1802 5312 κακοῦν-

247 5363 364 5413 τας,
404 5346 510 5401 τοῦ
551 5342 764 5425 φατεῒώ
803 5349 909 5416 τὰς
951 5350 1185 5419 σάρκας
1227 5367 1365 5422 μου,
1407 5352 1459 5402 οι
1499 5349 1803 5417 θλίϐοντες

246 5437 338 5491 καὶ
371 5438 427 5491 ot
464 5436 670 5506 ἐχθροί
683 5455 822 5507 μου,
847 5441 1017 5505 αὐτοὶ
1039 5440 1387 5511 ἡσθένησαν
1425 5437 1524 5492 καὶ
1553 5440 1799 5495 ἔπεσαν.

246 5530 301 5583 οἱ
337 5528 435 5601 μὲν
462 5528 685 5583 ἐπίεσαν
720 5546 808 5599 μοι
834 5531 1038 5604 θηρίων
1064 5533 1366 5587 ἁτιθὰσσων
1393 5530 1566 5603 δίκην,
1616 5549 1807 5603 μονον--

249 5619 360 5691 ουχὶ
390 5621 671 5675 καταπιεῖν
719 5636 788 5689 με
826 5619 1133 5696 βουλόμενοι
1162 5626 1253 5680 καὶ
1284 5624 1451 5687 αὐτάς
1493 5640 1593 5693 μου
1636 5634 1804 5679 καταέ

251 5704 587 5786 μασήσασθαι
605 5708 704 5775 τὰς
724 5710 949 5784 σάρκας.
978 5716 1068 5769 Διὸ
1096 5717 1348 5781 λέλεκται
1384 5713 1631 5787 παρὰὶτῷ
1660 5717 1805 5787 Συμ-

248 5800 433 5877 μάχῳ
479 5803 584 5861 Ἕν
625 5801 705 5870 τῷ
748 5802 996 5875 ἐγγίζειν
1032 5807 1125 5862 ἐπ’
1159 5808 1263 5880 ἐμὲ
1307 5807 1672 5879 κακούργους
1716 5811 1803 5876 εις

354 5961 397 5993 ιο
440 5958 641 6026 liabet.
673 5944 764 6023 ἡ,
801 5960 885 6016 ιε.

1902 4797 2193 4868 ipsissimis
2237 4792 2603 4850 caracteribus
2636 4788 2917 4847 Hebraicis
2969 4790 3290 4861 exprimere,
3310 4789 3463 4859 queis

1905 4903 2100 4944 nomen
2128 4885 2281 4940 Iesus
2315 4881 2661 4939 describitur.
2755 4895 2763 4900 ν

1978 5064 2081 5132 Qui
2118 5062 2234 5117 haec
2283 5059 2559 5130 loquitur,
2608 5062 2825 5114 enarrat
2868 5053 3079 5124 qualem
3134 5058 3463 5107 servatorem

1902 5165 2156 5229 expertus
2178 5148 2535 5209 inimicorum
2554 5151 2781 5208 insidias
2818 5147 3089 5209 deriserit,
3115 5145 3465 5216 quamobrem

1901 5251 2011 5305 ait:
2047 5247 2187 5301 Dum
2215 5247 2704 5317 appropt'ant‘super
2729 5258 2808 5295 me
2850 5249 3087 5293 nocentes
3113 5277 3127 5297 ,
3185 5244 3243 5288 ut
3306 5236 3465 5290 edant

1903 5352 2083 5394 carnes
2113 5351 2290 5401 meas;
2319 5337 2409 5405 qui
2441 5333 2698 5389 tribulam
2730 5346 2811 5384 me
2852 5327 3049 5383 inimici
3080 5325 3200 5390 mei,
3228 5324 3331 5393 ipsi
3382 5326 3465 5377 in-

1906 5430 2103 5498 ﬁrmati
2131 5422 2261 5483 sunt
2294 5438 2344 5484 et
2387 5412 2716 5485 ceciderunt,
2745 5422 2827 5477 Illi
2857 5419 3069 5492 quidem
3116 5418 3290 5473 instar
3325 5416 3466 5471 fera-

1903 5542 2023 5583 rum
2063 5524 2491 5581 intractahilium
2532 5535 2619 5575 me
2650 5514 2859 5573 adorati
2890 5518 3057 5576 sunt,
3099 5516 3310 5564 tantum
3357 5525 3465 5563 non

1909 5617 2146 5690 aggressi
2176 5625 2238 5672 ut
2255 5617 2579 5672 devorarent
2607 5621 2660 5667 et
2692 5611 2837 5681 ipsas
2865 5618 3058 5660 carnes
3095 5590 3462 5657 comedere'nt.

1909 5711 2087 5779 Quare
2138 5711 2282 5782 apud
2329 5706 2713 5781 Symmachum
2740 5700 2938 5756 dieitur
2967 5717 2980 5751 :
3016 5697 3156 5750 Dum
3194 5697 3466 5767 appropin-

1907 5816 2071 5877 quant
2124 5804 2252 5859 ntihi
2298 5802 2622 5871 facinerosi,
2682 5805 2739 5851 ut
2799 5793 3036 5849 devorent
3086 5803 3267 5845 carnes
3299 5804 3469 5851 meas,
