4302 6404
311 484 412 565 ω

1472 505 1978 563 COMMENTARlA
2016 504 2082 561 ΙΝ
2135 504 2479 562 PSALMOS.

3440 508 3548 564 9ιῖ

310 638 400 691 με.
435 619 499 675 Ἠ
520 618 705 688 πέτρα
733 620 801 674 δὲ
821 616 919 691 ἦν,
952 620 1117 693 φησὶν
1142 622 1171 677 6
1197 619 1533 684 Ἀπόστολος,
1553 623 1585 673 ὀ
1605 620 1877 687 Χριστός.
1912 634 1957 690 Α
1986 636 2009 676 c

1848 641 1877 681 τ.
1912 634 1957 690 Α
1986 628 2132 676 ctum
2166 622 2457 675 allaturum
2491 636 2634 685 esse,
2664 626 2851 677 exacta
2879 618 2967 673 die
2989 615 3276 685 malorum,
3314 621 3369 674 in
3401 633 3547 692 petra

319 713 409 764 Ἐν
443 710 551 779 γὰρ
582 711 663 783 τῷ
711 712 873 766 αὑτοῦ
914 712 1077 783 λόγῳ,
1122 713 1213 766 καὶ
1244 714 1309 783 τῇ
1343 708 1507 763 αὑτοῦ
1558 710 1740 779 σοφίᾳ,
1786 710 1878 763 καὶ

309 807 373 875 τῇ
414 802 637 875 δυνάμει
669 806 733 875 τῇ
775 805 1026 876 σωτηρίῳ
1057 804 1239 875 ῦψωσέ
1282 820 1349 875 με
1376 804 1404 855 ὁ
1437 802 1602 856 πάλαι
1640 801 1887 873 ἀποκρύ-

307 896 413 966 ψας
440 897 497 950 ἐν
526 899 591 968 τῇ
635 899 805 968 σκηνῇ
840 897 1023 962 αὑτοῦ,
1056 898 1148 951 καὶ
1184 896 1459 959 σκεπάσας
1500 896 1557 948 ἐν
1580 894 1879 966 ἀποκρύφῳ

306 988 407 1059 τῆς
434 991 637 1061 σκηνῆς
664 989 830 1044 αὑτοῦ
864 992 920 1044 ἐν
947 990 1124 1062 ἡμέρᾳ
1160 987 1366 1042 κακῶν.
1394 987 1740 1060 Παραγαγὼν
1771 988 1879 1059 γὰρ

305 1082 376 1134 τὰ
414 1082 559 1136 κακὰ
602 1083 815 1157 καὶτὸν
862 1083 1051 1155 καιρὸν
1090 1079 1197 1133 τῶν
1236 1080 1445 1152 ἐχθρῶν
1493 1080 1587 1133 καὶ
1618 1081 1725 1133 τῶν
1768 1078 1880 1133 θλι-

308 1174 511 1229 ϐόντων
539 1193 606 1246 με
634 1176 927 1247 πολεμίων,
952 1178 1029 1238 εἰς
1070 1172 1242 1227 εὑδιον
1269 1176 1361 1229 καὶ
1388 1177 1657 1247 είρηναῖον
1685 1173 1878 1245 λιμένα

307 1266 657 1336 κατέστησεν,
700 1263 920 1334 ἀγαγών
967 1281 1023 1317 τε
1066 1265 1146 1329 είς
1197 1264 1257 1318 τὸ
1296 1265 1534 1335 ἐμφανὲς
1574 1264 1663 1318 τὸν
1715 1264 1877 1318 πάλαι

306 1358 769 1430 κρυπταζόμενον,
800 1356 1073 1429 μετέωρον
1094 1358 1262 1429 ἐπῆρε
1284 1358 1376 1410 καὶ
1401 1356 1600 1428 ὑψηλὸν
1630 1356 1874 1429 ἔστησεν,

303 1450 381 1515 ὼς
415 1452 580 1505 πᾶσιν
623 1449 850 1522 ὁρᾶσθαι
878 1450 971 1502 καὶ
1009 1448 1161 1521 παρά
1198 1453 1311 1514 τοῖς
1354 1451 1487 1503 πᾶσι
1537 1448 1873 1513 δοξάζεσθαι,

302 1544 644 1616 ¹ίιδριισμένον
684 1542 780 1596 καὶ
818 1540 1277 1613 τεθεμελιωμένον
1320 1544 1376 1595 ἐν
1403 1544 1469 1613 τῇ
1505 1543 1742 1613 ἀρραγεῖ
1784 1541 1877 1594 καὶ

303 1634 681 1706 ἀσφαλεστάτη
712 1632 876 1687 αὑτοῦ
906 1633 1101 1705 πέτρᾳ.

373 1856 484 1909 Καὶ
506 1854 624 1911 νῦν
646 1854 856 1924 iit/rer
883 1854 1156 1924 κεφαλήν
1177 1873 1296 1925 μου
1332 1855 1424 1908 ἐπ’
1452 1854 1702 1924 ἐχθρούς
1726 1872 1865 1923 μου.

299 1950 531 2021 Νοήσεις
557 1950 852 2021 ἐπιστήσας
873 1950 1021 2013 ὅπως
1043 1950 1253 2021 εἴρηται
1278 1948 1427 2019 παρά
1450 1947 1526 2018 τῷ
1566 1946 1875 2017 Ἀποστόλῳ

298 2043 380 2096 τόο
420 2044 566 2108 Ἕως
594 2037 666 2098 οὗ
696 2041 761 2095 τὸ
790 2042 1058 2111 σήμερον
1086 2040 1369 2096 καλεῖται.
1410 2038 1565 2093 Οῦτω
1594 2039 1701 2111 γὰρ
1730 2042 1875 2110 ἐρεῖς
1905 2064 1947 2118 Β

299 2136 394 2190 καὶ
431 2136 523 2189 ἐπὶ
557 2135 648 2189 τοῦ
686 2137 951 2207 παρόντος
988 2137 1047 2189 τὸ
1077 2135 1295 2210 διαρκὲς
1321 2132 1414 2186 τοῦ
1448 2134 1639 2205 χρόνου
1672 2132 1871 2205 σημαί-

298 2226 502 2283 νεσθαι.
564 2226 620 2281 '.O
660 2226 769 2299 γὰρ
819 2227 911 2280 τοῦ
954 2226 1087 2284 Θεοῦ
1131 2224 1435 2297 ἄνθρωπος,
1482 2225 1550 2279 τὰ
1586 2228 1873 2297 νικητήρια

299 2319 440 2373 κατὰ
464 2306 574 2372 ’τῶν
605 2318 815 2391 ἐχθρῶν
844 2316 1100 2387 εἰληφὼς,
1146 2317 1232 2371 ἀεὶ
1263 2318 1362 2388 τῆς
1399 2316 1507 2371 τῶν
1542 2317 1749 2390 ἐχθρῶν
1783 2335 1875 2371 κε-

298 2413 471 2484 φαλῆς
520 2413 788 2483 ἀνώτερος
832 2412 1056 2481 γίνεται·
1094 2409 1265 2474 οὕτως
1310 2411 1403 2464 καὶ
1449 2410 1609 2474 αὑτὸς
1649 2413 1677 2464 6
1717 2410 1873 2464 ἐαυῖδ

300 2506 461 2580 μέχρι
500 2506 594 2559 τοῦ
630 2505 890 2577 παρόντος
928 2504 1121 2575 χρόνου
1155 2504 1441 2573 ἐπαίρεται
1489 2504 1584 2557 καὶ
1622 2502 1870 2573 ὑψοῦται,

296 2596 419 2651 καθ’
465 2596 592 2667 ὅλης
645 2596 742 2666 τῆς
792 2594 1119 2666 οἰκουμένης
1168 2593 1424 2666 ᾁδόμενος
1476 2595 1568 2649 καὶ
1603 2594 1873 2665 βοώμενος

298 2685 449 2758 παρὰ
480 2688 611 2739 πᾶσι
643 2686 754 2747 τοῖς
782 2684 980 2747 ἔθνεσι,
1017 2686 1111 2739 καὶ
1139 2685 1346 2756 ῦψωταί
1376 2704 1438 2756 γε
1465 2686 1679 2757 ἀληθῶς
1712 2690 1745 2757 ἡ
1780 2705 1871 2739 κε-

299 2774 440 2845 φαλὴ
462 2773 624 2827 αὑτοῦ
642 2773 735 2826 ἐπὶ
750 2773 875 2837 τοὺς
894 2773 1061 2827 πάλαι
1086 2774 1409 2846 γενομένους
1430 2773 1595 2827 αὑτοῦ
1620 2775 1868 2845 ἐχθροὺς,

297 2867 395 2929 τὰς
435 2865 695 2937 ἀοράτους
730 2865 1009 2937 δυνάμεις.
1067 2867 1126 2920 Ὀ
1172 2866 1229 2919 δὲ
1272 2865 1362 2918 τοῦ
1398 2864 1533 2918 Θεοῦ
1566 2867 1868 2937 ἄνθρωπος,

294 2958 481 3013 τοῦτον
514 2957 746 3029 ὑψωθεὶς
776 2958 866 3012 τὸν
893 2959 1112 3032 τρόπον,
1146 2960 1246 3012 οὑκ
1278 2959 1446 3030 ἀργίᾳ
1489 2958 1677 3012 ἑαυτὸν
1702 2958 1869 3028 {666m—

297 3070 402 3118 σιν,
431 3053 553 3107 οὑδέ
584 3052 845 3125 ἀπραξίᾳ,
878 3052 1096 3106 πλείονα
1118 3053 1175 3106 δέ
1200 3052 1433 3123 σπουδὴν
1474 3051 1600 3123 περὶ
1638 3050 1736 3123 τὴν
1776 3051 1869 3105 τοῦ

293 3145 429 3199 Θεοῦ
473 3146 726 3218 λατρείαν
775 3145 1036 3217 εἰσφέρει.
1083 3145 1175 3200 Διὸ
1225 3144 1489 3213 ἐπιλέγει·
1530 3144 1872 3198 Ἐκύκλωσα

296 3238 393 3292 καὶ
415 3238 606 3293 ἔθυσα
627 3238 689 3292 ἐν
720 3236 795 3307 τῇ
816 3236 1019 3307 σκηνῇ
1042 3237 1227 3293 αὐτοῦ
1250 3238 1471 3299 θυσίαν
1494 3235 1866 3307 ἀλαλαγμοῦ.

294 3325 460 3385 Αὑται
486 3331 543 3385 δὲ
571 3327 710 3402 ἦσαν
744 3332 800 3384 αἱ
826 3331 911 3384 διὰ
945 3326 1256 3401 φωνῆς’καὶ
1284 3331 1561 3400 θεολογίας
1591 3330 1777 3401 ῦμνων
1807 3347 1867 3384 τε

1985 711 2237 766 exaltavit
2268 727 2367 765 me.
2414 711 2579 765 Petra
2620 722 2815 773 autem,
2864 709 3039 780 inquit
3077 709 3392 779 Apostolus,
3433 727 3549 769 erat

1983 803 2225 857 Christus
2260 804 2325 857 δ’.
2363 800 2497 856 Nam
2535 803 2700 857 verbo
2748 817 2869 866 suo,
2914 802 3178 865 sapientia
3224 809 3278 856 et
3323 804 3547 861 salutari

1981 893 2184 950 virtute
2228 909 2327 950 sua
2368 897 2628 951 exaltavit
2659 912 2763 959 me,
2798 897 2889 966 qui
2937 896 3065 949 oV‘m
3097 895 3459 952 absconderat
3491 900 3545 955 in

1981 989 2335 1043 tabernaculo
2363 1003 2484 1050 suo,
2519 996 2572 1043 et
2603 988 2696 1059 qui
2730 990 2784 1043 in
2814 989 2902 1044 die
2946 988 3212 1042 malorum
3244 998 3547 1058 protexerat

1981 1077 2037 1132 in
2067 1080 2388 1137 abscondito
2415 1080 2751 1135 tabernaculi
2778 1080 2884 1136 sui.
2917 1079 3055 1135 Cum
3087 1083 3228 1136 enim
3256 1081 3549 1135 amovisset

1980 1173 2143 1239 mala,
2183 1181 2238 1230 et
2267 1190 2332 1230 ea
2356 1190 2477 1245 qua}
2509 1182 2753 1244 tempore
2806 1173 3153 1228 inimicorum
3202 1181 3257 1229 et
3307 1172 3545 1229 hostium

1978 1279 2065 1319 me
2092 1265 2497 1319 molestantium
2523 1264 2858 1329 acciderant,
2904 1265 2959 1319 in
2999 1264 3298 1335 tranquillo
3335 1272 3389 1319 et
3426 1265 3547 1335 pla-

1978 1354 2101 1411 cido
2134 1368 2298 1424 portu
2328 1373 2413 1413 me
2447 1359 2730 1414 constituit
2768 1377 2783 1413 :
2816 1373 3008 1429 meque
3039 1358 3167 1413 olim
3218 1357 3545 1420 latitantem,

1977 1445 2032 1499 in
2067 1447 2427 1516 conspicuum
2468 1449 2645 1504 locum
2690 1449 3006 1517 deductum,
3042 1449 3328 1505 sublimem
3352 1448 3545 1513 erexit,

1976 1544 2028 1590 et
2058 1538 2337 1592 excelsum
2372 1540 2583 1600 statuit,
2627 1546 2687 1593 ut
2725 1541 2971 1594 omnium
3025 1540 3343 1610 conspectui
3394 1546 3549 1610 pate-

1976 1643 2113 1691 rem,
2151 1629 2218 1683 ab
2247 1629 2504 1684 omnibus
2535 1630 2811 1693 laudarer,
2848 1637 3033 1701 utpote
3062 1632 3118 1685 in
3151 1630 3466 1687 ﬁrmissima
3494 1641 3547 1688 et

1978 1720 2208 1776 infracta
2239 1722 2414 1792 ipsius
2442 1730 2594 1792 petra
2624 1724 2837 1793 positus
2866 1730 2922 1778 et
2950 1722 3230 1779 fundatus.

2048 1836 2116 1915 Et
2138 1854 2272 1891 nunc
2297 1836 2551 1892 exultavit
2573 1844 2728 1907 caput
2752 1854 2921 1892 meum
2944 1852 3097 1905 super
3118 1837 3355 1891 inimicos
3377 1852 3538 1892 meos.

1976 1932 2289 2003 Perpendas
2315 1933 2475 1989 velim
2501 1947 2609 2004 qua
2641 1933 2909 1988 sententia
2941 1933 3010 1988 ab
3038 1932 3299 2004 Apostolo
3326 1932 3544 1988 dicatur

1978 2025 2111 2079 illud
2143 2046 2155 2079 :
2185 2025 2361 2080 Donec
2408 2024 2560 2079 hodie
2612 2026 3010 2096 cognominatur
3040 2024 3109 2081 “.
3164 2022 3298 2085 Nam
3352 2024 3541 2081 eadem

1976 2135 2202 2191 prorsus
2223 2120 2435 2175 ratione
2471 2120 2526 2173 in
2557 2118 2811 2190 praesenti
2856 2117 3119 2189 temporis
3161 2117 3541 2176 assiduitatem

1975 2211 2273 2285 signiﬁcari
2306 2211 2584 2267 fateberis.
2620 2210 2899 2280 Siquidem
2929 2209 3024 2266 Dei
3054 2211 3219 2266 homo
3247 2210 3341 2282 qui
3370 2212 3544 2267 victo-

1974 2305 2067 2362 ria:
2090 2304 2157 2361 de
2181 2303 2418 2360 inimicis
2450 2309 2619 2375 parta:
2661 2303 2882 2374 praemia
2912 2304 3143 2372 accepit,
3176 2319 3391 2375 semper
3432 2305 3539 2359 ini-

1973 2400 2242 2455 micorum
2273 2398 2438 2469 capiti
2474 2397 2727 2469 superior
2756 2397 2978 2459 eminet,
3015 2395 3094 2450 sic
3124 2402 3177 2451 et
3212 2394 3328 2466 ipse
3369 2398 3538 2455 David

1974 2506 2147 2561 usque
2179 2490 2247 2545 ad
2298 2504 2535 2560 praesens
2574 2494 2791 2558 tempus
2826 2487 3105 2543 extollitur
3150 2499 3203 2541 et
3246 2486 3538 2549 exaltatur,

1972 2598 2069 2653 per
2103 2582 2413 2637 universam
2443 2592 2644 2634 terram
2677 2580 3003 2635 decantatus
3030 2579 3381 2649 omniumque
3406 2594 3539 2649 gen—

1972 2674 2108 2727 tium
2143 2672 2373 2728 vocibus
2405 2670 2733 2734 celebratus,
2766 2677 2818 2725 et
2841 2680 3001 2740 caput
3022 2669 3141 2739 ejus
3169 2684 3359 2726 revera
3388 2671 3543 2726 exal-

1972 2771 2143 2819 tatum
2192 2770 2277 2818 est
2316 2776 2482 2831 super
2514 2776 2704 2815 omnes
2746 2760 2837 2831 qui
2869 2762 3142 2832 quondam
3183 2762 3389 2817 inimici
3420 2762 3541 2833 ejus

1971 2857 2207 2924 luerant,
2244 2855 2584 2912 adversarias
2620 2854 2882 2909 nimirum
2925 2862 3246 2925 potestates.
3274 2855 3343 2911 At
3375 2856 3541 2913 homo

1970 2951 2064 3006 Dei
2092 2967 2155 3006 ea
2187 2952 2397 3006 ratione
2423 2949 2718 3013 exaltatus,
2755 2962 2864 3001 non
2895 2962 2953 3002 se
2986 2946 3214 3016 ignaviae
3244 2958 3337 3005 aut
3366 2951 3540 3021 segni-

1969 3042 2061 3097 tiei
2086 3041 2272 3106 tradit,
2299 3040 2392 3098 sed
2420 3038 2614 3109 majori
2642 3036 2821 3093 studio
2842 3035 3025 3092 divino
3049 3038 3217 3092 cultui
3247 3040 3535 3098 incumbit.

1969 3132 2150 3200 Quare
2183 3130 2486 3203 subiungit,
2519 3127 2750 3185 Circuivi
2795 3136 2844 3181 et
2879 3126 3150 3181 immolavi
3194 3128 3249 3182 in
3291 3128 3539 3184 taberna-

1968 3228 2089 3283 culo
2123 3227 2237 3297 ejus
2270 3228 2495 3282 hostiam
2537 3227 2898 3297 jubilationis.
2948 3224 3045 3281 Hae
3078 3240 3211 3282 sane
3243 3230 3400 3279 erant
3436 3224 3531 3277 ho-

1970 3322 2089 3378 stia:
2120 3320 2365 3385 vocibus,
2390 3320 2590 3375 divinis
2642 3320 2897 3390 eloquiis,
2949 3317 3186 3390 hymnis,
3233 3316 3531 3388 gratiarum

292 3426 387 3477 καὶ
423 3424 770 3495 εὐχαριστίας
796 3423 1270 3493 ἀναπεμπόμεναι.
1315 3410 1402 3477 Ἐν
1431 3422 1529 3494 μὲν
1553 3419 1645 3477 οὖν
1664 3422 1741 3494 τῷ
1764 3422 1869 3494 πρὸ
1897 3419 1939 3477 C
1971 3434 1991 3473 ε

1834 3422 1869 3476 ιδ
1897 3419 1939 3477 C
1971 3417 2282 3473 actionibus
2309 3416 2543 3472 emissae.
2576 3416 2636 3470 In
2664 3415 2987 3485 praecedenti
3024 3414 3257 3484 psalmo,
3286 3412 3371 3468 vir
3397 3411 3533 3467 divi-

290 3515 478 3567 τοὺτου
514 3513 713 3584 ψαλμῷ
765 3514 1100 3584 μελλητικῶς
1150 3513 1458 3568 ἐδιδάσκετο
1509 3514 1685 3583 λέγειν
1726 3514 1755 3565 ὁ
1798 3513 1866 3568 τὰ

292 3607 409 3659 θεῖα
436 3606 835 3676 παιδευόμενος
880 3607 1139 3675 Νίψομαι
1174 3605 1245 3658 ἐν
1279 3604 1489 3671 ἀθώοις
1524 3604 1631 3670 τὰς
1667 3604 1868 3673 χεῖράς

284 3717 425 3769 μου,
467 3698 567 3752 καὶ
606 3698 896 3752 κυκλώσω
929 3696 997 3751 τὸ
1039 3696 1471 3766 θυσιαστήριον
1504 3712 1641 3761 σου,
1665 3697 1862 3763 Κύριε·

290 3790 608 3845 ἐνταῦθαδέ
639 3790 713 3855 ὡς
733 3791 833 3863 ἥδη
864 3790 1147 3863 προκύψας
1177 3790 1271 3844 καὶ
1292 3786 1468 3860 τυχὼν
1487 3787 1587 3859 τῆς
1616 3788 1779 3858 εὐχῆς
1805 3789 1864 3842 τὸ

288 3883 639 3955 ἀποτέλεσμα
683 3884 784 3954 τῆς
834 3883 1185 3953 ἐπαγγελίας,
1227 3883 1422 3951 ἐπάγει
1468 3881 1659 3950 λέγων’
1701 3880 1864 3935 Ὲκύ-

287 3982 497 4033 κλωσα
544 3978 643 4032 καὶ
684 3978 875 4035 ἔθυσα
911 3980 981 4032 ἐν
1028 3974 1103 4047 τῇ
1156 3975 1359 4047 σκηνῇ
1410 3974 1597 4029 αὑτοῦ
1641 3974 1863 4028 θυσίαν

286 4069 665 4140 ἀλαλαγμοῦο
713 4070 810 4124 καὶ
857 4073 914 4123 ἐν
968 4053 1226 4141 μὲντοῖς
1274 4066 1581 4141 ἔμπροσθεν
1622 4064 1855 4135 ἐλέγετο·

294 4161 404 4216 Τοῦ
432 4162 689 4217 ἀκοῦσαι
725 4160 941 4235 φωνὴν
969 4159 1273 4229 αἰνέσεωςο
1318 4157 1551 4217 ἐνταῦθα
1583 4156 1660 4210 δέ·
1697 4159 1859 4228 ’ᾼσω

287 4249 386 4305 καὶ
414 4251 591 4321 ψαλῶ
627 4251 708 4319 τῷ
732 4253 943 4321 Κυρίῳ.

356 4386 759 4450 Είσάκουσον,
804 4388 999 4461 Κύριε,
1040 4383 1148 4452 τῆς
1181 4386 1385 4455 φωνῆς
1426 4404 1564 4456 μου,
1612 4380 1687 4457 ἧς
1729 4382 1857 4438 ἐκέ-

286 4479 497 4547 κραξα·
541 4479 829 4547 Ἐλέησόν
850 4495 926 4547 με
962 4476 1061 4530 καὶ
1089 4478 1457 4533 εἰσάκουσον
1484 4496 1627 4548 μου.
1654 4478 1754 4531 Σοὶ
1784 4472 1858 4530 εἷ-

284 4586 400 4623 πεν
419 4571 458 4637 ἡ
484 4569 691 4638 καρδία
717 4567 1133 4639 μου-Ἐζήτησέ
1164 4586 1237 4625 σε
1270 4568 1336 4623 τὸ
1366 4570 1689 4639 πρόσωπόν
1711 4587 1853 4638 pov-

282 4662 349 4715 τὸ
377 4662 703 4731 πρόσωπόν
740 4676 876 4726 σου,
911 4660 1105 4727 Κύριε,
1145 4658 1392 4728 ζητήσω.
1449 4661 1594 4713 ’Λντὶ
1635 4660 1692 4713 δέ
1737 4660 1850 4714 τοῦ·

282 4754 383 4808 Σοὶ
403 4750 571 4808 εἶπεν
590 4756 627 4824 ἠ
654 4754 865 4823 καρδία
887 4768 1029 4822 μου,
1062 4748 1342 4820 Ἑζήτησέ
1364 4769 1437 4806 σε
1455 4752 1517 4806 τὸ
1531 4756 1855 4821 πρόσωπόν
1886 4790 1930 4845 D

275 4866 418 4917 μου,
458 4849 487 4901 6
523 4847 815 4920 Σύμμαχος
851 4846 1175 4915 σαφέστερον
1216 4844 1477 4909 ἐξέδωκεν
1515 4844 1701 4900 εἰπών·
1752 4846 1853 4901 Σοὶ

282 4924 647 5007 προσελάλέι
673 4943 712 5009 ἠ
738 4939 951 5009 καρδία
973 4952 1111 5007 μου·
1132 4935 1207 4989 σὲ
1224 4934 1410 5002 ἐζήτει
1433 4935 1499 4991 τὸ
1529 4938 1854 5005 πρόσωπόν

274 5047 413 5099 μου.
448 5031 522 5084 Τὸ
547 5032 655 5102 γὰρ
681 5031 781 5101 τῆς
807 5029 984 5101 ψυχῆς
1020 5028 1309 5099 πρόσωπον
1342 5029 1439 5099 τὴν
1482 5030 1851 5101 ἁρμόττουσαν

278 5121 408 5176 θέαν
439 5124 641 5178 ἐπόθει.
674 5123 875 5178 Τούτου
893 5124 950 5177 δὲ
969 5124 1061 5176 καὶ
1081 5120 1316 5190 Μωῦσῆς
1341 5136 1469 5173 ποτε
1490 5123 1671 5191 τυχεῖν
1694 5118 1845 5191 ἠξίου

276 5212 449 5281 λέγων
478 5213 557 5284 τῷ
582 5214 718 5285 Θεῷ·
767 5214 911 5269 Ἰδοὺ
948 5214 1175 5284 εὕρηκα
1204 5212 1380 5283 χάριν
1411 5212 1666 5267 ἐνώπιόν
1696 5231 1832 5269 σου·

276 5303 609 5375 ἐμφάνισόν
630 5324 732 5374 μοι
772 5308 1050 5361 σεαυτόν·
1090 5304 1368 5375 τνωστῶς
1406 5304 1510 5358 ἴδω
1550 5320 1645 5359 σε·
1691 5306 1838 5371 ὅπως

276 5396 780 5467 ἀνακεκαλυμμένῳ
806 5398 1078 5469 προσώπῳ
1118 5398 1220 5469 τὴν
1263 5397 1418 5462 δόξαν
1474 5392 1681 5467 Κυρίου
1714 5415 1845 5451 κατ-

275 5489 603 5565 οπτρίζοιτο.
629 5490 720 5541 Διό
751 5507 903 5561 φησι’
926 5491 994 5543 Τὸ
1022 5490 1345 5559 πρόσωπόν
1373 5505 1509 5551 σου,
1534 5491 1728 5558 Κύριε.
1758 5490 1849 5559 ζη-

275 5579 459 5646 τήσωο
481 5582 567 5652 μὴ
591 5581 979 5650 ἀποστρέψῃς
998 5582 1059 5635 τὸ
1082 5582 1403 5649 πρόσωπόν
1421 5597 1537 5636 σου
1553 5581 1652 5634 ἀπ’
1677 5582 1842 5651 ἐμοῦ.

276 5672 339 5726 El
367 5675 475 5745 γὰρ
500 5677 581 5739 εἰς
607 5674 772 5743 ἀκρον
795 5673 1085 5745 τελειότης,
1122 5674 1216 5727 καὶ
1246 5676 1279 5744 ἡ
1313 5671 1451 5727 κατά
1478 5671 1609 5727 Θεὸν
1640 5674 1844 5745 ὑστάτη

351 5978 395 6009 ⁸³
452 5975 625 6034 lCor.
660 5995 715 6046 ι,
744 5981 799 6037 4.
872 5981 919 6015 ⁸⁸
970 5978 1134 6038 llebr.
1170 5995 1253 6044 ut,
1299 5978 1381 6033 l3.

1972 3510 2059 3566 nis
2090 3510 2144 3563 in
2177 3509 2339 3565 rebus
2368 3508 2653 3563 institutus
2680 3508 2795 3561 hate
2820 3506 2885 3560 de
2920 3505 3101 3558 futuro
3128 3503 3311 3559 dicere
3339 3501 3523 3559 edoce-

1968 3594 2507 3657 baturzLavabOinter
2528 3600 2823 3653 innocentes
2846 3613 3031 3651 manus
3056 3612 3220 3659 meas,
3243 3604 3291 3649 et
3313 3594 3537 3648 circum-

1966 3693 2100 3747 dabo
2126 3692 2296 3747 altare
2324 3701 2491 3757 tuum,
2530 3690 2754 3746 Domine
2783 3692 2828 3723 “
2860 3708 2872 3742 :
2912 3690 3002 3745 hic
3027 3703 3177 3752 vero,
3215 3695 3275 3742 ut
3302 3686 3396 3757 qui
3419 3686 3534 3756 jam

1966 3786 2257 3858 profecerit
2280 3797 2335 3841 et
2365 3786 2621 3857 precibus
2644 3787 2913 3856 promissa
2942 3780 3277 3840 consecutus
3298 3781 3389 3850 sit,
3418 3782 3535 3837 haec

1964 3875 2489 3950 loquitur:Circuivi
2534 3889 2583 3932 et
2625 3878 2893 3933 immolavi
2942 3877 2996 3931 in
3046 3874 3381 3931 tabernaculo
3418 3875 3533 3943 ejus

1963 3970 2187 4025 hostiam
2216 3970 2555 4040 jubilationis
2588 3985 2606 4023 :
2636 3978 2691 4025 et
2733 3970 2788 4024 in
2821 3969 3091 4039 superiori
3125 3968 3289 4023 etiam
3322 3966 3534 4038 psalmo

1963 4063 2168 4118 dictum
2196 4070 2301 4130 est,
2331 4062 2399 4119 Ut
2429 4063 2646 4117 audiam
2677 4078 2849 4117 vocem
2882 4061 3059 4125 laudis
3090 4060 3170 4124 δὴ
3218 4060 3308 4115 hic
3348 4065 3528 4114 autem

1961 4152 2430 4224 dicitur,Cantabo
2454 4168 2503 4215 et
2533 4156 2798 4226 psalmum
2821 4154 2997 4210 dicam
3028 4152 3274 4209 Domino.

2029 4379 2195 4436 Vens.
2249 4381 2403 4437 7-10.
2450 4378 2681 4445 Exaudi,
2726 4358 2966 4435 Domine,
3007 4388 3182 4427 vocem
3209 4387 3399 4431 meam,
3423 4386 3527 4441 qua

1957 4470 2180 4524 clamavi
2195 4470 2263 4522 ad
2285 4480 2331 4525 te
2351 4486 2368 4523 :
2387 4471 2627 4525 miserere
2644 4469 2742 4522 mei
2757 4476 2805 4520 et
2820 4463 3013 4519 exaudi
3032 4479 3131 4517 me.
3154 4461 3273 4516 Tibi
3289 4461 3423 4514 dixit
3438 4478 3528 4515 cor

1956 4579 2147 4625 meum,
2170 4560 2465 4632 Exquisiuit
2490 4572 2535 4615 te
2546 4560 2705 4629 facies
2725 4572 2871 4611 mea:
2893 4554 3079 4625 faciem
3100 4550 3523 4617 tuam,Domine,

1955 4656 2237 4723 requiram.
2258 4654 2390 4723 Ejus'
2412 4654 2549 4715 loco,
2568 4651 2661 4704 tibi
2681 4650 2813 4703 dixit
2839 4666 2929 4703 cor
2957 4662 3149 4713 meum,
3174 4634 3452 4714 exquisivit
3477 4653 3527 4695 te

1958 4747 2118 4818 facies
2157 4763 2293 4810 mea,
2323 4745 2563 4815 apertius
2593 4741 2957 4815 Symmachus
2997 4743 3077 4796 sic
3114 4738 3523 4806 interpretatur.

1959 4840 2052 4894 tibi
2079 4838 2386 4908 loquebatur
2428 4852 2519 4890 cor
2540 4832 2741 4899 meum,
2778 4844 2823 4889 te
2848 4832 3114 4906 quaerebat
3144 4829 3316 4884 vultus
3358 4840 3523 4879 meus.

1952 4932 2159 4986 Animae
2187 4929 2385 5000 q‘uippe
2427 4928 2606 4984 vultus
2636 4934 3028 4998 congruentem
3073 4920 3177 4977 sibi
3226 4914 3523 4987 inspectio-

1951 5039 2074 5079 nem
2107 5020 2477 5077 desiderabat.
2512 5022 2623 5077 Hoc
2674 5022 2851 5092 ipsum
2882 5016 3096 5089 Moyses
3132 5014 3212 5069 sic
3241 5010 3411 5065 Deum
3447 5010 3527 5063 al—

1946 5118 2177 5187 loquens
2195 5114 2457 5185 consequi
2488 5113 2798 5185 postulabat
2842 5131 2853 5166 :
2899 5108 3033 5165 Ecce
3078 5106 3247 5163 inveni
3294 5103 3515 5174 gratian

1944 5212 2002 5264 in
2040 5216 2318 5274 conspectu
2367 5216 2456 5261 tuo
2491 5222 2507 5259 :
2539 5204 2751 5259 ostende
2783 5202 2912 5256 mihi
2948 5203 3189 5269 teipsum,
3229 5204 3277 5250 te
3305 5196 3518 5248 scienM

1946 5298 2149 5358 uideam
2183 5298 2263 5365 “;
2297 5305 2355 5352 ut
2387 5290 2621 5353 revelata
2652 5293 2790 5349 facie
2830 5295 3059 5364 gloriam
3092 5287 3306 5344 Domini
3346 5288 3497 5339 inluc

1952 5402 2119 5451 retur.
2155 5388 2522 5456 Quamobrem
2573 5388 2668 5451 ait,
2711 5387 2902 5455 faciem
2943 5394 3112 5448 tuam,
3147 5382 3393 5443 Domine,
3433 5394 3518 5431 re-

1956 5485 2198 5557 quiram;
2235 5500 2297 5538 ne
2329 5492 2531 5537 avertas
2584 5480 2772 5549 faciem
2818 5490 2958 5532 tuam
2992 5494 3025 5531 a
3056 5493 3157 5531 me.
3190 5474 3247 5530 Si
3274 5472 3418 5528 enim
3455 5472 3522 5527 ad

1954 5591 2268 5648 supremum
2293 5575 2554 5648 perfectio
2583 5573 2878 5633 devenerit,
2914 5586 3047 5627 sane
3068 5570 3303 5649 ultimus
3324 5580 3521 5621 secun-

1953 5671 2081 5726 dum
2110 5668 2278 5726 Deum
2307 5666 2585 5741 profectus
2606 5666 2698 5721 ille
2730 5664 2915 5729 fuerit,
2946 5663 3041 5734 qui
3073 5660 3283 5717 scilicet
3321 5656 3390 5713 ad
3421 5656 3516 5711 Dei

1492 5977 1541 6019 ιε.
1576 5966 1722 6034 Psal.
1756 5992 1881 6043 ω,
1912 5975 1964 6030 5.
2032 5950 2036 6058 ί
2074 5973 2119 6008 ιι
2163 5971 2292 6028 ibid.
2340 5972 2389 6026 7.
2470 5971 2514 6005 ιι
2547 5968 2717 6026 Exod.
2752 5982 2944 6035 xum,
2990 5965 3075 6022 ιε.
