4302 6398
817 493 925 551 245

1551 486 1830 543 EUSEBII'
1852 479 2323 542 CESARIENSIS
2360 476 2508 533 OPP.
2548 471 2727 531 PARS
2760 469 2857 555 Ill.
2890 500 2957 551 -—I
2993 460 3399 521 EXEGETICA.

3928 451 4035 505 2M

820 609 1027 663 vultum
1050 603 1298 667 deducit,
1328 612 1402 656 ita
1429 609 1487 654 ut
1507 602 1631 670 quis
1656 599 1769 657 Deo
1790 614 2029 666 praesens
2048 598 2206 662 adsit,
2230 598 2370 668 ejus-
2399 612 2433 667 Α

2473 588 2718 659 προκοπὴ
2749 584 2888 653 αὕτη
2914 582 2978 635 ἂν
3004 579 3230 648 γένοιτο,
3254 578 3287 646 ή
3317 573 3410 627 ἐπὶ
3434 570 3501 624 τδ
3512 560 3801 670 ’πρόσωπον
3822 567 4039 669 ἄγουσα

819 714 924 765 «ευρ
944 695 1160 748 deitatis
1187 693 1356 748 radiis
1380 690 1612 745 fruatur.

885 871 1095 926 Gnarus
1128 880 1305 925 autem
1335 884 1573 940 persaepe
1616 868 1784 924 Deum
1820 869 1888 923 ab
1925 868 1993 923 iis
2028 867 2122 937 qui
2160 866 2368 920 vultum

815 962 934 1031 ejus
954 961 1226 1015 sustinere
1247 975 1352 1016 non
1379 961 1579 1025 valent,
1606 974 1781 1029 neque
1806 958 1862 1013 in
1884 971 2110 1011 numero
2138 955 2370 1009 ﬁliorum

814 1057 933 1126 ejus
966 1050 1367 1123 computantur,
1406 1062 1648 1109 avertere
1691 1068 1772 1114 se,
1824 1066 1889 1106 ac
1918 1058 2069 1119 terga
2114 1050 2182 1102 iis
2215 1062 2370 1101 mon-
2428 1106 2433 1111 ,

814 1158 1009 1211 strare,
1039 1143 1699 1231 quemadmodumlloysi
1730 1143 1863 1197 dixit
1892 1161 1904 1195 :
1945 1140 2149 1194 Videbis
2192 1149 2363 1207 poste-

813 1242 957 1293 riora
986 1252 1121 1302 mea,
1154 1238 1352 1291 vultum
1393 1248 1567 1291 autem
1612 1251 1782 1288 meum
1830 1249 2156 1303 nequaquam
2202 1232 2369 1299 inspi»

814 1332 917 1384 cies
946 1330 1022 1397 ἰ¹;
1058 1339 1115 1385 ut
1144 1346 1211 1385 ne
1240 1331 1295 1383 in
1325 1329 1552 1385 similem
1598 1342 1782 1382 casum
1842 1324 2044 1379 incidat
2076 1324 2123 1379 is
2163 1324 2228 1378 de
2258 1338 2367 1393 quo
2390 1353 2402 1365 -

809 1425 922 1490 jam
959 1416 1159 1485 sermo,
1205 1422 1288 1478 bis
1321 1423 1500 1478 verbis
1533 1420 1799 1491 supplicat
1840 1418 2201 1485 obsecratque
2233 1435 2245 1469 :
2286 1413 2368 1468 Ne

814 1522 1018 1569 avertas
1064 1515 1249 1583 faciem
1282 1524 1425 1567 tuam
1465 1528 1496 1566 a
1541 1526 1669 1565 me:
1710 1527 1772 1564 ne
1826 1508 2054 1562 declines
2112 1508 2165 1560 in
2215 1509 2298 1558 ira
2332 1522 2365 1558 a

812 1622 957 1660 servo
993 1616 1102 1659 tuo.
1132 1604 1357 1674 Adjutor
1379 1620 1520 1657 meus
1556 1612 1687 1667 esto,
1722 1617 1784 1655 ne
1825 1599 2045 1668 abjicias
2078 1614 2178 1662 me,
2208 1614 2367 1668 neque

810 1696 1019 1751 deseras
1068 1713 1168 1760 me,
1208 1697 1349 1750 Deus
1392 1696 1637 1751 Salvator
1684 1711 1848 1748 meus.
1903 1692 2169 1759 Quoniam
2217 1698 2366 1759 pater

812 1805 955 1843 meus
981 1798 1029 1842 et
1070 1797 1235 1842 mater
1281 1805 1395 1842 mea
1440 1787 1823 1856 derelique'unt
1859 1799 1958 1846 me,
1988 1781 2239 1835 Dominus
2270 1796 2367 1833 au-

813 1890 911 1935 tem
937 1882 1221 1950 assumpsit
1258 1896 1361 1934 me.
1390 1878 1467 1933 Ne
1510 1894 1593 1933 me
1636 1892 1850 1933 servum
1880 1885 2055 1937 tuum,
2096 1872 2238 1944 quod
2279 1880 2364 1926 ta-

2466 656 2560 735 τοῦ
2583 656 2739 739 Θεοῦ,
2762 673 2835 738 ὡς
2861 669 3195 744 παρεστάναι
3227 662 3374 734 αὐτῷ
3402 662 3493 717 καὶ
3518 660 3628 713 τῶν
3657 656 4033 730 μαρμαρυγῶτ

2468 772 2564 843 τῆς
2598 765 2760 821 αὑτοῦ
2792 764 3041 834 θεότητος
3070 756 3377 814 ἀπολαύειν.

2539 856 2707 919 Εἰδὼς
2738 855 2817 919 δὲ,
2837 855 2918 907 ὅτι
2938 850 3195 912 πολλάκις
3222 850 3250 901 6
3272 845 3405 909 Θεὸς
3432 843 3539 899 ἀπὸ
3565 842 3673 895 τῶν
3705 843 3777 913 μὴ
3798 838 4022 914 χωρούν

2466 967 2573 1004 των
2587 948 2647 1000 τὸ
2660 944 2820 1000 αὑτοῦ
2837 944 3121 1017 πρόσωπον
3140 939 3272 1012 μηδὲ
3288 936 3442 1003 ὲξιων
3458 936 3581 1007 (sic)
3600 933 3679 1007 [ἐξ
3690 932 3843 1004 υἱῶν]
3858 931 4036 985 αὐτοῦ

2466 1041 2654 1105 ὄντων,
2693 1038 3025 1109 ἀποστρέφει
3059 1034 3267 1097 ἑαυτὸν,
3301 1031 3369 1085 τά
3399 1029 3543 1083 νῶτα
3573 1026 3762 1082 ἑαυτοῦ
3790 1025 4037 1088 δεικνὺς,

2467 1132 2655 1204 ὥσπερ
2684 1128 2777 1184 οὖν
2803 1129 2881 1200 τῷ
2912 1130 3138 1182 Μωῠσεῖ
3164 1125 3366 1193 ἔλεγεν·
3400 1124 3565 1191 Ὄψει
3590 1119 3661 1174 τὰ
3682 1120 3872 1173 ὀπίσω
3882 1135 4035 1204 μορ,

2465 1222 2533 1275 τὸ
2561 1203 2631 1275 δὲ
2657 1219 2978 1287 πρόσωπόν
3000 1235 3118 1286 μου
3152 1218 3265 1269 οὐκ
3300 1210 3625 1282 ὀφθήσεται
3668 1226 3783 1263 σοι·
3826 1209 3891 1262 ἵν’
3936 1203 4037 1261 οὖν

2470 1314 2543 1384 μὴ
2571 1312 2726 1365 τοῦτο
2759 1308 2921 1363 πάθοι
2956 1309 2985 1359 6
3018 1306 3107 1362 διὰ
3144 1304 3251 1358 τῶν
3282 1301 3653 1374 προκειμένων
3677 1299 4032 1371 δηλούμενος,

2468 1402 2696 1479 ἱκετεύει
2745 1401 2839 1455 καὶ
2893 1400 3068 1453 δέεται
3116 1396 3325 1464 λέγων’
3370 1394 3469 1463 Μὴ
3511 1390 3901 1460 ἁποστρέψῃς
3959 1389 4036 1445 τὸ

2465 1494 2785 1564 πρόσωπόν
2822 1507 2937 1546 σου
2984 1491 3087 1545 ἀπ’
3130 1487 3305 1558 ἐμοῦ·
3338 1485 3422 1555 μὴ
3455 1484 3743 1551 ἐκκλίνῃς
3770 1483 3842 1538 ἐν
3878 1479 4035 1554 {im-ﬁ

2465 1586 2580 1641 ἀπὸ
2614 1583 2720 1638 τοῦ
2750 1583 2972 1637 δούλου
3000 1596 3134 1634 σου.
3155 1578 3381 1645 Βοηθός
3402 1592 3519 1645 μου
3546 1573 3744 1646 γενοῦ,
3771 1572 3858 1644 μὴ
3880 1573 4034 1627 ἀπο-

2465 1675 2834 1743 σκορακίσῃς
2871 1672 2968 1741 με,
3015 1668 3113 1723 καὶ
3146 1666 3225 1737 μὴ
3253 1665 3769 1735 ὲγκαταλίπῃςκμε,
3812 1665 3850 1732 ,ό
3881 1660 4035 1728 Θεὸς

2466 1769 2499 1819 ό
2528 1764 2730 1832 Σωτήρ
2754 1779 2893 1832 μου.
2925 1762 3043 1815 Ὅτι
3072 1764 3104 1814 ό
3126 1758 3319 1826 πατήρ
3338 1775 3455 1827 μου
3479 1757 3576 1810 καὶ
3606 1758 3645 1824 ἡ
3669 1754 3865 1825 μήτηρ
3904 1771 4034 1824 μου

2464 1856 2813 1925 ἐγκατέλιπέ
2843 1871 2939 1924 με’
2985 1856 3017 1907 ό
3057 1852 3126 1905 δὲ
3167 1852 3382 1919 Κύριος
3424 1847 3829 1917 προσελάϐετό
3881 1860 4033 1916 μου.

812 1971 883 2023 lia
911 1984 1201 2041 aggressus
1231 1970 1354 2030 sim,
1385 1968 1674 2023 averseris.
1715 1965 1898 2035 Neque
1936 1966 2078 2020 enim
2112 1964 2238 2019 licet
2270 1964 2368 2018 bo-
2397 1956 2433 2013 Π

2466 1949 2580 2019 Μὴ,
2610 1949 2692 2002 ὅτι
2719 1946 2940 2001 τοιαῦτα
2964 1945 3288 2016 τετόλμηκα,
3319 1940 3675 2013 ἀποστράφῃς
3704 1956 3771 2011 με
3792 1939 3882 1997 τὸν
3905 1936 4037 1993 δοῦ-ι

812 2061 943 2115 mini
967 2076 1127 2115 carne
1150 2059 1337 2113 induto
1355 2058 1664 2128 hujusmodi
1684 2056 2046 2129 dignationem
2068 2055 2362 2127 attingere;

812 2169 979 2223 quare
1006 2151 1173 2223 Moysi
1198 2152 1418 2207 dicebas
1452 2170 1465 2205 :
1504 2148 1672 2204 Nemo
1700 2146 1887 2203 videbit
1931 2146 2131 2201 vultum
2171 2162 2361 2211 meum,

812 2253 861 2298 et
894 2243 1021 2297 vivet
1048 2242 1114 2297 ⁸⁸.
1163 2241 1348 2312 Neque
1377 2242 1523 2297 enim
1567 2239 1781 2295 mortali
1812 2239 1935 2293 vitae
1978 2237 2029 2292 id
2061 2244 2366 2307 competere

813 2334 974 2397 valet,
1022 2341 1080 2389 ut
1114 2334 1322 2390 vultum
1354 2332 1753 2402 contempletur
1793 2338 1967 2385 tuum.
2002 2328 2362 2395 Quamobrem

810 2421 1022 2485 «dgnior
1055 2434 1197 2470 meus
1238 2428 1383 2481 esto,
1415 2427 1473 2472 ut
1502 2419 1771 2487 postulata
1803 2434 2125 2490 consequar.
2159 2421 2241 2476 Ne
2266 2424 2363 2476 ab-

800 2509 960 2578 jicias
1001 2526 1101 2572 me,
1148 2524 1245 2578 pro
1286 2525 1392 2578 quo
1435 2509 1823 2581 Symmachus,
1865 2510 1948 2566 Ne
1992 2512 2199 2581 rejicias
2246 2530 2361 2579 me;

808 2598 1003 2665 Aquila
1039 2612 1186 2663 vero,
1221 2597 1305 2652 Ne
1332 2597 1537 2655 deseras
1562 2617 1661 2669 me,
1692 2602 1878 2657 edidit.
1903 2601 2106 2659 Deinde
2131 2604 2315 2672 adjicit
2345 2625 2359 2661 :

812 2689 993 2761 Neque
1020 2692 1228 2748 deseras
1260 2710 1358 2761 me,
1392 2692 1531 2746 Deus
1560 2691 1806 2747 Salvator
1838 2707 2001 2745 meus.
2034 2689 2111 2745 Te
2134 2705 2365 2761 namque

812 2782 1183 2851 patrocinante
1217 2798 1280 2836 ac
1321 2783 1596 2838 dexteram
1632 2784 1962 2857 porrigente,
2005 2797 2128 2851 spes
2168 2795 2249 2838 est
2276 2799 2364 2840 me

811 2873 948 2925 bona
990 2873 1171 2926 omnia
1205 2880 1649 2926 consecuturum.
1680 2870 1819 2937 Quia
1850 2871 2034 2925 nullus
2063 2872 2202 2926 alius
2230 2872 2363 2927 mihi

809 2962 1023 3031 adjutor
1054 2964 1208 3019 adest
1238 2983 1251 3017 :
1283 2978 1458 3033 neque
1493 2963 1634 3017 enim
1662 2963 1842 3032 aliqua
1878 2962 2081 3016 arctior
2119 2962 2365 3017 cbarior-

810 3067 935 3120 que,
962 3068 1124 3122 quam
1174 3055 1344 3123 patris
1395 3066 1447 3109 et
1503 3057 1715 3121 matris,
1764 3055 2110 3119 necessitudo
2158 3054 2360 3123 fuerit;

811 3143 914 3210 ipsi
943 3157 1071 3197 vero
1099 3142 1501 3213 dereliquerunt
1532 3159 1641 3209 me,
1680 3143 1805 3215 quia
1850 3145 1917 3199 ab
1944 3143 2053 3200 illis
2087 3143 2360 3209 omnibus,

811 3243 869 3286 ut
895 3233 987 3288 tibi
1031 3234 1133 3288 soli
1176 3233 1287 3289 Deo
1315 3249 1584 3297 vacarem,
1626 3235 1844 3289 recessi.
1879 3232 2057 3300 Quare
2102 3235 2197 3289 tibi
2232 3251 2354 3306 gra-

2466 2043 2553 2096 λόν
2584 2059 2697 2096 σου.
2725 2042 2799 2096 Οὐ
2830 2040 2938 2111 γὰρ
2964 2042 3171 2109 ἐφεῖται
3201 2034 3470 2107 ἀνθρώπῳ
3499 2033 3675 2106 σάρκα
3705 2032 4032 2105 περιβεϐλη-

2472 2133 2620 2205 μένῳ
2644 2131 2751 2185 τῶν
2776 2130 3027 2185 τοιούτων
3047 2125 3341 2193 ἀξιοῦσθαι⁸
3372 2125 3451 2179 διὸ
3477 2124 3659 2195 ἔλεγες
3680 2121 3759 2194 τῷ
3780 2126 4027 2179 Mnibus?

2467 2218 2675 2290 Οὐδἐὶς
2707 2223 2914 2301 ὄψεται
2960 2221 3026 2275 τὸ
3073 2220 3397 2290 πρόσωπόν
3434 2234 3574 2288 μου,
3616 2217 3714 2270 καὶ
3759 2214 4024 2285 ζήσεται.

2476 2315 2749 2371 ’Δδυνατεϊ
2777 2314 2885 2386 γὰρ
2908 2314 2943 2384 ἡ
2966 2311 3132 2384 θνητὴ
3162 2312 3273 2383 ζωὴ
3302 2310 3437 2383 πρὸς
3456 2308 3553 2381 τὴν
3580 2308 3708 2362 θέαν
3732 2306 3825 2361 τοῦ
3852 2326 4028 2380 προσ-

2460 2404 2611 2461 ώπου
2650 2422 2763 2460 σου·
2797 2405 2876 2459 διὸ
2914 2404 3108 2475 μᾶλλον
3124 2405 3458 2475 βοηθόςμοτ,
3483 2404 3665 2459 γενοῦ
3681 2404 3818 2477 πρὸς
3838 2398 3898 2453 τὸ
3927 2416 4029 2454 τυ-

2461 2497 2574 2565 χεῖν
2605 2493 2713 2547 τῶν
2736 2495 2836 2566 ῂτη
2845 2493 3034 2565 μένων.
3068 2491 3163 2561 Μὴ
3192 2490 3683 2559 ἁποσκορακίσῃς
3695 2506 3791 2560 με·
3818 2488 3933 2571 ἀνθ’
3957 2482 4026 2541 οὗ

2461 2589 2490 2640 6
2535 2588 2859 2658 Σύμμαχος,
2897 2585 2994 2653 Μὴ
3035 2584 3375 2654 ἀπορῤίψῃς
3420 2599 3525 2652 με,
3562 2581 3849 2649 ἐξέδωκενο
3899 2583 3928 2635 6
3961 2581 4023 2634 δὲ

2475 2679 2706 2744 ’Δκύλας
2730 2696 2743 2709 ·
2780 2678 2875 2747 Μὴ
2926 2677 3114 2751 ἐάσῃς
3146 2694 3243 2746 με.
3299 2673 3409 2730 Εἶτ’
3458 2674 3693 2743 ἐπιλέγει
3715 2692 3729 2706 ·
3782 2675 3889 2729 Καὶ
3930 2674 4022 2744 μὴ

2460 2768 2898 2841 ἐγκαταλείπῃς
2924 2787 3019 2839 με,
3050 2773 3082 2823 ό
3118 2766 3261 2834 Θεὸς
3293 2770 3326 2821 d
3354 2764 3556 2833 Σωτήρ
3587 2783 3724 2837 μου.
3766 2765 3868 2819 Σοῦ
3909 2766 4021 2837 γὰρ

2462 2859 3009 2931 ἀντιλαμϐανομένου,
3064 2858 3155 2912 καὶ⁴
3220 2856 3397 2921 δεξιὰν
3449 2857 3750 2929 ὀρέγοντος,
3804 2856 4023 2913 πάντων

2459 2952 2615 3025 ἐλπὶς
2654 2953 2832 3023 τυχεῖν
2860 2949 2978 3005 ’τῶν
3010 2949 3249 3019 ἀγαθῶν.
3304 2949 3454 3003 Ἐπεὶ
3496 2948 3680 3019 μηδεὶς
3715 2948 3898 3019 ἕτερός
3928 2964 4019 3017 μοι

2462 3043 2691 3113 πάρεστι
2719 3041 3063 3113 βοηθός-τῶν
3089 3040 3197 3112 γὰρ
3230 3041 3286 3093 ὲν
3315 3039 3619 3111 ἀνθρώποις
3650 3040 4025 3114 ἀναγκῶνού-

2456 3136 2566 3202 δεῖς
2586 3136 2651 3191 ἂν
2674 3136 2881 3206 γένοιτο
2898 3134 3102 3207 πατρὸς
3125 3134 3218 3188 καὶ
3245 3134 3448 3204 μητρὸς
3477 3133 4017 3204 μᾶλλον-προσφιλής

2460 3222 2605 3284 οὗτοι
2632 3229 2689 3283 δὲ
2713 3229 2864 3283 αὐτοὶ
2886 3224 3301 3283 καταλελοίπασί
3326 3244 3391 3297 με
3408 3225 3494 3279 διὰ
3514 3226 3574 3279 τὸ
3601 3226 3815 3281 πάντων
3839 3225 4023 3279 αὐτῶν

809 3324 938 3377 tiam
970 3324 1243 3396 proﬁteor,
1282 3325 1409 3395 qum
1450 3325 1517 3379 ab
1562 3326 1816 3381 omnibus
1846 3325 2095 3383 desertus
2137 3341 2201 3381 ac
2240 3304 2362 3382 reli-
2386 3318 2431 3378 Ο

2463 3317 2960 3390 ἀνακεχωρηκέναι,
3002 3320 3095 3372 καὶ
3136 3320 3219 3372 σοὶ
3272 3318 3415 3389 μόνῳ
3448 3304 3722 3387 σχολάζειν
3763 3316 3839 3387 τῷ
3878 3316 4018 3387 Θεῷ.

808 3421 947 3480 ctus,
984 3417 1082 3473 abs
1116 3425 1167 3474 te
1196 3418 1313 3475 solo
1345 3429 1656 3491 assumptus
1683 3437 1825 3477 sum.

886 3604 1041 3650 Vens.
1080 3602 1168 3657 it,
1204 3610 1292 3654 az.
1336 3596 1520 3669 Legem
1565 3613 1697 3667 pone
1749 3598 1876 3653 mihi
1917 3602 1983 3673 in,
2009 3602 2093 3655 via
2126 3610 2218 3657 tua
2254 3622 2271 3658 :
2309 3614 2359 3661 et

807 3682 970 3753 dirige
1002 3700 1082 3738 me
1114 3684 1169 3737 in
1197 3686 1437 3739 semitam
1466 3697 1663 3741 rectam
1690 3697 1901 3758 propter
1922 3689 2172 3745 inimicos
2198 3709 2356 3747 meos.

810 3774 894 3829 Ne
946 3775 1230 3830 tradideris
1309 3793 1390 3831 me
1436 3774 1505 3831 in
1565 3780 1770 3834 animas
1830 3780 2193 3837 tribulantium
2259 3801 2358 3849 me,

779 3865 1052 3932 quoniam
1133 3868 1528 3935 insurrexerunt
1605 3872 1658 3924 in
1735 3886 1815 3925 me
1894 3883 2045 3927 testes
2155 3877 2357 3946 iniqui,

806 3961 855 4007 et
920 3956 1137 4008 mentita
1206 3966 1285 4011 est
1358 3959 1607 4029 iniquitas
1682 3960 1802 4015 sibi.
1873 3960 2009 4017 Cum
2088 3966 2361 4022 multoties

806 4044 874 4100 de
910 4060 974 4117 se
1022 4045 1239 4101 divinus
1286 4048 1574 4118 Apostolus
1622 4051 1735 4106 haec
1791 4052 2119 4108 declarasset
2170 4071 2234 4111 ac
2277 4057 2393 4111 di-r

807 4135 974 4191 xisset
1000 4154 1013 4189 :
1042 4134 1193 4189 Nihil
1222 4138 1359 4190 enim
1390 4139 1561 4192 minus
1600 4140 1679 4209 fui
1718 4140 1781 4193 ab
1812 4142 1880 4195 iis
1916 4144 2006 4213 qui
2045 4153 2166 4198 sunt
2199 4161 2357 4214 supra

807 4221 1017 4275 modum
1066 4218 1369 4292 apostoli“;
1403 4226 1470 4281 iis
1500 4225 1613 4281 haec
1650 4228 1871 4297 adjicit:
1903 4229 2026 4285 Non
2068 4232 2205 4302 quod
2242 4237 2359 4303 jam

807 4315 1108 4379 acceperim,
1143 4324 1236 4368 aut
1269 4316 1383 4385 jam
1417 4317 1676 4388 perfectus
1720 4321 1858 4377 sim:
1887 4338 2072 4392 sequor
2102 4324 2274 4378 autem
2314 4328 2361 4382 si

805 4422 905 4475 quo
947 4405 1098 4459 modo
1141 4410 1569 4476 comprehendam
1586 4412 1631 4444 '°
1661 4426 1677 4464 :
1709 4425 1772 4465 ac
1803 4428 2019 4467 rursum
2060 4416 2187 4469 alibi
2213 4435 2227 4470 :
2258 4417 2361 4471 Ca-

806 4498 939 4566 stigo
965 4513 1151 4565 corpus
1182 4515 1371 4564 meum,
1405 4510 1453 4555 et
1478 4502 1533 4555 in
1561 4502 1857 4557 servitutem
1884 4502 2080 4573 redigo,
2136 4522 2199 4559 ne
2227 4507 2362 4575 forte

2467 3407 2627 3463 Ὅθεν
2652 3409 2745 3463 καὶ
2770 3408 2929 3480 χάριν
2949 3408 3211 3479 ὁμολογῶ,
3242 3410 3323 3462 ὅτι
3349 3408 3561 3464 πάντων
3590 3408 3791 3481 ἔρημος
3813 3412 3906 3462 καὶ
3931 3426 4023 3462 κα·

2462 3499 2767 3570 ταλειφθεὶς
2798 3500 2901 3555 ὑπὸ
2930 3500 3021 3554 σοῦ
3054 3500 3445 3573 προσελήφθην.

2533 3592 2949 3661 Νομοθέτησόν
2974 3610 3050 3662 με
3083 3594 3153 3647 ἐν
3183 3592 3404 3671 τῇηόξῷ
3427 3608 3563 3656 σου,
3593 3592 3690 3646 καὶ
3716 3592 4023 3662 όδήγησόν

2458 3703 2533 3755 με
2555 3687 2625 3740 ἐν
2653 3688 2827 3754 τρίϐῳ
2860 3688 3061 3756 εὐθείᾳ,
3107 3687 3283 3742 ἕνεκα
3329 3686 3447 3741 τῶν
3474 3688 3712 3757 ’ἐχθρῶν
3752 3688 3890 3757 μου.
3921 3689 4021 3757 Μὴ

2464 3772 2739 3844 πφαδῷς
2761 3792 2836 3843 με
2865 3777 2949 3841 εὶς
2987 3775 3189 3844 ψυχὰς
3218 3776 3539 3830 θλιϐόντων
3566 3792 3662 3844 με,
3693 3775 3782 3829 ὅτι
3811 3777 4031 3832 errare;

2464 3866 2705 3934 στησὰν
2722 3884 2824 3937 μοι
2846 3864 3140 3936 μάρτιιοες
3166 3864 3375 3931 ἄδικοι,
3400 3865 3496 3920 καὶ
3514 3866 3811 3935 ἐψεύσατο
3831 3869 3871 3935 ἡ
3899 3868 4022 3923 ἀδι-

2464 3956 2793 4025 κίανέαυτῇ.
2815 3955 3077 4019 Πολλάκις
3106 3974 3168 4009 πε
3180 3958 3230 4027 pl
3261 3957 3454 4026 ἑαυτοῦ
3484 3958 3515 4015 6
3545 3956 3683 4021 θεῖος
3706 3957 4021 4020 Ἀπόστολος

2465 4046 2679 4115 διδάξας
2713 4048 2808 4102 καὶ
2834 4048 3021 4104 εἰπών’
3055 4045 3243 4103 Οὐδὲν
3273 4048 3383 4119 γὰρ
3408 4050 3705 4117 ὐστέρηκα
3732 4049 3849 4105 τῶν
3870 4051 4021 4119 ὑπὲρ

2463 4140 2605 4194 λίαν
2619 4140 2989 4194 ἀποστόλων·
3014 4140 3219 4204 τούτοις
3240 4142 3408 4213 ὲπῆγε
3434 4140 3623 4210 λέγων·
3652 4144 3770 4212 Οὐχ
3795 4142 3881 4196 ὅτι
3901 4140 4020 4211 ἤδη

2465 4232 2686 4295 ἔλαϐον
2713 4233 2751 4301 ἢ
2778 4232 2893 4301 ἤδη
2928 4233 3316 4300 τετελείωμαι·
3345 4229 3531 4285 διώκω
3558 4232 3625 4286 δὲ
3649 4235 3700 4287 ei
3728 4235 3823 4287 καὶ
3848 4221 4024 4287 κατα-

2465 4321 2643 4379 λάϐω
2673 4325 2766 4377 καὶ
2788 4323 2949 4377 πάλιν
2971 4322 3220 4393 ἀλλαχοῦ·
3262 4321 3585 4383 Ὑπωπιὰζω
3604 4340 3721 4391 μου
3747 4322 3811 4376 τὸ
3829 4322 4020 4391 σῶμα,

2465 4414 2562 4469 καὶ
2606 4413 2977 4483 δουλαγωγῶ·
3008 4412 3240 4483 μήπως,
3279 4412 3488 4478 ἄλλοις
3523 4413 3805 4482 κηρύξας,
3840 4414 4025 4479 αὐτὸς

2464 4506 2746 4577 ἀδόκιμος
2762 4504 3035 4575 γένωμαι.
3058 4506 3218 4557 Ὅσον
3239 4503 3334 4573 μὲν
3356 4502 3463 4574 γάρ
3480 4504 3554 4567 ὡς
3568 4505 3704 4575 πρὸς
3723 4503 4022 4577 ἀνθρώπων

804 4602 921 4642 eum
947 4590 1499 4673 aliisprwdicaverim,
1519 4593 1626 4663 ipse
1649 4593 1893 4664 reprobus
1921 4596 2111 4664 e/ﬁciar
2128 4597 2194 4648 ⁵³.
2225 4596 2358 4652 Nam

2469 4596 2774 4667 σύγκρισιν,
2814 4594 3025 4665 συνῄδει
3075 4593 3251 4664 ἑαυτῷ
3291 4595 3672 4665 προκεκοφότι,
3717 4596 3809 4648 καὶ
3836 4594 3936 4665 τὴν
3962 4595 4022 4646 ὲν

804 4686 1065 4749 quantum
1112 4674 1185 4735 ad
1222 4682 1501 4737 hominum
1552 4688 2013 4755 comparationem
2044 4689 2358 4744 aestimatio-
2387 4673 2433 4732 υ

2462 4686 2765 4757 ἀνθρώποις
2810 4677 3117 4754 τελειότητα
3164 4684 3493 4755 ἀνειληφότι·
3537 4685 3660 4737 ὅσον
3702 4682 3761 4737 δὲ
3808 4682 3902 4736 ἐπὶ
3944 4683 4023 4752 τῷ

804 4785 1035 4839 nemque
1060 4773 1381 4842 pertinebat,
1412 4790 1477 4831 se
1507 4768 1801 4847 proiecisse
1835 4794 1895 4833 ac
1923 4781 2213 4834 humanam
2239 4795 2362 4851 per-

806 4864 828 4915 t
861 4863 1089 4919 stionem
1137 4867 1380 4935 attigisse
1433 4868 1537 4923 sibi
1590 4870 1844 4924 conscius
1888 4866 2043 4937 erat;
2098 4878 2359 4941 quantum

806 4963 983 5009 autem
1019 4957 1086 5009 ad
1110 4956 1189 5009 rei
1219 4957 1517 5023 veritatem,
1554 4975 1613 5015 se
1658 4960 1714 5014 in
1744 4961 1932 5017 multis
1969 4955 2197 5018 deiicere
2226 4962 2365 5021 scie-

806 5035 920 5108 bat,
967 5046 1039 5100 ob
1082 5048 1247 5117 idque
1276 5063 1395 5105 sese
1430 5050 1808 5122 imperfectum
1837 5051 2125 5110 fatebatur.
2160 5053 2362 5108 Eadem
2393 5036 2405 5051 ”

806 5152 1029 5207 prorsus
1061 5145 1257 5202 metite,
1291 5140 1337 5195 is
1369 5141 1459 5210 qui
1492 5143 1547 5196 in
1573 5143 1825 5213 praesenti
1856 5134 2113 5213 loquitur,
2147 5144 2362 5198 videtur

805 5229 937 5283 mihi
970 5228 1180 5284 debitas
1208 5230 1316 5286 Deo
1362 5232 1429 5287 de
1472 5236 1757 5304 praeteritis
1786 5236 1947 5290 bonis
1974 5237 2178 5305 gratias
2205 5242 2358 5289 retu-

805 5320 953 5383 lssc,
986 5334 1071 5379 ac,
1099 5327 1281 5390 utpote
1305 5323 1485 5388 homo,
1513 5326 1841 5381 inﬁrmitatis
1867 5327 2118 5381 humana:
2148 5313 2359 5397 lapsum

807 5410 1115 5477 suspicatus
1140 5426 1281 5498 esse.
1312 5413 1650 5492 QuaprOpter
1693 5417 1759 5471 de
1795 5418 1978 5471 futuro
2004 5417 2171 5472 Deum
2203 5430 2363 5485 rega-

809 5499 919 5561 bat,
953 5507 1012 5553 ut
1044 5501 1161 5571 ipse
1193 5502 1293 5557 sibi
1322 5500 1595 5575 legislator
1626 5517 1790 5563 esset.
1808 5500 1998 5577 Neque
2029 5507 2172 5562 enim
2205 5507 2357 5571 mihi,

808 5590 1002 5659 inquit,
1036 5602 1160 5648 sunt
1194 5596 1383 5667 legalia
1429 5598 1628 5671 Moysis
1679 5602 1831 5665 satis.
1864 5588 1977 5655 Lex
2004 5600 2200 5670 quippe
2247 5600 2357 5666 illa,

809 5699 916 5737 non
951 5684 1137 5752 justus,
1170 5690 1264 5744 sed
1311 5690 1508 5761 iniquis
1551 5697 1605 5746 et
1644 5691 2144 5761 inobsequentibus,
2183 5692 2359 5762 ἱηψῖῑε

2461 4776 2667 4862 ἀληθεῖ,
2700 4778 2759 4831 ὲν
2780 4775 2989 4838 πολλοῖς
3012 4776 3218 4829 ἑαυτῶν
3251 4777 3494 4845 ὑστερεῖν
3521 4772 3834 4841 ἐγίνωσκεν,
3858 4773 4022 4845 ἀτελῆ

2458 4884 2519 4921 τε
2558 4863 2696 4922 εἶναι
2727 4866 2915 4921 ἑαυτὸν
2940 4866 3025 4921 διὰ
3056 4866 3197 4921 τοῦθ’
3224 4865 3519 4936 ὡμολόγει..
3538 4863 3721 4937 Ταύτῃ
3751 4882 3845 4935 μοι
3876 4865 4024 4919 δοκεῖ

2448 4960 2531 5034 τῇ
2561 4959 2769 5029 διανοίᾳ
2796 4959 2890 5012 καὶ
2923 4960 2952 5012 6
2984 4961 3054 5013 τά
3084 4956 3416 5031 προκείμενα
3454 4954 3734 5037 διεξελθῲν
3762 4957 3889 5027 περὶ
3922 4958 4021 5029 μὲν

2459 5048 2568 5102 τῶν
2603 5050 3003 5121 παρῳχηκότων
3040 5050 3137 5120 τὴν
3167 5048 3482 5120 πρέπουσαν
3508 5048 3852 5119 εὐχαριστίαν
3882 5051 4023 5105 ἀπο·
4094 5072 4099 5079 ·

2461 5140 2750 5196 δεδωκέναι
2780 5141 2856 5213 τῷ
2882 5140 3020 5213 Θεῷ,
3049 5136 3136 5195 οἷα
3166 5140 3237 5193 se
3265 5137 3545 5209 ἄνθρωπος
3569 5139 3661 5218 τὸν
3687 5139 3895 5194 ὄλισθον
3924 5144 4024 5213 τῆς

2463 5234 2806 5307 ἀνθρωπίνης
2834 5234 3115 5297 ἀσθενείας
3142 5232 3463 5303 ὑφορᾶσθαι.
3499 5232 3590 5285 Διὸ
3618 5234 3747 5305 περὶ
3772 5232 3866 5286 τοῦ
3898 5234 4028 5304 μέλ-

2462 5325 2643 5391 λοντος
2671 5327 2863 5400 χρόνου
2898 5322 3195 5395 παρεκάλει
3216 5324 3306 5375 τὸν
3333 5323 3484 5388 Θεὸν,
3511 5324 3657 5388 ὅπως
3684 5322 3847 5389 αὐτὸς
3877 5322 4027 5393 αὐτῷ

2465 5416 2672 5484 γένοιτο
2708 5417 3022 5488 νομοθέτης.
3068 5414 3139 5469 Ού
3185 5414 3292 5486 γὰρ
3334 5415 3572 5486 ἀπαρκεῖ
3616 5433 3726 5486 μοι,
3771 5414 3923 5484 φησὶ,
3957 5412 4028 5466 τὰ

2464 5506 2617 5581 ’παρά
2659 5511 2881 5565 Μωῦσεῖ
2919 5509 3141 5578 νόμιμα·
3173 5508 3402 5570 δικαίοις
3432 5507 3599 5580 γάρθό
3625 5508 3789 5575 νόμος
3821 5507 4027 5569 ἐκεῖνος

2466 5600 2527 5652 οὐ
2552 5601 2955 5671 νενομοθέτητοι
2975 5598 3085 5653 ἀλλ’
3116 5598 3332 5668 ἀνόμοις
3353 5599 3447 5675 καὶ
3472 5596 3877 5659 ἀνυποτάκτοις,
3905 5597 4027 5650 ἀσε-

2469 5688 2587 5741 ϐέσι
2612 5691 2700 5743 καὶ
2734 5688 3071 5759 ἁμαρτωλοῖς
3096 5687 3189 5740 καὶ
3212 5689 3321 5750 τοῖς
3346 5683 3763 5758 παραπλησίοις,
3800 5674 4021 5748 Τούτοις

881 5840 923 5875 θ’
964 5839 1129 5897 Exod.
1166 5858 1353 5908 xxxiii,
1385 5846 1475 5901 ες.
1547 5847 1591 5878 ⁸⁸
1632 5844 1760 5901 ibid.
1839 5847 1880 5877 “
1923 5844 1965 5900 ll
1993 5845 2115 5914 Cor.
2153 5861 2247 5913 su,
2276 5845 2367 5899 il.
2447 5847 2489 5877 ⁵ο
2528 5845 2758 5916 Philipp.
2799 5861 2878 5911 tu,
2914 5844 2995 5899 12.
3070 5842 3109 5874 ⁸¹
3154 5841 3172 5894 l
3204 5841 3327 5896 Cor.
3366 5856 3438 5905 Ix,
3468 5838 3557 5892 27.
