4302 6458
286 491 389 549 Ξίδ

1442 489 1947 547 COMMENTARIA
1960 482 2046 547 ἸΝ
2086 489 2424 548 PSALMOS.
2478 536 2483 541 .

3415 489 3522 545 246

289 608 394 679 γὰρ
432 608 461 659 ό
497 604 738 677 Μωῦσῆς
770 602 1097 676 ἐνομοθέτει,
1129 604 1267 658 κατὰ
1294 604 1391 675 τὴν
1426 606 1854 678 σκληροκαρδίαν

1916 644 1931 676 ι
1957 616 2011 665 et
2039 609 2415 679 peccatoribus
2440 605 2616 677 iisque
2645 605 2915 662 similibus
2944 605 3068 661 data
3088 614 3195 664 est.
3222 607 3345 665 Istis
3365 612 3525 681 quip-

284 698 461 755 αὐτῶν
509 698 940 769 διαταττόμενος.
990 699 1129 767 Ἐγὼ
1168 700 1245 762 δὲ,
1290 700 1471 768 φησὶν,
1506 700 1565 751 ού
1595 702 1661 770 τῇ
1692 702 1859 755 Μωῦ-

288 794 422 855 σέως
462 790 749 862 νομοθεσίᾳ
796 788 1140 860 ύποϐέὸληκα
1186 790 1434 859 ἐμαυτόν.
1480 791 1569 842 Διὸ
1607 790 1729 843 οὐδὲ
1761 793 1858 863 τὴν

282 884 368 937 διὰ
401 883 556 949 ζώων
581 883 796 951 σφαγῆς
835 882 1021 935 θυσίαν
1050 883 1482 954 ἐπηγγειλάμην,
1514 881 1648 936 ἀλλὰ
1669 883 1859 937 θυσίαν

284 974 623 1046 ἀλαλαγμοῦ,
656 973 964 1045 καινότερον
1007 974 1209 1045 τρόπον
1238 974 1270 1044 ἣ
1300 974 1440 1027 κατὰ
1478 974 1548 1027 τὰ
1580 976 1858 1039 Μωῦσέως

285 1068 507 1140 νόμιμα.
556 1066 758 1138 Διόπερ
807 1065 949 1133 άξιῶ
977 1067 1170 1136 καινῆς
1213 1066 1531 1137 νομοθεσίας
1575 1069 1725 1138 παρά
1764 1067 1857 1121 σοῦ

285 1162 485 1230 τυχεῖν.
521 1159 693 1223 Αὐτὸς
725 1154 817 1213 οὖν
844 1157 939 1229 τὴν
970 1158 1067 1230 σὴν
1096 1159 1212 1211 ὁδὸν
1248 1159 1510 1225 ἐπίδειξόν
1548 1177 1656 1230 μοι’
1688 1160 1860 1231 ἠφώ-

285 1239 659 1315 τισον,’κατά
688 1251 776 1305 τὸν
836 1252 1084 1306 Ἀκύλαν.
1132 1252 1225 1323 Μὴ
1274 1252 1431 1323 μόνον
1480 1252 1535 1306 δὲ
1577 1253 1857 1323 ὑποδείξῃς

288 1343 419 1417 μηδὲ
456 1343 823 1416 νομοθετήσης
854 1360 961 1414 μοι,
996 1336 1040 1396 ὦ
1076 1342 1267 1414 Κύριε,
1301 1342 1435 1397 ἀλλά
1467 1344 1559 1396 καὶ
1594 1343 1856 1413 όδήγησόν

228 1455 239 1475 ι
287 1453 355 1503 με
384 1437 440 1489 ἐν
460 1433 631 1505 τρίϐῳ
651 1431 854 1504 εὐθείᾳ,
880 1431 1015 1503 πρὸς
1037 1431 1098 1485 τδ
1121 1432 1194 1503 μὴ
1225 1430 1529 1502 προσκόψαι
1552 1430 1688 1500 πρὸς
1710 1429 1855 1482 λίθον

282 1528 372 1581 τὸν
404 1526 540 1580 πόδα
573 1542 694 1595 μου,
729 1516 937 1577 ἐκεκεν
968 1522 1087 1574 τῶν
1114 1521 1343 1591 ἐχθρῶν
1367 1539 1507 1589 μου.
1540 1520 1636 1587 Μὴ
1672 1534 1855 1586 παρα-

282 1618 398 1685 δῷς
420 1634 497 1687 με
533 1620 620 1682 είς
663 1614 866 1683 ψυχὰς
909 1613 1234 1667 θλιϐόντων
1259 1628 1354 1679 με.
1386 1612 1463 1663 Δι’
1496 1609 1703 1679 ὁμαλῆς
1744 1608 1852 1679 γὰρ

280 1714 399 1768 ὁδοῦ
438 1714 532 1765 καὶ
566 1710 849 1782 εἰρηνικῆς
886 1708 1031 1771 ὅπως
1068 1707 1333 1779 διαγάγῃς
1376 1722 1441 1776 με
1479 1702 1613 1768 ἀξιῶ
1637 1702 1727 1781 τόν
1754 1700 1852 1770 τῆς

284 1803 427 1875 ζωῆς
464 1820 564 1873 μου
591 1800 800 1873 χρόνον.
832 1799 906 1852 Ού
944 1798 1053 1871 γὰρ
1092 1797 1247 1870 μόνον
1282 1795 1529 1866 πολέμιοι
1556 1792 1849 1863 τυγχάνου-

283 1912 386 1957 σιν,
423 1892 558 1946 ἀλλὰ
588 1893 680 1945 καὶ
709 1890 1037 1961 συκοφάνται
1066 1889 1238 1944 ἄδικοι
1268 1889 1361 1942 καὶ
1388 1885 1847 1956 ψευδομάρτυρες,

283 1987 374 2039 καὶ
404 1985 580 2038 πάντα
612 1984 680 2037 τὰ
713 1981 921 2055 ἐχθρῶν
964 1982 1311 2053 πράττοντες.
1358 1978 1492 2031 Τότε
1539 1978 1596 2031 δέ
1637 1975 1853 2047 ἀληθῶς
1885 1962 1927 2017 Β

284 2080 445 2150 ἐαυτῇ
478 2064 726 2147 ψεύδεται
770 2078 801 2147 ἡ
830 2074 1032 2138 ἀδικία,
1061 2075 1189 2127 ὅταν
1238 2070 1312 2142 μὴ
1340 2068 1482 2124 κατὰ
1513 2069 1852 2140 πραγμάτων

289 2172 535 2243 φέρηται,
579 2150 711 2239 μηδὲ
736 2166 1004 2239 κατισχύῃ
1031 2163 1139 2216 τῶν
1171 2158 1818 2232 ψευδομαρτυρουμένων.

352 2260 621 2315 Πιστεύω
648 2258 752 2312 τοῦ
786 2256 935 2311 ἰδεῖν
963 2257 1035 2308 τὰ
1066 2253 1255 2323 ἀγαθὰ
1278 2250 1498 2319 Κυρίου
1521 2251 1589 2303 ἐν
1609 2248 1687 2319 γῇ
1718 2248 1854 2325 ζώνέ

284 2362 416 2401 των.
458 2346 687 2417 Μήποτε
717 2344 773 2397 δὲ
815 2344 907 2397 καὶ
951 2342 1042 2394 ἐπὶ
1082 2342 1179 2413 τὴν
1205 2340 1461 2411 ἀνωτέρω
1489 2340 1701 2409 αἴτησιν
1724 2340 1854 2391 ἀνα-

286 2440 509 2512 πέμπει·
539 2437 722 2507 ἀγαθὰ
742 2436 947 2508 Κυρίου
985 2430 1158 2504 λέγων
1189 2422 1249 2487 τό
1282 2435 1537 2505 ἀνωτέρω
1570 2434 1855 2504 εἰρημένον

285 2532 575 2605 πρόσωπον
623 2528 807 2591 αὑτοῦ,
860 2527 988 2599 περὶ
1033 2522 1093 2582 οὗ
1140 2527 1365 2597 ἔφασκε·
1416 2526 1487 2580 Τὸ
1535 2526 1857 2594 πρόσωπόν

283 2641 419 2689 σου,
456 2622 653 2689 Κύριε,
698 2617 951 2687 ζητήσω.
990 2617 1086 2687 Μὴ
1121 2617 1513 2686 ἀποστρέψῃς
1539 2617 1606 2671 τὸ
1628 2617 1859 2685 πρόσω-

285 2715 400 2767 πόν
428 2727 543 2766 σου
586 2710 685 2764 ἀπ’
720 2708 887 2778 ἐμοῦ.
927 2708 1017 2762 Διὸ
1052 2708 1194 2761 κατὰ
1231 2708 1321 2763 τὸν
1364 2707 1593 2760 Ἀκύλαν
1622 2707 1858 2777 εἴρηταιο

298 2805 663 2859 Ἐπίστευσα
688 2801 793 2855 τοῦ
837 2800 985 2854 ἰδεῖν
1020 2802 1090 2854 ἐν
1120 2796 1317 2870 ἀγαθῷ
1354 2800 1596 2868 Κυρίουο
1629 2800 1765 2856 κατὰ
1801 2800 1858 2853 δὲ

284 2896 373 2950 τὸν
399 2895 711 2967 Σύμμαχον’
751 2893 1096 2946 Ἐπίστευον
1122 2890 1270 2945 ἰδεῖν
1300 2890 1415 2960 τὴν
1466 2891 1855 2960 ἁγαθοσύνην

286 2988 528 3057 Κυρίου.
574 2984 710 3039 Ἀλλ’
739 2984 925 3055 ὕψεταί
940 3002 1005 3055 γε
1032 2983 1125 3037 τοῦ
1141 2984 1345 3055 Κυρίου
1368 2982 1429 3035 τὸ
1453 2982 1741 3055 πρόσωπον
1764 2984 1859 3035 καὶ

286 3079 355 3135 τὰ
384 3076 566 3147 ἀγαθὰ
606 3074 959 3147 Κυρίου,οὐκ
1004 3075 1063 3128 ἐν
1102 3064 1183 3145 τῷ
1223 3072 1485 3145 περιγείῳ
1528 3073 1696 3142 τόπῳ,
1745 3071 1857 3125 ἀλλ’

287 3170 405 3224 ούδέ
438 3172 495 3223 ἐν
538 3166 616 3239 τῷ
654 3167 762 3221 τῶν
797 3166 1004 3237 θνητῶν
1037 3164 1242 3238 χωρίῳ,
1275 3164 1387 3217 ἀλλ’
1416 3165 1474 3216 ἐν
1514 3166 1585 3235 γῇ
1622 3162 1857 3228 ζώντων,

288 3264 351 3333 ἠν
388 3262 482 3316 καὶ
530 3262 558 3313 ό
600 3260 789 3331 Σωτὴρ
830 3258 1189 3330 ἐπηγγείλατο
1231 3256 1421 3326 λέγων·
1478 3254 1764 3324 Μακάριοι
1804 3260 1857 3310 οί

290 3353 512 3423 πραεῖς,
542 3351 633 3405 ὅτι
664 3350 831 3405 αὐτοὶ
863 3346 1395 3418 κληρονομήσουσι
1426 3346 1539 3415 τὴν
1561 3344 1695 3415 γῆν.

364 3502 365 3505 η
830 3460 915 3512 ΤΩ
955 3448 1154 3511 ΔΑΥῘΔ
1186 3459 1312 3511 ΚΖ’.

358 3554 513 3622 Πρὸς
562 3552 656 3617 σὲ,
686 3552 881 3619 Κύριε,
912 3548 1290 3617 κεκράξομαι,
1335 3552 1368 3602 ό
1415 3549 1561 3614 Θεός
1598 3564 1736 3616 μου,
1772 3544 1857 3616 μὴ

292 3641 765 3712 παρασιωπήσῃς
794 3642 893 3693 ἀπ’
924 3638 1090 3707 ἐμοῦ,
1122 3637 1355 3707 μήποτε
1387 3637 1861 3708 παρασιωπήσῃς

288 3734 381 3786 ἐπ’
414 3732 566 3802 ἐμοὶ,
612 3731 709 3785 καὶ
754 3727 1188 3799 όμοιωθήσομαι
1234 3725 1356 3792 τοῖς
1396 3725 1862 3779 καταϐαίνουσιν

291 3828 376 3891 είς
401 3822 650 3879 λάκκον.
681 3822 796 3876 Οὐκ
828 3817 1241 3889 ἐπιλελησμένοι
1267 3816 1377 3869 τῶν
1406 3813 1710 3886 ἔμπροσθεν
1733 3817 1859 3885 ἡμῖν

293 3914 629 3985 λελεγμένων
673 3911 802 3983 περὶ
836 3909 944 3963 τῶν
980 3908 1107 3977 ἀνευ
1148 3906 1292 3969 τινος
1333 3907 1649 3978 προσθήκης
1676 3908 1861 3975 ἐπιγε-

290 4004 626 4078 γραμμένων
654 4000 733 4068 τῷ
780 3999 978 4064 Δαυῖδ,
1026 3997 1196 4069 ἢτοῦ
1238 3995 1439 4061 Δαυῒδ,
1476 3995 1860 4067 ,προσθήσομεν

291 4097 517 4159 ἐκείνοις
562 4096 656 4148 ἐπὶ
696 4091 790 4146 τοῦ
835 4091 1099 4162 παρόντος
1144 4087 1242 4159 τὴν
1288 4089 1368 4151 εις
1411 4088 1559 4158 ἡμᾶς
1602 4086 1859 4141 ἐλθοῦσαν

293 4187 608 4259 παράδοσιν.
655 4183 791 4237 Φασὶ
836 4181 1013 4234 τοίνυν
1074 4177 1340 4249 Ἐϐραίων
1385 4178 1572 4243 παῖδες
1614 4179 1707 4231 ἐπὶ
1754 4178 1860 4230 τῶν

290 4278 543 4350 τοιαύτην
574 4276 805 4346 ἐχόντων
832 4272 1068 4342 γραφὴν,
1093 4271 1219 4325 ,δεῖν
1257 4270 1574 4341 ἀνατρέχειν
1612 4271 1703 4339 ἐπὶ
1736 4269 1860 4332 τοὺς

292 4369 567 4440 ἀνωτέρω,
613 4366 707 4419 καὶ
748 4366 966 4420 σκοπεῖν
1004 4364 1186 4425 ὁποῖος
1223 4357 1289 4433 ἦν
1330 4364 1358 4415 ό
1398 4364 1455 4415 ἐν
1494 4364 1637 4433 ἀρχῇ
1665 4377 1862 4445 ,προτε-

291 4459 560 4529 ταγμένος
600 4455 812 4527 ψαλμὸς
849 4453 957 4513 τῶν
1001 4452 1137 4524 μετὰ
1181 4451 1373 4517 ταῦτα,
1417 4453 1535 4523 ῆτοι
1584 4451 1860 4515 παντελῶς

292 4549 698 4621 ἁνεπιγράφων,
729 4546 762 4619 ἢ
789 4544 867 4611 τῷ
886 4545 1067 4599 Δαυτδ
1100 4548 1607 4618 ἐπιγεγραμμένων·
1640 4547 1733 4599 καὶ
1760 4564 1860 4617 μα-

1962 715 2028 771 pe
2058 700 2268 770 Moyses
2292 701 2462 770 legem
2494 700 2719 765 ferebat,
2745 697 2813 751 ad
2844 697 3094 753 duritiem
3128 699 3312 754 cordis
3336 715 3525 755 eorum

1962 790 2443 845 accommodatam.
2476 790 2546 843 At
2573 805 2693 860 ego,
2730 790 2924 859 inquit,
2957 803 3065 842 non
3094 803 3179 842 me
3212 788 3415 860 Moysis
3445 790 3527 845 le-

1960 879 2117 949 gibus
2164 880 2401 936 subdidi.
2447 878 2628 944 Quare
2676 894 2787 935 non
2842 885 3129 933 cruentum
3174 880 3527 946 sacriﬁcium,

1960 969 2055 1023 sed
2106 969 2339 1025 hostiam
2379 969 2722 1038 jubilationis
2763 969 3042 1039 pollicitus
3088 961 3230 1035 sum,
3277 983 3419 1023 novo
3466 984 3528 1023 ac

1958 1059 2117 1129 longe
2161 1059 2376 1123 diverso
2405 1073 2435 1111 a
2470 1058 2671 1129 Moysis
2717 1058 2984 1130 legalibus
3033 1059 3166 1114 ritu.
3193 1058 3318 1115 ideo
3362 1060 3525 1112 nava.

1959 1151 2056 1206 abs
2081 1159 2135 1206 te
2168 1140 2384 1221 postulo
2414 1151 2578 1221 leges.
2609 1148 2690 1205 Tu
2738 1151 2878 1221 ipse,
2908 1166 3117 1221 quaero,
3147 1151 3292 1205 viam
3341 1158 3517 1207 osten-

1959 1242 2057 1297 das
2092 1244 2254 1310 mihi;
2282 1250 2376 1297 aut
2407 1243 2671 1308 illumina,
2712 1244 3013 1299 secundum
3042 1244 3314 1314 Aquilam.
3348 1241 3533 1311 Neque

1958 1334 2134 1388 solum
2168 1336 2428 1389 ostendas
2468 1349 2533 1388 ac
2559 1335 2731 1404 legem
2763 1350 2935 1404 ponas
2968 1335 3125 1400 mihi,
3154 1334 3401 1399 Domine,
3435 1334 3529 1389 sed

1956 1428 2117 1482 etiam
2147 1428 2317 1499 dirige
2349 1446 2433 1484 me
2469 1430 2521 1483 in
2557 1429 2749 1484 semita
2780 1437 2952 1493 recta,
2987 1438 3047 1483 ut
3076 1444 3143 1484 ne
3171 1428 3529 1485 oﬂendamad

1956 1522 2185 1593 lapidem
2216 1522 2351 1593 pede
2382 1538 2524 1587 meo,
2554 1533 2763 1591 propter
2789 1525 3030 1577 inimicos
3058 1540 3196 1577 meos
3223 1540 3240 1577 :
3272 1540 3335 1579 ne
3360 1525 3531 1580 tradi-

1953 1612 2091 1667 deris
2138 1631 2217 1667 me
2248 1614 2301 1666 in
2331 1614 2539 1667 animas
2571 1613 2937 1673 tribulantium
2956 1630 3055 1668 me.
3090 1613 3192 1669 Per
3219 1616 3435 1684 planam
3466 1631 3532 1670 ac

1952 1706 2230 1775 pacilicam
2259 1706 2401 1760 viam
2436 1720 2520 1759 me
2563 1713 2806 1775 tempore
2835 1705 2959 1760 vita:
2988 1720 3121 1760 meas
3162 1705 3404 1761 deducas
3434 1722 3531 1778 po-

1953 1798 2117 1852 stulo.
2143 1794 2262 1851 Non
2292 1797 2466 1852 solum
2496 1796 2640 1851 enim
2676 1796 2904 1857 inimici.
2926 1797 3020 1852 sed
3047 1797 3211 1851 etiam
3244 1797 3414 1867 iniqui
3443 1814 3533 1871 sy-

1951 1890 2236 1960 cophantae
2280 1896 2334 1944 et
2382 1887 2503 1945 falsi
2540 1897 2707 1944 testes
2735 1889 2961 1955 instant,
2995 1888 3089 1958 qui
3112 1890 3296 1944 omnia
3339 1888 3524 1945 hostili

1954 1999 2103 2038 more
2134 1998 2345 2039 mecum
2381 1992 2567 2052 agunt.
2597 1981 2752 2037 Tunc
2782 1997 2945 2053 porro
2982 1982 3083 2037 sibi
3115 1996 3241 2037 vere
3268 1984 3532 2037 mentitur

1954 2073 2235 2143 iniquitas,
2269 2073 2488 2159 quando
2520 2087 2611 2127 res
2645 2072 2748 2143 ipsi
2794 2088 2905 2128 non
2948 2075 3085 2129 bene
3108 2073 3326 2139 cedunt,
3352 2089 3529 2144 neque

1954 2164 2092 2219 falsa
2121 2160 2440 2220 testimonia
2468 2166 2788 2235 praavalent.

2026 2254 2192 2310 Vens.
2226 2255 2315 2309 15.
2357 2254 2526 2309 Credo
2558 2255 2728 2310 videre
2765 2254 2902 2308 bona
2932 2255 3147 2309 Domini
3180 2257 3236 2311 in
3276 2266 3418 2311 terra
3456 2259 3533 2312 vi-

1954 2348 2201 2401 ventium.
2238 2332 2377 2400 Num
2423 2346 2859 2418 ad'superiorem
2891 2346 3310 2416 postulationem
3343 2350 3531 2404 remit-

1953 2440 2040 2503 tit,
2072 2454 2135 2494 ac
2181 2439 2326 2494 bona
2373 2438 2586 2494 Domini
2630 2440 2833 2495 vocitat
2862 2439 3072 2494 vultum
3114 2438 3331 2493 Domini
3362 2455 3530 2510 supra

1956 2537 2335 2594 memoratum,
2371 2529 2438 2585 de
2486 2546 2595 2601 quo
2645 2530 2766 2584 ait:
2810 2529 3027 2585 Vultum
3068 2539 3251 2595 tuum,
3285 2529 3527 2595 Domine.

1958 2622 2239 2693 requiram.
2271 2618 2355 2673 Ne
2377 2629 2584 2674 avertas
2615 2620 2805 2688 faciem
2835 2630 2981 2674 tuam
3005 2638 3037 2675 a
3068 2620 3189 2676 me?
3224 2618 3407 2688 Quare
3442 2637 3531 2677 se-

1956 2712 2193 2767 cundum
2242 2710 2493 2779 Aquilam
2541 2709 2740 2763 dicitur
2770 2729 2782 2763 :
2816 2710 3052 2781 Credidi
3086 2728 3166 2765 me
3214 2713 3533 2767 visurum-ia

1959 2799 2089 2852 bono
2118 2797 2330 2851 Domini
2348 2804 2375 2860 ,ί
2398 2797 2695 2875 secundum
2722 2813 2850 2852 vero
2883 2798 3267 2869 Symmachum
3298 2820 3311 2855 :
3341 2800 3533 2856 Crede-

1959 2892 2079 2946 bam
2108 2890 2278 2945 videre
2326 2889 2609 2945 bonitatem
2659 2889 2891 2945 Domini.
2928 2888 3035 2945 Sed
3077 2892 3281 2946 videbit
3312 2892 3530 2947 Domini

1965 2997 2173 3049 vultum
2215 3002 2269 3049 ct
2301 2993 2441 3049 bona
2486 2993 2731 3058 Domini,
2760 3007 2869 3047 non
2914 2992 2969 3046 in
3005 2994 3218 3047 terreno
3244 2992 3395 3056 loco,
3428 2992 3525 3047 sed

1965 3101 2140 3156 neque
2180 3086 2235 3140 in
2277 3096 2615 3141 mortuorum
2650 3086 2885 3156 regione,
2918 3084 3013 3140 sed
3054 3086 3110 3139 in
3151 3094 3293 3140 terra
3336 3085 3522 3140 viven-

1963 3178 2101 3232 tium
2129 3216 2144 3242 ,
2195 3192 2358 3246 quam
2405 3177 2679 3247 pollicitus
2734 3186 2833 3237 est.
2866 3176 3114 3232 Salvator
3160 3176 3244 3233 bis
3295 3176 3519 3239 verbis;

1963 3267 2115 3323 Beati
2145 3271 2316 3336 mites,
2349 3269 2595 3338 quoniam
2628 3270 2727 3338 ipsi
2753 3269 3089 3337 possidebunt
3120 3277 3313 3323 terram
3331 3266 3400 3328 “.

2419 3456 2548 3511 lPSl
2580 3453 2789 3510 DAVID
2848 3452 3062 3510 XXVII.

2033 3551 2195 3609 Vsus.
2232 3553 2283 3619 l,
2307 3551 2361 3604 2.
2403 3550 2484 3603 Ad
2521 3558 2588 3614 te,
2610 3547 2851 3612 Domine,
2895 3544 3159 3613 clamabo,
3196 3545 3337 3599 Deus
3363 3563 3525 3611 meus,

1963 3662 2026 3699 ne
2053 3644 2210 3698 sileas
2235 3660 2265 3695 a
2297 3660 2395 3705 me,
2422 3659 2483 3695 ne
2503 3641 2713 3712 quando
2742 3650 2916 3695 taceas
2947 3657 2979 3693 a
3005 3622 3167 3703 me,5t
3196 3640 3532 3694 assimilabor

1961 3730 2385 3787 descendentibus
2410 3732 2465 3783 in
2490 3730 2686 3784 lacum.
2720 3729 2917 3784 Eorum
2948 3738 3068 3799 Quae
3114 3728 3364 3797 superius
3393 3727 3533 3782 dixi-

1940 3842 2084 3879 ‘mus
2129 3825 2195 3879 de
2244 3825 2468 3894 psalmis
2492 3824 2583 3894 qui
2626 3824 2744 3879 sine
2768 3823 3141 3877 additamento
3173 3821 3389 3886 Davidi,
3418 3821 3533 3876 sive

1961 3910 2181 3964 Davidis
2222 3911 2617 3978 inscribuntur,
2646 3927 2754 3966 non
2788 3912 3155 3976 immemores,
3185 3912 3292 3967 illis
3322 3913 3375 3965 in
3396 3926 3535 3981 prte-

1962 4002 2099 4056 senti
2122 4001 2499 4069 traditionem,
2538 4019 2658 4075 qua:
2695 4003 2761 4057 ad
2800 4018 2901 4057 nos
2935 3998 3108 4073 usque
3135 4003 3403 4073 pervenit,
3436 4003 3533 4057 ad-

1957 4094 2209 4165 jiciemus
2235 4094 2333 4165 (l).
2368 4094 2457 4150 Sic
2507 4098 2660 4150 aiunt
2703 4098 2885 4166 itaque
2928 4094 3143 4159 ,Hebrazi
3190 4096 3257 4151 de
3306 4096 3532 4166 psalmis

1960 4186 2053 4255 qui
2086 4186 2247 4239 talem
2270 4185 2563 4256 pmferunt
2592 4187 3000 4257 inscriptionem
3023 4229 3036 4251 ,
3068 4196 3318 4258 Oportere
3342 4187 3407 4241 ad
3435 4203 3530 4241 su-

1960 4278 2205 4347 periores
2238 4294 2544 4343 recurrere,
2583 4288 2745 4349 atque
2796 4281 3105 4343 observare.
3133 4280 3354 4350 quinam
3388 4291 3534 4336 esset

1961 4369 2202 4436 psalmus
2234 4369 2326 4439 qui
2358 4369 2575 4441 praeiret
2606 4371 2727 4426 aliis
2751 4364 3235 4441 subsequentibus,
3268 4370 3381 4426 sive
3404 4371 3530 4424 nul-

1961 4458 2067 4513 lam
2110 4476 2334 4530 prorsus
2380 4462 2789 4531 inscriptionem
2833 4461 3151 4527 ferentibus,
3191 4463 3305 4519 sive
3338 4461 3533 4516 Davidi

1960 4552 2237 4618 inscriptis
2253 4592 2267 4615 ,
2293 4562 2452 4622 atque
2474 4561 2692 4622 accepta
2718 4553 2897 4608 abillo
2920 4556 3127 4624 psalmo
3154 4554 3529 4626 inscriptione,

294 4642 477 4704 θόντες
504 4639 564 4703 ἐξ
591 4637 799 4690 ἐκείνου
836 4635 934 4704 τὴν
972 4630 1312 4706 προγραφὴν,
1356 4635 1683 4706 ἐφαρμόζειν
1723 4637 1857 4706 αὐτῇ

1916 4661 1935 4713 )
1964 4646 2290 4700 sententiam
2322 4646 2771 4713 subsequentium
2802 4648 3137 4716 psalmorum
3172 4647 3277 4719 ipsi
3312 4662 3532 4703 accom-

296 4730 389 4783 καὶ
410 4730 517 4783 τῶν
541 4728 677 4799 μετὰ
697 4726 866 4779 ταῦτα
888 4724 1242 4794 συνημμένων
1266 4725 1364 4796 τὴν
1387 4724 1643 4781 διάνοιαν.
1679 4725 1735 4778 Ὀ
1763 4726 1859 4796 μὲν

294 4818 386 4877 οὖν
416 4819 553 4891 μετὰ
581 4822 789 4890 χεῖρας,
812 4818 892 4882 κζ’
912 4814 1007 4877 ῶν,
1038 4813 1239 4885 ταύτην
1261 4815 1373 4886 ἔχει
1396 4817 1493 4887 τὴν
1519 4818 1860 4892 προγραφὴν,
1884 4837 1895 4847 ·

297 4912 389 4983 καὶ
421 4913 450 4974 ό
483 4918 574 4975 κς¹
600 4911 694 4963 καὶ
725 4911 753 4961 ό
788 4916 865 4963 κε’
895 4907 990 4961 καὶ
1022 4908 1049 4959 ό
1078 4905 1184 4958 κδ’·
1214 4906 1327 4959 ἀλλ’
1360 4910 1388 4960 ό
1418 4914 1501 4977 κγ’
1525 4908 1763 4977 ψαλμὸς
1793 4906 1863 4981 ἦν

182 5036 185 5039 -
298 4998 379 5071 τῷ
399 5000 597 5063 Δαυῐδ,
648 5000 848 5069 ὁμοίως
884 5000 940 5052 δὲ
981 4998 1072 5051 καὶ
1116 4998 1143 5050 ό
1186 4997 1288 5051 κὸν.
1337 4998 1546 5051 Οὐκοῦν
1578 4998 1866 5053 ἀκόλουθόν

295 5090 434 5153 ἐστι,
464 5091 607 5144 κατά
624 5092 720 5163 τὴν
753 5090 1044 5162 Ἐὕραῖκὴν
1064 5089 1380 5161 παράδοσιν,
1402 5091 1501 5143 -καὶ
1520 5091 1641 5155 τοὺς
1664 5090 1859 5162 ἐφεξῆς

296 5182 504 5246 πάντας
531 5183 779 5253 ψαλμοὺς
803 5181 941 5237 εἶναι
970 5182 1388 5254 ὑπολαμϐάνειν,
1422 5182 1518 5246 ὼς,
1562 5182 1699 5236 κατὰ
1738 5183 1859 5236 τοῦ-

295 5286 383 5326 τον
414 5271 506 5323 τὸν
533 5270 711 5339 λόγον,
753 5274 847 5326 καὶ
871 5273 982 5326 κτὸν
1026 5272 1161 5343 μετά
1200 5274 1384 5342 χεῖρας
1430 5270 1674 5341 ἡγεῖσθαι
1724 5269 1858 5326 εἶναι

250 5428 253 5441 1
295 5362 526 5432 ψαλμὸν,
560 5363 879 5433 περιέχοντα
915 5363 1116 5433 δέησιν.
1348 5364 1353 5367 “

364 5452 532 5507 Τοῦτο
568 5452 679 5526 γᾲρ
720 5452 1045 5523 παρίστησιν
1087 5454 1249 5517 αὐτὸς
1289 5454 1489 5524 προῖὼν
1532 5458 1622 5508 καὶ
1662 5456 1853 5526 λέγων·

296 5544 677 5598 Εισὰκουσον
707 5540 815 5610 τῆς
854 5541 1057 5611 φωνῆς
1100 5543 1211 5611 τῆς
1256 5544 1516 5608 δεήσεως
1541 5564 1658 5615 μου
1688 5549 1757 5602 ἐν
1783 5549 1863 5616 τῷ

369 5700 414 5731 ⁸⁸
456 5698 645 5754 Matth.
672 5715 725 5767 ν,
761 5698 815 5753 4.

1916 4770 1919 4771 ν
1964 4736 2171 4789 modari
2204 4744 2474 4805 oportere.
2506 4733 2755 4792 Praesens
2783 4739 2965 4808 itaque
2994 4739 3235 4810 psalmus
3262 4740 3353 4809 qui
3383 4754 3531 4793 xxvu

1964 4831 2067 4886 est,
2102 4824 2260 4878 istaut
2306 4823 2467 4877 habet
2512 4825 2947 4895 inscriptionem,
2998 4828 3309 4897 pariterque
3360 4844 3488 4883 xxvt
3515 4871 3531 4894 ,

1964 4929 2070 4968 xxv
2096 4920 2151 4967 et
2180 4928 2309 4966 xxrv
2342 4932 2354 4967 :
2390 4904 2489 4968 sed
2518 4931 2651 4969 xxut
2683 4917 2920 4986 psalmus
2952 4926 3069 4972 erat
3100 4916 3295 4978 Davidi
3340 4916 3535 4973 inscri-

1967 5010 2111 5076 ptus.
2145 5004 2505 5076 similiterque
2532 5024 2670 5073 χχιι,
2702 5008 2843 5062 unde
2878 5008 3179 5065 secundum
3210 5007 3533 5066 Hebraicam

1964 5094 2310 5148 traditionem
2362 5111 2701 5166 consequens
2746 5103 2861 5160 est,
2912 5097 3151 5169 reliquos
3199 5114 3388 5164 omnes
3434 5116 3533 5170 pro

1966 5186 2189 5257 psalmis
2241 5185 2306 5240 ad
2363 5187 2607 5243 eamdem
2637 5186 2901 5242 raticnem
2938 5186 3268 5258 reputandos
3297 5203 3436 5250 esse.
3469 5204 3533 5245 ac

1968 5284 2288 5347 praesentem
2319 5279 2570 5339 similiter
2597 5279 2868 5353 psalmum
2915 5280 3341 5351 supplicationes
3382 5295 3533 5337 com-

1966 5368 2313 5437 plectentem.

2037 5460 2175 5522 Illud
2216 5478 2315 5531 per
2360 5472 2421 5523 se
2467 5464 2707 5521 declarat
2738 5465 2821 5526 vel
2859 5463 2974 5533 ipse
3018 5464 3284 5533 psalmus,
3312 5462 3441 5520 dum
3476 5466 3532 5521 in

1968 5552 2322 5621 sequentibus
2351 5556 2431 5610 sic
2458 5555 2620 5617 habet
2647 5575 2661 5611 :
2688 5554 2903 5637 Exaudi
2937 5560 3123 5612 vocem‘
3153 5556 3533 5625 deprecationis

369 5855 539 5940 (l)_ln
560 5854 1109 5940 opusculoOrigenis
1133 5873 1163 5912 a
1189 5857 1677 5940 nobis'propediem
1700 5859 1930 5931 edendo,
1966 5863 2110 5935 quod
2177 5861 2253 5931 ab
2274 5860 2911 5935 Hieronymolaudatur.
2952 5863 3066 5921 hac
3107 5829 3225 5935 ipsa
3274 5861 3524 5922 Hebraeo-

306 5940 419 5977 rum
456 5928 674 5982 traditio
702 5925 984 5984 all‘erturf
1032 5964 1033 5967 η
