4302 6404
777 535 882 589 247

1491 530 1756 587 EUSEBII
1793 530 2263 588 CESARIENSIS
2304 527 2453 585 OPP.
2496 526 2676 582 PARS
2716 525 2801 579 ΙΙΙ.
2842 557 2909 567 —-
2950 524 3355 580 EXEGETICA.

3905 524 4030 580 248

778 666 903 705 mea:
927 650 1050 703 dum
1072 666 1163 703 oro
1186 648 1253 701 ad
1287 657 1351 701 te.
1385 646 1558 714 Quam
1586 663 1719 703 vero
1746 655 1979 702 mentem
2005 645 2341 717 deprecatio-

2443 642 2679 704 δέεσθαι
2702 660 2777 713 με
2801 641 2949 709 πρὸς
2970 641 3061 693 σέ.
3089 640 3218 693 Τίνα
3246 640 3302 694 δὲ
3329 641 3568 695 διάνοιαν
3596 643 3840 713 περιέχει
3871 648 3905 695 ὀ
3927 643 4039 712 τῆς

776 744 862 797 nis
888 742 1055 798 series
1086 742 1356 811 ιιι-πίεται,
1384 757 1481 810 age
1510 747 1765 795 accurate
1786 739 2198 811 perpendamus.
2219 739 2345 793 Cla-

774 848 923 887 mare
948 847 1006 887 se
1027 832 1161 886 dicit
1185 832 1252 886 ad
1280 831 1585 898 Dominum,
1620 838 1782 901 atque
1807 831 1957 885 illum
1989 838 2046 884 ut
2068 830 2345 900 prOprium

773 925 876 979 sibi
918 923 1084 979 Deum
1112 925 1391 979 invocare.
1426 922 1507 977 Tu
1536 923 1703 987 enim,
1722 923 1817 987 ait,
1843 922 2099 994 dignatus
2124 938 2184 977 es
2215 937 2349 974 nun-

771 1016 957 1084 cupari
1007 996 1372 1081 Deus'meus,
1400 1022 1458 1068 ut
1490 1015 1904 1084 promissionem
1940 1014 2086 1067 illam
2140 1011 2348 1067 sanctis

772 1107 899 1162 viris
933 1106 1113 1160 datam
1145 1120 1419 1161 assereres
1448 1124 1461 1161 :
1503 1105 1567 1159 Et
1599 1123 1687 1160 ero
1712 1106 1925 1160 illorum
1957 1104 2125 1180 Deus,
2159 1111 2208 1155 et
2243 1102 2348 1169 ipsi

772 1204 923 1251 erunt
955 1192 1081 1245 mihi
1108 1190 1328 1259 populus
1356 1190 1442 1240 "‘.
1470 1188 1665 1258 Excipe
1698 1187 2108 1257 deprecationem
2142 1197 2332 1248 meam,

775 1298 823 1343 et
858 1305 921 1341 ne
961 1285 1116 1339 sileas
1159 1300 1191 1336 a
1219 1300 1318 1348 me,
1368 1281 1642 1353 nequando
1687 1292 1858 1334 taceas
1907 1296 1939 1331 a
1972 1294 2071 1343 me,
2117 1285 2167 1330 et
2196 1276 2335 1329 assi-

781 1378 1004 1433 mitobor
1044 1375 1467 1430 descendentibus
1510 1375 1562 1426 in
1612 1373 1804 1429 lacum.
1854 1371 1978 1427 Haec
2022 1371 2232 1426 dicebat
2280 1368 2334 1421 in

781 1468 1077 1525 certamine
1122 1467 1451 1523 constitutus
1497 1484 1511 1521 :
1554 1480 1622 1520 ne
1666 1464 1733 1521 iis
1781 1466 1871 1533 qui
1926 1472 2048 1533 post
2094 1461 2338 1517 mortalis

783 1560 1009 1629 hujusce
1042 1561 1165 1613 vitae
1203 1559 1408 1612 exitum
1454 1558 1509 1612 in
1554 1558 1746 1612 mortis
1779 1557 1954 1611 lacum
1985 1554 2337 1617 descendunt,

784 1652 975 1707 similis
1026 1652 1195 1705 ﬁeret.
1238 1648 1463 1710 Etiamsi
1516 1650 1660 1704 enim
1716 1650 1769 1703 in
1822 1647 2085 1717 superiori
2127 1645 2339 1716 psalmo

773 1735 969 1789 dixerit
1003 1754 1017 1790 :
1046 1734 1211 1790 Credo
1234 1736 1404 1789 videre
1437 1735 1571 1790 bona
1617 1735 1831 1789 Domini
1876 1739 1930 1790 in
1978 1747 2119 1791 terra
2170 1739 2343 1790 viven-

775 1829 985 1891 tium";
1005 1836 1239 1883 attamen
1271 1836 1331 1883 ut
1362 1828 1523 1883 homo
1548 1828 1725 1883 adhuc
1755 1845 1920 1884 carne
1944 1831 2340 1891 circumdatus.

773 1919 844 1972 ob
869 1920 989 1974 vita:
1019 1921 1350 1975 debilitatem
1382 1935 1445 1974 ac
1472 1920 1865 1974 volubilitatem
1897 1921 2227 1974 decertabat.
2258 1922 2344 1975 Si-

2447 736 2685 806 δεὴσεως
2712 735 2890 804 λόγος,
2914 734 3045 805 φέρε
3075 734 3512 804 κατανοήσωμεν.
3545 735 3682 806 Βοᾷν
3716 736 3849 805 φησι
3880 735 4040 806 πρὸς

2448 827 2667 898 Κύριον,
2697 824 3072 880 ἐπικαλεῖσθαί
3098 842 3153 878 τε
3193 824 3351 877 αὑτὸν
3410 824 3483 887 ὡς
3515 825 3642 879 ἴδιον
3668 824 3829 879 αὐτοῦ
3858 822 4033 879 Θεό-θ.

2448 921 2520 972 Σὺ
2552 920 2679 992 γὰρ,
2710 920 2893 991 φησὶν,
2922 919 2951 970 ὁ
2980 915 3321 980 καταξιώσας
3351 916 3484 987 ἐμὸς
3508 902 3837 987 χρηματίσαι
3860 916 4034 979 Θεὸς,

2447 1010 2568 1064 καθ’
2609 1013 2675 1081 ἢν
2710 1011 3062 1082 περιποιῆσαι
3108 1008 3245 1078 πρὸς
3287 1007 3413 1070 τοὺς
3455 1007 3641 1075 ἁγίους
3685 1008 4039 1075 ἐπαγγελίαν

2446 1102 2631 1156 εἰπών·
2666 1104 2771 1157 Καὶ
2799 1104 3010 1171 ἔσομαι
3035 1100 3231 1155 αὐτῶν
3253 1099 3416 1165 Θεὸς,
3444 1099 3543 1153 καὶ
3566 1100 3736 1160 animi
3770 1099 4039 1152 ἔσονταί

2439 1213 2542 1263 μοι
2573 1196 2737 1260 λαός.
2768 1193 3102 1262 Παράδεξαί
3121 1210 3239 1263 μου
3268 1191 3385 1259 τὴν
3408 1191 3638 1259 δέησιν.
3670 1190 3780 1244 Καὶ
3799 1190 3888 1259 μὴ
3921 1207 4037 1243 πα-

2438 1276 2837 1354 ρασιωπὴσῃς
2886 1284 2988 1339 ἀπ’
3032 1284 3199 1353 ἐμοῦ,
3256 1282 3491 1352 μήποτε
3539 1281 4037 1351 παρασιωπήσῃς

2443 1378 2545 1432 ἀπ’
2578 1376 2744 1446 ἐμοῦ,
2788 1375 2885 1431 καὶ
2925 1376 3359 1445 ὀμοιωθήσομαι
3392 1376 3518 1441 τοῖς
3553 1374 4039 1428 καταϐαίνουσιν
4090 1440 4099 1453 ι

2443 1472 2531 1533 εὶς
2567 1467 2813 1522 λάκκον.
2844 1468 3027 1521 Ταῦτα
3054 1467 3098 1519 δ’
3134 1466 3371 1536 ἔφασκεν
3400 1469 3457 1520 ὲν
3479 1467 3686 1538 ἀγωνίᾳ
3716 1465 4032 1529 καθεστώς·

2446 1561 2520 1630 μή
2558 1578 2630 1630 πη
2661 1560 2767 1630 ἄρα
2804 1562 2916 1622 τοῖς
2948 1559 3083 1630 μετὰ
3120 1558 3217 1629 τὴν
3252 1559 3507 1612 ἀνάλυσιν
3530 1559 3624 1613 τοῦ
3662 1558 3856 1630 Θνητοῦ
3902 1558 4031 1628 βίου

2442 1650 2856 1705 καταϐαίνουσιν
2879 1654 2957 1716 εἰς
2989 1651 3079 1704 τὸν
3106 1651 3199 1704 τοῦ
3230 1650 3457 1705 θανάτου
3487 1651 3686 1725 λάκκον
3708 1668 4029 1725 παρομοιω-

2443 1743 2580 1814 Οεὶη.
2630 1746 2692 1797 Ei
2724 1743 2833 1816 γάρ
2879 1744 2948 1796 τὰ
2997 1744 3229 1814 μάλιστα
3276 1745 3334 1797 ἐν
3379 1743 3455 1814 τῷ
3498 1744 3607 1816 πρὸ
3640 1744 3827 1797 τούτου
3862 1744 4029 1813 ἔλεγε

2439 1836 2655 1908 ψαλμῷ·
2705 1836 2973 1890 Πιστεύω
3000 1836 3104 1889 τοῦ
3123 1835 3270 1889 ἰδεῖν
3294 1836 3364 1890 τὰ
3386 1837 3576 1905 ἀγαθὰ
3606 1837 3826 1906 Κυρίου
3846 1838 3918 1890 ἐν
3940 1835 4029 1907 γῆ

2447 1927 2703 1989 ζώντων·
2748 1928 2861 1981 ἀλλ’
2890 1928 3040 1998 ὅμως
3080 1927 3156 1991 ὡς
3192 1928 3497 2001 ἄνθρωπος,
3540 1930 3619 1983 ἔτι
3656 1930 3832 2001 σάρκα
3862 1947 4032 2001 περι-

682 2174 685 2175 ν
774 2115 908 2156 cans
936 2101 1050 2171 ipse
1081 2104 1343 2172 reprobus
1372 2102 1788 2159 inveniretur“.
1822 2102 2022 2156 Lacum
2056 2112 2234 2157 autem
2257 2119 2346 2158 so-

777 2010 991 2079 quidem
1011 2020 1064 2066 et
1091 2013 1204 2081 ipse
1230 2011 1522 2081 Apostolus
1550 2012 1890 2079 decertabat,
1916 2028 1981 2066 ne
2004 2013 2125 2067 aliis
2149 2012 2344 2082 praedi-

2445 2021 2713 2090 κείμενος,
2744 1996 2953 2089 ἠγωνία
2982 2018 3068 2071 διὰ
3096 2020 3156 2071 τὸ
3178 1996 3375 2091 σαθρὸν
3407 2008 3500 2073 καὶ
3532 1996 3887 2092 εὐμετάῶλον
3915 1996 4023 2074 τοῦ

2446 2111 2581 2181 βίου.
2624 2112 2774 2165 Ἐπεὶ
2804 2112 2897 2164 καὶ
2920 2113 2949 2165 ὁ
2983 2111 3302 2174 ’Λπόστολος
3327 2112 3556 2181 ἠγωνία,
3587 2115 3803 2182 μήπως,
3836 2112 4031 2177 ἄλλοις

773 2193 887 2247 lent
916 2193 1083 2246 divini
1109 2193 1233 2247 libri
1267 2208 1578 2262 nuncupare
1601 2195 1904 2248 animarum
1926 2193 2263 2249 domicilium
2290 2197 2343 2250 in

2444 2200 2707 2271 κηρύξας,
2737 2200 2897 2263 αὐτὸς
2933 2200 3187 2271 άῷκιμος
3216 2199 3457 2270 γένηται.
3490 2198 3703 2253 Δάκκον
3730 2201 3786 2253 δὲ
3818 2200 4027 2254 εἰώθα-

774 2284 1010 2349 inferno,
1050 2294 1105 2337 ut
1154 2300 1349 2340 vocare
1399 2295 1819 2347 consueverunt.
1850 2286 2005 2353 Quod
2032 2289 2193 2342 etiam
2224 2288 2344 2358 ipse

2445 2308 2527 2343 σιν
2549 2294 2597 2343 οἱ
2620 2292 2751 2343 θεῖοι
2777 2292 2924 2359 λόγοι
2950 2292 3236 2361 ὀνομάζειν
3262 2292 3325 2344 τδ
3355 2290 3461 2344 τῶν
3486 2290 3673 2360 ψυχῶν
3700 2293 4024 2363 οἰκητήριον

774 2375 939 2429 David
974 2375 1232 2440 declarat,
1267 2376 1395 2431 dum
1434 2394 1542 2432 non
1577 2379 1736 2457 longe
1782 2377 1909 2431 hinc
1958 2378 2012 2432 in
2044 2394 2178 2431 nix
2206 2378 2343 2449 psal-

2443 2378 2503 2431 τὸ
2536 2381 2593 2432 ὲν
2630 2380 2708 2449 τῷ
2734 2380 3047 2451 καλουμένῳ
3243 2380 3273 2433 ὃ
3315 2380 3380 2451 δὴ
3422 2379 3749 2451 παρίστησιν
3790 2379 3953 2442 αὐτὸς
3994 2381 4027 2432 ὁ

775 2481 864 2520 mo
896 2467 1022 2521 talia
1054 2466 1195 2522 fatur
1223 2488 1236 2522 :
1273 2468 1493 2523 Domine
1541 2468 1681 2523 Deus
1713 2485 1878 2535 meus,
1901 2470 2124 2522 clamavi
2152 2469 2221 2521 ad
2274 2477 2340 2531 te.

2443 2467 2603 2521 Δαυῖδ
2628 2470 2727 2521 οὐκ
2749 2470 2825 2532 εἰς
2849 2458 3063 2541 μακρὰῆ
3091 2472 3148 2522 ὲν
3174 2468 3251 2541 τῷ
3272 2469 3351 2523 κθ⁰
3375 2468 3575 2540 ψαλμῷ
3608 2469 3802 2536 λέγων·
3838 2470 4023 2535 Κύριε

773 2569 824 2611 et
849 2559 1053 2613 sanasti
1083 2576 1203 2613 me:
1244 2560 1489 2623 Domine,
1517 2559 1746 2613 eduxisti
1780 2575 1843 2614 ea:
1873 2559 2076 2628 inferno
2108 2560 2343 2611 animam

2445 2554 2477 2607 ὁ
2507 2560 2649 2624 Θεός
2676 2577 2809 2624 μου,
2836 2559 3128 2631 ἐκέκραξα
3160 2561 3308 2629 πρὸς
3340 2562 3435 2627 σὲ,
3464 2562 3560 2615 καὶ
3596 2560 3743 2614 Ζάσω
3764 2577 3863 2630 με·
3892 2562 4022 2615 Κύ-

778 2665 985 2712 meam;
1029 2650 1248 2704 salvasti
1278 2667 1359 2704 me
1388 2667 1421 2703 a
1449 2650 1873 2705 descendentibus
1911 2651 1965 2703 in
2006 2650 2199 2704 lacum.
2253 2648 2344 2703 Vi-

2443 2667 2545 2716 ριε,
2567 2649 2861 2719 ἀνήγαγες
2880 2650 2949 2713 ἐξ
2972 2650 3118 2717 ᾅδου
3146 2651 3261 2720 τὴν
3286 2651 3495 2721 ψυχήν
3518 2668 3655 2721 μου·
3684 2650 3919 2717 ἐαωσὰς
3937 2668 4021 2721 με

772 2740 898 2795 den‘
927 2741 1198 2809 quomodo
1223 2741 1408 2797 eodem
1435 2741 1487 2795 in
1518 2742 1637 2796 loco
1666 2742 1936 2797 infernum
1954 2752 2007 2797 et
2031 2744 2206 2795 lacum
2239 2756 2338 2795 una

2443 2739 2558 2793 ἀπὸ
2593 2739 2709 2793 τῶν
2737 2741 3215 2793 καταϐαινόντων
3237 2743 3322 2806 εὶς
3354 2740 3604 2796 λάκκον.
3660 2742 3822 2813 Ὁρᾷς
3864 2741 4020 2804 ὅπως

774 2834 1089 2903 copulavit?
1133 2832 1238 2889 Sed
1268 2833 1322 2888 in
1354 2835 1859 2906 przesenti'quidem
1893 2836 2103 2905 psalmo
2136 2836 2339 2889 clamo-

772 2942 886 2982 rem
916 2926 983 2982 ad
1009 2926 1175 2981 Deum
1200 2928 1418 2987 emittit,
1449 2943 1647 2997 rogans
1672 2943 1779 2981 non
1804 2925 2095 2981 assimilari
2118 2926 2339 2983 descen-

774 3017 1024 3074 dentibus
1063 3020 1117 3073 in
1148 3019 1357 3085 lacum;
1399 3028 1455 3071 at
1494 3020 1549 3072 in
1582 3036 1723 3073 nono
1755 3027 1811 3072 et
1842 3019 2103 3088 vigesimo
2134 3019 2338 3072 oratio-

776 3126 899 3165 nem
931 3111 1032 3165 sibi
1081 3112 1219 3166 bene
1249 3110 1485 3165 cessisse
1526 3111 1872 3172 testiﬁcatur,
1904 3112 1983 3164 sic
2015 3108 2201 3164 aiens:
2231 3109 2338 3164 Do-

780 3203 937 3265 mine,
968 3202 1194 3256 clamavi
1233 3202 1301 3254 ad
1335 3212 1402 3265 te,
1435 3211 1485 3255 et
1530 3202 1735 3255 sanasti
1776 3217 1890 3265 me;
1935 3202 2152 3254 salvasti
2189 3219 2268 3255 me
2302 3220 2337 3259 α

2437 2832 2527 2884 τὸν
2555 2831 2688 2903 ᾅδην
2717 2835 2810 2884 καὶ
2842 2831 2931 2884 τὸν
2960 2830 3158 2885 λάκκον
3185 2832 3241 2884 ὲν
3280 2831 3466 2902 ταύτῷ
3494 2832 3581 2885 διὰ
3618 2832 3819 2886 τούτων
3846 2833 4017 2902 συνῆν

2436 2925 2570 2995 ψεν;
2601 2924 2737 2977 Ἀλλ’
2761 2926 2817 2976 ὲν
2844 2924 2941 2993 μὲν
2967 2922 3046 2995 τῷ
3073 2922 3210 2994 μετὰ
3230 2927 3417 2995 χεῖρας
3446 2924 3572 2995 βοὰς
3605 2924 3739 2996 πρὸς
3763 2924 3855 2977 τὸν
3878 2920 4021 2976 Θεὸν

2436 3018 2679 3087 ἀφίησιν,
2698 3016 3027 3088 παρακαλῶν
3047 3017 3121 3088 μὴ
3135 3017 3464 3087 ὁμοιωθῆναι
3478 3020 3587 3079 τοῖς
3602 3016 4021 3070 καταϐαίνουσιν

2436 3110 2515 3173 είς
2542 3108 2758 3161 λάκκον·
2779 3112 2837 3161 ὲν
2860 3108 2915 3160 δὲ
2935 3108 3010 3177 τῷ
3032 3108 3235 3178 ὲννάτῳ
3260 3109 3355 3161 καὶ
3380 3108 3605 3179 εἰκοστῷ
3624 3108 4018 3181 κατωρθῶσθαι

2436 3200 2584 3272 αὑτῷ
2606 3200 2673 3254 τὰ
2692 3201 2789 3269 τῆς
2816 3199 2981 3269 εὐχῆς
3001 3199 3238 3253 διδάσκει
3270 3199 3461 3267 λέγων·
3500 3202 3697 3270 Κύριε,
3723 3201 4020 3269 ἐκέκραξα

774 3293 1199 3347 descendentibus
1241 3293 1293 3345 in
1333 3293 1589 3346 lacum”.
1623 3291 1937 3362 Opportune
1978 3300 2155 3347 autem
2184 3294 2338 3351 lacus

2443 3298 2590 3362 πρὸς
2616 3291 2709 3355 σὲ,
2742 3292 3025 3351 ,καίδίάονω
3052 3309 3149 3361 με·
3182 3292 3423 3361 ἔσωσας
3445 3312 3521 3365 με
3546 3294 3661 3348 ἀπὸ
3690 3292 3809 3347 τῶν
3834 3310 4018 3347 κατα-

781 3386 981 3439 dicitur
1019 3385 1322 3438 animarum
1354 3386 1408 3439 in
1444 3385 1657 3440 inferno
1689 3386 2045 3440 domicilium.
2075 3384 2343 3451 Quemad—

779 3479 998 3532 modum
1048 3480 1190 3533 enim
1223 3480 1370 3533 lacus
1404 3480 1802 3549 receptaculum
1838 3490 1922 3534 est
1951 3492 2214 3552 aquarum
2250 3477 2345 3535 de-

777 3586 942 3639 super
970 3585 1033 3624 ac
1062 3585 1091 3625 e
1124 3570 1339 3625 sublimi
1375 3572 1515 3625 istuc
1547 3570 1933 3637 decidentium,
1965 3576 2045 3629 sic
2075 3580 2129 3628 et
2152 3573 2343 3628 mortis

774 3666 946 3733 regio,
982 3664 1069 3719 cui
1100 3679 1297 3717 nomen
1334 3663 1602 3725 infernus,
1641 3678 1733 3717 eas
1775 3680 1895 3737 qua:
1933 3682 1961 3719 a
1995 3668 2243 3737 supernis
2277 3682 2343 3721 ex

776 3756 1014 3809 humana
1044 3755 1153 3809 vita
1189 3756 1329 3809 istuc
1361 3755 1620 3809 decidunt
1652 3758 1863 3813 animas
1893 3759 2192 3829 excipiens,
2221 3758 2345 3829 jure

776 3846 927 3909 lacus
959 3847 1285 3915 appellatur.
1311 3844 1489 3918 Rogat
1510 3846 1692 3919 itaque
1717 3858 1775 3903 ut
1805 3865 1873 3903 ne
1896 3850 1950 3904 in
1985 3861 2343 3905 memoratum

777 3938 954 3988 lacum
986 3950 1090 3991 una
1127 3950 1250 3991 cum
1291 3941 1411 3993 aliis
1445 3936 1783 3994 detrahatur.
1819 3938 1883 3991 Et
1913 3939 2016 3993 hoc
2046 3956 2177 3996 sane
2210 3941 2343 3995 mihi

776 4034 1071 4097 continget,
1095 4029 1190 4093 ait,
1216 4030 1260 4084 si
1295 4031 1527 4099 reliquis
1552 4030 1864 4084 hominibus
1895 4032 2088 4087 similis
2118 4032 2343 4105 evadam

778 4122 869 4189 qui
912 4122 1010 4175 abs
1040 4128 1093 4174 te
1123 4135 1228 4174 non
1262 4122 1646 4182 exaudiuntur,
1677 4121 1820 4189 quod
1853 4129 1937 4175 est
1964 4124 2262 4178 aversionis
2293 4131 2347 4176 et

776 4212 885 4266 mlii
920 4213 995 4265 tui
1026 4211 1261 4281 signum.
1285 4209 1429 4263 Loco
1459 4219 1642 4264 autem
1680 4210 1864 4281 hujus,
1903 4229 1964 4265 ne
1995 4212 2150 4266 sileas
2182 4230 2215 4265 a
2242 4228 2343 4275 me,

779 4303 1156 4371 Symmachus,
1208 4318 1271 4355 ne
1310 4311 1485 4355 taceas
1516 4316 1583 4357 ea:
1618 4320 1716 4366 me,
1755 4304 1955 4371 habet;
2002 4320 2071 4358 ne
2112 4303 2250 4357 forte
2294 4314 2347 4357 te

773 4394 966 4462 procul
1008 4410 1093 4449 me
1138 4394 1475 4465 quiescente,
1522 4394 1718 4450 similis
1759 4396 1861 4450 sim
1891 4395 2344 4452 descendentibus

778 4485 831 4537 in
869 4486 1071 4540 lacum.

2442 3386 2763 3441 ὄαινόντων
2797 3388 2883 3450 εὶς
2911 3384 3163 3442 λάκκον.
3202 3385 3503 3459 Προσφυῶς
3535 3387 3591 3440 δὲ
3636 3386 3834 3450 λάκκος
3881 3387 4019 3439 ὠνό-

2445 3493 2646 3549 μασται
2684 3476 2751 3531 τὸ
2769 3479 2824 3532 ἐν
2854 3476 2931 3549 τῷ
2954 3479 3053 3550 ᾅδῃ
3076 3478 3184 3531 τῶν
3212 3477 3397 3548 ψυχῶν
3420 3478 3751 3549 οἰκητήριον.
3793 3478 3881 3541 Ὠς
3907 3478 4020 3550 γὰρ

2440 3571 2470 3622 ὁ
2503 3568 2701 3632 λάκκος
2734 3570 2937 3639 δοχεῖόν
2976 3572 3092 3623 ἐστι
3132 3571 3238 3623 τῶν
3260 3569 3483 3623 ν-άνωθεν
3518 3571 3609 3622 καὶ
3647 3568 3705 3634 ἐξ
3740 3568 3903 3639 ὕψους
3934 3571 4018 3633 εἰς

2442 3660 2600 3713 αὑτὸν
2634 3661 3090 3732 καταφερομένων
3122 3662 3345 3715 ὑδάτων·
3387 3661 3478 3713 τὸν
3505 3662 3665 3715 αὑτὸν
3696 3662 3894 3732 τρόπον
3921 3662 4018 3715 καὶ

2441 3752 2470 3803 ὁ
2498 3752 2590 3805 τοῦ
2621 3753 2851 3807 Θανάτου
2879 3754 3075 3823 χῶρος,
3104 3755 3133 3806 ὁ
3164 3752 3495 3824 καλούμενος
3522 3752 3653 3823 ᾅδης
3681 3752 3775 3816 τὰς
3810 3753 4017 3806 ἄνωθεν

2442 3845 2548 3898 ἀπὸ
2579 3845 2671 3898 τοῦ
2701 3844 2807 3897 τῶν
2835 3842 3138 3914 ἀνθρώπων
3178 3844 3293 3913 βίου
3328 3847 3407 3907 είς
3438 3844 3599 3896 αὑτὸν
3640 3844 4017 3913 καταφερομέ-

2443 3953 2537 3998 νας
2562 3936 2737 4007 ψυχάς
2770 3934 3180 4003 ὑποδεχόμενος,
3228 3934 3521 4005 προσφυῶς
3562 3934 3763 3996 λάκκος
3796 3935 4013 4005 ὠνόμα-

2446 4043 2587 4079 σται.
2644 4024 2960 4097 Παρακαλεῖ
3004 4025 3182 4077 τοίνυν
3227 4025 3300 4096 μὴ
3353 4026 3775 4097 συνελκπθῆναι
3809 4029 3887 4091 είς
3925 4028 4017 4083 τὸν

2444 4119 2806 4189 δεδηλωμένον
2832 4118 3053 4171 λάκκον.
3080 4117 3247 4171 Τοῦτο
3267 4117 3342 4181 δὲ,
3368 4118 3551 4187 φησιν,
3574 4118 3747 4181 ἔσται,
3766 4121 3813 4171 εί
3832 4120 4017 4190 ὅμοιος

2446 4210 2703 4279 γενοίμην
2727 4212 2841 4272 τοῖς
2861 4210 3064 4271 λοιποῖς
3088 4208 3393 4280 ἀνθρώποις
3421 4212 3531 4273 τοῖς
3562 4211 3636 4281 μὴ
3668 4212 4017 4282 είσακουομέ-

2444 4318 2555 4364 νοις
2578 4302 2681 4353 ὑπὸ
2702 4302 2813 4354 σοῦ·
2838 4302 2866 4353 ὃ
2889 4301 2952 4369 δὴ
2977 4303 3199 4371 σημεῖον
3222 4302 3475 4372 τυγχάνει
3494 4304 3593 4373 τῆς
3626 4305 3723 4374 σῆς
3752 4302 4019 4374 ἀποστρο-

2448 4394 2575 4463 φῆς.
2618 4395 2759 4446 Ἀντὶ
2784 4393 2839 4445 δὲ
2876 4393 2991 4445 τοῦ·
3028 4394 3124 4461 Μὴ
3158 4396 3631 4465 παρασιωπήσης
3658 4398 3759 4457 ἀπ’
3785 4398 3952 4467 ἐμοῦ,
3985 4400 4016 4450 ὁ

2448 4486 2762 4557 Σύμμαχος,
2780 4484 2865 4554 μὴ
2891 4485 3153 4556 σιγήσῃς
3177 4487 3244 4551 ἐξ
3267 4489 3432 4556 ἐμοῦ,
3458 4478 3607 4559 φησί’
3634 4492 3863 4561 μήποτε,
3889 4491 4014 4560 ἡσυ-

2447 4578 2710 4647 χάσαντός
2740 4594 2831 4629 σου
2858 4578 3055 4631 ἄποΘέν
3083 4596 3203 4649 μου,
3234 4580 3484 4651 ὁμοιωθῶ
3514 4585 3623 4646 τοῖς
3654 4582 4015 4637 καταϐαίνου-

2449 4683 2532 4719 σιν
2560 4671 2640 4732 είς
2663 4668 2881 4722 λάκκον.

848 4739 1013 4797 Vens.
1050 4745 1099 4799 5.
1142 4745 1405 4812 Quoniam
1435 4767 1536 4803 non
1569 4752 1939 4807 intel.’e.mcs..
1975 4776 2131 4821 υρωα
2162 4756 2339 4809 Domi-

2484 4759 2633 4810 ."Ott
2665 4760 2735 4823 οὐ
2768 4758 3044 4825 συνῆκαν
3069 4764 3155 4827 εὶς
3182 4763 3251 4815 τὰ
3278 4762 3421 4831 ἔργα
3449 4765 3688 4832 Κυρίου,
3716 4764 3813 4820 καὶ
3839 4766 3924 4829 είς
3943 4762 4017 4816 τὰ

780 4835 854 4898 ni,
886 4846 935 4890 et
968 4838 1019 4890 in
1051 4855 1207 4900 opera
1252 4857 1502 4894 manuum
1544 4842 1678 4911 ejus,
1710 4843 1946 4898 destrues
1981 4846 2124 4911 illos,
2158 4856 2207 4899 et
2236 4863 2339 4899 non

780 4928 1066 4999 cedi/icabis
1100 4949 1205 4988 eos.
1250 4930 1426 5004 Opera
1470 4935 1686 4990 Domini
1738 4937 1942 4992 dixeris
1998 4938 2338 4992 conditarum

780 5021 1023 5075 omnium
1060 5038 1239 5077 rerum
1281 5027 1666 5089 substantiam,
1702 5042 1865 5095 quam
1893 5044 1955 5081 ex
1985 5044 2093 5082 non
2123 5037 2344 5083 exstan-

784 5112 929 5168 tibus
971 5114 1038 5167 ad
1078 5116 1451 5171 exsistentiam
1497 5119 1721 5173 deduxit
1755 5120 2130 5173 universorum
2162 5120 2339 5190 opifex

783 5203 924 5259 Deus
955 5224 967 5258 :
996 5222 1157 5276 opera
1192 5219 1371 5263 autem
1405 5226 1662 5265 manuum
1692 5211 1833 5279 ejus.
1867 5226 2046 5264 rerum
2077 5211 2343 5266 factarum

782 5296 1322 5365 administrationem,
1354 5315 1460 5370 qua
1487 5303 1748 5372 prospicit
1775 5317 1837 5356 ac
1870 5301 2171 5369 dispensat,
2204 5303 2339 5357 Pro-

780 5390 1031 5446 Videntiaa
1064 5406 1174 5445 suae
1204 5394 1497 5448 virtutibus
1527 5410 1629 5449 ceu
1660 5395 1910 5450 manibus
1937 5395 2118 5447 omnia
2147 5396 2346 5466 guber-

784 5501 938 5539 ηεαδ.

866 5576 1020 5630 Vsus.
1051 5576 1105 5639 6,
1140 5576 1193 5629 7.
1238 5576 1548 5632 Benedictus
1590 5576 1750 5645 Deus,
1785 5578 2031 5649 quoniam
2070 5578 2337 5632 exaudivit

786 5684 956 5721 vocem
986 5668 1364 5737 deprecationis
1390 5686 1537 5724 meae.
1579 5668 1833 5724 Dominus
1874 5670 2087 5739 adjutor
2117 5687 2257 5724 meus
2292 5679 2341 5724 et

785 5768 1047 5831 protector
1072 5777 1251 5815 meus:
1280 5763 1333 5813 in
1367 5762 1477 5831 ipso
1511 5764 1736 5831 speravit
1762 5781 1851 5818 cor
1885 5780 2074 5830 meum,
2115 5773 2163 5818 et
2193 5764 2347 5834 adju-

2439 4850 2582 4916 ἔργα
2617 4848 2733 4902 τῶν
2765 4849 2979 4918 χειρῶν
3015 4853 3221 4915 αὺτοῦ,
3252 4853 3523 4919 καθε.1εῖς
3552 4855 3792 4920 αὐτοὺς,
3817 4852 4015 4919 καὶόὺ

2436 4937 2522 5005 μὴ
2559 4939 2971 5008 οἱκοδομήσεις
3005 4943 3243 5006 αὐτούς.
3296 4942 3471 5010 Ἔργα
3506 4941 3560 4995 δὲ
3605 4943 3812 5013 Κυρίου
3842 4940 4014 5005 εἴποις

2443 5028 2507 5082 ἂν
2546 5032 2643 5101 τὴν
2688 5031 2793 5083 τῶν
2824 5032 3063 5103 γενητῶν
3097 5035 3311 5088 πάντων
3345 5034 3659 5100 ὑπόστασιν,
3699 5035 3821 5087 καθ’
3850 5033 3917 5104 ἢν
3956 5035 4014 5101 ἐξ

2445 5122 2544 5173 οὐκ
2568 5122 2736 5174 ὄντων
2767 5125 2845 5185 είς
2890 5124 2950 5175 τὸ
2990 5120 3125 5177 εἶναι
3170 5126 3236 5177 τὰ
3277 5126 3451 5179 πάντα
3483 5128 3799 5197 παρήγαγεν
3840 5126 3867 5177 ὁ
3907 5126 4014 5178 τῶν

2449 5212 2661 5266 πάντων
2682 5214 2909 5285 ποιητὴς
2938 5216 3086 5279 Θεὸς·
3121 5216 3254 5287 ἔργα
3286 5217 3341 5269 δὲ
3366 5219 3563 5288 χειρῶν
3593 5216 3753 5271 αὐτοῦ
3783 5215 3879 5287 τὴν
3906 5217 4013 5270 τῶν

2447 5305 2750 5372 γενομένων
2793 5306 3075 5378 διοίκησιν,
3129 5308 3249 5361 καθ’
3299 5310 3365 5380 ἢν
3413 5314 3628 5381 προνοεί
3673 5311 3766 5364 καὶ
3818 5310 3991 5363 διέπει

2448 5394 2686 5467 ὡσπερεὶ
2725 5398 2879 5467 χερσῖ¹
2915 5400 3034 5459 ταῖς
3084 5400 3277 5452 ἑαυτοῦ
3322 5407 3705 5475 προνοητικαῖς
3753 5404 3991 5474 δυνάμεσ

2447 5484 2809 5558 διακυϐερνῶν
2837 5488 2904 5541 τὰ
2930 5490 3125 5542 πάντα.

2519 5579 2857 5647 Εὐλογητὸς
2898 5583 2930 5632 ό
2969 5581 3129 5647 Θεὸς,
3175 5583 3263 5639 ὅτι
3303 5590 3627 5657 είσήκο-ο·ε
3670 5588 3779 5656 τῆς
3808 5590 4007 5657 φωνῆς

2448 5670 2556 5739 τῆς
2579 5670 2842 5740 δεήσεώς
2872 5690 3007 5742 μου.
3054 5677 3267 5745 Κύριος
3304 5681 3531 5747 ,ϐοηθός
3555 5700 3673 5751 μου
3708 5680 3804 5734 καὶ
3832 5682 4010 5744 ὑπερ-

2447 5764 2754 5834 ασπιστὴς
2790 5783 2928 5835 μου·
2962 5765 3055 5818 ἐπ’
3083 5770 3240 5836 αὐτῷ
3270 5770 3533 5840 ἤλπισεν
3562 5774 3599 5840 ἡ
3638 5769 3845 5840 καρδία
3867 5786 3977 5839 μοι

858 5943 923 5975 ’ν
955 5947 1062 5995 Jer.
1097 5958 1191 6008 vn,
1217 5940 1303 5996 25.
1381 5940 1600 5998 "ipsal.
1642 5961 1787 6012 xxvi,
1822 5940 1906 5997 1'5.
1984 5942 2027 5974 ³³
2058 5941 2079 5997 ι
2106 5945 2231 6000 Cor.
2263 5960 2335 6010 Ix,

2448 5986 2461 6001 .
2545 5948 2589 5979 "
2616 5946 2754 6004 I‘sal.
2790 5964 2935 6016 των,
2963 5950 3012 6004 i.
