4302 6442
321 528 425 583 εις)

1478 526 1981 582 COMMENTARIA
2022 526 2086 581 ΙΝ
2128 526 2464 585 PSALMOS.

3475 534 3579 593 ‘250

322 641 419 696 καὶ
445 640 801 710 ἐϐοηθήθην.
837 641 946 694 Kal
975 639 1267 694 ἀνέθαλεν
1299 641 1336 709 ἡ
1367 639 1521 708 σάρξ
1546 658 1685 709 μου,
1718 638 1814 693 καὶ
1834 638 1902 692 ἐκ
1932 645 1977 702 Α
2008 650 2021 691 t

1878 657 1902 692 ιι
1932 645 1977 702 Α
2008 650 2089 693 tus
2127 657 2265 694 sum.
2308 638 2376 693 Et
2407 640 2645 707 reﬂoruit
2676 658 2799 695 caro
2834 661 2967 709 mea,
3001 655 3050 699 et
3076 662 3141 700 ex
3170 646 3436 702 voluntate
3466 665 3577 703 mea

320 734 649 805 θελήματος
668 752 789 802 μου
813 731 1328 803 ἐξομολογήσομαι
1354 730 1532 797 αὐτῷ.
1571 732 1628 784 'U
1660 730 1892 802 ἀψευδὴς

322 827 475 890 Θεὸς,
520 825 880 896 πιστούμενος
928 822 1123 878 ἑαυτοῦ
1173 824 1271 888 τὰς
1318 823 1673 894 ὑποσχέσεις,
1720 824 1787 876 δι’
1820 817 1893 875 ὧν

324 916 653 986 ἐπήγγελται
688 916 879 985 λέγων·
912 918 1035 970 Ἔτι
1070 916 1405 979 λαλοῦντός
1431 931 1545 967 σου
1572 913 1699 982 ἐρῶ·
1740 914 1893 968 Ἰδοὺ

324 1008 576 1077 πάρειμι·
607 1008 683 1071 ὡς
710 1009 876 1076 ἐγγὺς
905 1007 1075 1070 ἑστὼς
1103 1007 1209 1060 τῶν
1237 1004 1495 1077 καθαρῶς
1522 1006 1681 1057 αὐτὸν
1701 1008 1893 1059 ἐπικα-

322 1101 619 1171 λουμένων,
658 1100 753 1153 καὶ
794 1100 869 1163 ὡς
907 1101 968 1152 οὐ
1006 1100 1193 1171 πόρρω
1230 1098 1509 1168 τυγχάνων
1533 1099 1626 1149 τοῦ
1653 1096 1721 1150 τὰ
1752 1116 1893 1170 πρα-

320 1190 513 1260 χθέντα
564 1190 976 1264 [προλεχθέντα]
1038 1190 1347 1259 δεηθέντος,
1409 1191 1643 1260 ἐπήκοον
1704 1191 1894 1244 ἑαυτὸν

319 1284 560 1354 παρέσχε
592 1286 711 1347 ταῖς
756 1283 1164 1356 προλεχθείσαις
1199 1281 1517 1351 ἱκετηρίαις.
1563 1277 1674 1334 Εἴθ’
1707 1281 1893 1352 ὥσπερ

321 1378 541 1447 σημεῖον
587 1376 771 1431 δίδωσι
820 1378 908 1430 διὰ
956 1374 1047 1427 τοῦ
1096 1374 1432 1446 προφητικοῦ
1476 1374 1785 1443 πνεύματος
1825 1377 1889 1444 τῇ

318 1471 409 1525 τοῦ
431 1471 712 1541 δεηθέντος
730 1472 896 1541 ψυχῇ,
934 1469 1063 1539 περὶ
1098 1468 1190 1520 τοῦ
1224 1465 1572 1537 εἰσηκοῦσθαι
1603 1466 1793 1536 αὐτήν.
1830 1467 1893 1519 Ἠ

317 1564 393 1626 δὲ,
449 1563 868 1633 συναισθομένη,
921 1560 1243 1631 μεταϐάλλει
1299 1559 1397 1629 μὲν
1444 1557 1541 1621 τὰς
1590 1557 1892 1627 ίκετηρίους

319 1658 499 1726 φωνὰς
545 1658 626 1719 εἰς
666 1653 1035 1725 εὐχαριστίαν,
1082 1652 1377 1721 ἐγνωκέναι
1420 1651 1475 1703 δὲ
1516 1651 1765 1720 ὁμολογεῖ
1795 1651 1892 1721 τὴν

318 1746 615 1818 γενομένην
664 1745 799 1814 αὐτῇ
850 1741 1187 1814 εὐεργεσίαν·
1222 1742 1301 1795 διό
1336 1759 1515 1813 φησιν·
1547 1741 1891 1811 Εὐλογητὸς

320 1841 548 1907 Κύριος,
596 1836 685 1891 ὅτι
717 1835 1042 1904 εωήκουσε
1083 1833 1193 1903 τῆς
1232 1833 1435 1903 φωνῆς
1478 1830 1588 1903 τῆς
1629 1833 1929 1900 δεήσεως-

315 1946 447 1999 μου·
502 1930 719 1997 Κύριος
766 1929 994 1997 βοηθός
1012 1946 1130 1997 μου
1180 1929 1277 1981 καὶ
1324 1927 1714 1993 ὑπασπιστής
1748 1945 1887 1996 μου,

1998 730 2283 800 conﬁtebor
2327 733 2394 785 ei.
2446 730 2589 785 Deus
2632 732 2901 787 mendacii
2948 751 3165 806 expers,
3207 745 3264 791 ut
3306 740 3579 807 promissa

1999 837 2096 874 sua
2119 823 2401 889 conﬁrmet
2420 822 2506 876 his
2529 822 2711 878 verbis
2737 840 3019 893 expressa,
3055 828 3239 881 Adhuc
3262 836 3309 882 te
3341 818 3579 900 loquente

1997 911 2198 967 dicant:
2230 911 2361 965 Ecce
2392 911 2579 965 adsum
2610 914 2681 977 ⁸⁸,
2715 921 2899 983 utpote
2921 917 3012 985 qui
3045 934 3209 988 prope
3231 919 3303 972 sit
3326 921 3579 976 omnibus

1996 1003 2090 1070 qui
2116 1018 2173 1056 se
2200 1018 2336 1072 puro
2360 1003 2525 1058 corde
2550 1006 2832 1069 invocant,
2862 1014 3045 1061 etnon
3077 1010 3267 1078 procul
3293 1010 3365 1065 sit
3393 1026 3459 1064 eo
3482 1012 3575 1080 qui

1998 1110 2162 1164 supra
2197 1095 2342 1150 dicto
2376 1102 2483 1151 ritu
2518 1099 2823 1169 supplicat;
2850 1101 3148 1169 praemissis
3180 1104 3575 1173 deprecationi-

1997 1190 2099 1243 bus
2150 1204 2208 1244 se
2256 1192 2551 1260 protritium
2609 1192 2874 1245 exhibuit.
2909 1192 3115 1249 Deinde
3161 1211 3289 1251 vero
3322 1212 3417 1265 per
3442 1213 3572 1267 pro-

1995 1280 2268 1349 pheticum
2320 1283 2569 1351 spiritum
2624 1285 2955 1354 supplicanti
3002 1286 3197 1341 anima:
3229 1302 3327 1342 ceu
3361 1289 3573 1358 signum

1996 1372 2109 1437 dat,
2140 1390 2249 1443 quo
2281 1390 2338 1429 se
2368 1376 2681 1430 exauditam
2714 1377 2885 1433 fuisse
2919 1380 3148 1435 noverit.
3185 1378 3279 1433 llla
3310 1366 3437 1435 vero
3460 1381 3572 1436 haec

1996 1464 2461 1533 animadvertens,
2495 1469 2767 1539 supplices
2796 1485 2957 1524 voces
2989 1470 3041 1523 in
3070 1472 3369 1540 gratiarum
3402 1473 3571 1525 actio-

1994 1570 2117 1609 nem
2148 1558 2438 1621 convertit,
2486 1575 2548 1612 ac
2598 1560 2921 1614 beneﬁcium
2976 1561 3081 1616 sibi
3114 1563 3372 1615 collatum
3408 1577 3568 1633 agno-

1995 1662 2148 1701 scere
2173 1662 2232 1702 se
2256 1648 2565 1703 conﬁtetur.
2599 1650 2964 1714 Quamobrem
2998 1652 3096 1716 ait,
3124 1651 3438 1706 Benedictus
3462 1653 3570 1709 Do-

1995 1739 2191 1804 minus,
2241 1740 2489 1809 quoniam
2521 1740 2788 1794 exaudivit
2823 1758 2991 1793 vocem
3010 1741 3387 1810 deprecationis
3422 1761 3568 1800 metu.

1997 1830 2252 1885 Dominus
2303 1831 2517 1901 adjutor
2549 1848 2693 1885 meus
2746 1841 2793 1885 et
2839 1842 3103 1911 protector
3147 1850 3290 1887 meus
3323 1849 3341 1886 :
3373 1835 3428 1887 in
3458 1836 3571 1905 ipso

1997 1928 2221 1992 sperauit
2257 1941 2348 1979 cor
2377 1942 2568 1988 meum,
2600 1935 2648 1979 et
2676 1925 2891 1994 adjutus
2932 1942 3068 1979 sum.
3096 1923 3387 1982 ’Sentiebat
3425 1930 3569 1983 enim

315 2021 405 2075 ἐπ’
446 2019 606 2089 αὐτῷ
657 2020 923 2088 ἤλπισεν
974 2024 1013 2089 ἡ
1071 2020 1286 2089 καρδία
1326 2038 1470 2088 μου,
1511 2019 1608 2091 καὶ
1646 2018 1891 2086 ἐϐοηθή-
1923 2008 2014 2072 BC

1870 2050 1891 2059 —
1923 2008 1964 2062 Β
1994 2017 2271 2072 dexteram
2305 2016 2398 2073 Dei
2424 2025 2728 2088 porrectam
2759 2018 2883 2083 sibi,
2907 2019 3210 2088 patrocinio
3244 2027 3477 2083 esse,.ut
3506 2035 3569 2076 ne

313 2116 444 2180 θην.
480 2110 782 2182 Συνῄσθετο
810 2111 915 2185 γάρ
950 2112 1047 2182 τῆς
1080 2110 1257 2177 δεξιᾶς
1284 2109 1377 2163 τοῦ
1402 2109 1535 2163 Θεοῦ
1568 2110 1887 2183 ὲκταθείσης

316 2202 507 2275 μέχρις
540 2200 710 2273 αὐτῆς
742 2202 835 2257 καὶ
873 2201 1413 2274 ἀντιλαμϐανομένης
1454 2202 1623 2272 αὐτῆς
1657 2202 1792 2273 πρὸς
1830 2204 1891 2256 τὸ

316 2294 389 2366 μὴ
430 2293 862 2367 καθελκυσθῆναι
912 2295 992 2358 εἰς
1040 2294 1133 2346 τὸν
1173 2292 1482 2364 δηλωθέντα
1522 2293 1743 2349 λάκκον.
1802 2294 1890 2360 Ἐξ

314 2386 760 2459 ὑπερϐαλλούσης
800 2386 857 2439 δὲ
900 2388 1075 2459 χαρᾶς
1119 2388 1147 2440 ὁ
1184 2386 1467 2458 προφήτης
1497 2387 1557 2439 οὐ
1589 2388 1684 2459 τὴν
1714 2387 1888 2459 ψυχὴν

315 2479 495 2550 μόνον,
529 2479 665 2533 ἀλλὰ
693 2482 787 2533 καὶ
810 2480 908 2551 τὴν
927 2480 1105 2551 σάρκα
1128 2478 1291 2533 αὐτοῦ
1321 2480 1456 2549 φησὶ
1479 2479 1770 2550 γεγηθέναι
1795 2480 1890 2533 καὶ

313 2572 648 2627 ἁνανεῶσθαι
678 2572 767 2637 διὰ
793 2573 892 2643 τὴν
926 2571 1019 2624 καὶ
1058 2569 1206 2641 αὐτῷ
1234 2569 1443 2642 σώματι
1476 2571 1890 2643 ἐπηγγελμένην

313 2665 518 2737 ἀγαθὴν
542 2656 747 2719 ¹ἐλπίδα
780 2664 921 2718 κατὰ
949 2663 1046 2734 τὴν
1073 2661 1182 2715 τῶν
1216 2662 1426 2735 νεκρῶν
1464 2664 1781 2717 ἀνάστασιψ
1811 2662 1889 2716 διὸ

313 2756 566 2825 ἐπιλέγειο
603 2758 716 2810 Καὶ
777 2755 1074 2810 ἀνέθαλεν
1099 2755 1137 2822 ἡ
1165 2754 1322 2822 σάρξ
1350 2772 1502 2824 μου·
1546 2750 1627 2818 οἷς
1664 2757 1889 2808 ἐπισυν-

314 2845 484 2899 άπτει·
504 2846 612 2899 Καὶ
627 2846 696 2899 ἐκ
711 2844 853 2912 θελή
853 2844 1040 2913 ματός
1046 2860 1163 2913 μου
1174 2842 1682 2912 ἐξομολογήσομαι
1707 2842 1886 2908 αὐτῷ·

313 2940 443 3010 ὅπερ
462 2939 646 3010 ὅμοιον
673 2932 810 2990 εἶναί
833 2954 920 3007 μοι
939 2936 1085 2989 δοκεί
1110 2935 1206 3006 τῷ·
1250 2935 1569 2999 Ἑκουσίως
1587 2934 1749 2987 θύσω
1766 2950 1883 2987 σοι.

320 3032 462 3086 Ἀντὶ
502 3029 559 3083 δὲ
601 3027 718 3095 τοῦ,
765 3028 863 3082 καὶ
903 3027 1198 3082 art-fllast
1242 3029 1280 3096 ἡ
1328 3025 1485 3095 σάρξ
1538 3042 1677 3094 μου,
1718 3026 1747 3078 ὁ
1788 3025 1887 3094 μὲν

313 3124 623 3195 Σύμμαχος,
690 3122 971 3190 ἄνθησαι,
1020 3122 1203 3192 φησὶν,
1250 3122 1289 3189 ἢ
1334 3118 1545 3188 καρδία
1589 3133 1736 3187 μου·
1768 3118 1794 3170 ὲ
1827 3117 1886 3171 δὲ

320 3215 563 3279 Ἀκύλας,
600 3213 993 3286 ἐγαυριάσατο
1024 3216 1061 3282 ἡ
1104 3212 1319 3282 καρδία
1371 3230 1491 3281 μου
1510 3228 1522 3241 ·
1553 3212 1581 3263 ὁ
1608 3210 1664 3262 δὲ
1696 3208 1884 3264 Θεοδο-

318 3309 460 3374 ιῐων,
498 3309 597 3363 καὶ
641 3307 935 3363 ἀνέθαλεν
976 3309 1013 3376 ’ἠ
1061 3306 1274 3375 καρδία
1310 3322 1460 3375 μου·
1497 3306 1531 3375 ἡ
1565 3304 1623 3357 δὲ
1657 3303 1885 3375 πέμπτη

312 3399 534 3466 έκδοσις,
574 3401 903 3470 ἐκρατύνθη
960 3401 999 3468 ἡ
1032 3398 1244 3467 καρδία
1265 3416 1404 3467 μου.
1437 3396 1548 3450 Καὶ
1579 3396 1738 3450 πάλιν
1767 3398 1886 3450 ἀντι

1995 2110 2048 2164 in
2080 2118 2439 2166 memoratum
2467 2112 2644 2164 lacum
2671 2109 3075 2165 detruderetur.
3102 2110 3177 2164 Ex
3204 2112 3385 2181 gaudii
3407 2127 3571 2181 porro

1992 2200 2331 2257 vehementia
2349 2201 2621 2271 Propheta
2644 2217 2752 2256 non
2777 2203 3011 2255 animam
3032 2210 3266 2269 tantum,
3292 2203 3386 2258 sed
3407 2204 3570 2259 etiam

1992 2306 2207 2346 carnem
2241 2307 2394 2345 suam
2426 2292 2667 2361 gavisam
2708 2301 2763 2347 et
2792 2300 3108 2346 renovatam
3151 2309 3275 2349 esse
3310 2296 3568 2351 testiﬁca-

1992 2395 2101 2449 tur,
2134 2384 2205 2438 ob
2242 2399 2395 2454 spem
2436 2384 2583 2437 illam
2625 2385 2824 2439 bonam
2858 2384 2941 2439 vel
2991 2384 3092 2453 ipsi
3142 2388 3361 2461 corpori
3395 2388 3452 2441 in
3482 2403 3566 2442 re-

1992 2478 2337 2532 surrectione
2388 2484 2731 2531 mortuorum
2786 2476 3032 2544 factam;
3065 2494 3235 2547 quare
3265 2478 3473 2543 subdit,
3517 2490 3567 2534 et

1992 2570 2229 2638 reﬂoruit
2264 2586 2389 2624 caro
2418 2587 2533 2623 mea
2564 2586 2581 2623 :
2616 2570 2813 2641 quibus
2846 2579 2900 2626 et
2925 2570 3194 2641 adjunxit,
3218 2580 3267 2626 et
3290 2587 3356 2625 ex
3383 2572 3567 2625 volun-

1993 2673 2097 2717 tate
2132 2680 2247 2717 mea
2284 2646 2571 2733 conﬁtebor
2602 2664 2672 2718 ei.
2710 2662 2867 2729 Quod
2913 2665 3046 2718 mihi
3098 2680 3356 2736 perquam
3391 2665 3567 2720 simile

1991 2754 2206 2808 videtur
2245 2753 2373 2808 huic
2407 2773 2420 2808 :
2464 2754 2771 2809 Voluntarie
2819 2756 3133 2825 sacriﬁcabo
3166 2757 3280 2821 tibi
3301 2757 3368 2812 ⁸τ.
3423 2756 3567 2813 Loco

1990 2855 2172 2899 autem
2206 2845 2337 2898 dicti
2380 2846 2550 2911 illius,
2600 2856 2649 2899 et
2685 2847 2926 2915 reﬂoruit
2972 2866 3096 2901 caro
3144 2865 3278 2916 mea,
3322 2850 3567 2920 Symma-

1987 2937 2145 2999 chus,
2176 2937 2450 3007 efﬂoresce,
2482 2938 2679 3009 inquit,
2712 2956 2802 2993 cor
2826 2956 3027 3005 meum;
3050 2942 3243 3011 Aquila
3277 2956 3427 3008 vero,
3452 2941 3567 3011 glo-

1987 3030 2184 3083 riatum
2206 3038 2283 3083 est
2332 3047 2422 3083 cor
2472 3047 2673 3095 meum;
2727 3030 3048 3096 Theodozio,
3092 3042 3141 3086 et
3184 3032 3421 3101 reﬂoruit
3466 3050 3561 3086 cor

1988 3138 2189 3185 meum;
2227 3121 2428 3192 quinta
2452 3122 2639 3187 editio,
2666 3124 2973 3177 roboratum
2999 3135 3072 3178 est
3096 3142 3185 3179 cor
3209 3142 3397 3179 meum.
3428 3123 3565 3179 Rur-

1988 3230 2218 3285 sumque
2248 3215 2397 3269 illius
2427 3216 2567 3287 loco,
2608 3232 2673 3269 ex
2705 3217 2970 3271 voluntate
3012 3234 3126 3271 mea
3164 3216 3446 3287 conﬁtebor
3473 3217 3556 3281 ei,

1990 3306 2372 3378 Symmachus,
2409 3309 2463 3361 in
2492 3310 2714 3361 canticis
2750 3311 2876 3363 meis
2908 3309 3179 3363 celebrabo
3211 3310 3403 3379 ipsum,
3444 3309 3561 3364 edi-

1912 3369 1954 3425 C
1989 3369 2102 3463 dit;
2134 3397 2329 3466 Aquila
2362 3413 2511 3461 vero,
2546 3406 2596 3452 et
2628 3416 2658 3451 a
2685 3401 2892 3454 cantico
2930 3417 3041 3454 meo
3071 3369 3358 3471 conﬁtebor
3386 3402 3453 3454 ei.

314 3494 422 3575 τοῦ,
470 3496 538 3550 ἐκ
582 3495 914 3564 θελήματος
950 3512 1069 3563 μου
1108 3490 1629 3562 ἐξομολογήσομαι
1697 3492 1877 3558 αὐτῷ,
1936 3493 1963 3544 ὁ
2001 3494 2098 3564 μὲν
2127 3494 2439 3565 Σύμμαχοςο
2473 3494 2582 3548 Καὶ
2612 3496 2680 3547 ἐν
2714 3496 2891 3561 ᾠδαῖς
2926 3514 3045 3566 μου
3070 3496 3322 3567 ὑμνήσω
3354 3496 3559 3562 αὑτὸν,

313 3586 587 3652 ὲξέδωκεψ
608 3588 645 3645 ’ὁ
670 3587 725 3640 δὲ
766 3585 1025 3649 Ἀκύλας,
1052 3585 1150 3639 καί
1177 3583 1295 3638 ἀπὸ
1324 3583 1589 3651 ᾅσματός
1610 3602 1728 3652 μου
1752 3585 2267 3657 ἑξομολογήσομαι
2297 3585 2475 3652 αὐτῷ.

374 3679 590 3745 Κύριος
626 3676 964 3745 κραταίωμα
994 3675 1100 3730 τοῦ
1138 3674 1292 3730 λαοῦ
1325 3676 1533 3740 αὑτοῦ,
1565 3676 1661 3730 καὶ
1702 3678 1897 3744 ὑπερ-·

313 3770 612 3839 ασπιστὴς
633 3769 751 3824 τῶν
776 3770 1082 3838 σωτηρίων
1106 3770 1212 3824 τοῦ
1240 3770 1498 3838 Χριστοῦ
1526 3770 1711 3824 αὑτοῦ
1731 3772 1879 3825 ἐστι.

313 3864 503 3936 Σαφῶς
530 3850 623 3918 οὖν
645 3866 702 3918 ὲν
728 3863 939 3927 τούτοις
957 3863 1051 3917 τοῦ
1080 3862 1317 3936 Χριστοῦ
1350 3864 1446 3918 καὶ
1469 3862 1576 3915 τῶν
1608 3863 1698 3917 ὑπ’
1719 3864 1882 3918 αὐτοῦ

313 3958 633 4029 σωζομένων
666 3956 1071 4029 ἐμνημόνευσεν
1100 3959 1133 4027 ἡ
1158 3955 1489 4028 προφητεία,
1527 3955 1798 4027 εὐκαίρως
1826 3956 1885 4021 ἐξ

313 4051 427 4115 ἑνὸς
450 4050 545 4104 τοῦ
578 4050 737 4103 Δαυῒδ
765 4050 892 4113 τοὺς
922 4049 1130 4112 πάντας
1169 4046 1641 4119 χαρακτηρίσασα.
1675 4048 1883 4121 ’Ὠσπερ

312 4143 441 4214 γὰρ,
479 4143 663 4213 φησὶν,
702 4144 907 4195 ἐκεῖνον
938 4141 1196 4212 δεηθέντα
1222 4139 1444 4203 ἔσωσεν,
1472 4138 1663 4204 οὕτως,
1698 4142 1881 4211 φησὶν,

314 4235 406 4289 καὶ
436 4233 633 4297 παντὸς
658 4233 753 4287 τοῦ
790 4234 920 4287 ἰδίου
950 4232 1081 4287 λαοῦ
1112 4231 1438 4303 κραταίωμα
1460 4230 1631 4284 ἔσται.

381 4324 592 4378 Σῶσον
618 4323 724 4378 τὸν
755 4328 906 4380 λαόν
934 4341 1069 4387 σου,
1101 4322 1199 4375 καὶ
1228 4322 1568 4392 εὐλόγησΟν
1598 4322 1713 4392 τὴν
1738 4328 1886 4393 κλη-

314 4414 596 4484 ρονομίαν
615 4431 750 4477 σου,
775 4416 871 4469 καὶ
888 4415 991 4467 ποί
986 4428 1181 4482 μανον
1194 4412 1414 4478 αὐτοὺς
1428 4412 1526 4466 καὶ
1542 4412 1766 4483 ἕπαρον
1782 4417 1889 4468 αὐ.

312 4505 453 4572 τοὺς
473 4504 582 4570 ἕως
600 4505 705 4559 τοῦ
728 4504 963 4571 αἰῶνος.
983 4501 1117 4555 Ποία
1132 4501 1190 4556 δὲ
1204 4498 1297 4556 τοῦ
1315 4502 1551 4574 Χριστοῦ
1571 4506 1604 4574 ἡ
1628 4505 1728 4575 κλη
1738 4522 1886 4575 ρονο-

319 4598 412 4669 μία
457 4595 724 4650 δείκνυται
764 4598 823 4650 ὲν
853 4594 933 4665 τῷ
959 4594 1195 4665 δευτέρῳ
1210 4593 1408 4668 ψαλμῷ
1428 4614 1440 4626 ·
1477 4596 1730 4664 Αἵτησαι
1753 4596 1881 4667 γὰρ,

316 4689 495 4759 φησιν,
510 4690 607 4743 καὶ
628 4688 913 4755 δώσω-σοι
924 4685 1067 4754 ἔθνη
1084 4686 1197 4755 τὴν
1217 4689 1624 4758 κληρονομίαν
1645 4687 1884 4753 σου,καὶ

316 4781 429 4848 τὴν
448 4781 819 4851 κατάσχεσιν
849 4794 965 4833 σου
998 4779 1071 4833 τὰ
1100 4780 1327 4847 πέρατα
1347 4781 1457 4851 τῆς
1468 4781 1599 4851 γῆς.
1624 4782 1736 4834 Οὐκ
1748 4779 1813 4833 ἂν
1830 4779 1885 4832 δὲ

278 4856 279 4859 η
317 4873 578 4945 ἁμάρτοις
607 4874 701 4927 καὶ
732 4873 857 4935 τοὺς
889 4872 947 4924 ὲν
976 4870 1056 4941 τῷ
1087 4873 1336 4945 προτέρῳ
1364 4873 1478 4945 λαῷ
1509 4871 1771 4943 θεοφιλεῖς
1790 4873 1884 4925 καὶ

2062 3679 2227 3735 Vens.
2258 3679 2312 3734 8.
2344 3680 2599 3734 Dominus
2631 3677 2889 3749 fortitudo
2919 3678 3083 3747 plebis
3120 3696 3253 3746 suag,
3293 3694 3343 3733 et
3381 3693 3559 3750 prote-

1989 3782 2102 3825 ctor
2131 3773 2485 3827 salvationum
2523 3770 2722 3824 Christi
2751 3771 2834 3824 sui
2862 3782 2960 3824 est.
2992 3769 3090 3825 llic
3116 3783 3300 3842 aperte
3326 3775 3560 3844 prophe-

1990 3866 2061 3918 tia
2094 3864 2370 3937 Christum
2401 3870 2455 3917 et
2491 3876 2586 3917 eos
2613 3862 2707 3931 qui
2738 3863 2885 3917 illius
2917 3878 3018 3933 ope
3049 3862 3281 3918 salutem
3312 3865 3560 3923 obtinent

1990 3957 2328 4019 memoravit,
2360 3963 2774 4026 opportuneque
2813 3972 2909 4026 per
2953 3972 3119 4011 unum
3152 3956 3406 4013 Davidem
3438 3962 3560 4015 uni-

1986 4066 2175 4107 versos
2223 4048 2496 4117 exprimit.
2548 4047 2702 4103 Sicut
2740 4049 2906 4111 enim,
2950 4050 3146 4120 inquit,
3178 4050 3557 4120 deprecantem

1987 4146 2163 4214 ipsum
2210 4142 2464 4204 servavit,
2500 4142 2577 4194 ita
2616 4146 2782 4196 totius
2815 4142 2921 4196 sibi
2954 4143 3155 4213 proprii
3185 4144 3370 4213 populi
3405 4143 3558 4199 forti-

1988 4236 2119 4290 tudo
2147 4234 2272 4289 erit.
2752 4258 2756 4263 ·
2923 4231 2927 4235 ’

2056 4326 2221 4383 Vens.
2254 4325 2305 4380 9.
2356 4325 2572 4381 Salvum
2616 4324 2702 4394 fac
2748 4325 2998 4395 populum
3035 4336 3204 4389 tuum,
3257 4336 3306 4381 et
3341 4327 3535 4381 benedi.

1986 4417 2283 4471 hmreditati
2314 4427 2437 4480 tum,
2469 4426 2517 4469 et
2543 4433 2696 4486 pasce
2722 4433 2810 4469 eos
2844 4425 2893 4469 et
2916 4416 3108 4469 extolle
3141 4416 3261 4469 illos
3293 4432 3456 4485 usque
3499 4418 3551 4470 it

1985 4522 2259 4566 internum.
2286 4509 2543 4577 Quaenam
2576 4511 2648 4563 sit
2675 4506 2876 4562 Christi
2909 4506 3197 4561 hazreditas
3227 4508 3282 4561 in
3311 4508 3538 4564 secundi

1988 4603 2196 4674 psalmo
2238 4603 2574 4675 declaratur;
2609 4613 2755 4661 naui,
2802 4596 3027 4650 Postula
3068 4614 3101 4652 a
3136 4608 3257 4660 me,‘
3281 4600 3476 4670 inquit,
3502 4612 3549 4655 et

1985 4695 2121 4751 dabo
2153 4695 2247 4750 tibi
2293 4703 2465 4766 gentes
2498 4689 2854 4746 ltwreditatem
2892 4698 3058 4753 tuam,
3096 4701 3145 4745 et
3176 4695 3549 4760 possessionem

1987 4799 2134 4843 tuam
2184 4788 2430 4843 terminos
2480 4793 2633 4842 terra:
2654 4782 2718 4836 ⁸⁸.
2758 4781 2942 4852 Neque
2971 4798 2999 4837 a
3029 4785 3549 4849 veroaberraveris,

1986 4880 2035 4935 si
2066 4880 2351 4953 religiosos
2383 4877 2505 4943 illos
2533 4876 2587 4929 i'n
2620 4874 2787 4945 priori
2812 4874 3018 4946 populo
3042 4876 3210 4939 Viros,
3235 4874 3549 4944 prophetas,

317 4967 594 5037 προφήτας
630 4954 724 5018 καὶ
757 4963 997 5027 δικαίους
1033 4962 1231 5033 ἄνδρας
1267 4966 1369 5036 τῆς
1400 4966 1494 5021 τοῦ
1528 4964 1761 5038 Χριστοῦ
1789 4983 1883 5034 γε-
1914 4969 1957 5023 D
1984 4986 2014 5025 e

1857 4997 1883 5006 -
1914 4969 1957 5023 D
1984 4980 2040 5025 et
2067 4971 2269 5040 justos,
2302 4967 2369 5022 ad
2402 4966 2606 5022 Christi
2644 4966 3009 5022 hazreditatem
3040 4965 3370 5034 pertinuisse
3399 4962 3552 5029 di—xe—

317 5056 528 5123 γονέναι
567 5054 928 5128 κληρονομίας
964 5054 1151 5117 εἰπὼν,
1187 5058 1281 5109 καὶ
1315 5058 1422 5114 τῶν
1452 5060 1755 5127 σωτηρίων
1787 5061 1884 5112 αύ-

316 5142 408 5197 τοῦ
460 5145 874 5217 μετεσχηκέναι.
903 5144 1036 5199 Οὐδὲ
1059 5145 1167 5217 γὰρ
1194 5147 1261 5200 τὰ
1296 5148 1473 5221 πλήθη
1499 5151 1592 5204 καὶ
1611 5150 1735 5212 τοὺς
1756 5150 1885 5203 ἀνα-

318 5236 442 5303 ξίως
475 5240 885 5311 παραϐαλόντας
914 5242 979 5311 τῇ
1019 5239 1312 5311 Ἐκκλησία
1339 5242 1433 5296 τοῦ
1459 5242 1593 5296 Θεοῦ
1621 5244 1883 5314 προσήκει

316 5330 440 5384 λαὸν
473 5332 793 5401 ἀποφαίνειν
825 5330 1013 5396 αὑτοῦ,
1046 5330 1160 5384 ἀλλ’
1197 5332 1229 5402 ἢ
1264 5333 1440 5402 μόνως
1472 5334 1596 5397 τοὺς
1627 5334 1885 5405 ἀρεσκόν-

316 5438 423 5487 τως
451 5422 597 5493 αὑτῷ
631 5421 898 5493 βιοῦντας,
942 5424 1069 5492 περὶ
1100 5416 1176 5477 ὧν
1212 5423 1354 5478 εἴποι
1395 5426 1489 5481 ἄν·
1519 5426 1629 5479 Καὶ
1668 5426 1880 5498 ἔσομαι

317 5511 513 5569 αὐτῶν
537 5512 709 5579 θεὸς,
752 5512 850 5565 καὶ
881 5512 1048 5566 αὐτοὶ
1080 5514 1327 5568 ἔσονταί
1348 5533 1450 5584 μοι
1478 5518 1645 5581 λαός.
1670 5544 1736 5555 —
1771 5519 1881 5572 Kal

319 5605 613 5675 ποίμανον
654 5604 912 5671 αὐτοὺς,
952 5604 1048 5657 καὶ
1092 5605 1319 5674 ἔπαρον
1361 5608 1470 5675 ἕως
1504 5608 1608 5662 τοῦ
1646 5608 1878 5677 αἰῶνος.

321 5696 598 5767 Ποιμαίνει
618 5696 675 5751 δὲ
695 5697 889 5760 αὐτοὺς
914 5694 1166 5760 ἐνταῦθα,
1191 5699 1287 5768 τὴν
1315 5697 1489 5769 ψυχὴν
1526 5699 1690 5752 αὐτοῦ
1712 5699 1879 5765 τιθεὶς

323 5787 460 5860 ὑπὲρ
488 5786 687 5855 αὐτῶν,
716 5790 790 5853 ὦς
818 5774 980 5860 φησιν
1000 5787 1467 5858 -ὲνἙύαγγελίοις-
1515 5791 1566 5843 Ὁ
1599 5792 1819 5862 ποιμὴν
1847 5796 1880 5846 ό

1984 5064 2081 5127 ris,
2109 5070 2270 5129 atque
2300 5059 2654 5113 salvationum
2681 5059 2802 5129 ejus
2826 5055 3118 5127 participes
3145 5054 3333 5111 fuisse.
3365 5055 3551 5128 Neque

1983 5151 2386 5208 multitudinem
2432 5152 2637 5223 populi,
2688 5167 2750 5205 ac
2781 5164 2875 5205 eos
2911 5149 3003 5219 qui
3036 5148 3260 5220 indigne
3292 5148 3553 5206 Ecclesiae

1981 5245 2077 5300 Dei
2128 5243 2819 5324 accesserunthpopulum
2873 5243 2996 5312 ejus
3027 5242 3405 5313 .pronuntiare
3455 5257 3555 5311 par

1982 5338 2112 5400 fuit;
2144 5336 2235 5392 sed
2270 5337 2446 5393 solum
2481 5353 2577 5393 eos
2619 5336 2707 5406 qui
2758 5336 2863 5411 ipsi
2899 5336 3182 5407 probatam
3200 5341 3267 5410 “et
3297 5332 3551 5402 placitam

1981 5429 2147 5483 vitam
2188 5426 2485 5491 duxerunt,
2510 5429 2578 5485 de
2604 5428 2807 5499 quibus
2841 5428 2959 5498 ipse
2989 5426 3187 5483 dixerit
3220 5443 3233 5480 :
3270 5422 3380 5478 Ero
3425 5423 3550 5478 illo-

1986 5540 2101 5577 rum
2117 5521 2279 5586 Deus,
2299 5532 2346 5576 et
2372 5522 2471 5590 ipsi
2493 5530 2647 5577 erunt
2658 5520 2783 5575 mihi
2797 5522 3021 5592 populus
3039 5521 3181 5575 ".——
3196 5516 3265 5571 Et
3285 5533 3545 5585 pasceeos

1988 5625 2036 5670 et
2058 5614 2250 5669 extollo
2280 5614 2402 5669 illos
2434 5630 2595 5684 usque
2632 5616 2687 5667 in
2716 5624 2986 5669 externum.
3021 5611 3119 5665 Hic
3150 5618 3330 5665 autem
3373 5610 3554 5679 pascit

1985 5706 2128 5768 illos,
2150 5704 2243 5774 qui
2270 5705 2509 5779 animam
2542 5718 2696 5761 suam
2732 5720 2831 5775 pro
2857 5705 2923 5760 iis
2950 5702 3152 5775 posuit,
3193 5710 3252 5755 ut
3281 5701 3337 5755 in
3370 5701 3550 5756 Evan—

1984 5790 2137 5861 geliis
2177 5790 2252 5845 ait
2283 5811 2296 5844 :
2327 5791 2504 5847 Bonus
2555 5802 2738 5862 pastor
2786 5795 3018 5848 animam
3057 5808 3207 5846 suam
3261 5793 3406 5860 ponit
3452 5806 3549 5862 pro

426 5939 472 5974 ⁸⁸
499 5940 601 5999 lsa.
633 5958 788 6010 LVIII,
813 5944 865 6001 9.
928 5946 969 5978 ⁵⁷
999 5942 1143 6000 Psal.
1168 5960 1285 6010 LIII,
1314 5945 1365 6000 8.
1443 5946 1488 5979 "'
1511 5946 1654 6005 Psal.
1693 5964 1749 6017 ιι,
1774 5952 1833 6005 8.
1908 5948 1952 5981 '9
1980 5945 2177 6002 Jerem.
2212 5962 2307 6016 vn,
2335 5946 2427 6003 23.
