4302 6394
774 456 867 509 Ξ51
1471 451 1735 507 EUSEBll
1774 446 2250 507 CAESARIENSIS
2286 445 2437 502 OPP.
2472 442 2651 498 PARS
2692 442 2776 496 Ill.
2817 473 2885 482 —
2912 438 3313 495 EXEGETICA.

3881 441 4003 496 25$

768 574 945 628 ovibus
971 576 1040 641 ‘°;
1078 592 1137 630 ac
1169 592 1381 631 rursum
1422 596 1433 607 ’
1471 579 1600 631 Oves
1654 594 1781 629 mea:
1826 592 1995 628 vocem
2032 592 2196 628 meam
2226 591 2322 625 au-
2350 585 2394 634 Α
2425 589 2467 623 κ‹

2303 602 2322 612 -
2350 585 2394 634 Α
2425 570 2608 634 καλὸς
2644 568 2756 635 τὴν
2785 567 2993 635 ψυχὴν
3021 568 3203 621 αὐτοῦ
3243 566 3478 633 τίθησιν
3510 566 3660 633 ὑπὲρ
3691 566 3807 618 τῶν
3836 578 4002 631 προ-

765 660 919 718 diunt
948 666 1025 731 ⁶¹;
1076 668 1382 737 iterumque
1420 688 1431 725 :
1476 667 1583 721 Ero
1622 669 1884 721 vobiscum
1915 683 2074 735 usque
2105 666 2171 718 ad
2201 683 2325 718 con-

770 760 1167 813 summationem
1234 761 1511 815 swculi".
1572 761 1629 813 lu
1693 762 1933 829 tempore
1994 768 2171 813 autem
2229 774 2325 827 ορ⁴

774 859 1000 920 portuno
1056 853 1203 921 ipsas
1253 853 1309 905 in
1364 852 1594 907 sublime
1637 851 1842 915 elatas,
1888 850 2097 904 caelesti
2159 864 2325 919 regno

773 942 1018 1000 donabit.

1116 1072 1431 1129 PSALMUS
1460 1074 1665 1137 DAVID
1706 1073 1945 1128 XXVIII.

1248 1186 1308 1239 In
1336 1188 1477 1240 exitu
1510 1186 1856 1239 tabernaculi.

836 1296 1003 1353 Vens.
1040 1298 1091 1363 l,
1122 1298 1175 1352 2.
1203 1300 1403 1368 Afferte
1425 1298 1671 1360 Domino,
1721 1298 1820 1359 ﬁlii
1856 1296 1973 1357 Dei,
2000 1295 2181 1364 afferte
2219 1292 2325 1347 Do-

749 1390 911 1450 ,mino
940 1388 1081 1456 ﬁlios
1105 1390 1349 1442 arietum.
1398 1389 1593 1456 Aﬂ'erte
1624 1387 1850 1440 Domino
1893 1387 2116 1455 gloriam
2149 1393 2198 1437 et
2233 1385 2325 1437 lto-

773 1493 964 1536 aorem,
999 1477 1181 1545 aﬂ'erte
1208 1477 1426 1529 Domino
1457 1476 1681 1545 gloriam
1716 1476 1913 1528 nomini
1940 1475 2076 1541 ejus,
2109 1474 2326 1527 adorata

2426 663 2629 716 ϐάτων·
2662 662 2753 713 καὶ
2780 660 2956 712 πάλιν·
2990 660 3063 712 Τὰ
3089 660 3200 728 ἐμὰ
3231 661 3490 728 πρόϐατα
3515 656 3621 723 τῆς
3644 655 3845 725 φωνῆς
3869 670 4003 723 μου

2424 754 2653 807 ἀκούει·
2700 753 2792 803 καὶ
2834 750 3024 803 πάλιν·
3064 753 3316 818 Ἕσομαι
3344 749 3471 819 μεθ’
3518 746 3683 817 ὑμῶν
3726 746 3832 811 ἕως
3879 743 4004 811 τῆς

2424 843 2777 907 συντελείας
2807 840 2911 895 τοῦ
2938 840 3167 906 αίῶνος·
3200 840 3372 913 καιρῷ
3392 840 3447 893 δὲ
3470 837 3756 907 ἐπιτηδείῳ
3777 837 4004 905 ἐπάρας

2424 935 2618 996 αὐτοὺς
2656 934 2733 994 εἰς
2764 930 2913 1000 ὕψος,
2940 932 3039 1003 τῆς
3058 930 3305 1001 οὐρανίου
3336 928 3609 999 βασιλείας
3637 920 4001 989 καταξιώσει.

2812 1067 3095 1119 ΨΑΛΜΟΣ
3124 1066 3209 1117 ΤΩ
3236 1064 3434 1116 ΔΑΥΙΔ
3460 1064 3594 1115 KH'.

2866 1175 3127 1237 Ἑξοδίου
3161 1172 3397 1240 σκηνῆς
3438 1173 3535 1241 (1).

2510 1283 2811 1353 Ἐνέγκατε
2853 1282 2931 1347 τῷ
2974 1284 3185 1351 Κυρίῳ,
3225 1284 3338 1336 υἱοί
3384 1282 3550 1347 Θεοῦ,
3591 1279 3871 1349 ἐνέγκατε
3917 1276 4005 1341 τῷ

2427 1374 2617 1438 Κυρίῳ
2646 1372 2810 1436 υἱοὺς
2846 1370 3041 1438 κριῶν.
3085 1370 3392 1439 Ἐνέγκατε
3443 1368 3522 1434 τῷ
3563 1370 3756 1436 Κυρίῳ
3800 1366 4003 1429 δόξαν

2427 1464 2521 1515 καί
2584 1461 2779 1531 τιμήν
2848 1462 3151 1530 Ἐνέγκατε
3218 1460 3296 1526 τῷ
3358 1462 3552 1529 Κυρίῳ
3611 1460 3797 1524 δόξαν
3858 1460 4002 1511 ὀνό-

776 1566 1053 1620 Dominum
1088 1570 1144 1620 in
1185 1568 1325 1620 atrio
1373 1579 1553 1621 sancto
1584 1569 1715 1635 ejus.
1752 1567 1845 1621 llis
1879 1583 2103 1636 prorsus
2127 1568 2325 1621 similia
2421 1572 2475 1622 μ⁴

2301 1582 2325 1619 a
2421 1571 2559 1622 ματι
2604 1554 2806 1606 αὐτοῦ.
2860 1551 3327 1620 Προσκυνήσατε
3364 1552 3443 1617 τῷ
3483 1553 3677 1619 Κυρίῳ
3715 1553 3783 1605 ἐν
3824 1550 4000 1620 αὐλῇ

776 1659 945 1727 quoad
1002 1660 1323 1713 sententiam
1380 1658 1634 1712 csbitror'
1677 1675 1740 1713 ea
1800 1676 1920 1728 quze
1973 1660 2029 1727 in
2086 1674 2326 1728 nonage-

771 1750 908 1802 simo
928 1753 1119 1819 quinto
1149 1751 1357 1819 psalmo
1371 1750 1437 1804 de
1471 1750 1755 1803 vocatione
1784 1753 2021 1818 gentium
2062 1749 2325 1811 feruntur,

776 1860 888 1913 qua:
913 1844 1015 1897 hoc
1037 1842 1205 1897 modo
1224 1859 1286 1909 se
1309 1842 1508 1895 habent
1540 1861 1553 1895 ι
1579 1841 1799 1895 Cantate
1817 1840 2039 1893 Domino
2068 1832 2325 1892 canticum

2426 1645 2559 1712 ἁγίᾳ
2591 1644 2795 1697 αὑτοῦ.
2841 1644 3058 1706 Τούτοις
3091 1644 3422 1713 ἰσοδυναμεῖν
3446 1643 3682 1715 ἠγοῦμαι
3717 1644 3856 1697 κατὰ
3888 1645 4001 1713 τὴν

2425 1736 2656 1789 διάνοιαν
2694 1737 2759 1788 τὰ
2783 1738 2837 1786 ἐν
2868 1736 3100 1805 πέμπτῳ
3143 1737 3234 1788 κα)⁹
3274 1736 3607 1806 ἐνενηκοστῷ
3634 1736 3830 1808 ψαλμῷ
3858 1738 4001 1807 περὶ

2425 1828 2521 1897 τῆς
2550 1826 2656 1878 τῶν
2678 1825 2844 1878 ἐθνῶν
2868 1826 3108 1895 κλήσεως
3130 1826 3314 1879 τοῦτον
3337 1826 3634 1897 λελεγμένα
3652 1828 3741 1880 τὸν
3763 1829 3992 1898 τρόπον’

776 1951 976 1997 novum,
1013 1943 1222 1986 cantate
1269 1930 1495 1985 Domino
1546 1933 1713 2005 omnis
1766 1943 1924 2007 terra.
1977 1931 2198 1985 Cantate
2222 1930 2328 1981 Do-
2363 1914 2400 1965 Β
2437 1920 2475 1970 ’λ

2292 1948 2328 1977 ,-
2363 1914 2400 1965 Β
2437 1920 2656 1986 ’ᾼσατε
2688 1916 2765 1981 τῷ
2784 1918 2976 1983 Κυρίῳ
3010 1910 3171 1983 ᾆσμα
3197 1918 3401 1969 καινόν
3421 1932 3433 1945 ο
3459 1916 3645 1983 dicare
3667 1916 3745 1981 τῷ
3767 1918 3991 1985 Κυρίῳ,

777 2024 933 2085 mino,
972 2021 1251 2075 benedicite
1298 2022 1495 2073 nomini
1548 2021 1679 2089 ejus,
1706 2010 2009 2073 annuntiale
2048 2020 2109 2073 ale
2144 2020 2227 2071 die
2275 2021 2329 2071 in

778 2115 909 2165 iiem
934 2112 1168 2165 salutare
1195 2111 1327 2179 ejus.
1354 2111 1673 2164 Annuutiale
1710 2112 1761 2163 in
1820 2110 2055 2180 gentibus
2104 2110 2329 2178 gloriam

779 2220 908 2271 ejus,
945 2205 998 2255 in
1029 2203 1267 2256 omnibus
1305 2204 1509 2273 populis
1570 2202 1838 2255 mirabilia
1883 2202 2014 2270 ejus.
2068 2200 2328 2265 Quoniam

778 2306 993 2360 magnus
1026 2290 1278 2344 Dominus
1329 2301 1378 2345 et
1414 2290 1697 2345 laudabilis
1726 2290 1895 2353 valde,
1965 2290 2213 2343 terribilis
2252 2302 2328 2343 est

776 2396 925 2448 super
953 2397 1125 2434 omnes
1149 2381 1269 2435 deos
1296 2383 1366 2435 ".-
1408 2380 1669 2449 Deinceps
1698 2382 1770 2433 ita
1793 2382 2060 2434 subsumit
2092 2396 2105 2430 :
2140 2382 2330 2448 A/ferte

778 2470 997 2524 Domino
1021 2472 1245 2537 gloriam
1274 2472 1471 2524 nomini
1496 2471 1629 2538 ejus.
1660 2469 1851 2523 Tollite
1903 2469 2103 2522 hostias
2152 2479 2201 2522 et
2256 2471 2331 2521 iit-

776 2564 930 2615 troite
958 2563 1011 2613 in
1042 2562 1181 2613 atria
1202 2561 1336 2629 ejus,
1367 2560 1583 2614 adorata
1600 2558 1883 2613 Dominum
1912 2561 1965 2611 in
1989 2561 2113 2612 aula
2146 2550 2330 2612 sancta

777 2647 907 2715 ejus.
932 2645 1139 2711 Quibus
1160 2660 1290 2701 sane
1346 2646 1709 2715 evangelio-am
1752 2646 2002 2715 gratiam,
2040 2646 2094 2699 in
2141 2662 2330 2702 omnes

777 2738 941 2793 totius
974 2738 1122 2792 orbis
1152 2737 1408 2799 nationes
1437 2737 1710 2799 diil‘usam,
1754 2738 2144 2807 praenuntians,
2177 2747 2329 2808 post—

778 2844 935 2898 quam
971 2829 1243 2883 canticum
1274 2844 1494 2892 novum,
1534 2829 1785 2883 videlicet
1816 2830 1940 2882 novi
1972 2828 2325 2895 Testamenti,

778 2918 1116 2983 memoravit,
1144 2917 1339 2971 deinde
1367 2916 1610 2986 praecipit
1634 2925 1694 2970 ut
1724 2915 1949 2969 all'erant
1969 2915 2195 2971 Domino
2216 2918 2324 2987 glo—

780 3010 911 3061 riam
934 3015 988 3061 et
1019 3008 1301 3071 honorem,
1350 3016 1403 3062 et
1456 3014 1672 3061 caztera.
1730 3006 1853 3061 llaec
1906 3015 2084 3062 autem
2138 3007 2330 3063 afferre

780 3099 947 3165 iubet,
979 3114 1088 3153 non
1114 3096 1351 3163 Iudaeos,
1382 3097 1474 3152 sed
1530 3096 1760 3155 familias
1802 3099 2063 3169 gentium,
2112 3110 2204 3155 aut
2250 3117 2332 3158 se-

781 3188 1012 3243 cundum
1044 3190 1282 3257 reliquos
1308 3190 1648 3257 interpretes,
1698 3206 1761 3244 ac
1793 3189 2111 3246 Hebraicam
2132 3193 2329 3248 verita-

782 3282 1255 3351 tcm,cognationes
1284 3281 1610 3349 populorum.
1651 3281 1776 3337 Haec
1808 3284 1989 3353 itaque
2041 3285 2097 3338 in
2141 3286 2329 3354 quinto

782 3382 831 3428 et
870 3374 1218 3444 nonagesimo
1275 3375 1483 3444 psalmo
1514 3376 1580 3429 de
1603 3375 1850 3445 gentibus
1888 3375 2150 3432 divinitus
2195 3394 2332 3448 pra:-

782 3463 1027 3516 nuntiata
1056 3466 1219 3517 'sunt.
1257 3460 1316 3515 In
1357 3464 1610 3532 praesenti
1643 3478 1774 3517 vero
1817 3476 1879 3515 ea
1932 3462 2050 3531 ipsa
2074 3462 2333 3531 jubentur

781 3551 1007 3605 Domino
1060 3550 1253 3605 aﬂ'erre
1303 3552 1396 3605 ﬁlii
1432 3553 1688 3616 arietum,
1755 3568 1893 3621 quos
1951 3554 2159 3608 aestimo
2198 3553 2331 3606 nihil

782 3642 993 3695 diﬂ'erre
1026 3657 1057 3693 a
1090 3640 1310 3695 familiis
1331 3644 1589 3712 gentium,
1616 3650 1708 3695 aut
1729 3644 2138 3712 cognationibus
2163 3659 2333 3713 popuc

782 3740 975 3788 lorum.
1002 3731 1185 3803 Neque
1211 3734 1354 3787 enim
1389 3733 1492 3803 ipsi
1524 3734 1719 3787 arietes
1747 3734 1861 3787 haec
1877 3734 2104 3799 Domino
2140 3735 2333 3789 all'erre

779 3816 1055 3888 iubentur,
1080 3825 1173 3879 sed
1202 3824 1294 3877 lilii
1338 3825 1589 3878 arietum.
1621 3823 1677 3877 ld
1706 3840 1831 3879 vero
1868 3825 1994 3878 dico
2033 3825 2332 3879 secundum

786 3908 1099 3964 Hebraicam
1130 3913 1473 3975 sententiam,
1530 3913 1587 3965 in
1619 3928 1725 3981 qua
1776 3904 2085 3980 neutiquam
2115 3912 2334 3966 ellertur

783 4002 913 4056 illud
941 4000 1171 4069 :A/ferte
1215 4006 1456 4067 Domino,
1488 4004 1588 4072 ﬁlii
1622 4003 1737 4058 Dei.
1795 4006 1971 4070 Quare
2006 4003 2117 4057 haec
2146 4005 2201 4057 in
2237 4004 2333 4058 Se-

784 4092 1070 4162 ptuaginta
1100 4092 1487 4162 interpretibus
1514 4094 1671 4150 obelo
1686 4104 1961 4158 notantur,
1984 4094 2128 4165 quod
2160 4111 2333 4163 neque

784 4188 840 4240 in
875 4186 1139 4261 Hebraico
1183 4187 1497 4255 exemplari,
1558 4202 1658 4241 nec
1706 4188 1849 4257 apud
1886 4187 2121 4256 reliquos
2165 4187 2334 4241 inter-

786 4284 964 4345 pretes
1018 4286 1387 4347 compareant.
1437 4276 1592 4342 Quod
1622 4278 1668 4331 si
1704 4278 1935 4332 omnino
1986 4276 2334 4348 Septuaginta

786 4368 1145 4435 interpretum
1178 4368 1333 4423 lectio
1358 4367 1650 4438 spectanda
1679 4368 1769 4432 sit,
1807 4369 1928 4423 dico
1971 4369 2187 4437 praecipi
2210 4368 2333 4423 ﬁliis

787 4452 931 4527 [Dei]
984 4464 1043 4509 ut
1075 4457 1301 4511 aﬂ‘erant
1356 4458 1607 4522 Domino,
1660 4474 1769 4513 non
1824 4460 2041 4523 arietes,
2078 4460 2171 4513 sed
2196 4458 2365 4519 ﬁlios,

2430 2007 2595 2060 πᾶσα
2630 2010 2666 2075 ἡ
2700 2007 2794 2077 γῆ.
2830 2010 3048 2085 ’ᾼσατε
3068 2005 3147 2071 τῲ
3176 2007 3384 2073 Κυρίῳ,
3418 2006 3786 2085 εὐᾼογήσατε
3801 2008 4000 2078 ὄνομα

2428 2098 2630 2163 αὑτοῦ,
2673 2079 3145 2167 εὐαγγελίσασθε
3180 2098 3406 2165 ἡμέραν
3438 2079 3512 2162 ἐξ
3535 2097 3757 2166 ἡμέρας
3780 2099 3845 2151 τὸ
3872 2116 3997 2153 σω-

2428 2188 2631 2256 τήριον
2683 2190 2885 2243 αὑτοῦ.
2963 2191 3369 2259 Ἀναγγείλατε
3398 2189 3465 2241 ἐν
3497 2189 3621 2254 τοῖς
3652 2191 3851 2242 ἔθνεσι
3877 2189 3997 2254 τὴν

2428 2274 2613 2339 δόξαν
2633 2277 2837 2340 αὑτοῦ,
2865 2277 2934 2329 ἐν
2955 2275 3103 2330 πᾶσι
3133 2276 3257 2342 τοῖς
3288 2276 3457 2342 λαοῖς
3476 2277 3547 2330 τὰ
3568 2276 3863 2345 θαυμάσια
3886 2280 3996 2331 αὺ-

2432 2368 2561 2420 τοῦ.
2597 2370 2725 2421 Ὅτι
2750 2368 2934 2435 μέγας
2954 2370 3164 2435 Κύριος
3203 2370 3298 2422 καί
3339 2368 3572 2435 αίνετὸς
3604 2370 3856 2437 σφόδρα,
3888 2389 3995 2439 φοι

2430 2459 2594 2525 ὅερός
2613 2459 2782 2511 ἐστιν
2804 2460 2900 2511 ἐπὶ
2931 2459 3157 2525 πάντας
3194 2460 3335 2525 τοὺς
3367 2444 3537 2526 θεούς
3557 2478 3571 2491 ο
3602 2455 3683 2525 οἷς
3710 2461 3836 2530 ἑξῆς
3868 2464 4000 2515 ἑπι-

2427 2549 2640 2615 λέγεται
2666 2564 2679 2577 ο
2724 2549 3025 2618 Ἐνέγκατε
3052 2551 3132 2615 τῷ
3170 2554 3363 2619 Κυρίῳ
3388 2551 3575 2616 δόξαν
3611 2553 3853 2621 ὀνόματι
3879 2555 3997 2606 αὑ-

2429 2638 2553 2692 τοῦ.
2578 2643 2779 2707 Ἄρατε
2807 2641 3021 2706 θυσίας
3051 2642 3150 2694 καὶ
3199 2645 3620 2709 είσπορεύεσθε
3643 2646 3729 2709 είς
3753 2644 3858 2709 τὰς
3881 2646 3997 2697 αὑ-

2428 2731 2541 2795 λὰς
2597 2731 2803 2803 αὑτοῦ.
2862 2732 3329 2799 Προσκυνήσατε
3378 2733 3459 2798 τῷ
3494 2735 3685 2801 Κυρίῳ
3721 2736 3790 2787 ἐν
3829 2733 3996 2804 αὐλῇ

2428 2823 2567 2890 ἁγίᾳ
2594 2823 2802 2877 αὐτοῦ.
2848 2824 2935 2875 Ἐν
2960 2818 3040 2885 οἷς
3064 2824 3092 2873 ὁ
3116 2822 3289 2890 λόγος,
3318 2824 3415 2895 τὴν
3453 2824 3809 2893 εύαγγελικὴν
3833 2828 3996 2897 χάριν

2429 2911 2524 2982 τὴν
2554 2913 2631 2974 είς
2660 2913 2835 2965 πάντα
2859 2912 3111 2981 χυθεῖσαν
3134 2912 3201 2965 τὰ
3228 2913 3345 2965 καθ’
3368 2913 3495 2986 ὅλης
3535 2915 3636 2984 τῆς
3673 2916 3994 2987 οἰκουμένης

2430 3000 2556 3071 εθνη
2602 3003 3213 3073 προευαγγελισάμενος,
3262 3005 3475 3058 καὶτοῦ
3510 3006 3694 3059 καινοῦ
3728 3007 3992 3078 ᾄσματος,

2426 3090 2623 3163 δηλαδὴ
2666 3093 2763 3162 τῆς
2836 3092 3025 3161 καινῆς
3082 3093 3353 3167 Διαθήκης
3407 3095 3811 3165 μνημονεύσας,
3864 3094 3995 3165 ἑξῆς

2431 3184 2751 3255 προστάττει
2784 3183 3025 3253 κομίζειν
3062 3183 3137 3253 τῷ
3177 3185 3363 3256 Κυρίῳ
3390 3184 3545 3251 δόξαν
3565 3188 3655 3238 καὶ
3680 3187 3865 3259 τιμὴν,
3893 3193 3991 3244 καὶ

2431 3274 2498 3327 τὰ
2535 3271 2676 3343 ἑξῆς,
2702 3273 2883 3325 Ταῦτά
2902 3290 2960 3325 τε
2990 3270 3233 3342 κομίζειν
3267 3275 3693 3344 παρακελεύεται
3717 3278 3815 3329 οὐκ
3863 3280 3996 3332 Ἰου-

2431 3366 2616 3429 δαίοις,
2643 3364 2777 3419 ἀλλὰ
2824 3368 2943 3425 ταῖς
2972 3368 3225 3436 πατριαῐς
3252 3365 3357 3417 τῶν
3402 3366 3568 3419 ἐθνῶν
3593 3408 3606 3428 ,
3635 3368 3667 3439 ἢ
3694 3369 3833 3421 κατὰ
3859 3372 3990 3433 τοὺς

2432 3459 2647 3520 λοιποὺς
2683 3456 3037 3529 ἑρμηνευτὰς,
3070 3458 3165 3509 καὶ
3202 3456 3344 3509 κατὰ
3379 3458 3476 3528 τὴν
3518 3460 3993 3534 Ἑϐραῖκὴνὰκρίο

2434 3549 2492 3600 δε
2502 3565 2603 3610 ιαν,
2628 3548 2754 3613 ταῖς
2776 3549 3148 3617 συγγενείαις
3161 3549 3275 3604 τῶν
3288 3550 3655 3606 λαῶν.Ταῦτα
3682 3554 3779 3624 μὲν
3791 3552 3880 3608 οὖν
3896 3573 3993 3610 σα-

2435 3638 2547 3709 φῶς
2573 3641 2628 3691 ἐν
2656 3639 2732 3709 τῷ
2764 3640 2995 3709 πέμπτῳ
3028 3640 3120 3691 καὶ
3147 3642 3478 3712 ἐνενηκοστῷ
3506 3643 3704 3714 ψαλμῷ
3730 3647 3856 3717 περὶ
3881 3648 3991 3699 τῶν

2441 3728 2609 3783 ὲθνῶν
2628 3728 2957 3792 ὲθεσπίζετοο
2972 3731 3028 3781 ὲν
3042 3729 3097 3781 δὲ
3114 3730 3188 3799 τῷ
3209 3732 3345 3799 μετὰ
3360 3735 3543 3802 χεῖρας
3565 3736 3591 3785 ὁ
3608 3735 3758 3801 λόγος
3769 3736 3838 3787 τὰ
3854 3738 3995 3791 αὐτὰ

2432 3819 2508 3890 τῷ
2520 3819 2706 3891 Κυρίῳ
2721 3826 3044 3890 προσφέρειν
3060 3824 3169 3884 τοῖς
3188 3823 3320 3885 olei;
3342 3822 3448 3875 τῶν
3467 3824 3633 3893 κριῶν
3650 3825 3876 3879 κελεύει·
3899 3824 3994 3891 οὓς

2434 3909 2636 3979 νομίζω
2676 3910 2837 3978 μηδὲν
2874 3908 3145 3979 διαφέρειν
3174 3909 3279 3963 τῶν
3323 3912 3561 3982 πατριῶν
3582 3914 3688 3967 τῶν
3733 3915 3919 3980 ὲθνὼν,
3956 3918 3989 3987 ἢ

2432 4000 2539 4052 τῶν
2562 3999 2883 4067 συγγενειῶν
2911 3998 3017 4051 τῶν
3033 3999 3193 4053 λαῶν.
3213 4003 3285 4054 Ού
3307 4002 3574 4073 γὰραύτοὶ
3589 4005 3637 4056 oi
3654 4008 3796 4076 κριοὶ
3824 4024 3992 4078 προσ-

2432 4090 2708 4143 τάττονται
2752 4092 3079 4163 προσφέρειν
3114 4092 3181 4144 τὰ
3214 4093 3630 4164 κεκελευσμένα,
3658 4096 3769 4149 ἀλλ’
3799 4101 3847 4151 οἱ
3883 4098 3993 4168 olet

2420 4182 2539 4255 τῶν
2579 4183 2761 4253 κριῶν.
2790 4186 2900 4237 Καὶ
2949 4186 3120 4237 ταῦτά
3158 4186 3232 4257 (2)
3268 4205 3407 4257 φημι
3441 4188 3576 4243 κατὰ
3598 4190 3695 4259 τὴν
3728 4192 3989 4260 Ἐϐραίων

2434 4273 2754 4343 ἀνάμνησιν,
2812 4275 2931 4328 καθ’
2963 4277 3029 4347 ἢν
3062 4279 3161 4330 οὐκ
3204 4280 3491 4349 ἐκφέρεται
3542 4281 3627 4332 τό³
3671 4282 3992 4350 ,Ἐνέγκατε

2432 4362 2512 4426 τῷ
2536 4364 2744 4429 Κυρίῳ,
2768 4363 2883 4416 υἱοί
2913 4365 3077 4418 Θεοῦ.
3124 4366 3211 4417 Διὸ
3236 4367 3327 4418 καὶ
3364 4367 3648 4421 ὼϐέλισται
3687 4370 3834 4440 παρὰ
3880 4375 3993 4434 τοῖς

2445 4454 2859 4524 Ἑϐδομήκοντα,
2895 4455 2969 4517 ὡς
3001 4455 3075 4524 μὴ
3101 4455 3343 4524 κείμενον
3375 4458 3508 4528 μήτε
3533 4459 3588 4510 ὲν
3618 4459 3693 4530 τῷ
3726 4460 3991 4531 Ἐϐραῐκῴ

787 4544 1038 4608 arietum,
1076 4546 1297 4614 gloriam
1319 4556 1373 4600 et
1396 4548 1667 4603 honorem.
1696 4555 1996 4617 caateraque
2031 4545 2339 4615 his.adjun-‘
2366 4562 2408 4617 ι)
2440 4564 2486 4616 μ·

2293 4548 2339 4599 ι-Δ
2366 4562 2408 4617 ι)
2440 4548 2573 4616 μήτε
2615 4545 2764 4616 παρὰ
2794 4549 2905 4609 τοίς
2943 4546 3145 4609 λοιποῖς
3174 4548 3549 4618 έρμηνευταῖς.
3584 4552 3647 4603 Ei
3675 4552 3730 4604 δὲ
3756 4553 3860 4622 χρὴ
3898 4554 3992 4605 καὶ

788 4640 895 4688 cta.
926 4633 1055 4699 Quae
1105 4651 1237 4691 sane
1275 4652 1338 4691 ex
1378 4642 1779 4708 comparatione
1821 4640 1994 4719 quinti
2020 4652 2073 4694 et
2099 4653 2333 4709 nonage-

789 4726 913 4777 simi
936 4727 1148 4794 psalmi,
1181 4728 1247 4781 de
1304 4730 1657 4784 conversione
1707 4731 1945 4787 centium
1986 4728 2333 4799 praenuntiari

786 4815 1037 4871 dixerim.

2439 4640 2516 4699 εἰς
2544 4639 2640 4710 τὴν
2667 4638 2774 4691 τῶν
2831 4637 3227 4708 Ἐὀδομήκοντα
3275 4636 3541 4713 θεωρῆσαι
3585 4643 3813 4709 ἔκδοσιν,
3851 4646 3992 4713 φημὶ

2436 4730 2526 4782 τὸν
2552 4730 2707 4795 λόγον
2736 4730 3087 4803 προστάττειν
3122 4734 3231 4796 τοῖς
3257 4735 3392 4797 υἱοῖς
3425 4732 3519 4786 τοῦ
3558 4734 3742 4803 φέρειν
3772 4734 3848 4803 τῷ
3880 4735 3991 4786 Κυ-

2439 4820 2538 4892 ρίῳ
2555 4824 2614 4875 οὐ
2631 4824 2835 4895 κριοὺς,
2855 4822 2986 4877 ἀλλὰ
3010 4824 3155 4888 υἱοὺς
3189 4825 3353 4895 κριῶν
3372 4841 3387 4855 '
3416 4820 3509 4877 καὶ
3535 4824 3692 4890 δόξαν
3717 4826 3811 4877 καὶ
3830 4826 3991 4895 τιμὴν

791 4910 881 4961 καὶ⁹
911 4910 981 4963 τὰ
1012 4910 1140 4981 ἑξῆς
1175 4912 1531 4985 ἐπιλεγόμενα
1554 4930 1566 4943 ·
1594 4913 1631 4967 ἃ
1681 4912 1744 4983 δὴ
1792 4915 1899 4968 ἀπὸ
1929 4915 2029 4987 τῆς
2063 4914 2416 4986 παραθέσεως
2443 4917 2537 4970 τοῦ
2568 4918 2815 4989 πέμπτου
2852 4918 2943 4970 καὶ
2984 4917 3327 4989 ὲνενηκοστοῦ
3364 4916 3577 4987 ψαλμοῦ
3614 4917 3855 4988 περὶτῆς
3886 4916 3993 4969 τῶν

791 5002 956 5059 ἔθνῶν
983 5007 1312 5078 ἐπιστροφῆς
1342 5009 1547 5079 εἴποιμι
1586 5007 1651 5061 ἂν
1683 5009 2129 5079 προφητεύεσθαι.

860 5094 1038 5164 Neque
1066 5111 1095 5149 a
1118 5112 1296 5167 secpo
1323 5097 1689 5162 deﬂectemus,
1724 5100 1770 5152 si
1804 5101 2333 5168 pronuntiaverimus

790 5184 879 5239 hic
914 5202 1006 5254 per
1030 5188 1196 5245 Filios
1226 5188 1341 5253 Dei,
1373 5188 1666 5246 Salvatoris
1694 5190 1865 5245 nostri
1894 5190 2185 5260 discipulos
2206 5206 2336 5261 apo-

791 5278 1067 5346 stolosque
1104 5280 1441 5350 signiﬁcant
1476 5294 1505 5332 a
1534 5281 1730 5349 quibus
1788 5280 1959 5350 liquet
1990 5280 2187 5336 factam
2214 5296 2335 5337 esse

2509 5105 2620 5157 Οὐκ
2667 5088 2732 5157 ἂν
2758 5102 2814 5155 δὲ
2842 5104 3178 5174 ἁμάρτοιμεν
3228 5100 3351 5163 τοὺς
3399 5098 3627 5160 ἐνταῦθα
3666 5099 3811 5163 υἱοὺς
3856 5100 3990 5153 Θεοῦ

2442 5193 2757 5262 Αεγομένους
2803 5194 2927 5255 τοὺς
2970 5190 3063 5243 τοῦ
3122 5189 3369 5258 Σωτῆρος
3412 5188 3565 5259 ἡμῶν
3624 5190 3875 5261 μαθητὰς
3898 5190 3991 5242 καὶ

2440 5281 2761 5347 ἀποστόλους
2812 5284 2905 5335 καὶ
2957 5280 3344 5349 εὐαγγελιστάς
3380 5277 3515 5336 εἶναι
3561 5280 3990 5354 ἀποφηνάμενοι,

859 5486 901 5517 θ’
938 5482 1094 5537 Joan.
1129 5497 1161 5533 x
1190 5523 1205 5549 ,
1234 5484 1319 5537 li.
1395 5484 1437 5514 ⁶¹
1466 5480 1623 5539 Joan.
1650 5494 1703 5547 ι,
1725 5484 1813 5538 27.
1891 5484 1935 5515 ⁸³
1967 5483 2152 5539 Matth.
2179 5496 2372 5549 xxvm,
2407 5480 2495 5538 20.
2524 5483 2558 5515 ⁸³

1466 5480 1623 5539 Joan.
1650 5494 1703 5547 ι,
1725 5484 1813 5538 27.
1891 5484 1935 5515 ⁸³
1967 5483 2152 5539 Matth.
2179 5496 2372 5549 xxvut,
2407 5480 2495 5538 20.
2524 5483 2568 5515 ⁸³
2595 5483 2739 5540 Psal.
2793 5498 2907 5545 xcv,
3019 5482 3130 5536 1-4.
3158 5492 3160 5496 ’

862 5700 935 5767 Η)
957 5695 1101 5763 Haec,
1122 5698 1318 5764 ὲξοδίου
1337 5698 1558 5769 σκηνῆς,
1587 5714 1691 5752 non
1718 5700 1967 5769 leguntur
1999 5700 2050 5752 in
2073 5700 2329 5756 llebraico

797 5769 1105 5835 eteinplari.
1126 5786 1317 5838 neque,
1350 5767 1689 5823 Tlieodoreto
1730 5767 1885 5831 teste,
1914 5771 1967 5823 in
2001 5770 2236 5837 llexaplo
2259 5772 2329 5826 fe-
2389 5800 2395 5805 -

801 5844 1072 5892 tc‘oantur.
1094 5838 1151 5892 ln
1180 5840 1467 5894 Chaldaico
1503 5848 1650 5894 textu
1682 5852 1855 5895 tamen
1887 5840 2096 5900 legitur.
2122 5840 2220 5894 Alii
2256 5843 2327 5897 le-

2435 5714 2586 5772 gunt,
2619 5702 2795 5766 ἐξόδου
2829 5702 3048 5772 σκηνῆς.
3080 5704 3222 5771 quod
3246 5699 3793 5772 idipsum_s_igniiicat.

2436 5769 2459 5895 l'
2503 5773 2577 5894 (ἓ)
2603 5772 2725 5828 Haec
2752 5769 2996 5845 pluribus
3024 5769 3361 5842 explananda
3405 5774 3460 5827 in
3495 5769 3855 5840 Hexaplorum
3878 5772 3992 5824 col-

2455 5860 2513 5897 ec
2545 5859 2685 5898 tunc.
