4302 6430
346 467 456 547 255
1472 470 1940 530 connexum.

2010 474 2077 529 lN
2113 476 2443 535 PSALMOS.
3454 491 3571 547 εει

345 589 412 641 δι’
440 578 515 640 ὧν
547 588 579 658 ή
613 586 803 659 κλῆσις
850 588 957 641 τῶν
991 587 1157 642 ἐθνῶν
1186 588 1427 657 φαίνεται
1458 592 1855 663 κατωρθωμένη
1880 611 1892 621 ·
1926 618 1940 654 λ

1999 593 2235 662 gentium
2276 602 2630 657 vocationem.
2685 592 2791 650 Eos
2829 594 3036 651 scilicet
3070 593 3158 650 hic
3214 604 3458 668 psalmus
3481 606 3573 671 ju-
3612 613 3621 623 '

342 675 423 743 οἷς
448 679 476 731 ὁ
501 678 639 749 μετὰ
662 682 850 751 χεῖρας
876 679 1033 748 λόγος
1050 680 1373 752 προστάττει
1404 680 1586 751 φέρειν
1613 682 1690 753 τῷ
1716 684 1901 755 Κυρίῳ

2003 684 2091 739 bet
2117 686 2329 751 alierre,
2364 687 2540 756 primo
2564 685 2780 756 quidem
2812 694 2866 742 et
2888 696 3012 742 ante
3032 689 3213 742 omnia
3258 690 3401 747 ﬁlios
3423 694 3568 749 arie-

343 773 555 845 πρῶτον
599 773 697 843 μὲν
732 775 983 828 ἁπάντων
1026 776 1171 837 υἱοὺς
1204 774 1395 845 κριῶν,
1429 774 1543 827 ἀλλ’
1574 775 1636 827 οὐ
1682 774 1896 846 κριούς·

2002 786 2139 840 tum,
2168 791 2277 847 non
2337 780 2559 842 arietes,
2589 778 2850 847 quoniam
2904 780 2961 833 in
2994 780 3204 850 psalmo
3260 776 3567 853 quadrage-

296 932 299 933 ν
344 864 635 936 ἐπειδήπερ
661 866 795 934 πρὸς
823 866 919 936 τὴν
960 865 1017 932 ἐξ
1046 863 1212 931 ἐθνῶν
1249 864 1569 935 Ἐκκλησίαν
1611 864 1824 933 ἐλέγετο
1841 866 1899 919 ὲν

2001 868 2141 923 simo
2171 878 2367 937 quarto
2399 867 2658 923 Ecclesia:
2684 885 2750 925 ex
2805 870 3060 939 gentibus
3097 881 3297 927 coactae
3325 873 3564 929 dicitur:

339 957 418 1028 τῷ
447 956 859 1028 τεσσαρακοστῷ
882 957 1123 1029 τετάρτῳ
1149 955 1345 1027 ψαλμῷ
1363 974 1376 986 ·
1423 956 1570 1009 Ἀντί
1589 956 1706 1009 τῶν
1724 956 1899 1009 πατέ-

1999 952 2107 1007 Pro
2121 955 2357 1022 patribus
2377 956 2479 1009 tuis
2493 958 2605 1009 nati
2636 966 2758 1011 sunt
2785 957 2882 1011 tibi
2914 960 3095 1027 ﬁlii“.
3117 959 3410 1032 Eidemqne
3429 979 3567 1034 prm-

332 1066 458 1116 ρων
484 1054 598 1103 σου
636 1048 1010 1133 ἐγενήθησαν
1043 1050 1163 1103 υἱοί
1203 1064 1339 1102 σου.
1390 1049 1510 1101 Τῶν
1546 1048 1601 1101 δὲ
1648 1044 1899 1120 πατέρων

1997 1045 2197 1113 εἰμίιω·
2232 1052 2292 1098 ut
2325 1053 2538 1116 patrum
2564 1048 3176 1105 suorum‘obliviscatur
3206 1051 3291 1106 his
3332 1054 3514 1109 verbis
3549 1074 3565 1110 :

339 1142 507 1215 λήθην
523 1144 846 1216 ποιήσασθαι
864 1141 1296 1214 παρεκελεύσατο
1308 1141 1447 1212 αὐτῇ
1464 1142 1493 1193 ό
1515 1141 1669 1210 λόγος
1688 1139 1855 1193 εἰπών
1880 1155 1894 1173 ο

342 1241 651 1303 Ἄκουσον,
707 1238 996 1326 θύγατερη
1034 1234 1132 1288 καὶ
1163 1234 1272 1299 ἴδε,
1300 1234 1399 1288 καὶ
1440 1232 1650 1288 κλῖνον
1696 1232 1763 1287 τὸ
1789 1229 1894 1299 οὖς

338 1348 474 1394 σου,
499 1331 597 1384 καὶ
641 1329 944 1385 ἐπιλάθου
968 1325 1072 1382 τοῦ
1098 1326 1248 1381 λαοῦ
1286 1344 1422 1393 σου,
1459 1325 1558 1381 καὶ
1589 1326 1693 1380 τοῦ
1724 1326 1894 1380 οἴκου

339 1424 444 1478 τοῦ
469 1426 693 1492 πατρός
710 1438 824 1477 σου
844 1439 856 1449 ·
890 1419 990 1474 καὶ
1010 1417 1364 1488 ἐπιθυμήσει
1398 1422 1430 1473 ό
1451 1417 1752 1483 ,βασιλεὺς
1787 1416 1907 1471 τοῦ

338 1516 604 1581 κάλλους
654 1526 797 1567 σου·
828 1511 916 1565 ὅτι
946 1512 1123 1576 αὐτός
1150 1511 1281 1565 ἐστι
1305 1511 1517 1578 Κύριός
1545 1525 1679 1563 σου.
1711 1506 1892 1561 Ταῦτα

336 1606 445 1677 γὰρ
472 1604 593 1658 οὐδὲ
628 1604 762 1674 πρὸς
794 1600 958 1673 ἄλλην
1001 1599 1034 1671 ἢ
1062 1599 1196 1671 πρὸς
1225 1599 1390 1671 μόνην
1419 1597 1516 1668 τὴν
1569 1595 1892 1667 Ἐκκλησίαν

334 1699 428 1752 τοῦ
476 1694 714 1767 Χριστοῦ
756 1696 1000 1765 ἐλέγετο⁸
1037 1691 1423 1763 παραινοῦντος
1453 1690 1585 1760 αὐτῇ
1623 1687 1717 1741 τοῦ
1747 1689 1890 1741 θείου

334 1787 645 1859 Πνεύματος
685 1787 850 1858 λήθην
906 1783 1365 1861 ποιήσασθαιητοῦ
1415 1783 1677 1855 προτέρου
1720 1780 1890 1850 αὐτῆς

328 1879 456 1933 λαοῦ
482 1919 496 1943 ,
569 1879 662 1933 καὶ
726 1877 820 1932 τοῦ
853 1876 1002 1932 οἴκου
1038 1876 1131 1931 τοῦ
1197 1874 1404 1948 πατρὸς
1453 1876 1623 1944 αὐτῆς
1657 1873 1745 1927 διὰ
1793 1873 1890 1944 τὴν

1994 1134 2155 1200 Audi,
2183 1135 2323 1205 filia,
2353 1139 2403 1196 et
2432 1136 2565 1203 vide,
2600 1146 2652 1190 et
2692 1138 2901 1192 inclina
2926 1130 3108 1195 aurem
3169 1150 3335 1210 tuam,
3358 1153 3407 1198 et
3430 1144 3565 1200 obli-

1996 1226 2185 1280 viscere
2214 1229 2466 1297 populum
2495 1237 2737 1293 tuum,‘ct
2757 1229 2970 1283 domum
2998 1234 3165 1299 patris
3200 1235 3317 1288 tui:
3354 1241 3403 1284 et
3444 1252 3565 1290 con-

1993 1319 2219 1386 cupiscet
2248 1318 2359 1374 Rex
2403 1321 2641 1376 decorem
2690 1330 2857 1387 tuum,
2908 1325 3041 1393 quia
3062 1326 3171 1394 ipse
3200 1336 3278 1381 est
3308 1326 3563 1383 Dominus
3614 1380 3619 1385 .

1995 1416 2112 1467 tuus
2133 1410 2208 1491 _”.
2240 1408 2366 1467 Haec
2419 1414 2564 1466 enim
2607 1428 2713 1467 non
2744 1413 2835 1467 alii
2863 1430 3024 1484 quam
3072 1415 3277 1471 Christi
3309 1416 3565 1475 Ecclesia:

1991 1502 2136 1556 dicta
2165 1512 2313 1567 sunt,
2342 1505 2664 1560 cobortante
2690 1507 2836 1575 illam
2864 1505 3072 1579 Spiritu
3107 1510 3315 1574 divino,
3340 1520 3401 1565 ut
3424 1513 3563 1569 obli-

1990 1595 2233 1651 viscatur
2264 1596 2501 1666 priorem
2534 1597 2793 1666 p0pulum
2818 1613 2978 1652 suum
3026 1610 3082 1653 et
3120 1596 3341 1655 domum
3390 1605 3563 1673 patris

1992 1685 2076 1739 sui
2104 1703 2118 1752 ;
2158 1686 2415 1740 nimirum
2442 1686 2511 1741 ob
2537 1687 2918 1756 multiplicium
2948 1688 3177 1744 deorum
3210 1706 3476 1762 errorem,
3497 1710 3563 1751 ac

1991 1784 2205 1847 patrum
2237 1791 2458 1831 suorum
2495 1778 2955 1847 superstitionem.
3010 1778 3217 1835 Deinde
3247 1783 3377 1853 quia
3404 1783 3554 1841 illam

1991 1875 2171 1937 patres
2198 1867 2448 1923 oblivisci
2480 1884 2611 1925 suos
2624 1869 2886 1938 jusserat,
2919 1872 3232 1927 necessario
3274 1873 3437 1929 infert
3468 1876 3558 1933 his

332 1941 584 2027 πολύθεον
608 1971 832 2043 πλάνην,
869 1971 963 2025 καὶ
993 1970 1091 2042 τήν
1121 1969 1228 2023 τῶν
1273 1941 1518 2038 πατέρων
1534 1941 1702 2036 αύτῆς
1722 1941 1886 2019 δεισι-
1920 1941 1940 1994 Ῐ

1992 1961 2214 2017 verbis:
2251 1959 2362 2013 Pro
2396 1961 2646 2031 patribus
2698 1964 2801 2017 tuis
2836 1965 2953 2016 nati
2973 1973 3095 2017 sunt
3147 1964 3241 2017 tibi
3291 1967 3411 2036 ﬁlii.
3446 1966 3558 2025 Hos

331 2061 630 2133 δαιμονίαν.
663 2058 807 2117 Εἶτ’
837 2060 1024 2132 ἐπειδὴ
1058 2059 1165 2116 τῶν
1223 2059 1471 2129 πατέρων
1531 2054 1885 2110 ἐπιλαθέσθαι

329 2156 465 2227 αὐτῇ
526 2152 997 2225 παρεκελεύσατο,
1056 2149 1363 2237 ἀναγκαίως
1425 2147 1617 2216 ἐπάγει
1676 2147 1882 2215 λέγων·

320 2246 487 2321 “Ag-tl
515 2244 633 2300 τῶν
688 2243 955 2313 πατέρων
982 2258 1096 2321 σου
1117 2236 1488 2311 ἐγενήθησαν
1514 2240 1567 2291 οἱ
1598 2236 1717 2294 υἱοί
1752 2251 1885 2289 σου.

343 2253 487 2397 λῖι
515 2253 633 2300 τῶν
688 2253 955 2313 πατέρων
982 2258 1096 2321 σου
1117 2253 1488 2311 ἐγενηθησαν
1514 2253 1566 2291 οι
1598 2253 1714 2294 υιοι
1752 2253 1885 2289 σου.

328 2341 402 2394 To
467 2357 561 2404 ους
612 2341 760 2404 υἱοὺς
794 2337 963 2411 κριῶν
1008 2322 1099 2388 διὰ
1133 2334 1194 2386 τὸ
1227 2332 1416 2400 ἄλογον
1445 2328 1723 2384 ἀποκαλεῖ.
1776 2321 1888 2379 Εἶτ’

327 2432 595 2503 ἐπιλέγει·
640 2418 952 2500 Ἐνέγκατᾶ
992 2425 1073 2492 τῷ
1101 2414 1308 2493 Κυρίῳί
1326 2422 1513 2487 δόξαν
1543 2420 1639 2475 καὶ
1680 2415 1886 2487 τιμήν·

324 2521 356 2576 ὃ
382 2522 447 2594 δὴ
495 2524 707 2592 νοήσεις
744 2519 852 2574 ἀπὸ
898 2510 997 2589 τῆς
1038 2515 1133 2571 τοῦ
1154 2517 1399 2588 Σωτῆρος
1422 2512 1576 2586 ἡμῶν
1609 2511 1745 2583 πρὸς
1766 2509 1892 2571 τοὺς

1990 2050 2129 2107 ﬁlios
2154 2052 2381 2106 arietum
2409 2061 2569 2109 vocat
2608 2054 2679 2109 ob
2734 2054 2965 2110 rationis
3028 2044 3319 2112 defectum.
3363 2058 3559 2118 P0stea

1990 2139 2324 2209 subjungitjz
2372 2141 2572 2210 A/ferte
2633 2134 2862 2198 Domino
2908 2146 3133 2217 gloriam
3190 2161 3241 2207 et
3292 2153 3556 2208 honorem.

1987 2228 2159 2298 Cujus
2184 2231 2507 2285 sententiam
2538 2247 2603 2286 ex
2628 2232 2732 2288 hoc
2765 2233 3064 2296 Salvatoris
3094 2244 3272 2298 nostri
3295 2245 3361 2299 ad
3392 2244 3560 2300 disci-

1989 2322 2144 2390 pulos
2172 2323 2377 2375 monito
2403 2321 2673 2393 intelligas
2698 2343 2711 2377 :
2742 2324 2974 2383 Luceant
3003 2347 3161 2400 opera
3184 2344 3572 2393 vestra‘coram‘

1988 2410 2303 2479 hominibus,
2332 2423 2388 2466 ut
2412 2412 2638 2469 videntes
2674 2415 2809 2473 bona
2837 2436 2993 2489 opera
3038 2432 3225 2490 vestra,
3261 2402 3557 2496 gloriﬁcent

1994 2502 2207 2561 Patrem
2228 2512 2459 2560 vestrum
2480 2507 2570 2576 qui
2586 2507 2642 2561 in
2665 2510 2809 2565 caelis
2838 2522 2914 2567 est
2948 2514 3011 2566 “.
3438 2518 3441 2523 ’

329 2608 574 2686 μαθητὰς
595 2608 1061 2681 παρακελεύσεως,
1094 2606 1161 2661 δι’
1190 2601 1257 2679 ἦς
1286 2607 1539 2681 παραινεῖ
1580 2602 1752 2671 λέγων
1785 2598 1965 2659 αὐτοῖς
1988 2594 2330 2686 ’ᾲΛαμψάτω
2360 2598 2439 2651 τὰ
2492 2600 2636 2670 ἔργα
2667 2600 2831 2669 ὑμῶν
2890 2602 3230 2673 ἔμπροσθεν
3285 2606 3403 2663 τῶν
3450 2609 3556 2662 dr-

327 2684 798 2772 θρώξπωιὸπως.
830 2699 1166 2765 βλέποντες
1190 2700 1265 2753 τὰ
1287 2696 1443 2752 καλὰ
1482 2694 1648 2765 ὑμῶν
1675 2694 1838 2762 ἔργα,
1878 2684 2183 2754 δοξάσωσι
2234 2688 2349 2743 τὸν
2367 2690 2598 2758 Πατέρα
2624 2690 2792 2760 ὑμῶν
2829 2692 2936 2746 τὸν
2988 2694 3058 2747 ἐν
3090 2695 3223 2761 τοῖς
3257 2698 3551 2766 οὐρανοῖς.

398 2795 507 2848 Καὶ
548 2793 726 2865 τρίτον
772 2791 852 2846 ἔτι
906 2793 1052 2866 πρὸς
1078 2794 1304 2856 τούτοις,
1337 2788 1519 2860 φέρειν
1572 2784 1650 2857 τῷ
1694 2785 1884 2856 Κυρίῳ

328 2883 650 2957 προστάττει
702 2884 1004 2954 συμφώνως
1040 2886 1069 2937 ό
1109 2882 1245 2953 μετὰ
1274 2884 1458 2952 χεῖρας
1477 2877 1708 2949 ψαλμὸς,
1738 2877 1831 2929 καὶ
1855 2877 1884 2937 ὁ
1942 2936 1945 2939 _

326 2972 672 3044 ὲνενηκοστὸς
722 2973 986 3043 πέμπτος,
1032 2969 1184 3033 δόξαν
1230 2966 1452 3038 ὀνόματι
1492 2962 1673 3018 αὑτοῦ.
1728 2959 1884 3031 Αὐτῷ

330 3065 427 3135 μὲν
455 3062 564 3135 γὰρ
624 3061 1001 3137 προσφέρομεν
1026 3059 1182 3123 δόξαν
1208 3059 1295 3111 διὰ
1330 3055 1619 3128 δογμάτων,
1642 3051 1885 3125 ἐρρωμέ-

325 3172 463 3211 νων*
503 3155 639 3210 ἀλλὰ
680 3156 773 3208 καὶ
822 3152 1169 3229 τιμὴνλαὺτῷ
1216 3149 1610 3223 προσφέρομεν,
1658 3144 1883 3215 πειθαρ-

328 3248 545 3320 χοῦντες
604 3247 979 3320 προστάγματι
1016 3245 1265 3315 λέγοντι·
1320 3245 1462 3313 Τίμα
1488 3240 1616 3293 ’τὸν
1668 3237 1884 3305 Κύριον

326 3342 444 3397 ἀπὸ
487 3339 615 3394 σῶν
656 3339 898 3393 δικαίων
925 3340 1143 3400 πόνων,
1171 3334 1268 3389 καὶ
1286 3334 1555 3403 ἀπάρχου
1581 3330 1738 3397 αὐτῷ
1764 3328 1882 3384 ἀπὸ

325 3434 452 3487 σῶν
487 3431 1166 3501 καρπῶννδικαιοσύνης,
1216 3426 1306 3496 Τῷ
1354 3427 1410 3479 δὲ
1460 3424 1681 3494 ὀνόματι
1718 3418 1882 3475 αὐτοῦ

324 3521 479 3587 δόξαν
516 3521 908 3591 περιάπτομεν,
970 3515 1403 3585 ὲπειδάνλάμπῃ
1455 3514 1608 3583 ήμῶν
1639 3511 1705 3564 τὰ
1748 3510 1882 3582 ἔργα

324 3614 629 3685 ἔμπροσθεν
691 3613 799 3667 τῶν
850 3611 1181 3682 ἀνθρώπων·
1218 3608 1355 3682 ὥστε
1407 3605 1646 3678 ὁρῶντας
1688 3604 1883 3667 αὐτοὺς

288 3684 569 3771 ,δοξάζειν
615 3701 705 3754 τὸν
753 3700 972 3772 Πατέρα
1026 3699 1180 3769 ἡμῶν
1232 3699 1321 3751 τὸν
1360 3700 1417 3750 ἐν
1462 3698 1573 3759 τοῖς
1615 3695 1880 3766 οὐρανοῖς.

328 3780 514 3857 Ὅπως
528 3793 585 3846 δὲ
603 3793 752 3864 παρὰ
778 3794 889 3856 τοῖς
919 3791 1092 3845 ἔθνεσι
1118 3790 1178 3843 τὸ
1197 3790 1365 3860 ὄνομα
1392 3786 1555 3841 αὑτοῦ
1582 3784 1879 3853 δοξάζεται,

324 3885 472 3943 καὶῤ
521 3883 609 3939 διὰ
650 3884 747 3937 τοῦ
780 3886 1053 3956 προφήτου
1101 3867 1393 3953 παρίστησι
1458 3879 1612 3946 λόγος
1657 3877 1791 3947 πρὸς
1820 3878 1882 3929 τὸ

335 3972 599 4025 Ἰουδαίων
662 3971 811 4034 ἔθνος
884 3971 1294 4040 ἀποτεινόμενος
1344 3968 1438 4043 καὶ
1513 3967 1714 4035 λέγων·
1762 3969 1882 4020 Οὐκ

324 4060 456 4114 ἔστι
494 4078 613 4128 μου
654 4061 891 4129 θέλημα,
930 4061 1001 4139 ἐν
1045 4061 1206 4130 ὑμῖν,
1245 4059 1406 4129 λέγει
1472 4060 1685 4127 Κύριος
1731 4052 1881 4112 παν-

325 4149 636 4220 τοκράτωρ,
662 4152 779 4215 ,καὶ
835 4152 1055 4206 θυσίαν
1093 4154 1165 4205 οὐ
1204 4150 1607 4220 προσδέξομαι
1656 4151 1724 4205 ἐκ
1766 4151 1884 4205 τῶν

324 4240 533 4311 χειρῶν
574 4242 769 4313 ὑμῶν·
805 4243 952 4298 διότι
1007 4244 1123 4299 ἀπὸ
1147 4299 1149 4303 ,
1175 4235 1482 4312 ᾀνατολῶν
1513 4244 1689 4313 ἡλίου
1707 4244 1883 4314 μέχρι

323 4331 570 4401 δυσμῶν
587 4333 943 4399 δεδόξασται
967 4334 1033 4388 τὸ
1056 4333 1242 4404 ὄνομά
1256 4352 1374 4404 μου
1404 4335 1473 4389 ὲν
1497 4334 1621 4400 τοῖς
1643 4334 1845 4389 ἔθνεσι
1864 4351 1877 4364 ·

324 4426 701 4481 καὶένπαντὶ
724 4430 882 4495 τόπῳ
926 4428 1188 4498 θυμίαμα
1228 4426 1624 4497 προσφέρεται
1646 4426 1724 4492 τῷ
1749 4426 1873 4479 ὀνό-

2062 2784 2143 2838 Ad
2177 2783 2291 2837 haec
2323 2781 2505 2847 tertio,
2549 2798 2789 2850 praesens
2848 2785 3112 2854 psalmus,
3169 2791 3259 2841 cui
3290 2798 3555 2845 consonat

1982 2882 2369 2953 nonagesimus
2393 2880 2638 2951 quintus,
2672 2881 2919 2950 praecipit
2943 2881 3136 2937 all‘erre
3169 2882 3401 2939 Domino
3432 2884 3552 2955 glo-
3580 2876 3583 2885 ’

1982 2977 2121 3031 riam
2163 2975 2371 3030 nomini
2425 2974 2564 3044 ejus.
2617 2972 2725 3043 Ipsi
2792 2989 3048 3045 namque,
3106 2972 3213 3044 per
3250 2975 3551 3030 dnctrinam
3648 2977 3664 2993 ‘

1984 3066 2463 3138 sanam,‘gloriam
2522 3064 2835 3130 all‘erimus;
2876 3065 2971 3119 sed
3026 3074 3083 3120 et
3124 3065 3384 3121 honorem
3445 3064 3551 3135 ipsi

1986 3159 2284 3221 aﬂ‘erimus,
2315 3157 2361 3222 si
2384 3156 2512 3210 huic
2538 3152 2656 3223 ejus
2680 3162 2952 3224 praecepto
2969 3170 3256 3224 pareamus
3287 3172 3300 3209 :
3338 3154 3552 3209 Honora

1983 3250 2269 3307 Dominum
2299 3250 2361 3304 de
2396 3250 2500 3300 tuis
2527 3246 2689 3314 iustis
2726 3245 3019 3310 laboribus,
3066 3251 3113 3301 et
3136 3247 3401 3316 primitias
3424 3246 3553 3317 σπει-

1984 3346 2082 3413 ipsi
2109 3342 2173 3398 de
2204 3343 2307 3395 tuis
2326 3339 2555 3409 justitia:
2576 3336 2834 3405 fructibus
2859 3337 2935 3390 ⁸⁷.
2986 3336 3203 3392 Nomini
3230 3346 3409 3393 autem
3432 3339 3553 3405 ejus

1983 3434 2211 3506 gloriam
2233 3430 2607 3490 conciliamus,
2624 3427 2905 3496 siquando
2935 3427 3153 3482 luceant
3172 3444 3336 3497 opera
3363 3436 3551 3484 nostra

1984 3540 2166 3580 coram
2196 3521 2509 3578 hominibus
2530 3564 2544 3586 ,
2577 3520 2652 3573 ita
2707 3527 2768 3572 ut
2819 3518 3062 3572 videntes
3096 3518 3199 3587 ipsi
3250 3518 3553 3586 gloriﬁcent

1983 3615 2197 3668 Patrem
2227 3618 2476 3666 nostrum
2496 3611 2590 3680 qui
2613 3610 2668 3664 in
2698 3609 2852 3664 caelis
2886 3616 2989 3662 est.
3024 3607 3144 3673 Quo
3177 3618 3336 3677 pacto
3372 3618 3552 3663 autem

1982 3706 2144 3761 etiam
2175 3704 2333 3773 apud
2372 3711 2562 3774 gentes
2592 3701 2798 3756 nomini
2862 3700 2982 3768 ejus
3000 3764 3007 3773 λ
3034 3700 3209 3768 gloria
3258 3695 3547 3763 referatur,

1984 3795 2072 3849 hic
2100 3793 2373 3863 propheta:
2404 3809 2581 3849 sermo
2615 3793 2871 3855 declarat,
2906 3791 2999 3860 qui
3027 3788 3307 3845 Iudaicam
3336 3799 3549 3861 gentem

1983 3886 2224 3961 respicit,
2262 3893 2315 3939 et
2350 3888 2429 3939 sic
2461 3884 2621 3938 habet
2654 3900 2666 3941 ;
2702 3881 2825 3935 Non
2857 3890 2935 3934 est
2956 3881 3196 3934 voluntas
3232 3895 3348 3932 mea
3372 3880 3430 3932 in
3459 3896 3549 3933 υο-

1985 3974 2083 4036 bis,
2118 3973 2245 4027 dicit
2312 3973 2561 4026 Dominus
2611 3972 2960 4039 omnipolens,
3006 3979 3055 4024 et
3087 3971 3412 4041 sacriﬁcium
3446 3987 3551 4024 non

1984 4067 2233 4134 accipiant
2258 4065 2321 4119 de
2339 4063 2579 4117 manibus
2608 4065 2822 4127 vestris;
2844 4062 2908 4116 ab
2936 4070 3053 4116 ortu
3074 4062 3210 4117 enim
3240 4062 3368 4116 solis
3392 4078 3552 4132 usque

1985 4158 2051 4210 ad
2085 4173 2328 4209 occasum
2364 4156 2723 4227 glori/iratum
2749 4164 2827 4209 est
2877 4171 3063 4208 nomen
3093 4140 3261 4207 meum
3300 4153 3352 4205 in
3377 4152 3549 4221 genti-

1983 4250 2107 4311 bus,
2141 4258 2189 4302 et
2220 4250 2272 4300 in
2295 4249 2443 4300 omni
2470 4248 2582 4301 loco
2622 4248 2917 4317 thymiama
2934 4245 3154 4314 offertur
3180 4243 3380 4296 nomini
3409 4255 3545 4304 meo,

1980 4350 2029 4394 et
2071 4340 2391 4408 sacri/icium
2447 4338 2717 4392 mundum.
2760 4338 2898 4402 Quia
2940 4328 3188 4404 magnu/m
3243 4343 3320 4387 est
3360 4347 3549 4386 nomen

1986 4446 2151 4483 meum
2182 4430 2235 4482 in
2264 4428 2498 4500 gentibus
2526 4446 2543 4482 :
2572 4439 2738 4481 etuas
2762 4424 3027 4494 polluistis
3062 4422 3194 4475 illud
3216 4422 3281 4476 “.
3322 4421 3403 4475 Ad
3432 4421 3550 4477 hinc

318 4515 460 4585 μαι-ι
481 4533 600 4587 μου
628 4518 725 4571 καὶ
751 4520 931 4573 θυσία
957 4518 1206 4590 ’καθαράο
1235 4518 1383 4574 διότι
1411 4519 1566 4589 μέγα
1598 4519 1665 4572 τὸ
1699 4517 1883 4586 ὄνομά
1916 4532 1940 4585 ῑ

1987 4521 2162 4577 omnia
2190 4522 2252 4586 ii,
2276 4521 2368 4589 qui
2406 4520 2497 4571 lilii
2533 4516 2626 4571 Dei
2657 4531 2778 4573 esse
2796 4508 3176 4578 ‘declarantur,
3207 4514 3416 4569 scilicet
3453 4513 3545 4566 ﬁl‘ii

318 4626 436 4679 μου
454 4610 525 4663 ὲν
542 4609 665 4683 τρῖς
684 4609 927 4687 ἔθνεσιν
946 4612 1153 4687 ’.ὑμεῖς
1183 4611 1250 4665 δὲ
1275 4610 1684 4680 ,βε-δηλοῦντες
1710 4606 1880 4663 αὐτό.
1930 4652 1935 4658 ,

324 4703 467 4772 Πρὸς
492 4699 704 4765 ,τούτοις
750 4701 951 4759 ἅπασιν
982 4704 1032 4755 οἱ
1062 4702 1391 4773 δηλωθέντες
1431 4702 1538 4755 υἱοὶ
1581 4700 1673 4754 τοῦ
1725 4700 1880 4767 Θεοῦ,

324 4793 356 4862 ἢ
391 4792 495 4847 υἱοὶ
529 4788 645 4847 τῶν
664 4791 832 4865 κριῶν
876 4792 1184 4848 κελεύονται
1244 4798 1565 4866 προσκυνεῖν
1592 4792 1670 4863 τῷ
1696 4793 1885 4864 Κυρίῳ

323 4883 382 4934 ιν
413 4880 549 4955 αὐλῇ
568 4883 702 4956 ἁγία
724 4882 910 4938 αὑτοῦ.
940 4884 1012 4935 Οὐ
1034 4883 1143 4954 γὰρ
1167 4883 1271 4949 ἔξω
1291 4886 1389 4956 τῆς
1414 4884 1583 4954 αὐλῆς
1617 4882 1882 4953 βούλεται,

322 4971 443 5025 οὐδὲ
467 4974 967 5044 άνακεχωρημένως
1010 4971 1305 5035 ἱδιὰζοντας
1348 4974 1671 5043 προσκυνεῖν
1715 4971 1882 5042 αὐτῷ,

320 5059 434 5114 ἐλλ⁹
461 5058 811 5127 ἀπαντῶντας
831 5066 910 5129 είς
941 5065 1039 5136 τὴν
1081 5063 1402 5133 Ἐκκλησίαν
1432 5062 1615 5117 αὐτοῦ.
1659 5062 1802 5115 Ἀντὶ
1827 5062 1883 5116 δὲ

318 5153 435 5215 τοῦ,
484 5154 555 5207 ἐν
580 5154 742 5226 αὐλῇ
764 5158 905 5228 ἁγίᾳ
931 5158 1137 5221 αὐτοῦ,
1174 5160 1202 5210 ὁ
1244 5156 1340 5227 μὲν
1376 5150 1622 5219 Ἀκύλας,
1648 5156 1716 5207 ἐν
1758 5154 1894 5218 6m-~

320 5245 569 5329 .zpazslgt
608 5249 964 5319 ἡγιασμένη,
1007 5249 1265 5315 ἐξέδωκεν
1284 5265 1296 5277 ·
1320 5250 1347 5300 ὁ
1368 5247 1425 5300 δὲ
1456 5247 1768 5317 Σύμμαχος,
1814 5249 1883 5301 ὲν

319 5336 665 5423 duramenta
687 5339 845 5409 ἁγίᾳ.
885 5342 1264 5423 Βούλεταιγάρ
1304 5341 1507 5412 ἡμᾶς-ὁ
1556 5339 1709 5406 λόγος
1744 5340 1881 5411 μετὰ

1984 4609 2249 4675 arietum,
2266 4610 2525 4677 iubentur
2552 4606 2780 4660 adorare
2802 4603 3093 4659 Dominum
3115 4604 3170 4657 in
3197 4602 3319 4656 aula
3357 4608 3547 4667 sancta

1982 4705 2123 4773 ejus.
2156 4701 2232 4774 (l)
2257 4700 2375 4755 Non
2408 4700 2521 4753 vult
2553 4696 2701 4753 enim
2755 4705 2909 4775 extra
2947 4696 3147 4759 aulam,
3182 4709 3358 4763 neque
3386 4695 3439 4747 in
3462 4707 3548 4747 se-

1966 4794 2165 4854 cessu,
2193 4798 2288 4863 aut
2328 4778 2567 4843 semotos
2624 4787 2855 4839 adorare
2898 4785 3111 4853 ipsum;
3145 4782 3238 4837 sed
3290 4777 3550 4857 accedere

1981 4882 2134 4955 jubet
2154 4880 2222 4934 ad
2254 4878 2550 4934 Ecclesium
2570 4894 2744 4933 suam.
2784 4875 2928 4930 Loco
2950 4884 3129 4929 autem
3149 4873 3316 4935 illius,
3342 4871 3399 4923 in
3420 4867 3548 4924 aula

1986 4981 2169 5030 sancta
2198 4972 2310 5041 ejus
2330 5012 2344 5033 ,
2386 4970 2601 5040 Aquila,
2630 4971 2685 5023 in
2701 4968 2882 5021 decore
2910 4966 3273 5035 sanctiﬁcata;
3299 4960 3547 5034 Symma-

1991 5066 2126 5121 chus
2159 5059 2309 5126 vero,
2338 5062 2390 5116 in
2411 5062 2594 5139 decore
2643 5044 2847 5139 sancto,
2884 5057 3076 5113 edidit.
3110 5054 3233 5107 Vult
3258 5054 3403 5110 enim
3442 5069 3547 5110 nos

1991 5171 2115 5212 cum
2160 5154 2344 5210 debito
2385 5135 2605 5217 ornatu,
2640 5135 2713 5205 ac.
2735 5147 2847 5205 Deo
2897 5148 3093 5203 dilecta
3120 5144 3337 5214 justitia’
3363 5144 3551 5198 adora-

1991 5249 2195 5307 tionem
2230 5261 2506 5317 peragere,
2542 5240 2818 5297 sanctitati
2846 5251 3071 5310 prorsus
3118 5233 3329 5289 deditos
3360 5248 3423 5287 ac
3450 5233 3549 5288 de-

1985 5339 2119 5394 cori.

317 5410 759 5507 tvo-inﬂuenti;
782 5420 1008 5507 κόσμου,
1039 5439 1132 5492 καὶ
1171 5410 1269 5507 τῆς
1287 5410 1364 5507 τῷ
1385 5434 1503 5505 Θεῷ
1546 5432 1873 5505 προσφιλοῦς
1943 5433 2284 5521 δικαιοσύνης
2344 5432 2469 5509 τὴν-γ
2496 5427 2864 5501 προσκύνησιν
2927 5421 3217 5485 ποιεῖσθαι,
3258 5420 3409 5481 ὅλους
3448 5417 3546 5472 αὐ-

320 5527 447 5590 τοὺς
475 5527 533 5580 ὲν
559 5527 815 5600 ἁγιασμῷ
837 5528 1159 5600 γενομένους
1185 5529 1281 5584 καὶ
1305 5531 1360 5583 ὲν
1388 5525 1706 5598 εὐπρεπείᾳ.

425 5738 469 5770 ἰ
513 5739 667 5820 ςιτεςιι.
722 5757 866 5819 xuv,
910 5742 995 5797 17.
1069 5740 1115 5785 σε
1151 5724 1397 5805 ibid.ll.
1472 5732 1813 5799 “Maium;
1864 5705 1940 5789 1‘6.

2026 5734 2069 5765 ⁸⁷
2110 5704 2272 5786 Prov.
2310 5727 2473 5795 111,9.
2550 5725 2594 5758 “
2631 5723 2860 5781 Malach.
2889 5739 2926 5792 1,
2958 5718 3163 5775 10-12.

300 5994 301 6001 γ
392 5916 723 6007 (lleipsum
747 5921 855 5981 fere
883 5923 1115 5982 Basilius
1150 5922 1301 5986 dixit,
1329 5935 1432 5991 qua
1455 5916 1521 5973 de
1567 5931 1625 5972 re
1655 5914 1707 5977 in
1735 5912 2050 5991 praclatione
2074 5882 2287 5969 vidcsis
