4302 6394
816 467 926 523 255

810 669 966 722 statis
1003 669 1264 730 intonuit;
1307 668 1565 722 Dominus
1601 685 1755 738 super
1790 688 1955 740 aquas
1987 673 2204 727 multas.
2236 672 2372 738 Quia

811 777 936 818 cum
971 762 1025 816 in
1053 762 1255 818 vertice
1281 760 1513 816 Carmeli
1550 778 1643 816 aer
1671 778 1897 817 serenus
1925 772 2090 828 esset,
2121 765 2374 819 audiebat

811 871 995 910 vocem
1037 870 1303 926 aquarum
1338 854 1650 908 multarum.
1695 855 1772 908 Ac
1811 855 1856 910 si
1895 857 2016 927 quis
2063 857 2372 912 summatim

811 948 991 1002 omnia
1023 949 1244 1018 colligat
1274 962 1394 1016 qua:
1427 947 1480 999 in
1522 945 1702 1001 Veteri
1746 946 2096 1004 Testamento
2121 948 2188 1003 de
2219 949 2373 1018 aquis

811 1041 1082 1104 feruntur,
1119 1041 1165 1095 is
1199 1054 1332 1094 sane
1371 1037 1573 1093 videbit
1617 1039 1782 1094 illud:
1818 1040 2048 1107 Spiritus
2091 1040 2189 1093 Dei
2240 1040 2375 1108 {ere-

807 1134 962 1188 batur
986 1148 1142 1201 super
1173 1147 1362 1202 aquam
1388 1131 1431 1162 ⁶⁹
1455 1149 1468 1197 ;
1501 1139 1554 1186 et
1576 1132 1706 1186 illud
1734 1153 1746 1187 :
1777 1131 2018 1185 Educant
2047 1139 2198 1203 aqua:
2215 1134 2373 1201 repti-

806 1226 881 1280 lia
913 1225 1212 1278 animarum
1243 1224 1543 1287 viventium,
1568 1233 1616 1277 et
1651 1224 1892 1277 volatilia
1912 1224 1988 1287 7°;
2020 1239 2083 1278 ea
2125 1225 2252 1278 item
2279 1224 2373 1278 de-

798 1316 1100 1388 prehendet
1147 1332 1268 1386 qua:
1318 1317 1373 1371 in
1427 1316 1632 1369 diluvio
1679 1325 1828 1385 gesta
1887 1323 2048 1377 sunt,
2098 1315 2371 1385 quomodo

801 1406 1076 1470 videlicet,
1112 1421 1237 1459 cum
1266 1405 1452 1461 omnia
1479 1406 1637 1474 aquis
1670 1405 1955 1459 submersa
1983 1412 2183 1468 essent,
2221 1405 2370 1458 solus

796 1495 910 1552 Noe
948 1512 1073 1552 cum
1103 1497 1172 1552 iis
1203 1497 1295 1568 qui
1333 1497 1387 1551 in
1420 1511 1546 1551 arca
1577 1503 1736 1551 erant
1768 1497 1950 1552 salvus
1995 1497 2263 1559 evaserit,
2306 1512 2369 1550 ea

796 1588 968 1643 etiam
995 1605 1117 1660 qua:
1150 1589 1203 1642 in
1231 1587 1487 1660 Egypto,
1522 1597 1576 1642 et
1607 1588 1662 1642 in
1697 1589 1834 1642 mari
1865 1587 2069 1653 llubro,
2093 1596 2146 1644 et
2170 1603 2289 1657 quae
2315 1587 2368 1641 in

794 1677 1072 1747 Jordane,
1122 1698 1227 1752 qua
1263 1682 1472 1736 ratione
1509 1680 1600 1736 ﬁlii
1646 1679 1810 1737 lsrael
1844 1680 1994 1736 sicco
2026 1680 2162 1750 pede
2189 1689 2370 1736 trans-

801 1773 982 1828 ierint.
2268 1792 2270 1794 '

873 1864 1043 1921 Vens.
1079 1866 1131 1920 4.
1183 1866 1296 1921 Vox
1321 1865 1536 1919 Domini
1571 1867 1625 1918 in
1659 1865 1868 1920 virtute.
1897 1862 2032 1918 Nam
2063 1864 2156 1934 qui
2187 1865 2367 1918 omnia

1552 465 1821 522 EUSEBII
1860 465 2337 523 CIESABIENSIS
2373 466 2520 524 OPP.
2560 468 2738 524 PARS
2777 469 2866 524 Ill.
2903 500 2973 510 —
3012 467 3412 525 EXEGETICA.
3943 471 4005 539 εξ

882 574 1049 630 Vnus.
1089 576 1140 631 5.
1189 575 1299 630 Voa:
1339 576 1551 630 Domini
1596 595 1748 647 super
1799 595 1997 648 aquas,
2043 579 2181 634 Deus
2214 584 2379 652 maje-
2407 594 2452 648 Α
2549 586 2581 636 «ι

2363 615 2379 624 -
2407 594 2452 648 Α
2549 583 2720 650 Φωνὴ
2751 583 2967 650 Κυρίου
2997 583 3095 636 ἐπὶ
3131 582 3250 637 τῶν
3290 583 3538 647 ὑδάτων,
3568 590 3603 640 ό
3635 588 3778 654 Θεὸς
3805 584 3923 655 τῆς
3953 587 4061 642 δό-

3943 469 4062 529 256

2477 677 2589 744 ξης
2653 677 3006 744 ἐϐρόντησεο
3062 679 3274 745 Κύριος
3327 677 3428 731 ἐπὶ
3486 678 3721 733 ὑδάτων
3771 679 4060 738 πολλῶν.

2477 771 2618 830 Ὅτι,
2650 769 2862 840 αἰθρίας
2913 769 3077 841 οὔσης
3143 771 3234 824 ἐπὶ
3269 772 3368 845 τὴν
3399 773 3640 844 κορυφὴν
3683 773 3775 826 τοῦ
3807 773 4060 846 Καρμή-

2473 861 2585 925 λου,
2618 863 2782 932 ἣκουε
2823 863 3004 934 φωνὴν
3066 864 3270 918 ὑδάτων
3305 863 3534 918 πολλῶν.
3567 865 3678 918 Καὶ
3714 865 3872 931 ὅλως,
3920 883 4060 920 συν-

2474 953 2797 1022 αγαγὼνιτις
2825 955 2893 1008 τὰ
2909 957 2965 1009 ὲν
2981 959 3046 1027 τῇ
3073 956 3282 1028 Παλαιᾷ
3309 958 3436 1029 περί
3466 957 3670 1011 ὑδάτων
3702 958 4062 1029 ἀναγεγραμμ-

2478 1045 2632 1116 μένα,
2687 1048 2779 1099 καὶ
2825 1048 2901 1112 ὼς
2949 1049 3030 1111 τὸ,
3081 1048 3325 1118 Πνεῦμα
3363 1048 3470 1102 τοῦ
3520 1049 3667 1103 Θεοῦ
3720 1049 4060 1119 ἐπεφέρετο

2471 1139 2667 1192 ἐπάνω
2693 1141 2799 1193 τοῦ
2832 1140 3076 1206 ὕδατος
3121 1142 3214 1196 καὶ
3244 1141 3304 1196 τό
3324 1159 3337 1171 ·
3358 1142 3714 1212 Ἐξαγαγέτω
3752 1142 3823 1197 τὰ
3853 1141 4058 1196 ὕδατα

2471 1230 2684 1297 ἑρπετὰ
2715 1231 2931 1300 ψυχῶν
2972 1232 3172 1293 ζωσῶν
3202 1233 3298 1287 καί
3332 1234 3568 1288 πετεινὰ
3615 1233 3946 1304 πετόμεναι
3982 1234 4058 1290 τά

2470 1338 2527 1373 τε
2563 1323 2619 1374 ἑν
2645 1321 2723 1392 τῷ
2754 1324 3138 1394 κατακλυσμῷ,
3169 1326 3262 1390 ὡς,
3309 1328 3561 1380 ἁπάντων
3588 1326 3938 1400 ὑποϐρυχίων
3963 1343 4054 1394 γι-

2471 1415 2724 1483 νομένων,
2755 1415 2910 1484 μόνος
2942 1418 2970 1468 ὁ
3010 1418 3129 1469 Νῶε
3177 1420 3270 1471 καὶ
3311 1421 3359 1471 οἰ
3410 1421 3506 1472 σὺν
3548 1418 3695 1489 αὑτῷ
3724 1418 4053 1484 διεσώζοντο

2471 1503 2526 1552 ἐν
2556 1505 2619 1572 τῇ
2654 1503 2898 1573 κιϐωτῷ·
2931 1507 3024 1558 καὶ
3052 1506 3118 1559 τὰ
3161 1508 3252 1560 ἐπὶ
3281 1508 3378 1579 τῆς
3411 1507 3705 1576 Αἰγύπτου,
3737 1509 3832 1561 καὶ
3874 1509 3946 1562 τὰ
3987 1510 4052 1561 ὲν

2469 1595 2534 1663 τῇ
2574 1594 2804 1666 Ἐρυθρᾷ
2847 1595 3108 1671 θαλάσσῃ,
3138 1600 3230 1652 καὶ
3277 1599 3343 1652 τά
3384 1601 3441 1651 ὲν
3482 1599 3559 1671 τῷ
3597 1600 3857 1675 Ἰορδάνῃ,
3889 1601 4049 1665 ὅπως

2471 1685 2684 1756 ἀϐρόχῳ
2718 1687 2836 1740 ποδὶ
2863 1687 3171 1742 διεϐίϐασαν
3199 1691 3247 1742 οἱ
3277 1690 3379 1742 υἱοὶ
3422 1690 3653 1762 Ἰσραὴλ,
3683 1690 3892 1760 ὄψεται.

2539 1863 2708 1932 Φωνὴ
2739 1864 2956 1930 Κυρίου
2994 1865 3062 1917 ὲν
3088 1866 3272 1933 ἰσχύϊ.
3311 1867 3368 1919 Ὁ
3397 1867 3506 1938 γὰρ
3541 1867 3717 1921 πάντα
3749 1869 3951 1939 ἰσχύων
3983 1867 4048 1921 ὲν

800 1963 980 2025 potest
1024 1956 1078 2010 in
1128 1955 1350 2010 Christo
1399 1957 1491 2024 qui
1543 1968 1601 2007 se
1650 1951 1960 2015 coniortat,
2014 1951 2062 2006 is
2103 1961 2368 2022 praecepta
2402 1947 2440 2000 Β
2468 1974 2498 2009 τ

2345 1968 2368 2005 a
2402 1947 2440 2000 Β
2468 1957 2546 2028 τῷ
2591 1957 2970 2028 ἐνδυναμοῦντι
3012 1957 3170 2010 αὑτὸν
3216 1959 3452 2030 Χριστῷ,
3507 1955 3660 2025 οὗτος
3707 1963 3894 2015 ἀκούει
3925 1961 4044 2016 τῶν

802 2047 1017 2103 Domini
1052 2049 1224 2111 audit,
1265 2056 1320 2115 et
1345 2063 1406 2101 ea
1445 2045 1782 2115 exsequitur.
1827 2043 1944 2099 Vox
1983 2059 2114 2115 ergo
2157 2043 2368 2098 Domini

801 2155 910 2194 non
938 2140 992 2192 in
1017 2139 1182 2193 debili
1212 2153 1274 2193 ac
1299 2138 1477 2193 soluta
1515 2137 1716 2202 anima,
1752 2136 1846 2192 sed
1888 2137 1940 2190 in
1982 2137 2203 2192 robusta
2249 2151 2370 2206 quae

799 2233 1009 2287 naviter
1062 2231 1262 2286 bonum
1302 2239 1575 2300 operatur.
1644 2229 1757 2284 Vox
1806 2228 2020 2283 Domini
2067 2231 2122 2283 in
2168 2230 2370 2300 magni-

800 2325 1031 2394 ﬁcentia.
1063 2322 1179 2376 Non
1228 2337 1323 2393 per
1352 2336 1413 2376 ea
1447 2322 1660 2386 solum,
1714 2321 1912 2390 inquit,
1947 2335 2068 2390 quae
2097 2319 2164 2374 de
2212 2319 2368 2388 aquis

798 2411 943 2468 dicta
973 2413 1129 2469 nobis
1163 2423 1310 2477 sunt,
1333 2428 1436 2466 vos
1469 2410 1684 2465 Domini
1717 2411 2022 2466 declaratur
2043 2453 2057 2478 ,
2081 2410 2174 2465 sed
2203 2411 2367 2464 etiam

799 2523 896 2579 per
928 2509 1181 2563 virtutem
1222 2515 1276 2561 et
1326 2498 1788 2576 magniﬁcentiam
1822 2504 1964 2572 eius,
2000 2519 2162 2572 quam
2193 2503 2368 2558 oculis

801 2598 1205 2671 deprehendere
1239 2605 1440 2668 potest,
1471 2594 1727 2666 quisquis
1773 2595 2059 2649 confertim
2106 2595 2365 2649 mundum

802 2703 974 2748 totum
999 2707 1459 2762 quaquaversum,
1481 2699 1534 2745 et
1565 2700 1748 2760 partes
1780 2689 1900 2759 ejus
1931 2688 2207 2759 sigillatim
2237 2703 2367 2743 con-

795 2784 1118 2855 templatur,
1155 2797 1367 2837 necnon
1427 2781 1855 2836 inenarrabilcm
1909 2779 2360 2850 magnitudinem,

799 2875 1123 2932 iueﬂ'abilem
1156 2873 1640 2946 pulchritudinem,
1669 2887 1732 2927 ac
1763 2871 1931 2925 multa
1956 2871 2218 2926 varietate
2241 2887 2364 2942 spe-

795 2967 1074 3032 ctabilem,
1098 2982 1219 3037 qua:
1242 2965 1376 3030 ipsis
1401 2965 1564 3028 inest,
1593 2964 1938 3033 sapientiam.
1958 2962 2088 3027 Quze
2107 2965 2361 3018 nimirum

797 3067 1122 3129 potestatem
1144 3058 1511 3126 virtutemque
1539 3056 1916 3109 universorum
1939 3055 2150 3124 opiﬁcis
2180 3063 2362 3125 aperte

796 3156 1250 3206 commonstrant.
1283 3147 1419 3203 Hinc
1452 3147 1705 3218 estquod
1750 3162 2028 3202 sermones
2061 3149 2359 3218 praphetici

800 3243 893 3297 Dei
929 3241 1214 3311 scientiam
1251 3255 1282 3294 a
1317 3240 1687 3312 magnitudine
1719 3254 1942 3308 operum
1981 3239 2100 3308 ejus
2130 3241 2358 3294 mutuati

796 3333 926 3388 sint.
965 3331 1327 3398 Quamobrem
1353 3329 1494 3401 apud
1527 3328 1816 3385 Jercmiam
1852 3329 2057 3383 dictum
2091 3337 2207 3384 est:
2251 3329 2360 3382 Do-

799 3427 970 3480 minus
997 3426 1088 3496 qui
1128 3424 1251 3496 fecit
1284 3433 1477 3478 terram
1510 3424 1563 3477 in
1598 3421 1906 3491 fortitudine
1937 3438 2036 3477 sua
2059 3423 2126 3488 ⁷³,
2162 3433 2216 3476 et
2256 3437 2358 3477 ca:-

797 3527 936 3574 tera.
1646 3533 1648 3536 ’

866 3608 1032 3663 Vsus.
1069 3607 1123 3671 5,
1152 3607 1203 3662 θ.
1249 3606 1363 3662 Vox
1404 3605 1621 3659 Domini
1655 3602 2031 3675 confringentis
2060 3604 2240 3658 cedros
2265 3619 2280 3656 :
2308 3611 2357 3656 et

795 3702 1085 3772 confringet
1113 3699 1366 3755 Dominus
1402 3697 1580 3753 cedros
1608 3696 1818 3761 Libani,
1847 3707 1897 3752 et
1927 3699 2238 3752 comminuet
2268 3715 2357 3753 eas

798 3805 1049 3862 tanquam
1104 3793 1325 3847 vitulum
1375 3790 1596 3854 Libani,
1650 3801 1699 3846 et
1750 3790 1968 3845 dilectus
2024 3793 2355 3861 quemadmo-

796 3902 922 3940 aum
965 3887 1108 3955 ﬁlius
1155 3886 1507 3940 unicornium.
1553 3883 1669 3939 lloc
1715 3885 1844 3940 item
1896 3885 2055 3940 modo
2090 3887 2356 3956 interpre-

799 3977 932 4033 teris
959 3995 972 4031 :
1007 3991 1102 4046 per
1132 3977 1358 4032 vitulum
1384 3975 1598 4039 Libani,
1624 3975 1789 4030 ﬁlium
1822 3977 2182 4040 unicornium,
2210 3978 2356 4030 vide-

797 4075 890 4121 tur
911 4063 1340 4134 Hierosolymam
1375 4063 1643 4128 indicare,
1676 4073 1837 4136 atque
1859 4065 2008 4120 illum
2037 4066 2242 4136 pridem
2271 4065 2355 4120 di-

797 4160 996 4216 lectum
1029 4157 1198 4210 ﬁlium
1224 4156 1591 4212 unicornium.
1617 4156 1751 4211 Nam
1783 4173 1848 4213 ex
1879 4160 2084 4214 sanctis
2107 4157 2351 4228 patribus

795 4253 903 4307 orti
942 4259 1090 4314 sunt,
1135 4250 1232 4320 qui
1276 4248 1405 4302 olim
1457 4247 1747 4302 unicornes
1787 4249 2182 4313 vocitabantur,
2227 4250 2351 4318 quia

796 4361 906 4398 uno
934 4341 1042 4398 Deo
1075 4340 1242 4396 veluti
1274 4355 1443 4395 cornu
1477 4347 1605 4394 sunt
1639 4339 1721 4393 usi
1752 4358 1762 4392 :
1802 4353 1906 4408 qua
1940 4338 2008 4393 de
2055 4354 2112 4392 re
2151 4339 2350 4408 gloria—

796 4434 995 4488 bantur
1035 4431 1122 4486 his
1160 4431 1376 4486 verbis:
1430 4428 1494 4483 In
1538 4438 1584 4482 te
1607 4428 1843 4481 inimicos
1897 4414 2102 4480 nostros
2133 4428 2350 4480 ventila-

796 4522 964 4574 bimus
996 4537 1156 4574 cornu
1179 4522 1248 4575 ".
1274 4520 1514 4586 Quorum
1546 4519 1638 4573 lilii
1675 4517 1842 4583 luere,
1867 4517 2034 4572 duces
2062 4515 2252 4570 Snrion
2285 4534 2351 4572 ex

2471 2049 2694 2104 ἐντολῶν
2723 2051 2946 2122 Κυρίου,
2979 2051 3072 2102 καί
3102 2053 3262 2103 ποιεῖ.
3297 2051 3451 2122 Φωνὴ
3489 2049 3580 2106 οὖν
3609 2054 3813 2124 Κυρίου
3838 2055 3940 2108 οὑκ
3981 2055 4044 2108 ἑν

2468 2148 2534 2216 τῇ
2588 2145 2802 2198 ἀσθενεῖ
2841 2147 2934 2197 καὶ
2981 2144 3244 2217 λελυμένῃ
3289 2145 3454 2215 ψυχῇ,
3479 2145 3590 2198 ἀλλ’
3633 2148 3690 2198 ὲν
3718 2151 3784 2219 τῇ
3830 2147 4043 2218 εὑτόνῳ

2473 2238 2702 2312 ἰσχυρῶς
2744 2239 3184 2311 κατεργαζομένη
3227 2238 3288 2291 τὸ
3322 2237 3541 2306 ἀγαθόν.
3590 2238 3759 2306 Φωνὴ
3810 2240 4041 2308 Kvplov

2467 2331 2537 2383 ἐν
2572 2331 3070 2402 μεγαλοπρεπείᾳ.
3101 2332 3175 2383 Οὐ
3219 2329 3304 2382 διὰ
3333 2330 3528 2400 μόνων,
3565 2330 3716 2398 φησί,
3743 2332 3851 2384 τῶν
3877 2334 4039 2404 εἰρηο

2471 2421 2644 2491 μένων
2667 2423 2794 2491 ἡμῖν
2821 2439 2887 2473 πε
2899 2423 2949 2491 pl.
2979 2422 3182 2475 ὑδάτων
3213 2423 3244 2492 ὴ
3277 2421 3425 2492 φωνὴ
3451 2421 3777 2492 παρίσταται
3801 2422 3895 2475 τοῦ
3921 2424 4040 2476 Κυ-

2470 2514 2614 2583 ρίουο
2655 2511 2788 2565 ἀλλὰ
2819 2513 2913 2566 καὶ
2945 2513 3031 2566 διὰ
3059 2513 3157 2583 τῆς
3187 2513 3366 2585 ἰσχύος
3398 2513 3562 2566 αὑτοῦ
3599 2515 3692 2566 καὶ
3728 2513 3825 2582 τῆς
3858 2531 4038 2585 μεγα-

2466 2605 2814 2675 λοπρεπείας,
2844 2604 2911 2674 ἦν
2945 2605 3088 2658 ἔστιν
3127 2605 3418 2676 ὀφθαλμοῖς
3449 2605 3778 2676 κατανοῆσαι
3819 2605 4036 2678 ἀθρόως

2465 2695 2554 2749 τὸν
2584 2695 2870 2767 σύμπαντα
2898 2697 3099 2766 κόσμον
3131 2698 3418 2770 ἀπείρατα,
3462 2697 3605 2762 ἰδίως
3647 2716 3706 2751 τε
3737 2699 3804 2751 τὰ
3838 2698 4032 2752 τούτου

2467 2789 2606 2860 μέρη
2649 2788 3000 2860 θεασάμενον,
3025 2791 3093 2844 τά
3116 2807 3174 2842 τε
3205 2791 3404 2862 μεγέθη
3450 2790 3517 2844 τὰ
3542 2791 3904 2862 ἀνεκδιήγητα
3932 2793 4032 2846 καὶ

2463 2880 2531 2934 τὰ
2575 2882 2920 2953 άνέκιρραστα
2961 2882 3152 2954 κάλλη,
3199 2884 3300 2952 τήν
3343 2899 3401 2934 τε
3439 2884 3496 2934 ἐν
3535 2883 3714 2946 αὑτοῖς
3743 2884 4032 2956 ὁρωμένην

2464 2973 2836 3028 πολυποίκιλον
2894 2975 3115 3044 σοφίανο
3160 2974 3195 3028 ἃ
3241 2975 3306 3046 δὴ
3345 2975 3596 3044 τυγχάνει
3647 2976 4031 3046 παραστατικὰ

2461 3063 2559 3134 τῆς
2590 3065 2682 3118 τοῦ
2729 3067 3134 3137 συστησαμένου
3178 3064 3243 3118 τὰ
3291 3065 3466 3119 πάντα
3509 3065 3788 3136 δυνάμεως
3829 3083 3889 3120 τε
3931 3068 4029 3119 καὶ

2465 3151 2661 3221 ἰσχύος.
2691 3153 2880 3204 Ἔνθεν
2909 3155 2956 3205 οἱ
2983 3154 3304 3225 προφητικοὶ
3329 3153 3473 3221 λόγοι
3495 3153 3592 3224 τὴν
3623 3154 3897 3224 θεολογίαν
3916 3156 4028 3210 ἀπὸ

2460 3242 2557 3312 τῆς
2583 3242 2979 3314 μεγαλουργίας
3011 3243 3172 3296 αὑτοῦ
3208 3245 3640 3316 παρελάμϐανον.
3688 3246 3780 3299 Διὺ
3810 3247 4026 3318 εἴρηται

2461 3333 2611 3404 παρὰ
2639 3335 2714 3405 τῷ
2749 3333 3014 3407 Ἱερεμίᾳ·
3055 3337 3265 3404 Κύριος
3307 3339 3338 3390 ὀ
3379 3336 3637 3405 ποιήσας
3672 3337 3786 3407 τὴν
3812 3339 3928 3410 γῆν
3953 3341 4026 3394 ἐν

2460 3423 2736 3495 τῇλσχύϊ
2759 3427 2966 3492 αὑτοῦ,
3007 3427 3098 3480 καὶ
3133 3427 3200 3480 τὰ
3229 3426 3374 3499 ἑξῆς.

2527 3607 2696 3676 Φωνὴ
2738 3608 2955 3676 Κυρίου
2989 3609 3415 3677 συντρίϐοντος
3455 3607 3736 3676 κέδρους·
3779 3609 4022 3678 ampl-

2457 3699 2556 3764 ψει
2605 3699 2820 3766 Κύριος
2857 3698 2963 3764 τὰς
3001 3698 3252 3766 κέδρους
3303 3697 3409 3751 τοῦ
3453 3696 3735 3752 Λιϐάνου’
3779 3698 3878 3751 καὶ
3915 3701 4020 3752 .18-

2455 3789 2670 3842 πτυνεῐ
2705 3787 2890 3854 αὐτὰς
2918 3789 2997 3853 ὡς
3029 3788 3134 3840 τὸν
3165 3790 3403 3857 μόσχον
3444 3789 3566 3842 τοῦθ
3592 3788 3849 3842 Λιϐάνου
3891 3789 4020 3861 (sic)

2455 3879 2552 3932 καὶ
2592 3883 2624 3934 ό
2662 3878 3044 3950 τἰγαπημένος
3073 3880 3153 3944 ὡς
3185 3879 3314 3944 υίὸς
3337 3879 3778 3949 μονοκερὼτων.
3817 3881 3888 3932 Ἢ
3923 3883 4020 3936 καὶ

2453 3968 2653 4032 οὕτως’
2683 3970 2895 4039 Μόσχον
2939 3968 3080 4021 ἔοικε
3126 3968 3377 4034 Λιϐάνου,
3419 3970 3508 4023 τὸν
3554 3971 3668 4024 υἱὸν
3717 3971 4018 4046 μονοκερώ-

2455 4076 2582 4125 των,
2612 4059 2707 4129 τὴν
2743 4058 3093 4130 Ἰερουσαλὴμ
3119 4059 3447 4128 λέγεινλκαὶ
3486 4060 3574 4114 τὸν
3601 4061 3766 4115 πάλαι
3795 4065 4016 4136 ἠγαπη-

2457 4147 2613 4216 μένον
2646 4146 2757 4200 υἱὸν
2801 4147 3200 4218 μονοκεριῖηων.
3253 4150 3404 4202 Ἐπεὶ
3451 4150 3698 4222 πατέρων
3731 4152 4016 4220 γεγόνασιν

2455 4240 2643 4308 ἁγίων,
2685 4241 2880 4303 οἵτινες
2927 4239 3170 4308 ἐλέγοντο
3218 4243 3604 4313 μονοκέρωτες,
3633 4243 3723 4298 διὰ
3763 4245 3824 4298 τὸ
3869 4246 4021 4316 μόνῳ.

2453 4328 2570 4400 Θεῷ
2607 4331 2793 4402 κέρατι
2819 4331 3137 4402 κεχρῆσθαι,
3163 4333 3237 4396 ὡς
3263 4335 3347 4388 ἐπ’
3371 4334 3517 4404 αὐτῷ
3541 4336 3894 4407 σεμνύνεσθαι
3917 4338 4014 4393 καὶ

2451 4423 2648 4492 λέγειν·
2693 4423 2788 4475 Ἐν
2819 4423 2919 4477 σοὶ
2947 4423 3086 4490 τοὺς
3125 4426 3374 4495 ἐχθροὺς
3403 4427 3569 4496 ἡμῶν
3609 4430 4011 4498 κερατιοῦμεν.

2452 4509 2550 4568 Ὧν
2582 4515 2686 4568 υἱοὶ
2731 4515 3013 4584 γεγόνασιν
3044 4517 3092 4569 οἰ
3127 4516 3414 4588 ἡγούμενοι
3453 4518 3560 4572 τῶν
3604 4521 3667 4572 ὲκ
3712 4521 4011 4592 περιτομῆς

795 4612 1234 4676 circumcisione,
1270 4613 1350 4666 sic
1374 4617 1517 4666 enim
1550 4613 1603 4666 in
1645 4612 1764 4666 aliis
1794 4611 2124 4665 editionibus
2153 4623 2426 4695 vocanv'D
2454 4610 2492 4661 Σ

2310 4623 2426 4695 μου
2454 4609 2662 4680 Σαρίων
2689 4609 2761 4680 (ἰ)
2790 4607 3017 4662 ἐνταῦθα
3039 4611 3362 4694 κεκλημένοι
3379 4613 3516 4667 κατὰ
3547 4613 3645 4677 τὰς
3673 4615 3834 4678 ἄλλας
3861 4616 4009 4669 ἐκδό-

795 4714 905 4769 tur,
940 4721 1048 4775 qua
1087 4720 1218 4758 voce
1262 4705 1515 4773 principes
1547 4705 1942 4772 signiﬁcantur.
1989 4704 2095 4759 Eos
2127 4705 2352 4758 commi-

796 4798 1016 4854 natione
1051 4797 1309 4852 contrivit
1343 4811 1461 4859 sua,
1496 4811 1602 4850 una
1636 4813 1758 4850 eum
1785 4797 2152 4866 Hierosolyma
2187 4811 2348 4865 quam

792 4892 1022 4946 vitulum
1056 4896 1110 4944 et
1169 4888 1435 4943 Libanum
1489 4894 1785 4954 nuncupat.
1847 4885 1903 4941 ld
1965 4888 2108 4940 enim
2168 4895 2349 4955 aperte

795 4981 1043 5036 Ezechiel
1065 4972 1326 5051 propheta
1355 4977 1680 5050 signiﬁcavit
1701 4977 1786 5031 his
1808 4977 2017 5032 verbis:
2040 4976 2166 5031 Hau:
2187 4977 2346 5029 dicit:

793 5075 987 5146 Aquila
1007 5072 1224 5144 grandis
1249 5077 1558 5142 magnarum
1581 5069 1808 5134 alarum,
1833 5069 1981 5139 longo
2002 5071 2346 5124 membrorum

792 5167 976 5229 ductu,
1018 5165 1170 5232 plena
1221 5163 1505 5233 unguibus,
1550 5162 1860 5228 ductumque
1905 5160 2054 5212 habet
2097 5170 2150 5213 ut
2183 5163 2350 5228 ingre-

781 5258 975 5311 diatur
999 5258 1053 5310 in
1085 5255 1364 5318 Libanum,
1389 5264 1437 5308 et
1465 5255 1582 5308 tulit
1605 5253 1799 5307 seleeta
1829 5251 1988 5315 cedri,
2019 5252 2345 5304 summitates

796 5349 1062 5421 frondium
1093 5357 1419 5409 tenerorum,
1465 5355 1512 5398 et
1541 5344 1728 5396 detulit
1762 5359 1824 5396 ea
1857 5341 1909 5394 in
1949 5351 2141 5394 terram
2186 5341 2348 5395 Chal—

794 5441 1029 5495 da'orum
1074 5437 1374 5510 [Chanaan]
1417 5437 1480 5490 ⁷³.
1541 5435 1670 5502 Quae
1721 5437 1836 5506 ipse
1883 5433 1937 5486 in
2001 5433 2344 5504 sequentibus

797 5530 1180 5602 interpretatur
1229 5528 1456 5584 dicens:
1506 5526 1644 5580 Cum
1676 5525 1871 5580 venerit
1919 5522 2028 5577 Rea:
2060 5524 2344 5595 Babylonis

865 5684 908 5717 ⁶⁹
934 5685 1128 5740 Genes.
1161 5699 1200 5749 ι,
1227 5683 1281 5737 2.

2459 4704 2590 4763 σεις,
2621 4701 2648 4753 ὃ
2682 4703 3043 4772 ἑρμηνεύεται
3067 4701 3370 4770 ἄρχοντες,
3392 4703 3484 4766 οὒς
3505 4704 3698 4774 ἀπειλῇ
3729 4705 4009 4776 συνέτριψε

2458 4789 2593 4860 μετὰ
2621 4790 2720 4860 τῆς
2761 4790 3133 4862 Ἰερουσαλὴμ,
3159 4793 3224 4863 ἣν
3253 4793 3449 4864 μόσχον
3481 4792 3584 4863 ἔφη
3624 4794 3718 4847 καὶ
3758 4793 4004 4849 Λίϐανον.

2455 4883 2645 4952 Σαφῶς
2676 4883 2782 4954 γὰρ
2818 4883 3075 4955 Ἰεζεκιὴλ
3112 4884 3140 4936 ὁ
3170 4887 3453 4956 προφήτης
3494 4886 3652 4938 τοῦτο
3696 4885 4007 4956 παρέστησε

2453 4975 2658 5045 φήσας·
2706 4973 2849 5029 Τάδε
2892 4974 3086 5042 λέγει·
3141 4977 3193 5028 Ὀ
3231 4977 3403 5041 ἀετὸς
3451 4980 3484 5030 ό
3523 4977 3709 5046 μέγας
3750 4979 3783 5030 ό
3827 4993 4006 5045 μετα-

2450 5066 2833 5135 λοπτέρυτος,
2875 5069 2906 5120 ό
2931 5067 3158 5136 μακρὸς
3190 5066 3264 5136 τῇ
3305 5067 3561 5132 ἐκτάσει,
3596 5066 3832 5136 πλήρης
3879 5069 4004 5122 ὀνύ-

2453 5173 2574 5223 χων
2600 5157 2667 5222 ὃς
2690 5157 2814 5225 ἔχει
2844 5157 2909 5210 τὸ
2939 5157 3135 5227 ἤτημα
3165 5159 3458 5212 εἰσελθεῖν
3483 5162 3568 5224 εἰς
3594 5158 3702 5211 τὸν
3727 5159 4004 5221 Λίϐανον,

2452 5248 2548 5301 καὶ
2581 5248 2755 5303 ἔλαϐε
2791 5247 2864 5302 τὰ
2886 5250 3168 5304 ὲπίλεκτα
3210 5248 3317 5317 τῆς
3349 5249 3581 5318 κέδρου,
3616 5250 3686 5304 τὰ
3712 5249 3864 5319 ἄκρα
3896 5249 4006 5317 τῆς

2451 5341 2842 5409 άπιιλότητος,
2886 5343 2983 5396 καὶ
3038 5342 3292 5412 ἤνεγκεν
3343 5341 3494 5396 αὐτὰ
3549 5329 3636 5408 εἰς
3687 5342 3804 5412 γῆν
3855 5344 4006 5396 Χαλ-

2449 5430 2654 5484 δαίων’
2682 5431 2717 5486 ἃ
2743 5435 2836 5486 καὶ
2858 5433 2945 5486 διὰ
2969 5433 3076 5486 τῶν
3105 5433 3229 5503 ἑξῆς
3254 5435 3564 5505 ἡρμήνευσε
3593 5433 3764 5502 λέγων
3789 5449 3802 5464 ·
3833 5434 4005 5484 Ὅταν

2450 5522 2594 5592 ἔλθῃ
2619 5525 2916 5592 βασιλεὺς
2942 5525 3296 5593 Βαϐυλῶνος
3321 5527 3422 5581 ἐπὶ
3468 5523 3874 5596 Ἰερουσαλὴμ,
3904 5506 4004 5575 καί

1380 5683 1424 5712 ⁷ο
1457 5679 1585 5738 ibid.
1617 5679 1706 5735 20.
1783 5669 1850 5741 τί,
1879 5677 2076 5734 Jercm.
2104 5695 2157 5742 Χ,
2183 5679 2267 5733 l2.
2343 5678 2390 5710 τ’
2417 5676 2560 5732 Psal.
2593 5695 2741 5747 sun,
2772 5681 2823 5736 6.
2901 5680 2946 5712 ⁷³
2975 5678 3079 5749 Ere

1783 5669 1850 5741 τί,
1879 5677 2076 5734 Jercm.
2104 5695 2157 5742 Χ,
2183 5679 2267 5733 l2.
2343 5678 2390 5710 τ’
2417 5676 2560 5732 Psal.
2593 5695 2741 5747 sun,
2772 5681 2823 5736 6.
2901 5680 2946 5712 ⁷³
2975 5678 3172 5749 Ειθειλο
3197 5697 3330 5747 ιν¹¹ν
3362 5683 3414 5738 δ·

806 5859 808 5863 ·
865 5840 940 5910 (l)
974 5839 1088 5894 Vox
1112 5842 1388 5910 Σαρίων,ιι
1412 5841 1632 5910 reliquis
1659 5842 2042 5911 interpretibus
2087 5857 2365 5912 expressa,
2405 5857 2465 5896 cx
2503 5841 2767 5900 llebraico
2821 5843 3000 5902 Sirion
3050 5841 3298 5903 conferta
3333 5847 3416 5899 est
3441 5855 3457 5906 ;
3483 5837 3834 5912 Septuaginta
3873 5849 4000 5894 vero

791 5914 1119 5983 lulerpretcs
1153 5914 1516 5984 ἠγαπημένον,
1541 5912 1806 5978 dilectum,
1832 5916 2174 5969 tramstulcre.
