4302 6436
378 514 445 567 ει
491 575 495 579 ,
1466 517 1971 577 COMMENTARI‘A
2012 523 2079 578 1N
2116 520 2453 581 PSALMOS.
3469 538 3578 594 es;

340 630 597 702 λήψεται
620 633 727 687 τὸν
758 630 1022 695 ,βασιλέα
1049 633 1239 705 αὐτῆς
1274 638 1369 691 καὶ
1394 638 1497 691 τὸν
1524 639 1785 709 ἄρχοντα
1808 645 1911 696 αὺ-
1939 653 1981 706 Α
2014 644 2039 697 ἡ

1876 662 1911 688 ν-
1939 653 1981 706 Α
2014 644 2066 697 in
2110 642 2407 723 Jerusatem
2434 687 2447 711 ,
2523 654 2753 699 assumet
2810 663 2978 717 regem
3042 666 3156 716 (ηαδ
3186 661 3235 705 et
3291 653 3575 726 principem

342 724 470 795 τῆς.
524 724 757 789 Τούτους
796 725 905 798 γὰρ
943 726 1229 782 ἐπίλεπτα
1277 725 1369 779 καὶ
1414 728 1565 798 ἂκρα
1612 732 1912 801 κέκληκεν
2013 753 2041 806 e

1878 753 1912 787 ν
2013 736 2126 806 ejus
2151 736 2290 790 "-93.
2307 735 2417 791 llos
2443 737 2634 791 selecto
2659 746 2833 806 vocat,
2860 750 2909 795 et
2932 744 3258 799 summitates
3305 724 3577 814 frondium

340 817 741 886 ἁπαλότητος.
787 820 1005 891 Μόσχον
1032 820 1090 873 δὲ
1130 821 1299 891 αὐτῆς
1342 838 1472 893 φησι
1516 824 1576 877 τὸ
1620 824 1912 896 θυσιαστή-
2014 838 2039 882 ιε

1873 851 1912 896 ί·
2014 838 2311 883 tenerorum
2361 830 2501 900 ejus.
2532 830 2776 885 Vitulum
2816 840 2993 888 autem
3019 835 3160 905 ejus,
3189 837 3359 894 altare
3393 850 3572 905 vocat,

345 925 476 981 ριον,
508 912 565 964 ὲν
590 906 634 979 ᾧ
664 912 895 984 μόσχους
925 913 1018 967 καὶ
1048 913 1236 978 θυσίας
1261 914 1521 985 ἀνέφερον
1543 935 1555 946 ’
1582 917 1618 970 ἃ
1645 917 1708 989 δὴ
1736 920 1911 973 πάντα

342 1002 724 1077 συντέτριπται
767 1004 907 1075 μετά
921 1006 1154 1077 Σαρίων,
1173 1008 1200 1060 ὃ
1231 1007 1376 1083 ἐστιν
1406 1008 1700 1079 ἀρχόντων.
1722 1011 1907 1077 Οὕτως

339 1087 431 1145 οὖν
460 1111 593 1165 φησι
624 1095 901 1167 συντρίψει
931 1098 1024 1150 καὶ
1066 1098 1189 1162 τοὺς
1224 1100 1280 1151 ἐν
1328 1102 1438 1162 τοῖς
1466 1100 1671 1165 λοιποῖς
1703 1101 1908 1158 ἔθνεσιν

337 1184 570 1252 ἀσεϐεῖς,
610 1188 736 1251 τοὺς
763 1188 1153 1260 ἐπαιρομένους
1177 1189 1252 1253 ὡς
1278 1190 1377 1254 τὰς
1422 1191 1645 1263 κέδρους
1676 1191 1768 1245 τοῦ
1805 1196 1900 1247 Λι-

337 1279 521 1335 ϐἀνου.

406 1370 575 1439 Φωνὴ
606 1371 824 1440 Κυρίου
864 1373 1269 1440 συσσείοντος
1297 1373 1538 1445 ἔρημον,
1580 1378 1905 1432 συσσείσει

334 1464 549 1533 Κύριος
588 1464 703 1534 τὴν
741 1467 961 1536 ἔρημον
1006 1464 1224 1532 Κάδης.
1269 1454 1507 1540 Ἀληθῶς
1549 1469 1655 1541 γὰρ
1699 1472 1731 1542 ἡ
1769 1470 1907 1543 σύμ-

334 1575 482 1611 πασα
512 1556 617 1611 τῶν
650 1558 951 1633 ἀνθρώπων
983 1544 1294 1632 οἰκουμένη,
1325 1551 1528 1633 ἔρημος
1554 1560 1688 1616 οὖσα
1712 1565 1904 1635 πρότε-

336 1669 425 1723 ρον
456 1651 591 1706 Θεοῦ
617 1655 866 1722 γνώσεως
892 1655 984 1708 καὶ
1008 1654 1306 1719 εὐσεϐείας,
1345 1655 1659 1727 συνεσείσθη
1696 1657 1782 1710 διὰ
1808 1655 1901 1710 τοῦ

330 1746 681 1815 εὐαγγελικοῦ
715 1750 1084 1820 κηρύγματος,
1129 1748 1203 1813 ὡς
1236 1748 1558 1820 μεταϐαλεῖν
1597 1750 1765 1821 αὐτὴν
1795 1751 1902 1805 ἀπὸ

329 1840 528 1903 κακίας
572 1842 652 1902 εἰς
682 1839 900 1912 ἀρετὴν,
950 1841 1044 1895 καὶ
1073 1842 1178 1895 ἀπὸ
1211 1841 1432 1909 ἀγνοίας
1470 1844 1549 1906 εἰς
1591 1844 1927 1917 ἐπιστήμην,

330 1928 498 1984 θείαν.
526 1931 751 2000 Γέγονεν
785 1926 876 1985 οὖν
904 1932 962 1999 ἐξ
993 1934 1197 2004 ἐρήμου
1232 1933 1542 2005 οἰκουμένη.

396 2112 568 2181 Φωνὴ
622 2116 844 2185 Κυρίου
905 2113 1394 2185 καταρτιζομένου
1450 2113 1735 2185 ἐλάφους,
1798 2115 1897 2169 καὶ

326 2204 704 2274 ἀποκαλύψει
745 2204 1025 2273 δρυμοὺς,
1056 2204 1154 2258 καὶ
1194 2207 1262 2258 ἐν
1301 2204 1380 2271 τῷ
1410 2206 1535 2272 ναῷ
1564 2207 1748 2261 αὐτοῦ
1779 2207 1898 2274 πᾶς

326 2314 416 2364 τις
457 2297 619 2367 λέγει
671 2297 877 2364 δόξαν.
929 2300 1189 2369 Ἑλάιρους
1219 2299 1349 2372 γὰρ,
1390 2300 1574 2373 φησιν,
1623 2303 1650 2355 ὁ
1694 2300 1910 2371 Κύριος.

326 2392 793 2462 καταρτισάμενος
818 2409 830 2420 ·
863 2389 1000 2456 ζῶον
1046 2392 1344 2464 φιλέρημον
1374 2392 1686 2461 ὁφιοκτόνον
1712 2396 1899 2465 τεκαὶ

324 2483 685 2557 κερασφόρον,
723 2485 817 2539 καὶ
861 2484 1003 2538 κατά
1036 2485 1126 2539 τὸν
1174 2485 1337 2556 νόμον
1397 2485 1658 2558 καθαρὸν,
1707 2487 1767 2540 ὃν
1814 2486 1897 2554 ἐξ·

326 2572 573 2645 ἐπεμψεν
591 2576 671 2638 είς
689 2575 787 2646 τὴν
806 2574 1240 2647 προδηλωθεῖσαν
1271 2574 1495 2647 ἔρημον.
1525 2579 1586 2631 Οἱ
1612 2579 1668 2631 δὲ
1695 2577 1896 2649 ταύτην

324 2648 707 2738 διαδραμόντες
736 2667 861 2729 τοὺς
893 2668 950 2718 ὲν
980 2666 1115 2736 αὐτῇ
1149 2665 1301 2735 ὄφεις
1332 2671 1445 2733 τοῖς
1488 2670 1695 2725 ἑαυτῶν
1736 2690 1894 2725 κατε-

323 2756 572 2829 πάτησαν
603 2758 747 2837 ποσὶ,
777 2757 954 2810 πάντα
1001 2774 1059 2809 τε
1091 2756 1157 2810 τὰ
1188 2760 1244 2810 ἐν
1272 2762 1335 2828 τῇ
1364 2761 1554 2837 ἐρήμῳ
1594 2764 1770 2817 ίοϐόλα
1803 2764 1898 2836 θη-

326 2847 412 2920 ρία
443 2832 661 2920 μακρὰν
698 2847 981 2921 ἀπήλασαν
1006 2865 1018 2878 °
1047 2840 1121 2904 ὧν
1162 2834 1480 2916 ἐλαθέντων,
1516 2832 1896 2927 ἀπεκαλύφθη-

325 2956 421 2994 σαν
449 2943 497 2994 οἱ
530 2941 724 3012 δρυμοί
749 2958 762 2971 ’
795 2932 904 2996 Καὶ
943 2941 1012 2995 ἐν
1052 2940 1132 3007 τῷ
1166 2940 1290 3007 ’ναῷ
1325 2941 1443 3014 πᾶς
1474 2963 1562 3011 τις
1600 2947 1761 3017 λέγει
1792 2948 1893 3002 δό-

322 3031 454 3098 ξαν.
501 3033 711 3104 Σφόδρα
737 3034 978 3107 ἀκριϐῶς
1005 3033 1250 3106 εἴρηται·
1282 3037 1389 3095 Καὶ
1420 3036 1488 3089 ἐν
1518 3037 1599 3104 τῷ
1640 3039 1762 3105 ναῷ
1793 3043 1896 3094 αὐ-

323 3124 427 3178 τοῦ
472 3121 591 3191 πᾶς
626 3142 715 3191 τις
754 3128 920 3195 λέγει
972 3124 1192 3190 δόξαν·
1237 3127 1420 3180 οὐκέτι
1469 3126 1577 3200 γὰρ
1630 3129 1892 3195 Ἰουδαῖοι,

2012 922 2066 975 in
2095 939 2202 993 quo
2225 924 2423 978 vitulos
2454 931 2508 978 et
2549 923 2816 979 sacriﬁcia
2846 925 3161 983 oll‘erebant.
3199 928 3329 996 Quae
3367 934 3573 998 omnia,

2011 1033 2117 1070 una
2146 1033 2270 1071 cum
2307 1016 2512 1081 Sariis,
2547 1016 2599 1070 id
2640 1027 2725 1073 est
2772 1018 3113 1089 principibus
3158 1021 3298 1090 ejus,
3335 1024 3574 1078 contrita

2009 1123 2157 1164 sunt.
2193 1108 2289 1177 Ita,
2328 1110 2524 1179 inquit,
2569 1106 2889 1166 caeterarum
2926 1113 3164 1181 gentium
3202 1114 3397 1185 impios
3440 1131 3573 1172 con-

2008 1205 2167 1265 teret,
2201 1200 2291 1270 qui
2324 1202 2497 1255 instar
2528 1200 2818 1256 cedrorum
2852 1199 3043 1258 Libani
3079 1194 3445 1275 erigebantur.

2078 1378 2243 1436 Vnus.
2272 1380 2325 1435 8.
2386 1380 2499 1454 γοα)
2548 1380 2764 1436 Domini
2812 1382 3153 1438 concutientis
3192 1384 3474 1449 desertum,
3522 1394 3571 1441 et

2006 1474 2341 1528 commovebit
2390 1472 2651 1530 Dominus
2696 1476 2959 1531 desertum
3013 1476 3202 1532 Cades.
3241 1476 3380 1533 Vere
3427 1486 3573 1534 lotus

2002 1568 2151 1623 orbis
2185 1568 2487 1642 hominum,
2510 1584 2634 1622 cum
2663 1578 2790 1625 ante
2818 1568 2914 1624 Dei
2944 1570 3253 1641 cognitione
3288 1586 3350 1625 ac
3377 1571 3575 1641 pietate

2002 1668 2206 1709 vacuus
2235 1664 2287 1709 et
2330 1655 2580 1713 desertus
2615 1666 2793 1721 esset,
2828 1673 2925 1727 per
2964 1661 3331 1730 evangelicam
3374 1662 3573 1730 praedi-

2003 1748 2271 1801 cationem
2307 1757 2616 1802 commotus
2651 1756 2770 1812 cst,
2822 1749 2897 1801 ita
2932 1760 2988 1803 ut
3018 1765 3047 1803 a
3088 1752 3331 1821 nequitia
3359 1753 3426 1806 ad
3457 1753 3570 1809 vir-

2003 1848 2208 1904 tutem,
2246 1838 2313 1892 ab
2356 1840 2662 1908 ignorantia
2698 1838 2765 1892 ad
2788 1841 3071 1894 scientiam
3109 1842 3345 1895 divinam
3382 1849 3566 1899 trans-

2005 1940 2228 1985 mearet.
2276 1929 2353 1983 Ex
2387 1930 2601 1987 deserto
2647 1931 2812 2003 igitur
2844 1932 3121 1988 habitatus
3150 1933 3298 1988 orbis
3340 1933 3585 1995 eﬂectus.

1928 2022 1970 2077 B
1998 2032 2127 2078 est“

2070 2114 2235 2170 Vens.
2271 2114 2452 2169 9—H.
2507 2113 2618 2168 Vox
2645 2113 2856 2167 Domini
2888 2106 3237 2183 praeparantis
3280 2133 3473 2180 ceruos,
3516 2130 3567 2173 et

1997 2204 2244 2260 reuelabit
2285 2194 2569 2268 condensa,
2603 2214 2650 2258 et
2687 2206 2740 2259 in
2792 2205 2984 2276 templo
3025 2206 3137 2274 ejus
3181 2223 3357 2263 omnes
3395 2209 3565 2263 dicent

1997 2301 2244 2371 gloriam.
2280 2298 2414 2353 Nam
2462 2298 2757 2364 Dominus,
2792 2299 3004 2370 inquit,
3041 2315 3231 2357 cervos
3278 2312 3564 2371 praeparat.

1998 2391 2095 2445 Est
2121 2392 2321 2447 animal
2357 2391 2669 2447 solitudinis
2698 2405 2913 2455 amans,
2948 2392 3299 2466 serpentibus
3327 2392 3565 2457 exitiale,

1996 2492 2050 2537 et
2079 2491 2392 2548 cornutum,
2428 2493 2589 2554 atque
2634 2483 2934 2539 secundum
2968 2484 3138 2556 legem
3167 2488 3429 2541 mundum
3462 2495 3566 2551 est,

1997 2587 2060 2625 ac
2094 2573 2149 2624 in
2173 2572 2493 2641 prmdictum
2522 2573 2798 2629 desertum
2825 2572 3086 2631 emissum
3124 2574 3243 2630 fuit.
3270 2575 3375 2643 Qui
3406 2592 3571 2647 porro

1996 2662 2270 2718 desertum
2304 2663 2620 2732 hujusmodi
2650 2673 3001 2735 percurrunt,
3036 2674 3318 2736 serpentes
3341 2667 3573 2739 pedibus

1997 2756 2112 2810 suis
2143 2764 2449 2825 proterunt,
2475 2758 2772 2826 omniaque
2822 2767 3089 2812 venenata
3131 2761 3187 2813 in
3235 2775 3419 2815 eremo
3447 2762 3568 2814 ani-

1997 2849 2159 2902 malia
2221 2848 2411 2918 procul
2462 2847 2707 2918 abigunt.
2764 2847 2975 2913 Quibus
3024 2848 3268 2919 depulsis
3330 2852 3568 2906 revelata

1997 2952 2125 2997 sunt
2159 2949 2448 3011 querceta,
2482 2948 2530 2993 et
2560 2940 2614 2992 in
2659 2941 2849 3006 templo
2884 2940 2999 3008 ejus
3039 2958 3217 2995 omnes
3254 2941 3429 2996 dicent
3450 2943 3568 3013 glo-

1996 3034 2151 3086 riam.
2191 3032 2412 3085 Summa
2447 3038 2595 3085 certe
2646 3032 3000 3086 accuratione
3043 3031 3249 3086 dictum
3277 3041 3382 3098 est,
3430 3045 3479 3089 et
3512 3037 3566 3091 in

1999 3126 2185 3194 templo
2213 3125 2325 3196 ejus
2362 3141 2537 3179 omnes
2575 3123 2745 3178 dicent
2775 3123 3035 3195 gloriam;
3066 3140 3173 3179 non
3200 3128 3344 3181 enim
3368 3125 3562 3193 Judaei,

322 3216 439 3270 οὐδὲ
459 3219 486 3271 ὁ
514 3219 579 3271 ὲκ
610 3217 913 3290 περιτομῆς
950 3216 1097 3282 λαδς,
1135 3218 1269 3273 ἀλλὰ
1299 3220 1405 3283 πᾶς
1427 3238 1511 3285 τις
1555 3223 1583 3275 ὁ
1615 3220 1673 3287 ἐξ
1718 3222 1895 3276 ἀπάν-
1996 3235 2021 3273 ιι

1867 3251 1895 3263 -
1996 3234 2171 3289 neque
2217 3219 2561 3295 populus‘ex-
2583 3216 3035 3282 circumcisione,
3078 3218 3174 3274 sed
3213 3220 3460 3291 quisquis
3498 3237 3564 3277 ex

324 3325 425 3364 των
452 3308 559 3364 τῶν
594 3309 761 3364 ἐθνῶν
785 3309 1154 3382 ἐπιστραφείς.
1188 3313 1400 3380 Κύριος
1442 3312 1624 3383 ἰσχὺν
1652 3314 1732 3381 τῷ
1765 3314 1893 3381 λαῷ
1926 3367 1965 3383 Α
1996 3326 2023 3366 0

1865 3314 1893 3381 ᾖ
1926 3367 1965 3383 Α
1996 3311 2253 3374 omnibus
2283 3311 2536 3382 gentibus
2572 3318 3007 3374 conversusest.
3039 3309 3293 3366 Dominus
3324 3314 3564 3370 uirtutem

322 3403 505 3457 αὑτοῦ
541 3402 749 3458 δώσει·
783 3404 996 3473 Κύριος
1041 3402 1361 3473 εὐλογήσει
1394 3404 1498 3459 τὸν
1522 3402 1677 3459 λαὸν
1702 3406 1893 3461 αὑτοῦ
1923 3400 1966 3429 “
1998 3420 2021 3473 μ

1867 3406 1893 3461 ῡ
1923 3400 1966 3429 “
1998 3404 2186 3473 populo
2222 3419 2318 3458 suo
2348 3400 2534 3466 dabit;
2567 3401 2829 3456 Dominus
2859 3400 3121 3458 benedicet
3166 3406 3355 3474 populo
3384 3422 3478 3461 suo
3509 3407 3566 3461 in

322 3495 389 3549 ἐν
413 3495 641 3566 εἰρήνῃ.

844 3586 1135 3641 ΨΑΛΜΟΣ
1171 3584 1346 3639 ΩΔΗΣ

322 3678 456 3732 ΤΟΥ
477 3679 946 3734 ΕΓΚΑΙΜΣΜΟΥ
970 3680 1105 3733 ΤΟΥ
1129 3679 1340 3735 ΟΙΚΟΥ
1364 3680 1506 3736 ΤΟΥ
1534 3681 1735 3757 ΔᾼΥΙΔ
1759 3683 1888 3740 ΚΘ’.

389 3809 527 3865 Ἀλλ’
562 3811 705 3867 εἴποι
738 3811 824 3879 τίς
866 3812 931 3868 ἂν
968 3810 1108 3885 πρὸς
1147 3814 1323 3881 τοῦτο,
1354 3813 1429 3878 ὡς
1461 3808 1717 3887 οὐδεμίαν
1750 3819 1893 3872 οἰκο-

320 3902 485 3975 δομῆς
512 3904 661 3958 οἴκου
690 3904 874 3977 ἢναοῦ
908 3909 1142 3961 ποιεῖται
1176 3907 1395 3979 μνήμην
1420 3923 1432 3937 ·
1468 3905 1585 3960 οὐδέ
1619 3925 1701 3972 τις
1736 3909 1891 3978 λόγος

319 3982 465 4050 ἐστὶν
503 3998 561 4051 ὲν
595 3997 674 4069 τῷ
715 3998 914 4071 ψαλμῷ
952 3999 1247 4072 δυνάμενος
1286 3999 1546 4072 ἁρμόζειν
1594 4002 1888 4070 ὲγκαινίοις

318 4088 486 4157 οἴκου,
546 4091 623 4157 ὼς
675 4093 889 4165 νομίσαι
952 4092 1073 4148 τινὰ
1139 4093 1231 4147 ἐπὶ
1298 4094 1634 4165 ὲγκαινισμῷ
1683 4094 1776 4148 τοῦ
1831 4098 1887 4149 ὲν

330 4179 715 4255 Ἱεροσολύμοις
738 4182 844 4237 νεὼ
869 4185 959 4238 τὸν
986 4184 1344 4257 προκείμενον
1371 4184 1583 4256 ψαλμὸν
1614 4188 1883 4258 εἰρῆσθαι.

331 4272 465 4333 Ἀλλ’
505 4274 628 4328 ἐπεὶ
659 4275 1107 4349 προγέγραπται,
1143 4275 1316 4348 ᾨδῆς
1362 4278 1749 4347 ἐγκαιγισμοῦ
1780 4279 1885 4334 τοῦ

317 4364 521 4422 οἴκουο
578 4369 771 4423 σκόπει
818 4371 1027 4441 μήποτε
1080 4370 1227 4424 οἶκον
1270 4370 1501 4425 ἐνταῦθα
1546 4373 1643 4445 τὴν
1692 4373 1884 4427 ἑαυτοῦ

317 4455 489 4529 ψυχὴν
516 4458 841 4513 αἰνίττεται·
884 4461 942 4512 ὲν
1036 4458 1098 4513 τὸ
1130 4459 1269 4515 θεῖον
1300 4462 1541 4535 Πνεῦμα,
1575 4463 1650 4529 ὡς
1686 4466 1742 4518 ὲν
1772 4465 1885 4537 ναῷ

316 4551 539 4622 οίκῆσάν
583 4568 734 4617 ποτε,
774 4550 951 4624 καιρῷ
981 4568 1085 4623 τινι
1124 4551 1327 4625 ἔρημον
1360 4556 1528 4627 αὐτὴν
1569 4557 1882 4611 καταλέλοι-

317 4657 434 4708 πεν,
496 4643 854 4718 ἀναχωρῆσαν
905 4630 1013 4698 διὰη
1048 4642 1147 4716 τὴν
1206 4644 1686 4719 πλημμεληθεῖσαν
1736 4650 1882 4722 αὐτῷ

1925 3566 1944 3579 .
1999 3512 2142 3567 pace.

2451 3584 2776 3641 PSALMUS
2815 3584 3090 3642 CANTICI

2099 3683 2151 3738 L
2181 3681 2245 3736 ΙΝ
2273 3678 2730 3735 DEDICATIONE
2768 3678 3004 3734 DOMUS
3040 3677 3247 3734 DAVID
3272 3678 3460 3734 XXIX.

2065 3816 2171 3872 Sed
2207 3814 2440 3870 fortasse
2461 3813 2733 3884 quispiam
2756 3812 2825 3867 ad
2848 3811 2963 3867 haec
2989 3810 3211 3878 dixerit,
3248 3812 3396 3884 quod
3434 3813 3560 3868 uul—

1994 3913 2099 3965 Iam
2125 3910 2213 3965 hic
2244 3914 2535 3965 structurae
2573 3906 2769 3962 domus
2816 3906 2930 3962 sive
2974 3906 3158 3978 templi
3205 3906 3370 3962 faciat
3402 3921 3559 3963 men-

1989 4004 2191 4059 tionem
2230 4020 2243 4056 :
2303 4015 2402 4060 nec
2435 3999 2716 4070 quidpiam
2750 3996 2804 4051 in
2839 3997 3049 4067 psalmo
3078 3999 3381 4070 reperiatur
3412 3998 3559 4071 quod

1990 4095 2157 4168 possit
2188 4093 2519 4149 dedicationi
2550 4092 2747 4148 domus
2778 4088 3201 4161 competere,'ut
3251 4093 3375 4163 quis
3406 4102 3565 4163 puta-

1987 4184 2125 4238 verit
2170 4180 2237 4235 de
2275 4181 2460 4252 templi
2505 4180 2983 4255 llierosolymitani
3040 4179 3565 4257 dedicatione‘hunc

1987 4273 2253 4343 psalmum
2281 4271 2692 4340 pronuntiatum
2723 4269 2912 4325 fuisse.
2946 4266 3146 4324 Verum
3178 4273 3438 4341 quoniam
3475 4274 3558 4329 in-

1987 4363 2567 4420 scribiturzPsalmus
2613 4362 2806 4416 cantici
2862 4361 2915 4414 in
2968 4348 3298 4416 dedicatione
3329 4362 3554 4430 domus,

1986 4459 2138 4525 mihi,
2164 4472 2372 4527 quaeso,
2393 4454 2728 4520 consideres,
2754 4469 2881 4508 num
2904 4452 2993 4507 hic
3018 4466 3113 4523 per
3135 4453 3377 4517 domum,
3402 4470 3558 4511 suam

1986 4554 2158 4623 ipsam
2203 4549 2439 4603 animam
2475 4542 2761 4601 adumbret
2802 4564 2816 4599 :
2872 4544 2925 4597 in
2979 4558 3088 4614 qua
3137 4560 3261 4599 cum
3318 4542 3558 4616 Spiritus

1999 4648 2218 4697 sanctus
2249 4656 2348 4694 ceu
2378 4640 2430 4692 in
2461 4636 2663 4707 templo
2716 4631 3008 4705 aliqUando
3038 4632 3360 4696 habitasset,
3416 4651 3557 4705 quo-

302 4734 455 4788 ’κατά
499 4736 589 4791 τὸν
628 4736 830 4808 Οὐρίαν
873 4736 966 4791 καὶ
1011 4735 1108 4807 τὴν
1153 4736 1341 4791 τούτου
1384 4742 1617 4807 γυναῖκα
1658 4741 1889 4813 πρᾶξιν·
1925 4728 2001 4784 Πί

1857 4761 1889 4778 η·
1925 4728 1968 4784 D
1996 4734 2118 4789 dam
2142 4740 2386 4801 tempore
2413 4729 2682 4783 desertam
2713 4740 2831 4780 eam
2865 4722 3103 4795 reliquit,
3139 4735 3303 4795 atque
3327 4726 3556 4781 recessit

316 4816 380 4871 δι’
411 4822 477 4893 ἢν
508 4822 602 4876 καὶ¹
635 4823 794 4896 μέχρι
827 4823 918 4879 τοῦ
963 4823 1193 4880 θανάτου
1245 4826 1576 4899 κατελήλυθε
1597 4870 1611 4895 ,
1660 4831 1727 4885 τὰ
1780 4834 1885 4904 πρὸ

316 4909 538 4967 θάνατον
578 4917 934 4989 ἁμαρτήσαςο
982 4917 1208 4990 δυνάμει
1255 4918 1312 4971 δὲ
1356 4920 1477 4972 τότε
1530 4922 1625 4985 καὶ
1670 4923 1751 4986 εἰς
1794 4924 1884 4979 τὸν

315 5000 547 5071 λάκκον,
598 5009 692 5063 καὶ
742 5011 822 5073 είς
862 5009 955 5063 τὸν
997 5009 1129 5083 ᾅδην
1177 5009 1514 5083 κατηνέχθη,
1572 5013 1774 5087 κατέϐη
1823 5033 1883 5069 τε

315 5096 526 5167 ἀληθῶς
551 5101 633 5165 είς
657 5101 951 5174 διαφθοράν
970 5120 982 5133 ·
1030 5101 1107 5167 ὡς
1135 5100 1224 5156 διὰ
1268 5101 1440 5157 ταῦτα
1474 5102 1691 5174 θρήνοις
1719 5105 1882 5159 αὐτὸν

316 5189 604 5260 σχολάσαι,
658 5195 862 5251 σάκκον
912 5213 973 5250 τε
1032 5197 1149 5251 ἀντί
1180 5195 1280 5267 τῆς
1325 5195 1603 5268 βασιλικῆς
1656 5197 1884 5268 ἐσθῆτος

314 5281 721 5354 περιϐαλέσθαι.
767 5287 907 5341 Ἀλλ’
952 5288 1139 5361 ἐπειδὴ
1189 5287 1462 5359 ἀξιόλογον
1512 5288 1883 5361 ἐνδειξάμενος

311 5371 619 5444 μετάνοιαν,
655 5377 845 5431 ἑαυτόν
890 5396 951 5433 τε
986 5380 1222 5444 κολάσας
1266 5381 1360 5435 καὶ
1407 5382 1878 5453 τιμωρησάμενος,

310 5464 511 5528 ἱκανῶς
533 5483 592 5519 τε
620 5468 1033 5541 ἐγκαρτερήσας
1059 5475 1179 5537 ταῖς
1210 5472 1676 5545 ἐξομολογήσεσιν,
1710 5475 1882 5546 ἐπαγ-

312 5556 494 5624 γελίαν
534 5556 780 5627 ἀφέσεως
823 5560 925 5631 τῆς
972 5563 1242 5633 ἁμαρτίας
1292 5565 1518 5638 εἴληφε,
1561 5563 1649 5618 διὰ
1692 5566 1785 5637 τοῦ
1818 5569 1881 5621 ἐκ

317 5649 627 5723 σπέρματος
650 5648 813 5704 αὐτοῦ
840 5651 1296 5725 προελευσομένου
1313 5655 1568 5729 Χριστοῦ,
1599 5656 1880 5728 μέλλοντος

317 5742 408 5796 καὶ
438 5743 627 5816 μέχρις
671 5742 797 5814 ᾅδου
842 5744 1270 5816 καταϐήσεσθαι·
1317 5750 1539 5813 είκότως
1571 5750 1668 5821 τῆς
1714 5768 1879 5825 κατη-

317 5835 467 5902 φείας
514 5834 846 5907 μεταϐαλὼν,
879 5837 974 5891 καὶ
1002 5837 1102 5908 τῆς
1131 5840 1215 5910 ἐφ’
1241 5835 1322 5904 οἷς
1358 5842 1652 5914 ἐτόλμησεν
1686 5843 1875 5915 ἐξομο-

318 5929 616 5998 ιογήσεως,
656 5928 1001 6001 εὐχαριστίαν
1043 5932 1354 6004 ἀναπέμπει
1398 5934 1474 6005 τῷ
1514 5935 1633 6006 Θεῷ
1665 5935 1869 6007 λέγων’

392 6077 503 6123 ﬁ.“
526 6080 720 6142 Ezeeh.
753 6101 882 6150 xvu,
911 6084 997 6143 12.

1989 4829 2060 4883 ob
2089 4833 2359 4900 patratum
2393 4822 2446 4876 in
2473 4819 2658 4875 Uriam
2689 4826 2743 4872 et
2765 4832 2989 4875 uxorem
3015 4818 3135 4888 ejus
3159 4817 3406 4887 facinus;
3434 4820 3558 4877 ideo

1991 4923 2057 4978 ad
2092 4929 2317 4975 mortem
2353 4930 2525 4987 usque
2573 4912 2829 4985 delapsus
2879 4921 2984 4981 est,
3029 4913 3158 4984 quia
3215 4914 3281 4970 ad
3324 4925 3554 4972 mortem

1990 5020 2341 5087 peccaverat;
2396 5009 2504 5064 imo
2550 5009 2763 5064 ratione
2806 5008 3041 5079 quadam
3076 5024 3247 5078 usque
3276 5008 3341 5062 ad
3374 5009 3553 5095 lacum

1989 5117 2043 5164 et
2075 5106 2142 5162 ad
2188 5103 2458 5159 infernum
2491 5101 2761 5157 deductus
2792 5109 2896 5165 est,
2937 5116 3001 5153 ac
3051 5100 3228 5170 reipsa
3272 5098 3552 5155 descendit

1952 5248 1957 5257 ,
1991 5203 2046 5255 in
2080 5196 2523 5266 corruptionem;
2560 5195 2634 5249 ita
2670 5203 2727 5249 ut
2759 5210 2821 5250 ea
2849 5192 2915 5248 de
2944 5206 3109 5247 causa
3135 5190 3345 5245 ﬂetibus
3375 5203 3434 5244 se
3456 5190 3553 5245 de-

1985 5291 2145 5354 derit,
2174 5304 2235 5342 ac
2265 5302 2366 5357 pro
2403 5288 2547 5358 regia
2580 5296 2732 5343 veste
2767 5302 2986 5346 saccum
3035 5284 3288 5341 induerit.
3320 5284 3389 5335 At
3424 5286 3553 5354 quia

1986 5392 2277 5456 postquam
2308 5380 2530 5451 dignam
2589 5382 2837 5442 exhibuit
2890 5378 3285 5451 paenitentiam,
3332 5390 3395 5429 ac
3430 5391 3552 5432 sese

1985 5468 2267 5546 castigavit
2297 5480 2460 5544 atque
2493 5473 2729 5545 punivit,
2762 5470 3195 5543 congruentique
3223 5475 3465 5536 tempore
3494 5468 3550 5523 in

1984 5566 2424 5629 confessionibus
2451 5567 2851 5639 perseveravit,
2895 5561 3205 5621 remittcudi
3261 5559 3370 5617 sibi
3418 5573 3545 5630 pec-

1984 5664 2089 5719 cati
2119 5661 2538 5734 promissionem
2592 5667 2787 5714 nactus
2826 5666 2930 5735 est,
2963 5670 3057 5725 per
3089 5651 3365 5707 Christum
3397 5651 3543 5706 st'ilie

1983 5762 2069 5811 cet
2123 5768 2188 5809 ex
2240 5752 2361 5822 ejus
2414 5750 2623 5807 semine
2670 5750 3040 5820 proditurum,
3073 5751 3126 5797 et
3168 5741 3233 5797 ad
3268 5740 3546 5799 infernum

1983 5841 2156 5916 usque
2188 5844 2617 5907 descensurum;
2646 5840 2773 5911 jure
2817 5854 2847 5892 a
2881 5836 3103 5891 tristitia
3135 5842 3189 5889 et
3215 5850 3242 5887 a
3276 5834 3547 5891 scelerum

1979 5937 2324 5994 confessione
2378 5934 2702 5997 transl-atus,
2734 5931 2939 6003 gratias
2975 5928 3084 5999 agit
3141 5926 3269 5990 Deo,
3305 5927 3497 5985 dicetis
3525 5945 3547 5965 ο
