4302 6418
769 512 873 567 239

1294 503 1555 561 EUSEBII
1596 502 2073 559 CESARIENSIS
2110 503 2258 561 ΟΡΡ.
2316 503 2493 557 PARS
2556 502 2731 559 ill.—
2767 475 3203 559 EXEGETICA.’

3877 510 3995 561 ιω

770 619 1015 684 Domine,
1058 619 1283 671 eduxiin
1313 617 1375 669 ab
1406 616 1607 685 inferno
1639 617 1873 668 animam
1894 631 2081 679 meam,
2113 615 2329 668 salvasti
2358 638 2399 690 Α
2429 620 2469 669 Κ

2293 615 2329 666 ti
2358 638 2399 690 Α
2429 616 2621 682 Κύριε,
2641 614 2932 682 ἀνήγαγες
2959 614 3027 677 ἐξ
3050 613 3196 681 ᾅδου
3216 614 3325 683 τὴν
3348 618 3556 683 ψυχήν
3577 633 3715 684 μου,
3743 616 3992 683 ἔσωσάς

772 727 855 767 me
875 728 910 766 a
939 710 1358 765 descendentibus
1389 711 1443 761 in
1480 710 1650 762 locum
1678 725 1695 761 :
1732 711 2044 776 luctumque
2079 723 2237 761 suum
2270 708 2326 760 in

774 803 1012 857 laetitiam
1041 818 1257 856 versum
1298 802 1384 854 his
1408 801 1590 854 verbis
1622 800 1981 853 testiﬁcatur:
2013 798 2326 853 Convertiin

767 893 1031 962 planctum
1057 909 1225 945 meum
1254 894 1309 944 in
1336 890 1590 960 gaudium
1621 891 1770 953 mihi,
1796 890 2096 943 conscidisti
2119 906 2327 943 saccum

770 1001 935 1039 meum
967 996 1014 1039 et
1058 984 1448 1037 circumdedisti
1494 1000 1575 1035 me
1625 982 1830 1035 laetitia.
1876 982 2011 1035 Cum
2043 981 2211 1050 igitur
2237 981 2324 1035 hic

767 1070 1009 1139 domum,
1054 1074 1277 1127 Davidis
1304 1074 1538 1126 animam
1570 1072 1810 1126 indicare
1840 1079 2323 1126 commonstratum

768 1167 873 1229 sit,
910 1165 1140 1233 hujusce
1186 1164 1383 1218 domus
1416 1161 1748 1217 dedicationi
1786 1176 1906 1231 qua:
1942 1160 2031 1214 hic
2071 1159 2325 1214 dicuntur

767 1257 1002 1326 aptanda
1030 1261 1178 1309 sunt.

843 1432 1002 1488 Vens.
1034 1434 1089 1495 2,
1122 1434 1174 1487 5.
1217 1431 1483 1485 Exaltabo
1517 1441 1583 1496 te,
1612 1430 1848 1493 Domine,
1874 1432 2121 1499 quoniam
2147 1448 2323 1486 susce-

765 1522 892 1593 pisti
917 1538 1015 1584 me,
1045 1538 1135 1573 nec
1163 1520 1433 1574 delectasti
1467 1520 1708 1573 inimicos
1745 1536 1883 1572 meos
1908 1535 2060 1587 super
2088 1537 2186 1588 me.
2211 1520 2323 1573 Do-

766 1616 904 1669 mine
947 1615 1083 1667 Deus
1108 1630 1272 1675 meus,
1307 1614 1534 1666 clamavi
1563 1612 1630 1663 ad
1665 1621 1732 1674 te,
1765 1622 1813 1665 et
1842 1614 2047 1665 sanasti
2082 1630 2179 1667 me.
2215 1612 2323 1665 Do-

767 1706 923 1767 mine,
950 1705 1180 1757 eduxisti
1212 1704 1274 1755 ab
1306 1705 1507 1770 inferno
1535 1705 1763 1755 animam
1792 1719 1981 1768 meam,
2010 1704 2323 1769 salvastime

765 1814 799 1853 α
820 1795 1243 1849 descendentibus
1273 1797 1328 1849 in
1358 1797 1551 1848 locum.
1606 1793 1730 1848 llaec
1775 1793 1945 1848 David
1979 1797 2032 1849 in
2069 1782 2323 1866 praesenti

764 1889 973 1958 psalmo
1008 1888 1173 1953 dicit;
1212 1889 1265 1941 iu
1297 1889 1559 1956 vigesimo
1608 1889 1841 1958 septimo
1875 1872 2078 1952 autem,
2109 1889 2181 1940 ita
2212 1892 2318 1941 cla-

2422 725 2497 775 με
2524 706 2639 759 ἀπὸ
2677 704 2793 758 τῶν
2824 708 3297 759 καταϐαινόντων
3334 710 3419 771 είς·
3458 706 3705 767 λάκκον,
3755 708 3994 777 μεταδε-

2428 796 2649 868 6λῆσθαί
2702 794 2772 849 τε
2808 796 2956 867 αὑτῷ
2999 797 3067 849 τὰ
3110 797 3200 850 τοῦ
3250 797 3473 863 πένθους
3520 801 3597 861 εἰς
3648 799 3993 872 εὐφροσύνην

2429 889 2676 961 σημαίνει
2709 888 2801 941 καὶ
2832 888 2896 941 δι’
2919 883 2992 940 ὧν
3024 890 3213 959 φησίν
3244 891 3571 958 Ἔστρεψας
3604 890 3709 943 τὸν
3730 892 3995 946 κοπετὸν

2426 985 2511 1047 είς
2566 980 2757 1049 χαρὰν
2810 980 2971 1048 ἐμοί·
3022 979 3332 1047 διέρῤηξας
3387 983 3491 1034 τὸν
3550 981 3783 1035 σάκκον
3838 974 4019 1051 μου,

2426 1073 2520 1126 καὶ
2556 1071 2909 1140 περιέζωσάς
2943 1088 3019 1139 με
3059 1074 3457 1140 εὐφροσύνην.
3495 1073 3842 1143 Δεδειγμένου
3875 1075 3995 1128 τοί-

2426 1182 2520 1218 νυν
2552 1163 2644 1215 τοῦ
2686 1164 2833 1216 οἰκον
2862 1164 2959 1232 τῆς
2998 1160 3089 1215 τοῦ
3124 1162 3280 1215 Δαυῒδ
3311 1164 3504 1233 ψυχῆς,
3540 1164 3647 1236 ἄρα
3686 1165 3763 1235 τῷ
3796 1168 3993 1233 ἐγκαι-

2425 1254 2600 1325 νισμῷ
2652 1254 2744 1306 τοῦ
2792 1252 3026 1305 τοιούτου
3073 1252 3222 1305 οἴκου
3279 1244 3601 1325 ἐφαρμόζειν
3652 1254 3720 1307 τὰ
3764 1253 3995 1325 προκεί-

2430 1363 2585 1416 μενα.
3488 1379 3498 1389 .

2507 1433 2756 1504 ’Υψώσω
2788 1452 2879 1499 σε,
2922 1436 3116 1502 Κύριε,
3155 1434 3242 1489 ὅτι
3274 1434 3567 1500 ὑπέλαϐές
3592 1451 3667 1504 με
3686 1474 3698 1498 ,
3743 1435 3837 1487 καὶ
3871 1436 3992 1489 οὐκ

2424 1527 2732 1596 ηὔφρανας
2781 1526 2917 1591 τοὺς
2968 1528 3217 1593 ἐχθρούς
3264 1544 3380 1595 μου
3436 1527 3526 1578 ἐπ’
3570 1527 3717 1588 ἐμοί.
3751 1525 3994 1594 Κύριεὸ

2429 1621 2569 1684 Θεός
2594 1637 2732 1687 μου,
2768 1616 3061 1684 ἐκέκραξα
3105 1616 3252 1684 πρὸς
3283 1617 3387 1677 σὲ,
3422 1618 3519 1670 καὶ
3562 1617 3705 1671 ὶάσω
3727 1636 3845 1687 μοι.
3873 1619 3994 1673 Κύ-

2418 1730 2531 1780 ριε,
2572 1712 2866 1781 ἀνήγαγες
2896 1711 2963 1777 ἐξ
3003 1710 3149 1778 ᾅδου
3187 1710 3300 1777 τὴν
3331 1696 3541 1778 ψυχήν
3565 1728 3703 1777 μου,
3746 1708 3993 1776 ἑσωσάς

2421 1818 2497 1873 με
2530 1802 2645 1857 ἀπὸ
2694 1802 2813 1857 τῶν
2854 1802 3325 1856 καταϐαινόντων
3367 1804 3453 1866 είς
3495 1802 3743 1855 λάκκον.
3802 1802 3992 1855 Ταῦτα

2432 1897 2528 1967 μὲν
2560 1897 2588 1947 ὁ
2612 1894 2771 1948 Δαυῒδ
2808 1894 2892 1947 διὰ
2929 1894 3022 1946 τοῦ
3072 1893 3207 1963 μετὰ
3245 1896 3429 1964 χεῖρας
3470 1892 3680 1963 ψαλμοῦ
3710 1894 3885 1962 λέγει·
3929 1895 3993 1946 ὲν

763 1980 945 2033 mabat
977 1981 1089 2048 ipse
1116 1999 1127 2033 :
1160 1979 1246 2031 Ad
1276 1992 1343 2042 te,
1374 1979 1607 2044 Domine,
1631 1980 1891 2043 clamabo,
1921 1978 2059 2033 Deus
2084 1995 2247 2041 meus,
2270 1996 2327 2031 ne
2360 1982 2399 2036 B
2427 1988 2462 2040 δὲ

2290 1996 2327 2061 re
2360 1982 2399 2036 B
2427 1988 2484 2041 δὲ
2528 1987 2603 2058 τῷ
2642 1986 2869 2056 εἰκοστῷ
2904 1986 3113 2055 ἑϐδόμῳ
3148 1984 3344 2055 ψαλμῷ
3388 1988 3416 2037 ὁ
3449 1986 3606 2047 αὐτὸς
3634 1984 3760 2038 ἐϐόα
3791 1985 3989 2061 λέγων’

762 2072 919 2127 sileas
960 2091 991 2125 a
1034 2090 1131 2135 me,
1161 2090 1222 2125 ne
1254 2072 1463 2141 quando
1496 2081 1669 2125 taceas
1714 2089 1746 2125 a
1776 2089 1874 2137 me,
1906 2082 1954 2125 et
1988 2068 2323 2126 assimitabor

761 2164 1188 2220 descendentibus
1235 2166 1291 2218 in
1321 2166 1515 2218 locant.
1551 2164 1657 2219 Sed
1689 2167 1816 2235 quia
1840 2164 1920 2220 ibi
1951 2166 2031 2221 sic
2062 2169 2324 2235 precaba-

762 2265 874 2322 tur,
903 2256 994 2309 hic
1023 2257 1230 2326 gratias
1262 2256 1372 2326 agit
1421 2264 1479 2310 ut
1524 2256 1782 2313 detrusus
1821 2267 1948 2311 ante
1979 2266 2033 2311 et
2070 2258 2323 2327 delapsus

763 2349 819 2403 in
845 2349 1043 2413 laeum,
1082 2348 1175 2401 sed
1205 2347 1316 2415 jam
1349 2348 1605 2403 reductus
1629 2356 1681 2403 et
1713 2357 1904 2405 erutus
1934 2366 1999 2404 ex
2032 2364 2119 2414 eo,
2149 2366 2325 2420 neque

763 2440 961 2495 similia
997 2454 1193 2509 passus
1224 2440 1290 2496 iis
1320 2441 1411 2511 qui
1448 2456 1570 2495 eum
1598 2441 1651 2494 in
1683 2440 1860 2509 ipsum
1891 2440 2320 2503 descendissent,

762 2546 1041 2601 nunquam
1070 2531 1195 2586 inde
1232 2541 1420 2601 postea
1475 2538 1838 2586 emerserunt.
1874 2530 2007 2584 Nam
2038 2548 2161 2585 cum
2211 2531 2323 2602 pri-

762 2625 866 2681 mis
898 2626 1117 2679 beatum
1143 2634 1227 2680 est
1256 2626 1363 2679 non
1390 2639 1650 2693 peccare;
1687 2631 1742 2676 at
1772 2625 1900 2693 quia
1940 2624 2189 2678 humanae
2221 2640 2321 2679 na-

762 2728 899 2771 tura:
928 2717 1217 2771 inﬁrmitas
1242 2713 1486 2788 peccatis
1527 2716 1805 2785 subjacet;
1863 2716 2159 2772 secundam
2200 2718 2323 2788 quis

763 2812 1159 2881 navigationem
1191 2826 1311 2865 esse
1344 2810 1565 2872 dixerit,
1606 2809 1674 2863 ad
1717 2810 1918 2864 bonum
1954 2826 2013 2866 se
2041 2826 2319 2875 revocare,

762 2918 827 2958 ac
850 2911 971 2974 post
997 2903 1247 2957 morbum
1279 2918 1399 2960 sese
1421 2904 1715 2959 restituere
1745 2918 1810 2956 ac
1840 2904 2145 2960 naturalem
2177 2906 2343 2964 reci-1

760 3012 888 3069 pere
910 2999 1216 3054 sanitatem.

826 3262 991 3318 Vsus.
1021 3264 1074 3327 5,
1111 3262 1163 3315 6.
1210 3260 1433 3314 Psailite
1464 3260 1708 3323 Domino,
1739 3259 1909 3313 sancti
1956 3259 2089 3327 ejus,
2129 3267 2185 3311 et
2206 3270 2337 3313 con-'

766 3353 980 3406 litemini
1036 3350 1304 3404 memoriae
1363 3350 1667 3403 sanctitatis
1722 3348 1855 3417 ejus.
1890 3342 2185 3413 'Quoniatit
2238 3347 2322 3399 ira

759 3445 814 3497 in
866 3432 1226 3512 indignatione
1276 3442 1412 3511 ejus,
1481 3450 1530 3494 et
1590 3441 1699 3493 vita
1754 3441 1810 3492 in
1858 3438 2128 3492 voluntate
2184 3437 2318 3507 ejus.

764 3533 942 3606 Rogat
988 3543 1047 3588 ut
1098 3534 1203 3590 sibi
1258 3532 1542 3603 pmnitenti
1600 3531 2068 3600 congratuientur.
2108 3536 2162 3585 et
2196 3543 2324 3584 con-

760 3626 1037 3691 ﬁteantur,
1081 3614 1286 3687 idest,
1335 3624 1539 3695 gratias
1586 3631 1749 3692 agant
1778 3620 2052 3674 memoriae
2114 3620 2321 3675 sancti-

758 3721 888 3783 tatis
916 3718 1075 3787 ejus;
1129 3731 1193 3771 ae
1244 3714 1289 3769 si
1324 3716 1551 3775 diceret,
1598 3720 1658 3765 ut
1692 3711 2008 3765 memoriam
2040 3710 2319 3774 refricem,

756 3826 933 3883 neque
976 3809 1375 3883 obliviscantur
1408 3808 1674 3860 bonorum
1719 3819 1840 3874 qua:
1868 3803 2185 3859 hominibus
2217 3802 2319 3857 Do-

757 3907 940 3958 minus
981 3901 1434 3956 subministravit.
1468 3898 1604 3953 Cum
1646 3897 1837 3967 primis
1888 3905 2069 3950 autem
2105 3910 2203 3966 par
2239 3904 2323 3951 est

757 3994 1056 4065 gratiarum
1117 3991 1424 4044 actionibus
1474 3989 1754 4053 insistere,
1810 4001 2079 4041 memores
2125 3986 2321 4041 divina:

758 4081 1133 4153 benignitatis,
1169 4095 1289 4149 quae
1315 4088 1476 4133 tanta
1509 4088 1614 4144 est,
1650 4090 1708 4133 ut
1735 4093 2012 4149 nunquam
2053 4079 2181 4133 velit
2212 4093 2321 4133 ma-

760 4175 871 4231 lum
900 4173 1214 4228 hominibus
1243 4170 1522 4226 obvenire.
1564 4169 1719 4237 Quod
1750 4172 1795 4227 si
1822 4174 2103 4241 contingat
2132 4184 2321 4241 quem-

758 4267 901 4339 piam
925 4266 996 4320 ob
1018 4264 1295 4335 propriam
1327 4262 1728 4331 improbitatem
1757 4265 2116 4334 castigatione
2140 4276 2319 4333 egere,

757 4361 875 4431 ipse
904 4359 1010 4414 sibi
1035 4358 1169 4411 iram
1194 4353 1586 4425 indignationis
1616 4364 1895 4425 procurat.
1921 4356 2080 4411 Certe
2122 4356 2319 4410 volun-

762 4462 850 4507 tas
874 4449 971 4505 Dei
1003 4465 1113 4505 non
1147 4457 1378 4505 mortem
1402 4445 1736 4511 hominibus,
1760 4444 1855 4500 sed
1887 4445 2052 4499 vitam
2095 4447 2316 4515 expetit.

749 4544 943 4619 ,Quare
972 4545 1081 4607 alio
1104 4545 1159 4600 in
1190 4545 1310 4600 loco
1345 4544 1545 4599 dicitur
1578 4559 1591 4594 :
1634 4538 1758 4593 Vivo
1799 4554 1914 4609 ego,
1960 4538 2089 4591 dicit
2142 4538 2321 4593 Domi-

2424 2079 2576 2144 Πρὸς
2626 2076 2735 2136 σὲ,
2780 2076 2974 2143 Κύριε,
3012 2074 3394 2143 κεκράξομαι,
3447 2079 3480 2128 d
3523 2076 3667 2140 Θεός
3708 2092 3860 2144 μου,
3898 2074 3992 2143 μὴ

2424 2152 2899 2236 παρασιωπήσῃς
2932 2166 3031 2220 ἀπ’
3066 2166 3230 2236 ἐμοῦ,
3254 2167 3485 2236 μήποτε
3515 2166 3993 2234 παρασιωπήσῃς

2422 2261 2522 2315 ἀπ’
2556 2260 2700 2330 ἐμοῦ
2721 2300 2735 2323 ,
2772 2262 2872 2312 καὶ
2906 2258 3340 2335 ὁμοιωθήσομαι
3371 2257 3490 2322 τοῖς
3523 2258 3993 2312 καταϐαίνουσιν

2422 2358 2508 2420 εις
2538 2353 2781 2408 λάκκον.
2830 2352 2967 2405 Ἀλλ’
3000 2352 3126 2404 ἐπεὶ
3161 2351 3259 2421 μὲν
3289 2350 3459 2403 ταῦτα
3495 2348 3718 2419 ηὔχετο·
3756 2348 3991 2403 ἐνταῦθα

2422 2446 2479 2499 δὲ
2495 2448 2801 2518 εὐχαριστεί
2823 2445 2897 2509 ὡς
2921 2443 3261 2513 κατενεχθεὶς
3281 2442 3537 2515 πρότερον
3556 2442 3647 2494 καὶ
3666 2438 3993 2495 καταπεσὼν

2424 2522 2509 2602 εἰς
2534 2539 2624 2590 τὸν
2657 2538 2873 2598 λάκκον,
2896 2535 3199 2606 ἀνενεχθεὶς
3226 2534 3284 2587 δὲ
3307 2534 3465 2587 πάλιν
3490 2533 3584 2587 καὶ
3606 2530 3900 2595 ἀνασωθεὶς
3928 2530 3992 2597 ἐξ

2423 2627 2605 2693 αὑτοῦ,
2638 2629 2731 2681 καὶ
2761 2628 2834 2699 μὴ
2862 2626 3033 2694 ταῦτα
3067 2624 3253 2678 παθὼν
3284 2627 3393 2687 τοῖς
3427 2621 3855 2693 καταϐεϐηκόσιν
3890 2622 3992 2692 μὲν

2423 2723 2501 2783 είς
2537 2719 2719 2783 αὑτὸν,
2769 2718 2842 2788 μὴ
2888 2708 3251 2786 ἀναϐεϐηκόσι
3296 2714 3380 2768 δέ·
3420 2714 3838 2787 προηγουμένως
3880 2710 3991 2784 γὰρ

2425 2810 2693 2882 μακάριον
2731 2810 2790 2861 τὸ
2834 2809 2906 2879 μὴ
2946 2810 3245 2879 ἁμαρτεῖν·
3297 2806 3483 2877 ἐπειδὴ
3524 2808 3556 2878 ἡ
3593 2804 3844 2858 ἀσθένεια
3887 2803 3991 2875 τῆς

2421 2902 2767 2972 ἀνθρωπίνης
2795 2901 3006 2971 φύσεως
3034 2900 3240 2963 τούτοις
3285 2898 3584 2962 ὑπόκειται,
3614 2896 3884 2967 δεύτερος,
3912 2896 3991 2959 ὡς

2420 2992 2487 3045 ἂν
2512 2992 2654 3044 εἴποι
2680 3008 2782 3054 τις,
2813 2990 2977 3054 πλοῦς
3001 2990 3061 3043 τὸ
3090 2988 3422 3043 ἀναπαλέσαι
3449 2988 3569 3059 (sic)
3598 2986 3779 3050 καλὸν,
3811 2984 3991 3039 καὶτὸ

2421 3083 2707 3137 ἀναλαδεῐν
2731 3082 2924 3135 ταύτὸν
2948 3081 3087 3153 μετὰ
3112 3082 3209 3152 τὴν
3234 3080 3408 3143 νόσον,
3436 3080 3527 3133 καὶ
3549 3079 3645 3150 τὴν
3670 3077 3808 3131 κατὰ
3830 3076 3990 3146 φύσιν

2408 3174 2710 3245 ἀπολαϐεῖν
2733 3175 2937 3243 ὑγείαν.

2499 3268 2735 3323 Ψάλατε
2766 3268 2846 3333 τῷ
2874 3268 3068 3335 Κυρίῳ
3106 3272 3162 3321 οὶ
3198 3268 3352 3321 ὅσιοι
3397 3264 3611 3331 αὐτοῦ,
3646 3265 3745 3318 καὶ
3778 3264 3988 3334 ἐξομο-

2424 3364 2698 3434 λογεῖσθε
2730 3362 2803 3431 τῇ
2838 3362 3043 3432 μνήμῃ
3078 3362 3189 3431 τῆς
3244 3362 3585 3433 ἁγιωσύνης
3618 3358 3824 3413 αὐτοῦ.
3868 3358 3988 3412 Ὅτι

2423 3456 2566 3525 ὀργὴ
2598 3457 2667 3508 ἑν
2698 3454 2776 3521 τῷ
2800 3454 2963 3524 θυμῴ
2992 3454 3198 3520 αὑτοῦ,
3233 3454 3331 3507 καὶ
3361 3452 3469 3521 ζωὴ
3502 3453 3570 3506 ἐν
3598 3451 3677 3517 τῷ
3703 3449 3989 3520 θελήματι

2421 3549 2626 3605 αὐτοῦ.
2672 3548 2991 3618 Συγχαίρειν
3022 3547 3170 3618 αὺτῷ
3205 3548 3617 3618 μετανοήσαντι,
3658 3546 3752 3598 καὶ
3798 3544 3989 3617 ἐξομο-

2422 3640 2734 3710 λογεῖσθαι,
2793 3624 3464 3709 τουτέστινέὺχαριστεῖν
3514 3640 3582 3708 τῇ
3642 3638 3825 3708 μνήμῃ
3888 3636 3991 3707 τῆς

2420 3730 2727 3802 ἁγιωσύνης
2760 3728 2948 3791 αὑτοῦ·
3001 3728 3121 3782 ἀντὶ
3163 3730 3278 3795 τοῦ,
3313 3729 3411 3800 τὴν
3447 3730 3662 3800 μνήμην
3696 3717 3987 3793 ἀναζωπυ-

2425 3824 2661 3898 ροῦντες,
2697 3823 2815 3894 μηδ’
2847 3820 3320 3891 ἐπιλανθανόμενοι
3346 3820 3454 3874 τῶν
3486 3820 3632 3891 παρὰ
3666 3818 3759 3873 τοῦ
3782 3820 3988 3891 Κυρίου

2422 3920 2835 3991 χορηγουμένων
2869 3916 3172 3987 ἀνθρώποις
3196 3916 3434 3983 ἀγαθῶν.
3452 3916 3700 3971 Μάλιστα
3729 3915 3786 3968 δὲ
3820 3931 3989 3985 προσ-

2422 4015 2543 4083 ήκει
2608 4012 2704 4083 τὴν
2737 4009 3086 4081 εὐχαριστίαν
3127 4007 3432 4079 ἐπιτείνειν,
3472 4006 3846 4078 μεμνημένους
3889 4007 3987 4076 τῆς

2408 4100 2511 4153 -τοῦ
2542 4098 2676 4177 Θεοῦ
2703 4097 3130 4177 φιλανθρωπίας,
3173 4097 3295 4167 ἥτις
3335 4095 3571 4166 τοσαύτη
3602 4095 3877 4164 τυγχάνει,
3911 4093 3995 4155 ὼς.

2425 4191 2690 4263 μηδέποτε
2737 4188 3019 4260 βούλεσθαί
3052 4206 3103 4241 τι
3144 4189 3311 4242 κακὸν
3349 4187 3671 4259 ἀνθρώποις.
3715 4187 3777 4240 El
3805 4187 3861 4238 δὲ
3892 4186 3987 4239 καί

2422 4284 2552 4354 ποτέ
2608 4300 2691 4345 τις
2739 4280 2826 4335 διὰ
2886 4281 2981 4351 τὴν
3028 4281 3233 4334 οἰκείαν
3293 4279 3590 4351 μοχθηρίαν
3657 4277 3988 4349 ἐπιστροφῆς

2419 4374 2634 4446 δεηθείη
2662 4413 2676 4437 ,
2739 4374 2901 4437 αὐτὸς
2969 4373 3065 4444 μὲν
3124 4372 3299 4443 ἑαυτῷ
3358 4367 3753 4435 κατασκευάζει
3812 4370 3986 4440 θυμὸν

2420 4465 2620 4537 ὀργῆς·
2660 4465 2720 4517 τό
2752 4482 2814 4533 γε
2846 4465 2952 4536 μὴν
2986 4464 3195 4537 θέλημα
3223 4463 3315 4518 τοῦ
3349 4463 3482 4517 Θεοῦ
3505 4504 3519 4527 ,
3563 4464 3770 4535 μήποτε
3804 4463 3987 4533 βούλε-

2419 4558 2538 4613 σθαι
2583 4557 2807 4612 θάνατον
2853 4558 3140 4630 ἀνθρώπῳ,
3187 4556 3321 4619 ἀλλὰ
3366 4557 3531 4627 ζωήν.
3576 4556 3665 4609 Διὸ
3693 4557 3750 4609 ἐν
3783 4555 3986 4626 ἑτέροις

755 4655 875 4704 nus,
909 4638 1030 4715 nolo
1055 4646 1277 4691 mortem
1303 4633 1616 4706 peccatoris,
1648 4629 1736 4685 sed
1763 4631 1936 4699 potius
1959 4630 2315 4697 paenitentiam
2347 4665 2390 4721 ο
2418 4651 2454 4704 λγ

2289 4646 2315 4683 ’⁸
2347 4665 2390 4721 ι)
2418 4651 2632 4720 λέγεται
2651 4667 2663 4679 °
2698 4649 2789 4703 Ζῶ
2819 4629 2962 4719 ἐγὼ,
2984 4650 3143 4720 λέγει
3173 4650 3387 4716 Κύριος
3406 4664 3419 4678 ο
3454 4649 3525 4701 οὐ
3553 4646 3852 4716 ,ϐούλομαι
3880 4644 3988 4700 τὸν

754 4728 867 4798 ejus
889 4714 957 4783 ⁸⁸.
986 4728 1187 4791 Eodem
1220 4741 1439 4799 quoque
1481 4724 1643 4780 modo
1674 4724 1761 4779 hic
1808 4723 2015 4779 dictum
2052 4731 2155 4790 est,
2197 4722 2317 4776 Vita

754 4821 811 4875 in
835 4820 1102 4874 uoluntate
1128 4821 1278 4889 ejus;
1310 4834 1421 4873 non
1448 4819 1591 4874 enim
1637 4820 1722 4871 ira
1764 4819 1818 4871 in
1869 4819 2137 4871 voluntate
2180 4817 2314 4885 ejus.

756 4911 901 4967 Sane
934 4919 1132 4984 praeter
1162 4910 1256 4965 Dei
1286 4910 1627 4981 propositum
1660 4924 1723 4965 ac
1750 4920 1953 4981 praeter
1978 4912 2313 4967 voluntatem

750 5006 875 5077 ejus
925 5004 1279 5077 peccantibus
1328 5001 1629 5073 indignatio
1676 5013 1729 5058 et
1764 5004 1844 5057 ira
1887 4996 2308 5075 pmparanturi

746 5099 899 5172 quod
937 5100 1008 5152 ita
1039 5096 1279 5154 declarat
1314 5094 1617 5164 ‘Apos‘tolus
1656 5113 1669 5148 :
1706 5096 1786 5149 An
1816 5095 2311 5151 divitias'bonitatis

751 5193 889 5263 ejus,
921 5200 971 5245 et
998 5189 1265 5259 patientiw
1285 5200 1334 5242 et
1365 5187 1782 5257 longanimitatis
1811 5191 2135 5245 contemnis?
2163 5190 2312 5259 igno-

747 5300 879 5339 rans
912 5283 1160 5353 quoniam
1190 5281 1481 5351 benignitas
1512 5279 1607 5333 Dei
1643 5280 1711 5332 ad
1736 5282 2092 5349 pmnitentiam
2140 5290 2188 5334 te
2218 5278 2314 5332 ad—

750 5376 920 5430 ducit.
953 5374 1249 5430 Secundum
1271 5383 1443 5427 autem
1467 5364 1722 5428 duritiam
1753 5384 1897 5427 tuam
1918 5384 1966 5428 et
1988 5374 2310 5439 impaenitens

750 5483 865 5529 cor,
883 5466 1214 5519 thesaurizas
1229 5462 1321 5516 tibi
1338 5464 1472 5518 iram
1484 5466 1538 5519 in
1556 5465 1638 5520 die
1658 5466 1751 5519 ine
1768 5473 1815 5519 et
1838 5462 2167 5519 reuelationis
2174 5465 2312 5533 justi

753 5554 940 5623 iudicii
950 5556 1068 5619 Dei,
1081 5557 1169 5625 qui
1181 5554 1359 5609 reddet
1375 5558 1649 5625 unicuique
1659 5556 1938 5611 secundum
1953 5574 2109 5626 opera
2126 5554 2309 5625 ejus".

2424 4742 2681 4797 θάνατον
2720 4743 2823 4797 τοῦ
2857 4739 3206 4812 ἀμαρτωλοῦ
3252 4741 3331 4805 ὡς
3377 4738 3493 4807 τὴν
3525 4737 3847 4807 μετάνοιαν
3882 4738 3987 4791 αὑ-

2422 4832 2548 4888 τοῦ.
2602 4831 2756 4887 Οὕτω
2784 4834 2912 4903 γοῦν
2944 4835 3037 4887 καὶ
3071 4832 3303 4887 ἐνταῦθα
3335 4832 3602 4887 λέλεκται·
3648 4828 3777 4897 Ζωὴ
3808 4828 3878 4881 ἐν
3904 4826 3986 4895 τῷ

2422 4924 2702 4994 θελήματι
2747 4925 2960 4980 αὐτοῦ’
3016 4927 3075 4979 οὑ
3123 4925 3232 4995 γὰρ
3288 4922 3431 4991 ὀργὴ
3476 4921 3545 4974 ἐν
3578 4920 3663 4987 τῷ
3690 4919 3984 4990 θελήματι

2420 5017 2621 5071 αὐτοῦ.
2693 5017 2848 5088 Παρὰ
2910 5018 3225 5090 προαίρεσιν
3281 5013 3339 5066 δὲ
3390 5011 3523 5065 Θεοῦ
3579 5012 3673 5066 καὶ
3720 5012 3871 5083 παρὰ
3921 5014 3984 5067 τὸ

2422 5109 2667 5181 βούλημα
2717 5110 2880 5164 αὐτοῦ
2936 5114 3048 5174 τοῖς
3095 5106 3466 5180 ἁμαρτάνουσι
3525 5105 3981 5171 κατασκευάζεται

2420 5199 2590 5269 θυμὸς
2642 5200 2735 5252 καὶ
2790 5201 2953 5275 ὀργή·
3015 5200 3044 5253 ὃ
3088 5200 3153 5270 δὴ
3203 5197 3531 5271 παρίστησιν
3583 5196 3612 5249 ὁ
3668 5197 3984 5262 Ἀπόστολος

2422 5292 2596 5361 φήσας
2617 5308 2629 5319 ·
2668 5292 2736 5346 Ἢ
2762 5294 2867 5346 τοῦ
2900 5292 3165 5347 πλούτου
3199 5290 3308 5358 τῆς
3332 5286 3740 5358 χρηστότητος
3774 5288 3981 5354 αὐτοῦ,

2421 5379 2518 5457 καὶ
2558 5378 2664 5449 τῆς
2695 5381 2923 5451 ἀνοχῆς
2966 5381 3065 5435 καὶ
3103 5378 3211 5448 τῆς
3242 5379 3651 5448 μακροθυμίας
3690 5395 3982 5449 καταφρο-

2417 5466 2578 5533 νεῖς;
2638 5470 2890 5540 ἀγνοῶν,
2944 5471 3033 5524 ὅτι
3085 5470 3151 5524 τὸ
3205 5468 3471 5540 χρηστὸν
3526 5470 3631 5523 τοῦ
3691 5470 3838 5523 Θεοῦ
3898 5470 3986 5534 εὶς

2411 5556 2731 5624 μετάνοιάν
2761 5576 2833 5614 σε
2860 5558 3002 5628 ἄγει.
3032 5558 3193 5615 Κατὰ
3216 5560 3290 5613 δὲ
3319 5560 3432 5629 τὴν
3460 5556 3842 5627 σκληρότητά
3865 5572 3986 5612 σου

755 5657 854 5712 καὶ
902 5653 1304 5724 ἀμετανόητον
1348 5651 1626 5719 καρδίαν,
1689 5651 2067 5721 θησαυρίζεις
2116 5647 2349 5715 σεαυτῷ
2400 5651 2586 5721 ὀργὴν
2635 5654 2704 5706 ὲν
2754 5653 2943 5723 ᾑμέρᾳ
2995 5655 3175 5729 ὀργῆς
3228 5656 3331 5713 καὶ
3390 5642 3824 5724 ἀποκαλύψεως
3883 5647 3987 5708 καὶ

752 5745 1185 5814 δικαιοκρισίας
1228 5743 1334 5798 τοῦ
1389 5744 1535 5800 Θεοῦ
1554 5785 1570 5812 ,
1617 5746 1686 5834 ὃς
1729 5745 2027 5815 ἀποδώσει
2082 5744 2315 5808 ἑκάστῳ
2349 5744 2497 5799 κατὰ
2534 5746 2604 5801 τὰ
2634 5747 2776 5817 ἔργα
2797 5748 3000 5804 αὑτοῦ.

820 5926 874 5961 ⁸⁸
909 5924 1104 5984 Eucti.
1144 5940 1309 5992 xvm,
1339 5923 1427 5981 B3.
1504 5924 1548 5957 ⁸⁸
1589 5921 1743 5980 Rom.
1782 5939 1857 5993 ιι,
1894 5923 2011 5981 4-6.
