4302 6440
290 511 393 565 261

1408 507 1904 565 COMMENTARIA
1943 510 2009 565 IN
2048 509 2391 565 PSALMOS.

3411 512 3512 571 263

373 626 515 694 Ἐγὼ
548 626 617 678 δὲ
650 627 787 679 εἶπα
828 627 896 679 ἐν
935 626 1010 693 τῇ
1048 628 1293 693 εὐθηνίςι
1331 646 1465 697 μου·
1508 632 1588 682 Οὺ
1617 630 1702 698 μὴ
1742 645 1849 683 σα-
1880 637 1922 691 Α
2024 628 2072 682 V3

1797 646 1849 682 π-
1880 637 1922 691 Α
2024 628 2185 684 Vens.
2225 631 2278 694 7,
2306 630 2358 683 8.
2404 628 2513 699 Ego
2548 638 2725 681 autem
2762 628 2959 682 dixiin
2995 629 3320 707 abundantia
3364 644 3496 681 mea.

290 718 481 773 mea»
511 719 597 783 εὶς
626 718 732 769 τὸν
758 717 956 771 αἰῶνα.
984 721 1188 771 Δικαιοῖ
1212 719 1310 789 τὴν
1333 721 1507 791 κρίσιν
1536 720 1625 772 τοῦ
1649 722 1849 791 Κυρίου

291 807 564 877 ὁμολογῶν
611 808 771 858 πόθεν
816 807 964 878 αὑτῷ
999 808 1339 879 συμϐέϐηκεν
1381 811 1413 879 ἡ
1454 809 1686 871 πτῶσις’
1733 811 1851 863 δέον

295 899 401 969 γὰρ
436 898 646 950 ἑστῶτα
678 899 735 949 ἐν
774 902 839 968 τῇ
878 898 1025 968 παρά
1062 898 1139 968 τῷ
1166 898 1282 968 Θεῷ
1316 900 1498 952 στάσει
1544 901 1850 969 μεμνῆσθαι

291 988 383 1041 τοῦ
419 988 716 1055 φάσκοντος
756 988 943 1055 λόγου·
982 988 1255 1063 Ὀιδοκῶν-
1278 988 1543 1053 ἑστάναι,
1574 990 1849 1053 βλεπέτω

290 1078 375 1146 μὴ
424 1076 617 1146 πέσῃ,
670 1079 948 1147 ὁμολογεῖν
995 1097 1053 1133 τε
1078 1080 1152 1149 τῷ
1192 1080 1308 1150 Θεῷ
1354 1081 1509 1150 χάριν
1562 1082 1703 1153 ὑπὲρ
1755 1083 1854 1152 τῆς

298 1170 556 1232 στάσεως.
605 1170 661 1223 Ὁ
688 1171 764 1235 δὲ,
817 1173 915 1224 οὑκ
960 1172 1132 1243 ὀρθῶς
1186 1173 1555 1245 λογισάμενος,
1582 1176 1730 1247 παρὰ
1758 1177 1854 1247 τὴν

296 1261 459 1314 αὑτοῦ
492 1263 689 1334 ἀρετὴν
731 1265 787 1317 ὲν
822 1266 933 1327 τοῖς
966 1264 1266 1327 καλλίστοις
1314 1267 1531 1320 ἑστάναι
1576 1266 1850 1338 ἐνόμιζεν·

298 1353 558 1421 ἀπέφαινέ
590 1370 649 1406 τε
674 1354 872 1409 ,ἑαυτὸν
903 1345 994 1407 καλ⁵
1034 1356 1298 1428 ἄτρεπτον
1332 1360 1422 1411 καὶ
1464 1359 1850 1431 ἀμετάϐλητον.

295 1445 573 1512 Κύριε,ὲν
616 1443 696 1509 τῷ
730 1443 1011 1512 θελήματι
1049 1462 1164 1498 σου
1197 1446 1502 1516 παρέσχου
1538 1447 1615 1512 τῷ
1647 1449 1854 1503 κάλλει

291 1554 409 1607 μου
458 1536 729 1607 δύναμιν.
794 1537 941 1590 Ἐπεὶ
993 1538 1165 1591 ταῦτα
1214 1539 1283 1591 τά
1340 1542 1709 1611 προειρημένα
1757 1543 1855 1593 οὐκ

295 1622 471 1695 ὀρθῶς
515 1624 815 1693 ἐλογίζετο,
859 1624 1028 1692 ἔγνω,
1062 1626 1141 1677 ὅτι
1175 1628 1207 1695 ἡ
1245 1616 1620 1690 στάσιςάύτοῦ
1652 1632 1853 1699 ἐκείνη,

298 1716 394 1768 καὶ
429 1717 463 1785 ή
496 1714 715 1785 εὐθηνία
752 1714 846 1768 καὶ
874 1715 933 1767 ’ὢ
969 1716 1168 1787 προσὸν
1194 1718 1340 1787 αὑτῷ
1371 1718 1491 1771 τότε
1538 1721 1728 1785 κάλλος
1760 1724 1857 1775 οὐκ

295 1801 364 1879 ἦν
398 1806 459 1873 ἐξ
496 1807 681 1873 αὑτοῦ,
714 1808 833 1861 οὐδὲ
870 1807 1020 1880 παρά
1045 1809 1141 1879 τὴν
1177 1810 1364 1863 ἑαυτοῦ
1407 1811 1584 1864 αίτίαν
1616 1814 1856 1884 ὑπῆρχεν

298 1898 462 1968 αὐτῷ.
506 1900 600 1952 Διῦ
630 1900 1113 1971 ἐξομολογούμενος
1159 1902 1331 1956 ταῦτά
1383 1922 1543 1975 φησιν
1588 1906 1729 1977 ἔργῳ
1759 1909 1855 1978 τὴν

1956 719 2078 773 Non
2112 721 2352 774 movebar
2385 721 2439 774 in
2470 730 2745 774 a'ternum.
2774 718 3044 772 Iudicium
3075 718 3279 774 Domini
3302 720 3509 789 justum

1952 826 2073 865 esse
2107 811 2446 880 comprobat,
2475 810 2603 863 dum
2640 809 2932 865 confitetur
2975 808 3115 863 unde
3169 809 3276 864 sibi
3327 811 3515 879 lapsus

1952 903 2178 955 venerit.
2215 899 2365 969 Opus
2397 902 2540 954 enim
2570 911 2818 959 estenm,
2856 901 2947 969 qui
2979 915 3162 953 coram
3217 899 3325 953 Deo
3355 916 3494 953 con-

1954 994 2120 1058 sistit,
2156 993 2473 1047 meminisse
2505 993 2669 1060 hujus
2694 993 2845 1056 dict-i,
2877 992 2979 1057 Qui
3010 990 3211 1045 videtur
3235 1002 3401 1053 stare,
3436 993 3516 1046 vi-

1954 1084 2073 1138 deat
2100 1101 2160 1138 ne
2190 1085 2347 1137 cadat
2392 1084 2460 1149 ⁸⁸,
2517 1098 2580 1136 ac
2626 1084 2855 1138 Domino
2891 1084 3118 1153 gratiam
3151 1083 3216 1137 de
3253 1093 3394 1137 statu
3422 1084 3516 1137 illo

1954 1174 2215 1244 profiteri.
2250 1177 2319 1228 At
2343 1175 2433 1229 ille
2474 1188 2579 1228 non
2608 1175 2743 1228 bene
2781 1190 2963 1228 secum
2993 1184 3273 1243 reputans,
3310 1190 3374 1228 ex
3410 1187 3511 1228 sua

1954 1271 2154 1327 virtute
2186 1286 2244 1325 se
2271 1272 2324 1323 in
2358 1269 2636 1339 praeclaris
2658 1276 2804 1322 stare
2828 1268 3125 1321 arbitratus
3148 1275 3260 1331 est,
3287 1281 3516 1337 seseque

1954 1363 2369 1426 immutabilem,
2402 1360 2840 1427 immobilemque
2863 1359 3173 1413 declaravit.
3206 1358 3444 1418 Domine,
3462 1359 3516 1412 in

1954 1455 2220 1507 uoluntate
2256 1463 2345 1506 tua
2372 1453 2671 1521 prwstitisti
2723 1452 2897 1505 decori
2927 1467 3038 1504 meo
3078 1452 3343 1505 virtutem.
3379 1450 3516 1515 Quia

1956 1546 2209 1615 superius
2263 1553 2559 1598 memorata
2610 1559 2715 1595 non
2773 1550 2922 1596 recte
2953 1542 3337 1603 :estimaverat,
3373 1540 3521 1594 novit

1955 1636 2170 1689 tandem
2197 1641 2401 1688 statum
2448 1634 2621 1697 illum,
2650 1633 2986 1695 felicitatem,
3033 1648 3096 1686 ac
3121 1633 3371 1686 decorem
3406 1645 3521 1701 quo

1955 1733 2085 1777 tunc
2122 1723 2384 1793 fulgebat,
2421 1738 2528 1777 non
2560 1738 2623 1776 ex
2655 1738 2733 1783 se,
2759 1737 2933 1790 neque
2956 1738 3013 1776 se
3044 1730 3265 1777 auctore
3295 1721 3397 1775 sibi
3420 1722 3520 1775 ad-

1959 1813 2147 1868 fuisse.
2177 1811 2519 1881 Quapropter
2551 1827 2674 1864 cum
2700 1827 2762 1865 ex
2797 1826 2855 1864 re
2886 1812 3001 1879 ipsa
3045 1811 3377 1865 inlirmitatis
3410 1801 3523 1866 διιαὲ

1958 1904 2386 1976 experimentum
2439 1904 2699 1972 cepisset,
2754 1902 2870 1955 haec
2910 1901 3223 1962 confitetur.
3286 1895 3523 1958 dicens}

301 1993 491 2062 πεῖραν
552 1992 878 2062 παραλαϐὼν
942 1994 1039 2063 τῆς
1087 1994 1279 2047 ἑαυτοῦ
1331 1996 1647 2059 ἀσθενείας·
1696 1977 1857 2052 ’Ἀπέ-
1891 1977 1929 2030 Β
1966 1997 2000 2049 Α

1821 1999 1857 2050 ἓ-
1891 1977 1929 2030 Β
1966 1996 2213 2050 Avertisti
2245 1995 2433 2062 [aciem
2465 2003 2609 2047 tuam
2653 2011 2684 2046 a
2732 2010 2833 2056 me,
2866 2002 2919 2047 et
2952 1993 3124 2061 factus
3164 2008 3281 2047 sum
3310 2003 3520 2046 contur-

296 2083 563 2149 στρεψας
588 2080 655 2135 δέ
684 2098 797 2135 σου
832 2081 897 2136 τὸ
930 2086 1266 2150 πρόσωπον,
1313 2086 1409 2138 καὶ
1450 2087 1738 2154 ἐγενήθην
1774 2106 1854 2142 ιε·

298 2171 675 2242 τῳαγμένος.
713 2175 784 2227 Σὺ
819 2174 915 2245 μὲν
938 2175 1044 2247 γὰρ
1071 2176 1221 2228 οὐδὲν
1262 2176 1417 2229 πλέον
1446 2178 1702 2249 ἔπραξας,
1737 2180 1859 2232 οὔτε

297 2257 470 2328 ὦσας,
503 2265 626 2318 οὔτε
654 2267 979 2331 κατέϐαλες·
1024 2269 1152 2321 αὑτὸ
1182 2270 1238 2322 δὲ
1265 2268 1421 2323 τοῦτο
1476 2271 1564 2325 διὰ
1594 2272 1692 2344 τὴν
1722 2273 1860 2344 ἐμὴν

298 2357 662 2428 μεγαλαυχίαν
696 2360 1071 2430 μεμονωμένον
1104 2379 1170 2431 με
1206 2361 1413 2427 εἴασας,
1451 2366 1544 2417 καὶ
1579 2365 1674 2435 τῆς
1708 2369 1859 2438 παρά

295 2450 389 2504 σοῦ
424 2449 677 2521 βοηθείας
718 2452 938 2523 ἔρημον.
1000 2453 1397 2523 Ἀπέστρεψας
1436 2455 1500 2509 τὸ
1542 2459 1861 2524 πρόσωπόν

295 2557 442 2595 σου⁶
479 2541 586 2610 ἐγὼ
622 2542 677 2595 δὲ
713 2546 1051 2616 παραχρῆμα
1096 2546 1421 2618 ἠλεγχόμην,
1466 2549 1561 2600 καὶ
1586 2550 1860 2618 ἐγινόμην

295 2633 754 2703 τεταραγμένος,
777 2635 1093 2689 ὑποπίπτων
1142 2640 1249 2700 τοῖς
1298 2639 1449 2709 ὲμοῖς
1481 2641 1855 2711 ἁμαρτήμασι,

296 2724 389 2778 καὶ
414 2727 526 2789 τοῖς
559 2728 708 2796 ὲμοῖς
736 2727 965 2798 ἐχθροῖς.

364 2817 523 2885 Πρὸς
576 2818 685 2881 σὲ,
738 2820 932 2886 Κύριε,
966 2808 1353 2889 κεκράξομαι,
1407 2824 1505 2876 καὶ
1558 2823 1706 2891 πρὸς
1752 2822 1857 2875 τὸν

299 2909 588 2990 Θεόκμου
615 2909 997 2980 δεηθήσομαι.
1051 2913 1143 2977 Τίς
1170 2912 1420 2981 ὠφέλεια
1448 2915 1517 2967 ἐν
1546 2914 1623 2979 τῷ
1658 2915 1856 2983 αἵματι

291 3019 429 3071 μου,
467 3002 653 3067 ἐντῷ
692 3000 1016 3077 καταϐῆναι
1055 3021 1131 3072 με
1174 3008 1258 3070 εἰς
1302 3005 1659 3077 διαφθαρείη
1698 3008 1854 3061 Κατὰ

296 3092 353 3146 δὲ
384 3093 474 3147 τὸν
499 3092 806 3165 Σύμμαχον·
825 3095 926 3150 Ἐν
944 3095 1066 3162 τοῖς
1080 3093 1282 3161 κακοῖς
1294 3100 1610 3167 γενόμενος
1620 3096 1848 3169 ἔλεγον-ο

297 3185 451 3254 Πρὸς
487 3185 582 3249 σὲ,
610 3188 806 3254 Κύριε,
849 3186 1081 3253 βοήσώ,
1137 3187 1236 3242 καί
1282 3204 1354 3241 σε
1402 3188 1509 3242 τὸν
1550 3188 1855 3257 δεσπότην

291 3295 409 3347 μου
459 3278 782 3332 ἱκετεύσω·
837 3278 895 3332 τι
946 3277 1153 3347 κέρδος
1208 3279 1276 3332 ἐν
1330 3278 1410 3344 τῷ
1458 3280 1657 3349 αἵματί
1701 3298 1850 3351 μου,

282 3365 753 3438 ’κατενεχθέντος
795 3386 913 3438 μου
963 3371 1051 3434 εις
1092 3369 1453 3437 διαφθοράν;
1506 3370 1603 3438 Μὴ
1656 3370 1856 3441 ἐξομο-

274 3461 621 3533 ..ιογήσεται
650 3474 750 3516 σοι
780 3463 969 3528 κόνις,
1008 3462 1047 3532 ἢ
1081 3462 1408 3533 ἀπαγγελεῖ
1432 3463 1545 3532 τὴν
1573 3464 1859 3533 ἀλήθειάν

294 3565 449 3617 dou;
486 3551 672 3608 Ταῦτα
714 3554 808 3607 καὶ
848 3552 916 3605 τὰ
954 3551 1162 3625 τούτοις
1208 3553 1557 3624 παραπλήσια
1614 3555 1855 3625 ἱκετεύω,

296 3640 537 3695 κάτωθεν
567 3641 813 3714 κραυγὰς
839 3641 1018 3712 ἀφιεὶς
1048 3642 1153 3695 ἀπὸ
1184 3642 1276 3694 τοῦ
1308 3642 1607 3712 βαθυτάτου
1633 3644 1853 3707 λάκκου,

296 3732 599 3803 πυθόμενος
639 3733 715 3795 ὡς
765 3731 915 3803 παρά
960 3732 1277 3786 διδασκάλου
1327 3734 1514 3803 μαθεῖν
1568 3736 1715 3807 παρὰ
1764 3737 1855 3789 σοῦ

294 3822 388 3889 ⁴τοῦ
413 3823 569 3877 Θεοῦ.
620 3824 715 3889 Τίς
757 3822 989 3894 ὠφέλεια
1015 3823 1221 3893 γίνεται
1254 3823 1434 3894 ῆὲμοὶ
1474 3825 1508 3896 ἢ
1544 3828 1750 3897 ἑτέροις
1794 3829 1857 3879 ἐκ

294 3914 388 3970 τοῦ
420 3915 554 3988 ἐμοῦ
586 3917 848 3988 αῖματος;
891 3916 963 3969 Ἣ
1005 3915 1056 3969 τί
1094 3917 1252 3969 πλέον
1283 3915 1585 3985 ἀνθρώποις
1627 3918 1855 3988 ὑπάρξει

295 4008 361 4061 ἑκ
387 4008 480 4061 τοῦ
506 4009 604 4080 ἐμὲ
628 4008 798 4062 ἐλθεῖν
820 4011 899 4072 είς
925 4008 1249 4082 διαφθοράν;
1286 4009 1498 4081 Ἐτέρου
1540 4010 1637 4081 μὲν
1664 4010 1769 4081 γὰρ
1800 4013 1856 4063 ὲν

294 4099 373 4175 τῷ
416 4100 606 4171 αἵματι
650 4100 879 4174 ὑπάρξει
920 4101 1085 4172 πολλή
1126 4118 1211 4166 τις
1247 4101 1337 4156 καὶ
1386 4100 1591 4173 μεγάλη
1625 4100 1856 4170 ὠφέλεια

295 4193 374 4265 τῷ
397 4194 563 4249 παντὶ
602 4194 823 4266 κόσμῳο
858 4194 1074 4250 ἐπειδὰν
1119 4197 1147 4248 ὁ
1175 4194 1266 4259 σὸς
1297 4194 1467 4267 ἀμνὸς
1505 4196 1533 4247 ό
1561 4196 1727 4265 αἴρων
1760 4195 1856 4264 τὴν

294 4286 569 4359 ἁμαρτίαν
618 4285 711 4340 τοῦ
764 4286 965 4358 κόσμου
990 4326 1005 4351 ,
1054 4286 1130 4350 ὡς
1183 4286 1451 4358 πρόϐατον
1506 4286 1597 4339 ἐπὶ
1648 4284 1858 4357 σφαγὴν

295 4378 459 4443 ἔλθοι,
485 4380 581 4433 καὶ⁹
625 4380 701 4443 ὡς
725 4378 894 4450 ἀμνὸς
919 4378 1158 4433 ἐναντίον
1187 4380 1279 4433 τοῦ
1310 4380 1588 4451 κείραντος
1626 4379 1855 4446 ἄφωνος.

295 4470 496 4523 Τούτου
546 4469 655 4543 γάρ
713 4469 792 4540 τῷ
842 4470 1028 4539 αἵματι
1099 4468 1472 4541 ἀπολύτρωσις
1534 4472 1625 4525 καὶ⁸
1674 4469 1859 4523 κακῶν

295 4558 576 4635 ἐλευθερία
592 4564 724 4619 πᾶσι
742 4564 854 4626 τοῖς
867 4562 933 4615 δι’
949 4559 1112 4615 αὑτοῦ
1135 4560 1529 4632 σωθησομένοις
1550 4564 1853 4633 γενήσεται.

1968 2088 2139 2142 batus.
2177 2087 2256 2141 Tu
2290 2088 2507 2155 quidem
2538 2086 2674 2139 nihil
2717 2084 2944 2139 ulterius
2986 2084 3235 2147 effecisti,
3269 2098 3375 2137 non
3422 2086 3521 2137 im-

1966 2182 2152 2251 pulisti
2199 2196 2374 2249 neque
2408 2179 2655 2247 deiecisti
2688 2193 2811 2245 me;
2859 2178 2912 2232 id
2962 2186 3168 2232 tantum
3201 2178 3519 2248 prazstitisti,

1966 2280 2026 2324 ut
2056 2273 2142 2325 me
2174 2278 2391 2340 propter
2442 2266 2811 2337 arrogantiam
2858 2281 3033 2320 meam
3086 2266 3284 2331 solum,
3318 2274 3522 2337 tuaque

1966 2380 2067 2434 ope
2098 2378 2330 2417 vacuum
2384 2362 2666 2416 desereres
2705 2378 2718 2412 :
2768 2358 3018 2412 Avertisti
3054 2359 3243 2427 faciem
3275 2369 3439 2424 tuam,
3468 2370 3525 2415 et

1964 2470 2063 2524 ego
2089 2454 2379 2517 confestim
2404 2454 2710 2515 convictus,
2738 2452 2911 2519 factus
2940 2468 3055 2504 sum
3078 2452 3444 2519 conturbatus,
3468 2454 3524 2507 in

1966 2555 2185 2618 peccata
2215 2563 2333 2602 mea
2364 2548 2572 2617 lapsus,
2611 2553 2665 2601 et
2697 2544 2933 2599 inimicis
2962 2532 3097 2601 meis
3133 2544 3383 2599 traditus.

2031 2827 2195 2881 Vens.
2222 2826 2275 2893 9,
2304 2826 2389 2880 10.
2429 2825 2511 2878 Ad
2555 2834 2620 2887 te,
2645 2825 2883 2890 Domine,
2915 2826 3174 2893 clamabo,
3197 2834 3246 2880 et
3274 2826 3341 2879 ad
3361 2826 3526 2878 Deum

1960 2934 2129 2970 meum
2167 2916 2502 2985 deprecabor.
2546 2915 2675 2981 Quae
2727 2916 2928 2967 utilitas
2984 2917 3037 2968 in
3090 2917 3339 2985 sanguine
3385 2930 3520 2977 meo,

1958 3014 2082 3059 dum
2124 3007 2374 3061 descendo
2401 3008 2454 3059 in
2482 3007 2903 3075 corruptionem?
2932 3004 3239 3060 Secundum
3274 3003 3505 3075 Symma-

1958 3092 2118 3155 chum
2164 3110 2378 3153 autem:
2412 3097 2542 3153 Cum
2584 3100 2637 3151 in
2686 3098 2841 3151 malis
2885 3114 3049 3152 essem
3075 3138 3089 3161 ,
3135 3097 3248 3150 dixi
3282 3113 3300 3150 :
3334 3096 3414 3148 Ad
3445 3106 3515 3159 te,

1960 3192 2197 3256 Domine,
2229 3190 2486 3254 clamabo,
2515 3198 2562 3243 et
2589 3199 2635 3243 te
2666 3189 2947 3243 Dominum
2982 3204 3150 3242 meum
3179 3185 3515 3257 deprecabor.

1960 3285 2114 3352 Quod
2145 3286 2347 3337 lucrum
2376 3284 2427 3337 in
2458 3275 2706 3353 sanguine
2742 3297 2874 3342 meo.
2920 3297 3000 3335 me
3041 3279 3214 3334 delato
3252 3280 3303 3333 in
3339 3293 3524 3333 com.-

1955 3375 2218 3441 ptionem?
2267 3370 2516 3441 Nunquid
2554 3370 2890 3439 conﬁtebitur
2933 3368 3028 3421 tibi
3071 3368 3260 3435 pulvis,
3292 3376 3383 3419 aut
3429 3383 3527 3419 an-

1960 3464 2219 3520 nuntiabit
2257 3464 2520 3518 veritatem
2552 3464 2733 3515 tuam?
2763 3459 2887 3515 Hinc
2912 3468 2965 3515 et
2999 3460 3085 3514 his
3107 3459 3303 3513 similia
3334 3458 3527 3528 depre-

1958 3574 2073 3622 cor,
2102 3574 2167 3612 ex
2197 3556 2397 3611 inlimis
2438 3571 2501 3609 ac
2540 3570 2605 3609 ex
2654 3553 3082 3624 profundissimo
3112 3552 3233 3605 lacn
3262 3551 3525 3607 clamores

1930 3650 2230 3713 ‘emittens,
2255 3647 2631 3715 sciscitorque,
2664 3652 2720 3698 ut
2755 3660 2784 3697 a
2813 3652 2869 3697 te
2890 3642 3019 3705 Deo,
3052 3638 3149 3697 Ceu
3180 3656 3210 3695 a
3242 3642 3521 3710 magistro.
3556 3710 3561 3714 ἡ

1958 3738 2208 3800 edoceat.
2235 3736 2364 3801 Qua:
2388 3736 2588 3788 utilitas
2611 3743 2704 3787 aut
2731 3732 2863 3786 mihi
2895 3738 2987 3785 aut
3009 3730 3132 3785 aliis
3153 3746 3219 3784 ex
3253 3730 3521 3801 sanguine

1959 3846 2078 3885 meo
2108 3830 2420 3885 confertur?
2464 3827 2569 3882 Aut
2603 3826 2731 3897 quid
2765 3827 2996 3896 amplius
3041 3824 3351 3879 hominibus
3380 3824 3525 3878 acci-

1960 3923 2049 3977 det
2082 3921 2279 3993 [boni],
2310 3936 2355 3975 sn
2386 3919 2717 3975 descendere
2741 3919 2797 3973 in
2824 3917 3259 3989 corruptionem;l
3288 3918 3351 3969 At
3378 3917 3523 3974 enim

1960 4014 2014 4067 in
2046 3999 2269 4068 alteiius
2303 4011 2564 4081 sanguine
2611 4010 2778 4063 multa
2820 4023 3121 4078 magnaque
3163 4007 3371 4061 utilitas
3403 4022 3526 4061 uuln

1957 4118 2116 4159 verso
2143 4103 2345 4158 mundo
2367 4102 2586 4157 accedet
2606 4118 2636 4167 ;.
2655 4099 2871 4170 quando
2894 4100 3079 4171 Agnus
3102 4106 3228 4154 tuus
3245 4098 3351 4171 .qui
3385 4097 3525 4151 tollit

1956 4206 2237 4267 peccatum
2273 4193 2459 4248 mundi
2485 4194 2553 4258 ⁸⁷,
2584 4194 2738 4263 quasi
2774 4192 2891 4247 ovis
2916 4192 2989 4245 .ad
3021 4191 3409 4262 jugulationem
3436 4204 3523 4242 ve-

1957 4286 2090 4349 niet,
2116 4292 2169 4340 et
2199 4292 2454 4354 tanquam
2485 4298 2655 4353 agnus
2681 4296 2861 4337 coram
2881 4279 3138 4335 tondente
3168 4296 3225 4334 se
3253 4279 3369 4333 sine
3388 4293 3529 4332 voco

1957 4377 2062 4432 erit
2081 4375 2150 4430 “.
2183 4373 2315 4428 Nam
2348 4389 2417 4429 ex
2439 4374 2602 4443 hujus
2635 4373 2895 4441 sanguine
2925 4370 3220 4440 redemptio
3239 4376 3292 4423 et
3312 4368 3517 4437 ereptio

1960 4484 1991 4523 a
2024 4453 2179 4525 malis
2208 4469 2276 4523 iis
2302 4468 2427 4532 erit,
2457 4467 2552 4537 qui
2588 4482 2693 4543 "per
2739 4480 2859 4520 eum
2899 4466 3124 4519 salutem
3172 4460 3527 4543 consecuturi:

1961 4566 2106 4619 sunt.
2156 4560 2457 4628 Quinetiam
2511 4542 2803 4639 descensus
2844 4556 2965 4624 ejus
3003 4553 3069 4606 ad
3107 4568 3200 4639 eos
3227 4566 3397 4621 usque
3424 4552 3519 4621 qui

310 4632 495 4707 ’Δλλά-
518 4654 612 4708 καλ⁵
654 4656 687 4726 ή
742 4653 1039 4723 κατάϐασις
1083 4652 1292 4705 ἐκείνου
1327 4654 1359 4722 ἡ
1391 4653 1556 4724 μέχρι
1592 4632 1701 4707 τῶν
1729 4652 1846 4706 δια-
1879 4669 1925 4727 ο
1950 4658 2005 4713 in

1822 4682 1846 4693 -
1879 4669 1925 4727 ο
1950 4658 2005 4713 in
2026 4660 2382 4725 corruptione
2412 4646 2467 4707 et
2510 4652 2567 4704 in
2598 4632 2770 4702 morte
2799 4653 3105 4705 versantur,
3140 4632 3323 4699 multis
3352 4642 3520 4698 causa

294 4748 628 4822 φθαρέντων,
665 4748 759 4802 καὶ
787 4749 843 4801 ὲν
875 4746 1084 4816 θανάτῳ
1111 4745 1434 4816 γενομένων,
1463 4746 1674 4810 πολλοῖς
1705 4730 1857 4800 αἰτία

295 4839 570 4911 σωτηρίας
612 4838 784 4891 ἔσται.
818 4837 1015 4901 Πολλδς
1040 4835 1148 4908 γὰρ
1186 4836 1314 4906 χοῦς
1354 4837 1447 4889 καὶ
1486 4835 1653 4907 πολλὴ
1705 4837 1854 4900 κόνις

291 4931 401 4987 τῶν
427 4931 594 4986 πάλαι
632 4932 725 4984 καὶ
754 4929 1021 5002 σαρκίνων
1060 4929 1152 4982 καὶ
1174 4926 1372 4998 χοῖκῶν
1427 4925 1726 4999 ἀνθρώπων
1770 4925 1856 4992 ἐξ·

292 5022 682 5095 ομολογήσεταί
717 5040 825 5077 σοι·
853 5023 902 5076 οἳ
942 5024 1035 5076 καὶ
1063 5022 1152 5075 ἐπὶ
1194 5020 1255 5074 τὸ
1294 5022 1538 5091 κρεῖττον
1588 5018 1855 5090 μεταϐλη-

293 5111 495 5178 θέντες,
544 5113 912 5183 ἀπαγγελοῦσι
959 5113 1057 5183 τὴν
1105 5110 1355 5183 ἀλήθειάν
1409 5125 1521 5162 σου.
1568 5109 1713 5179 Μήτι
1759 5104 1851 5162 οὖν

291 5206 385 5258 καὶ
418 5207 475 5258 ὲν
504 5205 581 5276 τῷ
622 5206 741 5279 ἐμῷ
779 5207 970 5277 αἵματι
1006 5204 1158 5259 ἔσται
1189 5221 1239 5257 τι
1274 5192 1511 5256 τοιοῦτον
1547 5201 1748 5269 ἀγαθὸν
1776 5202 1854 5273 τῷ

290 5298 513 5367 κόσμῳ;
580 5299 613 5370 ἢ
672 5298 1079 5368 ὠφεληθήσεταί
1135 5314 1217 5360 τις
1268 5293 1400 5366 ἐμοῦ
1454 5293 1853 5364 καταωρέντος

288 5388 395 5441 ὑπὸ
423 5386 518 5440 τοῦ
546 5387 774 5442 θανάτου
798 5407 813 5457 ;
840 5390 879 5460 ἢ
912 5388 1040 5461 χοῦς
1068 5390 1162 5442 καὶ
1192 5389 1219 5439 ὁ
1245 5386 1350 5440 ἀπὸ
1378 5384 1471 5439 τοῦ
1504 5383 1599 5453 χοῦ
1630 5383 1855 5453 ληφθεὶς

290 5479 383 5534 καὶ
415 5478 650 5547 γεγονὼς
683 5481 985 5551 ἄνθρωπος,
1022 5478 1375 5552 μεταϐληθεὶς
1403 5475 1510 5530 ἀπὸ
1542 5474 1632 5528 τοῦ
1666 5476 1849 5551 χοϊκοῦ

290 5572 381 5625 καὶ
404 5572 691 5641 γενόμενος
733 5556 1114 5642 πνευματικὸς,
1144 5570 1441 5641 ἀπαγγελεῖ
1472 5567 1568 5639 τὴν
1594 5567 1849 5640 ἀλήθειάν

292 5681 385 5719 σου
400 5681 420 5735 ν;
478 5663 637 5717 Ἀλλά
679 5665 786 5735 γὰρ
825 5649 993 5717 οὐδὲν
1017 5664 1167 5719 ἔσται
1210 5664 1268 5728 ἐξ
1302 5659 1432 5732 ἐμοῦ
1460 5658 1727 5713 τοιοῦτον·
1768 5662 1850 5716 διὸ

293 5752 517 5810 ίκετεύω
582 5756 656 5828 μὴ
712 5756 1041 5829 ὁμοιωθῆναι
1112 5760 1221 5819 τοῖς
1295 5751 1704 5833 καταϐαίνουσιν
1765 5759 1849 5821 εἰς

294 5849 507 5904 λάκκον.

360 5967 406 5999 ⁸⁸
444 5968 467 6022 1
502 5969 627 6025 Cor.
664 5984 733 6036 ι,
768 5968 857 6024 12.
930 5966 971 6000 ⁸⁷
1011 5964 1168 6023 Joan.
1209 5983 1256 6031 I,
1292 5965 1379 6020 29.
1458 5963 1503 5996 ⁸⁸
1528 5961 1632 6030 lsa,
1660 5978 1776 6031 Lm,
1807 5963 1863 6019 7.

1957 4748 2151 4805 salutis
2194 4746 2317 4801 erit.
2378 4743 2557 4795 Pulvis
2598 4738 2741 4793 enim
2794 4736 2997 4790 multus
3042 4736 3318 4806 multaque
3353 4743 3519 4807 terra,

1957 4841 2243 4896 hominum
2277 4834 2482 4893 scilicet
2521 4832 2650 4887 olim
2697 4828 3013 4899 carnalium,
3050 4843 3114 4883 ac
3161 4836 3519 4891 terrenorum,

1957 4930 2299 4989 confitebitur
2320 4927 2413 4982 tibi
2440 4944 2453 4980 :
2476 4924 2570 4995 qui
2593 4924 2646 4977 in
2670 4920 2946 4978 meliorem
2967 4920 3109 4975 versi
3132 4918 3517 4980 conditionem,

1958 5022 2355 5081 annuntiabum
2408 5018 2688 5075 veritatem
2740 5021 2907 5068 tuam.
2958 5011 3212 5082 Nunquid
3255 5010 3418 5080 igitur
3463 5009 3546 5062 in.

1960 5114 2220 5186 sanguine
2264 5125 2385 5166 meo
2433 5110 2538 5165 tale
2583 5108 2859 5180 quidpiam
2903 5107 3105 5161 bonum
3144 5100 3345 5169 mundo
3381 5100 3531 5189 erit?‘

1956 5209 2038 5262 An
2067 5205 2187 5275 quis
2222 5201 2509 5256 utilitatem
2556 5201 2684 5255 hinc
2732 5197 3031 5270 percipiet,
3075 5195 3121 5248 si
3156 5206 3253 5260 ego
3283 5204 3313 5242 a
3346 5198 3519 5242 morte
3552 5269 3557 5273 ς

1957 5294 2243 5354 detrahar?
2280 5293 2361 5347 An
2408 5294 2585 5365 pulvis
2611 5303 2665 5348 et
2696 5290 2789 5363 qui
2816 5306 2882 5346 ex
2915 5288 3133 5359 pulvere
3163 5290 3411 5350 sumptus
3442 5296 3520 5333 la-

1956 5401 2077 5448 ctus
2102 5396 2185 5444 est
2214 5387 2395 5451 homo,
2426 5402 2491 5441 ex
2518 5384 2747 5439 'terreno
2790 5384 3151 5436 commutatus
3179 5373 3235 5426 in
3262 5369 3519 5441 spiritua-

1956 5486 2081 5547 lem,
2115 5478 2456 5534 annuntiabit
2484 5474 2761 5531 veritatem
2786 5471 2971 5527 tuam?
2997 5466 3138 5522 Nihil
3168 5461 3517 5531 sanerbujus-

1955 5576 2101 5632 modi
2127 5590 2195 5630 ex
2230 5588 2314 5629 me
2338 5571 2594 5643 prodihit.
2632 5568 2993 5638 Quamobrem
3028 5572 3162 5632 rogo
3211 5568 3279 5612 ne
3323 5553 3517 5610 similis

1960 5667 2083 5723 tiam
2110 5663 2566 5721 descendentibus
2593 5663 2648 5718 in
2679 5664 2875 5718 lacum.
