4302 6408
699 517 701 520 ι
797 468 904 527 263

1497 463 1765 519 EUFEB"
1801 460 2282 519 CASSARIENSIS
2318 459 2467 516 OPl’.
2513 448 2696 512 PARS
2727 454 2814 512 ΙΙΙ.
2856 489 2922 498 -
2958 457 3366 515 EXEGETICA.

3949 463 4051 521 264

865 578 1030 635 Vens.
1095 578 1278 633 H-IS.
1310 578 1523 633 Audiuit
1569 580 1842 643 Dominus,
1902 586 1952 632 et
2012 580 2256 632 misertus
2300 587 2378 632 est

2428 587 2452 643 ι
2555 578 2809 630 Ἤκουσε
2841 577 3096 643 Κύριος,
3128 574 3222 628 καὶ
3250 573 3478 642 ήλέησέ
3509 591 3586 642 με
3606 589 3618 603 ·
3677 569 3889 644 Κύρὶος
3920 577 4051 649 ἐτε-

794 673 916 736 mei,
959 671 1211 724 Dominus
1256 669 1429 739 factus
1484 680 1561 724 est
1605 672 1819 740 adjutor
1860 686 2024 725 meus.
2097 669 2365 730 Converti-

793 764 862 816 δεῖ
918 761 1184 832 planctum
1250 779 1421 816 meum
1482 762 1534 814 in
1579 761 1829 830 gaudium
1863 761 1990 815 mihi
2021 777 2038 814 :
2065 760 2368 815 conscidiin

792 871 1001 915 saccum
1031 872 1222 918 meum,
1251 864 1302 909 et
1334 855 1726 908 circumdedisti
1755 871 1834 908 me
1861 856 2070 910 (milia.
2098 854 2234 909 Cum
2266 855 2366 916 sic,

792 947 988 1017 inquit,
1028 946 1371 1016 deprecarer,
1403 947 1497 1016 qui
1543 961 1653 998 non
1707 945 1894 1014 procul
1940 951 2026 999 est
2067 944 2137 997 ab
2177 944 2245 999 iis
2275 943 2368 1013 qui

792 1056 927 1112 pure
966 1056 1030 1095 ac
1075 1040 1307 1095 ﬁdeliter
1335 1039 1588 1093 invocant
1620 1040 1818 1108 ipsum,
1848 1036 2111 1091 Dominus
2144 1036 2362 1100 audivit,

791 1131 859 1186 de
888 1145 995 1200 quo
1029 1129 1234 1184 dictum
1263 1138 1347 1183 est
1372 1146 1383 1181 :
1417 1126 1588 1194 Prope
1615 1135 1691 1180 est
1727 1126 1983 1179 Dominus
2015 1123 2254 1177 omnibus
2284 1123 2365 1176 in-

790 1221 1092 1275 vocantibus
1117 1237 1232 1274 eum
1279 1219 1334 1272 in
1374 1220 1588 1273 veritate
1615 1219 1660 1251 ⁸³
1686 1235 1702 1274 1
1733 1226 1788 1273 et
1818 1226 2101 1288 postquam
2138 1214 2364 1277 audivit,

789 1314 1032 1366 misertus
1065 1321 1141 1366 est
1171 1311 1292 1369 mei,
1329 1325 1392 1364 ac
1440 1325 1595 1366 suam
1639 1326 1765 1378 erga
1808 1324 1894 1364 me
1937 1307 2363 1362 misericordiam

789 1419 952 1474 opere
979 1402 1352 1473 comprobavit
1382 1421 1393 1455 :
1427 1401 1601 1471 factus
1636 1410 1713 1454 est
1753 1395 1896 1451 enim
1933 1397 2147 1467 adjutor
2195 1415 2359 1452 meus.

789 1493 1081 1567 Postquam
1137 1510 1237 1548 nos
1293 1495 1443 1550 hisce
1496 1494 1764 1548 allocuth
1804 1503 1886 1547 est
1917 1492 2118 1554 verbis,
2157 1500 2211 1547 et
2242 1505 2363 1561 quze

789 1589 892 1644 sibi
926 1586 1238 1643 acciderant
1281 1587 1574 1646 enarravit.
1611 1600 1805 1640 rursus
1853 1570 2148 1654 gratiarum
2193 1584 2364 1637 actio.

789 1697 909 1737 nem
935 1680 1001 1735 ad
1037 1681 1212 1750 ipsum
1247 1677 1415 1733 Deum
1459 1679 1744 1742 convertit,
1781 1677 2042 1732 beneﬁcia
2095 1677 2199 1732 sibi
2243 1677 2359 1732 col-'

788 1774 895 1826 lata
924 1785 1271 1827 enumerans.
1312 1768 1468 1833 Nam,
1501 1769 1697 1839 inquit,
1724 1779 1782 1823 tu
1825 1769 1932 1822 mei
1979 1769 2237 1822 misertus
2275 1782 2359 1829 es,

784 1874 837 1916 et
868 1863 1043 1918 lactus
1081 1876 1140 1917 es
1163 1861 1378 1932 adjutor
1406 1875 1591 1928 meus;
1628 1853 1800 1930 atque
1834 1860 1914 1915 sic
1940 1868 2150 1914 veteres
2185 1859 2362 1929 lacry-

2469 667 2619 734 νήθη
2661 668 2888 734 βοηθός
2924 685 3061 737 μου.
3110 668 3446 735 Ἕστρεψας
3491 667 3597 721 τὸν
3639 671 3896 723 κοπετόν
3933 687 4056 741 μου

2467 766 2554 828 εἰς
2593 765 2786 830 χαρὰν
2816 760 2965 830 ἐμοὶ,
3015 759 3328 828 διέρῤηξας
3368 759 3475 813 τὸν
3518 759 3750 813 σάκκον
3778 777 3919 829 μου,
3954 762 4052 816 καὶ

2468 854 2820 923 περιέζωσάς
2841 871 2917 924 με
2938 855 3341 922 εὐφροσύνην.
3362 848 3568 916 Ταῦτα,
3590 853 3745 922 φησι,
3770 852 4054 922 δεηθέντος

2470 965 2592 1018 μου,
2620 951 2648 1001 ὁ
2675 947 2750 1019 μὴ
2783 948 2996 1019 μακρὰν
3023 947 3274 1016 ἀφεστὼς
3301 945 3406 1000 τῶν
3439 945 3694 1017 καθαρῶς
3722 946 3815 999 καὶ
3844 944 4055 1017 πιστῶς

2466 1038 2910 1107 ἐπικαλουμένων
2947 1027 3119 1090 αὐτὸν
3138 1037 3340 1108 Κύριος
3361 1035 3616 1105 ἤκουσε,
3649 1035 3777 1107 περὶ
3807 1029 3869 1089 οὗ
3899 1035 4053 1107 εἴρη-

2465 1148 2584 1184 ται·
2650 1132 2858 1200 Ἐγγὺς
2908 1131 3124 1198 Κρριος
3169 1127 3318 1184 πᾶσι
3363 1129 3490 1196 τοῖς
3551 1129 4065 1197 ἐπικαλουμένοις

2465 1224 2650 1276 αὑτὸν
2693 1223 2764 1275 ἐν
2805 1223 3077 1290 ἀληθείᾳ·
3128 1221 3222 1275 καὶ
3269 1221 3506 1284 ἀκούσας
3547 1220 3778 1288 ἠλέησέ
3816 1238 3916 1290 με,
3961 1224 4053 1275 καὶ

2465 1315 2623 1386 ἔργον
2667 1315 2976 1381 ἐπεδείξατο
3023 1312 3116 1365 τοῦ
3171 1314 3249 1377 είς
3277 1314 3375 1384 ἐμὲ
3409 1313 3890 1384 οἴκτουοὲγεν-ήθη
3937 1315 4047 1383 γὰρ

2459 1407 2687 1474 βοηθός
2705 1425 2843 1477 μου.
2870 1408 3056 1461 Ταῦτα
3086 1409 3160 1470 ὡς
3190 1407 3326 1477 πρὸς
3355 1408 3502 1478 ἡμᾶς
3521 1406 3840 1476 διαλεχθεὶς,
3865 1405 3960 1458 καὶ
3983 1405 4052 1456 τὰ

2468 1496 2851 1568 συμϐεϐηκότα
2892 1499 3040 1570 αὐτῷ
3077 1498 3297 1562 διδάξας
3321 1499 3487 1570 ἡμᾶς,
3521 1499 3850 1570 ἀποστρέφει
3887 1497 4052 1550 πάλιν

2463 1591 2561 1660 τὴν
2587 1591 2936 1662 εὐχαριστίαν
2971 1591 3060 1643 ἐπ’
3090 1591 3250 1643 αὑτὸν
3283 1591 3434 1655 Θεὸν,
3465 1590 3562 1654 τὰς
3590 1591 3668 1653 εἰς
3696 1590 3857 1644 αὐτὴν
3896 1590 4051 1660 εὐερ-

2463 1683 2652 1750 γεσίας
2681 1683 2910 1748 διεξιών.
2955 1684 3220 1754 ’ίῖλέησας
3255 1683 3365 1755 γάρ
3399 1701 3466 1754 με
3507 1685 3594 1747 σὺ,
3625 1684 3780 1753 φησὶ,
3826 1684 3920 1736 καὶ
3954 1682 4050 1751 γέέ

2463 1788 2624 1838 γονας
2674 1771 2866 1841 βοηθός
2911 1789 3047 1842 μου·
3092 1772 3234 1825 οὕτω
3282 1789 3343 1825 τε
3393 1771 3687 1844 μετέδαλες
3738 1773 3806 1826 τὰ
3845 1773 4053 1826 παλαιά

2469 1881 2569 1934 μου
2609 1865 2838 1935 δάκρυα,
2873 1865 2970 1917 καὶ
3001 1866 3126 1928 τοὺς
3167 1864 3398 1938 θρήνους
3437 1865 3534 1918 καὶ
3574 1871 3664 1918 τὸν
3705 1865 3935 1920 κοπετὸν
3969 1865 4051 1928 είς

786 1971 924 2021 mas,
957 1953 1393 2017 lamentationes,
1443 1953 1720 2021 planctum
1770 1951 1825 2004 in
1876 1950 2070 2013 risum,
2104 1947 2361 2015 gaudium

2428 1971 2435 2014 ι
2463 1957 2673 2025 γέλωτα
2697 1958 2789 2010 καὶ
2819 1957 3014 2028 χαρὰν,
3050 1957 3144 2011 καὶ
3178 1958 3515 2026 ἀγαλλίασιν,
3551 1959 3929 2030 ὲπαληθεύσας
3958 1957 4051 2012 τὸν

783 2055 839 2102 ct
887 2045 1304 2101 exsultationem
1342 2043 1712 2099 commutasti.
1762 2039 1840 2094 lta
1887 2055 2070 2095 veram
2111 2053 2363 2108 compro—

783 2139 922 2195 basti
971 2140 1116 2194 illam
1172 2136 1583 2199 beatitudinem,
1619 2150 1740 2204 qua:
1779 2133 1870 2188 diu
1922 2140 2111 2204 postea
2141 2133 2207 2186 de
2231 2131 2362 2186 ﬂen-

782 2233 928 2288 tibus
956 2247 1018 2286 ac
1043 2231 1355 2301 lugentibus
1383 2229 1580 2283 tradita
1609 2235 1692 2282 est
1724 2247 1736 2282 :
1767 2226 1919 2280 Beati
1945 2227 2031 2291 qui
2055 2225 2202 2294 ﬂent,
2233 2240 2363 2295 quo-

784 2327 930 2380 niam
960 2325 1197 2380 ridebunt
1220 2325 1296 2385 ὀς
1328 2323 1466 2378 beati
1491 2324 1580 2394 qui
1610 2322 1802 2392 lugent,
1833 2321 2081 2390 quoniam
2108 2319 2206 2388 ipsi
2235 2335 2362 2373 con-

785 2417 1195 2483 solabuntur”.
1233 2415 1315 2472 Me
1357 2431 1519 2470 sacco
1543 2414 1766 2481 exuisti,
1800 2414 1891 2483 qui
1922 2413 2102 2467 luctus
2144 2412 2356 2482 signum

757 2494 922 2572 'er'at,
959 2509 1012 2562 in
1043 2523 1150 2579 quo
1183 2517 1269 2562 me
1317 2505 1635 2576 amigebam,
1667 2513 1721 2560 et
1763 2505 1982 2575 cingulo
2017 2504 2213 2558 laetitia:
2255 2504 2358 2557 cir-

783 2601 1131 2674 cumcinxisti
1173 2614 1276 2654 me.
1309 2597 1433 2652 Haec
1465 2612 1626 2667 porro
1648 2597 1826 2649 omnia
1881 2596 2012 2650 mihi
2055 2596 2354 2666 praebuisti,

783 2700 843 2748 ut
877 2691 1045 2756 πιεῖνεί
1075 2692 1174 2746 tibi
1220 2705 1330 2745 non
1361 2688 1644 2744 confessus
1678 2704 1878 2752 essem,
1911 2699 2050 2743 terra
2090 2698 2140 2743 et
2179 2689 2356 2759 pulvis

781 2801 1139 2850 remanerem,
1168 2793 1227 2838 ut
1274 2791 1447 2838 cantet
1485 2780 1576 2836 tibi
1622 2782 1793 2852 gloria
1842 2798 1976 2836 mea.
2015 2779 2149 2834 Nam
2189 2782 2234 2836 si
2265 2781 2358 2836 de-

780 2879 1112 2935 scendissem
1171 2877 1229 2932 in
1283 2875 1724 2946 corruptionem,
1773 2875 1921 2929 nulla
1965 2869 2094 2927 hinc
2151 2874 2357 2928 utilitas

779 2973 865 3028 vel
897 2973 1030 3027 mihi
1058 2971 1141 3027 vel
1167 2971 1290 3026 aliis
1340 2977 1601 3024 eventura
1646 2977 1783 3023 erat.
1826 2967 1938 3038 Ego
1980 2982 2224 3036 namque.
2248 2967 2356 3020 vita

781 3067 870 3122 illa
909 3083 1030 3138 qua:
1072 3082 1138 3121 ex
1186 3075 1237 3120 te
1272 3064 1516 3135 procedit
1563 3061 1862 3132 privandus
1905 3076 2076 3128 eram,
2108 3061 2199 3114 alii
2230 3076 2357 3116 vero

782 3176 876 3230 per
903 3176 987 3214 me
1012 3161 1239 3214 salutem
1268 3155 1492 3210 minime
1522 3155 1666 3208 nacti
1696 3141 1898 3209 essent.

850 3250 920 3304 At
949 3250 1168 3320 quando
1203 3257 1261 3302 tu
1293 3245 1594 3301 convcrtisti
1630 3244 1899 3314 planctum
1928 3259 2098 3296 meum
2132 3243 2185 3295 in
2225 3259 2356 3314 gau-

2465 2043 2690 2115 ὖστερόν
2723 2062 2853 2098 ποτε
2879 2043 3138 2115 λεχθέντα
3171 2048 3516 2118 μακαρισμὸν
3550 2048 3808 2120 περὶτῶν
3835 2047 4051 2102 κλαιόν-

2462 2151 2568 2188 των
2594 2134 2684 2187 καὶ
2713 2134 3072 2201 πενθούντων,
3104 2135 3246 2189 κατὰ
3268 2135 3326 2188 τό
3345 2153 3357 2164 ·
3401 2137 3689 2206 Μακάριοι
3727 2141 3781 2192 οὶ
3809 2140 4052 2193 κλαίον-

2419 2261 2424 2266 -
2460 2245 2578 2294 τες,
2609 2227 2698 2280 ὅτι
2731 2225 3128 2298 γελάσονται·
3152 2227 3249 2282 καὶ
3274 2228 3550 2298 μακάριοι
3581 2234 3634 2284 οἱ
3665 2233 4047 2299 πενθοῦντες,

2459 2320 2548 2372 ὅτι
2584 2319 3179 2388 παρακληθήσονται.
3233 2320 3313 2374 Τὰ
3346 2320 3589 2392 σύμϐολα
3628 2322 3759 2389 γοῦν
3795 2323 3890 2378 τοῦ
3921 2325 4049 2378 πέν-

2459 2410 2585 2474 θους
2634 2412 2908 2475 ἁπέδυσάς
2944 2429 3043 2482 με,
3093 2412 3188 2466 τὸν
3237 2412 3472 2477 σάκκον,
3523 2416 3582 2468 ὲν
3631 2407 3676 2482 ᾧ
3716 2416 4050 2471 κακοπαθῶν

2460 2507 2693 2576 ἐμαυτὸν
2720 2508 3124 2580 ἐτιμωρούμην,
3160 2509 3253 2584 καὶ
3285 2506 3534 2581 ζώσματι
3579 2511 3916 2582 εὐφροσύνης
3951 2529 4050 2565 πε·-

2462 2600 2724 2671 ριέζωσάς
2772 2619 2858 2671 με.
2913 2602 3022 2654 Καὶ
3047 2601 3222 2654 ταῦτα
3249 2602 3425 2656 πάντα
3473 2621 3563 2674 μοι
3607 2603 3909 2675 παρέσχου,
3960 2604 4050 2657 ἵνα

2461 2693 2535 2765 μὴ
2577 2694 2858 2765 ἀπομείνω
2903 2695 3048 2758 κόνις
3082 2696 3177 2748 καὶ
3209 2691 3338 2767 χοῦς
3383 2699 3412 2751 ὁ
3453 2698 3527 2769 μὴ
3560 2697 4049 2770 ἐξομολογούμενος

2461 2802 2563 2852 σοι,
2605 2786 2717 2839 ἀλλ’
2747 2787 2847 2840 ἵνα
2878 2787 3091 2856 ψάλλῃ
3131 2805 3229 2842 σοι
3259 2790 3296 2858 ἡ
3327 2787 3476 2854 δόξα
3497 2807 3638 2860 μου.
3683 2791 3906 2874 Ἐνῄμξν
3939 2789 4049 2860 γὰρ

2456 2877 2534 2948 τῷ
2568 2879 2871 2952 καταϐῆναι
2909 2897 2976 2949 με
3009 2882 3088 2944 εἱς
3116 2879 3413 2952 διαφθορὰν
3449 2882 3676 2955 οὐδεμία
3704 2902 3787 2948 τις
3810 2879 3878 2954 ἦν
3901 2883 4049 2953 ὠφέ-

2438 2969 2576 3024 ’λεια
2601 2969 2710 3024 οὔτ’
2741 2971 2865 3041 ἐμοὶ
2891 2971 3015 3025 οὕτε
3037 2973 3263 3044 ἑτέροις.
3311 2971 3454 3043 Ἐγώ
3482 2985 3554 3028 τε·
3576 2975 3686 3048 γὰρ
3711 2972 4049 3048 ἀπεστερού·
4085 2983 4090 2986 ’

2461 3079 2566 3131 μην
2592 3063 2689 3134 τῆς
2715 3064 2866 3134 παρὰ
2899 3063 2993 3117 σοῦ
3017 3063 3184 3136 ζωῆς,
3215 3065 3362 3120 ἄλλοι
3390 3085 3447 3121 τε
3475 3066 3726 3141 οὐδαμῶς
3751 3070 4047 3141 ἐτύγχανον

2457 3152 2557 3222 τῆς
2587 3153 2652 3204 δι’
2683 3154 2817 3225 ἐμοῦ
2851 3158 3142 3229 σωτηρίας.

2541 3245 2627 3296 Ἐν
2657 3245 2713 3297 δὲ
2740 3245 2817 3316 τῷ
2836 3247 3238 3316 μεταϐάλλειν
3269 3267 3343 3306 σε
3372 3251 3480 3305 τὸν
3507 3249 3767 3307 κοπετόν
3786 3272 3908 3324 μου
3956 3256 4047 3321 εἰς

725 3408 727 3412 η
779 3341 926 3394 dium
973 3338 1122 3403 mihi,
1153 3346 1207 3394 et
1235 3336 1453 3409 quando
1498 3333 1805 3389 conscidisti
1851 3349 2062 3386 saccum
2093 3347 2263 3384 mcunz
2307 3339 2356 3384 ct

2459 3335 2652 3404 χαρὰν
2685 3336 2834 3404 ἐμοὶ,
2873 3340 2966 3392 καὶ
3008 3342 3066 3394 ὲν
3098 3341 3175 3414 τῷ
3214 3342 3530 3413 διαρῤῆξαί
3562 3359 3636 3398 σε
3675 3323 4050 3401 τόνῗσάκκον

779 3430 1171 3486 circumdedisti
1219 3446 1299 3486 me
1343 3428 1551 3492 laetitia,
1578 3443 1688 3482 non
1736 3425 1949 3480 modica
1997 3423 2123 3478 inde
2152 3423 2356 3478 utilitas

779 3524 1012 3580 accessit
1043 3543 1055 3579 :
1090 3539 1215 3578 nam
1245 3523 1476 3594 pristina
1511 3527 1730 3590 recepta
1760 3519 1956 3590 gloria,
1976 3514 2076 3588 per
2105 3533 2224 3572 eam
2257 3515 2356 3570 tibi

777 3618 1011 3674 cantabo
1035 3629 1095 3673 et
1110 3617 1336 3689 psallam
1359 3657 1372 3682 ,
1401 3631 1508 3671 non
1547 3629 1710 3686 prava
1741 3615 1957 3685 quidem
1996 3612 2353 3692 conscientia,

778 3711 874 3766 sed
906 3710 1088 3766 ﬁdenti
1129 3725 1192 3765 ac
1229 3724 1366 3782 pura
1418 3717 1618 3765 mente.
1665 3709 1790 3763 Ideo
1818 3708 1914 3772 ait,
1950 3704 2018 3760 Ut
2059 3713 2231 3759 cantet
2264 3701 2358 3758 tibi

775 3803 948 3874 gloria
977 3819 1112 3866 mea,
1153 3811 1201 3857 et
1247 3818 1350 3856 non
1396 3812 1732 3872 compungar.
1781 3799 1859 3854 Ita
1910 3813 2074 3870 porro
2105 3811 2359 3868 perseve-

777 3895 914 3949 rabo
944 3910 1041 3965 per
1067 3909 1230 3949 omne
1278 3894 1560 3961 saeculum,
1588 3893 1888 3950 conﬁtebor
1941 3891 2065 3956 tibi,
2117 3898 2171 3946 et
2223 3903 2253 3942 a
2305 3895 2356 3942 te

779 3986 912 4039 mihi
946 3999 1160 4054 semper
1201 3985 1398 4039 collata
1429 3984 1691 4040 beneﬁcia
1737 3983 2197 4040 commemorabo.
2245 3978 2355 4033 Do-

721 4133 724 4135 s
776 4079 950 4132 minus
979 4077 1152 4148 [actus
1179 4086 1258 4131 cst
1292 4077 1506 4146 adj-utor
1533 4094 1694 4131 meus.
1738 4075 2043 4131 Notandum
2079 4088 2242 4145 porro
2272 4080 2356 4128 est

778 4171 932 4233 illud,
957 4169 1131 4239 factus
1153 4177 1251 4234 est,
1283 4182 1391 4221 non
1431 4182 1645 4237 semper
1677 4175 1953 4237 acceptam
1990 4164 2353 4221 substantiam

775 4262 1125 4336 signiﬁcare;
1173 4261 1265 4316 sed
1302 4259 1627 4331 quandoque
1667 4262 1832 4314 etiam
1887 4259 2130 4313 habitum
2161 4271 2355 4328 quem-

775 4360 922 4412 dam.
955 4354 1143 4411 Sicubi
1179 4354 1346 4426 igitur
1387 4353 1441 4408 id
1476 4353 1545 4408 de
1594 4349 1875 4406 Salvatore
1917 4351 2150 4417 dicatur,
2198 4349 2349 4403 babi-
2394 4410 2403 4416 _

775 4457 890 4504 tum
921 4448 986 4505 ad
1016 4463 1131 4503 rem
1161 4447 1424 4518 aliquam,
1456 4461 1564 4500 non
1601 4444 1964 4500 substantiam
2010 4429 2231 4508 factam,
2277 4441 2353 4495 si-

773 4541 1010 4613 gniﬁcat.
1069 4539 1384 4596 Convertisti
1444 4537 1714 4607 planctum
1772 4551 1944 4589 meum
1992 4535 2046 4588 in
2098 4535 2352 4605 gaudium

776 4635 923 4688 mihi.
955 4633 1066 4688 vox
1099 4635 1211 4699 illa,
1243 4635 1486 4705 planctus
1523 4630 1660 4705 [sive
1703 4632 1878 4684 tunsio
1924 4629 2194 4702 pectoris],
2223 4644 2350 4684 sen-

777 4744 896 4784 sum
931 4726 1199 4798 signiﬁcat
1229 4747 1242 4781 :
1271 4727 1415 4798 quod
1439 4727 1523 4781 vel
1546 4727 1662 4796 ipsa
1694 4740 1752 4780 re
1783 4723 2116 4786 declaratur,
2157 4737 2352 4776 manus

776 4820 976 4890 quippe
1020 4826 1207 4890 pectus
1253 4811 1510 4872 tundunt'.
1555 4815 1659 4882 Qui
1690 4817 1868 4887 igitur
1906 4816 1960 4870 in
2007 4815 2353 4886 propriorum

779 4920 1126 4984 peccatorum
1157 4925 1322 4966 sensu
1355 4916 1624 4974 versatur,
1662 4925 1727 4964 ac
1759 4925 1855 4980 per
1900 4909 2210 4979 spirituales
2245 4922 2355 4960 ma-

778 5021 1035 5071 nuscum
1083 5003 1322 5059 eﬁicacia
1369 5017 1590 5056 sensum
1632 5003 1832 5057 excitat
1872 5019 2060 5066 suum,
2095 5003 2142 5058 is
2173 5012 2352 5055 trans-

776 5099 917 5154 latus
967 5115 996 5153 a
1048 5099 1220 5160 luctu,
1253 5093 1532 5167 gaudium,
1590 5092 1826 5164 Spiritus
1871 5096 2047 5152 sancti
2086 5094 2348 5157 fructum,

773 5192 1019 5262 accipiet.
1056 5189 1190 5246 lllud
1232 5203 1418 5258 porro,
1456 5187 1779 5250 convertisti,
1811 5190 2165 5244 mutationem
2198 5187 2345 5241 illam

774 5301 838 5340 ex
868 5285 1088 5355 planctu
1113 5290 1167 5337 et
1195 5282 1342 5336 luctu
1374 5281 1430 5335 in
1472 5280 1713 5336 laetitiam
1744 5281 1984 5335 declarat
2011 5300 2025 5349 ;
2072 5280 2206 5337 illud
2251 5279 2348 5335 de-

776 5391 944 5440 mum,
978 5392 1078 5429 non
1107 5389 1444 5444 compungar,
1478 5373 1529 5428 id
1558 5381 1661 5440 est,
1703 5388 1813 5428 non
1846 5376 2065 5429 mutabo
2101 5374 2350 5445 proposi-

775 5475 911 5523 tum.
941 5466 1122 5522 Gloria
1165 5467 1257 5521 illa
1288 5465 1562 5521 cantatrix
1595 5467 1715 5538 ejus
1744 5465 1838 5536 qui
1881 5465 1961 5520 sic
2001 5465 2171 5523 Deum
2217 5465 2349 5521 alfa-

775 5566 884 5624 tur,
923 5569 1133 5615 rectum
1164 5560 1287 5614 vitae
1337 5557 1645 5613 institutum
1686 5566 1769 5614 est
1818 5564 1872 5611 et
1912 5557 2150 5628 cognitio
2187 5574 2343 5630 pura.

780 5647 995 5703 Domine
1035 5648 1175 5703 Deus
1225 5666 1390 5714 meus,
1432 5650 1488 5702 in
1535 5658 1786 5703 wternum
1829 5648 2114 5718 confitebor
2143 5651 2253 5705 tibi.
2286 5649 2345 5704 1d

774 5749 878 5803 οει,
903 5755 1000 5808 pro
1027 5741 1282 5796 omnibus
1311 5755 1432 5811 quas
1453 5740 1800 5811 contigerint,
1827 5755 1934 5795 non
1964 5741 2124 5796 modo
2151 5741 2345 5812 jucun-

851 5919 896 5952 ⁸³
935 5917 1078 5976 Psal.
1113 5935 1289 5983 θεων,
1329 5924 1418 5979 18.
1493 5926 1540 5957 ⁹⁰
1581 5923 1710 5980 Luc.
1751 5941 1822 5993 τι,
1858 5925 1947 5982 “ll.

2452 3445 2572 3496 μου
2605 3429 2704 3482 καὶ
2734 3430 3045 3498 περιζῶσαι
3071 3437 3478 3506 εὐφροσύνην,
3515 3439 3613 3511 οὐχ
3643 3440 3676 3510 ἡ
3701 3439 3939 3512 τυχοῦσα
3963 3457 4048 3511 γεο

2457 3521 2680 3590 γένηται
2699 3523 2935 3594 ὠφέλεια
2953 3544 2965 3556 ·
2993 3528 3285 3584 ἀπολαϐὼν
3313 3531 3421 3604 γὰρ
3446 3531 3544 3604 τὴν
3575 3533 3846 3606 προτέραν
3872 3535 4047 3607 ὲμαυ-

2455 3612 2548 3666 τοῦ
2573 3613 2750 3681 δόξαν,
2783 3616 2870 3671 διὰ
2888 3619 3094 3692 ταύτης
3124 3639 3205 3676 σοι
3230 3623 3406 3693 ψαλῶ,
3423 3626 3518 3680 καὶ
3543 3625 3698 3696 ψαλῶ
3726 3609 3807 3682 σοι
3822 3628 3883 3699 ού
3908 3627 4050 3700 μετά

2455 3722 2598 3771 τινος
2627 3708 2838 3781 φαύλης
2872 3713 3253 3786 συνειδήσεως,
3285 3717 3420 3772 ἀλλὰ
3478 3719 3617 3790 μετὰ
3663 3705 4047 3794 πεπαρρησια-

2458 3797 2661 3870 σμένης
2693 3802 2807 3884 atat:
2820 3802 3069 3876 καθαρᾶς
3115 3806 3372 3871 διανοίας.
3404 3811 3496 3863 Διό
3521 3827 3712 3880 φησιν’
3749 3813 3938 3878 Ὅπως
3969 3811 4048 3866 ἂν

2454 3891 2666 3962 ψίὶλλῃ
2719 3911 2817 3949 σοι
2863 3897 2902 3964 ἠ
2945 3895 3097 3960 δόξα
3146 3915 3287 3966 μου,
3333 3899 3432 3952 καὶ
3473 3902 3545 3954 οὐ
3583 3901 3671 3969 μὴ
3709 3903 4042 3972 κατανυτῶ.

2455 3983 2610 4037 Οὕτω
2637 4005 2695 4040 τε
2720 3987 3015 4042 διατελέσω
3047 3990 3128 4052 εἰς
3154 3989 3248 4042 τὸν
3283 3989 3576 4060 σύμπαντα
3611 3991 3813 4056 αἰῶνα,
3850 3991 4043 4064 ἐξομοσ-

2454 4073 2774 4148 λογούμενός
2806 4095 2921 4143 σοι,
2963 4077 3058 4131 καὶ
3095 4080 3195 4142 τὰς
3230 4079 3328 4143 σὰς
3365 4079 3455 4133 διὰ
3489 4080 3690 4145 παντὸς
3722 4083 4044 4152 εὐεργεσίας

2454 4167 2552 4231 τὰς
2583 4171 2661 4230 εἰς
2691 4170 2790 4240 ἐμὲ
2817 4169 3047 4234 διεξιών.
3084 4171 3300 4239 Κύριος
3345 4171 3598 4242 ἐγενήθη
3633 4169 3865 4241 ,βοηθός
3895 4193 4039 4244 μου.

2456 4261 2818 4331 Σημειωτέον,
2877 4263 2959 4315 ὄτι
3009 4261 3088 4326 τὸ,
3145 4262 3421 4332 ἐγενήθη,
3474 4263 3576 4316 οὐκ
3636 4263 3724 4317 ἀεὶ
3787 4265 4042 4320 οὖσίωσιν

2458 4367 2520 4420 cn;-
2533 4350 2728 4419 μαίνει·
2750 4351 2862 4404 ἀλλ’
2894 4351 3004 4404 ἔσθ’
3033 4353 3121 4405 ὅτε
3151 4353 3246 4406 καὶ
3273 4353 3408 4424 πρός
3435 4370 3553 4407 τινα
3585 4354 3788 4425 σχέσιν.
3820 4353 3889 4408 Εί
3909 4373 4038 4409 ποτε

2453 4438 2546 4494 οὗν
2602 4443 2696 4496 καὶ
2731 4445 2835 4495 ἐπὶ
2881 4443 2973 4496 τού
3016 4446 3268 4518 Σωτῆρος
3324 4446 3545 4519 τοιαύτη
3602 4448 3812 4515 γένοιτο
3861 4449 4036 4520 φωνὴ,

2459 4533 2641 4603 σχέσιν
2667 4537 2802 4606 πρός
2833 4553 2886 4588 τι
2923 4539 3017 4589 καὶ
3048 4538 3169 4609 οὐχὶ
3203 4541 3456 4594 οὐσίωσιν
3491 4540 3764 4612 σημαίνει.
3802 4541 4041 4608 Ἕστρε-

2456 4630 2578 4696 ψας
2611 4625 2717 4680 τὸν
2755 4633 3010 4682 κοπετόν
3045 4647 3164 4698 μου
3197 4634 3284 4698 εὶς
3325 4630 3520 4701 χαρὰν
3557 4633 3707 4703 ἐμοί.
3746 4633 3831 4700 Ἠ,
3864 4646 4040 4688 κοπε-

2456 4721 2587 4787 τὸς,
2617 4721 2800 4792 φωνὴ,
2832 4721 2930 4793 τὴν
2965 4723 3315 4796 συναίσθησιν
3364 4725 3640 4796 σημαίνει,
3671 4727 3748 4790 ὡς
3775 4725 3870 4778 καὶ
3897 4725 4036 4797 αὑτὴ

2458 4813 2490 4882 ἡ
2529 4813 2726 4885 πρᾶξις
2755 4815 3081 4887 παρίστησι,
3109 4817 3215 4870 τῶν
3250 4817 3447 4889 χειρῶν
3481 4818 3543 4871 τὸ
3575 4817 3768 4888 στῆθος
3808 4833 4036 4870 κοπτου-

2459 4906 2586 4959 σῶν.
2650 4907 2722 4966 ,Ὁ
2780 4903 2872 4961 οὖν
2922 4909 2980 4962 ὲν
3032 4911 3379 4982 συναισθήσει
3433 4910 3576 4963 ἰδίων
3623 4909 4037 4980 ἁμαρτημάτων

2455 4999 2714 5067 γεγονὼς,
2759 5001 2854 5055 καὶ
2885 5000 3254 5074 ἐνεργητικῶς
3298 5003 3386 5055 διὰ
3416 5001 3614 5073 χειρῶν
3651 5004 4032 5073 πνευματικῶν

2455 5090 2551 5162 τὴν
2586 5092 2836 5164 αἴσθησιν
2885 5095 3049 5147 αὐτοῦ
3083 5093 3389 5165 διεγείρας,
3428 5093 3755 5164 ’μεταϐαλὼν
3796 5095 3903 5149 ἀπὸ
3937 5095 4032 5150 τοῦ

2448 5181 2833 5256 ὀλοφύρεσθαι,
2870 5183 3044 5256 χαρὰν
3069 5185 3160 5237 τὸν
3185 5185 3396 5256 καρπὸν
3433 5185 3526 5238 τοῦ
3558 5185 3870 5256 Πνεύματος
3901 5189 4031 5242 ἀνα-

2447 5273 2691 5346 λήψεται.
2728 5276 2821 5340 Τὸ,
2857 5275 3190 5343 ἐστρεψας,
3246 5276 3396 5347 δηλοῖ
3429 5277 3527 5348 τὴν
3560 5279 3624 5331 ὲκ
3685 5278 3778 5332 τοῦ
3827 5282 4030 5334 κόπτε-

2437 5370 2577 5423 σθαι
2626 5372 2720 5426 καὶ
2768 5371 3051 5426 λυπεῖσθαι
3081 5371 3160 5434 είς
3215 5371 3390 5442 χαρὰν
3441 5371 3774 5444 μεταϐολήν·
3831 5374 3900 5428 τὸ
3948 5373 4028 5432 δὲ,

2450 5465 2522 5518 οὐ
2542 5465 2626 5536 μὴ
2659 5464 3004 5536 κατανυγῶ,
3039 5466 3098 5518 οὐ
3144 5465 3218 5537 μὴ
3275 5465 3555 5536 μεταγνῶ,
3596 5469 3748 5538 φησί.
3799 5467 3936 5533 Δόξα
3973 5465 4032 5519 δὲ

2451 5556 2726 5626 ψάλλουσα
2751 5557 2844 5611 τοῦ
2876 5556 3050 5612 ταῦτα
3077 5557 3327 5627 λέγοντος
3354 5559 3432 5632 τῷ
3457 5559 3746 5633 Θεῷ,ὀρθὴ
3787 5559 4029 5615 πολιτεία

2453 5649 2546 5702 καὶ
2571 5649 2767 5718 γνῶσίς
2799 5653 2946 5703 ὲστιν
2978 5650 3291 5724 εἰλικρινής.
3321 5654 3497 5721 Κύριε
3543 5656 3576 5706 ό
3608 5654 3751 5718 Θεός
3770 5668 3910 5720 μου,
3933 5648 4028 5712 τις

2454 5742 2558 5795 τὸν
2585 5742 2766 5800 αἰῶνα
2790 5744 3310 5816 ὲξομολογήσομαί
3333 5761 3464 5801 σοι·
3497 5746 3618 5800 ἀντὶ
3637 5744 3751 5807 τοῦ,
3774 5741 3865 5795 ἐπὶ
3890 5739 4027 5797 πᾶσι

2024 5928 2068 5960 ⁹¹
2110 5925 2301 5982 Matth.
2347 5941 2406 5989 ν,
2441 5927 2490 5981 5.
