4302 6436
316 490 422 547 265

1448 472 1947 548 COMMENTABIA
1988 490 2054 548 tN
2092 493 2431 552 PSALMOS.

3452 496 3557 556 τοο

313 610 426 674 ut;
454 607 859 681 συμϐαίνουσιν,
889 608 949 664 οὒ
979 610 1273 685 προσηνέσι
1305 610 1483 681 μόνον,
1512 611 1647 666 ἀλλὰ
1671 613 1766 667 καὶ⁴
1798 614 1890 667 ἐπὶ
1917 667 1919 675 ,

1996 615 2079 671 dis
2101 615 2286 685 rebus,
2317 616 2413 672 sed
2440 615 2603 671 etiam
2633 630 2731 687 pro
2753 615 3054 683 laboribus,
3081 619 3284 689 gratias
3303 618 3404 673 tibi
3436 633 3557 689 ago,

311 702 515 766 πόνοις,
550 700 853 774 εὐχαριστῶ
881 720 981 767 σοι,
1011 703 1272 756 Δέσποτα.

314 817 423 873 ΕΙΣ
472 816 560 870 T0
610 816 833 872 ΤΕΑοΣ
880 817 1312 942 suggessit
1368 815 1587 884 AAYIA,
1639 819 1893 875 ΕΚΣΤΑ-

383 978 521 1032 οὔτε
558 980 616 1033 ἐν
642 981 708 1051 τῇ
748 979 1015 1051 Ἐϐραίων
1048 982 1256 1052 Γραφῇ,
1287 978 1410 1035 οὕτε
1452 982 1603 1054 παρά
1634 985 1746 1047 τοῖς
1777 983 1889 1037 λοι-

312 1072 435 1136 ποῖς
460 1073 822 1144 ἑρμηνευταῖς
849 1074 881 1143 ἠ
914 1071 1205 1145 προγραφὴ
1238 1072 1500 1144 περιέχει,
1524 1074 1884 1141 ἐκστάσεως.

311 1160 536 1234 Μήποτε
572 1162 629 1216 δὲ
669 1163 755 1217 διὰ
788 1164 847 1217 τὸ
886 1157 1208 1235 ἐκφέρεσθαι
1258 1163 1336 1233 τῷ
1383 1163 1610 1235 ψαλμῷ*
1658 1167 1797 1235 Ἐγὼ
1821 1164 1889 1219 δὲ

310 1250 450 1311 circa
474 1257 544 1310 ἐν
568 1256 645 1326 τῇ
675 1257 959 1312 ἐκστάσει
975 1274 1121 1326 μου·
1161 1258 1528 1329 Ἀπέρῤιμμαι
1559 1259 1674 1314 ἀπὸ
1703 1260 1888 1327 προσ-

310 1346 475 1404 ώπου
495 1348 613 1404 τῶν
637 1349 957 1421 ὀφθαλμῶν
975 1368 1112 1413 σου,
1134 1350 1229 1423 τὴν
1254 1352 1571 1425 προσθήκην
1599 1372 1683 1418 τις
1704 1356 1889 1427 ἐποιή-

313 1458 445 1497 σατο
489 1446 548 1498 ἐν
592 1448 659 1516 τῇ
704 1447 993 1516 προγραφῇ
1035 1445 1113 1508 εὶς
1146 1444 1237 1499 τὸν
1262 1445 1449 1517 καιρὸν
1479 1447 1601 1501 καθ’
1625 1448 1683 1501 ὃν
1718 1450 1775 1502 ἐν
1800 1449 1889 1502 ἐκ-

312 1533 498 1589 στάσει
527 1536 812 1605 γενόμενος
827 1530 1005 1589 εἶπεν·
1038 1534 1404 1606 Ἁπέρῤιμμαι
1430 1538 1543 1593 ἀπὸ
1564 1538 1889 1607 προσώπου

311 1643 429 1679 των
469 1627 791 1698 ὀφθαλμῶν
823 1642 960 1693 σου,
988 1629 1318 1700 ἀναπέμψας
1343 1629 1412 1683 τὰ
1437 1630 1781 1703 ἐμφερόμενα
1810 1634 1889 1706 τῷ

310 1717 483 1787 λόγω;
516 1721 667 1793 Πλὴν
694 1720 806 1775 ἀλλ’
830 1721 908 1785 εἰς
930 1720 992 1774 τὸ
1013 1720 1165 1785 τέλος
1192 1724 1319 1786 τοὺς
1348 1724 1771 1793 ἐντυγχάνοντας
1791 1744 1890 1780 πα-

312 1810 592 1883 ραπέμπει
617 1813 711 1867 καὶ
743 1813 775 1884 ἡ
802 1808 1051 1881 παροῦσα
1096 1813 1407 1886 προγραφὴ,
1437 1816 1553 1886 ἢτοι
1585 1816 1674 1869 διὰ
1700 1816 1769 1871 τὰ
1797 1836 1888 1873 τε-

310 1900 549 1965 λευταῖα,
585 1904 643 1957 ἐν
671 1898 752 1967 οἷς
778 1906 1098 1975 παραῖνεσιν
1132 1905 1565 1979 ἀναγκαιοτάτην
1592 1910 1885 1983 περιέχειή

308 1998 570 2068 λέγουσα·
614 1997 980 2069 Ἀγαπήσατε
1008 1998 1116 2053 τὸν
1146 2002 1368 2069 Κύριον
1393 2002 1613 2069 πάντες
1642 2007 1696 2057 οἱ
1738 2004 1893 2061 ὅσιοι
1924 1992 1965 2047 Β

310 2093 495 2149 αὐτοῦ
521 2134 537 2158 ,
593 2093 685 2148 ὅτι
733 2094 1017 2162 ἀληθείας
1060 2092 1379 2163 ἐκζητεῖται
1419 2097 1651 2165 Κύριος,
1694 2099 1788 2152 καὶ
1831 2100 1901 2155 τὰ

310 2184 469 2257 ἑξῆς
502 2186 536 2259 ἢ
576 2185 664 2240 διὰ
710 2184 772 2239 τὸ
804 2184 1167 2259 προφητεύειν
1196 2186 1319 2240 τινὰ
1346 2188 1472 2259 περὶ
1504 2188 1614 2243 τῶν
1660 2190 1804 2245 κατὰ
1840 2191 1901 2245 τδ

311 2275 482 2341 πάθος
524 2274 620 2330 τοῦ
668 2277 918 2350 Σωτῆρος
964 2276 1397 2348 πεπραγμένων·
1444 2278 1480 2334 ἃ
1525 2279 1589 2351 δὴ
1617 2280 1897 2350 γίγνεσθαι

308 2369 542 2441 ἤμελλεν
567 2368 660 2423 ἐπὶ
693 2369 973 2442 συντελείᾳ
999 2370 1093 2424 τοῦ
1131 2370 1341 2434 αἰῶνος.
1360 2371 1497 2425 Ἀλλ’
1528 2373 1650 2427 ἐπεὶ
1685 2375 1777 2427 καὶ
1803 2376 1897 2429 τοῦ

308 2460 483 2515 Δαυῖδη
511 2460 733 2524 ἐλπίδας
777 2461 1083 2532 ὑπογράφει
1134 2459 1345 2528 ἀγαθὰς
1385 2462 1414 2514 ό
1457 2460 1633 2530 λόγος,
1695 2458 1894 2528 αἵτινες

308 2552 541 2625 ἤμελλον
568 2552 716 2623 αὐτῷ
758 2553 839 2615 είς
884 2551 974 2603 τὸν
1027 2550 1286 2621 μέλλοντα
1315 2551 1507 2622 χρόνον
1529 2551 1889 2618 ἀποδίδοσθαι,

306 2644 532 2709 εἰκότως
564 2645 645 2708 είς
674 2642 733 2697 τὸ
762 2642 915 2704 τέλος
944 2641 1258 2712 ἀναπέμπει
1284 2641 1383 2713 τὴν
1416 2645 1757 2716 προγραφὴν.
1789 2644 1895 2697 Πε-

310 2734 476 2805 ριέχει
525 2734 582 2787 δὲ
633 2737 662 2789 ό
712 2735 820 2797 πᾶς
862 2733 1143 2805 ἱκετηρίαν
1187 2731 1279 2785 τοῦ
1322 2733 1502 2797 Δαυῒδ,
1538 2734 1656 2788 ὅλον
1703 2733 1892 2788 ἐαυτὸν

2000 708 2245 766 Domine.

2002 825 2053 878 l.
2111 822 2175 877 ΙΝ
2235 820 2446 877 FINEM
2465 820 3052 947 PSALMgE‘DAVID,
3089 820 3228 878 PRO
3263 820 3560 877 EXSTASI

2065 988 2251 1060 Neque
2298 990 2351 1043 in
2384 987 2649 1043 Hebraica
2687 985 2993 1056 Scriptura,
3024 1000 3201 1055 neque
3237 985 3291 1038 in
3334 974 3589 1051 reliquis,

1996 1078 2409 1150 interpretibus,
2456 1076 2741 1161 inscriptio
2770 1075 2899 1129 illud
2932 1072 3169 1145 priel‘ert,
3206 1089 3299 1137 pro
3336 1070 3559 1125 exstasi.

1994 1171 2135 1227 Num
2182 1173 2321 1229 forte
2360 1174 2489 1243 quia
2540 1171 2673 1226 illud
2723 1171 2777 1224 in
2818 1170 3027 1240 psalmo
3064 1170 3110 1201 "
3144 1166 3364 1223 effertur
3391 1181 3421 1217 :~
3450 1163 3561 1234 Ego

1996 1276 2169 1321 autem
2199 1267 2313 1320 dixi
2356 1267 2411 1321 in
2451 1265 2650 1321 exstasi
2685 1264 2874 1319 mentis
2917 1279 3092 1317 mete:
3134 1248 3407 1331 Projeetus
3444 1252 3575 1313 sum'

1972 1375 2028 1431 va
2053 1347 2188 1427 fticie
2218 1350 2489 1412 o'culorum
2520 1366 2754 1421 tuorum,
2788 1356 3023 1425 idipsum
3049 1355 3319 1425 quispiam
3366 1352 3556 1407 inscri-

1994 1451 2162 1523 ptioni
2188 1443 2476 1514 addiderit,
2510 1451 2576 1503 ad
2608 1461 2823 1519 tempus
2846 1448 2979 1504 illud
3012 1448 3063 1502 id
3086 1445 3349 1507 referens,
3372 1458 3480 1514 quo
3508 1442 3558 1497 in

1996 1541 2200 1596 exstasi
2233 1540 2443 1611 positus
2470 1540 2607 1594 dixit
2638 1559 2651 1593 :
2680 1539 2956 1608 Projectus
2986 1551 3104 1592 sum
3145 1554 3179 1590 a
3209 1536 3344 1599 facie
3373 1534 3559 1589 oculo-7

1996 1651 2112 1687 rum
2144 1643 2349 1688 tuorum
2370 1636 2394 1688 ?
2414 1632 2679 1687 Craterum
2710 1647 2951 1703 praesens
2986 1630 3272 1699 inscriptio
3302 1628 3558 1683 lectorem

1996 1724 2062 1778 ad
2093 1724 2256 1778 tinem
2288 1725 2534 1787 remittit,
2566 1723 2680 1779 sive
2700 1730 2929 1799 propter
2956 1738 3018 1777 ea
3047 1738 3167 1792 qua:
3188 1735 3379 1776 versus
3400 1719 3559 1774 linem

1996 1818 2276 1877 dicuntur,
2306 1814 2397 1869 ubi
2429 1832 2523 1885 per
2556 1816 2922 1870 necessariam
2952 1813 3377 1869 admonitionem
3407 1809 3560 1865 affert

1997 1910 2083 1964 his
2116 1908 2314 1963 verbis:
2332 1907 2546 1978 Ditigite
2562 1907 2867 1970 Dominum,
2886 1922 3061 1965 omnes
3088 1906 3258 1961 sancti
3275 1904 3410 1973 ejus,
3428 1919 3559 1972 quo-

1995 2001 2137 2056 niam
2160 2002 2401 2056 veritates
2432 2001 2647 2070 requirit
2674 1999 2948 2063 Dominus,
2975 2006 3027 2054 et
3048 2005 3239 2059 caetera
3262 2014 3276 2064 ;
3301 1997 3414 2051 sive
3435 1995 3559 2065 quia

1996 2095 2257 2148 nonnulla
2288 2094 2616 2148 vaticinatur
2639 2109 2761 2163 qua:
2795 2100 3037 2162 tempore
3066 2089 3337 2161 passionis
3373 2087 3559 2143 Salva-

1998 2185 2132 2240 toris
2157 2184 2333 2238 nostri
2361 2192 2513 2255 gesta
2551 2190 2698 2246 sunt,
2727 2197 2957 2252 quaeque
3003 2181 3059 2236 in
3096 2180 3561 2235 consummatione

1996 2277 2181 2332 smculi
2212 2284 2439 2331 ventura
2463 2285 2637 2332 erant.
2668 2274 2774 2331 Sed
2804 2275 3062 2345 quoniam
3093 2273 3236 2328 bona
3263 2272 3352 2327 hic
3376 2269 3562 2325 Davidi
3616 2270 3619 2273 ’

1996 2383 2122 2439 spes
2153 2369 2555 2432 subindicatur,
2587 2384 2707 2439 quae
2735 2368 2841 2440 ipsi
2874 2367 2932 2422 in
2959 2366 3146 2421 futuro
3174 2372 3421 2435 tempore
3458 2365 3564 2417 im-

1998 2464 2381 2535 plendaerat,
2418 2450 2543 2533 jure
2584 2462 2991 2531 inscriptionem
3027 2460 3084 2514 in
3123 2458 3280 2514 ﬁnem
3317 2458 3564 2512 remittit.

2000 2552 2168 2609 Totus
2193 2570 2326 2609 vero
2368 2554 2613 2624 psalmus
2648 2552 2870 2608 Davidis
2910 2550 3364 2623 supplicationem
3411 2563 3564 2603 com-

2000 2644 2257 2723 plectitur
2280 2646 2374 2717 qui
2408 2661 2528 2700 sese
2556 2654 2726 2700 totum
2760 2644 2871 2699 Deo
2905 2640 3269 2717 concredidit,
3303 2651 3565 2713 rOgatqua

2001 2746 2059 2791 ut
2091 2754 2159 2793 ne
2192 2754 2288 2809 spe
2314 2738 2545 2805 labatur.

308 2827 709 2899 ἀναρτήσαντος
732 2824 825 2879 τοῦ
854 2824 1012 2887 Θεοῦ,
1045 2825 1140 2877 καὶ
1175 2824 1484 2897 παρακαλεῖ
1524 2825 1597 2897 μὴ
1632 2826 1883 2879 ἐκπεσεῖν
1910 2827 2010 2898 τῆς
2037 2829 2266 2895 ἐλπίδος.

391 2920 516 2976 Ἐπὶ
565 2918 686 2984 σοὶ,
727 2919 925 2987 Κύριε,
958 2916 1214 2985 ἤλπισα,
1259 2916 1344 2988 μὴ
1388 2918 1893 2986 καταισχυνθείην

307 3016 395 3082 είς
423 3013 533 3069 τὸν
569 3011 785 3068 αἰών-α’
832 3014 903 3067 ἐν
931 3012 1007 3083 τῇ
1045 3003 1414 3079 δικαιοσρνῄ
1435 3025 1551 3065 σου
1586 3010 1777 3079 ῥῦσαί
1815 3028 1894 3082 με

308 3106 407 3161 καὶ
432 3103 649 3171 ἐξελοῦ
673 3121 768 3174 με.
810 3103 1034 3159 [air-or
1066 3102 1218 3173 πρὸς
1247 3086 1325 3172 pe
1352 3099 1419 3155 τὸ
1459 3096 1569 3169 οὖς
1613 3116 1751 3165 σου,
1790 3100 1893 3155 τά-

309 3213 505 3270 χυνον
532 3196 985 3268 τοῦ-ἐξελέσθαι
1013 3214 1109 3267 με.
1137 3194 1329 3268 Πολλῷ
1359 3213 1419 3249 τε
1465 3195 1677 3266 πλούτῳ
1701 3195 1898 3268 ,περιρ-

2066 2923 2233 2981 Vsns.
2262 2924 2385 2979 2-4.
2439 2922 2510 2979 In
2540 2934 2607 2984 te,
2641 2922 2883 2985 Domine,
2911 2920 3138 2989 speravi,
3192 2920 3313 2973 non'
3343 2917 3564 2981 confusio

1994 3017 2095 3073 dar
2127 3019 2182 3073 in
2214 3028 2467 3073 wternum
2505 3032 2523 3071 :
2562 3017 2614 3071 in
2639 3015 2856 3086 justitia
2900 3024 2990 3067 tua
3031 3011 3195 3066 libera
3225 3027 3323 3065 me.
3357 3008 3564 3064 Inclina

1997 3111 2066 3168 ad
2096 3128 2177 3166 me
2208 3127 2388 3165 aurem
2424 3118 2569 3164 tuam
2592 3148 2609 3173 ,
2655 3105 2890 3161 accelera
2919 3113 2976 3157 ut
3010 3119 3165 3158 eruas
3199 3118 3297 3156 me.
3334 3100 3565 3155 Etiamsi

2000 3205 2185 3261 multis
2213 3204 2416 3261 divitiis
2447 3202 2712 3266 amueret,
2737 3207 2793 3256 et
2821 3196 3064 3253 victoriis
3081 3211 3218 3268 quas
3234 3196 3302 3251 de
3328 3192 3568 3250 inimicis

313 3292 589 3368 ῥεόμενος,
606 3294 674 3345 “ei
703 3292 796 3347 καὶ
826 3291 1002 3355 νίκαις
1026 3293 1144 3354 ταῖς
1171 3292 1292 3344 κατ’
1315 3289 1525 3363 ἐχθρῶν
1553 3289 1898 3361 ἐκόμα,ἀλλά

2000 3304 2395 3373 reportaverat,
2440 3303 2727 3351 ornaretur
2749 3332 2763 3355 ,
2813 3291 2949 3346 nihil
2977 3304 3165 3347 eorum
3193 3288 3262 3343 ad
3284 3288 3568 3369 securita-

309 3385 515 3441 τούτων
538 3385 690 3439 οὐδὲν
716 3385 851 3457 πρὸς
878 3383 1174 3453 ἀσφάλειαν
1196 3400 1257 3436 συ
1266 3382 1589 3455 μϐαλεῖσθαι
1609 3381 1755 3453 αὐτῷ
1779 3381 1899 3435 ἐπέ·

311 3495 524 3545 πειστο,
554 3479 722 3550 μόνην
745 3477 801 3531 δὲ
833 3476 932 3548 τὴν
962 3476 1055 3529 ἐπὶ
1082 3475 1285 3547 Κύριον
1312 3475 1504 3529 ἐλπίδα
1523 3492 1536 3505 ·
1571 3475 1669 3528 διδ.
1689 3474 1898 3529 ἱκέτευε

310 3571 516 3641 ταύτης
544 3571 755 3641 μήποτε
785 3560 1070 3623 ἐκπεσεῖν·
1104 3567 1241 3622 ἀλλά
1264 3568 1359 3621 καὶ
1386 3569 1535 3639 ἡμᾶς
1565 3568 1809 3621 ἐδίδασκε
1828 3567 1899 3623 τά

312 3664 474 3736 ὃμοια
508 3661 659 3733 αὐτῷ
690 3660 986 3734 ζηλοῦντας
1033 3654 1138 3715 καῖ
1162 3660 1376 3731 φρονεῖν
1410 3658 1504 3713 καὶ
1536 3646 1731 3727 λέγειν.
1752 3660 1897 3714 Ἀντὶ

310 3755 389 3821 δὲ,
419 3754 490 3809 ἐν
510 3754 584 3823 τῇ
614 3752 967 3825 δικαιοσύνῃ
995 3770 1133 3809 σου*
1163 3754 1232 3807 ἐν
1253 3751 1329 3821 τῇ
1355 3753 1737 3823 ἐλεημοσύνη
1755 3769 1894 3819 σου,

311 3850 341 3903 ὁ
366 3846 662 3920 Σύμμαχος
706 3847 957 3916 ἐξέδωκε.
989 3844 1182 3921 Feror}
1208 3863 1309 3915 μοι
1354 3847 1447 3911 εὶς
1487 3845 1636 3899 Θεὸν
1674 3848 1896 3915 ὑπερα-

311 3941 606 4011 σπιστὴν,
637 3942 736 3997 καὶ
766 3945 852 4010 εὶς
881 3932 1050 3998 οἷκον
1082 3940 1433 4012 καταφυγῆς
1454 3941 1560 3996 τοῦ
1578 3940 1777 3997 σῶσαι
1796 3960 1892 4013 με.

316 4037 433 4091 Ὅτι
460 4032 801 4106 κραταίωμά
828 4053 948 4107 μου
975 4035 1073 4090 καὶ
1098 4026 1409 4105 καταφυγή
1438 4052 1558 4105 μου
1585 4030 1644 4089 εἷ
1664 4034 1767 4100 σὺ,
1796 4036 1898 4091 καὶ

310 4125 521 4181 ἕνεκεν
547 4125 656 4181 τοῦ
689 4126 983 4196 ὀνόματός
1014 4142 1131 4181 σου
1161 4123 1484 4195 ὀδηγήσεις
1523 4143 1600 4195 με
1643 4125 1741 4181 καὶ
1770 4125 1898 4181 δια-

312 4218 555 4289 empse;-
591 4236 689 4289 με.
722 4218 907 4274 Ταῦτα
948 4219 1043 4273 καὶ
1092 4220 1151 4275 ἐν
1195 4216 1274 4289 τῷ
1300 4218 1749 4290 ἑπτακαιδεκάτῳ
1775 4214 1899 4275 εἷπε

312 4312 532 4386 ψαλμῷο

397 4406 664 4475 Ἐξάξεις
700 4423 779 4478 με
820 4405 889 4460 ἐκ
934 4406 1187 4475 παγίδος
1227 4407 1469 4485 ταύτης,
1513 4403 1589 4480 ἧς
1621 4406 1900 4478 expuit-d7

310 4514 431 4569 μοι,
467 4496 562 4551 ὅτι
603 4496 687 4551 σὺ
726 4496 782 4550 εῖ
819 4498 853 4550 ό
882 4495 1342 4564 ὑπερασπιστὴς
1376 4504 1517 4565 μου,
1560 4498 1755 4565 Κύριε.
1795 4500 1899 4565 Εις

246 4654 249 4655 ν
314 4590 517 4663 χεῖράς
561 4606 681 4646 σου
719 4587 1141 4657 παραθήσομαι
1187 4590 1252 4643 τὸ
1292 4588 1529 4659 πνεῦμά
1567 4609 1688 4660 μου
1708 4602 1722 4615 ‘
1755 4591 1898 4646 ἐλυ-

2000 3399 2107 3447 tem
2140 3391 2245 3447 sibi
2285 3389 2558 3454 conferre,
2592 3402 2865 3457 unamque
2903 3385 2959 3440 in
3012 3383 3301 3440 Dominum
3335 3398 3484 3453 spem
3516 3383 3569 3435 id

1998 3490 2261 3555 praestare
2291 3496 2474 3553 posse
2499 3519 2515 3547 ,
2566 3478 2961 3534 arbitrabatur.
3009 3475 3189 3540 Quare
3221 3474 3570 3544 supplicabat

1999 3584 2060 3629 ut
2085 3588 2368 3644 nunquam
2398 3572 2467 3627 ab
2500 3584 2570 3627 ea
2603 3568 2877 3625 decideret
2920 3583 2935 3619 :
2979 3566 3071 3621 sed
3101 3560 3204 3620 nos
3231 3579 3448 3634 quoque
3482 3563 3568 3618 in-

1998 3666 2261 3721 stituebat
2291 3672 2349 3719 ut
2374 3664 2525 3734 paria
2556 3668 2885 3734 quaerentes,
2917 3659 3106 3714 eadem
3142 3672 3264 3728 quae
3296 3658 3412 3728 ipse
3441 3672 3569 3712 sen-

1996 3759 2227 3813 tiremus
2266 3771 2331 3812 ac
2359 3757 2727 3827 loqueremur.
2774 3751 2919 3809 Loco
2960 3759 3139 3806 autem
3186 3750 3353 3809 illius.
3398 3750 3453 3802 in
3472 3742 3571 3817 ju-

1996 3850 2147 3906 stitia
2199 3859 2325 3913 tua,
2397 3847 2781 3921 Symmachus,
2810 3848 2867 3900 in
2908 3842 3273 3905 misericordia
3312 3853 3425 3906 tua,
3452 3841 3571 3903 edi-

1996 3944 2096 3999 dit.
2130 3942 2261 3997 Esto
2308 3941 2438 3997 ntih’i
2493 3942 2546 3996 in
2576 3941 2750 4003 ,Deum
2795 3924 3142 4011 protectorem
3184 3947 3233 3993 et
3275 3937 3329 3990 in
3356 3932 3583 3990 domum

1998 4035 2206 4107 refugii,
2235 4043 2293 4088 ut
2316 4032 2520 4099 salvum
2545 4050 2625 4087 me
2652 4033 2843 4103 facias.
2876 4031 3140 4105 Quoniam
3170 4028 3428 4100 fortitudo
3458 4042 3575 4080 mea

1995 4141 2043 4184 et
2075 4129 2335 4201 refugium
2378 4142 2551 4182 meum
2592 4143 2647 4180 es
2691 4134 2781 4193 tu,
2831 4135 2881 4181 et
2929 4135 3137 4197 propter
3186 4140 3372 4179 nomen
3424 4132 3575 4174 tuum

1996 4222 2218 4278 deduces
2248 4236 2329 4277 me
2354 4230 2403 4275 et
2436 4220 2663 4276 enutries
2696 4237 2797 4275 me.
2833 4218 2959 4275 Haec
3002 4220 3057 4274 in
3097 4218 3329 4289 septimo
3360 4213 3574 4270 decimo

1998 4330 2217 4389 quoque
2248 4313 2461 4386 psalmo
2489 4313 2721 4368 dixerat.

2012 4400 2023 4407 χ
2070 4408 2237 4465 Vens.
2268 4409 2323 4472 5,
2350 4408 2403 4464 6.
2435 4406 2640 4461 Educes
2664 4422 2746 4460 me
2769 4403 2832 4457 de
2856 4405 3038 4475 laqueo
3062 4418 3157 4453 noc
3176 4416 3327 4470 quem
3350 4398 3573 4453 abscon-

1998 4504 2189 4559 derunt
2222 4502 2371 4567 mihi,
2402 4488 2649 4573 quoniam
2690 4507 2746 4552 tu
2775 4513 2828 4550 es
2854 4503 3118 4563 protector
3144 4508 3310 4546 meus.
3346 4488 3411 4544 In
3458 4507 3574 4543 ma-

2001 4614 2097 4652 nus
2126 4605 2243 4650 tuas
2270 4592 2642 4649 commendabo
2668 4589 2913 4659 spiritum
2937 4602 3107 4639 meum
3132 4599 3151 4639 :
3175 4582 3444 4638 redemisti
3470 4598 3571 4647 me,

278 4683 519 4754 τρώσω
562 4699 659 4753 με,
692 4682 869 4750 Κύριε
1004 4679 1149 4746 Θεὸς
1202 4679 1313 4749 τῆς
1358 4682 1665 4750 ἀληθείας.
1686 4680 1776 4748 Ἐξ
1822 4676 1897 4739 ὧν

2001 4690 2225 4744 Domine
2249 4685 2389 4743 Deus
2417 4684 2671 4740 veritatis.
2707 4681 2784 4737 Ex
2816 4681 2883 4736 iis
2912 4694 3036 4751 quae
3069 4679 3183 4749 jam
3214 4678 3573 4747 olimexper-

316 4776 613 4851 ἐπειράθην
657 4775 825 4831 πάλαι
868 4772 1151 4848 πρότερον,
1187 4773 1513 4846 πέπεισμαι,
1543 4776 1625 4828 ὅτι
1668 4777 1762 4830 καὶ
1801 4774 1927 4832 νῦν.

313 4870 525 4939 ἐξάξεις
548 4888 615 4943 με
647 4872 710 4925 ἐκ
740 4868 921 4940 πάσης
944 4865 1166 4938 παγίδος
1187 4867 1295 4939 τῆς
1311 4867 1418 4921 ὑπὸ
1441 4867 1549 4921 τῶν
1570 4866 1779 4939 ἐχθρῶν
1807 4887 1897 4941 μοι

312 4955 1037 5035 κατασκευαζομένης.Ἔως
1077 4960 1186 5033 γάρ
1229 4960 1288 5014 ἐν
1329 4958 1407 5031 τῷ
1448 4957 1549 5029 βίῳ
1584 4958 1669 5030 τῷ
1716 4960 1897 5034 θνητῷ

312 5058 583 5131 τυγχάνω,
612 5054 732 5131 οἴδα
781 5058 1210 5131 πολεμούμενος·
1262 5055 1358 5111 καὶ
1417 5053 1609 5127 μέχρις
1660 5056 1897 5126 ἐσχάτης

312 5148 588 5221 ἀναπνοῆς
610 5151 666 5205 ἐν
691 5149 899 5222 ἀγωνίᾳ
921 5147 1190 5221 κατέστην
1210 5148 1303 5203 καὶ
1329 5146 1416 5201 διὰ
1433 5145 1531 5209 τὰς
1555 5144 1663 5198 τῶν
1686 5144 1896 5218 ἐχθρῶν

316 5241 805 5307 ἐπιϐουλάς.⁹Αλλά
827 5242 1152 5315 πέπεισμαι,
1179 5244 1260 5297 ὅτι
1309 5240 1404 5295 ἐπὶ
1451 5241 1532 5294 σοὶ
1580 5241 1895 5313 ἀναρτήσας

313 5332 412 5402 τὴν
460 5329 699 5404 ἐμαυτοῦ
746 5332 959 5399 ἐλπίδα,
1001 5327 1069 5388 οὐ
1121 5330 1663 5405 καταισχυνθήσομαι
1695 5332 1775 5396 εἰς
1803 5331 1894 5385 τὸν

315 5422 503 5478 αἰῶνα.
539 5420 671 5477 Θεὸν
702 5421 760 5476 δὲ
801 5421 1061 5493 ἀληθείας
1104 5424 1376 5497 εὐκαίρως
1420 5421 1516 5476 καὶ
1548 5418 1895 5490 καταλλήλως

260 5538 265 5542 ·
314 5516 428 5579 τοῖς
456 5511 770 5584 λεγομένοις
797 5512 1079 5585 ὠνόμασεν
1097 5531 1111 5545 ο
1137 5505 1332 5586 οὐγὰρ
1363 5513 1477 5570 ἔστι
1507 5510 1894 5585 διαψευσθῆναι

316 5608 406 5665 τὸν
433 5609 527 5663 ἐπὶ
559 5604 619 5663 σὲ
635 5604 918 5679 ,ὴλπικότα
940 5642 957 5671 ,
983 5606 1107 5661 οὐδὲ
1124 5605 1219 5662 τὸν
1243 5606 1337 5664 ἐπὶ
1363 5607 1485 5670 ταῖς
1515 5606 1635 5668 σαῖς
1655 5605 1891 5674 ἐπαγγε-

320 5700 459 5767 λίαις
490 5702 917 5758 πεπιστευκότα.

400 5795 723 5865 Ἐμίσησας
755 5794 897 5863 τοὺς
930 5792 1466 5865 ὄιαςρυλάσσοντιις
1498 5791 1894 5864 ματαιότητας

321 5881 620 5957 διακενῆς.
638 5887 785 5958 Ἐγὼ
822 5887 891 5943 δὲ
932 5888 1030 5942 ἐπὶ
1068 5886 1150 5954 τῷ
1184 5888 1377 5957 Κυρίῳ
1399 5887 1666 5955 ἤλπισεν
1704 5887 1889 5956 ἀγαλ-

393 5978 438 6012 ⁸⁸
472 5975 615 6039 Psal.
649 5996 784 6040 xxx.
810 5979 903 6035 23.
1098 6016 1099 6019 η

637 6073 925 6134 ιἈταοι.
956 6072 1075 6137 Gn.
1123 6072 1361 6136 XXIII.

1996 4791 2086 4839 tus
2116 4794 2270 4843 sum,
2315 4776 2531 4832 confido
2574 4783 2629 4830 te
2663 4791 2731 4831 ex
2769 4774 2964 4846 quovis
3012 4772 3210 4845 laqueo
3247 4770 3573 4828 educturum

1996 4892 2108 4941 me,
2140 4874 2207 4929 ab
2238 4871 2477 4928 inimicis
2505 4870 2639 4925 mihi
2671 4876 2884 4942 parato.
2914 4867 3166 4936 Quandiu
3196 4867 3341 4923 enim
3380 4866 3434 4919 in
3464 4865 3573 4918 vita

1996 4965 2213 5023 mortali
2263 4978 2476 5030 versor,
2524 4976 2612 5019 tne
2656 4962 3034 5035 impugnatum
3084 4960 3154 5016 iri
3208 4960 3359 5021 scio;
3398 4964 3459 5017 Aet
3505 4955 3573 5010 ad

1998 5068 2299 5117 extremum
2330 5072 2508 5128 usque
2536 5055 2791 5123 halitum,
2830 5057 3179 5112 inimicorum
3221 5049 3438 5107 insidiis
3479 5064 3573 5121 ap-

1996 5156 2218 5229 petitus,
2266 5153 2322 5208 in
2373 5151 2676 5209 certamine
2715 5151 3048 5207 constitutus
3084 5162 3199 5203 ero.
3249 5143 3317 5199 At
3355 5142 3572 5197 conﬁdo

1996 5250 2111 5304 fore
2144 5255 2226 5310 ut,
2258 5261 2355 5317 spe
2384 5260 2503 5302 mea
2544 5246 2600 5300 in
2642 5254 2695 5301 te
2728 5243 2989 5315 reposita,
3020 5256 3129 5297 non
3164 5234 3469 5297 confundar
3514 5236 3572 5290 in

1994 5352 2280 5400 :eternum,
2322 5339 2492 5394 Deum
2528 5348 2707 5395 autem
2737 5336 2983 5393 veritatis
3018 5340 3319 5405 opportune
3347 5334 3401 5383 et
3436 5342 3572 5383 con-

1993 5441 2254 5508 gruenter
2287 5433 2354 5487 ad
2384 5448 2499 5489 rem
2531 5430 2652 5504 quae
2684 5432 2865 5503 agitur
2897 5429 3111 5491 Vocavit
3147 5444 3159 5479 :
3204 5437 3379 5492 neque
3420 5422 3569 5476 enim

1995 5528 2315 5599 contingere
2347 5534 2543 5598 potest,
2577 5535 2636 5580 ut
2667 5526 2714 5593 is
2746 5526 2839 5595 qui
2890 5526 2944 5579 in
2988 5530 3039 5577 te
3072 5518 3355 5586 speravit,
3399 5515 3483 5570 vel
3519 5514 3585 5568 is

1994 5618 2086 5690 qui
2113 5617 2398 5691 promisé?
2439 5618 2549 5672 tuis
2581 5616 2738 5672 [idem
2771 5616 2981 5677 habuit,
3019 5628 3131 5673 δυο·
3157 5612 3387 5683 labatur.

2065 5799 2224 5856 Vtilis.
2268 5801 2317 5864 7,
2350 5802 2402 5855 ὸ.
2442 5797 2617 5855 Odisti
2646 5795 2975 5850 observantes
3008 5792 3287 5852 vanitates,
3320 5801 3569 5858 δωρεῖται-

1994 5911 2108 5950 cate.
2156 5893 2267 5965 Ego
2313 5901 2484 5947 autem
2538 5892 2590 5946 in
2630 5889 2849 5943 Domino
2898 5886 3100 5958 speravi
3135 5902 3153 5939 :
3197 5879 3473 5937 exsuttabo
3517 5885 3567 5931 σε

3204 6065 3239 6117 υ
