4302 6456
279 501 385 556 969

1403 512 1910 568 comma-mnu
1946 513 2016 568 IN
2053 513 2388 571 PSALMOS.
2483 497 2485 501 ’

3397 528 3497 585 I70

278 618 515 686 ὓδατος,
544 616 616 678 οὗ
643 623 760 695 ἐγὼ
790 623 961 679 δώσω
993 626 1172 692 αὐτῷ,
1201 631 1448 698 ποταμοί
1489 634 1557 684 ἐκ
1590 632 1700 700 τῆς
1728 651 1847 688 κοι-
1874 642 1920 698 Α
1951 638 1977 685 d

1801 653 1847 686 ι-
1874 642 1920 698 Α
1951 634 2013 688 de
2052 644 2228 690 ventre
2273 636 2386 704 ejus
2420 641 2580 716 ﬂuent
2624 651 2771 707 aqua
2807 638 2950 701 vivae,
2993 637 3230 694 salientis
3260 640 3315 695 in
3344 642 3498 695 vitam

286 711 413 776 λίας
460 715 646 767 αὑτοῦ
685 718 1021 783 ῥεύσουσιν
1059 719 1276 792 ὕδατος
1315 720 1543 790 ζῶντος,
1594 726 1846 795 ἁλλομέ-

1946 735 2199 779 a’ternam
2234 725 2299 780 “.
2355 724 2454 779 Hic
2518 725 2700 795 itaque
2763 727 3140 783 reminiscendi
3192 730 3327 796 vim,
3386 733 3500 787 sive.

275 819 383 856 νου
415 808 501 870 εἰς
527 804 681 874 ζωὴν
697 806 953 863 αἰώνιον.
987 811 1279 866 Κάνταῦθα
1312 814 1484 867 τοίνυν
1511 815 1609 885 τὴν
1639 835 1845 888 μνημο-
1943 829 1972 868 e

1798 836 1845 870 a-
1943 815 2103 868 etiam
2141 813 2439 884 principem
2475 814 2672 868 animae
2711 823 2934 884 partem,
2970 824 3206 872 ventrem
3245 817 3497 874 Servator

272 896 424 968 νικὴν
455 897 704 963 δύναμιν,
808 902 903 954 καὶ
931 903 1061 956 αὑτὸ
1088 905 1148 957 τὸ
1176 906 1496 974 ἡγεμονικὸν
1520 908 1619 977 τῆς
1644 909 1838 980 ψυχῆς,
1942 920 1971 957 n

1795 925 1838 974 ς,
1942 905 2300 973 nuncupavit.
2334 906 2470 958 Cum
2507 921 2636 975 ergo
2682 915 2735 960 et
2770 907 2969 961 mentis
3004 909 3176 962 oculis
3207 916 3261 964 et
3288 918 3494 977 ventre,

271 990 474 1043 κοιλίαν
500 991 778 1062 ὠνόμασεν
810 997 838 1047 ὁ
868 996 1074 1067 Σωτήρ.
1111 997 1373 1061 Θολωθεὶς
1409 1001 1585 1052 τοίνυν
1613 1001 1701 1052 τὸν
1722 1050 1724 1052 ,
1743 1004 1840 1072 ὀφ-
1942 996 1970 1046 d

1797 1021 1840 1054 ,-
1942 996 2008 1047 de
2038 1011 2146 1064 quo
2186 993 2296 1062 jam
2331 994 2596 1056 diximus,
2634 997 2988 1052 conturbatus
3033 1013 3239 1066 essem,
3277 999 3496 1055 medela!

270 1078 471 1152 θαλμὺν
500 1084 600 1153 τῆς
625 1084 821 1155 ψυχῆς,
845 1085 938 1138 καὶ
967 1087 1064 1157 τὴν
1092 1089 1331 1159 γαστέρα
1358 1088 1455 1159 τὴν
1483 1091 1842 1162 παραδεδομέο

1940 1102 2026 1141 me
2082 1096 2242 1157 atque
2295 1086 2571 1140 curationi
2628 1086 2868 1155 tradidi;
2924 1087 3128 1152 dolori,
3183 1091 3496 1159 gemitibus,

267 1192 384 1246 νην,
417 1176 629 1247 ἰατρείᾳ
657 1179 749 1230 καὶ
782 1177 1045 1250 θεραπείᾳ
1088 1181 1322 1249 ἐμαυτὸν
1365 1186 1639 1253 παρεῖχον,
1680 1184 1840 1258 ὀδύνῃ
1939 1194 1966 1247 ε

1798 1201 1840 1258 νη
1939 1179 2167 1248 egestati
2195 1178 2360 1232 vitam
2408 1177 2592 1231 addixi
2651 1192 2852 1243 meam,
2886 1193 2986 1233 ceu
3030 1181 3260 1249 quadam
3305 1182 3497 1236 circui-

263 1266 357 1321 καὶ
390 1271 829 1339 στεναγμοῖς,καὶ
857 1270 1100 1341 πτωχείᾳ
1128 1273 1450 1343 παραδιδοὺς
1478 1274 1566 1328 τὸν
1599 1276 1836 1344 ἐμαυτοῦ

265 1357 400 1428 βίον,
428 1359 615 1430 ὥσπερ
645 1361 734 1414 διά
760 1379 921 1414 τινων
951 1361 1161 1415 κύκλων
1193 1365 1590 1436 ἰατρευόμενος.
1611 1368 1754 1422 Ἀντὶ
1779 1368 1836 1420 δὲ

261 1449 489 1513 τοῠ,Ἐν
520 1455 777 1521 πτωχείᾳ
820 1455 858 1520 ἠ
906 1455 1083 1521 ἰσχύς
1120 1473 1259 1531 μου,
1299 1456 1394 1508 καὶ
1429 1457 1500 1510 τὰ
1531 1458 1680 1512 ὀστᾶ
1716 1478 1835 1529 μου

259 1544 713 1614 ἐταράχθησαν
748 1547 1075 1617 σαφέστερον
1102 1549 1129 1599 ὁ
1161 1537 1464 1619 Σύμμαχος
1494 1553 1833 1622 ήρμήνευσεν

259 1635 429 1690 εἰπών
451 1653 465 1666 ·
495 1640 598 1691 Διὰ
626 1638 1035 1706 τὴν”κάκωσίν
1057 1657 1174 1708 μου
1200 1641 1237 1708 ἡ
1274 1643 1450 1712 ἰσχύς
1482 1660 1599 1710 μου
1635 1643 1732 1696 καὶ
1760 1643 1833 1698 τὰ

257 1725 408 1789 ὀστᾶ
434 1745 555 1796 μου
583 1730 979 1796 ηῠρωτίασαν.
1016 1730 1168 1784 Οὑτω
1199 1731 1326 1803 γὰρ,
1380 1734 1561 1804 φησὶν,
1598 1735 1830 1805 ἐμαυτὸν

255 1814 507 1880 ἐκάκουν,
537 1817 612 1881 ὡς
637 1817 723 1871 διὰ
743 1821 842 1892 τὴν
872 1822 1176 1894 ὑπερϐολὴν
1201 1823 1302 1893 τῆς
1332 1823 1625 1888 κακώσεως
1649 1827 1830 1893 ἐξατοδ

254 1906 417 1976 νῆσαί
470 1924 571 1978 μου
623 1910 716 1961 καὶ
760 1912 1115 1984 ἐξασθενῆσαι
1147 1913 1244 1985 τὴν
1276 1916 1445 1986 ἰσχὺν,
1472 1917 1563 1969 καὶ
1599 1917 1738 1971 αὑτά
1762 1919 1829 1972 τὰ

1944 1272 2089 1324 tione
2127 1286 2259 1324 usus
2292 1270 2358 1324 ad
2394 1271 2623 1324 salutem
2660 1271 3106 1340 recuperandam.
3136 1264 3243 1330 Pro
3275 1275 3368 1328 illo
3400 1290 3496 1329 au-

1936 1370 2064 1424 tem,
2126 1360 2192 1414 In
2229 1369 2534 1430 paupertate
2575 1362 2738 1415 virtus
2784 1360 2918 1430 mea,
2962 1373 3013 1417 et
3061 1381 3182 1418 ossa
3217 1381 3331 1419 mea
3370 1381 3495 1420 οὐκ·

1938 1452 2156 1505 turbata
2205 1462 2359 1517 sunt,
2408 1442 2648 1522 apertius
2701 1452 3056 1523 Symmachus
3109 1457 3495 1525 interpretatus

1932 1549 2018 1596 est
2058 1541 2143 1596 bis
2191 1542 2373 1596 verbis
2397 1583 2410 1607 ,
2450 1541 2670 1609 Propter
2723 1542 3050 1612 aﬂlictionem
3093 1561 3291 1608 meam,
3327 1547 3494 1602 virtus

1934 1649 2049 1686 mea
2096 1640 2145 1685 et
2190 1648 2310 1685 ossa
2354 1648 2470 1684 mea
2514 1638 2847 1698 putruerunt.
2897 1631 2975 1686 Ita
3010 1650 3095 1687 me
3128 1634 3493 1700 macerabam,

1933 1723 2130 1794 inquit,
2160 1730 2221 1776 ut
2248 1735 2467 1792 propter
2496 1721 2800 1776 afﬂictionis
2826 1723 2934 1777 vim
2954 1762 2968 1786 ,
2997 1724 3174 1778 virtus
3205 1740 3324 1780 mea
3357 1725 3495 1781 deﬁ-

1932 1824 2078 1870 ceret
2111 1829 2174 1868 ac
2203 1814 2586 1875 iutirmarelur,
2617 1823 2779 1883 atque
2801 1813 2917 1883 ipsa
2947 1818 3140 1868 animae
3182 1831 3342 1882 ossa,
3362 1817 3495 1886 ipsae

1934 1907 2240 1972 facultates,
2286 1906 2486 1975 quibus
2519 1905 2647 1960 olim
2695 1905 2923 1959 viriliter
2970 1907 3223 1986 agebam,
3267 1922 3494 1978 compu-

251 1998 350 2069 τῆς
372 1997 546 2068 ψυχῆς
583 2016 683 2070 μου
713 2002 892 2066 ὀστέα,
925 2006 1016 2058 καὶ
1037 2005 1136 2070 τὰς
1164 2005 1419 2078 δυνάμεις
1448 2008 1504 2060 ἐν
1538 2004 1626 2072 αἷς
1658 1994 1823 2064 πάλαι
1854 2023 1896 2077 Β
1924 2012 1944 2057 ῑ

1791 2023 1823 2063 ει
1854 2023 1896 2077 Β
1924 2005 2250 2064 trescerent;
2305 1998 2418 2051 sive
2448 1995 2748 2052 secundum
2795 1996 3067 2065 Aquilam,
3110 1997 3173 2050 Et
3221 2015 3341 2052 ossa
3375 2015 3490 2054 mea

249 2079 579 2162 ὴνδριζόμην
609 2093 988 2164 ηὑρωτίασαν·
1031 2097 1064 2168 ἢ
1106 2098 1247 2152 κατὰ
1292 2101 1383 2153 τὸν
1421 2102 1676 2155 Ἀκύλαν·
1715 2104 1824 2157 Καὶ

247 2179 322 2234 τὰ
347 2181 499 2236 ὀστᾶ
521 2199 640 2252 μου
671 2185 973 2255 ηὺχμώθη.
1002 2187 1188 2243 Ταῦτα
1210 2191 1266 2244 δὲ
1297 2194 1563 2262 ἀναγκαῖα
1597 2196 1731 2266 πρὸς
1752 2195 1828 2247 δι-

248 2269 541 2328 δασκαλίαν
567 2276 663 2330 καὶ
689 2278 1048 2349 ὑπογραμμὸν
1076 2281 1184 2336 τῶν
1213 2286 1459 2353 ἀφέσεως
1489 2290 1671 2357 τυχεῖν
1707 2287 1828 2358 βου-

246 2362 490 2435 λομένων
520 2366 626 2421 τῶν
653 2369 868 2422 οίκείων
899 2369 1403 2445 πλημμελημάτων.

313 2453 482 2522 Παρὰ
519 2453 748 2524 πάντας
774 2457 915 2524 τοὺς
947 2459 1197 2528 ἐχθρούς
1223 2483 1342 2532 μου
1365 2466 1660 2535 ἐγενήθην
1681 2469 1827 2522 oret-

243 2541 371 2612 δας,
395 2547 498 2601 καὶ
524 2549 648 2615 τοῖς
670 2551 898 2621 γείτοσι
924 2572 1042 2623 μου
1073 2555 1332 2624 σφόδρα,
1371 2559 1470 2612 καὶ
1501 2561 1682 2628 φηόὸος
1704 2562 1827 2628 τοῖς

242 2639 537 2706 γνωστοῖς
571 2658 705 2710 μου.
755 2648 819 2698 Οἱ
848 2646 1204 2713 θεωροῦντές
1226 2666 1302 2717 με
1329 2650 1444 2714 ἔξω
1477 2652 1704 2722 ἔφυγον
1724 2655 1828 2707 ἀπ’.

242 2726 389 2796 ἐμοῦ
407 2745 421 2758 ·
457 2731 810 2802 ἐπελήσθην
834 2736 977 2789 ὡσεὶ
1006 2737 1220 2806 νεκρὸς
1248 2739 1366 2792 ἀπὸ
1405 2741 1651 2808 καρδίας
1672 2759 1684 2770 ·
1709 2743 1831 2810 ἐγε-

241 2820 437 2889 νήθην
455 2823 598 2878 ὡσεὶ
648 2826 869 2894 σκεῦος
896 2829 1232 2896 ἀπολωλός.
1265 2830 1449 2886 Ταῦτα
1481 2835 1824 2904 ἀναφέρομεν

241 2910 334 2963 ἐπὶ
377 2912 470 2966 τὸν
516 2915 706 2986 καιρὸν
733 2917 828 2970 τοῦ
862 2912 1065 2982 πάθους
1096 2921 1190 2973 τοῦ
1223 2922 1473 2993 Σωτῆρος
1516 2922 1691 2992 ήμῶν,
1725 2925 1825 2995 ἁρ-

243 3003 396 3082 μόζοι
426 3003 492 3058 ἂν
523 3006 614 3059 ὑπ’
644 3007 808 3061 αὑτοῦ
834 3010 1106 3079 λέγεσθαι,
1136 3011 1223 3064 ὅτε
1268 3016 1314 3065 οἱ
1355 2994 1538 3084 ἐχθροὶ
1586 2994 1824 3087 ἀνηρτη-

242 3094 401 3165 μένον
445 3096 682 3170 όρῶντες
727 3100 886 3153 αὑτὸν
915 3101 1257 3166 ἐπετώθαζον
1287 3103 1653 3168 ὀνειδίζοντες,
1682 3105 1826 3158 κατά

237 3185 309 3239 τὰ
339 3189 700 3260 γεγραμμένα
745 3191 801 3245 ἐν
845 3193 957 3256 τοῖς
989 3193 1367 3262 Εὑαγγελίοις’
1403 3195 1540 3247 οἵτε
1569 3197 1821 3264 γνωστοὶ,

223 3282 334 3335 καὶ
364 3282 415 3335 oi
454 3281 715 3353 μαθηταὶ,
733 3284 827 3337 καὶ
854 3284 1015 3354 φίλοι,
1040 3287 1188 3358 φόϐῳ
1219 3288 1600 3354 ὑποπεσόντες,
1629 3290 1824 3361 ἀνεχώ-

1930 2095 2273 2145 exaruerunt.
2315 2086 2443 2139 Haec
2479 2098 2644 2155 porro
2679 2094 2808 2140 sunt
2839 2085 2928 2150 iis,
2961 2086 3052 2155 qui
3087 2085 3352 2140 scelerum
3395 2103 3489 2141 su-

1929 2196 2086 2235 orum
2144 2177 2363 2232 veniam
2405 2176 2682 2256 consequi
2710 2183 3021 2248 peroptant,
3054 2175 3118 2231 ad
3148 2173 3490 2245 disciplinam

1927 2283 1979 2328 et
2009 2269 2310 2340 exemplum
2344 2254 2672 2324 necessaria.
2699 2309 2701 2312 -

1998 2464 2167 2527 Vens.
2222 2470 2413 2525 12-14.
2448 2466 2621 2540 Super
2652 2487 2830 2526 omnes
2895 2466 3138 2527 inimicos
3201 2490 3343 2528 meo:
3405 2475 3486 2544 la-

1928 2569 2042 2614 ctus
2079 2577 2195 2612 sum
2237 2561 2570 2629 opprobrium
2600 2572 2648 2615 et
2676 2563 2857 2616 uicinis
2899 2564 3026 2616 meis
3061 2563 3226 2628 ualde,
3254 2573 3304 2618 et
3332 2566 3488 2620 timor

1928 2650 2064 2706 notis
2095 2653 2242 2704 meis.
2297 2652 2402 2717 Qui
2443 2653 2684 2706 uidebant
2716 2671 2813 2718 me,
2846 2654 2991 2723 foras
3025 2654 3270 2725 fugerunt
3314 2672 3346 2708 a
3371 2671 3488 2711 me:

1927 2744 2172 2798 oblivioni
2212 2743 2370 2796 datus
2401 2760 2518 2797 sum
2552 2753 2802 2814 tanquam
2830 2755 3066 2799 mortuus
3109 2763 3141 2799 a
3169 2746 3341 2801 corde.
3373 2745 3488 2800 Fac

1926 2846 2039 2890 ctus
2070 2834 2199 2889 'sum
2244 2845 2493 2904 tanquam
2535 2852 2625 2889 vas
2669 2837 2951 2903 perditum.
3002 2835 3126 2890 Haec
3167 2837 3234 2891 ad
3273 2845 3486 2907 tempus

1924 2929 2196 2999 passionis
2231 2927 2531 2983 Salvatoris
2562 2929 2735 2984 nostri
2779 2927 3082 2988 referimus,
3119 2944 3237 2998 quae
3265 2929 3333 2983 ab
3364 2928 3495 2999 ipso"

1922 3019 2290 3089 congruenter
2316 3017 2463 3071 dicta
2510 3016 2730 3081 fuerint,
2763 3016 2979 3088 quando
3010 3017 3213 3071 inimici
3254 3031 3486 3087 suspen-

1927 3128 2047 3167 sum
2079 3111 2324 3166 videntes
2358 3110 2658 3166 irridebant
2685 3125 2831 3174 eum,
2867 3109 3172 3179 opprobriis
3205 3108 3485 3164 incessen-

1927 3213 2038 3268 tes,
2087 3211 2146 3257 ut
2187 3183 2241 3258 in
2269 3203 2578 3273 Evangeliis
2626 3203 2884 3272 scriptum
2929 3209 3011 3256 est
3047 3219 3058 3254 :
3104 3215 3168 3256 ac
3196 3200 3309 3255 noti
3342 3200 3482 3269 ejus,

1928 3297 2180 3367 discipuli
2213 3307 2266 3352 et
2297 3296 2478 3362 amici,
2510 3303 2654 3349 metu
2704 3295 2940 3364 correpti
2987 3293 3335 3358 recedebant,
3365 3294 3487 3363 ipso

240 3388 368 3451 pouv
414 3374 833 3439 καταλείποντες
871 3376 1028 3429 αὑτόν
1051 3396 1063 3407 ·
1101 3378 1189 3431 ὅτε
1222 3380 1315 3432 καὶ
1362 3381 1390 3432 ὁ
1432 3384 1818 3455 πρωτοστάτης
1845 3373 1886 3430 C
1920 3406 1939 3443 ι

1791 3402 1818 3446 ς
1845 3373 1886 3430 (ἶ
1920 3390 2147 3456 relicto;
2194 3388 2412 3458 quando
2472 3387 2519 3442 is
2573 3386 2667 3455 qui
2717 3384 3111 3453 discipulorum
3157 3383 3275 3453 ejus
3320 3383 3485 3439 choro

235 3463 330 3518 τοῦ
361 3465 526 3546 χοροῦ
564 3467 673 3520 τῶν
705 3467 869 3534 αὑτοῦ
896 3469 1149 3540 μαθητῶν
1175 3473 1403 3542 ἤρνηται
1429 3474 1589 3528 αὑτὸν
1615 3476 1812 3546 τρίτον.

234 3555 371 3610 Τότε
397 3543 458 3610 δέ
479 3560 574 3612 καὶ
598 3559 879 3631 ἀπελήσθη
902 3560 1033 3613 ὡσεὶ
1061 3563 1250 3633 νεκρὸς
1270 3565 1377 3616 ἀπὺ
1401 3546 1627 3636 καρδίας
1642 3543 1664 3598 ί
1681 3568 1816 3621 ἀλλά

235 3647 331 3701 καὶ
376 3649 636 3722 ἐνομίσθη
682 3652 962 3719 γεγονέναι
992 3651 1068 3716 ὡς
1112 3653 1304 3717 σκεῦος
1339 3657 1634 3721 ἀπολωλός.
1669 3659 1815 3730 Πλὴν

237 3737 376 3793 ἀλλά
400 3740 499 3795 καὶ
532 3740 704 3795 ταῦτα
728 3743 820 3795 ἐπί
851 3743 940 3797 τὸν
967 3745 1024 3796 ἐν
1050 3743 1128 3814 τῷ
1155 3743 1354 3817 ψαλμῷ
1385 3745 1707 3816 ἐξομολογού
1717 3765 1812 3818 με-

235 3848 328 3886 νον
355 3832 739 3907 ἀναφερόμενα
761 3836 1200 3908 ὑπερϐάλλουσαν
1221 3839 1384 3894 αὑτοῦ
1413 3841 1705 3912 παρίστησι
1725 3822 1815 3895 κά-

234 3939 426 3978 κωσιν,
457 3923 614 3978 Οὕτω
664 3924 773 3998 γὰρ
799 3927 985 3981 ἐαυτὸν
1016 3927 1288 3999 ἐξέτηκεν,
1319 3929 1393 3993 ὡς
1417 3930 1683 3983 ἐκλείπειν
1716 3932 1814 4000 μὲν

234 4015 398 4084 αὑτοῦ
452 4017 511 4070 ἐν
557 4016 716 4090 ὀδύνῃ
749 4019 847 4090 τὴν
878 4017 1044 4091 ζωὴν,
1077 4020 1168 4075 καὶ
1217 4021 1310 4094 ἐτη
1361 4023 1419 4075 ἐν
1471 4026 1811 4094 στεναγμοῖς,

233 4099 530 4178 ἀσθενῆσαι
559 4108 616 4161 δὲ
647 4110 704 4163 ἐν
728 4111 969 4184 πτωχείᾳ
997 4113 1094 4185 τὴν
1120 4115 1295 4185 ἰσχὺν,
1318 4116 1411 4168 καὶ
1441 4115 1509 4168 τὰ
1529 4116 1689 4169 ὀστέα
1715 4117 1815 4186 τῆς

233 4195 413 4268 ψυχῆς
463 4197 638 4282 αὒτρῦ
674 4203 1040 4275 ταραχθῆναι·
1085 4206 1169 4275 ἐφ’
1199 4202 1279 4270 οἷς
1324 4207 1416 4259 καὶ
1464 4207 1685 4276 ἐγελᾶτο
1714 4209 1817 4261 ὑπὸ

234 4290 344 4344 τῶν
373 4288 601 4361 ἐχθρῶν,
632 4292 708 4356 ὡς
735 4296 854 4365 είκῆ
888 4298 980 4350 καὶ
1010 4298 1184 4369 μάτην
1219 4301 1410 4353 ἐαυτὸν
1436 4301 1814 4354 κατακόπτων.

237 4380 314 4433 UO
348 4379 505 4450 μόνον
527 4379 583 4431 δὲ
619 4381 768 4450 παρά
794 4386 910 4448 τοῖς
946 4386 1159 4457 ἐχθροῖς
1193 4389 1401 4456 ἐγίνετο
1432 4389 1651 4453 ὄνειδος,
1683 4389 1818 4443 ἀλλά

237 4473 334 4527 καὶ
368 4469 521 4543 παρά
544 4474 657 4534 τοῖς
683 4473 917 4539 γείτοσιν
947 4476 1111 4529 αὑτοῦ
1147 4481 1259 4542 τοῖς
1292 4479 1524 4550 μάλιστα
1553 4480 1713 4533 αὑτὸν
1743 4481 1818 4533 εἰε-

231 4563 379 4629 δόσι,
403 4562 493 4617 διὰ
524 4561 582 4615 τὸ
615 4560 840 4630 ἔγγιστα
876 4566 1060 4634 οἰκεῖν.
1112 4560 1269 4621 Οὗτοι
1299 4567 1426 4640 γὰρ,
1453 4568 1684 4641 ὁρῶντες
1716 4569 1817 4622 αὑ-

234 4655 326 4710 τὸν
360 4654 766 4726 κατατρύχοντα
793 4656 850 4710 ἐν
877 4658 942 4727 τῇ
973 4657 1108 4728 πρὸς
1131 4659 1222 4712 τὸν
1251 4660 1383 4713 Θεὸν
1417 4660 1814 4734 ἐξομολογήσει,

1916 3489 2175 3551 prmerat,
2213 3487 2294 3533 ter
2328 3479 2505 3548 ipsum
2553 3476 2792 3545 negavit.
2838 3474 2992 3528 Tunc
3039 3489 3171 3529 sane
3218 3475 3482 3529 oblivioni

1916 3571 2076 3626 datus
2109 3579 2194 3626 est
2227 3580 2487 3640 tanquam
2542 3576 2792 3620 mortuus
2838 3580 2869 3618 a
2903 3563 3104 3628 corde;
3162 3566 3270 3618 imo
3315 3567 3484 3619 etiam

1914 3669 2175 3731 tanquam
2230 3675 2328 3714 vas
2381 3657 2654 3728 perditum
2715 3663 2999 3726 reputatus
3049 3661 3152 3709 est.
3212 3653 3482 3708 Caeterum

1913 3751 2028 3806 haec
2060 3752 2106 3807 si
2139 3751 2206 3805 ad
2239 3765 2362 3805 eum
2386 3749 2478 3819 qui
2514 3748 2568 3801 in
2594 3747 2803 3818 psalmo
2835 3747 3124 3800 confitetur
3156 3744 3480 3811 referantur,

1914 3835 2212 3899 extremam
2246 3843 2364 3912 ejus
2393 3841 2670 3897 miseriam
2709 3851 2761 3895 et
2787 3838 3131 3913 afllictionem
3178 3837 3480 3893 declarant.

1914 3935 1994 3989 ιω
2024 3938 2168 3990 enim
2204 3949 2327 3990 sese
2358 3933 2673 3998 maceravit,
2703 3943 2761 3987 ut
2790 3931 3046 3987 deficeret
3075 3932 3131 3986 in
3157 3930 3344 3985 dolore
3369 3931 3482 3984 vita

1915 4028 2069 4096 eius,
2111 4035 2164 4082 et
2212 4027 2338 4081 anni
2370 4027 2506 4096 ejus
2552 4027 2606 4082 in
2664 4025 2988 4097 gemitibus,
3036 4024 3210 4087 virtus
3255 4022 3375 4092 ejus
3422 4022 3481 4076 in

1917 4128 2231 4189 paupertate
2277 4119 2667 4183 infirmaretur,
2707 4125 2762 4172 et
2792 4133 2914 4172 ossa
2963 4118 3157 4170 animze
3196 4113 3316 4184 ejus
3347 4129 3483 4168 con-

1919 4212 2299 4277 turbarentur;
2340 4226 2448 4280 qua
2496 4211 2551 4265 in
2593 4225 2652 4266 re
2695 4207 2787 4264 ab
2817 4208 3049 4263 inimicis
3089 4222 3304 4276 quoque
3333 4205 3483 4259 deri-

1917 4305 2167 4366 debatur,
2196 4303 2355 4374 quasi
2398 4305 2452 4358 in
2475 4318 2673 4357 vanum
2703 4316 2768 4354 ac
2803 4301 3003 4354 frustra
3035 4315 3153 4354 sese
3196 4297 3476 4366 afﬂigeret.

1918 4396 2033 4450 Non
2064 4381 2224 4450 modo
2257 4404 2435 4449 autem
2466 4391 2702 4448 inimicis
2747 4392 2799 4444 iu
2833 4389 3182 4460 approbrium
3230 4386 3352 4449 fuit,
3381 4385 3476 4439 sed

1917 4487 2082 4543 etiam
2115 4488 2332 4553 vicinis,
2361 4487 2454 4557 qui
2483 4474 2627 4555 quod
2658 4482 2902 4553 proxime
2935 4481 3260 4543 habitarent,
3296 4481 3478 4550 ipsum

1917 4579 2086 4648 probe
2129 4585 2414 4633 noverant.
2476 4575 2584 4645 Ipsi
2627 4589 2861 4644 namque
2907 4572 3153 4627 videntes
3207 4572 3358 4626 illum
3419 4572 3476 4623 in

1919 4669 2262 4727 confessione
2311 4667 2380 4722 ad
2411 4665 2577 4721 Deum
2633 4665 2834 4721 emissa
2898 4677 3019 4718 sese
3080 4668 3469 4727 macerantem,

233 4747 543 4816 κατεγέλων
589 4746 752 4801 αὑτοῦ
804 4747 896 4800 καὶ
935 4747 1226 4814 ὠνείδιζον.
1260 4754 1320 4804 Οἱ
1353 4751 1410 4804 δὲ
1451 4753 1814 4823 προσήκοντες
1843 4745 1932 4814 Di

1854 4745 1892 4804 D
1919 4759 2217 4814 irridebant
2261 4771 2385 4812 eum
2407 4763 2460 4811 et
2507 4755 2816 4826 opprobriis
2866 4753 3185 4809 onerabant.
3247 4751 3474 4836 Cognati
3505 4748 3553 4804 ’.

232 4843 384 4914 αὑτῷ
429 4844 709 4912 συγγενεῖς
752 4839 846 4894 καὶ
887 4839 1029 4908 φίλοι
1060 4842 1154 4895 καὶ
1183 4843 1494 4911 ἐφοϐοῦντο,
1526 4845 1601 4908 ὡς
1631 4863 1811 4916 μεμη-

232 4934 363 4988 νότα
411 4937 504 4989 καὶ
552 4935 650 4999 τάς
697 4934 896 5006 φρένας
943 4932 1268 5007 ἐξεστηκότα
1293 4953 1306 4965 ’
1341 4935 1481 4990 ὥστε
1509 4938 1809 5008 ἀναχωρεῖν

232 5027 327 5082 καὶ
352 5029 573 5112 φεύγειν
603 5028 661 5096 ἐξ
687 5027 871 5093 αὑτοῦ,
893 5025 1367 5094 ἀπογινώσκοντας
1390 5029 1554 5083 αὑτοῦ
1578 5031 1674 5101 τὴν
1701 5048 1808 5084 σω-

230 5119 451 5192 τηρίαν,
495 5110 666 5193 λήθην
697 5138 756 5174 τε
790 5119 952 5174 αὑτοῦ
987 5110 1257 5172 ποιεῖσθαι
1303 5117 1438 5174 ὡσεὶ
1479 5121 1572 5174 καὶ¹
1613 5119 1806 5192 νεκροῦ

229 5211 332 5284 ἢδη
363 5213 675 5283 γενομένου,
706 5215 803 5268 καὶ
830 5214 905 5278 ὡς
928 5213 1055 5285 περὶ
1089 5210 1312 5275 σκεύους
1337 5208 1676 5277 ἀπολωλότος
1697 5215 1809 5267 δια-

232 5296 462 5351 κεῖσθαι.
497 5298 682 5353 Ταῦτα
735 5302 910 5355 πάντα
962 5300 1279 5355 πεπονθέναι
1333 5299 1588 5368 ἔφασκεν,
1620 5303 1810 5356 ἐαυτὸν

231 5389 417 5442 κακῶν
442 5387 822 5462 ἐξομολογήσει
851 5395 947 5446 καὶ
978 5393 1248 5470 μετανοίᾳ.
1269 5393 1405 5446 Ἀλλ’
1428 5394 1534 5447 οἵδε
1568 5395 1686 5465 μὲν,
1705 5413 1808 5466 φη-

232 5481 310 5546 σὶ,
342 5479 571 5534 τοιοῦτοι
595 5484 848 5550 γεγόνασι
878 5489 1006 5558 περὶ
1034 5488 1155 5558 ἐμέ..
1171 5485 1310 5555 Ἐγὼ
1339 5486 1397 5539 δὲ
1431 5488 1530 5539 οὑκ
1565 5489 1691 5541 ἄνευ
1721 5488 1811 5541 λό-

230 5591 331 5644 γου
357 5574 526 5638 οὕτως
541 5574 776 5644 ἐμαυτὸν
799 5573 952 5648 ἦγον,
976 5581 1089 5633 ἀλλ’
1107 5582 1400 5653 ἐπειδήπερ
1425 5581 1619 5651 ἢκουον
1646 5581 1811 5651 ψόγον

232 5667 443 5721 πολλῶν
474 5667 873 5740 παροικούντων
902 5674 1178 5737 κυκλόθεν,
1206 5675 1254 5727 οἱ
1275 5674 1393 5726 τότε
1430 5675 1805 5744 συναιρόμενοι

232 5757 328 5811 ἐπὶ
349 5758 410 5811 τὸ
431 5759 561 5812 αὑτὸ
584 5757 766 5812 λαϐεῖν
789 5759 884 5831 τὴν
905 5761 1080 5833 ψυχήν
1105 5782 1204 5834 μου
1226 5763 1578 5834 ἐνεθυμοῦντο
1598 5782 1609 5793 ·
1629 5767 1676 5816 οί
1697 5765 1804 5837 γὰρ

309 5942 356 5974 ⁸⁸
393 5943 552 6004 Joan.
589 5963 701 6014 vn,
731 5947 815 6001 '58.

1915 4866 2044 4906 vero
2075 4856 2128 4904 et
2155 4849 2345 4912 amici,
2381 4848 2474 4919 qui
2500 4848 2998 4920 ipsum’convenire
3036 4847 3302 4910 solebant,
3330 4853 3476 4900 metu

1917 4941 2187 5012 perterriti
2219 4947 2397 5002 erant,
2437 4953 2501 4993 ac
2535 4938 2581 4994 si
2611 4955 2735 4994 eum
2790 4937 3153 4992 insanientem
3202 4950 3265 4990 ac
3297 4942 3477 4992 mente

1913 5034 2206 5088 alienatum
2249 5029 2555 5097 vidissent;
2592 5032 2664 5084 ita
2699 5040 2756 5083 ut
2788 5029 2857 5083 de
2899 5028 3075 5084 salute
3114 5027 3234 5096 ejus
3278 5025 3478 5096 despe-

1914 5131 2098 5180 rantes
2131 5120 2452 5178 secederent
2493 5131 2548 5178 et
2577 5121 2897 5190 aufugerent
2918 5159 2933 5182 ,
2997 5120 3278 5188 ipsumque
3305 5117 3472 5171 veluti

1906 5218 2016 5287 jam
2067 5221 2340 5270 mortuum
2383 5216 2646 5272 oblivioni
2691 5214 2908 5276 darent,
2963 5225 3026 5264 ac
3074 5218 3330 5281 tanquam
3374 5208 3475 5262 vas

1910 5307 2177 5379 perditum
2205 5307 2490 5364 haberent.
2524 5307 2647 5362 Haec
2675 5302 2857 5361 omnia
2885 5315 3197 5373 perpessum
3229 5315 3288 5353 se
3319 5300 3471 5353 testi-

1913 5399 2104 5454 ficatur
2127 5438 2142 5461 ,
2177 5400 2305 5453 dum
2340 5416 2398 5455 se
2435 5403 2488 5455 in
2515 5398 2866 5454 confessione
2898 5403 2950 5449 et
2977 5393 3290 5463 poenitentia
3338 5392 3472 5448 aﬂli—

1914 5497 2080 5560 geret.
2121 5487 2224 5544 Sed
2263 5490 2339 5543 illi
2370 5491 2610 5560 quidem,
2649 5489 2744 5552 ait,
2785 5487 2865 5541 sic
2904 5497 3030 5553 erga
3071 5497 3154 5536 me
3199 5497 3258 5536 se
3286 5497 3472 5550 gesse-

1914 5591 2058 5637 runt.
2097 5582 2209 5654 Ego
2239 5600 2368 5639 vero
2401 5600 2508 5645 non
2541 5584 2659 5638 sine
2689 5579 2918 5635 consilio
2950 5585 3002 5630 et
3032 5573 3238 5628 ratione
3272 5589 3358 5628 me
3390 5576 3471 5630 sic

1895 5691 2068 5746 agere
2092 5678 2348 5746 putabam
2380 5693 2391 5727 :
2422 5675 2519 5732 sed
2547 5676 2673 5744 quia
2705 5670 2984 5725 audiebam
3019 5666 3470 5734 vituperationem

1911 5769 2205 5824 multorum
2233 5768 2686 5824 commorantium
2723 5765 2778 5817 in
2806 5760 3062 5824 circuitu,
3086 5759 3177 5829 qui
3206 5765 3335 5812 tunc
3363 5769 3470 5811 una
