4302 6450
826 546 924 606 271

1514 545 1776 603 EL’SEBII
1815 547 2293 606 CESARIENSIS
2328 548 2480 606 ore.
2518 547 2700 629 Pstis
2735 547 2823 603 ιιι.
2852 578 2922 588 -
2953 534 3350 604 ΕχΕσεσιέιυΑ.

3952 559 4059 611 272

829 668 1221 722 conveniebant
1264 680 1329 720 eo
1358 666 1607 729 consilio,
1641 676 1700 723 ut
1726 668 1963 723 animam
2016 684 2193 724 meam
2248 670 2393 724 aeci-
2420 673 2465 728 A
2490 669 2524 723 ἀ

2353 670 2393 723 i-
2420 648 2717 739 Αάφανείς
2765 667 2857 720 καὶ
2903 667 3122 737 ἀόρατοι
3167 666 3368 736 ἐχθροὶ,
3408 662 3791 735 περιπεσόντος
3839 682 3942 738 μου
3991 669 4052 739 τῇ

830 768 1048 830 perent;
1098 774 1221 813 nam
1258 760 1462 815 occulti
1508 767 1561 815 et
1601 759 1902 817 invisibiles
1948 761 2177 824 inimici,
2218 777 2303 816 me
2334 761 2389 816 in

828 862 1108 925 peccatum
1141 854 1313 923 lapso.
1333 854 1387 908 iu
1429 870 1598 909 unum
1644 856 1960 925 congregati
2004 864 2133 911 sunt
2178 864 2237 910 ut
2271 854 2390 909 ani-

789 932 969 1000 'mam
1014 960 1188 999 meam
1223 942 1519 1014 raperent;
1569 946 1690 1001 ideo
1738 962 1928 1002 eorum
1977 947 2208 1002 insidias
2260 948 2388 1002 sub-

827 1037 1107 1101 odoratus,
1136 1036 1240 1091 tale
1275 1037 1341 1091 de
1372 1051 1457 1091 me
1492 1038 1818 1108 supplicium
1854 1039 2103 1107 sumpsi;
2141 1038 2388 1109 cogitans

825 1139 957 1181 num
1008 1127 1148 1182 forte
1178 1126 1339 1191 Deus,
1387 1140 1677 1199 conspecta
1724 1130 2038 1201 hujusmodi
2086 1130 2388 1200 abjectione

823 1235 966 1284 mea,
994 1219 1369 1276 misericordia
1399 1229 1578 1274 motus
1607 1238 1693 1277 me
1722 1223 2055 1278 liberaturus
2081 1231 2245 1278 esset.

894 1309 1062 1366 Vens.
1095 1310 1296 1375 15,16.
1342 1309 1452 1380 Ego
1484 1320 1659 1366 autent
1702 1313 1759 1365 in
1801 1322 1849 1366 te
1881 1314 2103 1382 speravi,
2143 1312 2389 1377 Domine;
2434 1382 2435 1385 η

827 1404 941 1458 dixi
960 1423 978 1460 :
1003 1403 1141 1459 Deus
1176 1421 1318 1458 meus
1351 1421 1404 1458 es
1437 1414 1514 1467 tu,
1549 1406 1604 1458 in
1634 1406 1873 1461 manibus
1916 1408 2017 1461 tuis
2050 1418 2213 1461 sortes
2238 1421 2384 1462 tuear.

828 1493 953 1551 Haec
987 1496 1241 1559 inimicis,
1278 1495 1472 1566 inquit,
1505 1505 1694 1551 contra
1728 1514 1813 1552 me
1846 1499 2216 1563 molientibus,
2246 1500 2299 1555 in
2333 1508 2388 1554 te

824 1587 1331 1659 speravi,Domine;
1364 1589 1601 1659 dixique,
1635 1598 1686 1645 te
1718 1590 1894 1645 solum
1917 1592 2048 1647 mihi
2083 1593 2387 1662 adiutorem

824 1676 1067 1733 sullicere
1099 1699 1110 1733 :
1142 1694 1288 1741 nam,
1324 1677 1461 1733 Deus
1509 1696 1650 1734 meus
1684 1698 1738 1736 es
1786 1691 1864 1747 tu,
1904 1684 1956 1738 in
1990 1686 2237 1741 manibus
2282 1690 2387 1743 tuis

823 1784 989 1824 sortes
1012 1786 1156 1825 meat.
1175 1769 1280 1824 Pro
1306 1786 1413 1840 quo
1434 1777 1547 1824 tum
1566 1770 1828 1828 liebraica
1854 1776 2034 1840 lectio,
2055 1787 2167 1831 tum
2193 1781 2387 1849 reliqui

823 1861 1170 1929 interpretes.
1203 1872 1435 1930 tempora
1482 1879 1615 1924 mea.
1636 1864 1944 1923 ediderunt.
1992 1868 2215 1924 Etiamsi
2242 1872 2386 1926 enim

820 1953 1025 2009 inimici
1059 1954 1171 2025 jam
1212 1956 1447 2010 maxime
1479 1956 1690 2013 viribus
1725 1960 1962 2024 valeant,
2009 1962 2166 2030 quasi
2198 1963 2389 2018 adver-

2494 760 2755 833 ἀμαρτίᾳ,
2786 760 3171 813 συνετάσσοντο
3215 758 3351 828 πρὶς
3398 757 3677 829 ἀλλήλους,
3712 757 3859 821 ὃπως
3906 757 4057 828 διαρ-

2493 854 2705 907 πάσωσι
2750 851 2849 923 τὴν
2898 851 3035 923 ἐμὴν
3087 850 3283 921 ψυχήν.
3337 851 3533 920 Διόπερ
3561 848 3691 918 ἐγὼ,
3722 849 3823 919 τῆς
3859 849 4058 902 τούτων

2492 943 2777 1014 ἐπιϐουλῆς
2808 941 3239 1012 συναισθόμενος,
3266 943 3328 1011 τῇ
3358 940 3596 1013 τοσαύτῃ
3619 939 3853 1011 ἐμαυτὸν
3882 940 4058 994 ὲπεδί-

2491 1034 2612 1087 δουν
2650 1032 2905 1105 τιμωρίᾳ,
2937 1031 2990 1084 εί
3027 1047 3140 1093 πως
3170 1030 3275 1101 ἀρα
3312 1032 3339 1082 ό
3369 1030 3499 1093 Θεὸς
3531 1028 3618 1082 διὰ
3658 1028 3754 1100 τὴν
3797 1029 4061 1101 τοσαύτην

2496 1143 2597 1197 μου
2639 1125 2961 1179 ταπείνωσιν
3012 1122 3249 1193 ἐλεήσειε
3296 1138 3363 1192 με
3420 1123 3512 1174 καὶ
3560 1120 3781 1192 ῥύσαιτο
3825 1120 3923 1191 τῆς
3955 1122 4061 1181 τῶν

2492 1216 2702 1289 ἐχθρῶν
2730 1216 3048 1287 ὲπιὸουλῆς.-

2576 1309 2714 1378 Ἐγὼ
2744 1307 2811 1360 δὲ
2844 1307 2941 1361 ἐπὶ
2983 1310 3081 1361 σοὶ
3114 1306 3369 1375 ἤλπισα,
3396 1308 3569 1373 Κύριε
3589 1321 3603 1335 ·
3644 1306 3811 1360 εἶπαι
3840 1306 3922 1361 Σὺ
3946 1303 4001 1360 ει
4026 1311 4057 1359 ό

2494 1399 2639 1467 Θεός
2659 1418 2798 1477 μου,
2827 1400 2897 1453 ἐν
2924 1399 3051 1465 ταῖς
3077 1401 3250 1469 χερσί
3269 1413 3384 1453 σου
3410 1402 3465 1453 οἱ
3490 1398 3703 1468 κλῆροι
3721 1417 3859 1470 μου.
3878 1399 4058 1452 Ταῦτα

2490 1493 2597 1545 τῶν
2624 1492 2833 1565 ἐχθρῶν
2868 1510 2990 1562 μου,
3017 1494 3168 1564 φησὶ,
3204 1492 3599 1563 βουλευομένων
3630 1494 3749 1548 κατ’
3788 1493 3944 1565 ἐμοῦ,
3968 1494 4059 1547 ἐπὶ

2493 1584 2552 1636 σὲ
2586 1584 2805 1656 ἦλπισα,
2838 1583 3042 1655 Κύριεο
3084 1582 3265 1651 ἔλεγόν
3307 1583 3367 1635 τέ
3416 1599 3475 1635 σε
3528 1582 3685 1652 μόνον
3729 1582 3921 1653 βοηθόν
3970 1600 4057 1652 μοι

2492 1678 2758 1749 ἀπαρκεῖν
2777 1693 2789 1705 ·
2825 1678 2968 1742 Θεὸς
3000 1675 3113 1743 γάρ
3148 1693 3263 1744 μου
3288 1671 3347 1729 εἷ
3364 1674 3467 1738 σὺ,
3489 1674 3559 1728 ἐν
3584 1674 3711 1740 ταῖς
3739 1677 3913 1744 χερσί
3942 1692 4058 1747 σου

2492 1771 2546 1822 oi
2576 1766 2788 1836 κλῆροί
2807 1785 2926 1837 μου
2946 1785 2959 1798 θ
3002 1761 3120 1821 ἀνθ’
3145 1759 3228 1828 οὗ,
3260 1769 3313 1819 οἱ
3345 1765 3535 1833 καιροί
3563 1783 3702 1835 μου,
3730 1767 3762 1835 ή
3800 1764 4055 1838 Ἑϐραῖκὴ

2492 1862 2795 1930 ἀνάγνωσις
2833 1861 2924 1914 καὶ
2952 1861 3001 1913 οἱ
3031 1860 3205 1913 λοιποὶ
3233 1859 3561 1929 ιέρμηνευταὶ⁹
3587 1858 3961 1913 ὲκδεὸώκασιν.
3993 1859 4057 1911 Et

2492 1954 2600 2027 γὰρ
2651 1955 2743 2008 καὶ
2789 1952 2855 2006 τὰ
2912 1952 3143 2023 μάλιστα
3184 1951 3278 2004 νῦν
3326 1954 3374 2005 οἱ
3421 1953 3603 2023 ἐχθροὶ
3657 1951 4055 2023 κατισχύουσιν,

821 2061 943 2100 sum
989 2061 1076 2100 me
1108 2048 1253 2100 nacti
1288 2055 1651 2117 opportunum
1695 2056 1945 2119 tempus;
1992 2058 2048 2104 at
2087 2052 2215 2106 mibi
2252 2060 2387 2108 tem-
2420 2041 2459 2095 Β
2487 2044 2520 2098 ἃ

2361 2084 2387 2094 -
2420 2041 2459 2095 Β
2487 2044 2676 2118 ὥσπερ
2702 2045 2890 2117 καιρὸν
2918 2044 3128 2115 ἔχοντες
3158 2046 3273 2098 κατ’
3303 2043 3458 2114 ἐμοῦ,
3492 2044 3604 2098 ἀλλ’
3641 2048 3689 2098 οἱ
3720 2045 3843 2116 ἐμοὶ
3880 2044 4058 2115 καιροὶ

820 2152 951 2207 pora
1001 2152 1119 2192 mea
1171 2138 1227 2192 in
1272 2138 1522 2195 manibus
1575 2138 1685 2196 tuis
1732 2148 2012 2197 reservata
2071 2153 2243 2198 sunt:
2276 2161 2386 2215 quo

820 2236 1064 2298 tempore
1127 2236 1304 2286 sortes
1355 2246 1506 2286 meas
1564 2245 1731 2302 penes
1791 2239 1845 2289 te
1904 2235 2175 2304 repositas
2227 2236 2380 2291 novi.

819 2317 1181 2386 Quamobrem
1207 2322 1333 2393 jure
1364 2324 1619 2396 supplico
1650 2324 1996 2397 postuloque,
2033 2343 2119 2383 me
2161 2327 2215 2382 in
2248 2344 2386 2399 prae-

820 2414 960 2468 senti
1020 2414 1088 2468 ab
1143 2415 1383 2471 inimicis
1434 2426 1488 2472 et
1544 2431 1573 2469 a
1618 2417 2070 2488 persequentibus
2116 2433 2204 2474 me
2253 2420 2385 2476 libe-

817 2505 950 2559 rari.
1688 2569 1695 2577 ς
1994 2524 1997 2527 ·

905 2594 1067 2651 Vens.
1149 2595 1340 2650 17-19.
1416 2595 1641 2651 Illustra
1717 2596 1905 2667 facient
1988 2608 2131 2651 tuam
2224 2605 2387 2668 super

815 2705 1020 2743 servum
1054 2698 1220 2755 tuum,
1252 2688 1454 2743 salvum
1488 2706 1570 2744 me
1611 2689 1698 2760 {ac
1744 2690 1797 2743 in
1841 2691 2203 2746 misericordia
2252 2702 2382 2746 tua:

818 2780 1081 2843 Domine,
1144 2798 1247 2835 non
1294 2781 1631 2851 confundar,
1705 2785 1958 2856 quoniam
2017 2786 2251 2840 invocavi
2308 2796 2376 2841 te.

815 2875 1287 2942 Quemadmodum
1320 2876 1535 2933 oriente
1575 2878 1688 2934 sole
1725 2880 1964 2936 tenebrae
2002 2879 2378 2950 dissipantur,

815 2968 919 3024 sub
954 2978 1097 3024 terra
1147 2969 1437 3033 absconso,
1487 2971 1668 3024 omnia
1702 2986 1811 3026 nox
1848 2979 2111 3041 occupat,
2143 2978 2381 3042 tuncque

812 3075 879 3113 ex
910 3059 1149 3113 latibulis
1190 3060 1305 3115 suis
1348 3061 1623 3130 prodeunt
1668 3060 1796 3117 ferae
1834 3070 2111 3131 agrestes,
2167 3062 2380 3133 virique

812 3153 1046 3223 operarii
1099 3151 1441 3222 iniquitatis;
1496 3153 1603 3217 ita,
1655 3152 1765 3209 Deo
1815 3167 2028 3218 averso,
2091 3154 2381 3225 insurgunt

814 3242 1007 3297 animae
1037 3243 1218 3309 hostes
1238 3282 1253 3307 ,
1284 3243 1566 3313 ipsamque
1612 3243 2016 3299 incursionibus
2058 3244 2378 3310 molestant;

814 3333 934 3402 ipso
984 3341 1161 3387 autem
1200 3332 1429 3388 Deitatis
1470 3349 1583 3388 suae
1633 3334 1816 3390 lumen
1866 3336 2179 3399 emittente,
2234 3335 2379 3405 quod

2487 2137 2889 2209 πεφυλαγμένοι
2934 2138 3068 2190 εἰσιν
3091 2138 3149 2188 ὲν
3183 2139 3301 2199 ταῖς
3340 2139 3457 2199 σαῖς
3488 2138 3672 2207 χερσίν
3694 2155 3708 2168 ι
3740 2139 3797 2190 ὲν
3824 2135 3904 2201 οἷς
3933 2153 4055 2189 και-

2488 2234 2601 2303 ροῖς
2629 2231 2723 2284 καὶ
2749 2230 2873 2293 τοὺς
2899 2227 3133 2299 ἐμαυτοῦ
3164 2228 3401 2299 κλήρους
3429 2224 3545 2281 οἶδα
3574 2228 3721 2301 παρά
3756 2230 3837 2282 σοὶ
3860 2229 4059 2298 φυλάτ-

2485 2322 2691 2377 τεσθαι.
2721 2323 2811 2375 Διὸ
2836 2321 3059 2386 εἰκότως
3096 2319 3321 2374 ἱκετεύω
3367 2320 3459 2372 καὶ
3492 2320 3679 2389 δέομαι
3710 2320 3800 2372 ἐπὶ
3830 2319 3923 2374 τοῦ
3954 2337 4057 2373 πα-

2486 2412 2668 2488 ρόντος
2687 2413 2944 2485 ῥυσθῆναι
2960 2415 3023 2466 ὲκ
3047 2413 3153 2466 τῶν
3176 2410 3383 2483 ἐχθρῶν
3411 2428 3512 2481 μου
3544 2410 3638 2464 καὶ
3667 2412 3731 2463 ὲκ
3754 2410 3860 2465 τῶν
3890 2427 4056 2466 κατα-

2482 2505 2789 2561 διωκόντων
2818 2523 2903 2577 με.

2569 2596 2888 2667 Ἐπίφανον
2921 2597 2987 2650 τὸ
3034 2597 3357 2664 πρόσωπόν
3390 2613 3504 2651 σου
3549 2597 3646 2650 ἐπὶ
3694 2597 3799 2651 τὸν
3834 2595 4058 2651 δοῦλόν

2482 2704 2598 2744 σου
2663 2688 2871 2743 σῶσόν
2911 2704 2988 2758 με
3024 2689 3094 2741 ἐν
3133 2688 3286 2742 ἐλέει
3321 2705 3437 2742 σου
3459 2706 3473 2718 ·
3508 2691 3705 2758 Κύριε,
3732 2688 3817 2759 μὴ
3861 2704 4057 2743 καται-

2482 2782 2844 2852 σχυνθειην,
2895 2782 2983 2835 ὅτι
3026 2780 3484 2850 ἐπεκαλεσάμην
3529 2798 3621 2841 σε.
3652 2782 3858 2852 ’Ὠσπερ
3906 2779 4056 2853 ἡλίου

2482 2875 2860 2943 ἀνατείλαντος
2892 2874 3076 2927 λύεται
3125 2875 3186 2928 τὸ
3234 2877 3421 2938 σκότος
3440 2892 3453 2905 ·
3486 2874 3590 2928 ὑπὸ
3617 2875 3719 2945 γῆν
3745 2874 3803 2927 δὲ
3830 2872 4056 2945 γενομέ-

2481 2989 2594 3035 νου,
2628 2972 2723 3038 vos
2759 2970 3112 3042 διαλαμϐάνει
3145 2970 3206 3023 τὸ
3239 2972 3345 3024 πᾶν
3365 2962 3393 3001 ·’
3412 2970 3631 3041 προΐασι
3662 2986 3720 3023 τε
3750 2971 3810 3021 ἐκ
3836 2968 3943 3022 τῶν
3974 2969 4054 3020 oi-

2482 3064 2645 3117 κείων
2674 3063 3022 3119 καταδύσεων
3059 3064 3224 3135 θῆρες
3261 3063 3441 3134 ἄγριοι
3475 3063 3565 3116 καὶ
3598 3061 3786 3133 ἄνδρες
3818 3076 4056 3132 κακουρ-

2480 3155 2603 3223 γίας
2635 3155 2861 3227 ἐργάται
2881 3171 2896 3186 ·
2922 3156 3113 3220 οὕτως,
3146 3153 3615 3223 ἀποστρεφομένου
3650 3154 3750 3223 μὲν
3783 3153 3873 3206 τοῦ
3899 3150 4054 3213 Θεοῦ,

2480 3247 2527 3299 οἱ
2558 3248 2653 3317 τῆς
2680 3246 2859 3316 ψυχῆς
2886 3245 3068 3317 ἐχθροὶ
3102 3244 3486 3298 ἐπανίστανται
3516 3245 3607 3295 καὶ
3636 3244 4060 3313 κατατρέχουσιν

2481 3337 2678 3409 αὐτῆς·
2706 3337 3108 3409 ἐπιλάμψαντος
3133 3338 3189 3391 δὲ
3212 3334 3375 3390 αὐτοῦ
3396 3335 3456 3389 τὸ
3478 3334 3591 3404 φῶς
3621 3336 3718 3406 τῆς
3746 3334 3911 3389 αὑτοῦ
3938 3332 4057 3388 θεό-

782 3472 785 3473 ν
814 3428 1022 3479 ultum
1050 3424 1141 3480 Dei
1164 3423 1447 3497 Scriptura
1477 3441 1672 3483 vocare
1714 3429 2019 3495 consuevit,
2054 3436 2187 3483 tunc
2221 3443 2378 3485 aver-
2404 3402 2446 3458 Ο
2480 3458 2481 3461 η

2354 3459 2378 3471 -
2404 3402 2446 3458 C
2480 3402 2660 3500 τητος,
2690 3431 2827 3502 ὅπερ
2853 3402 3138 3503 πρόσωπον
3157 3427 3289 3482 Θεοῦ
3319 3402 3604 3499 ὀνομάζειν
3629 3402 3817 3480 είωθεν
3844 3429 3876 3497 ἡ
3910 3427 4053 3499 Γραο

813 3527 1006 3573 tuntur
1028 3527 1082 3574 et
1112 3517 1292 3590 fugam
1342 3518 1549 3575 faciunt
1577 3536 1770 3577 omnes
1803 3523 1897 3592 qui
1928 3523 2105 3577 amica
2138 3523 2381 3579 tenebris

814 3623 978 3679 opera
1009 3618 1346 3682 perpetrant,
1382 3626 1447 3667 ac
1474 3612 1737 3683 quidquid
1767 3612 1878 3668 Deo
1924 3616 2262 3683 contrarium
2295 3624 2382 3671 est

794 3704 1137 3773 ro.ssipatur.
1186 3701 1369 3770 Quare
1405 3721 1496 3775 qut
1542 3708 1720 3777 primo
1754 3705 2118 3763 conﬁtebatur
2155 3708 2377 3765 dicens:

819 3793 1045 3848 Illustra
1100 3795 1291 3864 faciem
1344 3804 1490 3850 tuam
1546 3815 1705 3868 super
1756 3816 1963 3854 servum
2029 3809 2221 3867 tuum,
2266 3800 2382 3871 jam

818 3896 1063 3949 rursum,
1098 3885 1214 3941 Non
1240 3897 1461 3958 propter
1505 3904 1671 3961 opera
1717 3907 1859 3956 mea,
1898 3892 2097 3963 inquit,
2123 3892 2216 3950 sed
2254 3908 2380 3965 pro-

814 3987 936 4045 pter
979 3978 1410 4034 misericordiam
1457 3992 1604 4036 tuam
1638 3983 1869 4039 salutem
1926 3980 2174 4043 nancisci
2224 4000 2377 4057 rogo;

815 4077 978 4140 atque
1029 4069 1223 4123 iterum
1258 4089 1272 4125 :
1306 4071 1572 4136 Quoniam
1630 4081 1683 4128 te
1735 4074 2013 4140 invocavi,
2065 4077 2262 4147 inquit,
2312 4093 2380 4132 ne

808 4160 1124 4215 confundar
1152 4161 1279 4232 quia
1312 4154 1525 4232 Speravi
1558 4163 1613 4217 in
1645 4172 1716 4219 te.
1747 4163 1956 4220 Etenim
1988 4168 2174 4238 impiis
2201 4169 2293 4239 qui
2330 4178 2381 4224 te

816 4252 984 4311 Deum
1019 4269 1126 4308 non
1160 4264 1365 4309 norunt
1383 4255 1734 4325 opprobrium
1762 4256 2015 4313 debetur.
2043 4259 2382 4330 Quapmpter

812 4347 909 4411 ait,
932 4346 1258 4402 Erubescant
1289 4349 1437 4419 impii
1468 4360 1516 4403 et
1546 4348 1874 4404 deducantur
1896 4352 1949 4404 in
1973 4351 2266 4429 infernum;
2298 4355 2379 4409 vel

811 4441 1111 4497 secundum
1149 4442 1399 4512 Aquilam
1450 4451 1503 4497 et
1545 4441 1949 4514 Symmachum,
1983 4444 2186 4498 Sileant
2216 4445 2269 4498 iu
2299 4446 2383 4498 in-

810 4524 981 4604 ferno.
1019 4532 1083 4588 Et
1112 4534 1222 4605 jam
1247 4534 1467 4605 quidem
1499 4535 1575 4590 illi
1611 4536 1908 4606 loquuntur
1940 4538 2109 4591 multa
2141 4537 2292 4603 ausi;
2326 4545 2382 4591 at

806 4641 933 4680 cum
977 4626 1031 4679 in
1062 4635 1452 4696 congruentem
1505 4628 1610 4683 sibi
1657 4629 1839 4683 locum
1886 4629 2102 4686 deducti
2155 4630 2377 4696 fuerint,

2482 3523 2578 3593 φὴ,
2611 3522 3009 3595 ἀποτρέπονται
3039 3522 3135 3594 μὲν
3152 3520 3253 3575 καὶ
3280 3521 3651 3592 ἀποφεύγουσι
3685 3520 3884 3583 πάντες
3907 3520 3955 3572 οἱ
3986 3520 4059 3573 τὰ

2462 3615 2613 3686 φίλα
2639 3613 2733 3668 τοῦ
2763 3613 2985 3678 σκάτους
3022 3613 3156 3686 ἔργα
3200 3613 3673 3687 διαπραττόμενοι,
3697 3611 3969 3667 διαλύεται
3995 3610 4054 3665 δὲ

2482 3710 2591 3764 πᾶν
2620 3708 2678 3763 τὸ
2707 3708 2948 3763 ἐναντίον
2979 3708 3056 3780 τῷ
3086 3707 3223 3782 Θεῷ.
3256 3708 3345 3761 Διὸ
3379 3707 3689 3780 παρακαλεῖ
3707 3709 3735 3761 ὁ
3764 3708 3831 3761 τὰ
3860 3706 4053 3777 πρῶτα

2481 3800 3014 3873 ἐξομολογησάμενος
3046 3801 3301 3869 φάσκων⁸
3350 3800 3681 3869 Ἐπίφανον
3722 3798 3789 3851 τό
3864 3798 4053 3866 πρόσ-

2480 3893 2645 3946 ωπόν
2666 3908 2782 3947 σου
2813 3894 2899 3957 εἰς
2927 3893 3034 3946 τεν
3058 3890 3282 3945 δοῦλόν
3323 3906 3466 3945 σου·
3518 3891 3608 3945 καὶ
3642 3890 3828 3944 πάλιν·
3866 3890 3939 3943 Οὐ
3965 3889 4056 3944 διὰ

2479 3994 2577 4051 τας
2608 3985 2747 4055 ἐμὰς
2780 3985 3026 4058 πράξεις,
3060 3987 3214 4056 φησι,
3240 3983 3329 4037 διὰ
3372 3984 3427 4037 δὲ
3446 3984 3519 4036 τὸ
3555 3984 3645 4037 σὺν
3681 3983 3827 4047 ἔλεος
3876 3981 4055 4053 σωθῆ-

2482 4096 2568 4131 ναι
2603 4078 2771 4144 ἀξιῶ·
2826 4079 2920 4132 καὶ
2968 4073 3157 4141 αὖθις·
3200 4076 3350 4130 Ἐπεὶ
3394 4065 3453 4129 δέ
3507 4093 3565 4129 σε
3614 4074 4050 4146 ὲπεκαλεσάμην,

2481 4172 2635 4242 φησι,
2668 4171 2743 4243 μὴ
2790 4166 3259 4241 καταισχυνοείην,
3293 4170 3373 4223 ὃτι
3412 4168 3507 4222 ἐπὶ
3551 4169 3633 4223 σοὶ
3677 4168 3894 4239 ἤλπισα.
3927 4165 4053 4231 Τοῖς

2484 4261 2581 4331 μὲν
2611 4261 2718 4334 γάρ
2752 4260 2992 4326 ἀσεϐέσι,
3019 4262 3132 4322 τοῖς
3158 4259 3216 4312 σὲ
3246 4258 3337 4313 τὸν
3365 4258 3497 4314 Θεὸν
3519 4259 3619 4314 οὐκ
3645 4257 4071 4330 ἐπισταμένοις,

2482 4352 2709 4425 αἰσχύνη
2756 4352 2954 4423 πρέπει
2980 4369 2993 4382 ·
3041 4349 3121 4403 διό
3169 4368 3332 4421 φησιν
3357 4368 3369 4381 ’
3398 4352 3884 4422 Αίσχυνθείησαν
3909 4350 4053 4404 das.

2481 4443 2604 4510 ΰεῖς
2630 4444 2725 4509 καὶ
2754 4442 3197 4511 καταχθείησαν
3221 4444 3307 4509 εἰς
3333 4442 3479 4511 ᾅδου
3497 4460 3512 4475 ο
3545 4442 3577 4514 ἣ
3612 4441 3751 4495 κατά
3773 4444 3864 4496 τὸν
3893 4441 4053 4495 Ἀκε-

2482 4533 2580 4589 λαν
2602 4538 2695 4589 καὶ
2721 4536 2809 4588 τὸν
2840 4522 3131 4605 Σύμμαχον
3152 4552 3163 4564 ·
3198 4535 3601 4590 Σιωπάτωσαν
3628 4540 3715 4603 εἰς
3746 4536 3917 4605 ᾅδην.
3938 4537 4055 4593 Νῦν

2491 4626 2592 4696 μὲν
2618 4627 2727 4698 γὰρ
2756 4622 2974 4678 λαλοῦσι
3016 4622 3184 4677 πολλὰ
3217 4624 3553 4697 τολμῶντες
3587 4626 3805 4680 ἐπειδὰν
3849 4626 3906 4679 δὲ
3949 4642 4063 4678 κα-·

807 4725 939 4772 tunc
989 4719 1314 4788 arrogantiae
1373 4720 1533 4775 tinem
1592 4720 1827 4789 facient,
1872 4718 2027 4779 tunc
2060 4725 2201 4779 labia
2256 4726 2378 4791 illa,
2414 4754 2456 4810 ο
2486 4736 2506 4772 ’τ

2365 4768 2378 4791 ,
2414 4754 2456 4810 D
2486 4719 2752 4789 ταχθῶσιν
2795 4719 2874 4781 είς
2916 4716 2976 4770 τὸ
3014 4717 3339 4790 κατάλληλον
3365 4716 3547 4781 αὐτοῖς
3573 4717 3787 4789 χωρίον,
3816 4717 3875 4770 τὸ
3904 4733 4051 4787 τηνι-

806 4825 928 4881 (ιιιαξ
957 4811 1010 4863 in
1042 4812 1295 4880 praesenti
1326 4826 1448 4865 cum
1477 4814 1729 4883 superbia
1755 4826 1944 4871 contra
1969 4817 2177 4887 justum
2204 4819 2379 4873 virum

807 4904 979 4958 multa
1026 4902 1333 4972 proferunt,
1389 4912 1540 4958 muta
1586 4917 1781 4973 erunt;
1835 4918 1965 4965 tunc
2006 4911 2378 4983 dejustorum

808 4996 1089 5051 hominum
1123 4996 1380 5067 despectu
1413 4997 1549 5051 ultio
1582 5009 1847 5068 sumetur.

879 5260 1043 5321 Vens.
1074 5262 1166 5328 20,
1198 5262 1288 5317 21.
1317 5262 1488 5329 Quam
1522 5281 1714 5336 magna
1746 5265 2031 5321 multitudo
2075 5268 2369 5323 dulcedinis

805 5363 931 5422 tum,
963 5355 1204 5422 Domine,
1237 5372 1396 5427 quam
1425 5359 1748 5431 abscondisti
1780 5360 2080 5416 timentibus
2112 5365 2195 5417 te!
2248 5363 2373 5419 Per-

806 5449 976 5517 [ει-ἱδῑὶ
1001 5450 1075 5503 eis
1110 5450 1199 5519 qui
1232 5458 1445 5518 sperant
1472 5452 1526 5503 in
1550 5460 1596 5505 te.
1626 5453 1678 5505 in
1706 5432 1985 5520 conspectu
2011 5455 2245 5523 ﬁliorum
2277 5458 2369 5512 Iw-

806 5546 1024 5600 minum.
1060 5544 1361 5599 Abscondes
1408 5560 1494 5598 eos
1546 5545 1599 5598 in
1651 5546 1958 5601 abscondito
1991 5547 2146 5617 [aciei
2190 5561 2293 5606 tua:
2337 5570 2368 5606 a

812 5637 1210 5689 conturbatione
1240 5638 1531 5691 hominum.
1588 5637 1837 5711 Proteges
1878 5657 1965 5693 eos
2018 5642 2073 5695 in
2122 5644 2369 5699 taberna-

805 5728 981 5779 culoa
1015 5731 1432 5784 contradictione
1482 5728 1809 5800 linguarum.
1870 5729 2083 5797 Istbmc,
2132 5737 2226 5801 ait,
2270 5736 2367 5791 tle-

809 5827 1058 5888 precatus
1093 5838 1234 5884 sum,
1277 5834 1334 5878 ut
1364 5824 1606 5879 illustres
1645 5823 1835 5880 faciem
1868 5835 2014 5879 tuam
2048 5812 2213 5899 super
2247 5849 2366 5887 scr-

807 5926 935 5963 vum
992 5920 1164 5976 tuum,
1217 5924 1268 5968 et
1317 5926 1376 5969 ut
1426 5918 1655 5971 salutem
1695 5917 2067 5973 misericordia
2102 5930 2193 5975 tua
2236 5940 2373 5977 nau-

810 6002 1005 6066 ciscar,
1032 6013 1086 6061 et
1115 6022 1182 6060 uc
1212 6010 1518 6067 conl‘ltudar
1542 6012 1805 6079 quoniam
1841 6012 2086 6068 invocavi
2132 6025 2205 6079 te,
2230 6031 2364 6066 cou-

2486 4812 2661 4865 καῦτα
2684 4810 2980 4864 παύσονται
3000 4811 3098 4881 τῆς
3122 4812 3487 4883 μεγαλαυχίας
3503 4832 3518 4845 ο
3541 4812 3662 4865 τότε
3689 4811 3745 4863 δὲ
3773 4812 3864 4863 καὶ
3880 4809 4052 4864 ἅλαλα

2481 4905 2769 4975 γενήσεται
2808 4900 2878 4955 τὰ
2909 4903 3002 4956 ἐπὶ
3039 4903 3131 4957 τοῦ
3159 4905 3422 4976 παρόντος
3456 4902 3623 4956 πολλά
3668 4901 3806 4955 κατά
3846 4900 3939 4955 τοῦ
3966 4901 4049 4956 δι-

2482 4994 2634 5070 καίου
2681 4992 3023 5065 φθεγγόμενα
3056 4995 3206 5068 χείλη
3243 4994 3360 5066 μεθ’
3388 4992 3789 5064 ὑπερηφανίας·
3828 4993 3947 5046 τότε
3992 4992 4053 5048 δὲ

2483 5089 2578 5142 καὶ
2605 5086 3019 5160 ὲκδικηθήσεται
3049 5090 3198 5143 πᾶσα
3226 5091 3259 5159 ἡ
3292 5085 3431 5163 κατὰ
3466 5085 3573 5139 τῶν
3596 5085 3813 5171 δικαίων
3842 5084 4051 5153 ἐξουδέ-

2478 5199 2657 5244 νωσις.

2559 5271 2651 5337 Ὡς
2676 5271 2833 5325 πολὺ
2867 5272 2930 5326 τὸ
2960 5270 3193 5341 πλῆθος
3218 5269 3325 5339 τῆς
3353 5261 3763 5339 χρηστότητός
3784 5286 3918 5340 σου,
3934 5274 4053 5329 Κύ-

2469 5382 2584 5433 ριε,
2605 5360 2679 5435 ἧς
2709 5365 2976 5435 ἔκρυψας
3001 5364 3124 5430 τοῖς
3146 5363 3537 5434 φοϐουμένοις
3560 5364 3670 5419 σε]
3697 5365 4050 5438 Ἐξειργάσω

2476 5456 2599 5523 τοῖς
2630 5456 2977 5520 ἐλπίζουσιν
3015 5458 3113 5511 ἐπὶ
3160 5455 3233 5510 σὲ
3260 5457 3536 5511 ἐναντίον
3582 5456 3701 5513 τῶν
3730 5458 3876 5514 υἱῶν
3919 5460 4048 5515 ’τῶν

2478 5550 2818 5619 ἀνθρώπων.
2881 5550 3304 5619 Κατακρύψεις
3348 5551 3569 5617 αὐτοὺς
3608 5551 3678 5605 ἐν
3721 5552 4048 5620 ἀποκρύφῳ

2477 5642 2581 5696 τοῦ
2638 5644 2957 5715 προσώπου
3023 5659 3138 5698 σου
3198 5642 3317 5698 ἀπὸ
3380 5638 3640 5715 ταραχῆς
3698 5645 4041 5713 ἀνθρώπων.

2476 5737 2806 5806 Σκεπάσεις
2860 5735 3080 5803 αὐτοὺς
3138 5738 3207 5790 ὲν
3261 5736 3477 5806 σκηνῇ,
3527 5738 3643 5793 ἀπὸ
3701 5724 4044 5806 ἀντιλογίας

2476 5830 2991 5894 rimatur-Jahn,
3012 5830 3193 5899 φησὶν,
3215 5830 3481 5893 ἱκέτευσα,
3508 5829 3767 5897 ὲπιφάναι
3787 5828 3845 5881 τὸ
3871 5828 4043 5902 πρόστ-

2481 5920 2626 5972 ωπόν
2657 5939 2746 5974 σου
2804 5926 2893 5976 ἐπὶ
2926 5923 3013 5976 τὸν
3049 5921 3232 5977 δοῦλόν
3262 5940 3375 5987 σου,
3409 5924 3502 5975 καὶ
3535 5922 3771 5993 σωθῆναι
3797 5919 3870 5991 τῷ
3904 5921 4045 5977 ἐλέει

2486 6022 2577 6054 σου
2604 6009 2676 6080 μὴ
2703 6014 3073 6083 καταισχῦναι,
3099 6017 3179 6070 ὃτι
3207 6015 3619 6088 ἐπεκαλεσὰμην
3642 6005 3723 6080 σε,
3745 6015 4042 6087 πεπεισμέ-
