4302 6412
746 524 850 580 283

1395 511 1664 569 EUSEBII
1701 505 2177 566 CIESABIENSIS
2215 503 2364 560 OPP.
2405 502 2584 558 PARS
2619 501 2705 558 ιιι.
2747 497 3248 582 —'EXEGETlCA.

3853 497 3962 553 εει

748 640 964 696 ηιονὸυηι
991 644 1401 706 consequenter,
1432 642 1716 704 postquam
1746 644 1938 698 magna
1965 627 2055 681 Dei
2084 624 2295 694 opiﬁcia
2326 627 2372 682 Α
2397 625 2447 674 οι

2266 638 2295 675 a
2326 627 2372 682 Α
2397 622 2773 689 οἰκουμένην.
2805 617 3014 689 Σφόδρα
3039 617 3094 669 δέ
3123 613 3428 676 ἀκολούθως
3460 614 3555 676 τὰς
3581 612 3674 666 τοῦ
3701 613 3834 666 Θεοῦ
3867 632 3960 684 με-

748 731 1054 790 declaravit.
1083 744 1143 782 ac
1172 735 1380 782 tantum
1408 742 1515 780 non
1537 726 1606 779 ob
1629 723 1816 777 oculos
1838 721 2038 791 posuit,
2064 725 2296 788 quantus

749 823 821 878 sit
850 822 936 876 ille
967 824 1152 874 talium
1198 834 1377 873 rerum
1424 818 1675 872 conditor
1725 814 2023 877 Dominus;
2074 825 2195 865 eum
2226 811 2296 862 ti-

749 929 894 968 mere
936 912 1206 982 praecepit.
1254 910 1660 977 Annuntiatque
1693 921 1801 958 non
1836 904 1972 957 ultra
2008 902 2165 955 idolis
2197 902 2295 954 ad-

747 1004 1038 1060 hibendum
1091 1004 1350 1065 animum,
1387 1018 1496 1054 non
1549 1001 1822 1052 daemonas
1850 997 2106 1051 colendos
2154 1010 2294 1056 esse,

749 1096 1158 1166 εειΓῖὶῐῆῑτιι-ιιιιι
1192 1111 1375 1149 rerum
1413 1110 1580 1146 unum
1623 1094 1884 1160 opiﬁcem.
1937 1090 2082 1144 Illius
2118 1097 2296 1142 autem

747 1187 885 1250 loco,
906 1195 1341 1256 commoveantur,
1370 1182 1723 1253 Symmachus
1754 1191 2084 1235 revereantur
2106 1181 2294 1234 edidit.

748 1276 847 1332 Hic
893 1278 1181 1346 intelligas,
1233 1290 1340 1345 quo
1371 1268 1528 1345 pacto
1561 1274 1797 1327 futurum
1844 1256 1958 1327 erat
2010 1279 2068 1325 ut
2116 1271 2184 1325 ab
2233 1284 2304 1324 eo.

747 1377 1218 1429 commoverentur
1287 1383 1473 1438 omnes
1537 1369 1902 1438 inhabitantes
1968 1363 2191 1424 orbem,
2252 1361 2298 1416 si

749 1460 930 1513 animo
957 1459 1260 1532 perpen‘das
1305 1474 1410 1527 qua
1463 1459 1672 1511 ratione
1721 1472 1818 1526 per
1863 1454 2297 1525 praedicationem

746 1551 1108 1620 evangelicam
1135 1557 1185 1602 et
1231 1549 1521 1612 salutarem
1568 1549 1892 1603 doctrinam
1923 1548 1976 1600 in
2025 1553 2140 1600 toto
2167 1545 2297 1616 orbe

749 1637 1002 1697 Ecclesia:
1030 1640 1141 1694 Deo
1175 1640 1478 1695 constitutae
1510 1640 1642 1703 sint,
1674 1655 1832 1694 aures
1863 1639 2104 1693 omnium
2134 1638 2298 1692 verbo

749 1732 1006 1802 repletae,
1055 1731 1401 1801 universique
1459 1731 1705 1785 homines
1753 1731 1844 1784 illa
1897 1737 2048 1782 tanta
2099 1728 2300 1783 virtute

749 1822 1024 1886 commoti,
1062 1837 1125 1875 ae
1157 1822 1349 1875 mutati
1380 1836 1411 1875 a
1439 1821 1669 1892 pristino
1696 1821 1960 1874 idolorum
1995 1833 2198 1880 errore,
2230 1817 2305 1869 ad~

747 1930 885 1968 verae
911 1917 1136 1986 pietatis.
1150 1914 1621 1968 commonitionem
1648 1910 2007 1965 accesserint:
2036 1909 2297 1974 Quoniam

2400 711 2726 781 γαλουργίας
2786 709 3156 780 παραστήσας,
3195 706 3289 758 καὶ
3331 705 3605 775 μονονουχὶ
3666 704 3964 774 ὀφθαλμοῖς

2397 801 2663 866 ἐπιδείξας
2696 800 2949 870 ὁπηλίκος
2974 800 3116 851 ἐστὶν
3146 799 3174 849 ὁ
3199 797 3305 849 τῶν
3329 795 3580 848 τοιούτων
3630 794 3963 865 δημιουργὸς

2397 895 2616 967 Κύριος,
2654 891 3080 963 παρακελεύεται
3108 880 3316 942 τοῦτον
3377 876 3671 954 φοϐεῖσθαι.
3723 887 3964 954 Εὐάγγε-

2395 985 2598 1047 λίζεται
2625 985 2679 1036 δὲ
2715 982 2946 1046 εἰδώλοις
2984 982 3178 1052 μηκέτι
3211 980 3496 1051 προσέχειν
3513 981 3602 1032 τὸν
3635 979 3778 1043 νοῦν,
3820 979 3963 1051 μήτε

2396 1077 2651 1144 δαίμονας
2681 1074 2947 1137 σέϐεσθαι,
2979 1074 3113 1127 ἀλλὰ
3139 1074 3226 1125 τὸν
3250 1073 3512 1124 τοσούτων
3536 1073 3780 1141 ποιητήν.
3813 1070 3964 1122 Ἀντὶ

2397 1168 2451 1220 δέ
2477 1167 2592 1229 τοῦ,
2627 1166 3115 1230 σαλευθήτωσαν,
3141 1166 3168 1215 ὁ
3210 1163 3520 1233 Σύμμαχος,
3563 1163 3964 1216 εὐλαϐείσθω-

2398 1274 2537 1319 σαν,
2594 1256 2838 1321 ἐξέδωκε.
2880 1255 3114 1324 Νοήσεις
3153 1255 3297 1316 ὅπως
3361 1253 3579 1324 ἔμελλον
3632 1253 3961 1308 σαλεύεσθαι

2397 1350 2491 1402 ἀπ’
2522 1347 2684 1401 αὑτοῦ
2714 1347 2911 1410 πάντες
2944 1347 2992 1399 oi
3040 1345 3413 1408 κατοικοῦντες
3473 1344 3568 1416 τὴν
3611 1346 3959 1416 οἰκουμένην,

2398 1439 2694 1507 ἐπιστήσας
2712 1435 2809 1506 τὴν
2849 1434 3102 1498 διάνοιαν,
3148 1433 3224 1496 ὼς
3276 1433 3365 1485 ἐπὶ
3543 1431 3851 1501 κηρύγματι
3879 1429 3962 1500 τῷ

2397 1526 2728 1597 εὐαγγελικῴ
2758 1526 2851 1579 καὶ
2871 1529 2935 1596 τῇ
2968 1525 3217 1594 σωτηρίῳ
3241 1523 3546 1592 διδασκαλίᾳ
3573 1520 3692 1574 καθ’
3709 1522 3833 1589 ὅλης
3857 1523 3962 1590 τῆς

2395 1620 2713 1690 οἰκουμένης
2746 1617 3059 1689 Ἐκκλησίαι
3091 1615 3168 1685 τῷ
3187 1614 3302 1685 Θεῷ
3329 1615 3676 1684 συνέστησαν·
3707 1612 3857 1664 πᾶσά
3896 1628 3961 1664 τε

2396 1712 2531 1784 ἀκοὴ
2559 1711 2844 1784 ἐπληρώθη
2866 1709 2959 1763 τοῦ
2994 1709 3176 1776 λόγου,
3211 1709 3304 1760 καὶ
3337 1707 3537 1768 πάντες
3562 1705 3834 1775 ἄνθρωποι
3862 1704 3962 1756 ἐπὶ

2394 1807 2461 1876 τῇ
2488 1804 2732 1875 τοσαύτῃ·
2751 1802 2974 1870 δυνάμει
3034 1798 3360 1866 κεκίνηνται,
3398 1795 3816 1866 μεταϐάλλοντες
3849 1793 3963 1849 ἀπὸ

2396 1900 2494 1966 τῆς
2551 1895 2818 1964 προτέρας
2882 1890 3010 1962 περὶ
3073 1889 3140 1942 τά
3201 1888 3389 1942 εἴδωλα
3438 1887 3665 1957 πλάνης,
3735 1886 3829 1943 καὶ
3875 1887 3961 1949 είς

748 2007 856 2072 ipse
883 2006 1036 2072 dixit,
1070 1981 1136 2059 et.
1168 2005 1312 2073 facta
1343 2013 1500 2068 sunt;
1551 2004 1658 2074 ipse
1706 2000 1994 2067 mandavit,
2041 2009 2089 2054 et
2116 2009 2293 2069 creata
2325 1997 2370 2051 B
2396 1989 2447 2040 ὑπ

2262 2016 2293 2052 α
2325 1997 2370 2051 Β
2396 1987 2696 2057 ὑπόμνησιν
2723 1984 2962 2046 ἐλθόντες
2982 1982 3078 2052 τῆς
3100 1980 3327 2050 ἀληθοῦς
3359 1977 3656 2042 εὐσεϐείας
3690 1979 3817 2030 Ὅτι
3849 1978 3960 2031 αὐ-

746 2107 886 2152 sunt.

807 2273 972 2331 Vens.
1002 2275 1084 2330 19.
1115 2275 1365 2329 Dominus
1393 2273 1615 2342 dissipat
1672 2272 1894 2326 consilia
1927 2273 2175 2343 gentium,
2213 2287 2295 2324 re-

746 2368 932 2439 probat
982 2376 1153 2420 autem
1208 2366 1542 2438 cogitationes
1575 2364 1901 2433 populorum,
1953 2371 2001 2418 et
2054 2361 2296 2429 reprobat
2355 2400 2362 2413 ,

747 2461 968 2527 consilia
1004 2461 1316 2529 principum.
1358 2456 1494 2523 Quia
1542 2455 1758 2509 videbat
1796 2454 2018 2524 spiritus
2066 2451 2298 2521 prophe-

746 2556 889 2609 ticus
914 2553 1154 2625 futurum
1176 2565 1316 2616 esse,
1345 2555 1403 2602 ut
1426 2546 1887 2616 persecutionibus
1914 2544 2297 2597 amictarentur

746 2646 784 2702 ii
817 2647 909 2713 qui
941 2659 971 2696 a
1004 2643 1184 2712 prisca
1245 2642 1334 2694 illa
1397 2639 1776 2706 superstitione
1819 2637 2084 2691 recessuri
2117 2644 2293 2699 erant,

748 2743 804 2791 et
831 2736 1122 2808 multorum
1153 2734 1375 2803 deorum
1409 2744 1648 2784 errarent
1699 2730 2015 2793 aversaturi,
2069 2735 2126 2781 ut
2178 2744 2297 2783 sese

748 2828 814 2883 ad
850 2828 1222 2881 universorum
1251 2823 1532 2876 Dominum
1556 2829 1965 2887 converterent;
1990 2820 2296 2874 necessario

749 2918 990 2988 praecipit
1014 2918 1114 2980 eis,
1149 2916 1239 2985 qui
1278 2929 1459 2968 rerum
1486 2912 1725 2966 omnium
1755 2912 1999 2980 Opiﬁcem
2028 2911 2294 2976 noverint,

747 3021 808 3064 ut
835 3009 1109 3064 immissos
1144 3021 1174 3059 a
1213 3005 1464 3077 gentibus
1495 3005 1550 3056 in
1594 3002 1908 3056 inﬁdelitate
1949 3016 2300 3070 perseveran-

747 3103 895 3176 tibus
929 3111 1183 3162 terrores,
1234 3112 1529 3165 eorumque
1574 3097 1747 3168 minas
1776 3111 1885 3147 non
1924 3093 2294 3148 reformident.

748 3188 901 3248 Licet
928 3191 1071 3246 enim
1105 3189 1313 3244 inﬁnita
1343 3194 1530 3241 contra
1564 3201 1660 3241 vos
1702 3187 2032 3251 moliantur;
2070 3194 2122 3237 at
2165 3186 2299 3239 nihil

2398 2080 2498 2144 τὸς
2528 2076 2674 2141 εἷπε,
2699 2078 2796 2130 καὶ
2829 2072 3217 2144 ἐγενήθησαν
3261 2070 3445 2138 αὐτὸς
3475 2069 3825 2136 ἐνετείλατο,
3855 2068 3960 2122 καὶ

2398 2169 2780 2236 ἐκτίσθησαν.
3308 2237 3313 2242 ι
3785 2205 3788 2210 ,

2468 2262 2680 2327 Κύριος
2704 2257 3064 2320 διασκεδάζει
3098 2257 3331 2322 ,βουλὰς
3379 2254 3597 2319 ἐθνῶν,
3667 2249 3864 2306 ἀθετεῖ
3888 2247 3962 2305 δά

2400 2351 2725 2421 λογισμοὺς
2770 2351 2954 2414 λαῶν,
3021 2351 3117 2404 καὶ
3185 2348 3381 2402 ἀθετεῖ
3440 2343 3673 2410 βουλὰς
3737 2341 3957 2410 ἀρχόν-

2399 2461 2535 2497 των.
2581 2445 2728 2496 Ἐπεὶ
2782 2442 3023 2512 συνεώρα
3072 2441 3134 2493 τὸ
3191 2437 3528 2510 προφητικὸν,
3575 2433 3788 2502 πνεῦμα
3829 2430 3958 2501 μέλ-

2384 2534 2586 2596 -λοντας
2615 2532 2931 2600 ἐξάπτεσθαι
2991 2531 3258 2600 διωγμοὺς
3307 2527 3444 2581 κατὰ
3474 2525 3580 2578 τῶν
3612 2522 3958 2594 ἀναχωρούν-

2399 2643 2506 2678 των
2536 2625 2631 2696 μὲν
2650 2627 2747 2695 τῆς
2773 2623 3038 2696 προτέρας
3059 2620 3470 2690 δεισιδαιμονίας
3497 2617 3592 2670 καὶ
3615 2619 3956 2685 ἀποστρεφο-

2405 2712 2578 2781 μένων
2599 2713 2695 2782 τὴν
2739 2710 2992 2764 πολύθεον
3042 2708 3267 2779 πλάνην,
3300 2707 3390 2760 ἐπὶ
3444 2707 3500 2762 δέ
3540 2707 3627 2760 τὸν
3677 2703 3956 2758 τῶνὸλων

2400 2804 2601 2874 Κύριον
2629 2803 3076 2872 ἐπιστρεφόντων,
3124 2799 3430 2869 ἀναγκαίως
3473 2797 3582 2851 τῶν
3623 2801 3679 2850 ἐν
3728 2796 3958 2868 ἀπιστίᾳ

2405 2895 2696 2966 μεινάντων
2732 2893 2896 2959 ἐθνῶν
2956 2895 3079 2956 τοὺς
3108 2893 3300 2962 φόϐους
3331 2893 3423 2944 καὶ
3473 2889 3571 2953 τὰς
3618 2887 3844 2952 ἀπειλὰς
3878 2886 3956 2959 μὴ

2401 2987 2623 3049 δεδιέναι
2655 2983 3075 3056 παρακελεύεται
3108 2985 3218 3047 τοῖς
3251 2983 3358 3036 τῶν
3413 2981 3547 3042 ὅλων
3578 2979 3801 3051 ποιητὴν
3827 2981 3956 3034 ἐπε-

2402 3077 2683 3147 γνωκόσιν.
2715 3076 2834 3130 Κᾶν
2865 3075 2971 3146 γὰρ
3006 3073 3173 3146 μυρία
3199 3072 3321 3126 καθ’
3356 3069 3956 3142 ὑμῶνέπιϐουλεύσωνρ

2402 3187 2507 3224 ται·
2537 3169 2648 3222 ἀλλ’
2679 3168 2849 3232 οὐδὲν,
2885 3167 3066 3237 φησὶν,
3099 3163 3370 3234 ίσχύσουσι
3397 3161 3514 3220 καθ’
3540 3159 3691 3231 ὑμῶν
3728 3161 3957 3231 ἐνεργῆ-

749 3277 808 3338 in
852 3282 1020 3336 vestri
1047 3280 1339 3349 perniciem
1365 3279 1585 3347 exsequi
1609 3278 1882 3331 valebunt.
1920 3277 2039 3347 ipse
2068 3277 2300 3347 namque
2341 3344 2367 3349 _
2406 3276 2448 3313 σέ

2257 3293 2300 3332 le
2406 3276 2515 3314 σαι.
2547 3259 2714 3321 Αὐτὸς
2747 3257 2865 3328 γὰρ¹
2886 3259 2927 3312 ὁ,
2958 3256 3174 3315 πάντων
3200 3251 3525 3324 δημιουργὸς
3554 3253 3646 3306 καὶ
3673 3240 3956 3320 Κύριοςνῷ

751 3353 996 3447 omnium
1028 3369 1207 3442 opifex
1247 3378 1300 3425 et
1347 3341 1627 3433 Dominus,
1662 3370 1728 3424 ad
1754 3385 1913 3439 quem
1944 3341 2296 3438 confugistis,
2328 3344 2370 3403 δ
2401 3370 2450 3421 πὶ

2258 3385 2296 3432 Β,
2328 3344 2370 3403 C
2401 3351 2789 3422 προσεφύγετε,
2844 3347 2943 3412 τὰς
2975 3347 3094 3400 καθ’
3122 3345 3270 3415 ὑμῶν
3317 3343 3602 3406 ἐπιϐουλὰς
3657 3341 3762 3404 τῶν
3790 3341 3957 3394 ἐθνῶν

750 3464 980 3520 insidias
1013 3479 1043 3517 a
1073 3463 1323 3533 gentibus
1351 3478 1414 3516 ac
1448 3462 1754 3517 inﬁdelibus
1787 3463 1999 3532 populis
2025 3463 2178 3518 vobis
2208 3479 2301 3533 pa-

749 3562 917 3628 ratas,
971 3561 1026 3609 et
1077 3553 1432 3622 cogitationes
1481 3567 1669 3606 eorum
1714 3552 1869 3606 vobis
1917 3552 2173 3608 adversas
2221 3553 2301 3607 vel

749 3655 887 3701 nutu
940 3645 1057 3700 solo
1112 3642 1432 3723 dissipabit:
1483 3650 1537 3696 et
1591 3641 1891 3711 siquando
1940 3644 2207 3712 principes
2239 3657 2301 3697 ac

749 3754 904 3810 reges
957 3737 1113 3793 vobis
1168 3729 1541 3800 succenseant,
1595 3743 1648 3789 at
1697 3735 1744 3788 is
1783 3735 2009 3789 consilia
2059 3734 2300 3803 ipsorum

751 3830 906 3902 irrita
953 3827 1134 3891 faciet,
1169 3828 1454 3899 solumque
1483 3826 1601 3896 ejus
1637 3825 1920 3880 consilium
1953 3825 2007 3878 in
2041 3821 2300 3880 aeternum

750 3921 1009 3991 manebit.
1039 3919 1326 3988 Enimvero
1354 3919 1706 3988 cogitationes
1747 3918 2022 3987 sapientia:
2050 3920 2167 3988 ejus
2193 3931 2326 3972 non‘

751 4011 977 4086 perinde
1014 4019 1176 4080 atque
1203 4004 1558 4086 cogitatiOnes
1586 4010 1863 4064 hominum
1910 4010 2074 4064 irrita:
2101 4018 2260 4064 erunt
2284 4029 2299 4064 :

751 4101 846 4156 sed
869 4100 1075 4170 judicia
1104 4100 1222 4168 ejus
1255 4107 1570 4170 permanent
1599 4100 1656 4154 iu
1689 4100 2087 4170 generationem
2131 4107 2184 4155 et
2210 4116 2307 4170 ge-

752 4194 1106 4263 nerationem.
1139 4191 1506 4262 Cogitationes
1537 4192 1734 4262 quippe
1766 4207 1894 4246 suas
1933 4199 2175 4248 reservat
2208 4193 2304 4247 ho-

751 4285 990 4341 minibus
1017 4268 1319 4359 sedign‘is;
1349 4293 1401 4338 et
1428 4284 1554 4353 quia
1585 4283 1641 4337 in
1675 4284 1901 4353 singulis
1941 4285 2303 4354 generationi-

751 4378 856 4433 bus
911 4386 964 4453 et
1017 4377 1300 4429 hominum
1355 4373 1836 4437 successionibus,
1891 4375 2106 4443 quidam
2154 4375 2302 4445 digni

752 4468 1141 4537 reperiuntur,
1204 4467 1326 4536 jure
1373 4482 1436 4520 ac
1488 4468 1680 4538 merito
1743 4469 1946 4522 eisetm
2019 4468 2300 4535 cogitatio-

753 4574 849 4614 nes
903 4574 1127 4613 servans
1187 4574 1346 4623 suas,
1405 4559 1555 4630 ipsas
1616 4559 1676 4630 in
1748 4551 2126 4629 generationes
2180 4574 2299 4612 om-

754 4662 853 4701 nes
884 4646 1153 4712 producit.
1187 4647 1252 4701 Et
1306 4647 1420 4702 haec
1442 4638 1581 4712 sane
1641 4648 1769 4718 olim
1829 4649 2136 4719 prophetice
2164 4665 2301 4718 prae-

755 4738 899 4793 dicta
950 4742 1103 4802 sunt,
1138 4737 1378 4808 ipsisque
1405 4773 1409 4778 «
1434 4739 1595 4793 rebus
1643 4740 1807 4810 gestis
1848 4731 1980 4813 nos
2009 4741 2296 4810 verborum

754 4837 1007 4882 eventum
1035 4829 1366 4897 excepimus.
1399 4831 1612 4896 Quanta
1639 4831 1780 4885 enim
1813 4831 2071 4886 adversus
2112 4832 2300 4900 Eccle-

756 4920 891 4974 siam
942 4920 1061 4990 ejus
1110 4921 1406 4976 machinati
1465 4923 1610 4986 sint,
1663 4923 1851 4992 quales
1897 4925 2330 4993 persecutiones]

756 5011 1127 5077 excitaverint,
1165 5012 1469 5082 eujusmodi
1490 5013 1715 5067 consilia
1738 5023 1924 5068 contra
1956 5028 2055 5069 nos
2083 5017 2302 5070 inierint
2328 5025 2330 5027 '

757 5101 1026 5186 principes
1059 5104 1221 5172 hujus
1252 5104 1456 5167 saeculi,
1507 5119 1605 5173 pro
1638 5105 1714 5158 rei
1762 5107 2020 5174 gravitate
2061 5109 2301 5161 enarrari

757 5192 982 5260 nequit:
1015 5209 1189 5262 neque
1217 5196 1485 5249 recenseri
1518 5209 1625 5263 quo
1667 5205 1824 5263 pacto
1857 5195 1968 5250 haec
1998 5200 2176 5251 omnia
2209 5214 2302 5266 per
2329 5219 2332 5224 λ

756 5281 1013 5336 virtutem
1045 5281 1138 5336 Dei
1170 5284 1431 5353 dissipata
1469 5285 1667 5339 fuerint
1693 5303 1705 5350 ;
1734 5301 1907 5353 neque
1933 5296 2089 5342 astate
2115 5299 2301 5343 nostra

757 5374 1118 5437 solummodo,
1156 5375 1246 5428 sed
1278 5363 1374 5442 per
1418 5378 1658 5445 singulas
1687 5378 2059 5452 generationes
2103 5395 2130 5432 a
2164 5386 2334 5434 tem-‘

756 5478 884 5531 pore
907 5465 1075 5518 divini
1106 5465 1399 5519 Salvatoris
1429 5469 1600 5520 nostri
1626 5468 1889 5522 adventus
1930 5471 2147 5539 impleta
2168 5474 2296 5526 sint.

825 5553 988 5611 Vnus.
1026 5555 1093 5609 12
1122 5556 1258 5610 ο15.
1325 5554 1489 5609 Beata
1551 5575 1671 5628 gens
1719 5559 1866 5628 cujus
1921 5571 1996 5613 est
2046 5563 2299 5617 Dominus

762 5644 896 5709 Deus
954 5647 1086 5715 eius,
1152 5647 1371 5716 populus
1422 5665 1569 5719 quem
1627 5652 1780 5722 elegit
1840 5655 1893 5705 in
1940 5653 2298 5712 hwreditalem

756 5734 876 5786 sibi.
912 5735 1049 5790 Olim
1081 5730 1300 5807 quidem
1327 5754 1453 5809 pars
1503 5749 1661 5812 atque
1691 5744 1975 5799 hazreditas
2017 5746 2133 5815 ejus
2183 5757 2300 5802 erat

758 5825 918 5879 Israel
955 5843 966 5877 :
1017 5843 1199 5882 verum
1229 5831 1355 5901 quia
1385 5831 1438 5884 id
1479 5832 1565 5888 ille
1597 5837 1951 5904 contempsit,
2001 5838 2065 5890 ad
2114 5846 2297 5906 gentes

753 5917 925 6005 gratia
963 5922 1276 5975 transmissa
1323 5930 1425 5987 est.
1459 5922 1534 5992 De
1585 5926 1708 5980 cmlo
1756 5928 1977 5996 respexit
2020 5927 2295 5999 Dominus,

2403 3442 2630 3497 καὶτῶν
2681 3441 2920 3498 ἀπίστων
2953 3438 3114 3506 λαῶν,
3161 3438 3282 3499 τοὺς
3321 3435 3443 3489 καθ’
3473 3433 3623 3504 ὑμῶν
3667 3432 3958 3503 λογισμοὺς

2400 3534 2479 3586 ἐνὶ
2511 3531 2734 3604 νεύματι
2762 3528 3114 3592 διασκεδάσει.
3148 3529 3210 3580 Εί
3262 3525 3318 3579 δὲ
3373 3527 3464 3580 καὶ
3516 3523 3771 3596 ἄρχοντές
3827 3537 3958 3575 ποτε

2400 3623 2494 3677 καὶ
2527 3620 3034 3694 βασιλεῖς-μέλλοιεν
3082 3619 3199 3672 καθ’
3234 3615 3385 3688 ὑμῶν
3433 3613 3778 3682 ἐξάπτεσθαι,
3823 3611 3959 3668 ἀλλὰ

2399 3716 2491 3770 καὶ
2519 3714 2717 3772 τούτων
2749 3711 2997 3786 άθετήσει
3021 3709 3227 3780 βουλάς·
3263 3709 3521 3780 κρατήσει
3553 3707 3607 3760 δὲ
3633 3706 3765 3777 μόνη
3800 3707 3833 3776 ή
3860 3705 3959 3757 αὐ-

2398 3806 2490 3858 τοῦ
2522 3805 2682 3875 βουλὴ
2705 3806 2782 3866 εἱς
2825 3803 2914 3855 τὸν
2946 3802 3134 3867 αἰῶνα.
3195 3797 3350 3864 ’ᾼλλὰ
3401 3797 3495 3849 καὶ
3539 3797 3639 3865 τῆς
3689 3795 3875 3862 σοφίας
3907 3794 3958 3847 οι

2399 3894 2646 3966 λογισμοὶ
2668 3891 2956 3961 αὑτοῦούχ
2990 3891 3187 3960 ὁμοίως
3239 3892 3350 3951 τοῖς
3400 3889 3675 3966 λογισμοῖς
3724 3884 3830 3937 τῶν
3863 3885 3958 3937 άν-

2401 3988 3024 4062 θρὼπωνάθετήσονται·
3051 3982 3421 4054 παραμένουσι
3447 3982 3500 4033 δὲ
3522 3978 3713 4032 ἑαυτοῦ
3747 3979 3956 4048 κρίσεις

2401 4087 2480 4148 είς
2509 4082 2700 4151 γενεὰν
2730 4081 2824 4134 καὶ
2857 4079 3064 4148 γενεάν.
3090 4076 3347 4130 Φυλάττει
3371 4075 3478 4146 γὰρ
3510 4074 3634 4135 τοὺς
3658 4071 3821 4124 αὐτοῦ
3871 4071 3957 4128 ito—

2399 4176 2629 4246 γισμοὺς
2655 4175 2766 4236 τοῖς
2791 4171 2981 4231 ἐαυτοῦ
3007 4168 3193 4234 ἀξίοις·
3231 4170 3322 4222 καὶ
3349 4165 3639 4236 ἐπειδήπερ
3682 4163 3799 4232 καθ’
3826 4164 3954 4218 ἐκά-

2402 4285 2530 4338 σττην
2552 4265 2741 4344 γενεὰν
2766 4265 2859 4318 καὶ
2882 4263 3125 4334 διαδοχὴν
3147 4261 3240 4315 ἀνθ
3250 4259 3442 4332 ρώπων
3465 4256 3798 4344 εὑρίσκονταί
3814 4250 3960 4323 τινες¹

2399 4343 2561 4426 ἄξιοι,
2595 4359 2817 4421 εἰκότως
2864 4355 3070 4419 τούτοις
3118 4355 3299 4415 αὐτοῖς
3341 4343 3605 4420 διατηρῶν
3639 4350 3761 4411 τοὺς
3790 4345 3964 4414 αὐτοῦ,

2399 4449 2707 4520 λογισμοὺς,
2736 4446 3017 4515 είςγενεὰν
3032 4444 3125 4498 καὶ
3150 4441 3339 4511 γενεὰν
3371 4441 3566 4508 αρτοὺς
3591 4438 3950 4508 παρεκτείνει.

2399 4541 2508 4593 Καὶ
2532 4538 2699 4592 ταῦτα
2728 4539 2822 4608 μὲν
2855 4535 3018 4589 πάλαι
3043 4531 3359 4605 προελέγετο
3387 4528 3752 4603 προφητικῶς·
3778 4527 3955 4597 ἔργοις

2399 4634 2456 4687 δὲ
2487 4633 2667 4694 αὐτοῖς
2695 4629 2791 4700 τὴν
2823 4627 3041 4691 ἔκϐασιν
3069 4625 3175 4679 τῶν
3203 4626 3376 4694 λόγων
3419 4626 3577 4695 ἡμεῖς
3612 4619 3953 4692 παρειλήφα-

2404 4742 2520 4796 μεν.
2556 4725 2691 4778 Ὅσα
2725 4710 2831 4792 γάρ
2865 4720 3270 4791 ἐμηχανήσαντο
3307 4717 3446 4771 κατὰ
3495 4718 3593 4785 τῆς
3633 4709 3954 4779 Ἐκκλησίας

2399 4817 2583 4881 αὐτοῦ,
2617 4815 2710 4869 καὶ
2737 4812 2949 4874 ὁποίους
2979 4811 3095 4864 καθ’
3129 4810 3286 4881 ήμῶν
3329 4809 3626 4877 ἐπήγειραν
3661 4801 3951 4870 διωγμοὺς,

2398 4911 2584 4974 ὁποίας
2607 4926 2664 4961 τε
2699 4906 2890 4976 βουλὰς
2916 4904 3294 4958 ἐϐουλεύσαντο
3352 4903 3406 4953 oi.-
3454 4900 3710 4969 ἄρχοντες
3740 4893 3830 4947 τοῦ
3877 4896 3956 4946 αι-

2398 5004 2532 5065 ῶνος
2551 5001 2735 5055 τούτου
2761 4996 2880 5050 καθ’
2909 4995 3080 5065 ήμῶν.
3109 4995 3207 5047 οὐκ
3258 4992 3400 5044 ἐστιν
3434 4987 3665 5052 ἐπαξίως
3695 4987 3952 5056 διηγήσα-

2401 5096 2542 5147 σθαι*
2583 5092 2672 5145 καὶ
2697 5091 2771 5151 ὡς
2804 5087 2974 5140 ταῦτα
3004 5086 3178 5161 πάντα
3214 5083 3346 5136 θεοῦ
3388 5082 3610 5150 δυνάμει
3656 5077 3954 5131 διεσκεδάν-

2399 5202 2571 5238 νυντο·
2607 5183 2698 5236 καὶ
2723 5182 2797 5243 ὡς
2817 5182 2915 5233 οὐκ
2956 5181 3037 5246 ἐφ’
3070 5175 3222 5248 ήμῶν
3260 5175 3460 5245 μόνον,
3489 5172 3621 5225 ἀλλὰ
3674 5171 3791 5225 καθ’
3821 5170 3950 5223 ἐκά-

2402 5293 2531 5344 στην
2555 5273 2743 5342 γενεὰν
2769 5272 2944 5343 ἔργοις
2967 5268 3137 5321 ταῦτα
3163 5266 3458 5337 ἐπληροῦτο
3492 5265 3596 5316 ἀπὸ
3616 5265 3720 5316 τῶν
3751 5263 3953 5335 χρόνων

2398 5369 2495 5437 τῆς
2520 5366 2614 5419 τοῦ
2642 5365 2886 5435 Σωτῆρος
2914 5359 3225 5427 θεοφανείας
3255 5357 3550 5426 ἀρξάμενα.

2469 5564 2771 5634 Μακάριόν
2797 5560 2861 5615 τὸ
2896 5561 3066 5623 ἔθνος
3099 5553 3188 5613 οὗ
3221 5558 3390 5611 ἐστιν
3416 5559 3448 5610 ό
3501 5541 3710 5623 Κύριος
3734 5558 3766 5607 ὁ
3812 5552 3954 5617 Θεὸς

2400 5657 2612 5719 αὐτοῦ,
2669 5653 2818 5718 λαός
2887 5651 2957 5704 ὃν
3023 5647 3338 5714 ἐξελέξατο
3396 5648 3481 5712 εις
3553 5642 3955 5711 κληρονομίαν

2399 5744 2604 5811 ἐαυτῷ.
2645 5744 2815 5797 Πάλαι
2841 5742 2937 5812 μὲν
2968 5740 3075 5812 γὰρ
3104 5737 3172 5810 ἦν
3209 5737 3421 5810 Ἰσραὴλ
3472 5739 3628 5812 μερὶς
3683 5735 3774 5788 καὶ
3828 5731 3956 5802 κλη-

2402 5836 2624 5906 ρονομία
2652 5832 2832 5886 αὐτοῦ·
2885 5831 2996 5884 ἀλλ’
3029 5833 3148 5883 ἐπεὶ⁸
3199 5830 3427 5899 ήθέτησε
3485 5825 3873 5897 μεταϐέϐληται
3918 5823 3952 5892 ἸΙ

2397 5927 2556 5999 χάρις
2587 5926 2677 5980 ἐπὶ
2701 5923 2765 5978 τὰ
2795 5923 2938 5993 ἔθνη.
2985 5923 3084 5988 Ἐξ
3125 5922 3380 5992 οὐρανοῦ
3416 5920 3744 5986 ἐπέϐλεψεν
3777 5921 3806 5970 ό
3838 5916 3953 5969 Kuh
