4302 6394
294 461 399 518 293
1404 460 1902 518 COMMENTARIA
1935 460 1999 516 IN
2039 462 2375 521 PSALMOS.
3413 470 3516 527 29‘
3531 508 3543 527 .

294 600 400 635 νειν
441 582 556 634 κατ’
594 581 767 633 ἐκεῖνο
786 578 979 651 καιροῦ
1008 580 1195 649 φῆσαι.
1219 579 1477 648 Είσῆλθε
1508 579 1635 651 γὰρ,
1670 581 1852 650 φησιν,
1880 593 1915 651 Α

1924 637 1928 649 ,
1957 582 2023 635 de
2062 585 2331 661 principis
2354 582 2691 655 sacerdotum
2715 584 2847 639 nece
2885 583 3140 659 narravit.
3164 581 3229 637 Et
3256 583 3371 641 haec
3396 589 3516 658 qui-

294 674 470 727 Δαυῒδ
500 676 593 739 εὶς
618 673 725 726 τὸν
757 669 922 726 οἷκον
951 673 1056 726 τοῦ
1097 672 1242 726 Θεοῦ
1292 672 1393 725 ἐπὶ
1454 671 1711 740 Ἀϐιάθαρ
1746 672 1853 727 τοῦ

1959 673 2081 726 dem
2112 674 2269 728 nobis
2299 673 2365 728 de
2391 675 2584 743 psalmi
2615 674 2775 728 titulo
2818 675 2961 729 dicta
2994 676 3125 730 sint.

293 766 626 836 ἀρχιερέως.
664 768 773 820 Καὶ
812 766 1057 835 φαίνεται
1086 770 1117 837 ἡ
1149 766 1255 820 τῶν
1282 765 1531 839 ἱστοριῶν
1567 767 1770 838 γραφὴ,
1827 767 1918 820 τὸν
1970 760 2255 839 Ἀχιμέλεχ
2288 762 2384 831 καὶι
2414 770 2538 833 τοὺς
2578 770 2740 839 ἱερεῖς
2771 746 2864 822 τοῦ
2895 768 3025 823 Θεοῦ
3074 770 3383 843 ἀνῃρῆσθαι
3414 773 3517 843 φή-

295 875 436 912 σασα
466 859 570 912 ὑπὸ
600 859 695 912 τοῦ
762 858 952 923 Σαοὺλ,
1015 860 1275 930 ἀρχιερέα
1311 859 1652 933 ἀνῃρημένον
1684 862 1782 931 οὐχ
1841 863 2186 933 ίστορήσασα.
2223 862 2409 916 Ταῦτα
2468 863 2564 933 μὲν
2614 859 2705 917 οὖν
2737 867 2866 935 ἡμῖν
2910 865 2987 927 είς
3035 842 3133 935 τήν
3159 864 3251 919 τοῦ
3300 842 3515 935 ψαλμοῦ
3589 858 3593 863 ”

293 956 613 1028 προγραφὴν
645 955 897 1027 είρήσοω.

358 1049 689 1118 Εὐλογήσω
741 1048 848 1102 τὸν
907 1050 1125 1118 Κύριον
1170 1051 1238 1104 ἐν
1302 1051 1479 1105 παντὶ
1518 1050 1720 1119 καιρῷ,
1766 1049 1863 1103 διὰ

292 1140 517 1206 παντὸς
545 1143 583 1209 ἠ
608 1141 839 1206 αἵνεσις
887 1143 1071 1196 αὑτοῦ
1098 1138 1167 1194 ἐν
1186 1141 1265 1207 τῷ
1308 1143 1558 1211 στόματί
1584 1160 1721 1211 μου.
1757 1144 1863 1196 Εὐ-

291 1229 562 1301 χαριστῶν
588 1232 616 1282 ὁ
647 1230 808 1284 Δαυῖδ
842 1234 925 1301 ea?
966 1227 1046 1296 οἷς
1072 1231 1274 1303 ἠξιώθη
1326 1233 1529 1304 τροφῆς
1559 1222 1861 1303 ἱερατικῆς,

291 1323 407 1377 Οὐκ
438 1324 527 1377 ἐπὶ
557 1323 650 1376 τοῦ
707 1323 990 1396 παρόντος,
1050 1328 1201 1396 φησὶ,
1244 1326 1422 1397 μόνον,
1472 1326 1606 1381 ἀλλά
1657 1328 1751 1380 καὶ
1778 1326 1864 1380 διὰ

291 1413 472 1484 πάσης
502 1413 601 1483 τῆς
625 1415 768 1485 ζωῆς
793 1414 1020 1484 χάριτας
1048 1414 1323 1484 ὁμολογῶν
1370 1415 1464 1477 καὶ
1502 1415 1737 1484 εὐλογῶν
1765 1416 1861 1469 αὐ·-

289 1500 380 1554 τδν
412 1501 721 1555 διατελέσω·
757 1502 877 1563 οὐδὲ
909 1501 1364 1574 ἀπολειφθήσεται
1389 1521 1519 1557 ποτε
1569 1504 1630 1558 τὸ
1687 1506 1860 1575 στόμα

292 1610 394 1665 μου
446 1597 547 1667 τῆς
575 1598 654 1658 εἰς
682 1594 842 1648 αὐτὸν
875 1594 1150 1658 αἰνέσεως.
1195 1596 1337 1647 Ἀντί
1387 1594 1495 1665 γὰρ
1541 1594 1727 1658 θυσίας
1767 1596 1859 1647 καὶ

289 1683 752 1756 ὁλοκαυτωμάτων
784 1684 1150 1754 πεπαίδευμαι
1170 1686 1268 1753 τὴν
1295 1685 1381 1738 διὰ
1415 1684 1633 1755 χειλέων
1664 1685 1859 1757 προσά-

289 1791 406 1844 γειν
432 1774 581 1846 αὐτῷ
613 1774 820 1829 Θυσίαν.

2026 1044 2188 1099 Vens.
2221 1044 2274 1098 2.
2318 1044 2628 1100 Benedicam
2661 1047 2943 1103 Dominum
2995 1050 3049 1103 in
3075 1052 3217 1105 omni
3265 1062 3509 1124 tempore,

1958 1152 2160 1207 semper
2213 1137 2328 1191 laus
2380 1137 2494 1208 ejus
2532 1141 2586 1192 in
2626 1156 2715 1193 ore
2766 1157 2901 1195 meo.
2942 1130 3158 1197 Gratias
3207 1145 3316 1214 agit
3346 1144 3513 1202 David

1958 1214 2103 1297 quod
2134 1227 2457 1283 sacerdotali
2500 1230 2622 1284 cibo
2665 1230 2919 1300 dignatus
2948 1230 3056 1285 sit:
3082 1231 3190 1286 Nec
3228 1225 3402 1288 solum
3455 1237 3509 1290 in

1958 1319 2237 1391 praesenti,
2260 1320 2355 1384 ait,
2384 1320 2477 1375 scd
2500 1335 2595 1391 per
2623 1327 2793 1395 totum
2815 1322 2939 1376 vita:
2962 1323 3289 1378 curriculum
3313 1327 3515 1396 gratias

1960 1410 2251 1466 conﬁtendi
2278 1426 2341 1463 ac
2366 1412 2719 1466 benedicendi
2746 1412 2905 1467 linem
2933 1409 3041 1467 non
3070 1412 3266 1467 faciam
3298 1434 3311 1468 :
3341 1431 3563 1485 neque,

1958 1518 2037 1561 os,
2068 1518 2248 1557 meum
2300 1502 2459 1557 laude
2492 1503 2611 1572 ejus
2671 1519 2904 1579 vacuum
2956 1502 3191 1576 unquam
3224 1508 3345 1561 erit.
3380 1507 3514 1562 Nam

1955 1593 2236 1648 institutus
2258 1594 2327 1646 ita
2360 1593 2457 1655 fui,
2482 1583 2542 1647 ut
2569 1595 2959 1649 sacriﬁciorum
2995 1607 3047 1651 et
3076 1597 3514 1654 holocaustorum

1954 1684 2093 1751 vice,
2122 1685 2283 1741 labiis
2313 1685 2416 1756 ipsi
2447 1685 2679 1743 hostiam
2712 1688 2956 1745 offeram.

371 1862 586 1935 Ἐπειδὴ
615 1863 723 1936 γὰρ
754 1864 1007 1934 φεύγοντι
1041 1881 1131 1935 μοι
1158 1864 1327 1927 οὐδεὶς
1358 1862 1546 1935 βοηθὸς
1576 1865 1852 1933 πάρεστιν,
1886 1887 1915 1941 Ε

1924 1896 1929 1935 ι
2027 1858 2471 1933 Quandoquidem
2523 1860 2747 1930 fugienti
2796 1848 2927 1916 mihi
2985 1864 3167 1920 nullus
3221 1868 3512 1938 opitulator

288 1954 408 2009 οὐδέ
432 1972 518 2018 τις
543 1955 830 2027 καταφυγὴ
849 1995 865 2021 ,
899 1956 1019 2010 οὐδὲ
1045 1956 1342 2025 ἁσφάλειαδ
1373 1957 1530 2027 μόνον
1560 1957 1617 2010 δὲ
1636 1957 1725 2011 τὸν
1747 1956 1858 2009 Κύ-

292 2062 405 2117 ριον
434 2047 801 2118 φυλακτήριον
827 2048 1104 2118 ἐπάγομαι
1134 2049 1230 2119 τῆς
1263 2046 1498 2119 ἐμαυτοῦ
1531 2047 1727 2119 ψυχῆς,
1763 2046 1858 2101 καὶ

289 2138 375 2190 ἐπ’
408 2135 575 2207 αὐτῷ,
617 2136 729 2194 ἀλλ’
765 2136 865 2190 οὐκ
894 2139 986 2191 ἐπὶ
1011 2141 1129 2200 ταῖς
1174 2139 1331 2209 ἐμαῖς
1360 2137 1793 2208 δικαιοπραγίαις
1822 2137 1855 2207 ή

287 2229 429 2299 ψυχή
454 2227 781 2300 μουθαρῥεῖ·
823 2228 1181 2291 είκότως,ὲπὶ
1223 2228 1302 2294 τῷ
1317 2229 1509 2296 Κυρίῳ
1558 2226 1854 2296 καυχήσε-

287 2337 383 2374 ται
399 2322 435 2389 ἠ
459 2319 629 2391 ψυχή
644 2337 762 2389 μου
782 2335 796 2350 °
822 2319 1255 2373 ἀκουσάτωσαν
1272 2318 1477 2387 πραεῖς
1499 2319 1594 2373 καὶ
1613 2321 1859 2387 εὐφραν-
1912 2382 1915 2383 ν

288 2414 586 2483 θήτωσαν.
658 2414 789 2485 Ἑμέ
834 2414 891 2466 δὲ
932 2412 1185 2475 λαϐόντες
1223 2412 1523 2483 ὑπόδειγμα
1567 2413 1762 2483 πάντες
1807 2412 1857 2464 οἱ

290 2508 453 2577 πρᾶοι
492 2506 584 2560 καὶ
615 2505 859 2559 ταπεινοὶ
892 2503 985 2558 καὶ
1011 2505 1269 2566 ἐπιεικεῖς
1288 2502 1376 2557 διὰ
1395 2504 1491 2575 τὴν
1514 2505 1593 2567 είς
1616 2503 1705 2557 τὸν
1726 2503 1856 2556 Θεὸν

289 2597 572 2654 εὐλάϐειαν
592 2640 607 2664 ,
636 2597 1011 2669 θαρῥείτωσαν
1030 2596 1123 2648 καὶ
1150 2594 1572 2666 πληρούσθωσαν
1597 2592 1859 2665 εὐφροσύ-

288 2705 385 2759 νης
406 2726 421 2751 ,
454 2688 523 2741 τὰ
562 2687 653 2740 ι’σα
686 2704 774 2759 μοι
807 2686 1309 2759 προσδοκήσαντες,
1355 2686 1447 2738 καὶ
1474 2685 1633 2738 αὑτὸν
1668 2683 1857 2738 ἐλπίδα

289 2780 377 2833 τὸν
402 2778 603 2851 Κύριον
619 2778 853 2849 Θέμενοι.
897 2778 1047 2843 Ἐπεὶ
1064 2778 1119 2830 δέ
1142 2778 1234 2830 καὶ
1258 2778 1355 2847 τὴν
1378 2775 1645 2847 ῥομφαίαν
1664 2773 1854 2828 Γολιάθ

288 2870 382 2924 τοῦ
404 2869 697 2939 ἀλλοφύλου
716 2866 959 2945 παράτῷ
988 2868 1272 2939 Ἀὁιμέλεχ
1287 2862 1464 2921 λαϐὼν
1486 2865 1651 2937 ἀπῄει
1671 2883 1683 2895 ·
1718 2863 1854 2917 Ἀλλ’

288 2965 393 3018 οὐδ’
419 2964 714 3036 ἐπὶτούτῳ,
737 2962 889 3035 φησὶ,
921 2963 1293 3033 καυχήσομαι,
1308 2960 1425 3014 ἀλλ’
1445 2961 1536 3013 ἐπὶ
1548 2959 1626 3030 τῷ
1646 2960 1853 3030 Κυρίῳ,

288 3057 355 3110 δι’
388 3056 446 3110 ὃν
475 3056 681 3127 ταύτην
708 3055 1023 3127 ἐκτησάμην
1052 3045 1150 3125 τὴν
1191 3051 1463 3123 ῥομφαίαν
1482 3067 1495 3081 ·
1526 3051 1601 3122 ὡς
1636 3050 1730 3120 καὶ
1765 3049 1855 3104 τὸν

278 3152 442 3227 ,ἱερέα
464 3153 636 3206 εἰπεῖν
656 3150 804 3223 αὐτῷ
825 3168 838 3181 ο
872 3149 1016 3205 Ἰδοὺ
1041 3149 1078 3218 ἡ
1100 3148 1367 3218 ῥομφαία
1386 3145 1610 3201 Γολιὰθ
1633 3144 1739 3199 τοῦ
1762 3148 1858 3198 Φι-

1960 1948 2133 2011 adest,
2168 1947 2379 2001 nullum
2409 1947 2685 2018 effugium,
2725 1944 2989 2025 securitas
3024 1952 3512 2025 nulla;solumque

1958 2034 2246 2091 Dominum
2270 2036 2463 2091 animae
2497 2053 2627 2091 meae
2656 2038 2964 2108 praesidium
2991 2042 3197 2110 paravi,
3223 2051 3381 2112 atque
3410 2045 3514 2114 ipsi

1960 2128 2083 2195 soli,
2113 2143 2223 2183 non
2267 2135 2414 2183 recte
2450 2127 2608 2183 factis
2642 2132 2814 2195 meis,
2857 2131 3081 2205 conlidit
3127 2134 3306 2188 anima
3358 2130 3512 2203 mea;

1953 2217 2077 2288 jure
2116 2233 2275 2274 sane.
2310 2219 2367 2272 in
2404 2219 2636 2273 Domino
2683 2206 2985 2274 laudabitur
3024 2222 3201 2276 anima
3234 2239 3384 2279 mea:
3415 2242 3513 2279 au-

1957 2308 2106 2364 diant
2129 2312 2388 2392 mansueti
2418 2322 2468 2365 et
2498 2311 2757 2368 (tutentur.
2782 2312 2973 2383 Meque
3000 2312 3055 2367 in
3079 2316 3382 2387 exemplum
3410 2318 3515 2373 sibi

1957 2399 2323 2471 proponentes
2366 2404 2634 2458 mansueti
2677 2418 2885 2468 omnes,
2922 2405 3153 2462 humiles
3181 2421 3245 2461 ac
3286 2409 3516 2465 mOdesti

1952 2493 2095 2572 viri,
2135 2494 2204 2549 ob
2250 2494 2503 2564 pietatem
2552 2510 2680 2567 erga
2720 2495 2888 2552 Deum
2920 2496 3117 2565 suam,
3160 2499 3434 2555 conﬁdant
3462 2508 3516 2558 et

1958 2584 2157 2654 gaudio
2202 2588 2586 2651 cumulentur,
2634 2589 2788 2656 paria
2840 2605 3053 2646 mecum
3114 2585 3511 2663 expectantes,

1958 2674 2247 2747 ipsumque
2301 2675 2591 2730 Dominum
2649 2679 2753 2732 sibi
2816 2679 2868 2734 in
2912 2690 3081 2751 ‘Spem
3129 2691 3511 2751 proponentes.

1958 2754 2226 2829 Quoniam
2275 2778 2404 2829 vero
2447 2771 2734 2834 postquam
2778 2766 3016 2835 gladium
3060 2770 3371 2841 alienigenae
3407 2771 3514 2826 Coo

1956 2852 2089 2907 liath
2133 2853 2201 2907 ab
2228 2853 2579 2932 Abimeleclio
2636 2866 2950 2925 acceperat,
2994 2858 3248 2915 discessit
3286 2856 3542 2932 :neque‘

1957 2943 2013 3011 in
2036 2933 2360 3014 hoc,inquit,
2383 2927 2675 3013 gloriabor,
2697 2945 2791 3001 sed
2818 2947 2873 3000 in
2891 2945 3135 3013 Domino,
3160 2949 3315 3019 cujus
3348 2927 3513 3008 behe-

1955 3033 2082 3109 ﬁcio
2120 3035 2267 3091 hunc
2316 3037 2553 3106 gladium
2596 3042 2795 3097 nactus,
2841 3054 3002 3103 sum;
3040 3038 3110 3093 ita
3160 3045 3220 3095 ut
3266 3042 3350 3098 vel
3398 3045 3513 3114 ipse

1924 3108 2215 3183 risacerdos
2264 3129 2345 3183 sic
2390 3144 2511 3183 eum
2547 3130 2936 3199 compellaret:
2989 3130 3123 3186 Ecce
3162 3132 3372 3201 gladius
3412 3108 3515 3190 ἀοι
3584 3204 3589 3211 ,

289 3214 564 3299 λίσταίου
587 3285 602 3312 ,
642 3242 714 3298 ὃν
738 3214 1039 3308 enatam
1267 3236 1501 3293 κοιλάδι
1539 3236 1687 3304 Ἦλᾷ
1710 3277 1725 3302 ,
1757 3237 1861 3291 καί·
1883 3240 1915 3303 c

1924 3243 1929 3300 ς
1960 3216 2431 3283 ίίιειΙιῬΙιὶίίειΙιωὶ,
2458 3223 2958 3290 quem,percussisti
2981 3214 3035 3277 in
3064 3227 3199 3281 valle
3218 3225 3341 3291 Ela,
3374 3230 3517 3283 inuoé

288 3336 440 3404 αὐτὴ
463 3318 856 3405 mapr
884 3331 1107 3402 ίματίῳ.
1141 3333 1210 3386 Et
1233 3330 1460 3395 ταύτην
1483 3326 1679 3397 λήψῃ,
1709 3343 1856 3409 qau-

290 3427 369 3492 τῷ
387 3425 532 3480 λάϐε
550 3465 565 3490 ,
595 3425 684 3478 ὅτι
709 3427 822 3479 οὐκ
849 3424 1019 3478 ἐστιν
1036 3421 1207 3490 ἑτέρα
1233 3419 1420 3489 παρὲξ
1445 3417 1653 3487 αὐτῆς.
1696 3416 1874 3471 Ὥστε¹

290 3515 490 3571 τούτων
518 3516 824 3570 ἀκούσαντα
848 3513 939 3567 τὸν
969 3511 1132 3583 Δαυῒδ
1161 3513 1365 3565 εἰπεῖν’
1408 3498 1525 3564 ἺἘν
1550 3509 1630 3588 τῷ
1659 3509 1857 3576 Κυρίῳ

288 3607 741 3677 ἐπαινεθήσεται
769 3609 809 3677 ἡ
843 3604 1013 3675 ψυχή
1030 3620 1169 3675 μου.
1203 3602 1460 3672 Μεγάλην
1487 3600 1641 3667 δόξαν
1664 3600 1854 3671 ἔφερεν

268 3699 464 3773 ,ἐκεῖνο
488 3703 549 3756 τὸ
574 3701 702 3775 δόρυ
720 3700 800 3773 τῷ
818 3698 978 3753 Δαυῖδ
995 3738 1011 3765 ,
1042 3697 1309 3769 παιδαρίῳ
1339 3697 1435 3767 μὲν
1458 3694 1568 3747 ὃντι
1589 3708 1619 3760 ,‘
1637 3694 1731 3773 καὶ
1758 3710 1856 3763 μη-

289 3796 347 3851 δὲ
377 3796 562 3869 φέρειν
605 3795 747 3850 ὅπλα
774 3791 1039 3865 πολεμικά
1069 3784 1410 3859 ἐπισταμένῳ
1430 3828 1445 3853 ,
1476 3785 1656 3839 πίστει
1700 3784 1757 3837 δὲ
1784 3785 1850 3854 τῇ

290 3890 371 3954 είς
398 3889 528 3945 Θεὸν
562 3886 1058 3956 καταγωνισαμένῳ
1083 3883 1173 3936 τὸν
1210 3878 1399 3933 Γολιάθ
1425 3919 1440 3943 ,
1473 3877 1548 3940 ὡς
1578 3876 1664 3929 διὰ
1696 3874 1853 3928 τοῦτο

289 3981 410 4035 ἀντὶ
450 3980 793 4052 ἀναθήματος
829 3978 927 4050 τὴν
955 3973 1225 4048 ῥομφαίαν
1267 3966 1432 4044 μόνην
1474 3967 1689 4037 ἐκείνην
1719 3967 1851 4019 ἀνα-

291 4056 501 4127 κεῖσθαι
528 4072 585 4125 ἐν
608 4070 687 4145 τῷ
718 4068 849 4142 ἱερῷ
868 4084 883 4099 υ
933 4066 962 4120 δ
986 4066 1049 4138 δὴ
1081 4066 1176 4119 καὶ
1207 4062 1585 4133 ἐπεσημήνατο
1612 4060 1791 4130 φήσας
1824 4058 1854 4110 ὁ

294 4161 499 4229 ἱερεύςο
532 4160 641 4215 Καὶ
678 4162 789 4214 οὐκ
820 4161 990 4213 ἐστιν
1017 4156 1195 4225 ἄλλη.
1258 4154 1393 4209 Οὐδὲ
1415 4153 1522 4225 γὰρ
1549 4152 1675 4222 ἐξῆν
1703 4152 1759 4204 ἐν
1784 4152 1851 4222 τῇ

293 4253 463 4325 σκηνῇ
512 4248 606 4304 τοῦ
650 4248 785 4303 Θεοῦ
818 4248 958 4302 ὅπλα
988 4245 1257 4318 πολεμικά
1294 4243 1642 4299 ἀποτίθεσθαι
1665 4260 1679 4272 ο
1720 4240 1853 4313 μόνη

289 4344 351 4399 δὲ·
372 4342 552 4415 ἐκείνη
583 4343 662 4406 εἰς
697 4336 1048 4412 μνήμηνναοῦ
1089 4336 1252 4391 Δαυτδ
1278 4337 1377 4408 τῆς
1406 4334 1547 4391 κατά
1573 4334 1668 4388 τοῦ
1696 4334 1853 4387 ἀλλο-

292 4436 455 4508 φύλου
489 4434 643 4503 νίκης
669 4432 914 4486 ἀνέκειτο
932 4468 947 4494 ,
978 4429 1181 4483 ὡσανεὶ
1201 4429 1610 4501 εὐχαριστήριον
1635 4427 1855 4480 ἀποκει-

294 4529 428 4613 μένη
454 4527 533 4603 τῷ
554 4526 653 4598 τὴν
678 4525 832 4596 νίκην
856 4521 1005 4600 αὐτῷ
1032 4518 1391 4611 δεδωρημένιρ
1419 4518 1497 4591 τῷ
1523 4518 1659 4589 Θεῷ.

1963 3311 2103 3365 lutus
2136 3320 2289 3366 ueste.
2320 3309 2380 3365 Si
2408 3311 2542 3365 hunc
2569 3313 2643 3365 vis
2676 3312 2877 3377 tollere,
2911 3314 3034 3369 tolle
3062 3316 3175 3383 tibi,
3202 3319 3325 3387 quia
3339 3320 3515 3376 nullus

1962 3402 2099 3455 alius
2123 3400 2205 3453 hic
2229 3408 2307 3454 est
2334 3408 2525 3465 pra’ter
2540 3401 2709 3468 ipsum
2733 3402 2797 3455 ".
2830 3400 2925 3457 His
2950 3402 3134 3472 itaque
3158 3407 3381 3471 auditis,
3412 3407 3518 3461 Da-

1958 3491 2049 3546 vid
2079 3493 2184 3546 ait:
2212 3492 2278 3545 In
2311 3490 2534 3546 Domino
2562 3491 2867 3544 laudabitur
2898 3493 3078 3560 anima
3110 3512 3243 3550 mea.
3270 3480 3516 3567 Magnam

1959 3590 2108 3638 certe
2140 3581 2329 3637 Davidi
2375 3583 2600 3652 gloriam
2631 3582 2855 3652 parabat
2904 3580 2995 3639 ille
3035 3584 3291 3659 gladius;
3309 3590 3512 3659 quippe

1958 3673 2056 3743 qui
2093 3673 2355 3743 puerulus
2384 3687 2508 3727 cum
2544 3679 2711 3736 esset,
2756 3673 3185 3745 bellicorumque
3236 3692 3515 3734 armorum

1943 3755 2265 3835 imperitus,
2303 3763 2406 3817 ﬁde
2444 3763 2499 3816 in
2532 3761 2703 3821 Deum
2749 3762 2993 3841 munitus
3032 3751 3244 3821 Golith
3279 3767 3512 3833 devicit;

1957 3859 2035 3910 ita
2056 3863 2115 3910 ut
2137 3872 2202 3911 ea
2227 3852 2294 3910 de
2324 3869 2491 3911 causa
2525 3854 2738 3909 donarii
2762 3840 2883 3911 loco
2911 3840 3063 3913 solus
3090 3858 3181 3913 ille
3210 3859 3419 3929 gladius
3457 3857 3515 3914 in

1959 3962 2117 4004 sacro
2156 3943 2437 4017 repositus
2478 3954 2670 4011 esset:
2716 3947 2862 4019 quod
2906 3949 3085 4019 ipsum
3134 3949 3387 4018 sacerdos
3430 3950 3517 4005 his

1916 4078 1919 4079 ν
1956 4039 2140 4095 verbis
2170 4038 2448 4103 indicavit,
2482 4026 2534 4091 et
2567 4039 2744 4095 nullus
2770 4032 2921 4096 alius
2948 4044 3046 4097 est.
3075 4035 3258 4111 Neque
3289 4043 3433 4096 enim
3460 4042 3515 4114 in

1958 4132 2310 4188 tabernaculo
2340 4122 2434 4187 Dei
2470 4128 2667 4188 lieebat
2698 4146 2849 4188 arma
2875 4134 3069 4189 bellica
3101 4132 3384 4202 deponere.
3417 4132 3517 4189 Hic

1959 4236 2141 4281 autem
2176 4226 2328 4281 solus
2365 4224 2423 4279 in
2459 4227 2777 4281 memoriam
2820 4232 3104 4295 reportatae
3133 4239 3161 4276 a
3204 4220 3403 4279 Davide
3447 4224 3516 4279 de

1960 4310 2265 4388 alienigena
2295 4318 2538 4395 victoriae
2572 4319 2844 4387 repositus
2876 4323 3013 4379 erat,
3044 4316 3201 4385 quasi
3239 4314 3292 4368 in
3313 4317 3517 4385 gratia-

1960 4426 2082 4466 rum
2116 4411 2383 4477 actionem
2418 4400 2529 4464 Deo
2551 4403 2649 4479 "qui
2674 4408 2954 4463 victoriam
2982 4408 3083 4478 ipsi
3111 4404 3351 4465 dederat.

1431 4556 1856 4678 ἷιξίῖἐρώσω,
1888 4597 1933 4653 ι)
2030 4570 2197 4643 Vens.
2228 4583 2283 4642 5.
2312 4585 2651 4655 Magniﬁcate
2680 4582 2964 4637 Dominum
2995 4597 3211 4648 mecum,
3238 4590 3287 4635 et
3320 4580 3518 4635 exalte-

250 4620 261 4629 “
341 4610 741 4697 ,Μεταλύνατε
766 4615 873 4670 τὸν
894 4615 1113 4682 Κύριον
1141 4614 1263 4668 σὺν
1284 4612 1411 4682 ἐμοὶ
1431 4652 1447 4676 ,
1477 4610 1575 4665 καὶ
1602 4613 1640 4664 ὑ

286 4731 401 4788 μεν
427 4712 495 4767 τὸ
526 4706 712 4780 ὄνομα
738 4708 923 4763 αὐτοῦ
954 4706 1053 4760 ἐπὶ
1076 4705 1143 4760 τὸ
1166 4701 1330 4759 αὑτό.
1370 4705 1432 4779 Οἱ
1460 4705 1569 4776 γὰρ
1598 4703 1662 4756 δι’
1683 4702 1857 4774 ἔργων

292 4794 385 4869 καὶ
418 4802 655 4877 βίουίτοῦ
693 4803 811 4856 κατ’
845 4798 1041 4873 ἀρετὴν
1080 4797 1176 4870 τὴν
1209 4799 1266 4851 ἐν
1292 4799 1522 4861 νέαυτοτς
1554 4796 1736 4850 εἰκόνα
1762 4794 1855 4848 τοῦ

292 4884 424 4950 Θεόῦ
451 4893 797 4967 κοσμοῦντες,
828 4891 989 4967 αὑτὸν
1015 4888 1292 4956 δοξάζουσι
1316 4889 1408 4943 καὶ
1436 4888 1677 4960 ὑψοῦσιν.
1704 4880 1861 4964 Ἐξε-

294 4987 516 5055 ζήτησα
543 4988 648 5042 τὸν
670 4987 886 5055 Κύριον
915 4983 1014 5038 καὶ
1038 4980 1343 5051 ἐπήκουσέ
1577 4978 1729 5033 Ἐπεὶ
1756 4976 1854 5049 τῷ,

298 5079 618 5148 ἐιἕεζήετκησα
638 5122 655 5147 ,
686 5079 746 5133 τὸ
763 5119 778 5145 ,
818 5074 1123 5143 ἐπήκουσέ
1146 5092 1264 5143 μου
1283 5111 1299 5137 ,
1325 5070 1679 5143 ἀνταπεδόθη.

358 5250 546 5320 Οὗτος
576 5250 1216 5323 ὁπτωχὸςκέκέκραεε,
1253 5249 1350 5304 καί
1380 5250 1413 5302 ό
1449 5233 1663 5317 Κύριος
1686 5244 1853 5311 εισή-

296 5358 521 5402 κουσεν
542 5345 729 5399 αὐτοῦ
744 5384 758 5409 ,
786 5346 882 5398 καὶ
905 5344 972 5398 ἐκ
994 5342 1205 5398 πασῶν
1225 5342 1341 5397 τῶν
1365 5341 1628 5408 θλίψεων
1672 5336 1857 5393 αὑτοῦ

299 5438 528 5493 ἔσωσεν
546 5436 749 5489 αὐτόν.
781 5431 947 5488 Πάλιν
967 5436 1155 5489 ἐαυτὸν
1172 5474 1187 5496 ,
1201 5434 1277 5498 ὡς
1295 5432 1388 5487 καὶ
1408 5432 1466 5483 ἐν
1486 5432 1595 5492 τοῖς
1617 5428 1858 5502 ἐμπροσ-

300 5530 388 5583 θεν
412 5570 426 5595 ,
468 5524 826 5596 ὑπογραμμὸν
864 5526 1091 5601 παρέχει
1125 5526 1222 5596 τῆς
1260 5523 1459 5593 ἐτέρων
1494 5518 1854 5581 διδασκαλίας.

300 5620 517 5691 Πτωχὺν
543 5618 651 5690 γὰρ
678 5615 868 5670 ἑαυτὸν
900 5615 1067 5668 εἰπὼν
1103 5614 1190 5669 διὰ
1216 5615 1314 5685 τὴν
1338 5614 1439 5684 τῆς
1467 5611 1643 5682 ψυχῆς
1664 5607 1857 5663 ἐαυτοῦ

299 5712 617 5765 ταπείνωσιν
632 5709 726 5762 καὶ
747 5723 845 5779 μετ
853 5703 1100 5780 ριοσύνην
1118 5746 1132 5773 ,
1149 5704 1223 5770 ὡς
1244 5706 1369 5776 περὶ
1386 5702 1471 5757 ἐτέ
1479 5720 1571 5775 ρου
1592 5701 1719 5773 περὶ
1736 5700 1861 5754 ἐαυ-

380 5896 419 5926 ¹⁸
459 5891 474 5946 l
509 5892 641 5964 Reg.
678 5906 804 5957 ua,
840 5888 927 5944 9.~

1964 4700 2079 4738 mus
2100 4696 2284 4736 nomen
2317 4678 2432 4748 ejus
2464 4678 2518 4731 in
2561 4676 2812 4745 idipsum.
2854 4674 2989 4730 Nam
3019 4676 3111 4745 qui
3162 4672 3421 4745 operibus
3452 4688 3517 4728 ac

1964 4778 2072 4833 vita
2101 4788 2222 4828 cum
2258 4771 2453 4826 virtute
2496 4780 2618 4823 acta
2648 4764 2940 4840 imaginem
2976 4758 3088 4823 ’Dei
3115 4767 3169 4822 in
3200 4782 3258 4823 se
3282 4767 3513 4837 positam

1963 4874 2248 4929 exornant,
2270 4864 2310 4918 ii
2337 4877 2469 4919 sane
2498 4861 2674 4933 ipsum
2703 4860 2875 4932 gloria
2918 4842 3156 4916 alliciunt
3173 4867 3227 4913 et
3254 4856 3512 4913 exaltant.

1966 4959 2238 5032 Exquisiui
2270 4935 2547 5009 Der-minam
2571 4963 2619 5009 et
2651 4952 2918 5008 exaudivit
2950 4968 3049 5007 me.
3082 4948 3353 5019 Siquidem
3388 4947 3515 5001 huic

1962 5051 2118 5115 voci,
2155 5044 2447 5118 exquisivi,
2510 5045 2603 5099 illa
2660 5044 2903 5099 vicissim
2953 5041 3194 5105 additur,
3249 5037 3516 5091 exaudivit

1965 5161 2061 5198 me.

2039 5230 2200 5287 Vens.
2240 5229 2356 5283 6-8.
2410 5228 2519 5284 Iste
2564 5242 2762 5295 pauper
2819 5222 3097 5286 ctamarit,
3151 5227 3202 5273 et
3260 5219 3516 5273 Dominus

1958 5322 2218 5382 exaudivit
2267 5338 2407 5385 eum,
2453 5316 2604 5374 etde
2644 5314 2883 5370 omnibus
2936 5309 3361 5389 tribulationibus
3401 5311 3516 5378 ejus

1960 5415 2181 5471 saluauit
2210 5428 2346 5466 eum.
2380 5410 2477 5465 Hic
2511 5423 2753 5470 rursum,
2794 5406 2872 5459 uti
2905 5402 3175 5471 superius,
3207 5401 3514 5469 exemplum

1961 5506 2263 5576 disciplina:
2290 5520 2412 5560 sese
2438 5502 2560 5572 aliis
2589 5498 2850 5570 perbibet.
2873 5493 3007 5548 Cum
3038 5506 3097 5546 se
3126 5507 3359 5562 namque
3385 5507 3516 5561 pau-

1961 5610 2144 5670 perem
2191 5596 2264 5652 ob
2306 5597 2500 5651 animae
2538 5608 2651 5649 suae
2696 5586 3050 5660 humilitatem
3099 5597 3163 5638 ac
3194 5583 3514 5639 modestiam

1962 5691 2226 5757 declarat,
2262 5687 2332 5747 de
2367 5688 2564 5761 -seipso
2604 5682 2762 5755 quasi
2801 5680 2866 5736 de
2894 5677 2998 5732 alio
3028 5676 3168 5732 hanc
3210 5675 3516 5732 doctrinam
