4302 6414
730 464 843 526 21ῐὸ

1403 464 1675 525 EUSEBiI
1707 460 2189 552 CIESARIENSIS
2226 464 2375 523 OPP.
2418 464 2600 521 PARS
2637 463 2723 541 ili.
2764 483 2835 507 '—
2869 460 3281 523 EXECETICA.

3900 473 4007 529 E96

732 588 940 648 tradit:
982 586 1091 642 Iste
1110 601 1310 657 pauper
1346 578 1618 652 clam’avit,
1655 596 1705 642 et
1745 586 2005 641 Dominus
2042 584 2315 641 exaudivit

2356 592 2387 650 Α
2415 584 2509 639 τοῦ
2546 582 2787 638 διδάσκει
2813 582 2985 653 λέγων
3005 601 3018 614 ’
3049 580 3239 650 Οὗτος
3265 587 3297 638 ὁ
3325 586 3561 655 πτωχὸς
3595 564 3881 658 ἐκέκραξα
3906 593 4004 646 καὶ

690 699 871 739 eum.
906 682 973 736 At
1003 696 1091 745 ne,
1130 680 1338 752 inquit,
1388 681 1775 746 arbitremini,
1817 696 1903 735 me
1948 678 2171 750 quidem
2218 678 2313 749 qui

728 790 829 853 pro
859 789 983 845 rege
1027 789 1090 829 ac
1123 775 1369 831 universi
1425 775 1607 845 populi
1650 774 1897 845 principe
1939 772 2181 837 habeor,
2217 769 2314 826 sed

720 870 911 925 animo
940 853 1013 924 ob
1077 868 1172 924 Dei
1228 877 1433 925 metum
1485 884 1693 939 pauper
1736 883 1897 931 sum,
1949 865 2128 922 solum
2183 865 2312 923 talia

723 970 1113 1029 consecutum;
1139 962 1421 1017 enimvero
1444 962 1614 1032 probe
1637 968 1977 1031 compertum
2000 969 2105 1021 est,
2132 959 2310 1029 ipsum

726 1054 1015 1112 Dominum
1051 1056 1143 1126 qui
1192 1070 1438 1125 prmsens
1496 1054 1755 1107 erunibus
1800 1060 1906 1116 est,
1953 1051 2163 1106 similes
2200 1050 2308 1105 mei

723 1163 1025 1221 pauperes.
1058 1147 1314 1203 videlicet
1348 1146 1602 1200 timentes
1650 1144 1845 1211 Deum,
1896 1143 2305 1199 exauditurum.

724 1238 947 1297 Gustate
1003 1250 1053 1295 et
1104 1238 1273 1294 ridete
1331 1238 1582 1309 quoniam
1634 1238 1813 1291 suavis
1873 1245 1952 1290 est
2006 1220 2305 1288 Dominus:

723 1335 906 1391 beatus
942 1334 1019 1387 vir
1051 1332 1142 1405 qui
1173 1341 1349 1401 sperat
1394 1333 1448 1384 in
1478 1332 1563 1385 eo.”
1599 1329 1865 1400 Quisquis
1893 1328 1963 1383 ob
2008 1327 2305 1399 perfectam

721 1430 778 1483 et
806 1425 1205 1481 indeﬂcientem
1238 1425 1293 1479 in
1346 1423 1517 1478 Deum
1553 1439 1701 1493 spem
1733 1423 1815 1477 vir
1835 1421 2304 1490 exsistit,-beatus

719 1526 827 1576 est.
862 1517 1048 1591 Neque
1091 1517 1190 1572 abs
1229 1530 1290 1572 re
1332 1516 1543 1585 Aquilae
1575 1513 2013 1584 interpretationi
2060 1528 2303 1583 praesens

718 1611 925 1668 dictum
960 1610 1086 1683 quis
1132 1608 1422 1681 aptaverit.
1459 1606 1712 1683 ln_titulo
1743 1607 1945 1677 quippe
1996 1604 2301 1661 secundum

715 1674 1209 1774 Aquilam.dictut—n
1259 1707 1386 1755 est:
1454 1674 1686 1763 Dariidis,
1746 1674 1959 1770 quando
2001 1698 2304 1751 immutavit

715 1807 927 1870 gustum
958 1810 1114 1851 suum
1160 1802 1282 1847 ante
1325 1791 1516 1863 faciem
1575 1789 1895 1846 Abimelech.
1945 1788 2086 1857 Quia
2138 1790 2303 1860 igitur

716 1887 854 1958 ipse,
890 1902 1012 1941 cum
1061 1898 1231 1956 panes
1280 1881 1673 1953 propositionis
1714 1876 2066 1944 comedisset,
2104 1878 2302 1933 immu-

2416 680 2451 731 ό
2486 678 2702 744 Κύριος
2729 676 3099 743 είσήκουσεν
3128 676 3337 732 αὐτοῦ.
3385 678 3543 733 Ἀλλά
3579 682 3652 751 μὴ
3682 681 3802 753 ἐμὲ,
3844 684 3999 755 φησι,

2418 768 2575 840 μόνον
2596 769 2953 841 τετυχηκέναι
2975 769 3340 841 νομίζετε,τδν
3360 772 3716 843 νομιζόμενον
3740 774 3841 846 μὲν
3864 771 4000 831 εἶναι

2384 870 2387 877 ‘
2414 858 2637 931 βασιλέα
2667 860 2763 914 καὶ
2791 860 3028 933 ἄρχοντα
3053 859 3147 913 τοῦ
3182 860 3385 925 παντὸς
3415 860 3633 929 ἔθνους,
3660 866 3728 935 τῇ
3761 864 3820 919 δὲ
3851 866 3999 939 ψυχῇ

2412 950 2759 1021 πτωχεύοντα
2795 950 2881 1005 διὰ
2908 950 2999 1004 τὸν
3020 950 3114 1004 τοῦ
3150 950 3286 1005 Θεοῦ
3325 952 3518 1022 φόϐον
3553 955 3795 1027 ἀκριϐῶς
3825 956 3883 1011 δὲ
3913 975 3999 1027 γι-

2409 1040 2679 1098 νώσκεται
2701 1083 2715 1105 ,
2741 1045 2823 1097 ὅτι
2850 1045 2879 1097 ὁ
2913 1043 3076 1107 αὐτὸς
3098 1042 3302 1115 Κύριος
3327 1046 3421 1099 καὶ
3450 1043 3641 1120 παρὼν
3665 1049 3773 1104 τῶν
3794 1051 4000 1121 ὁμοίως

2409 1136 2532 1207 ἐμοὶ
2558 1135 2790 1208 πτωχῶν
2813 1178 2828 1203 ,
2863 1136 3007 1206 λέγω
3033 1136 3090 1190 δὲ
3114 1137 3224 1191 τῶν
3251 1138 3598 1209 φοϐουμένων
3625 1136 3811 1205 αὐτὸν,
3845 1143 3997 1197 είσα-

2408 1227 2677 1283 κούσεται.
2707 1228 3027 1282 Γεύσασθε
3050 1228 3151 1284 καὶ
3194 1227 3349 1283 ῑδετε
3398 1229 3487 1284 ὅτι
3516 1231 3784 1300 χρηστὸς·
3813 1236 3847 1288 ό
3882 1235 3999 1288 Κύ-

2381 1310 2549 1389 ριος·
2577 1319 2870 1391 μακάριος
2892 1321 3049 1390 ἀνὴρ
3068 1321 3137 1388 ὃς
3155 1321 3378 1383 ἐλπίζει
3401 1323 3497 1403 ἐπί
3513 1324 3719 1378 αὐτόν’
3755 1325 3811 1379 '0
3823 1325 3914 1381 διὰ
3934 1324 4001 1383 τὸ

2404 1415 2623 1480 τελείως
2645 1416 2738 1469 καὶ
2765 1414 3064 1477 ἀνελλιπῶς
3094 1413 3335 1480 ἐλπίζειν
3364 1418 3456 1471 ἐπὶ
3488 1416 3620 1473 Θεὸν
3653 1418 3795 1490 ἀνὴρ
3818 1420 3999 1493 ὑπάρ-

2405 1528 2515 1581 χων
2549 1510 2819 1583 μακάριός
2850 1511 3017 1564 ἐστιν.
3066 1509 3180 1563 Οὐκ
3208 1510 3512 1574 ἀπεικότως
3539 1510 3603 1565 ἄν
3633 1528 3717 1575 τις
3746 1513 3995 1585 ἐφαρμό-

2406 1619 2548 1656 σειεν
2570 1606 2637 1674 τῇ
2662 1602 2804 1657 κατὰ
2829 1603 2921 1656 τὸν
2956 1602 3187 1657 Ἀκύλαν
3213 1603 3481 1675 ἑρμηνείᾳ
3502 1603 3598 1675 τὴν
3625 1606 3995 1677 προκειμένην

2404 1695 2575 1763 λέξιν·
2598 1696 2827 1768 ἐπείπερ
2852 1697 2910 1750 ὲν
2935 1698 3001 1767 τῇ
3026 1698 3317 1767 προγραφῇ
3340 1696 3482 1749 κατά
3504 1694 3593 1749 τὸν
3625 1695 3855 1751 Ἀκύλαν
3877 1686 3995 1751 ἑλέ-

2402 1805 2529 1856 γετο
2543 1804 2556 1818 ·
2596 1787 2708 1843 Τοῦ
2727 1787 2929 1851 Δαυῒδ,
2954 1787 3052 1842 ὅτε
3073 1788 3377 1857 ὴλλοίωσε
3397 1788 3461 1842 τὸ
3486 1788 3676 1861 γεῦμα
3693 1788 3885 1844 αὐτοῦ
3906 1792 3995 1860 είς

2403 1882 2729 1951 πρόσωπον
2770 1879 3096 1949 Ἀϐιμέλεχ.
3134 1880 3287 1933 Ἐπεὶ
3318 1882 3497 1936 τοίνυν
3529 1883 3711 1950 αὐτὸς,
3744 1882 3855 1937 τῶν
3886 1873 3991 1957 dp;

716 1953 851 2033 tavit
891 1953 1113 2049 gustum
1165 1990 1349 2040 suum,
1385 1990 1448 2029 ac
1498 1990 1563 2031 ex
1614 1980 1779 2043 gustu
1810 1972 2006 2027 deinde
2059 1970 2301 2026 divinam

2356 1953 2375 2008 δ
2405 1992 2512 2028 των
2543 1975 2641 2046 τῆς
2668 1972 2982 2045 προθέσεως
3023 1970 3342 2044 μεταλαϐὼν
3360 2015 3378 2043 ,
3428 1976 3693 2045 ὴλλοίωσε
3719 1977 3781 2032 τὸ
3808 1953 3994 2052 γεῦμα

716 2072 1127 2130 sibi‘virtutem
1178 2068 1435 2122 collatam
1481 2065 1653 2122 fuisse
1681 2066 1890 2133 sensit;
1941 2064 2170 2128 idcirco,
2215 2079 2302 2120 se-

713 2163 956 2222 cundum
987 2160 1139 2226 illud,
1166 2160 1373 2231 Absque
1400 2159 1525 2217 dolo
1564 2161 1761 2230 accepi,
1787 2160 1900 2215 sine
1932 2158 2131 2213 invidia
2155 2172 2301 2213 com-

714 2242 1027 2324 munico“,
1077 2253 1148 2309 ad
1196 2253 1541 2309 consimilem
1605 2261 1827 2324 gustum
1883 2244 2300 2324 percipiendum

713 2351 854 2406 alios
898 2348 1160 2405 festinare
1198 2338 1545 2412 cohortatur,
1579 2357 1744 2418 atque
1794 2345 2013 2417 precari
2042 2352 2102 2401 ut
2156 2360 2299 2417 pane

710 2443 837 2501 vitae
883 2443 1140 2497 alantur:
1205 2440 1367 2512 cujus
1408 2439 1731 2513 symbolum
1784 2453 1849 2495 ac
1915 2424 2095 2511 imago
2138 2446 2298 2493 erant

713 2552 885 2609 panes
917 2537 994 2592 illi
1025 2534 1422 2607 propositionis
1474 2549 1572 2605 per
1620 2530 1825 2605 Moysis
1854 2532 2026 2605 legem
2079 2533 2293 2588 statuti.

715 2629 896 2697 Quare
927 2628 1099 2683 David
1149 2642 1275 2682 cum
1317 2625 1649 2697 intelligeret
1702 2623 1863 2696 cujus
1920 2625 2101 2697 imago
2148 2632 2297 2681 esset

714 2722 874 2793 panis
907 2719 997 2773 ille
1046 2716 1461 2789 propositiOnis,
1495 2730 1605 2770 non
1630 2714 1698 2770 ad
1740 2729 2065 2791 corporeum
2098 2728 2293 2785 panem

711 2820 774 2868 ut
812 2810 1175 2878 accedamus;
1208 2807 1305 2865 sed
1353 2808 1420 2863 ad
1461 2823 1657 2879 panem
1710 2807 1804 2878 qui
1848 2821 2115 2877 corporeo
2163 2806 2293 2862 sub-

709 2904 1008 2970 iudica’tur,
1058 2917 1162 2959 nos
1219 2909 1505 2973 provocat.
1538 2899 1650 2955 Nos
1684 2900 1852 2971 igitur
1902 2900 1997 2971 qui
2029 2899 2293 2977 in‘terris

707 3000 1018 3063 versamur,
1054 2995 1214 3067 panis
1261 3004 1314 3049 ct
1345 2992 1511 3048 Verbi
1546 2993 1642 3064 qui
1671 2991 1741 3049 de
1794 2992 1937 3047 caelo
1984 2992 2290 3059 descendit,

682 3103 773 3144 -ιο
810 3088 1165 3157 semetipsum
1224 3083 1529 3141 exinanivit
1562 3092 1616 3137 et
1648 3081 1955 3153 depressit,
1996 3074 2292 3153 participes

684 3170 991 3235 'eiIicimur.
1034 3177 1139 3245 Qui
1177 3192 1308 3232 vero
1336 3183 1466 3231 sunt
1500 3176 1557 3229 in
1584 3189 1756 3245 regno
1806 3173 2101 3238 caelorum,
2130 3175 2292 3244 pleno

709 3270 807 3325 illo
834 3284 897 3325 ac
927 3269 1170 3341 perfecto
1192 3276 1443 3332 utuntur,
1473 3265 1592 3337 ejus
1630 3264 1920 3321 divinitate
1960 3265 2205 3332 enutriti,
2236 3272 2291 3321 et

708 3348 994 3433 sapientiae
1043 3360 1605 3431 contemplationibus
1651 3357 1917 3427 fruentes.
1950 3356 2079 3414 Haec
2124 3358 2289 3414 etiam

707 3468 814 3513 nos
859 3450 1155 3528 aliquando
1205 3452 1492 3511 obtinendi
1539 3466 1692 3523 spem
1754 3450 1960 3507 habere
2010 3451 2285 3516 convenit,

703 3550 1063 3624 quamobrem
1111 3547 1318 3605 dictum
1369 3553 1500 3603 est:
1565 3544 1758 3599 Beatus
1828 3544 1909 3600 uir
1970 3544 2062 3617 qui
2094 3534 2289 3615 sperat

704 3638 760 3702 Συ
789 3660 872 3699 eo.
2004 3626 2007 3627 ν

777 3735 945 3792 Vens.
982 3733 1039 3791 9.
1090 3731 1290 3788 Timete
1335 3730 1644 3797 Dominum,
1688 3747 1865 3788 omnes
1914 3733 2088 3788 sancti
2138 3730 2283 3804 ejus',

704 3830 957 3902 quoniam
990 3844 1095 3883 non
1121 3836 1199 3882 est
1226 3827 1406 3897 inopia
1437 3827 1744 3882 timentibus
1773 3825 2066 3904 eum.VHaec
2101 3815 2287 3883 omnia

706 3922 877 3983 ltaiid
923 3924 993 3976 ad
1043 3922 1275 3976 aliorum
1325 3920 1620 3976 utilitatem
1686 3921 2080 3994 sententiarum
2132 3935 2286 3977 more

686 4013 938 4087 profert,
974 4027 1210 4084 quorum
1248 4011 1420 4081 prior
1462 4011 1578 4083 ipse
1613 4012 1819 4082 potitus
1865 4020 2004 4079 erat,
2064 4008 2285 4083 quando

632 4154 638 4161 .
704 4106 1004 4179 exquisivit
1076 4103 1395 4169 Dominum,
1462 4112 1526 4159 ac
1571 4105 1868 4176 propitium
1928 4114 2125 4161 nactus
2177 4114 2281 4161 est.

700 4197 1173 4271 Praacipit‘itaque
1194 4237 1204 4245 .
1225 4194 1435 4253 sanctis
1469 4194 1586 4260 Dei,
1630 4204 1692 4251 ut
1739 4182 1988 4252 timorem
2020 4199 2141 4267 ejus
2173 4211 2286 4268 prm

700 4296 878 4352 oculis
907 4293 1145 4348 habeant
1179 4310 1191 4346 :
1232 4290 1301 4346 ab
1357 4290 1452 4346 illo
1480 4290 1686 4361 quippe
1720 4291 1913 4345 timore
1952 4289 2129 4344 sancti
2168 4288 2283 4344 eili-

700 4387 960 4454 ciuntur;
992 4385 1115 4442 ideo
1145 4383 1255 4438 alio
1284 4382 1341 4437 in
1372 4382 1584 4455 psalmo
1606 4380 1835 4447 dictum,
1861 4379 2043 4434 Timor
2067 4378 2284 4434 Domini

700 4492 885 4538 castus
924 4472 1326 4549 “,‘videlicet,
1380 4488 1564 4536 castos
1612 4476 1873 4534 etiiciens.
1937 4474 2283 4546 Quapropter

700 4574 887 4641 divina
920 4572 1009 4630 lex
1042 4573 1118 4629 ait
1144 4591 1171 4629 ει
1202 4572 1387 4635 Sancti
1419 4574 1587 4640 eritis,
1615 4571 1867 4643 quoniam
1896 4585 1987 4643 ego
2027 4567 2279 4622 Dominus

2404 2066 2570 2123 αὑτοῦ
2592 2107 2606 2133 ,
2641 2063 2742 2124 εἴτ’
2766 2067 2883 2121 ἀπὸ
2902 2066 3004 2137 τῆς
3028 2066 3271 2137 γεύσεως
3297 2066 3494 2139 ⁴ᾔσθετο
3519 2070 3801 2143 δυνάμεως
3839 2072 3994 2139 θείας

2401 2159 2802 2234 χορηγηθείσης
2826 2158 2977 2231 αὐτῷ
2995 2176 3008 2189 ο
3035 2159 3226 2215 τούτου
3254 2164 3414 2234 χάριν
3441 2162 3659 2217 κατὰτό
3679 2180 3693 2195 ο
3731 2165 3992 2234 Ἀδόλως

2399 2257 2641 2321 ἔλαϐον,
2669 2256 2943 2325 ἀφθόνως
2966 2255 3375 2329 μεταδίδομαι,
3409 2258 3719 2331 παρακαλεῖ
3749 2261 3845 2314 καὶ
3872 2260 3992 2314 ἐτέ-

2402 2364 2531 2419 ρους
2554 2347 2807 2402 σπεύδειν
2838 2348 2931 2401 ὲπὶ
2949 2349 3049 2421 τὴν
3076 2349 3269 2419 ὁμοίαν
3292 2348 3444 2421 αὐτῷ
3470 2348 3659 2419 γεῦσιν
3679 2390 3694 2415 ,
3726 2350 3990 2417 εὖξασθαί

2398 2456 2458 2492 τε
2487 2438 2870 2512 τραφῆναιτῷ
2895 2439 3045 2513 ἄρτῳ
3069 2441 3166 2513 τῆς
3193 2439 3342 2513 ζωῆς
3359 2459 3374 2473 ο
3404 2437 3465 2498 οὗ
3491 2440 3756 2513 σύμϐολον
3785 2443 3881 2497 καὶ
3909 2447 3988 2497 εἰ-

2398 2529 2509 2585 κὼν
2528 2532 2821 2603 ἐτύγχανον
2842 2534 2891 2587 οἱ
2915 2532 3002 2587 διὰ
3023 2534 3303 2599 Μωῦσέως
3323 2535 3649 2608 νενομοθετη
3657 2537 3807 2608 μένοι
3831 2537 3989 2611 ἄρτοι

2396 2626 2496 2698 τῆς
2526 2626 2855 2698 προθέσεως.
2891 2628 3091 2701 Διόπερ
3118 2630 3147 2681 ὁ
3172 2629 3336 2683 Δαυῒδ
3359 2669 3374 2694 ,
3405 2631 3609 2702 νοήσας
3640 2630 3785 2695 τίνος
3813 2626 3882 2703 ἦν
3910 2632 3987 2683 εί-

2346 2709 2351 2714 ’
2396 2719 2509 2774 κὼν
2545 2722 2573 2774 ὁ
2604 2721 2702 2793 τῆς
2733 2721 3043 2794 προθέσεως
3070 2724 3233 2795 ἄρτος
3252 2766 3266 2791 ,
3298 2726 3398 2779 οὐκ
3422 2724 3516 2777 ἐπὶ
3545 2724 3636 2778 τὸν
3671 2724 3985 2797 σωματικὸν

2397 2812 2647 2868 σπεύδειν
2681 2815 3000 2888 προτρέπει,
3032 2815 3146 2869 ἀλλ’
3170 2816 3262 2869 ἐπὶ
3285 2816 3376 2871 τὸν
3400 2817 3466 2871 δι’
3483 2815 3648 2871 αὑτοῦ
3672 2817 3979 2889 νοούμενον.

2407 2908 2595 2978 Ἡμεῖς
2622 2908 2720 2979 μὲν
2747 2905 2839 2963 οὖν
2870 2911 2918 2963 οί
2944 2910 3036 2963 ἐπὶ
3069 2911 3171 2983 γῆς
3203 2913 3266 2964 ὲκ
3294 2910 3386 2965 τοῦ
3412 2910 3642 2983 οὐρανοῦ
3672 2910 3984 2984 καταϐεϐη-

2394 2998 2550 3062 κότος
2596 2998 2690 3051 τοῦ
2736 3000 2900 3072 ἄρτου
2946 3001 3039 3053 καὶ
3083 2999 3178 3054 τοῦ
3215 3001 3390 3070 Λόγου
3427 3001 3763 3066 κενώσαντος
3790 3003 3983 3057 ἑαυτὸν

2386 3091 2489 3145 καὶ
2521 3092 2915 3165 σμικρύναντος
2943 3092 3459 3164 μεταλαμϐάνομεν·
3489 3096 3542 3147 οί
3571 3094 3627 3148 δὲ
3652 3097 3708 3148 ὲν
3731 3099 3795 3167 τῇ
3829 3096 3983 3167 βασι-

2384 3182 2512 3256 λείᾳ
2548 3184 2658 3237 τῶν
2689 3184 2932 3257 οὐρανῶν
2962 3186 3202 3258 πλήρους
3235 3186 3400 3241 αὐτοῦ
3435 3187 3529 3240 καὶ
3570 3188 3774 3242 τελείου
3812 3205 3979 3259 μετα-

2316 3302 2358 3361 C
2392 3275 2727 3348 λαμϐάνουσι
2751 3319 2766 3345 ,
2807 3279 3136 3351 τρεφόμενοι
3168 3278 3331 3334 αὐτοῦ
3363 3281 3428 3351 τῇ
3462 3280 3676 3352 θεύτητι
3698 3320 3713 3345 ,
3745 3283 3839 3335 καὶ
3870 3282 3980 3336 τῶν

2390 3369 2492 3440 τῆς
2522 3370 2714 3439 σοφίας
2744 3369 3117 3444 θεωρημάτων
3150 3372 3548 3439 ἀπολαύοντες,
3600 3366 3673 3429 ὧν
3707 3376 3799 3429 καὶ
3826 3378 3977 3448 ἡμᾶς

2388 3460 2565 3534 καιρῷ
2582 3478 2711 3516 ποτε
2728 3468 3012 3549 μετασχεῖν
3034 3463 3275 3530 ἐλπίζειν
3298 3467 3585 3549 προσήκει,
3604 3467 3684 3522 διὸ
3697 3466 3948 3524 λέλεκται
3963 3486 3976 3501 ’

2384 3551 2689 3647 ίίιακάριος
2718 3556 2876 3627 ἀνὴρ
2902 3556 2971 3625 ὃς
2992 3551 3216 3620 ἐλπίζει
3240 3558 3335 3613 ἐπ’
3359 3562 3566 3616 αὐτόν.

2384 3782 2387 3783 ν
2457 3735 2758 3806 Φοϐήθητε
2784 3736 2892 3791 τὸν
2917 3736 3173 3806 Κύριον,
3218 3735 3443 3805 πάντες
3484 3739 3540 3791 οἱ
3570 3736 3723 3807 ἅγιοι
3763 3737 3976 3808 αὑτοῦ,

2380 3828 2476 3885 ὅτι
2500 3833 2612 3886 οὐκ
2641 3830 2815 3884 ἔστιν
2839 3828 3150 3899 ὑστέρημα
3186 3828 3309 3894 τοῖς
3339 3829 3733 3898 φοϐουμένοις
3763 3833 3976 3889 αὐτόν.

2386 3924 2570 3977 Πάντα
2594 3922 2769 3977 ταῦτα
2796 3920 3091 3993 γνωμικῶς
3117 3922 3145 3974 ό
3172 3918 3332 3973 Δαυῒδ
3363 3922 3444 3985 είς
3472 3918 3571 3991 τὴν
3597 3921 3802 3993 ἑτέρων
3831 3922 3977 3992 ὠφέ-

2384 4016 2533 4072 λειαν
2566 4016 2921 4091 προφέρεται,
2958 4013 3116 4078 αὐτὸς
3145 4002 3408 4086 πρότερον
3434 4012 3748 4079 ἀπολαύσας
3770 4016 3971 4083 αὐτῶν,

2383 4111 2473 4164 ὅτε
2492 4151 2507 4177 ,
2548 4111 2855 4183 ἐκζητήσας
2882 4108 2972 4163 τὸν
3001 4106 3205 4180 Κύριον
3226 4145 3242 4172 ,
3281 4107 3519 4177 ἐπηκόου
3547 4107 3713 4162 αὐτοῦ
3738 4109 3971 4182 τετύχη-

2385 4218 2468 4255 κε.
2493 4202 2935 4272 Παρακελεύεται
2967 4201 3145 4255 τοίνυν
3178 4201 3270 4255 τὸν
3300 4200 3464 4270 φόϐον
3495 4199 3589 4254 τοῦ
3620 4201 3827 4273 Κυρίου
3863 4203 3971 4275 πρὸ

2383 4294 2675 4366 ὀφθαλμῶν
2698 4293 2940 4348 τίθεσθαι
2962 4295 3089 4357 τοὺς
3113 4294 3303 4364 ἁγίους
3328 4292 3491 4347 αὐτοῦ
3510 4311 3523 4323 ·
3548 4292 3653 4347 ὑπὸ
3674 4293 3782 4365 γὰρ
3805 4294 3969 4367 αἱ)τοῦ

2383 4386 2480 4441 τοῦ
2511 4388 2675 4457 φόϐου
2704 4387 2849 4456 ἆγιοι
2877 4387 3292 4442 ἀνατελοῦνται·
3325 4386 3404 4441 διὸ
3426 4387 3678 4441 λέλεκται
3705 4388 3763 4441 ὲν
3797 4387 3970 4461 ἑτέρῳ

2382 4479 2600 4553 ψαλμῷ·
2635 4481 2697 4534 '0
2716 4480 2898 4550 φόϐος
2915 4481 3138 4549 Κυρίου
3157 4481 3361 4552 ἁγνὸς,
3382 4482 3502 4535 ἀντὶ
3521 4480 3636 4545 τοῦ,
3660 4481 3966 4551 ἀγνοποιός.

2383 4574 2474 4627 Διὸ
2494 4574 2593 4653 ,καὶ
2616 4575 2644 4627 ὁ
2670 4572 2812 4636 θεῖος
2837 4572 3000 4645 νόμος
3028 4573 3194 4646 φησίν
3211 4590 3224 4604 ·
3255 4575 3445 4644 Ἅγιοι
3474 4574 3711 4641 ἔσεσθε,
3743 4575 3832 4631 ὅτι
3852 4574 3977 4646 ἐγὼ

668 4680 669 4683 ‘
702 4664 842 4720 Deus
876 4674 1042 4719 vester
1065 4676 1282 4721 sanctus
1313 4682 1430 4721 sum
1456 4666 1521 4721 ".
1551 4666 1729 4735 Atque
1752 4663 1968 4735 signum
1995 4658 2129 4715 illud
2164 4658 2279 4715 evi-
2313 4678 2330 4735 ι

2381 4667 2595 4736 Κύριος
2628 4669 2661 4721 ό
2701 4666 2847 4734 Θεὸς
2881 4664 3048 4737 ὑμῶν
3084 4668 3269 4739 ἅγιος.
3332 4667 3442 4721 Καὶ
3484 4671 3703 4739 σημεῖον
3737 4668 3831 4723 τοῦ
3872 4688 3970 4740 φο-

608 4774 615 4783 ·
700 4759 838 4815 dens
871 4757 1036 4815 fuerit
1079 4760 1296 4842 timoris
1331 4757 1570 4823 Domini,
1615 4757 1661 4815 si
1704 4756 1829 4827 quis
1866 4770 1898 4809 a
1937 4753 2194 4810 sordibus
2227 4759 2284 4807 et

697 4854 884 4927 pravis
927 4851 1187 4925 operibus
1220 4866 1394 4922 purus
1446 4859 1501 4905 ct
1536 4866 1741 4917 vacuus
1795 4847 2001 4915 fuerit,
2051 4859 2281 4916 seseque

699 4957 953 5005 sanctum
993 4960 1226 5017 corpore
1261 4961 1323 4998 ac
1356 4942 1556 5013 spiritu
1583 4941 1903 4997 servaverit.
1935 4939 2280 4994 Timentibus

697 5057 864 5114 porro
888 5040 1082 5106 Deum,
1108 5039 1217 5117 _qui.
1245 5052 1338 5107 per
1358 5037 1479 5107 ejus
1506 5042 1710 5090 metum
1746 5035 1921 5090 sancti
1948 5032 2277 5096 efﬁciuntur,

645 5116 651 5123 ’
696 5134 836 5190 nihil
869 5116 1113 5205 unquam
1135 5130 1333 5193 deerit,
1356 5135 1545 5198 utpote
1572 5126 1664 5196 qui
1693 5125 1914 5182 divitias
1951 5140 2177 5199 magnas
2208 5138 2275 5178 ac

696 5229 1019 5284 thesaurum
1048 5225 1314 5298 optimum
1357 5222 1413 5276 in
1468 5220 1589 5291 ipso
1632 5218 1826 5277 timore
1866 5218 2082 5276 Domini
2118 5230 2271 5289 repe-

694 5323 890 5411 Elim.

1203 5428 1482 5487 DAVIDIS
1519 5426 1759 5485 XXXIV.
1796 5439 1800 5443 ’

904 5537 931 5587 ,δ
986 5525 1098 5581 1-5.
1135 5521 1356 5591 Judica,
1386 5522 1624 5587 Domine,
1672 5512 1913 5587 nocentes
1963 5538 2064 5589 me,
2101 5534 2271 5591 expu—

814 5658 832 5675 .
884 5631 1188 5695 pugnantes
1217 5638 1317 5677 me.
1348 5618 1685 5691 Appreltende
1730 5635 1885 5673 arma
1923 5631 1973 5673 et
2011 5628 2221 5673 scutum
2249 5629 2268 5668 :

734 5757 739 5761 -
772 5708 994 5789 eisurge
1020 5718 1074 5770 in
1106 5716 1434 5786 adjutorium
1486 5715 1636 5787 mihi.
1670 5712 1896 5783 E/j'unde
1926 5713 2187 5783 frameam
2215 5716 2267 5763 et

698 5810 947 5874 conclude
968 5810 1215 5865 adversus
1239 5827 1324 5865 eos
1347 5810 1436 5881 qui
1463 5790 1844 5879 persequuntur
1870 5823 1969 5861 me.
1990 5802 2264 5873 Quoniam

2384 4754 2596 4809 ϐεῖσθαι
2627 4754 2719 4809 τὸν
2749 4755 2953 4829 Κύριον
2986 4756 3133 4810 τοῦτ’
3169 4757 3236 4811 ἂν
3264 4756 3475 4826 γένοιτο
3495 4796 3508 4820 ,
3548 4758 3609 4811 τὸ
3642 4757 3967 4833 καθαρεύειν

2386 4846 2483 4917 μὲν
2510 4844 2688 4919 πάσης
2710 4846 2981 4919 ρυπαρίας
3003 4846 3095 4900 καὶ
3123 4847 3352 4919 αἰσχρᾶς
3374 4846 3625 4917 πράξεως
3642 4888 3657 4912 ,
3677 4847 3966 4917 φυλάττειν

2381 4940 2437 4994 δὲ
2464 4936 2659 5005 αὖτοὺς
2688 4938 2879 5008 ἁγίους
2915 4940 3007 4995 καὶ
3045 4937 3259 5010 σώματι
3288 4938 3383 4991 καὶ
3414 4936 3703 5008 πνεύματι.
3757 4939 3880 5004 Τοῖς
3904 4940 3962 4995 δὲ

2379 5033 2470 5087 τὸν
2520 5032 2725 5107 Κύριον
2759 5031 3112 5104 φοϐουμένοις
3134 5070 3149 5093 ,
3201 5028 3295 5084 καὶ
3323 5027 3411 5082 διὰ
3461 5028 3552 5083 τὸν
3598 5030 3763 5084 αὐτοῦ
3798 5033 3962 5103 φόϐον

2382 5130 2735 5202 ἡγιασμένοις
2757 5170 2772 5193 ,
2828 5130 2979 5183 οὐδὲν
3019 5126 3087 5182 ἂν
3117 5126 3283 5198 δεήσῃ
3329 5124 3405 5189 ὡς
3433 5124 3499 5205 ἂν
3534 5124 3706 5196 μέγαν
3736 5126 3963 5182 πλοῦτον

2381 5224 2476 5277 καὶ
2508 5222 2777 5296 θησαυρὸν
2806 5220 3009 5292 ἀγαθὸν
3032 5220 3090 5273 ὲν
3113 5217 3262 5289 αὐτῷ
3288 5215 3366 5288 τῷ
3394 5216 3544 5290 φόϐῳ
3570 5217 3775 5291 Κυρίου
3798 5220 3963 5293 εὑρη-

2382 5316 2553 5370 κόσιν.

2894 5419 3033 5478 ΤΟΥ
3061 5391 3267 5475 ’ΔΑΥΙΔ
3301 5418 3420 5473 1w-

2449 5519 2737 5585 Δίκασον,
2772 5520 2971 5587 Κύριε,
3005 5506 3147 5585 τοὺς
3175 5514 3537 5584 ἀδικοῦντάς
3562 5532 3672 5587 με,
3698 5512 3959 5583 πολέμὴ⁶

2377 5628 2492 5669 σον
2520 5614 2661 5682 τοὺς
2692 5609 3107 5683 πολεμοῦντάς
3132 5627 3229 5682 με.
3268 5609 3590 5665 Ἐπιλαόοῦ
3629 5609 3821 5673 ὅπλου
3855 5608 3956 5662 καὶ

2374 5708 2586 5777 θυρεοῦ
2609 5728 2622 5740 ο
2661 5708 2759 5764 καί
2785 5704 3080 5775 ἀνάστηθι
3119 5708 3207 5771 είς
3237 5690 3528 5773 ⁸Βοήθειείν
3544 5719 3667 5774 μοι.
3700 5702 3958 5770 "Euer

2368 5801 2691 5871 ῥομφαίαν,
2716 5797 2813 5855 καί
2844 5798 3217 5869 σύγκλεισον
3244 5793 3594 5863 ἐξεναντίας
3626 5790 3745 5847 τῶν
3774 5807 3953 5847 και-αι·

776 5965 985 6028 "Sep.
1028 5966 1262 6053 VII-ds.
1340 5968 1382 5999 “
1426 5963 1573 6023 Psai.
1606 5981 1778 6031 xvut,
1818 5963 1902 6020 10.
1976 5962 2027 5995 ³⁸
2068 5958 2247 6017 Levit.
2288 5971 2366 6026 xl,
2410 5956 2501 6012 45.
