4302 6404
277 500 386 558 ἳΒἹ
404 550 409 553 .

1417 519 1916 581 COMMENTARIA
1961 522 2025 583 ιΝ
2064 519 2398 577 PSALMOS.

3416 504 3523 565 298

276 617 611 672 διωκόντων
636 634 734 688 με.
775 621 928 677 Ἐπεὶ
955 626 1049 679 καὶ
1066 628 1123 679 ἐν
1154 628 1233 701 τῷ
1263 630 1701 705 Ἰεζεκιὴλπολλέι
1732 640 1859 711 περὶ

1905 641 2017 706 \in
2066 635 2349 693 Ezechiele
2401 630 2566 687 multa
2613 628 2676 684 de
2705 629 2909 682 framea
2947 622 3093 681 dicta
3142 630 3312 686 sunt;
3366 637 3520 685 nam,

274 706 547 777 ῥομφαίας
572 708 818 780 εἴρηται·
868 712 1154 783 Ῥομςςαία
1176 719 1283 790 γὰρ
1302 760 1317 783 ,
1347 724 1479 792 φησὶ
1500 762 1516 787 ,
1558 706 1842 793 ῥομφαία,

274 798 606 868 sameram
625 840 639 861 ,
659 802 752 854 καί
773 802 924 872 φάγε
938 802 1079 874 (circa
1110 811 1475 877 τραυματιῶν
1494 836 1505 843 ·
1536 818 1626 866 καὶ
1652 817 1809 871 πάλιν
1828 836 1839 849 ·

276 889 361 957 Γῆ
398 892 507 943 ἐὰν
538 891 770 961 ἁμάρτῃ
798 912 921 962 μοι,
958 899 1055 949 καὶ
1088 900 1398 953 rimata-.15)
1419 903 1722 969 ῥομφαίαν
1750 907 1843 959 ἐπ’

270 983 461 1049 αὑτήν
476 1000 489 1013 ·
516 984 689 1038 πάντα
713 985 769 1037 δὲ
792 986 961 1041 ταῦτα
980 990 1117 1043 κατά
1133 994 1228 1061 τῆς
1249 996 1305 1044 ἐν
1328 997 1627 1061 ἀνθρώποις
1646 999 1843 1061 κακίας

270 1076 563 1148 ἐπαφίησιν
583 1118 597 1141 ,
624 1078 700 1143 ὡς
720 1080 922 1149 ἀγαθὸς
943 1120 957 1143 ,
990 1082 1124 1151 πρὸς
1143 1083 1405 1150 ὠφέλειαν
1436 1088 1539 1135 των
1563 1088 1652 1137 ὑπ’
1675 1088 1845 1158 αὐτῆς

269 1169 725 1241 κεκρατημένων·
759 1172 879 1224 ἐπεὶ
912 1172 1002 1224 καὶ
1034 1172 1280 1240 πολέμων
1315 1170 1472 1236 σώζει
1523 1177 1623 1243 (1),
1656 1176 1843 1249 ῶσπερ

268 1259 448 1333 ἰατρὸς
468 1302 483 1323 ,
513 1262 728 1332 τέμνων
765 1265 857 1318 καὶ
890 1264 1059 1317 καίων
1093 1264 1157 1316 τὰ
1174 1266 1472 1318 πεπονθότα
1488 1268 1577 1319 τοῦ
1596 1268 1842 1337 σώματος

265 1353 400 1424 πρὸς
418 1352 712 1427 θεραπείαν
742 1356 967 1419 παντός’
996 1354 1202 1419 τούτοις
1218 1357 1465 1426 ἐπιφέρει
1490 1357 1661 1425 λέγων
1686 1362 1809 1430 ἑξῆς
1825 1379 1836 1390 ·

262 1441 452 1499 Εἶπον
488 1444 563 1514 τῇ
590 1447 763 1516 ψυχῇ
788 1464 935 1515 μου·
979 1448 1388 1526 Σωτιῑρία-σευ
1418 1448 1531 1514 ἐγώ
1559 1453 1703 1518 εἰμι’
1756 1469 1844 1504 πι-

264 1539 467 1592 στεύων
501 1541 595 1592 κα“ι
622 1540 865 1611 ἀκριϐῶς
894 1539 1256 1608 πεπεισμένος
1282 1578 1297 1601 ,
1333 1539 1414 1591 ὅτι
1463 1540 1523 1592 τὸ
1555 1540 1841 1611 λεγόμενον

262 1630 363 1684 ὑπὸ
392 1632 482 1685 τοῦ
510 1633 642 1686 Θεοῦ
673 1634 771 1686 οὐκ
796 1633 980 1704 ἀργῶς
1009 1632 1254 1705 πρόεισιν
1274 1674 1288 1696 ,
1324 1632 1437 1686 ἀλλ’
1461 1636 1540 1697 εἰς
1567 1635 1725 1706 ἔργον
1753 1637 1842 1688 ἐκ-

258 1720 432 1775 ϐαίνει
463 1725 677 1785 παντως
696 1724 757 1776 τὸ
778 1725 1090 1795 λεγόμενον.
1123 1726 1230 1779 Καὶ
1256 1727 1312 1778 ἐν
1340 1725 1515 1796 τούτῳ
1534 1725 1590 1778 δὲ
1618 1725 1713 1797 τὴν
1745 1727 1841 1797 μὲν
1876 1761 1883 1769 -

257 1814 452 1867 ἐαυτοῦ
486 1817 703 1886 ἠρνεῖτο
738 1817 1042 1887 σωτηρίαν,
1068 1816 1161 1869 καὶ
1193 1818 1289 1888 τὴν
1324 1817 1517 1870 ἑαυτοῦ
1552 1822 1840 1889 παρῃτεῖτο

256 1905 399 1977 ζωὴν
420 1947 433 1970 ,
470 1906 567 1979 τὴν
605 1909 662 1962 δὲ
694 1909 788 1963 τοῦ
821 1911 1023 1980 Κυρίου
1059 1911 1331 1982 σωτηρίαν
1364 1914 1429 1981 τῇ
1464 1911 1656 1964 ἑαυτοῦ
1695 1912 1837 1983 ψυχῇ

1957 730 2210 793 Framea,
2246 725 2442 794 inquit,
2478 723 2681 792 framea
2733 718 3012 779 suscitare,
3058 724 3108 771 et
3142 713 3352 768 comede
3390 729 3520 767 sane

1951 824 2158 893 guinem
2204 818 2598 873 vulneratorum
2632 812 2705 875 “;
2759 824 2824 863 ac
2872 822 3123 862 rursum:
3185 805 3347 861 Terra
3398 817 3519 858 cum

1952 914 2237 982 peccaverit
2270 911 2418 970 mihi,
2447 908 2607 960 etiam
2638 903 2919 956 immittam
2955 900 3209 969 frameam
3240 906 3428 951 contra
3446 896 3517 949 il-

1954 1005 2059 1055 lant
2085 1004 2157 1066 ¹⁷;
2193 1003 2304 1054 lucc
2338 1010 2517 1053 autem
2552 996 2732 1050 omnia
2760 995 3021 1048 adversus
3051 991 3311 1045 malitiam
3341 986 3517 1043 homi-

1954 1109 2105 1155 num,
2140 1102 2323 1161 utpote
2355 1093 2550 1151 bonus,
2585 1089 2649 1142 ad
2683 1088 2972 1141 utilitatem
3013 1100 3200 1139 eorum
3232 1083 3379 1154 quia
3404 1082 3516 1135 fra-

1953 1194 2069 1230 mea
2108 1180 2193 1230 illa
2220 1186 2574 1246 occupantur,
2610 1176 2808 1229 emittit
2846 1194 2859 1229 2
2897 1175 3149 1244 quoniam
3181 1174 3307 1227 item
3340 1188 3371 1226 a
3398 1172 3517 1227 bel-

1952 1268 2018 1320 lis
2047 1276 2224 1320 servat
2256 1276 2309 1320 et
2338 1278 2518 1321 tuetur
2555 1266 2714 1335 quasi
2768 1266 3035 1329 medicus,
3063 1264 3308 1334 corporis
3341 1280 3516 1318 mem-

1948 1354 2043 1406 bra
2079 1356 2220 1408 male
2250 1354 2463 1420 aﬂ‘ecta,
2502 1356 2567 1408 ad
2595 1357 2764 1410 totius
2794 1356 3223 1409 incolumitatem
3256 1368 3517 1410 resecau!

1946 1451 1999 1495 et
2028 1428 2299 1509 adurens;
2335 1446 2454 1499 ideo
2486 1446 2539 1498 in
2578 1448 2935 1516 sequentibus
2967 1445 3132 1501 infert
3158 1465 3170 1499 :
3192 1445 3289 1499 Dic
3323 1446 3516 1499 anima:

1947 1550 2072 1587 mea:
2102 1550 2118 1587 :
2152 1533 2311 1591 Salus
2353 1547 2444 1591 tua
2485 1557 2575 1609 ego
2616 1557 2753 1603 sum,
2788 1542 3020 1595 credens
3052 1542 3263 1596 scilicet
3294 1555 3359 1594 ac
3392 1554 3517 1609 per-

1946 1641 2167 1681 suasum
2205 1629 2364 1697 plane
2396 1632 2621 1694 habens,
2652 1632 2874 1687 effatum
2913 1634 3043 1687 illud
3094 1632 3189 1689 Dei
3228 1649 3337 1687 non
3397 1632 3517 1685 fru-

1949 1726 2059 1773 stra
2088 1720 2353 1788 prolatum
2389 1737 2531 1787 esse,
2562 1723 2653 1777 sed
2677 1740 2841 1793 opere
2870 1740 2932 1779 ac
2973 1741 3030 1779 re
3070 1734 3221 1795 gesta
3269 1741 3517 1795 compro-
3572 1740 3577 1767 ι

1946 1810 2086 1865 bari.
2119 1813 2293 1882 Atque
2323 1830 2383 1868 ea
2418 1817 2636 1885 quidem
2680 1817 2735 1871 in
2782 1832 2841 1871 re
2891 1818 3120 1872 salutem
3162 1834 3323 1887 quam
3356 1834 3421 1873 ex
3456 1834 3517 1875 se

1950 1906 2111 1960 habet
2159 1907 2480 1977 abuegabat,
2525 1911 2802 1979 vitamque
2843 1912 3115 1981 propriam
3165 1911 3512 1981 repudiabat,

256 1997 581 2069 χαρισθῆναι
612 2001 841 2073 ηὔχετο,
876 2005 1027 2068 ὅπως
1059 2005 1149 2057 καὶ
1182 2003 1341 2067 αὐτὸς
1376 2004 1487 2075 ἔχοι
1516 2004 1722 2073 λέγειν’
1752 2002 1845 2057 Ζῶ

1905 2011 1918 2061 ι
1948 2012 2011 2051 ac
2040 1997 2256 2053 Domini
2287 2001 2516 2054 salutem
2542 2003 2737 2057 anima:
2759 2003 2995 2059 conferri
3018 2020 3130 2059 suae
3150 2005 3510 2074 precabatur;

256 2090 323 2145 δὲ
348 2093 545 2147 οὐκέτι
576 2094 721 2165 ἐγὼ,
756 2095 823 2165 ζῇ
849 2095 916 2149 δὲ
945 2098 1014 2149 ἐν
1043 2096 1174 2166 ἐμοὶ
1199 2098 1472 2163 Χριστός.
1528 2096 1699 2160 Αὐτὸς
1731 2097 1837 2169 γάρ

255 2183 402 2237 ἐστιν
425 2187 457 2255 ἡ
487 2188 730 2270 σωτηρία
763 2188 950 2259 ἡμῶν
976 2188 1132 2242 τοῦτο
1156 2187 1284 2256 γοῦν
1312 2187 1441 2245 αὐτὸ
1468 2189 1717 2259 σημαίνει
1744 2190 1838 2244 καὶ

256 2277 287 2346 ἡ
315 2276 408 2331 τοῦ
446 2278 621 2350 Ἰησοῦ
657 2280 921 2351 ὀνόματος
950 2280 1234 2353 ἑρμηνεία.

322 2454 843 2524 Αἱσχυνθήτωσαν
859 2457 956 2510 καὶ
973 2456 1442 2524 ἐντραπήτωσαν
1457 2462 1509 2512 ei
1527 2457 1836 2526 ᾤῖτεῧντες

252 2542 368 2613 τὴν
410 2545 623 2615 ψυχήν
661 2566 799 2617 μου.
858 2547 1057 2600 Τούτου
1092 2548 1233 2619 γὰρ,
1274 2549 1440 2620 φησὶ,
1489 2550 1693 2620 Κύριε,
1732 2549 1836 2601 ὑπὸ

254 2635 347 2689 σοῦ
384 2637 719 2707 γενομένου,
773 2638 865 2691 καὶ
913 2637 1318 2703 ἐπακούσαντος
1361 2657 1462 2710 μου
1510 2641 1608 2710 τῆς
1647 2640 1832 2710 εύχῆς,

252 2729 510 2800 αἱσχυνθή
521 2748 700 2784 σονται
719 2731 813 2783 καὶ
833 2732 1263 2803 ἐντραπήσονται
1280 2734 1353 2795 ὡς
1375 2735 1549 2804 μάτην
1565 2734 1837 2803 ἐπιχειρη-

256 2838 446 2885 σαντες
466 2839 478 2850 ·
498 2822 580 2893 διὸ
609 2822 702 2875 καὶ
734 2822 1005 2894 ἀπέτυχον
1032 2824 1123 2876 τοῦ
1155 2824 1609 2895 σπουδαζομὲνου.
1662 2825 1831 2913 ’ίὶπρ-

251 2906 786 2979 στραφήτωσανεὶς
808 2912 880 2966 τὰ
896 2914 1087 2966 ὀπίσω
1110 2914 1204 2965 καὶ
1218 2906 1833 2985 καταισχυνθήτῶσαι·

251 3006 305 3057 οἱ
330 3002 699 3075 λογιζόμενοί
721 3024 822 3075 μοι
846 3007 1020 3061 κακά.
1055 3006 1249 3060 Οὐκέτι
1273 3009 1381 3079 γὰρ
1412 3010 1699 3079 στήσονται
1726 3009 1832 3080 πρὸ

251 3094 541 3169 προσώπου
578 3113 712 3169 μου·
754 3098 897 3152 νῶτα
928 3099 982 3152 δὲ
1020 3098 1201 3163 δόντες
1240 3101 1697 3173 παραχωρήσουσί
1737 3118 1828 3172 μοι

248 3191 316 3245 τὰ
345 3192 652 3264 νικητήρια,
689 3190 993 3261 Φεύγοντας
1020 3192 1076 3245 δὲ
1108 3190 1301 3256 αὐτοὺς
1330 3196 1424 3248 καὶ
1454 3197 1533 3258 είς
1561 3193 1630 3248 τὰ
1659 3194 1833 3247 ὀπίσω

247 3283 557 3357 χωροῦντας
570 3285 999 3358 διασκορπισμὸς
1018 3286 1709 3358 λήψεταιΓενηθήτωσαν
1723 3288 1832 3359 γὰρ

247 3378 389 3431 ὡσεὶ
434 3378 585 3447 χοῦς
622 3378 773 3432 κατὰ
819 3381 1144 3448 πρόσωπον
1177 3380 1399 3450 ἀνέμου
1434 3382 1531 3435 καὶ
1578 3381 1832 3453 (ir-fe.qu

174 3492 177 3495 ·
244 3471 466 3535 Κυρίου
494 3471 785 3525 ἐκθλίϐων
816 3473 1070 3539 αὐτοὺς,
1125 3475 1259 3545 μηδὲ
1294 3475 1659 3547 συναχθῆναι.,
1699 3476 1844 3548 μηδὲ⁴

246 3563 678 3634 παλινδρομῆσαι
718 3566 1044 3637 συγχωρῶν,
1076 3569 1104 3620 ό
1141 3568 1185 3619 δ’
1220 3567 1381 3630 αὐτὸς
1406 3569 1713 3638 ἐπιμενέτω
1736 3570 1830 3622 ὲκ-

246 3653 442 3709 θλίϐων
467 3658 692 3723 αὐτοὺς,
723 3659 968 3714 τουτέστι
990 3660 1253 3725 κολάζων.
1290 3660 1608 3729 Γενηθήτω
1627 3663 1663 3730 ἡ
1691 3661 1831 3727 ὁδὸς

244 3747 442 3803 αὐτῶν
472 3752 693 3817 σκότος
720 3751 818 3806 καὶ
851 3752 1172 3822 ὀλίσθημα,
1202 3753 1300 3807 καὶ
1332 3753 1584 3824 ἄγγελος
1606 3754 1828 3821 [inp/0v

1946 2094 2006 2142 ut
2048 2088 2165 2159 ipse
2219 2106 2434 2159 quoque
2468 2092 2649 2147 dicere
2694 2104 2879 2163 posset
2934 2113 2946 2149 :
3014 2094 3139 2149 Vivo
3175 2105 3367 2155 autem,
3393 2095 3514 2164 jam

1946 2196 2049 2233 non
2078 2196 2206 2251 ego;
2268 2181 2385 2234 vivit
2422 2198 2540 2236 vero
2565 2184 2616 2236 in
2648 2198 2727 2237 me
2757 2182 3001 2239 Christus
3030 2186 3093 2239 ¹³.
3128 2187 3245 2256 Ipse
3279 2202 3516 2256 namque

1944 2280 2027 2328 est
2064 2274 2212 2330 salus
2252 2283 2443 2329 nostra
2478 2294 2491 2330 :
2530 2276 2767 2347 idipsum
2813 2293 2977 2349 porro
3008 2279 3090 2334 vel
3126 2280 3243 2350 ipsa
3277 2280 3514 2334 nominis

1943 2360 2071 2418 Jesu
2097 2364 2497 2444 signiﬁcatione
2532 2366 2827 2423 indicatur.

2016 2453 2181 2511 Vens.
2236 2457 2355 2513 4-8.
2420 2446 2829 2527 Confundantur
2881 2472 2931 2517 et
2981 2478 3312 2518 rerereantur
3366 2480 3513 2541 qum-7

1943 2560 2110 2603 rentes
2152 2546 2385 2605 animam
2420 2569 2611 2608 meam.
2663 2553 2756 2609 llis
2813 2556 2997 2622 rebus,
3047 2557 3292 2620 Domine,
3348 2558 3428 2612 sic
3482 2573 3513 2613 a

1942 2649 1995 2693 te
2025 2643 2214 2711 gestis,
2259 2652 2543 2713 postquam
2579 2646 3016 2715 deprecationem
3052 2665 3224 2704 meam
3256 2651 3515 2705 exaudie-

1942 2732 2038 2797 ris,
2076 2734 2480 2789 confundentur
2513 2737 2587 2790 illi
2624 2752 2687 2790 ac
2720 2738 2926 2807 pudore
2956 2739 3279 2805 adicientur,
3317 2750 3374 2796 ut
3400 2743 3513 2798 fru-

1941 2830 2052 2875 stra
2090 2839 2201 2878 rem
2234 2826 2475 2895 aggressi
2511 2844 2523 2880 :
2560 2829 2912 2896 quamobrem
2945 2844 2973 2881 a
3000 2844 3172 2900 scopo
3201 2832 3334 2901 lapsi
3359 2842 3509 2888 sunt.

1940 2916 2260 2969 Arei-tantur
2294 2928 2581 2973 retrorsum
2610 2929 2659 2974 et
2696 2919 3004 2974 erubescant
3047 2924 3338 2992 cogitantes
3385 2926 3514 2980 mihi

1940 3009 2105 3064 mala.
2137 3007 2253 3063 Non
2276 3011 2415 3064 ultra
2438 3012 2579 3065 enim
2606 3013 2909 3067 consistent
2928 3022 3052 3070 ante
3083 3014 3273 3072 faciem
3299 3033 3470 3071 meam
3495 3036 3509 3072 :

1941 3100 2033 3153 sed
2065 3107 2217 3170 terga
2249 3101 2465 3161 dantes.
2500 3103 2694 3157 cedent
2726 3104 2857 3157 mihi
2889 3105 3193 3161 victoriam.
3240 3105 3345 3177 Ipsi
3387 3123 3513 3163 vero

1942 3191 2211 3262 fugientes
2259 3208 2324 3248 ac
2368 3202 2516 3249 retro
2566 3193 2825 3251 cedentes
2857 3196 3295 3266 dissipabuntur.
3344 3197 3511 3253 Fiant

1942 3294 2194 3354 tanquam
2224 3286 2394 3355 pulvis
2448 3296 2565 3339 ante
2601 3286 2998 3355 facienrventi,
3037 3299 3086 3343 et
3135 3291 3351 3360 angelus
3406 3290 3511 3346 Do-

1861 3417 1902 3471 Ε
1936 3379 2067 3430 mini
2095 3390 2373 3433 coarctans
2420 3396 2529 3442 eos,
2582 3397 2650 3434 ne
2692 3382 2836 3435 ultra
2891 3382 3013 3437 illos
3064 3384 3386 3455 congregari
3419 3394 3510 3439 aut

1941 3469 2135 3522 reverti
2174 3471 2336 3530 sinat.
2369 3470 2461 3523 sed
2501 3469 2666 3525 instet
2697 3471 2810 3539 ipse
2844 3483 3154 3535 coarctans,
3190 3474 3242 3527 id
3274 3483 3358 3529 est
3408 3492 3511 3545 pu-

1938 3562 2097 3616 niens
2120 3562 2262 3616 illos.
2297 3560 2423 3615 Fiat
2444 3547 2537 3616 via
2565 3562 2783 3637 illorum
2811 3563 3034 3617 tenebrae
3061 3573 3111 3617 et
3144 3565 3426 3630 lubricum,
3458 3577 3508 3623 et

1938 3655 2155 3724 angelus
2194 3653 2413 3708 Domini
2432 3671 2741 3727 persequens
2776 3672 2882 3709 eos.
2921 3654 3073 3709 Viam
3105 3646 3397 3727 impiarum
3429 3660 3506 3714 vi-

1938 3754 2046 3800 tam
2084 3762 2305 3817 pravam
2335 3757 2637 3819 nuncupat,
2671 3764 2776 3819 qua
2809 3747 2886 3801 illi
2918 3748 3001 3801 via
3036 3747 3379 3804 incedebant.

243 3841 623 3899 καταδιὼκων
640 3846 882 3913 αὐτούς.
915 3845 1394 3901 Ὀδὸνάσεεῶντὸν
1413 3846 1685 3919 μοχθηρὸν
1711 3847 1824 3916 βίον
1856 3840 2146 3913 ὀνομάζει,
2179 3841 2299 3894 καθ’
2330 3842 2389 3895 ὃν
2418 3842 2516 3914 τὴν
2552 3843 2775 3914 πορείαν
2806 3841 3146 3912 ἐποιήσαντο.

313 3936 443 3989 Ὅτι
494 3934 722 4005 δωρεὰν
770 3936 1047 4006 ἓκρυψάν
1072 3956 1171 4007 μοι
1210 3937 1538 4008 διαφθορὰν
1575 3936 1827 4007 παγίδος

244 4028 457 4083 αὐτῶν.
520 4029 659 4084 ’Λνθ’
690 4023 750 4085 οὗ
777 4033 807 4085 ὁ
836 4029 1130 4103 Σύμμαχος
1161 4031 1419 4097 ἐξέδωκεν
1450 4029 1623 4093 οὕτως
1646 4046 1659 4059 ·
1696 4031 1828 4082 Ὅτι

243 4121 519 4190 ἀναιτίως
546 4122 934 4193 κατέκρυψάν
953 4142 1053 4194 μοι
1087 4124 1417 4195 διαφθορὰν
1439 4124 1694 4197 δικτύων
1722 4126 1828 4179 αὑ-

241 4213 375 4270 τῶν.
405 4216 588 4287 Μηδὲν
621 4217 728 4288 γὰρ
759 4218 850 4270 ὑπ’
876 4216 1010 4288 ἐμοῦ
1033 4218 1471 4290 προπεπονθότες
1499 4217 1705 4290 δωρεὰν
1732 4216 1827 4271 καὶ

241 4308 498 4374 ἀναιτίως
525 4296 881 4364 ἐπεϐούλευόν
915 4328 1002 4381 μοι
1038 4310 1371 4382 κρύπτοντες
1402 4310 1604 4379 παγίδα
1624 4351 1638 4373 ,
1673 4310 1740 4364 δι’
1759 4305 1827 4382 ἧς

242 4402 361 4472 ἐμοὶ
383 4402 681 4476 διαφθορὰν
706 4401 1125 4467 κατεσκεύαζον.
1151 4404 1214 4457 Εἰ
1237 4406 1329 4457 καὶ
1354 4405 1423 4458 τὰ
1455 4404 1689 4475 μάλιστα
1716 4403 1824 4476 γὰρ

241 4496 456 4550 ἐδόκουν
477 4498 543 4551 δι’
563 4495 865 4570 ἀνθρώπων
887 4514 951 4568 με
977 4496 1103 4552 πολε
1113 4500 1232 4568 μεῖν
1252 4539 1266 4562 ,
1286 4498 1403 4569 ἦτοι
1422 4498 1509 4551 διὰ
1523 4498 1614 4552 τοῦ
1632 4497 1824 4561 Σαοὺλ,

240 4588 273 4662 ἢ
301 4591 395 4644 καὶ
418 4589 484 4643 δι’
508 4589 710 4659 ἐτέρων
730 4631 743 4655 ,
776 4588 891 4644 ἀλλ’
915 4589 1014 4643 οὐκ
1039 4586 1264 4659 ἠγνόουν
1286 4588 1398 4657 ἐγὼ
1416 4589 1515 4660 τῆς
1534 4588 1627 4642 τοῦ
1653 4590 1826 4644 Σαοὺλ

2009 3930 2273 3996 Quoniam
2321 3933 2488 4001 gratis
2528 3932 2913 3985 absconderant
2963 3931 3090 3983 mifu'
3134 3932 3401 3985 interitum
3435 3933 3505 3987 la-

1934 4026 2053 4096 quei
2080 4025 2181 4078 sui.
2212 4023 2317 4077 Pro
2349 4041 2458 4093 quo
2510 4022 2872 4096 Synnuachus
2902 4024 2991 4077 sic
3015 4022 3207 4088 edidit,
3241 4025 3509 4089 Quoniam

1934 4124 2046 4170 sine
2080 4133 2243 4169 causa
2280 4116 2664 4170 absconderant
2698 4113 2823 4168 mihi
2849 4114 3120 4167 interitum
3161 4115 3347 4169 retium
3381 4133 3509 4171 suo—

1934 4225 2072 4262 rum.
2104 4207 2265 4261 Nullo
2306 4210 2507 4278 quippe
2542 4224 2570 4261 a
2616 4223 2701 4262 me
2749 4205 2925 4260 allecti
2972 4204 3195 4271 damno,
3248 4208 3418 4276 gratis
3450 4216 3507 4263 et

1935 4302 2054 4357 sine
2098 4317 2266 4357 causa
2322 4302 2725 4357 abscondentes
2774 4300 3048 4368 laqueum,
3101 4299 3507 4357 insidiabantur

1935 4394 2090 4457 mihi,
2132 4410 2243 4465 quo
2285 4396 2415 4465 mihi
2457 4393 2736 4449 interitum
2772 4398 3051 4461 pararent.
3094 4389 3325 4447 Etiamsi
3358 4394 3507 4451 enim

1932 4487 2283 4552 videbantur,
2338 4489 2453 4542 sive
2510 4486 2710 4545 Saulis,
2769 4485 2883 4538 sive
2930 4483 3161 4539 aliorum
3222 4484 3506 4542 hominum

1933 4594 2095 4650 opera
2130 4582 2450 4650 impugnare
2491 4594 2605 4642 me;
2669 4585 2717 4630 at
2766 4591 2873 4629 non
2932 4576 3251 4646 ignorabam
3280 4595 3382 4651 ego
3410 4581 3507 4651 qui

241 4678 572 4752 ζηλοτυπίας
596 4682 721 4745 τοὺς
747 4681 951 4747 αἰτίους
984 4680 1077 4735 καὶ
1106 4678 1212 4732 τῶν
1240 4678 1441 4732 λοιπῶν
1472 4679 1679 4752 ἐχθρῶν
1699 4679 1826 4743 τοὺς
1854 4683 1863 4738 l

1933 4671 2083 4727 Sauli
2120 4672 2339 4727 invidia:
2372 4678 2647 4733 auctores,
2677 4678 2731 4725 et
2760 4671 2853 4741 qui
2882 4671 3221 4741 reliquorum
3263 4674 3507 4730 hostium

242 4770 543 4836 ύποϐολεῖς.
572 4761 587 4784 ⁶
608 4764 790 4827 Ἀλλοι
822 4772 931 4844 γὰρ
963 4768 1102 4844 ἦσαν
1133 4773 1180 4826 οἱ
1214 4770 1311 4834 τὰς
1345 4770 1551 4824 ἑαυτῶν
1591 4771 1826 4839 παγίδας

243 4863 577 4938 κρύπτοντες
614 4865 707 4919 καὶ
734 4865 832 4935 τὴν
869 4864 1045 4936 ψυχήν
1082 4881 1181 4935 μου
1211 4862 1518 4941 διαφθεῖραι
1552 4861 1827 4933 πειρώμε-

240 4971 318 5021 νοι
336 4996 353 5021 ,
375 4957 425 5010 οἳ
456 4957 552 5010 καὶ
575 4955 777 5027 μάτην
806 4956 1127 5011 ὠνείδισαν
1152 4951 1262 5022 τὴν
1287 4952 1500 5024 ψυχήν
1520 4970 1668 5022 μου·
1705 4954 1822 5007 ἀνθ’

237 5038 346 5107 οὖνὸ
368 5047 669 5119 Σύμμαχος
696 5048 955 5115 ἐξέδωκεν
976 5064 988 5077 ⁸
1026 5045 1326 5122 Ἀναττίῳς
1354 5042 1681 5111 ὐπώρινξαγ
1708 5042 1823 5110 τὴν

236 5138 448 5208 Ψυχὴν
473 5157 614 5207 μου.
667 5140 851 5193 Πάντα
879 5140 988 5211 γὰρ
1020 5138 1304 5210 ἔπραττον,
1334 5136 1603 5203 ἐκστῆσαι
1632 5135 1816 5205 ρουλό-

241 5243 387 5300 μενοι
417 5230 583 5284 αὑτοῦ
606 5232 704 5303 τὴν
733 5232 910 5304 ψυχὴν
936 5233 1034 5303 τῆς
1060 5231 1471 5301 ἐνυπαρχούσης
1495 5228 1631 5298 αὐτῇ
1657 5228 1820 5299 πραό-

236 5336 394 5392 τητος
426 5321 522 5372 καὶ
550 5305 929 5387 ἀνεξικακίας,
958 5323 1051 5376 καὶ
1080 5323 1229 5385 ὅπως
1248 5361 1262 5385 ,
1297 5317 1603 5390 πληρωθεὶς
1642 5316 1815 5389 θυμοῦ

237 5412 329 5467 καὶ
359 5412 561 5483 ὀργῆς,
594 5414 687 5466 ἐπὶ
713 5413 811 5484 τὴν
840 5415 1052 5486 ἄμυναν
1084 5414 1227 5467 ἔλθοι
1247 5454 1261 5472 .
1299 5411 1391 5465 καὶ
1428 5410 1599 5482 δράσῃ
1633 5428 1685 5464 τι
1713 5430 1815 5464 κα-

228 5506 332 5560 ·κὸν
356 5506 449 5560 τὸν
478 5506 670 5561 Σαούλ.
723 5504 908 5559 Ταῦτα
944 5492 1044 5577 μέν
1067 5504 1159 5564 οὖν
1186 5508 1313 5579 περὶ
1345 5503 1453 5558 τῶν
1487 5503 1696 5558 πολλῶν
1729 5508 1819 5578 ἐχ-

238 5599 379 5672 θρῶν
404 5618 418 5631 “
479 5601 613 5671 περὶ
634 5598 689 5651 δὲ
733 5598 826 5652 τοῦ
874 5600 932 5652 ὲν
973 5600 1159 5664 αὐτοῖς
1199 5598 1497 5673 κορυφαίου
1538 5597 1814 5667 ἐπιλέγειο

251 5692 496 5747 Ἐλθέτω
519 5687 679 5769 αὐτῷ
710 5691 890 5758 παγίς
916 5688 997 5758 ἢν
1024 5693 1095 5744 οὺ
1125 5690 1401 5760 γινώσκει
1422 5731 1434 5752 ,
1465 5687 1562 5741 καὶ
1598 5689 1634 5756 ἡ
1666 5689 1817 5757 θήρα

240 5780 317 5851 ἣν
336 5785 564 5855 ἔκρυψε
583 5783 933 5840 συμαόἐτω
953 5783 1157 5850 αὐτὸν,
1184 5784 1279 5838 καὶ
1302 5785 1373 5837 ἐν
1398 5781 1470 5850 τῇ
1493 5782 1695 5852 παγίδι
1718 5798 1819 5839 πε-

307 5926 352 5957 ¹⁸
389 5925 588 5982 Ezech.
623 5940 738 5992 ut,
771 5925 825 5982 9.
904 5926 945 5957 "
987 5923 1150 5980 Zach.
1188 5941 1313 5989 xm,
1348 5923 1398 5979 7.

1475 5922 1519 5957 ”
1556 5923 1676 5979 Gal.
1718 5942 1781 5990 ιι,
1813 5925 1905 5983 20.

1932 4766 2135 4819 occulti
2168 4765 2497 4834 impulsores
2528 4770 2737 4819 essent.
2772 4762 2879 4818 Alii
2928 4780 3167 4823 namque
3208 4778 3366 4824 erant
3412 4769 3509 4839 qui

1930 4855 2155 4926 laqueos
2200 4853 2621 4921 abscondereut,
2679 4859 2735 4909 et
2784 4857 3022 4912 animam
3071 4862 3298 4932 perdere
3328 4874 3505 4914 meam

1929 4949 2270 5010 molirentur,
2319 4949 2414 5018 qui
2460 4947 2624 5004 etiam
2679 4966 2997 5019 supervacue
3054 4957 3504 5021 exprobraverunt

1929 5042 2158 5094 animam
2192 5058 2361 5095 meam
2390 5057 2408 5093 :
2444 5058 2543 5113 pro
2575 5059 2685 5113 quo
2729 5042 3095 5115 Symmachus
3144 5045 3336 5104 edidit.
3390 5044 3505 5097 sine

1926 5150 2087 5186 causa
2113 5132 2441 5203 su/fodcrunt
2488 5136 2724 5191 animam
2758 5154 2947 5195 meam.
2985 5136 3127 5203 Nihil
3156 5137 3357 5207 quippe
3392 5150 3503 5190 non

1928 5228 2176 5293 agebant,
2216 5234 2271 5279 ut
2321 5229 2559 5283 animam
2594 5231 2715 5300 ejus
2752 5232 2820 5286 ab
2854 5232 3018 5286 insita
3059 5229 3150 5283 illa
3182 5234 3503 5281 mansuetu-

1927 5322 2051 5373 dine
2090 5325 2143 5373 et
2198 5318 2526 5397 injuriarum
2562 5322 2839 5378 oblivione
2871 5322 3244 5381 deturbarent,
3274 5334 3383 5388 quo
3416 5319 3501 5373 ira

1922 5413 2212 5480 furoreque
2234 5414 2429 5481 plenus
2454 5415 2519 5468 ad
2556 5410 2852 5471 vindictam
2888 5432 2947 5471 se
2981 5420 3237 5473 verteret,
3261 5421 3314 5465 et
3340 5408 3496 5467 Sauli

1917 5508 2195 5579 quidpiam
2230 5509 2360 5562 mali
2385 5508 2632 5577 inferret.
2682 5510 2811 5571 Haec
2840 5511 2907 5566 de
2932 5508 3117 5575 multis
3148 5505 3383 5560 inimicis
3412 5505 3498 5558 di-

1917 5607 2003 5653 cta
2040 5617 2053 5653 :
2091 5598 2157 5653 de
2191 5598 2410 5654 illorum
2457 5610 2641 5658 autem
2680 5603 2923 5673 principe
2971 5601 3085 5654 hzec
3132 5597 3356 5666 adjicit:
3401 5596 3498 5652 Ve-

1894 5692 2030 5745 .niat
2058 5689 2139 5744 illi
2175 5690 2392 5763 laqueus
2426 5711 2579 5765 quem
2610 5696 2841 5765 ignorat,
2895 5701 2945 5745 et
2974 5691 3149 5758 captio
3179 5707 3334 5759 quam
3372 5689 3499 5744 abs-

1918 5785 2093 5841 condit
2126 5788 2495 5856 apprehendat
2522 5806 2660 5852 cuin,
2690 5799 2739 5843 et
2771 5789 2825 5840 in
2859 5786 3104 5856 laqueum
3144 5797 3303 5842 caaat
3335 5786 3387 5843 in
3412 5798 3495 5857 φρει

306 6016 384 6079 ll)
410 6019 546 6099 Quis
574 6036 685 6076 non
710 6023 856 6077 videt
878 6021 1162 6081 legendum
1188 6035 1311 6076 esse
1340 6017 1926 6087 πολεμῶνῲηιίηοαιιε
1959 6020 2297 6081 reddendum
2334 6040 2347 6077 :
2383 6022 2545 6078 etiam
2587 6023 2906 6093 impugnans
2940 6023 3158 6079 salvat?
