4302 6422
772 502 880 557 2υ9

1452 493 1719 550 EUSEBII
1750 484 2228 546 CESARIENSIS
2260 481 2409 538 OPP.
2441 481 2621 539 PARS
2658 486 2846 542 lll.'—
2884 484 3286 541 EXEGETICA.

3900 479 4017 539 500

774 632 914 669 sum.
948 613 1071 669 Haec
1123 615 1279 684 quasi
1328 612 1605 684 precando
1634 627 1664 666 a
1694 610 1897 666 Davide
1925 610 2156 681 prolata,
2192 606 2339 660 futu-
2366 605 2414 661 Α
2441 623 2473 659 ο

2316 633 2339 643 -
2366 605 2414 661 Α
2441 605 2628 659 σεῖται
2661 606 2730 658 ἐν
2754 605 2927 673 αὐτῇ.
2979 604 3162 658 Ταῦτα
3189 602 3246 655 δὲ
3274 601 3462 673 ὥσπερ
3489 600 3547 652 ἐν
3573 602 3703 671 εὐχῇ
3734 599 3812 670 τῷ
3844 598 4015 652 Δαυῖδ

778 720 961 762 rerum
1012 707 1312 777 praenuntia
1366 712 1546 769 erant,
1605 713 1658 758 et
1712 718 1833 774 quae
1879 708 2138 758 eventura
2183 704 2339 753 erant

780 798 1489 869 prophetice'declarabant.
1522 794 1897 865 Similiterque
1929 793 2181 862 superius
2212 804 2341 860 pro-

778 892 988 962 phetice
1021 891 1228 945 dictum
1250 898 1373 945 est:
1412 888 1739 943 Erubescant
1769 896 1817 941 e’l
1850 886 2260 955 confundantur,
2285 882 2340 935 id

774 987 877 1045 est,
908 981 1231 1036 erubescent
1263 989 1317 1035 et
1349 978 1752 1034 confundentur
1772 981 1875 1047 ;;ac
1903 993 2121 1032 rursum
2147 976 2338 1031 :Aver-

775 1081 1031 1126 tantur‘et
1058 1070 1473 1139 confundantur,
1502 1080 1549 1125 et
1585 1072 1718 1139 ﬁant
1745 1080 1995 1141 tanquam
2017 1067 2206 1138 pulvis,
2238 1067 2342 1122 hoc

773 1172 878 1229 est,
906 1172 1221 1218 avertentur
1254 1171 1308 1219 et
1351 1162 1774 1225 confundentur,
1811 1172 1865 1217 et
1917 1162 2047 1216 ﬁent
2080 1169 2341 1229 tanquam

774 1257 971 1326 pulvis.
999 1255 1135 1310 Nam
1164 1269 1285 1327 quas
1310 1255 1546 1311 inimicis
1574 1265 1835 1312 eventura
1886 1262 2041 1309 erant
2086 1267 2342 1324 prmnun-

773 1348 966 1406 tiabat.
1005 1348 1122 1402 Erit
1172 1349 1265 1418 qui
1312 1348 1631 1411 arbitretur,
1681 1348 1749 1402 de
1797 1346 1960 1402 Saule
1986 1347 2099 1409 haec
2129 1346 2339 1418 prolata

777 1455 919 1505 esse,
956 1440 1083 1510 quia
1113 1441 1258 1494 haud
1300 1440 1394 1495 diu
1429 1446 1619 1509 postea
1650 1439 1757 1494 hoc
1795 1440 1896 1509 ipsi
1931 1439 2056 1493 mali
2090 1439 2338 1510 contigit.

780 1537 853 1599 At
872 1551 971 1591 nos
997 1550 1186 1590 eorum
1218 1549 1337 1604 quae
1371 1534 1533 1588 initio
1556 1534 1751 1603 psalmi
1782 1532 1925 1586 dicta
1957 1541 2084 1588 sunt
2133 1549 2343 1589 memo-

777 1646 888 1694 res,
917 1629 1031 1684 haec
1054 1630 1170 1699 ipsa
1195 1628 1262 1682 de
1291 1626 1526 1697 quodam
1560 1642 1627 1681 ex
1672 1625 2051 1696 spiritualibu‘s
2080 1610 2341 1691 inimicis,

776 1724 869 1795 qui
899 1723 971 1778 in.
990 1722 1193 1777 malitia
1223 1719 1491 1776 valentior
1515 1726 1683 1784 esset,
1715 1714 1971 1774 nimirum
2004 1718 2073 1776 de
2099 1719 2340 1783 diabolo,-

778 1816 831 1869 id
862 1816 1067 1870 dictum
1102 1814 1451 1884 accipiemus.

845 1997 1012 2052 Vens.
1042 1997 1099 2057 9.
1134 1996 1224 2052 10.
1267 1995 1460 2051 Omnia
1498 2009 1620 2048 assa
1655 2003 1770 2047 mea
1825 1993 1999 2047 dicent
2030 2010 2049 2047 :
2083 1993 2340 2058 'Domine,

773 2092 891 2162 quis
915 2090 1107 2145 similis
1138 2089 1279 2143 tibi?
1315 2087 1557 2157 Eripieps
1606 2088 1810 2157 inopem
1847 2087 1910 2141 de
1952 2104 2111 2141 manu
2153 2086 2344 2155 {ortio-

777 2198 897 2237 rum
933 2198 1015 2245 eo,
1054 2196 1271 2253 egenum
1316 2192 1368 2234 et
1416 2195 1699 2249 pauperem
1735 2197 1768 2233 a
1815 2176 2181 2246 diripientibus
2202 2194 2340 2235 eum.

778 2273 915 2331 Ossa
948 2274 1142 2327 animae
1173 2280 1301 2327 sunt
1333 2272 1570 2327 virtutes
1600 2271 1722 2341 ejus
1753 2269 2111 2341 intelligendi,
2144 2271 2221 2323 uti
2252 2284 2344 2323 su-

778 2366 962 2438 perius
994 2366 1200 2421 dictum
1225 2372 1330 2420 est.
1383 2363 1519 2436 Ipsae
1549 2380 1677 2420 vero
1709 2369 1829 2435 ejus
1879 2364 2168 2435 praesentia
2220 2363 2369 2417 ilIu-*

776 2462 981 2519 stratas,
1012 2454 1197 2511 dicent
1230 2474 1245 2510 :
1274 2455 1523 2523 Domine,
1543 2458 1659 2528 quis
1682 2457 1872 2512 similis
1896 2456 1989 2509 tibi
2011 2460 2036 2512 .9
2054 2454 2168 2511 Nisi
2198 2456 2343 2511 enim

766 2548 835 2602 tu
865 2561 1039 2619 egeno
1070 2546 1362 2612 adfuisses,
1395 2548 1502 2603 nisi
1526 2548 1707 2619 ipsum
1734 2548 1939 2603 auxilio
1968 2547 2223 2619 dignatus
2254 2563 2342 2603 es-

775 2653 867 2694 ses
935 2647 1050 2701 tuo,
1099 2637 1260 2708 quis,
1316 2652 1541 2708 quaeso,
1589 2645 1938 2709 quantusque
1990 2639 2080 2693 ille
2140 2638 2342 2704 homo,

774 2728 868 2800 qui
907 2729 1056 2785 solus
1100 2737 1179 2784 tot
1224 2729 1502 2799 tantisque
1547 2729 1787 2785 inimicis
1830 2728 2068 2785 conferri
2118 2730 2345 2801 posset?

773 2822 820 2876 Α
848 2821 993 2877 nuda
1023 2829 1079 2878 et
1111 2821 1347 2892 simplici
1373 2838 1554 2877 rerum
1587 2823 1815 2879 historia
1849 2822 1983 2878 dicti
2016 2825 2342 2879 sententiam

750 2915 1063 2995 percipies,
1095 2915 1143 2970 si
1192 2916 1455 2971 memoria
1502 2922 1741 2987 repetas,
1803 2931 1916 2986 quo
1965 2924 2126 2985 pacto
2174 2913 2345 2968 David

772 3006 903 3062 dum
939 3005 1167 3078 fugeret,
1220 3007 1289 3061 ad
1322 3014 1532 3061 tantam
1586 3007 1824 3077 inopiam
1856 3006 2114 3067 redactus
2148 3014 2253 3069 est,
2286 3015 2347 3060 ut

772 3114 914 3172 pane
947 3113 1012 3155 ac
1040 3099 1372 3155 necessariis
1410 3099 1684 3154 alimentis
1714 3106 1965 3162 careret;
2007 3112 2071 3152 ac
2101 3097 2347 3154 necessi—

774 3200 889 3248 tate
915 3197 1141 3247 coactus
1181 3204 1352 3261 panes
1398 3189 1789 3260 propositionis
1839 3188 2126 3244 comedere
2177 3189 2345 3242 aude-

2440 699 2701 770 εἰρημένα
2727 698 3024 769 μελλόντων
3042 693 3109 768 ῆν
3129 692 3561 766 προαγορευτικὰ
3580 733 3595 756 ,
3618 694 3711 746 καὶ
3733 708 3794 745 συ
3802 691 4016 763 μόησο-

2444 794 2617 863 μένων
2650 790 2979 862 προφητικά.
3014 788 3169 843 Οὕτω
3197 786 3327 856 γοῦν
3355 787 3446 840 καὶ
3472 784 3722 855 ἀνωτέρω
3748 799 4020 855 προφητι-

2443 885 2551 949 κῶς
2576 885 2792 952 ἐλέγετο
2812 902 2823 913 ·
2856 880 3370 949 Αισχυνθήτωσαν
3391 877 3487 931 καὶ
3520 875 4014 945 ἑντραπήτωσαν,

2441 979 2560 1032 ἀντὶ
2590 975 2678 1029 τοῦ
2698 1016 2711 1039 ,
2740 974 3163 1044 Αὶχυνθήσονται
3186 970 3279 1024 καὶ
3305 970 3761 1039 ἐντραπήσονται·
3786 968 3878 1020 καὶ
3902 966 4018 1020 πά-

2440 1068 2539 1121 λιν·
2560 1070 2615 1122 Ἀ
2625 1052 3142 1135 ποστραφήςωσαν
3150 1063 3250 1117 καὶ
3264 1060 3891 1129 καταισχυνθήτωσαν,
3908 1056 4017 1112 καὶ

2441 1161 2866 1232 γενηθήτωσαν
2994 1156 3160 1227 χοῦς,
3197 1156 3318 1211 ἀντὶ
3354 1152 3447 1207 τοῦ
3466 1170 3479 1183 ’
3538 1152 4019 1222 η’Δποστραφήσον-

2440 1272 2531 1309 ται
2564 1253 2659 1307 καὶ
2687 1250 3133 1321 αἰσχυνθήσονται
3184 1251 3279 1303 καὶ
3308 1250 3624 1319 γενήσονται
3651 1245 3726 1307 ὼς
3748 1243 3892 1315 χοῦς.
3927 1242 4017 1297 Τὰ

2442 1344 2549 1413 γὰρ
2578 1342 2860 1414 μέλλονται
2890 1359 2952 1394 συ
2961 1339 3258 1411 μδὴσεσθαι
3281 1340 3390 1400 τοῖς
3417 1336 3626 1407 ἐχθροῖς
3649 1332 3811 1388 αὐτοῦ
3833 1348 4015 1403 προη-

2441 1437 2683 1507 γόρευεν.
2772 1435 2880 1486 Καὶ
2917 1436 2945 1486 ὁ
2987 1433 3083 1502 μὲν
3116 1430 3225 1502 γὰρ
3258 1432 3519 1501 ἡγήσεται
3559 1428 3684 1499 περὶ
3714 1426 3806 1479 τοῦ
3841 1425 4026 1480 Σαοὺλ

2441 1525 2690 1602 εἰρῆσθαι
2719 1527 2815 1599 τὴν
2844 1526 3208 1598 προκειμένην
3244 1526 3399 1596 ῥῆσιν
3418 1540 3431 1553 ’
3479 1523 3600 1575 ἐπεὶ
3630 1522 3722 1574 καὶ
3746 1518 4019 1573 πέπονθεν

2442 1610 2539 1675 οῦκ
2556 1624 2634 1685 εἰς
2658 1620 2873 1692 μακρὰν
2891 1617 3063 1687 ταῦτα
3082 1634 3095 1646 ·
3119 1618 3279 1687 ἡμεῖς
3297 1614 3374 1674 δέ,
3404 1632 3468 1684 με
3477 1630 3578 1684 μνη
3589 1612 3735 1683 μένοι
3758 1611 3865 1664 τῶν
3887 1625 4022 1680 προ-

2442 1715 2779 1785 λελεγμένων
2806 1715 2884 1775 εις
2911 1712 3009 1782 τὴν
3032 1708 3203 1779 ἀρχὴν
3227 1706 3319 1761 τοῦ
3349 1706 3562 1777 ψαλμοῦ
3583 1745 3597 1771 ,
3626 1703 3910 1758 καὶταῦτα
3931 1703 4018 1764 εις

2444 1809 2539 1862 ἕνα
2568 1806 2688 1861 τινὰ
2719 1805 2828 1858 τῶν
2856 1802 3059 1875 νοητῶν
3094 1800 3303 1872 ἐχθρῶν
3334 1799 3425 1852 τὸν
3465 1800 3537 1863 ὡς
3572 1801 3629 1851 ἐν
3657 1797 3823 1869 κακίᾳ
3853 1795 4019 1849 δυνα-

2449 1901 2710 1971 τώτερον,
2738 1896 2936 1968 δηλαδὴ
2965 1895 3056 1947 τὸν
3078 1891 3321 1946 διάϐολον
3344 1931 3358 1955 ,
3388 1889 3753 1971 ἐκληψόμεθα.

2522 1968 2724 2047 Πάντα
2752 1989 2823 2043 τὰ
2852 1988 3004 2042 ὀστᾶ
3024 2004 3145 2058 μου
3173 1984 3377 2053 ἐροῦσι
3397 1996 3409 2013 ⁸
3445 1968 3618 2051 Κύριε
3636 2023 3651 2049 ,
3678 1982 3771 2047 τίς
3816 1979 4019 2049 ὅμοιός

2446 2101 2579 2148 σοι;
2642 2084 2958 2151 Ῥυόμενος
3004 2076 3241 2145 πτωχὸν
3281 2076 3349 2127 ἐκ
3384 2073 3579 2142 χειρὸς
3613 2070 4020 2140 στερεωτέρων

2446 2175 2631 2231 αὐτοῦ
2653 2216 2666 2239 ,
2717 2174 2812 2227 καὶ
2844 2169 3081 2240 πτωχὸν
3108 2168 3204 2221 καὶ
3237 2165 3463 2233 πένητα
3485 2165 3603 2219 ἀπὸ
3628 2164 3744 2217 τῶν
3768 2163 4020 2231 διαρπα-

2448 2268 2662 2329 ζόντων
2696 2266 2900 2319 αὐτόν.
2926 2322 2939 2338 ι
2969 2263 3130 2314 Ὀστᾶ
3176 2259 3351 2329 ψυχῆς
3390 2260 3444 2311 αἱ
3472 2255 3806 2328 διανοητικαὶ
3844 2252 4022 2322 αὐτῆς

2446 2361 2698 2430 δυνάμεις
2714 2359 2789 2421 ὡς
2811 2354 3115 2426 ἔμπροσθεν
3132 2352 3344 2423 εἴρηται
3358 2367 3371 2379 °
3397 2347 3756 2421 φωτιζόμεναι
3777 2347 3834 2399 δὲ
3855 2339 4018 2399 αὗται

2447 2457 2510 2508 ἐκ
2537 2454 2635 2524 τῆς
2658 2450 2820 2505 αὑτοῦ
2842 2448 3161 2520 παρουσίας,
3191 2445 3455 2514 φήσουσι·
3481 2442 3675 2509 Κύριε,
3704 2440 3795 2504 τις
3816 2438 4020 2506 ὅμοιός

2446 2561 2577 2607 om;
2603 2544 2664 2597 Et
2696 2542 2769 2613 μὴ
2789 2541 2896 2611 γὰρ
2920 2544 2982 2593 σὺ
3006 2540 3184 2609 παρῇς
3207 2536 3285 2606 τῷ
3300 2533 3498 2604 πτωχῷ
3515 2576 3529 2599 ,
3557 2532 3652 2586 καὶ
3676 2529 4021 2600 κατηξίωσας

2446 2638 2603 2691 αὐτὸν
2628 2637 2725 2705 τῆς
2748 2633 2898 2702 παρὰ
2927 2629 3020 2684 σοῦ
3045 2628 3320 2700 βοηθείας,
3348 2626 3431 2688 τίς
3456 2625 3521 2678 ἂν
3542 2625 3635 2677 καὶ
3664 2624 3822 2686 πόσος
3854 2621 4018 2692 μόνος

2446 2728 2606 2791 αὐτὸς
2648 2724 3068 2797 συγκρινόμενος
3106 2724 3217 2785 τοῖς
3258 2717 3529 2781 τοσούτοις
3560 2716 3652 2769 καὶ
3684 2713 4022 2785 τηλικούτοις

2446 2820 2609 2876 αὐτοῦ
2644 2818 2888 2890 ἐχθροῖς;
2943 2817 3175 2885 Νοήσεις
3205 2806 3261 2867 δὲ
3297 2813 3392 2866 καὶ
3429 2810 3537 2864 άπὸ
3560 2807 3721 2879 ψιλῆς
3748 2807 3847 2878 τῆς
3876 2807 4019 2859 ἱστο-

2449 2912 2568 2983 ρίας
2600 2911 2689 2964 τὸν
2708 2910 2869 2977 λόγον
2888 2948 2902 2971 ,
2930 2910 2985 2961 ἐν
3018 2907 3094 2977 νῷ
3117 2903 3296 2959 λαϐὼν
3314 2944 3329 2969 ,
3361 2903 3436 2967 ὡς
3461 2901 3675 2973 φεύγων
3697 2901 3726 2953 6
3752 2897 3915 2953 Δαυῒδ
3936 2900 4021 2961 εις

2444 3005 2714 3075 τοσαύτην
2754 3003 2952 3074 ῆλαυνε
3002 2988 3311 3069 πτωχείαν,
3358 2995 3499 3049 ὥστε
3552 2994 3730 3065 ἄρτων
3779 2992 3873 3046 καὶ
3916 2983 4018 3062 τῆς

2447 3096 2745 3164 ἀναγκαίας
2776 3093 2983 3165 τροφῆς
3013 3091 3265 3162 δεηθῆναι
3284 3130 3300 3154 ,
3360 3091 3441 3152 εἰς
3472 3090 3717 3159 ἀνάγκην
3750 3102 3811 3140 τε
3845 3085 4012 3140 tmen

2446 3187 2541 3241 τοῦ
2565 3186 2831 3256 τολμῆσαι
2858 3182 2967 3236 τῶν
2993 3180 3171 3253 ἄρτων
3200 3168 3299 3249 τῆς
3332 3178 3639 3257 προθέσεως
3675 3175 4016 3248 μεταλαᾶῖν.

777 3289 883 3341 ret.
914 3280 1033 3338 Non
1051 3282 1194 3337 enim
1220 3275 1541 3352 deliciarum
1568 3295 1759 3347 causa,
1788 3293 1896 3335 non
1917 3281 1985 3335 de
2008 3264 2223 3348 justitia
2246 3294 2344 3334 sua
2372 3293 2415 3350 α
2449 3282 2476 3334 C

2323 3294 2344 3333 ιι
2372 3293 2415 3350 c
2449 3280 2524 3334 Ού
2564 3279 2674 3349 γὰρ
2704 3275 2920 3348 τρυφῶν
2955 3276 3046 3328 ἐπὶ
3076 3272 3216 3327 τοῦτ’
3245 3264 3471 3344 ἤρχετο,
3520 3271 3628 3324 οὐδ’
3660 3268 4022 3339 ἐπαιρόμενος

775 3377 975 3445 elatus,
1018 3386 1128 3431 non
1156 3375 1417 3446 despectu
1455 3374 1636 3446 legum
1669 3374 1723 3429 id
1778 3387 2069 3444 aggressus
2096 3378 2213 3438 est;
2250 3369 2342 3425 sed

776 3484 843 3526 ex
875 3485 1069 3539 magna
1119 3468 1366 3525 ciborum
1402 3468 1654 3539 penuria.
1687 3466 2055 3533 Quamobrem
2099 3463 2349 3519 Salvator

775 3562 896 3616 ait:
937 3560 1057 3616 Non
1088 3561 1286 3632 legistis
1336 3560 1464 3631 quid
1496 3558 1677 3628 fecerit
1728 3556 1924 3622 David,
1977 3554 2190 3626 quando
2222 3571 2343 3609 esu-
2390 3563 2399 3606 ξ

775 3658 866 3710 ritt
899 3656 977 3709 "1'
1005 3655 1126 3725 Ipse
1158 3652 1380 3724 quidem
1410 3667 1617 3732 egenus
1652 3659 1773 3706 erat
1828 3665 1952 3705 cum
2004 3649 2196 3720 paucis
2257 3642 2343 3701 fu?-
2367 3677 2383 3691 ς

776 3751 932 3820 giens
971 3767 984 3803 ε
1017 3750 1110 3819 qni
1136 3763 1265 3804 vero
1297 3742 1729 3817 insequebantur
1759 3760 1882 3800 eum
1922 3740 2222 3815 praevalidi,
2264 3744 2349 3815 ip-

777 3852 945 3908 seque
977 3822 1108 3891 Saul
1140 3846 1257 3892 erat
1313 3852 1406 3891 rex
1463 3836 1629 3890 totius
1679 3836 1878 3906 gentis,
1934 3850 1997 3888 ac
2046 3834 2343 3904 principes,

776 3926 899 3999 ejus
929 3932 1159 3984 comites
1187 3947 1199 3982 :
1230 3943 1442 3983 necnon
1469 3928 1897 3998 alienigenarum
1922 3929 2152 3982 militum
2178 3929 2349 4000 duces

780 4021 987 4076 Davide
1014 4021 1373 4091 potentiores,
1407 4035 1642 4089 quorum
1687 4036 1885 4077 manus
1914 4036 2038 4075 cum
2064 4019 2347 4090 effugeret,

779 4128 887 4166 non
920 4112 1204 4183 ignorabat
1235 4111 1358 4181 quis
1409 4111 1515 4165 sibi
1570 4112 1862 4166 auxiliator
1907 4119 2073 4168 esset.
2123 4111 2190 4165 Et
2236 4112 2351 4166 haec

779 4206 999 4278 quidem
1038 4204 1106 4259 de
1144 4204 1375 4259 historia
1424 4203 1571 4258 dicta
1616 4188 1757 4257 sint.
1803 4201 1955 4269 Quod
2018 4205 2065 4258 si
2102 4189 2349 4258 occultos

779 4306 942 4371 atque
971 4298 1276 4353 invisibiles
1310 4296 1507 4351 animae
1553 4295 1689 4365 justi
1742 4295 1995 4351 inimicos
2041 4292 2347 4368 intelligas;

781 4406 914 4446 sane
944 4386 1369 4454 animadvertes,
1402 4404 1504 4446 nes
1552 4389 1606 4444 in
1643 4390 1760 4444 acie
1793 4390 2055 4444 adversus
2099 4390 2351 4447 inimicos

779 4486 938 4549 istos,
972 4485 1066 4554 qui
1090 4486 1327 4539 animam
1362 4499 1577 4555 semper
1602 4493 1853 4539 nostram
1882 4482 2198 4553 depraedare
2236 4488 2353 4539 ten-

780 4586 920 4639 tant,
968 4578 1119 4632 nullo
1163 4578 1272 4633 alio
1326 4564 1575 4650 adjutore
1606 4594 1670 4633 ac
1704 4585 1984 4635 servatore
2034 4591 2192 4647 egere
2244 4578 2351 4631 nisi

784 4672 904 4739 ipso
928 4667 1168 4724 Christo.
1194 4670 1447 4725 Animum
1481 4687 1610 4727 vero
1642 4671 1902 4726 intendas
1932 4658 2062 4724 num
2102 4670 2242 4725 alius
2273 4670 2345 4724 sit

781 4777 985 4833 egenus
1022 4777 1050 4815 a
1081 4778 1339 4833 paupere,
1388 4779 1449 4819 ac
1490 4773 1674 4819 utrum
1706 4782 1765 4821 re
1796 4767 1913 4836 ipsa
1947 4764 2221 4825 differant,
2253 4772 2348 4817 aut

783 4858 958 4910 solum
990 4854 1266 4926 cogitandi
1301 4854 1465 4909 modo
1518 4859 1707 4925 :‘quia
1739 4857 1854 4913 ﬁeri
1900 4855 2079 4926 potest
2112 4864 2170 4909 ut
2205 4854 2349 4909 idem

782 4949 853 5002 sit
878 4961 1080 5013 egenus
1129 4953 1183 5001 et
1226 4946 1564 5009 mendicans.
1600 4949 1741 5016 quod
1773 4963 1802 5001 a
1835 4950 2038 5004 divitiis
2063 4964 2201 5024 quas
2231 4948 2341 5019 pri-

779 5040 903 5094 dem
940 5040 1203 5095 habuerat
1240 5035 1535 5105 exciderit;
1597 5046 1760 5110 atque
1808 5057 1913 5096 una
1943 5038 2168 5113 pauper,
2204 5040 2349 5111 quod

781 5132 967 5186 labore
996 5133 1196 5187 victum
1227 5132 1328 5187 sibi
1360 5141 1536 5202 paret;

826 5210 1017 5277 ‘Vsns.
1052 5222 1138 5276 Η.
1165 5220 1446 5293 Surgentes
1505 5230 1658 5276 testes
1698 5223 1866 5293 iniqui
1892 5226 2351 5296 quwignorabam
2440 5270 2448 5284 .

782 5315 1175 5385 interrogabant
1211 5332 1311 5369 me.
1339 5316 1440 5383 Qui
1473 5330 1582 5370 non
1613 5317 1862 5385 justitiae,
1920 5320 2013 5376 sed
2050 5321 2352 5390 iniquitatis

784 5416 953 5464 testes
992 5414 1143 5467 sunt.
1196 5416 1485 5477 surgentes
1517 5416 1681 5477 atque
1734 5423 1794 5464 se
1839 5412 2139 5468 excitantes
2163 5412 2352 5468 dolose

784 5518 904 5571 qua:
929 5504 1121 5571 ignoro
1150 5501 1505 5572 interrogant.
1534 5500 1679 5556 Nihil
1702 5503 1902 5573 quippe
1930 5506 2055 5561 mali
2090 5508 2176 5560 vir
2206 5506 2349 5578 frugi

786 5592 980 5659 norit,
1027 5593 1231 5648 nemini
1296 5594 1505 5649 scilicet
1559 5595 1931 5665 improborum
1993 5597 2346 5655 admiscetur.

788 5685 1179 5741 Testimonium
1234 5696 1411 5739 autem
1458 5687 1605 5744 illius
1631 5696 1715 5767 est
1757 5688 1910 5755 :Qui‘
1952 5702 2121 5747 servat
2156 5710 2351 5763 prwce-

793 5790 954 5841 ptum,
985 5794 1087 5831 non
1110 5787 1282 5832 noscet
1306 5794 1411 5831 rem
1443 5780 1639 5833 malam
1668 5782 1736 5836 '°.
1770 5780 1903 5835 Nam
1926 5782 2012 5838 hic
2028 5801 2128 5839 non
2153 5796 2348 5851 noscat,

866 5962 905 5991 "
949 5956 1134 6015 ﬂatth.
1175 5973 1281 6025 ιιι,
1318 5958 1370 6014 5.
1449 5960 1493 5991 '°
1532 5957 1712 6017 Eccle.
1748 5977 1875 6028 vni,
1911 5962 1962 6017 ὅ.

2449 3367 2762 3444 δικαιοσύνῃ
2780 3410 2796 3430 ,
2827 3368 2936 3422 οὐδ’
2962 3367 3135 3431 ἄλλως
3172 3364 3525 3435 καταφρονῶν
3556 3361 3649 3416 τοῦ
3675 3362 3870 3433 νόμου,
3903 3357 4019 3414 ἀλλ’

2450 3462 2514 3514 ἐκ
2551 3460 2747 3531 πολλῆς
2782 3459 3012 3522 ἀσιτίας.
3064 3450 3156 3511 Άιό
3188 3474 3353 3527 φησιν
3384 3458 3412 3509 ὁ
3445 3455 3666 3526 Σωτήρ·
3726 3455 3848 3507 Οὐκ
3880 3450 4019 3506 ἀνέ-

2449 3570 2635 3624 τνωτε
2665 3553 2721 3605 τί
2744 3552 2993 3620 ἐποίησε
3013 3543 3192 3604 Δὰύῐδ
3208 3587 3224 3613 ,
3256 3538 3354 3619 ὅτε
3380 3548 3697 3610 ἐπείνασε;
3725 3545 3837 3613 Καὶ⁴
3859 3543 4022 3608 αὐτὸς

2454 3646 2551 3717 μὲν
2569 3641 2651 3717 τῆν
2684 3643 2899 3715 πτωχὸς
2936 3643 3034 3697 σὺν
3064 3641 3263 3710 ὀλίγοις
3285 3638 3526 3710 φεύγων·
3558 3642 3605 3691 οἱ
3635 3638 3678 3692 δ’
3708 3635 4022 3698 ἐλαύνοντες

2450 3732 2610 3791 αὑτὸν
2642 3732 2883 3788 δυνατοί·
2944 3730 3195 3803 βασιλεὺς
3230 3730 3336 3801 γὰρ
3373 3726 3441 3800 ἦν
3478 3728 3571 3781 τοῦ
3605 3726 3804 3789 παντὸς
3836 3724 4023 3785 ἔθνους

2448 3826 2621 3880 Σαοὺλ
2640 3866 2655 3890 ,
2687 3827 2785 3879 παὶ
2815 3826 2863 3878 οἱ
2897 3823 3013 3894 μετ’
3045 3820 3209 3874 αὑτοῦ
3241 3820 3528 3892 ἄρχοντες·
3562 3818 3617 3869 οἵ
3642 3832 3700 3869 τε
3729 3815 3838 3868 τῶν
3865 3813 4024 3868 ἁλλο-

2450 3922 2631 3989 φύλων
2662 3918 2933 3989 πολεμίων
2968 3913 3339 3983 καθηγεμόνες
3368 3909 3719 3981 στερεώτεροι
3752 3907 3901 3969 ὄντες
3927 3904 4021 3958 τοῦ

2449 4012 2642 4078 Δαυῖδ,
2675 4006 2751 4065 ὧν
2781 4011 2879 4072 τὰς
2906 4010 3093 4079 χεῖρας
3120 4004 3537 4076 διαδιδράσκων,
3586 4002 3683 4054 οὑκ
3715 3999 3897 4070 ἠγνόει
3930 4000 4021 4052 τὸν

2452 4105 2615 4160 αὑτοῦ
2643 4103 2856 4175 βοηθόν.
2907 4102 3016 4154 Καὶ
3038 4099 3210 4153 ταῦτα
3247 4099 3344 4168 μὲν
3376 4093 3509 4168 πρὸς
3539 4094 3637 4164 τὴν
3672 4091 3925 4161 ἱστορίαν·
3972 4091 4021 4143 εἰ

2450 4199 2508 4253 δὲ
2528 4199 2654 4262 τοὺς
2680 4196 2905 4265 ἀφανεῖς
2927 4193 3020 4248 καὶ¹
3044 4193 3308 4265 άοράτους
3331 4190 3556 4261 ἐχθροὺς
3580 4186 3676 4256 τῆς
3698 4183 3789 4237 τοῦ
3814 4183 4022 4237 δικαίου

2451 4292 2627 4363 ψυχῆς
2659 4291 2908 4359 νοήσειας
2926 4327 2939 4351 ,
2972 4285 3122 4356 δψει,
3155 4284 3230 4348 ὡς
3254 4282 3358 4337 οὐδ’
3387 4276 3544 4336 ἄλλον
3573 4276 3765 4349 βοηθοῦ
3793 4273 4024 4345 δεόμεθα

2452 4390 2549 4441 καὶ
2583 4385 2833 4455 Σωτῆρος
2866 4382 2897 4452 ἢ
2936 4378 3030 4433 τοῦ
3064 4376 3297 4451 Χριστοῦ
3326 4373 3488 4429 αὐτοῦ
3528 4374 3585 4425 ἐν
3618 4376 3683 4443 τῇ
3724 4368 4023 4440 παρατάξει

2452 4481 2518 4551 τῇ
2542 4478 2677 4549 πρὸς
2699 4475 2822 4539 τοὺς
2838 4467 3058 4546 νοῆτοῦς
3078 4470 3386 4542 πολεμίους,
3406 4468 3531 4529 τοὺς
3550 4464 3644 4535 τὴν
3664 4462 3839 4533 ψυχὴν
3858 4457 4020 4531 αὑτοῦ

2456 4568 2775 4641 διαρπάζειν
2803 4568 2887 4620 ἀεὶ
2903 4564 3289 4635 πειρωμένους.
3321 4561 3660 4629 Ἐπιστήσεις
3687 4554 3742 4608 δὲ
3771 4555 3819 4607 εἰ
3841 4552 4023 4622 ἕτερός

2458 4661 2604 4713 ἐστιν
2643 4660 2672 4710 ό
2715 4656 2930 4727 πτωχὸς
2962 4654 3111 4725 παρὰ
3142 4653 3233 4705 τὸν
3270 4650 3504 4719 πένητα,
3566 4647 3657 4699 καὶ
3696 4644 3918 4714 πότερον
3955 4644 4021 4712 τῇ

2457 4751 2779 4814 ὑποστάσει,
2819 4750 2853 4819 ἢ
2886 4750 2950 4819 τῇ
2990 4745 3204 4817 ἐπινοίᾳ
3233 4744 3309 4814 τῷ
3339 4742 3599 4820 ἐγχωρεῖν
3625 4737 3714 4789 τὸν
3739 4734 3896 4788 αὑτὸν
3932 4734 4023 4787 καὶ

2456 4846 2669 4916 πτωχὸν
2687 4840 2826 4899 εἶναι
2850 4841 3237 4913 πτωχεύσαντα
3255 4837 3332 4908 τῷ
3352 4831 3803 4889 άποπεπτωκέναι
3823 4822 3883 4882 οὗ
3911 4823 4022 4898 εἶχε

2458 4939 2686 4994 πλούτου
2706 4980 2721 5004 ,
2761 4941 2855 4993 καὶ
2894 4936 3101 5007 πένητα
3137 4931 3214 5002 τῷ
3255 4928 3391 5001 μετὰ
3429 4926 3590 5001 πόνον
3624 4924 3923 4995 περιποιεῖν
3954 4919 4022 4973 τὰ

2457 5014 2593 5108 πρὸς
2618 5035 2679 5088 τὸ
2705 5034 2909 5103 διαζῇν.

2542 5219 2934 5282 Ἀναστάντες
2954 5210 3249 5284 μάρτιιρες
3276 5204 3466 5260 ἄδικοι
3488 5202 3526 5255 ἀ
3555 5201 3661 5255 οὐκ
3692 5199 4024 5269 ἐγίνωσκον
4110 5236 4111 5239 η

2457 5316 2695 5386 ἠρώτων
2722 5332 2816 5385 με.
2871 5311 2933 5364 Οἱ
2964 5306 3037 5377 μὴ
3065 5298 3443 5367 δικαιοσύνης,
3478 5296 3594 5349 ἀλλ’
3628 5293 3839 5356 ἀδικίας
3889 5290 4026 5361 μάρ-

2458 5426 2617 5481 τυρες
2643 5449 2659 5470 ,
2692 5403 3072 5460 διαναστάντες
3103 5396 3195 5449 καὶ
3221 5388 3583 5463 διεγείραντες
3608 5388 3803 5450 αὐτοὺς
3827 5426 3842 5449 ,
3877 5398 4028 5481 σοφι-

2461 5471 2659 5563 στξκῶς
2688 5493 3036 5568 ἐπερωτῶσιν
3064 5489 3097 5543 ἃ
3148 5486 3210 5539 ού
3238 5483 3509 5555 γινώσκω.
3583 5480 3749 5534 Οὐδὲν
3782 5477 3889 5547 γὰρ
3918 5471 4027 5568 siin

2459 5575 2673 5665 φαύλων
2698 5589 2953 5662 γινώσκει
2985 5585 3014 5636 ὁ
3051 5582 3333 5643 σπουδαῖος
3356 5617 3369 5641 ,
3411 5575 3684 5630 τουτέστιν
3714 5569 3887 5624 οὐδενὶ
3917 5565 4026 5620 τῶν

2459 5661 2707 5761 πονηρῶν
2732 5683 3118 5753 άνακέκραται.
3145 5674 3458 5747 Μαρτύριον
3483 5672 3539 5725 δέ
3557 5687 3571 5700 ο
3602 5670 3675 5721 Ὃ
3693 5661 4029 5761 φυλάσσζωῖι

2732 5727 2814 5837 ὀὐ
2845 5727 3129 5848 γνιιζσετὶιι
3156 5727 3320 5842 ῥῆξαι
3347 5727 3630 5833 πονηρόν.
3664 5759 3770 5814 Καὶ
3794 5727 4028 5812 ἐνταῦθά
