4302 6394
300 472 400 531 εἶθὶ

1424 476 1923 544 COMMENTARIA
1954 476 2023 542 IN
2052 480 2386 542 PSALMOS.

3430 485 3535 544 303

300 588 410 657 γάρ
439 588 502 640 τὸ
528 591 600 643 οὐ
644 593 927 659 γνώσεται
950 636 964 661 ,
994 592 1055 648 οὐ
1089 599 1379 670 πεποίηται
1408 603 1528 656 οὐδὲ
1566 604 1843 677 ἀνακέκρα

1979 604 2031 659 id
2050 614 2155 668 est,
2185 616 2294 658 non
2320 600 2668 678 perpetravit,
2700 616 2872 672 neque
2896 611 3064 671 pravo
3088 601 3237 672 operi
3268 600 3532 661 admistus

300 693 391 733 ται
417 682 559 749 κατέι
592 682 745 753 ῥῆμα
775 685 1008 758 πονηρόν
1031 697 1044 717 ⁸
1077 677 1271 759 ψεῦδος
1298 690 1406 762 γὰρ
1442 690 1503 745 τὸ
1528 695 1768 765 νομίζειν
1800 696 1873 767 μὴ

300 769 622 826 ἐπίστασθαι
661 774 812 846 ῥῆμα
845 779 1078 850 πονηρὸν
1116 781 1204 833 τὸν
1234 783 1563 851 φυλάττοντα
1599 787 1698 856 τὴν
1727 788 1878 843 θείαν

300 863 543 935 ὲντολήνι
615 867 893 939 Διάκρισιν
920 871 1030 944 γὰρ
1067 873 1204 944 ἔχων
1243 877 1477 945 πονηροῦ
1509 877 1602 929 καὶ
1634 879 1869 945 ἀγαθοῦ,

299 954 464 1009 τᾶλλα
490 957 667 1011 πάντα
695 960 1062 1034 ἀποστραφεὶς
1091 967 1334 1037 ῥήματα,
1362 969 1637 1041 ἐπιτηρεῖν
1660 971 1757 1041 τὴν
1786 976 1871 1026 ὲν-

300 1046 460 1118 τολὴν
480 1044 663 1119 ἦλθεν.
700 1052 764 1105 Ὃ
787 1047 878 1106 οῦν
899 1053 1047 1129 λέγει
1075 1056 1311 1111 τοιοῦτόν
1337 1059 1485 1112 ἐστιν
1508 1076 1520 1089 ·
1547 1061 1747 1132 Πεῖραν
1772 1064 1869 1116 οὐκ

300 1138 490 1211 ἔχοντα
515 1143 636 1196 οὐδὲ
665 1144 863 1213 γνῶσιν
886 1148 917 1219 ἢ
942 1146 1149 1201 ἔννοιαν
1176 1149 1284 1203 τῶν
1313 1150 1527 1217 κακῶν,
1556 1153 1871 1226 διερεθίζον-

296 1232 387 1296 τές
413 1251 481 1303 με
512 1235 800 1308 ὲπερώτων
836 1256 902 1309 με
938 1241 1060 1317 περὶ
1087 1241 1261 1294 αὐτῶν
1280 1282 1294 1306 ,
1325 1240 1512 1315 ὥσπερ
1538 1248 1570 1317 ἡ
1598 1248 1869 1316 Αἰγυπτία

295 1322 388 1378 τὸν
424 1326 619 1399 Ἰιοσὴφ
639 1372 653 1394 ,
686 1330 779 1383 καὶ
804 1333 852 1383 οἱ
884 1333 1240 1406 πρεσϐύτεροι
1267 1337 1363 1407 τὴν
1393 1338 1714 1394 Σουσάνναν.

381 1417 889 1493 Ἀνταπεδίδοσάν
934 1442 1042 1493 μοι
1076 1428 1309 1495 πονηρὰ
1344 1430 1479 1504 ἀντὶ
1522 1432 1724 1485 καλῶν
1768 1435 1866 1487 καὶ

294 1511 579 1566 ἀτεκνίαν
602 1513 680 1583 τῇ
715 1514 889 1583 ψυχῇ
919 1534 1045 1584 μου.
1130 1519 1291 1590 Ἐμοῦ
1324 1522 1768 1595 φιλοτιμουμένου
1801 1525 1867 1580 τὰ

296 1602 432 1673 πρὸς
486 1604 691 1668 πάντας
744 1604 1051 1687 καθήκοντα
1106 1611 1407 1682 ἀμέμπτως
1446 1614 1708 1668 ἐπιτελεῖν
1743 1616 1866 1686 βού-

292 1691 500 1759 λεσθαι,
522 1698 569 1749 εἰ
592 1695 815 1750 δυνατὸν
836 1698 974 1769 μετὰ
993 1700 1208 1755 πάντων
1229 1703 1527 1774 ἀνθρώπων
1544 1708 1864 1778 εἰρηνεύειν,

291 1789 467 1845 αὐτοὶ.
490 1790 611 1842 ἀντὶ
654 1787 855 1845 τούτων
886 1791 994 1845 τῶν
1028 1793 1206 1848 καλῶν
1239 1796 1451 1867 πονηρά
1484 1798 1867 1853 ἀνταπεδίδουν

294 1896 412 1949 μοι,
442 1880 628 1952 ἐχθροὶ
653 1882 751 1954 καῖ
766 1881 1049 1954 δυσμενεῖς
1067 1885 1153 1938 διὰ
1178 1886 1395 1941 πάντων
1415 1889 1828 1961 ἀναφαινόμενοι
1848 1909 1862 1922 ·

1974 705 2058 753 est
2088 715 2103 750 :
2140 695 2493 751 hallucinatio
2524 694 2724 765 quippe
2743 702 2827 750 est
2856 694 3130 757 arbitrari,
3176 709 3302 749 eum
3327 696 3535 765 qui-di-

1972 790 2158 843 vinum
2182 797 2363 844 servat
2390 788 2726 853 mandatum,
2775 788 2967 841 malam
3003 799 3113 842 non
3141 788 3362 844 novisse
3395 805 3530 845 rem.

1971 876 2107 932 Nam
2161 878 2549 933 discretionem
2577 878 2704 931 boni
2747 885 2802 932 et
2835 876 2962 930 mali
3010 886 3229 941 nactus,
3260 893 3291 932 a
3318 879 3532 934 caeteris

1972 983 2216 1034 aversus,
2245 969 2311 1024 ad
2340 976 2667 1040 praeceptum
2713 968 3038 1024 servandum
3068 969 3295 1025 accedit.
3327 968 3532 1038 Hujus-

1970 1061 2115 1115 modi
2141 1062 2304 1131 igitur
2349 1068 2432 1117 est
2480 1060 2623 1130 quod
2664 1060 2754 1114 hic
2789 1060 2983 1115 eﬂ‘atur
3009 1080 3021 1114 :
3046 1060 3126 1114 Me
3146 1061 3350 1114 nullum
3375 1061 3531 1115 mala:

1969 1151 2047 1204 rei
2071 1152 2497 1219 experimentum
2531 1158 2620 1203 aut
2636 1149 2880 1204 notitiam
2898 1149 3012 1205 sive
3038 1148 3414 1217 cogitationem
3434 1148 3531 1201 ha-

1970 1241 2185 1296 bentem
2214 1244 2575 1310 concitantes,
2614 1242 2680 1297 de
2701 1241 2769 1297 iis
2810 1241 3238 1312 interrogabant,
3267 1239 3531 1311 quemado

1968 1334 2189 1389 modum
2234 1335 2487 1406 [Egyptia
2525 1334 2928 1408 Josephum,et
2953 1350 3109 1390 senes
3129 1332 3455 1388 Susannam.

2038 1425 2206 1481 Vsus.
2245 1427 2331 1481 12.
2364 1426 2735 1481 Retribuebant
2764 1426 2891 1481 mihi
2921 1422 3063 1479 mala
3078 1441 3171 1490 pro
3185 1425 3331 1479 bonis
3351 1433 3399 1479 et
3423 1432 3527 1479 ste-

1966 1518 2217 1572 rilitatem
2246 1519 2438 1573 animae
2470 1535 2617 1573 meae.
2641 1518 2775 1572 Cum
2814 1518 2916 1573 hoc
2946 1533 3113 1571 unum
3147 1515 3441 1579 studerem,
3469 1522 3531 1571 ut

1966 1613 2323 1683 congruentia
2345 1612 2601 1668 omnibUs
2630 1610 2749 1667 sine
2765 1611 3188 1680 reprehensione
3217 1624 3531 1680 peragerem

1967 1702 2253 1773 siquidem
2286 1703 2458 1771 possit
2508 1714 2633 1758 cum
2666 1702 2921 1757 omnibus
2973 1701 3286 1756 hominibus
3337 1707 3530 1769 pacato

1968 1796 2086 1867 agi;
2124 1810 2223 1865 pro
2276 1795 2344 1851 iis
2392 1795 2472 1850 illi
2503 1795 2663 1850 bonis
2710 1795 2852 1848 mala
2884 1793 3256 1863 rependebant
3289 1793 3443 1855 mihi,
3472 1793 3531 1848 in

1967 1887 2221 1943 omnibus
2258 1900 2380 1942 sese
2412 1880 2661 1941 inimicos
2708 1892 2868 1955 atque
2907 1881 3478 1959 infestos'exhibentes
3510 1901 3524 1937 :
3563 1917 3569 1930 ι

288 1972 350 2024 τὸ
399 1974 522 2026 ὅσον
571 1973 627 2027 δὲ
677 1976 764 2028 ἐπ’
796 1976 980 2040 αὐτοῖς
1014 1977 1113 2048 τὴν
1144 1981 1201 2032 ὲν
1237 1980 1419 2044 καλοῖς
1461 1982 1740 2037 εὐτεκνίαν
1767 1984 1848 2056 τῆς

1967 1994 2031 2034 ac
2058 1985 2321 2049 quantum
2358 1978 2415 2031 in
2442 1977 2576 2047 ipsis
2591 1985 2731 2041 erat,
2766 1978 2961 2033 animae
3004 1993 3137 2034 meae
3182 1978 3237 2032 in
3266 1976 3423 2032 bonis
3449 1975 3529 2033 fe-

286 2067 465 2141 ψυχῆς
502 2082 603 2141 μου
632 2071 873 2142 ἀναιρεῖν
902 2073 1230 2145 ἐπεχείρουν.
1310 2076 1372 2128 Et
1413 2076 1573 2145 γοῦν,
1625 2078 1867 2141 πεισθεὶς

286 2160 469 2214 αὐτῶν
490 2161 614 2247 ταῖς
638 2163 939 2234 ἐρωτήσεσι
965 2164 1203 2229 τοιοῦτος
1230 2162 1502 2235 ἐγεγόνειν
1540 2163 1650 2222 οἷον
1680 2170 1865 2239 ἧθελόν

289 2268 355 2326 με
386 2255 648 2326 ποιῆσαι,
679 2256 1050 2344 ἠτεκνώθηιᾶν
1077 2256 1108 2330 ἠ
1134 2258 1277 2329 ψυχή
1314 2276 1414 2330 μου
1442 2303 1455 2325 ,
1494 2262 1687 2333 μηκέτι
1710 2256 1862 2334 δεχο-

286 2344 425 2416 μένη
456 2346 735 2420 τάςίθείας
761 2346 856 2401 τοῦ
889 2349 1122 2420 νυμφίου
1156 2350 1337 2418 γονάς.
1410 2353 1475 2404 El
1505 2353 1561 2406 δὲ
1585 2354 1751 2407 τέκνα
1778 2354 1890 2411 λέ-,

283 2456 466 2509 γοιντο
486 2442 536 2493 οἰ
561 2441 799 2513 μαθηταὶ
819 2442 914 2496 τοῦ
934 2443 1239 2510 διδάξαντος
1256 2485 1268 2507 ,
1302 2446 1393 2498 καὶ
1416 2446 1584 2510 ὅντως
1610 2447 1862 2501 ἀτεκνοῦ-

282 2544 371 2586 ται
400 2533 432 2602 ή
465 2532 611 2603 ψυχὴ
644 2532 739 2587 τοῦ
769 2532 1085 2588 διδασκάλου
1105 2577 1121 2599 ,
1177 2536 1453 2606 σφάλμασι
1488 2537 1860 2607 περιπεσοῦσα

283 2622 363 2693 τῷ
389 2624 587 2695 ἑαυτῆς
614 2625 891 2695 σκανδάλῳ
910 2664 924 2689 ,
953 2625 1252 2697 ἀναιροῦσα
1281 2628 1407 2691 τοὺς
1432 2628 1489 2695 ἐξ
1517 2629 1684 2700 αὐτῆς
1709 2646 1860 2697 γενο-

288 2717 485 2786 μένους
511 2717 600 2771 διά
654 2718 971 2788 μαθητείας.
1033 2720 1177 2772 Ἀντὶ
1204 2717 1261 2772 δὲ
1290 2720 1383 2773 τοῦ
1404 2761 1418 2783 ,
1471 2715 1752 2777 ἀτεκνίαν
1782 2721 1858 2793 τῇ

280 2809 458 2878 ψυχῇ
483 2826 639 2878 μου.
681 2802 1160 2882 Ἀνέστραμμένα
1188 2812 1339 2867 κατά
1368 2811 1476 2881 τῆς
1496 2807 1699 2884 ψυχῆς
1713 2828 1853 2883 μου,

278 2893 311 2954 δ
343 2898 639 2973 Σύμμαχος
652 2901 931 2975 ἐξέδωκεν.

364 3064 581 3147 Ἐπειδὴ
610 3077 677 3132 τά
708 3078 1042 3151 προκείμενα
1073 3078 1339 3150 συνῆπται
1369 3081 1480 3144 τοῖς
1510 3081 1568 3134 ὲν
1596 3081 1674 3151 τῷ
1700 3098 1854 3154 τρια-

250 3254 253 3255 ,
280 3167 460 3245 κοστῷ
492 3169 659 3241 τρίτῳ
694 3169 892 3242 ψαλμῷ
925 3170 1372 3243 προλελεγμένοις
1394 3189 1409 3207 ο
1461 3173 1642 3226 ἐκεῖνα
1661 3172 1725 3226 ’δὲ
1758 3173 1855 3244 τῆς

284 3258 522 3331 ἱστορίας
552 3262 891 3333 ὲμνημόνευε
917 3264 1014 3334 τῆς
1045 3263 1185 3318 κατά
1214 3264 1303 3317 τὸν
1343 3264 1658 3336 Ἀϐιμέλεχ,
1685 3267 1769 3334 ἐφ’
1792 3261 1854 3319 οὗ

1969 2068 2414 2125 cunditatem'de
2462 2068 2643 2123 medio
2698 2069 2891 2124 tollere
2949 2070 3234 2124 curabant.
3274 2067 3417 2124 Sane
3477 2070 3528 2125 si

1967 2166 2155 2219 eorum
2174 2147 2562 2232 quaestionibus
2586 2161 3071 2230 obtemperassem,
3108 2162 3232 2217 talis
3283 2159 3528 2231 profecto

1964 2255 2179 2324 qualem
2210 2253 2313 2324 ipsi
2336 2252 2590 2308 volebant
2619 2250 2846 2308 effectus
2885 2268 3085 2319 essem,
3118 2254 3358 2323 orbaque
3375 2252 3529 2320 prole

1964 2345 2155 2401 fuisset
2180 2345 2359 2400 anima
2388 2360 2528 2409 mea,
2553 2344 2739 2399 divina
2780 2346 2963 2413 Sponsi
3008 2345 3217 2400 semina
3249 2360 3359 2399 non
3386 2342 3529 2399 ulte?-

1961 2437 2076 2492 rius
2105 2419 2402 2507 excipiens.
2428 2435 2583 2503 Quod
2628 2436 2675 2490 si
2726 2434 2977 2505 discipuli
3008 2436 3250 2490 doctoris
3297 2434 3382 2490 sui
3420 2435 3528 2488 'tilii

1960 2542 2081 2581 esse
2130 2520 2419 2589 dicantur:
2463 2542 2528 2579 ea
2585 2542 2818 2597 quoque,
2855 2526 3067 2581 ratione
3104 2526 3253 2595 prole
3305 2525 3528 2579 orhatur

1960 2619 2136 2672 anima
2156 2618 2415 2679 doctaris,
2438 2617 2681 2687 ejusdem
2701 2618 2900 2673 erratis
2930 2619 2983 2671 in
3014 2615 3396 2673 oﬂendiculum
3428 2616 3527 2671 abs

1959 2725 2017 2765 se
2058 2719 2304 2779 paratum
2356 2708 2599 2778 delapsa,
2642 2710 2768 2762 dum
2813 2724 2912 2778 per
2962 2709 3265 2762 doctrinam
3297 2724 3392 2764 eos
3429 2708 3524 2777 qui

1957 2799 2054 2854 abs
2076 2815 2141 2857 se
2162 2800 2273 2853 nati
2304 2807 2431 2855 sunt
2464 2798 2748 2852 interimit.
2773 2797 2877 2852 Pro
2905 2798 2997 2852 illo
3032 2807 3233 2859 autem,
3266 2798 3526 2852 sterilita-
3600 2787 3610 2795 ’

1957 2899 2056 2947 tem
2084 2894 2271 2946 anima:
2292 2908 2456 2958 meae,
2510 2899 2752 2961 perversa
2804 2900 2991 2945 contra
3051 2892 3284 2944 animam
3330 2907 3522 2960 meam,

1947 2976 2118 3042 'vertit
2148 2983 2531 3056 Symmachus.

2024 3078 2289 3146 Quoniam
2325 3078 2441 3132 haec
2470 3087 2591 3149 qua!
2630 3078 2755 3151 jam
2792 3084 3093 3131 tractamus
3136 3091 3260 3131 cum
3303 3075 3371 3132 iis
3403 3091 3524 3146 quae

1956 3172 2013 3228 in
2054 3171 2331 3247 tricesimo
2364 3170 2526 3226 tertio
2568 3161 2781 3238 psalmo
2816 3166 3097 3238 praemissa
3152 3174 3282 3221 sunt
3316 3180 3525 3221 conne-

1956 3272 2212 3331 ctuntur;
2250 3264 2343 3317 illa
2370 3279 2500 3319 vero
2521 3263 2587 3319 de
2608 3262 2836 3317 historia
2855 3258 3168 3316 Abimelech
3194 3248 3526 3315 mentienem

280 3351 541 3421 ἡλλοίωσε
570 3354 629 3407 τὸ
663 3354 950 3427 πρόσωπον
973 3355 1136 3409 αὐτοῦ
1154 3397 1169 3421 ,
1203 3358 1342 3411 κατά
1367 3357 1435 3410 τὰ
1460 3357 1848 3428 ἀποδεδομένα·

1961 3358 2157 3419 fecere,
2187 3356 2331 3426 apud
2357 3359 2540 3425 quem,
2579 3356 2658 3407 uti
2700 3354 2953 3423 superius
2988 3352 3249 3407 traditum
3279 3359 3383 3416 est,
3421 3351 3527 3405 im-

278 3443 419 3514 τάχα
445 3460 550 3498 που
579 3445 802 3500 δύναται
827 3446 1010 3500 καὶτὰ
1037 3448 1173 3517 μετά
1201 3452 1388 3519 χεῖρας
1419 3451 1505 3503 ἐπ’
1533 3452 1715 3504 ἐκεῖνα
1734 3452 1857 3505 ἀνα-

279 3533 559 3606 φέρεσθαι.
581 3536 779 3591 Μαθὼν
800 3537 908 3608 γάρ
928 3539 955 3590 ὁ
976 3538 1147 3591 Σαοὺλ
1165 3556 1238 3591 πα
1246 3539 1313 3607 ρά
1334 3541 1491 3612 Δωὴκ
1508 3580 1522 3604 ,
1540 3543 1615 3605 ὡς
1630 3543 1854 3611 ἀφῖκται

278 3626 441 3681 Δαυῒδ
470 3627 606 3699 πρὸς
647 3629 931 3700 Ἀὅιμὲλεχ
956 3669 970 3691 ,
1011 3630 1205 3701 ἄρτους
1236 3648 1295 3684 τε
1332 3632 1568 3703 εἰληφὼς
1593 3633 1854 3687 διασέσω-

281 3722 402 3787 σται
419 3758 435 3782 ,
467 3719 685 3783 πάντας
705 3721 880 3775 ἀνεῖλε
907 3723 1029 3786 τοὺς
1058 3723 1217 3794 ἱερεῖς
1243 3722 1336 3776 τοῦ
1365 3724 1590 3793 Κυρίου,
1609 3725 1769 3778 αὐτόν
1793 3731 1853 3799 τε

277 3810 370 3865 τὸν
416 3810 703 3883 Ἀϐιμέλεχ
737 3814 1016 3882 παγγενεί.
1057 3812 1403 3869 Δύναταιλοῦν
1432 3806 1604 3870 ταῦτα
1636 3820 1663 3871 ὁ
1691 3817 1853 3871 Δαυῖδ

279 3905 358 3965 είς
384 3905 679 3975 πρόσωπον
704 3905 797 3959 τοῦ
826 3906 1005 3959 Σαοὺλ
1023 3909 1319 3980 εἰρηκέναι,
1348 3908 1420 3972 ὡς
1450 3910 1542 3962 καὶ
1568 3911 1740 3962 πάντα
1762 3911 1851 3964 τὸν

518 4001 599 4062 είς
634 4000 837 4053 ἐκεῖνον
864 4000 1226 4072 ἀναφέρεσθαι
1262 4001 1352 4054 τὸν
1390 4002 1605 4074 καιρὸν,
1638 4001 1759 4055 καθ’
1792 4002 1851 4055 ὃν

214 4144 215 4147 η
276 4088 435 4161 Δωὴκ
490 4089 1002 4164 ἐψευδομαρτύρησε
1060 4093 1153 4148 τοῦ
1213 4092 1497 4164 Ἀὅιμὲλεχ
1556 4094 1705 4163 παρά
1756 4090 1848 4147 τοῦ

277 4180 449 4235 Σαούλ
468 4198 481 4211 ο
520 4181 612 4235 καὶ
648 4181 788 4252 τάχα
820 4183 879 4235 τὸ
907 4183 1131 4254 Πνεῦμα
1158 4184 1218 4237 τὸ
1254 4184 1435 4253 ἅγιον,
1465 4184 1532 4238 τὰ
1565 4184 1710 4255 πάθη
1742 4186 1850 4239 τῶν

274 4273 467 4346 ῐερέων
495 4273 807 4344 ὑπογράφον
834 4313 849 4337 ,
882 4273 951 4327 τὰ
986 4274 1318 4345 προκείμενα
1342 4276 1611 4346 ηάνεφώνει
1642 4269 1812 4344 λέγων
1834 4295 1845 4307 ·

275 4360 776 4435 Δίκασον,·Κύριε,
810 4360 951 4434 τοὺς
988 4366 1343 4436 ἀδικοῦντάς
1362 4389 1458 4441 με,
1490 4374 1582 4426 καὶ
1603 4373 1670 4427 τά
1701 4372 1848 4443 ἑξῆς.

274 4456 355 4513 Τά
385 4459 443 4513 δὲ
479 4459 825 4531 μονοτρόπως
856 4460 1118 4531 εἰρημένα
1151 4464 1276 4533 περὶ
1309 4465 1427 4528 ένός
1465 4482 1608 4531 τινος
1646 4468 1703 4518 ἐν
1735 4466 1846 4537 τῷ,

286 4551 537 4609 Ἐλθέτω
561 4551 720 4617 αὐτῷ
748 4552 927 4621 παγίς
948 4551 1029 4620 ἣν
1050 4555 1131 4606 .οὐ
1158 4554 1434 4623 γινώσκει
1452 4560 1597 4627 »καὶ
1629 4560 1666 4627 ἡ
1698 4559 1850 4629 θήρα

272 4632 352 4712 ἢκ
371 4644 603 4714 ἔκρυψε
623 4644 974 4700 συλλαὸέτω
995 4642 1197 4708 αὑτὸν,
1224 4648 1319 4699 καὶ
1345 4649 1413 4701 ἐν
1434 4648 1509 4718 τῇ
1531 4650 1731 4721 παγίὸι
1755 4666 1849 4706 πε-

1956 3450 2185 3504 mutavit
2213 3449 2626 3512 vultumsuum';
2665 3445 2896 3522 fortasse
2925 3447 3136 3514 possint
3166 3444 3291 3511 haec,
3311 3460 3433 3513 qua:
3466 3445 3524 3499 in

1939 3539 2220 3613 praesenti
2259 3547 2493 3610 aguntur
2522 3538 2587 3591 ad
2637 3537 2727 3591 illa
2748 3535 2963 3592 referri.
2990 3534 3123 3588 Nam
3155 3550 3279 3589 cum
3314 3533 3442 3588 Saul
3482 3550 3523 3588 ta

1956 3633 2099 3689 Doec
2122 3633 2438 3689 edidicisset
2478 3629 2738 3684 Davidem
2763 3628 2827 3683 ad
2853 3626 3166 3682 Abimelech
3196 3627 3519 3690 accessisse,

1954 3735 2135 3796 atque,
2163 3727 2399 3795 acceptis
2421 3717 2945 3795 panibus,‘salutem
2992 3728 3213 3778 nactum
3247 3737 3368 3777 esse
3417 3720 3520 3793 [ne

1958 3817 2094 3872 fame
2124 3816 2371 3888 periret],
2404 3831 2593 3871 omnes
2650 3813 2961 3870 sacerdotes
2986 3811 3201 3875 Domini
3235 3811 3521 3883 ipsumque

1950 3908 2261 3963 Abimelech
2293 3910 2635 3977 cum'genere
2656 3924 2773 3963 suo
2806 3906 3167 3962 internecioni
3214 3906 3380 3961 dedit.
3415 3903 3521 3959 Po-

1953 4002 2198 4072 tuitergo
2218 3998 2386 4055 David
2411 3999 2536 4055 haec
2552 4000 2619 4056 de
2644 4015 2878 4072 persona
2907 3998 3088 4054 Saulis
3113 3998 3313 4061 dicere,
3352 3999 3426 4051 ita
3462 4005 3522 4053 ut

1951 4101 2098 4149 totus
2128 4094 2370 4164 psalmus
2423 4094 2490 4148 ad
2537 4094 2592 4149 id
2614 4094 2878 4164 temporis
2922 4092 3215 4155 referatur,
3242 4105 3350 4160 quo
3378 4089 3522 4144 Doec

1952 4172 2141 4243 contra
2200 4187 2513 4243 Abimelech
2559 4189 2701 4259 apud
2757 4188 2973 4242 Sauletn
3037 4186 3231 4239 falsum
3276 4184 3523 4238 testimo-

1950 4268 2303 4345 niuquixit:
2334 4292 2386 4338 et
2405 4281 2637 4338 fortasse
2665 4281 2903 4353 Spiritus
2921 4285 3145 4334 sanctus
3176 4274 3522 4329 sacerdotum

1950 4376 2159 4432 cladem
2216 4376 2535 4435 describens
2566 4376 2679 4430 haec
2721 4375 2919 4429 dixerit
2951 4390 2963 4424 :
3020 4368 3238 4431 Judica,
3274 4365 3519 4429 Domine,

1951 4478 2187 4523 nocentes
2218 4485 2317 4529 me.
2346 4477 2398 4524 et
2436 4477 2650 4523 caetera.
2685 4466 2814 4532 Qua:
2860 4477 3021 4533 porro
3052 4460 3117 4513 de
3147 4473 3257 4512 uno
3286 4458 3400 4513 solo
3444 4456 3523 4511 di-

1943 4570 2167 4625 ‘cuntur,
2204 4571 2265 4615 ut
2304 4561 2433 4615 illttd
2465 4569 2548 4615 est
2581 4580 2592 4614 :
2635 4558 2815 4611 Veniat
2844 4555 2924 4609 illi
2945 4554 3162 4624 laqueus
3188 4567 3337 4631 quem
3365 4552 3518 4621 igno-

1953 4663 2059 4718 rat,
2086 4663 2134 4708 et
2162 4653 2333 4721 captio
2351 4666 2506 4720 quam
2530 4648 2801 4704 abscondit
2829 4644 3179 4721 apprehendat
3224 4659 3362 4708 eum,
3385 4651 3434 4695 et
3462 4641 3521 4694 in

271 4736 461 4791 σεῖται
490 4738 560 4791 ἐν
587 4735 767 4805 αὐτῇ,
809 4735 1027 4789 δύναται
1055 4736 1131 4807 τῷ
1162 4737 1318 4809 Δωὴκ
1346 4738 1695 4810 ἐφαρμόζειν.
1734 4744 1843 4796 Καὶ

1957 4750 2190 4817 laqueum
2230 4744 2384 4798 cadat
2414 4745 2468 4797 in
2497 4744 2686 4812 ipsum,
2710 4740 2850 4797 Doec
2875 4739 3076 4795 ascribi
3111 4743 3359 4819 possunt.
3385 4728 3519 4789 illud

270 4826 329 4881 τὺ
341 4868 357 4892 ,
386 4820 786 4896 Ἀναστάντες
797 4829 1092 4904 μάρτυρες
1106 4828 1317 4893 ἄδικοι,
1334 4829 1371 4883 ἃ
1388 4833 1497 4884 οὐκ
1512 4830 1845 4900 ἐγίνωσκον

1957 4848 2149 4903 autem,
2189 4834 2464 4901 Surgentes
2488 4842 2640 4887 testes
2662 4833 2851 4903 iniqui,
2881 4844 2996 4901 qua:
3027 4829 3335 4901 ignorabam
3357 4825 3519 4877 inter-

270 4918 509 4987 ἠρώτων
522 4938 600 4991 με
620 4938 633 4952 °
667 4920 1148 4976 ἀνταπεδίδοσάν
1171 4940 1273 4990 μοι
1304 4921 1536 4990 πονηρὰ
1554 4923 1688 4977 ἀντὶ
1707 4925 1843 4994 ἀγει-

1957 4930 2205 4998 rogabant
2247 4940 2361 4989 me;
2394 4924 2754 4983 rctribuebant
2792 4923 2921 4977 mihi
2969 4921 3113 4975 mala
3144 4934 3237 4987 pro
3269 4915 3438 4980 bonis,
3466 4921 3519 4967 et

270 5004 387 5066 θῶν
413 5054 431 5079 ,
465 5014 566 5067 καί
603 5012 886 5070 ἀτεκνίαν
910 5012 986 5083 τῇ
1010 5013 1183 5085 ψυχῇ
1218 5032 1336 5084 μου
1358 5054 1372 5077 ,
1436 5018 1499 5068 ἐκ
1552 5018 1840 5087 προσώπου

1957 5020 2279 5076 sterilitatem
2304 5018 2494 5072 anima:
2521 5034 2667 5082 meae,
2694 5032 2757 5071 ex
2780 5012 3113 5070 Abimelechi
3138 5022 3367 5080 persona
3389 5020 3517 5074 pro-

272 5104 484 5176 Λεχθείη
512 5096 578 5160 ἀν
609 5106 704 5161 τοῦ
745 5096 1046 5180 Ἀϐιμέλεχ.
1083 5110 1190 5161 Καὶ
1219 5107 1389 5161 ταῦτα
1420 5106 1477 5160 δὲ
1508 5108 1655 5172 εἰκὸς
1686 5113 1838 5181 εἰρη-

272 5195 419 5249 κέναι
443 5184 535 5259 τὸν
567 5198 730 5253 Δαυτδ
751 5217 765 5230 ο
796 5201 959 5254 αὑτοῦ
990 5202 1098 5274 γὰρ
1126 5200 1525 5273 ἐπιγέγραπται
1557 5203 1585 5255 ὁ
1605 5201 1839 5273 ψαλμὸς,

271 5282 601 5359 ἀποστολικῇ
629 5291 865 5344 διαθέσει
896 5293 1137 5360 λέξοντος
1164 5294 1227 5348 ἄν
1247 5310 1259 5324 ·
1319 5292 1413 5360 Τίς
1438 5295 1707 5362 ἀσθενεῖ,
1743 5299 1841 5353 καί

271 5378 377 5431 dim
407 5377 644 5432 ἀσθενῶ
659 5394 679 5441 ;
705 5381 795 5445 τίς
820 5382 1305 5445 σκανδαλίζεται,
1335 5381 1432 5435 καὶ
1464 5383 1574 5435 οὐκ
1594 5383 1709 5452 ἐγὼ
1728 5403 1840 5441 πυ-

271 5469 513 5539 ροῦμαι;
552 5466 646 5522 καὶ
667 5507 683 5533 ,
716 5472 1018 5538 Παθόντος
1048 5474 1185 5541 ἐνὸς
1206 5475 1460 5544 μέλους,
1480 5475 1839 5545 συμπάσχει

273 5562 466 5617 πάντα
496 5560 567 5616 τὰ
589 5552 767 5630 μέλη.
804 5563 913 5616 Καὶ
939 5564 1092 5627 ἄλλος
1110 5567 1166 5619 δὲ
1192 5567 1343 5638 παρὰ
1362 5564 1531 5618 ταῦτα
1559 5564 1839 5641 μάρτυρας

271 5655 365 5723 μὲν
394 5652 614 5718 ἀδίκους
645 5654 786 5707 εῖποι
812 5649 876 5707 ἄν
908 5672 991 5719 τις
1024 5658 1229 5722 πάντας
1253 5662 1378 5722 τους
1400 5650 1838 5727 ὲνδιαϐάλλοντας

275 5747 354 5801 τὸν
385 5746 546 5801 Δαυῖδ
578 5745 727 5819 παρά
756 5747 849 5801 τοῦ
880 5744 1051 5801 Σαούλ
1073 5766 1085 5779 ·
1119 5744 1239 5803 τότε
1273 5752 1370 5821 μὲν
1403 5752 1509 5821 γὰρ
1542 5752 1589 5805 οἱ
1624 5752 1835 5809 lunato:

332 5924 377 5956 “
415 5922 460 5980 ll
493 5923 747 5989 Const,
782 5924 873 5977 29.
950 5928 992 5958 ²²
1033 5925 1053 5980 1
1088 5925 1214 5984 Cor.
1249 5943 1324 5983 xu
1350 5966 1365 5996 ,
1393 5925 1485 5985 26.

1945 5113 2192 5167 nuntiata
2237 5098 2438 5165 fuerint
2474 5130 2486 5164 :
2522 5126 2641 5181 quae
2688 5125 2786 5179 par
2835 5116 2921 5162 est
2971 5104 3175 5158 dixisse
3231 5097 3511 5157 Davidem,

1942 5206 2182 5276 psalmus
2224 5202 2426 5273 quippe
2484 5204 2602 5272 ejus
2655 5217 2776 5256 esse
2822 5197 3183 5253 inscribitur:
3222 5191 3268 5245 is
3297 5200 3515 5259 aposto-

1943 5297 2045 5350 lico
2086 5308 2237 5348 more
2263 5294 2343 5349 sic
2372 5293 2569 5362 eﬂatus
2619 5292 2906 5364 credatur:
2940 5286 3072 5353 Quis
3104 5284 3430 5351 inﬁrmatur,
3456 5289 3510 5360 et

1939 5405 2030 5460 ego
2064 5403 2165 5441 non
2199 5389 2478 5458 inﬁrmor?
2506 5388 2620 5455 quis
2675 5376 3094 5443 seandalizatur,
3160 5384 3209 5429 et
3263 5390 3356 5445 ego
3404 5388 3511 5430 ποτε

1945 5495 2070 5533 uror
2089 5480 2131 5509 “
2156 5476 2254 5532 ?Et
2285 5495 2297 5530 :
2337 5476 2394 5533 Si
2422 5477 2545 5549 quid
2576 5478 2811 5546 patiatur
2834 5488 2997 5525 unum
3024 5469 3333 5537 membrum,
3365 5482 3512 5519 com-

1944 5573 2219 5639 patiuntur
2248 5575 2425 5627 omnia
2458 5570 2688 5626 membra
2717 5569 2783 5618 ".
2834 5563 2900 5617 Et
2943 5561 3171 5619 forsitan
3201 5558 3342 5612 alius
3369 5572 3511 5628 prir-

1945 5674 2090 5719 terea
2122 5661 2291 5725 dicat.
2343 5664 2561 5735 iniquos
2610 5667 2775 5716 testes
2796 5671 2918 5712 esse
2958 5656 3225 5724 quotquot
3252 5647 3510 5703 Davidem

1943 5754 2085 5826 apud
2108 5754 2325 5815 Saulem
2352 5753 2668 5812 calumniati
2699 5760 2855 5818 sunt;
2889 5748 3049 5803 modo
3068 5744 3274 5815 quippe
3306 5739 3512 5811 Ziplaatl
