4302 6444
692 489 800 545 5θῦ

1340 488 1607 546 EUSEBII
1645 491 2131 551 CESARIENSIS
2167 495 2321 552 OPP.
2367 496 2546 552 PARS
2598 498 2685 552 lli.
2723 532 2788 541 ——
2832 500 3238 557 EXECETICA.

3832 500 3943 556 505

692 605 1013 661 accedentes
1024 604 1275 661 dicebant
1294 623 1307 659 :
1339 606 1469 663 Ecce
1486 608 1652 665 David
1674 610 2009 667 absconditus
2022 622 2101 667 est
2115 624 2245 683 apud

2318 636 2332 675 ι
2362 614 2546 684 ἔλεγον
2566 614 2808 680 ἐλθόντες
2833 634 2845 645 ·
2890 604 3042 670 Ἰδοὺ
3066 615 3245 671 Δαυῒδ
3275 618 3595 683 κέκρυπται
3626 630 3742 682 παρ
3760 613 3941 688 ’ἡμῖνν

692 716 787 755 nos
813 698 857 731 "
888 716 899 750 :
932 709 985 754 et
1013 698 1119 754 alio
1156 707 1402 770 tempore
1450 702 1564 767 alii,
1622 705 1877 773 gratiam,
1928 713 1987 761 ut
2030 706 2262 772 videtur,

693 791 834 864 apud
868 804 1047 861 regem
1106 791 1319 857 inituri,
1372 795 1545 848 multa
1578 795 1715 851 falsa
1770 799 2086 853 testimonia
2118 799 2265 855 dice-

694 886 840 947 bant,
866 893 920 940 et
944 900 1065 954 quae
1098 886 1213 955 ipse
1240 902 1416 957 neque
1437 899 1659 944 noverat
1683 906 1858 960 neque
1879 892 2144 964 cogitarat
2162 892 2265 963 ipsi

696 976 1064 1033 ascrihehant.
1113 976 1251 1032 Illud
1313 986 1519 1042 autem,
1564 980 1922 1037 retribuebant
1961 983 2089 1036 mihi
2121 982 2265 1037 mala

685 1084 781 1137 pro
799 1068 969 1131 bonis,
1001 1069 1070 1123 ad
1101 1070 1281 1139 ipsum
1312 1086 1530 1142 quoque
1556 1071 1814 1129 Davidem
1843 1074 2036 1131 referri
2059 1082 2259 1147 potest.

686 1158 819 1214 Nam
850 1161 1035 1217 multis
1065 1177 1095 1215 a
1118 1161 1324 1218 Davide
1370 1163 1530 1219 bonis
1559 1163 1788 1222 affectus
1847 1164 2000 1231 Saul,
2038 1175 2263 1223 contra-

684 1254 822 1310 riam
856 1255 967 1327 ipsi,
982 1256 1156 1313 vicem
1212 1259 1564 1328 rependebat,
1605 1260 1734 1316 dum
1772 1262 2023 1337 graviora
2071 1270 2262 1318 contra

685 1349 1057 1421 animamejus
1088 1351 1517 1420 machinaretur,
1581 1362 1635 1410 et
1689 1356 2032 1412 sterilitatem
2066 1357 2264 1412 animm

682 1441 806 1511 ejus
854 1441 1103 1499 inferret.
1136 1442 1292 1500 Tunc
1327 1461 1493 1516 porro
1546 1448 1805 1505 sterilitas
1841 1449 2033 1504 animae
2082 1450 2259 1516 adest,

682 1534 811 1588 dum
846 1535 1054 1590 semina
1074 1553 1195 1608 qua:
1226 1537 1285 1593 in
1324 1539 1557 1594 aliorum
1588 1540 1879 1596 utilitatem
1913 1542 2141 1612 spargit,
2168 1551 2263 1597 aut

680 1642 802 1699 quae
835 1644 931 1699 per
955 1630 1261 1686 doctrinam
1292 1632 1509 1699 emittit,
1531 1632 1768 1690 fructum
1800 1651 1907 1690 non
1937 1635 2137 1692 ferunt.
2170 1635 2263 1691 Sic

680 1738 809 1794 ergo
834 1738 959 1778 cum
993 1723 1162 1778 David
1200 1726 1369 1781 multa
1405 1725 1554 1782 Sauli
1598 1728 1740 1783 bona
1773 1730 2038 1800 gigneret,
2060 1728 2259 1785 sterili-

680 1824 844 1871 tatem
879 1817 983 1888 ipsi
1010 1815 1140 1871 Saul
1161 1817 1447 1884 inferebat,
1468 1835 1576 1891 non
1601 1820 1796 1892 dignos
1824 1820 2082 1877 emittens
2104 1838 2261 1894 spar-

680 1925 869 1966 sorum
903 1910 1177 1966 seminum
1212 1909 1450 1967 fructus.

747 2001 919 2059 Vsus.
953 2003 1040 2057 15.
1078 2003 1189 2074 Ego
1245 2013 1442 2068 autem,
1484 2021 1604 2058 cum
1640 2005 1768 2058 mihi
1813 2006 2021 2060 molesti
2064 2018 2257 2075 essent,
2292 1989 2331 2044 Β

676 2093 935 2148 induebar
965 2096 1161 2149 cilicio.
1197 2093 1265 2147 Et
1290 2095 1637 2149 humiliabam
1686 2097 1741 2150 in
1782 2097 1990 2167 jejunio
2019 2101 2255 2154 animant

676 2204 871 2250 meam,
902 2196 949 2240 et
973 2189 1146 2240 oratio
1173 2204 1288 2241 mea
1303 2188 1358 2241 in
1385 2189 1504 2242 sinu
1549 2204 1661 2243 meo
1707 2200 2049 2245 convertelur.
2081 2191 2163 2246 Ad
2193 2208 2256 2248 ea

676 2295 797 2349 qua:
849 2279 999 2350 prius
1052 2280 1253 2334 tradita
1283 2289 1432 2344 sunt,
1486 2282 1781 2352 perpende,
1820 2298 2013 2353 .queeso
2045 2325 2059 2345 ,
2128 2300 2255 2339 num

674 2371 791 2428 hac
829 2388 1075 2442 personm
1131 2371 1430 2429 Salvatoris
1479 2375 1652 2429 nostri
1687 2376 1981 2431 convenire
2031 2387 2252 2448 queant,

673 2468 1099 2540 propheticeque
1152 2467 1220 2523 de
1266 2468 1387 2538 ipso
1433 2468 1798 2537 praenuntiata
1849 2468 2069 2527 fuerint.
2120 2470 2256 2528 Vide

671 2559 840 2629 igitur
894 2573 1025 2613 num
1052 2573 1118 2613 eo
1148 2564 1313 2627 pacto
1343 2559 1634 2623 sententia,
1667 2558 1818 2611 nullo
1868 2560 2058 2623 obice,
2094 2560 2255 2629 plana

671 2649 887 2704 evadat.
950 2646 1199 2703 Salvator
1247 2648 1392 2705 enim
1448 2656 1633 2703 noster
1694 2645 1841 2702 Patri
1891 2664 1992 2705 suo
2036 2650 2253 2706 initium

672 2741 867 2813 psalmi
948 2740 1247 2798 secundum
1323 2740 1715 2795 humanitatem
1770 2741 2015 2809 dixerit,
2080 2759 2255 2813 usque

673 2834 743 2888 ad
775 2834 928 2899 illud,
960 2844 1009 2889 et
1058 2828 1309 2889 conclude
1337 2834 1587 2890 adversus
1628 2850 1718 2889 eos
1749 2835 1839 2905 qui
1870 2847 2254 2906 persequuntur

673 2941 756 2979 me
784 2940 802 2979 :
839 2925 893 2979 in
925 2925 1187 2981 vicesimo
1220 2926 1397 2997 primo
1421 2928 1548 2981 item
1578 2927 1813 2997 psalmo,
1844 2927 1935 2997 qui
1962 2930 2252 2999 perspicue

671 3017 741 3074 ab
769 3018 887 3089 ipso
913 3016 1204 3088 profertur,
1242 3017 1446 3073 dictum
1476 3026 1591 3073 est:
1626 3016 1701 3071 In
1720 3018 2045 3087 adjutorium
2083 3038 2252 3076 meum

670 3110 910 3181 intende;
950 3110 1062 3166 imo
1085 3120 1139 3167 et
1160 3113 1224 3165 in
1254 3110 1566 3180 Evangeliis
1596 3110 1829 3165 orationi
1864 3127 2089 3168 vacasse
2120 3130 2251 3168 nar-

669 3212 843 3260 ratur.
878 3204 944 3258 Et
968 3219 1103 3261 sane
1121 3219 1243 3274 qua:
1286 3203 1375 3257 hic
1407 3202 1609 3272 scripta
1644 3210 1791 3266 sunt,
1826 3214 1949 3273 post
1980 3216 2249 3275 patratum

672 3314 702 3353 a
728 3296 931 3352 Iudaeis
967 3298 1022 3352 in
1047 3313 1170 3353 eum
1205 3296 1420 3353 facinus
1442 3311 1607 3367 opere
1636 3295 1750 3365 ipse
1778 3299 2091 3368 complevit.
2127 3299 2253 3355 Fra-

672 3406 793 3446 mea
833 3391 1034 3462 quippe
1083 3390 1358 3454 militaris,
1392 3389 1707 3460 bellumque
1736 3386 2110 3447 Romanorum
2142 3408 2251 3448 non

672 3472 766 3538 diu
799 3492 1008 3559 postea,
1039 3499 1139 3538 nec
1163 3484 1283 3539 sine
1313 3481 1407 3537 Dei
1435 3481 1665 3553 judicio,
1694 3484 1913 3539 institit.
1946 3482 2079 3538 Nam
2108 3483 2252 3544 Deus

672 3576 790 3648 ipse
822 3584 960 3643 erat,
999 3578 1092 3647 qui
1128 3592 1223 3649 per
1261 3576 1517 3633 hostilem
1558 3575 1858 3631 exercitum
1893 3574 2043 3648 ipsos
2073 3579 2255 3649 impu-

669 3671 892 3742 gnabat.
931 3671 985 3725 Id
1023 3686 1118 3743 per
1169 3671 1488 3743 parabolam
1547 3670 1802 3727 Salvator
1850 3672 1965 3741 ipse
2011 3672 2253 3728 declarat

672 3765 742 3820 iis
771 3766 865 3836 qui
892 3767 1235 3820 vocationem
1266 3765 1333 3819 ad
1364 3764 1583 3834 nuptias
1612 3772 1958 3835 respuerant,
1996 3763 2250 3819 nuntios-

671 3873 780 3929 que
820 3856 1236 3923 intcrfecerant;
1269 3857 1399 3911 dum
1430 3857 1527 3918 ait,
1572 3873 1752 3929 regem
1786 3858 2004 3913 misnsse
2039 3858 2253 3913 exerci-

671 3961 762 4007 tus
815 3966 946 4005 suos
978 3958 1033 4004 et
1082 3950 1362 4023 civitatem
1416 3964 1607 4013 eorum
1655 3950 2011 4006 succendisse
2046 3949 2110 4002 ’³.
2159 3951 2251 4006 Sic

674 4043 858 4112 itaque
886 4058 949 4096 ea
1002 4057 1125 4111 qua:
1167 4040 1279 4117 jam
1313 4048 1614 4096 tractamus
1658 4043 1877 4114 impleta
1928 4054 2077 4099 sunt.
2110 4044 2249 4112 Quia

670 4137 815 4193 enim
844 4137 916 4191 illi
941 4152 1063 4190 cum
1086 4134 1225 4190 Filio
1247 4134 1338 4191 Dei
1366 4136 1551 4206 inique
1571 4140 2073 4207 egerunt,damnali
2099 4150 2247 4205 sunt,

671 4232 914 4302 ultioque
944 4230 1229 4303 sanguinis
1258 4230 1380 4300 ejus
1411 4216 1627 4300 sumpta
1682 4243 1787 4287 est.
1841 4233 1905 4288 Et
1952 4238 2078 4307 quia
2126 4252 2249 4292 sese

668 4322 873 4377 Christi
907 4322 1159 4377 inimicos
1196 4319 1565 4391 praebuerunt,
1603 4334 1633 4372 a
1678 4319 1788 4374 Deo
1828 4320 1947 4391 ipso
1994 4323 2249 4378 debellati

670 4425 819 4489 sunt,
861 4432 985 4471 cum
1016 4414 1163 4480 telis,
1195 4413 1385 4485 clypeo
1424 4421 1479 4467 et
1527 4411 1753 4476 framea,
1812 4412 2072 4470 irruente.
2130 4414 2247 4471 Non

668 4510 884 4565 occulte
917 4509 1061 4563 enim
1098 4507 1249 4578 ipsos
1281 4506 1465 4560 divina
1500 4504 1654 4570 ultio,
1705 4504 1797 4559 sed
1838 4521 1933 4575 per
1967 4491 2248 4561 hominum

668 4602 945 4657 exercitus
985 4600 1177 4655 adorta
1215 4606 1320 4654 est.
1353 4596 1536 4652 Mirari
1572 4612 1705 4652 sane
1737 4596 1903 4660 subit,
1939 4612 2048 4667 quo
2091 4584 2250 4668 pacto

667 4697 874 4751 dictum
905 4694 1097 4749 fuerit:
1129 4690 1352 4762 Eﬁ‘unde
1377 4692 1652 4763 frameam.
1679 4691 1796 4745 Non
1818 4692 1985 4757 enim,
2010 4702 2068 4746 ut
2094 4692 2245 4757 olim,

668 4804 733 4842 ex
786 4795 939 4855 parte
993 4784 1171 4839 solum
1214 4784 1355 4839 bello
1407 4785 1847 4870 incessebantur,
1900 4784 1993 4841 sed
2030 4784 2245 4841 hostilis

669 4876 877 4932 framea
924 4883 1113 4929 contra
1147 4874 1271 4928 illos
1303 4873 1472 4929 effusa
1503 4874 1621 4943 est;
1673 4886 2004 4947 quapropter
2036 4875 2243 4931 dictum

666 4980 782 5027 est:
821 4969 1059 5024 Pervenit
1086 4956 1259 5022 autem
1282 4968 1350 5021 ad
1376 4968 1496 5022 illos
1519 4969 1602 5022 ira
1630 4971 1681 5023 in
1706 4970 1859 5038 linem
1886 4972 1931 5003 ’⁸
1952 4989 1966 5039 ;
1990 4978 2042 5027 et
2070 4969 2197 5023 alibi
2229 4988 2241 5023 :

672 5062 901 5133 E/fuude
924 5079 1080 5133 super
1108 5079 1193 5117 eos
1224 5062 1363 5124 iram
1414 5071 1558 5114 tuam
1593 5063 1659 5115 ’⁵.
1693 5062 1827 5129 Quis
1865 5078 2029 5135 porro
2062 5063 2245 5119 Histo-

670 5160 780 5211 rias
814 5156 984 5212 Flavii
1013 5155 1253 5228 .Jo'sephi
1290 5170 1637 5226 percurrens,
1671 5170 1970 5227 earumque
2016 5163 2243 5211 narratu

575 5237 587 5246 ’
669 5252 1035 5322 comperiens,
1066 5268 1175 5322 qua
1221 5249 1435 5304 ratione
1482 5247 1769 5303 obsidione
1797 5251 2066 5315 conclusi,
2102 5250 2245 5306 fame

669 5352 723 5401 et
749 5344 1109 5401 seditionibus
1155 5343 1477 5402 interibant,
1502 5356 1609 5396 non
1639 5356 1880 5411 praesens
1908 5344 2112 5398 dictum
2148 5343 2245 5398 ad-

670 5439 926 5493 miretur:
965 5436 1031 5490 Et
1062 5434 1314 5490 conclude
1343 5432 1592 5488 adversus
1624 5451 1710 5488 eos
1741 5436 1829 5505 qui
1868 5447 2245 5515 persequuntur

670 5532 796 5588 me?
827 5530 958 5597 Quae
994 5544 1121 5583 vero
1150 5536 1334 5598 postea
1365 5525 1798 5597 subsequuntur,
1830 5530 2006 5583 solum
2040 5529 2241 5599 Serva-

667 5631 841 5678 torem
894 5621 1037 5676 Patri
1088 5636 1205 5675 .suo
1254 5617 1553 5676 secundum
1614 5619 2002 5675 humanitatem
2056 5621 2241 5676 dicere

667 5705 921 5771 convenit
954 5709 973 5766 ε’
1000 5710 1100 5765 Dis
1130 5711 1319 5765 anima:
1361 5724 1528 5763 ntew:
1564 5706 1723 5762 Salus
1765 5718 1857 5762 tua
1885 5726 1975 5779 ego
2018 5726 2153 5770 sum,
2186 5714 2241 5763 et

666 5813 859 5861 caetera
891 5821 1062 5875 usque
1093 5802 1156 5857 ad
1189 5802 1320 5877 illud
1349 5822 1361 5858 :
1392 5801 1459 5855 Et
1473 5801 1686 5873 angelus
1720 5798 1926 5856 Domini
1964 5809 2238 5857 coarctans

2344 1348 2438 1411 ’νώ
2446 1376 2603 1429 μενος
2627 1399 2641 1421 ,

2368 710 2461 761 καὶ
2493 708 2677 762 ἄλλοτε
2712 708 2902 773 ἄλλους
2944 710 3123 774 εἰκὸς,
3184 708 3553 780 κεχαρισμένα
3605 706 3681 778 τῷ
3736 706 3945 777 βασιλεί

2367 799 2705 869 πράττοντας
2725 839 2738 861 ,
2776 799 2947 853 πολλὰ
2980 803 3098 854 κατ’
3128 801 3292 854 αὑτοῦ
3319 800 3779 871 ψευδομαρτυρεῖν
3803 840 3818 865 ,
3848 799 3945 852 καὶ

2365 890 2401 945 ἃ
2434 892 2508 963 μὴ
2535 893 2826 960 ἐγίνωσκεν
2858 893 2991 964 μηδὲ
3015 894 3287 956 διενοεῖτο,
3322 893 3496 946 ταῦτα
3525 893 3644 947 κατ’
3665 893 3827 946 αὐτοῦ
3856 893 3946 947 λέ-

2367 1000 2502 1051 γειν.
2534 985 2606 1038 Τὸ
2633 985 2700 1047 δ’.
2739 986 3248 1040 Ἀνταπεδίδοσὰν
3261 1005 3361 1056 μοι
3391 986 3623 1053 πονηρὰ
3648 987 3779 1040 ἀντὶ
3802 986 3944 1056 dra-

2364 1076 2505 1143 θῶν,
2536 1077 2757 1132 δύναται
2782 1082 2862 1143 εἰς
2891 1079 3052 1133 αὑτὸν
3075 1079 3459 1151 ἀναφέρεσθαι,
3507 1079 3721 1149 Ἐπειδὴ
3744 1077 3943 1153 πολλάέ

2364 1187 2452 1234 κις
2491 1166 2549 1225 εὖ
2580 1171 2765 1226 παθὼν
2800 1173 2905 1226 ὑπὸ
2928 1172 3021 1226 τοῦ
3053 1172 3215 1226 Δαυῖδ
3246 1177 3275 1225 ὁ
3299 1172 3470 1225 Σαοὺλ
3493 1212 3508 1234 ,
3542 1176 3652 1233 τοῖς
3680 1170 3945 1235 ἐναντίοις

2363 1264 2524 1318 αὐτὸν
2550 1264 2811 1336 ἠμείϐετο
2832 1306 2846 1329 ,
2882 1265 3028 1320 δεινὰ
3060 1263 3201 1319 κατὰ
3223 1264 3322 1335 τῆς
3359 1265 3537 1335 ψυῂς
3560 1262 3723 1317 αὐτοῦ
3761 1280 3943 1335 μηχα-

2690 1360 2785 1413 καὶ
2843 1360 3096 1414 ἀτεκνίαν
3147 1360 3285 1429 ἐμπς
3314 1358 3390 1410 ῶν
3440 1360 3506 1429 τῇ
3559 1357 3702 1427 ψυχῇ
3754 1353 3944 1410 αὑτοῦ.

2376 1451 2623 1505 Ἀτεκνία
2654 1451 2710 1504 δὲ
2736 1451 2916 1522 ψυχῆς
2943 1454 3087 1505 ἐστιν
3106 1493 3119 1515 ,
3148 1453 3277 1526 ὅταν
3302 1450 3368 1503 τὰ
3400 1450 3601 1520 εαυτῆς
3631 1449 3943 1520 σπέρματα,

2361 1542 2398 1598 ἃ
2430 1544 2822 1599 καταϐάλλεται
2853 1544 2918 1599 δι’
2951 1543 3202 1598 εὐποιιῶν
3235 1547 3314 1608 είς
3361 1545 3580 1615 ἐτέρους
3604 1586 3616 1609 ,
3654 1542 3688 1615 ἢ
3729 1541 3823 1597 καὶ
3856 1542 3947 1596 διὰ

2361 1635 2709 1699 διδασκαλίας
2759 1636 2832 1707 μὴ
2881 1636 3036 1707 φέρει
3072 1636 3301 1708 καρπόν.
3374 1634 3530 1689 Οὕτω
3562 1633 3724 1702 γοῦν,
3773 1631 3946 1687 πολλὰ

2362 1728 2656 1796 γεννῶντος
2686 1728 2864 1798 ἀγαθά
2884 1728 2983 1782 τοῦ
3010 1728 3170 1783 Δαυῖὄ
3198 1730 3277 1792 εἰς
3313 1728 3402 1781 τὸν
3435 1726 3605 1781 Σαοὺλ
3627 1768 3640 1789 ,
3688 1714 3945 1781 ἀτεκνίαν

2362 1821 2512 1893 αὖτῷ
2538 1824 2567 1875 ό
2594 1823 2763 1876 Σαοὺλ
2795 1822 3082 1893 εἰργάζετο
3105 1862 3119 1885 ,
3166 1821 3239 1892 μὴ
3267 1821 3447 1886 ἀξίους
3487 1821 3773 1893 προφέρων
3805 1837 3946 1893 καρ-

2364 1913 2497 1975 ποὺς
2526 1911 2634 1965 τῶν
2659 1912 2737 1974 είς
2761 1911 2923 1964 αὑτὸν
2954 1912 3332 1982 ἐσπαρμένων.

2444 2002 2583 2073 Ἐγὼ
2619 2001 2706 2063 δὲ,
2751 2004 2820 2055 ἐν
2861 2001 2940 2068 τῷ
2981 2002 3201 2067 αὐτοὺς
3234 2001 3630 2070 παρενοχλεῖν
3654 2020 3777 2072 μοι,
3808 2001 3942 2056 ἑνε-

2359 2095 2590 2166 διττμην
2622 2093 2872 2157 σάκκον,
2915 2095 3013 2148 καὶ
3059 2094 3415 2147 ἐταπείνουν
3442 2095 3511 2147 ἐν
3538 2095 3788 2163 νηστείᾳ
3826 2093 3945 2162 τὴν
3999 2117 4004 2122 ·

2357 2189 2569 2258 ψυχήν
2591 2208 2731 2259 μου,
2759 2189 2856 2242 καὶ
2886 2190 2921 2255 ἠ
2957 2186 3266 2256 προσευχὴ
3284 2226 3285 2229 η
3304 2206 3422 2256 μου
3461 2191 3549 2254 εἰς
3575 2190 3806 2243 κόλπον
3821 2205 3945 2257 μου

2357 2283 2907 2352 ἀποστραφήσεται.
2940 2282 3084 2353 Πρὸς
3117 2285 3227 2344 τοῖς
3258 2279 3594 2334 άποδοθεῖσιν
3627 2280 3942 2350 ἐπίσκεψαι,

2360 2377 2566 2446 μήποτε
2595 2376 2661 2428 τὰ
2691 2375 3023 2447 προκείμενα
3057 2372 3388 2449 ἐφαρμόζειν
3420 2372 3639 2426 δύναται
3668 2372 3745 2442 τῷ
3774 2390 3945 2445 προσ-

2355 2467 2489 2539 ώπῳ
2516 2469 2609 2521 τοῦ
2635 2469 2882 2539 Σωτῆρος
2911 2467 3088 2539 ἡμῶν,
3123 2466 3477 2539 προφητικῶς
3505 2464 3565 2530 ἐξ
3594 2465 3756 2519 αὑτοῦ
3789 2466 3944 2519 τεθε-

2793 2509 2879 2540 ἰιυτ
2917 2509 2943 2539 1.

2358 2561 2648 2632 σπισμένα.
2679 2562 2819 2632 Ὅρα
2843 2561 2887 2614 δ’
2910 2557 3002 2614 οὖν
3026 2561 3085 2613 -εί
3120 2559 3195 2631 μὴ
3240 2558 3333 2611 καὶ
3356 2557 3530 2621 οὕτως
3564 2554 3942 2627 ἐξομαλίζεται

2322 2652 2388 2725 ’ἡ
2430 2654 2636 2710 διάνοια
2682 2654 2801 2707 κατ’
2838 2652 3028 2707 οὐδένα
3076 2651 3277 2723 τρόπον
3310 2647 3728 2721 ἐμποδιζομένη.
3758 2648 3943 2700 Ἔστω

2352 2747 2462 2818 γάρ
2489 2749 2516 2800 ό
2538 2747 2727 2820 Σωτὴρ
2766 2746 2921 2818 ἡμῶν
2961 2730 3133 2816 λέγων
3174 2745 3313 2800 κατὰ
3341 2744 3400 2797 τὸ
3428 2740 3764 2813 ἀνθρώπινον
3801 2736 3941 2809 πρὸς

2352 2840 2442 2893 τὸν
2472 2840 2663 2894 ἑαυτοῦ
2694 2840 2915 2916 Πατέρα
2945 2839 3043 2910 τὴν
3089 2839 3264 2911 ἀρχὴν
3303 2836 3394 2891 τοῦ
3422 2832 3634 2906 ψαλμοῦ
3665 2832 3792 2896 ἕως,
3825 2830 3937 2885 Καὶ

2353 2934 2721 3004 σύγκλεισον
2746 2933 2815 2997 ἐξ
2846 2933 3125 2998 ἐναντίας
3166 2930 3284 2985 τῶν
3324 2929 3656 2983 διωκόντων
3690 2940 3799 2995 με·
3842 2922 3940 2977 καὶ

2353 3027 2410 3078 ἐν
2440 3025 2667 3097 εἰκοστῷ
2709 3025 2768 3079 δὲ
2814 3025 2909 3078 καὶ
2941 3023 3143 3095 πρώτῳ
3189 3022 3408 3093 ψαλμῷ,
3440 3019 3623 3089 σαφῶς
3651 3019 3742 3072 ὑπ’
3771 3013 3939 3072 αὐτοῦ

2352 3117 2650 3189 λεγομένῳ,
2672 3117 2904 3188 εἴρηται·
2935 3119 3038 3181 Εἰς
3063 3115 3177 3180 τὴν
3190 3114 3484 3181 βοήθειάν
3504 3130 3621 3181 μου
3648 3111 3935 3179 πρόσχες’

2352 3207 2488 3262 ἀλλά
2520 3210 2611 3261 καὶ
2641 3210 2698 3262 ἐν
2725 3212 2838 3272 τοῖς
2875 3206 3227 3276 Εὐαγγελίοις
3258 3209 3324 3278 τῇ
3358 3209 3632 3279 προσευχῇ
3662 3204 3941 3275 σχολάζων

2357 3302 2670 3373 ἱστορεῖται.
2701 3301 2808 3354 Ναὶ
2842 3300 2948 3371 μὴν
2982 3299 3075 3353 καί¹
3121 3300 3185 3352 δι’
3216 3299 3390 3371 ἔργων
3422 3299 3659 3371 ἐπλήρου
3698 3298 3767 3351 τὰ
3803 3299 3937 3352 ἀνα-

2280 3371 2323 3429 C
2356 3371 2717 3465 γεγραμμένα
2745 3391 2882 3462 μετὰ
2913 3391 3011 3464 τὴν
3040 3394 3160 3445 κατ’
3184 3390 3345 3446 αὑτοῦ
3374 3391 3481 3444 τῶν
3522 3389 3785 3444 Ἰουδαίων
3815 3388 3939 3444 τόλ-

2359 3503 2484 3557 μαν.
2534 3484 2803 3556 Ῥομφαὶα
2832 3484 2940 3556 γὰρ
2983 3484 3346 3557 στρατιωτικὴ
3396 3485 3488 3538 καὶ
3526 3482 3761 3553 πόλεμος
3803 3482 3939 3535 Ῥω-

2358 3578 2551 3651 μαϊκὸς
2599 3580 2713 3633 οὐκ
2748 3580 2826 3643 εἰς
2866 3580 3082 3651 μακρὰν
3116 3578 3377 3651 μετῆλθεν
3420 3580 3635 3643 αὐτοὺς,
3666 3577 3765 3631 οὐκ
3806 3576 3939 3631 ἄνευ

2353 3674 2451 3744 τῆς
2488 3673 2582 3726 τοῦ
2622 3672 2757 3727 Θεοῦ
2806 3672 3058 3745 κρίσεως.
3094 3674 3226 3737 Θεὸς
3258 3674 3365 3747 γὰρ
3396 3670 3461 3747 ἦν
3494 3676 3522 3727 ὁ
3552 3673 3803 3745 πολεμῶν
3836 3672 3938 3725 αὐ-

2353 3768 2479 3831 τοὺς
2505 3766 2591 3821 διὰ
2616 3767 2710 3822 τοῦ
2740 3768 2847 3821 τῶν
2876 3768 3148 3839 πολεμίων
3178 3768 3426 3842 στρατοῦ.
3456 3768 3625 3821 Τοῦτο
3650 3769 3743 3822 καὶ
3775 3766 3938 3830 αὐτὸς

2352 3858 2381 3910 ὁ
2412 3858 2599 3931 Σωτήρ
2621 3858 2707 3913 διὰ
2734 3858 3042 3930 παραϐολῆς
3069 3858 3364 3929 παρίστησι
3394 3862 3503 3921 τοῖς
3530 3857 3938 3931 παρῃτημένοις

2350 3951 2450 4022 τὴν
2475 3952 2664 4023 κλῆσιν
2684 3951 2777 4004 τοῦ
2803 3950 3003 4020 γάμου,
3039 3949 3132 4002 καὶ
3157 3951 3283 4012 τοὺς
3312 3948 3578 4021 κλήτορας
3604 3947 3894 4017 φονεύσασι
3920 3963 3932 3976 ’

2352 4042 2563 4114 πέμψαι
2594 4045 2772 4114 φήσας
2805 4042 2894 4095 τὸν
2926 4040 3149 4111 βασιλέα
3164 4036 3614 4111 τὰστρατιωτικά
3648 4037 3811 4091 αὑτοῦ
3840 4037 3937 4091 καὶ

2348 4137 2448 4209 τὴν
2498 4137 2652 4191 πόλιν
2708 4135 2887 4189 αὐτῶν
2935 4136 3236 4206 ἐμπρῆσαι.
3289 4132 3444 4186 Οὕτω
3500 4132 3676 4185 τοίνυν
3727 4130 3819 4185 καὶ
3865 4131 3934 4185 τά

2352 4229 2490 4301 μετὰ
2535 4230 2723 4299 χεῖρας
2768 4226 3084 4298 ἐπληροῦτο.
3130 4224 3344 4296 Ἐπειδὴ
3388 4224 3497 4296 γὰρ
3532 4224 3683 4278 αὐτοὶ
3716 4222 3934 4294 ⁴Ιιδίκουν
3974 4261 3979 4265 η

2348 4321 2443 4375 τὸν
2475 4322 2603 4375 Υίὸν
2644 4318 2737 4374 τοῦ
2783 4319 2916 4373 Θεοῦ
2941 4361 2955 4384 ,
2995 4320 3377 4392 ἐδικάσθησαν,
3425 4316 3803 4389 ἐκδικουμένου
3837 4314 3931 4368 τοῦ

2351 4414 2583 4483 αἵματος,
2623 4410 2807 4465 αὑτοῦ.
2839 4412 2948 4464 Καὶ
2990 4411 3176 4485 ἐπειδὴ
3204 4410 3494 4483 πολεμίους
3533 4409 3729 4472 αὐτοὺς
3772 4407 3934 4462 κατέ-

2353 4522 2554 4577 στησαν
2600 4502 2693 4556 τοῦ
2739 4504 3010 4575 Χριστοῦ,
3046 4504 3465 4575 ἐπολεμήθησαν
3512 4503 3617 4556 ὑπὸ
3657 4502 3750 4555 τοῦ
3793 4501 3932 4555 Θεοῦ

2354 4594 2703 4667 μετελθόντος
2734 4592 2883 4664 ὅπλῳ
2932 4595 3024 4648 καὶ
3057 4592 3235 4666 θυρεῷ
3275 4594 3368 4647 καὶ
3424 4590 3682 4664 ῥομφαία.
3716 4590 3791 4645 Οὐ
3823 4589 3933 4663 γάρ
3960 4614 3962 4618 λ

2352 4687 2573 4757 ἀφανῶς
2605 4686 2801 4749 αὐτοὺς
2829 4688 2861 4755 ή
2894 4684 3011 4739 θεία
3047 4686 3232 4757 μετῄει
3273 4684 3417 4755 δίκη,
3451 4682 3586 4738 ἀλλὰ
3625 4682 3714 4736 διὰ
3739 4682 3846 4735 τῶν
3873 4681 3933 4735 ὲν

2280 4754 2324 4809 D
2352 4780 2658 4854 ἀνθρώποις
2680 4778 2969 4850 πολεμίων.
3002 4779 3289 4851 Θαυμάσαι
3312 4779 3357 4832 δ’
3379 4776 3523 4830 ἐστιν
3544 4778 3691 4839 ὅπως
3719 4777 3930 4848 εἴρηται

2354 4877 2444 4929 τόο
2495 4876 2749 4945 ’Ἑκχεον
2780 4873 3115 4943 ῥομφαίαν·
3156 4872 3338 4925 οὐκέτι
3379 4870 3488 4942 γὰρ
3540 4870 3683 4934 κατὰ
3718 4868 3780 4922 τὸ
3827 4884 3932 4921 πα-

2352 4966 2500 5019 λαιὸν
2528 4964 2767 5037 μερικῶς
2795 4966 2988 5029 αὐτοὺς
3009 4966 3036 5017 ὁ
3058 4962 3290 5032 πόλεμος
3314 4961 3497 5031 μετῄει
3518 4976 3531 4989 ⁸
3562 4959 3676 5012 ἀλλ’
3702 4958 3929 5031 ἐξεχύθη

2354 5061 2472 5112 κατ’
2501 5058 2678 5113 αὐτῶν
2709 5056 2978 5128 πολεμικὴ
3011 5052 3251 5129 ῥομφαία
3274 5072 3286 5083 ·
3313 5053 3393 5106 διὸ
3420 5052 3694 5106 λέλεκταιο
3725 5053 3932 5122 Ἔφθα-

2352 5169 2425 5205 σε
2449 5150 2498 5204 δ’
2524 5152 2615 5205 ἐπ’
2637 5151 2859 5218 αὐτοὺς
2889 5152 2927 5219 ἡ
2958 5149 3102 5218 ὀργὴ
3148 5150 3234 5213 εἰς
3273 5145 3473 5212 τέλος·
3521 5145 3615 5199 καὶ
3656 5145 3886 5217 ἀλλαχοῦ
3912 5164 3926 5177 '

2352 5247 2602 5315 Ἵῖκχεον
2631 5245 2723 5297 ἐπ’
2758 5241 2980 5308 αὐτοὺς
3018 5239 3131 5307 τὴν
3169 5242 3354 5308 ὀργήν
3391 5230 3526 5292 σου.
3565 5237 3659 5303 Τίς
3686 5238 3762 5304 δὲ,
3787 5238 3926 5292 διελ-

2348 5340 2455 5393 θὼν
2483 5340 2579 5405 τὰς
2612 5340 2841 5392 ιῐιλαυῖου
2885 5335 3189 5404 ἰωσήππου
3235 5330 3517 5402 Ἱστορίας,
3556 5330 3743 5401 μαθών
3775 5349 3834 5385 τε
3868 5330 3929 5395 ἐξ

2345 5432 2522 5486 αὐτῶν
2563 5434 2741 5493 ὅπως,
2792 5431 2850 5482 ἐν
2904 5424 3253 5496 συγκλεισρῷ
3298 5422 3732 5494 ἀποληφθέντες,
3786 5420 3928 5493 λιμῷ

2346 5526 2440 5579 καὶ
2480 5525 2668 5579 στάσει
2712 5521 3100 5593 διεφθάρησαν,
3135 5518 3200 5570 οὐ
3229 5515 3499 5588 θαυμάσει
3548 5516 3644 5589 τὴν
3693 5512 3928 5569 ἐνταῦθα

2346 5616 2608 5685 λέγουσαν
2662 5617 2874 5686 φωνήν·
2934 5611 3044 5667 Καὶ
3099 5614 3468 5681 σύγτιλεισον
3520 5609 3592 5674 ἐξ
3649 5606 3928 5671 ἐναντίας

2347 5705 2465 5761 τῶν
2494 5707 2977 5761 καταδιωχόντων
3006 5721 3083 5773 με
3094 5718 3114 5768 ;
3140 5703 3307 5773 ’Ἑξῆς
3338 5700 3395 5755 δὲ
3427 5703 3634 5761 τούτοις
3672 5694 3818 5768 μὸνίρ
3848 5691 3930 5767 τῷ

2351 5800 2562 5870 Σωτῆρι
2594 5800 2793 5871 πρέπει
2824 5798 2889 5852 ἂν
2907 5798 3086 5865 λέγειν
3122 5795 3200 5868 τῷ
3243 5792 3436 5867 ἑαυτοῦ
3476 5790 3650 5862 Πατρὶ
3681 5787 3826 5870 κατὰ
3863 5786 3931 5846 τδ

740 5988 785 6021 ’⁸
824 5984 843 6045 Ι
876 5985 1005 6060 lleg.
1048 6003 1214 6056 mu,
1246 5988 1333 6046 i9.
1409 5986 1455 6020 "
1495 5974 1680 6044 Matth.
1718 5985 1863 6061 ινιιξ,
1904 5986 1951 6042 7.
2032 5987 2075 6018 "
2114 5983 2239 6039 lTh

2318 5982 2353 6041 δέ
2394 6000 2461 6049 ιι,
2503 5986 2583 6039 l6.
2665 5987 2708 6015 ²⁶
2750 5982 2886 6036 Psal.
2926 5996 3126 6045 vam,
3159 5977 3251 6034 9.5.
