4302 6454
286 548 393 607 503

1394 544 1896 603 COMMENTARIA
1936 546 1999 600 IN
2041 543 2378 603 PSALMOS.

3435 548 3538 605 306

283 665 650 739 &O;ziiirtvov'
690 663 881 723 Εἶπον
919 664 988 733 τῇ
1021 664 1193 736 ψυχῇ
1233 682 1382 735 μουο
1440 665 1708 733 Σωτηριά
1754 668 1924 724 (rch

1969 682 2075 719 eos.
2115 663 2242 720 Haec
2266 678 2428 735 porro
2460 670 2572 717 tum
2609 661 2991 732 implebantur,
3026 654 3213 718 cumba
3252 666 3533 736 metropoli

278 764 394 832 εζσςὶ
418 761 553 831 ἐγὼ,
584 762 679 814 καὶ
720 761 790 815 τὰ
829 759 975 831 ἑξῆς.
1005 760 1109 822 ἕως
1152 758 1266 821 τοῦ,
1303 757 1408 811 Καὶ
1457 755 1710 827 ἅγγελος
1739 759 1858 810 Κυ-

271 851 408 920 ρίου
445 851 739 905 ἐκθλίϐων
781 852 1020 917 αὐτούς.
1070 852 1179 905 Καὶ
1220 849 1396 905 ταῦτα
1435 849 1491 903 δὲ
1536 849 1857 922 ἐπληροῦτο,

277 943 365 1001 ὅτε
409 943 509 1012 τῆς
555 944 652 1016 μὲν
696 942 904 997 ἑαυτῶν
947 943 1333 1015 μητροπόλεως
1381 943 1707 1013 ⁴Ιιιλαύνοντο,
1750 945 1858 997 διε-

279 1036 631 1109 σκορπίζοντο
670 1037 727 1090 δὲ
766 1039 847 1101 εἰς
888 1037 1061 1090 πάντα
1101 1037 1168 1090 τὰ
1208 1035 1356 1107 ἔθνη.
1406 1032 1538 1090 Εἶτα
1575 1036 1853 1089 λέλεκται·

278 1126 592 1195 Γενηθήτω
632 1129 669 1195 ἡ
711 1127 850 1193 ὁδὸς
888 1127 1086 1181 αὐτῶν
1126 1128 1345 1193 σκότος
1387 1128 1487 1182 καὶ
1537 1128 1853 1196 ὀλίσθημα.

287 1215 434 1280 Ὁδὸς
466 1216 523 1269 δὲ
557 1215 736 1270 αὐτῶν
764 1216 830 1287 ἢν
861 1214 1059 1269 ὥδευον
1093 1216 1259 1270 πύλαι
1300 1219 1333 1289 ἡ
1376 1218 1662 1291 σωματικὴ
1694 1219 1856 1288 ἐτύγ-

273 1322 405 1374 χανε
458 1305 713 1377 λατρεία,
768 1305 887 1375 ἥτις
936 1306 1116 1371 animi;
1171 1308 1359 1377 γέγονε
1401 1309 1589 1372 σκότος
1621 1309 1714 1363 καὶ
1750 1309 1857 1362 ὀλί-

275 1397 490 1469 σθημα·
544 1397 679 1451 ἀλλὰ
727 1399 839 1459 καὶ,
875 1398 1155 1467 Ἄγγελος
1195 1400 1418 1468 Κυρίου
1478 1399 1858 1455 καταδιώκων

271 1488 512 1553 αὐτούς.
556 1486 743 1541 Ταῦτα
787 1488 883 1557 μὲν
927 1484 1020 1541 οὖν
1066 1487 1357 1561 τάπίχειρα
1402 1482 1478 1543 ὧν
1524 1491 1643 1543 κατ’
1691 1490 1854 1545 αὑτοῦ

270 1579 687 1651 τετολμήκασιν.
730 1580 959 1652 Ἀκούσῃ
1007 1581 1064 1636 δὲ
1112 1582 1220 1634 τῶν
1266 1582 1595 1654 εἰρημένων,
1640 1585 1737 1655 οὐχ
1780 1587 1855 1649 ὼς

270 1672 363 1725 τοῦ
389 1672 641 1744 Σωτῆῳς
669 1674 1067 1744 κατευχομένού
1112 1674 1220 1727 τῶν
1270 1674 1462 1728 ἑαυτοῦ
1506 1676 1718 1747 ἐχθρῶν
1758 1678 1852 1732 τοῦ

270 1768 381 1829 τοῖς
413 1764 603 1817 ἑαυτοῦ
638 1765 904 1835 μαθηταῖς
938 1769 1400 1840 παρηγγελκότος,
1432 1771 1865 1840 Προσεύχεσθε.

269 1857 419 1924 ὑπὲρ
450 1855 567 1909 τῶν
593 1857 1035 1925 ἑπηρεαζῖντων
1067 1861 1163 1913 καὶ
1197 1860 1566 1915 ἀδικούντων
1588 1864 1812 1932 αὐτούς
1835 1883 1847 1895 ·

269 1947 403 2000 ἀλλὰ
433 1948 540 2021 γὰρ
572 1948 773 2003 τούτων
806 1952 969 2005 ἄκουε
1022 1953 1098 2016 ὼς
1138 1953 1492 2027 προφητικῶς
1523 1957 1848 2029 εἰρημένων,

269 2040 363 2116 και
386 2038 453 2094 τὰ
485 2039 744 2110 μέλλοντα
769 2042 951 2107 αὐτοῖς
987 2043 1361 2116 συμϐήσεσθαι
1396 2051 1853 2117 προαναφωνούν-
1882 2029 1924 2083 Β

1966 773 2070 813 sua
2097 758 2260 826 pulsi,
2293 758 2348 811 in
2379 771 2571 811 omnes
2606 764 2793 825 gentes
2822 754 3292 827 dispergebantur.
3327 757 3565 830 Deinde_

1967 852 2176 907 dictum
2210 859 2293 908 est
2337 872 2350 907 :
2384 849 2546 904 Fiant
2577 850 2672 904 via:
2706 850 2917 904 illorum
2947 848 3163 904 tenebrae
3182 858 3230 903 et
3253 850 3529 907 lubricum;

1972 944 2069 1000 Via
2093 961 2200 1017 qua
2239 944 2563 1000 incedebant
2597 950 2714 998 erat
2752 944 3051 1014 corporalis
3083 944 3171 998 ille
3194 944 3394 1008 cultus,
3437 946 3528 1016 qui

1962 1039 2103 1109 ipsis
2137 1039 2373 1093 tenebrae
2403 1045 2465 1092 et.
2488 1037 2753 1091 lubricum
2788 1036 2919 1103 fuit;
2946 1038 3055 1090 imo
3086 1037 3269 1100 etiam,
3301 1038 3530 1107 Angelus

1963 1131 2177 1185 Domini
2204 1146 2511 1200 persequens
2538 1145 2645 1183 eos.
2679 1128 2801 1183 Haec
2832 1144 3055 1182 suorum
3088 1128 3348 1185 adversus
3372 1127 3533 1182 Clari-

1962 1232 2121 1279 stum-
2150 1223 2455 1279 facinorum
2488 1224 2705 1294 praemia
2732 1222 2903 1277 fuere.
2940 1222 3204 1275 Cancrum
3236 1236 3353 1291 qua:
3386 1220 3529 1275 dicta

1962 1326 2090 1373 sunt
2120 1334 2230 1373 non
2276 1319 2350 1373 ita
2378 1320 2616 1390 accipias
2647 1319 2826 1381 velim,
2855 1316 3012 1386 quasi
3046 1316 3297 1369 Salvator
3326 1315 3390 1369 de
3420 1315 3529 1369 ini-

1960 1411 2225 1463 micorum
2256 1409 2497 1478 pernicie
2522 1409 2803 1479 glorietur,
2830 1407 2921 1477 qui
2945 1406 3227 1475 discipulis
3251 1407 3365 1460 suis
3394 1422 3529 1476 pra:-

1960 1500 2124 1569 ccpit,
2158 1498 2322 1554 Orate
2351 1516 2446 1569 pro
2472 1500 2540 1555 iis
2566 1499 2656 1569 qui
2686 1498 2977 1553 molestiam
3008 1509 3057 1551 et
3088 1487 3341 1566 injuriam
3380 1498 3527 1550 vobis

1961 1589 2195 1659 inferunt
2227 1592 2269 1622 ’⁷
2310 1609 2320 1643 :
2356 1590 2448 1645 sed
2479 1591 2594 1645 lucc
2620 1598 2681 1645 ut
2710 1584 3024 1661 prophetice
3050 1590 3192 1643 dicta
3238 1598 3291 1643 et
3320 1588 3529 1643 futura—

1959 1699 2078 1737 rum
2133 1699 2319 1738 eorum
2387 1683 2755 1738 calamitatum
2810 1681 3114 1757 praenuntia
3179 1680 3527 1751 intelligenda

1959 1783 2106 1830 sunt.
2151 1776 2283 1842 Quae
2334 1790 2498 1831 causa
2548 1790 2711 1845 porro
2742 1774 2905 1829 fuerit
2942 1790 3041 1828 cur
3069 1789 3134 1828 ea
3181 1773 3525 1833 vaticinetur,

1957 1870 2221 1939 deinceps
2253 1869 2427 1940 aperit
2451 1868 2541 1924 bis
2566 1868 2749 1923 verbis
2782 1888 2795 1921 :
2827 1868 3091 1933 Quoniam
3120 1868 3285 1938 gratis
3310 1864 3528 1918 abscon-

1958 1962 2147 2015 derunt
2186 1961 2317 2015 mihi
2354 1963 2623 2016 interitum
2656 1960 2830 2029 laquei
2866 1960 2969 2024 sui,
3000 1974 3312 2027 supervacue
3336 1972 3525 2027 expre-

1954 2053 2239 2109 braverunt
2269 2055 2504 2113 animam
2536 2060 2747 2108 meam.’

267 2153 391 2190 των.
437 2137 623 2192 Ταῦτα
667 2138 724 2191 δὲ
777 2140 955 2205 αὐτοῖς
1004 2141 1219 2195 ἔσεσθαι
1274 2142 1515 2207 θεσπίζει
1559 2146 1646 2199 διὰ
1686 2148 1847 2202 ποίαν
1885 2150 2082 2213 αἰτίαν,
2111 2151 2237 2221 ἑξῆς
2263 2151 2501 2205 διδάσκει
2542 2150 2748 2219 λέγων·
2814 2150 2943 2204 Ὅτι
2977 2146 3202 2216 δωρεὰν
3255 2143 3528 2213 ἐκρυψάν

268 2246 362 2285 uo:
390 2231 718 2302 διαφθορὰν
752 2236 1000 2306 παγίδος
1034 2237 1250 2301 αὐτῶν,
1296 2239 1496 2308 μάτην
1531 2241 1850 2298 ώνείδισαν
1888 2247 2000 2315 τὴν
2026 2248 2237 2317 ψυχήν
2259 2266 2398 2318 μου.

338 2328 448 2382 Καὶ
487 2331 659 2384 ταῦτα
710 2333 808 2403 μὲν
842 2334 972 2404 περὶ
1004 2333 1094 2386 τοῦ
1130 2333 1367 2406 πλήθους
1392 2337 1501 2391 τῶν
1534 2341 1653 2392 κατ’
1682 2341 1848 2395 αὑτοῦ

271 2420 665 2476 συνελθόντωνο
703 2424 773 2477 τὰ
821 2425 876 2477 δὲ
919 2426 1042 2493 ἑξῆς
1071 2426 1253 2479 οὐκέτι
1290 2429 1418 2500 περὶ
1458 2431 1687 2496 πολλῶν,
1722 2434 1851 2505 περὶ

267 2513 308 2567 δ’
326 2500 459 2579 ’ἐνὸς
484 2515 803 2587 λελεγμένα,
831 2517 1051 2570 δύναται
1084 2521 1579 2595 προσαγορεύεσθαι
1598 2527 1725 2597 περὶ
1754 2525 1849 2578 τοῦ

279 2607 468 2677 Ἰούδα,
502 2610 583 2674 ὃς,
620 2610 1019 2682 κρύπτωνβὴν
1064 2613 1183 2665 κατ’
1214 2614 1377 2667 αὐτοῦ
1432 2619 1721 2690 συσκευὴν,
1764 2638 1850 2688 φι-

267 2700 384 2754 λίαν
414 2719 474 2755 τε
514 2701 1076 2773 καθυποκρινόμενος,
1128 2705 1391 2776 φιλήματι
1433 2709 1716 2780 παρεδίδου
1759 2711 1849 2764 τὸν

266 2793 615 2846 Διδάσκαλον.
648 2794 738 2846 Διὸ
780 2795 909 2867 περὶ
951 2795 1113 2849 αὐτοῦ
1160 2797 1305 2866 λέγοι
1349 2799 1416 2853 ἂν
1464 2801 1558 2861 τὸ,
1600 2802 1849 2855 Ἐλθέτω

266 2885 425 2952 αὐτῷ
451 2884 738 2965 παγίς-,ἢν
764 2890 836 2941 οὐ
865 2888 1160 2958 γινώσκει,
1194 2890 1291 2944 καὶ
1326 2893 1363 2959 ἡ
1394 2894 1546 2959 θήρα
1578 2892 1652 2958 ἣν
1681 2892 1850 2961 ἔκρυ-

266 2980 346 3046 ψε
376 2974 729 3032 συλλαϐέτω
757 2978 963 3041 αὑτὸν,
1002 2980 1099 3032 καὶ
1131 2980 1200 3033 ἐν
1229 2979 1301 3049 τῇ
1338 2981 1540 3052 παγίδι
1582 2966 1847 3045 πεσεῖται

265 3072 334 3126 ὲν
358 3070 533 3141 αὐτῇ.
566 3073 677 3125 Καὶ
708 3071 877 3126 ταῦτα
913 3073 1010 3143 μὲν
1041 3076 1169 3145 περὶ
1197 3074 1421 3128 τούτων.

334 3159 409 3218 Εὖ
452 3164 510 3218 δὲ
554 3163 707 3229 εἰδὼς
753 3167 832 3229 εἰς
868 3160 975 3219 οἷον
1020 3166 1220 3235 ἀγαθὸν
1257 3168 1409 3233 τέλος
1450 3171 1483 3240 ἡ
1519 3169 1651 3223 κατ’
1682 3170 1846 3224 αὑτοῦ

269 3250 678 3330 παραστήσεται
720 3257 1011 3332 ἐπιϐουλὴ,
1063 3262 1157 3314 καὶ
1206 3260 1362 3315 τοῦτο
1413 3262 1707 3335 παρίστησι
1758 3263 1845 3316 λέ,

266 3369 409 3419 γων·
459 3354 520 3407 Ἠ
550 3352 618 3406 δὲ
644 3352 814 3421 ψυχή
835 3371 954 3423 μου
997 3347 1425 3425 ἀπαλλίάσεται
1469 3355 1567 3409 ἐπὶ
1608 3354 1688 3422 τῷ
1729 3360 1847 3411 Κυ-

262 3446 389 3513 ρίῳ,
428 3447 822 3517 τερφθήσεται
859 3446 937 3512 τῷ
976 3447 1243 3515 σωτηρίῳ
1284 3449 1490 3507 αὑτοῦ.
1540 3448 1743 3503 Πάντα
1777 3449 1849 3504 τὰ

269 3537 419 3599 ὀστᾶ
442 3554 563 3607 μου
595 3539 829 3606 ἐροῦσι·
866 3539 1061 3605 Κύριε,
1094 3538 1187 3602 τίς
1222 3537 1421 3606 ὅμοιός
1460 3554 1559 3593 σοι
1579 3555 1597 3602 ;
1633 3540 1849 3610 ρυόμε·

2022 2343 2091 2401 Ει
2120 2346 2232 2399 haec
2258 2343 2475 2413 quidem
2510 2343 2578 2398 de
2601 2341 2953 2405 multitudine
2982 2348 3171 2394 contra
3201 2355 3324 2393 eum
3360 2338 3526 2393 colle-

1953 2444 2072 2499 cta;
2104 2450 2223 2505 qua:
2268 2441 2572 2503 sequuntur
2602 2442 2805 2495 autem,
2849 2448 2959 2487 non
2989 2430 3056 2486 de
3090 2433 3298 2490 multis,
3332 2430 3427 2485 sed
3458 2430 3528 2485 de

1954 2542 2063 2582 uno
2102 2543 2127 2583 s
2169 2528 2276 2581 lum
2314 2526 2479 2588 dicta,
2512 2526 2579 2582 de
2609 2524 2748 2580 Juda
2795 2532 3159 2596 congruenter
3198 2524 3408 2593 prolata
3444 2523 3530 2577 in-

1952 2618 2287 2686 telligantur,
2357 2619 2448 2688 qui
2513 2605 2973 2690 conspirationem
3051 2616 3314 2671 adversus
3371 2615 3525 2670 illum

1953 2708 2242 2762 conflatam
2275 2710 2556 2767 occultans
2592 2711 2997 2781 amicitiamque
3025 2709 3313 2775 simulans,
3336 2708 3526 2763 osculo

1954 2799 2271 2871 Magistrum
2303 2800 2547 2855 tradidit.
2599 2802 2780 2868 Quare
2811 2803 2879 2857 de
2929 2802 3022 2857 illo
3052 2802 3250 2856 dixerit
3284 2820 3297 2855 :
3342 2800 3526 2855 Veniat

1952 2893 2034 2946 illi
2077 2892 2295 2963 laqueus
2323 2909 2471 2961 quem
2506 2894 2735 2964 ignorat,
2759 2903 2810 2948 et
2842 2893 3019 2962 captio
3057 2911 3215 2964 quam
3250 2892 3527 2947 abscondit

1952 2985 2305 3055 apprehendat
2360 3003 2501 3049 eum,
2562 2994 2611 3040 et
2662 2987 2716 3040 in
2765 2986 3012 3056 laqueum
3043 2987 3200 3040 cadat
3239 2989 3293 3041 in
3331 2989 3523 3058 ipsum.

1955 3076 2077 3135 Haec
2108 3079 2326 3149 quidem
2354 3079 2441 3135 his
2471 3080 2538 3135 de
2569 3079 2735 3134 rebus
2769 3079 2916 3134 dicta
2952 3078 3174 3135 fuerint.

2021 3169 2155 3224 Cum
2183 3154 2352 3239 probe]
2376 3177 2587 3233 nosset,
2616 3184 2777 3239 quam
2810 3169 2986 3225 bonus
3038 3168 3359 3224 insidiarum
3417 3171 3525 3227 sibi

1953 3270 2264 3332 paratarum
2309 3263 2488 3318 exitus
2532 3263 2749 3317 futurus
2784 3268 2952 3325 esset,
3000 3261 3053 3316 id
3088 3278 3307 3333 quoque
3343 3263 3525 3318 decla-

1952 3364 2039 3408 rat
2068 3356 2152 3413 his
2177 3355 2358 3410 verbis
2391 3372 2404 3408 :
2439 3354 2631 3408 Anima
2669 3364 2843 3408 autem
2870 3372 2985 3410 mea
3016 3356 3303 3410 exsultabit
3333 3357 3388 3410 in
3416 3355 3525 3412 Do-

1953 3448 2116 3513 mino,
2157 3446 2504 3501 delectabitur
2542 3461 2695 3513 super
2724 3445 2956 3498 salutari
2998 3462 3117 3500 suo.
3171 3445 3366 3502 Omnia
3404 3464 3527 3501 ossa

1953 3559 2069 3597 mea
2101 3541 2270 3596 dicent
2328 3556 2348 3595 :
2393 3538 2635 3601 Domine,
2673 3539 2789 3610 quis
2841 3539 3035 3593 similis
3084 3538 3227 3595 tibi?
3280 3540 3519 3606 Eripiens

267 3647 372 3696 νος
413 3632 654 3698 πτωχὸν
690 3630 809 3685 ἀπὸ
852 3628 972 3685 τῶν
1016 3628 1453 3699 διαρπαζόντων
1502 3635 1708 3688 αὐτόν.
1756 3636 1846 3688 Ἐν
1873 3617 1916 3675 C

1956 3650 2163 3705 egenum
2210 3650 2244 3686 a
2283 3628 2651 3700 diripientibus
2692 3627 2865 3684 illum.
2918 3627 2978 3684 In
3022 3631 3233 3699 psalmo
3275 3648 3386 3693 χιιι,
3429 3633 3525 3701 qui

269 3721 369 3791 μὲν
396 3716 489 3775 οὖν
520 3720 597 3792 τῷ
625 3728 709 3775 κα¹
738 3721 956 3793 ψαλμῷ,
991 3721 1179 3793 σαφῶς
1210 3722 1275 3775 ὲκ
1300 3720 1589 3794 προσώπου
1618 3723 1712 3777 τοῦ
1744 3726 1849 3779 Σω-

266 3811 433 3884 τῆρος
478 3808 808 3884 λελεγμένῳ,
857 3813 1073 3884 εἴρητο·
1116 3812 1269 3866 Ὠσεὶ
1322 3811 1477 3880 ὕδωρ
1529 3810 1844 3882 ἐξεχύθην,

268 3905 363 3959 καὶ
399 3904 829 3975 διεσκορπίσθη
871 3905 1066 3960 πάντα
1114 3906 1184 3961 τὰ
1209 3903 1360 3960 ὀστᾶ
1380 3924 1499 3974 μου
1520 3922 1532 3934 ·
1561 3905 1655 3958 τοῦ
1687 3905 1845 3975 λόγου

271 3997 622 4067 σημαίνοντος
666 3997 774 4051 τῶν
828 3999 1139 4052 ἀποστόλων
1188 3997 1351 4051 αὐτοῦ
1394 3997 1485 4050 τὸν
1534 3997 1849 4070 διασκορπι-

270 4089 404 4159 σμὸν
438 4090 533 4143 καὶ
561 4090 657 4162 τὴν
700 4090 896 4162 φυγὴν,
930 4091 996 4161 ἢν
1028 4091 1325 4161 ὑπέμειναν
1363 4089 1503 4144 κατὰ
1540 4090 1628 4143 τὸν
1660 4094 1848 4161 καιρὸν

268 4181 360 4234 τοῦ
395 4181 602 4246 πάθους
640 4182 802 4236 αὐτοῦ
823 4221 838 4245 ,
882 4184 969 4236 ὅτε
1008 4182 1309 4255 ἐπληροῦτο
1345 4184 1435 4237 τό·
1466 4180 1714 4246 Πατάξω
1742 4183 1849 4237 τὸν

269 4273 539 4343 ποιμένα,
573 4272 672 4327 καί
703 4274 1315 4345 διασκορπισθήσεται
1344 4272 1418 4329 τὰ
1450 4276 1709 4344 πρόϐατα
1737 4274 1849 4343 τῆς

268 4366 543 4434 ποίμνης.
586 4366 748 4418 Ὀστᾶ
796 4364 905 4437 γὰρ
947 4360 1086 4437 ἦσαν
1130 4366 1224 4419 τοῦ
1287 4365 1534 4439 σώματος
1588 4364 1751 4421 αὑτοῦ
1798 4370 1847 4420 οἱ

270 4457 474 4529 πρῶτοι
503 4457 665 4513 αὑτοῦ
702 4458 962 4530 μαθηταὶ,
998 4460 1046 4512 οἳ
1080 4460 1200 4513 τότε
1229 4462 1327 4531 μὲν
1356 4460 1849 4535 διεσκορπίσθησαν

270 4549 749 4614 σκανδαλισθέντες
774 4552 862 4605 ἐπ’
891 4550 1058 4622 αὐτῷ,
1082 4551 1269 4626 ῶσπερ
1296 4552 1391 4609 οὖν
1419 4556 1515 4609 καὶ
1542 4554 1704 4617 αὐτὸς
1729 4553 1851 4624 ἐδή-

268 4642 358 4697 λου
390 4642 596 4713 λέγων·
647 4642 877 4719 Πάντες
922 4643 1090 4713 ὑμεῖς
1140 4646 1744 4714 σκανδαλισθήσεσθε
1782 4646 1851 4699 ἐν

268 4736 395 4807 ἐμοὶ
422 4738 492 4791 ἐν
517 4735 593 4806 τῇ
622 4738 793 4792 νυκτὶ
835 4739 1043 4807 ταύτῃ.
1103 4738 1257 4792 Μετὰ
1300 4740 1358 4792 δὲ
1395 4740 1494 4810 τὴν
1536 4740 1847 4802 ἀνάστασιν,

271 4832 593 4903 θεασάμενοι
625 4833 807 4895 αὑτὸν,
836 4830 1229 4904 ἐπληρώθησαν
1268 4835 1442 4905 χαρᾶς
1468 4833 1561 4887 καὶ
1590 4833 1850 4901 ἀγαλλιά-

272 4941 428 4988 σεως.
465 4924 576 4978 Καὶ
604 4917 665 4977 ἒν
696 4930 808 4989 τοῖς
847 4925 984 4998 μετὰ
1028 4927 1214 4995 χεῖρας
1259 4924 1316 4976 δὲ
1359 4927 1487 4998 περὶ
1526 4924 1631 4978 τῶν
1670 4927 1850 4979 αὐτῶν

270 5014 537 5068 λέλεκται*
576 5015 775 5069 Πάντα
809 5016 881 5071 τὰ
924 5015 1075 5071 ὀστᾶ
1114 5034 1233 5085 μου
1265 5018 1499 5085 ἐροῦσι·
1535 5016 1729 5083 Κύριε,
1763 5019 1853 5084 τίς

270 5109 471 5177 ὅμοιός
498 5126 630 5173 σοι;
664 5110 873 5181 Σφόδρα
904 5111 960 5163 δὲ
994 5107 1302 5179 κατάλληλα
1345 5110 1423 5181 τῷ
1459 5108 1552 5162 τοῦ
1602 5108 1852 5179 Σωτῆρος

273 5201 427 5272 ἡμῶν
457 5203 733 5275 προσώπῳ
769 5206 862 5258 καὶ
888 5205 955 5258 τὰ
996 5204 1204 5265 τούτοις
1232 5204 1549 5273 συνημμένα
1575 5202 1851 5271 τυγχάνει,

271 5293 339 5346 δι’
381 5287 457 5347 ὧν
508 5296 758 5366 εἴρηταιο
804 5295 1199 5361 ’Λναστὼιτες
1241 5292 1536 5363 μάρτυρες
1582 5293 1771 5349 ἄδικοι
1814 5296 1883 5351 ὦ

273 5387 382 5438 οὐκ
424 5385 758 5454 ἐγίνωσκον
796 5388 1036 5457 ἠρώτων
1081 5406 1177 5459 με.
1217 5384 1722 5441 Ἀνταπεδίδοσάν
1750 5406 1853 5457 μοι

274 5478 505 5546 πονηρὰ
534 5478 667 5532 ἀντὶ
691 5480 948 5548 ἀγαθῶν,
972 5483 1069 5536 καὶ
1091 5481 1373 5536 ἀτεκνίαν
1404 5477 1478 5547 τῇ
1510 5478 1683 5547 ψυχῇ
1710 5499 1848 5549 μου.

276 5569 495 5636 Τούτοις
523 5572 684 5642 ὃμο;α
720 5574 816 5625 καὶ
860 5575 917 5625 ὲν
956 5580 1037 5646 ρη⁹
1073 5573 1268 5645 ψαλμῷ
1306 5572 1553 5642 εὑρήσεις
1578 5572 1637 5624 ἐν
1662 5567 1742 5637 οἷς
1771 5574 1851 5626 εἵ-

281 5680 473 5743 ρηταιχ
519 5663 631 5718 Καὶ
682 5661 1068 5732 ἐπολέμησαν
1117 5683 1194 5735 με
1244 5662 1499 5733 δωρεάν
1560 5665 1694 5717 ἀντὶ
1744 5665 1851 5719 τοῦ

278 5755 513 5824 ἀγαπᾷν
546 5774 624 5826 με
654 5754 1041 5810 ἑνδιέϐιιλ.ίόν
1060 5776 1135 5826 με
1153 5775 1166 5788 ⁸
1198 5758 1295 5812 καὶ
1326 5752 1529 5811 ἔθεντο
1558 5758 1682 5809 κατ’
1705 5756 1850 5826 ἐμοῦ

280 5848 430 5901 κακὰ
472 5848 607 5901 ἀντὶ
657 5846 909 5916 ἀγαθῶν,
941 5849 1035 5899 καὶ
1069 5849 1251 5918 μῖσος
1298 5847 1429 5901 ἀντὶ
1484 5845 1592 5913 τῆς
1622 5846 1850 5917 ἀγαπή-

348 6026 390 6059 ¹⁷
432 6026 562 6088 lnle.
602 6040 689 6095 vr,
720 6028 807 6083 28.
892 6026 1092 6083 "Psal.
1132 6046 1241 6095 xu,
1290 6036 1368 6085 te.

1446 6022 1683 6084 ’"Zacln
1707 6044 1839 6095 xui,
1876 6028 1926 6084 7.
2002 6028 2046 6060 ³⁸
2088 6024 2273 6085 Matth.
2310 6043 2456 6095 l.\\‘l,
2490 6026 2576 6082 51.

1951 3732 2138 3795 aperte
2166 3739 2233 3779 ex
2269 3737 2502 3793 persona
2537 3721 2837 3777 Salvator-is
2883 3724 3270 3793 pronuntiatus
3302 3732 3406 3788 est,
3445 3727 3525 3779 sic

1950 3814 2181 3869 habetur
2209 3831 2222 3866 :
2256 3811 2404 3866 Sicut
2446 3828 2586 3882 aqua
2617 3811 2815 3880 e/fusus
2864 3828 3003 3875 sum,
3049 3820 3099 3865 et
3131 3795 3370 3881 dispersa
3401 3824 3527 3867 sunt

1951 3906 2128 3961 omnia
2162 3922 2285 3959 ossa
2316 3922 2430 3960 mea
2466 3908 2530 3962 ³⁸.
2565 3903 3092 3975 Ηὶείιιιρλείεηίίῑςει
3151 3906 3541 3975 apostolorum,

1949 3997 2070 4066 ejus
2097 3988 2517 4066 diSpersionem,
2540 4006 2593 4052 et
2624 3998 2805 4068 fugam
2832 4011 2953 4066 qum
2978 4004 3221 4067 tempore
3253 4000 3526 4067 passionis

1950 4089 2069 4159 ejus
2095 4088 2313 4154 accidit,
2339 4092 2558 4160 quando
2584 4090 2863 4161 impletum
2894 4088 2993 4143 fuit
3023 4089 3151 4142 illud
3180 4109 3193 4143 :
3223 4088 3525 4144 Percutiam

1953 4174 2241 4250 pastorem,
2269 4192 2320 4237 et
2346 4183 2713 4255 dispergentur
2744 4199 2858 4237 ores
2890 4182 3060 4252 gregis
3094 4182 3160 4236 ²⁹.
3192 4181 3326 4235 Nam
3363 4184 3522 4252 primi

1951 4274 2071 4343 ejus
2101 4275 2376 4346 discipuli,
2403 4292 2531 4332 ossa
2558 4276 2807 4345 corporis
2847 4274 3019 4345 ipsius
3045 4280 3221 4337 erant,
3272 4274 3364 4342 qui
3393 4281 3527 4329 tunc

1951 4368 2187 4437 dispersi
2214 4382 2342 4423 sunt
2378 4369 2697 4425 scandalum
2726 4367 2873 4438 passi
2901 4367 2955 4420 in
2986 4366 3137 4435 ipso;
3170 4362 3524 4433 quemadmo‘

1955 4458 2085 4514 dum
2118 4462 2235 4530 ipse
2259 4460 2562 4517 declaravit
2590 4462 2693 4540 hoc
2722 4459 2882 4514 modo
2916 4478 2928 4513 :
2968 4456 3161 4512 Omnes
3191 4473 3279 4511 vos
3304 4455 3527 4510 scanda-

1958 4554 2067 4609 lum
2092 4555 2366 4625 patiemini
2397 4556 2451 4609 in
2476 4572 2555 4609 me
2593 4556 2699 4614 ista
2731 4561 2879 4605 nocte
2906 4552 2971 4606 ³ο.
3006 4549 3134 4606 Post
3163 4549 3522 4606 resurrectio-

1954 4663 2079 4703 nem
2125 4663 2281 4711 vero,
2325 4645 2416 4701 ubi
2466 4647 2643 4717 ipsum
2692 4652 3122 4716 conspexerunt,
3155 4641 3345 4713 repleti
3394 4653 3523 4697 sunt

1956 4740 2154 4810 gaudio
2186 4751 2238 4794 et
2258 4739 2640 4795 exsultatione.
2674 4737 2731 4791 lu
2760 4739 2845 4796 his
2875 4739 3002 4795 item
3030 4753 3149 4809 qua:
3172 4738 3285 4807 jam
3319 4735 3523 4804 agitari-

1957 4843 2047 4887 tur
2072 4834 2138 4887 de
2165 4833 2276 4886 illis
2297 4832 2503 4886 dictum
2528 4817 2612 4886 est
2641 4851 2653 4887 :
2685 4832 2876 4887 Omnia
2908 4848 3030 4887 ossa
3053 4848 3167 4885 mea
3194 4829 3387 4891 dicent,
3416 4827 3525 4881 Do-

1961 4926 2118 4985 mine,
2146 4920 2262 4992 quis
2296 4923 2485 4977 similis
2516 4923 2610 4978 tibi
2634 4927 2658 4979 ?
2687 4922 2818 4989 Quae
2848 4922 2916 4977 iis
2949 4938 3109 4992 porro
3133 4920 3520 4990 subjiciuntur,

1960 5029 2204 5086 persona:
2241 5011 2543 5069 Salvatoris
2600 5014 2775 5069 nostri
2819 5013 3110 5068 admodum
3168 5010 3523 5078 congruentia

1958 5116 2105 5172 sunt,
2131 5122 2251 5175 quae
2300 5107 2380 5161 sic
2414 5107 2612 5163 habent
2658 5126 2671 5161 :
2704 5090 2984 5176 Surgentes
3018 5114 3169 5159 testes
3204 5101 3371 5169 iniqui
3406 5116 3523 5170 quae

1956 5197 2260 5268 ignorabam
2288 5197 2681 5268 interrogabant
2702 5212 2799 5249 me.
2826 5194 3192 5249 Retribuebant
3223 5191 3349 5244 milii
3377 5192 3526 5245 mala

1956 5308 2051 5361 pro
2079 5290 2248 5357 bonis,
2288 5290 2618 5344 sterilitatem
2647 5288 2840 5341 anima:
2885 5302 3029 5340 mew.
3060 5281 3157 5338 llis
3184 5282 3361 5337 alliuia
3392 5289 3523 5336 sunt
3592 5350 3593 5353 η

1954 5398 2075 5451 qua)
2105 5381 2161 5436 in
2195 5384 2405 5454 psalmo
2434 5398 2561 5437 cvm
2595 5381 2864 5435 habentur
2893 5380 2978 5433 his
3007 5377 3186 5432 verbis
3213 5394 3227 5431 :
3262 5375 3329 5429 Et
3359 5389 3522 5440 expu-

1954 5487 2242 5544 gnaverunt
2274 5493 2353 5529 me
2382 5475 2573 5545 gratis.
2618 5473 2726 5527 Pro
2757 5490 2816 5527 eo
2848 5481 2904 5526 ut
2938 5487 3019 5524 me
3040 5470 3312 5541 diligerent
3341 5465 3522 5519 detra-

1954 5569 2143 5622 hebant
2182 5570 2327 5624 mihi.
2369 5569 2431 5620 Et
2471 5575 2754 5634 posuerunt
2794 5566 3071 5618 adversum
3124 5576 3203 5613 me
3246 5556 3391 5634 πτοία
3424 5573 3523 5625 pro

1955 5659 2124 5725 bonis,
2166 5672 2216 5713 ct
2257 5654 2435 5714 odium
2475 5674 2569 5725 pro
2606 5657 2885 5711 dilectione
2915 5670 3028 5708 mea
3059 5652 3124 5725 "_.
3162 5648 3519 5704 Sterilitatelu

1934 5768 2082 5808 .vero
2139 5753 2403 5824 parabant
2443 5751 2543 5819 ipsi
2578 5751 2669 5816 qui
2724 5748 2858 5803 nihil
2906 5762 3015 5802 non
3058 5741 3249 5813 agebat
3295 5748 3353 5796 ut
3387 5755 3521 5794 con-

1952 5857 2203 5917 gregaret
2238 5847 2360 5900 illos
2404 5861 2465 5899 ac
2497 5844 2600 5899 sibi
2652 5846 3035 5913 regeneraret;
3093 5835 3238 5907 quod
3281 5834 3395 5905 ipsc
3438 5832 3521 5889 sic

2654 6026 2695 6057 ³⁸
2736 6022 2881 6081 I‘sal.
2916 6037 3079 6087 cvm,
3113 6018 3168 6081 ὄρ
