4302 6404
776 493 873 551 δυ

1472 489 1755 551 'EUSEBII
1796 495 2275 551 CAESARIENSIS
2312 497 2463 552 OPP.
2505 497 2686 553 PARS
2724 497 2809 554 Ill.
2850 529 2919 539 —-
2985 498 3395 555 EXEGETICA.

3874 470 3875 473 γ
3922 504 4028 571 διε

775 614 903 671 Hazc
941 623 1117 671 autem
1148 617 1342 672 ibidem
1378 618 1515 672 dixit
1565 628 1689 688 post
1719 620 1882 673 illud:
1912 618 2055 672 Erue
2080 637 2112 673 a
2139 620 2340 688 [ramea
2374 648 2418 701 Α
2459 624 2474 673 ἰ

2327 638 2340 671 ι
2374 648 2418 701 Α
2459 622 2822 689 Ἑκκλησίας
2838 621 3087 691 ὑμνήσω
3102 638 3194 675 σε.
3220 622 3406 675 Ταῦτα
3432 621 3487 674 δὲ
3514 623 3628 676 ἐκεῖ
3646 623 3862 693 ἐλέγετο
3886 604 4026 697 μετὰ

776 711 1015 763 animam
1041 726 1229 774 meam,
1259 721 1307 764 et
1337 710 1401 765 de
1424 727 1583 763 manu
1612 712 1757 765 canis
1792 713 2111 782 unigenitum
2150 730 2338 769 meam.

777 802 934 858 Salva
969 820 1044 857 me
1077 819 1142 856 ea:
1181 821 1269 857 ore
1298 803 1462 858 leonis
1486 814 1535 858 et
1554 822 1585 857 a
1620 806 1863 859 cornibus
1888 803 2219 860 unicomium
2244 808 2341 861 ltu—

775 895 1049 947 militatem
1106 911 1297 950 meam.
1350 894 1448 949 llis
1506 897 1671 967 igitur
1727 898 1972 952 additum
2031 898 2167 951 illud
2219 910 2339 955 cst:

774 986 1025 1041 Narrabo
1063 1004 1249 1041 nomen
1298 996 1444 1040 tuum
1480 986 1737 1057 fratribus
1783 990 1934 1050 meis,
1966 988 2021 1041 in
2064 992 2233 1043 medio
2262 1008 2343 1044 ec-

772 1079 947 1132 clesia:
997 1078 1229 1133 laudabo
1280 1090 1347 1133 te.
1393 1079 1449 1134 In
1499 1083 1754 1150 praesenti
1805 1083 2060 1137 similiter
2108 1084 2340 1152 psalmo,

785 1180 1076 1239 postquam
1114 1168 1360 1224 dixerat:
1391 1170 1623 1224 Restitue
1660 1174 1893 1227 animam
1928 1156 2096 1226 meam
2124 1190 2157 1226 a
2186 1174 2335 1227 mali-

770 1264 968 1333 gnitate
996 1277 1196 1326 eorum,
1231 1279 1262 1315 a
1287 1262 1519 1316 leonibus
1552 1264 1871 1334 unigenitum
1899 1281 2087 1326 meam,
2110 1264 2339 1335 adjecit:

772 1354 1077 1424 Conﬁtebor
1113 1354 1210 1408 tibi
1248 1357 1303 1409 in
1353 1356 1573 1409 ecclesia
1625 1356 1815 1423 multa,
1856 1358 1911 1411 in
1960 1358 2149 1426 populo
2197 1360 2346 1428 gravi

772 1446 1003 1503 laudabo
1036 1457 1083 1501 te
1106 1447 1171 1503 “.
1209 1447 1314 1505 Pro
1363 1450 1456 1504 illo
1487 1457 1687 1515 autem,
1718 1450 1886 1519 gravi,
1922 1449 2139 1520 Aquila,
2167 1468 2340 1511 ossea.

773 1540 966 1603 edidit,
996 1540 1049 1596 id
1084 1550 1191 1603 est,
1238 1540 1562 1597 fortiz‘ossa
1609 1542 1810 1612 quippe
1848 1544 2091 1597 omnium
2126 1560 2247 1614 qua:
2287 1546 2343 1597 in

714 1668 717 1669 ν
774 1645 1008 1702 corpore.
1048 1641 1291 1697 exstant,
1326 1633 1627 1688 fortissima
1671 1644 1726 1688 et
1771 1634 2156 1690 robustissima
2189 1644 2340 1690 sunt.

773 1720 967 1778 Gravis
999 1723 1169 1793 igitur
1199 1732 1304 1786 est,
1338 1724 1431 1793 qui
1460 1721 1722 1778 fundatus
1752 1724 1807 1777 in
1835 1732 2011 1794 petra,
2041 1724 2340 1777 immobilis

774 1820 827 1869 et
856 1814 1123 1871 infractus
1148 1823 1352 1870 manet.
1403 1814 1551 1868 Patri
1589 1815 1774 1885 itaque
1804 1816 2113 1879 confitetur,
2138 1817 2343 1887 gratias

774 1906 878 1974 ipsi
909 1921 1075 1976 agens
1116 1906 1170 1960 in
1196 1907 1431 1962 ecclesia
1461 1922 1557 1959 sua
1584 1907 1780 1961 multa.
1824 1904 1992 1959 Multa
2024 1906 2223 1975 quippe
2260 1922 2343 1960 re-

2446 715 2539 767 τόο
2584 714 2782 767 Ῥῦσαι
2833 715 2949 768 ἀπὸ
2991 713 3291 781 ῥομφαίας
3340 712 3452 780 τὴν
3493 715 3703 783 ψυχήν
3750 734 3883 784 μου,
3929 718 4031 771 καὶ

2447 810 2516 862 ἐκ
2562 808 2759 878 χειρὸς
2798 809 2986 873 κυνὸς
3011 808 3126 875 τὴν
3138 805 3434 877 μονογενῆ
3458 826 3596 875 μου.
3622 808 3832 865 Σιῦσόν
3851 828 3929 878 με
3959 812 4029 864 ἐκ

2450 902 2744 967 στόματος
2765 899 3033 965 λέοντος,
3058 899 3154 952 καί
3181 898 3297 951 ἀπὸ
3331 898 3593 967 κεράτων
3608 902 4032 969 μονοκερώτων

2448 992 2565 1059 τὴν
2605 992 2967 1044 ταπείνωσίν
3005 1009 3143 1060 μου.
3193 990 3441 1060 Συνῆπτο
3489 990 3619 1058 γοῦν
3662 989 3872 1055 τούτοις
3932 994 4028 1047 τόο

2450 1080 2813 1151 Διηγήσομαι
2846 1082 2911 1134 τὸ
2951 1081 3136 1151 ὄνομα
3163 1099 3279 1135 σου
3315 1081 3437 1147 τοῖς
3468 1081 3750 1150 ἀδελφοῖς
3788 1101 3934 1153 μου,
3962 1084 4035 1138 ἐν

2442 1174 2611 1244 μέσῳ
2644 1173 3008 1240 Ἐκκλησίας
3039 1172 3289 1243 ὑμνήσω
3324 1190 3416 1227 σε.
3450 1175 3559 1228 Καὶ
3584 1176 3640 1228 ἐν
3669 1178 3781 1239 τοῖς
3811 1193 4039 1247 προκει-

2453 1260 2635 1330 μένοις
2680 1260 3075 1331 παραπλησίως
3132 1262 3431 1333 προειπὼν·
3498 1264 4036 1332 Ἀποκατάστησον

2450 1353 2565 1419 τὴν
2590 1351 2803 1422 ψυχήν
2835 1370 2953 1421 μου
2986 1350 3101 1405 ἀπὸ
3139 1351 3250 1420 τῆς
3278 1354 3630 1423 κακοιιογίας
3660 1353 3878 1419 αὐτῶν,
3911 1354 4037 1409 ἀπὸ

2447 1444 2713 1495 λεόντων
2739 1441 2853 1508 τὴν
2886 1440 3183 1511 μονογενῆ
3219 1460 3357 1511 μου,
3400 1443 3669 1513 ὲπιλέγει’
3712 1444 4035 1513 Ἐξομολο-

2448 1532 2715 1601 ιγήσομαί
2764 1548 2864 1585 σοι
2904 1531 2974 1584 ὲν
3002 1531 3300 1600 ἐκκλησίᾳ
3335 1532 3557 1603 πολλῇ,
3606 1536 3673 1589 ἐν
3693 1534 3820 1599 λιτῷ
3855 1535 4037 1603 βαρεῖ

2447 1624 2665 1679 αἰνέσω
2693 1640 2785 1679 σε.
2826 1625 2971 1678 Ἀντὶ
2998 1624 3051 1677 δὲ
3080 1624 3194 1688 τοῦ,
3220 1627 3413 1695 βαρεῖ,
3448 1630 3476 1681 6
3515 1627 3745 1691 Ἀκύλας
3772 1626 4038 1694 ἐξέδωκεν

2449 1718 2719 1783 ὀστεΐνῳ,
2756 1700 3051 1781 τουτέστιν,
3091 1717 3324 1789 ἰσχυρῷ,
3354 1720 3478 1772 ἐπεὶ
3516 1719 3609 1773 τοῦ
3669 1721 3868 1783 παντὸς
3930 1717 4038 1771 σώο

2452 1827 2618 1880 ματος
2656 1809 2725 1863 τὰ
2752 1809 3100 1864 δυνατώτατα
3130 1811 3222 1863 καὶ
3250 1813 3574 1883 ἰσχυρότατα
3596 1812 3728 1865 ὀστᾶ
3754 1813 4035 1883 τυγχάνει.

2449 1904 2631 1977 Βαρυς
2662 1901 2754 1959 οὖν
2784 1909 2811 1959 6
2838 1906 2930 1959 ἐπὶ
2959 1906 3054 1977 τὴν
3076 1904 3282 1979 πέτραν
3308 1907 3786 1979 τεθεμελιωμένος,
3829 1909 3857 1960 ὁ
3902 1908 4014 1961 άαά

774 2011 900 2051 vera
951 2004 1036 2051 est
1080 1996 1197 2050 haec
1242 1996 1499 2058 ecclesia,
1534 2010 1697 2063 quam
1736 1996 1789 2047 in
1824 1994 2033 2064 psalmo
2074 2010 2165 2047 xxi
2232 2008 2345 2046 ma-
2378 2019 2418 2073 Β
2446 1999 2473 2051 λ

2339 2023 2345 2031 ·
2378 2019 2418 2073 Β
2446 1999 2631 2063 λευτος
2669 2000 2762 2052 καὶ
2805 2000 3073 2071 ἀρραγὴς.
3130 1999 3219 2069 Τῷ
3260 2000 3435 2052 τοίνυν
3486 2000 3659 2071 Ila-cpi.
3696 2000 4038 2070 ἐξομολογεῖ-

775 2103 937 2161 gnam
973 2087 1212 2151 vocavit,
1249 2088 1472 2141 dicens:
1508 2086 1660 2154 Apud
1691 2094 1739 2139 te
1762 2086 1877 2140 laus
1910 2104 2025 2141 mea
2042 2087 2092 2139 in
2125 2087 2345 2140 ecclesia
2445 2106 2474 2141 τ

2338 2105 2345 2139 ι
2445 2106 2555 2151 ται,
2591 2088 2927 2160 εὐχαριστῶν
2962 2090 3052 2141 ἐπὶ
3072 2090 3138 2159 τῇ
3198 2087 3489 2157 Ἐκκλησία
3535 2086 3696 2139 αὐτοῦ
3735 2089 3799 2157 τῇ
3843 2085 4037 2156 πολλῇ.

776 2198 993 2252 magna.
1042 2179 1203 2235 Pater
1236 2178 1650 2250 igit'urgloriam
1686 2178 1833 2233 Filio
1862 2180 1917 2233 in
1963 2180 2199 2235 ecclesia
2227 2194 2345 2231 ma-

778 2290 884 2345 gna
917 2274 1205 2341 conciliat;
1240 2272 1414 2328 Filius
1446 2280 1627 2327 autem
1657 2271 1803 2327 Patri
1836 2274 2133 2328 conﬁtetur
2168 2275 2222 2325 in
2258 2287 2348 2325 ec-

707 2419 716 2425 .
779 2369 946 2425 clesia
995 2368 1191 2433 multa,
1244 2384 1365 2439 quae
1428 2368 1643 2424 scilicet
1696 2368 1755 2423 in
1805 2369 2061 2422 universa
2106 2365 2349 2419 Ecclesia

779 2462 1075 2518 stabilitur.

2449 2180 2624 2249 Πολλὴ
2646 2181 2755 2252 γὰρ
2784 2181 2858 2245 ὡς
2890 2180 3099 2250 ἀληθῶς
3150 2178 3287 2249 αὕτη
3320 2180 3352 2249 ὴ
3392 2176 3682 2248 Ἐκκλησία
3704 2194 3717 2206 ο
3770 2178 3835 2246 ἣν
3871 2178 3931 2228 ὲν
3960 2174 4043 2245 τῷ

2450 2271 2681 2341 εἰκοστῷ
2726 2272 2927 2343 πρώτῳ
2978 2272 3217 2342 μεγάλην
3266 2270 3548 2340 ὠνόμασεν
3608 2267 3810 2321 εἰπών·
3870 2265 4042 2335 Παρὰ

2452 2363 2568 2417 σοῦ
2614 2367 2646 2417 ὀ
2684 2364 2930 2430 ἔπαινός
2968 2383 3085 2433 μου
3108 2366 3197 2417 λέν
3229 2364 3527 2429 ἐκκλησίᾳ
3556 2360 3808 2431 μεγάλῃ.
3849 2360 3907 2411 ὐ
3942 2358 4043 2429 μὲν

2452 2451 2543 2508 οὖν
2574 2454 2760 2524 Πατὴρ
2783 2454 3001 2509 ἔπαινον
3038 2436 3120 2526 τῷ¹
3143 2454 3270 2526 Υίῴἶ
3296 2453 3690 2525 κατεργάζεται
3723 2452 3781 2503 ὲν
3814 2449 4046 2518 Ἐκκλη-

780 2558 871 2630 σία
905 2558 1140 2631 μεγάλεεγ
1185 2557 1214 2608 6
1254 2558 1311 2611 δὲ
1331 2557 1458 2620 Υίὸς
1494 2554 1895 2627 ὲξομολογεῖται
1922 2554 2000 2625 τῷ
2042 2553 2216 2624 Πατρὶ
2258 2553 2316 2604 ὲν
2366 2551 2661 2622 Ἐκκλησία
2706 2551 2897 2625 πολλῇ,
2926 2554 2991 2623 τῇ
3033 2551 3151 2604 καθ’
3186 2552 3313 2623 ὅλης
3341 2551 3439 2621 τῆς
3509 2547 3831 2620 Ἐκκλησίας
3894 2545 4044 2614 ἱδρυ-

783 2650 940 2723 μένῃ.

854 2740 1020 2795 Vens.
1055 2739 1243 2795 l9-2l.
1302 2740 1426 2795 Non
1472 2741 1894 2810 supergaudeant
1941 2740 2071 2793 mihi
2122 2740 2212 2811 qui
2258 2736 2353 2791 ad-

781 2843 1058 2889 versantur
1085 2834 1215 2888 πιείιὶ
1247 2836 1441 2905 inique,
1469 2837 1555 2906 qui
1602 2828 1827 2889 oder'unt
1872 2852 1951 2889 nte
1981 2835 2147 2905 gratis
2185 2842 2232 2887 et
2257 2850 2355 2886 an-

770 2935 951 2980 ‘nuunt
983 2926 1168 2980 oculis.
1200 2927 1463 2993 Quoniam
1509 2928 1635 2981 mihi
1675 2927 1883 2997 quidem
1914 2928 2135 2996 paciﬁce
2179 2927 2357 2995 loque-

784 3016 996 3081 bantur,
1022 3028 1070 3071 et
1098 3020 1149 3071 in
1198 3018 1478 3073 iracundia
1516 3018 1667 3071 dolos
1694 3017 2018 3086 cogitabant.
2062 3016 2129 3069 Et
2159 3017 2358 3069 dilata-

783 3116 964 3159 verunt
996 3123 1151 3176 super
1184 3124 1263 3160 me
1290 3125 1346 3161 os
1370 3125 1544 3171 suum,
1582 3108 1869 3161 dixerunt:
1904 3104 2068 3175 Euge,
2100 3122 2247 3172 euge,
2292 3106 2361 3159 vi—

783 3194 971 3250 derunt
1010 3196 1149 3249 oculi
1185 3197 1371 3251 nostri.
1426 3194 1483 3249 Si
1521 3204 1645 3267 post
1702 3197 2012 3265 passionem
2063 3194 2361 3249 Salvatoris

784 3286 965 3341 nostri
999 3301 1109 3340 non
1146 3285 1363 3343 faustus
1412 3304 1595 3341 rerum
1627 3288 1810 3342 exitus
1848 3289 1999 3343 risus
2059 3294 2201 3342 esset
2226 3326 2240 3348 ,
2269 3286 2364 3356 qui

785 3375 840 3429 in
867 3392 988 3431 eum
1011 3378 1479 3447 conspiravcrant,
1500 3380 1549 3433 ei
1577 3378 1993 3448 supergaudendi
2014 3394 2076 3431 ac
2110 3377 2365 3433 deriden-

787 3466 840 3520 di
877 3483 1000 3520 eum
1030 3466 1166 3521 forte
1187 3469 1364 3523 locum
1394 3469 1734 3532 habuissent,
1760 3476 1947 3538 utpote
1973 3468 2065 3538 qui
2091 3468 2158 3521 de
2188 3466 2366 3522 medio

788 3557 1039 3611 sublatus
1088 3559 1226 3613 nihil
1274 3560 1586 3614 valuisset:
1629 3568 1683 3612 at
1714 3560 1935 3629 quando
1972 3558 2214 3613 Ecclesia
2248 3558 2367 3626 ejus

787 3650 957 3704 multa
992 3658 1045 3704 et
1077 3652 1269 3721 magna
1314 3667 1411 3721 per
1435 3660 1608 3704 totum
1635 3652 1821 3705 orbem
1862 3650 2190 3721 resplendet,
2226 3650 2370 3719 ipse-

788 3756 899 3810 que
931 3741 1198 3796 hactenus
1253 3743 1309 3796 in
1342 3742 1521 3797 medio
1560 3743 1889 3807 consistens,
1917 3742 2177 3812 populum
2209 3756 2368 3796 suum

767 3846 1012 3904 gravem
1048 3841 1435 3903 potentemque
1462 3842 1779 3905 congregat,
1806 3849 1869 3887 ac
1908 3848 2005 3903 per
2052 3849 2175 3887 eum
2221 3832 2371 3886 Patri

792 3937 896 3977 suo
926 3921 1216 3975 confitetur
1242 3942 1255 3985 ;
1280 3938 1404 3976 nam
1441 3924 1531 3978 ubi
1563 3926 1666 3977 duo
1689 3926 1765 3979 vel
1796 3936 1899 3979 tres
1923 3927 2223 3995 congregati
2257 3925 2372 3994 fue-

794 4012 903 4064 rint
934 4011 988 4063 in
1016 4012 1221 4071 nomine
1236 4012 1371 4079 ejus,
1395 4014 1505 4068 illic
1531 4032 1647 4069 sum
1672 4017 1724 4069 in
1748 4016 1917 4069 medio
1936 4032 2115 4070 eorum
2140 4017 2182 4048 ⁸⁵
2207 4035 2221 4083 ;
2248 4017 2373 4086 jure

766 4098 769 4101 ’
798 4102 899 4165 illi,
935 4102 1028 4172 qui
1064 4104 1258 4159 alienis
1298 4106 1550 4161 laetantur
1590 4110 1770 4175 malis,
1804 4110 2011 4180 pudore
2037 4110 2251 4175 sulfusi,
2285 4126 2373 4165 re-

801 4201 891 4247 tro
949 4194 1353 4248 abscesserunt.
1409 4195 1551 4262 Quid
1606 4201 1751 4252 enim
1799 4201 2083 4254 inimicitia
2144 4199 2375 4270 dignum

798 4284 1041 4355 perpessi
1071 4291 1281 4338 tantum
1312 4285 1431 4353 ejus
1454 4290 1641 4344 odium
1673 4292 1971 4357 ceperunt?
1996 4288 2177 4354 Quare
2205 4290 2375 4360 Aqui-

797 4374 871 4439 la,
911 4376 1023 4429 sine
1053 4392 1239 4441 causa,
1275 4376 1666 4447 interpresatus
1702 4388 1804 4434 est.
1835 4380 2167 4433 Anuu'ebant
2196 4392 2375 4435 autem

796 4472 973 4524 oculis
998 4486 1081 4525 me
1113 4471 1446 4539 deridentes,
1479 4473 1969 4542 institutionesque
2004 4486 2155 4525 meas
2183 4471 2250 4525 ad
2284 4487 2375 4526 sa-

798 4562 1057 4635 pientiam
1082 4564 1241 4629 datas
1272 4567 1641 4624 traducentes.
1665 4565 1950 4634 Deinceps,
1982 4563 2113 4616 Mihi
2143 4562 2373 4631 quidem.

800 4656 999 4727 inquit.
1029 4659 1245 4726 paci/ioc
1275 4659 1641 4730 loquebamur,
1685 4658 1781 4713 sed
1832 4658 1886 4712 in
1918 4657 2085 4712 corde
2125 4670 2225 4710 suo
2277 4653 2375 4707 do-

800 4748 882 4803 los
913 4756 967 4803 et
999 4748 1335 4801 iracundiam
1384 4751 1805 4804 meditabantur.
1852 4750 1978 4805 llaec
2023 4758 2205 4803 autem
2244 4754 2373 4802 tunc

802 4841 1021 4911 impleta
1044 4848 1341 4905 sunt,'cum
1366 4843 1628 4896 Pharismi
1680 4846 2025 4898 occasionem
2087 4848 2375 4911 captantes

804 4931 1059 4985 dicebant
1092 4932 1168 4985 illi
1203 4952 1215 4985 :
1242 4930 1519 5001 Magister,
1552 4933 1748 4987 scimus
1771 4934 1895 5001 quia
1912 4948 2070 4989 verax
2097 4949 2171 4997 es,
2196 4942 2243 4986 et
2266 4947 2378 4985 ver-

810 5020 931 5074 bum
956 5022 1053 5076 Dei
1087 5025 1137 5076 in
1161 5024 1377 5078 veritate
1393 5026 1567 5087 doces,
1604 5034 1651 5079 et
1678 5041 1781 5077 non
1815 5034 1901 5081 est
1925 5026 2016 5076 tibi
2040 5042 2167 5077 cura
2188 5025 2249 5079 de
2282 5023 2384 5078 ali-

806 5132 906 5183 quo
930 5133 949 5180 ;
983 5133 1084 5170 non
1112 5120 1247 5175 enim
1286 5120 1500 5186 respicis
1522 5135 1799 5187 personam
1821 5134 1838 5182 ;
1864 5116 1949 5169 die
1967 5134 2084 5185 ergo
2109 5119 2277 5183 nobis,
2313 5120 2405 5172 li-r

806 5218 885 5262 cet
936 5226 1147 5265 censum
1194 5212 1324 5265 dare
1366 5210 1569 5265 Cwsari
1600 5229 1667 5263 an
1722 5209 1939 5264 non“?
1972 5208 2143 5266 Hasce
2178 5213 2380 5282 quippe

806 5318 981 5359 voces.
1004 5318 1127 5357 cum
1169 5304 1294 5358 dolo
1323 5303 1675 5373 proferebant
1713 5321 1726 5357 :
1760 5317 1929 5373 quare
1951 5303 2063 5355 huic
2100 5304 2250 5370 prius
2282 5302 2380 5356 ad-

812 5395 1099 5449 umbrabat
1136 5393 1221 5447 his
1254 5396 1433 5449 verbis
1461 5414 1473 5448 :
1506 5392 1641 5447 Mihi
1696 5394 1905 5463 quidem
1953 5394 2170 5464 paciﬁce
2201 5395 2382 5466 loque-

811 5486 1021 5549 bantur,
1046 5486 1171 5539 etin
1201 5485 1475 5539 iracundia
1498 5486 1645 5540 dolos
1678 5488 2001 5555 cogitabant.
2029 5483 2133 5539 Sed
2152 5486 2240 5541 hic
2265 5486 2386 5558 qui-

810 5574 934 5626 dem
960 5574 1149 5629 dolose
1180 5589 1303 5628 cum
1330 5589 1395 5628 eo
1422 5576 1693 5646 colloquia
1730 5566 2138 5643 miscebant;at
2167 5578 2221 5631 in
2254 5577 2379 5641 ﬁne,

813 5674 1059 5735 tempore
1083 5666 1374 5735 passionis,
1400 5667 1558 5735 pleno
1581 5683 1676 5721 ore
1703 5669 2034 5736 clamabant,
2064 5672 2383 5742 sanguinem

814 5756 935 5826 ejus
967 5765 1280 5827 expetentes
1310 5773 1472 5828 super
1502 5774 1561 5814 se
1587 5770 1642 5815 et
1670 5774 1835 5830 super
1863 5758 2005 5816 ﬁlios
2036 5776 2168 5818 suos
2194 5786 2205 5818 ;
2237 5764 2384 5834 quod

2532 2730 2628 2800 Μὴ
2658 2727 3093 2799 ἐπιχαρείησάν
3119 2746 3221 2798 μοι
3258 2730 3311 2781 οἱ
3353 2726 3769 2797 ἐχθραίνοντές
3787 2744 3889 2797 μοι
3915 2725 4047 2782 ἀδί-

2461 2843 2613 2890 κως,
2656 2826 2711 2877 οἱ
2756 2820 3081 2893 μισοῦντές
3121 2838 3197 2889 με
3247 2819 3474 2887 δωρεὰν
3517 2818 3615 2873 καὶ
3668 2819 4049 2887 διανεύοντες

2464 2914 2811 2984 ὀφθαλμοῖς.
2845 2915 2973 2967 Ὅτι
3014 2912 3143 2982 ἐμοὶ
3182 2910 3299 2980 μὲν
3329 2908 3599 2979 εἰρηνικὰ
3634 2909 3920 2973 ἐλάλουν,
3950 2912 4051 2964 καὶ

2463 3008 2555 3059 ἐπ’
2610 3004 2758 3075 ὀργῇ
2805 3004 3025 3069 δόλους
3074 2998 3485 3071 διελογίζοντο.
3533 3000 3643 3054 Καὶ
3701 2999 4054 3054 ἐπλάτυναν

2464 3099 2555 3151 ἐπ’
2580 3098 2687 3167 ἐμὲ
2714 3096 2783 3149 τὸ
2820 3097 3013 3164 στόμα
3049 3094 3277 3147 αὐτῶν*
3310 3089 3513 3146 εἷπον·
3558 3087 3733 3160 Εὖγε,
3773 3087 3934 3160 εὖγε,
3965 3088 4049 3145 εἴ·

2467 3189 2575 3243 δον
2601 3192 2655 3243 οί
2674 3186 2965 3257 ὀφθαλμοὶ
2995 3184 3262 3253 ἡμῶν.Εί
3295 3184 3369 3254 μὴ
3390 3182 3458 3236 τὰ
3474 3182 3603 3252 τέλη
3638 3182 3786 3234 αἴσια
3817 3182 3885 3235 τὰ
3914 3183 4054 3252 μετὰ

2466 3279 2561 3334 τοῦ
2583 3279 2786 3341 πάθους
2803 3277 2899 3331 τοῦ
2919 3276 3170 3347 Σωτῆρος
3200 3274 3356 3346 ἡμῶν
3388 3275 3616 3344 ἑωρᾶτο,
3644 3274 3781 3343 τάχα
3815 3290 3914 3326 που
3945 3272 4057 3343 χὼ-

2474 3388 2570 3442 ραν
2599 3366 2743 3439 εἶχον
2786 3366 3163 3445 καταχαρῆναι
3200 3362 3362 3417 αὐτοῦ
3401 3364 3451 3416 oi
3478 3362 3575 3434 τὴν
3602 3364 3719 3416 κατ’
3755 3360 3918 3415 αὑτοῦ
3954 3378 4052 3415 συ-

2472 3462 2674 3532 σκευὴν
2709 3457 3175 3531 μεμηχανημένοι,
3207 3457 3283 3520 ὼς
3326 3455 3711 3525 ἀφανισθέντος
3748 3458 3842 3511 καὶ
3884 3457 4055 3530 μηδὲν

2470 3554 2826 3625 δεδυνημένου
2851 3570 2864 3583 ·
2901 3553 3024 3605 ἐπεὶ
3044 3552 3100 3604 δὲ
3125 3554 3158 3622 ἠ
3197 3550 3492 3623 Ἐκκλησία
3517 3550 3680 3605 αὑτοῦ
3702 3552 3735 3621 ἡ
3766 3551 3931 3622 πολλὴ
3956 3552 4056 3606 καὶ

2476 3648 2683 3721 μεγάλη
2719 3646 3013 3717 διαλάμπει
3060 3645 3181 3697 καθ’
3218 3644 3344 3717 ὅλης
3383 3646 3479 3716 τῆς
3501 3645 3847 3716 οἰκουμένης·
3893 3644 4057 3708 αὑτός

2470 3758 2529 3793 τε
2558 3740 2725 3793 είσέτι
2748 3740 2841 3792 καὶ
2864 3738 2958 3791 νῦν
2988 3741 3044 3791 ἐν
3074 3735 3224 3807 μέσῳ
3251 3735 3420 3798 ἑστὼς
3445 3740 3735 3808 συγκροτεῖ
3766 3737 3856 3789 τὸν
3882 3727 4056 3806 βαρῦν

2473 3834 2568 3887 καὶ
2592 3832 2813 3886 δυνατὸν
2849 3829 3013 3884 αὑτοῦ
3054 3829 3199 3892 λαὸν,
3233 3830 3326 3881 καὶ
3355 3827 3753 3898 ἐξομολογεῖται
3787 3829 3850 3880 δι’
3876 3827 4056 3881 αὐτῶν

2473 3924 2551 3996 τῷ
2602 3923 2795 3978 ἑαυτοῦ
2844 3920 3045 3992 Πατρί’
3087 3921 3271 3973 Ὅπου
3321 3918 3429 3990 γὰρ
3472 3917 3581 3975 δύο
3625 3918 3662 3987 ἣ
3710 3918 3866 3987 τρεῖς
3908 3934 4058 3972 συν..

2474 4015 2720 4085 ηγμένοι
2748 4017 2836 4080 εἱς
2862 4013 2925 4067 τὸ
2943 4011 3127 4065 αὑτοῦ
3145 4010 3355 4081 ὄνομα,
3375 4011 3502 4066 ἐκεῖ
3515 4012 3631 4082 είμὶ
3661 4013 3730 4066 ἐν
3752 4012 3917 4083 μέσῳ
3946 4016 4058 4067 αὐ-

2474 4110 2621 4164 τῶν·
2648 4111 2870 4171 εἰκότως
2899 4108 2947 4159 οἱ
2981 4104 3468 4177 ὲπιχαιρεσίκακοι,
3502 4107 3763 4179 αἰσχύνην
3787 4108 4058 4178 καταχεά-

2480 4218 2653 4272 μενοι,
2679 4186 3107 4271 ἀπεστράφησαν
3134 4197 3211 4259 εἰς
3237 4194 3305 4248 τά
3327 4198 3519 4253 ὀπίσω.
3554 4197 3619 4249 Τί
3650 4197 3757 4267 γὰρ
3782 4197 3877 4250 καὶ
3907 4197 4059 4261 ἄξιον

2478 4292 2677 4367 ἔχθρας
2716 4289 2977 4352 παθόντες
3013 4290 3073 4341 τὸ
3105 4288 3240 4359 πρὸς
3285 4290 3442 4343 αὑτὸν
3474 4291 3671 4360 ἤραντο
3714 4292 3897 4361 μῖσος;
3947 4289 4059 4343 διό-

2480 4402 2586 4455 περ
2639 4384 2667 4435 ὁ
2702 4380 2953 4444 Ἀκύλας,
3003 4380 3298 4449 ἀναιζίως,
3329 4382 3660 4453 ἡρμήνευσε.
3712 4385 3955 4434 Διένευον
4002 4380 4062 4434 δὲ

2480 4474 2775 4545 ὀφθαλμοῖς
2825 4472 3173 4543 χλευάζοντες
3219 4474 3420 4539 αὑτὸν,
3465 4476 3557 4526 καὶ
3595 4474 3941 4546 διασύροντες
3992 4471 4067 4528 τὰ.

2480 4569 2577 4639 τῆς
2618 4566 2807 4635 σοφίας
2845 4582 2942 4636 μου
2988 4564 3347 4636 παιδεύματα.
3394 4561 3547 4627 Εἶτα,
3593 4564 3747 4632 Ἐμοὶ
3789 4564 3926 4633 μὲν,
3958 4548 4072 4634 φη·-⁸

2482 4661 2585 4724 civ,
2614 4657 2882 4725 εἰρηνικὰ
2923 4657 3209 4721 ἐλάλουν,
3244 4658 3299 4710 ἐν
3332 4657 3388 4710 δὲ
3418 4660 3484 4727 τῇ
3518 4656 3716 4725 καρδίᾳ
3763 4654 3942 4731 αὐτῶν
3978 4656 4064 4709 δό-

2480 4752 2603 4813 λους
2662 4750 2756 4802 καὶ
2808 4750 2975 4821 ὀργῆν
3044 4747 3417 4816 διελογίζοντο.
3463 4746 3797 4816 Ἐπληροῦτο
3848 4747 3905 4800 δὲ
3971 4750 4066 4802 καὶ

2478 4843 2672 4909 ταῦτα,
2705 4843 2793 4896 ὅτε
2841 4842 3013 4904 λαϐὰς
3056 4840 3361 4912 θηρώμενοι
3418 4836 3600 4907 ἔλεγον
3635 4838 3772 4909 πρὸς
3813 4839 3971 4891 αὐτὸν
4016 4841 4071 4909 οί

2479 4933 2775 5004 Φαρισαῖοι·
2831 4931 3200 4994 Διδάσκαλε,
3263 4929 3523 4998 οἴδαμεν,
3572 4927 3662 4982 ὅτι
3704 4929 3935 4997 ἀληθὴς
3990 4926 4064 4997 εἴ,

2480 5024 2579 5077 καὶ
2618 5025 2725 5078 τὸν
2764 5029 2949 5094 λόγον
2976 5024 3081 5077 τοῦ
3118 5023 3266 5077 Θεοῦ
3295 5021 3386 5073 ἐπ’
3421 5020 3703 5087 ἀληθείας
3742 5020 4065 5090 διδάσκεις,

2482 5118 2577 5170 καὶ
2610 5120 2680 5171 οὑ
2729 5116 2901 5186 μέλει
2945 5134 3043 5171 σοι
3082 5116 3215 5184 περὶ
3251 5112 3529 5177 οὐδενός·
3568 5114 3639 5166 οὺ
3682 5114 3791 5181 γὰρ
3816 5113 4067 5181 βλέπεις

2482 5210 2568 5273 εὶς
2605 5211 2958 5276 πρόσωπον
3013 5206 3143 5261 εἰπὲ
3195 5201 3307 5260 οὖν
3356 5204 3532 5273 ἡμῖν·
3566 5204 3809 5269 Ἔξεστι
3860 5204 4068 5261 δοῦναι

2484 5298 2717 5367 κῆνσον
2760 5301 3013 5368 Καίσαρι
3058 5294 3096 5366 ἢ
3130 5296 3237 5357 οὔ;
3289 5295 3503 5357 Ταύτας
3540 5294 3648 5362 γὰο
3695 5295 3881 5360 δολίως
3937 5314 4065 5367 προ-

2488 5389 2680 5460 ἐφερον
2712 5392 2809 5454 τὰς
2838 5390 3020 5459 φωνάς
3039 5405 3053 5420 ·
3093 5387 3173 5440 διὸ
3205 5385 3489 5458 προλαϐὼν
3522 5384 3673 5441 ταῦτ’
3701 5388 3943 5460 ᾐνίττετο
3969 5391 4064 5459 φά-

2490 5498 2665 5533 σκων·
2716 5482 2876 5551 Ἐμοὶ
2906 5480 3019 5551 μὲν
3048 5481 3313 5547 εἰρηνικὰ
3355 5476 3640 5542 ἐλάλουν,
3672 5482 3769 5533 καὶ
3804 5482 3898 5534 ἐπ’
3924 5479 4068 5550 ὀργῇ

2489 5574 2709 5641 δόλους
2736 5572 3147 5643 διελογίζοντο.
3193 5572 3329 5624 Ἀλλ’
3355 5574 3585 5627 ἐνταῦθα
3630 5574 3727 5644 μὲν
3756 5574 3941 5635 δολίως
3971 5572 4067 5637 τὰς

2492 5669 2627 5735 πρὸς
2660 5668 2820 5722 αὐτὸν
2844 5665 3125 5720 ἐποιοῦντο
3157 5666 3401 5736 ὁμιλίας·
3440 5668 3497 5720 ἐν
3522 5666 3665 5719 τέλει
3693 5684 3755 5733 γε
3793 5666 3898 5739 μὴν
3932 5666 4068 5720 κατὰ

2492 5763 2583 5815 τὸν
2616 5763 2804 5834 καιρὸν
2823 5761 2916 5815 τοῦ
2950 5758 3151 5823 πάθους
3179 5760 3283 5831 ὅλῳ
3308 5760 3385 5831 τῷ
3417 5760 3644 5830 στόματι
3673 5760 3841 5815 ἐϐόων
3868 5759 4051 5819 αἰτοῦν

848 5938 854 5947 ’
906 5936 1411 6011 “Psal,xx1.‘22,25.
1460 5941 1503 5976 "
1544 5942 1731 6001 Matth.
1769 5960 1901 6000 xvttt
1926 5984 1939 6011 ,
1969 5944 2060 6000 20.
2138 5945 2183 5977 ⁸⁸
2222 5944 2409 6001 Matth.
2449 5960 2547 5999 xxi

1131 5936 1411 6010 tx1.22,23.
1460 5941 1503 5976 "
1544 5942 1731 6001 Matth.
1769 5960 1939 6011 xvttt,
1969 5944 2060 6000 20.
2138 5945 2183 5977 ⁸⁸
2222 5944 2409 6001 Matth.
2449 5960 2558 5999 λιιι
2640 5943 2699 5986 ιίῖ
2753 5945 2814 5987 I7
