4302 6390
284 474 394 532 515

1368 568 1369 571 η
1394 478 1905 538 COMMENTARIA
1944 480 2014 537 IN
2052 470 2396 538 PSALMUS.

3450 487 3559 545 ’514

282 608 373 654 τες
401 589 566 644 αὑτοῦ
599 590 659 643 τὸ
684 586 823 663 αἷμα
849 590 970 645 καθ’
994 591 1201 645 ἑαυτῶν
1230 592 1490 657 καὶκατὰ
1522 592 1631 648 τῶν
1673 594 1876 649 τέκνων

1943 627 1954 658 ι
1982 595 2162 665 ipsum
2188 593 2280 648 hic
2308 590 2573 661 declarat,
2600 601 2676 649 ita
2708 593 2937 666 loquens
2971 612 2985 650 :
3012 592 3382 649 Dilataverunt
3404 611 3561 665 super

285 683 465 738 αὐτῶν
484 702 497 714 ·
529 684 558 737 δ
585 685 648 756 δὴ
669 686 764 739 καὶ
796 685 948 756 αὐτῷ
979 685 1275 757 παρίστησι
1317 685 1405 740 διὰ
1441 686 1549 740 τῶν
1575 688 1872 760 προκειμέ-

283 792 388 828 νων
415 774 618 842 λέγων·
653 775 1033 829 Ἐπλάτυναν
1064 776 1156 828 ἐπ’
1177 774 1281 844 ἐμὲ
1312 774 1377 827 τὸ
1408 777 1602 846 στόμα
1633 778 1861 835 αὐτῶν.

284 862 394 919 Εἶτ’
431 865 620 933 ἐπειδὴ
667 866 936 937 παρεδόθη
970 868 1152 930 αὐτοῖς
1196 866 1270 929 ὡς
1304 866 1571 935 πρόϐατον
1604 870 1696 922 ἐπὶ
1730 888 1870 939 σιρα-

282 958 406 1030 γὴν,
451 960 548 1013 καὶ
581 958 661 1023 ὡς
700 960 872 1032 ἀμνὸς
914 961 1115 1022 ἄκακος
1157 958 1396 1012 ἐναντίον
1450 960 1543 1012 τοῦ
1587 964 1869 1034 κείραντος

282 1053 517 1121 ἄφωνος,
552 1053 783 1126 ὁρῶντες
814 1053 975 1107 αὐτοῦ
1009 1052 1069 1105 τὸ
1105 1052 1277 1116 πάθος
1315 1052 1659 1122 ἐπεφώνουν·
1695 1052 1866 1121 Εὖγε,

280 1143 442 1216 εὖγε,
476 1144 641 1201 εἶδον
668 1150 723 1200 ot
754 1147 1046 1216 ὀφθαλμοὶ
1077 1145 1264 1215 ἡμῶν.

347 1234 540 1304 Εἶδες,
578 1240 788 1307 Κύριε,
823 1237 910 1307 μὴ
956 1238 1452 1308 παρασιωπιξσῃς.
1510 1238 1620 1291 Καὶ
1662 1237 1867 1291 ἄνωθεν

282 1327 433 1385 εἷπε·
487 1331 639 1385 Πότε
695 1332 928 1399 exemi;
982 1331 1078 1385 καὶ
1138 1331 1227 1385 διὰ
1282 1331 1390 1384 τῶν
1445 1332 1862 1403 προκειμένων·

282 1422 477 1488 Εἶδες,
508 1424 703 1491 Κύριε.
730 1422 793 1474 Τί
823 1420 878 1475 δὲ
925 1419 1093 1488 εἷδεν;
1134 1424 1219 1487 Ὠς
1263 1422 1453 1487 δολίως
1504 1422 1651 1493 αὐτῷ
1698 1440 1867 1495 προσ-

281 1516 469 1588 ⁴ᾔεσαν,
504 1517 597 1571 καὶ
636 1517 711 1579 ὡς
750 1515 1054 1571 ἐπλάτυναν
1102 1519 1222 1569 κατ’
1260 1516 1423 1569 αὑτοῦ
1462 1517 1522 1569 τὸ
1556 1517 1729 1585 στόμα
1772 1518 1867 1570 αὖ·

282 1596 411 1674 τῶν,
449 1611 544 1680 καὶ
570 1609 645 1672 ὡς
677 1607 795 1661 κατ’
829 1608 993 1679 εὐχὰς
1035 1608 1343 1680 πράξαντες
1387 1610 1655 1663 ἐπεϐόων·
1686 1605 1863 1678 Εὖγε,

278 1696 453 1769 εὖγε,
500 1695 665 1752 εἶδον
712 1702 765 1752 ol
819 1700 1112 1768 ὀφθαλμοὶ
1164 1698 1351 1769 ἡμῶν.
1406 1700 1476 1753 Σὺ
1528 1700 1617 1765 δὲ,
1668 1701 1863 1770 Κύριε,

278 1791 451 1843 ταῦτα
488 1789 841 1861 θεασάμενος,
889 1792 1257 1862 ἁνασχόμενός
1292 1809 1349 1846 τε
1383 1794 1476 1846 καὶ
1512 1792 1863 1866 μακροθυμή-

283 1900 401 1947 σας,
423 1882 511 1953 μὴ
535 1884 1044 1953 παρασιωπήσῃς·
1081 1885 1195 1938 ἀλλ’
1223 1885 1506 1939 ἀναλαϐὼν
1547 1887 1607 1939 τὸ
1654 1888 1753 1956 τῆς
1790 1887 1866 1940 δι-

1971 703 2054 741 me
2098 704 2157 741 os
2207 704 2384 742 suum.
2416 685 2621 742 Deinde
2668 687 2800 759 quia
2833 686 2973 759 ipsis
3010 686 3248 743 traditus
3284 688 3387 743 fuit
3415 691 3559 744 sicut

1970 779 2092 835 ovis
2125 779 2193 835 ad
2228 779 2648 850 jugulationem,
2686 789 2742 836 et
2779 781 2925 836 sicut
2955 795 3130 851 agnus
3168 780 3289 835 sine
3322 781 3553 848 malitia,

1973 886 2156 929 coram
2191 871 2454 927 tondente
2481 872 2603 929 sine
2625 888 2783 937 voce,
2802 873 3053 949 videntes
3087 873 3207 943 ejus
3238 874 3554 944 passionem

1973 963 2055 1018 sic
2101 962 2544 1018 vociferabantur
2596 979 2610 1021 :
2677 962 2845 1035 Euge,
2904 964 3083 1023 Euqc!
3124 963 3366 1018 viderunt
3414 965 3558 1020 oculi

1972 1057 2162 1110 nostri.

2054 1232 2425 1291 πωλῶ-26.
2491 1232 2702 1298 Vidisti,
2747 1233 2992 1293 Domine.
3043 1252 3107 1289 ne
3157 1235 3339 1291 sileas.
3378 1234 3554 1307 Supe-

1970 1327 2087 1381 rius
2119 1326 2256 1380 dixit
2310 1347 2323 1381 :
2366 1327 2591 1393 Quando
2638 1329 2923 1398 respicies?
2971 1328 3026 1381 in
3070 1328 3327 1397 praesenti
3373 1343 3551 1382 vero:

1980 1417 2192 1483 Vidisti,
2216 1420 2487 1476 Domine?
2516 1421 2721 1493 Ecquid
2741 1423 2913 1477 vidit?
2933 1422 3089 1489 Quod
3123 1422 3311 1478 dolose
3338 1438 3397 1478 se
3420 1438 3554 1478 con-

1969 1512 2240 1577 venerint,
2282 1522 2337 1567 et
2397 1514 2542 1583 quod
2598 1515 2954 1573 dilataverint
3012 1524 3207 1571 contra
3261 1517 3441 1586 ipsum
3490 1530 3554 1570 os

1970 1621 2152 1665 suum.
2182 1613 2237 1658 et
2282 1606 2453 1674 quod,
2496 1621 2554 1659 re
2608 1622 2708 1677 pro
2766 1616 2894 1662 voto
2949 1618 3123 1678 gesta,
3152 1609 3550 1664 clamaverint:

1919 1745 1924 1751 .
1970 1696 2138 1769 Euge,
2159 1695 2342 1767 Euge!
2373 1696 2611 1751 viderunt
2634 1699 2774 1752 oculi
2807 1700 2994 1753 nostri.
3018 1698 3098 1753 Tu
3131 1708 3337 1764 autem,
3370 1698 3556 1753 Domi-

1969 1805 2057 1857 ne,
2088 1786 2187 1861 qui
2226 1792 2341 1845 haec
2363 1791 2577 1857 vidisti,
2616 1792 2710 1848 sed
2750 1793 3024 1863 patienter
3056 1807 3121 1848 ac
3150 1792 3431 1848 moderate
3465 1802 3557 1847 tu-

1969 1883 2105 1949 listi,
2141 1900 2203 1939 ne
2225 1884 2381 1938 sileas
2412 1900 2430 1939 :
2463 1885 2557 1940 sed
2589 1894 2872 1957 assumpto
2891 1886 3120 1957 justitiae
3152 1894 3258 1940 tuze
3288 1884 3552 1940 tribunali

281 1975 573 2048 καιοσύνης
601 1994 693 2030 σου
722 1979 1004 2049 κριτήριον
1024 1980 1147 2051 λέγε
1167 1998 1179 2010 ·
1217 1981 1405 2034 Ταῦτα
1425 1980 1738 2048 ἐποίησας,
1766 1982 1863 2034 καὶ

1943 1975 2059 2029 :dic
2098 1996 2109 2030 :
2144 1975 2274 2030 lla'c
2318 1978 2511 2046 fecisti,
2538 1987 2587 2031 et
2637 1980 2777 2032 tacui
2818 1980 2901 2045 ‘7;
2950 1993 3014 2032 ac
3042 1968 3263 2032 rursum
3296 1996 3311 2032 :
3358 1975 3549 2040 Tacui,
3628 1986 3633 1993 '

279 2068 571 2137 ἑσίγησα·
608 2071 702 2124 καὶ
730 2071 888 2125 πάλιν
913 2090 926 2103 ·
971 2072 1335 2140 Ἐσιὼπησα,
1359 2073 1445 2143 μὴ
1477 2074 1574 2127 καὶ
1602 2074 1693 2127 ἀεὶ
1724 2091 1864 2128 σιω-

280 2158 581 2228 πήσομαι;
628 2160 1011 2233 Ἀνθρωπίνως
1030 2155 1087 2209 δὲ
1138 2162 1369 2214 ἱκετεύει
1410 2160 1581 2229 λέγων
1609 2162 1748 2233 πρὸς
1773 2162 1864 2216 τὸν

278 2250 472 2305 ἑαυτοῦ
512 2238 767 2324 Πατέραο
808 2253 907 2322 Μὴ
940 2252 1217 2321 ἀποστῇς
1241 2253 1340 2307 ἀπ’
1372 2252 1515 2323 ἐμοῦ
1536 2271 1547 2283 ·
1581 2254 1694 2319 καὶ,
1732 2253 1863 2318 Ἑξ-

278 2343 550 2414 εγέρθητι
582 2347 683 2400 καὶ
721 2348 986 2415 πρόσχες
1014 2344 1088 2413 τῇ
1115 2346 1395 2414 κρίσεωο
1435 2347 1578 2413 Θεός
1600 2365 1719 2417 μου
1762 2348 1861 2401 καὶ

277 2438 309 2489 ό
335 2437 550 2504 Κυριός
588 2454 709 2506 μου
754 2439 842 2502 εἰς
890 2436 1004 2503 τὴν
1051 2435 1229 2505 δίκην
1262 2454 1401 2506 μου.
1440 2438 1597 2491 Κατὰ
1633 2439 1741 2509 γὰρ
1774 2438 1863 2491 τὸν

277 2527 469 2598 καιρὸν
500 2527 595 2581 τοῦ
626 2529 763 2599 ὑπὲρ
794 2527 949 2601 ἡμῶν
977 2526 1183 2591 πάθους
1206 2530 1457 2593 τοιαύτας
1479 2530 1629 2599 ἠφίει
1656 2528 1860 2599 φωνὰς,

276 2619 365 2673 ἵνα
414 2619 678 2691 πιστευθῇ
726 2619 1015 2692 ἄνθρωπος
1067 2620 1344 2692 ἀτρεκέως
1413 2621 1555 2675 κατὰ
1603 2622 1860 2693 ἀλήθειαν

278 2712 537 2782 γεγονὼς,
564 2713 657 2766 καὶ
682 2712 772 2766 τὸν
798 2713 937 2784 ὑπὲρ
970 2718 1001 2783 ἡ
1011 2712 1125 2784 μῶν
1156 2713 1383 2770 θάνατον
1405 2715 1665 2777 ἑκουσίως
1697 2732 1863 2768 κατα-

276 2805 583 2876 δεχόμενος.
636 2804 748 2858 Καὶ
788 2803 874 2873 μὴ
922 2804 1357 2873 ἐπιχαρήσειάν
1387 2823 1511 2874 μοι,
1544 2806 1631 2874 μὴ
1680 2806 1862 2858 εἴποι-

276 2912 397 2949 σαν
448 2896 520 2948 ἐν
568 2896 840 2963 καρδίαις
879 2895 1108 2949 αὑτῶν-⁸
1161 2892 1337 2967 Εὖγε,
1386 2892 1547 2965 εὖγε,
1594 2898 1633 2965 ’ἠ
1688 2897 1859 2966 ψυχὴ

276 2989 481 3061 ἡμῶν]
521 2989 677 3059 μηδὲ
721 2990 1032 3044 εἵποισανο
1081 2992 1449 3060 Κατεπίομεν
1491 2990 1703 3043 αὐτόν.
1759 2989 1859 3043 Σοῦ

236 3150 242 3157 η
275 3083 408 3156 γὰρ,
423 3083 611 3154 φησὶν,
632 3082 1009 3148 ἐπεξελθόντος
1032 3085 1143 3145 τοῖς
1162 3083 1603 3154 τετολμημένοις,
1634 3082 1723 3135 καὶ
1747 3082 1862 3155 κρί-

276 3194 467 3241 ναντος
501 3174 641 3229 κατὰ
668 3175 768 3247 τὴν
802 3174 1148 3244 δικαιοσύνην
1199 3190 1313 3239 σου,
1357 3174 1456 3227 οὐκ
1503 3175 1860 3246 ἐπιχαρήσον-

274 3285 397 3331 ται,
450 3267 558 3320 οὐδ’
606 3265 823 3338 ἐροῦσιν
870 3267 927 3319 ὲν
967 3270 1086 3329 ταῖς
1135 3266 1388 3337 καρδίαις
1420 3268 1630 3320 αὐτῶν·
1681 3264 1858 3337 Εὖγε,

1972 2088 2040 2125 an
2062 2087 2262 2140 semper
2285 2071 2462 2126 tacebo
2481 2072 2564 2125 M"3
2595 2071 2844 2127 llumano
2876 2082 3056 2127 autem
3082 2085 3235 2127 more
3268 2069 3419 2124 Patri
3449 2083 3553 2124 suo

1972 2163 2246 2233 supplicat
2279 2164 2364 2217 liis
2398 2163 2580 2219 verbis
2620 2182 2632 2219 :
2672 2162 2757 2218 Ne
2803 2163 3046 2219 discedas
3077 2182 3110 2217 a
3154 2178 3278 2228 me;
3304 2170 3359 2216 et
3394 2181 3408 2217 :
3441 2160 3554 2216 Ex-

1970 2272 2122 2325 surge
2150 2265 2199 2308 et
2228 2255 2435 2309 intende
2470 2255 2677 2325 judicio
2702 2272 2837 2319 meo,
2867 2256 3010 2308 Deus
3033 2271 3177 2309 meus
3209 2265 3259 2308 et
3289 2253 3551 2307 Dominus

1970 2364 2116 2401 meus
2136 2348 2191 2400 in
2207 2363 2425 2400 causam
2459 2364 2647 2401 nteant.
2679 2346 2947 2415 Tempore
2978 2360 3215 2416 namque
3251 2360 3352 2414 pro
3391 2345 3551 2399 nobis

1971 2446 2238 2509 suscepta:
2270 2438 2545 2507 passionis
2578 2440 2715 2493 tales
2736 2437 3016 2491 emittebat
3046 2451 3232 2501 voces,
3271 2444 3329 2488 ut
3356 2434 3548 2488 crede-

1969 2539 2121 2587 retur
2150 2532 2311 2587 homo
2331 2532 2507 2588 factus
2531 2532 2832 2587 secundum
2863 2532 2941 2587 rei
2975 2530 3359 2593 veritatem,ac
3386 2542 3550 2596 spon-

1968 2627 2022 2675 te
2046 2636 2146 2690 pro
2185 2622 2345 2677 nobis
2370 2629 2603 2684 mortem
2659 2622 2996 2692 suscepisse.
3031 2619 3098 2673 Et
3123 2636 3226 2673 non
3252 2618 3551 2688 supergau-

1967 2710 2125 2764 deant
2155 2710 2302 2776 mihi,
2329 2730 2391 2767 ne
2426 2712 2608 2766 dicant
2644 2714 2696 2764 in
2741 2712 2987 2765 cordibus
3030 2712 3141 2764 suis
3171 2709 3379 2781 :Euge,
3406 2709 3552 2779 Euge

1968 2804 2161 2858 anima:
2199 2806 2419 2859 nostrw!
2450 2822 2540 2858 nec
2561 2804 2746 2857 dicant
2777 2821 2796 2857 :
2820 2803 3196 2859 Devoraviinus
3229 2822 3370 2859 eum.
3411 2803 3551 2861 Situ

1966 2896 2135 2958 enim,
2163 2896 2363 2966 inquit,
2393 2897 2505 2951 hare
2538 2896 2783 2949 facinora
2807 2895 3117 2959 ulciscaris,
3150 2906 3203 2950 et
3225 2896 3441 2966 judices
3463 2910 3549 2953 se-

1966 2986 2206 3044 cundum
2225 2987 2496 3057 justitiam
2534 2997 2704 3051 tuam,
2722 3002 3067 3058 nequaquam
3092 2986 3170 3040 illi
3200 2988 3547 3057 gaudebunt:

1968 3094 2145 3150 neque
2173 3079 2363 3134 dicent
2394 3070 2447 3133 in
2482 3080 2745 3135 cordibus
2779 3080 2896 3136 suis
2930 3100 2943 3135 :
2982 3079 3148 3150 Euge,
3194 3076 3378 3150 Euge!
3409 3093 3542 3149 prie

1966 3172 2138 3226 valuit
2167 3172 2348 3226 anima
2382 3180 2590 3227 nostra.
2617 3171 2846 3228 Etiamsi
2879 3174 3025 3228 enim
3052 3172 3107 3227 id
3132 3187 3227 3227 ore
3255 3171 3550 3243 aliquando

1970 3264 2332 3333 protulerint,
2378 3275 2431 3319 at
2463 3264 2628 3321 corde
2662 3280 2773 3319 non
2808 3265 2883 3318 ita
2913 3265 3227 3333 loquentur,
3256 3279 3435 3335 neque
3464 3264 3550 3319 die

272 3353 438 3428 εὖγε,
458 3358 676 3430 ἴσχυσεν
706 3362 739 3430 ἠ
768 3358 914 3429 ψυχὴ
949 3359 1124 3430 ἡμῶν.
1166 3362 1227 3412 Εἰ
1256 3360 1366 3430 γὰρ
1405 3361 1499 3412 καὶ
1528 3359 1606 3430 τῷ
1640 3361 1864 3432 στόματι

1969 3367 2094 3412 cent
2124 3376 2140 3413 :
2174 3355 2553 3411 Devoravimus
2607 3372 2747 3420 eum,
2796 3356 3019 3426 quando
3086 3358 3548 3411 resurrectionem

276 3452 457 3503 αὐτῶν
486 3452 804 3505 ποτετοῡτο
834 3450 1138 3520 εἰρήκασιν,
1169 3450 1283 3503 ἀλλ’
1325 3452 1386 3503 οὐ
1434 3453 1527 3504 καὶ
1572 3456 1693 3516 ταῖς
1726 3472 1864 3527 καρ-

275 3539 419 3603 δίαις
442 3540 620 3593 αὐτῶν
660 3540 875 3612 ἐροῦσιν
898 3557 911 3571 ⁸
945 3539 1063 3592 οὐδὲ
1095 3542 1325 3611 φήσουσι
1346 3558 1358 3571 ·
1384 3544 1752 3613 Κατεπίομεν
1770 3550 1867 3600 αὑ-

276 3633 405 3698 τὸν,
463 3632 560 3705 τὴν
610 3633 908 3687 ἁνὰστασίν
970 3628 1070 3705 μου
1117 3634 1210 3688 καὶ
1260 3635 1358 3705 τῆς
1399 3636 1723 3707 Ἐκκλησίας
1768 3624 1865 3711 τῆς

276 3722 418 3795 ἐμῆς
441 3722 540 3795 τὴν
569 3723 690 3776 καθ’
715 3722 845 3793 ὅλης
868 3722 967 3793 τῆς
993 3722 1316 3794 οἰκουμένης
1340 3722 1547 3793 ἵδρυσιν
1580 3722 1870 3795 θεώμενοι,

276 3814 649 3870 Καταπίνεται
677 3815 773 3886 μὲν
796 3814 904 3887 γὰρ
930 3816 958 3868 ὁ
988 3812 1134 3879 ἆπαξ
1165 3815 1242 3878 εἰς
1286 3813 1442 3884 βυθὸν
1476 3816 1729 3885 χωρήσας
1773 3819 1866 3869 καλ¹

281 3908 477 3979 μηκέτ’
508 3906 893 3979 ἀναϐεϐηκώς·
927 3907 1068 3961 οὕτω
1099 3908 1208 3979 γάρ
1240 3924 1368 3965 ποτε
1400 3907 1658 3960 κατέπιεν
1702 3911 1731 3961 ὁ
1770 3910 1865 3963 θά-

276 4017 437 4063 νατος
472 4000 717 4070 ἰσχύσας.
755 4000 913 4053 Ἀλλὰ
940 4002 1098 4053 κάκεῖ
1135 4002 1183 4053 οἱ
1228 3999 1620 4063 καταποθέντες
1646 4001 1863 4056 ἐπαλιν-

278 4092 583 4162 δρόμησαν,
618 4091 699 4144 διὸ
729 4091 1000 4145 λέλεκται·
1034 4092 1141 4146 Kal
1179 4090 1362 4145 πάλιν
1387 4091 1634 4160 ἀφεῖλεν
1654 4096 1687 4147 ό
1721 4095 1864 4163 Θεὸς

278 4179 403 4235 πᾶν
436 4179 704 4248 δάκρυον
734 4180 849 4235 ἀπὸ
878 4179 1102 4246 παντὸς
1135 4177 1477 4247 προσώπου.

352 4273 461 4325 Καὶ
501 4262 738 4326 ἐνταῦθα
779 4274 976 4338 τοίνυν,
1002 4275 1049 4326 εἰ
1088 4273 1345 4343 καὶπρὸς
1382 4275 1570 4348 καιρόν
1603 4293 1721 4328 τινα
1755 4276 1864 4329 ἕδο-

279 4364 379 4434 ξαν
421 4364 585 4417 αὐτὸν
630 4366 985 4429 καταπίνειν,
1049 4363 1162 4417 ἀλλ’
1190 4366 1289 4419 οὐκ
1327 4368 1405 4431 εἰς
1449 4346 1631 4431 τέλος,
1678 4346 1873 4438 φησιν,

278 4454 498 4526 ἐροῦσι,
549 4454 901 4529 προφητικῶς
932 4442 1055 4507 ’κατ’
1099 4455 1238 4509 αὐτὰ
1272 4456 1574 4523 θεσπίζων·
1612 4461 1865 4526 Αἰσχυν-

278 4549 534 4616 θείησαν
576 4549 675 4602 καὶ
716 4547 1158 4615 ὲντραπειήσαν
1198 4546 1318 4617 ἅμα
1360 4550 1413 4601 οὶ
1454 4548 1891 4616 ὲπιχαίροντες’

278 4642 406 4709 τοῖς
443 4642 651 4709 κακοῖς
694 4648 845 4711 μου·
896 4639 1372 4696 ἑνδυσάσθωσαν
1420 4642 1722 4710 αἰσχύνην
1763 4639 1861 4692 καὶ

277 4735 584 4804 ἐντροπὴν
635 4737 688 4787 οἱ
741 4733 1407 4804 μεγαλορῤημονοῦντες
1457 4735 1548 4788 ἐπ’
1593 4732 1711 4801 ἐμέ.
1753 4733 1863 4784 Καὶ

278 4828 456 4883 ταῦτα
481 4830 538 4883 δὲ
565 4829 721 4891 ὅπως
737 4827 925 4891 τέλους
945 4826 1131 4897 ἔτυχεν
1160 4826 1539 4898 ἀναφερόμενα,
1562 4825 1654 4878 ἐπὶ
1680 4823 1741 4875 τὸ
1767 4823 1861 4875 τοῦ

281 4903 535 4993 Σωτῆρος
557 4920 715 4994 ἡμῶν
762 4921 1069 4991 πρόσωπον,
1103 4919 1282 4991 ῥᾴδιον
1307 4919 1370 4990 δὴ
1408 4920 1553 4973 ἰδεῖν.
1596 4918 1685 4982 Ἐξ
1723 4916 1863 4970 ὲκεί-

280 5030 373 5066 νυυ
399 5000 527 5085 γὰρ,
559 5014 653 5068 καὶ
692 5015 771 5077 είς
801 5014 957 5084 δεῦρο
989 5010 1084 5064 τοῦ
1117 5010 1305 5083 χρόνου
1340 5011 1737 5083 ἀπερριμμένοι
1767 5010 1863 5061 καὶ

282 5104 576 5176 ἀπόϐλητοι
607 5105 932 5176 τυγχάνουσι
983 5103 1151 5157 πάλαι
1198 5102 1475 5174 κομῶντες
1524 5105 1615 5157 ἐπὶ
1651 5101 1863 5166 πολλοῖς

280 5194 635 5267 χαρίσμασιν.
674 5198 734 5249 Οἱ
776 5195 821 5247 δ’
862 5194 920 5262 ἐξ
966 5194 1218 5249 ἁπάντων
1266 5194 1373 5248 τῶν
1424 5196 1591 5249 ἐθνῶν
1633 5194 1723 5248 τὸν
1768 5194 1858 5246 ὑπ’

280 5287 462 5342 αὐτῶν
488 5289 827 5361 ἀνῃρημένον
862 5290 1317 5362 παραδεδεγμένοι
1341 5289 1437 5360 τῆς
1474 5290 1572 5359 μὲν
1600 5286 1857 5341 πολυθέου

282 5381 493 5452 πλάνης
518 5379 941 5452 ἡλευθέρωνται,
972 5381 1060 5433 τὸν
1100 5381 1143 5434 δ’
1178 5384 1269 5434 ἐπὶ
1297 5382 1514 5454 πάντων
1537 5380 1669 5433 Θεὸν
1707 5382 1861 5434 εὐσε-

282 5474 503 5538 ϐοῦντες
528 5472 879 5526 διατελοῦσιν.
910 5468 1021 5526 Εἶθ’
1055 5476 1102 5526 οἱ
1148 5476 1244 5544 μὲν
1283 5472 1544 5545 αἰσχύνην
1588 5476 1861 5545 καταχεά-

287 5588 435 5642 μενος
467 5570 549 5639 ἐφ’
570 5563 651 5631 οἷς
682 5566 932 5641 ἔδρασαν,
966 5569 1357 5640 ἐνετράπησαν,
1402 5570 1448 5621 oi
1493 5567 1548 5620 δὲ
1584 5570 1724 5640 χαρᾷ
1770 5569 1862 5622 καὶ

283 5663 591 5737 παρρησίας
622 5661 887 5731 ὁσημέραι
938 5660 1263 5731 πληροῦνται
1284 5679 1295 5691 ο
1322 5661 1404 5724 ,ὡς
1437 5660 1770 5733 πληροῦσθαι
1802 5662 1883 5731 τὸ,

283 5754 436 5811 παοὰ
458 5755 679 5808 Μωῦσεί
713 5751 888 5821 λόγιον
920 5750 1095 5822 φῆσαν
1126 5750 1259 5820 πρὸς
1287 5750 1375 5803 τὸν
1414 5748 1675 5802 Ἰουδαίων
1700 5748 1855 5802 λαόν·

352 5935 399 5971 "
436 5935 738 6007 Psal.xr.ix,
769 5936 858 5992 21.
934 5935 977 5967 ⁵⁸
1016 5930 1120 5991 lsa.
1161 5946 1301 5998 sui,
1342 5932 1424 5986 14.

1501 5930 1544 5987 2’
1586 5929 1687 5987 lsa’.
1725 5945 1864 5997 xxv,
1902 5930 1954 5982 8.

1970 3465 2170 3514 meam,
2198 3458 2253 3505 et
2298 3449 2601 3523 Ecclesiam
2654 3448 2784 3503 item
2846 3464 3022 3503 meam
3062 3449 3171 3504 lato
3206 3466 3301 3519 per
3355 3447 3547 3504 orbem

1969 3556 2323 3615 propagatum
2352 3540 2715 3610 conspicient.
2754 3538 2804 3602 Is
2833 3555 3070 3609 namque
3102 3541 3420 3607 devoratur,
3451 3544 3543 3614 qui

1969 3637 2138 3692 semel
2162 3636 2216 3690 in
2240 3632 2571 3705 profundum
2605 3631 2884 3704 delapsus,
2904 3632 3033 3688 inde
3069 3648 3348 3707 nunquam
3376 3650 3551 3690 emer-

1969 3730 2046 3800 git
2076 3750 2088 3782 :
2124 3729 2204 3783 sic
2229 3726 2372 3781 enim
2406 3741 2555 3780 mors
2585 3726 2735 3790 olim,
2768 3740 2892 3780 cum
2949 3725 3286 3796 praevaleret,
3317 3726 3541 3783 devora‘

1967 3820 2080 3873 bat.
2132 3818 2330 3871 Verum
2377 3817 2470 3886 qui
2508 3816 2754 3871 devorati
2805 3824 2955 3882 sunt,
2996 3817 3107 3887 jam
3159 3826 3543 3881 revertuntur.

1967 3925 2135 3982 quare
2155 3904 2362 3965 dictum
2387 3916 2472 3964 est
2509 3928 2523 3964 :
2561 3907 2626 3963 Et
2655 3926 2866 3964 rursum
2889 3912 3110 3965 abstulit
3142 3911 3403 3967 Dominus
3432 3931 3545 3969 om-

1967 4020 2081 4058 nem
2118 4003 2407 4073 tacrymam
2434 4001 2499 4055 ab
2539 4003 2681 4057 omni
2704 4003 2851 4057 uultu
2882 4003 2953 4054 δ’.

2038 4278 2137 4322 ilic
2187 4274 2353 4338 igitur
2384 4269 2601 4324 etiamsi
2655 4269 2724 4324 ad
2762 4276 2978 4338 tempus
3018 4268 3197 4337 ipsum
3253 4267 3545 4331 devorasse

1964 4361 2067 4416 visi
2100 4370 2262 4427 sunt;
2287 4371 2343 4416 at
2371 4379 2481 4417 non
2516 4363 2569 4416 in
2599 4362 2758 4415 linem
2783 4375 2977 4429 usque,
3012 4359 3208 4429 inquit,
3235 4359 3307 4414 ita
3334 4360 3542 4430 dicent,

1965 4457 2391 4527 propheticeque
2419 4460 2603 4514 statim
2630 4456 2997 4508 vaticinatur:
3029 4449 3359 4507 Erubescant
3392 4464 3441 4509 et
3464 4468 3545 4511 re-

1968 4560 2242 4603 rereantur
2266 4549 2447 4611 simul,
2478 4549 2568 4618 qui
2589 4544 2933 4616 gratulantur
2962 4544 3117 4620 malis
3138 4545 3289 4600 meis.
3310 4544 3546 4601 Induan-

1968 4649 2055 4692 tur
2107 4638 2412 4708 confusione
2446 4648 2495 4692 ct
2547 4636 2836 4690 reverentia
2886 4636 2977 4705 qui
3032 4651 3225 4707 magna
3259 4638 3545 4708 loquuntur
3600 4635 3603 4639 ’

1967 4747 2121 4800 super
2143 4748 2253 4786 .nte.
2304 4729 2429 4783 llaec
2486 4726 2651 4797 porro
2684 4742 2845 4797 quem
2890 4728 3051 4781 tinem
3093 4720 3288 4782 sortita
3333 4728 3444 4783 sint
3472 4727 3543 4782 ad

1970 4838 2260 4891 personam
2302 4820 2608 4873 Salvatoris
2641 4819 2831 4876 nostri
2854 4818 3101 4885 reducta,
3130 4818 3434 4888 intelligere
3461 4816 3545 4871 fa-

1969 4912 2072 4966 cile
2095 4920 2196 4964 est.
2233 4908 2310 4962 Ex
2331 4923 2397 4963 eo
2426 4908 2628 4978 quippe
2658 4910 2725 4964 ad
2758 4910 2864 4965 hoc
2898 4924 3073 4980 usque
3101 4917 3315 4977 tempus
3341 4908 3543 4978 abjecti

1970 5019 2033 5057 ac
2066 5000 2277 5071 depulsi
2308 5007 2458 5065 sunt,
2486 5003 2597 5072 qui
2632 5003 2763 5056 olim
2808 5002 2985 5072 gratia
3029 5000 3301 5071 donisque
3350 5001 3541 5057 multis

1968 5094 2326 5152 ornabantur.
2386 5094 2458 5149 At
2511 5103 2780 5167 quotquot
2838 5110 2906 5150 ex
2969 5095 3223 5167 gentibus
3269 5096 3540 5153 universis

1966 5200 2111 5248 eum,
2140 5184 2235 5253 qui
2281 5184 2352 5239 ab
2397 5186 2505 5244 illis
2557 5185 2882 5243 interfectus
2924 5194 3029 5253 est,
3060 5197 3403 5258 receperunt,
3439 5187 3480 5243 ii
3506 5203 3539 5244 ε

1967 5278 2263 5335 multorum
2309 5278 2538 5336 deorum
2587 5292 2776 5334 errore
2813 5279 3027 5336 liberati
3065 5290 3214 5348 sunt,
3261 5280 3540 5352 Deumque

1964 5362 2349 5425 universorum
2410 5378 2728 5427 constanter
2786 5386 2851 5451 ac
2898 5373 2988 5443 pie
3055 5374 3265 5429 colunt.
3326 5372 3538 5429 Exhinc

1968 5478 2133 5535 porro
2161 5462 2239 5515 illi
2259 5464 2502 5535 quidem,
2527 5464 2597 5517 ob
2626 5461 2843 5519 facinus
2865 5471 3101 5533 tantum,
3127 5465 3337 5534 pudore
3358 5462 3537 5535 θίξιιαί

1970 5572 2033 5611 ac
2092 5555 2310 5612 confusi
2361 5564 2518 5622 sunt;
2551 5555 2628 5609 illi
2662 5563 2843 5612 autem
2885 5557 3086 5628 gaudio
3141 5555 3451 5628 ﬁduciaque
3478 5555 3535 5613 in

1969 5652 2086 5715 dies
2115 5652 2433 5721 replentur;
2464 5652 2538 5704 ita
2600 5656 2658 5703 ut
2708 5650 2841 5705 illud
2895 5650 3095 5721 Moysis
3132 5650 3413 5705 oraculum
3465 5648 3535 5705 ad

1969 5744 2278 5802 Judaeorum
2315 5745 2571 5817 populum
2617 5754 2873 5816 spectans
2909 5744 3200 5817 impleatur
3237 5765 3251 5802 :
3286 5743 3532 5817 Prosci'y-
