4302 6460
365 521 470 577 517

1475 523 1979 580 COMMENTARIA
2018 523 2081 579 IN
2116 524 2455 583 PSALMOS.

3512 531 3615 588 3l8

362 635 576 701 ἐαυτῷ,
617 637 750 710 πρὸς
811 637 888 709 τῷ
937 638 1099 702 τέλει,
1145 639 1298 692 Ἐκεῖ
1332 639 1562 693 ἔπεσαν
1618 639 1840 705 πάντες
1891 643 1946 693 οί
1975 641 2061 705 Al

1915 643 1946 693 >l
1975 654 2017 705 Α
2050 640 2224 696 fuerat
2259 660 2272 694 :
2305 641 2457 695 Dixit
2479 641 2708 710 injustas
2739 647 2810 704 ,ιιι
2833 639 3101 711 delinquat
3136 643 3188 695 in
3219 645 3526 714 semetipso;
3561 647 3614 700 in

363 727 735 798 ἐργαζόμενοι
771 729 886 797 τὴν
918 731 1193 800 ἀνομίαν,
1222 730 1577 799 ἐξώσθησαν
1606 734 1703 786 καὶ
1732 737 1802 787 οὐ
1837 731 1939 788 δυὲ

361 817 652 887 ’θήσονται
686 822 927 891 στῆναι.
954 824 1110 876 Κατὰ
1148 823 1204 876 δὲ
1237 825 1303 878 τὰ
1340 825 1478 894 μέσα
1526 823 1800 892 θεολογίαν
1843 842 1936 876 πε-

366 911 535 981 ριέχει
578 912 672 965 καὶ
712 909 820 966 τῶν
870 912 1131 982 θεοφιλῶν
1179 913 1384 985 ἀνδρῶν
1434 914 1640 982 ἀγαθὰς
1695 900 1934 980 ἐλπίδας.

361 1000 626 1068 Λέλεκται
653 1001 710 1054 δὲ
747 1003 920 1057 ταῦτα
941 1002 1018 1073 τῷ
1042 1003 1212 1072 δούλῳ
1239 1002 1442 1072 Κυρίου
1467 1002 1544 1073 τῷ
1561 1003 1751 1056 Δαυῖδ.
1767 1003 1937 1056 Τοῦτο

361 1092 470 1164 γὰρ
499 1095 531 1163 ἡ
579 1095 872 1165 προγραφὴ
910 1097 1188 1164 σημαίνει’
1217 1093 1294 1158 ὃς,
1319 1094 1585 1164 ἀφορίσας
1619 1095 1810 1147 ἑαυτὸν
1837 1096 1935 1165 τῆς

359 1184 469 1238 τῶν
502 1185 833 1264 παρανόμων
857 1184 1077 1248 τάξεως,
1094 1183 1294 1254 συνῆψε
1326 1187 1390 1252 τῇ
1425 1184 1518 1238 τοῦ
1547 1183 1680 1237 Θεοῦ
1708 1177 1931 1260 ἱκετείᾳ,

360 1276 438 1346 τῷ
459 1277 609 1348 νόμῳ
642 1278 736 1330 καὶ
764 1275 1010 1338 ταῖς¹τοῦ
1045 1275 1178 1328 Θεοῦ
1217 1275 1498 1344 διαταγαῖς
1525 1276 1714 1332 ἑαυτὸν
1762 1293 1951 1330 κατα-.

357 1368 649 1432 δουλώσας.
693 1368 939 1421 Διδάσκει
986 1366 1042 1419 δὲ
1081 1368 1174 1421 καὶ
1203 1367 1331 1431 τοὺς
1369 1366 1589 1429 λοιποὺς
1614 1365 1934 1437 ἀνθρώπους

355 1462 426 1514 τὰ
456 1462 618 1532 ὃμοια
651 1459 801 1531 αὐτῷ
838 1459 1118 1530 πράττειν,
1145 1460 1351 1530 καί-μὴ
1386 1458 1789 1526 συναπάγεσθαι
1821 1463 1933 1521 τοῖς

2041 733 2156 786 line
2181 736 2253 786 ait
2286 750 2298 785 :
2334 733 2418 786 Ibi
2445 733 2739 786 ceciderunt
2769 750 2946 786 omnes
2991 735 3079 802 qui
3111 745 3396 802 operantur
3424 737 3621 806 iniqui-

2041 834 2219 886 tatem,
2250 824 2453 891 expulsi
2487 834 2610 877 sunt
2643 840 2733 876 nec
2762 833 3004 892 poterunt
3029 836 3188 880 stare.
3217 828 3276 880 ln
3306 827 3486 881 medio
3517 844 3617 883 au-

2041 926 2149 972 tem
2222 901 2547 986 theologiam
2578 920 2640 969 ac
2676 916 2872 969 bonam
2907 918 3120 986 piorum
3161 919 3438 973 hominum
3462 934 3614 989 spem

2037 1011 2436 1079 complectitur.
2460 1009 2583 1063 Hzec
2614 1023 2779 1078 porro
2806 1008 2993 1064 Davidi
3020 1028 3185 1069 servo
3211 1012 3425 1067 Domini
3460 1012 3615 1068 dicta

2038 1109 2196 1167 sunt;
2235 1102 2288 1155 id
2317 1098 2460 1158 enim
2491 1103 2780 1174 inscriptio
2809 1103 3083 1174 signiﬁcat
3110 1121 3127 1155 :
3154 1105 3249 1174 qui
3284 1103 3612 1159 Davidvcum

2036 1206 2094 1253 se
2134 1193 2202 1247 ab
2227 1195 2596 1263 improborum
2627 1196 2817 1258 ordine
2856 1188 3199 1258 semovisset,
3233 1195 3346 1251 Deo
3381 1212 3441 1251 se
3475 1210 3611 1264 sup-

2036 1286 2230 1354 plicem
2260 1286 2530 1350 exhibuit,
2560 1303 2624 1341 ac
2672 1288 2774 1357 legi
2809 1287 3122 1357 divinisque
3154 1289 3376 1342 statutis
3425 1287 3612 1357 subje-

2036 1378 2110 1430 cit
2143 1397 2155 1430 :
2187 1380 2510 1448 cmterisque
2543 1380 2858 1435 hominibus
2894 1395 3086 1434 aucwr
3117 1389 3221 1442 est,
3259 1387 3320 1439 ut
3358 1378 3614 1433 similiter

2036 1477 2218 1534 agant,
2268 1484 2445 1536 neque
2503 1468 2570 1523 ad
2605 1469 2981 1535 improborum
3035 1469 3378 1525 consortium
3425 1467 3611 1522 detra-

2037 1558 2266 1617 bantur.

2102 1648 2266 1704 Vens.
2296 1649 2418 1704 2-5.
2456 1646 2606 1704 Dixit
2652 1653 2880 1719 injustas
2926 1659 2985 1704 ut
3024 1650 3294 1722 delinquat
3335 1653 3390 1706 in
3423 1658 3614 1706 semet-

353 1737 467 1790 οὐκ
515 1735 647 1789 ἐστι
686 1737 868 1804 φόϐος
917 1735 1064 1789 Θεοῦ
1105 1735 1391 1789 ἀπέναντι
1438 1733 1556 1788 τῶν
1612 1734 1932 1815 ὀφθαλμῶν
2033 1742 2052 1795 i

1910 1754 1932 1783 ν·
2033 1742 2164 1811 ipso,
2203 1760 2306 1797 non
2335 1754 2412 1797 est
2445 1745 2602 1798 timor
2641 1743 2737 1798 Dei
2793 1755 2914 1798 ante
2953 1733 3128 1797 oculos
3172 1744 3307 1825 ejus.
3346 1745 3609 1810 Quoniam

351 1824 557 1881 αὐτοῦ.
590 1827 708 1879 Ὅτι
737 1825 1038 1880 ἑδόλωσεν
1068 1826 1323 1883 ἐνώπιον
1353 1825 1568 1888 αὐτοῦ,
1601 1825 1704 1879 τοῦ
1733 1825 1932 1892 εὑρεῖν
2034 1852 2050 1886 ι

1911 1843 1932 1871 ν·
2034 1834 2213 1888 dolose
2228 1838 2327 1905 egit
2343 1837 2396 1890 in
2417 1846 2690 1904 conspectu
2704 1836 2839 1905 ejus,
2853 1847 2909 1889 ut
2924 1824 3218 1889 inveniatur
3231 1837 3480 1905 iniquitas
3496 1837 3610 1906 ejus

353 1921 469 1988 τὴν
485 1920 741 1988 ἀνομίαν
765 1919 949 1973 αὑτοῦ
981 1919 1078 1974 καὶ
1105 1919 1387 1990 μισῆσαι.
1410 1919 1748 1990 Σαφέστερον
1775 1918 1832 1971 δὲ
1863 1920 1997 1999 τάᾍ
2037 1945 2052 1980 ι

1908 1920 1997 1999 ἔιᾙ
2037 1927 2105 1980 ad
2129 1927 2325 1981 odium.
2353 1927 2476 1983 Haec
2501 1931 2744 1999 apertius
2767 1929 3221 1999 Symmachusbis
3238 1929 3414 1984 verbis
3440 1929 3607 1983 inter-

352 2014 688 2086 προκείμενα
717 2014 1056 2096 ήρμᾍήνευσεν
1084 2015 1112 2065 6
1152 2012 1464 2084 Σύμμαχος,
1487 2012 1670 2064 τοῦτον
1698 2012 1928 2074 ἀποδοὺς
1963 1994 2004 2052 Β
2033 2032 2051 2085 ι

1907 2029 1928 2074 ς
1963 1994 2004 2052 Β
2033 2000 2277 2096 pretatus
2317 2027 2444 2073 est:
2488 1994 2638 2071 Dixit
2691 2017 2754 2072 de
2803 1994 3088 2086 defectione
3137 2019 3283 2087 impii
3323 2019 3463 2072 intus
3517 2035 3606 2073 cor

357 1555 714 1626 παρανόμοις.

427 1645 622 1713 Matr
644 1649 678 1698 ό
713 1643 1055 1713 παράνομος
1081 1643 1186 1698 τοῦ
1217 1643 1574 1712 ἁμαρτάνειν
1611 1644 1680 1703 ἐν
1709 1641 1928 1706 ἐαυτῷ.
1970 1644 1972 1646 ⁷

349 2109 443 2162 τὸν
463 2109 690 2178 τρόπον·
716 2092 911 2175 Φηᾶὶν
949 2107 1080 2176 περὶ
1117 2106 1489 2168 ἁσυνθεσίας
1526 2104 1632 2157 τοῦ
1668 2103 1928 2169 ἀσεϐοῦς
1976 2143 1978 2145 -

351 2198 650 2267 ἔνδοθεν-η
664 2197 876 2267 καρδία
885 2216 1004 2268 μου
1023 2215 1036 2226 '
1065 2199 1146 2251 Οὐ
1177 2196 1476 2274 πρόκειται
1509 2197 1542 2246 d
1569 2195 1750 2262 φόϐος
1780 2192 1928 2246 Θεοῦ

348 2290 632 2359 ἄντικρυς
662 2281 779 2344 τῶν
816 2290 1136 2360 ὀφθαλμῶν
1177 2285 1383 2342 αὑτοῦ.
1416 2288 1543 2340 "Ott
1589 2287 1927 2351 ἐξολισθαίτ

347 2399 480 2437 νειν
522 2381 595 2435 τὰ
631 2383 761 2450 περὶ
823 2382 1007 2437 αὐτοῦ
1055 2378 1234 2442 δοκεῖ,
1284 2377 1389 2446 τοῦ
1442 2377 1752 2446 εὑρεθῆναι
1816 2377 1930 2446 τὴν

349 2476 591 2530 ἀδικίαν
613 2473 800 2528 αὑτοῦ
826 2477 914 2540 εὶς
940 2473 1007 2527 τὸ
1024 2462 1354 2541 μισηθῆναι
1383 2469 1593 2536 αὐτήν.
1610 2471 1706 2524 Διά
1729 2470 1930 2523 τούτων

347 2566 458 2636 γὰρ
502 2560 664 2629 αὐτὸς
695 2569 722 2618 6
757 2564 937 2627 Δαυῒδ,
983 2561 1168 2632 Ἔμοῦ,
1216 2563 1400 2633 φησιν,
1448 2565 1481 2632 ἡ
1524 2563 1719 2633 καρδία
1770 2563 1864 2615 xal.
1902 2564 1930 2614 6

347 2657 479 2727 ἐμὸς
505 2655 763 2726 λογισμὸς
796 2652 966 2707 ταῦτα
998 2653 1125 2724 περὶ
1151 2652 1244 2705 τοῦ
1270 2651 1499 2715 ἀσεϐοῦς
1525 2653 1714 2723 ἀνδρὸς
1753 2653 1928 2705 ὲνενό-

347 2762 467 2818 ησε.
491 2745 602 2817 Τὴν
629 2743 734 2817 γὰρ
793 2741 1129 2814 θεωρητικὴν
1161 2740 1323 2794 αὐτοῦ
1360 2741 1607 2813 δύναμιν,
1633 2743 1699 2795 δι’
1719 2738 1788 2814 ἧς
1812 2743 1929 2795 ὲδύ-

348 2853 478 2892 νατο
491 2835 692 2905 γνῶναι
704 2835 796 2889 τὸν
812 2834 973 2904 φόϐον
987 2833 1078 2886 τοῦ
1096 2833 1252 2897 Θεοῦ,
1274 2832 1530 2886 ὲδόλωσεν
1571 2833 1796 2904 αὐτοὺς(
1813 2843 1838 2884 s
1853 2834 1924 2905 ic)

346 2928 538 2984 ἑαυτὸν
562 2928 660 3000 τῆς
693 2927 926 2989 διανοίας
963 2926 1125 2980 αὐτοῦ
1163 2928 1289 2990 τοὺς
1327 2924 1636 2995 ὀφθαλμοὺς
1679 2924 1928 2995 διαστρέ-

343 3022 473 3093 ψας.
496 3020 586 3074 Διὸ
607 3021 748 3075 κατά
769 3019 868 3092 τὴν
897 3020 989 3072 Ἐϐ
999 3018 1188 3092 ραῖκὴν
1213 3020 1518 3086 ἀνάγνωσιν
1538 3033 1549 3046 ·
1584 3018 1684 3070 Ἐν
1705 3018 1925 3084 ὀφθαλ-

344 3115 481 3183 μοῖς
519 3112 720 3176 αὺτοῦ,
759 3114 974 3184 εἴρηται
1010 3109 1423 3174 δεδολωκέναι,
1454 3107 1559 3162 τοῦ
1592 3108 1787 3176 εὑρεῖν
1813 3107 1927 3176 τὴν

346 3203 603 3271 ἀνομίαν
624 3201 832 3262 αὐτοῦ,
867 3201 963 3254 καὶ
984 3199 1276 3270 μισῆσαι·
1311 3199 1486 3264 Οὕτω,
1520 3198 1703 3271 φησὶν,
1736 3198 1924 3251 ἑαυτὸν

346 3293 648 3368 διέστρεφε,
674 3294 769 3347 καὶ
796 3293 886 3347 τὸν
917 3291 1078 3362 φόϐον
1102 3292 1196 3345 τοῦ
1228 3292 1364 3346 Θεοῦ
1396 3291 1503 3346 τῶν
1532 3291 1724 3345 ἑαυτοῦ
1759 3293 1925 3369 ἀπέρ-

2029 2122 2233 2159 meum:
2251 2105 2371 2160 Non
2403 2108 2700 2175 propositus
2724 2117 2800 2160 est
2819 2109 2978 2160 timor
3003 2107 3097 2160 Dei
3125 2118 3243 2162 ante
3267 2107 3441 2161 oculos
3469 2108 3604 2174 ejus.

2029 2198 2170 2264 Quia
2206 2216 2356 2253 ruere
2376 2199 2614 2253 videntur
2633 2215 2714 2252 res
2749 2201 2886 2266 ejus,
2918 2207 2975 2251 ut
3026 2200 3326 2252 inveniatur
3351 2199 3606 2270 iniquitas

2027 2288 2141 2356 ejus
2168 2288 2237 2341 ad
2270 2288 2547 2342 adiendum
2570 2304 2706 2342 eam.
2728 2286 2824 2342 His
2859 2289 3058 2358 quippe
3084 2289 3253 2343 David
3286 2290 3400 2343 haac
3430 2306 3608 2345 enun-

2029 2381 2127 2433 tiat
2160 2378 2307 2434 :‘Cor
2333 2395 2512 2433 meum
2542 2389 2594 2434 et
2627 2379 2887 2449 Cogitatio
2912 2394 3031 2432 mea
3063 2379 3178 2434 hate
3208 2380 3274 2434 de
3293 2382 3462 2450 impio
3489 2381 3607 2438 viro

2029 2471 2435 2534 intellexerunt.
2466 2471 2600 2526 Nam
2645 2488 2740 2543 per
2790 2471 3112 2541 speculandi
3161 2473 3294 2537 vim,
3350 2488 3459 2542 qua
3509 2472 3606 2529 Dei

2031 2564 2279 2618 timorem
2311 2578 2476 2632 nosse
2509 2571 2743 2634 poterat,
2778 2564 3043 2619 intellexit
3073 2579 3195 2618 eum
3222 2564 3339 2618 suis
3365 2579 3421 2618 se
3464 2563 3608 2620 dolis

2030 2652 2334 2724 decepisse,
2384 2660 2695 2724 mentisque
2724 2671 2836 2709 sua:
2882 2653 3072 2717 oculos
3101 2657 3385 2709 evertisse.
3423 2654 3604 2720 Quare

2029 2747 2330 2802 secundum
2373 2745 2695 2800 Hebraicam
2739 2748 3027 2801 lectionem
3069 2745 3313 2800 dicitur:
3342 2745 3408 2799 In
3438 2745 3604 2800 oculis

2028 2837 2140 2906 ejus
2172 2837 2351 2891 dolose
2396 2838 2581 2907 egisse,
2627 2847 2685 2889 ut
2734 2838 2964 2891 inveniat
3001 2838 3334 2906 iniquitatem
3382 2838 3517 2906 ejus,
3553 2846 3605 2892 et

2027 2929 2147 2992 odio
2177 2928 2387 2984 habeat.
2409 2927 2508 2995 Ita,
2542 2929 2738 2998 inquit,
2761 2943 2881 3004 sese
2912 2929 3200 2991 subvertit,
3236 2929 3602 3000 timoremque

2025 3017 2120 3074 Dei
2151 3019 2218 3073 ab
2254 3019 2431 3074 oculis
2464 3019 2582 3073 suis
2627 3018 2847 3088 abjecit,
2882 3025 2940 3072 ut
2991 3017 3253 3087 iniquitas
3283 3019 3403 3086 ejlis
3429 3019 3604 3073 mani-

2027 3112 2164 3167 festa
2208 3112 2485 3178 evaderet,
2530 3112 2773 3182 ipsisque
2806 3111 2981 3165 oculis
3015 3117 3221 3180 pateret
3256 3123 3318 3164 ac
3350 3110 3599 3164 invenire-

2029 3214 2114 3259 tur
2141 3248 2155 3273 ,
2209 3221 2382 3275 eoque
2415 3204 2576 3260 modo
2626 3205 2786 3274 digna
2838 3203 2966 3261 odio
2993 3215 3160 3258 esset.
3191 3201 3378 3270 Palam
3419 3209 3601 3256 autem

2028 3296 2117 3351 ille
2146 3312 2204 3350 se
2244 3303 2467 3362 peccato
2499 3294 2724 3357 dedidit,
2774 3295 2847 3346 ita
2883 3301 2942 3348 ut
2980 3295 3144 3348 verba
3188 3292 3302 3347 oris
3332 3291 3452 3361 ejus
3495 3292 3603 3345 ini-

350 3362 512 3458 ῥιψεν
549 3362 863 3457 δφθαλμῶν,
902 3385 977 3448 ὼς
1024 3384 1124 3455 τὴν
1176 3385 1403 3455 ἀνομίαν
1452 3384 1615 3438 αὑτοῦ
1671 3362 1921 3457 προφανῆ
1952 3362 1994 3423 C
2023 3380 2049 3457 lc,

1898 3387 1921 3457 ἦ
1952 3362 1994 3423 C
2023 3380 2208 3469 quitas
2240 3395 2294 3443 et
2334 3385 2492 3467 dolus
2524 3393 2730 3438 essent.
2781 3383 2904 3437 Haec
2945 3390 3126 3438 autem
3158 3384 3276 3452 ipsa
3307 3383 3597 3438 admodum

347 3476 655 3547 τυγχάνειν,
695 3477 788 3528 καὶ
831 3475 993 3530 πάλιν
1021 3473 1250 3543 ὁρᾶσθαι
1282 3476 1374 3528 καὶ
1392 3475 1804 3543 εὑρίσκεσθαι⁸
1829 3478 1922 3530 καὶ

349 3566 435 3622 διὰ
457 3565 613 3620 τοῦτο
637 3567 827 3637 μίσους
854 3565 1011 3632 ἀξίαν
1037 3562 1195 3618 εἶναι.
1233 3563 1582 3628 Ἀκαλύπτως
1613 3565 1668 3618 δὲ
1700 3569 1727 3619 6
1750 3568 1922 3620 τοιοῦ-

350 3660 435 3722 τος
473 3649 732 3723 ἐξέδωκεν
763 3656 949 3710 ἑαυτὸν
976 3659 1041 3729 τῇ
1073 3655 1336 3728 ἁμαρτίᾳ,
1368 3655 1441 3720 ὠς
1469 3655 1562 3710 καὶ
1595 3657 1662 3710 τά
1699 3658 1919 3728 ῥήματα

349 3750 441 3804 τοῦ
467 3749 734 3821 στόματος
760 3748 923 3802 αὑτοῦ
957 3747 1186 3820 ἀνομίαν
1220 3744 1357 3802 εἷναι
1387 3748 1480 3801 xal.
1503 3748 1666 3803 δόλον.
1690 3749 1837 3802 Πάνυ
1865 3750 1921 3803 δὲ

349 3843 518 3897 ταῦτα
545 3843 686 3897 ἑκὼν
712 3843 904 3909 εἵλετο,
930 3843 1024 3896 ἅτε
1054 3842 1116 3913 δὴ
1143 3840 1489 3906 αὑτεξούσιος
1526 3840 1620 3904 ὢν,
1651 3842 1742 3893 καὶ
1765 3842 1921 3895 δυνά-

350 3954 510 4008 μενος
552 3937 650 4007 μὲν
681 3936 780 4008 τὴν
809 3935 1017 4012 ἀγαθὴν
1057 3933 1492 4009 μετελθεῖνὸδὸν,
1529 3934 1607 4004 μὴ
1646 3933 1921 4005 βουληθεὶς
1967 3953 1970 3957 '

349 4027 436 4080 δέ·
492 4028 570 4080 διὸ
612 4027 889 4081 λέλεκται·
951 4031 1071 4081 Οὐκ
1131 4025 1428 4094 ἐϐουλήθη
1485 4025 1756 4080 συνιέναι
1815 4028 1921 4082 τοῦ

348 4118 666 4187 ἀταθῦναι·
704 4118 960 4186 ἀνομίαν
1002 4117 1059 4169 δὲ
1101 4117 1480 4186 διελογίσατο
1520 4117 1618 4169 ἐπὶ
1653 4117 1764 4185 τῆς
1792 4120 1912 4172 κοί-

347 4224 454 4277 της
485 4209 688 4262 αὐτοῦ.
717 4208 851 4262 Οὐδὲ
879 4210 1006 4280 γὰρ,
1033 4210 1174 4262 κατά
1215 4209 1304 4262 τὸν
1341 4209 1528 4281 καιρὸν
1565 4211 1663 4279 τῆς
1690 4211 1917 4282 ἡσυχίας

2028 3478 2196 3533 libere
2236 3477 2420 3547 elegit,
2477 3483 2664 3544 utpote
2715 3475 2873 3529 liberi
2934 3474 3167 3537 arbitrii,
3220 3490 3387 3543 penes
3436 3491 3599 3545 quem

2025 3570 2309 3634 erat,viam
2359 3567 2508 3621 adire
2539 3568 2759 3628 bonam,
2790 3566 2935 3636 quod
2968 3560 3057 3620 ille
3089 3566 3293 3634 noluit;
3331 3567 3601 3636 ‘quamobo

2033 3677 2146 3715 rem
2210 3659 2416 3712 dictum
2452 3665 2574 3711 est:
2611 3655 2796 3710 Noluit
2835 3657 3124 3727 intelligere
3154 3667 3212 3710 ut
3242 3657 3364 3712 bene
3402 3667 3599 3729 ageret;

2025 3752 2141 3816 sed,
2173 3751 2501 3821 iniquitatem
2525 3750 2805 3803 meditatus
2828 3760 2906 3817 est
2932 3750 2984 3803 in
3003 3750 3244 3816 gybiculo
3273 3767 3388 3805 suo.
3415 3749 3601 3820 Neque

2023 3846 2166 3902 enim
2199 3844 2399 3922 quietis
2450 3852 2713 3913 tempore,
2755 3858 2862 3916 quo
2907 3827 3044 3912 ι)όεῖ
3061 3841 3258 3896 diurna
3308 3857 3472 3912 opera
3500 3842 3600 3896 ho-

2023 3937 2198 3992 mines
2224 3936 2356 3999 otio,
2407 3934 2796 4005 tranquillitati
2833 3940 2889 3989 et
2939 3949 3131 3989 somno
3173 3948 3234 3989 se
3277 3933 3476 3988 dedere
3517 3950 3602 3990 so-

2024 4029 2154 4093 lent,
2191 4027 2314 4082 talis
2352 4012 2515 4081 homo
2565 4028 2619 4080 in
2661 4026 2955 4103 tranquillo
3005 4021 3149 4081 statu
3197 4025 3466 4096 degebat;
3501 4024 3600 4082 δύ

2023 4137 2089 4178 eo
2119 4136 2337 4192 quoque
2368 4127 2610 4190 tempore
2640 4119 2972 4190 iniquitatem
3011 4119 3296 4173 meditatus
3321 4126 3399 4173 est
3420 4119 3471 4171 ir.
3504 4133 3595 4165 m-

2025 4213 2116 4267 bili
2148 4230 2262 4269 suo.

234 4371 236 4373 ῠ
349 4300 408 4354 ἑν
430 4293 473 4366 ᾧ
508 4298 646 4371 μετά
676 4301 772 4364 τὰς
809 4299 1175 4372 μεθημερινὰς
1219 4298 1446 4370 πράξεις
1481 4301 1705 4364 ἑαυτοὺς
1742 4303 2069 4356 ἐπιδιδόασιν
2130 4302 2402 4372 ἄνθρωποι
2437 4301 2641 4372 ἠρεμίᾳ
2703 4301 2796 4354 καὶ
2838 4299 3126 4370 εὐσταθείᾳ
3155 4302 3249 4352 καὶ
3311 4299 3479 4368 ὕπνῳ,
3535 4298 3596 4350 ἐν

349 4390 678 4447 καταστάσει
709 4391 917 4462 γαλήνῃ
956 4390 1176 4458 γέγονεν
1231 4389 1259 4441 ὁ
1295 4390 1559 4455 τοιοῦτος·
1603 4391 1737 4445 ἀλλά
1770 4395 1861 4447 καὶ
1896 4395 1954 4463 ὲν
1991 4392 2162 4465 τούτῳ
2188 4394 2288 4465 τῷ,
2325 4394 2500 4466 καιρῷ
2531 4394 2788 4464 ἀνομίαν
2804 4392 3180 4460 διελογίσατο
3206 4387 3305 4471 ἐπὶ
3333 4389 3442 4457 τῆς
3470 4377 3592 4444 x01.—

347 4500 455 4552 της
492 4483 698 4551 αὐτοῦ.

417 4576 613 4645 Κύριε,
640 4575 818 4640 ἐν-τῷ
849 4577 1081 4644 οὐρανῷ
1109 4577 1175 4632 τὸ
1195 4579 1367 4648 ἔλεός
1393 4596 1532 4660 σου.
1555 4582 1765 4654 Σφόδρα
1791 4583 1918 4639 ἀκοέ

2093 4578 2256 4646 Vzas.
2287 4579 2349 4644 6,
2376 4579 2426 4633 7.
2447 4579 2688 4641 Domine,
2710 4575 2765 4628 in
2785 4573 2912 4627 ccelo
2935 4573 3295 4626 misericordia
3320 4584 3429 4630 tua.
3464 4577 3596 4635 Post

346 4665 552 4730 λούθως
581 4665 717 4738 μετὰ
748 4667 848 4737 τὴν
886 4667 1202 4739 ὑπογραφὴν
1226 4671 1324 4741 τῆς
1349 4671 1441 4724 τοῦ
1477 4673 1790 4743 παρανόμου
1821 4689 1916 4725 κα·
1952 4691 1997 4748 υ
2025 4672 2045 4727 C

1895 4702 1916 4712 -
1952 4691 1997 4748 υ
2025 4672 2352 4742 descriptam
2368 4660 2600 4739 improbi
2623 4664 2863 4720 hominis
2884 4664 3203 4733 nequitiam,
3223 4666 3591 4734 praecellentes

350 4759 474 4823 κίας
499 4753 595 4813 τὸν
624 4757 1024 4830 ὑπερϐάλλοντα
1055 4757 1280 4813 πλοῦτον
1307 4763 1404 4832 τῆς
1435 4763 1528 4815 τοῦ
1553 4761 1683 4816 Θεοῦ
1716 4781 1920 4834 μακρο-

352 4848 550 4923 θυμίας
576 4849 935 4924 -παρίστησιν,
971 4849 1040 4902 δι*
1076 4846 1145 4924 ἦς
1179 4852 1273 4904 καὶ
1317 4852 1426 4905 τῶν
1467 4855 1796 4927 παρανόμων
1823 4855 1916 4907 καὶ

349 4941 559 4998 ἀσεϐῶν
593 4936 800 5015 ἀνδρῶν
848 4940 1095 5013 ἀνέχεται
1115 4959 1128 4972 ⁸
1162 4941 1447 5007 διδάσκων,
1474 4945 1556 4997 ὃτι
1583 4948 1616 4998 ό
1654 4944 1914 5010 πλοῦτος

335 5032 462 5103 ’τῆς
485 5035 891 5102 χρηστότητος
921 5033 1105 5089 αὐτοῦ
1148 5033 1246 5087 καί
1287 5032 1393 5109 τῆς
1423 5035 1652 5106 ἀνοχῆς
1680 5035 1776 5091 καὶ
1805 5035 1914 5104 τῆς

346 5129 753 5195 μακροθυμίας
785 5126 933 5181 ἐλέου
967 5127 1318 5199 πεπλήρωται
1348 5126 1600 5198 μεγάλου.
1628 5129 1736 5181 Καὶ
1757 5127 1916 5183 τοῦτο

306 5244 314 5250 ·
351 5218 412 5272 τὸ
441 5216 587 5280 ἔλεος
620 5217 711 5271 τοῦ
739 5217 872 5271 Θεοῦ
916 5220 1086 5273 αἴτιον
1113 5221 1365 5290 τυγχάνει
1396 5221 1490 5291 τῆς
1516 5219 1622 5272 τῶν
1654 5221 1916 5292 ἁμαρτω-

351 5307 474 5364 λῶν
505 5307 599 5362 καὶ
632 5307 841 5361 ἀσεϐῶν
872 5310 1077 5382 ἀνδρῶν
1109 5311 1252 5382 ζωῆς
1283 5330 1342 5365 τε
1384 5312 1476 5364 καὶ
1506 5305 1784 5380 εὐθυμίας.
1816 5311 1918 5365 Τὸν

356 5403 452 5474 μὲν
493 5395 583 5454 οῦν
623 5393 892 5471 θησαυρὸν
945 5401 1061 5455 τοῦ,
1088 5403 1268 5467 ἐλέους
1299 5402 1481 5474 ιαύτοῦ
1533 5393 1918 5472 τεταμιεῦσθαί

356 5511 514 5565 φησιν
562 5493 618 5545 ὲν
670 5490 746 5561 τῷ
778 5491 993 5563 ,οὐρανῷ
1040 5491 1175 5546 ἀλλὰ
1209 5497 1303 5549 καὶ
1338 5495 1434 5566 τὴν
1471 5494 1725 5565 ἀλήθειαν
1754 5485 1928 5549 αὐτοῦ⁴

355 5581 492 5638 εἶναι
520 5585 647 5652 παρ’
678 5581 843 5652 αὐτῷ,
871 5569 1197 5656 πληροῦντες
1218 5590 1234 5608 ⁶
1253 5587 1427 5641 πάντα
1446 5569 1515 5640 τὰ
1532 5588 1631 5639 ὑπε
1641 5588 1914 5658 ρουράνια’

353 5661 588 5744 δμωςδὲ
640 5673 938 5744 καὶμέχρι
986 5673 1105 5728 τῶν
1154 5677 1444 5745 νεφελῶν,
1478 5679 1532 5749 ἢ,
1577 5679 1751 5749 μέχρι
1802 5679 1914 5753 τῶν

354 5764 615 5836 ιμθέρων,
640 5765 776 5820 κατὰ
803 5767 894 5820 τὸν
917 5766 1227 5842 Σύμμαχον,
1248 5768 1476 5839 διήκειν.
1493 5771 1646 5825 υῦτω
1670 5771 1798 5842 γοῦν
1823 5773 1911 5828 καὶ

425 5941 468 5976 ⁸⁵
507 5941 663 6006 Rom.
698 5963 768 6010 ιι,
802 5948 854 6004 4.
932 5950 974 5982 ⁸⁵
1014 5947 1158 6003 Psal.
1194 5964 1434 6005 Lxxxvm
1459 5996 1474 6017 ,
1509 5951 1563 6006 Ξ.

2025 4767 2147 4821 illas
2194 4764 2392 4836 divinae
2440 4758 2741 4823 tolerantia
2798 4755 3017 4815 divitias
3062 4757 3350 4812 admodum
3402 4772 3595 4824 conse-

2025 4865 2254 4928 quenter
2290 4860 2532 4916 enarrat,
2577 4865 2688 4921 qua
2729 4850 2946 4920 iniquos
2999 4848 3302 4917 impiosque
3343 4846 3590 4902 homines

2021 4950 2163 5005 ferre
2187 4944 2561 5020 solet,docens
2577 4942 2792 5008 divitias
2827 4940 3075 4995 bonitatis
3102 4938 3216 5008 ejus
3245 4948 3293 4992 et
3324 4937 3591 5020 patientia:

2023 5052 2072 5097 et
2098 5037 2518 5110 longanimitatis
2539 5037 2621 5108 ⁸⁸,
2670 5029 3052 5091 misericordia
3107 5044 3300 5100 magna
3354 5027 3588 5109 repletas

2023 5149 2165 5189 esse.
2196 5133 2374 5202 Atque
2412 5131 2603 5195 isthaec
2631 5125 3029 5183 misericordia
3062 5124 3158 5181 Dei
3196 5124 3252 5176 in
3283 5133 3448 5174 causa
3478 5128 3584 5185 est,

2023 5223 2168 5294 quod
2197 5229 2511 5292 peccatores
2538 5228 2594 5277 et
2623 5219 2773 5289 impii
2806 5218 2990 5272 vivant
3029 5223 3083 5272 et
3120 5213 3372 5269 alacriter
3401 5221 3582 5282 agant.

2025 5315 2361 5370 Thesaurum
2417 5306 2600 5383 itaque
2653 5309 3046 5364 misericordia:
3094 5305 3213 5375 ejus
3257 5304 3313 5358 in
3335 5304 3475 5358 caelo
3499 5309 3587 5357 re-

2023 5404 2303 5460 conditum
2332 5405 2431 5472 ait,
2469 5401 2565 5464 sed
2597 5400 2881 5456 veritatem
2919 5411 3136 5469 quoque
3162 5395 3280 5463 ejus
3307 5409 3472 5465 penes
3502 5393 3586 5461 ip-

2024 5510 2144 5550 sum
2173 5509 2321 5561 esse;
2354 5495 2469 5550 hzec
2517 5494 2698 5548 autem
2744 5489 2989 5551 coelestia
3038 5501 3222 5540 omnia
3273 5483 3580 5557 complent;

2024 5588 2260 5641 atlamen
2294 5604 2456 5658 usque
2483 5586 2551 5641 ad
2588 5582 2769 5649 nubes,
2796 5582 2901 5644 vel,
2934 5587 2993 5634 ut
3018 5577 3374 5650 Symmachus
3398 5573 3580 5638 habet,

2023 5695 2182 5747 usque
2213 5677 2281 5731 ad
2305 5673 2500 5734 (ethera
2531 5682 2836 5747 penetrant.
2875 5671 2964 5726 Sic
2991 5673 3044 5726 in
3067 5672 3174 5725 alio
3202 5681 3415 5737 quoque
3443 5664 3582 5736 psaL

2019 5785 2107 5826 mo
2137 5771 2341 5828 dictum
2364 5779 2446 5827 est
2472 5788 2486 5826 :
2525 5767 2587 5823 In
2613 5767 2739 5824 coelo
2765 5765 3148 5836 praeparabitur
3179 5761 3369 5816 veritas
3399 5767 3488 5810 tua
3509 5757 3578 5814 ⁸⁸.
