4354 6406
812 505 913 596 Si!)

1506 503 1776 560 EUSEBII
1812 503 2289 560 CJESARIENSIS
2326 504 2476 560 OPI‘.
2516 503 2696 559 PARS
2734 502 2821 559 ill.
2845 535 2915 545 -—
2954 500 3359 558 EXEGETICA.

3959 500 4075 557 520

812 621 1027 680 Veritas
1058 624 1237 694 itaque
1271 623 1366 679 Dei
1399 625 1455 678 in
1489 625 1630 679 coelo
1654 634 1738 680 est
1770 642 1784 679 :
1814 630 1937 681 Inde
1962 640 2089 680 vero
2121 641 2221 680 ceu
2259 626 2371 695 plu-
2402 635 2439 687 Α
2471 628 2531 679 ὲν

2361 657 2371 667 -
2402 635 2439 687 Α
2471 628 2534 679 ἐν
2565 626 2738 695 ἑτέρῳ
2762 623 3037 677 λέλεκται·
3083 625 3184 678 Ἐν
3207 621 3284 688 τῷ
3304 620 3536 691 οὐρανῷ
3567 621 4080 692 ἐτοιμασθήσεται-

800 718 884 770 via
917 717 969 771 in
1007 717 1243 772 nubibus
1274 718 1387 771 lata
1418 717 1589 771 stillat
1620 717 1675 769 in
1711 724 1931 771 terram.
1987 716 2111 771 Ideo
2145 717 2365 781 dicitur,

800 808 869 861 Et
901 810 1089 863 veritas
1115 817 1207 862 tua
1230 825 1392 879 usque
1422 808 1489 861 ad
1512 810 1694 863 nubes.
1732 808 1807 863 Ex
1836 810 2075 865 nubibus
2109 820 2286 863 autem
2314 827 2367 863 ιιι

798 901 1046 958 homines
1087 903 1295 958 veritas
1344 902 1437 955 Dei
1486 901 1783 957 effunditur
1813 920 1827 968 ;
1861 902 2034 957 nubes
2084 918 2214 955 vero
2248 918 2370 972 pro-

797 995 988 1063 phetas
1032 998 1087 1049 et
1142 995 1415 1064 angelicas
1448 994 1694 1055 virtutes.
1731 1010 1761 1048 a
1806 995 2007 1064 quibus
2035 994 2239 1048 veritas
2273 993 2368 1047 Dei

796 1085 1110 1139 hominibus
1142 1085 1303 1149 allata
1334 1094 1435 1149 est,
1468 1082 1753 1154 Scriptura
1781 1084 1920 1138 solet
1942 1078 2231 1152 appellare.
2277 1081 2368 1136 Sic

795 1179 848 1231 in
913 1176 1053 1230 Isaia
1098 1177 1299 1231 dictum
1324 1185 1407 1231 est
1434 1194 1445 1228 :
1472 1175 1539 1229 Et
1565 1176 1789 1231 nubibus
1814 1175 2074 1230 mandabo
2097 1192 2158 1229 ne
2182 1175 2371 1243 pluunt

792 1286 947 1338 super
965 1286 1077 1322 eam
1098 1269 1313 1322 imbrem
1335 1270 1402 1333 “,
1426 1270 1637 1325 scilicet
1666 1284 1831 1339 super
1853 1266 2162 1341 Judzeorum
2198 1285 2369 1339 popu-

794 1354 925 1422 lum,
958 1377 1027 1430 qu
1077 1362 1286 1431 tropice
1320 1363 1479 1417 vinea
1523 1370 1772 1417 vocatur.

2479 719 2520 785 (ὴ
2551 716 2802 782 ἀλήθειά
2841 734 2973 771 σου.
3013 718 3167 769 Ἐστι
3200 716 3297 785 μὲν
3323 711 3415 769 οὖν
3447 716 3479 787 ή
3517 715 3737 787 ἀλήθεια
3783 717 3877 771 τοῦ
3924 714 4066 771 Θεοῦ

2478 810 2539 860 ἓν
2574 807 2653 878 τῷ
2684 809 2914 879 οὐρανῷ,
2950 808 3104 879 δίκην
3157 809 3213 862 δὲ
3245 808 3399 862 ὑετοῦ
3439 806 3735 879 φερομένου
3765 809 3853 863 διὰ
3883 810 4067 880 νεφῶν

2478 902 2575 955 καὶ
2633 903 2791 974 μέχρι
2835 904 2933 973 τῆς
2988 904 3089 973 γῆς
3147 902 3449 965 ἐπιστάζει.
3480 902 3570 955 Διὸ
3600 901 3847 973 εἴρηταιο
3882 890 3996 957 λαὶ
4025 906 4066 974 ἡ

2476 992 2730 1061 ἀλήθειά
2758 1011 2873 1047 σου
2896 994 3007 1060 ἕως
3032 992 3151 1047 τῶν
3171 992 3460 1062 νεφελῶν.
3498 994 3591 1045 Ἐκ
3619 993 3675 1046 δὲ
3706 993 3813 1045 τῶν
3838 993 4067 1064 λεγομέ-

2480 1088 2585 1140 νῶν
2605 1087 2839 1159 νεφελῶν
2862 1088 2956 1140 καὶ
2982 1090 3061 1150 είς
3088 1086 3405 1159 ἀνθρώπους
3427 1086 3715 1157 προχέεται
3742 1088 3774 1157 ἡ
3800 1086 3897 1139 τοῦ
3924 1085 4065 1140 Θεοῦ

2478 1179 2707 1251 ἀλήθεια
2727 1197 2739 1210 ·
2774 1180 3001 1249 νεφέλας
3041 1178 3097 1232 δὲ
3120 1181 3245 1243 τοὺς
3272 1180 3555 1253 προφήτας
3582 1180 3615 1251 ἢ
3639 1180 3736 1243 τὰς
3760 1178 4064 1248 ἀγγελικάς

2477 1270 2759 1341 δυνάμεις,
2784 1271 2850 1323 δι’
2880 1264 2953 1325 ὦν
2980 1273 3013 1342 ἡ
3040 1269 3390 1342 ἀλήθειαοτοῦ
3421 1270 3555 1323 Θεοῦ
3591 1272 3683 1324 καὶ
3722 1270 3800 1335 είς
3847 1268 4063 1341 ἀνθρώ-

2478 1381 2615 1425 πους
2654 1363 3039 1435 κατελήλυοεν,
3069 1363 3256 1417 εἴωθεν
3298 1367 3325 1418 ὁ
3367 1364 3522 1433 λόγος
3561 1364 3866 1435 ὀνομάζειν.
3898 1363 4061 1418 Οὕτω

791 1452 1037 1509 λέλεκται
1069 1458 1125 1509 ὲν
1166 1457 1392 1528 Ἡσαΐᾳ·
1416 1456 1527 1510 Kal
1560 1455 1687 1522 ταῖς
1741 1456 2021 1527 νεφέλαις
2057 1456 2410 1527 ἑνιέλοῦμαι
2449 1458 2555 1512 τοῦ
2599 1458 2685 1529 μὴ
2726 1458 2941 1527 ,βρέξαι
2983 1460 3071 1525 εἱς
3115 1457 3304 1513 αὐτὸν
3351 1459 3548 1524 ὑετὸν,
3591 1456 3790 1530 δηλαδὴ
3835 1460 3917 1522 είς
3964 1457 4060 1510 τὸν

803 1549 1071 1602 Ἰουδαίων
1130 1548 1277 1613 λαὸν,
1321 1548 1620 1620 ἀμπελῶνα
1662 1551 1938 1621 τροπικῶς
1963 1551 2367 1623 ὠνομασμένον.

861 1644 940 1698 Ad
966 1645 1079 1698 haec
1111 1651 1312 1711 autem,
1340 1645 1554 1714 justitia
1582 1652 1695 1710 tua,
1728 1645 1924 1717 inquit,
1958 1647 2205 1710 Domine,
2240 1664 2358 1700 ma-

790 1752 895 1807 gna
927 1739 1273 1810 excelsaque,
1309 1740 1611 1807 montibus,
1642 1741 1751 1796 imo
1785 1742 2063 1797 montibus
2089 1740 2180 1795 Dei
2210 1754 2362 1794 com-

2549 1645 2669 1697 Ἐτι
2723 1644 2859 1716 πρὸς
2900 1644 3109 1708 τούτοις
3157 1645 3552 1719 ήκδικαιοσῦνη
3601 1662 3714 1709 σου,
3770 1646 3967 1715 φησὶν,
4011 1638 4060 1698 ὦ

2473 1737 2665 1807 Κύριε,
2684 1734 2892 1806 μεγάλη
2920 1734 3172 1805 τυγχάνει
3197 1737 3289 1789 καὶ
3319 1735 3516 1807 ὑψηλὴ,
3534 1735 3681 1807 ὄρεσι
3710 1734 4060 1806 παραϐαλλο-

792 1839 1035 1900 paratur,
1072 1847 1137 1886 ac
1167 1834 1392 1902 insuper
1413 1834 1618 1904 judicia
1653 1842 1745 1887 tua
1769 1816 2368 1904 incomprehensibilia:
2397 1864 2439 1918 Β
2474 1848 2511 1899 μ

2348 1816 2368 1884 ,⁸
2397 1864 2439 1918 Β
2474 1830 2629 1900 μένη,
2664 1830 2756 1882 καὶ
2784 1828 2931 1900 ὄρεσι
2966 1828 3120 1893 Θεοῦ,
3153 1830 3247 1883 καὶ
3294 1830 3428 1901 πρὸς
3468 1830 3675 1895 τούτοις
3708 1830 3776 1884 τά
3808 1830 4060 1902 κρίματά

790 1920 1258 1986 Quemadmodum
1282 1924 1427 1978 enim
1464 1925 1719 1995 abyssus,
1752 1934 1811 1979 ut
1841 1934 2058 1989 vocant,
2099 1927 2364 1981 immensa

789 2020 843 2064 et
866 2012 1183 2067 hominibus
1212 2012 1785 2085 incomprehensilrilis
1807 2026 1921 2084 est;
1950 2018 2095 2087 quod
2129 2034 2261 2073 sane
2281 2020 2364 2075 his

790 2105 1149 2175 significatur,
1177 2122 1370 2175 ponens
1399 2124 1451 2160 ιη
1476 2108 1734 2163 thesauris
1756 2110 2008 2181 abyssos:
2037 2111 2361 2181 sicjudieia,

794 2198 1039 2259 Domine,
1070 2216 1189 2270 qua:
1218 2216 1278 2255 ex
1308 2201 1523 2269 justitia
1570 2202 1837 2272 prodeunt
1869 2212 1981 2268 tua,
2009 2220 2107 2260 ceu
2138 2207 2357 2277 abyssus

791 2292 956 2346 multa
976 2293 1019 2323 ⁵⁷
1041 2302 1189 2348 sunt.
1219 2292 1323 2349 Pro
1355 2294 1447 2349 illo
1478 2302 1680 2360 autem,
1699 2296 1914 2365 justitia
1944 2308 2032 2351 tua
2055 2300 2189 2353 sicut
2211 2318 2353 2355 mon-

791 2394 865 2438 tes
904 2384 1033 2447 Dei;
1076 2386 1294 2455 Aquila,
1335 2386 1553 2455 justitia
1604 2396 1697 2441 tua
1742 2390 1877 2442 sicut
1904 2402 2102 2445 montes
2134 2394 2355 2461 robusti,

788 2475 1179 2545 interpretatus
1218 2484 1320 2531 est.
1356 2475 1481 2531 Hmc
1510 2492 1674 2547 porro
1702 2479 1885 2533 omnia
1912 2490 2218 2550 opportune
2253 2502 2359 2539 me-

786 2573 1117 2619 morantur:
1153 2565 1594 2637 declaraturqne,
1649 2584 1747 2639 per
1795 2570 2222 2627 misericordiam
2265 2575 2357 2629 Dei

786 2672 913 2725 quae
946 2658 1001 2710 in
1033 2659 1176 2714 coelo
1218 2670 1323 2723 est,
1368 2677 1464 2731 per
1495 2661 1779 2717 veritatem
1810 2670 1863 2717 et
1904 2663 2172 2733 justitiam
2214 2669 2356 2737 ejus,

793 2762 857 2803 ac
880 2764 977 2819 per
1007 2750 1159 2813 illud,
1197 2749 1417 2806 Iudicia
1455 2753 1567 2823 ejus
1592 2763 1649 2808 ut
1697 2754 1917 2825 abyssus
1946 2758 2113 2813 multa
2157 2763 2356 2815 incom-

783 2840 1155 2910 pre/tensibilia
1207 2854 1365 2907 sunt,
1418 2846 1635 2917 impios,
1705 2850 1893 2923 athcos
1942 2861 1996 2906 ct
2046 2865 2356 2923 peccatores

785 2948 894 2988 non
926 2935 1035 2990 vita
1064 2937 1262 2999 solum,
1296 2938 1390 2993 sed
1427 2941 1654 3011 reliquis
1685 2944 1849 2996 etiam
1881 2942 1988 2998 frui
2013 2947 2170 3003 bonis
2201 2965 2228 3001 a
2254 2950 2355 3004 bo-

784 3026 957 3082 nitate
987 3028 1158 3098 ipsius
1183 3029 1639 3087 subministratis.

2471 1938 2565 1974 σου
2613 1922 2995 1991 ἀκατάληπτα.
3064 1922 3150 1983 Ὠς
3205 1921 3313 1993 γὰρ
3358 1925 3389 1993 ἡ
3447 1923 3756 1994 καλουμένη
3815 1922 4059 1987 ἄϐυσσος

2466 2015 2691 2086 ἄπειρός
2738 2018 2885 2069 ἐστιν
2943 2011 3249 2086 ἀνθρώποις
3297 2014 3391 2065 καὶ
3433 2013 3860 2085 ἀκατάληπτοςο
3910 2013 3939 2066 ὃ
3988 2012 4055 2083 δὴ

2466 2110 2723 2180 σημαίνει
2748 2111 2775 2161 ὁ
2798 2109 2974 2179 φήσας
2997 2106 3172 2174 λόγος·
3200 2104 3381 2170 Τιθείς
3417 2103 3485 2157 ἐν
3516 2104 3837 2174 θησαυροῖς
3865 2106 4056 2159 ἀϐύσ-

2464 2216 2616 2267 σους
2639 2218 2650 2229 ο
2677 2199 2848 2262 οὕτως
2878 2198 2970 2252 καὶ
2997 2196 3065 2250 τὰ
3096 2195 3164 2250 σά
3193 2194 3456 2268 κρίματα,
3483 2186 3527 2245 ὧ
3561 2192 3751 2266 Κύριε,
3769 2194 3836 2248 τὰ
3864 2196 3927 2247 ἐκ
3950 2194 4053 2264 τῆς

2467 2295 2564 2364 σῆς
2641 2294 2998 2373 δικαιοσύνης,
3066 2290 3360 2362 φερόμενα,
3408 2286 3482 2351 ὼς
3555 2289 3592 2354 ἡ
3624 2287 3897 2353 ἄϐυσσος
3931 2287 4088 2373 ἐστι,

2465 2386 2685 2451 πολλή.
2731 2387 2876 2439 Ἀντι
2907 2387 2965 2439 δὲ
2993 2365 3113 2447 an,
3157 2386 3227 2439 Ἡ
3254 2381 3607 2448 δικαιοσύνη
3650 2396 3767 2433 σου
3817 2380 3896 2445 ὡς
3940 2380 4049 2447 ὅρη

2468 2477 2635 2542 Θεοῦ,
2668 2480 2696 2530 ὁ
2735 2476 2983 2541 Ἀκύλας,
3014 2476 3372 2551 Δικαιοσύνη
3406 2490 3522 2529 σου
3547 2473 3627 2538 ὠς
3663 2471 3771 2541 ὄρη
3804 2470 4046 2541 ἱσχιιοὰ,

2464 2570 2796 2639 ἡρμήνευσε.
2840 2568 3055 2622 Τούτων
3080 2568 3137 2622 δὲ
3165 2566 3381 2621 πάντων
3408 2564 3679 2636 εὐκαίρως
3707 2563 4047 2634 ἐμνημόνευ-

2466 2675 2553 2711 σεν
2583 2660 2611 2709 ὁ
2650 2658 2833 2726 λόγος·
2870 2651 3106 2722 δεικνὺς,
3136 2659 3217 2711 ὅτι
3256 2657 3343 2711 διὰ
3384 2657 3444 2710 τὸ
3471 2656 3619 2719 ἔλεός
3652 2672 3745 2708 σου
3781 2653 3872 2708 τοῦ
3907 2652 4046 2708 Θεοῦ

2464 2746 2526 2799 τὸ
2562 2749 2621 2801 ἓν
2653 2745 2731 2817 τῷ
2765 2747 2997 2818 οὐρανῷ,
3031 2748 3125 2801 καὶ
3157 2747 3246 2803 διὰ
3288 2749 3387 2819 τὴν
3439 2746 3696 2820 ἀλήθειαν
3741 2744 3905 2800 αὐτοῦ
3951 2746 4048 2798 καὶ

2463 2836 2552 2890 διά
2594 2839 2693 2910 τὴν
2718 2838 3061 2911 δικαιοσύνην
3094 2838 3278 2903 αὑτοῦ,
3309 2840 3403 2892 καὶ
3428 2838 3517 2893 διὰ
3549 2840 3642 2891 τόο
3684 2839 3773 2902 Ὠς
3808 2836 4045 2901 ἄϐυσσος

2462 2931 2627 3001 πολλή
2670 2932 3034 3004 ἀκατάληπτα
3070 2931 3140 2987 τὰ
3180 2932 3423 3004 κρίματα
3455 2930 3642 2997 αὑτοῦ,
3690 2931 3784 2985 καὶ
3824 2929 4041 2993 ἀσεϐεῖς

2464 3024 2558 3076 καὶ
2583 3022 2731 3078 ἄθεοι
2753 3014 2848 3078 καὶ
2881 3026 3191 3097 ἁμαρτωλοὶ
3223 3026 3281 3079 οὐ
3310 3026 3467 3097 μόνον
3492 3024 3637 3096 ζωῆς
3656 3022 4040 3085 ἀπολαύουσιν,

785 3118 919 3171 ἀλλὰ
956 3121 1050 3173 καὶ
1097 3122 1207 3175 τῶν
1250 3123 1452 3179 λοιπῶν
1512 3128 1619 3180 τῶν
1674 3130 1781 3183 ἀπὸ
1820 3132 1919 3203 τῆς
1960 3132 2363 3206 φιλανθρωπίας
2401 3140 2562 3195 αὐτοῦ
2587 3142 3049 3213 χορηγουμέγωω,

857 3230 1023 3288 Vens.
1056 3235 1109 3290 8.
1142 3236 1506 3309 Quamobrem
1562 3244 1820 3315 adjicitur
1852 3266 1866 3304 :
1906 3248 2157 3307 Homines
2180 3264 2231 3308 et
2260 3256 2351 3326 ju-

2533 3259 2623 3312 Διὸ
2654 3260 2964 3327 ὲπιλέγεται
2989 3278 3001 3291 ’
3051 3262 3413 3329 Ἀνθρώπους
3450 3274 3547 3315 και
3575 3262 3762 3330 κτήνη
3793 3261 4034 3331 σώσεις,

784 3334 965 3424 ῃιεηειι
985 3326 1237 3427 salaabis,
1258 3329 1512 3397 Domine;
1534 3339 1971 3406 quemadmodum
1985 3344 2350 3415 multiplicasti
2375 3332 2417 3389 ε
2451 3353 2502 3405 Κ

2319 3349 2350 3401 ιε
2375 3332 2417 3389 C
2451 3352 2647 3418 Κύριε,
2674 3352 2758 3427 κὼς
2788 3326 3135 3419 samem-ag
3168 3326 3235 3407 ξι)
3271 3326 3444 3421 ἕλεος
3486 3326 3684 3421 eam
3730 3326 3891 3422 Θεός.
3937 3326 4038 3410 Δίά

785 3413 1206 3470 misericordiam
1239 3429 1406 3486 tuam,
1439 3423 1604 3481 Deus.
1634 3424 1768 3483 Nam
1800 3413 2235 3503 propterjudicia
2262 3434 2353 3491 t'ua

783 3520 905 3575 qua:
937 3514 996 3561 ut
1048 3508 1285 3580 abyssus
1330 3516 1499 3569 multa
1549 3527 1698 3583 sunt,
1753 3526 2268 3594 propterjustitiam
2300 3538 2355 3583 et

778 3598 1064 3655 veritatem
1090 3610 1237 3658 tuam
1262 3622 1382 3675 qua:
1406 3607 1460 3661 in
1488 3611 1628 3665 cmlo
1643 3619 1747 3676 est,
1775 3612 2023 3673 homines
2040 3620 2351 3689 etjumenta

779 3690 945 3749 simul
982 3695 1213 3751 salutem
1248 3699 1514 3756 obtinent.
1544 3702 1636 3757 Sic
1661 3706 2027 3776 multiplicasti
2055 3714 2353 3767 misericor-

782 3780 927 3834 diam
960 3792 1128 3848 tuam,
1154 3786 1385 3861 ῥηίδια
1416 3806 1525 3845 non
1551 3794 1712 3848 modo
1742 3797 1834 3866 qui
1869 3797 2037 3867 digni,
2070 3803 2165 3857 sed
2188 3804 2349 3858 etiam

785 3872 877 3943 qui
937 3876 1115 3931 brutis
1152 3882 1398 3937 moribus
1443 3892 1498 3939 et
1545 3885 1865 3957 insipientes
1910 3902 2034 3946 sunt
2076 3894 2346 3958 homines,

782 3966 891 4020 vita
943 3968 1043 4022 abs
1091 3976 1145 4023 te
1195 3971 1320 4027 data
1376 3974 1643 4033 fruantur.
1705 3980 2152 4054 Quandoquidem
2204 3990 2347 4042 enim

782 4058 940 4112 inulti
973 4073 1386 4131 conqueruntur
1405 4078 1459 4122 et
1488 4077 1831 4142 espostulant
1854 4080 2095 4133 cum'illo
2121 4081 2207 4136 his
2238 4097 2353 4135 ver-

782 4152 899 4208 bis:
926 4150 1107 4219 Quare
1132 4153 1285 4225 impii
1304 4172 1561 4229 prospere
1583 4174 1768 4233 agunt,
1785 4184 1847 4222 ac
1871 4169 1960 4224 Dei
1981 4170 2138 4226 bonis
2164 4172 2349 4226 fruun-

780 4245 909 4299 tur?
936 4247 1255 4303 necessario
1296 4248 1454 4323 docet
1490 4255 1710 4311 multam
1748 4260 1869 4329 ejus
1911 4262 2344 4318 misericordiam

780 4350 923 4391 esse.
950 4336 1019 4391 At
1047 4339 1094 4393 si
1120 4338 1496 4399 misericordia
1528 4354 1739 4403 tantum
1771 4366 1835 4405 ac
1855 4348 2138 4410 Clementia
2167 4357 2346 4413 exsis-

781 4433 939 4490 teret,
974 4427 1108 4481 nihil
1137 4444 1167 4483 a
1197 4442 1545 4500 peccatorum
1582 4439 1692 4493 vita
1724 4440 1961 4497 ineunda
1982 4457 2209 4502 arceret.
2234 4446 2341 4502 Ve-

783 4530 905 4569 rum
954 4517 1144 4574 edocet
1173 4521 1263 4578 ille
1290 4528 1572 4585 veritatem
1604 4540 1659 4585 et
1714 4532 1984 4601 justitiam
2023 4551 2145 4589 cum
2182 4540 2343 4595 mise-

2458 3441 2567 3513 γὰρ
2623 3442 2689 3495 τά
2733 3445 2977 3515 κρίματα
3012 3463 3105 3498 σου
3141 3446 3209 3502 τά
3237 3448 3311 3511 ὡς
3340 3447 3572 3511 ἄϐυσσος
3617 3447 3804 3520 πολλὴ,
3829 3447 3923 3501 καὶ
3949 3448 4039 3502 διὰ

2454 3531 2922 3607 τήνδικαιοσύνην
2949 3553 3040 3589 σου
3074 3538 3165 3591 καὶ
3200 3538 3296 3610 τὴν
3331 3538 3583 3609 ἀλήθειάν
3618 3555 3711 3591 σου
3742 3538 3839 3611 τὴν
3868 3541 3925 3592 ὲν
3957 3538 4037 3609 τῷ

2453 3625 2982 3699 οὑρανῷ,ἇνθρωποι
3014 3631 3106 3683 καὶ
3143 3632 3313 3701 κτήνη
3343 3631 3483 3685 κατά
3500 3632 3559 3685 τὸ
3580 3632 3710 3684 αὐτὸ
3736 3629 4000 3695 σώζονται
4019 3647 4033 3662 ο

2451 3717 2621 3782 οὓτως
2643 3718 2991 3789 ἐπλήθυνας
3010 3720 3076 3773 τὸ
3098 3719 3273 3788 ἔλεός
3301 3737 3439 3790 σου,
3466 3724 3629 3787 Θεὸς,
3664 3723 3739 3786 ὡς
3767 3722 3841 3794 μὴ
3874 3724 4034 3794 μόνον

2449 3812 2574 3874 τοὺς
2603 3811 2787 3878 ἀξίους
2817 3812 2914 3881 τῆς
2947 3815 3011 3864 ὲκ
3062 3813 3155 3866 σοῦ
3193 3814 3338 3884 ζωῆς
3389 3815 3842 3886 μεταλαμϐάνειν,
3892 3814 4031 3867 ἀλλά

2451 3903 2542 3955 καὶ
2587 3905 2711 3967 τοὺς
2756 3903 3046 3974 κτηνὼδεις
3096 3905 3189 3959 καὶ
3241 3908 3498 3977 ἀνοήτους
3550 3906 3658 3959 τῶν
3704 3906 4023 3979 ἀνθρώπων.

2462 3994 2673 4065 Ἐπειδὴ
2728 3994 2833 4065 γάρ
2883 3994 3066 4048 πολλοὶ
3117 3996 3418 4066 μέμφονται
3463 3999 3557 4051 καὶ
3608 3997 4023 4051 καταιτιῶνταιο

2451 4083 2567 4136 Ἵνα
2594 4084 2647 4135 τί
2678 4084 2893 4146 ἀσεϐεῖς
2918 4084 3221 4154 εὐθηνοῦσι,
3260 4086 3353 4139 καὶ
3381 4086 3486 4138 τῶν
3520 4085 3613 4139 τοῦ
3640 4085 3774 4139 Θεοῦ
3808 4085 4025 4155 ἀγαθῶν

2450 4176 2845 4242 ἀπολαύουσιν;
2908 4179 3220 4246 ἀναγκαίως
3278 4179 3535 4243 διδάσκει,
3594 4179 3675 4232 ὅτι
3737 4179 4063 4244 πολυέλεός.

2448 4270 2614 4320 ἐστιν.
2656 4270 2789 4321 Ἀλλ’
2816 4270 2864 4321 εἰ
2904 4271 3000 4340 μὲν
3028 4268 3095 4343 ἦν
3132 4272 3275 4337 ἕλεος
3305 4273 3463 4344 μόνον
3498 4272 3589 4327 καὶ
3620 4272 4016 4345 φιλανθρωπία,

2444 4356 2597 4408 οὐδὲν
2622 4358 2854 4412 ἐκώλυεν
2882 4360 2973 4412 τὸν
3000 4362 3105 4416 τῶν
3130 4364 3464 4436 ἁμαρτωλῶν
3494 4363 3847 4435 μετέρχεσθαι
3870 4365 3980 4435 βίον
4002 4382 4017 4396 ·

2441 4448 2681 4501 διδάσκει
2729 4449 2805 4513 δὲ,
2846 4451 2925 4503 ὅτι
2979 4455 3074 4508 σὺν
3104 4455 3180 4526 τῷ
3216 4454 3349 4526 ἐλέῳ
3392 4455 3760 4525 ἁνακέκραται
3793 4454 4019 4525 ἀλήθεια

2442 4540 2537 4591 καὶ
2563 4539 2897 4612 δικαιοσύνη,
2924 4543 2998 4607 ὡς
3019 4546 3115 4615 τῆς
3131 4545 3480 4616 δικαιοσύνης
3503 4546 3599 4597 καὶ
3635 4546 3733 4616 τῆς
3762 4547 4017 4617 ἀληθείας

782 4604 1015 4659 ricordia
1049 4610 1288 4677 misceri,-
1316 4615 1389 4670 ita
1425 4626 1483 4685 ut
1517 4628 1641 4689 post
1678 4622 2109 4677 miscricordiam
2131 4626 2341 4695 justitia
2441 4629 2501 4681 διε

2299 4631 2341 4684 ia
2441 4629 2835 4702 διαλήψομένης
2862 4604 2991 4697 τοὺς
3006 4604 3358 4706 ἁμαρτωλοὺς
3388 4604 3523 4707 μετὰ
3557 4639 3616 4690 τὸ
3641 4604 3803 4700 ἔλεος.
3826 4604 3889 4690 Iit
3911 4604 4018 4708 γὰρ

778 4702 835 4749 et
880 4696 1079 4753 veritas
1119 4714 1434 4769 peccatores
1476 4718 1783 4793 exceptura:
1828 4723 1975 4769 sunt.
2008 4714 2141 4770 Nam
2195 4719 2240 4773 si
2272 4736 2337 4775 ex
2370 4724 2413 4779 D
2445 4727 2497 4796 pi

2290 4736 2337 4775 ξι
2370 4724 2413 4779 D
2445 4727 2520 4797 μὴ
2550 4696 2839 4796 ῶφελοῖντο
2860 4727 2936 4798 τῷ
2965 4696 3098 4803 ἑλέ-ῳ
3126 4696 3218 4784 καὶ
3248 4733 3312 4800 τῇ
3340 4696 3701 4799 μακροθυμίᾳ
3732 4696 3826 4780 τοῦ
3855 4696 4009 4789 Θεόῖί,

778 4787 1156 4846 misericordia
1203 4805 1258 4850 et
1297 4800 1560 4866 patientia
1595 4787 1687 4856 Dei
1722 4804 1851 4859 nihil
1881 4808 2129 4864 utilitatis
2161 4813 2325 4881 percis

777 4882 950 4951 piant,
978 4884 1189 4953 justitia
1220 4896 1274 4942 et
1307 4888 1511 4944 veritas
1534 4892 1653 4959 ejus
1686 4893 1902 4952 invadet
1937 4900 2056 4955 illos
2094 4921 2105 4955 :
2128 4902 2338 4973 judicio

776 4976 1141 5046 quippejusto
1166 4980 1547 5049 subjicientur.
1582 4982 1720 5037 Sunt
1756 4989 1896 5042 enim
1935 5008 2144 5058 revera,
2186 5003 2333 5062 sunt,

777 5064 1017 5135 inquam,
1064 5070 1267 5138 judicia
1312 5070 1412 5128 Dei
1454 5076 1703 5143 occulta;
1746 5081 1912 5133 multa
1971 5085 2336 5157 immensaque

776 5159 1141 5229 profunditas,
1179 5164 1283 5227 vel,
1315 5174 1375 5219 ut
1407 5170 1483 5221 ait
1510 5166 1811 5239 Scriptura,
1838 5172 2055 5242 abyssus
2080 5180 2248 5234 multa
2281 5183 2333 5235 in

772 5251 1100 5322 iudiciorum
1137 5256 1256 5324 ejus
1289 5260 2026 5335 ratione,comprehenditur.
2065 5270 2185 5327 Haec
2231 5274 2333 5345 igi-

771 5349 865 5397 tur
896 5346 1091 5414 impios
1118 5360 1357 5403 manent.

848 5428 1014 5485 Vens.
1042 5432 1095 5496 9,
1122 5434 1206 5488 i0.
1238 5433 1368 5489 Filii
1392 5449 1564 5495 autem
1597 5444 1861 5499 hominum
1890 5449 1940 5502 in
1974 5457 2187 5521 tegmine
2211 5458 2325 5511 ala-

774 5537 889 5573 rum
937 5538 1146 5579 murum
1196 5530 1494 5595 sperabunt.
1541 5534 1950 5593 Inebriabuntur
1979 5545 2043 5596 ab
2095 5549 2326 5603 ubertate

773 5615 957 5669 donius
987 5631 1108 5684 tum,
1143 5631 1191 5676 et
1226 5634 1453 5681 torrente
1509 5630 1785 5699 voluptatis
1811 5644 1914 5688 tua:
1964 5641 2165 5704 potabis
2215 5660 2322 5697 eos.

775 5706 1033 5771 Quoniam
1070 5716 1207 5780 apud
1227 5727 1275 5772 te
1298 5730 1374 5773 est
1404 5720 1521 5789 fons
1549 5724 1681 5788 vitw,
1711 5727 1763 5779 in
1797 5728 1991 5784 lumine
2032 5743 2117 5788 tuo
2144 5737 2326 5791 ridebi-

775 5818 886 5853 mus
915 5805 1105 5860 tamen.
1148 5809 1412 5875 Quoniam
1450 5814 1654 5883 judicia
1710 5828 1801 5873 tua
1854 5825 2081 5894 abyssus
2132 5832 2319 5896 multa,

843 5957 887 5994 ⁸⁵
927 5957 1028 6014 lsa.
1065 5980 1127 6029 v,
1162 5966 1209 6019 6.
1288 5968 1329 6001 ⁸⁷
1372 5970 1515 6026 Psal.
1559 5988 1718 6038 uxr,
1762 5976 1811 6035 ἶ.

2439 4823 2473 4890 ἡ
2509 4820 2819 4891 δικαιοσύνη
2862 4824 3023 4877 αὑτοῦ
3056 4824 3206 4894 καὶὴ
3240 4819 3464 4891 ἀλήθεια
3514 4817 3888 4890 μετελεύσεται
3918 4822 4013 4875 αὐ-

2443 4910 2597 4977 τούςέ
2633 4914 3094 4987 ὑποϐληθήσονται
3120 4916 3228 4986 γὰρ
3259 4914 3436 4985 κρίσει
3462 4912 3679 4983 omnia}
3700 4914 3853 4966 Ἔστι
3880 4914 4008 4986 γὰρ,

2447 5004 2594 5059 ἔστιν
2623 5007 2908 5077 ἀπὸρῤητα
2949 5008 3015 5063 τὰ
3048 5010 3293 5079 κρίματα
3317 5005 3412 5057 τοῦ
3440 5005 3574 5057 Θεοῦ
3594 5022 3605 5034 ·
3642 5005 3804 5069 πολύς
3828 5024 3885 5059 τε
3916 5011 4011 5062 καὶ

2441 5098 2662 5170 ἄπειρος
2708 5099 2882 5169 βυθὸς,
2914 5101 2979 5171 ἢ,
3017 5100 3197 5162 καθὼς
3239 5102 3270 5171 ἡ
3306 5099 3491 5171 Γραφή
3529 5114 3709 5168 φησιν,
3742 5100 4009 5167 ἄϐυσσος

2441 5192 2640 5261 πολλὴ
2670 5195 2727 5245 ἐν
2752 5193 2828 5265 τῷ
2852 5195 2993 5265 λόγῳ
3024 5194 3131 5246 τῶν
3168 5196 3447 5264 χριμάτων
3481 5194 3640 5248 αὑτοῦ
3678 5195 4002 5265 περιέχεται.

2442 5281 2621 5336 Ταῦτα
2656 5284 2833 5337 τοίνυν
2866 5286 3013 5355 μένει
3041 5285 3164 5348 τοὺς
3198 5283 3429 5346 ἀσεϐεῖς.

2508 5463 2571 5513 Ol
2596 5460 2662 5514 δὲ
2684 5461 2799 5515 vlol
2826 5462 2942 5516 τῶν
2968 5461 3289 5531 ἀνθρώπων
3322 5462 3391 5515 ἐν
3423 5461 3618 5531 σκέπῃ
3646 5461 3762 5516 τῶν
3791 5464 4003 5531 πτερύ-

2435 5568 2554 5620 γων
2580 5567 2695 5607 σου
2722 5554 3021 5611 ἐλπιοῦσι.
3046 5552 3544 5619 Μεθυσθήσονται
3573 5555 3689 5607 ἀπὸ
3721 5555 4003 5619 πιότητος

2433 5645 2601 5699 οἴκου
2632 5662 2767 5715 σου,
2810 5648 2907 5702 καὶ
2937 5648 3044 5701 τὸν
3072 5648 3429 5718 χειμάῤῥουν
3473 5645 3579 5715 τῆς
3622 5644 3848 5714 τρυφῆς
3884 5663 4001 5701 σου

2432 5739 2652 5803 ποτιεῖς
2689 5741 2929 5806 αὐτούς.
2966 5742 3094 5795 "Ott
3118 5742 3276 5809 παρὰ
3313 5739 3413 5792 σοὶ
3440 5738 3600 5805 πηγὴ
3632 5737 3798 5803 (lianc,
3822 5740 3891 5793 ἐν
3919 5737 4000 5807 τῷ

2430 5832 2576 5898 φωτί
2614 5847 2727 5885 σου
2776 5833 3039 5900 ὀψόμεθα
3084 5832 3224 5902 φῶς.
3264 5829 3477 5898 Ἐπειδὴ
3512 5826 3579 5879 τὰ
3616 5828 3855 5899 κρίματά
3904 5846 4000 5893 σου
