4354 6392
297 483 392 538 521

1384 478 1889 537 COMMENTARIA
1925 480 1993 535 IN
2032 478 2377 536 PSALMOS.

3441 482 3547 539 Si!

294 599 528 661 ἄϐυσσος
565 593 752 667 πολλὴ,
780 593 1001 657 εἰκότως
1055 592 1116 645 οὑ
1144 671 1155 679 υ
1168 591 1326 663 μόνον
1381 593 1704 665 ἀνθρώπων,
1737 593 1872 647 ἀλλὰ
1904 604 1945 657 Α
1973 593 2013 663 jt

1837 593 1872 646 ὰ
1904 604 1945 657 Α
1973 593 2095 663 jure
2125 610 2231 648 non
2257 593 2571 649 hominibus
2595 594 2777 660 modo,
2807 594 2902 650 sed
2936 594 3099 649 etiam
3129 595 3394 665 jumentis
3430 616 3552 670 pro-

294 694 390 747 κα¹ι
434 689 646 761 κτηνῶν
698 691 974 763 προνοεῖς·
1008 685 1180 749 οὔτως
1218 684 1569 757 ἐπλήθυνας
1598 689 1664 740 τὸ
1698 687 1873 755 ἔλεός

292 801 431 849 σου,
469 786 502 838 ό
547 783 711 849 Θεός.
763 782 917 835 Ἔστι
960 780 1003 833 δ’
1036 778 1116 837 ἔτι
1174 777 1325 851 παρὰ
1377 778 1551 832 ταῦτα
1598 778 1874 851 ἐξαίρετον

286 878 477 949 τάγμα
507 876 616 929 τῶν
646 873 784 947 μετὰ
815 873 883 927 τὰ
921 871 1279 945 προλεχθὲντα
1305 870 1717 942 ὀνομαζομένων
1742 872 1873 926 υἱῶν

288 968 625 1042 ἀνθρώπων*
658 969 872 1031 οἵτινες,
912 966 1069 1019 πλέον
1097 982 1148 1019 τι
1178 964 1391 1036 ἔχοντες
1420 965 1532 1017 τῶν
1572 963 1873 1036 ἀνθρώπων

290 1063 513 1118 καὶτῶν
535 1061 747 1135 κτηνῶν
772 1060 880 1115 τῶν
905 1060 1009 1113 ὑπὸ
1036 1059 1129 1112 σοῦ
1150 1059 1489 1129 σωζομένων,
1511 1057 1872 1129 κατηξίωνται

293 1160 353 1210 ὲν
389 1157 569 1230 σκέπῃ
610 1155 720 1209 τῶν
766 1153 1048 1227 πτερύγων
1080 1169 1169 1204 σου
1202 1150 1479 1215 ἐλπίζειν·
1528 1151 1560 1223 ἢ
1610 1150 1750 1205 κατὰ
1782 1153 1872 1206 τὸν

290 1248 609 1320 Σύμμαχον,
659 1246 792 1300 Ὑπὸ
833 1245 1014 1300 σκιὰν
1042 1243 1171 1296 ’τῶν
1199 1243 1505 1313 πτερύγων
1534 1259 1651 1298 σου
1679 1245 1875 1314 ἀμερι-
1898 1278 1906 1287 -

284 1340 526 1410 μνοῦσι.
561 1341 699 1403 Τοὺς
728 1340 835 1411 γὰρ
870 1338 960 1392 ἐπὶ
989 1336 1048 1390 σὲ
1088 1335 1409 1407 ὴλπικότας,
1436 1335 1527 1390 καὶ
1554 1338 1873 1409 ἀφωρισμέ-

289 1453 414 1498 νους
455 1434 551 1488 τοῦ
601 1434 880 1507 τάγματος
910 1432 1019 1486 τῶν
1052 1430 1513 1504 διαϐεϐλημένων,
1550 1434 1614 1486 σὺ
1654 1432 1815 1497 αὐτὸς
1846 1435 1874 1487 ό

288 1526 423 1591 Θεὸς
449 1531 571 1591 ταῖς
596 1525 788 1581 ἑαυτοῦ
818 1524 1040 1599 πτέρυξι
1075 1525 1357 1597 περιέπεις
1378 1525 1472 1579 καὶ
1498 1525 1737 1589 σκέπεις.
1764 1527 1875 1580 Καὶ

287 1619 411 1673 ἐπεὶ
438 1620 675 1692 ἤλπισαν
716 1612 860 1672 οὗτοι
898 1618 1107 1691 ἀγαθὴν
1141 1617 1354 1683 ἐλπίδα,
1400 1617 1465 1671 Ἠ
1500 1617 1567 1670 δὲ
1595 1618 1773 1684 ἐλπὶς
1802 1621 1887 1693 οὐ,

288 1714 707 1782 καταισχύνει·
735 1710 1225 1782 μεθυσθήσονται
1248 1710 1364 1765 ἀπὸ
1396 1712 1676 1778 πιότητος
1704 1711 1873 1765 οἴκου

287 1820 425 1866 σου.
459 1804 557 1858 καὶ
586 1805 692 1858 τὸν
710 1802 1079 1875 χειμάῤῥουν
1102 1802 1210 1872 τῆς
1247 1802 1478 1872 τρυφῆς
1511 1821 1626 1857 σου
1653 1803 1875 1870 ποτιεῒς

287 1899 529 1965 αὐτούς.
560 1894 721 1963 Οἶκος
747 1900 844 1970 μὲν
867 1896 960 1952 τοῦ
983 1898 1290 1952 Θεούῖστιν
1317 1897 1660 1971 ἡἘκκλησία
1684 1898 1870 1951 αὐτοῦ’

1979 686 2165 756 spicis,
2206 689 2287 744 sic
2324 686 2695 755 multiplicasti
2728 690 3146 744 misericordiam
3182 700 3351 760 tuam,
3382 693 3546 751 Deus.

1978 775 2181 833 Prmter
2230 778 2343 833 hrec
2377 786 2557 833 autem
2594 779 2736 833 alius
2774 781 3007 837 eximius
3034 790 3119 837 est
3162 784 3297 837 ordo
3336 799 3549 853 eorum,

1977 872 2071 939 qui
2101 870 2225 940 post
2262 870 2517 941 prazdicta
2551 871 2644 926 ﬁlii
2688 871 2971 928 hominum
3001 883 3287 930 vocantur.
3331 876 3398 931 Hi
3432 879 3554 949 plu—

1978 963 2055 1017 ris
2083 963 2289 1033 aliquid
2323 963 2586 1020 habentes
2619 980 2780 1034 quam
2816 965 3066 1021 homines
3086 976 3141 1021 et
3160 967 3407 1038 jumenta
3429 971 3555 1041 qui-

1977 1054 2081 1109 bus
2110 1057 2340 1112 salutem
2366 1072 2549 1127 paras,
2575 1056 2727 1128 digni
2758 1058 2930 1113 habili
2961 1068 3089 1115 snut
3118 1063 3209 1132 qui
3238 1063 3293 1116 in
3316 1065 3554 1131 tegmine

1978 1152 2184 1204 alarum
2217 1159 2431 1205 tuarum
2469 1167 2618 1223 spem
2668 1152 2933 1221 habeant;
2964 1161 3056 1208 aut
3081 1161 3140 1207 ut
3170 1152 3551 1225 Symmachus,

1976 1242 2085 1298 Sub
2122 1243 2308 1299 umbra
2335 1244 2547 1300 alarum
2581 1255 2793 1300 tuarum
2822 1249 2991 1302 securi
3016 1257 3157 1304 sunt.
3178 1248 3282 1304 Eos
3299 1250 3442 1305 enim
3460 1253 3555 1322 qui

1975 1336 2031 1391 in
2068 1344 2121 1391 te
2146 1353 2298 1407 spem
2328 1338 2551 1404 habent,
2576 1340 2780 1410 quique
2808 1342 2877 1395 ab
2899 1340 3091 1396 ordine
3117 1340 3403 1397 infamiam
3435 1342 3553 1398 illo-

1976 1447 2096 1485 rum
2148 1441 2530 1503 segregantur,
2569 1443 2626 1488 tu
2660 1434 2797 1505 ipse,
2836 1433 3003 1497 Deus,
3033 1434 3136 1491 alis
3170 1432 3321 1490 foves
3370 1436 3483 1492 tuis
3503 1446 3559 1492 et

1976 1524 2241 1596 contegis.
2273 1525 2481 1596 thuia
2518 1544 2669 1598 spem
2703 1544 2894 1599 cepere
2920 1544 3193 1600 magnam,
3224 1528 3352 1598 Spes
3382 1539 3558 1591 autem

1977 1634 2079 1671 non
2121 1618 2394 1685 confundit
2414 1620 2480 1674 ⁸⁸.
2528 1619 2944 1673 Inebriabuntur
2988 1620 3053 1674 ab
3084 1621 3322 1675 ubertate
3366 1622 3559 1681 domus

1978 1721 2103 1777 tum,
2132 1721 2181 1765 et
2222 1722 2453 1767 torrente
2482 1712 2763 1782 voluptatis
2807 1721 2913 1766 tute
2948 1714 3156 1782 potabis
3203 1730 3310 1770 eos.
3350 1712 3581 1772 Domus

1930 1787 1939 1798 ’
1976 1802 2071 1858 Dei
2095 1812 2178 1861 est
2210 1803 2452 1861 Ecclesia
2481 1806 2601 1875 ejus
2629 1822 2640 1857 :
2676 1805 2898 1862 ubertas
2921 1806 3137 1873 domus,
3174 1807 3437 1865 divinitus
3470 1808 3557 1863 iu-

1978 1896 2199 1966 spiratte
2228 1897 2494 1959 lectiones
2519 1917 2532 1953 :
2566 1898 2800 1956 ebrietas
2827 1899 2917 1953 illa
2950 1907 3247 1970 temperata
3272 1908 3325 1955 et
3347 1891 3552 1969 sobria,

286 1993 481 2065 πιότης
522 1993 578 2046 δὲ
611 1992 706 2046 τοῦ
756 1991 903 2046 οἴκου
957 1992 1025 2046 τὰ
1075 1992 1406 2046 θεόπνευστα
1444 1992 1867 2063 ἀναγνώσματα’
1908 1977 1947 2032 Β
1976 2003 2005 2039 u

1838 2010 1867 2046 ι·
1908 1977 1947 2032 Β
1976 1989 2181 2043 utilitas
2200 2004 2270 2043 ex
2299 1988 2630 2045 lectionibus
2666 1991 2993 2062 proveniens
3023 2005 3035 2041 :
3071 1999 3285 2067 torrens
3314 1991 3557 2062 volupta-

288 2086 428 2159 μέθη
471 2086 529 2141 δὲ
576 2086 808 2160 σώφρων
843 2086 938 2141 καὶ
972 2085 1233 2157 νηφάλιος
1271 2088 1305 2159 ἡ
1352 2086 1459 2140 ἀπὸ
1486 2086 1594 2139 τῶν
1625 2087 1872 2155 ἀναγνω-

286 2181 510 2252 σμάτων
536 2180 776 2249 ὠφέλεια
799 2197 813 2210 °
851 2180 1154 2255 χείμαρρος
1178 2180 1235 2233 δὲ
1267 2180 1503 2253 τρυφῆς,
1533 2179 1591 2244 ἐξ
1620 2176 1683 2233 οὗ
1722 2178 1873 2234 ποτί-

284 2273 469 2341 ζονται
502 2276 553 2328 οἱ
579 2275 673 2329 ἐπὶ
706 2275 883 2346 σκέπῃ
927 2272 1035 2328 τῶν
1069 2274 1357 2347 πτερύγων
1378 2274 1541 2328 αὑτοῦ
1558 2274 1869 2346 ἠλπικότες,

282 2369 313 2422 ό
342 2369 399 2422 ἐν
438 2367 734 2441 Ἐκκλησία
761 2367 853 2421 τοῦ
880 2367 1016 2423 Θεοῦ
1040 2366 1312 2439 ποταμὸς,
1342 2367 1471 2440 περὶ
1495 2361 1555 2423 οὗ
1586 2367 1836 2422 λέλεκται
1854 2384 1867 2396 ·

288 2460 400 2515 Τοῦ
435 2460 708 2532 ποταμοῦ
747 2459 819 2514 τὰ
851 2459 1161 2531 ὀρμήματα
1190 2461 1585 2531 εὐφραίνουσι
1612 2460 1727 2529 thr
1760 2461 1870 2515 πό-

279 2554 385 2606 λιν
415 2552 522 2606 τοῦ
547 2552 697 2607 Θεοῦ
716 2571 728 2583 ·
765 2554 879 2617 καὶ,
921 2553 973 2605 Ὁ
1010 2553 1276 2624 ποταμὸς
1297 2552 1407 2607 τοῦ.
1432 2552 1581 2607 Θεοῦ
1606 2552 1871 2622 ἐπληρώ-

283 2645 358 2711 θη
389 2643 646 2715 ὑδάτων.
677 2645 992 2716 Χείμαρῤος
1031 2643 1089 2699 δὲ
1128 2630 1343 2717 τρυφῆς
1379 2646 1407 2699 ό
1438 2646 1670 2717 Χριστὸς
1695 2644 1782 2698 διὰ
1812 2644 1871 2697 τὸ

281 2738 621 2810 πρόσκαιρον
649 2737 747 2809 τῆς
775 2739 831 2792 ὲν
857 2736 1163 2809 ἀνθρώποις
1193 2737 1515 2807 ἐπιφανείας
1538 2736 1722 2791 αὑτοῦ.
1743 2738 1871 2789 Ὅτι

281 2827 443 2896 παρὰ
489 2827 590 2882 σοὶ
638 2827 800 2897 πηγὴ
847 2825 1027 2896 ζωῆς..
1052 2827 1205 2899 Ζωὴν
1232 2827 1290 2881 δὲ
1319 2827 1444 2881 ὄντα
1476 2826 1724 2898 ἔγνωμεν
1776 2827 1868 2879 τὸν

280 2920 517 2992 Χριστὸν
578 2921 642 2974 ὲκ
701 2917 801 2993 τῆς
854 2920 1214 2991 εύαηελικῆς
1258 2919 1627 2985 διδασκαλίας,
1684 2920 1751 2972 δι’
1800 2912 1870 2991 ἧς

280 3013 446 3078 αὐτὸς
487 3011 517 3065 ό
570 3012 763 3086 Σωτὴρ
804 3012 1046 3068 διδάσκει
1078 3012 1289 3085 λέγων·
1333 3000 1473 3083 Ἐγώ
1498 3014 1614 3082 εἰμι
1642 3012 1709 3065 τὸ
1742 3011 1869 3082 φῶς

281 3105 381 3160 καὶ
422 3106 461 3176 ἠ
496 3105 746 3174 ἀλήθεια
773 3106 873 3161 καὶ
895 3108 934 3175 ἡ
972 3103 1103 3177 ζωή.
1146 3104 1306 3160 Ἀλλὰ
1329 3106 1442 3170 καὶ,
1463 3105 1494 3159 ὃ
1528 3103 1773 3175 γέγονεν
1800 3104 1869 3157 ἐν

280 3199 444 3266 αὐτῷ
479 3198 591 3267 ζωὴ
626 3200 726 3269 ἦν,
763 3200 863 3255 καὶ
912 3201 952 3270 ἡ
990 3197 1101 3269 ζωὴ
1129 3194 1209 3270 ἦν
1242 3198 1307 3253 τὸ
1334 3198 1461 3269 φῶς
1495 3195 1614 3251 τῶν
1650 3194 1869 3265 ἀνθρώ-

1975 2082 2067 2148 tis,
2102 2099 2212 2153 quo
2251 2091 2506 2155 potantur
2542 2084 2578 2139 ii
2623 2085 2715 2156 qui
2752 2084 2854 2140 sub
2895 2084 3131 2156 tegmine
3179 2085 3385 2139 alarum
3432 2085 3555 2157 ejus

1975 2184 2219 2247 sperant,
2266 2177 2466 2235 ﬂuvius
2515 2180 2569 2233 in
2623 2178 2868 2235 Ecclesia
2911 2177 3007 2234 Dei
3045 2194 3299 2246 manans,
3337 2178 3405 2235 de
3449 2195 3558 2250 quo

1973 2250 2180 2322 dictum
2236 2278 2362 2325 est:
2394 2269 2661 2325 Fluminis
2718 2270 2942 2339 impetus
2997 2269 3241 2341 lastiﬁcat
3295 2270 3558 2325 civitatem

1973 2360 2167 2426 Dei”;
2195 2371 2281 2417 et:
2306 2362 2531 2419 Flumen
2552 2362 2916 2435 Dcireplctum
2943 2372 3022 2419 est
3052 2366 3206 2435 aquis
3232 2365 3298 2419 '°.
3318 2365 3561 2422 Torrens

1971 2453 2280 2525 voluptatis
2322 2451 2577 2533 Christus
2623 2464 2729 2522 est,
2773 2457 2845 2513 ob
2878 2466 3289 2530 temporaneam
3331 2458 3454 2529 ejus
3504 2460 3559 2522 in

1972 2545 2289 2601 hominibus
2318 2549 2701 2623 praasentiam.
2737 2548 3008 2617 Quoniam
3047 2549 3187 2620 apud
3237 2558 3285 2604 te
3330 2559 3409 2605 est
3440 2551 3559 2617 fans

1972 2636 2108 2689 vita’.
2160 2634 2237 2688 Ex
2273 2638 2586 2708 evangelica
2615 2639 2868 2695 doctrina
2914 2641 3195 2697 Christum
3226 2655 3349 2696 esse
3389 2642 3556 2697 vitam

1969 2726 2287 2791 ediscimus,
2336 2735 2396 2781 ut
2452 2727 2707 2785 Salvator
2739 2732 2856 2802 ipse
2893 2734 3055 2790 docet
3094 2733 3182 2789 his
3210 2733 3411 2798 verbis,
3446 2733 3559 2805 Ego

1969 2837 2088 2873 sum
2129 2820 2244 2884 lux,
2279 2822 2472 2877 ueritas
2504 2834 2553 2875 et
2584 2824 2774 2878 vita“.
2806 2823 2911 2878 Sed
2947 2826 3134 2888 etiam,
3167 2824 3306 2895 quod
3353 2825 3559 2894 factum

1967 2922 2046 2967 est
2086 2914 2141 2967 in
2184 2914 2296 2983 ipso
2342 2916 2449 2971 vita
2485 2925 2621 2981 erat,
2664 2926 2715 2971 et
2750 2918 2858 2971 vita
2901 2926 3017 2971 erat
3065 2916 3158 2971 tua:
3200 2916 3471 2973 hominum
3487 2916 3555 2972 δ’.

1969 3005 2150 3073 Quare
2175 3008 2266 3063 hic
2296 3009 2523 3080 pariter,
2558 3018 2617 3065 ut
2643 3011 2699 3066 in
2724 3010 3039 3081 Evangelio,
3068 3011 3191 3066 vitae
3244 3010 3335 3065 lux
3367 3011 3573 3066 subdi-i

1969 3108 2059 3154 tur
2088 3119 2101 3155 :
2139 3117 2264 3157 nam
2300 3111 2592 3174 postquam
2626 3105 2862 3169 dixerat,
2897 3104 3169 3172 Quoniam
3211 3102 3350 3174 apud
3392 3115 3440 3159 te
3474 3113 3556 3159 est

1971 3194 2090 3264 fons
2114 3197 2255 3263 vitm,
2288 3199 2566 3269 adjicitur,
2595 3197 2659 3253 In
2694 3198 2888 3254 lumine
2921 3210 3009 3254 tuo
3037 3198 3326 3255 videbimus
3355 3198 3553 3253 lumen.

281 3308 432 3347 aram.
464 3293 556 3369 ᾼιδ
585 3295 678 3348 καὶ
700 3293 935 3349 ἐνταῦθα
961 3297 1029 3368 τῇ
1056 3292 1168 3366 ζωῇ
1194 3292 1459 3365 συνῆπται
1485 3292 1546 3347 τὸ
1579 3291 1693 3362 φῶς
1732 3308 1868 3361 συμ-
1897 3335 1939 3393 C
1974 3286 1993 3340 Ι

1831 3310 1868 3343 ι-
1897 3335 1939 3393 C
1974 3286 2333 3383 "mequippe
2371 3293 2481 3347 vita
2523 3292 2903 3348 rationabilem
2939 3292 3117 3347 lucem
3150 3290 3550 3347 subministrat.

282 3385 476 3457 φώνως
522 3385 603 3458 τῷ
648 3386 986 3458 Εὐαγγελίῳ·
1018 3386 1158 3459 μετὰ
1201 3385 1310 3458 γὰρ
1343 3385 1528 3455 φάναι’
1562 3385 1679 3436 Ὅτι
1712 3381 1871 3450 παρὰ
1899 3374 1939 3393 ν
1979 3381 2001 3443 (

1833 3381 1871 3435 ὰ
1899 3374 1939 3393 ν
1979 3374 2349 3447 Quamobrem
2395 3383 2744 3450 dicitur,»Et
2787 3378 2893 3440 rita
2942 3397 3055 3440 erat
3105 3385 3199 3441 (ua:
3252 3386 3552 3441 hominum.

196 3494 203 3499 ’
279 3481 380 3534 σοι
439 3479 603 3549 πηγὴ
672 3477 837 3548 ζωῆς,
902 3472 1247 3550 ὲπιλέγεταιο
1291 3481 1387 3531 Ἐν
1427 3477 1508 3544 τῷ
1572 3478 1721 3547 φωτί
1753 3491 1869 3529 σου

1837 3493 1869 3528 υ
1978 3474 2082 3541 Qui
2117 3493 2283 3547 porro
2317 3480 2432 3534 haec
2481 3479 2813 3551 acceperint,
2842 3495 2940 3551 pro
2977 3479 3102 3545 ﬁne,
3141 3480 3281 3537 lucis
3308 3486 3556 3535 conteru-

281 3570 549 3640 ὀψόμεθα
569 3569 712 3639 φῶς.
751 3571 933 3635 Φωτὺς
969 3570 1080 3643 γὰρ
1113 3568 1332 3638 λογικοῦ
1364 3568 1703 3641 χορηγητικὴ
1736 3582 1869 3635 τυγο

1980 3568 2271 3637 plationem
2300 3573 2646 3629 obtinebunt.

279 3662 433 3736 χάνει
460 3661 599 3733 αὕτη
628 3664 660 3733 ἡ
700 3662 812 3733 ζωή
831 3680 845 3693 ο
876 3662 957 3716 διὸ
994 3660 1240 3731 λέγεται’
1299 3661 1404 3715 Καὶ
1446 3662 1485 3729 ἡ
1532 3658 1645 3729 ζωὴ
1687 3657 1768 3734 ἦν
1794 3660 1865 3717 τὸ
1885 3660 2011 3730 φῶς
2037 3664 2151 3718 τῶν
2186 3666 2528 3736 ἀνθρώπων.
2559 3670 2620 3731 Ol
2648 3667 2707 3721 δὲ
2736 3668 2940 3722 τούτων
2974 3664 3369 3738 μεταλαϐόντες
3396 3663 3553 3751 τέλος

279 3756 461 3823 ἕξουσι
494 3754 589 3809 τοῦ
625 3755 801 3826 φωτὸς
828 3755 926 3828 τὴν
952 3754 1103 3811 θέαν.

354 3848 724 3919 Παράτεινον
760 3848 823 3903 τὸ
854 3849 1029 3915 ἔλεός
1066 3864 1183 3903 σου
1214 3847 1338 3917 τοῖς
1372 3846 1738 3919 γινώσκουσί
1766 3863 1862 3911 σε,

280 3944 381 3998 καὶ
409 3943 524 4013 thr
551 3941 946 4009 δικαιοσύνην
986 3957 1101 3996 σου
1135 3941 1259 4009 τοῖς
1296 3942 1500 3998 εὺθέσι
1528 3940 1603 4010 τῇ
1626 3939 1860 4009 καρδίᾳ.

280 4038 409 4101 Τοῖς
428 4036 503 4109 μὴ
519 4036 875 4107 γινώσκουσιν
896 4033 1057 4088 αὑτὸν
1081 4034 1417 4108 πρόσκαιρον
1434 4035 1585 4089 ἔσται
1605 4035 1665 4091 τὸ
1685 4033 1831 4097 ἕλεος
1844 4050 1858 4063 ’

276 4134 395 4195 τοῖς
431 4131 489 4185 δὲ
517 4128 847 4200 γινώσκουσί
881 4146 961 4195 σε,
998 4127 1202 4200 Σῶτερ,
1242 4129 1569 4201 παράτεινον
1613 4126 1675 4182 τὺ
1715 4126 1863 4191 ἔλεός

2045 3842 2208 3900 Vens.
2283 3845 2392 3901 H-
2425 3846 2513 3901 15.
2586 3845 2862 3902 Prwtende
2920 3845 3339 3901 misericordiam
3402 3855 3549 3902 tuam

1970 3940 2252 3994 scientibus
2303 3948 2371 4004 te,
2402 3948 2451 3994 et
2492 3939 2762 4009 justitiam
2816 3938 2961 3993 tuam
3010 3940 3076 3994 iis
3123 3941 3213 4011 qui
3255 3948 3397 3996 recto
3425 3951 3551 3998 sunt

1970 4033 2142 4087 corde.
2177 4030 2559 4103 Ncscientibus
2584 4033 2752 4089 Deum
2782 4040 3131 4113 temporanea
3170 4035 3550 4103 misericordia

1970 4127 2107 4188 erit;
2138 4135 2191 4181 at
2223 4128 2506 4184 scientibus
2539 4138 2608 4194 te,
2648 4115 2919 4195 Salvator,
2949 4130 3218 4200 pratende
3246 4131 3549 4185 misericor-

281 4240 376 4277 σου
406 4223 501 4278 καλ⁵
522 4225 621 4295 τὴν
648 4223 993 4294 δικαιοσύνην
1020 4238 1113 4275 σου
1134 4238 1146 4249 ·
1174 4223 1231 4276 ὲν
1320 4223 1439 4277 κατ’
1467 4223 1623 4289 ἀξίαν
1658 4220 1860 4293 κρίνων
1969 4218 2000 4270 d

1831 4240 1860 4275 ν
1969 4218 2114 4272 diam
2145 4228 2292 4273 tuam
2320 4228 2370 4274 et
2394 4219 2665 4290 justitiam
2698 4230 2865 4287 tuam,
2898 4236 3005 4292 qua
3029 4235 3129 4292 pro
3160 4222 3548 4293 rerumdigni-

276 4318 392 4381 τοῖς
422 4318 523 4389 μὲν
553 4314 851 4379 ἀποδώσεις
876 4313 1018 4368 κατὰ
1049 4312 1119 4367 τὰ
1149 4313 1286 4386 ἔργα
1310 4314 1510 4381 αὐτῶν,
1543 4317 1655 4380 τοῖς
1682 4314 1739 4368 δὲ
1770 4332 1861 4367 πι-
1906 4330 1909 4333 λ
1966 4320 1995 4366 t:

1823 4335 1861 4367 ι-
1906 4330 1909 4333 λ
1966 4320 2077 4367 tate
2094 4310 2370 4382 judicans,
2389 4313 2512 4369 aliis
2534 4314 2832 4369 secundum
2854 4329 3016 4384 opera
3041 4328 3228 4369 eorum
3252 4314 3542 4378 retribues,

279 4404 513 4470 στὼσεις
537 4405 636 4470 τὰς
666 4407 766 4471 σὰς
799 4403 1151 4474 ἐπαγγελίας.
1195 4406 1341 4459 ’Λντὶ
1375 4406 1435 4482 δὲ
1467 4406 1581 4472 τοῦ,
1608 4406 1719 4460 Καὶ
1747 4405 1862 4475 thr
1966 4422 1996 4462 a

1849 4423 1862 4439 ·
1966 4406 2090 4463 aliis
2119 4405 2387 4477 promissa
2416 4416 2509 4463 tua
2534 4408 2906 4464 conﬁrmabis.
2949 4405 3057 4461 Pro
3083 4405 3175 4459 illo
3208 4411 3386 4460 autem
3421 4422 3435 4459 :
3472 4403 3568 4462 Et

275 4497 674 4568 δικαιοσύνην
692 4516 808 4555 σου
842 4498 965 4567 τοῖς
995 4496 1197 4552 εὺθέσι
1231 4494 1305 4568 τῇ
1330 4499 1560 4569 καρδίᾳ,
1583 4503 1611 4555 ὁ
1637 4500 1863 4573 Σύμμα-
1958 4500 1994 4571 j:

1958 4500 2231 4571 justitiam
2282 4497 2429 4555 tuam
2470 4502 2538 4556 iis
2588 4501 2677 4572 qui
2726 4509 2864 4554 recto
2904 4508 3035 4553 sunt
3064 4497 3253 4558 corde;
3288 4495 3542 4568 Symma-

210 4646 214 4648 γ
275 4608 391 4662 χος,
423 4592 533 4646 Kal.
586 4593 702 4663 thr
769 4592 1188 4664 ἐλεημοσύνην
1211 4607 1327 4645 σου
1355 4592 1477 4660 τοῖς
1504 4594 1722 4662 ἁπλοῖς
1746 4594 1863 4664 τὴν

1819 4612 1863 4649 ιν
1968 4597 2105 4653 chus
2137 4615 2150 4651 :
2185 4594 2255 4650 Et
2294 4592 2715 4651 misericordiam
2763 4590 3089 4661 simplicibus
3140 4590 3318 4653 corde,
3349 4589 3538 4649 edidit.

275 4684 561 4754 καρδίαν,
614 4688 866 4755 ἐξέδωκε.
922 4686 1019 4756 Mh
1060 4685 1280 4743 ἐλθέτω
1322 4703 1425 4755 μοι
1474 4688 1626 4755 ποῦς
1678 4692 1861 4759 ὑπερ·
1895 4669 1994 4743 Dt

1821 4708 1861 4741 ›-
1895 4669 1937 4724 D
1970 4687 2095 4745 Non
2126 4691 2299 4746 veniat
2329 4688 2458 4743 mihi
2479 4702 2568 4756 pes
2606 4684 2886 4765 superbire,
2921 4693 2971 4739 et
3017 4700 3207 4739 manus
3250 4694 3540 4754 peccatoris

272 4780 559 4847 ηρανίας,
601 4780 700 4834 καὶ
738 4781 867 4851 χεὶρ
902 4777 1261 4852 ἁμαρτωλῶν
1290 4776 1377 4848 μὴ
1421 4782 1721 4835 σαλεῦσαι
1761 4800 1858 4853 με.

289 4871 454 4927 Ἐκεῖ
479 4872 708 4928 ἔπεσον
737 4878 791 4930 οὶ
823 4868 1196 4945 ἐργαζόμενοι
1223 4871 1337 4941 thr
1364 4874 1638 4945 ἀνομίαν.
1690 4874 1860 4941 Ἐξώέ

274 4966 525 5033 σθησαν
579 4967 679 5021 καὶ
732 4970 805 5023 οὐ
851 4967 938 5039 μὴ
990 4967 1359 5037 δυνήσονται
1413 4964 1653 5035 στῆναι.
1708 4970 1861 5041 Μηδὲ

274 5058 591 5131 κτησαίμην
615 5052 772 5135 χεῖρα
793 5063 889 5117 καὶ
909 5061 1136 5136 πράξεις
1158 5058 1495 5134 ἁμαρτωλῶν
1513 5078 1527 5091 ·
1561 5060 1733 5117 ταῦτα
1751 5062 1860 5136 γὰρ

275 5149 525 5205 σαλεύειν
594 5153 751 5208 εῐωθε
790 5156 885 5210 καὶ
940 5159 1248 5228 μετακινεῖν
1293 5155 1394 5227 τῆς
1448 5154 1595 5225 παρὰ
1645 5156 1728 5209 σοὶ
1781 5155 1861 5229 τῷ

274 5246 396 5317 Θεῷ
441 5246 687 5323 στάσεως
735 5250 861 5315 τοὺς
904 5252 986 5314 είς
1030 5244 1093 5304 τὸ
1123 5249 1312 5314 σκότος
1346 5247 1405 5302 τὺ
1435 5246 1697 5319 ἐξώτερον
1728 5246 1859 5313 ἐξω-

276 5328 662 5414 σθησομένουςς
691 5342 838 5396 ’Δντὶ
874 5343 932 5397 δὲ
964 5342 1087 5398 τοῦ·
1130 5342 1290 5399 Ἐκεῖ
1308 5343 1550 5406 ἔπεσον,
1576 5343 1606 5395 ό
1636 5341 1853 5415 Σύμμαο

272 5452 390 5508 χος,
436 5430 589 5488 ὅπου
617 5433 945 5507 πίπτουσιν
967 5440 1020 5491 ot
1047 5436 1418 5509 ἐργαζόμενοι
1451 5434 1565 5504 thr
1601 5434 1862 5501 ἀδικίαν,

222 5525 229 5531 ’
273 5526 525 5593 ἐξέδωκε.
552 5524 644 5597 Μὴ
670 5523 780 5599 γὰρ
807 5510 1087 5597 γενοίμην,
1119 5528 1306 5601 φησὶν,
1334 5529 1468 5590 ἐκεῖ,
1500 5525 1627 5579 ἔνθα
1668 5526 1718 5579 ot
1763 5544 1858 5580 σα-

271 5619 557 5684 λευθὲντες
599 5617 879 5681 πίπτουσι,
926 5614 1021 5673 καὶ
1072 5620 1329 5686 πεσόντες
1366 5618 1712 5687 ὲξωθοῦνταιλ,
1760 5622 1855 5674 καὶ

1968 4801 2071 4839 non
2101 4790 2303 4837 moveat
2333 4797 2431 4835 me.
2465 4777 2549 4836 Ibi
2578 4778 2875 4834 ceciderunt
2904 4778 2994 4848 qui
3016 4787 3304 4847 operantur
3349 4778 3542 4848 iniqui-

1970 4888 2151 4942 tatem,
2182 4876 2389 4947 expulsi
2434 4882 2576 4941 sunt,
2605 4890 2697 4929 nec
2742 4879 2990 4944 poterunt
3039 4882 3203 4928 stare.
3232 4870 3310 4928 Ne
3344 4887 3541 4928 manus

1965 4981 2019 5030 et
2067 4977 2216 5044 gesta
2268 4975 2616 5039 peccatorum
2645 4965 2922 5031 obtineam
2954 4986 2968 5022 :
3002 4964 3119 5021 haec
3147 4964 3350 5037 quippe
3372 4978 3551 5021 excu-~

1967 5073 2081 5121 tere
2114 5063 2290 5119 solent
2315 5067 2369 5115 et
2402 5075 2683 5116 removere
2732 5061 2832 5116 abs
2858 5068 2911 5115 te
2939 5073 3037 5116 eos
3064 5057 3155 5129 qui
3194 5056 3247 5111 in
3284 5054 3541 5109 tenebras

1962 5160 2265 5216 exteriores
2306 5154 2674 5226 depelluntur.
2705 5153 2815 5209 Pro
2842 5153 2936 5209 illo
2966 5159 3147 5207 autem
3177 5168 3189 5203 :
3224 5147 3308 5202 Ibi
3341 5146 3537 5231 cecide-

1964 5261 2106 5316 runt,
2144 5234 2504 5323 Symmachus
2524 5249 2716 5314 edidit,
2760 5248 2852 5303 ubi
2901 5246 3098 5302 cadunt
3136 5242 3225 5315 qui
3251 5249 3539 5311 operantur

1966 5345 2315 5417 iniquitatem.
2341 5341 2439 5407 Ne,
2468 5344 2667 5415 inquit,
2698 5357 2765 5398 eo
2810 5342 2867 5395 in
2915 5342 3037 5395 loco
3087 5336 3212 5409 sim,
3243 5348 3351 5405 quo
3380 5348 3534 5388 com-

1965 5434 2098 5491 moti
2126 5428 2351 5498 cad'unt,
2380 5431 2519 5507 lapsi
2553 5432 2921 5505 expelluntur,
2947 5426 3160 5497 expulsi
3189 5423 3398 5495 regredi
3422 5439 3533 5479 non

1965 5533 2239 5599 poterunt.
2273 5525 2399 5583 Huic
2443 5535 2624 5582 autem
2676 5526 3072 5592 consequenter
3125 5514 3339 5580 etl'atur,
3378 5529 3477 5585 pos

1961 5635 2124 5693 quam
2156 5619 2253 5692 qui
2283 5618 2407 5676 ﬁnis
2434 5620 2539 5676 erit
2567 5608 2785 5681 eorum,
2809 5614 2903 5687 qui
2928 5611 2986 5666 in
3022 5610 3243 5681 tegmine
3274 5606 3365 5662 Dei
3402 5621 3503 5677 spe

170 5776 178 5782 _
272 5711 600 5779 témwévtac
619 5711 799 5766 οὐκέτι
825 5710 1136 5765 ἐπανελθεῖν
1161 5712 1493 5786 δυνήσονται.
1525 5710 1854 5779 ’Ᾱκολούθως

1808 5731 1854 5779 ig
1888 5766 1891 5769 ,
1958 5711 2226 5777 raverint,
2261 5710 2575 5784 descripsit,
2605 5713 2887 5780 resumpta
2915 5701 3089 5774 impii,
3123 5699 3217 5773 qui
3250 5698 3407 5756 initio
3439 5696 3527 5755 di-

342 5983 388 6018 ⁸⁸
425 5981 585 6043 Boni.
621 5999 684 6051 ν,
718 5981 771 6038 5.
846 5980 893 6014 ”
934 5977 1077 6037 Psal.
1113 5993 1253 6047 xu,
1288 5980 1349 6038 ὕ.
1423 5980 1469 6014 ⁸⁸
1505 5978 1654 6039 Psal.‘
1687 5954 1845 6058 ιαιν,
1879 5977 1966 6037 10.
2045 5978 2061 6011 ⁶

1423 5980 1469 6014 ⁸⁸
1505 5978 1654 6039 Psal.‘
1687 5954 1845 6058 ιαιν,
1879 5977 1966 6037 10.
2045 5978 2088 6011 ⁶¹
2127 5974 2286 6034 Joan.
2340 5956 2467 6039 xxv,
2499 5962 2581 6033 6(
2636 5974 2683 6009 ⁸⁸
2719 5969 2878 6037 Joan.
2915 5986 2966 6039 t,
3005 5966 3120 6036 5,4.
