4354 6404
817 481 923 537 325
1515 478 1783 537 EUSEBll
1821 479 2296 538 CESABIENSIS
2333 480 2480 537 OPP.
2520 480 2698 538 PARS
2733 481 2824 537 lll.
2862 513 2931 524 —
2969 483 3377 542 EXEGETICA.
3956 486 4063 543 521

812 598 969 653 eebat
997 600 1049 653 in
1072 598 1343 667 semetipso
1378 608 1435 650 ut
1465 597 1806 671 delinquant,
1842 600 2233 670 hontinquue
2277 599 2353 671 ips

2409 604 2456 661 Α
2482 599 2540 653 δὲ
2586 601 2722 654 αὐτὰ
2766 600 2892 673 ἔφη.
2954 602 3092 672 μετὰ
3137 603 3198 656 τὸ
3231 602 3540 674 ὑπογράψαι
3584 604 3762 655 ὁποῖον
3811 602 3968 655 ἔσται
4000 608 4066 659 τὸ

812 684 1089 754 similium,
1124 682 1405 744 memoria.

2481 688 2632 756 τέλος
2684 692 2790 781 τῶν
2843 695 2983 764 ὲντῇ
3027 695 3204 765 σκέπῃ
3240 693 3331 748 τοῦ
3365 694 3496 748 Θεοῦ
3526 694 3829 764 ἡλπικότων
3858 694 4061 747 ἐπανα-

808 784 1094 855 λαμὸἀνων
1124 784 1219 855 τὴν
1256 787 1475 855 μνήμην
1507 784 1600 838 τοῦ
1634 786 1750 839 κατ’
1779 785 1951 857 ἀρχὰς
1981 781 2328 859 παρανόμου,
2353 787 2410 853 ὃς
2448 787 2682 858 ἔφασκεν
2709 780 2779 841 ἐν
2812 784 3002 853 ἑαυτῷ
3029 780 3134 842 τοῦ
3169 787 3543 853 ἀμαρτήνειν,
3584 790 3678 842 καὶ
3712 788 3820 840 τῶν
3866 786 4063 860 ἐκείνῳ

810 876 1219 951 παραπλησίων.
1570 890 1571 893 ‘

1294 998 1346 1051 ι.
1376 996 1649 1059 nAvmis
1683 997 1921 1069 xxxw.

2983 995 3119 1049 ΤΟΥ
3164 994 3361 1049 ΔΑΥΙΑ
3404 992 3540 1065 Acr.

792 1176 799 1181 ί
880 1106 1010 1161 Νοίὶ
1057 1107 1303 1162 aemulari
1342 1108 1397 1161 in
1450 1109 1885 1179 malignantibur,
1920 1128 2079 1182 neque
2127 1114 2353 1169 zelaveri

2541 1110 2637 1179 Μὴ
2677 1104 3016 1177 παραζήλου
3050 1108 3119 1161 ἐν
3149 1107 3671 1179 πονηρευομένοις,
3697 1110 3852 1181 μηδὲ
3873 1112 4060 1179 ζήλου

788 1196 1050 1258 facientes
1098 1199 1448 1269 iniquitatem.
1490 1198 1629 1266 Quia
1680 1201 1736 1254 in
1790 1202 2113 1271 praecedenti
2170 1207 2353 1273 psalmi

2448 1204 2618 1277 τοὺς
2676 1202 2998 1266 ποιοῦντας
3049 1199 3165 1271 τὴν
3214 1200 3491 1275 ἀνομίαν.
3559 1202 3775 1274 Ἐπειδὴ
3829 1206 3941 1277 γὰρ
3999 1206 4060 1260 ιν

802 1299 1141 1355 peccatorem
1167 1290 1456 1345 induxerat
1489 1308 1608 1347 sese
1640 1293 1707 1346 ad
1740 1305 1959 1363 peccata
1986 1298 2347 1350 concitantem

2475 1298 2671 1367 ἐκείνῳ
2714 1298 2899 1367 εἰσῆγε
2940 1295 3030 1350 τὸν
3079 1295 3393 1366 παράνομον
3446 1296 3814 1368 παρορμῶντα
3863 1298 4060 1354 ἑαυτὸν
4098 1344 4101 1347 ,

800 1386 1074 1454 vitamque
1123 1385 1264 1454 ejus,
1300 1400 1514 1439 necnon
1548 1384 1708 1440 ﬁnem
1736 1379 2077 1457 exitiumque
2105 1389 2251 1444 illius
2278 1391 2353 1443 de-

2478 1392 2555 1452 είς
2590 1389 2880 1459 ἁμαρτίας,
2915 1388 3007 1441 τόν
3034 1404 3092 1440 τε
3124 1386 3234 1457 βίον
3264 1386 3547 1459 ὑπέγραφε
3573 1388 3666 1441 τοῦ
3699 1388 3939 1443 τοιούτου
3964 1390 4061 1447 καὶ

799 1474 1115 1542 scripserat,
1148 1482 1544 1544 consequenter
1574 1477 1627 1528 in
1654 1476 1754 1530 hoc
1786 1478 1993 1546 psalmo
2036 1478 2279 1533 hortatur
2304 1497 2353 1532 ac

2477 1481 2536 1539 τὸ
2572 1479 2723 1542 τέλος
2750 1479 2849 1548 τῆς
2874 1478 3256 1548 καταστροφῆς
3284 1458 3469 1531 αὐτοῦ’
3510 1458 3814 1555 ἀκολούθως
3847 1483 3942 1535 ἐπὶ
3963 1480 4059 1537 τοῦ

798 1566 1152 1621 declinandos
1195 1558 1565 1648 improborum
1610 1584 1812 1633 mores,
1844 1579 1895 1623 et
1928 1586 2036 1624 non
2067 1573 2353 1627 aemulanda

2478 1573 2741 1644 παρόντος
2795 1573 3050 1645 παραινεῖ
3091 1569 3336 1648 ,φεύγειν
3384 1570 3511 1634 τοὺς
3568 1569 3677 1624 τῶν
3723 1574 4059 1642 παρανόμων

796 1672 984 1712 eorum
1031 1673 1215 1728 opera.
1274 1659 1541 1724 Quoniam
1588 1676 1719 1715 vero
1770 1661 1914 1715 aliud
1969 1670 2051 1717 est
2099 1665 2362 1729 aemulari,

792 1749 939 1803 aliud
983 1752 1189 1816 zelare;
1223 1750 1373 1805 dicas
1421 1752 1699 1805 concitare
1732 1761 1793 1821 et
1812 1752 2238 1825 adzelolypiam
2287 1757 2369 1809 in-

792 1841 1048 1905 cendere,
1086 1842 1139 1896 id
1180 1858 1299 1900 esse
1343 1844 1608 1898 aemulari.
1641 1843 1822 1911 Quare
1861 1845 2057 1915 Aquila
2088 1848 2167 1903 sic
2195 1850 2364 1904 inter—

792 1940 1038 2002 pretatur
1065 1952 1076 1986 :
1105 1931 1189 1986 Ne
1230 1933 1428 1986 dimica
1475 1950 1593 1986 cum
1640 1934 2084 2004 malignantibus;
2122 1935 2366 2007 Symma-

792 2025 929 2081 chus
958 2042 1127 2081 vero:
1159 2023 1241 2079 Ne
1276 2026 1533 2079 altercare
1576 2042 1695 2079 cum
1736 2028 2013 2095 maleﬁcia.
2050 2028 2162 2083 Hoc
2206 2045 2369 2099 porro

790 2115 997 2171 dictum
1043 2131 1107 2171 ex
1161 2116 1246 2169 his
1288 2117 1560 2187 intelligas
1588 2137 1600 2170 :
1630 2117 1741 2186 Ipsi
1774 2134 1851 2171 me
1877 2130 2286 2187 prouocauerunt
2315 2122 2367 2173 in

788 2226 849 2263 eo
880 2210 971 2280 qui
1004 2226 1107 2263 non
1133 2218 1247 2264 erat
1284 2210 1447 2276 Deus,
1478 2221 1527 2265 et
1555 2213 1898 2267 irritaverant
1930 2214 1983 2267 in
2015 2213 2171 2267 idolis
2202 2216 2311 2268 suis
2348 2230 2366 2267 :

754 2355 762 2362 ,
787 2309 841 2355 et
863 2317 957 2371 ego
973 2293 1270 2372 provocabo
1298 2292 1385 2358 eos
1416 2306 1469 2357 in
1498 2322 1557 2359 eo
1584 2306 1673 2375 qui
1701 2323 1803 2365 non
1834 2316 1909 2358 est
1953 2308 2199 2375 populus,
2235 2316 2283 2361 et
2314 2308 2367 2361 in

787 2405 936 2466 gente
964 2397 1239 2466 insipiente
1268 2397 1497 2471 irritabo
1559 2399 1682 2452 illos
1702 2400 1765 2450 ⁸⁸.
1793 2400 2085 2468 Apostolus
2105 2404 2232 2456 item
2262 2400 2369 2456 Co-

791 2488 1009 2543 rinthiis
1044 2488 1289 2544 scribens
1317 2490 1389 2543 ita
1420 2492 1696 2560 loquitur:
1724 2491 1806 2543 An
1837 2492 2366 2549 wmulamurDomi-

787 2595 911 2633 num
944 2578 1239 2651 ?Nunquid
1268 2582 1513 2651 fortiores
1555 2583 1649 2637 illo
1681 2601 1861 2638 sumus
1885 2585 1966 2637 “?
1992 2585 2153 2641 Zelus
2185 2594 2365 2640 autem

785 2690 883 2731 seu
940 2676 1193 2729 voluntas
1256 2676 1563 2747 cujuSpiam
1615 2678 1954 2748 adipiscendi
2004 2679 2056 2733 id
2107 2680 2251 2751 quod
2308 2681 2363 2735 in

784 2767 1036 2836 proximo
1061 2783 1183 2824 esse
1211 2769 1531 2832 arbitratur,
1560 2769 1701 2825 bona
1729 2779 1834 2825 est.
1868 2770 1961 2825 Est
1986 2772 2126 2827 alius
2152 2772 2363 2828 medius

784 2860 957 2924 zelus,
998 2861 1323 2931 plerumque
1356 2863 1483 2918 talis
1510 2864 1725 2932 qualem
1754 2864 2018 2919 describit
2051 2865 2192 2920 idem
2227 2882 2360 2936 apo-

2475 1664 2728 1736 τρόπους,
2769 1664 2901 1734 μηδὲ
2943 1661 3039 1733 τὰς
3071 1662 3288 1732 ὁμοίους
3338 1661 3517 1714 αὐτῶν
3560 1662 3785 1732 πράξεις
3833 1664 4085 1735 ζηλοῦν-

2489 1756 2638 1809 Ἐπεὶ
2664 1756 2707 1809 δ’
2734 1754 2921 1826 ἔτερόν
2943 1756 3057 1807 ὲστι
3080 1753 3173 1806 τοῦ
3209 1751 3403 1821 ζηλοῦν
3420 1754 3480 1806 τὸ
3500 1751 3862 1825 παραζηλοῖω,
3885 1756 4054 1827 ἐρεῖς,

2468 1848 2549 1901 ὅτι
2586 1846 2648 1900 τὸ
2689 1842 2950 1917 ἐρεθίζειν
2988 1844 3083 1895 καὶ⁹
3112 1844 3190 1905 είς
3224 1843 3551 1913 ζηλοτυπίαν
3595 1844 3850 1917 ἐγείρειν,
3894 1844 4056 1899 τοῦτό

2472 1942 2587 1992 ἐστι
2612 1937 2672 1992 τὸ
2704 1933 3235 2006 παραζηλοὼποθεν
3262 1936 3290 1986 6
3318 1918 3658 2005 μὲνἏκῦλας
3680 1937 4051 2008 ήρμήνευσεν’

2402 1995 2440 2049 Β
2469 2030 2566 2099 Μὴ
2598 2035 2615 2082 ἱ
2632 1995 2884 2098 ιαμάχοι)
2908 1995 2983 2081 ’ὲν
3014 1995 3516 2094 πονηρευολιένοις
3535 2043 3548 2058 '
3576 2030 3605 2080 6

2467 2121 2564 2189 Μὴ
2600 2121 2927 2189 φιλονείκει
2974 2119 3350 2185 κακούργοις.
3396 2116 3627 2189 Νοήσεις
3655 2119 3711 2172 δὲ
3738 2120 3799 2173 τὸ
3825 2118 4053 2192 εἰρημέ-

2468 2229 2556 2266 νον
2606 2211 2699 2265 καὶ
2740 2212 2846 2263 ἀπὸ
2884 2212 3009 2283 τοῦ⁹
3037 2193 3212 2263 Αὐτοὶ
3262 2200 3690 2277 παρεξήλωσάν
3714 2228 3792 2281 με
3839 2213 3934 2266 ἐπ’
3978 2204 4053 2268 οὗ

2470 2301 2619 2367 θεῷ,
2650 2301 3032 2371 παρώργισάν
3076 2318 3153 2371 με
3204 2301 3275 2353 ὲν
3327 2299 3450 2366 τοῖς
3502 2300 3771 2369 εἰδώλοις
3816 2305 4050 2377 αὐτῶν·

2467 2396 2629 2466 κάγὼ
2671 2393 3075 2463 παραζηλώσω
3119 2393 3341 2460 αὐτοὺς
3399 2394 3490 2447 ἐπ’
3542 2379 3654 2448 οὐκ
3708 2396 3867 2451 ἔθνει
3888 2416 3901 2427 ·
3954 2399 4050 2453 ἐπ’

2466 2490 2620 2544 ἔθνει
2655 2487 2927 2552 ἀσυνέτῳ
2949 2485 3244 2561 παροργιῶ
3272 2485 3512 2553 αὐτούς.
3538 2486 3692 2540 Οὕτω
3724 2489 3817 2543 καὶ
3844 2490 4056 2550 ὀἈπόε

2468 2577 2649 2640 στολος
2692 2578 2916 2649 γράφων
2962 2576 3267 2647 Κορινθίοις
3310 2576 3529 2644 ἔλεγενδ
3580 2578 3652 2633 Ἦ
3676 2578 4055 2650 παραζηλοῦ-

2459 2692 2574 2743 μεν
2609 2674 2715 2727 τὸν
2767 2676 3019 2743 Κύριον;
3071 2674 3168 2741 Μὴ
3201 2676 3570 2743 ἰσχυρότεροι
3602 2674 3788 2731 αὐτοῦ
3823 2676 4016 2746 ἐσμεν
4028 2690 4052 2742 ;

2464 2768 2537 2820 Τὸ
2580 2767 2637 2819 δὲ
2678 2765 2873 2837 ζηλοῦν
2926 2765 3020 2819 τοῦ
3078 2752 3359 2836 βούλεσθαι
3392 2768 3484 2820 καὶ
3515 2767 3692 2838 ἑαυτῷ
3719 2767 3986 2840 ὑπάρχειν
4019 2765 4052 2822 ὃ

2463 2858 2671 2929 νομίζει
2703 2858 2779 2929 τῷ
2812 2849 2980 2922 πέλας
3015 2841 3291 2931 παρεῖναι,
3320 2857 3542 2927 ἀγαθόν.
3578 2856 3684 2914 Καὶ
3712 2860 3826 2913 ἔστι
3859 2860 3921 2914 τὸ
3946 2860 4051 2933 ζη-

782 2954 958 3008 stolus
1014 2954 1100 3009 his
1136 2955 1316 3009 verbis
1352 2974 1362 3009 :
1398 2954 1751 3008 zEmulantur
1806 2974 1895 3010 vos
1944 2974 2046 3011 non
2097 2958 2240 3022 bene,
2271 2952 2353 3013 sed

2460 2950 2583 3004 λοῦν
2612 2950 2800 3023 μέσοψ
2836 2950 3091 3015 πολλάκις
3112 2951 3242 3021 »γὰρ
3293 2951 3321 3004 6
3366 2949 3526 3021 ζῆλος
3564 2952 3692 3023 περὶ
3727 2944 3789 3005 οὗ
3825 2954 3854 3005 6
3880 2953 4051 3018 αὐτός

781 3044 1056 3099 excludere
1084 3062 1171 3100 vos
1207 3046 1468 3099 volunt“.
1508 3045 1713 3100 Invidia
1748 3064 1877 3101 sane
1909 3065 2184 3119 nunquam
2219 3051 2353 3105 bona

2432 3059 2654 3113 ε-φησιν·
2690 3041 3000 3121 Ζηλοῦσιν
3028 3040 3183 3122 ὑμᾶς
3214 3044 3286 3121 οὺ
3319 3041 3537 3107 καλῶς,
3568 3044 3703 3097 ἀλλ’
3737 3044 4048 3099 ἐκκλεῖσαι

782 3152 908 3192 esse
936 3145 1133 3206 queat;
1163 3151 1288 3189 nam
1323 3136 1478 3190 dolor
1495 3144 1579 3190 est
1606 3137 1672 3191 de
1701 3141 1977 3209 prosperis
2012 3142 2242 3209 proximi
2275 3159 2353 3198 re-

2461 3131 2614 3201 ὑμᾶς
2646 3131 3163 3195 θέλουσιν.Φθόνος
3204 3132 3303 3202 μὲν
3334 3128 3425 3188 οὖν
3454 3133 3552 3185 οὐκ
3586 3132 3885 3203 ἂννγένοιτό
3910 3151 4046 3188 ποτε

784 3228 1106 3283 bus:zelus
1155 3243 1286 3283 vero
1334 3229 1609 3282 interdum
1662 3231 1861 3296 bonus,
1898 3232 1975 3285 uti
2013 3234 2353 3290 tradidimus.

2460 3222 2692 3291 ἀγαθός·
2729 3223 2871 3295 λύπη
2899 3222 3007 3292 γάρ
3037 3225 3184 3301 ἐστιν
3240 3222 3333 3277 ἐπὶ
3384 3226 3449 3293 τῇ
3503 3222 3595 3276 τοῦ
3633 3224 3801 3288 πέλας
3832 3225 4041 3295 εὐπραα

785 3316 886 3372 Hic
920 3333 1121 3389 porro,
1153 3318 1452 3374 secundum
1504 3319 1781 3388 Aquilam,
1826 3338 1937 3375 non
1985 3323 2353 3379 dimicandum

2402 3335 2429 3395 3
2460 3308 2555 3379 γίᾳ
2574 3326 2585 3338 ·
2616 3309 2774 3380 ζῆλος
2814 3309 2873 3362 δέ
2908 3312 3055 3364 ἐστιν
3088 3312 3177 3363 ὅτε
3209 3311 3419 3379 γίνεται
3455 3312 3659 3381 ἀγαθὸς
3689 3312 3872 3377 καθὼς
3902 3316 4043 3369 ἀπο-

780 3422 904 3464 esse
929 3424 1051 3463 cum
1084 3410 1506 3481 malignantibus
1528 3420 1743 3479 monet;
1773 3414 2070 3469 secundum
2106 3414 2355 3487 Symma-

780 3500 967 3565 chum,
1002 3518 1109 3557 non
1146 3503 1523 3559 altercandum
1576 3521 1698 3559 eum
1731 3508 2356 3575 malelicis;secundum

777 3594 1026 3662 quintam
1062 3593 1378 3659 editionem,
1409 3611 1519 3650 non
1568 3597 1770 3651 irritari
1803 3606 2056 3667 oportere
2088 3615 2209 3660 cum
2239 3616 2355 3654 ma-

776 3685 1110 3758 lignantibus
1128 3705 1142 3754 ;
1163 3689 1460 3742 secundum
1481 3705 1611 3744 vero
1635 3689 1778 3744 LXX
1804 3711 1814 3744 :
1844 3690 1963 3745 Noli
1992 3693 2233 3747 aemulari
2260 3709 2354 3749 ne-

775 3792 884 3847 que
932 3779 1223 3844 concitari,
1255 3780 1301 3835 si
1346 3782 1481 3836 alios
1516 3783 1655 3836 male
1689 3786 1907 3853 agentes
1936 3785 2145 3849 videas,
2178 3801 2353 3857 neque

666 3930 669 3933 ,
776 3878 831 3924 te
856 3871 1132 3924 concitent
1166 3871 1398 3941 improbi
1436 3888 1694 3942 prospere
1726 3884 1968 3946 agentes,
2007 3885 2065 3930 ut
2113 3886 2171 3932 tu
2213 3894 2353 3949 quo-

777 3977 884 4031 que
938 3961 1074 4015 velis
1126 3977 1243 4016 rem
1292 3964 1431 4017 bene
1478 3981 1685 4035 gerere.
1729 3967 2028 4038 linamque
2056 3969 2110 4023 in
2140 3985 2198 4024 re
2227 3984 2352 4040 pro-

776 4066 937 4120 spera
989 4058 1043 4105 et
1085 4051 1141 4105 in
1192 4051 1406 4115 deliciis
1457 4065 1678 4122 agentes
1708 4063 1761 4111 te
1789 4055 2250 4128 instigant;attu
2284 4074 2350 4114 ne

774 4141 1050 4197 aemuleris
1084 4156 1262 4211 neque
1293 4144 1606 4207 COIlCllCI'iS,
1640 4147 1733 4200 sed
1768 4163 1943 4217 neque
1970 4149 2230 4204 zelaveris
2266 4148 2350 4203 fa-

774 4236 982 4292 cientes
1025 4224 1403 4306 iniquitatem;
1446 4252 1514 4291 ne
1554 4237 1740 4293 beatos
1771 4242 2033 4310 przediees
2067 4230 2211 4307 ilics,
2245 4258 2349 4297 neu

774 4340 931 4402 putes
960 4331 1015 4383 in
1045 4329 1204 4385 bonis
1232 4329 1441 4385 versari
1468 4348 1480 4383 :
1507 4345 1609 4385 nec
1648 4332 1767 4400 pari
1811 4333 1971 4387 modo
2009 4349 2122 4387 rem
2160 4348 2350 4405 gerere

772 4431 1022 4478 ρῐουιεε.

736 4604 737 4611 “
843 4598 1009 4659 Vilis.
1043 4599 1204 4655 2-9.
1258 4600 1521 4666 Quoniam
1578 4611 1831 4672 tanquam
1877 4601 2053 4669 fenum
2108 4602 2350 4657 velociter

2461 3396 2791 3470 δεδώκαμεν.
2837 3401 3096 3455 Ἐνταῦθα
3125 3402 3181 3475 δὲ
3209 3405 3237 3456 6
3264 3403 3419 3472 λόγος
3448 3404 3587 3457 κατὰ
3630 3406 3726 3475 μὲν
3750 3404 3842 3458 τὸν
3877 3406 4041 3461 ’Δκύ-

2459 3493 2556 3546 λαν
2606 3493 2680 3564 μὴ
2745 3494 3107 3566 διαμάχεσθαι
3149 3472 3221 3549 ’ὲν
3276 3472 3731 3569 πονηρευομένοις
3764 3501 4040 3571 παραινεῖ,

2460 3586 2596 3641 κατὰ
2643 3587 2700 3641 δὲ
2749 3587 3062 3661 Σύμμαχον,
3102 3590 3176 3661 μὴ
3209 3590 3531 3659 φιλονεικεῖν
3580 3591 3639 3663 ἐν
3687 3591 4039 3662 κακούργοις,

2458 3681 2598 3734 κατὰ
2640 3680 2695 3734 δὲ
2742 3681 2839 3752 τὴν
2882 3664 3139 3754 πέμπτην
3190 3683 3419 3746 ἔκδοσιν,
3476 3683 3549 3753 μὴ
3598 3683 3932 3755 ἐρεθίζεσθαι
3980 3686 4042 3739 ἐν

2458 3772 2935 3844 πονηρευομένοις-
2992 3772 3131 3826 κατὰ
3187 3772 3243 3825 δὲ
3292 3774 3419 3837 τοὺς
3479 3760 3898 3844 Ἑϐδομήκοντα·
3943 3775 4039 3844 Μὴ

2458 3840 2781 3935 παροξύνου,
2818 3864 2974 3933 φησὶ,
3008 3863 3141 3934 μηδὲ
3189 3863 3601 3935 ὲρεθίζουὸρῶν
3630 3840 3853 3933 ἐτέρους
3874 3840 4041 3936 πονηλ

2460 3956 2781 4027 ρευομένους
2798 3964 2812 3985 δ
2842 3952 2978 4026 μηδέ
3006 3973 3064 4008 σε
3094 3957 3459 4027 ὲγειρέτωσαν
3477 3955 3698 4027 εὐθηνού
3707 3973 3854 4027 μενοι
3876 3957 4039 4011 κακοὶ

2456 4049 2547 4101 ἐπὶ
2572 4034 2631 4100 τὸ
2665 4048 2758 4100 καὶ
2784 4045 2988 4100 ἐθέλειν
3020 4047 3219 4117 ὁμοίως
3249 4048 3433 4111 αὐτοῖς
3455 4049 3769 4117 εὐπραγεῖν.
3808 4048 4038 4103 Ἐκεῖνοι

2459 4139 2555 4208 μὲν
2593 4136 2701 4209 γὰρ
2734 4135 3114 4208 εὐθηνούμενοι
3164 4138 3257 4191 καὶ
3310 4136 3618 4209 τρυφῶντες
3665 4136 4038 4208 παραζηλοῦσί

2458 4246 2548 4282 σε’
2587 4229 2649 4281 σὺ
2681 4216 2737 4279 δὲ
2770 4227 2843 4299 μὴ
2878 4227 3194 4303 παραζήλου
3224 4228 3358 4299 μηδὲ
3385 4225 3716 4297 παροξύνουο
3740 4226 3876 4280 ἀλλὰ
3900 4226 4037 4298 μηδὲ

2457 4318 2617 4391 ζήλου
2635 4320 2758 4382 τοὺς
2774 4319 3057 4384 ποιοῦντας
3084 4322 3331 4393 ἀνομίαν,
3360 4319 3493 4390 μηδὲ
3519 4318 3790 4389 μακάριζε
3816 4320 4032 4387 αὐτοὺς,

2456 4413 2546 4466 καὶ
2572 4414 2628 4464 ὲν
2655 4408 2877 4481 ἀγαθοῖς
2921 4409 3059 4467 εἶναι
3104 4412 3289 4485 νόμιζε
3308 4429 3320 4441 ·
3366 4410 3486 4475 μηδ’
3518 4408 3677 4481 εὔχου
3711 4412 3805 4465 καί¹
3838 4410 4034 4467 σαυτὸν

2454 4504 2651 4577 ὁμοίως
2684 4506 3170 4581 αὐτοῖςἯράττειν.

2530 4599 2656 4652 ’Ὁτι
2703 4598 2843 4653 ὡσεί
2913 4600 3117 4668 χόρτος
3202 4597 3348 4666 ταχὺ
3406 4596 4025 4666 ἀποξηρανθήσονται.

772 4699 1030 4746 arescent.
1102 4690 1307 4748 Deinde
1378 4709 1601 4748 causam
1664 4696 1871 4766 aperit,
1951 4696 2171 4762 dicens,
2227 4698 2353 4767 quia

2402 4704 2429 4757 υ
2456 4687 2590 4744 Εἶτα
2616 4691 2713 4761 τὴν
2746 4684 2923 4743 αἰτίαν
2950 4689 3209 4751 διδάσκει,
3235 4687 3426 4755 λέγων,
3456 4688 3537 4739 ὅτι.
3569 4688 3630 4739 τὸ
3656 4688 3808 4750 τέλος
3850 4687 4027 4743 αὐτῶν

770 4783 898 4838 ﬁnis
944 4784 1160 4838 illorum
1206 4786 1352 4850 talis,
1408 4787 1586 4854 qualis
1640 4786 1749 4843 feni
1805 4789 1984 4844 exitus
2023 4797 2141 4855 est;
2200 4789 2346 4858 quod

2452 4784 2687 4838 τοιοῦτον
2712 4786 2880 4847 ἐστιν,
2908 4786 3089 4837 ὁποῖον
3117 4781 3176 4834 τὸ
3214 4780 3305 4833 τοῦ
3334 4779 3526 4865 χόρτου
3544 4797 3556 4809 ·
3595 4780 3653 4843 ὃς
3684 4780 3820 4852 πρὸς
3852 4779 4029 4848 ὀλίγον

769 4888 896 4928 cum
945 4872 1339 4943 aliquantisper
1378 4874 1640 4939 ﬂoruerit,
1671 4877 1930 4931 velociter
1956 4875 2171 4931 arescit.
2206 4872 2344 4927 Nam

2452 4878 2891 4949 ἀνθήσας,·ταχὺ
2953 4874 3396 4946 ἀποξηραίνεται.
3459 4872 3633 4927 Πᾶσα
3702 4874 3811 4946 γὰρ
3871 4875 4027 4944 σὰρξ

769 4968 942 5022 omnis
970 4983 1099 5020 caro
1124 4966 1323 5034 fenum,
1354 4977 1401 5021 et
1429 4969 1598 5021 omnis
1624 4970 1798 5039 gloria
1827 4970 1938 5039 ejus
1962 4970 2113 5040 quasi
2142 4970 2240 5037 ﬂos
2267 4967 2343 5037 {e-

769 5061 844 5115 ni.
885 5059 1229 5115 Exsiccatum
1278 5072 1354 5114 est
1410 5062 1607 5126 fenum,
1655 5070 1705 5114 et
1755 5063 1855 5130 ﬂos
1907 5062 2179 5119 decidit“.
2234 5061 2341 5117 Sed

765 5153 957 5216 etiam,
990 5152 1430 5223 quemadmodum
1464 5152 1610 5206 olera
1640 5144 1919 5210 herbarum
1946 5156 2051 5209 cito
2081 5153 2338 5209 decident.

769 5243 849 5300 Ne
899 5245 1118 5314 quidem
1164 5243 1311 5313 digni
1356 5254 1483 5299 sunt
1531 5246 1623 5316 qui
1664 5245 1905 5301 oleribus
1932 5246 1986 5300 in
2019 5261 2152 5317 agro
2180 5247 2343 5300 cultis

769 5346 1173 5408 comparentur.
1205 5336 1335 5404 Quae
1366 5353 1529 5393 causa
1558 5338 1726 5409 igitur
1761 5340 1847 5391 est
1876 5353 1975 5391 cur
1996 5324 2091 5397 eos
2119 5338 2343 5393 aemule-

767 5448 913 5496 mur,
948 5431 1041 5502 qui
1073 5446 1195 5485 cum
1231 5432 1379 5487 brevi
1406 5440 1647 5502 tempore
1672 5431 1977 5493 ﬂoruerint,
2008 5446 2130 5486 cras
2161 5433 2213 5484 in
2238 5430 2339 5484 cli-

768 5520 971 5577 banum
1020 5520 1324 5585 mittentur,
1358 5528 1417 5574 ut
1464 5521 1623 5575 docet
1670 5512 2021 5575 Salvator"?
2074 5520 2239 5591 Spera
2284 5522 2339 5574 in

756 5602 1015 5677 Domino,
1048 5623 1097 5667 et
1127 5614 1213 5682 [ac
1235 5613 1543 5677 bonitatem,
1568 5624 1616 5668 et
1646 5614 1884 5667 inhabita
1914 5623 2129 5679 terram,
2159 5624 2208 5669 et
2241 5632 2339 5684 pa-

764 5707 925 5761 sceris
952 5708 1007 5760 in
1034 5707 1231 5761 divitiis
1261 5708 1393 5776 ejus.
1432 5706 1704 5761 Delectare
1730 5706 1783 5760 in
1821 5705 2063 5774 Domino,
2094 5719 2144 5763 et
2186 5708 2337 5764 dabit

2447 4971 2678 5040 χόρτος,
2710 4970 2809 5022 καὶ
2849 4965 3016 5023 πᾶσα
3042 4965 3193 5031 δόξα
3234 4965 3425 5034 αὐτῆς
3457 4967 3538 5032 ὡς
3562 4964 3746 5031 ἄνθος
3786 4966 4022 5035 κόρτου.

2461 5050 2785 5130 Ἐξηράνθη
2804 5064 2836 5115 ό
2856 5058 3203 5131 χόρτος,καί
3231 5057 3295 5111 τὸ
3324 5058 3507 5119 ἄνθος
3522 5056 3833 5137 ἐξέπεσεν.
3865 5057 4027 5113 Ἀλλὰ

2446 5154 2559 5215 καὶ,
2582 5153 2725 5207 ὡσεὶ
2744 5142 2983 5223 λάχανα
3003 5148 3192 5221 χλόης
3221 5149 3372 5220 ταχὺ
3400 5146 3847 5205 ἀποπεσοῦνται
3868 5168 3881 5182 ·
3906 5152 4024 5205 οὐδὲ

2447 5245 2877 5317 γεωργουμένοις
2921 5244 3171 5315 λαχάνοις
3212 5240 3350 5309 ἄξιοί
3399 5243 3504 5295 είσι
3557 5242 4019 5315 παραϐάλλεσθαι.

2448 5337 2512 5389 Τί
2531 5334 2624 5391 οὖν
2653 5337 2801 5405 ἄξιον
2826 5334 3020 5407 ζηλοῦν
3046 5330 3287 5401 τούτους,
3312 5336 3360 5388 οἳ
3386 5335 3522 5408 πρὸς
3552 5333 3730 5405 ὀλίγον
3755 5336 4023 5405 ἀνθήσαν-

2444 5446 2553 5493 τες,
2607 5421 2793 5503 αὔριον
2848 5433 2928 5495 είς
2984 5428 3234 5485 κλίὸανον
3284 5429 3584 5501 βάλλονται.
3607 5430 3681 5494 ὡς
3731 5428 4021 5493 ἐδίδαξενό

2446 5522 2664 5595 Σωτήρ;
2698 5526 2992 5579 Ἕλπισον
3019 5522 3120 5577 ἐπί
3164 5519 3405 5593 Κύριον,
3446 5524 3543 5576 καί
3579 5523 3732 5576 ποίει
3763 5519 4021 5590 χρηστό-

2442 5631 2607 5682 τητα,
2651 5618 2747 5670 καὶ
2788 5616 3176 5686 κατασκήνου
3212 5616 3329 5685 τὴν
3358 5614 3495 5687 γῆν,
3513 5614 3612 5669 καί
3638 5606 4016 5681 ποιμανθήσ

2440 5704 2537 5764 ἐπὶ
2571 5700 2661 5776 ’τῷ
2711 5711 2952 5778 πλούτῳ
2992 5708 3197 5780 αὐτῆς.
3246 5711 3718 5783 Κατατρύςρησον
3754 5704 3863 5761 τοῦ
3911 5709 4029 5757 Κυ-

835 5888 884 5919 ⁶⁵
918 5886 1074 5942 De‘ut.
1106 5901 1291 5956 ιιιχιι,
1322 5888 1434 5943 2i.
1491 5890 1538 5923 σι
1576 5887 1596 5943 l
1625 5864 1751 5946 Cor.
1786 5906 1816 5945 ι
1836 5932 1853 5961 ,
1888 5888 1977 5947 22.
2057 5889 2295 5949 "Galat.
2329 5908 2353 5949 r

2402 5932 2416 5957 ν
2453 5890 2540 5947 17.
2587 5891 2662 5941 ."
2700 5888 2805 5951 lsa.
2840 5906 2942 5957 XL,
2978 5891 3031 5947 6.
3111 5891 3154 5923 ⁸⁷
3194 5888 3382 5949 Matth.
3416 5902 3499 5952 Vl,
3529 5885 3617 5979 ὅθ.
