4354 6458
358 489 467 545 325

1424 572 1427 573 ν
1476 489 1979 547 COMMENTARIA
2020 492 2085 546 IN
2126 493 2464 553 PSALMOS.

3480 514 3590 568 3‘26

350 604 624 678 ρίου,και
652 603 772 670 δῴη
794 618 891 657 σοι
913 601 1108 656 πάντα
1139 602 1210 656 τὰ
1237 602 1525 673 αἰτήματα
1548 607 1660 673 τῆς
1689 608 1933 676 καρδίας
1962 620 2005 671 Α
2038 613 2069 663 ti

1862 626 1933 674 ac
1962 620 2005 671 Α
2038 611 2149 663 tibi»
2170 628 2345 665 omnes
2372 615 2649 680 petitiones
2680 617 2854 681 cordis
2891 618 2988 672 tui.
3023 619 3309 691 Postquam
3342 629 3580 697 superiov

354 713 493 752 σου.
536 694 907 766 ’Δποστρέψας
938 692 1031 746 τοῦ
1063 691 1225 764 ζήλου
1249 694 1374 755 ,τῶν
1416 698 1666 768 πονηρῶν
1699 697 1785 750 διὰ
1820 699 1929 753 τῶν

354 787 607 859 πρώτων,
640 784 800 848 εὐθὺς
832 789 900 837 ὲκι
923 774 1282 856 παραλλήλου
1313 786 1411 857 τὴν
1456 788 1622 859 ὀρθὴν
1652 790 1743 842 καὶ
1780 790 1930 861 βασι-

354 876 511 949 λικὴν
538 876 654 931 ὁδὸν
691 875 893 945 τίθησι,
927 874 1139 938 δεικνὺς
1171 874 1360 929 ὁποίαν
1397 877 1500 947 χρὴ
1545 878 1803 948 βαδίζειν.
1841 883 1929 936 Διό

354 986 547 1040 φησιν·
585 968 731 1019 Ἀνω
770 965 954 1035 βλέπε,
1001 959 1046 1018 ὦ
1089 959 1261 1028 οὗτος,
1298 966 1514 1036 ἀφορῶν
1557 970 1633 1031 εἰς
1686 970 1775 1023 τὸν
1822 972 1928 1025 τῶν

352 1061 488 1114 ὅλων
519 1060 877 1131 κυϐερνήτην,
924 1059 1017 1110 καὶ
1067 1058 1228 1110 αὐτὸν
1263 1059 1488 1112 σεαυτοῦ
1542 1061 1726 1115 ἐλπίδα
1769 1064 1929 1134 θέμε-

351 1164 458 1212 νος·
479 1148 667 1229 θάρσεέ,
688 1148 763 1211 ὡς
791 1148 880 1201 ἐπὶ
915 1147 1154 1217 μεγάλην
1181 1148 1427 1219 ἄγκυραν
1451 1151 1800 1223 ἡδρασμένος.
1820 1157 1929 1207 Καὶ

251 1278 260 1286 -
349 1241 419 1293 τά
456 1242 554 1312 μὲν
582 1242 680 1312 τῆς
708 1240 947 1302 διανοίας
1002 1256 1094 1291 σου
1140 1239 1343 1311 ταύτην
1372 1242 1540 1311 ἐχέτω
1582 1243 1679 1314 τὴν
1706 1244 1922 1297 ὲλπίδα·

346 1336 467 1396 ταῖς
513 1333 569 1385 δὲ
621 1332 880 1402 πράξεσιν
917 1328 1148 1402 ἐργάζου
1198 1332 1295 1385 καί
1340 1334 1493 1387 ποίει
1527 1339 1924 1405 χρηστότητα,

348 1423 548 1477 ὡσανεί
599 1424 831 1493 σπόρους
862 1421 1041 1491 σαυτῷ
1075 1420 1403 1492 βαλλόμενος
1431 1424 1536 1492 ἔτις’¹
1560 1426 1734 1496 ἀγαθῇ
1792 1445 1925 1499 καρ-

348 1511 467 1565 πῶν
498 1511 816 1583 συγκομιδῇ.
856 1510 1039 1564 Ταῦτα
1084 1510 1140 1563 δὲ
1181 1511 1250 1565 τὰ
1283 1510 1374 1563 δύο
1416 1514 1775 1583 κτησάμενος,
1815 1535 1925 1587 μη-

346 1603 465 1657 κέτι
494 1604 617 1675 περί
633 1621 774 1666 τινος
795 1602 1023 1671 ἀγωνία.
1044 1600 1443 1670 Κατασκήνου
1468 1602 1581 1670 τὴν
1604 1602 1719 1671 γῆν
1732 1606 1764 1656 ἀ
1772 1623 1836 1675 με
1846 1608 1924 1678 ρί-

349 1714 517 1767 μνως,
547 1697 641 1750 καὶ
678 1697 774 1768 τὴν
810 1695 1141 1767 πρόσκαιρον
1181 1695 1406 1765 ταυτηνὶ
1450 1694 1612 1766 ζωὴν,
1644 1695 1830 1769 ὥσπερ
1862 1700 1921 1753 ὲν

348 1792 542 1861 σκηνῇ,
576 1789 710 1862 πρὸς
750 1788 927 1857 ὀλίγον
985 1788 1156 1851 ἑστὼς
1211 1788 1383 1856 δίαγε.
1422 1788 1775 1861 Ποιμανθήσῃ
1812 1790 1919 1862 γὰρ

343 1882 498 1952 δίκην
522 1881 842 1953 ’θρέμματος
884 1878 1088 1949 ἀγαθοῦ
1125 1878 1228 1931 ὑπὸ
1274 1877 1490 1948 ποιμένι
1524 1876 1670 1948 καλῴ
1701 1895 1919 1949 ποιμαι-

342 2064 515 2137 ψυχῆς
570 2064 816 2127 πλοῦτος,
862 2064 889 2114 ὁ
933 2064 989 2115 ὲν
1031 2060 1193 2125 θείοις
1248 2060 1481 2132 δόγμασι
1522 2060 1615 2112 καὶ
1653 2063 1763 2124 τοῖς
1804 2060 1913 2114 τῶν

344 2158 505 2211 θείων
528 2154 974 2227 ἀναγνωσμάτων
1011 2153 1319 2225 μαθήμασι,
1340 2150 1542 2204 τούτων
1570 2151 1912 2216 ἀπολαύσεις,

347 2242 487 2295 ὥστε
536 2242 738 2312 λέγειν·
774 2243 989 2311 Κύριος
1016 2241 1312 2310 ποιμαίνει
1346 2256 1442 2309 με,
1479 2240 1575 2293 καὶ
1622 2240 1802 2293 οὐδέν
1840 2259 1917 2310 με·

348 2332 687 2404 ὑστερῆσαι.
711 2334 875 2405 Οὐδὲν
906 2333 1013 2406 γάρ
1038 2350 1096 2387 σε
1120 2334 1406 2405 ὑπερήσει
1426 2335 1841 2403 ποιμαινόμενω
1857 2336 1914 2387 ὲν

347 2425 425 2497 τῷ
436 2426 649 2498 πλούτῳ
677 2425 769 2479 τοῦ
798 2425 962 2480 καλοῦ
1010 2424 1284 2496 ποιμένος,
1313 2424 1390 2495 τῷ
1420 2424 1775 2497 δεδωρημένῳ
1801 2429 1914 2490 τοῖς

343 2518 422 2571 ἔτι
449 2520 541 2573 ἐπὶ
572 2511 674 2591 γῆς
709 2517 1145 2591 ποιμαινομένοις
1170 2517 1496 2590 ἀνθρώποις.
1539 2506 1681 2572 Ἀντὶ
1717 2520 1771 2572 δὲ
1794 2519 1911 2582 τοῦ,

337 2611 449 2666 Kal
471 2596 848 2679 ποιμανθήσῃ
863 2609 961 2662 ἐπὶ
977 2604 1055 2675 τῳ
1068 2611 1307 2673 πλούτῳ
1330 2609 1537 2679 αὐτῆς,
1555 2612 1582 2663 6
1598 2611 1667 2663 Σύ
1678 2629 1714 2680 μ
1721 2628 1909 2681 μαχος,

338 2701 449 2756 Kal
493 2701 809 2769 ποιμαίνου
836 2699 1144 2769 διηνεκῶς,
1177 2699 1467 2766 ἐξέδωκεν·
1500 2702 1529 2753 6
1567 2701 1631 2753 δὲ·
1660 2701 1908 2767 Ἀκύλας,

338 2792 449 2848 Kal
478 2790 661 2862 νέμον
692 2792 917 2844 πίστιν.
950 2786 1062 2844 Εἶθ’
1099 2781 1285 2864 ὥσπερ
1325 2792 1430 2847 τῶν
1465 2792 1909 2864 πονηρευομένων

338 2885 558 2940 καὶτῶν
572 2883 864 2938 ποιούντων
884 2882 981 2954 τὴν
1004 2884 1229 2954 ἀνομίαν
1249 2884 1530 2958 ὑπέγραψε
1551 2885 1609 2942 τὸ
1628 2884 1798 2949 τέλος,
1814 2883 1907 2938 οὖ-

335 2994 443 3039 τως
462 2976 557 3029 καὶ
587 2974 669 3028 σοὶ
683 2975 760 3047 τῷ
782 2974 1049 3039 ἐλπίζοντι
1079 2975 1170 3027 ἐπὶ
1198 2974 1286 3027 τὸν
1319 2974 1521 3047 Κύριον
1553 2976 1646 3029 καὶ
1668 2975 1908 3029 ποιοῦντι

336 3067 675 3141 χρηστότητα
689 3066 860 3121 ὁπόσα
881 3066 1107 3138 ὑπάρξει
1124 3066 1301 3135 ἀγαθά
1312 3067 1741 3138 καταριθμεῖται.
1760 3069 1910 3139 Πρῶ-

334 3180 425 3217 τον
461 3163 557 3234 μὲν
591 3160 699 3232 γὰρ
727 3162 1069 3234 ποιμανθήσῃ
1101 3161 1192 3215 ἐπὶ
1223 3159 1301 3232 τῷ
1334 3160 1546 3232 πλούτῳ
1572 3161 1649 3233 τῷ
1675 3161 1908 3234 ἀληθινῷ

331 3254 427 3309 τοῦ
479 3253 646 3330 καλοῦ
698 3255 983 3326 ποιμένος·
1014 3254 1296 3327 δεύτερον,
1329 3256 1762 3327 κατατρυφήσεις
1812 3254 1933 3329 τοῦ.

2032 702 2183 756 ribus
2230 702 2389 757 dictis
2425 704 2494 758 ab
2536 706 2879 762 aemulatione
2913 709 3281 778 improborum
3330 730 3591 773 avocare»

1984 820 1985 825 η
2030 794 2333 869 rat,statim
2363 811 2429 849 ex
2462 795 2713 865 Opposito
2742 806 2945 852 rectam
2971 800 3278 875 regiamque
3296 806 3437 860 viam
3464 825 3588 878 pro-

2031 882 2200 950 ponit,
2257 883 2507 939 indicans
2557 901 2665 953 qua
2709 887 2779 940 sit
2823 887 3199 944 incedendum.
3248 894 3590 967 QuaprOpter

2029 972 2101 1023 ait
2129 991 2142 1025 :
2167 971 2309 1027 Heus
2342 981 2421 1038 tu,
2444 988 2661 1029 sursum
2713 978 2913 1045 aspice,
2945 993 3009 1033 ac
3059 984 3436 1039 universorum
3470 1004 3588 1043 mo-

2027 1061 2330 1116 deratorem
2378 1063 2613 1125 intuere,
2673 1072 2834 1135 atque
2882 1068 3059 1137 ipsum
3114 1086 3263 1139 spem
3317 1078 3590 1135 constitue

2028 1162 2176 1205 tuam
2204 1168 2218 1204 :
2244 1152 2390 1205 bono
2423 1153 2606 1207 animo
2634 1162 2774 1218 esto,
2810 1166 2868 1210 ut
2900 1173 3093 1230 magna
3122 1165 3360 1219 anchora
3407 1168 3589 1224 ﬁrma-

2024 1249 2133 1297 tus.
2168 1241 2234 1295 Et
2264 1251 2443 1298 mente
2472 1243 2686 1319 quidem
2716 1262 2866 1314 spem
2896 1249 3056 1303 talem
3088 1253 3303 1321 capias;
3330 1258 3588 1325 operibus

2026 1341 2214 1389 autem.
2228 1349 2523 1405 exsequere
2560 1336 2725 1407 etfac
2755 1337 3072 1404 bonitatem;
3101 1353 3159 1397 ut
3197 1346 3264 1400 iis
3296 1362 3397 1401 ceu
3423 1349 3587 1417 jactis

2024 1426 2122 1480 tibi
2149 1428 2468 1491 seminibus,
2498 1430 2735 1499 opimam
2766 1432 3038 1487 fructuum
3062 1437 3268 1506 c0piam
3294 1441 3583 1510 percipias.

2024 1516 2294 1573 Horumce
2326 1534 2488 1588 porro
2517 1520 2747 1575 duorum
2796 1525 3022 1593 petitus,
3058 1543 3124 1581 ne
3176 1529 3312 1581 ultra
3344 1530 3411 1584 de
3449 1548 3586 1601 quo-

2019 1612 2162 1679 piam
2190 1611 2386 1665 anxius
2408 1620 2547 1675 esto,
2572 1613 2809 1666 innabita
2833 1626 3023 1694 terram
3049 1619 3165 1672 sine
3194 1620 3580 1689 sollicitudine,

2020 1716 2083 1754 ac
2113 1710 2514 1770 temporaneam
2545 1702 2749 1758 hancce
2775 1706 2961 1770 vitam,
2987 1710 3143 1777 quasi
3172 1711 3227 1763 in
3264 1713 3582 1769 tabernacu-

2018 1792 2091 1859 lo,
2117 1792 2271 1847 brevi
2305 1794 2492 1864 exigas
2529 1814 2540 1847 :
2571 1796 2769 1850 etenim
2819 1797 2991 1852 instar
3041 1800 3194 1854 bona:
3232 1802 3456 1871 pecudis
3482 1810 3581 1860 cu-‘

2016 1892 2172 1940 rante
2202 1886 2346 1941 bono
2373 1894 2592 1957 pastore
2623 1890 2881 1956 pasceris.
2905 1890 3037 1944 Nam
3071 1893 3114 1948 si
3140 1909 3258 1962 quae
3278 1896 3460 1949 insunt
3480 1896 3580 1950 ho-

238 2046 241 2047 ν
343 1974 586 2045 νόμενος.
616 1974 680 2026 Εἰ
720 1972 829 2043 γάρ
876 1970 960 2034 τίς
1012 1972 1157 2023 ἐστιν
1206 1972 1262 2022 ὲν
1305 1967 1611 2040 ἀνθρώποις
1663 1968 1957 2054 ἀληθινὸς]

1857 1971 1911 2033 ὺς
1941 2000 1983 2054 Β
2011 1977 2259 2047 minibus
2280 1994 2420 2033 vera:
2448 1974 2858 2048 animi‘divitiae,
2887 1998 3008 2052 qua:
3040 1983 3096 2038 in
3125 1985 3323 2039 divinis
3355 1987 3576 2057 dogma-

2014 2068 2162 2124 tibus
2212 2076 2266 2124 et
2313 2058 2514 2125 divinis
2546 2070 2871 2126 lectionibus
2906 2080 3242 2149 spectantur,
3271 2076 3336 2131 iis
3380 2076 3577 2135 frueris

2014 2162 2088 2214 ita
2116 2167 2176 2215 ut
2204 2160 2358 2217 dicas
2383 2181 2396 2217 :
2424 2162 2680 2218 Dominus
2711 2164 2880 2231 pascit
2911 2182 2991 2219 me
3029 2174 3079 2220 et
3109 2168 3240 2221 nihil
3282 2169 3407 2223 mihi
3458 2170 3578 2227 dee-

2014 2254 2084 2305 rit
2107 2253 2171 2308 ⁸⁸.
2197 2252 2342 2307 Nihil
2384 2255 2586 2326 quippe
2634 2254 2808 2310 deerit
2841 2257 2958 2321 tibi,
2993 2260 3039 2312 si
3074 2261 3125 2312 in
3161 2260 3290 2315 boni
3342 2265 3577 2331 pastoris

1973 2396 1977 2398 _
2014 2345 2215 2400 divitiis
2245 2348 2509 2416 pascaris,
2544 2365 2666 2419 quae
2688 2356 2983 2419 erogantur
3009 2352 3315 2408 hominibus
3346 2355 3399 2409 in
3432 2362 3575 2413 terra

2013 2438 2392 2509 pascentibus._
2416 2437 2523 2493 Pro
2559 2440 2651 2494 illo
2681 2450 2859 2496 autem
2894 2460 2920 2506 ε,
2938 2440 3006 2495 Et
3035 2447 3266 2513 pasceris
3296 2447 3351 2499 in
3378 2446 3573 2502 divitiis

2011 2528 2146 2597 ejus,
2181 2530 2539 2601 Symmachus
2577 2551 2589 2586 :
2622 2531 2690 2585 Et
2716 2549 2928 2602 pascere
2974 2536 3211 2601 assidue;
3243 2538 3433 2607 Aquila
3463 2558 3475 2593 :
3506 2538 3575 2593 Et

2007 2636 2220 2689 pascere
2258 2622 2379 2692 fide,
2414 2624 2720 2680 ediderunt.
2757 2626 2871 2682 Sub
2921 2629 3034 2683 haec
3083 2638 3283 2694 autem,
3313 2633 3574 2701 quemad-

2008 2715 2228 2768 modum
2257 2716 2626 2783 improborum
2672 2726 2726 2771 et
2768 2708 3109 2789 operantium
3144 2716 3481 2793 iniquitatem
3510 2725 3574 2778 ll-

2009 2822 2130 2861 nem
2181 2806 2503 2877 descripsit;
2555 2810 2634 2863 sic
2683 2819 2882 2879 quanta
2915 2812 3010 2866 tibi
3045 2814 3097 2865 in
3133 2812 3417 2869 Dominum
3450 2832 3572 2885 spe-

2007 2895 2174 2969 ranti,
2214 2911 2277 2951 ac
2326 2897 2622 2953 bonitatem
2669 2897 2889 2953 facienti
2938 2911 3198 2956 eventura
3251 2904 3391 2957 bona
3437 2905 3568 2971 sint,

2008 2997 2309 3045 enumerat.
2336 2989 2469 3045 Nam
2502 2992 2679 3061 primo
2708 2992 2761 3047 in
2784 2994 2929 3049 veris
2954 2995 3081 3048 boni
3111 3000 3345 3064 pastoris
3368 2997 3572 3054 divitiis

2011 3084 2286 3152 pasceris;
2326 3084 2587 3148 secundo,
2625 3077 2979 3140 delectaberis
3004 3086 3057 3139 in
3089 3087 3347 3154 Domino;
3389 3089 3569 3155 tertio,

1959 3228 1962 3236 λ
2009 3176 2158 3229 dabit
2206 3176 2301 3230 tibi
2344 3177 2631 3246 petitiones
2667 3176 2849 3233 cordis
2878 3178 2974 3232 tui.
3008 3176 3270 3233 Delectari
3305 3187 3482 3234 autem
3514 3182 3570 3238 in

2010 3264 2240 3320 Domino
2290 3267 2511 3331 valebit,
2564 3266 2812 3337 quisquis
2872 3268 3064 3322 animae
3120 3269 3370 3324 sensibus
3420 3273 3571 3339 puris

330 3346 558 3418 Κυρίου·
593 3347 685 3400 καὶ
716 3347 919 3417 τρίτον,
940 3346 1100 3400 δώσει
1128 3364 1209 3400 σοι
1238 3346 1307 3399 τὰ
1340 3348 1615 3429 αἰτήματα
1647 3349 1745 3418 τῆς
1769 3365 1904 3418 καρ-
1930 3350 1971 3407 C
2006 3372 2049 3425 pl

1851 3365 1904 3418 ρ-
1930 3350 1971 3407 C
2006 3357 2358 3426 purgatisque
2391 3356 2572 3429 fuerit,
2601 3358 2674 3410 ita
2704 3368 2759 3411 ut
2790 3355 2983 3428 panem
3024 3358 3206 3413 vivum
3239 3374 3300 3413 ac
3328 3359 3570 3415 viviﬁcas

330 3439 451 3502 δίας
479 3455 596 3493 σου.
624 3439 989 3510 Κατατρυφᾷν
1011 3439 1067 3491 δὲ
1093 3436 1187 3509 τοῦ
1213 3423 1417 3508 Κυρίου
1446 3438 1730 3509 δυνήσεται
1753 3438 1780 3489 6
1805 3438 1904 3510 τῆς

332 3530 510 3601 ψυχῆς
565 3528 629 3599 τά
682 3529 1010 3600 αἰσθητήρια
1074 3526 1560 3598 κεκαθαρισμένος,
1610 3529 1686 3592 ὡς
1747 3528 1905 3581 δύνα-

300 3684 303 3685 ν
334 3620 456 3675 σθαι
478 3618 673 3673 ἐσθίειν
699 3620 788 3673 τὸν
810 3618 985 3684 ζῶντα
1006 3618 1167 3691 ἄρτον
1192 3620 1285 3671 καὶ
1309 3618 1406 3682 τὰς
1431 3619 1719 3684 ζωοποιοῦς
1738 3619 1900 3672 αὐτοῦ

333 3715 564 3785 σάρκας,
593 3711 766 3765 πίνειν
802 3728 863 3764 τε
904 3709 964 3764 τὸ
1007 3712 1270 3782 σωτήριον
1297 3709 1461 3763 αὑτοῦ
1494 3704 1650 3780 αἷμα.
1680 3711 1901 3774 Τούτοις

328 3804 669 3879 τρεφόμενος
700 3803 793 3858 καὶ
835 3802 1195 3872 πιαινόμενος,
1221 3803 1318 3874 τῆς
1355 3801 1534 3855 ἐνθέου
1573 3801 1740 3872 μέθης
1766 3804 1899 3855 ἀπο-

328 3894 525 3952 λαύων·
546 3893 1016 3962 Κατατρύφησον
1030 3891 1134 3945 τοῦ
1147 3888 1387 3961 Κυρίου,
1416 3891 1510 3959 καὶ
1524 3890 1697 3945 δώσει
1715 3907 1809 3944 σοι
1821 3893 1898 3947 ’τὰ

2005 3464 2201 3504 carnes
2231 3450 2350 3519 ejus
2383 3450 2544 3504 edere
2572 3450 2765 3519 possit,
2797 3465 2860 3505 ac
2904 3451 3197 3504 salutarem
3238 3451 3355 3519 ejus
3388 3452 3571 3507 bibere

2006 3524 2343 3607 sanguinem.
2377 3538 2473 3593 llis
2517 3541 2789 3593 enutritus
2838 3546 2892 3592 et
2945 3530 3333 3608 impinguatus,
3386 3541 3568 3594 divina

2004 3627 2190 3681 fruens
2218 3629 2479 3682 ebrietate
2514 3628 2829 3681 :‘Delectare
2857 3629 2911 3681 in
2945 3627 3188 3691 Domino,
3221 3639 3270 3682 et
3295 3628 3443 3682 dabit
3468 3629 3569 3685 tibi

2001 3719 2272 3786 petitiones
2298 3716 2474 3771 cordis
2509 3718 2605 3773 tui.
2637 3715 2756 3771 Jam
2784 3719 2926 3772 enim
2970 3718 3060 3772 ille
3096 3734 3310 3788 quoque
3336 3719 3568 3773 delecta-

2002 3809 2167 3872 bitur,
2194 3809 2337 3878 quod
2362 3809 2642 3879 percupiat
2676 3817 2734 3863 ut
2761 3809 2863 3879 ipsi
2890 3817 2943 3864 te
2966 3810 3153 3867 dedas.
3184 3810 3402 3866 Pustula
3437 3811 3565 3865 item

2002 3900 2071 3953 ab
2115 3915 2181 3954 eo
2235 3907 2292 3953 ut
2340 3915 2403 3954 ea
2447 3916 2567 3971 qua
2597 3901 2779 3955 futura
2813 3909 3100 3971 exspectas
3130 3902 3271 3956 dona
3308 3904 3561 3972 'ccipias.

327 3986 619 4057 αἰτήματα
644 3985 755 4055 τῆς
781 3985 1023 4054 καρδίας
1055 4000 1188 4039 σου.
1224 3986 1364 4055 Ἤδη
1394 3970 1490 4054 μὲν
1518 3984 1625 4054 γάρ
1649 3980 1896 4036 ἐντεῦθεν
1998 3988 2044 4041 Ν

1852 4001 1896 4036 εν
1998 3988 2132 4043 Nam
2172 3991 2263 4060 qui
2293 3986 2578 4062 praesentia
2613 3992 2813 4047 aﬂ‘atim
2836 3970 3100 4063 elargitus
3131 4002 3233 4059 est,
3263 4010 3326 4048 ea
3352 3970 3571 4049 obtine-

327 4067 755 4151 κατατρυφήσει,
789 4076 1048 4147 ἐθελήσας
1095 4093 1153 4128 σε
1201 4076 1361 4129 αὐτὸν
1414 4075 1685 4129 ἐπιδοῦναι
1726 4075 1892 4146 αὐτῷ.

327 4168 475 4224 Aius
527 4168 584 4222 δὲ
636 4168 797 4221 αὑτὸν
837 4169 929 4219 καὶ
954 4166 1022 4219 τὰ
1055 4166 1335 4237 μέλλοντα,
1369 4161 1773 4242 ὦννπροσδοκᾷς
1797 4169 1894 4236 τὴν

1960 4088 1965 4091 ’
1999 4081 2077 4135 bit
2117 4098 2237 4152 qua).
2281 4100 2373 4137 nec
2420 4083 2601 4137 oculus
2632 4084 2781 4149 uidit,
2816 4102 2906 4139 nec
2955 4087 3103 4140 auris
3136 4086 3355 4150 audivit,
3390 4102 3481 4139 nec
3508 4087 3565 4140 in

1942 4239 1947 4243 _
2000 4190 2090 4228 cor
2118 4175 2412 4230 hominibus
2446 4177 2761 4231 ascendit”.

326 4262 506 4333 λῆψιν.
552 4265 612 4316 ὐ
658 4262 767 4333 γὰρ
804 4263 872 4316 τὰ
896 4261 1137 4332 παρόντα
1168 4261 1410 4324 δεδωκὼς
1442 4262 1686 4331 ἀφθόνως
1748 4262 2045 4335 δωρήσεται
2115 4270 2209 4327 καὶ
2247 4269 2282 4323 δι
2324 4271 2628 4340 ὀφθαλμὸς
2663 4272 2772 4324 οὐκ
2835 4256 3012 4335 εἶδεν,
3040 4269 3179 4324 οὐδὲ
3211 4265 3318 4334 οὖς
3378 4268 3561 4337 ἣκου-

326 4370 461 4422 σεν,
489 4354 613 4409 οὐδ’
625 4354 723 4407 ἐπὶ
751 4353 998 4420 καρδίαν
1023 4351 1335 4419 ἀνθρώπου
1366 4355 1564 4423 ἀνέϐη.
1598 4394 1601 4395 ν

412 4445 629 4499 Ἀντίδὲ
657 4440 773 4508 τοῦ,
813 4442 1151 4521 Ὑποτάγηθί
1180 4442 1262 4507 τῷ
1300 4446 1511 4513 Κυρίῳ,
1544 4449 1641 4503 καὶ
1672 4447 1893 4501 ἱκέτευ-

318 4555 444 4605 σον
472 4537 681 4602 αὐτὸν,
728 4538 757 4588 6
801 4535 1027 4597 Ἀκύλας
1052 4534 1220 4606 φησι·
1255 4534 1525 4616 Σίγησον,
1558 4539 1639 4602 τῷ
1683 4541 1892 4606 Κυρίῳ,

2071 4448 2176 4504 Pro
2205 4466 2270 4505 eo
2301 4460 2501 4515 autem,
2533 4451 2784 4506 Subditus
2815 4458 2925 4504 esto
2953 4449 3201 4513 Domino,
3225 4463 3271 4503 et
3304 4468 3397 4504 ora
3418 4467 3556 4516 eunt,

2003 4541 2195 4610 Aquila
2219 4542 2315 4605 ait,
2341 4541 2450 4596 Sile
2488 4543 2731 4603 Damina,
2766 4550 2813 4594 et
2845 4551 3087 4609 exspecta
3124 4557 3276 4606 eum;
3309 4534 3559 4613 Symma-

328 4630 428 4683 καὶ
460 4625 895 4694 ἀποκαραδόκει
925 4626 1138 4679 αὐτόν·
1193 4625 1221 4677 6
1255 4623 1311 4680 δὲ
1350 4625 1641 4713 Σύμμαχος
1661 4646 1679 4658 α
1728 4628 1895 4681 Ἡσιι-
1926 4638 1969 4693 D
2000 4635 2047 4686 cl

1843 4631 1895 4681 r'v-
1926 4638 1969 4693 ι)
2000 4635 2136 4688 chus
2166 4649 2311 4699 vero,
2348 4634 2562 4698 Quiesce
2586 4630 2831 4692 Domino,
2862 4641 2910 4683 et
2940 4632 3173 4700 supplica
3199 4634 3316 4701 ipsi.
3376 4632 3562 4687 Enim-

325 4720 464 4792 χαζε
494 4719 575 4786 τῷ
601 4720 816 4785 Κυρίῳ,
846 4718 943 4771 καὶ
978 4717 1200 4771 ἱκέτευε
1224 4716 1401 4783 αὐτῷ.
1445 4716 1524 4770 Τά
1556 4708 1664 4790 γὰρ
1701 4721 1897 4791 προλε-

323 4813 521 4885 χθέντα
549 4813 877 4885 πράττοντα,
901 4813 993 4864 καὶ
1013 4812 1103 4864 ἐπὶ
1126 4813 1234 4873 τοῖς
1257 4810 1563 4885 εἰρημένοις
1589 4810 1894 4879 ἐλπίζοντα,

322 4904 616 4976 ἡσυχάζειν
651 4908 914 4977 προσήκει
948 4904 1085 4968 τέως
1129 4906 1186 4956 ὲν
1226 4902 1302 4972 τῷ
1351 4881 1594 4974 παρόντι,
1633 4904 1725 4956 καὶ
1761 4907 1898 4975 μετά

324 4996 536 5066 σιωπῆς
561 4996 863 5067 προσδοκᾷν
889 4995 965 5048 τάκ
998 4994 1394 5064 ἐπηγγελμένα.
1428 4992 1485 5047 Μ
1492 4993 1525 5059 ὴ
1555 4993 1896 5062 παραζήλου

320 5085 395 5142 ἐν
431 5086 513 5152 τῷ
555 5078 1039 5158 κατευοδουμένῳ
1068 5090 1137 5142 ἐν
1167 5087 1240 5156 τῇ
1290 5086 1402 5151 ὀδῷ
1437 5086 1643 5148 αὑτοῦ,
1676 5088 1745 5140 ἐν
1788 5091 1893 5142 άν-

325 5177 533 5248 θρὼπφ
561 5179 845 5247 ποιοῦντι.
876 5179 1263 5248 παρανομίας.
1310 5176 1542 5230 Παῦσαι
1567 5176 1683 5230 ἀπὸ
1718 5178 1895 5248 ὀργῆς

324 5274 422 5327 καί
442 5270 829 5341 ενι-κατάλειπε
851 5271 1059 5342 θυμὸν,
1081 5270 1166 5341 μὴ
1190 5268 1523 5340 παραζήλου
1543 5268 1697 5323 ὥστε
1713 5287 1895 5341 πονη-

320 5368 619 5439 ρεύεσθαι.
666 5366 786 5419 Ὅτι
843 5369 897 5420 οι
958 5369 1421 5441 πονηρευόμενοι
1468 5365 1893 5434 ὲξολοθρευθή-

324 5479 557 5525 σονται,
615 5462 669 5513 ol
713 5458 781 5513 δὲ
833 5460 1238 5529 ὑπομένοντες
1288 5461 1394 5515 τὸν
1436 5462 1672 5528 Κύρων,
1724 5461 1892 5515 αὐτοί

325 5540 849 5625 κληρονομήσουσι
896 5550 1031 5622 τῆν.
1082 5551 1552 5624 Ἐπαναλαμὸἀνει
1600 5552 1690 5605 τὸν
1734 5553 1890 5622 λόγον

323 5648 657 5717 ἀναγκαίως.
688 5629 841 5702 Ἐπεὶ
861 5644 968 5716 γὰρ
991 5642 1183 5711 ἔγνως,
1215 5645 1397 5715 φησὶν,
1425 5644 1601 5707 ὁποῖός
1630 5660 1710 5697 σοι
1738 5645 1891 5699 πλοῦ-

322 5754 415 5803 τος
444 5739 813 5811 τεταμίευται,
849 5738 922 5810 μὴ
973 5733 1284 5808 παραζήλου
1327 5738 1384 5789 ὲν
1428 5736 1506 5806 τῷ
1551 5736 1889 5809 νομιζομένῳ

394 5920 439 5951 ⁸⁸
477 5919 617 5980 Psal.
660 5938 814 5989 χχιι,
853 5924 899 5978 l.
980 5921 1022 5953 "
1065 5918 1080 5973 Ι
1116 5918 1242 5975 Cor.
1289 5934 1361 5987 tt,
1394 5916 1449 5975 9.

2002 4738 2132 4777 vero
2161 4739 2257 4793 par
2282 4731 2366 4779 est
2396 4732 2516 4777 eum
2556 4722 2649 4791 qui
2700 4723 2955 4791 Superius
3002 4718 3297 4779 memorata
3331 4724 3556 4792 peragit,

2001 4821 2053 4869 et
2082 4815 2135 4869 in‘
2169 4815 2438 4884 prmdiclis
2470 4829 2619 4883 spem
2667 4812 2853 4878 habet,
2892 4814 3174 4883 quiescere
3214 4813 3345 4867 dum
3374 4814 3426 4866 in
3456 4814 3561 4867 hac

2000 4906 2110 4959 Vita
2146 4898 2413 4969 versatur,
2439 4910 2492 4958 et
2518 4917 2641 4957 cum
2678 4903 2897 4958 silentio
2923 4898 3189 4974 promissa
3219 4912 3554 4972 exspectare.

2003 4996 2133 5049 Noli
2165 4996 2407 5048 wmulari
2431 4997 2486 5048 in
2526 5013 2585 5050 eo
2622 4999 2712 5068 qui
2745 5005 3085 5066 prosperatur
3118 4996 3172 5048 in
3220 4997 3305 5049 cia
3350 5010 3467 5057 sua,
3500 4995 3557 5047 in

2000 5088 2202 5141 homine
2235 5086 2457 5145 faciente
2492 5089 2821 5157 injustitias..
2862 5088 3053 5141 Desine
3094 5087 3158 5140 ab
3199 5088 3279 5139 ira
3313 5096 3360 5138 et
3407 5086 3556 5139 dere-

1997 5179 2170 5248 linque
2207 5179 2471 5242 furorem,
2504 5180 2612 5233 noli
2655 5180 2899 5234 amtulari
2947 5186 3005 5231 ut
3059 5177 3383 5247 malignam.
3412 5177 3554 5243 Quo-

1997 5277 2137 5327 niam
2168 5273 2258 5343 qui
2286 5272 2650 5349 malignantur
2689 5271 3175 5345 exterminabuntur
3202 5277 3553 5323 :susttnenles

1997 5376 2168 5418 autem
2197 5362 2503 5429 Dominum,
2533 5365 2633 5433 ipsi
2668 5356 3048 5417 luereditabunt
3082 5370 3293 5413 terram.
3318 5357 3553 5413 Sermo-

1996 5474 2116 5514 nem
2146 5459 2462 5513 necessario
2505 5457 2721 5526 repetit.
2763 5456 2923 5522 Quia,
2970 5453 3167 5532 inquit,
3201 5450 3346 5506 nosti
3375 5452 3554 5519 qualis

1995 5552 2091 5619 tibi
2126 5550 2417 5607 thesaurus
2447 5549 2762 5605 reconditus
2814 5549 2906 5613 sit,
2939 5546 3049 5601 noli
3094 5543 3334 5599 aemulari
3373 5542 3553 5601 homi-

1966 5659 2117 5698 -nem
2166 5643 2440 5715 iniquitati
2466 5642 2739 5708 deditum,
2777 5634 2869 5713 qui
2914 5642 2970 5697 in
2998 5625 3251 5709 praesenti
3296 5637 3401 5689 vita
3436 5650 3552 5689 rem

1996 5752 2255 5809 prospere
2293 5752 2454 5810 agere
2483 5743 2739 5810 putatur;
2777 5751 2848 5792 ne
2871 5734 3185 5809 stimulare,
3222 5744 3328 5784 neu
3358 5728 3553 5791 huius-
