4354 6400
780 481 888 541 ’627
1452 475 1721 535 EUSEBII
1759 471 2236 533 CESARIENSIS
2259 471 2413 530 OPP.
2445 473 2624 528 PARS
2663 472 2748 528 Ill.
2785 503 2852 514 —-
2893 471 3307 531 EXEGETICA.
3929 477 4034 534 σεε

779 599 925 656 modi
954 598 1223 654 hominem
1247 596 1464 650 beatum
1495 595 1840 666 pronunties,
1861 608 1985 648 cum
2005 591 2177 663 probe
2204 591 2358 647 noris
2385 596 2431 652 Α
2460 610 2498 645 κ

2316 591 2603 652 unum
2667 592 2757 646 τὸν
2813 591 3059 662 παρόντα
3117 591 3230 662 βίον
3289 593 3706 650 κατευοδοῦσθαι
3765 594 4035 668 ἀνθρώπῳ

780 691 886 762 ipsi
922 689 1215 759 repositam
1250 685 1384 738 iram
1411 685 1467 739 in
1493 682 1582 738 die
1618 683 1712 737 ira:
1743 689 1796 736 et
1817 681 1951 762 justi
1989 678 2186 750 judicii
2231 677 2347 733 Dei.
2439 687 2499 738 ’π

2316 677 2347 733 i.
2439 685 2693 738 ’ποιοῦντι
2727 683 3100 756 παρανομίαςο
3138 686 3210 758 μὴ
3246 687 3354 759 γάρ
3385 685 3709 759 παροξύνου,
3749 687 3884 758 μηδὲ
3933 705 4035 758 μα-

781 783 1140 852 Quamobrem
1170 779 1282 834 noli
1317 777 1524 831 irritari
1548 783 1643 830 aut
1671 773 1857 830 furore
1889 771 2111 829 incendi
2159 777 2352 828 contra
2453 794 2500 831 κε

2314 784 2352 825 ".1
2453 777 2642 849 κάριζε
2670 778 2760 830 τὸν
2793 777 3051 841 τοιοῦτον,
3094 778 3336 850 ἀκριϐῶς
3365 779 3540 843 εἰδὼς,
3575 781 3658 833 ὅτι
3693 779 3843 851 μένει
3873 779 4033 833 αὑτὸν

770 877 1024 947 impium,
1048 873 1142 944 qui
1177 870 1406 927 feliciter
1435 884 1548 924 rem
1580 883 1738 939 agere
1765 866 2138 930 existimatus,
2173 878 2353 934 neque
2451 869 2489 938 ὸ,

2310 878 2353 919 Ie
2451 868 2587 939 ὀργὴ
2624 870 2680 921 ὲν
2730 869 2913 940 ἡμέρᾳ
2954 869 3124 940 ὀργῆς
3159 871 3253 922 καὶ
3305 870 3703 942 δικαιοκρισίας
3734 869 3828 924 τοῦ
3872 869 4029 924 Θεοῦ.

775 967 1048 1025 temuleris
1079 967 1258 1038 ipsum
1313 970 1375 1018 ut
1418 962 1572 1034 paria
1622 961 1829 1015 scelera
1873 959 2036 1016 edere
2085 966 2348 1028 exoptes;
2452 963 2488 1013 Δ

2334 974 2348 1023 ;
2452 961 2540 1013 Διὸ
2575 963 2638 1014 σὺ
2673 962 2746 1031 μὴ
2780 958 3020 1030 ὀργίζου,
3058 961 3192 1032 μηδὲ
3226 961 3401 1033 Θυμοῦ
3452 962 3593 1017 κατά
3618 961 3714 1016 τοῦ
3746 961 4034 1034 νομιζομέ-

774 1062 912 1117 bene
947 1058 1218 1130 siquidem
1265 1057 1510 1130 nostiac
1561 1067 1884 1124 persuasum
1935 1050 2345 1122 planelhabes,
2450 1070 2493 1105 w.

2329 1089 2345 1115 ,
2450 1070 2540 1105 νου
2570 1052 2813 1122 εὐθηνεῖν
2856 1052 3107 1116 ἀσεϐοῦς,
3141 1053 3274 1125 μηδὲ
3305 1053 3464 1127 ζήλου
3499 1055 3662 1109 αὑτὸν
3707 1053 3783 1118 ὡς
3823 1054 3917 1108 καὶ
3946 1053 4034 1110 θέ-

774 1152 1148 1222 improborum
1188 1147 1360 1224 ﬁnem
1379 1145 1672 1201 exitiosum
1704 1159 1848 1199 esse.
1877 1141 2022 1196 Nam
2058 1143 2148 1213 qui
2191 1143 2350 1196 mali—
2449 1144 2493 1197 λε

2316 1143 2350 1194 ῐ-
2449 1144 2561 1198 λειν
2591 1145 2659 1197 τά
2689 1146 2850 1216 ὃμοια
2889 1145 3041 1215 αὑτῷ
3079 1146 3502 1218 πονηρεύεσθαι·
3538 1143 3598 1202 εὖ
3641 1147 3750 1220 γὰρ
3785 1147 3894 1201 ἴσθι
3940 1149 4035 1201 καὶ

772 1255 1004 1314 gnantur
1036 1237 1549 1300 “terminabuntur,
1572 1251 1637 1291 ac
1677 1237 1777 1292 soli
1806 1238 2075 1306 patientes
2104 1245 2159 1292 et
2184 1237 2348 1291 διιειί-
2450 1252 2491 1287 π

2316 1237 2348 1287 ῐ-
2450 1235 2683 1288 πέπεισο
2719 1235 2982 1306 ἀκριϐῶς,
3011 1237 3093 1290 ὅτι
3129 1236 3189 1290 τὸ
3235 1237 3388 1302 τέλος
3431 1238 3537 1293 τῶν
3585 1241 4035 1311 πονηρευομένων

767 1323 950 1389 nentes
978 1331 1280 1393 Dominum,
1320 1330 1426 1399 ipsi
1463 1328 1848 1384 luvreditabunt
1881 1338 2100 1384 terram.
2135 1327 2192 1383 Si
2237 1343 2346 1399 qua
2418 1323 2486 1378 '6]

2321 1343 2346 1383 α
2418 1323 2691 1398 ’ὀλέθριον
2735 1327 3015 1400 τυγχάνει.
3049 1333 3114 1383 Ol
3159 1330 3268 1399 γὰρ
3317 1333 3787 1401 πονηρευόμενοι
3831 1332 4040 1396 ἐξολο-

772 1427 916 1480 enim
941 1432 1089 1480 terra
1121 1430 1206 1479 est
1239 1422 1450 1480 sanctis
1476 1415 1612 1488 viris
1659 1420 1952 1492 promissa,
1994 1421 2138 1476 hanc
2168 1421 2344 1476 haere-
2447 1421 2491 1486 θλ

2320 1450 2344 1461 -
2447 1419 2906 1486 θρευοήσοιοται,
2943 1423 3092 1492 μόνοι
3125 1421 3182 1475 δὲ
3216 1424 3264 1476 οἱ
3309 1424 3650 1496 μακρόθυμοι
3689 1425 3784 1478 καὶ
3815 1421 4039 1494 ὑπομέ-

771 1517 1026 1572 ditabunt
1075 1516 1170 1587 qui
1217 1516 1494 1571 sustinent
1547 1509 1874 1576 Dominum,
1914 1511 2006 1582 qui
2056 1527 2180 1566 cum
2224 1513 2347 1567 aliis
2445 1530 2490 1566 νς

2319 1529 2347 1567 s
2445 1530 2659 1582 νοντες
2707 1515 2813 1568 τὸν
2852 1517 3089 1584 Κύριον,
3135 1516 3304 1571 αὐτοὶ
3349 1517 3876 1587 κληρονομήσουσι
3921 1516 4037 1585 τὴν

769 1611 1099 1666 enumeratis
1143 1609 1300 1664 bonis
1333 1609 1386 1662 in
1427 1605 1795 1674 haereditatem
1841 1605 1951 1661 illis
1981 1603 2201 1659 dandus
2229 1615 2332 1660 est.
2450 1627 2488 1676 γ

2319 1648 2332 1660 .
2450 1606 2585 1676 γῆν.
2621 1609 2688 1661 Εἴ
2715 1626 2797 1673 τις
2823 1610 2932 1681 γάρ
2966 1611 3079 1664 ἐστι
3111 1608 3184 1679 γῆ
3209 1609 3387 1682 ἀγαθὴ
3414 1613 3525 1675 τοῖς
3558 1610 3732 1679 ἁγίοις
3765 1611 4037 1682 ἐπηγγελ-

769 1703 922 1770 Quod
950 1703 996 1758 si
1037 1703 1091 1756 in
1125 1702 1280 1758 caelis
1303 1699 1603 1756 Jerusalem
1635 1705 1687 1754 et
1719 1696 1852 1752 Sion
1886 1709 2066 1754 mcnS'
2093 1695 2187 1752 Dei
2219 1711 2334 1752 cm-
2453 1716 2488 1768 μ

2316 1727 2334 1737 -
2453 1698 2612 1771 μένη,
2661 1699 2864 1773 ταύτην
2901 1702 3399 1774 κληρονομήσουσιν
3443 1703 3494 1754 οἱ
3543 1701 3904 1773 ὑπομένοντες
3944 1701 4035 1755 τὸν

769 1799 921 1856 lestis
941 1798 1105 1860 adsit,
1127 1804 1328 1854 tetram
1355 1796 1483 1851 item
1503 1793 1782 1849 cmlcstem
1804 1790 1986 1862 dignis
2010 1789 2345 1861 promissam
2450 1794 2488 1846 Κ

2317 1805 2345 1844 n
2450 1792 2654 1862 Κύριον
2679 1809 2692 1822 °
2734 1795 2871 1866 μετά
2911 1795 3014 1868 γὰρ
3041 1795 3149 1849 τῶν
3183 1795 3356 1851 ἄλλων
3388 1795 3496 1850 τῶν
3539 1795 4036 1868 κατηριθμημένων

682 1904 684 1906 '
767 1890 1069 1963 putandum
1093 1897 1197 1946 est.

2451 1885 2695 1953 ἀγαθῶν,
2731 1887 2826 1939 καὶ
2852 1886 3014 1950 αὐτὸς
3041 1889 3222 1952 αὐτοῖς
3260 1889 3544 1961 δοθήσεται
3569 1891 3597 1942 6
3633 1889 3850 1960 κλῆρος.
3889 1884 3950 1940 Εἰ
3990 1886 4035 1939 δ’

767 1987 913 2040 ἔστιν
963 1987 1015 2038 ἐν
1064 1984 1312 2054 οὐρανοῖς
1355 1978 1705 2054 Ἰερουσαλὴμ
1758 1978 1850 2033 καὶ
1893 1970 2030 2034 Σιων
2075 1975 2202 2049 ὃρος
2247 1975 2344 2030 τοῦ
2384 1979 2518 2034 Θεοῦ
2551 1983 2610 2036 τὸ
2637 1983 2982 2057 ἐπουράνιον,
3016 1985 3307 2038 ἀκόλουθόν
3369 1988 3484 2041 ἐστι
3544 1987 3637 2041 καὶ
3673 1988 3775 2059 γῆν
3803 1984 4040 2056 ἐπουρά-

766 2101 878 2142 νιον
909 2083 1050 2137 νοεῖν
1081 2080 1178 2152 τὴν
1210 2077 1624 2150 ἐπηγγελμένην
1649 2079 1762 2140 τοῖς
1784 2075 1973 2142 ἀξίοις.

839 2174 1004 2230 Vsus.
1032 2171 1220 2242 10,“.
1265 2169 1334 2224 Et
1371 2171 1541 2225 adhuc
1567 2169 1842 2240 pusillum,
1879 2176 1931 2224 et
1963 2184 2066 2223 non
2106 2169 2204 2222 erit
2236 2184 2355 2236 pec-
2388 2177 2430 2232 Β
2531 2171 2558 2221 ι

2318 2186 2355 2217 :-
2388 2177 2430 2232 Β
2531 2167 2641 2221 Καὶ
2665 2169 2752 2222 ἔτι
2781 2169 3009 2239 ὀλίγον,
3058 2169 3154 2224 καὶ
3187 2170 3258 2224 οὐ
3282 2169 3370 2240 μὴ
3401 2169 3641 2240 ὑπάρξῃ
3667 2171 4037 2244 ἁμαρτωλός.

766 2278 940 2333 calor,
974 2275 1084 2323 etc.
1133 2263 1234 2320 Hic
1281 2265 1537 2336 superius
1567 2263 1712 2318 dicta
1766 2263 2178 2332 interpretatur,
2217 2262 2350 2316 illud
2453 2263 2485 2313 Δ

2319 2262 2350 2316 [1
2453 2261 2806 2333 Διερμηνεύει
2857 2261 2924 2316 τά
2974 2263 3231 2335 ἀνωτέρω
3273 2263 3593 2335 λελεγμένα,
3640 2264 3700 2318 τὸ
3742 2267 3860 2337 μὲν,
3905 2269 4038 2322 Ὅτι

767 2339 1004 2423 scilicet,
1031 2357 1299 2425 Quoniam
1330 2366 1580 2426 tauquam
1612 2355 1792 2426 fenum
1817 2355 2066 2409 velociter
2089 2363 2348 2418 arescent,
2451 2357 2486 2408 ἁ

2316 2363 2348 2418 r,
2451 2355 2595 2409 ὡσεὶ
2639 2356 2856 2426 χόρτος
2896 2357 3050 2427 ταχὺ
3097 2355 3725 2426 ἀποξηρανθήσονται,
3759 2361 3857 2414 καὶ
3891 2361 4035 2416 ὡσεὶ

767 2464 817 2509 et
846 2452 1290 2525 quemadmodum
1324 2452 1471 2505 olera
1511 2449 1790 2503 herbarum
1822 2448 1925 2502 cito
1972 2446 2231 2510 decident,
2263 2446 2350 2502 his
2451 2453 2486 2504 λ

2324 2463 2350 2502 s
2451 2448 2690 2519 λάχανα
2720 2452 2908 2520 χλόης
2947 2451 3099 2520 ταχὺ
3129 2452 3601 2518 ἀποπεσοῦνται,
3635 2452 3723 2507 διὰ
3750 2454 3868 2520 τοῦ,
3914 2457 4037 2511 Ἔτι

768 2549 1026 2620 explicat,
1071 2547 1257 2602 Adhuc
1289 2546 1576 2616 pusillum,
1609 2554 1659 2600 et
1691 2561 1796 2599 non
1831 2548 1929 2597 erit
1976 2553 2256 2612 peccator;
2300 2553 2349 2598 et
2452 2544 2487 2594 ί.

2321 2553 2349 2597 rt
2452 2543 2682 2614 ὀλίγον,
2713 2545 2809 2598 καὶ
2835 2546 2907 2598 οὐ
2933 2544 3019 2614 μὴ
3057 2536 3300 2614 ὑάάρξῃ
3335 2547 3369 2600 ὀ
3390 2545 3775 2616 ’ἀμαρτωλόςο
3818 2549 3916 2602 καὶ
3948 2546 4040 2615 (n-

767 2659 971 2713 quam:
1000 2640 1180 2696 locum
1212 2639 1348 2710 ejus,
1381 2648 1430 2694 et
1465 2655 1568 2693 non
1600 2638 1860 2693 invenies:
1893 2636 2023 2692 illud
2058 2652 2210 2702 vero,
2246 2635 2351 2690 De-
2451 2653 2482 2688 τ

2315 2653 2351 2687 ι-
2451 2635 2658 2703 τήσεις
2689 2635 2796 2689 τὸν
2825 2637 3010 2690 τόπον
3040 2638 3226 2695 αὺτοῦ
3259 2636 3357 2690 καὶ
3387 2639 3459 2691 οὺ
3483 2636 3571 2707 μὴ
3613 2637 3826 2707 εὕρῃς’
3861 2638 3924 2691 τὸ
3954 2639 4034 2702 δὲ,

765 2734 962 2790 lecture
986 2735 1042 2788 in
1073 2733 1320 2796 Domino,
1347 2742 1395 2786 et
1433 2731 1580 2785 dabit
1610 2730 1707 2785 tibi
1745 2731 2019 2802 petitiones
2049 2730 2222 2784 cordis
2247 2730 2346 2794 tui,
2451 2730 2484 2781 ll

2319 2730 2346 2794 ἴ,
2451 2728 2929 2797 Κατατρύεςησον
2966 2727 3072 2782 τοῦ
3101 2729 3341 2796 Κυρίου,
3375 2727 3472 2781 καὶ
3507 2726 3685 2781 δώσει
3723 2745 3823 2783 σοι
3856 2731 3928 2783 τὰ
3952 2732 4038 2782 ai-

767 2828 853 2883 his
884 2827 1128 2899 apertius
1171 2833 1416 2890 enarrat,
1442 2823 1714 2881 Mansueti
1761 2834 1938 2878 autem
1965 2823 2349 2879 Iurreditabunt
2452 2837 2483 2872 τ

2320 2833 2349 2877 ιι
2452 2819 2681 2889 mutata
2730 2818 2838 2888 τῆς
2883 2819 3131 2890 καρδίας
3181 2836 3319 2885 σου,
3365 2820 3695 2893 σαφέστερον
3745 2821 4039 2876 ἀποδίδωσι

766 2931 988 2985 terram,
1013 2929 1062 2975 et
1108 2918 1512 2974 delectabuntur
1545 2920 1596 2972 in
1641 2917 1985 2973 multitudine
2012 2918 2183 2988 pacis.
2231 2918 2350 2984 Quo
2450 2913 2479 2966 δ

2316 2933 2350 2970 o
2450 2913 2539 2966 διὰ
2574 2913 2690 2979 τοῦ,
2724 2917 2787 2967 Οἱ
2827 2914 2896 2968 δὲ
2936 2913 3143 2983 πραεῖς
3180 2914 3707 2984 κληρονομήσουσι
3752 2914 3866 2983 τὴν
3895 2914 4032 2984 γῆν,

766 3023 927 3083 pacto
957 3022 1138 3068 autem
1171 3013 1226 3066 in
1260 3010 1493 3066 Domino
1522 3011 1648 3080 quis
1687 3009 2072 3074 delectabitur,
2108 2994 2352 3067 declarat
2451 3023 2485 3057 κ

2316 3022 2352 3067 ιι
2451 3007 2548 3059 καὶ
2587 3007 3159 3075 κατατρινφήσουσιν
3197 3007 3298 3060 ἐπὶ
3340 3007 3554 3074 πλήθει
3593 3006 3858 3075 εἰρήνης.
3909 3009 4035 3072 Πῶς

768 3107 886 3177 ipse
915 3105 1045 3161 dum
1080 3105 1177 3168 ait,
1209 3119 1376 3175 penes
1410 3119 1534 3158 cum
1572 3103 1978 3157 multitudinem
2017 3102 2171 3172 pacis
2203 3120 2346 3168 esse,
2451 3115 2486 3165 γ

2316 3122 2346 3168 ξ,
2451 3098 2560 3169 γάρ
2593 3115 2676 3162 τις
2709 3100 3117 3170 κατατρυφήσει
3156 3099 3250 3152 τοῦ
3280 3099 3483 3172 Κυρέου
3530 3100 3850 3172 παρίστησι,
3899 3102 4035 3173 πλῆσ-

764 3214 874 3271 qua
903 3198 1074 3253 multa
1102 3209 1237 3266 pace
1268 3195 1524 3250 fruentur
1552 3195 1588 3248 ii
1621 3195 1715 3265 qui
1745 3195 1800 3249 in
1833 3194 2065 3249 Domino
2096 3195 2348 3252 delectati
2453 3187 2481 3240 0

2311 3196 2348 3252 ιί
2453 3187 2543 3251 θος
2577 3188 2799 3260 εἰρήνης
2832 3189 2960 3259 παρ’
2988 3187 3137 3258 αὑτῷ
3170 3183 3308 3242 εἶναι
3351 3189 3521 3258 λέγων
3543 3206 3555 3220 ο
3593 3185 3653 3242 οὗ
3684 3191 3922 3264 πλήθους
3953 3195 4030 3248 εἱ-

767 3289 990 3348 t'uerint.
1029 3287 1125 3343 llis
1179 3302 1348 3358 porro
1389 3286 1657 3354 docetur,
1690 3273 1854 3342 aliam
1902 3287 2102 3343 bonam
2145 3295 2348 3343 terram
2457 3300 2486 3353 ρ

2315 3303 2348 3342 n
2457 3284 2624 3355 ρήνης
2667 3280 3066 3336 ἀπολαύσουσιν
3105 3284 3152 3335 οἱ
3195 3281 3306 3335 τοῦ.
3324 3283 3527 3355 Κυρίου
3578 3287 4034 3357 κατατρυφήσαν-

765 3398 911 3448 esse,
932 3383 1234 3438 mansuetis
1261 3381 1612 3442 destinatam,
1647 3396 1711 3436 ac
1734 3381 2178 3447 delectationem,
2210 3382 2351 3436 mul-
2451 3393 2482 3428 τ

2314 3382 2351 3436 ι-
2451 3393 2561 3439 τες.
2599 3376 2697 3431 Διά
2728 3375 2931 3436 τούτων
2964 3375 3019 3428 δὲ
3059 3377 3088 3430 6
3134 3374 3290 3445 λόγος
3330 3377 3514 3446 σαφῶς
3552 3378 3746 3450 ἑτέραν
3777 3380 3898 3433 τινὰ
3929 3381 4033 3452 γῆν

764 3474 1166 3545 titudinemque
1204 3473 1360 3546 pacis
1387 3474 1441 3528 in
1474 3473 1714 3529 futuram
1747 3475 1915 3528 vitam
1946 3474 2204 3530 remittit.
2229 3473 2348 3529 Non
2385 3537 2418 3546 Α
2453 3471 2483 3523 ἁ

2317 3491 2348 3528 n
2385 3537 2418 3546 Α
2453 3469 2660 3540 ἀγαθὴν
2697 3469 2794 3540 τὴν
2837 3472 2948 3531 τοῖς
2991 3469 3190 3541 πραέσι
3238 3470 3605 3543 δοθησομένην
3635 3471 3897 3536 διδάσκει,
3941 3476 4036 3530 καὶ

765 3568 1054 3640 ignorabat
1077 3537 1247 3624 enim
1279 3567 1445 3638 justis
1503 3567 1728 3639 perinde
1767 3575 1932 3639 atque
1964 3568 2349 3640 peccatoribus
2378 3537 2419 3594 Ο
2452 3580 2483 3616 τ

2322 3585 2349 3625 s
2378 3537 2419 3594 C
2452 3537 2659 3635 τρυφην
2689 3537 2782 3616 καὶ
2811 3551 3013 3632 πλῆθος
3038 3537 3260 3634 εἰρήνης
3288 3537 3368 3627 εἰς
3398 3537 3694 3635 μέλλουσαν
3719 3565 4035 3636 ἀναπέμπει

764 3662 822 3718 in
852 3661 953 3717 hac
979 3661 1088 3715 vita
1121 3660 1468 3715 moriendum
1499 3676 1643 3726 esse,
1677 3662 1752 3715 ita
1788 3667 1847 3715 ut
1875 3659 1943 3716 de
1982 3660 2090 3717 illis
2133 3677 2351 3733 quoque
2452 3652 2483 3720 ζ

2319 3677 2351 3719 e
2452 3652 2618 3726 ζωήν.
2667 3653 2742 3706 Οὐ
2776 3653 2886 3726 γὰρ
2917 3653 3125 3724 ἠγνόει,
3174 3654 3255 3706 ὃτι
3300 3656 3502 3727 ὁμοίως
3539 3658 3652 3719 τοῖς
3693 3656 4037 3728 ἁμαρτωλοῖς

764 3750 874 3807 dici
906 3750 1120 3820 possit:
1144 3749 1337 3804 Adhuc
1365 3750 1647 3821 pusillum.
1679 3757 1734 3806 et
1766 3767 1879 3807 non
1909 3752 2020 3808 erit.
2041 3753 2262 3824 justus;
2295 3762 2350 3811 et
2451 3765 2483 3801 κ

2312 3762 2350 3811 ει
2451 3746 2595 3801 κατὰ
2635 3747 2726 3800 τὸν
2753 3747 2998 3818 παρόντα
3030 3747 3142 3818 βίον
3180 3747 3275 3802 καὶ
3301 3749 3348 3801 οἱ
3375 3747 3570 3802 δίκαιοι
3598 3748 4031 3820 τελευτήσουσιν,

765 3855 978 3912 quaeres
1006 3843 1189 3897 locum
1222 3841 1367 3912 ejus,
1398 3849 1453 3899 et
1481 3859 1600 3910 ,non
1623 3843 1869 3901 invenies
1896 3863 1910 3900 :
1943 3859 2070 3900 nam
2100 3846 2177 3901 illi
2205 3863 2348 3918 quo-
2450 3840 2484 3892 (ἱ

2314 3873 2348 3889 .-
2450 3840 2525 3904 ὡς
2563 3839 2823 3896 δύνασθαι
2857 3842 2952 3894 καὶ
2986 3840 3113 3911 περὶ
3151 3841 3330 3894 αὐτῶν
3359 3840 3610 3911 λέγεσθαι
3635 3842 3697 3895 τό
3722 3859 3736 3872 ·
3770 3843 3891 3896 Ἔτι
3922 3843 4033 3897 ὀλί-

766 3947 875 4004 que
904 3934 1220 3989 moriuntur
1265 3935 1727 4006 quemadmodum
1763 3944 1818 3992 ct
1849 3945 2190 4010 peccatores.
2238 3939 2348 3996 Ne-
2450 3952 2485 4004 γ

2321 3971 2348 3982 -
2450 3952 2567 4004 γον,
2597 3935 2692 3988 καὶ
2716 3935 2777 3988 οὐ
2820 3933 2894 4004 μὴ
2945 3931 3161 4005 ὑπάρξῃ
3215 3936 3242 3987 6
3269 3926 3494 4000 δίκαιος,
3526 3934 3619 3987 καὶ
3653 3933 3907 4006 ζητήσεις
3944 3934 4036 3988 ἐδν

765 4037 876 4094 que
897 4021 966 4077 de
1001 4022 1106 4077 hac
1130 4024 1394 4079 terra-sic
1436 4025 1654 4082 locutus
1682 4036 1788 4090 est,
1821 4027 2092 4084 Mansueti
2124 4031 2350 4087 Itwredi-
2449 4044 2484 4079 τι

2316 4034 2350 4084 ῖ-
2449 4025 2614 4079 τόπον
2635 4022 2824 4097 αὐτοῦ,
2849 4023 2943 4076 καὶ
2965 4025 3026 4075 οὐ
3049 4024 3122 4095 μὴ
3149 4022 3315 4096 εὕρῃς
3333 4041 3346 4054 ·
3366 4023 3656 4078 τελευτῶσι
3689 4023 3798 4095 γάρ
3833 4024 4035 4095 ὁμοίως

768 4114 956 4168 tabent
979 4123 1217 4178 terram;
1249 4106 1373 4168 cum
1409 4117 1579 4186 probe
1630 4117 1797 4174 sciret
1843 4118 2065 4193 Moysen
2100 4125 2346 4180 omnium
2449 4135 2487 4170 τ(

2316 4142 2346 4180 η
2449 4121 2561 4181 τοῖς
2593 4116 2934 4188 ἁμαρτωλοῖς
2965 4117 3060 4169 καὶ
3091 4117 3262 4170 αὐτοί.
3297 4119 3410 4172 Οὐκ
3435 4117 3499 4172 ἂν
3529 4117 3586 4170 δὲ
3620 4113 3739 4170 εἷπε
3779 4118 3907 4190 περὶ
3935 4117 4035 4190 τῆς

766 4205 1143 4273 mitissimum,
1181 4207 1311 4262 olim
1342 4208 1410 4264 de
1448 4209 1630 4265 medio
1658 4211 1940 4268 hominum
1972 4203 2248 4272 sublatum
2282 4220 2350 4272 ah
2451 4227 2485 4263 π

2317 4220 2350 4272 h
2451 4210 2734 4282 παρούσης
2785 4209 2888 4280 γῆς
2924 4209 3041 4262 τόδε
3066 4225 3079 4239 ⁸
3138 4213 3199 4265 Ol
3255 4211 3457 4281 πραεῖς
3501 4209 4033 4280 κληρονομήσουσι

767 4300 872 4358 hac
904 4309 1048 4357 terra
1069 4292 1430 4374 demigrasse.
2164 4284 2171 4292 ’
2451 4319 2484 4355 τ

2451 4302 2566 4370 τὴν
2589 4301 2727 4371 γῆν,
2763 4301 2949 4371 σαφῶς
2980 4301 3122 4374 ὁρῶν
3151 4303 3260 4358 τῶν
3286 4305 3502 4358 πάντων
3535 4301 3838 4375 πραότατον
3868 4304 4035 4357 Μωῦ-

750 4385 755 4388 ’
2454 4393 2574 4459 σέα,
2608 4393 2776 4447 πάλαι
2813 4393 2871 4462 ἐξ
2905 4395 3207 4468 ἀνθρώπων
3255 4398 3542 4470 γενόμενον
3576 4395 3671 4449 καὶ
3703 4395 3800 4468 τῆς
3831 4395 4036 4468 παρού-

2455 4502 2552 4558 σης
2582 4485 2686 4557 γῆς
2713 4484 3148 4558 ἀπηλλαγμένον.

846 4564 1009 4621 Vens.
1036 4566 1123 4622 12.
1161 4565 1474 4624 Observabit
1499 4581 1744 4640 peccator
1765 4581 1998 4642 justum,
2027 4582 2075 4627 et
2107 4572 2349 4628 stridebit
2522 4584 2565 4635 1]

2316 4575 2349 4627 it
2522 4579 3010 4650 Hapatruaijastac
3059 4587 3094 4638 ό
3122 4581 3471 4653 ἁμαρτωλὸς
3511 4581 3616 4634 τὸν
3647 4579 3899 4646 δίκαιον,
3935 4591 4035 4636 και

768 4675 923 4729 super
939 4676 1058 4714 eum
1079 4659 1321 4716 dentibus
1349 4665 1488 4725 suis,
1509 4673 1616 4722 etc.
1634 4663 1928 4738 Impiorum
1956 4663 2145 4722 contra
2171 4668 2351 4738 justos
2446 4675 2487 4742 β

2314 4684 2351 4722 ’8
2446 4675 2659 4745 βρύξει
2686 4675 2778 4729 ἐπ’
2797 4675 2985 4731 αὐτὸν
3007 4676 3148 4743 τοὺς
3167 4675 3418 4740 ὀδόντας
3443 4673 3650 4728 αὐτοῦ.
3675 4673 3794 4726 Τῶν
3821 4691 3880 4726 τε
3907 4676 4033 4728 ἀσε-

769 4753 1007 4810 insultus
1043 4754 1438 4828 amborumque
1475 4760 1634 4816 linem
1659 4761 1950 4826 describit.
1983 4764 2119 4818 Cum
2154 4778 2349 4834 pecca-
2452 4768 2488 4821 6

2317 4791 2349 4816 κο
2452 4768 2562 4823 δῶν
2601 4767 2699 4834 τὰς
2745 4769 2886 4824 κατὰ
2926 4769 3034 4822 τῶν
3078 4769 3300 4822 δικαίων
3348 4766 3764 4829 ἐπαναστάσεις,
3799 4766 3896 4819 καὶ
3927 4769 4036 4838 ἀμ·-

769 4857 877 4913 tor,
912 4847 1116 4920 inquit,
1155 4865 1266 4904 non
1303 4852 1440 4907 satis
1471 4867 1595 4910 esse
1643 4855 1746 4910 sibi
1779 4858 1986 4912 scelera
2033 4871 2134 4912 sua
2172 4865 2344 4928 putet,
2379 4898 2424 4956 Β
2454 4880 2488 4933 φ

2379 4898 2424 4956 D
2454 4863 2694 4935 φοτέρων
2722 4864 2832 4917 τῶν
2882 4863 3173 4934 ταγμάτων
3202 4861 3268 4914 τὰ
3309 4859 3458 4931 τέλη.
3493 4858 3577 4932 Μὴ
3608 4859 3717 4932 γὰρ
3757 4859 4034 4932 ἀρκούμε-

765 4942 974 5013 justum
1002 4957 1233 4999 cernens
1264 4943 1521 5014 religiose
1546 4946 1838 5018 viventem,
1876 4949 1929 5003 id
1962 4947 2103 5006 ferre
2135 4949 2345 5021 nequit,
2382 4942 2422 4956 ”
2452 4973 2480 5009 ν

2312 4959 2345 5014 l,
2382 4942 2422 4956 v
2452 4973 2562 5020 νος,
2600 4945 2753 5029 φησὶ,
2783 4961 2891 5022 τοῖς
2919 4954 3113 5011 ἑαυτοῦ
3146 4952 3440 5025 πλημμελὴ
3450 4970 3611 5024 μασιν
3637 4954 3666 5004 6
3689 4951 4031 5026 ἁμαρτωλὸς,

768 5038 897 5108 quia
931 5037 1098 5092 vitam
1141 5039 1262 5108 ejus
1313 5039 1683 5121 improbitatis
1727 5057 1840 5096 suae
1887 5039 2346 5115 vituperationem
2454 5066 2487 5100 ο·

2317 5059 2346 5098 n
2454 5049 2513 5101 οὐ
2560 5050 2715 5122 φέρει
2759 5050 2970 5121 βλέπων
3014 5049 3106 5102 τὸν
3137 5047 3340 5100 δίκαιον
3382 5044 3771 5099 θεοσεϐοῦνταο
3818 5046 4036 5120 ἔλεγχον

767 5151 892 5192 esse
919 5136 1249 5202 arbitratur:
1293 5151 1465 5208 quare
1496 5136 1606 5191 ait:
1645 5133 1744 5191 Vel
1776 5138 1895 5194 visu
1929 5139 2048 5195 solo
2080 5155 2348 5196 onerosus
2455 5152 2486 5203 γ

2311 5155 2348 5194 IS
2455 5137 2564 5208 γὰρ
2594 5137 2685 5191 τὸν
2717 5138 2926 5192 ἐκείνου
2959 5136 3073 5208 βίον
3101 5133 3203 5205 τῆς
3239 5127 3434 5188 ἑαυτοῦ
3461 5134 3763 5207 μοχθηρίας
3789 5139 4030 5210 ἡγεῖται·

769 5229 930 5285 nobis
957 5235 1064 5292 cst,
1093 5228 1324 5300 ideoque
1355 5229 1610 5285 observat
1633 5244 1758 5285 eum
1790 5237 1850 5284 ut
1875 5230 2116 5302 dejiciat.
2144 5232 2346 5290 Verum
2454 5227 2482 5279 ὃ

2318 5249 2346 5287 η
2454 5227 2534 5280 διὸ
2571 5227 2749 5298 λέγει’
2798 5229 2978 5301 Βαρὺς
3021 5229 3150 5298 ἡμῖν
3198 5227 3313 5280 ἐστι
3360 5227 3454 5281 καὶ
3506 5227 3873 5301 βλεπόμενος·
3914 5229 4037 5285 ὅθεν

689 5335 694 5340 ·
766 5323 956 5391 justus
1006 5321 1144 5376 nihil
1177 5323 1332 5393 pensi
1390 5321 1574 5387 habet,
1607 5337 1804 5394 neque
1854 5327 2005 5396 novit
2047 5343 2169 5398 quae
2206 5315 2347 5384 clam

2316 5344 2347 5384 η
2455 5322 2706 5394 ἐπιτηρεῖ
2737 5323 2886 5386 ὅπως
2916 5319 3078 5374 αὑτὸν
3109 5319 3412 5392 καταϐάλῃ.
3463 5321 3600 5374 Ἀλλ’
3635 5323 3664 5375 6
3707 5323 3802 5394 μὲν
3833 5322 4035 5387 δίκαιος

769 5422 961 5469 contra
997 5429 1057 5469 se
1086 5423 1380 5487 struuntur
1425 5414 1888 5471 machinamenta.
1923 5416 2189 5479 Dominus
2218 5435 2350 5478 vero
2455 5430 2488 5466 ο

2316 5435 2350 5476 ο
2455 5415 2514 5466 οὐ
2563 5418 2964 5487 προσποιεῖται,
3012 5413 3134 5467 οὐδὲ
3179 5413 3436 5482 γινώσκει
3483 5415 3554 5468 τὰ
3599 5415 3870 5489 λαθραίως
3916 5415 4035 5470 κατ’

771 5507 1016 5561 omnium
1046 5506 1340 5577 inspector.
1371 5508 1493 5578 ejus
1520 5507 1610 5578 qui
1638 5508 1768 5563 talia
1801 5501 2099 5568 meditatur
2129 5515 2346 5572 ruinam
2456 5522 2490 5558 α

2320 5530 2346 5570 [ι
2456 5505 2620 5559 αὐτοῦ
2653 5505 3048 5580 μηχανώμενα·
3089 5506 3117 5558 ὁ
3147 5505 3204 5558 δὲ
3232 5509 3620 5581 παντεπόπτης
3644 5509 3871 5583 Κύριος,
3905 5522 4036 5580 προ-

773 5603 1133 5674 prospiciens,
1167 5602 1395 5670 consilia
1430 5602 1552 5672 ejus
1578 5601 1807 5658 deridet.
1842 5603 1908 5658 Et
1930 5605 2195 5665 hactenus
2225 5609 2349 5680 qui-
2455 5616 2492 5672 οι

2315 5637 2349 5662 ι-
2455 5599 2594 5672 ορῶν
2636 5601 2732 5675 τὴν
2763 5602 2857 5656 τοῦ
2879 5600 3050 5656 ταῦτα
3076 5601 3454 5674 διανοουμένου
3498 5603 3724 5667 πτῶσιν,
3752 5603 3860 5656 τῶν
3894 5601 4034 5670 λογι-

769 5697 892 5750 item
949 5697 1082 5751 nihil
1131 5696 1277 5751 aliud
1309 5697 1418 5768 agit
1467 5711 1630 5768 quam
1679 5697 1859 5754 ridere
1906 5700 2184 5762 hominem
2215 5704 2345 5757 talia
2457 5709 2488 5746 σ

2315 5719 2345 5757 a
2457 5693 2611 5764 σμῶν
2637 5696 2800 5750 αὑτοῦ
2831 5697 3128 5770 καταγελᾷ.
3167 5699 3280 5753 Καὶ
3317 5685 3456 5763 τέως
3499 5700 3597 5768 μὲν
3625 5698 3785 5752 πλέον
3816 5695 3970 5750 οὐδὲν
3999 5694 4034 5768 ἢ

774 5789 974 5846 frustra
1024 5790 1374 5862 cogitantem.
1423 5789 1558 5844 Cum
1589 5801 1770 5847 autem
1809 5803 2063 5863 peccator
2097 5797 2162 5852 ad
2211 5796 2346 5850 τηεμ
2455 5807 2489 5858 γ

2341 5827 2346 5839 ,
2455 5789 2588 5860 γελᾷ
2637 5793 2722 5844 ἐπ’
2749 5791 2898 5862 αὑτῷ
2939 5795 3117 5868 μάτην
3153 5793 3380 5849 τοιαῦτα
3411 5791 3777 5863 λογιζομένῳ’
3817 5788 4060 5854 ﬁtP-MV

771 5894 904 5935 nora
962 5880 1339 5950 progreditur,
1396 5882 1651 5952 acuitque
1691 5885 1936 5964 gladios,
1992 5895 2050 5941 ut
2115 5887 2343 5943 insidias
2451 5882 2490 5935 δ’

2317 5903 2343 5942 s
2451 5882 2495 5935 δ’
2537 5884 2627 5938 ἐπὶ
2670 5885 2739 5940 τά
2772 5886 2904 5959 ἔργα
2937 5891 3110 5961 χωρῇ,
3147 5889 3420 5960 ἀκονήσας
3458 5883 3756 5938 ἑαυτοῦ⁹τά
3801 5883 3930 5950 ξίφη
3963 5882 4035 5949 ὡς

774 5980 928 6042 paret
951 5973 1018 6041 ait
1048 5987 1236 6029 necem
1266 5973 1335 6041 ci,
1369 5973 1459 6043 qui
1492 5984 1713 6046 propter
1749 5977 1913 6036 Deum
1942 5979 2176 6050 inopiam
2206 5997 2340 6048 puu-
2455 5995 2492 6042 μ

2316 6011 2340 6022 -
2455 5977 2614 6046 μέχρι
2649 5979 2878 6040 θανάτου
2931 5980 3311 6036 ἐπιϐουλεῦσαι
3345 5978 3421 6050 τῷ
3453 5977 3551 6051 τὴν
3596 5976 3684 6032 διά
3729 5976 3860 6035 Θεὸν
3893 5993 4033 6033 πτω-
