  <div class='ocr_page' id='page_1' title='image "/cluster/home/n/w/nwhite01/storage/ocr_20150623/23/coo.31924054873041/180.png"; bbox 0 0 4354 6406; ppageno 0'>
   <div class='ocr_carea' id='block_1_1' title="bbox 370 464 505 541">
    <p class='ocr_par' dir='ltr' id='par_1_1' title="bbox 370 464 505 541">
     <span class='ocr_line' id='line_1_1' title="bbox 370 464 505 541; baseline 0.03 -4"><span class='ocrx_word' id='word_1_1' title='bbox 370 464 505 541; x_wconf 56' lang='grc' dir='ltr'><strong>ιιι</strong></span> 
     </span>
    </p>
   </div>
   <div class='ocr_carea' id='block_1_2' title="bbox 1497 471 2478 533">
    <p class='ocr_par' dir='ltr' id='par_1_2' title="bbox 1497 471 2478 533">
     <span class='ocr_line' id='line_1_2' title="bbox 1497 471 2478 533; baseline 0 -4"><span class='ocrx_word' id='word_1_2' title='bbox 1497 471 1997 532; x_wconf 73' lang='lat' dir='ltr'><strong>COMMENTARIA</strong></span> <span class='ocrx_word' id='word_1_3' title='bbox 2038 473 2103 529; x_wconf 80' lang='lat' dir='ltr'><strong>IN</strong></span> <span class='ocrx_word' id='word_1_4' title='bbox 2142 471 2478 533; x_wconf 72' lang='lat' dir='ltr'><strong>PSALMOS.</strong></span> 
     </span>
    </p>
   </div>
   <div class='ocr_carea' id='block_1_3' title="bbox 3486 473 3591 532">
    <p class='ocr_par' dir='ltr' id='par_1_3' title="bbox 3486 473 3591 532">
     <span class='ocr_line' id='line_1_3' title="bbox 3486 473 3591 532; baseline 0 -3"><span class='ocrx_word' id='word_1_5' title='bbox 3486 473 3591 532; x_wconf 75' lang='lat'><strong>330</strong></span> 
     </span>
    </p>
   </div>
   <div class='ocr_carea' id='block_1_4' title="bbox 370 583 1939 665">
    <p class='ocr_par' dir='ltr' id='par_1_4' title="bbox 370 583 1937 665">
     <span class='ocr_line' id='line_1_4' title="bbox 370 583 1937 665; baseline 0.006 -28"><span class='ocrx_word' id='word_1_6' title='bbox 370 583 520 654; x_wconf 83' lang='grc' dir='ltr'>χείαν</span> <span class='ocrx_word' id='word_1_7' title='bbox 547 584 642 639; x_wconf 71' lang='grc' dir='ltr'>καὶ</span> <span class='ocrx_word' id='word_1_8' title='bbox 687 587 872 642; x_wconf 81' lang='grc' dir='ltr'>πενίαν</span> <span class='ocrx_word' id='word_1_9' title='bbox 913 589 1246 659; x_wconf 82' lang='grc' dir='ltr'>ἀνειληφότι,</span> <span class='ocrx_word' id='word_1_10' title='bbox 1282 590 1372 643; x_wconf 79' lang='grc' dir='ltr'>καὶ</span> <span class='ocrx_word' id='word_1_11' title='bbox 1404 591 1500 661; x_wconf 77' lang='grc' dir='ltr'>τὴν</span> <span class='ocrx_word' id='word_1_12' title='bbox 1537 592 1711 664; x_wconf 77' lang='grc' dir='ltr'>ἄκραν</span> <span class='ocrx_word' id='word_1_13' title='bbox 1741 609 1937 665; x_wconf 87' lang='grc' dir='ltr'>κατορ-</span> 
     </span>
    </p>
   </div>
   <div class='ocr_carea' id='block_1_5' title="bbox 2036 583 3590 665">
    <p class='ocr_par' dir='ltr' id='par_1_5' title="bbox 2040 590 3590 664">
     <span class='ocr_line' id='line_1_5' title="bbox 2040 590 3590 664; baseline 0 -17"><span class='ocrx_word' id='word_1_14' title='bbox 2040 593 2349 663; x_wconf 90' lang='lat' dir='ltr'><strong>periemque</strong></span> <span class='ocrx_word' id='word_1_15' title='bbox 2377 591 2658 662; x_wconf 82' lang='lat' dir='ltr'><strong>amplexus</strong></span> <span class='ocrx_word' id='word_1_16' title='bbox 2703 607 2765 649; x_wconf 90' lang='lat' dir='ltr'><strong>ac</strong></span> <span class='ocrx_word' id='word_1_17' title='bbox 2798 608 3024 650; x_wconf 62' lang='lat' dir='ltr'><strong>summa:</strong></span> <span class='ocrx_word' id='word_1_18' title='bbox 3049 590 3401 664; x_wconf 61' lang='lat' dir='ltr'><strong>philosophias</strong></span> <span class='ocrx_word' id='word_1_19' title='bbox 3440 592 3590 647; x_wconf 83' lang='lat' dir='ltr'><strong>dedi-</strong></span> 
     </span>
    </p>
   </div>
   <div class='ocr_carea' id='block_1_6' title="bbox 372 674 1936 756">
    <p class='ocr_par' dir='ltr' id='par_1_6' title="bbox 372 674 1936 756">
     <span class='ocr_line' id='line_1_6' title="bbox 372 674 1936 756; baseline 0.007 -30"><span class='ocrx_word' id='word_1_20' title='bbox 372 674 548 729; x_wconf 85' lang='grc' dir='ltr'>θοῦντι</span> <span class='ocrx_word' id='word_1_21' title='bbox 581 676 913 756; x_wconf 83' lang='grc' dir='ltr'>φιλοσοφίαν,</span> <span class='ocrx_word' id='word_1_22' title='bbox 956 680 1016 734; x_wconf 84' lang='grc' dir='ltr'><strong>τὸ</strong></span> <span class='ocrx_word' id='word_1_23' title='bbox 1042 680 1339 752; x_wconf 79' lang='grc' dir='ltr'>τηνικαῦτα</span> <span class='ocrx_word' id='word_1_24' title='bbox 1377 683 1596 753; x_wconf 76' lang='grc' dir='ltr'><strong>στρέφει</strong></span> <span class='ocrx_word' id='word_1_25' title='bbox 1623 684 1720 755; x_wconf 78' lang='grc' dir='ltr'>τὴν</span> <span class='ocrx_word' id='word_1_26' title='bbox 1761 684 1936 737; x_wconf 81' lang='grc' dir='ltr'>αὐτῶν</span> 
     </span>
    </p>
   </div>
   <div class='ocr_carea' id='block_1_7' title="bbox 373 768 1937 842">
    <p class='ocr_par' dir='ltr' id='par_1_7' title="bbox 373 768 1937 842">
     <span class='ocr_line' id='line_1_7' title="bbox 373 768 1937 842; baseline 0.004 -22"><span class='ocrx_word' id='word_1_27' title='bbox 373 768 641 838; x_wconf 73' lang='grc' dir='ltr'><strong>ῥομφαίαν</strong></span> <span class='ocrx_word' id='word_1_28' title='bbox 674 770 813 824; x_wconf 85' lang='grc' dir='ltr'><strong>κατά</strong></span> <span class='ocrx_word' id='word_1_29' title='bbox 843 773 939 842; x_wconf 84' lang='grc' dir='ltr'>τῆς</span> <span class='ocrx_word' id='word_1_30' title='bbox 980 772 1158 826; x_wconf 84' lang='grc' dir='ltr'>αὐτῶν</span> <span class='ocrx_word' id='word_1_31' title='bbox 1189 772 1413 842; x_wconf 78' lang='grc' dir='ltr'>καρδίας</span> <span class='ocrx_word' id='word_1_32' title='bbox 1450 774 1477 825; x_wconf 99' lang='lat'><strong>6</strong></span> <span class='ocrx_word' id='word_1_33' title='bbox 1506 774 1668 827; x_wconf 87' lang='grc' dir='ltr'>πάλαι</span> <span class='ocrx_word' id='word_1_34' title='bbox 1710 790 1937 842; x_wconf 90' lang='grc' dir='ltr'>καταγε-</span> 
     </span>
    </p>
   </div>
   <div class='ocr_carea' id='block_1_8' title="bbox 371 858 1935 934">
    <p class='ocr_par' dir='ltr' id='par_1_8' title="bbox 371 858 1935 934">
     <span class='ocr_line' id='line_1_8' title="bbox 371 858 1935 934; baseline 0.005 -23"><span class='ocrx_word' id='word_1_35' title='bbox 371 858 475 912; x_wconf 84' lang='grc' dir='ltr'><strong>λῶν</strong></span> <span class='ocrx_word' id='word_1_36' title='bbox 500 859 680 914; x_wconf 89' lang='grc' dir='ltr'>αύτῶν</span> <span class='ocrx_word' id='word_1_37' title='bbox 713 863 933 934; x_wconf 84' lang='grc' dir='ltr'>Κύριος,</span> <span class='ocrx_word' id='word_1_38' title='bbox 957 864 1137 917; x_wconf 75' lang='grc' dir='ltr'>καὶτὰ</span> <span class='ocrx_word' id='word_1_39' title='bbox 1165 867 1299 919; x_wconf 76' lang='grc' dir='ltr'>κατὰ</span> <span class='ocrx_word' id='word_1_40' title='bbox 1328 866 1419 918; x_wconf 77' lang='grc' dir='ltr'>τοῦ</span> <span class='ocrx_word' id='word_1_41' title='bbox 1441 866 1646 918; x_wconf 76' lang='grc' dir='ltr'>δικαίου</span> <span class='ocrx_word' id='word_1_42' title='bbox 1672 866 1802 931; x_wconf 83' lang='grc' dir='ltr'>τόξα</span> <span class='ocrx_word' id='word_1_43' title='bbox 1828 866 1935 919; x_wconf 86' lang='grc' dir='ltr'><strong>τῶν</strong></span> 
     </span>
    </p>
   </div>
   <div class='ocr_carea' id='block_1_9' title="bbox 373 951 1935 1028">
    <p class='ocr_par' dir='ltr' id='par_1_9' title="bbox 373 951 1935 1028">
     <span class='ocr_line' id='line_1_9' title="bbox 373 951 1935 1028; baseline 0.006 -25"><span class='ocrx_word' id='word_1_44' title='bbox 373 951 583 1005; x_wconf 91' lang='grc' dir='ltr'>ἀσεϐῶν</span> <span class='ocrx_word' id='word_1_45' title='bbox 626 955 920 1027; x_wconf 86' lang='grc' dir='ltr'>συντρίϐει.</span> <span class='ocrx_word' id='word_1_46' title='bbox 960 956 1353 1011; x_wconf 85' lang='grc' dir='ltr'>Μετελεύσεται</span> <span class='ocrx_word' id='word_1_47' title='bbox 1401 958 1507 1028; x_wconf 77' lang='grc' dir='ltr'><strong>γὰρ</strong></span> <span class='ocrx_word' id='word_1_48' title='bbox 1552 960 1779 1021; x_wconf 78' lang='grc' dir='ltr'>αὐτούς·</span> <span class='ocrx_word' id='word_1_49' title='bbox 1816 957 1935 1012; x_wconf 75' lang='grc' dir='ltr'>οὐδὲ</span> 
     </span>
    </p>
   </div>
   <div class='ocr_carea' id='block_1_10' title="bbox 370 1043 1936 1122">
    <p class='ocr_par' dir='ltr' id='par_1_10' title="bbox 370 1043 1936 1122">
     <span class='ocr_line' id='line_1_10' title="bbox 370 1043 1936 1122; baseline 0.006 -26"><span class='ocrx_word' id='word_1_50' title='bbox 370 1043 452 1096; x_wconf 74' lang='grc' dir='ltr'>ἔτι</span> <span class='ocrx_word' id='word_1_51' title='bbox 476 1045 649 1113; x_wconf 90' lang='grc' dir='ltr'>γελῶν</span> <span class='ocrx_word' id='word_1_52' title='bbox 672 1048 756 1116; x_wconf 72' lang='grc' dir='ltr'><strong>ἐφ’</strong></span> <span class='ocrx_word' id='word_1_53' title='bbox 782 1043 867 1111; x_wconf 75' lang='grc' dir='ltr'>οἷς</span> <span class='ocrx_word' id='word_1_54' title='bbox 892 1048 1254 1113; x_wconf 78' lang='grc' dir='ltr'>διανοοῦνται,</span> <span class='ocrx_word' id='word_1_55' title='bbox 1283 1051 1418 1103; x_wconf 81' lang='grc' dir='ltr'><strong>ἀλλά</strong></span> <span class='ocrx_word' id='word_1_56' title='bbox 1438 1055 1503 1122; x_wconf 81' lang='grc' dir='ltr'><strong>τῇ</strong></span> <span class='ocrx_word' id='word_1_57' title='bbox 1528 1051 1649 1122; x_wconf 79' lang='grc' dir='ltr'>δίκῃ</span> <span class='ocrx_word' id='word_1_58' title='bbox 1676 1055 1740 1122; x_wconf 83' lang='grc' dir='ltr'>τῇ</span> <span class='ocrx_word' id='word_1_59' title='bbox 1770 1066 1936 1122; x_wconf 82' lang='grc' dir='ltr'>προσ-</span> 
     </span>
    </p>
   </div>
   <div class='ocr_carea' id='block_1_11' title="bbox 366 1134 1936 1213">
    <p class='ocr_par' dir='ltr' id='par_1_11' title="bbox 366 1134 1936 1213">
     <span class='ocr_line' id='line_1_11' title="bbox 366 1134 1936 1213; baseline 0.004 -25"><span class='ocrx_word' id='word_1_60' title='bbox 366 1134 574 1205; x_wconf 75' lang='grc' dir='ltr'>ηκούσῃ</span> <span class='ocrx_word' id='word_1_61' title='bbox 600 1139 717 1191; x_wconf 86' lang='grc' dir='ltr'>κατ’</span> <span class='ocrx_word' id='word_1_62' title='bbox 741 1140 918 1192; x_wconf 83' lang='grc' dir='ltr'>αὐτῶν</span> <span class='ocrx_word' id='word_1_63' title='bbox 946 1139 1239 1211; x_wconf 77' lang='grc' dir='ltr'>χρώμενος.</span> <span class='ocrx_word' id='word_1_64' title='bbox 1271 1139 1453 1193; x_wconf 81' lang='grc' dir='ltr'>Ταῦτα</span> <span class='ocrx_word' id='word_1_65' title='bbox 1480 1140 1555 1202; x_wconf 84' lang='grc' dir='ltr'>δὲ,</span> <span class='ocrx_word' id='word_1_66' title='bbox 1585 1141 1665 1194; x_wconf 88' lang='grc' dir='ltr'>ὃτι</span> <span class='ocrx_word' id='word_1_67' title='bbox 1691 1142 1762 1213; x_wconf 78' lang='grc' dir='ltr'>μὴ</span> <span class='ocrx_word' id='word_1_68' title='bbox 1790 1141 1936 1209; x_wconf 80' lang='grc' dir='ltr'>λόγοι</span> 
     </span>
    </p>
   </div>
   <div class='ocr_carea' id='block_1_12' title="bbox 369 1226 1937 1303">
    <p class='ocr_par' dir='ltr' id='par_1_12' title="bbox 369 1226 1937 1303">
     <span class='ocr_line' id='line_1_12' title="bbox 369 1226 1937 1303; baseline 0.003 -23"><span class='ocrx_word' id='word_1_69' title='bbox 369 1226 742 1298; x_wconf 78' lang='grc' dir='ltr'><strong>τυγχάνουσιν,</strong></span> <span class='ocrx_word' id='word_1_70' title='bbox 773 1229 885 1283; x_wconf 83' lang='grc' dir='ltr'>ἀλλ’</span> <span class='ocrx_word' id='word_1_71' title='bbox 914 1230 1048 1301; x_wconf 75' lang='grc' dir='ltr'>ἔργα</span> <span class='ocrx_word' id='word_1_72' title='bbox 1082 1231 1251 1301; x_wconf 83' lang='grc' dir='ltr'><strong>ἀληθῆ</strong></span> <span class='ocrx_word' id='word_1_73' title='bbox 1285 1231 1697 1303; x_wconf 81' lang='grc' dir='ltr'>μαρτυρούμενα</span> <span class='ocrx_word' id='word_1_74' title='bbox 1724 1233 1813 1285; x_wconf 79' lang='grc' dir='ltr'><strong>ὑπ’</strong></span> <span class='ocrx_word' id='word_1_75' title='bbox 1848 1233 1937 1284; x_wconf 89' lang='grc' dir='ltr'>αύ-</span> 
     </span>
    </p>
   </div>
   <div class='ocr_carea' id='block_1_13' title="bbox 367 1315 1936 1392">
    <p class='ocr_par' dir='ltr' id='par_1_13' title="bbox 367 1315 1936 1392">
     <span class='ocr_line' id='line_1_13' title="bbox 367 1315 1936 1392; baseline 0.002 -21"><span class='ocrx_word' id='word_1_76' title='bbox 367 1315 468 1386; x_wconf 83' lang='grc' dir='ltr'>τῆς</span> <span class='ocrx_word' id='word_1_77' title='bbox 498 1319 796 1391; x_wconf 75' lang='grc' dir='ltr'>ἐνεργείας,</span> <span class='ocrx_word' id='word_1_78' title='bbox 825 1320 915 1373; x_wconf 77' lang='grc' dir='ltr'><strong>καὶ</strong></span> <span class='ocrx_word' id='word_1_79' title='bbox 948 1320 1077 1392; x_wconf 74' lang='grc' dir='ltr'>ἡμῖν</span> <span class='ocrx_word' id='word_1_80' title='bbox 1125 1321 1307 1384; x_wconf 83' lang='grc' dir='ltr'>αὐτοῖς</span> <span class='ocrx_word' id='word_1_81' title='bbox 1346 1324 1460 1385; x_wconf 83' lang='grc' dir='ltr'>τοῖς</span> <span class='ocrx_word' id='word_1_82' title='bbox 1492 1320 1664 1375; x_wconf 83' lang='grc' dir='ltr'>ταῦτα</span> <span class='ocrx_word' id='word_1_83' title='bbox 1709 1322 1826 1375; x_wconf 70' lang='grc' dir='ltr'>νυνὶ</span> <span class='ocrx_word' id='word_1_84' title='bbox 1859 1321 1936 1374; x_wconf 87' lang='grc' dir='ltr'>δι-</span> 
     </span>
    </p>
   </div>
   <div class='ocr_carea' id='block_1_14' title="bbox 368 1409 1935 1486">
    <p class='ocr_par' dir='ltr' id='par_1_14' title="bbox 368 1409 1935 1486">
     <span class='ocr_line' id='line_1_14' title="bbox 368 1409 1935 1486; baseline 0.001 -20"><span class='ocrx_word' id='word_1_85' title='bbox 368 1409 511 1477; x_wconf 79' lang='grc' dir='ltr'><strong>εξιοῦ</strong></span> <span class='ocrx_word' id='word_1_86' title='bbox 522 1431 601 1467; x_wconf 84' lang='grc' dir='ltr'><strong>σιν</strong></span> <span class='ocrx_word' id='word_1_87' title='bbox 628 1415 661 1486; x_wconf 77' lang='grc' dir='ltr'>ὴ</span> <span class='ocrx_word' id='word_1_88' title='bbox 689 1417 848 1486; x_wconf 79' lang='grc' dir='ltr'>πεῖρα</span> <span class='ocrx_word' id='word_1_89' title='bbox 873 1414 980 1467; x_wconf 89' lang='grc' dir='ltr'><strong>τῶν</strong></span> <span class='ocrx_word' id='word_1_90' title='bbox 1008 1414 1182 1483; x_wconf 76' lang='grc' dir='ltr'>ἔργων</span> <span class='ocrx_word' id='word_1_91' title='bbox 1210 1414 1568 1469; x_wconf 81' lang='grc' dir='ltr'><strong>ἐπιστώσατο.</strong></span> <span class='ocrx_word' id='word_1_92' title='bbox 1612 1414 1935 1485; x_wconf 77' lang='grc' dir='ltr'>Ὀφθαλμοῖς</span> 
     </span>
    </p>
   </div>
   <div class='ocr_carea' id='block_1_15' title="bbox 368 1501 1933 1576">
    <p class='ocr_par' dir='ltr' id='par_1_15' title="bbox 368 1501 1933 1576">
     <span class='ocr_line' id='line_1_15' title="bbox 368 1501 1933 1576; baseline 0 -19"><span class='ocrx_word' id='word_1_93' title='bbox 368 1503 498 1572; x_wconf 79' lang='grc' dir='ltr'>γοῦν</span> <span class='ocrx_word' id='word_1_94' title='bbox 545 1504 977 1575; x_wconf 76' lang='grc' dir='ltr'>παρειλήφαμεν,</span> <span class='ocrx_word' id='word_1_95' title='bbox 1015 1503 1089 1569; x_wconf 84' lang='grc' dir='ltr'>ὡς</span> <span class='ocrx_word' id='word_1_96' title='bbox 1125 1506 1175 1559; x_wconf 83' lang='grc' dir='ltr'>οἱ</span> <span class='ocrx_word' id='word_1_97' title='bbox 1210 1501 1524 1576; x_wconf 71' lang='grc' dir='ltr'>ἁμαρτωλοὶ</span> <span class='ocrx_word' id='word_1_98' title='bbox 1558 1508 1616 1558; x_wconf 82' lang='grc' dir='ltr'>ὲν</span> <span class='ocrx_word' id='word_1_99' title='bbox 1657 1509 1768 1569; x_wconf 87' lang='grc' dir='ltr'>τοῖς</span> <span class='ocrx_word' id='word_1_100' title='bbox 1814 1505 1933 1559; x_wconf 84' lang='grc' dir='ltr'>καθ’</span> 
     </span>
    </p>
   </div>
   <div class='ocr_carea' id='block_1_16' title="bbox 366 1592 1935 1665">
    <p class='ocr_par' dir='ltr' id='par_1_16' title="bbox 366 1592 1935 1665">
     <span class='ocr_line' id='line_1_16' title="bbox 366 1592 1935 1665; baseline 0 -18"><span class='ocrx_word' id='word_1_101' title='bbox 366 1593 524 1665; x_wconf 72' lang='grc' dir='ltr'>ἡμῶν</span> <span class='ocrx_word' id='word_1_102' title='bbox 560 1592 815 1664; x_wconf 79' lang='grc' dir='ltr'><strong>διωγμοῖς</strong></span> <span class='ocrx_word' id='word_1_103' title='bbox 862 1594 1129 1664; x_wconf 75' lang='grc' dir='ltr'><strong>ῥομφαίαν</strong></span> <span class='ocrx_word' id='word_1_104' title='bbox 1177 1597 1482 1649; x_wconf 79' lang='grc' dir='ltr'><strong>ἐσπάσαντο</strong></span> <span class='ocrx_word' id='word_1_105' title='bbox 1527 1596 1667 1650; x_wconf 85' lang='grc' dir='ltr'><strong>κατά</strong></span> <span class='ocrx_word' id='word_1_106' title='bbox 1709 1595 1817 1648; x_wconf 89' lang='grc' dir='ltr'><strong>τῶν</strong></span> <span class='ocrx_word' id='word_1_107' title='bbox 1856 1595 1935 1648; x_wconf 89' lang='grc' dir='ltr'>δι-</span> 
     </span>
    </p>
   </div>
   <div class='ocr_carea' id='block_1_17' title="bbox 367 1682 1935 1751">
    <p class='ocr_par' dir='ltr' id='par_1_17' title="bbox 367 1682 1935 1751">
     <span class='ocr_line' id='line_1_17' title="bbox 367 1682 1935 1751; baseline 0.001 -14"><span class='ocrx_word' id='word_1_108' title='bbox 367 1685 557 1748; x_wconf 87' lang='grc' dir='ltr'>καίων,</span> <span class='ocrx_word' id='word_1_109' title='bbox 592 1686 685 1737; x_wconf 75' lang='grc' dir='ltr'>καὶ</span> <span class='ocrx_word' id='word_1_110' title='bbox 722 1682 795 1747; x_wconf 83' lang='grc' dir='ltr'>ὡς</span> <span class='ocrx_word' id='word_1_111' title='bbox 839 1685 1104 1739; x_wconf 78' lang='grc' dir='ltr'>ἐνέτειναν</span> <span class='ocrx_word' id='word_1_112' title='bbox 1149 1687 1219 1739; x_wconf 74' lang='grc' dir='ltr'>τὰ</span> <span class='ocrx_word' id='word_1_113' title='bbox 1252 1687 1378 1751; x_wconf 78' lang='grc' dir='ltr'>τόξα</span> <span class='ocrx_word' id='word_1_114' title='bbox 1422 1687 1599 1740; x_wconf 75' lang='grc' dir='ltr'>αὐτῶν</span> <span class='ocrx_word' id='word_1_115' title='bbox 1629 1686 1722 1740; x_wconf 81' lang='grc' dir='ltr'><strong>τοῦ</strong></span> <span class='ocrx_word' id='word_1_116' title='bbox 1767 1704 1935 1740; x_wconf 87' lang='grc' dir='ltr'>κατα-</span> 
     </span>
    </p>
   </div>
   <div class='ocr_carea' id='block_1_18' title="bbox 368 1775 1936 1847">
    <p class='ocr_par' dir='ltr' id='par_1_18' title="bbox 368 1775 1936 1847">
     <span class='ocr_line' id='line_1_18' title="bbox 368 1775 1936 1847; baseline 0.001 -19"><span class='ocrx_word' id='word_1_117' title='bbox 368 1775 548 1829; x_wconf 83' lang='grc' dir='ltr'>ϐαλεῖν</span> <span class='ocrx_word' id='word_1_118' title='bbox 577 1776 784 1847; x_wconf 78' lang='grc' dir='ltr'>πένητα</span> <span class='ocrx_word' id='word_1_119' title='bbox 816 1776 908 1829; x_wconf 84' lang='grc' dir='ltr'>καὶ</span> <span class='ocrx_word' id='word_1_120' title='bbox 941 1776 1171 1847; x_wconf 86' lang='grc' dir='ltr'>πτωχὸν,</span> <span class='ocrx_word' id='word_1_121' title='bbox 1207 1778 1301 1830; x_wconf 78' lang='grc' dir='ltr'>καὶ</span> <span class='ocrx_word' id='word_1_122' title='bbox 1337 1777 1432 1831; x_wconf 76' lang='grc' dir='ltr'>τοῦ</span> <span class='ocrx_word' id='word_1_123' title='bbox 1465 1777 1660 1847; x_wconf 75' lang='grc' dir='ltr'>σφάξαι</span> <span class='ocrx_word' id='word_1_124' title='bbox 1692 1778 1819 1841; x_wconf 76' lang='grc' dir='ltr'>τοὺς</span> <span class='ocrx_word' id='word_1_125' title='bbox 1848 1778 1936 1830; x_wconf 84' lang='grc' dir='ltr'>εύ-</span> 
     </span>
    </p>
   </div>
   <div class='ocr_carea' id='block_1_19' title="bbox 368 1867 1934 1941">
    <p class='ocr_par' dir='ltr' id='par_1_19' title="bbox 368 1867 1934 1941">
     <span class='ocr_line' id='line_1_19' title="bbox 368 1867 1934 1941; baseline 0.002 -20"><span class='ocrx_word' id='word_1_126' title='bbox 368 1867 478 1932; x_wconf 86' lang='grc' dir='ltr'>θεῖς</span> <span class='ocrx_word' id='word_1_127' title='bbox 502 1871 570 1940; x_wconf 83' lang='grc' dir='ltr'>τῇ</span> <span class='ocrx_word' id='word_1_128' title='bbox 606 1870 820 1941; x_wconf 76' lang='grc' dir='ltr'>καρδίᾳ,</span> <span class='ocrx_word' id='word_1_129' title='bbox 866 1869 959 1922; x_wconf 78' lang='grc' dir='ltr'>καὶ</span> <span class='ocrx_word' id='word_1_130' title='bbox 998 1868 1073 1932; x_wconf 84' lang='grc' dir='ltr'><strong>ὡς</strong></span> <span class='ocrx_word' id='word_1_131' title='bbox 1105 1868 1349 1940; x_wconf 74' lang='grc' dir='ltr'>ἔπραξαν</span> <span class='ocrx_word' id='word_1_132' title='bbox 1376 1869 1469 1922; x_wconf 72' lang='grc' dir='ltr'>καὶ</span> <span class='ocrx_word' id='word_1_133' title='bbox 1516 1870 1808 1924; x_wconf 86' lang='grc' dir='ltr'>κατέϐαλον</span> <span class='ocrx_word' id='word_1_134' title='bbox 1842 1868 1934 1924; x_wconf 66' lang='grc' dir='ltr'><strong>καὶ</strong></span> 
     </span>
    </p>
   </div>
   <div class='ocr_carea' id='block_1_20' title="bbox 2036 674 3592 756">
    <p class='ocr_par' dir='ltr' id='par_1_20' title="bbox 2036 674 3592 756">
     <span class='ocr_line' id='line_1_20' title="bbox 2036 674 3592 756; baseline 0.002 -19"><span class='ocrx_word' id='word_1_135' title='bbox 2036 693 2125 740; x_wconf 91' lang='lat' dir='ltr'><strong>tus</strong></span> <span class='ocrx_word' id='word_1_136' title='bbox 2150 692 2253 746; x_wconf 87' lang='lat' dir='ltr'><strong>est,</strong></span> <span class='ocrx_word' id='word_1_137' title='bbox 2289 683 2659 751; x_wconf 82' lang='lat' dir='ltr'><strong>inferendam;</strong></span> <span class='ocrx_word' id='word_1_138' title='bbox 2711 693 2824 739; x_wconf 90' lang='lat' dir='ltr'><strong>tum</strong></span> <span class='ocrx_word' id='word_1_139' title='bbox 2850 684 3129 749; x_wconf 88' lang='lat' dir='ltr'><strong>Dominus,</strong></span> <span class='ocrx_word' id='word_1_140' title='bbox 3164 684 3257 756; x_wconf 94' lang='lat' dir='ltr'><strong>qui</strong></span> <span class='ocrx_word' id='word_1_141' title='bbox 3288 674 3417 739; x_wconf 74' lang='lat' dir='ltr'><strong>olim</strong></span> <span class='ocrx_word' id='word_1_142' title='bbox 3448 684 3592 740; x_wconf 80' lang='lat' dir='ltr'><strong>deri-</strong></span> 
     </span>
    </p>
   </div>
   <div class='ocr_carea' id='block_1_21' title="bbox 2035 772 3591 848">
    <p class='ocr_par' dir='ltr' id='par_1_21' title="bbox 2035 772 3591 848">
     <span class='ocr_line' id='line_1_21' title="bbox 2035 772 3591 848; baseline 0.003 -21"><span class='ocrx_word' id='word_1_143' title='bbox 2035 772 2198 830; x_wconf 88' lang='lat' dir='ltr'><strong>debat</strong></span> <span class='ocrx_word' id='word_1_144' title='bbox 2228 791 2353 842; x_wconf 90' lang='lat' dir='ltr'><strong>eos,</strong></span> <span class='ocrx_word' id='word_1_145' title='bbox 2409 775 2647 848; x_wconf 88' lang='lat' dir='ltr'><strong>gladium</strong></span> <span class='ocrx_word' id='word_1_146' title='bbox 2695 777 2854 831; x_wconf 89' lang='lat' dir='ltr'><strong>vertit</strong></span> <span class='ocrx_word' id='word_1_147' title='bbox 2914 778 2965 830; x_wconf 88' lang='lat' dir='ltr'><strong>in</strong></span> <span class='ocrx_word' id='word_1_148' title='bbox 3013 776 3179 831; x_wconf 81' lang='lat' dir='ltr'><strong>corda</strong></span> <span class='ocrx_word' id='word_1_149' title='bbox 3212 777 3489 848; x_wconf 90' lang='lat' dir='ltr'><strong>ipsorum,</strong></span> <span class='ocrx_word' id='word_1_150' title='bbox 3538 782 3591 831; x_wconf 85' lang='lat' dir='ltr'><strong>et</strong></span> 
     </span>
    </p>
   </div>
   <div class='ocr_carea' id='block_1_22' title="bbox 2034 866 3589 939">
    <p class='ocr_par' dir='ltr' id='par_1_22' title="bbox 2034 866 3589 939">
     <span class='ocr_line' id='line_1_22' title="bbox 2034 866 3589 939; baseline 0.003 -23"><span class='ocrx_word' id='word_1_151' title='bbox 2034 878 2195 921; x_wconf 89' lang='lat' dir='ltr'><strong>arcus</strong></span> <span class='ocrx_word' id='word_1_152' title='bbox 2229 867 2517 937; x_wconf 90' lang='lat' dir='ltr'><strong>impiorum</strong></span> <span class='ocrx_word' id='word_1_153' title='bbox 2567 874 2756 923; x_wconf 86' lang='lat' dir='ltr'><strong>contra</strong></span> <span class='ocrx_word' id='word_1_154' title='bbox 2784 868 2992 937; x_wconf 91' lang='lat' dir='ltr'><strong>justum</strong></span> <span class='ocrx_word' id='word_1_155' title='bbox 3021 876 3238 939; x_wconf 88' lang='lat' dir='ltr'><strong>paratos</strong></span> <span class='ocrx_word' id='word_1_156' title='bbox 3272 866 3589 937; x_wconf 73' lang='lat' dir='ltr'><strong>confringit.</strong></span> 
     </span>
    </p>
   </div>
   <div class='ocr_carea' id='block_1_23' title="bbox 2032 954 3588 1029">
    <p class='ocr_par' dir='ltr' id='par_1_23' title="bbox 2032 954 3588 1029">
     <span class='ocr_line' id='line_1_23' title="bbox 2032 954 3588 1029; baseline 0.002 -21"><span class='ocrx_word' id='word_1_157' title='bbox 2032 954 2151 1011; x_wconf 84' lang='lat' dir='ltr'><strong>Non</strong></span> <span class='ocrx_word' id='word_1_158' title='bbox 2184 957 2295 1026; x_wconf 89' lang='lat' dir='ltr'><strong>jam</strong></span> <span class='ocrx_word' id='word_1_159' title='bbox 2336 958 2697 1029; x_wconf 73' lang='lat' dir='ltr'><strong>cogitationes</strong></span> <span class='ocrx_word' id='word_1_160' title='bbox 2727 973 2914 1013; x_wconf 91' lang='lat' dir='ltr'><strong>eorum</strong></span> <span class='ocrx_word' id='word_1_161' title='bbox 2948 958 3201 1013; x_wconf 87' lang='lat' dir='ltr'><strong>deridens</strong></span> <span class='ocrx_word' id='word_1_162' title='bbox 3234 957 3447 1012; x_wconf 84' lang='lat' dir='ltr'><strong>invadet</strong></span> <span class='ocrx_word' id='word_1_163' title='bbox 3471 972 3588 1021; x_wconf 85' lang='lat' dir='ltr'><strong>eos,</strong></span> 
     </span>
    </p>
   </div>
   <div class='ocr_carea' id='block_1_24' title="bbox 2035 1048 3590 1119">
    <p class='ocr_par' dir='ltr' id='par_1_24' title="bbox 2035 1048 3590 1119">
     <span class='ocr_line' id='line_1_24' title="bbox 2035 1048 3590 1119; baseline 0 -15"><span class='ocrx_word' id='word_1_164' title='bbox 2035 1048 2129 1104; x_wconf 89' lang='lat' dir='ltr'><strong>sed</strong></span> <span class='ocrx_word' id='word_1_165' title='bbox 2161 1051 2457 1119; x_wconf 90' lang='lat' dir='ltr'><strong>promerita</strong></span> <span class='ocrx_word' id='word_1_166' title='bbox 2488 1051 2593 1106; x_wconf 89' lang='lat' dir='ltr'><strong>illis</strong></span> <span class='ocrx_word' id='word_1_167' title='bbox 2626 1051 2831 1106; x_wconf 90' lang='lat' dir='ltr'><strong>ultione</strong></span> <span class='ocrx_word' id='word_1_168' title='bbox 2862 1058 3064 1106; x_wconf 86' lang='lat' dir='ltr'><strong>utetur.</strong></span> <span class='ocrx_word' id='word_1_169' title='bbox 3091 1050 3242 1116; x_wconf 85' lang='lat' dir='ltr'><strong>Quod</strong></span> <span class='ocrx_word' id='word_1_170' title='bbox 3277 1058 3454 1104; x_wconf 85' lang='lat' dir='ltr'><strong>autem</strong></span> <span class='ocrx_word' id='word_1_171' title='bbox 3476 1049 3590 1104; x_wconf 76' lang='lat' dir='ltr'><strong>haec</strong></span> 
     </span>
    </p>
   </div>
   <div class='ocr_carea' id='block_1_25' title="bbox 2036 1140 3599 1212">
    <p class='ocr_par' dir='ltr' id='par_1_25' title="bbox 2036 1140 3599 1212">
     <span class='ocr_line' id='line_1_25' title="bbox 2036 1140 3599 1212; baseline 0.003 -21"><span class='ocrx_word' id='word_1_172' title='bbox 2036 1154 2143 1193; x_wconf 88' lang='lat' dir='ltr'><strong>non</strong></span> <span class='ocrx_word' id='word_1_173' title='bbox 2188 1155 2336 1194; x_wconf 90' lang='lat' dir='ltr'><strong>mera</strong></span> <span class='ocrx_word' id='word_1_174' title='bbox 2367 1141 2529 1196; x_wconf 88' lang='lat' dir='ltr'><strong>verba</strong></span> <span class='ocrx_word' id='word_1_175' title='bbox 2566 1141 2697 1209; x_wconf 88' lang='lat' dir='ltr'><strong>sint,</strong></span> <span class='ocrx_word' id='word_1_176' title='bbox 2732 1142 2827 1197; x_wconf 88' lang='lat' dir='ltr'><strong>sed</strong></span> <span class='ocrx_word' id='word_1_177' title='bbox 2873 1157 2960 1197; x_wconf 88' lang='lat' dir='ltr'><strong>res</strong></span> <span class='ocrx_word' id='word_1_178' title='bbox 2989 1148 3153 1212; x_wconf 70' lang='lat' dir='ltr'><strong>gestae</strong></span> <span class='ocrx_word' id='word_1_179' title='bbox 3181 1156 3243 1194; x_wconf 91' lang='lat' dir='ltr'><strong>ac</strong></span> <span class='ocrx_word' id='word_1_180' title='bbox 3283 1140 3401 1211; x_wconf 90' lang='lat' dir='ltr'><strong>ipso</strong></span> <span class='ocrx_word' id='word_1_181' title='bbox 3429 1154 3599 1209; x_wconf 89' lang='lat' dir='ltr'><strong>opere-</strong></span> 
     </span>
    </p>
   </div>
   <div class='ocr_carea' id='block_1_26' title="bbox 2033 1231 3591 1305">
    <p class='ocr_par' dir='ltr' id='par_1_26' title="bbox 2033 1231 3591 1305">
     <span class='ocr_line' id='line_1_26' title="bbox 2033 1231 3591 1305; baseline 0 -21"><span class='ocrx_word' id='word_1_182' title='bbox 2033 1232 2435 1301; x_wconf 67' lang='lat' dir='ltr'><strong>comprobatae,</strong></span> <span class='ocrx_word' id='word_1_183' title='bbox 2481 1235 2638 1289; x_wconf 87' lang='lat' dir='ltr'><strong>nobis</strong></span> <span class='ocrx_word' id='word_1_184' title='bbox 2682 1234 2773 1305; x_wconf 90' lang='lat' dir='ltr'><strong>qui</strong></span> <span class='ocrx_word' id='word_1_185' title='bbox 2828 1233 2941 1288; x_wconf 61' lang='lat' dir='ltr'><strong>hac</strong></span> <span class='ocrx_word' id='word_1_186' title='bbox 2969 1246 3284 1288; x_wconf 89' lang='lat' dir='ltr'><strong>enarramus</strong></span> <span class='ocrx_word' id='word_1_187' title='bbox 3330 1232 3415 1287; x_wconf 85' lang='lat' dir='ltr'><strong>vel</strong></span> <span class='ocrx_word' id='word_1_188' title='bbox 3473 1231 3591 1300; x_wconf 82' lang='lat' dir='ltr'><strong>ipsa</strong></span> 
     </span>
    </p>
   </div>
   <div class='ocr_carea' id='block_1_27' title="bbox 2033 1321 3591 1393">
    <p class='ocr_par' dir='ltr' id='par_1_27' title="bbox 2033 1321 3591 1393">
     <span class='ocr_line' id='line_1_27' title="bbox 2033 1321 3591 1393; baseline -0.002 -17"><span class='ocrx_word' id='word_1_189' title='bbox 2033 1321 2368 1390; x_wconf 78' lang='lat' dir='ltr'><strong>experientia</strong></span> <span class='ocrx_word' id='word_1_190' title='bbox 2400 1324 2871 1388; x_wconf 65' lang='lat' dir='ltr'><strong>commonstravit.</strong></span> <span class='ocrx_word' id='word_1_191' title='bbox 2910 1322 3047 1393; x_wconf 89' lang='lat' dir='ltr'><strong>Ipsis</strong></span> <span class='ocrx_word' id='word_1_192' title='bbox 3080 1323 3244 1393; x_wconf 86' lang='lat' dir='ltr'><strong>igitur</strong></span> <span class='ocrx_word' id='word_1_193' title='bbox 3275 1321 3447 1375; x_wconf 88' lang='lat' dir='ltr'><strong>oculis</strong></span> <span class='ocrx_word' id='word_1_194' title='bbox 3473 1335 3591 1390; x_wconf 82' lang='lat' dir='ltr'><strong>per-</strong></span> 
     </span>
    </p>
   </div>
   <div class='ocr_carea' id='block_1_28' title="bbox 2033 1411 3596 1486">
    <p class='ocr_par' dir='ltr' id='par_1_28' title="bbox 2033 1411 3596 1486">
     <span class='ocr_line' id='line_1_28' title="bbox 2033 1411 3596 1486; baseline 0.002 -24"><span class='ocrx_word' id='word_1_195' title='bbox 2033 1411 2300 1480; x_wconf 85' lang='lat' dir='ltr'><strong>cepimus,</strong></span> <span class='ocrx_word' id='word_1_196' title='bbox 2329 1421 2642 1482; x_wconf 83' lang='lat' dir='ltr'><strong>peccatores</strong></span> <span class='ocrx_word' id='word_1_197' title='bbox 2672 1416 2728 1470; x_wconf 91' lang='lat' dir='ltr'><strong>in</strong></span> <span class='ocrx_word' id='word_1_198' title='bbox 2775 1415 3248 1486; x_wconf 89' lang='lat' dir='ltr'><strong>persecutionibus</strong></span> <span class='ocrx_word' id='word_1_199' title='bbox 3286 1412 3341 1467; x_wconf 91' lang='lat' dir='ltr'><strong>in</strong></span> <span class='ocrx_word' id='word_1_200' title='bbox 3372 1428 3474 1479; x_wconf 83' lang='lat' dir='ltr'><strong>nos</strong></span> <span class='ocrx_word' id='word_1_201' title='bbox 3499 1427 3596 1465; x_wconf 61' lang='lat' dir='ltr'><strong>ep-</strong></span> 
     </span>
    </p>
   </div>
   <div class='ocr_carea' id='block_1_29' title="bbox 2033 1502 3595 1575">
    <p class='ocr_par' dir='ltr' id='par_1_29' title="bbox 2033 1502 3595 1575">
     <span class='ocr_line' id='line_1_29' title="bbox 2033 1502 3595 1575; baseline -0.001 -19"><span class='ocrx_word' id='word_1_202' title='bbox 2033 1502 2214 1558; x_wconf 90' lang='lat' dir='ltr'><strong>eitatis</strong></span> <span class='ocrx_word' id='word_1_203' title='bbox 2240 1503 2504 1560; x_wconf 86' lang='lat' dir='ltr'><strong>adversus</strong></span> <span class='ocrx_word' id='word_1_204' title='bbox 2529 1504 2708 1573; x_wconf 85' lang='lat' dir='ltr'><strong>justos</strong></span> <span class='ocrx_word' id='word_1_205' title='bbox 2740 1506 2976 1575; x_wconf 87' lang='lat' dir='ltr'><strong>gladium</strong></span> <span class='ocrx_word' id='word_1_206' title='bbox 3008 1505 3262 1560; x_wconf 83' lang='lat' dir='ltr'><strong>eduxisse</strong></span> <span class='ocrx_word' id='word_1_207' title='bbox 3285 1543 3300 1568; x_wconf 91' lang='lat'><strong>,</strong></span> <span class='ocrx_word' id='word_1_208' title='bbox 3325 1515 3595 1573; x_wconf 82' lang='lat' dir='ltr'><strong>arcusque</strong></span> 
     </span>
    </p>
   </div>
   <div class='ocr_carea' id='block_1_30' title="bbox 2034 1597 3590 1670">
    <p class='ocr_par' dir='ltr' id='par_1_30' title="bbox 2034 1597 3590 1670">
     <span class='ocr_line' id='line_1_30' title="bbox 2034 1597 3590 1670; baseline -0.001 -19"><span class='ocrx_word' id='word_1_209' title='bbox 2034 1611 2164 1652; x_wconf 89' lang='lat' dir='ltr'><strong>suos</strong></span> <span class='ocrx_word' id='word_1_210' title='bbox 2197 1597 2497 1653; x_wconf 84' lang='lat' dir='ltr'><strong>intendisse</strong></span> <span class='ocrx_word' id='word_1_211' title='bbox 2524 1608 2585 1653; x_wconf 93' lang='lat' dir='ltr'><strong>ut</strong></span> <span class='ocrx_word' id='word_1_212' title='bbox 2614 1599 2913 1668; x_wconf 88' lang='lat' dir='ltr'><strong>dejicerent</strong></span> <span class='ocrx_word' id='word_1_213' title='bbox 2940 1614 3231 1670; x_wconf 86' lang='lat' dir='ltr'><strong>pauperem</strong></span> <span class='ocrx_word' id='word_1_214' title='bbox 3256 1607 3310 1654; x_wconf 90' lang='lat' dir='ltr'><strong>et</strong></span> <span class='ocrx_word' id='word_1_215' title='bbox 3352 1599 3590 1667; x_wconf 85' lang='lat' dir='ltr'><strong>inepem,</strong></span> 
     </span>
    </p>
   </div>
   <div class='ocr_carea' id='block_1_31' title="bbox 2032 1689 3594 1763">
    <p class='ocr_par' dir='ltr' id='par_1_31' title="bbox 2032 1689 3594 1763">
     <span class='ocr_line' id='line_1_31' title="bbox 2032 1689 3594 1763; baseline 0 -22"><span class='ocrx_word' id='word_1_216' title='bbox 2032 1694 2087 1742; x_wconf 88' lang='lat' dir='ltr'><strong>et</strong></span> <span class='ocrx_word' id='word_1_217' title='bbox 2118 1689 2550 1763; x_wconf 90' lang='lat' dir='ltr'><strong>uttrucidarent</strong></span> <span class='ocrx_word' id='word_1_218' title='bbox 2603 1699 2783 1744; x_wconf 86' lang='lat' dir='ltr'><strong>rectos</strong></span> <span class='ocrx_word' id='word_1_219' title='bbox 2832 1689 3024 1753; x_wconf 90' lang='lat' dir='ltr'><strong>corde;</strong></span> <span class='ocrx_word' id='word_1_220' title='bbox 3074 1690 3421 1759; x_wconf 87' lang='lat' dir='ltr'><strong>idipsumque</strong></span> <span class='ocrx_word' id='word_1_221' title='bbox 3448 1702 3594 1757; x_wconf 69' lang='lat' dir='ltr'><strong>prae-</strong></span> 
     </span>
    </p>
   </div>
   <div class='ocr_carea' id='block_1_32' title="bbox 2034 1778 3593 1850">
    <p class='ocr_par' dir='ltr' id='par_1_32' title="bbox 2034 1778 3593 1850">
     <span class='ocr_line' id='line_1_32' title="bbox 2034 1778 3593 1850; baseline 0.001 -18"><span class='ocrx_word' id='word_1_222' title='bbox 2034 1778 2270 1834; x_wconf 82' lang='lat' dir='ltr'><strong>stitisse:</strong></span> <span class='ocrx_word' id='word_1_223' title='bbox 2302 1788 2522 1836; x_wconf 81' lang='lat' dir='ltr'><strong>sanctos</strong></span> <span class='ocrx_word' id='word_1_224' title='bbox 2556 1787 2821 1850; x_wconf 86' lang='lat' dir='ltr'><strong>martyres</strong></span> <span class='ocrx_word' id='word_1_225' title='bbox 2851 1795 2949 1849; x_wconf 89' lang='lat' dir='ltr'><strong>pro</strong></span> <span class='ocrx_word' id='word_1_226' title='bbox 2979 1778 3089 1834; x_wconf 88' lang='lat' dir='ltr'><strong>Deo</strong></span> <span class='ocrx_word' id='word_1_227' title='bbox 3121 1779 3332 1834; x_wconf 79' lang='lat' dir='ltr'><strong>fortiter</strong></span> <span class='ocrx_word' id='word_1_228' title='bbox 3370 1786 3593 1848; x_wconf 88' lang='lat' dir='ltr'><strong>agentes</strong></span> 
     </span>
    </p>
   </div>
   <div class='ocr_carea' id='block_1_33' title="bbox 2035 1867 3589 1940">
    <p class='ocr_par' dir='ltr' id='par_1_33' title="bbox 2035 1867 3589 1940">
     <span class='ocr_line' id='line_1_33' title="bbox 2035 1867 3589 1940; baseline 0 -19"><span class='ocrx_word' id='word_1_229' title='bbox 2035 1867 2299 1937; x_wconf 89' lang='lat' dir='ltr'><strong>dejecisse</strong></span> <span class='ocrx_word' id='word_1_230' title='bbox 2357 1878 2411 1924; x_wconf 81' lang='lat' dir='ltr'><strong>et</strong></span> <span class='ocrx_word' id='word_1_231' title='bbox 2463 1869 2747 1939; x_wconf 82' lang='lat' dir='ltr'><strong>multiplici</strong></span> <span class='ocrx_word' id='word_1_232' title='bbox 2801 1870 2993 1925; x_wconf 88' lang='lat' dir='ltr'><strong>mortis</strong></span> <span class='ocrx_word' id='word_1_233' title='bbox 3038 1885 3233 1940; x_wconf 85' lang='lat' dir='ltr'><strong>genere</strong></span> <span class='ocrx_word' id='word_1_234' title='bbox 3283 1868 3589 1923; x_wconf 84' lang='lat' dir='ltr'><strong>sustulisse.</strong></span> 
     </span>
    </p>
   </div>
   <div class='ocr_carea' id='block_1_34' title="bbox 367 1946 1939 2033">
    <p class='ocr_par' dir='ltr' id='par_1_34' title="bbox 367 1959 1934 2033">
     <span class='ocr_line' id='line_1_34' title="bbox 367 1959 1934 2033; baseline 0.001 -20"><span class='ocrx_word' id='word_1_235' title='bbox 367 1961 576 2014; x_wconf 78' lang='grc' dir='ltr'>ἀνεῖλον</span> <span class='ocrx_word' id='word_1_236' title='bbox 610 1961 869 2025; x_wconf 79' lang='grc' dir='ltr'>ποικίλοις</span> <span class='ocrx_word' id='word_1_237' title='bbox 906 1960 1129 2033; x_wconf 86' lang='grc' dir='ltr'>τρόποις</span> <span class='ocrx_word' id='word_1_238' title='bbox 1174 1959 1416 2015; x_wconf 83' lang='grc' dir='ltr'>θανάτων</span> <span class='ocrx_word' id='word_1_239' title='bbox 1460 1962 1585 2026; x_wconf 77' lang='grc' dir='ltr'>τοὺς</span> <span class='ocrx_word' id='word_1_240' title='bbox 1625 1960 1762 2014; x_wconf 87' lang='grc' dir='ltr'><strong>κατά</strong></span> <span class='ocrx_word' id='word_1_241' title='bbox 1802 1962 1934 2015; x_wconf 83' lang='grc' dir='ltr'>Θεὸν</span> 
     </span>
    </p>
   </div>
   <div class='ocr_carea' id='block_1_35' title="bbox 2036 1946 3593 2033">
    <p class='ocr_par' dir='ltr' id='par_1_35' title="bbox 2042 1958 3593 2028">
     <span class='ocr_line' id='line_1_35' title="bbox 2042 1958 3593 2028; baseline 0 -15"><span class='ocrx_word' id='word_1_242' title='bbox 2042 1958 2108 2013; x_wconf 90' lang='lat' dir='ltr'><strong>Ut</strong></span> <span class='ocrx_word' id='word_1_243' title='bbox 2139 1968 2318 2014; x_wconf 91' lang='lat' dir='ltr'><strong>autem</strong></span> <span class='ocrx_word' id='word_1_244' title='bbox 2352 1960 2467 2015; x_wconf 65' lang='lat' dir='ltr'><strong>haec</strong></span> <span class='ocrx_word' id='word_1_245' title='bbox 2515 1960 2774 2028; x_wconf 82' lang='lat' dir='ltr'><strong>vidimus,</strong></span> <span class='ocrx_word' id='word_1_246' title='bbox 2802 1960 2876 2013; x_wconf 89' lang='lat' dir='ltr'><strong>ita</strong></span> <span class='ocrx_word' id='word_1_247' title='bbox 2920 1968 2974 2015; x_wconf 91' lang='lat' dir='ltr'><strong>et</strong></span> <span class='ocrx_word' id='word_1_248' title='bbox 3003 1961 3261 2015; x_wconf 88' lang='lat' dir='ltr'><strong>ultionem</strong></span> <span class='ocrx_word' id='word_1_249' title='bbox 3302 1958 3395 2015; x_wconf 86' lang='lat' dir='ltr'><strong>Dei</strong></span> <span class='ocrx_word' id='word_1_250' title='bbox 3445 1958 3593 2028; x_wconf 87' lang='lat' dir='ltr'><strong>ipsos</strong></span> 
     </span>
    </p>
   </div>
   <div class='ocr_carea' id='block_1_36' title="bbox 365 2050 1935 2123">
    <p class='ocr_par' dir='ltr' id='par_1_36' title="bbox 365 2050 1935 2123">
     <span class='ocr_line' id='line_1_36' title="bbox 365 2050 1935 2123; baseline 0.003 -21"><span class='ocrx_word' id='word_1_251' title='bbox 365 2050 788 2122; x_wconf 80' lang='grc' dir='ltr'>ἀνδρισαμένους</span> <span class='ocrx_word' id='word_1_252' title='bbox 834 2052 1023 2120; x_wconf 79' lang='grc' dir='ltr'>ἁγίους</span> <span class='ocrx_word' id='word_1_253' title='bbox 1068 2051 1366 2123; x_wconf 82' lang='grc' dir='ltr'>μάρτυρας.</span> <span class='ocrx_word' id='word_1_254' title='bbox 1411 2053 1619 2123; x_wconf 83' lang='grc' dir='ltr'>’Ὠσπερ</span> <span class='ocrx_word' id='word_1_255' title='bbox 1671 2052 1726 2105; x_wconf 84' lang='grc' dir='ltr'>δὲ</span> <span class='ocrx_word' id='word_1_256' title='bbox 1765 2054 1935 2107; x_wconf 80' lang='grc' dir='ltr'>ταῦτα</span> 
     </span>
    </p>
   </div>
   <div class='ocr_carea' id='block_1_37' title="bbox 368 2141 1936 2218">
    <p class='ocr_par' dir='ltr' id='par_1_37' title="bbox 368 2141 1936 2218">
     <span class='ocr_line' id='line_1_37' title="bbox 368 2141 1936 2218; baseline 0.004 -25"><span class='ocrx_word' id='word_1_257' title='bbox 368 2142 805 2218; x_wconf 66' lang='grc' dir='ltr'>ίστορησάμενοι,</span> <span class='ocrx_word' id='word_1_258' title='bbox 851 2141 992 2196; x_wconf 78' lang='grc' dir='ltr'>οὕτω</span> <span class='ocrx_word' id='word_1_259' title='bbox 1043 2142 1137 2196; x_wconf 73' lang='grc' dir='ltr'>καὶ</span> <span class='ocrx_word' id='word_1_260' title='bbox 1187 2142 1286 2214; x_wconf 86' lang='grc' dir='ltr'>τὴν</span> <span class='ocrx_word' id='word_1_261' title='bbox 1337 2142 1696 2213; x_wconf 75' lang='grc' dir='ltr'>μετελθοῦσαν</span> <span class='ocrx_word' id='word_1_262' title='bbox 1742 2145 1936 2209; x_wconf 76' lang='grc' dir='ltr'>αὐτοὺς</span> 
     </span>
    </p>
   </div>
   <div class='ocr_carea' id='block_1_38' title="bbox 364 2230 1937 2307">
    <p class='ocr_par' dir='ltr' id='par_1_38' title="bbox 364 2230 1937 2307">
     <span class='ocr_line' id='line_1_38' title="bbox 364 2230 1937 2307; baseline 0.002 -23"><span class='ocrx_word' id='word_1_263' title='bbox 364 2230 457 2284; x_wconf 85' lang='grc' dir='ltr'>τοῦ</span> <span class='ocrx_word' id='word_1_264' title='bbox 496 2232 630 2287; x_wconf 81' lang='grc' dir='ltr'>Θεοῦ</span> <span class='ocrx_word' id='word_1_265' title='bbox 676 2232 832 2304; x_wconf 87' lang='grc' dir='ltr'>δίκην</span> <span class='ocrx_word' id='word_1_266' title='bbox 870 2231 1193 2305; x_wconf 79' lang='grc' dir='ltr'>τεθεάμεθα,</span> <span class='ocrx_word' id='word_1_267' title='bbox 1222 2233 1475 2305; x_wconf 81' lang='grc' dir='ltr'><strong>τοιαύτην</strong></span> <span class='ocrx_word' id='word_1_268' title='bbox 1504 2235 1819 2307; x_wconf 78' lang='grc' dir='ltr'>γενομένην,</span> <span class='ocrx_word' id='word_1_269' title='bbox 1862 2234 1937 2300; x_wconf 80' lang='grc' dir='ltr'>ὡς</span> 
     </span>
    </p>
   </div>
   <div class='ocr_carea' id='block_1_39' title="bbox 360 2320 1938 2396">
    <p class='ocr_par' dir='ltr' id='par_1_39' title="bbox 360 2320 1938 2396">
     <span class='ocr_line' id='line_1_39' title="bbox 360 2320 1938 2396; baseline 0.001 -21"><span class='ocrx_word' id='word_1_270' title='bbox 360 2322 444 2392; x_wconf 84' lang='grc' dir='ltr'><strong>’μὴ</strong></span> <span class='ocrx_word' id='word_1_271' title='bbox 476 2323 740 2393; x_wconf 74' lang='grc' dir='ltr'>ἁμαρτεῖν</span> <span class='ocrx_word' id='word_1_272' title='bbox 769 2322 862 2377; x_wconf 86' lang='grc' dir='ltr'><strong>τὸν</strong></span> <span class='ocrx_word' id='word_1_273' title='bbox 890 2324 1136 2395; x_wconf 85' lang='grc' dir='ltr'>φήσαντα</span> <span class='ocrx_word' id='word_1_274' title='bbox 1164 2322 1397 2394; x_wconf 87' lang='grc' dir='ltr'>ἀληθῶς,</span> <span class='ocrx_word' id='word_1_275' title='bbox 1424 2322 1521 2394; x_wconf 82' lang='grc' dir='ltr'>τὴν</span> <span class='ocrx_word' id='word_1_276' title='bbox 1549 2325 1821 2396; x_wconf 76' lang='grc' dir='ltr'>ῥομφαίαν</span> <span class='ocrx_word' id='word_1_277' title='bbox 1841 2320 1938 2377; x_wconf 84' lang='grc' dir='ltr'>αύ-</span> 
     </span>
    </p>
   </div>
   <div class='ocr_carea' id='block_1_40' title="bbox 364 2404 1937 2486">
    <p class='ocr_par' dir='ltr' id='par_1_40' title="bbox 364 2404 1937 2486">
     <span class='ocr_line' id='line_1_40' title="bbox 364 2404 1937 2486; baseline 0.003 -21"><span class='ocrx_word' id='word_1_278' title='bbox 364 2411 471 2465; x_wconf 87' lang='grc' dir='ltr'><strong>τῶν</strong></span> <span class='ocrx_word' id='word_1_279' title='bbox 498 2413 900 2485; x_wconf 76' lang='grc' dir='ltr'>εἰσεληλυθέναι</span> <span class='ocrx_word' id='word_1_280' title='bbox 928 2416 1008 2479; x_wconf 90' lang='grc' dir='ltr'><strong>είς</strong></span> <span class='ocrx_word' id='word_1_281' title='bbox 1032 2414 1132 2486; x_wconf 80' lang='grc' dir='ltr'><strong>τὴν</strong></span> <span class='ocrx_word' id='word_1_282' title='bbox 1154 2414 1379 2485; x_wconf 86' lang='grc' dir='ltr'>καρδίαν</span> <span class='ocrx_word' id='word_1_283' title='bbox 1405 2415 1582 2469; x_wconf 77' lang='grc' dir='ltr'>αὐτῶν</span> <span class='ocrx_word' id='word_1_284' title='bbox 1606 2417 1699 2469; x_wconf 74' lang='grc' dir='ltr'>καὶ</span> <span class='ocrx_word' id='word_1_285' title='bbox 1720 2416 1788 2469; x_wconf 86' lang='grc' dir='ltr'><strong>τά</strong></span> <span class='ocrx_word' id='word_1_286' title='bbox 1808 2404 1937 2482; x_wconf 75' lang='grc' dir='ltr'>τόξα</span> 
     </span>
    </p>
   </div>
   <div class='ocr_carea' id='block_1_41' title="bbox 364 2505 1069 2579">
    <p class='ocr_par' dir='ltr' id='par_1_41' title="bbox 364 2505 1069 2579">
     <span class='ocr_line' id='line_1_41' title="bbox 364 2505 1069 2579; baseline 0.003 -20"><span class='ocrx_word' id='word_1_287' title='bbox 364 2505 543 2560; x_wconf 76' lang='grc' dir='ltr'>αὐτῶν</span> <span class='ocrx_word' id='word_1_288' title='bbox 569 2506 966 2579; x_wconf 75' lang='grc' dir='ltr'>συντετρῖφθαι.</span> <span class='ocrx_word' id='word_1_289' title='bbox 1068 2532 1069 2535; x_wconf 52' lang='grc' dir='ltr'><strong>η</strong></span> 
     </span>
    </p>
   </div>
   <div class='ocr_carea' id='block_1_42' title="bbox 433 2597 1933 2671">
    <p class='ocr_par' dir='ltr' id='par_1_42' title="bbox 433 2597 1933 2671">
     <span class='ocr_line' id='line_1_42' title="bbox 433 2597 1933 2671; baseline 0 -20"><span class='ocrx_word' id='word_1_290' title='bbox 433 2598 732 2666; x_wconf 78' lang='grc' dir='ltr'>Κρεῖσσον</span> <span class='ocrx_word' id='word_1_291' title='bbox 755 2600 964 2668; x_wconf 75' lang='grc' dir='ltr'>ὀλίγον</span> <span class='ocrx_word' id='word_1_292' title='bbox 1002 2598 1083 2665; x_wconf 83' lang='grc' dir='ltr'>τῷ</span> <span class='ocrx_word' id='word_1_293' title='bbox 1105 2598 1329 2666; x_wconf 80' lang='grc' dir='ltr'>δικαίῳ.</span> <span class='ocrx_word' id='word_1_294' title='bbox 1375 2599 1450 2656; x_wconf 85' lang='grc' dir='ltr'><strong>Οὐ</strong></span> <span class='ocrx_word' id='word_1_295' title='bbox 1479 2599 1796 2671; x_wconf 84' lang='grc' dir='ltr'>προείρηται</span> <span class='ocrx_word' id='word_1_296' title='bbox 1836 2597 1933 2670; x_wconf 55' lang='grc' dir='ltr'><strong>μό.</strong></span> 
     </span>
    </p>
   </div>
   <div class='ocr_carea' id='block_1_43' title="bbox 363 2687 1934 2760">
    <p class='ocr_par' dir='ltr' id='par_1_43' title="bbox 363 2687 1934 2760">
     <span class='ocr_line' id='line_1_43' title="bbox 363 2687 1934 2760; baseline 0.001 -21"><span class='ocrx_word' id='word_1_297' title='bbox 363 2702 474 2747; x_wconf 88' lang='grc' dir='ltr'>νον,</span> <span class='ocrx_word' id='word_1_298' title='bbox 504 2688 639 2740; x_wconf 82' lang='grc' dir='ltr'><strong>ἀλλά</strong></span> <span class='ocrx_word' id='word_1_299' title='bbox 680 2687 745 2740; x_wconf 83' lang='grc' dir='ltr'><strong>δι’</strong></span> <span class='ocrx_word' id='word_1_300' title='bbox 784 2687 959 2759; x_wconf 73' lang='grc' dir='ltr'>ἔργων</span> <span class='ocrx_word' id='word_1_301' title='bbox 1000 2688 1488 2760; x_wconf 85' lang='grc' dir='ltr'>ἀποπεπλήρωται,</span> <span class='ocrx_word' id='word_1_302' title='bbox 1526 2690 1621 2742; x_wconf 74' lang='grc' dir='ltr'>καὶ</span> <span class='ocrx_word' id='word_1_303' title='bbox 1658 2690 1748 2742; x_wconf 88' lang='grc' dir='ltr'><strong>τὸν</strong></span> <span class='ocrx_word' id='word_1_304' title='bbox 1778 2689 1934 2743; x_wconf 82' lang='grc' dir='ltr'>ἀλλον</span> 
     </span>
    </p>
   </div>
   <div class='ocr_carea' id='block_1_44' title="bbox 284 2775 1936 2851">
    <p class='ocr_par' dir='ltr' id='par_1_44' title="bbox 284 2775 1936 2851">
     <span class='ocr_line' id='line_1_44' title="bbox 284 2775 1936 2851; baseline 0.004 -23"><span class='ocrx_word' id='word_1_305' title='bbox 284 2799 291 2805; x_wconf 72' lang='lat'><strong><em>~</em></strong></span> <span class='ocrx_word' id='word_1_306' title='bbox 364 2775 419 2828; x_wconf 81' lang='grc' dir='ltr'>δὲ</span> <span class='ocrx_word' id='word_1_307' title='bbox 469 2776 678 2846; x_wconf 82' lang='grc' dir='ltr'>χρόνον.</span> <span class='ocrx_word' id='word_1_308' title='bbox 724 2778 781 2830; x_wconf 88' lang='lat'><strong>&#39;0</strong></span> <span class='ocrx_word' id='word_1_309' title='bbox 821 2775 919 2848; x_wconf 84' lang='grc' dir='ltr'>μὲν</span> <span class='ocrx_word' id='word_1_310' title='bbox 961 2777 1167 2843; x_wconf 85' lang='grc' dir='ltr'>δίκαιος</span> <span class='ocrx_word' id='word_1_311' title='bbox 1199 2779 1516 2849; x_wconf 86' lang='grc' dir='ltr'>πτωχεύων,</span> <span class='ocrx_word' id='word_1_312' title='bbox 1559 2781 1807 2851; x_wconf 81' lang='grc' dir='ltr'>ἀρκεῖται</span> <span class='ocrx_word' id='word_1_313' title='bbox 1859 2779 1936 2851; x_wconf 83' lang='grc' dir='ltr'>τῷ</span> 
     </span>
    </p>
   </div>
   <div class='ocr_carea' id='block_1_45' title="bbox 363 2865 1932 2943">
    <p class='ocr_par' dir='ltr' id='par_1_45' title="bbox 363 2865 1932 2943">
     <span class='ocr_line' id='line_1_45' title="bbox 363 2865 1932 2943; baseline 0.006 -26"><span class='ocrx_word' id='word_1_314' title='bbox 363 2865 550 2936; x_wconf 84' lang='grc' dir='ltr'>ὀλίγῳ,</span> <span class='ocrx_word' id='word_1_315' title='bbox 598 2866 973 2939; x_wconf 80' lang='grc' dir='ltr'>δεδιδαγμένος</span> <span class='ocrx_word' id='word_1_316' title='bbox 1011 2871 1069 2923; x_wconf 83' lang='grc' dir='ltr'>ὲν</span> <span class='ocrx_word' id='word_1_317' title='bbox 1099 2873 1371 2943; x_wconf 79' lang='grc' dir='ltr'>προσευχῇ</span> <span class='ocrx_word' id='word_1_318' title='bbox 1416 2871 1594 2940; x_wconf 79' lang='grc' dir='ltr'>λέγειν</span> <span class='ocrx_word' id='word_1_319' title='bbox 1620 2889 1633 2902; x_wconf 88' lang='grc'>·</span> <span class='ocrx_word' id='word_1_320' title='bbox 1682 2874 1792 2927; x_wconf 81' lang='grc' dir='ltr'>Τὸν</span> <span class='ocrx_word' id='word_1_321' title='bbox 1829 2872 1932 2942; x_wconf 78' lang='grc' dir='ltr'><strong>ἆρ-</strong></span> 
     </span>
    </p>
   </div>
   <div class='ocr_carea' id='block_1_46' title="bbox 369 2956 1934 3032">
    <p class='ocr_par' dir='ltr' id='par_1_46' title="bbox 369 2956 1934 3032">
     <span class='ocr_line' id='line_1_46' title="bbox 369 2956 1934 3032; baseline 0.005 -21"><span class='ocrx_word' id='word_1_322' title='bbox 369 2975 476 3011; x_wconf 79' lang='grc' dir='ltr'><strong>τον</strong></span> <span class='ocrx_word' id='word_1_323' title='bbox 497 2957 665 3027; x_wconf 74' lang='grc' dir='ltr'>ἡμῶν</span> <span class='ocrx_word' id='word_1_324' title='bbox 699 2962 805 3013; x_wconf 78' lang='grc' dir='ltr'><strong>τὸν</strong></span> <span class='ocrx_word' id='word_1_325' title='bbox 836 2960 1147 3029; x_wconf 78' lang='grc' dir='ltr'>ἐπιούσιον</span> <span class='ocrx_word' id='word_1_326' title='bbox 1183 2960 1289 3028; x_wconf 84' lang='grc' dir='ltr'><strong>δὸς</strong></span> <span class='ocrx_word' id='word_1_327' title='bbox 1318 2956 1473 3032; x_wconf 75' lang='grc' dir='ltr'>ἡμῖν</span> <span class='ocrx_word' id='word_1_328' title='bbox 1492 2961 1779 3032; x_wconf 75' lang='grc' dir='ltr'>σήμερον·</span> <span class='ocrx_word' id='word_1_329' title='bbox 1817 2966 1845 3018; x_wconf 89' lang='lat'><strong>6</strong></span> <span class='ocrx_word' id='word_1_330' title='bbox 1877 2965 1934 3029; x_wconf 76' lang='grc' dir='ltr'>δὲ</span> 
     </span>
    </p>
   </div>
   <div class='ocr_carea' id='block_1_47' title="bbox 368 3049 1934 3125">
    <p class='ocr_par' dir='ltr' id='par_1_47' title="bbox 368 3049 1934 3125">
     <span class='ocr_line' id='line_1_47' title="bbox 368 3049 1934 3125; baseline 0.004 -23"><span class='ocrx_word' id='word_1_331' title='bbox 368 3049 720 3121; x_wconf 61' lang='grc' dir='ltr'>ἁμαρτωλὸς,</span> <span class='ocrx_word' id='word_1_332' title='bbox 755 3051 968 3123; x_wconf 78' lang='grc' dir='ltr'>πλούτῳ</span> <span class='ocrx_word' id='word_1_333' title='bbox 1017 3054 1461 3125; x_wconf 71' lang='grc' dir='ltr'>περιρρεόμενος,</span> <span class='ocrx_word' id='word_1_334' title='bbox 1526 3053 1731 3124; x_wconf 83' lang='grc' dir='ltr'>ἀγαθοῦ</span> <span class='ocrx_word' id='word_1_335' title='bbox 1790 3073 1934 3118; x_wconf 89' lang='grc' dir='ltr'>τινος</span> 
     </span>
    </p>
   </div>
   <div class='ocr_carea' id='block_1_48' title="bbox 367 3140 1933 3217">
    <p class='ocr_par' dir='ltr' id='par_1_48' title="bbox 367 3140 1933 3217">
     <span class='ocr_line' id='line_1_48' title="bbox 367 3140 1933 3217; baseline 0.005 -23"><span class='ocrx_word' id='word_1_336' title='bbox 367 3142 664 3195; x_wconf 86' lang='grc' dir='ltr'>ἀπόλαυσιν</span> <span class='ocrx_word' id='word_1_337' title='bbox 701 3143 928 3214; x_wconf 75' lang='grc' dir='ltr'>νομίζει.</span> <span class='ocrx_word' id='word_1_338' title='bbox 973 3141 1109 3205; x_wconf 78' lang='grc' dir='ltr'>Ἀλλ’</span> <span class='ocrx_word' id='word_1_339' title='bbox 1143 3142 1273 3215; x_wconf 74' lang='grc' dir='ltr'>ἐγὼ,</span> <span class='ocrx_word' id='word_1_340' title='bbox 1307 3146 1489 3217; x_wconf 73' lang='grc' dir='ltr'>φησὶν,</span> <span class='ocrx_word' id='word_1_341' title='bbox 1517 3141 1577 3200; x_wconf 74' lang='grc' dir='ltr'>εὖ</span> <span class='ocrx_word' id='word_1_342' title='bbox 1620 3140 1755 3213; x_wconf 82' lang='grc' dir='ltr'>οἶδα,</span> <span class='ocrx_word' id='word_1_343' title='bbox 1787 3146 1933 3203; x_wconf 87' lang='grc' dir='ltr'>διδά-</span> 
     </span>
    </p>
   </div>
   <div class='ocr_carea' id='block_1_49' title="bbox 370 3222 1935 3308">
    <p class='ocr_par' dir='ltr' id='par_1_49' title="bbox 370 3222 1935 3308">
     <span class='ocr_line' id='line_1_49' title="bbox 370 3222 1935 3308; baseline 0.005 -23"><span class='ocrx_word' id='word_1_344' title='bbox 370 3247 486 3285; x_wconf 87' lang='grc' dir='ltr'><strong>σκω</strong></span> <span class='ocrx_word' id='word_1_345' title='bbox 515 3232 570 3286; x_wconf 85' lang='grc' dir='ltr'>δὲ</span> <span class='ocrx_word' id='word_1_346' title='bbox 607 3234 701 3287; x_wconf 72' lang='grc' dir='ltr'>καὶ</span> <span class='ocrx_word' id='word_1_347' title='bbox 736 3222 984 3306; x_wconf 73' lang='grc' dir='ltr'>ἐτέρους·</span> <span class='ocrx_word' id='word_1_348' title='bbox 1030 3236 1110 3290; x_wconf 83' lang='grc' dir='ltr'>ὅτι</span> <span class='ocrx_word' id='word_1_349' title='bbox 1171 3236 1345 3307; x_wconf 81' lang='grc' dir='ltr'>πολλῷ</span> <span class='ocrx_word' id='word_1_350' title='bbox 1374 3236 1594 3308; x_wconf 82' lang='grc' dir='ltr'>βελτιων</span> <span class='ocrx_word' id='word_1_351' title='bbox 1631 3238 1777 3292; x_wconf 75' lang='grc' dir='ltr'>ἐστὶν</span> <span class='ocrx_word' id='word_1_352' title='bbox 1806 3241 1834 3293; x_wconf 90' lang='lat'><strong>6</strong></span> <span class='ocrx_word' id='word_1_353' title='bbox 1858 3238 1935 3293; x_wconf 73' lang='lat' dir='ltr'><strong>6i-</strong></span> 
     </span>
    </p>
   </div>
   <div class='ocr_carea' id='block_1_50' title="bbox 367 3320 1934 3403">
    <p class='ocr_par' dir='ltr' id='par_1_50' title="bbox 367 3320 1934 3403">
     <span class='ocr_line' id='line_1_50' title="bbox 367 3320 1934 3403; baseline 0.008 -29"><span class='ocrx_word' id='word_1_354' title='bbox 367 3320 523 3386; x_wconf 86' lang='grc' dir='ltr'>καιος</span> <span class='ocrx_word' id='word_1_355' title='bbox 551 3323 640 3378; x_wconf 90' lang='grc' dir='ltr'><strong>τὸν</strong></span> <span class='ocrx_word' id='word_1_356' title='bbox 670 3325 945 3403; x_wconf 73' lang='grc' dir='ltr'>ἐφήμερον</span> <span class='ocrx_word' id='word_1_357' title='bbox 979 3327 1141 3403; x_wconf 75' lang='grc' dir='ltr'>ἀρτον</span> <span class='ocrx_word' id='word_1_358' title='bbox 1172 3329 1322 3401; x_wconf 82' lang='grc' dir='ltr'>παρὰ</span> <span class='ocrx_word' id='word_1_359' title='bbox 1366 3328 1459 3382; x_wconf 82' lang='grc' dir='ltr'>τοῦ</span> <span class='ocrx_word' id='word_1_360' title='bbox 1489 3329 1620 3384; x_wconf 87' lang='grc' dir='ltr'>Θεοῦ</span> <span class='ocrx_word' id='word_1_361' title='bbox 1647 3330 1934 3402; x_wconf 87' lang='grc' dir='ltr'>λαμϐάνων</span> 
     </span>
    </p>
   </div>
   <div class='ocr_carea' id='block_1_51' title="bbox 367 3401 1939 3495">
    <p class='ocr_par' dir='ltr' id='par_1_51' title="bbox 367 3401 1939 3495">
     <span class='ocr_line' id='line_1_51' title="bbox 367 3401 1939 3495; baseline 0.007 -28"><span class='ocrx_word' id='word_1_362' title='bbox 367 3412 460 3467; x_wconf 81' lang='grc' dir='ltr'><strong>τοῦ</strong></span> <span class='ocrx_word' id='word_1_363' title='bbox 490 3414 595 3469; x_wconf 87' lang='grc' dir='ltr'><strong>τῶν</strong></span> <span class='ocrx_word' id='word_1_364' title='bbox 645 3401 980 3488; x_wconf 73' lang='grc' dir='ltr'>ἁμαρτωλῶν</span> <span class='ocrx_word' id='word_1_365' title='bbox 1005 3401 1261 3474; x_wconf 67' lang='grc' dir='ltr'>πλούτου.</span> <span class='ocrx_word' id='word_1_366' title='bbox 1291 3421 1354 3474; x_wconf 77' lang='grc' dir='ltr'><strong>Εἰ</strong></span> <span class='ocrx_word' id='word_1_367' title='bbox 1380 3421 1423 3474; x_wconf 78' lang='grc' dir='ltr'>δ’</span> <span class='ocrx_word' id='word_1_368' title='bbox 1462 3423 1692 3495; x_wconf 79' lang='grc' dir='ltr'>ἐρωτᾷς,</span> <span class='ocrx_word' id='word_1_369' title='bbox 1716 3401 1825 3495; x_wconf 60' lang='grc' dir='ltr'>,τὴν</span> <span class='ocrx_word' id='word_1_370' title='bbox 1856 3425 1939 3478; x_wconf 77' lang='grc' dir='ltr'><strong>αἰ-</strong></span> 
     </span>
    </p>
   </div>
   <div class='ocr_carea' id='block_1_52' title="bbox 366 3505 1938 3587">
    <p class='ocr_par' dir='ltr' id='par_1_52' title="bbox 366 3505 1938 3587">
     <span class='ocr_line' id='line_1_52' title="bbox 366 3505 1938 3587; baseline 0.007 -29"><span class='ocrx_word' id='word_1_371' title='bbox 366 3505 487 3559; x_wconf 86' lang='grc' dir='ltr'>τίαν</span> <span class='ocrx_word' id='word_1_372' title='bbox 528 3508 764 3576; x_wconf 86' lang='grc' dir='ltr'>μὰνθανε</span> <span class='ocrx_word' id='word_1_373' title='bbox 785 3526 797 3539; x_wconf 74' lang='grc' dir='ltr'><strong>ι</strong></span> <span class='ocrx_word' id='word_1_374' title='bbox 829 3510 911 3563; x_wconf 88' lang='grc' dir='ltr'>ὅτι</span> <span class='ocrx_word' id='word_1_375' title='bbox 939 3511 968 3562; x_wconf 88' lang='lat'><strong>6</strong></span> <span class='ocrx_word' id='word_1_376' title='bbox 1002 3511 1100 3580; x_wconf 87' lang='grc' dir='ltr'>μὲν</span> <span class='ocrx_word' id='word_1_377' title='bbox 1140 3510 1305 3582; x_wconf 83' lang='grc' dir='ltr'>ὀλίγῳ</span> <span class='ocrx_word' id='word_1_378' title='bbox 1338 3513 1677 3585; x_wconf 85' lang='grc' dir='ltr'>ἀρκούμενος</span> <span class='ocrx_word' id='word_1_379' title='bbox 1716 3514 1938 3587; x_wconf 79' lang='grc' dir='ltr'>ἔχειτὸν</span> 
     </span>
    </p>
   </div>
   <div class='ocr_carea' id='block_1_53' title="bbox 371 3594 1940 3679">
    <p class='ocr_par' dir='ltr' id='par_1_53' title="bbox 371 3594 1940 3679">
     <span class='ocr_line' id='line_1_53' title="bbox 371 3594 1940 3679; baseline 0.006 -29"><span class='ocrx_word' id='word_1_380' title='bbox 371 3594 576 3669; x_wconf 83' lang='grc' dir='ltr'>Κύριον</span> <span class='ocrx_word' id='word_1_381' title='bbox 605 3598 1035 3671; x_wconf 77' lang='grc' dir='ltr'>ὑποστηρίςοντα</span> <span class='ocrx_word' id='word_1_382' title='bbox 1058 3600 1221 3654; x_wconf 79' lang='grc' dir='ltr'>αὐτοῦ</span> <span class='ocrx_word' id='word_1_383' title='bbox 1243 3601 1340 3668; x_wconf 81' lang='grc' dir='ltr'>τὴν</span> <span class='ocrx_word' id='word_1_384' title='bbox 1360 3602 1535 3675; x_wconf 78' lang='grc' dir='ltr'>ψυχὴν</span> <span class='ocrx_word' id='word_1_385' title='bbox 1563 3605 1657 3659; x_wconf 78' lang='grc' dir='ltr'>καὶ</span> <span class='ocrx_word' id='word_1_386' title='bbox 1676 3606 1775 3677; x_wconf 82' lang='grc' dir='ltr'>τὴν</span> <span class='ocrx_word' id='word_1_387' title='bbox 1795 3604 1940 3679; x_wconf 80' lang='grc' dir='ltr'>ζωὴν</span> 
     </span>
    </p>
   </div>
   <div class='ocr_carea' id='block_1_54' title="bbox 369 3686 1938 3767">
    <p class='ocr_par' dir='ltr' id='par_1_54' title="bbox 369 3686 1938 3767">
     <span class='ocr_line' id='line_1_54' title="bbox 369 3686 1938 3767; baseline 0.008 -29"><span class='ocrx_word' id='word_1_388' title='bbox 369 3687 585 3740; x_wconf 73' lang='grc' dir='ltr'>καὶτὸν</span> <span class='ocrx_word' id='word_1_389' title='bbox 633 3686 768 3757; x_wconf 79' lang='grc' dir='ltr'>βίον,</span> <span class='ocrx_word' id='word_1_390' title='bbox 816 3689 955 3762; x_wconf 80' lang='grc' dir='ltr'>ὑπὲρ</span> <span class='ocrx_word' id='word_1_391' title='bbox 996 3689 1171 3743; x_wconf 86' lang='grc' dir='ltr'>πάντα</span> <span class='ocrx_word' id='word_1_392' title='bbox 1210 3707 1270 3744; x_wconf 87' lang='grc' dir='ltr'><strong>τε</strong></span> <span class='ocrx_word' id='word_1_393' title='bbox 1320 3691 1549 3747; x_wconf 82' lang='grc' dir='ltr'>πλοῦτον</span> <span class='ocrx_word' id='word_1_394' title='bbox 1595 3695 1938 3767; x_wconf 83' lang='grc' dir='ltr'>ὲπαρκοῦντα</span> 
     </span>
    </p>
   </div>
   <div class='ocr_carea' id='block_1_55' title="bbox 369 3776 1941 3857">
    <p class='ocr_par' dir='ltr' id='par_1_55' title="bbox 369 3776 1941 3857">
     <span class='ocr_line' id='line_1_55' title="bbox 369 3776 1941 3857; baseline 0.006 -26"><span class='ocrx_word' id='word_1_395' title='bbox 369 3776 520 3850; x_wconf 76' lang='grc' dir='ltr'>αὐτῷ</span> <span class='ocrx_word' id='word_1_396' title='bbox 537 3794 551 3809; x_wconf 78' lang='grc' dir='ltr'><strong>ο</strong></span> <span class='ocrx_word' id='word_1_397' title='bbox 582 3780 634 3832; x_wconf 79' lang='grc' dir='ltr'>οἱ</span> <span class='ocrx_word' id='word_1_398' title='bbox 678 3779 734 3834; x_wconf 65' lang='grc' dir='ltr'>δὲ</span> <span class='ocrx_word' id='word_1_399' title='bbox 772 3779 879 3834; x_wconf 89' lang='grc' dir='ltr'><strong>τῶν</strong></span> <span class='ocrx_word' id='word_1_400' title='bbox 907 3781 1244 3853; x_wconf 81' lang='grc' dir='ltr'>ἁμαρτωλῶν</span> <span class='ocrx_word' id='word_1_401' title='bbox 1271 3782 1550 3856; x_wconf 82' lang='grc' dir='ltr'>βραχίονες</span> <span class='ocrx_word' id='word_1_402' title='bbox 1578 3783 1639 3838; x_wconf 84' lang='grc' dir='ltr'><strong>ού</strong></span> <span class='ocrx_word' id='word_1_403' title='bbox 1665 3785 1941 3857; x_wconf 77' lang='grc' dir='ltr'>διαμένου-</span> 
     </span>
    </p>
   </div>
   <div class='ocr_carea' id='block_1_56' title="bbox 373 3872 1940 3950">
    <p class='ocr_par' dir='ltr' id='par_1_56' title="bbox 373 3872 1940 3950">
     <span class='ocr_line' id='line_1_56' title="bbox 373 3872 1940 3950; baseline 0.005 -27"><span class='ocrx_word' id='word_1_404' title='bbox 373 3885 461 3924; x_wconf 88' lang='grc' dir='ltr'><strong>σιν</strong></span> <span class='ocrx_word' id='word_1_405' title='bbox 494 3872 725 3943; x_wconf 72' lang='grc' dir='ltr'>ισχυροὶ,</span> <span class='ocrx_word' id='word_1_406' title='bbox 763 3872 884 3950; x_wconf 78' lang='grc' dir='ltr'>οὐδὲ</span> <span class='ocrx_word' id='word_1_407' title='bbox 920 3875 949 3929; x_wconf 90' lang='lat'><strong>6</strong></span> <span class='ocrx_word' id='word_1_408' title='bbox 989 3873 1215 3939; x_wconf 71' lang='grc' dir='ltr'>πλοῦτος</span> <span class='ocrx_word' id='word_1_409' title='bbox 1245 3874 1423 3929; x_wconf 83' lang='grc' dir='ltr'>αὐτῶν</span> <span class='ocrx_word' id='word_1_410' title='bbox 1453 3874 1697 3947; x_wconf 65' lang='grc' dir='ltr'>βέϐαιος*</span> <span class='ocrx_word' id='word_1_411' title='bbox 1735 3892 1940 3948; x_wconf 76' lang='grc' dir='ltr'>συντρυ-</span> 
     </span>
    </p>
   </div>
   <div class='ocr_carea' id='block_1_57' title="bbox 375 3961 1939 4039">
    <p class='ocr_par' dir='ltr' id='par_1_57' title="bbox 375 3961 1939 4039">
     <span class='ocr_line' id='line_1_57' title="bbox 375 3961 1939 4039; baseline 0.005 -24"><span class='ocrx_word' id='word_1_412' title='bbox 375 3961 631 4035; x_wconf 81' lang='grc' dir='ltr'>ϐήσονται</span> <span class='ocrx_word' id='word_1_413' title='bbox 680 3964 789 4038; x_wconf 82' lang='grc' dir='ltr'><strong>γὰρ</strong></span> <span class='ocrx_word' id='word_1_414' title='bbox 833 3965 955 4020; x_wconf 80' lang='grc' dir='ltr'>ὅσον</span> <span class='ocrx_word' id='word_1_415' title='bbox 990 3965 1199 4020; x_wconf 84' lang='grc' dir='ltr'>ούδέπω</span> <span class='ocrx_word' id='word_1_416' title='bbox 1246 3965 1525 4038; x_wconf 87' lang='grc' dir='ltr'>γενόμενοι</span> <span class='ocrx_word' id='word_1_417' title='bbox 1565 3966 1697 4023; x_wconf 77' lang='grc' dir='ltr'>ὡσεὶ</span> <span class='ocrx_word' id='word_1_418' title='bbox 1732 3966 1939 4039; x_wconf 83' lang='grc' dir='ltr'>λάχανα</span> 
     </span>
    </p>
   </div>
   <div class='ocr_carea' id='block_1_58' title="bbox 373 4052 1566 4128">
    <p class='ocr_par' dir='ltr' id='par_1_58' title="bbox 373 4052 1566 4128">
     <span class='ocr_line' id='line_1_58' title="bbox 373 4052 1566 4128; baseline 0.005 -23"><span class='ocrx_word' id='word_1_419' title='bbox 373 4052 535 4124; x_wconf 83' lang='grc' dir='ltr'>χλόης</span> <span class='ocrx_word' id='word_1_420' title='bbox 561 4053 655 4126; x_wconf 74' lang='grc' dir='ltr'>καὶ</span> <span class='ocrx_word' id='word_1_421' title='bbox 682 4053 812 4109; x_wconf 79' lang='grc' dir='ltr'>ὡσεὶ</span> <span class='ocrx_word' id='word_1_422' title='bbox 845 4055 1036 4128; x_wconf 83' lang='grc' dir='ltr'>χόρτος</span> <span class='ocrx_word' id='word_1_423' title='bbox 1065 4055 1566 4128; x_wconf 77' lang='grc' dir='ltr'>ἀποξηραινόμενοι.</span> 
     </span>
    </p>
   </div>
   <div class='ocr_carea' id='block_1_59' title="bbox 440 4144 1942 4219">
    <p class='ocr_par' dir='ltr' id='par_1_59' title="bbox 440 4144 1942 4219">
     <span class='ocr_line' id='line_1_59' title="bbox 440 4144 1942 4219; baseline 0.005 -21"><span class='ocrx_word' id='word_1_424' title='bbox 440 4144 735 4201; x_wconf 79' lang='grc' dir='ltr'>Γινώσκει</span> <span class='ocrx_word' id='word_1_425' title='bbox 779 4148 991 4214; x_wconf 86' lang='grc' dir='ltr'>Κύριος</span> <span class='ocrx_word' id='word_1_426' title='bbox 1038 4147 1144 4214; x_wconf 81' lang='grc' dir='ltr'>τὰς</span> <span class='ocrx_word' id='word_1_427' title='bbox 1175 4147 1353 4214; x_wconf 83' lang='grc' dir='ltr'>ὀδοὺς</span> <span class='ocrx_word' id='word_1_428' title='bbox 1382 4148 1500 4201; x_wconf 84' lang='grc' dir='ltr'><strong>τῶν</strong></span> <span class='ocrx_word' id='word_1_429' title='bbox 1541 4146 1812 4219; x_wconf 81' lang='grc' dir='ltr'>ἀμώμων,</span> <span class='ocrx_word' id='word_1_430' title='bbox 1840 4150 1942 4205; x_wconf 79' lang='grc' dir='ltr'>καὶ</span> 
     </span>
    </p>
   </div>
   <div class='ocr_carea' id='block_1_60' title="bbox 370 4237 1925 4310">
    <p class='ocr_par' dir='ltr' id='par_1_60' title="bbox 370 4237 1925 4310">
     <span class='ocr_line' id='line_1_60' title="bbox 370 4237 1925 4310; baseline 0.003 -18"><span class='ocrx_word' id='word_1_431' title='bbox 370 4237 410 4305; x_wconf 75' lang='grc' dir='ltr'>ἡ</span> <span class='ocrx_word' id='word_1_432' title='bbox 440 4239 805 4310; x_wconf 72' lang='grc' dir='ltr'>κληρονομία</span> <span class='ocrx_word' id='word_1_433' title='bbox 824 4237 1023 4294; x_wconf 80' lang='grc' dir='ltr'>αὐτῶν</span> <span class='ocrx_word' id='word_1_434' title='bbox 1039 4242 1126 4307; x_wconf 84' lang='grc' dir='ltr'>εις</span> <span class='ocrx_word' id='word_1_435' title='bbox 1149 4242 1256 4295; x_wconf 85' lang='grc' dir='ltr'><strong>τὸν</strong></span> <span class='ocrx_word' id='word_1_436' title='bbox 1273 4239 1459 4295; x_wconf 73' lang='grc' dir='ltr'>αἰῶνα</span> <span class='ocrx_word' id='word_1_437' title='bbox 1477 4241 1668 4297; x_wconf 79' lang='grc' dir='ltr'>ἔσται.</span> <span class='ocrx_word' id='word_1_438' title='bbox 1696 4244 1777 4297; x_wconf 85' lang='grc' dir='ltr'><strong>Οὐ</strong></span> <span class='ocrx_word' id='word_1_439' title='bbox 1802 4260 1925 4297; x_wconf 80' lang='grc' dir='ltr'>κατ-</span> 
     </span>
    </p>
   </div>
   <div class='ocr_carea' id='block_1_61' title="bbox 368 4331 1939 4408">
    <p class='ocr_par' dir='ltr' id='par_1_61' title="bbox 368 4331 1939 4408">
     <span class='ocr_line' id='line_1_61' title="bbox 368 4331 1939 4408; baseline 0.005 -24"><span class='ocrx_word' id='word_1_440' title='bbox 368 4331 881 4400; x_wconf 81' lang='grc' dir='ltr'>αισχυνθήσονται</span> <span class='ocrx_word' id='word_1_441' title='bbox 928 4332 999 4386; x_wconf 80' lang='grc' dir='ltr'>ἐν</span> <span class='ocrx_word' id='word_1_442' title='bbox 1034 4331 1215 4401; x_wconf 83' lang='grc' dir='ltr'>καιρῷ</span> <span class='ocrx_word' id='word_1_443' title='bbox 1258 4333 1518 4402; x_wconf 81' lang='grc' dir='ltr'>πονηρῷ,</span> <span class='ocrx_word' id='word_1_444' title='bbox 1558 4335 1656 4390; x_wconf 75' lang='grc' dir='ltr'>καὶ</span> <span class='ocrx_word' id='word_1_445' title='bbox 1687 4336 1758 4391; x_wconf 83' lang='grc' dir='ltr'>ἐν</span> <span class='ocrx_word' id='word_1_446' title='bbox 1794 4336 1939 4408; x_wconf 57' lang='lat' dir='ltr'><strong>me.</strong></span> 
     </span>
    </p>
   </div>
   <div class='ocr_carea' id='block_1_62' title="bbox 365 4423 1940 4498">
    <p class='ocr_par' dir='ltr' id='par_1_62' title="bbox 365 4423 1940 4498">
     <span class='ocr_line' id='line_1_62' title="bbox 365 4423 1940 4498; baseline 0.004 -22"><span class='ocrx_word' id='word_1_447' title='bbox 365 4438 499 4489; x_wconf 84' lang='grc' dir='ltr'>ραις</span> <span class='ocrx_word' id='word_1_448' title='bbox 542 4423 720 4493; x_wconf 81' lang='grc' dir='ltr'>λιμοῦ</span> <span class='ocrx_word' id='word_1_449' title='bbox 774 4423 1311 4493; x_wconf 80' lang='grc' dir='ltr'>χορτασθήσονται,</span> <span class='ocrx_word' id='word_1_450' title='bbox 1361 4424 1451 4479; x_wconf 81' lang='grc' dir='ltr'>ὅτι</span> <span class='ocrx_word' id='word_1_451' title='bbox 1507 4430 1562 4481; x_wconf 79' lang='grc' dir='ltr'>οἱ</span> <span class='ocrx_word' id='word_1_452' title='bbox 1608 4428 1940 4498; x_wconf 74' lang='grc' dir='ltr'>ἁμαρτωλοὶ</span> 
     </span>
    </p>
   </div>
   <div class='ocr_carea' id='block_1_63' title="bbox 372 4514 1943 4590">
    <p class='ocr_par' dir='ltr' id='par_1_63' title="bbox 372 4514 1943 4590">
     <span class='ocr_line' id='line_1_63' title="bbox 372 4514 1943 4590; baseline 0.005 -22"><span class='ocrx_word' id='word_1_453' title='bbox 372 4514 759 4570; x_wconf 73' lang='grc' dir='ltr'>ἀπολοῦνται.</span> <span class='ocrx_word' id='word_1_454' title='bbox 812 4518 934 4571; x_wconf 86' lang='grc' dir='ltr'>Ὅτι</span> <span class='ocrx_word' id='word_1_455' title='bbox 976 4517 1072 4570; x_wconf 82' lang='grc' dir='ltr'>τοῦ</span> <span class='ocrx_word' id='word_1_456' title='bbox 1117 4516 1292 4585; x_wconf 79' lang='grc' dir='ltr'>δεξιοῦ</span> <span class='ocrx_word' id='word_1_457' title='bbox 1337 4518 1637 4590; x_wconf 89' lang='grc' dir='ltr'>τάγματος,</span> <span class='ocrx_word' id='word_1_458' title='bbox 1694 4521 1837 4590; x_wconf 82' lang='grc' dir='ltr'>λέγω</span> <span class='ocrx_word' id='word_1_459' title='bbox 1884 4522 1943 4575; x_wconf 71' lang='grc' dir='ltr'>δὲ</span> 
     </span>
    </p>
   </div>
   <div class='ocr_carea' id='block_1_64' title="bbox 2039 2050 3594 2123">
    <p class='ocr_par' dir='ltr' id='par_1_64' title="bbox 2039 2050 3594 2123">
     <span class='ocr_line' id='line_1_64' title="bbox 2039 2050 3594 2123; baseline -0.001 -18"><span class='ocrx_word' id='word_1_460' title='bbox 2039 2051 2385 2121; x_wconf 81' lang='lat' dir='ltr'><strong>invadentem</strong></span> <span class='ocrx_word' id='word_1_461' title='bbox 2412 2054 2782 2123; x_wconf 76' lang='lat' dir='ltr'><strong>suspeximus,</strong></span> <span class='ocrx_word' id='word_1_462' title='bbox 2819 2068 2938 2123; x_wconf 68' lang='lat' dir='ltr'><strong>qua:</strong></span> <span class='ocrx_word' id='word_1_463' title='bbox 2969 2054 3095 2107; x_wconf 90' lang='lat' dir='ltr'><strong>talis</strong></span> <span class='ocrx_word' id='word_1_464' title='bbox 3133 2052 3319 2122; x_wconf 89' lang='lat' dir='ltr'><strong>utique</strong></span> <span class='ocrx_word' id='word_1_465' title='bbox 3361 2050 3483 2116; x_wconf 87' lang='lat' dir='ltr'><strong>fuit,</strong></span> <span class='ocrx_word' id='word_1_466' title='bbox 3534 2059 3594 2103; x_wconf 88' lang='lat' dir='ltr'><strong>ut</strong></span> 
     </span>
    </p>
   </div>
   <div class='ocr_carea' id='block_1_65' title="bbox 2037 2141 3595 2216">
    <p class='ocr_par' dir='ltr' id='par_1_65' title="bbox 2037 2141 3595 2216">
     <span class='ocr_line' id='line_1_65' title="bbox 2037 2141 3595 2216; baseline -0.003 -16"><span class='ocrx_word' id='word_1_467' title='bbox 2037 2145 2175 2200; x_wconf 88' lang='lat' dir='ltr'><strong>nihil</strong></span> <span class='ocrx_word' id='word_1_468' title='bbox 2200 2146 2535 2202; x_wconf 88' lang='lat' dir='ltr'><strong>aberraverit</strong></span> <span class='ocrx_word' id='word_1_469' title='bbox 2579 2144 2625 2201; x_wconf 92' lang='lat' dir='ltr'><strong>is</strong></span> <span class='ocrx_word' id='word_1_470' title='bbox 2666 2146 2760 2215; x_wconf 87' lang='lat' dir='ltr'><strong>qui</strong></span> <span class='ocrx_word' id='word_1_471' title='bbox 2790 2146 2926 2201; x_wconf 83' lang='lat' dir='ltr'><strong>dixit</strong></span> <span class='ocrx_word' id='word_1_472' title='bbox 2955 2146 3193 2216; x_wconf 90' lang='lat' dir='ltr'><strong>gladium</strong></span> <span class='ocrx_word' id='word_1_473' title='bbox 3240 2159 3426 2200; x_wconf 88' lang='lat' dir='ltr'><strong>eorum</strong></span> <span class='ocrx_word' id='word_1_474' title='bbox 3474 2141 3595 2198; x_wconf 83' lang='lat' dir='ltr'><strong>infi-</strong></span> 
     </span>
    </p>
   </div>
   <div class='ocr_carea' id='block_1_66' title="bbox 2038 2234 3594 2308">
    <p class='ocr_par' dir='ltr' id='par_1_66' title="bbox 2038 2234 3594 2308">
     <span class='ocr_line' id='line_1_66' title="bbox 2038 2234 3594 2308; baseline -0.002 -17"><span class='ocrx_word' id='word_1_475' title='bbox 2038 2252 2166 2291; x_wconf 78' lang='lat' dir='ltr'><strong>xum</strong></span> <span class='ocrx_word' id='word_1_476' title='bbox 2197 2236 2253 2291; x_wconf 90' lang='lat' dir='ltr'><strong>in</strong></span> <span class='ocrx_word' id='word_1_477' title='bbox 2283 2236 2449 2293; x_wconf 89' lang='lat' dir='ltr'><strong>corda</strong></span> <span class='ocrx_word' id='word_1_478' title='bbox 2485 2235 2750 2308; x_wconf 88' lang='lat' dir='ltr'><strong>ipsorum,</strong></span> <span class='ocrx_word' id='word_1_479' title='bbox 2780 2244 2837 2294; x_wconf 89' lang='lat' dir='ltr'><strong>et</strong></span> <span class='ocrx_word' id='word_1_480' title='bbox 2863 2252 3025 2294; x_wconf 89' lang='lat' dir='ltr'><strong>arcus</strong></span> <span class='ocrx_word' id='word_1_481' title='bbox 3053 2252 3240 2295; x_wconf 89' lang='lat' dir='ltr'><strong>eorum</strong></span> <span class='ocrx_word' id='word_1_482' title='bbox 3285 2234 3594 2292; x_wconf 85' lang='lat' dir='ltr'><strong>confractos</strong></span> 
     </span>
    </p>
   </div>
   <div class='ocr_carea' id='block_1_67' title="bbox 2037 2345 2179 2387">
    <p class='ocr_par' dir='ltr' id='par_1_67' title="bbox 2037 2345 2179 2387">
     <span class='ocr_line' id='line_1_67' title="bbox 2037 2345 2179 2387; baseline 0 0"><span class='ocrx_word' id='word_1_483' title='bbox 2037 2345 2179 2387; x_wconf 89' lang='lat' dir='ltr'><strong>esse.</strong></span> 
     </span>
    </p>
   </div>
   <div class='ocr_carea' id='block_1_68' title="bbox 2110 2590 3596 2665">
    <p class='ocr_par' dir='ltr' id='par_1_68' title="bbox 2110 2590 3596 2665">
     <span class='ocr_line' id='line_1_68' title="bbox 2110 2590 3596 2665; baseline 0.004 -20"><span class='ocrx_word' id='word_1_484' title='bbox 2110 2590 2274 2647; x_wconf 73' lang='lat' dir='ltr'><strong>Vens.</strong></span> <span class='ocrx_word' id='word_1_485' title='bbox 2326 2591 2413 2648; x_wconf 71' lang='lat' dir='ltr'><strong>i6.</strong></span> <span class='ocrx_word' id='word_1_486' title='bbox 2458 2590 2650 2647; x_wconf 77' lang='lat' dir='ltr'><strong>Melius</strong></span> <span class='ocrx_word' id='word_1_487' title='bbox 2694 2603 2774 2650; x_wconf 79' lang='lat' dir='ltr'><strong>est</strong></span> <span class='ocrx_word' id='word_1_488' title='bbox 2822 2593 3084 2649; x_wconf 84' lang='lat' dir='ltr'><strong>modicum</strong></span> <span class='ocrx_word' id='word_1_489' title='bbox 3105 2595 3277 2665; x_wconf 78' lang='lat' dir='ltr'><strong>justo,</strong></span> <span class='ocrx_word' id='word_1_490' title='bbox 3314 2601 3419 2651; x_wconf 89' lang='lat' dir='ltr'><strong>etc.</strong></span> <span class='ocrx_word' id='word_1_491' title='bbox 3473 2593 3596 2651; x_wconf 62' lang='lat' dir='ltr'><strong>&quot;ac</strong></span> 
     </span>
    </p>
   </div>
   <div class='ocr_carea' id='block_1_69' title="bbox 2034 2683 3597 2758">
    <p class='ocr_par' dir='ltr' id='par_1_69' title="bbox 2034 2683 3597 2758">
     <span class='ocr_line' id='line_1_69' title="bbox 2034 2683 3597 2758; baseline 0.004 -21"><span class='ocrx_word' id='word_1_492' title='bbox 2034 2699 2143 2738; x_wconf 89' lang='lat' dir='ltr'><strong>non</strong></span> <span class='ocrx_word' id='word_1_493' title='bbox 2175 2684 2337 2739; x_wconf 91' lang='lat' dir='ltr'><strong>modo</strong></span> <span class='ocrx_word' id='word_1_494' title='bbox 2366 2686 2729 2753; x_wconf 62' lang='lat' dir='ltr'><strong>praenuntiata</strong></span> <span class='ocrx_word' id='word_1_495' title='bbox 2756 2684 2937 2750; x_wconf 91' lang='lat' dir='ltr'><strong>fuere,</strong></span> <span class='ocrx_word' id='word_1_496' title='bbox 2967 2686 3062 2741; x_wconf 90' lang='lat' dir='ltr'><strong>sed</strong></span> <span class='ocrx_word' id='word_1_497' title='bbox 3091 2695 3146 2741; x_wconf 92' lang='lat' dir='ltr'><strong>et</strong></span> <span class='ocrx_word' id='word_1_498' title='bbox 3178 2688 3299 2743; x_wconf 75' lang='lat' dir='ltr'><strong>aliis</strong></span> <span class='ocrx_word' id='word_1_499' title='bbox 3340 2683 3597 2758; x_wconf 84' lang='lat' dir='ltr'><strong>tempori-</strong></span> 
     </span>
    </p>
   </div>
   <div class='ocr_carea' id='block_1_70' title="bbox 2034 2772 3595 2848">
    <p class='ocr_par' dir='ltr' id='par_1_70' title="bbox 2034 2772 3595 2848">
     <span class='ocr_line' id='line_1_70' title="bbox 2034 2772 3595 2848; baseline 0.003 -19"><span class='ocrx_word' id='word_1_500' title='bbox 2034 2773 2138 2829; x_wconf 87' lang='lat' dir='ltr'><strong>bus</strong></span> <span class='ocrx_word' id='word_1_501' title='bbox 2170 2788 2334 2845; x_wconf 90' lang='lat' dir='ltr'><strong>opere</strong></span> <span class='ocrx_word' id='word_1_502' title='bbox 2359 2775 2641 2844; x_wconf 84' lang='lat' dir='ltr'><strong>completa.</strong></span> <span class='ocrx_word' id='word_1_503' title='bbox 2668 2772 2857 2831; x_wconf 83' lang='lat' dir='ltr'><strong>Justus</strong></span> <span class='ocrx_word' id='word_1_504' title='bbox 2876 2775 3095 2845; x_wconf 92' lang='lat' dir='ltr'><strong>quidem</strong></span> <span class='ocrx_word' id='word_1_505' title='bbox 3118 2792 3406 2846; x_wconf 84' lang='lat' dir='ltr'><strong>pauperem</strong></span> <span class='ocrx_word' id='word_1_506' title='bbox 3432 2791 3595 2848; x_wconf 85' lang='lat' dir='ltr'><strong>agens</strong></span> 
     </span>
    </p>
   </div>
   <div class='ocr_carea' id='block_1_71' title="bbox 2033 2865 3597 2936">
    <p class='ocr_par' dir='ltr' id='par_1_71' title="bbox 2033 2865 3597 2936">
     <span class='ocr_line' id='line_1_71' title="bbox 2033 2865 3597 2936; baseline 0.005 -19"><span class='ocrx_word' id='word_1_507' title='bbox 2033 2865 2199 2919; x_wconf 85' lang='lat' dir='ltr'><strong>vitam</strong></span> <span class='ocrx_word' id='word_1_508' title='bbox 2250 2866 2442 2936; x_wconf 89' lang='lat' dir='ltr'><strong>paucis</strong></span> <span class='ocrx_word' id='word_1_509' title='bbox 2488 2872 2777 2922; x_wconf 88' lang='lat' dir='ltr'><strong>contentus</strong></span> <span class='ocrx_word' id='word_1_510' title='bbox 2828 2874 2931 2934; x_wconf 86' lang='lat' dir='ltr'><strong>est,</strong></span> <span class='ocrx_word' id='word_1_511' title='bbox 2986 2867 3053 2920; x_wconf 91' lang='lat' dir='ltr'><strong>ad</strong></span> <span class='ocrx_word' id='word_1_512' title='bbox 3108 2868 3223 2923; x_wconf 69' lang='lat' dir='ltr'><strong>haec</strong></span> <span class='ocrx_word' id='word_1_513' title='bbox 3262 2870 3316 2923; x_wconf 91' lang='lat' dir='ltr'><strong>in</strong></span> <span class='ocrx_word' id='word_1_514' title='bbox 3349 2873 3597 2930; x_wconf 83' lang='lat' dir='ltr'><strong>oratione</strong></span> 
     </span>
    </p>
   </div>
   <div class='ocr_carea' id='block_1_72' title="bbox 2035 2948 3593 3023">
    <p class='ocr_par' dir='ltr' id='par_1_72' title="bbox 2035 2948 3593 3023">
     <span class='ocr_line' id='line_1_72' title="bbox 2035 2948 3593 3023; baseline 0.004 -21"><span class='ocrx_word' id='word_1_515' title='bbox 2035 2948 2357 3019; x_wconf 84' lang='lat' dir='ltr'><strong>proferenda</strong></span> <span class='ocrx_word' id='word_1_516' title='bbox 2394 2950 2695 3013; x_wconf 88' lang='lat' dir='ltr'><strong>institutus,</strong></span> <span class='ocrx_word' id='word_1_517' title='bbox 2729 2948 2931 3013; x_wconf 84' lang='lat' dir='ltr'><strong>Panem</strong></span> <span class='ocrx_word' id='word_1_518' title='bbox 2963 2961 3200 3006; x_wconf 87' lang='lat' dir='ltr'><strong>nostrum</strong></span> <span class='ocrx_word' id='word_1_519' title='bbox 3230 2954 3593 3023; x_wconf 81' lang='lat' dir='ltr'><strong>quotidianum</strong></span> 
     </span>
    </p>
   </div>
   <div class='ocr_carea' id='block_1_73' title="bbox 2034 3039 3591 3111">
    <p class='ocr_par' dir='ltr' id='par_1_73' title="bbox 2034 3039 3591 3111">
     <span class='ocr_line' id='line_1_73' title="bbox 2034 3039 3591 3111; baseline 0.007 -19"><span class='ocrx_word' id='word_1_520' title='bbox 2034 3039 2105 3094; x_wconf 87' lang='lat' dir='ltr'><strong>da</strong></span> <span class='ocrx_word' id='word_1_521' title='bbox 2133 3039 2283 3095; x_wconf 83' lang='lat' dir='ltr'><strong>nobis</strong></span> <span class='ocrx_word' id='word_1_522' title='bbox 2311 3040 2466 3095; x_wconf 80' lang='lat' dir='ltr'><strong>hodie</strong></span> <span class='ocrx_word' id='word_1_523' title='bbox 2491 3042 2560 3095; x_wconf 70' lang='lat'><strong>7°.</strong></span> <span class='ocrx_word' id='word_1_524' title='bbox 2603 3039 2868 3098; x_wconf 89' lang='lat' dir='ltr'><strong>Peccator</strong></span> <span class='ocrx_word' id='word_1_525' title='bbox 2904 3050 3080 3097; x_wconf 89' lang='lat' dir='ltr'><strong>autem</strong></span> <span class='ocrx_word' id='word_1_526' title='bbox 3111 3042 3316 3098; x_wconf 77' lang='lat' dir='ltr'><strong>divitiis</strong></span> <span class='ocrx_word' id='word_1_527' title='bbox 3346 3044 3591 3111; x_wconf 77' lang='lat' dir='ltr'><strong>afﬂuens,</strong></span> 
     </span>
    </p>
   </div>
   <div class='ocr_carea' id='block_1_74' title="bbox 2034 3131 3595 3209">
    <p class='ocr_par' dir='ltr' id='par_1_74' title="bbox 2034 3131 3595 3209">
     <span class='ocr_line' id='line_1_74' title="bbox 2034 3131 3595 3209; baseline 0.004 -23"><span class='ocrx_word' id='word_1_528' title='bbox 2034 3144 2095 3187; x_wconf 85' lang='lat' dir='ltr'><strong>se</strong></span> <span class='ocrx_word' id='word_1_529' title='bbox 2123 3131 2266 3188; x_wconf 89' lang='lat' dir='ltr'><strong>bono</strong></span> <span class='ocrx_word' id='word_1_530' title='bbox 2298 3132 2401 3188; x_wconf 91' lang='lat' dir='ltr'><strong>frui</strong></span> <span class='ocrx_word' id='word_1_531' title='bbox 2432 3133 2750 3189; x_wconf 86' lang='lat' dir='ltr'><strong>arbitratur.</strong></span> <span class='ocrx_word' id='word_1_532' title='bbox 2785 3134 2851 3187; x_wconf 84' lang='lat' dir='ltr'><strong>At</strong></span> <span class='ocrx_word' id='word_1_533' title='bbox 2878 3133 3045 3205; x_wconf 83' lang='lat' dir='ltr'><strong>probe</strong></span> <span class='ocrx_word' id='word_1_534' title='bbox 3073 3135 3219 3201; x_wconf 87' lang='lat' dir='ltr'><strong>novi,</strong></span> <span class='ocrx_word' id='word_1_535' title='bbox 3275 3137 3471 3209; x_wconf 87' lang='lat' dir='ltr'><strong>inquit,</strong></span> <span class='ocrx_word' id='word_1_536' title='bbox 3516 3138 3595 3192; x_wconf 85' lang='lat' dir='ltr'><strong>id-</strong></span> 
     </span>
    </p>
   </div>
   <div class='ocr_carea' id='block_1_75' title="bbox 2034 3224 3598 3299">
    <p class='ocr_par' dir='ltr' id='par_1_75' title="bbox 2034 3224 3598 3299">
     <span class='ocr_line' id='line_1_75' title="bbox 2034 3224 3598 3299; baseline 0.005 -23"><span class='ocrx_word' id='word_1_537' title='bbox 2034 3238 2142 3293; x_wconf 92' lang='lat' dir='ltr'><strong>que</strong></span> <span class='ocrx_word' id='word_1_538' title='bbox 2188 3230 2415 3279; x_wconf 70' lang='lat' dir='ltr'><strong>cseteros</strong></span> <span class='ocrx_word' id='word_1_539' title='bbox 2461 3224 2651 3289; x_wconf 90' lang='lat' dir='ltr'><strong>doceo,</strong></span> <span class='ocrx_word' id='word_1_540' title='bbox 2690 3226 2861 3280; x_wconf 91' lang='lat' dir='ltr'><strong>multo</strong></span> <span class='ocrx_word' id='word_1_541' title='bbox 2901 3228 3328 3299; x_wconf 64' lang='lat' dir='ltr'><strong>praestantiorem</strong></span> <span class='ocrx_word' id='word_1_542' title='bbox 3367 3230 3598 3299; x_wconf 82' lang='lat' dir='ltr'><strong>jusmm,</strong></span> 
     </span>
    </p>
   </div>
   <div class='ocr_carea' id='block_1_76' title="bbox 2035 3303 3598 3394">
    <p class='ocr_par' dir='ltr' id='par_1_76' title="bbox 2035 3303 3598 3394">
     <span class='ocr_line' id='line_1_76' title="bbox 2035 3303 3598 3394; baseline 0.004 -20"><span class='ocrx_word' id='word_1_543' title='bbox 2035 3319 2127 3390; x_wconf 87' lang='lat' dir='ltr'><strong>qui</strong></span> <span class='ocrx_word' id='word_1_544' title='bbox 2159 3303 2537 3390; x_wconf 83' lang='lat' dir='ltr'><strong>quotidianum</strong></span> <span class='ocrx_word' id='word_1_545' title='bbox 2569 3335 2600 3375; x_wconf 88' lang='lat' dir='ltr'><strong>a</strong></span> <span class='ocrx_word' id='word_1_546' title='bbox 2641 3319 2751 3377; x_wconf 87' lang='lat' dir='ltr'><strong>Deo</strong></span> <span class='ocrx_word' id='word_1_547' title='bbox 2781 3335 2974 3391; x_wconf 89' lang='lat' dir='ltr'><strong>panem</strong></span> <span class='ocrx_word' id='word_1_548' title='bbox 3005 3324 3219 3394; x_wconf 89' lang='lat' dir='ltr'><strong>accipit,</strong></span> <span class='ocrx_word' id='word_1_549' title='bbox 3250 3332 3598 3394; x_wconf 77' lang='lat' dir='ltr'><strong>peccatorum</strong></span> 
     </span>
    </p>
   </div>
   <div class='ocr_carea' id='block_1_77' title="bbox 2036 3411 3597 3484">
    <p class='ocr_par' dir='ltr' id='par_1_77' title="bbox 2036 3411 3597 3484">
     <span class='ocr_line' id='line_1_77' title="bbox 2036 3411 3597 3484; baseline 0.003 -17"><span class='ocrx_word' id='word_1_550' title='bbox 2036 3411 2245 3468; x_wconf 82' lang='lat' dir='ltr'><strong>divitiis</strong></span> <span class='ocrx_word' id='word_1_551' title='bbox 2271 3427 2414 3468; x_wconf 86' lang='lat' dir='ltr'><strong>esse.</strong></span> <span class='ocrx_word' id='word_1_552' title='bbox 2448 3411 2602 3479; x_wconf 87' lang='lat' dir='ltr'><strong>Quod</strong></span> <span class='ocrx_word' id='word_1_553' title='bbox 2635 3412 2683 3469; x_wconf 88' lang='lat' dir='ltr'><strong>si</strong></span> <span class='ocrx_word' id='word_1_554' title='bbox 2732 3427 2954 3469; x_wconf 82' lang='lat' dir='ltr'><strong>causam</strong></span> <span class='ocrx_word' id='word_1_555' title='bbox 2983 3416 3341 3484; x_wconf 85' lang='lat' dir='ltr'><strong>perconteris.</strong></span> <span class='ocrx_word' id='word_1_556' title='bbox 3386 3415 3597 3473; x_wconf 80' lang='lat' dir='ltr'><strong>ediscas</strong></span> 
     </span>
    </p>
   </div>
   <div class='ocr_carea' id='block_1_78' title="bbox 2036 3503 3598 3575">
    <p class='ocr_par' dir='ltr' id='par_1_78' title="bbox 2036 3503 3598 3575">
     <span class='ocr_line' id='line_1_78' title="bbox 2036 3503 3598 3575; baseline 0.003 -18"><span class='ocrx_word' id='word_1_557' title='bbox 2036 3503 2187 3567; x_wconf 84' lang='lat' dir='ltr'><strong>licet,</strong></span> <span class='ocrx_word' id='word_1_558' title='bbox 2219 3504 2345 3573; x_wconf 88' lang='lat' dir='ltr'><strong>quia</strong></span> <span class='ocrx_word' id='word_1_559' title='bbox 2381 3504 2471 3559; x_wconf 93' lang='lat' dir='ltr'><strong>ille</strong></span> <span class='ocrx_word' id='word_1_560' title='bbox 2502 3504 2722 3573; x_wconf 85' lang='lat' dir='ltr'><strong>quidem</strong></span> <span class='ocrx_word' id='word_1_561' title='bbox 2754 3506 2942 3575; x_wconf 88' lang='lat' dir='ltr'><strong>paucis</strong></span> <span class='ocrx_word' id='word_1_562' title='bbox 2967 3512 3279 3567; x_wconf 86' lang='lat' dir='ltr'><strong>contentus,</strong></span> <span class='ocrx_word' id='word_1_563' title='bbox 3312 3504 3598 3562; x_wconf 85' lang='lat' dir='ltr'><strong>Dominum</strong></span> 
     </span>
    </p>
   </div>
   <div class='ocr_carea' id='block_1_79' title="bbox 2037 3594 3597 3667">
    <p class='ocr_par' dir='ltr' id='par_1_79' title="bbox 2037 3594 3597 3667">
     <span class='ocr_line' id='line_1_79' title="bbox 2037 3594 3597 3667; baseline 0.003 -18"><span class='ocrx_word' id='word_1_564' title='bbox 2037 3594 2201 3650; x_wconf 86' lang='lat' dir='ltr'><strong>habet</strong></span> <span class='ocrx_word' id='word_1_565' title='bbox 2242 3596 2334 3666; x_wconf 90' lang='lat' dir='ltr'><strong>qui</strong></span> <span class='ocrx_word' id='word_1_566' title='bbox 2369 3595 2606 3651; x_wconf 86' lang='lat' dir='ltr'><strong>animam</strong></span> <span class='ocrx_word' id='word_1_567' title='bbox 2653 3604 2708 3649; x_wconf 89' lang='lat' dir='ltr'><strong>et</strong></span> <span class='ocrx_word' id='word_1_568' title='bbox 2738 3594 2903 3650; x_wconf 84' lang='lat' dir='ltr'><strong>vitam</strong></span> <span class='ocrx_word' id='word_1_569' title='bbox 2951 3596 3070 3665; x_wconf 90' lang='lat' dir='ltr'><strong>ejus</strong></span> <span class='ocrx_word' id='word_1_570' title='bbox 3122 3596 3329 3659; x_wconf 87' lang='lat' dir='ltr'><strong>fulciat,</strong></span> <span class='ocrx_word' id='word_1_571' title='bbox 3384 3598 3597 3667; x_wconf 86' lang='lat' dir='ltr'><strong>ipsique</strong></span> 
     </span>
    </p>
   </div>
   <div class='ocr_carea' id='block_1_80' title="bbox 2036 3676 3693 3759">
    <p class='ocr_par' dir='ltr' id='par_1_80' title="bbox 2036 3676 3693 3759">
     <span class='ocr_line' id='line_1_80' title="bbox 2036 3676 3693 3759; baseline 0.002 -19"><span class='ocrx_word' id='word_1_572' title='bbox 2036 3686 2326 3757; x_wconf 85' lang='lat' dir='ltr'><strong>plusquam</strong></span> <span class='ocrx_word' id='word_1_573' title='bbox 2376 3701 2567 3741; x_wconf 87' lang='lat' dir='ltr'><strong>omnes</strong></span> <span class='ocrx_word' id='word_1_574' title='bbox 2605 3686 2807 3742; x_wconf 69' lang='lat' dir='ltr'><strong>divitia:</strong></span> <span class='ocrx_word' id='word_1_575' title='bbox 2840 3686 3112 3743; x_wconf 76' lang='lat' dir='ltr'><strong>sufﬁciat:</strong></span> <span class='ocrx_word' id='word_1_576' title='bbox 3165 3697 3220 3743; x_wconf 92' lang='lat' dir='ltr'><strong>at</strong></span> <span class='ocrx_word' id='word_1_577' title='bbox 3252 3697 3595 3759; x_wconf 88' lang='lat' dir='ltr'><strong>peccatorum</strong></span> <span class='ocrx_word' id='word_1_578' title='bbox 3690 3676 3693 3679; x_wconf 63' lang='grc'><em>’</em></span> 
     </span>
    </p>
   </div>
   <div class='ocr_carea' id='block_1_81' title="bbox 2037 3777 3596 3851">
    <p class='ocr_par' dir='ltr' id='par_1_81' title="bbox 2037 3777 3596 3851">
     <span class='ocr_line' id='line_1_81' title="bbox 2037 3777 3596 3851; baseline 0.003 -20"><span class='ocrx_word' id='word_1_579' title='bbox 2037 3777 2262 3833; x_wconf 84' lang='lat' dir='ltr'><strong>brachia</strong></span> <span class='ocrx_word' id='word_1_580' title='bbox 2291 3792 2400 3834; x_wconf 87' lang='lat' dir='ltr'><strong>non</strong></span> <span class='ocrx_word' id='word_1_581' title='bbox 2430 3778 2654 3834; x_wconf 86' lang='lat' dir='ltr'><strong>robusta</strong></span> <span class='ocrx_word' id='word_1_582' title='bbox 2699 3786 2941 3847; x_wconf 89' lang='lat' dir='ltr'><strong>manent,</strong></span> <span class='ocrx_word' id='word_1_583' title='bbox 2973 3796 3151 3851; x_wconf 89' lang='lat' dir='ltr'><strong>neque</strong></span> <span class='ocrx_word' id='word_1_584' title='bbox 3182 3780 3383 3836; x_wconf 75' lang='lat' dir='ltr'><strong>divitia:</strong></span> <span class='ocrx_word' id='word_1_585' title='bbox 3410 3795 3596 3838; x_wconf 87' lang='lat' dir='ltr'><strong>eorum</strong></span> 
     </span>
    </p>
   </div>
   <div class='ocr_carea' id='block_1_82' title="bbox 2038 3868 3597 3944">
    <p class='ocr_par' dir='ltr' id='par_1_82' title="bbox 2038 3868 3597 3944">
     <span class='ocr_line' id='line_1_82' title="bbox 2038 3868 3597 3944; baseline 0.003 -22"><span class='ocrx_word' id='word_1_586' title='bbox 2038 3868 2209 3925; x_wconf 62' lang='lat' dir='ltr'><strong>firmas</strong></span> <span class='ocrx_word' id='word_1_587' title='bbox 2256 3876 2423 3935; x_wconf 88' lang='lat' dir='ltr'><strong>sunt;</strong></span> <span class='ocrx_word' id='word_1_588' title='bbox 2483 3884 2650 3940; x_wconf 88' lang='lat' dir='ltr'><strong>prope</strong></span> <span class='ocrx_word' id='word_1_589' title='bbox 2677 3869 2819 3926; x_wconf 90' lang='lat' dir='ltr'><strong>diem</strong></span> <span class='ocrx_word' id='word_1_590' title='bbox 2844 3871 2988 3927; x_wconf 89' lang='lat' dir='ltr'><strong>enim</strong></span> <span class='ocrx_word' id='word_1_591' title='bbox 3042 3878 3395 3927; x_wconf 88' lang='lat' dir='ltr'><strong>conterentur</strong></span> <span class='ocrx_word' id='word_1_592' title='bbox 3442 3872 3597 3944; x_wconf 78' lang='lat' dir='ltr'><strong>quasi</strong></span> 
     </span>
    </p>
   </div>
   <div class='ocr_carea' id='block_1_83' title="bbox 2037 3958 3413 4032">
    <p class='ocr_par' dir='ltr' id='par_1_83' title="bbox 2037 3958 3413 4032">
     <span class='ocr_line' id='line_1_83' title="bbox 2037 3958 3413 4032; baseline 0.004 -19"><span class='ocrx_word' id='word_1_593' title='bbox 2037 3958 2185 4015; x_wconf 86' lang='lat' dir='ltr'><strong>olera</strong></span> <span class='ocrx_word' id='word_1_594' title='bbox 2216 3959 2530 4025; x_wconf 81' lang='lat' dir='ltr'><strong>herbarum,</strong></span> <span class='ocrx_word' id='word_1_595' title='bbox 2563 3968 2616 4015; x_wconf 86' lang='lat' dir='ltr'><strong>et</strong></span> <span class='ocrx_word' id='word_1_596' title='bbox 2643 3967 2900 4032; x_wconf 82' lang='lat' dir='ltr'><strong>tanquam</strong></span> <span class='ocrx_word' id='word_1_597' title='bbox 2929 3959 3125 4017; x_wconf 86' lang='lat' dir='ltr'><strong>fenum.</strong></span> <span class='ocrx_word' id='word_1_598' title='bbox 3143 3969 3413 4021; x_wconf 82' lang='lat' dir='ltr'><strong>arescent.</strong></span> 
     </span>
    </p>
   </div>
   <div class='ocr_carea' id='block_1_84' title="bbox 2108 4133 3599 4194">
    <p class='ocr_par' dir='ltr' id='par_1_84' title="bbox 2108 4133 3599 4194">
     <span class='ocr_line' id='line_1_84' title="bbox 2108 4133 3599 4194; baseline 0.003 -4"><span class='ocrx_word' id='word_1_599' title='bbox 2108 4136 2276 4194; x_wconf 65' lang='lat' dir='ltr'><strong>Vens.</strong></span> <span class='ocrx_word' id='word_1_600' title='bbox 2322 4137 2387 4192; x_wconf 83' lang='lat' dir='ltr'><strong>i8</strong></span> <span class='ocrx_word' id='word_1_601' title='bbox 2417 4167 2442 4178; x_wconf 88' lang='lat'><strong>-</strong></span> <span class='ocrx_word' id='word_1_602' title='bbox 2471 4134 2561 4191; x_wconf 69' lang='grc' dir='ltr'>εο.</span> <span class='ocrx_word' id='word_1_603' title='bbox 2612 4133 2773 4192; x_wconf 81' lang='lat' dir='ltr'><strong>Novit</strong></span> <span class='ocrx_word' id='word_1_604' title='bbox 2828 4135 3083 4193; x_wconf 76' lang='lat' dir='ltr'><strong>Dominus</strong></span> <span class='ocrx_word' id='word_1_605' title='bbox 3134 4139 3245 4193; x_wconf 79' lang='lat' dir='ltr'><strong>vias</strong></span> <span class='ocrx_word' id='word_1_606' title='bbox 3295 4138 3599 4194; x_wconf 73' lang='lat' dir='ltr'><strong>immacula-</strong></span> 
     </span>
    </p>
   </div>
   <div class='ocr_carea' id='block_1_85' title="bbox 2040 4226 3603 4294">
    <p class='ocr_par' dir='ltr' id='par_1_85' title="bbox 2040 4226 3603 4294">
     <span class='ocr_line' id='line_1_85' title="bbox 2040 4226 3603 4294; baseline -0.002 -9"><span class='ocrx_word' id='word_1_607' title='bbox 2040 4239 2234 4294; x_wconf 86' lang='lat' dir='ltr'><strong>torum,</strong></span> <span class='ocrx_word' id='word_1_608' title='bbox 2271 4240 2320 4284; x_wconf 83' lang='lat' dir='ltr'><strong>et</strong></span> <span class='ocrx_word' id='word_1_609' title='bbox 2368 4228 2649 4285; x_wconf 73' lang='lat' dir='ltr'><strong>hwreditas</strong></span> <span class='ocrx_word' id='word_1_610' title='bbox 2692 4244 2874 4284; x_wconf 81' lang='lat' dir='ltr'><strong>eorum</strong></span> <span class='ocrx_word' id='word_1_611' title='bbox 2921 4228 2977 4282; x_wconf 85' lang='lat' dir='ltr'><strong>in</strong></span> <span class='ocrx_word' id='word_1_612' title='bbox 3025 4236 3276 4283; x_wconf 67' lang='lat' dir='ltr'><strong>internum</strong></span> <span class='ocrx_word' id='word_1_613' title='bbox 3325 4228 3444 4282; x_wconf 81' lang='lat' dir='ltr'><strong>erit.</strong></span> <span class='ocrx_word' id='word_1_614' title='bbox 3479 4226 3603 4282; x_wconf 75' lang='lat' dir='ltr'><strong>Non</strong></span> 
     </span>
    </p>
   </div>
   <div class='ocr_carea' id='block_1_86' title="bbox 2039 4317 3601 4393">
    <p class='ocr_par' dir='ltr' id='par_1_86' title="bbox 2039 4317 3601 4393">
     <span class='ocr_line' id='line_1_86' title="bbox 2039 4317 3601 4393; baseline -0.004 -14"><span class='ocrx_word' id='word_1_615' title='bbox 2039 4320 2427 4393; x_wconf 72' lang='lat' dir='ltr'><strong>confundantur</strong></span> <span class='ocrx_word' id='word_1_616' title='bbox 2466 4322 2520 4377; x_wconf 88' lang='lat' dir='ltr'><strong>in</strong></span> <span class='ocrx_word' id='word_1_617' title='bbox 2554 4330 2778 4389; x_wconf 80' lang='lat' dir='ltr'><strong>tempore</strong></span> <span class='ocrx_word' id='word_1_618' title='bbox 2807 4321 2969 4385; x_wconf 86' lang='lat' dir='ltr'><strong>malo,</strong></span> <span class='ocrx_word' id='word_1_619' title='bbox 3022 4329 3071 4374; x_wconf 85' lang='lat' dir='ltr'><strong>et</strong></span> <span class='ocrx_word' id='word_1_620' title='bbox 3116 4320 3171 4373; x_wconf 89' lang='lat' dir='ltr'><strong>in</strong></span> <span class='ocrx_word' id='word_1_621' title='bbox 3216 4318 3395 4373; x_wconf 84' lang='lat' dir='ltr'><strong>diebus</strong></span> <span class='ocrx_word' id='word_1_622' title='bbox 3440 4317 3601 4386; x_wconf 75' lang='lat' dir='ltr'><strong>[amis</strong></span> 
     </span>
    </p>
   </div>
   <div class='ocr_carea' id='block_1_87' title="bbox 2040 4408 3601 4485">
    <p class='ocr_par' dir='ltr' id='par_1_87' title="bbox 2040 4408 3601 4485">
     <span class='ocr_line' id='line_1_87' title="bbox 2040 4408 3601 4485; baseline -0.006 -14"><span class='ocrx_word' id='word_1_623' title='bbox 2040 4416 2445 4480; x_wconf 79' lang='lat' dir='ltr'><strong>saturabuntur,</strong></span> <span class='ocrx_word' id='word_1_624' title='bbox 2474 4414 2598 4485; x_wconf 78' lang='lat' dir='ltr'><strong>quia</strong></span> <span class='ocrx_word' id='word_1_625' title='bbox 2628 4421 2923 4481; x_wconf 80' lang='lat' dir='ltr'><strong>peccatores</strong></span> <span class='ocrx_word' id='word_1_626' title='bbox 2950 4408 3209 4479; x_wconf 78' lang='lat' dir='ltr'><strong>peribunt.</strong></span> <span class='ocrx_word' id='word_1_627' title='bbox 3241 4408 3377 4474; x_wconf 84' lang='lat' dir='ltr'><strong>Quia</strong></span> <span class='ocrx_word' id='word_1_628' title='bbox 3410 4422 3601 4462; x_wconf 86' lang='lat' dir='ltr'><strong>eorum</strong></span> 
     </span>
    </p>
   </div>
   <div class='ocr_carea' id='block_1_88' title="bbox 2042 4501 3605 4581">
    <p class='ocr_par' dir='ltr' id='par_1_88' title="bbox 2042 4501 3605 4581">
     <span class='ocr_line' id='line_1_88' title="bbox 2042 4501 3605 4581; baseline -0.006 -17"><span class='ocrx_word' id='word_1_629' title='bbox 2042 4510 2136 4581; x_wconf 91' lang='lat' dir='ltr'><strong>qui</strong></span> <span class='ocrx_word' id='word_1_630' title='bbox 2167 4508 2222 4562; x_wconf 90' lang='lat' dir='ltr'><strong>in</strong></span> <span class='ocrx_word' id='word_1_631' title='bbox 2257 4507 2449 4563; x_wconf 77' lang='lat' dir='ltr'><strong>dextro</strong></span> <span class='ocrx_word' id='word_1_632' title='bbox 2488 4505 2693 4560; x_wconf 81' lang='lat' dir='ltr'><strong>ordine</strong></span> <span class='ocrx_word' id='word_1_633' title='bbox 2735 4511 2883 4569; x_wconf 90' lang='lat' dir='ltr'><strong>sunt,</strong></span> <span class='ocrx_word' id='word_1_634' title='bbox 2914 4504 2967 4557; x_wconf 88' lang='lat' dir='ltr'><strong>id</strong></span> <span class='ocrx_word' id='word_1_635' title='bbox 3016 4509 3102 4557; x_wconf 84' lang='lat' dir='ltr'><strong>est</strong></span> <span class='ocrx_word' id='word_1_636' title='bbox 3144 4501 3438 4570; x_wconf 89' lang='lat' dir='ltr'><strong>justorum,</strong></span> <span class='ocrx_word' id='word_1_637' title='bbox 3492 4514 3605 4556; x_wconf 86' lang='lat' dir='ltr'><strong>non</strong></span> 
     </span>
    </p>
   </div>
   <div class='ocr_carea' id='block_1_89' title="bbox 370 4591 1939 4694">
    <p class='ocr_par' dir='ltr' id='par_1_89' title="bbox 370 4605 1937 4686">
     <span class='ocr_line' id='line_1_89' title="bbox 370 4605 1937 4686; baseline 0.005 -27"><span class='ocrx_word' id='word_1_638' title='bbox 370 4605 480 4660; x_wconf 88' lang='grc' dir='ltr'><strong>τῶν</strong></span> <span class='ocrx_word' id='word_1_639' title='bbox 506 4605 747 4675; x_wconf 81' lang='grc' dir='ltr'>δικαίων,</span> <span class='ocrx_word' id='word_1_640' title='bbox 781 4610 843 4664; x_wconf 84' lang='grc' dir='ltr'><strong>ού</strong></span> <span class='ocrx_word' id='word_1_641' title='bbox 872 4610 1030 4682; x_wconf 79' lang='grc' dir='ltr'>μόνον</span> <span class='ocrx_word' id='word_1_642' title='bbox 1055 4608 1404 4682; x_wconf 78' lang='grc' dir='ltr'>ύποστηρίζει</span> <span class='ocrx_word' id='word_1_643' title='bbox 1429 4614 1458 4665; x_wconf 91' lang='lat'><strong>6</strong></span> <span class='ocrx_word' id='word_1_644' title='bbox 1485 4612 1618 4676; x_wconf 83' lang='grc' dir='ltr'>Θεὸς</span> <span class='ocrx_word' id='word_1_645' title='bbox 1647 4613 1745 4686; x_wconf 80' lang='grc' dir='ltr'><strong>τὴν</strong></span> <span class='ocrx_word' id='word_1_646' title='bbox 1772 4614 1937 4686; x_wconf 78' lang='grc' dir='ltr'>ζωὴν,</span> 
     </span>
    </p>
   </div>
   <div class='ocr_carea' id='block_1_90' title="bbox 2036 4591 3602 4694">
    <p class='ocr_par' dir='ltr' id='par_1_90' title="bbox 2046 4591 3602 4664">
     <span class='ocr_line' id='line_1_90' title="bbox 2046 4591 3602 4664; baseline -0.008 -7"><span class='ocrx_word' id='word_1_647' title='bbox 2046 4601 2205 4656; x_wconf 89' lang='lat' dir='ltr'><strong>modo</strong></span> <span class='ocrx_word' id='word_1_648' title='bbox 2252 4601 2419 4654; x_wconf 83' lang='lat' dir='ltr'><strong>vitam</strong></span> <span class='ocrx_word' id='word_1_649' title='bbox 2455 4596 2610 4651; x_wconf 90' lang='lat' dir='ltr'><strong>fulcit</strong></span> <span class='ocrx_word' id='word_1_650' title='bbox 2648 4594 2950 4661; x_wconf 86' lang='lat' dir='ltr'><strong>Dominus;</strong></span> <span class='ocrx_word' id='word_1_651' title='bbox 2999 4593 3093 4649; x_wconf 90' lang='lat' dir='ltr'><strong>sed</strong></span> <span class='ocrx_word' id='word_1_652' title='bbox 3126 4593 3289 4647; x_wconf 88' lang='lat' dir='ltr'><strong>etiam</strong></span> <span class='ocrx_word' id='word_1_653' title='bbox 3322 4591 3463 4658; x_wconf 90' lang='lat' dir='ltr'><strong>dies,</strong></span> <span class='ocrx_word' id='word_1_654' title='bbox 3508 4593 3602 4664; x_wconf 91' lang='lat' dir='ltr'><strong>qui</strong></span> 
     </span>
    </p>
   </div>
   <div class='ocr_carea' id='block_1_91' title="bbox 372 4695 1942 4775">
    <p class='ocr_par' dir='ltr' id='par_1_91' title="bbox 372 4695 1942 4775">
     <span class='ocr_line' id='line_1_91' title="bbox 372 4695 1942 4775; baseline 0.006 -25"><span class='ocrx_word' id='word_1_655' title='bbox 372 4695 509 4751; x_wconf 84' lang='grc' dir='ltr'><strong>ἀλλά</strong></span> <span class='ocrx_word' id='word_1_656' title='bbox 539 4700 636 4753; x_wconf 80' lang='grc' dir='ltr'>καὶ</span> <span class='ocrx_word' id='word_1_657' title='bbox 670 4698 769 4764; x_wconf 81' lang='grc' dir='ltr'><strong>τάς</strong></span> <span class='ocrx_word' id='word_1_658' title='bbox 807 4701 1202 4773; x_wconf 85' lang='grc' dir='ltr'>περιμενούσας</span> <span class='ocrx_word' id='word_1_659' title='bbox 1248 4700 1445 4765; x_wconf 81' lang='grc' dir='ltr'>αὐτοὺς</span> <span class='ocrx_word' id='word_1_660' title='bbox 1481 4702 1539 4755; x_wconf 85' lang='grc' dir='ltr'>ὲν</span> <span class='ocrx_word' id='word_1_661' title='bbox 1577 4702 1655 4775; x_wconf 82' lang='grc' dir='ltr'>τῷ</span> <span class='ocrx_word' id='word_1_662' title='bbox 1697 4704 1942 4775; x_wconf 84' lang='grc' dir='ltr'>μέλλοντι</span> 
     </span>
    </p>
   </div>
   <div class='ocr_carea' id='block_1_92' title="bbox 372 4789 1945 4871">
    <p class='ocr_par' dir='ltr' id='par_1_92' title="bbox 372 4789 1945 4871">
     <span class='ocr_line' id='line_1_92' title="bbox 372 4789 1945 4871; baseline 0.007 -29"><span class='ocrx_word' id='word_1_663' title='bbox 372 4789 527 4844; x_wconf 88' lang='grc' dir='ltr'>αίῶνι</span> <span class='ocrx_word' id='word_1_664' title='bbox 570 4792 781 4866; x_wconf 54' lang='grc' dir='ltr'><strong>⁴ἡμέρας</strong></span> <span class='ocrx_word' id='word_1_665' title='bbox 835 4794 1077 4867; x_wconf 87' lang='grc' dir='ltr'>ἀκριϐῶς</span> <span class='ocrx_word' id='word_1_666' title='bbox 1114 4791 1242 4858; x_wconf 66' lang='grc' dir='ltr'>οἰδε,</span> <span class='ocrx_word' id='word_1_667' title='bbox 1297 4796 1397 4865; x_wconf 76' lang='grc' dir='ltr'>τήν</span> <span class='ocrx_word' id='word_1_668' title='bbox 1441 4811 1501 4847; x_wconf 86' lang='grc' dir='ltr'><strong>τε</strong></span> <span class='ocrx_word' id='word_1_669' title='bbox 1539 4797 1945 4871; x_wconf 83' lang='grc' dir='ltr'>ἡτοιμασμένην</span> 
     </span>
    </p>
   </div>
   <div class='ocr_carea' id='block_1_93' title="bbox 372 4881 1946 4961">
    <p class='ocr_par' dir='ltr' id='par_1_93' title="bbox 372 4881 1946 4961">
     <span class='ocr_line' id='line_1_93' title="bbox 372 4881 1946 4961; baseline 0.004 -25"><span class='ocrx_word' id='word_1_670' title='bbox 372 4881 554 4949; x_wconf 67' lang='grc' dir='ltr'>αὐτοῖς</span> <span class='ocrx_word' id='word_1_671' title='bbox 601 4884 984 4958; x_wconf 84' lang='grc' dir='ltr'>κληρονομίαν,</span> <span class='ocrx_word' id='word_1_672' title='bbox 1030 4888 1158 4961; x_wconf 76' lang='grc' dir='ltr'>περὶ</span> <span class='ocrx_word' id='word_1_673' title='bbox 1196 4882 1264 4960; x_wconf 79' lang='grc' dir='ltr'>ἦς</span> <span class='ocrx_word' id='word_1_674' title='bbox 1307 4885 1563 4958; x_wconf 84' lang='grc' dir='ltr'>ἀνωτέρω</span> <span class='ocrx_word' id='word_1_675' title='bbox 1597 4887 1812 4960; x_wconf 72' lang='grc' dir='ltr'>ἐλέχθη.</span> <span class='ocrx_word' id='word_1_676' title='bbox 1853 4889 1946 4944; x_wconf 91' lang='grc' dir='ltr'>Διὸ</span> 
     </span>
    </p>
   </div>
   <div class='ocr_carea' id='block_1_94' title="bbox 371 4975 1942 5052">
    <p class='ocr_par' dir='ltr' id='par_1_94' title="bbox 371 4975 1942 5052">
     <span class='ocr_line' id='line_1_94' title="bbox 371 4975 1942 5052; baseline 0.006 -24"><span class='ocrx_word' id='word_1_677' title='bbox 371 4975 522 5032; x_wconf 72' lang='grc' dir='ltr'>οὐδὲν</span> <span class='ocrx_word' id='word_1_678' title='bbox 548 4979 744 5044; x_wconf 83' lang='grc' dir='ltr'>αὐτοὺς</span> <span class='ocrx_word' id='word_1_679' title='bbox 772 4979 1105 5051; x_wconf 79' lang='grc' dir='ltr'>καταϐλάψει</span> <span class='ocrx_word' id='word_1_680' title='bbox 1134 4981 1195 5034; x_wconf 89' lang='grc' dir='ltr'><strong>τὸ</strong></span> <span class='ocrx_word' id='word_1_681' title='bbox 1221 4978 1417 5052; x_wconf 79' lang='grc' dir='ltr'>βραχὺ,</span> <span class='ocrx_word' id='word_1_682' title='bbox 1451 4978 1547 5033; x_wconf 76' lang='grc' dir='ltr'>καὶ</span> <span class='ocrx_word' id='word_1_683' title='bbox 1574 4979 1814 5050; x_wconf 86' lang='grc' dir='ltr'>λυπηρὸν</span> <span class='ocrx_word' id='word_1_684' title='bbox 1848 4982 1942 5037; x_wconf 80' lang='grc' dir='ltr'><strong>τοῦ</strong></span> 
     </span>
    </p>
   </div>
   <div class='ocr_carea' id='block_1_95' title="bbox 372 5069 1942 5143">
    <p class='ocr_par' dir='ltr' id='par_1_95' title="bbox 372 5069 1942 5143">
     <span class='ocr_line' id='line_1_95' title="bbox 372 5069 1942 5143; baseline 0.005 -22"><span class='ocrx_word' id='word_1_685' title='bbox 372 5069 640 5141; x_wconf 85' lang='grc' dir='ltr'>παρόντος</span> <span class='ocrx_word' id='word_1_686' title='bbox 678 5071 817 5143; x_wconf 84' lang='grc' dir='ltr'>βίου,</span> <span class='ocrx_word' id='word_1_687' title='bbox 857 5073 1044 5127; x_wconf 78' lang='grc' dir='ltr'>καὶτὸ</span> <span class='ocrx_word' id='word_1_688' title='bbox 1082 5072 1336 5127; x_wconf 84' lang='grc' dir='ltr'>πένεσθαι</span> <span class='ocrx_word' id='word_1_689' title='bbox 1375 5072 1467 5126; x_wconf 86' lang='grc' dir='ltr'><strong>καί</strong></span> <span class='ocrx_word' id='word_1_690' title='bbox 1513 5073 1811 5143; x_wconf 85' lang='grc' dir='ltr'>πτωχεύειν</span> <span class='ocrx_word' id='word_1_691' title='bbox 1855 5074 1942 5129; x_wconf 84' lang='grc' dir='ltr'><strong>διὰ</strong></span> 
     </span>
    </p>
   </div>
   <div class='ocr_carea' id='block_1_96' title="bbox 370 5157 1943 5241">
    <p class='ocr_par' dir='ltr' id='par_1_96' title="bbox 370 5157 1943 5241">
     <span class='ocr_line' id='line_1_96' title="bbox 370 5157 1943 5241; baseline 0.005 -29"><span class='ocrx_word' id='word_1_692' title='bbox 370 5157 462 5213; x_wconf 88' lang='grc' dir='ltr'><strong>τὸν</strong></span> <span class='ocrx_word' id='word_1_693' title='bbox 488 5161 710 5241; x_wconf 77' lang='grc' dir='ltr'>Κύριον.</span> <span class='ocrx_word' id='word_1_694' title='bbox 746 5165 1051 5238; x_wconf 83' lang='grc' dir='ltr'>Γυμνάσιον</span> <span class='ocrx_word' id='word_1_695' title='bbox 1079 5164 1188 5239; x_wconf 83' lang='grc' dir='ltr'><strong>γάρ</strong></span> <span class='ocrx_word' id='word_1_696' title='bbox 1218 5165 1395 5220; x_wconf 78' lang='grc' dir='ltr'>αὐτῶν</span> <span class='ocrx_word' id='word_1_697' title='bbox 1419 5167 1534 5220; x_wconf 74' lang='grc' dir='ltr'>ἐστι</span> <span class='ocrx_word' id='word_1_698' title='bbox 1561 5165 1659 5235; x_wconf 86' lang='grc' dir='ltr'>τῆς</span> <span class='ocrx_word' id='word_1_699' title='bbox 1687 5166 1943 5239; x_wconf 77' lang='grc' dir='ltr'>προαιρέ-</span> 
     </span>
    </p>
   </div>
   <div class='ocr_carea' id='block_1_97' title="bbox 373 5253 1941 5332">
    <p class='ocr_par' dir='ltr' id='par_1_97' title="bbox 373 5253 1941 5332">
     <span class='ocr_line' id='line_1_97' title="bbox 373 5253 1941 5332; baseline 0.004 -28"><span class='ocrx_word' id='word_1_700' title='bbox 373 5260 510 5316; x_wconf 79' lang='grc' dir='ltr'>σεως</span> <span class='ocrx_word' id='word_1_701' title='bbox 540 5255 574 5323; x_wconf 82' lang='grc' dir='ltr'><strong>ἠ</strong></span> <span class='ocrx_word' id='word_1_702' title='bbox 598 5257 884 5329; x_wconf 85' lang='grc' dir='ltr'>καρτερία,</span> <span class='ocrx_word' id='word_1_703' title='bbox 915 5258 984 5312; x_wconf 80' lang='grc' dir='ltr'><strong>δι’</strong></span> <span class='ocrx_word' id='word_1_704' title='bbox 1011 5253 1079 5330; x_wconf 81' lang='grc' dir='ltr'>ἦς</span> <span class='ocrx_word' id='word_1_705' title='bbox 1105 5258 1205 5331; x_wconf 81' lang='grc' dir='ltr'>τὴν</span> <span class='ocrx_word' id='word_1_706' title='bbox 1245 5259 1435 5332; x_wconf 83' lang='grc' dir='ltr'>στενὴν</span> <span class='ocrx_word' id='word_1_707' title='bbox 1457 5256 1550 5312; x_wconf 72' lang='grc' dir='ltr'>καὶ</span> <span class='ocrx_word' id='word_1_708' title='bbox 1579 5256 1941 5331; x_wconf 78' lang='grc' dir='ltr'>τεθλιμμένην</span> 
     </span>
    </p>
   </div>
   <div class='ocr_carea' id='block_1_98' title="bbox 372 5341 1941 5425">
    <p class='ocr_par' dir='ltr' id='par_1_98' title="bbox 372 5341 1941 5425">
     <span class='ocr_line' id='line_1_98' title="bbox 372 5341 1941 5425; baseline 0.006 -30"><span class='ocrx_word' id='word_1_709' title='bbox 372 5341 667 5411; x_wconf 83' lang='grc' dir='ltr'>ὁδεύοντες,</span> <span class='ocrx_word' id='word_1_710' title='bbox 711 5348 990 5416; x_wconf 77' lang='grc' dir='ltr'>τεύξονται</span> <span class='ocrx_word' id='word_1_711' title='bbox 1033 5350 1143 5405; x_wconf 87' lang='grc' dir='ltr'><strong>τῶν</strong></span> <span class='ocrx_word' id='word_1_712' title='bbox 1192 5344 1632 5425; x_wconf 77' lang='grc' dir='ltr'>ἐπηγγελμένων.</span> <span class='ocrx_word' id='word_1_713' title='bbox 1692 5351 1837 5404; x_wconf 77' lang='grc' dir='ltr'>Ἀντὶ</span> <span class='ocrx_word' id='word_1_714' title='bbox 1882 5351 1941 5404; x_wconf 79' lang='grc' dir='ltr'>δὲ</span> 
     </span>
    </p>
   </div>
   <div class='ocr_carea' id='block_1_99' title="bbox 370 5430 1941 5516">
    <p class='ocr_par' dir='ltr' id='par_1_99' title="bbox 370 5430 1941 5516">
     <span class='ocr_line' id='line_1_99' title="bbox 370 5430 1941 5516; baseline 0.008 -31"><span class='ocrx_word' id='word_1_715' title='bbox 370 5430 487 5511; x_wconf 81' lang='grc' dir='ltr'>τοῦ,</span> <span class='ocrx_word' id='word_1_716' title='bbox 510 5431 805 5502; x_wconf 67' lang='grc' dir='ltr'>γινώσκει,</span> <span class='ocrx_word' id='word_1_717' title='bbox 827 5437 857 5489; x_wconf 92' lang='lat'><strong>6</strong></span> <span class='ocrx_word' id='word_1_718' title='bbox 878 5437 1195 5510; x_wconf 83' lang='grc' dir='ltr'>Σύμμαχος,</span> <span class='ocrx_word' id='word_1_719' title='bbox 1222 5441 1509 5516; x_wconf 82' lang='grc' dir='ltr'>Προοῖδεν</span> <span class='ocrx_word' id='word_1_720' title='bbox 1530 5443 1563 5495; x_wconf 87' lang='lat' dir='ltr'><strong>o&#39;</strong></span> <span class='ocrx_word' id='word_1_721' title='bbox 1593 5441 1808 5509; x_wconf 83' lang='grc' dir='ltr'>Κύριος</span> <span class='ocrx_word' id='word_1_722' title='bbox 1832 5442 1941 5509; x_wconf 80' lang='grc' dir='ltr'>τὰς</span> 
     </span>
    </p>
   </div>
   <div class='ocr_carea' id='block_1_100' title="bbox 371 5526 1938 5607">
    <p class='ocr_par' dir='ltr' id='par_1_100' title="bbox 371 5526 1938 5607">
     <span class='ocr_line' id='line_1_100' title="bbox 371 5526 1938 5607; baseline -0.003 -12"><span class='ocrx_word' id='word_1_723' title='bbox 371 5526 594 5598; x_wconf 57' lang='grc' dir='ltr'>’μέρος</span> <span class='ocrx_word' id='word_1_724' title='bbox 625 5526 744 5581; x_wconf 72' lang='grc' dir='ltr'>τῶν</span> <span class='ocrx_word' id='word_1_725' title='bbox 773 5527 1044 5599; x_wconf 77' lang='grc' dir='ltr'>ἀμὼμων,</span> <span class='ocrx_word' id='word_1_726' title='bbox 1077 5533 1358 5598; x_wconf 64' lang='grc' dir='ltr'>ἐξέδωκεν.</span> <span class='ocrx_word' id='word_1_727' title='bbox 1392 5534 1501 5590; x_wconf 78' lang='grc' dir='ltr'><strong>Καὶ</strong></span> <span class='ocrx_word' id='word_1_728' title='bbox 1540 5533 1667 5589; x_wconf 82' lang='grc' dir='ltr'>ἀλλο</span> <span class='ocrx_word' id='word_1_729' title='bbox 1699 5533 1755 5587; x_wconf 81' lang='grc' dir='ltr'>δὲ</span> <span class='ocrx_word' id='word_1_730' title='bbox 1800 5536 1938 5607; x_wconf 81' lang='grc' dir='ltr'>μέγα</span> 
     </span>
    </p>
   </div>
   <div class='ocr_carea' id='block_1_101' title="bbox 375 5619 1942 5696">
    <p class='ocr_par' dir='ltr' id='par_1_101' title="bbox 375 5619 1942 5696">
     <span class='ocr_line' id='line_1_101' title="bbox 375 5619 1942 5696; baseline 0.006 -22"><span class='ocrx_word' id='word_1_731' title='bbox 375 5620 605 5694; x_wconf 81' lang='grc' dir='ltr'>ὑπάρξει</span> <span class='ocrx_word' id='word_1_732' title='bbox 636 5619 881 5686; x_wconf 87' lang='grc' dir='ltr'>τούτοις·</span> <span class='ocrx_word' id='word_1_733' title='bbox 930 5622 1003 5676; x_wconf 83' lang='grc' dir='ltr'>ἐν</span> <span class='ocrx_word' id='word_1_734' title='bbox 1044 5624 1154 5696; x_wconf 84' lang='grc' dir='ltr'><strong>γὰρ</strong></span> <span class='ocrx_word' id='word_1_735' title='bbox 1200 5627 1383 5696; x_wconf 78' lang='grc' dir='ltr'>καιρῷ</span> <span class='ocrx_word' id='word_1_736' title='bbox 1432 5626 1669 5695; x_wconf 75' lang='grc' dir='ltr'>πονηρῷ</span> <span class='ocrx_word' id='word_1_737' title='bbox 1707 5630 1779 5681; x_wconf 82' lang='grc' dir='ltr'>οὑ</span> <span class='ocrx_word' id='word_1_738' title='bbox 1811 5645 1942 5683; x_wconf 75' lang='grc' dir='ltr'>κατ·</span> 
     </span>
    </p>
   </div>
   <div class='ocr_carea' id='block_1_102' title="bbox 300 5706 1942 5803">
    <p class='ocr_par' dir='ltr' id='par_1_102' title="bbox 300 5706 1942 5803">
     <span class='ocr_line' id='line_1_102' title="bbox 300 5706 1942 5803; baseline 0.008 -40"><span class='ocrx_word' id='word_1_739' title='bbox 300 5796 305 5803; x_wconf 28' lang='lat'>.</span> <span class='ocrx_word' id='word_1_740' title='bbox 333 5758 338 5763; x_wconf 91' lang='lat'><strong>.</strong></span> <span class='ocrx_word' id='word_1_741' title='bbox 372 5706 905 5784; x_wconf 81' lang='grc' dir='ltr'>αισχυνθήσονται,</span> <span class='ocrx_word' id='word_1_742' title='bbox 926 5715 1027 5771; x_wconf 73' lang='grc' dir='ltr'><strong>καί</strong></span> <span class='ocrx_word' id='word_1_743' title='bbox 1047 5717 1117 5771; x_wconf 84' lang='grc' dir='ltr'>ἐν</span> <span class='ocrx_word' id='word_1_744' title='bbox 1142 5719 1389 5790; x_wconf 78' lang='grc' dir='ltr'>ἡμέραις</span> <span class='ocrx_word' id='word_1_745' title='bbox 1409 5720 1587 5791; x_wconf 87' lang='grc' dir='ltr'>λιμοῦ</span> <span class='ocrx_word' id='word_1_746' title='bbox 1610 5721 1942 5791; x_wconf 73' lang='grc' dir='ltr'>χορτασθήο</span> 
     </span>
    </p>
   </div>
   <div class='ocr_carea' id='block_1_103' title="bbox 438 5895 856 5963">
    <p class='ocr_par' dir='ltr' id='par_1_103' title="bbox 438 5895 856 5963">
     <span class='ocr_line' id='line_1_103' title="bbox 438 5895 856 5963; baseline 0.007 -12"><span class='ocrx_word' id='word_1_747' title='bbox 438 5896 486 5929; x_wconf 84' lang='lat'><strong>”</strong></span> <span class='ocrx_word' id='word_1_748' title='bbox 522 5895 657 5954; x_wconf 90' lang='lat' dir='ltr'><strong>Luc.</strong></span> <span class='ocrx_word' id='word_1_749' title='bbox 694 5913 772 5963; x_wconf 77' lang='grc' dir='ltr'><strong>ιι,</strong></span> <span class='ocrx_word' id='word_1_750' title='bbox 805 5899 856 5955; x_wconf 83' lang='grc'><strong>5.</strong></span> 
     </span>
    </p>
   </div>
   <div class='ocr_carea' id='block_1_104' title="bbox 695 5990 1405 6056">
    <p class='ocr_par' dir='ltr' id='par_1_104' title="bbox 695 5990 1405 6056">
     <span class='ocr_line' id='line_1_104' title="bbox 695 5990 1405 6056; baseline 0.003 -3"><span class='ocrx_word' id='word_1_751' title='bbox 695 5991 967 6056; x_wconf 60' lang='lat' dir='ltr'><strong>Panos.</strong></span> <span class='ocrx_word' id='word_1_752' title='bbox 1010 5992 1128 6055; x_wconf 71' lang='lat' dir='ltr'><strong>Gs.</strong></span> <span class='ocrx_word' id='word_1_753' title='bbox 1178 5990 1405 6056; x_wconf 40' lang='lat' dir='ltr'><strong>XXIII.</strong></span> 
     </span>
    </p>
   </div>
   <div class='ocr_carea' id='block_1_105' title="bbox 2045 4686 3603 4765">
    <p class='ocr_par' dir='ltr' id='par_1_105' title="bbox 2045 4686 3603 4765">
     <span class='ocr_line' id='line_1_105' title="bbox 2045 4686 3603 4765; baseline -0.006 -17"><span class='ocrx_word' id='word_1_754' title='bbox 2045 4694 2195 4765; x_wconf 88' lang='lat' dir='ltr'><strong>ipsos</strong></span> <span class='ocrx_word' id='word_1_755' title='bbox 2227 4693 2282 4747; x_wconf 92' lang='lat' dir='ltr'><strong>in</strong></span> <span class='ocrx_word' id='word_1_756' title='bbox 2318 4690 2500 4745; x_wconf 89' lang='lat' dir='ltr'><strong>futuro</strong></span> <span class='ocrx_word' id='word_1_757' title='bbox 2530 4686 2729 4742; x_wconf 68' lang='lat' dir='ltr'><strong>saeculo</strong></span> <span class='ocrx_word' id='word_1_758' title='bbox 2769 4691 3109 4755; x_wconf 81' lang='lat' dir='ltr'><strong>exspectant,</strong></span> <span class='ocrx_word' id='word_1_759' title='bbox 3140 4694 3396 4740; x_wconf 84' lang='lat' dir='ltr'><strong>accurate</strong></span> <span class='ocrx_word' id='word_1_760' title='bbox 3428 4686 3603 4749; x_wconf 90' lang='lat' dir='ltr'><strong>novit,</strong></span> 
     </span>
    </p>
   </div>
   <div class='ocr_carea' id='block_1_106' title="bbox 2045 4775 3604 4857">
    <p class='ocr_par' dir='ltr' id='par_1_106' title="bbox 2045 4775 3604 4857">
     <span class='ocr_line' id='line_1_106' title="bbox 2045 4775 3604 4857; baseline -0.006 -16"><span class='ocrx_word' id='word_1_761' title='bbox 2045 4794 2207 4857; x_wconf 90' lang='lat' dir='ltr'><strong>atque</strong></span> <span class='ocrx_word' id='word_1_762' title='bbox 2256 4789 2502 4855; x_wconf 89' lang='lat' dir='ltr'><strong>paratam</strong></span> <span class='ocrx_word' id='word_1_763' title='bbox 2538 4780 2645 4834; x_wconf 79' lang='lat' dir='ltr'><strong>illis</strong></span> <span class='ocrx_word' id='word_1_764' title='bbox 2675 4776 3066 4841; x_wconf 58' lang='lat' dir='ltr'><strong>hereditatem,</strong></span> <span class='ocrx_word' id='word_1_765' title='bbox 3102 4775 3171 4833; x_wconf 91' lang='lat' dir='ltr'><strong>de</strong></span> <span class='ocrx_word' id='word_1_766' title='bbox 3211 4793 3318 4848; x_wconf 83' lang='lat' dir='ltr'><strong>qua</strong></span> <span class='ocrx_word' id='word_1_767' title='bbox 3354 4778 3604 4848; x_wconf 80' lang='lat' dir='ltr'><strong>superius</strong></span> 
     </span>
    </p>
   </div>
   <div class='ocr_carea' id='block_1_107' title="bbox 2043 4869 3605 4940">
    <p class='ocr_par' dir='ltr' id='par_1_107' title="bbox 2043 4869 3605 4940">
     <span class='ocr_line' id='line_1_107' title="bbox 2043 4869 3605 4940; baseline -0.008 -4"><span class='ocrx_word' id='word_1_768' title='bbox 2043 4880 2249 4936; x_wconf 90' lang='lat' dir='ltr'><strong>dictum</strong></span> <span class='ocrx_word' id='word_1_769' title='bbox 2297 4883 2402 4931; x_wconf 90' lang='lat' dir='ltr'><strong>est.</strong></span> <span class='ocrx_word' id='word_1_770' title='bbox 2455 4872 2635 4940; x_wconf 88' lang='lat' dir='ltr'><strong>Quare</strong></span> <span class='ocrx_word' id='word_1_771' title='bbox 2686 4870 2999 4926; x_wconf 88' lang='lat' dir='ltr'><strong>nocumenti</strong></span> <span class='ocrx_word' id='word_1_772' title='bbox 3049 4869 3185 4925; x_wconf 91' lang='lat' dir='ltr'><strong>nihil</strong></span> <span class='ocrx_word' id='word_1_773' title='bbox 3234 4869 3423 4925; x_wconf 82' lang='lat' dir='ltr'><strong>all‘eret</strong></span> <span class='ocrx_word' id='word_1_774' title='bbox 3473 4869 3605 4940; x_wconf 86' lang='lat' dir='ltr'><strong>ipsis</strong></span> 
     </span>
    </p>
   </div>
   <div class='ocr_carea' id='block_1_108' title="bbox 2043 4960 3606 5045">
    <p class='ocr_par' dir='ltr' id='par_1_108' title="bbox 2043 4960 3606 5045">
     <span class='ocr_line' id='line_1_108' title="bbox 2043 4960 3606 5045; baseline -0.009 -16"><span class='ocrx_word' id='word_1_775' title='bbox 2043 4968 2335 5045; x_wconf 56' lang='lat' dir='ltr'><strong>praesentis</strong></span> <span class='ocrx_word' id='word_1_776' title='bbox 2366 4966 2489 5021; x_wconf 63' lang='lat' dir='ltr'><strong>vitae</strong></span> <span class='ocrx_word' id='word_1_777' title='bbox 2536 4962 2777 5020; x_wconf 79' lang='lat' dir='ltr'><strong>brevitas</strong></span> <span class='ocrx_word' id='word_1_778' title='bbox 2830 4978 2894 5017; x_wconf 79' lang='lat' dir='ltr'><strong>ac</strong></span> <span class='ocrx_word' id='word_1_779' title='bbox 2936 4962 3191 5028; x_wconf 87' lang='lat' dir='ltr'><strong>tristitia,</strong></span> <span class='ocrx_word' id='word_1_780' title='bbox 3221 4970 3275 5016; x_wconf 92' lang='lat' dir='ltr'><strong>et</strong></span> <span class='ocrx_word' id='word_1_781' title='bbox 3319 4960 3606 5030; x_wconf 86' lang='lat' dir='ltr'><strong>pauperies</strong></span> 
     </span>
    </p>
   </div>
   <div class='ocr_carea' id='block_1_109' title="bbox 2041 5049 3602 5135">
    <p class='ocr_par' dir='ltr' id='par_1_109' title="bbox 2041 5049 3602 5135">
     <span class='ocr_line' id='line_1_109' title="bbox 2041 5049 3602 5135; baseline -0.012 -15"><span class='ocrx_word' id='word_1_782' title='bbox 2041 5063 2335 5135; x_wconf 89' lang='lat' dir='ltr'><strong>inopiaque</strong></span> <span class='ocrx_word' id='word_1_783' title='bbox 2374 5071 2537 5129; x_wconf 86' lang='lat' dir='ltr'><strong>quam</strong></span> <span class='ocrx_word' id='word_1_784' title='bbox 2587 5072 2688 5128; x_wconf 88' lang='lat' dir='ltr'><strong>pro</strong></span> <span class='ocrx_word' id='word_1_785' title='bbox 2734 5054 2965 5111; x_wconf 78' lang='lat' dir='ltr'><strong>Domino</strong></span> <span class='ocrx_word' id='word_1_786' title='bbox 3009 5054 3241 5125; x_wconf 76' lang='lat' dir='ltr'><strong>amplexi</strong></span> <span class='ocrx_word' id='word_1_787' title='bbox 3290 5059 3434 5108; x_wconf 91' lang='lat' dir='ltr'><strong>sunt.</strong></span> <span class='ocrx_word' id='word_1_788' title='bbox 3468 5049 3602 5104; x_wconf 81' lang='lat' dir='ltr'><strong>Nam</strong></span> 
     </span>
    </p>
   </div>
   <div class='ocr_carea' id='block_1_110' title="bbox 2044 5139 3607 5225">
    <p class='ocr_par' dir='ltr' id='par_1_110' title="bbox 2044 5139 3607 5225">
     <span class='ocr_line' id='line_1_110' title="bbox 2044 5139 3607 5225; baseline -0.013 -12"><span class='ocrx_word' id='word_1_789' title='bbox 2044 5171 2234 5213; x_wconf 84' lang='lat' dir='ltr'><strong>eorum</strong></span> <span class='ocrx_word' id='word_1_790' title='bbox 2261 5149 2526 5225; x_wconf 85' lang='lat' dir='ltr'><strong>propositi</strong></span> <span class='ocrx_word' id='word_1_791' title='bbox 2563 5158 2619 5205; x_wconf 92' lang='lat' dir='ltr'><strong>et</strong></span> <span class='ocrx_word' id='word_1_792' title='bbox 2646 5148 2947 5204; x_wconf 88' lang='lat' dir='ltr'><strong>voluntatis</strong></span> <span class='ocrx_word' id='word_1_793' title='bbox 2980 5144 3296 5201; x_wconf 80' lang='lat' dir='ltr'><strong>exercitatio</strong></span> <span class='ocrx_word' id='word_1_794' title='bbox 3339 5140 3438 5196; x_wconf 87' lang='lat' dir='ltr'><strong>fuit</strong></span> <span class='ocrx_word' id='word_1_795' title='bbox 3469 5139 3607 5194; x_wconf 82' lang='lat' dir='ltr'><strong>tole-</strong></span> 
     </span>
    </p>
   </div>
   <div class='ocr_carea' id='block_1_111' title="bbox 2045 5230 3603 5318">
    <p class='ocr_par' dir='ltr' id='par_1_111' title="bbox 2045 5230 3603 5318">
     <span class='ocr_line' id='line_1_111' title="bbox 2045 5230 3603 5318; baseline -0.009 -17"><span class='ocrx_word' id='word_1_796' title='bbox 2045 5248 2242 5313; x_wconf 78' lang='lat' dir='ltr'><strong>r.mtia,</strong></span> <span class='ocrx_word' id='word_1_797' title='bbox 2277 5260 2387 5318; x_wconf 88' lang='lat' dir='ltr'><strong>qua</strong></span> <span class='ocrx_word' id='word_1_798' title='bbox 2432 5244 2488 5299; x_wconf 91' lang='lat' dir='ltr'><strong>in</strong></span> <span class='ocrx_word' id='word_1_799' title='bbox 2538 5230 2770 5314; x_wconf 78' lang='lat' dir='ltr'><strong>angusta</strong></span> <span class='ocrx_word' id='word_1_800' title='bbox 2824 5246 3085 5310; x_wconf 84' lang='lat' dir='ltr'><strong>arctaque</strong></span> <span class='ocrx_word' id='word_1_801' title='bbox 3128 5237 3215 5292; x_wconf 83' lang='lat' dir='ltr'><strong>via</strong></span> <span class='ocrx_word' id='word_1_802' title='bbox 3268 5230 3603 5297; x_wconf 85' lang='lat' dir='ltr'><strong>incedentes,</strong></span> 
     </span>
    </p>
   </div>
   <div class='ocr_carea' id='block_1_112' title="bbox 2048 5318 3608 5413">
    <p class='ocr_par' dir='ltr' id='par_1_112' title="bbox 2048 5318 3608 5413">
     <span class='ocr_line' id='line_1_112' title="bbox 2048 5318 3608 5413; baseline -0.014 -16"><span class='ocrx_word' id='word_1_803' title='bbox 2048 5340 2313 5413; x_wconf 65' lang='lat' dir='ltr'><strong>promissa</strong></span> <span class='ocrx_word' id='word_1_804' title='bbox 2338 5318 2762 5407; x_wconf 82' lang='lat' dir='ltr'><strong>consequentur.</strong></span> <span class='ocrx_word' id='word_1_805' title='bbox 2785 5331 2894 5388; x_wconf 87' lang='lat' dir='ltr'><strong>Pro</strong></span> <span class='ocrx_word' id='word_1_806' title='bbox 2917 5332 3010 5386; x_wconf 90' lang='lat' dir='ltr'><strong>illo</strong></span> <span class='ocrx_word' id='word_1_807' title='bbox 3041 5340 3240 5393; x_wconf 90' lang='lat' dir='ltr'><strong>autem,</strong></span> <span class='ocrx_word' id='word_1_808' title='bbox 3267 5326 3425 5391; x_wconf 76' lang='lat' dir='ltr'><strong>novit,</strong></span> <span class='ocrx_word' id='word_1_809' title='bbox 3455 5322 3608 5396; x_wconf 84' lang='lat' dir='ltr'><strong>Sym-</strong></span> 
     </span>
    </p>
   </div>
   <div class='ocr_carea' id='block_1_113' title="bbox 2043 5417 3608 5499">
    <p class='ocr_par' dir='ltr' id='par_1_113' title="bbox 2043 5417 3608 5499">
     <span class='ocr_line' id='line_1_113' title="bbox 2043 5417 3608 5499; baseline -0.013 -9"><span class='ocrx_word' id='word_1_810' title='bbox 2043 5433 2292 5496; x_wconf 85' lang='lat' dir='ltr'><strong>machus,</strong></span> <span class='ocrx_word' id='word_1_811' title='bbox 2316 5428 2561 5499; x_wconf 73' lang='lat' dir='ltr'><strong>prazvidit</strong></span> <span class='ocrx_word' id='word_1_812' title='bbox 2585 5428 2842 5482; x_wconf 81' lang='lat' dir='ltr'><strong>Dominus</strong></span> <span class='ocrx_word' id='word_1_813' title='bbox 2871 5424 2981 5479; x_wconf 83' lang='lat' dir='ltr'><strong>dies</strong></span> <span class='ocrx_word' id='word_1_814' title='bbox 3012 5418 3494 5481; x_wconf 78' lang='lat' dir='ltr'><strong>immaculatorum,</strong></span> <span class='ocrx_word' id='word_1_815' title='bbox 3525 5417 3608 5470; x_wconf 87' lang='lat' dir='ltr'><strong>in-</strong></span> 
     </span>
    </p>
   </div>
   <div class='ocr_carea' id='block_1_114' title="bbox 2045 5506 3610 5599">
    <p class='ocr_par' dir='ltr' id='par_1_114' title="bbox 2045 5506 3610 5599">
     <span class='ocr_line' id='line_1_114' title="bbox 2045 5506 3610 5599; baseline -0.015 -15"><span class='ocrx_word' id='word_1_816' title='bbox 2045 5532 2376 5598; x_wconf 81' lang='lat' dir='ltr'><strong>terpretatus</strong></span> <span class='ocrx_word' id='word_1_817' title='bbox 2432 5531 2539 5599; x_wconf 86' lang='lat' dir='ltr'><strong>est.</strong></span> <span class='ocrx_word' id='word_1_818' title='bbox 2599 5518 2869 5589; x_wconf 86' lang='lat' dir='ltr'><strong>Aliudque</strong></span> <span class='ocrx_word' id='word_1_819' title='bbox 2926 5528 3179 5588; x_wconf 85' lang='lat' dir='ltr'><strong>maguum</strong></span> <span class='ocrx_word' id='word_1_820' title='bbox 3228 5512 3428 5586; x_wconf 87' lang='lat' dir='ltr'><strong>bonum</strong></span> <span class='ocrx_word' id='word_1_821' title='bbox 3473 5506 3610 5578; x_wconf 84' lang='lat' dir='ltr'><strong>ipsis</strong></span> 
     </span>
    </p>
   </div>
   <div class='ocr_carea' id='block_1_115' title="bbox 2046 5603 3613 5684">
    <p class='ocr_par' dir='ltr' id='par_1_115' title="bbox 2046 5603 3613 5684">
     <span class='ocr_line' id='line_1_115' title="bbox 2046 5603 3613 5684; baseline -0.013 -8"><span class='ocrx_word' id='word_1_822' title='bbox 2046 5618 2297 5676; x_wconf 85' lang='lat' dir='ltr'><strong>Obveniet</strong></span> <span class='ocrx_word' id='word_1_823' title='bbox 2322 5633 2337 5684; x_wconf 90' lang='lat'><strong>;</strong></span> <span class='ocrx_word' id='word_1_824' title='bbox 2366 5630 2488 5671; x_wconf 91' lang='lat' dir='ltr'><strong>nam</strong></span> <span class='ocrx_word' id='word_1_825' title='bbox 2520 5617 2575 5670; x_wconf 90' lang='lat' dir='ltr'><strong>in</strong></span> <span class='ocrx_word' id='word_1_826' title='bbox 2596 5625 2821 5683; x_wconf 85' lang='lat' dir='ltr'><strong>tempore</strong></span> <span class='ocrx_word' id='word_1_827' title='bbox 2839 5611 2979 5666; x_wconf 77' lang='lat' dir='ltr'><strong>malo</strong></span> <span class='ocrx_word' id='word_1_828' title='bbox 3002 5625 3104 5663; x_wconf 89' lang='lat' dir='ltr'><strong>non</strong></span> <span class='ocrx_word' id='word_1_829' title='bbox 3131 5603 3539 5674; x_wconf 63' lang='lat' dir='ltr'><strong>confundantur,</strong></span> <span class='ocrx_word' id='word_1_830' title='bbox 3559 5612 3613 5656; x_wconf 71' lang='lat' dir='ltr'><strong>et</strong></span> 
     </span>
    </p>
   </div>
   <div class='ocr_carea' id='block_1_116' title="bbox 2049 5697 3615 5781">
    <p class='ocr_par' dir='ltr' id='par_1_116' title="bbox 2049 5697 3615 5781">
     <span class='ocr_line' id='line_1_116' title="bbox 2049 5697 3615 5781; baseline -0.014 -9"><span class='ocrx_word' id='word_1_831' title='bbox 2049 5716 2102 5772; x_wconf 86' lang='lat' dir='ltr'><strong>in</strong></span> <span class='ocrx_word' id='word_1_832' title='bbox 2121 5710 2305 5769; x_wconf 79' lang='lat' dir='ltr'><strong>diebus</strong></span> <span class='ocrx_word' id='word_1_833' title='bbox 2333 5710 2494 5781; x_wconf 77' lang='lat' dir='ltr'><strong>famis</strong></span> <span class='ocrx_word' id='word_1_834' title='bbox 2517 5707 2918 5766; x_wconf 78' lang='lat' dir='ltr'><strong>saturabuntur.</strong></span> <span class='ocrx_word' id='word_1_835' title='bbox 2946 5700 3143 5760; x_wconf 71' lang='lat' dir='ltr'><strong>Malum</strong></span> <span class='ocrx_word' id='word_1_836' title='bbox 3173 5707 3412 5769; x_wconf 87' lang='lat' dir='ltr'><strong>tempus.</strong></span> <span class='ocrx_word' id='word_1_837' title='bbox 3442 5697 3497 5753; x_wconf 79' lang='lat' dir='ltr'><strong>id</strong></span> <span class='ocrx_word' id='word_1_838' title='bbox 3528 5707 3615 5753; x_wconf 86' lang='lat' dir='ltr'><strong>est</strong></span> 
     </span>
    </p>
   </div>
   <div class='ocr_carea' id='block_1_117' title="bbox 3257 5979 3328 6045">
    <p class='ocr_par' dir='ltr' id='par_1_117' title="bbox 3257 5979 3328 6045">
     <span class='ocr_line' id='line_1_117' title="bbox 3257 5979 3328 6045; baseline 0.056 -4"><span class='ocrx_word' id='word_1_839' title='bbox 3257 5979 3328 6045; x_wconf 82' lang='grc'><strong>11</strong></span> 
     </span>
    </p>
   </div>
  </div>
