4354 6396
844 492 940 543 331

1539 477 1809 539 EUSEBII
1839 475 2318 533 CESABIENSIS
2353 473 2501 529 OPP.
2545 471 2725 526 PARS
2758 469 2845 527 Ill.
2886 502 2952 510 -—
2985 468 3387 525 EXEGETICA.

3994 462 4102 520 53!

841 618 1058 677 tempus
1081 606 1175 663 ire
1195 603 1455 660 adversus
1476 602 1693 673 impios,
1719 616 1827 671 quo
1854 599 1927 653 illi
1956 599 2176 669 quidem
2195 598 2407 668 justum

2512 610 2739 648 σονται.
2787 592 2991 664 Καιρὸς
3028 591 3083 645 δὲ
3116 590 3354 662 πονηρός
3400 591 3547 643 ἐστιν
3591 590 3620 645 ὁ
3651 589 3751 659 τῆς
3795 586 3941 642 κατά

844 698 939 754 Dei
961 700 1226 769 judicium
1255 696 1646 767 experientur;
1694 694 1788 764 qui
1823 707 1951 747 vero
1990 693 2046 746 in
2094 690 2287 746 dextro
2328 704 2411 743 or-

842 790 969 846 dine
1012 799 1160 855 sunt,
1214 789 1467 859 gloriam,
1522 786 1785 841 honorem
1835 794 1890 839 et
1946 781 2409 853 incorruptionem

842 862 1185 947 obtinebunt,
1223 889 1281 934 ut
1308 880 1402 950 qui
1443 878 1610 931 vitam
1643 882 1898 931 aeternam
1929 875 2264 946 quaesierint.
2299 871 2413 927 lino

840 989 968 1027 vero
995 982 1203 1028 statuto
1235 982 1482 1043 tempore
1516 970 1675 1041 justi,
1707 969 1893 1023 divino
1942 969 2201 1022 alimento
2231 966 2408 1035 potiti,

839 1064 1276 1127 saturalmntur;
1313 1070 1627 1131 peccatores
1668 1065 1851 1113 autem
1883 1057 2024 1112 fame
2073 1064 2125 1110 et
2171 1062 2411 1126 egestate

839 1154 1181 1223 rationabilis
1212 1154 1321 1206 cibi
1362 1152 1635 1222 peribunt.
1669 1149 1802 1215 Quis
1844 1157 2023 1202 autem
2054 1148 2224 1201 oculis
2273 1162 2408 1201 con-

839 1246 1136 1315 templatus
1165 1246 1361 1314 impios
1393 1247 1485 1313 qui
1516 1258 1630 1298 arvo
1664 1248 1855 1295 nostro
1887 1239 2211 1303 exuivitiis,
2240 1237 2408 1308 gloria

836 1346 890 1391 et
921 1338 1277 1407 dignitatibus
1312 1338 1366 1390 in
1401 1333 1763 1390 admiratione
1806 1332 1976 1395 fuere,
2015 1332 2068 1384 in
2103 1333 2407 1398 multasque

835 1432 1025 1495 gentes
1054 1425 1343 1494 imperium
1374 1426 1682 1487 obtinuere,
1715 1430 1939 1491 repente
1959 1422 2027 1473 ab
2056 1420 2157 1473 hac
2186 1420 2408 1474 celsitu-

834 1516 963 1571 dine
1016 1515 1220 1585 lapsos,
1268 1532 1376 1569 non
1422 1515 1655 1569 fateatur
1708 1528 1894 1569 verum
1948 1526 2071 1566 esse
2122 1510 2405 1565 oraculum

835 1609 1149 1676 hujusmodi
1184 1630 1196 1663 :
1230 1608 1443 1663 Inimici
1480 1624 1597 1661 vero
1627 1606 1863 1669 Domini,
1898 1621 2019 1659 mox
2051 1612 2109 1657 ut
2149 1604 2407 1671 honoriﬁ-

832 1701 939 1752 cati
976 1701 1187 1768 [uerunt
1230 1711 1281 1754 et
1323 1699 1570 1762 exaltati,
1620 1698 1919 1766 deﬁcientes
1966 1693 2404 1769 quemadmodum

832 1790 1009 1857 fumus
1048 1791 1393 1861 defecerunt?
1438 1790 1645 1845 Fumus
1692 1790 1949 1845 exstincti
1999 1788 2141 1859 ignis
2188 1786 2403 1856 signum

828 1892 914 1937 est
939 1902 949 1934 :
982 1898 1151 1952 quare
1172 1883 1227 1937 hi
1249 1882 1343 1952 qui
1366 1892 1607 1953 tempore
1628 1897 1730 1935 suo
1754 1881 2010 1936 ardentes
2035 1880 2178 1949 ignis
2203 1878 2399 1941 instar,

2514 684 2725 739 ἀσεϐῶν
2759 684 2949 756 ὀργῆς,
2991 684 3049 737 ὲν
3090 677 3135 751 ᾧ
3178 685 3227 736 oi
3274 682 3372 753 μὲν
3417 682 3519 751 τῆς
3562 681 3960 752 δικαιοκρισίας
3999 675 4100 731 τοῦ

2512 774 2649 830 Θεοῦ
2678 762 3156 847 πειρασθήσονται,
3182 770 3232 828 οἱ
3257 774 3314 826 δὲ
3335 772 3430 854 τοῦ
3453 771 3627 838 δεξιοῦ
3661 774 3942 845 τάγματος
3966 772 4103 825 ἀπο-

2513 867 2784 937 λείψονται
2810 867 2965 933 δόξαν
3006 866 3101 920 καὶ
3127 866 3292 937 τιμὴν
3324 867 3419 918 καὶ
3448 865 3771 937 ἀφθαρσίαν,
3800 863 4099 946 ζητοῦντες

2514 958 2656 1030 ζωὴν
2706 959 2942 1013 αἰώνιον.
2996 960 3071 1013 Οὐ
3108 958 3213 1030 μὴν
3247 958 3380 1011 ἀλλά
3428 959 3521 1011 καὶ
3565 959 3705 1012 κατά
3746 957 3839 1010 τὸν
3878 956 4096 1011 ἑστῶτα

2513 1050 2721 1123 καιρὸν,
2749 1052 2797 1103 οἱ
2845 1050 2944 1120 μὲν
2974 1051 3173 1105 δίκαιοι
3205 1051 3303 1121 τῆς
3333 1051 3513 1104 ὲνθέου
3544 1049 3751 1121 τροφῆς
3790 1047 4095 1101 ἀπολαύονο

2511 1160 2601 1205 τες
2630 1142 3092 1214 χορτασθήσονται
3115 1160 3128 1173 ⁸
3170 1146 3217 1196 οἱ
3258 1143 3313 1196 δὲ
3343 1142 3655 1215 ἁμαρτωλοὶ
3690 1140 3832 1211 λιμῷ
3866 1141 3964 1193 καὶ
4005 1141 4095 1192 ὲν-

2508 1233 2625 1304 δείᾳ
2652 1233 2875 1304 λογικῆς
2912 1234 3119 1305 τροφῆς
3165 1233 3509 1288 ἀπολοῦνται.
3546 1235 3642 1296 Τίς
3681 1234 3739 1286 δὲ
3785 1232 4095 1302 ὀφθαλμοῖς

2510 1324 2840 1396 παραλαϐὼν
2869 1327 2995 1389 τοὺς
3025 1325 3148 1378 καθ’
3177 1326 3321 1396 ἡμᾶς
3345 1326 3562 1389 ἀσεϐεῖς
3595 1324 3807 1393 πλούτῳ
3838 1325 3936 1399 καὶ
3961 1323 4095 1396 δόξῃ

2510 1418 2604 1471 καὶ
2635 1415 2908 1487 ἀξιώμασι
2940 1417 3375 1489 θαυμασθέντας,
3413 1418 3663 1489 μεγάλων
3692 1434 3749 1470 τε
3781 1416 3952 1470 ἐθνῶν
3986 1415 4113 1487 άρε
4182 1436 4187 1439 ·

2509 1509 2722 1575 ξαντας.
2754 1510 2967 1581 ἀθρόως
3011 1512 3342 1574 ἐκπεσόντας
3382 1510 3477 1565 τοῦ
3522 1510 3832 1581 ὑψώματος,
3876 1508 3978 1561 οὐκ
4022 1507 4095 1561 ἂν

2506 1602 2892 1672 ὁμολογήσειεν
2936 1603 3110 1675 ἀληθῆ
3148 1604 3438 1673 τυγχάνειν
3473 1602 3534 1655 τὸ
3563 1603 3744 1673 φῆσαν
3773 1600 3986 1670 λόγιον*
4025 1602 4095 1653 Οἱ

2506 1693 2559 1746 δ’
2599 1694 2799 1762 ἐχθροὶ
2840 1695 2948 1747 τοῦ
2988 1694 3137 1748 Θεοῦ
3174 1693 3293 1763 ἅμα
3336 1692 3417 1759 τῷ
3460 1691 3829 1761 δοξωθῆναι
3862 1692 4095 1758 αὐτοὺς

2506 1785 2604 1838 καὶ
2624 1783 2952 1859 ἐπαρθῆναι
2978 1786 3329 1850 ἐκλιπόντες
3358 1784 3499 1838 ὡσεὶ
3527 1784 3755 1850 καπνὸς
3778 1782 4087 1847 ἐξέλιπον.

2508 1879 2729 1942 Καπνὸς
2756 1879 2812 1932 δὲ
2857 1878 3027 1949 πυρὸς
3058 1877 3376 1941 σϐεσθέντος
3405 1879 3628 1947 σημεῖον
3651 1892 3664 1906 ⁸
3707 1875 3788 1928 διὸ
3829 1876 3924 1929 καὶ
3968 1875 4095 1929 τού-

827 1948 1026 2031 delnde
1045 1948 1299 2031 exstincti
1323 1948 1751 2038 sunt,.similiter
1784 1974 1838 2026 in
1868 1948 2174 2041 exemplum
2198 1971 2403 2026 haben-

2506 1987 2629 2034 τους
2656 1970 2830 2045 καιρῷ
2859 1948 3157 2039 φλέξαντας
3187 1971 3357 2040 πυρὸς
3390 1969 3565 2041 δίκην.
3594 1969 3826 2025 κᾶπειτα
3857 1969 4094 2022 ἀποσϐε-

826 2072 936 2119 tur.

898 2155 1064 2212 Vatis.
1099 2156 1190 2221 2i,
1215 2155 1304 2210 ἓξ.
1347 2155 1630 2209 Mutuatur
1673 2165 1932 2223 peccator,
1967 2166 2017 2209 et
2059 2171 2163 2209 non
2189 2155 2351 2210 solvet
2381 2172 2399 2209 :

824 2257 1000 2302 sustus
1052 2258 1229 2301 autem
1281 2249 1559 2302 miseretur
1587 2258 1636 2303 et
1689 2250 1901 2304 tribuet.
1958 2248 2051 2303 Ille
2091 2262 2216 2302 cum
2266 2247 2401 2301 nihil

826 2338 1155 2407 possideret,
1188 2340 1501 2409 multosque
1525 2354 1554 2391 a
1583 2340 1702 2393 viro
1726 2340 1878 2407 justo
1912 2340 2071 2393 utiles
2101 2339 2401 2393 salutares-

824 2446 932 2499 que
959 2438 1242 2489 sermones
1273 2439 1466 2484 mutuo
1497 2433 1788 2499 acciperet,
1822 2438 1915 2484 aut
1939 2447 1969 2484 a
1993 2429 2101 2484 Deo
2119 2429 2401 2484 beneficiis

823 2532 1136 2584 ornaretur,
1162 2520 1407 2575 debitum
1430 2536 1538 2575 non
1566 2522 1748 2575 solvit.
1780 2519 1915 2573 Nam
1940 2520 2210 2590 adjutum,
2236 2537 2402 2592 opor-

822 2612 928 2664 tuit
977 2625 1143 2680 opera
1190 2624 1256 2663 ac
1303 2617 1457 2680 gesta
1496 2610 1739 2679 acceptis
1785 2610 1949 2679 digna
2006 2610 2283 2665 exhibere.
2330 2611 2400 2664 At

821 2702 914 2759 ille
944 2717 1054 2758 non
1084 2702 1268 2765 solvit,
1304 2710 1597 2770 manetque
1620 2700 1848 2769 justitiae
1875 2702 2130 2771 Operibus
2169 2716 2395 2781 vacuus.

820 2792 1010 2848 Justus
1042 2807 1171 2848 vero
1200 2792 1409 2849 divitiis
1434 2807 1556 2862 quae
1605 2792 1906 2846 secundum
1952 2792 2120 2846 Deum
2151 2801 2279 2847 sunt
2313 2792 2391 2846 af-

819 2886 1017 2951 ﬂuens,
1055 2868 1351 2941 miseretur
1386 2894 1441 2939 et
1492 2884 1683 2939 tribuit
1731 2884 2035 2954 egentibus.
2092 2882 2197 2938 Sed
2236 2884 2397 2939 etiam

817 2976 913 3046 qui
957 2976 1109 3046 justo
1140 2975 1492 3039 benedicunt,
1539 2973 1660 3042 ejus
1708 2971 2022 3026 cohaeredes
2052 2982 2230 3027 erunt.
2265 2970 2397 3025 Eam

815 3068 965 3120 enim
992 3066 1166 3133 ipsam
1195 3078 1492 3132 supernam
1524 3060 1917 3124 hereditatem,
1953 3062 2242 3130 quaejusto
2271 3076 2397 3131 pro-

816 3157 992 3211 niasa
1017 3156 1143 3219 fuit,
1176 3153 1631 3216 benedicentibus
1652 3152 1861 3222 justum
1892 3151 2055 3206 etiam
2087 3152 2394 3221 pollicetur.

808 3250 951 3315 uitae
980 3254 1289 3302 consonant
1319 3247 1545 3300 oraculo
1588 3244 1861 3298 Abraham
1900 3246 2169 3314 spectanti
2220 3236 2285 3308 ac
2311 3245 2396 3299 di-
2425 3277 2466 3333 ο

817 3340 962 3395 centi
993 3357 1003 3391 :
1039 3336 1107 3390 Et
1138 3336 1439 3390 benedicam
1473 3336 1829 3389 benedicentes
1860 3342 1905 3387 te
1929 3334 1993 3387 “.
2024 3333 2160 3388 Illud
2192 3345 2396 3404 autem,

818 3428 1196 3485 Matedicentes
1248 3439 1424 3482 autem
1475 3429 1522 3482 ei
1570 3426 1922 3495 disperibunt,
1966 3426 2121 3481 afIine
2159 3435 2243 3483 est
2272 3429 2399 3485 huic

817 3518 884 3573 ad
916 3520 1289 3573 Abrabamum
1340 3519 1508 3583 dicto,
1545 3528 1595 3572 et
1626 3516 2057 3572 maledicentibus
2088 3518 2182 3572 tibi
2226 3521 2396 3574 male-

814 3613 1074 3665 dicam".
1111 3610 1579 3678 Quemadmodum
1606 3610 1752 3665 enim
1782 3612 1874 3682 qui
1911 3612 2142 3683 lapidem
2173 3626 2393 3669 sursum

814 3705 965 3772 jacit,
1012 3703 1091 3757 sic
1139 3704 1233 3774 qui
1283 3702 1588 3757 maledictis
1616 3702 1827 3773 justum
1863 3705 2091 3775 impetit,
2127 3706 2255 3775 quia
2286 3722 2395 3760 non

817 3804 997 3863 potest
1047 3795 1199 3862 justo
1238 3793 1593 3849 maledictum
1642 3794 1871 3862 hxrere,
1922 3805 2187 3851 retortum
2237 3797 2293 3850 in
2336 3812 2396 3852 se

815 3883 1117 3938 maledicus
1155 3885 1413 3955 excipiet.

882 4137 1050 4196 Vsus.
1099 4141 1191 4208 23,
1229 4140 1319 4197 24.
1359 4141 1508 4211 Apud
1573 4141 1861 4197 Dominum
1902 4162 2111 4216 gressus
2163 4146 2390 4201 hominis

809 4232 1124 4305 dirigentur.
1156 4234 1363 4290 Praeter
1394 4249 1562 4305 supra
1596 4244 1917 4300 memorata,
1952 4238 2065 4292 haec
2098 4240 2261 4294 etiam
2293 4241 2390 4293 ho—

812 4327 944 4380 mini
975 4325 1070 4381 Dei
1107 4327 1348 4384 adsunt:
1382 4328 1501 4383 vias
1530 4328 1653 4398 ejus
1674 4326 1825 4384 Deus
1859 4332 2189 4400 complanat,
2230 4333 2302 4386 ita
2332 4343 2391 4387 ut

808 4419 921 4476 vita
970 4422 1091 4492 ejus
1144 4422 1380 4479 feliciter
1419 4424 1711 4479 elabatur:
1748 4438 1811 4477 ac
1860 4426 1978 4479 sine
2011 4426 2120 4479 ullo
2158 4427 2312 4481 obice
2344 4430 2389 4483 is

807 4514 1065 4585 religiose
1100 4516 1231 4586 agit,
1284 4532 1313 4570 a
1349 4518 1676 4587 nemineque
1718 4518 2125 4588 suppla‘ntatur,
2164 4529 2386 4591 propter

2504 2061 2744 2125 σθέντας,
2772 2062 2970 2133 ὁμοίως
2998 2064 3054 2114 ὲν
3077 2061 3156 2132 τῷ
3186 2062 3583 2133 παραδείγματι
3609 2060 3707 2131 (1).

2572 2154 2895 2214 Δανείζεται
2924 2157 2956 2207 ό
3004 2153 3373 2223 ἁμαρτωλὸς.
3419 2154 3517 2207 καὶ
3564 2155 3675 2206 οὐκ
3711 2151 4016 2207 ἀποτίσειο
4053 2152 4093 2207 δ

2500 2242 2569 2295 δὲ
2599 2242 2829 2308 δίκαιος
2861 2243 3128 2310 οὶκτείρει
3166 2242 3263 2295 καὶ
3309 2241 3479 2295 διδοῖ.
3514 2242 3694 2311 Μηδὲν
3726 2242 4089 2313 κεκτημένος,

2501 2334 2647 2407 παρά
2681 2334 2775 2386 τοῦ
2809 2333 3014 2386 δικαίου
3044 2334 3303 2395 πολλάκις
3330 2332 3706 2403 δανειζόμενος
3730 2333 3921 2401 λόγους
3944 2332 4090 2402 ὠφε-

2500 2427 2688 2497 λίμους
2733 2426 2827 2479 καὶ
2870 2425 3191 2497 σωτηρίους,
3229 2426 3262 2495 ἢ
3298 2425 3449 2498 παρά
3477 2424 3573 2478 τοῦ
3600 2425 3735 2478 Θεοῦ
3764 2425 4088 2494 εὐεργεσίας
4196 2433 4200 2441 ’

2500 2520 2802 2588 τυγχάνων,
2849 2520 2949 2571 οὐκ
2998 2518 3313 2571 ἀποτίννυσι
3353 2518 3451 2589 τὴν
3500 2518 3740 2588 ὀφειλὴν.
3787 2518 3913 2570 Δέον
3973 2518 4088 2589 γὰρ

2499 2608 2873 2679 ὠφεληθέντα,
2896 2608 3032 2680 ἔργα
3074 2609 3167 2661 καὶ
3212 2608 3441 2681 πράξεις
3472 2611 3773 2680 παρασχεῖν
3814 2608 3969 2674 ἀξίας
4008 2601 4088 2661 ὧν

2498 2700 2742 2769 εἴληφεν.
2787 2700 2843 2752 '0
2877 2700 2935 2752 δὲ
2963 2701 3063 2767 οὐχ
3109 2701 3478 2764 ἀποτίννυσιν,
3526 2702 3679 2771 μένει
3722 2698 3779 2752 δὲ
3830 2700 4084 2771 ἄκαρπος

2496 2790 2607 2845 τῶν
2638 2792 2737 2863 τῆς
2766 2791 3112 2864 δικαιοσύνης
3152 2793 3346 2863 ἔργων.
3397 2793 3456 2846 '0
3488 2792 3541 2846 δὲ
3579 2792 3803 2856 δίκαιος,
3837 2790 4085 2845 πλουτῶν

2498 2885 2555 2936 ὲν
2583 2883 2661 2955 τῷ
2698 2885 2838 2938 κατά
2867 2884 3000 2937 Θεὸν
3030 2885 3263 2956 πλούτῳ,
3298 2886 3557 2956 οίκτείρει
3592 2886 3684 2938 καὶ
3712 2884 3941 2955 παρέχει
3966 2886 4084 2947 τοῖς

2497 2974 2793 3045 δεομένοις.
2836 2976 2994 3029 Ἀλλά
3018 2978 3198 3037 καὶνοί
3223 2977 3313 3029 τὸν
3345 2977 3550 3030 δίκαιον
3576 2975 3920 3043 εὐλογοῦντες
3951 2990 4085 3043 συγ-

2498 3064 2825 3135 κληρονόμοι
2854 3065 3020 3118 αὐτοῦ
3062 3066 3400 3135 γενήσονται.
3440 3066 3542 3118 Ἦν
3572 3065 3680 3134 γὰρ
3718 3063 4084 3135 ἐπηγγείλατο

2498 3156 2777 3227 ἀνωτέραν
2808 3159 2919 3220 τοῖς
2946 3156 3176 3219 δικαίοις
3201 3156 3563 3227 κληρονομίαν
3606 3160 3631 3209 ὁ
3664 3156 3837 3226 λόγος,
3877 3156 4081 3228 ταύτην

2497 3245 2668 3316 αὐτὴν
2712 3246 2806 3298 καὶ
2853 3248 2966 3310 τοῖς
3011 3245 3293 3312 εὐλογοῦσι
3336 3246 3428 3299 τὸν
3472 3246 3678 3299 δίκαιον
3716 3248 4077 3317 ὑπισχνεῖται,

2501 3336 2811 3405 ἀκολούθως
2841 3338 2919 3409 τῷ
2958 3338 3094 3410 πρὸς
3125 3338 3218 3392 τὸν
3258 3337 3509 3410 Ἀϐραὰμ
3540 3340 3772 3411 χρησμῷ
3812 3342 4075 3411 φήσαντι’

2498 3431 2609 3484 Καὶ
2642 3429 2955 3500 εὐλογήσω
2988 3430 3131 3497 τοὺς
3171 3430 3578 3501 εὐλογυῦντάς
3624 3446 3715 3484 σε.
3751 3432 3823 3484 Τὸ
3855 3433 3932 3497 δὲ,
3965 3434 4078 3489 Καὶ

2498 3523 2555 3574 οἱ
2592 3521 2990 3591 καταρώμενοι
3022 3521 3208 3576 αὑτὸν
3237 3522 3869 3591 ἐξολοθρευθήο-ονται,
3895 3524 4084 3594 ὅμοιον

2498 3610 2565 3666 ἂν
2598 3611 2685 3681 εἴη
2727 3611 2802 3681 τῷ
2830 3610 3144 3682 λελεγμένῳ
3174 3612 3310 3683 πρὸς
3342 3613 3430 3665 τὸν
3474 3611 3720 3683 Ἀϐραάμ
3742 3629 3754 3641 ·
3800 3612 3919 3675 Καὶ,
3939 3612 4083 3680 τοὺς

2497 3702 2947 3771 καταρωμένους
2971 3718 3045 3756 σε
3068 3689 3496 3773 καταράσομαι.
3527 3704 3736 3775 Ὠσπερ
3763 3703 3869 3778 γὰρ
3901 3707 3929 3757 ὁ
3959 3704 4084 3774 βάλ-

2496 3791 2603 3845 λων
2640 3791 2786 3847 λίθον
2825 3794 2904 3855 είς
2940 3791 3075 3865 ὕψος
3102 3793 3193 3844 ἐπὶ
3223 3795 3320 3863 τὴν
3360 3793 3600 3864 κεφαλὴν
3644 3796 3837 3848 ἑαυτοῦ
3870 3796 4078 3866 βάλλει,

2494 3883 2666 3946 οὕτως
2703 3886 2731 3936 δ
2762 3884 3032 3952 κατάραις
3063 3884 3270 3953 βάλλων
3295 3884 3385 3935 τὸν
3412 3884 3640 3948 δίκαιον,
3670 3886 3755 3938 διὰ
3781 3886 3843 3939 τὸ
3874 3887 3950 3958 μὴ
3981 3888 4077 3941 δύ-

2494 3975 2690 4030 νασθαι
2720 3976 2964 4047 κατάραν
2992 3968 3241 4027 ἵστασθαι
3264 3977 3384 4028 κατ’
3409 3976 3596 4041 αὐτοῦ,
3619 3977 4079 4050 ἀντιστρέφουσαν

2492 4068 2662 4138 αὐτὴν
2692 4070 2771 4131 είς
2792 4067 2982 4120 ἑαυτὸν
3016 4065 3265 4135 λήψεται.

2561 4157 2728 4225 Παρὰ
2754 4157 2977 4224 Κυρίου
3023 4155 3095 4209 τὰ
3143 4155 3472 4227 διαδήματα
3520 4156 3833 4226 ἀνθρώπου
3873 4176 4077 4233 κατευο

2493 4250 2749 4303 θύνεται.
2791 4248 2935 4320 Πρὸς
2982 4252 3094 4314 τοῖς
3140 4252 3451 4323 εἰρημένοις
3492 4254 3586 4305 καὶ
3628 4252 3799 4306 ταῦτα
3842 4254 4074 4327 ὑπάρχει

2490 4340 2568 4411 τῷ
2594 4342 2687 4393 τοῦ
2721 4342 2855 4394 Θεοῦ
2900 4341 3203 4413 ἀνθρώπῳ·
3241 4344 3338 4407 τὰς
3377 4346 3527 4409 ὀδοὺς
3557 4345 3720 4399 αὑτοῦ
3766 4346 4072 4417 ὲξομαλίζει

2490 4434 2517 4485 ὁ
2550 4432 2699 4495 Θεὸς,
2730 4432 2871 4485 ὥστε
2921 4435 3129 4505 εὐροεῖν
3166 4436 3329 4490 αὑτοῦ
3355 4437 3453 4512 ,τὸν
3483 4436 3616 4506 βίον,
3660 4438 3752 4491 καὶ
3784 4440 4072 4509 ἀπαραπο-

2488 4522 2682 4587 δίστως
2733 4523 3025 4590 θεοσεϐεἶν,
3073 4528 3303 4597 μηδενὸς
3359 4529 3801 4593 ὑποσκελίζοντος
3850 4529 3936 4583 διὰ
3981 4529 4072 4581 τὸν

806 4624 931 4662 eum
957 4610 1048 4678 qui
1072 4626 1296 4681 gressus
1319 4613 1440 4681 ejus
1464 4613 1672 4684 dirigit,
1703 4623 1751 4666 et
1776 4615 1915 4667 uiam
1942 4618 2056 4684 ejus
2082 4617 2233 4683 volet,
2258 4618 2384 4687 quia
2420 4618 2425 4668 1

2505 4614 2892 4667 ιατευθύνοντα
2939 4618 3102 4671 αὐτοῦ
3152 4619 3220 4671 τὰ
3258 4619 3590 4690 διαδήματα,
3637 4622 3734 4673 καὶ
3778 4620 3891 4685 τὴν
3928 4619 4073 4673 ὀδόν

806 4700 956 4755 tllam
988 4703 1382 4771 approbatione
1411 4705 1631 4776 dignam
1666 4715 1820 4776 parat
1847 4724 1860 4771 ;
1897 4709 1968 4759 ita
2000 4716 2057 4761 ut
2088 4707 2208 4763 ideo
2236 4708 2385 4762 dica~

806 4799 917 4858 tur,
944 4801 995 4845 et
1024 4794 1160 4845 riam
1188 4794 1303 4863 ejus
1331 4796 1485 4850 volet.
1513 4795 1645 4850 Cum
1673 4798 1917 4852 ceciderit
1941 4818 2044 4855 non
2081 4801 2381 4867 collidetur,

803 4885 930 4954 quia
982 4876 1240 4941 Dominus
1285 4890 1527 4958 supponit
1568 4906 1781 4943 manum
1827 4909 2001 4949 suam.
2044 4892 2113 4948 .Si
2166 4896 2385 4966 quando

802 4976 1088 5048 contingat
1122 4993 1247 5033 eum
1278 4980 1387 5033 labi
1423 4990 1475 5035 et
1505 4980 1561 5035 in
1592 4984 1895 5039 tentatione
1920 4987 2153 5062 cadere,
2171 5003 2234 5042 ac
2284 4989 2386 5042 im—

692 5124 701 5131 _
802 5069 1113 5140 pingentem
1145 5070 1200 5126 in
1237 5080 1521 5141 peccatum
1547 5075 1844 5144 quodpiam
1874 5094 2050 5141 ruere,
2083 5095 2195 5135 non
2228 5080 2385 5135 colli-

804 5160 965 5215 detur
1012 5169 1235 5230 tamen;
1268 5164 1362 5220 sed
1397 5173 1457 5219 ut
1495 5182 1797 5237 generosus
1838 5170 2060 5234 athleta,
2108 5188 2234 5226 cum
2271 5172 2381 5226 vim

805 5250 1101 5320 perpessus
1131 5254 1473 5330 aliquantum
1504 5261 1755 5326 cesserit,
1797 5262 2086 5319 confestim
2136 5278 2257 5320 sese
2296 5280 2385 5320 re-

803 5342 990 5415 cipiet.

874 5516 1041 5575 Vnus.
1072 5506 1160 5581 25,
1200 5510 1309 5577 26.⁴
1346 5522 1541 5579 Iunior
1584 5524 1682 5591 fui,
1731 5527 1921 5580 etenim
1969 5530 2139 5595 senui,
2184 5539 2238 5584 et
2273 5546 2379 5585 non

802 5614 905 5666 ridi
934 5614 1146 5684 justum
1173 5614 1501 5685 derelictum,
1533 5636 1625 5675 nec
1653 5636 1824 5676 semen
1857 5620 1974 5692 ejus
2004 5638 2243 5693 querens
2284 5639 2380 5693 pa-

870 5770 911 5802 "
952 5768 1087 5828 Gen.
1122 5788 1223 5842 xu,
1261 5775 1315 5831 5.
1392 5777 1436 5807 "'
1479 5777 1607 5832 ibid.

867 5918 943 5986 (ι)
983 5916 1187 5979 Testes
1214 5920 1445 5979 deficere
1473 5926 1702 5981 videtur.

2492 4704 2680 4760 αὑτοῦ
2709 4708 2955 4774 θελήσει
2976 4750 2989 4771 ,
3021 4710 3291 4779 ἀποδοχῆς
3320 4710 3475 4775 ἀξίαν
3509 4710 3791 4762 ποιοῦντα·
3826 4710 3964 4762 ὥστε
3987 4709 4072 4763 λέ-

2492 4798 2846 4867 γεσθαι,⁷Κιιὶ
2882 4800 2996 4867 τὴν
3020 4800 3377 4875 ὁδὸν-καύτοῦ
3417 4800 3676 4880 θελήσει.
3715 4804 3891 4853 Ὅταν
3912 4800 4069 4870 πέσῃ

2492 4894 2563 4945 οὺ
2619 4892 3206 4961 καταρῤαχθήονεται,
3270 4892 3351 4946 ὅτι
3387 4895 3603 4960 Κύριος
3679 4892 4070 4961 ἀντιστηριῒει

2494 4981 2661 5049 χεῖρα
2702 4984 2909 5037 αὑτοῦ.
2938 4984 3001 5035 Et
3045 4983 3100 5035 δὲ
3128 4978 3238 5035 ’καὶ
3290 4986 3475 5033 πεσεῖν
3506 4982 3663 5034 αὐτόν
3695 4999 3823 5035 ποτε
3852 4981 4069 5053 ὀλισθή-

2495 5087 2663 5125 σαντα
2710 5075 2913 5145 συμϐῇ,
2960 5076 3051 5127 καὶ
3088 5077 3145 5125 ἐν
3202 5074 3488 5144 πειρασμῷ
3538 5074 3826 5144 γενόμενος
3859 5074 4072 5146 ὀλισθή-

2494 5182 2654 5232 σειεν,
2701 5167 2937 5230 ὀκλάσας
2967 5185 3027 5220 τε
3080 5167 3344 5219 ὑποπέσοι
3383 5166 3488 5219 τινὶ
3540 5147 3913 5240 ἁμαρτήματι,
3956 5168 4069 5221 ἀλλ’

2490 5257 2550 5309 οὐ
2588 5259 3101 5329 καταρῤαχθήσεται
3126 5276 3137 5287 ·
3190 5254 3277 5310 οἶα
3322 5258 3654 5327 δὲ’γενναῖος
3701 5259 3940 5332 ἀθλητὴς
3973 5262 4067 5313 ὲκ-

2492 5348 2734 5416 ϐιασθεὶς
2773 5351 2866 5403 καὶ
2895 5350 3030 5421 πρὸς
3059 5348 3234 5417 ὀλίγον
3266 5349 3469 5413 ἐνδοὺς,
3506 5340 3847 5423 παραχθῆμα
3876 5349 4067 5405 ἑαυτὸν

2489 5442 2841 5514 ἀναλήψεται.

2560 5534 2854 5603 Νεώτερος
2911 5535 3226 5606 ἐγενόμην,
3292 5534 3387 5589 καὶ
3448 5535 3555 5603 γὰρ
3608 5535 3897 5606 ἐγήρασα,
3966 5538 4063 5585 καὶ

2489 5628 2599 5681 οὐκ
2623 5624 2785 5684 εἶδον
2814 5628 3048 5683 δίκαιον
3096 5627 3743 5697 ἐγκαταλελειμμένον,
3800 5625 3941 5683 οὐδὲ
3999 5626 4063 5677 τὸ
