4354 6392
247 525 348 576 353

1371 508 1868 572 COMMENTARIA
1909 518 1976 573 IN
2016 516 2351 574 PSALMOS.

3384 515 3488 576 εει

252 639 486 707 σπέρμα
517 639 706 692 αὐτου
721 635 942 704 Ᾱὴῖοῦν
997 638 1232 705 ἄρτους.
1259 688 1267 690 _
1302 638 1437 690 Ἀλλ’
1502 637 1572 692 lix-
1621 639 1823 694 παίδων
1851 645 1895 700 Α
1923 656 1971 694 ηι

1770 658 1823 694 ον
1851 645 1895 700 Α
1923 656 2033 696 nes.
2075 642 2117 694 Α
2145 655 2314 710 puero
2336 679 2351 704 ,
2396 640 2602 710 inquit,
2657 639 2722 694 ad
2777 643 3109 696 senectutem
3139 655 3313 712 usque
3352 642 3489 711 justi

247 731 408 800 μέχρι
477 730 664 799 γήρως
729 730 820 781 τὸν
886 728 982 781 τοῦ
1043 728 1248 782 δικαίου
1314 732 1816 803 περιεργασάμενος

250 820 383 888 βίον.
419 820 540 872 Ὅτι
567 818 687 872 οὐδὲ
715 813 794 883 εἷς
828 819 1014 888 γέγονε
1042 820 1227 891 καιρὸς
1261 819 1380 872 καθ’
1405 821 1462 874 ὃν
1495 821 1696 894 ἔρημος
1723 842 1817 876 κα-

248 910 594 964 ταλέλειπται
637 913 665 963 ὁ
713 909 935 972 δίκαιος,
968 911 1054 963 ἀεὶ
1102 911 1158 964 δὲ
1191 911 1455 982 πάρεδρον
1501 913 1591 968 καὶ
1626 913 1817 986 βοηθὸν

251 1003 510 1072 κέκτηται
554 1001 645 1053 τὸν
674 999 867 1053 ἑαυτοῦ
907 1001 1126 1069 Κύριον.
1160 1000 1248 1052 Διό
1282 1017 1473 1070 φησιν’
1523 1003 1816 1071 Νεώτερος

244 1093 554 1162 ἐγενόμην,
587 1095 620 1161 ἣ
666 1093 804 1145 κατὰ
843 1093 933 1144 τὸν
966 1092 1278 1162 Σύμμαχον,
1326 1093 1463 1158 νέος
1502 1094 1813 1164 ἐγενόμην,

239 1185 399 1239 ἀλλὰ
449 1185 545 1238 καὶ
574 1183 860 1254 ὲγήρασα,
895 1184 991 1236 καὶ
1023 1187 1133 1238 οὐκ
1173 1181 1335 1237 εἶδον
1376 1184 1608 1238 δίκαιον
1645 1188 1817 1254 ἐγκα-

239 1276 726 1345 ταλελειμμένον,
774 1276 915 1330 οὐδὲ
967 1278 1032 1329 τὸ
1087 1277 1324 1345 σπέρμα
1371 1278 1556 1332 αὑτοῦ
1603 1278 1816 1346 ζητοῦν

237 1370 479 1436 ἄρτους.
514 1369 621 1420 Καὶ
650 1367 765 1430 πῶς
804 1366 912 1438 γὰρ
940 1363 1050 1420 οἷόν
1081 1387 1138 1422 τε
1171 1365 1238 1438 ἦν
1268 1369 1326 1422 τῗ)
1373 1371 1592 1441 σπέρμα
1619 1371 1712 1424 τοῦ
1740 1373 1815 1425 δι-

238 1459 398 1512 καίου
447 1458 625 1522 ἐνδεὲς
668 1459 848 1528 ἄρτων
895 1458 1164 1524 γενέσθαι,
1200 1461 1360 1512 ὁπότε
1407 1460 1567 1521 αὐτὸς
1609 1461 1696 1514 διὰ
1726 1462 1814 1514 τὶν

238 1553 391 1622 παρὰ
438 1551 532 1605 τοῦ
581 1550 715 1604 Θεοῦ
764 1551 1165 1622 χορηγούμενον
1217 1554 1362 1622 aibth
1391 1548 1616 1606 πλτῦτον
1661 1555 1814 1619 ὅλην

237 1644 352 1713 τὴν
395 1644 622 1715 ἡμέραν
661 1645 823 1698 ἐλεεῖ
853 1645 949 1698 καὶ
983 1643 1268 1708 δανείζει;
1301 1647 1533 1717 Νοήσεις
1575 1646 1630 1698 δὲ
1663 1647 1813 1699 τοῦτο

237 1740 380 1790 κατά
427 1738 529 1807 μὲν
555 1737 653 1808 τὴν
684 1737 922 1790 διάνοιαν
975 1736 1182 1809 μαθὼν,
1216 1738 1318 1802 ὅτι,
1360 1737 1594 1791 τάλαντα
1634 1738 1810 1790 labis-.6

236 1828 390 1898 παρὰ
421 1828 516 1904 τοῦ
551 1829 926 1883 οἰκοδεσπότου
965 1831 1060 1884 καὶ
1103 1831 1203 1901 τὴν
1237 1833 1373 1900 μνᾶν
1406 1831 1505 1902 τὴν
1539 1831 1686 1902 παρά
1719 1832 1810 1884 τοῦ

235 1922 465 1992 Κυρίου,
509 1924 574 1992 τῇ
620 1923 823 1976 τούτων
869 1925 1066 1995 χρῆται
1108 1925 1464 1996 πραγματείᾳ
1502 1924 1812 1998 πειθαρχῶν

1918 733 2082 786 vitam
2111 732 2350 788 studiose
2377 732 2636 802 perpendi
2664 751 2676 787 :
2722 732 2869 786 nullo
2903 733 3104 803 quippe
3131 739 3375 803 tempore
3398 733 3489 803 jus

1919 831 2038 878 stus
2064 823 2350 884 deseritur,
2381 824 2474 878 sed
2509 822 2795 876 Dominum
2845 837 3002 879 suum
3045 838 3262 894 semper
3305 835 3492 880 astan-

1916 923 2024 969 tem
2053 916 2543 984 opitulatoremque
2571 915 2754 970 habet.
2788 914 2966 980 Quare
3008 916 3117 980 ait,
3151 915 3340 985 junior
3377 917 3488 986 fui,

1917 1007 2030 1061 sive
2060 1007 2359 1062 secundum
2395 1006 2800 1077 Symmachum,
2827 1008 3035 1076 juvenis
3057 1008 3155 1077 fui,
3184 1008 3274 1062 sed
3298 1012 3448 1064 senui
3471 1049 3487 1076 ,

1914 1108 1964 1152 et
1986 1116 2087 1152 non
2119 1099 2223 1152 vidi
2245 1099 2454 1168 justum
2483 1097 2786 1152 derelictum
2809 1138 2824 1162 ,
2857 1114 2946 1151 nec
2991 1114 3162 1152 semen
3191 1098 3308 1168 ejus
3344 1115 3490 1170 qua!-

1915 1205 2034 1242 rens
2061 1205 2241 1254 panes.
2276 1187 2341 1240 Et
2367 1187 2482 1258 qui,
2514 1203 2721 1257 quaeso,
2747 1195 2928 1257 potest
2951 1187 3086 1257 justi
3117 1203 3301 1244 semen
3329 1203 3489 1259 egere

1914 1283 2168 1352 panibus,
2202 1280 2422 1352 quando
2458 1282 2594 1350 ipse,
2649 1279 3022 1335 Deodivitias
3066 1280 3168 1336 sibi
3222 1281 3489 1336 submini-

1913 1383 2142 1438 strante,
2179 1384 2290 1428 tota
2313 1372 2398 1426 die
2422 1373 2700 1447 miseretur
2727 1380 2777 1426 et
2808 1368 3150 1428 commodat?
3179 1371 3303 1427 Haec
3326 1388 3491 1443 porro

1913 1467 2185 1536 intelligas
2236 1481 2298 1519 ac
2330 1472 2513 1520 mente
2560 1464 2850 1535 percipias,
2885 1466 2931 1521 si
2962 1465 3254 1521 edidiceris
3309 1466 3490 1536 ipsum

1911 1573 2034 1612 cum
2059 1558 2257 1612 talenta
2288 1572 2317 1609 a
2341 1555 2750 1626 patrel'amilias,
2780 1563 2835 1612 et
2867 1545 3047 1611 mnam
3079 1573 3109 1612 a
3143 1556 3372 1612 Domino
3399 1572 3493 1612 ac-

1911 1649 2172 1716 cepisset,
2207 1648 2273 1702 iis
2304 1648 2370 1701 ad
2403 1647 2830 1718 negotiationem
2869 1663 3026 1703 usum
3061 1663 3216 1710 esse,
3261 1648 3491 1704 Domino

1911 1740 2373 1810 obtemperantem
2418 1739 2492 1792 ita
2521 1739 2765 1808 loquenti
2794 1759 2806 1792 :
2845 1739 3094 1809 Oportuit
3127 1749 3173 1793 te
3212 1741 3491 1808 pecuniam

1914 1848 2080 1886 meam
2096 1831 2287 1900 jecisse
2316 1829 2384 1881 ad
2415 1846 2648 1882 mensam
2671 1829 2736 1884 ".
2771 1828 2996 1900 Eloquia
3020 1829 3252 1897 Domini,
3283 1831 3489 1901 eloquia

1911 1933 2082 1984 casta,
2103 1931 2374 1992 argentum
2397 1922 2514 1989 igne
2543 1923 2923 1987 examinatum,
2949 1922 3226 1991 probatum
3248 1933 3402 1978 terra:
3418 1924 3485 1978 ῖδ.

232 2011 314 2082 τῷ
341 2014 571 2082 φήσαντι
591 2030 604 2042 '
638 2013 793 2068 Ἔδει
824 1994 990 2067 σετό
1023 2015 1306 2084 ἀργύριόν
1337 1994 1456 2084 μου
1478 1994 1813 2084 ,βαλεῒνείς
1847 1994 1887 2051 Β
1913 2015 1951 2083 0

1764 2021 1813 2084 ίς
1847 1994 1887 2051 Β
1913 2015 2176 2084 Quisquis
2207 2014 2374 2084 igitur
2395 2013 2565 2068 divini
2601 2015 2868 2069 sermonis
2892 2017 3154 2071 exercitio
3185 2017 3483 2080 incumbit,

233 2103 544 2172 τράπεζαν.
597 2104 674 2159 Τὰ
719 2107 892 2176 λόγια
932 2109 1153 2173 Κυρίου
1190 2111 1367 2177 λόγια
1411 2109 1584 2178 ἁγνὰ,
1633 2111 1813 2178 ἀργύ-

232 2214 366 2262 ριον
417 2196 866 2267 πεπυρωμένον,
915 2197 1187 2267 δοκίμιον
1229 2199 1303 2266 τῇ
1359 2199 1454 2269 γῇ.
1510 2201 1568 2252 '0
1635 2202 1813 2254 τοίνυν

231 2290 592 2361 ἀνακείμενος
623 2294 688 2361 τῇ
719 2291 828 2344 τῶν
856 2290 1013 2346 θείων
1046 2293 1274 2363 ἀσκήσει
1300 2293 1494 2360 λόγων,
1523 2295 1613 2348 καὶ
1644 2294 1812 2349 πολλὰ

231 2383 426 2452 λογικά
452 2385 555 2455 χρή
566 2402 710 2454 ματα
740 2368 1080 2454 συναγαγὼν,
1105 2386 1256 2439 οὐδὲν
1288 2385 1474 2458 ἕτερον
1502 2383 1623 2440 οῐδε-
1641 2389 1812 2460 πράτ-

231 2492 365 2539 τειν,
397 2475 429 2547 ἢ
458 2475 546 2529 διὰ
569 2475 747 2547 πάσης
777 2477 988 2549 ἡμέρας
1029 2477 1198 2530 ἐλεεῖν
1227 2479 1320 2531 καὶ
1348 2478 1633 2543 δανείζειν.
1656 2479 1812 2534 Κατὰ

230 2570 290 2622 δὲ
333 2569 427 2622 τὸν
478 2568 729 2634 Ἀκύλαν,
765 2569 919 2637 ὅλην
962 2568 1078 2636 τὴν
1124 2570 1355 2640 ἡμέραν
1400 2571 1665 2639 δωρεῖται
1713 2572 1812 2626 καί

230 2661 510 2719 δανείζει·
552 2664 666 2724 τοῖς
711 2659 808 2732 μὲν
847 2662 1122 2732 δωρεῖται,
1165 2665 1277 2725 τοῖς
1310 2663 1379 2715 -δὲ
1419 2661 1648 2728 δανείζει
1675 2674 1688 2694 ⁸
1743 2664 1811 2718 τά

234 2753 333 2824 μὲν
356 2753 602 2823 δόγματα
642 2752 972 2824 θεωρήματα
1009 2754 1261 2824 δωρεῖται
1285 2756 1403 2817 ταῖς
1436 2753 1545 2807 τῶν
1573 2755 1812 2826 χωρούν-

230 2860 341 2898 των
368 2846 596 2914 ψυχαῖς⁸
631 2844 700 2897 τὰ
738 2844 781 2897 δ’
810 2846 870 2897 ιν
912 2843 1130 2914 ἠθικαῖς
1158 2845 1400 2907 ἐντολαῖς
1441 2845 1692 2909 δανείζει,
1718 2849 1811 2900 ἐπὶ

231 2935 311 3006 τῷ
353 2937 480 2999 τοὺς
516 2935 803 3006 εἰληφότας
833 2924 918 2988 δι”
943 2935 1119 3007 ἔργων
1148 2936 1238 2988 τὸν
1269 2935 1479 3004 καρπὸν
1522 2937 1809 2991 ἀποδοῦναι

233 3028 325 3082 τοῦ
353 3028 563 3091 δάνους.
608 3023 795 3092 Οὕτως
823 3024 1026 3099 ἀκούσῃ
1051 3023 1147 3082 καὶ
1172 3022 1451 3092 Μωῦσὲως
1481 3029 1809 3098 ἐπαγγελλο-

233 3121 395 3192 μένου
440 3122 551 3184 τοῖς
588 3119 695 3174 τῶν
737 3115 895 3175 θείων
945 3106 1422 3191 νόμωνᾌύλαξιν·
1463 3120 1543 3184 τδ,
1585 3121 1809 3186 Δανιεῖς

230 3212 434 3268 ἔθνεσι
481 3211 751 3279 πολλοῖς,
796 3213 877 3266 σὺ
910 3211 979 3265 δὲ
1009 3213 1082 3267 οὐ
1115 3210 1323 3266 admei.
1354 3214 1466 3266 Kal.
1506 3213 1694 3266 τοῦτόν
1743 3231 1808 3280 γε

229 3306 320 3362 τὸν
359 3307 560 3381 τρόπον
592 3304 642 3360 oi
678 3306 810 3360 θεῖοι
845 3305 1133 3380 ἀπόστολοι
1160 3305 1440 3394 ,ἐδάνειζον
1469 3306 1647 3359 ἔθνεσι
1677 3302 1807 3360 πολ·
1835 3337 1878 3396 c

229 3401 361 3469 λοῖς,
392 3401 491 3456 καὶ
520 3399 754 3472 μάλιστά
778 3416 842 3468 γε
873 3401 901 3452 ό
931 3387 1169 3462 Παῦλοςέ
1204 3399 1297 3452 καὶ
1326 3399 1413 3452 διὰ
1441 3398 1597 3452 τοῦτο
1631 3400 1681 3453 οἱ
1708 3417 1830 3470 μασι

230 3492 591 3564 θητευόμενοι·
607 3489 809 3558 αὐτοῖς,
834 3492 1054 3563 σπέρμα
1071 3491 1224 3556 δντες
1243 3489 1442 3556 αὐτῶν,
1469 3492 1809 3546 οὐδεπώποτε

229 3582 430 3646 ἐνδεεῖς
457 3578 596 3653 ἦσαν
627 3585 808 3653 ἄρτων
830 3597 844 3613 ⁶
881 3580 976 3634 ἅτε
1009 3579 1076 3650 δὴ
1114 3578 1329 3649 ἔχοντες
1356 3581 1484 3645 τοὺς
1512 3583 1810 3653 χορηγοῦν.

230 3691 328 3739 τας
368 3673 550 3737 αὐτοις
593 3671 692 3744 τὴν
739 3670 962 3741 λογικὴν
1001 3669 1237 3742 τροφὴν,
1259 3664 1328 3742 ἧς
1369 3669 1810 3742 μεταλαμϐάνον

227 3783 340 3833 τες,
394 3760 665 3835 εὐλογίαις
711 3762 1063 3835 ἐπληροῦντο.
1116 3761 1207 3815 Διὸ
1254 3762 1536 3816 λέλεκταιο
1581 3764 1693 3819 Καὶ
1741 3764 1808 3818 τὸ

228 3855 468 3929 σπέρμα
502 3852 689 3913 αὐτοῦ
717 3859 805 3924 εις
841 3855 1126 3927 εὐλογίαν
1165 3854 1358 3908 ἔσται.
1375 3855 1500 3909 ’Καὶ
1544 3855 1684 3910 κατὰ
1720 3855 1809 3926 ψι-

226 3952 326 4024 λὴν
355 3951 413 4005 δὲ
448 3951 547 4023 τὴν
573 3948 737 4015 λέξιν.
771 3948 825 4003 εῐ
850 3965 935 4013 τις
974 3934 1251 4018 λογίσαιτο
1283 3949 1435 4012 ὅπως
1477 3946 1692 4020 εἴρηται
1729 3948 1806 4018 τῷ

227 4044 442 4115 Σωτῆρι
477 4043 560 4106 τὸν,
587 4043 698 4097 Καὶ
733 4042 803 4096 ὲν
830 4041 912 4108 τῷ
933 4039 1100 4095 αίῶνι
1131 4041 1320 4108 τούτῳ
1364 4041 1807 4094 ἑκατονταπλα-

226 4136 408 4210 σίονα
431 4125 709 4204 λήψεται,
740 4133 920 4206 ἔργοις
962 4150 1024 4186 τε
1068 4135 1252 4196 αὐτοῖς
1285 4133 1538 4188 θεάσαιτο
1569 4133 1804 4207 πληρού-

229 4243 389 4300 μενον
421 4227 515 4280 τδν
556 4226 714 4296 λόγον
764 4226 852 4280 διὰ
899 4224 1008 4280 τῶν
1059 4226 1226 4281 αὑτοῦ
1294 4225 1570 4298 μαθητῶν,
1617 4222 1834 4297 ὄψεταί

226 4317 347 4381 πῶς
368 4319 396 4370 ὁ
418 4317 627 4380 δίκαιος
649 4316 777 4388 ὃλην
809 4316 905 4387 τὴν
931 4317 1143 4387 ἡμέραν
1166 4317 1308 4370 ὲλεεῖ
1335 4315 1427 4371 καὶ
1453 4316 1704 4382 δανείζει.
1741 4319 1804 4371 El

225 4407 334 4480 γὰρ
363 4407 593 4461 πάντων
610 4406 720 4460 τῶν
748 4406 1112 4461 πιστευόντων
1136 4402 1206 4478 ἦν
1233 4409 1265 4477 ή
1309 4407 1456 4479 ψυχῆ
1489 4408 1583 4463 καὶ
1609 4410 1642 4480 ἡ
1671 4426 1805 4480 καρ-

223 4497 314 4552 δία
366 4498 484 4568 μία,
539 4498 634 4551 καὶ
676 4497 848 4562 οὐδεὶς
899 4495 1083 4565 ἔλεγεν
1128 4496 1258 4584 ἴδιόν
1296 4516 1348 4552 τι
1401 4500 1595 4554 ἑαυτοῦ
1642 4496 1801 4564 εἶναι,

223 4590 341 4645 ἀλλ’
373 4585 445 4662 ἦν
466 4590 644 4644 πάντα
683 4593 858 4653 κοινὰ,
884 4591 998 4644 ὅσοι
1031 4607 1091 4644 τε
1123 4586 1264 4663 ἦσαν
1294 4591 1475 4665 arripio:
1505 4594 1802 4665 κτημάτων

1915 2108 2222 2175 multasque
2276 2085 2628 2162 rationabiles
2671 2103 2889 2161 divitias
2947 2106 3189 2176 colligit,
3246 2106 3292 2161 is
3345 2107 3484 2161 nihil

1914 2197 2061 2252 aliud
2092 2213 2253 2267 agere
2289 2199 2466 2260 novit,
2509 2213 2670 2268 quam
2702 2205 2762 2250 ut
2790 2205 2906 2252 tota
2931 2199 3019 2254 die
3067 2200 3390 2254 misereatur
3433 2210 3487 2256 et

1912 2288 2241 2343 commodet.
2272 2287 2581 2341 Secundum
2630 2287 2883 2358 Aquilam
2919 2305 3051 2344 vero
3075 2330 3091 2355 ,
3138 2300 3248 2345 tota
3279 2291 3361 2345 die
3394 2293 3487 2346 dat

1911 2391 1959 2435 et
1993 2379 2326 2457 commodat:
2355 2381 2476 2434 aliis
2515 2379 2734 2449 quidem
2790 2381 2923 2445 dat,
2973 2383 3093 2437 allis
3127 2391 3307 2438 autem
3339 2399 3490 2438 com~

1910 2472 2133 2538 modat;
2167 2473 2419 2543 dogmata
2449 2471 2514 2525 ad
2564 2474 2991 2542 speculationem
3037 2473 3131 2529 dat
3160 2473 3229 2531 lis
3255 2491 3488 2548 quorum

1882 2579 2141 2633 .capaces
2174 2564 2368 2618 anima:
2397 2572 2554 2630 sunt;
2592 2565 2818 2619 moralia
2857 2574 3124 2636 praecepta
3152 2569 3484 2630 commodat.

1912 2669 1972 2711 ut
2005 2659 2098 2727 qni
2131 2657 2484 2726 acceperint,
2547 2666 2737 2712 mutuo
2775 2659 2986 2728 accepti
3041 2659 3278 2715 fructum
3310 2663 3491 2732 operi-

1911 2750 2014 2806 bus
2042 2750 2290 2806 reddant.
2331 2749 2422 2804 Sic
2451 2751 2643 2806 audias
2676 2750 2914 2821 Moysem
2955 2751 3262 2811 divinarum
3309 2753 3486 2823 legum

1909 2843 2212 2897 cultoribus
2275 2841 2380 2895 boc
2439 2842 2785 2910 pollicentem
2825 2862 2837 2895 :
2889 2841 3199 2896 Faenerabis
3246 2842 3486 2913 gentibus

1910 2937 2113 2996 multis,
2145 2943 2194 2987 et
2226 2944 2282 2986 tu
2332 2951 2434 2987 non
2489 2935 2638 3003 fenus
2689 2936 2909 3003 accipies
2948 2937 3014 2988 ⁷⁸.
3082 2933 3148 2988 Et
3194 2951 3260 2990 eo
3297 2937 3487 3006 utiqno
3527 2989 3531 2993 .

1908 3024 2070 3080 modo
2105 3025 2277 3080 divini
2311 3027 2544 3096 apostoli
2576 3027 3209 3098 imnerabantgentibus
3240 3030 3440 3084 multis
3466 3063 3484 3096 ,

1909 3118 2252 3189 maximeque
2285 3115 2486 3172 Paulus
2527 3138 2541 3173 :
2587 3118 2758 3189 quare
2804 3118 3061 3191 discipuli
3107 3134 3298 3175 eorum
3324 3161 3340 3185 ,
3372 3123 3486 3190 qui

1911 3224 2099 3268 semen
2136 3211 2378 3282 ipsorum
2421 3220 2600 3276 erant.
2632 3202 2912 3283 nunquam
2947 3214 3174 3284 egebant
3208 3215 3444 3285 panibus
3467 3251 3483 3279 .

1911 3313 2098 3375 utpote
2124 3305 2324 3376 quibus
2349 3307 2606 3361 adessent
2625 3307 2719 3377 qui
2741 3307 3116 3363 rationabilem
3146 3308 3327 3362 cibum
3350 3314 3486 3378 sup—

1910 3395 2214 3466 peditarent
2244 3416 2255 3450 :
2295 3397 2453 3466 cujus
2488 3396 2784 3468 participes
2811 3411 2938 3451 cum
2991 3404 3209 3461 essent,
3264 3397 3489 3452 benedl~

1909 3489 2184 3545 ctionibus
2213 3491 2585 3559 replebantur.
2615 3488 2980 3555 Quamobrem
3009 3489 3214 3543 dictum
3249 3499 3365 3551 est,
3415 3487 3489 3542 Et

1909 3587 2081 3636 semen
2104 3582 2217 3650 ejus
2240 3583 2293 3636 in
2317 3581 2671 3635 benedictione
2706 3581 2832 3636 erit;
2873 3578 2937 3634 Si
2968 3579 3093 3651 quis
3127 3593 3256 3634 vero
3279 3592 3484 3634 secum-

1909 3675 2037 3728 dum
2078 3676 2276 3729 nudam
2325 3675 2610 3729 lectionem
2658 3687 2843 3729 secum
2891 3672 3223 3742 reputaverit
3251 3688 3356 3741 qua
3389 3665 3483 3724 ra-

1908 3765 2056 3819 tione
2095 3780 2126 3818 a
2155 3762 2436 3819 Salvatore
2468 3765 2675 3819 dictum
2707 3766 2810 3828 sit,
2850 3762 2915 3817 In
2954 3763 3050 3820 hoc
3075 3763 3271 3820 muto
3303 3771 3485 3816 rentu-

1905 3855 2052 3925 plum
2082 3856 2289 3924 recipiet
2317 3855 2384 3918 ⁷⁸,
2411 3871 2635 3926 remque
2683 3871 2848 3926 opere
2885 3870 2984 3926 per
3029 3855 3151 3924 ejus
3182 3855 3484 3925 discipulOs

1907 3948 2312 4018 comprobatam
2365 3947 2602 4011 viderit,
2675 3948 2723 4002 is
2778 3963 2911 4003 sane
2960 3946 3484 4019 deprehendet,quo

1906 4047 2070 4108 pacto
2091 4038 2276 4108 justus
2302 4045 2417 4092 tota
2439 4038 2528 4092 die
2559 4038 2884 4092 misereatur
2914 4045 2969 4092 et
2997 4036 3326 4094 commodet.
3348 4037 3484 4092 Nam

1906 4131 1953 4185 si
1980 4129 2224 4185 omnium
2257 4129 2496 4184 ﬁdelium
2527 4144 2622 4184 cor
2649 4145 2817 4184 unum
2856 4137 2911 4186 et
2962 4131 3144 4184 anima
3179 4145 3284 4184 una
3321 4139 3440 4184 erat
3468 4167 3482 4194 ,

1905 4222 2200 4294 nullusque
2231 4222 2447 4277 dicebat
2477 4223 2578 4277 sibi
2613 4225 2743 4293 quid
2772 4224 3051 4293 proprium
3084 4237 3229 4286 esse,
3265 4222 3354 4275 sed
3377 4237 3485 4275 om-

1906 4310 1996 4362 nia
2023 4317 2174 4362 erant
2223 4309 2546 4373 communia,
2579 4317 2634 4364 et
2665 4317 2932 4379 quotquot
2962 4322 3309 4377 possessores
3339 4321 3482 4375 pra:-

1905 4400 2120 4456 diorum
2150 4409 2329 4466 erant,
2359 4401 2657 4473 vendentes
2689 4402 2963 4470 ponebant
3007 4408 3132 4453 ante
3161 4399 3325 4467 pedes
3351 4412 3484 4468 apo-

1906 4499 2195 4566 stolorum,
2227 4498 2654 4568 dividebantque
2699 4496 2928 4566 singulis
2961 4504 3117 4563 prout
3145 4495 3326 4563 cuique
3351 4509 3488 4559 opus

1902 4600 2018 4644 erat
2045 4591 2125 4656 ";
2161 4588 2510 4645 manifestum
2539 4604 2670 4644 sane
2702 4595 2786 4642 est
2824 4588 2970 4657 ipsos
3007 4595 3119 4640 tota
3148 4588 3235 4641 die
3282 4587 3480 4641 miser-

133 4699 142 4704 ·
224 4683 627 4755 πιπράσκοντες
659 4679 904 4737 ἐτίθεσαν
930 4683 1081 4753 παρά
1096 4685 1224 4747 τοὺς
1246 4677 1415 4748 πόδας
1442 4685 1549 4739 τῶν
1570 4686 1800 4739 ἀποστό-
1833 4681 1852 4736 1

941 4683 1081 4753 παρά
1096 4685 1224 4747 τοὺς
1246 4677 1415 4748 πόδας
1442 4685 1549 4739 τῶν
1570 4686 1800 4739 ἀποστό-
1833 4681 1876 4736 D
1906 4693 1991 4739 tos
2024 4698 2146 4738 esse
2171 4690 2225 4736 et
2254 4681 2660 4736 commodasse..

222 4775 352 4839 λων,
382 4773 685 4845 διεμέριζόν
701 4790 760 4826 τε
781 4769 1015 4846 ἑκάστῳ,
1049 4773 1235 4828 καθότι
1264 4773 1330 4829 ἄν
1349 4786 1435 4839 τις
1459 4777 1647 4848 χρείαν
1669 4774 1802 4849 εἶχε·
1822 4777 1979 4849 δῆλον
2006 4776 2157 4838 ὅπως
2179 4773 2306 4846 ὅλην
2325 4773 2425 4845 τὴν
2457 4774 2667 4845 ἡμέραν
2693 4764 2836 4826 οὗτοι
2865 4773 3057 4843 ἠλέουν
3077 4773 3170 4826 καὶ
3193 4761 3479 4835 ἐδάνειζον-

297 4893 621 4950 Ἕλκλινον
660 4891 780 4949 ἀπὸ
827 4893 1038 4959 κακοῦ,
1087 4893 1185 4947 καὶ
1237 4895 1498 4962 ποίησον
1548 4889 1794 4967 ἀγαθόν.

235 4979 638 5061 Ἐλευθερὼσας
683 4982 906 5039 σεαυτὸν
952 4984 1132 5058 πάσης
1176 4985 1394 5052 κακίας,
1422 4985 1514 5039 ἐπὶ
1562 4989 1643 5041 σοὶ
1691 4989 1800 5060 γάρ

223 5078 340 5132 ἐστι
368 5069 546 5143 τοῦτο,
580 5079 673 5132 καὶ
709 5077 987 5152 βουληθεὶς
1029 5078 1266 5152 δυνήσῃ·
1311 5077 1375 5130 οὐ
1417 5065 1526 5150 ’μὴν
1574 5079 1674 5152 ήδη
1709 5081 1799 5135 τέ-

223 5168 365 5235 λειος
397 5169 494 5244 εσῃ
536 5161 695 5226 τοῦτο
722 5167 954 5244 πράξας,
980 5173 1028 5225 εί
1081 5172 1156 5243 μὴ
1189 5167 1281 5226 καὶ
1323 5162 1384 5224 τὸ
1415 5169 1666 5244 δεύτερόν
1719 5191 1800 5228 σοι

227 5256 425 5333 παρείη
452 5280 464 5292 α
495 5249 653 5316 τοῦτο
678 5263 721 5316 δ’
749 5258 868 5317 ἐστὶ
892 5255 954 5316 τὸ
974 5258 1298 5335 ἐργάζεσθαι
1324 5255 1384 5314 τὸ
1410 5261 1630 5331 ἀγαθόν.
1657 5265 1800 5336 Πρὸς

224 5350 332 5426 γὰρ
360 5349 421 5404 τδ
457 5350 532 5422 μὴ
561 5343 814 5406 κλέπτειν
839 5355 1104 5426 προσήκει
1132 5372 1192 5408 σε
1230 5350 1323 5408 καὶ
1351 5352 1459 5406 τῶν
1494 5353 1599 5406 σῶν
1628 5355 1803 5428 ὓπαρ-

222 5445 425 5518 χόντων
470 5443 584 5510 τοῖς
632 5440 906 5516 δεομένοις
948 5443 1224 5502 κοινωνεῖν
1246 5467 1258 5478 ·
1305 5449 1398 5502 καὶ
1445 5447 1580 5521 πρὸς
1619 5441 1680 5503 τὸ
1725 5451 1798 5521 μὴ

224 5531 586 5601 πλεονεκτεῖν,
618 5536 823 5609 ἕτερον,
854 5534 916 5591 τὸ
956 5541 1051 5594 καὶ
1098 5536 1403 5613 εὐεργετεῖν
1444 5542 1570 5606 τοὺς
1604 5542 1794 5614 δεομέ-

220 5651 344 5698 νους
365 5651 380 5664 ·
411 5633 504 5688 καὶ
530 5624 665 5703 πρὸς
693 5629 750 5684 τὸ
779 5631 976 5694 κακίας
1007 5627 1325 5706 ἀπέχεσθαι,
1356 5636 1414 5689 τὸ
1464 5635 1548 5689 καὶ
1577 5636 1796 5708 ἑτέρους

221 5722 564 5789 ἀπὺκακίας
601 5721 841 5795 ῥύεσθαι.
891 5724 1057 5778 Ἐπὰν
1095 5727 1151 5781 δὲ
1192 5727 1363 5782 ταῦτα
1410 5728 1655 5798 ποιήσῃς,
1692 5746 1792 5781 κα-

222 5817 553 5885 τασκήνου,
601 5814 784 5888 φησὶν,
824 5818 907 5878 είς
949 5807 1133 5872 αίῶνα
1175 5820 1406 5888 αἰῶνος.
1469 5819 1610 5871 ’Δνθ’
1661 5811 1720 5871 οὗ
1771 5822 1797 5873 ὁ

1976 4894 2140 4950 Vsus.
2175 4890 2405 4950 27-29.
2459 4891 2680 4948 Declina
2733 4905 2766 4947 'a
2809 4891 2981 4958 malo,
3019 4901 3068 4945 et
3122 4891 3209 4962 [ac
3269 4891 3479 4947 bonum.

1908 4990 2044 5048 Cum
2079 4997 2132 5046 te
2166 4989 2233 5044 ab
2259 4986 2409 5043 omni
2441 4982 2655 5042 malitia
2686 4987 2986 5050 exemeris,
3040 4997 3207 5056 penes
3250 4990 3304 5038 te
3336 4983 3481 5037 enim

1904 5083 2038 5140 illud
2067 5070 2184 5145 est,
2215 5086 2270 5136 et
2303 5080 2350 5136 si
2381 5079 2516 5136 velis
2543 5081 2747 5151 poteris
2773 5098 2787 5148 ;
2833 5089 2943 5134 non
2976 5078 3157 5134 statim
3177 5118 3191 5142 ,
3223 5077 3326 5130 hoc
3357 5091 3482 5145 per—

1908 5187 2049 5241 acto,
2086 5171 2362 5245 perfectus
2393 5175 2524 5242 eris,
2552 5173 2656 5228 nisi
2686 5172 2834 5227 aliud
2865 5166 3166 5228 secundum
3210 5155 3445 5223 adfuerit
3465 5209 3478 5232 ,

1909 5273 1966 5328 id
1990 5277 2101 5330 est,
2149 5275 2209 5322 ut
2244 5265 2415 5322 facias
2444 5267 2672 5324 bonum.
2724 5263 2859 5319 Nam
2921 5269 3281 5336 praeterquam
3335 5262 3482 5332 quod

1909 5359 2079 5416 furari
2137 5372 2247 5411 non
2297 5357 2453 5423 licet,
2501 5355 2754 5411 convenit
2792 5355 2953 5410 etiam
3003 5368 3127 5406 cum
3192 5353 3482 5432 egentibus

1908 5452 2046 5506 bona
2075 5463 2172 5504 sua
2201 5450 2644 5514 communicare;
2677 5461 2742 5502 ac
2773 5453 3133 5516 praeterquam
3167 5445 3314 5515 quod
3350 5459 3479 5497 ava-

1906 5558 2023 5596 rum
2057 5553 2181 5595 esse
2214 5547 2593 5612 non'oportet,
2633 5539 2782 5593 aliud
2831 5536 3162 5606 requiritur,
3210 5547 3266 5591 u'.
3294 5537 3480 5605 egenis

1907 5635 2170 5689 beneﬁcia
2225 5638 2586 5705 praestentur;
2641 5643 2704 5685 ac
2765 5636 2961 5700 prater
3012 5629 3397 5684 abstinentiam
3446 5643 3479 5682 a

1906 5727 2085 5791 malis,
2113 5742 2252 5796 opus
2275 5735 2358 5784 est
2387 5736 2439 5783 et
2470 5726 2604 5782 alios
2636 5739 2665 5777 a
2688 5722 2845 5777 malis
2872 5736 3088 5776 eruere.
3117 5721 3252 5775 Cum
3295 5728 3478 5774 autem

1906 5819 2019 5874 hinc
2045 5821 2246 5891 egeris,
2279 5820 2547 5884 inhabita,
2607 5816 2810 5888 inquit,
2865 5815 2916 5868 in
2974 5814 3218 5883 naculum
3279 5816 3477 5868 “seculi.

320 5974 362 6004 ⁷⁸
402 5973 534 6028 Luc.
573 5991 697 6030 xix.
735 5966 822 6027 23.
903 5973 947 6004 τί
987 5973 1128 6032 Psal.
1166 5993 1250 6042 xl,
1290 5979 1338 6034 Ἰ.
1417 5978 1459 6011 ⁷⁸
1498 5975 1653 6033 Deut.
1691 5986 1792 6041 xv,
1826 5977 1876 6034 6.
1924 5977 2002 6054 _”
2032 5975 2221 6033 Matth.
2258 5994 2382 6049 xu,
2413 5978 2502 6036 9.9.
2579 5980 2621 6013 τ’
2661 5971 2780 6032 Act.
2819 5991 2893 6041 iV,
2927 5973 3113 6029 32—35.
