4354 6428
838 551 949 606 335

1506 536 1772 595 EUSEBII
1822 530 2303 592 CESARIENSIS
2335 526 2487 586 OPP.
2534 524 2714 582 PARS
2750 521 2840 578 Ill.
2878 549 2949 562 ——
2986 511 3392 572 EXEGETICA.

3962 497 4069 554 336

847 666 955 721 Pro
992 677 1101 735 quo
1144 660 1500 732 Symmacnus
1531 656 1737 717 edidit,
1791 654 1857 708 Et
1886 656 2115 724 quiesces
2148 653 2201 705 in
2251 666 2441 712 sucu-4

2465 634 2799 717 ιῖύμμαχος
2858 638 3107 705 ὲξέδωκε,
3176 632 3285 687 Καὶ
3345 628 3668 700 ἠρεμήσεις
3727 626 3814 735 εις
3862 618 4066 735 adfui-0'

848 743 978 811 lum.
1015 739 1200 806 Hic‘te
1227 748 1436 805 scilicet
1474 753 1658 801 manet
1703 744 1828 799 ﬁnis
1860 753 2061 798 interna
2099 744 2228 797 vita.
2276 738 2410 795 Nam

850 860 971 902 cum
1003 842 1264 897 Dominus
1285 839 1452 909 judex
1478 838 1569 899 sit,
1604 844 1749 889 amat
1772 834 2035 905 judicium
2055 875 2070 897 ,
2108 843 2284 888 etnon
2320 833 2413 885 de-

839 938 1100 1006 relinquet
1134 941 1344 988 sanctos
1372 946 1518 993 suos,
1548 929 1642 985 sed
1674 928 1729 981 in
1773 935 2034 981 aeternum
2067 924 2414 981 conservabit

851 1040 963 1080 eos.
1000 1022 1193 1092 Injusti
1239 1021 1524 1092 punientur
1571 1030 1623 1073 et
1666 1035 1838 1073 semen
1872 1018 2151 1087 impiorum
2202 1016 2410 1085 peribit.

851 1113 994 1169 Justi
1033 1125 1209 1168 autem
1255 1111 1639 1166 haereditabunt
1688 1120 1923 1175 terram,
1967 1118 2018 1164 et
2052 1107 2415 1162 inhabitabant

854 1206 907 1259 in
950 1204 1203 1259 sa'culum
1258 1202 1442 1256 swculi
1490 1217 1645 1270 super
1692 1218 1808 1256 eam
1850 1216 1869 1254 :
1917 1208 2312 1270 consequenter
2348 1198 2415 1253 ad

853 1294 1133 1365 praemissa
1153 1293 1331 1357 docet,
1359 1291 1573 1362 iniquos
1608 1292 1700 1363 qui
1733 1298 2058 1361 pmceptum
2095 1305 2202 1343 non
2232 1302 2417 1343 serva-

838 1384 967 1439 rint
1001 1399 1217 1455 ptenam
1258 1384 1484 1439 daturos
1524 1392 1820 1438 aeternam:
1866 1396 1931 1437 ac
1962 1379 2415 1451 quemadmodum

852 1475 989 1545 justi
1036 1491 1226 1538 semen
1253 1475 1308 1530 in
1351 1474 1725 1531 benedictione
1772 1473 2014 1529 futurum
2058 1488 2181 1529 esse
2214 1472 2417 1528 dictum

856 1573 983 1632 est;
1024 1565 1098 1619 ita
1128 1582 1300 1621 semen
1318 1568 1598 1637 impiorum
1628 1564 1837 1635 peribit.
1872 1562 2011 1620 Justi
2035 1578 2161 1620 vero
2186 1563 2420 1635 promis-

858 1673 975 1713 sam
999 1659 1220 1713 mitibus
1247 1668 1448 1714 terram
1474 1658 1790 1714 luereditate
1822 1658 2123 1728 accipient,
2161 1667 2215 1713 et
2260 1656 2418 1729 inha-

858 1750 1109 1805 bitabunt
1132 1751 1188 1806 in
1221 1766 1285 1807 ea
1314 1751 1369 1805 in
1402 1750 1660 1806 saeculum
1689 1748 1893 1806 saeculi.
1918 1748 2274 1805 Commodum
2308 1748 2423 1803 haec

859 1842 1179 1912 plerumque
1228 1856 1408 1897 sermo
1447 1842 1733 1913 pollicetur
1757 1879 1772 1905 ,
1824 1840 2256 1911 repetitioneque
2304 1854 2428 1910 pro-

864 1934 1031 1990 missa
1064 1932 1351 1990 conﬁrmat
1382 1952 1397 1990 :
1434 1934 1550 1989 vult
1581 1933 1731 1989 enim
1783 1948 1886 1988 nos
1918 1931 2137 1987 assidue
2166 1930 2232 1985 iis
2262 1930 2318 1984 in
2344 1929 2427 1984 di-

2512 712 2680 793 Τούτο
2709 712 2816 807 γὰρ
2844 731 3123 803 περιμένει
3158 744 3217 781 σε
3249 726 3310 779 τὺ
3339 723 3489 786 τέλος
3520 721 3621 790 τῆς
3652 716 3866 773 αἰωνίου

2511 803 2769 902 Κριτικδς
2789 803 2918 895 -γάρ
2950 821 3024 875 ὢν
3056 821 3085 873 ό
3122 818 3326 889 Κύριος
3366 809 3814 902 ἀγαπᾷκρίσιν,
3962 804 4077 902 οδω

2511 892 2925 993 ἐγκαταλείψει
2972 912 3111 978 τοὺς
3162 911 3370 973 ὁσίους
3415 900 3622 964 αὑτοῦ,
3681 897 3792 953 ἀλλ’
3824 896 3932 993 ,εἰς
3983 892 4076 947 τὸν

2513 985 2686 1066 αἰῶνα
2711 996 2906 1069 αὐτοὺς
2935 1000 3268 1072 διαφυλάξει.
3298 1000 3532 1065 Ἀνομοι
3560 985 4075 1055 ἐκδικηθήσονται,

2514 1103 2611 1157 καὶ
2661 1100 2897 1169 σπέρμα
2939 1093 3173 1150 ἀσεϐῶν
3223 1084 3804 1155 ἐξολεθρευθήσεται.
3861 1077 4080 1169 Alassio:

2514 1195 2582 1249 δὲ
2605 1168 3129 1262 κληρονομήσουσι
3158 1185 3273 1252 τὴν
3297 1179 3431 1249 τῆν,
3461 1177 3558 1231 καὶ
3591 1168 4082 1262 κατασκηνώσογ-

2515 1301 2620 1341 σιν
2647 1260 2735 1350 εἰς
2768 1280 2948 1337 αἰῶνα
2988 1276 3204 1341 αἰῶνος
3244 1272 3337 1327 ἐπ’
3376 1267 3566 1335 αὐτῆς
3586 1282 3600 1296 °
3634 1260 3940 1324 ἀκολούθως
3968 1260 4083 1319 τοῖς

2518 1374 2932 1449 προειρημένοις
2974 1371 3235 1428 διδάσκει,
3284 1366 3367 1419 ὅτι
3408 1362 3457 1415 οἰ
3501 1360 3576 1432 μὴ
3609 1357 3671 1411 τὺ
3717 1352 4084 1449 παράγγελμα

2517 1442 2849 1539 φυλάξαντες
2904 1463 3093 1533 ἄνομοι
3151 1459 3306 1527 δίκην
3361 1453 3621 1509 δώσουσιν
3678 1448 3895 1539 αἰώνιον
3917 1462 3929 1476 ·
3992 1442 4086 1539 καὶ

2517 1535 2705 1630 ὥσπερ
2735 1558 2830 1612 τοῦ
2871 1555 3078 1609 δικαίου
3112 1552 3172 1606 τὸ
3202 1549 3423 1621 σπέρμα
3464 1548 3543 1609 εἰς
3586 1540 3834 1609 εὐλογίαν
3867 1535 4086 1589 ἔσεσθαι

2520 1651 2757 1720 ἐλέγετο,
2785 1648 2956 1711 οὓτως
2982 1644 3098 1699 τῶν
3127 1640 3361 1698 ἀσεϐῶν
3387 1638 3453 1692 τὸ
3490 1635 3727 1703 σπέρμα
3743 1630 4090 1720 ἐξολεθρευξ

2521 1714 2784 1807 θήσεται.
2810 1740 2871 1792 Ol
2893 1734 2961 1791 δὲ
2977 1736 3173 1790 δίκαιοι
3194 1732 3293 1804 τὴν
3314 1726 3729 1801 ἐπηγγελμένην
3754 1725 3867 1786 τοῖς
3888 1714 4089 1791 πραέσι

2522 1830 2988 1901 κληρονομήσουσι
3017 1826 3139 1895 γῆν,
3175 1825 3269 1877 καὶ
3302 1816 3812 1889 κατασκηνώσουσιν
3845 1815 3902 1865 ἐν
3949 1811 4088 1881 αὐτῇ

2524 1921 2603 1985 εἰς
2630 1920 2798 1974 αἰῶνα
2824 1918 3036 1980 αἰῶνος.
3075 1913 3355 1982 Ἐπίτηδες
3374 1911 3431 1964 δὲ
3452 1908 3622 1963 ταῦτα
3645 1905 3899 1967 πολλάκις
3921 1905 4093 1970 ἐπαγ-

866 2026 970 2080 ctis
996 2026 1224 2092 versari,
1252 2039 1427 2097 eaque
1459 2025 1730 2089 meditari,
1760 2038 1825 2079 ac
1865 2022 1909 2079 si
1948 2021 2321 2077 rationabilem
2349 2020 2429 2075 ci-

2465 1994 2502 2050 Β
2526 2012 2772 2081 τέλλεται
2802 2012 2831 2063 ό
2868 2009 3042 2077 λόγος,
3074 2004 3303 2077 βεϐαιῶν
3329 2002 3418 2055 διὰ
3449 2001 3549 2072 τῆς
3577 1996 3966 2069 ὲπαναλήψεως
3993 1992 4094 2055 τὰς

865 2116 996 2172 bum
1025 2119 1426 2185 manderemus,
1450 2117 1517 2172 ad
1554 2115 1997 2173 distributionem
2029 2113 2197 2185 probe
2224 2126 2427 2168 conco-

859 2211 937 2266 cti
964 2210 1021 2266 in
1051 2210 1231 2266 anima
1257 2220 1443 2267 nostra
1472 2209 1600 2266 cibi.

936 2476 1103 2535 Vsus.
1171 2478 1243 2535 30
1272 2506 1298 2520 ο
1332 2478 1426 2534 33.
1491 2475 1565 2532 0s
1618 2475 1757 2546 justi
1827 2470 2165 2528 meditabitur
2220 2468 2431 2539 sapien-

865 2573 1017 2636 tiam,
1063 2582 1114 2627 et
1161 2573 1341 2642 lingua
1394 2570 1511 2639 ejus
1568 2568 1807 2637 loquetur
1848 2566 2133 2636 judicium.
2179 2561 2288 2617 Lex
2336 2561 2433 2616 Dei

862 2666 979 2735 ejus
1012 2666 1067 2719 in
1099 2660 1255 2718 co'rde
1286 2663 1474 2732 ipsius,
1503 2668 1553 2716 et
1585 2677 1688 2715 non
1717 2658 2196 2729 supplantabuntur
2224 2671 2432 2727 gressus

866 2757 1001 2825 ejus.
1033 2755 1343 2812 Considerat
1376 2763 1617 2824 peccator
1658 2754 1887 2824 justum,
1917 2761 1968 2806 et
1988 2752 2177 2824 quaerit
2205 2748 2433 2820 mortiﬁ-

865 2865 989 2902 care
1022 2864 1159 2903 eum.
1215 2846 1469 2901 Dominus
1514 2854 1689 2900 autem
1731 2861 1835 2900 non
1873 2843 2195 2914 derelinquet
2234 2859 2351 2897 eum
2380 2842 2434 2895 in

865 2941 1109 2995 manibus
1142 2939 1292 3009 ejus,
1352 2956 1441 2995 nec
1492 2938 1767 2993 damnabit
1801 2954 1920 2994 eum
1949 2953 2067 2991 cum
2104 2934 2435 3006 judicabitur

865 3032 967 3087 illi.
1010 3029 1067 3087 In
1094 3031 1464 3088 admonitione
1502 3032 1819 3103 persistens,
1847 3029 2095 3103 hortatur
2123 3042 2220 3083 nos
2248 3034 2308 3081 ut
2351 3026 2437 3096 ju-

866 3125 937 3180 sti
966 3124 1310 3179 aemulatores
1334 3196 1337 3197 ν
1359 3098 1564 3185 simus,
1599 3121 1828 3190 ejusque
1848 3098 2084 3179 'divitias
2134 3124 2435 3173 enumerat.

794 3288 799 3293 _
867 3215 950 3270 Ad
982 3229 1046 3270 ea
1073 3215 1219 3271 enim
1252 3230 1374 3285 quae
1396 3228 1561 3284 supra
1584 3213 1730 3267 dicta
1768 3218 1918 3275 sunt,
1950 3210 2065 3266 haec
2094 3209 2317 3279 insuper
2347 3224 2441 3279 pe-

868 3322 969 3362 nes
998 3321 1125 3361 eum
1174 3314 1340 3373 sunt;
1382 3320 1581 3378 magno
1613 3305 1765 3360 illum
1795 3302 1959 3369 Deus,
1988 3302 2261 3358 hominem
2290 3301 2438 3365 licet,

870 3414 1097 3455 munere
1115 3398 1355 3464 donavit,
1378 3413 1504 3454 cum
1556 3413 1697 3453 verae
1736 3397 2017 3469 sapientiae
2072 3397 2435 3468 cognitionem

873 3490 1088 3547 indidit.
1130 3489 1406 3562 Sapientia
1440 3491 1641 3562 quippe
1683 3498 1767 3547 est
1799 3488 2199 3545 divinorum‘et
2248 3488 2441 3543 buma-

872 3600 1067 3640 norum
1102 3583 1354 3649 scientia,
1385 3599 1482 3654 per
1514 3600 1677 3656 quam
1701 3584 1883 3640 omnia
1918 3586 2058 3639 iacta
2097 3592 2227 3638 sunt
2258 3598 2272 3635 :
2323 3597 2443 3637 om-

872 3678 962 3730 nia
994 3678 1194 3746 quippe
1224 3676 1279 3730 in
1314 3676 1578 3746 sapientia
1605 3673 1735 3734 fecit
1762 3677 1828 3732 ⁷⁸.
1868 3676 2071 3748 Estque
2115 3677 2232 3747 ipsa
2257 3716 2271 3740 ,
2295 3673 2440 3747 quod

872 3767 931 3821 in
964 3768 1231 3838 principio
1269 3767 1411 3837 apud
1455 3766 1622 3825 Deum
1657 3776 1775 3824 erat
1820 3766 1964 3825 Deus
2018 3766 2287 3833 Verbum,
2350 3781 2445 3837 por

874 3861 1021 3932 quod
1050 3861 1235 3918 omnia
1264 3860 1404 3916 facta
1435 3870 1562 3917 sunt
1608 3861 1674 3915 ⁷⁹.
1723 3860 1898 3932 Hujus
1934 3860 2116 3931 itaque
2163 3859 2444 3930 sapientiae

875 3956 1060 4013 rocks,
1096 3966 1415 4018 sermones,
1464 3952 1783 4025 disciplinas
1820 3951 1965 4007 Deus
2019 3952 2076 4005 in
2132 3948 2444 4006 hominibus

875 4041 1277 4105 disseminavit,
1309 4052 1368 4098 ut
1390 4044 1570 4114 justus
1596 4058 1705 4103 non
1737 4043 1970 4107 otiosus,
2000 4043 2149 4098 iners
2190 4056 2254 4096 ac
2285 4041 2445 4096 bonis

875 4147 1085 4189 vacuus
1114 4142 1260 4191 esset
1285 4153 1301 4202 ;
1332 4134 1426 4191 sed
1464 4150 1569 4190 una
1597 4150 1662 4191 os
1692 4141 1746 4188 et
1792 4134 2193 4190 meditationem
2230 4134 2446 4202 sapien-

877 4228 968 4282 tize
999 4226 1246 4290 haberet,
1288 4236 1347 4281 ut
1378 4242 1441 4282 ea
1472 4229 1629 4298 quasi
1660 4228 1869 4284 caelesti
1904 4242 2036 4283 usus
2058 4242 2183 4283 esca
2204 4266 2220 4291 ,
2268 4227 2446 4295 primo

876 4320 1113 4376 animam
1142 4318 1493 4375 conﬁrmaret
1516 4333 1695 4382 suam,
1733 4318 2035 4388 deindeque
2067 4318 2188 4371 aliis
2245 4317 2446 4385 imper-

876 4414 1023 4469 tiret.
1080 4412 1351 4487 Quocirca
1384 4410 1593 4466 dictum
1639 4418 1757 4477 est,
1799 4408 1873 4465 οε
1926 4409 2063 4479 justi
2107 4405 2447 4461 meditabitur

874 4488 1223 4571 sapientium,
1258 4511 1309 4557 et
1342 4501 1520 4571 lingua
1552 4501 1665 4571 ejus
1715 4500 1954 4571 loquetur
1981 4498 2265 4569 judicium.
2302 4495 2450 4551 Gna-

875 4612 972 4653 rus
1000 4604 1180 4653 autem
1216 4597 1384 4669 legem
1422 4595 1515 4653 Dei
1546 4595 1885 4667 spiritualem
1912 4608 2055 4657 esse,
2094 4607 2217 4647 cum
2249 4606 2446 4647 secun-

875 4689 1006 4744 dum
1036 4680 1349 4745 interiorem
1380 4690 1654 4747 hominem
1699 4690 1754 4744 in
1785 4688 1901 4759 lege
1930 4686 2026 4743 Dei
2059 4685 2443 4750 delectaretur,

2529 2101 2868 2173 ὑποσχέσεις,
2914 2100 3060 2171 ἡμᾶς
3102 2112 3162 2149 τε
3213 2092 3533 2164 βουλόμενος
3580 2086 3932 2158 ἐνδιατρίϐειν
3980 2086 4093 2145 τοῖς

2526 2193 2708 2255 αὐτοῖς
2739 2190 2915 2259 λόγοις
2951 2187 3045 2242 καί
3068 2183 3459 2255 νκαταμελετᾷν
3498 2180 3712 2242 αὐτοὺς,
3740 2174 3940 2229 ὡσανεὶ
3968 2190 4097 2244 spo-

2529 2280 2634 2352 φὴν
2660 2278 2884 2349 λογικὴν
2919 2275 3291 2348 μασωμένους,
3319 2272 3399 2335 εἰς
3422 2269 3670 2325 ἀνάδοσιν
3692 2267 3789 2338 τῆς
3818 2265 3958 2320 κατά
3995 2262 4097 2335 τὴν

2526 2373 2706 2445 ψυχὴν
2736 2358 2893 2444 ἡμῶν
2920 2367 3198 2438 εὐπεψίας.

2599 2444 2795 2532 Στόμα
2860 2459 3091 2513 δικαίου
3164 2452 3485 2525 μελετήσει
3551 2448 3775 2519 σοφίαν
3805 2486 3821 2511 ,
3890 2445 3990 2499 καὶ
4054 2444 4095 2513 ἠ

2530 2551 2781 2624 γλῶσσα
2834 2548 3021 2604 αὑτοῦ
3071 2545 3331 2614 λαλήσει
3376 2544 3598 2613 κρίσιν.
3658 2543 3711 2594 Ὀ
3762 2540 3947 2611 νόμος
3990 2539 4098 2594 τοῦ

2532 2644 2681 2700 Θεοῦ
2720 2644 2907 2699 αὐτοῦ
2932 2644 3001 2697 ἐν
3031 2640 3245 2709 καρδίᾳ
3270 2636 3477 2700 αὐτοῦ,
3506 2636 3602 2689 καὶ
3634 2636 3746 2704 οὐχ
3770 2634 4099 2688 ὑποσκελι-

2530 2735 2823 2803 σθήσεται
2852 2733 2923 2787 τὰ
2951 2731 3281 2802 διαδήματα
3300 2728 3507 2783 αὑτοῦ.
3542 2724 3833 2781 Κατανοεῖ
3855 2728 3888 2779 ὁ
3915 2723 4097 2793 ἁμαρ-

2532 2828 2720 2895 τωλὸς
2749 2826 2858 2881 τὸν
2892 2825 3145 2890 δίκαιον,
3176 2825 3273 2877 καί
3306 2820 3463 2890 ζητεῖ
3482 2819 3586 2874 τοῦ
3622 2816 3956 2875 θανατῶσαι
3992 2818 4102 2870 αὑ-

2533 2922 2657 2975 τόν.
2714 2920 2765 2972 Ὁ
2799 2918 2869 2972 δέ
2896 2919 3107 2987 Κύριος
3144 2918 3216 2970 οὐ
3250 2913 3337 2985 μὴ
3379 2911 3744 2983 ἐγκαταλίπῃ
3785 2908 3972 2963 αὐτὸν
4015 2910 4104 2973 εἰς

2533 3012 2640 3077 τὰς
2664 3009 2863 3079 χεῷας
2888 3007 3094 3071 αὑτοῦ,
3128 3004 3252 3059 οὐδ’
3272 3006 3357 3077 ,οὐ
3388 3002 3474 3073 μὴ
3508 2998 3972 3066 καταδικάσηται
3996 2999 4104 3050 αὑ-

2536 3101 2642 3156 τὸν
2676 3101 2819 3155 ὅταν
2855 3101 3126 3168 κρίνηται
3165 3095 3342 3161 αὐτῷ.
3387 3093 3690 3163 Ἐπιμένων
3715 3093 3781 3162 τῇ
3812 3090 3906 3144 τοῦ
3944 3090 4103 3158 λόγου

2538 3194 2844 3265 προτροπῇ,
2884 3188 3127 3262 ζηλωτὰς
3166 3188 3313 3259 ἡμᾶς
3334 3184 3574 3253 γίνεσθαι
3605 3181 3699 3235 τοῦ
3726 3182 3933 3236 δικαίου
3960 3198 4100 3252 παρ-

2539 3285 2717 3357 ορμᾷ,
2778 3282 2870 3335 τὸν
2912 3278 3138 3334 πλοῦτον
3178 3276 3343 3332 αὐτοῦ
3394 3273 3913 3346 καταριθμούμενος.
3961 3272 4107 3343 Πρὸς

2465 3408 2508 3465 C
2540 3378 2645 3448 γὰρ
2678 3378 2790 3440 τοῖς
2821 3372 3130 3447 εἰρημένοις
3169 3371 3249 3425 ἔτι
3296 3371 3389 3424 καί⁵
3435 3367 3607 3422 ταῦτα
3638 3366 3785 3465 abst?
3812 3365 4069 3465 πρόσεστι
4089 3379 4105 3395 ο

2542 3469 2868 3541 κεχάρισται
2899 3463 3045 3536 αὐτῷ
3078 3464 3223 3536 μέγα
3251 3461 3420 3533 δῶρον
3446 3462 3475 3515 ὁ
3506 3458 3639 3523 Θεὸς
3675 3455 3943 3529 ἀνθρώπῳ
3973 3453 4108 3519 δντι,

2542 3563 2641 3634 τῆς
2672 3556 2905 3630 ἀληθοῦς
2940 3556 3129 3627 σοφίας
3160 3554 3257 3627 τὴν
3287 3552 3507 3623 γνῶσιν.
3528 3550 3696 3621 Σοφία
3722 3549 3821 3621 μὲν
3857 3547 3965 3620 γάρ
3996 3547 4112 3600 ἐστι

2544 3655 2704 3709 θείων
2750 3654 2845 3721 καὶ
2889 3649 3244 3721 ἀνθρωπείων
3278 3646 3577 3717 ἐπιστήμη,
3614 3643 3710 3698 καί
3732 3641 3799 3697 δι’
3838 3635 3907 3713 ἦς
3935 3640 4113 3694 πάντα

2546 3749 2737 3819 γέγονε
2763 3764 2776 3776 ·
2803 3744 2979 3800 πάντα
3006 3742 3116 3815 γὰρ
3138 3743 3195 3795 ὲν
3220 3741 3381 3812 σοφίᾳ
3406 3738 3648 3810 ἐποίησε.
3676 3722 3785 3791 Καὶ
3807 3735 3944 3805 αὕτη
3969 3735 4114 3787 ἐστὶν

2543 3845 2573 3898 ό
2600 3844 2657 3895 ὲν
2680 3841 2821 3913 ἀρχῇ
2850 3838 2986 3910 πρὸς
3012 3836 3103 3890 τὸν
3127 3834 3260 3887 Θεὸν
3289 3832 3421 3896 Θεὸς
3448 3831 3638 3900 Λόγος,
3663 3829 3729 3883 δι’
3756 3822 3817 3881 οὖ
3845 3828 3915 3881 τά
3941 3827 4113 3881 πάντα

2545 3933 2781 4004 ἐγένετο.
2819 3930 3035 3999 Ταύτης
3064 3923 3158 3982 οὖν
3204 3925 3386 3996 φωνὰς
3432 3925 3539 3978 καὶ.
3573 3924 3762 3992 λόγους
3813 3923 3907 3977 καὶ
3940 3921 4115 3994 μαθή-

2548 4045 2694 4100 ματα
2736 4029 2766 4081 ό
2809 4025 2941 4088 Θεὸς
2972 4024 3051 4085 είς
3088 4018 3404 4091 ἀνθρώπους
3448 4016 3795 4078 κατεϐάλετο,
3823 4014 3899 4079 ὡς
3927 4013 3995 4068 ἂν
4039 4011 4121 4085 μὴ’

2546 4119 2716 4192 ἀργὸς
2746 4116 2834 4188 εἴη
2856 4118 2891 4170 ὁ
2916 4114 3141 4177 δίκαιος,
3172 4111 3303 4183 μηδὲ
3339 4110 3618 4181 ἄπρακτος
3641 4107 3734 4162 καὶ
3759 4107 3964 4178 ἕρημος
3988 4105 4116 4192 ἀγα-

2721 4185 2834 4280 έχοι
2880 4206 2937 4259 δὲ
2968 4205 3085 4276 ἅμα
3131 4203 3306 4274 στόμα
3346 4200 3445 4272 τῆς
3491 4200 3743 4273 οὐρανίου
3794 4197 3984 4267 σοφίας
4019 4185 4119 4273 τῆν

2550 4303 2808 4375 μελέτην·
2849 4294 2917 4371 ἦς
2947 4296 3374 4368 μεταλαμϐάνων
3401 4293 3589 4365 ὥσπερ
3615 4290 3865 4364 οὐρανίου
3890 4289 4117 4363 τροφῆς.

2547 4396 2646 4468 τὴν
2681 4393 2859 4464 ψυχὴν
2900 4390 3115 4462 πρῶτος
3140 4388 3298 4453 αὐτὸς
3327 4386 3677 4457 δυναμοῦται,
3710 4380 3831 4439 εἶτα
3871 4384 3965 4438 κεί
3997 4382 4119 4436 ἑτέ-

2550 4505 2669 4564 ροις
2715 4481 2958 4559 χορηγεῖ.
3003 4483 3094 4536 Διὸ
3120 4482 3368 4536 λέλεκται
3392 4498 3405 4510 ·
3438 4480 3636 4548 Στόμα
3674 4476 3907 4533 δικαίου
3942 4477 4120 4546 μελε-

2550 4576 2723 4644 τήσει
2755 4575 3001 4645 σοφίαν,
3032 4570 3195 4655 καλὴ
3221 4569 3470 4641 γλῶσσα
3499 4566 3684 4622 αὐτοῦ
3712 4565 3969 4652 λαλήσει
4000 4565 4099 4634 api
4115 4598 4122 4605 -
4156 4604 4159 4607 -

2550 4686 2674 4725 σιν.
2722 4666 2892 4731 Εἰδὼς
2923 4667 3000 4731 δὲ,
3040 4666 3107 4719 δ’.
3140 4648 3185 4718 ⁷ί)
3233 4664 3395 4735 νόμος
3439 4661 3533 4715 τοῦ
3573 4659 3707 4715 Θεοῦ
3757 4648 4124 4729 πνευματικός

877 4781 933 4837 in
964 4781 1131 4837 corde
1155 4781 1273 4851 ipso
1302 4783 1436 4852 legis
1460 4746 1993 4863 contemplationem,
2020 4788 2075 4836 et
2094 4780 2214 4850 ejus
2238 4746 2439 4849 myste;

2478 4781 2522 4837 ι)
2551 4763 2688 4825 ἐστι,
2721 4758 3005 4831 συνήδεται
3034 4758 3092 4812 δὲ
3123 4755 3202 4827 τῷ
3232 4756 3381 4827 νόμῳ
3416 4751 3511 4805 τοῦ
3550 4750 3687 4805 Θεοῦ
3730 4749 3873 4806 κατά
3898 4748 3990 4802 τὸν
4017 4746 4124 4810 ἔσω

875 4875 1083 4931 riorum
1130 4872 1554 4946 profunditatem
1581 4872 1833 4948 excepit:
1867 4890 1931 4930 ac
1962 4882 2186 4946 propter
2240 4868 2449 4926 exerci-

875 4966 1139 5022 tationem
1188 4964 1501 5036 hujusmodi
1550 4982 1655 5020 non
1702 4965 2182 5037 supplantabuntur
2238 4975 2448 5033 gressus

875 5061 1012 5131 ejus,
1034 5059 1473 5132 quandoquidem
1503 5074 1729 5131 gressus
1757 5058 1878 5129 ejus
1899 5074 1931 5112 a
1955 5060 2186 5114 Domino
2212 5056 2454 5127 dirigen-

874 5151 976 5211 dos
1009 5170 1151 5222 esse,
1186 5154 1439 5225 superius
1480 5155 1686 5210 dictum
1721 5160 1828 5208 est.
1869 5152 2023 5219 Quod
2073 5153 2119 5207 si
2157 5151 2297 5209 forte
2324 5165 2453 5223 pec-

874 5257 1059 5313 cator,
1108 5248 1230 5320 ejus
1277 5247 1543 5323 profectui
1590 5247 1859 5312 invidens,
1895 5245 2124 5301 insidias
2173 5246 2297 5301 vita:
2330 5243 2452 5314 ejus

876 5343 1159 5407 struxerit,
1195 5344 1397 5398 stultus
1428 5356 1559 5397 sane
1604 5340 1845 5415 dicetur,
1897 5350 2007 5391 non
2034 5337 2311 5407 possibilia
2351 5351 2449 5405 ag-

877 5449 1122 5505 gressus.
1149 5433 1286 5489 Nam
1327 5436 1556 5505 magnus
1588 5432 1679 5488 ille
1710 5426 2131 5503 patronusejus
2167 5447 2271 5485 non
2308 5428 2454 5483 dere-

876 5528 1075 5599 linquet
1108 5544 1225 5581 eum
1249 5528 1305 5580 in
1326 5524 1566 5581 manibus
1588 5524 1701 5595 ejus
1721 5564 1737 5590 ,
1768 5540 1859 5579 nec
1886 5521 2159 5578 damnabit
2187 5538 2304 5577 eum
2332 5535 2452 5574 cum

870 5619 1199 5692 judicabitur
1244 5620 1346 5677 illi.
1397 5616 1757 5691 Symmachus
1802 5632 1967 5683 vero,
2017 5605 2143 5670 Nec
2175 5611 2454 5671 damnabit

877 5730 996 5768 eum
1034 5715 1088 5769 in
1109 5712 1337 5782 judicio.

954 6000 999 6033 "
1038 5996 1186 6055 Psal.
1220 6012 1350 6067 cui,
1383 5984 1473 6056 24.
1550 5999 1597 6032 ’⁸
1636 5994 1795 6054 Joan.
1828 6013 1879 6062 t,
1918 5996 2035 6055 1-5.

2551 4853 2858 4927 ἄνθρωπον,
2890 4855 2949 4907 ὲν
2974 4852 3111 4922 αὐτῇ
3146 4852 3213 4921 τῇ
3247 4846 3443 4917 καρδίᾳ
3465 4843 3628 4898 αὐτοῦ
3650 4844 3750 4916 τὴν
3779 4841 4008 4914 θεωρίαν
4031 4840 4125 4894 τοῦ

2551 4947 2717 5017 νόμου
2759 4946 2854 5001 καὶ
2886 4946 2947 4999 τὸ
2972 4944 3133 5016 βάθος
3177 4941 3287 4995 τῶν
3313 4943 3372 4993 ὲν
3412 4934 3562 5007 αὐτῷ
3591 4935 3903 5008 μυστηρίων
3936 4930 4125 4987 ὑποδε-

2554 5041 2737 5096 δεκται
2759 5056 2774 5071 ο
2804 5038 2892 5099 διὰ
2926 5037 2984 5091 δὲ
3024 5035 3228 5107 ταύτην
3260 5032 3359 5103 τὴν
3393 5030 3624 5100 ἄσκησιν
3650 5029 3763 5095 οὐχ
3798 5025 4126 5082 ὑποσκελι-

2557 5134 2850 5204 σθήσεται
2881 5130 2953 5185 τὰ
2991 5128 3321 5197 διαδήματα
3345 5122 3531 5178 αὑτοῦ
3556 5139 3569 5153 ’
3604 5120 3792 5191 ἐπειδὴ
3823 5116 3973 5189 παρὰ
4014 5118 4127 5171 Ku-

2560 5223 2676 5296 ρίου
2705 5222 2773 5277 τὰ
2798 5221 3113 5293 διαδήματα
3134 5215 3297 5272 αὐτοῦ
3321 5212 3759 5275 κατευθύνεσθαι,
3789 5209 3883 5263 καί
3911 5207 3998 5262 διά
4021 5205 4129 5261 τῶν

2558 5317 2816 5390 ἀνωτέρω
2858 5315 3124 5368 ἐλέλεκτο.
3171 5311 3235 5363 El
3278 5308 3333 5363 δὲ
3373 5306 3465 5361 καί
3502 5322 3629 5360 ποτε
3658 5302 3975 5377 ἁμαρτωλὸς
4011 5300 4127 5353 διας

2560 5409 2921 5481 φθονούμενος
2955 5408 3023 5478 τῇ
3058 5402 3220 5458 αὑτοῦ
3247 5402 3496 5476 προκοπῇ
3524 5395 3956 5452 ἐπιϐουλεύσειεν
3983 5390 4131 5462 αὐτῷ

2558 5502 2639 5567 εἰς
2671 5501 2921 5565 θάνατον,
2954 5500 3141 5571 ἄφρων
3173 5491 3326 5560 οὗτος
3355 5493 3672 5566 λεχθήσεται
3704 5489 3984 5551 ἀδυνάτοις
4013 5489 4129 5541 ἑπι-

2560 5594 2780 5667 χειρῶν.
2829 5594 2887 5645 '0
2935 5591 3044 5662 γὰρ
3101 5588 3275 5661 μέγας
3328 5584 3493 5641 αὐτοῦ
3547 5581 3859 5655 προστάτης
3914 5580 3986 5633 οὐ

2560 5665 2929 5758 ἐγκαταλίπῃ
2978 5682 3165 5747 αὑτὸν
3214 5684 3301 5747 εἰς
3352 5682 3457 5745 τὰς
3502 5676 3701 5746 χεῖρας
3751 5670 3960 5734 αὑτοῦ,
3983 5665 4133 5721 ὀὔδ’

2564 5783 2635 5836 οὐ
2654 5779 2741 5851 μὴ
2772 5775 3144 5845 καταδικάσῃ
3169 5777 3356 5829 αὐτὸν
3399 5773 3468 5826 ἐν
3504 5770 3585 5836 τῷ
3622 5758 4131 5851 κρίνεσθαιαὺτῷ.

2576 5874 2635 5929 ⁸0
2656 5848 3065 5944 δὲὝΣύμμαχος,
3092 5865 3244 5922 Οὐδὲ
3272 5861 3655 5922 καταδικάσει
3689 5848 4059 5927 κρινόμενον.
