4354 6396
271 504 365 558 δδι

1390 505 1887 561 COMMENTARIA
1922 506 1988 561 lN
2030 506 2369 562 PSALMOS.

3414 512 3519 566 3H
3560 528 3575 539 '

268 624 510 695 σαρκῶν
521 626 707 681 αὑτοῦ
726 627 822 681 καί
841 626 958 681 τῶν
978 628 1202 683 ὀστέων
1216 630 1422 684 αὐτοῦ.
1442 629 1577 681 Ἀλλ’
1592 630 1754 699 ἑτέρα
1766 646 1847 693 τις
1879 638 1922 693 Α
1950 649 1987 684 ει

1802 648 1847 693 ις
1879 638 1922 693 Α
1950 640 1998 684 et
2030 647 2152 684 ossa
2178 631 2290 699 ejus
2321 627 2595 683 “.Verum
2624 644 2728 680 una
2763 641 2960 682 manus
2988 635 3129 694 erat,
3144 634 3199 682 et
3219 626 3518 698 alimsagit-

268 716 335 790 ἦν
353 720 474 791 χεὶρ
488 720 581 772 καὶ
592 713 679 772 ἒτε
687 736 752 792 ρα
765 718 890 789 βέλη
909 720 1014 773 τῶν
1031 720 1244 791 σαρκῶν
1256 720 1417 773 αὐτοῦ
1435 719 1501 772 τὰ
1515 720 1613 773 καθ
1624 721 1845 791 ικόμενα

270 810 477 864 καὶτῶν
494 810 817 882 σωματικῶν
847 812 1217 883 ὑπαρχόντων·
1235 812 1465 864 ἐνταῦθα
1481 813 1523 865 δ’
1547 812 1847 881 ἐπειδήπερ

269 902 367 972 τὴν
388 902 565 973 ψυχὴν
581 898 748 973 αὐτὴν
764 902 1049 974 νενόσηκεν
1066 905 1093 956 ό
1108 902 1289 968 Δαυῖδ,
1305 904 1389 957 ἒτε
1397 922 1462 976 ρα
1480 904 1609 975 βέλη
1626 904 1729 958 καθ
1738 905 1847 958 ικέ-

270 993 392 1046 σθαι
416 992 581 1047 αὐτοῦ
601 995 877 1066 σημαίνει,
908 996 1000 1049 καὶ
1017 995 1210 1065 ἑτέραν
1230 999 1386 1066 χεῖρα
1408 997 1499 1049 τοῦ
1525 997 1657 1050 Θεοῦ
1680 993 1849 1068 ἧφθαι

266 1084 456 1150 αὐτοῦ,
498 1085 641 1153 καθά
695 1085 938 1157 ἔφθημεν
994 1086 1262 1150 εἰπόντες,
1322 1087 1390 1139 τὰ
1443 1087 1635 1156 λογικὰ
1685 1088 1845 1160 βέλη,

270 1176 547 1247 μᾶλλονδὲ
573 1177 770 1241 αὐτοὺς
802 1177 896 1230 τοῦ
947 1175 1082 1229 Θεοῦ
1132 1176 1322 1246 λόγους
1365 1178 1654 1242 νύττοντας
1686 1179 1848 1233 αὐτοῦ

265 1270 368 1341 τὴν
397 1269 599 1341 ψυχὴν,
649 1270 742 1323 καὶ
789 1268 887 1338 τὴν
947 1269 1251 1339 συνείδησιν
1286 1272 1456 1342 αὐτὴν
1490 1268 1850 1342 ’τιμωρουμέ-

268 1380 412 1426 νους.
444 1364 670 1432 Μήποτε
697 1362 754 1416 δὲ
808 1360 901 1413 καὶ
935 1361 1095 1414 αὐτὸν
1125 1362 1213 1416 τὸν
1246 1362 1487 1417 διάϐολον
1520 1365 1614 1417 καὶ
1645 1363 1713 1416 τὰ
1756 1363 1849 1416 τοῦ

272 1454 516 1507 ἶιαὸόλου
544 1453 913 1523 πεπυρωμένα
940 1452 1066 1531 βέλη
1100 1455 1169 1508 τὰ
1186 1454 1463 1523 παθητικὰ
1485 1454 1582 1508 καὶ⁵
1613 1456 1853 1526 ἐρωτικὰ

271 1547 335 1602 τὰ
389 1548 469 1611 είς
518 1545 811 1616 ἐπιθυμίαν
846 1546 1009 1600 αὑτὸν
1048 1545 1325 1615 ὲξάψαντα
1370 1548 1470 1616 τῆς
1514 1546 1608 1599 τοῦ
1656 1547 1850 1617 Οὐρίου

267 1639 524 1707 γυναικὸς
582 1638 871 1708 σημαίνει;
904 1631 979 1690 ὧν
1015 1638 1107 1690 καὶ
1154 1640 1182 1690 ό
1240 1637 1560 1701 Ἀπόστολος
1614 1636 1851 1689 διδάσκει

271 1731 440 1799 λέγων
459 1746 472 1759 ·
505 1726 862 1782 ’Λναλάϐετε
893 1726 1008 1796 τὴν
1023 1729 1369 1782 πανοπλίαν
1392 1728 1499 1781 τοῦ
1518 1728 1687 1791 Θεοῦ,
1706 1728 1854 1795 πρὸς

269 1821 331 1874 τό
378 1819 675 1873 δύνασθαι
721 1818 919 1872 πάντα
981 1818 1054 1871 τὰ
1095 1818 1491 1887 πεπυρωμένα
1537 1817 1697 1885 ,ϐέλὴ
1747 1818 1852 1871 τοῦ

268 1908 535 1979 πονηροῦ
562 1910 819 1974 σϐέσαι.
876 1911 1084 1982 ’Ὠσπερ
1131 1910 1188 1963 δὲ
1228 1910 1347 1964 Ἰὼό
1380 1911 1450 1966 τά
1476 1910 1562 1965 τοῦ
1604 1909 1851 1963 διαϐόλου

1952 732 2019 778 ta:
2048 739 2169 794 quae
2204 737 2426 778 carnem
2464 729 2519 776 et
2548 714 2812 790 corporea
2842 720 2962 790 ejus
3009 721 3351 791 attingebant
3383 739 3396 775 :
3432 720 3519 773 hic

1952 824 2132 870 autem
2177 815 2305 885 quia
2363 812 2534 866 David
2589 812 2769 866 anima
2800 810 3116 882 aegrotabat,
3149 827 3211 866 se
3240 812 3365 867 aliis
3392 824 3522 885 coii-

1950 907 2158 964 iossum
2219 907 2368 975 telis,
2428 906 2701 976 aliamque
2756 921 2977 959 manum
3035 903 3130 960 Dei
3176 920 3236 959 se
3276 880 3522 975 tetigisse

1949 1000 2239 1071 signiﬁcat,
2264 1002 2340 1053 uti
2375 999 2629 1069 superius
2648 997 2910 1063 diximus,
2942 996 3198 1050 nimirum
3231 995 3523 1049 rationabi-

1949 1091 2028 1145 les
2064 1090 2313 1160 sagittas,
2344 1089 2453 1142 imo
2474 1100 2604 1142 vero
2635 1088 2751 1155 ipsa
2791 1086 2885 1141 Dei
2919 1087 3106 1151 verba,
3130 1101 3250 1154 quae
3272 1085 3521 1161 animam

1950 1168 2286 1249 pungebant;
2310 1185 2363 1232 et
2397 1176 2465 1232 de
2504 1176 2844 1231 conscientia
2885 1177 3004 1246 ejus
3055 1178 3383 1247 supplicium
3429 1192 3521 1230 su-

1951 1270 2187 1324 mebant.
2219 1268 2359 1323 Num
2388 1268 2529 1323 forte
2558 1269 2736 1337 ipsum
2770 1268 3048 1323 diabolum
3069 1276 3120 1323 et
3146 1270 3311 1339 ignita
3336 1266 3523 1324 diabo-

1951 1359 1988 1413 li
2028 1361 2134 1415 tela
2168 1358 2420 1414 affectum
2447 1360 2744 1413 excitantia
2776 1366 2830 1414 et
2872 1360 3158 1425 amatoria,
3190 1374 3311 1429 quae
3344 1359 3523 1428 ipsum

1951 1449 2018 1503 ad
2052 1448 2553 1518 concupiscentiam
2598 1449 2785 1502 uxoris
2825 1446 2969 1502 Uria:
3016 1448 3408 1510 accendebant,
3438 1447 3525 1503 bis

1952 1540 2159 1594 indicat
2183 1540 2205 1591 ?
2238 1539 2306 1593 de
2336 1539 2536 1609 quibus
2563 1542 2677 1594 haec
2705 1541 2911 1593 monita
2938 1540 3031 1594 dat
3059 1539 3354 1609 Apostolus
3383 1558 3396 1593 :
3422 1540 3526 1593 Ac-

1952 1632 2105 1699 cipite
2132 1639 2466 1683 armaturam
2490 1629 2609 1695 Dei,
2626 1640 2682 1683 ut
2702 1631 2915 1697 possitis
2940 1633 3117 1684 omnia
3145 1632 3250 1684 tela
3272 1630 3527 1701 nequissi-

1953 1724 2024 1776 mi
2048 1724 2376 1792 exstinguere
2405 1722 2471 1776 ⁸⁸.
2498 1720 2968 1787 Quemadmodum
2999 1728 3179 1775 autem
3210 1718 3313 1774 Job
3335 1721 3528 1774 diabo-

1953 1815 1990 1869 li
2027 1804 2257 1885 sagittas
2287 1822 2339 1869 et
2367 1814 2615 1867 immissa
2645 1816 2861 1880 corpori
2893 1826 2993 1865 suo
3032 1813 3240 1874 ulcera,
3274 1812 3403 1881 quia
3434 1811 3525 1865 Dei

1954 1908 2225 1979 permissu
2265 1905 2604 1968 acciderant,
2635 1906 2864 1974 sagittas
2917 1902 3131 1958 Domini
3194 1904 3409 1957 vocavit
3453 1905 3528 1957 di-

266 2004 397 2075 βέλη
427 2004 522 2057 καὶ
544 2004 613 2057 τὰ
657 2003 787 2075 ἕλκη
816 2003 885 2058 τὰ
905 2003 1223 2057 ἐπιτεθέντα
1263 2003 1413 2075 αὺτῷ
1458 2002 1600 2059 κατὰ
1628 2004 1723 2057 τοῦ
1753 2003 1855 2057 σώ-
1885 1986 1926 2057 .B
1955 2016 1985 2054 c

1808 2003 1855 2057 ὒ-
1885 1986 1926 2057 .B
1955 1990 2086 2054 cens
2120 2012 2133 2052 :
2180 1994 2323 2050 Nam
2360 1998 2571 2067 sagitta:
2612 1994 2827 2048 Domini
2872 1996 2928 2047 in
2972 2008 3187 2061 corpore
3221 2008 3333 2045 meo
3383 2006 3527 2055 sunt.

266 2111 436 2166 ματος
459 2134 475 2158 ,
526 2093 713 2165 ἐπειδὴ
743 2092 887 2148 κατὰ
918 2092 1267 2165 συγχώρησιν
1305 2094 1515 2162 ἐγίνετο
1561 2094 1655 2148 τοῦ
1691 2092 1850 2157 Θεοῦ,

266 2184 395 2256 βέλη
424 2185 632 2257 Κυρίου
661 2185 943 2255 ὠνόμασεν
965 2184 1134 2237 εἰπών
1154 2202 1166 2214 ·
1203 2185 1359 2253 Βέλη
1395 2184 1505 2255 γὰρ
1536 2186 1755 2254 Κυρίου
1785 2186 1855 2238 ἐν

262 2274 346 2341 τῷ
373 2276 629 2345 στόματί
638 2292 756 2344 μου
790 2275 979 2338 ἐστὶν,
1008 2268 1085 2328 ὧν
1115 2279 1147 2329 ὀ
1175 2276 1360 2344 θυμός
1392 2274 1591 2336 αὐτῶν
1624 2276 1853 2331 ἐκπίνει

261 2387 377 2438 μου
438 2370 502 2422 τὸ
548 2364 720 2439 οἶμα·
778 2368 952 2432 οὕτως
987 2367 1134 2432 εἰκὸς
1178 2369 1271 2436 καὶ
1304 2368 1394 2422 τὸν
1431 2369 1592 2422 Δαυῒδ
1619 2369 1852 2423 ἐνταῦθα

267 2461 396 2532 βέλη
433 2461 637 2533 Κυρίου
691 2459 991 2531 εἰρηκέναι,
1028 2460 1146 2512 ἐπεὶ
1188 2459 1331 2513 κατὰ
1366 2461 1711 2532 συγχώρησιν
1756 2460 1849 2513 τοῦ

269 2555 475 2624 Κυρίου
499 2551 998 2622 κατεστρατεύσατο
1015 2550 1178 2604 αὑτοῦ
1204 2554 1231 2604 ὁ
1258 2553 1571 2617 ἀντίπαλος,
1597 2554 1682 2605 ἵνα
1707 2552 1851 2625 μάθῃ

270 2643 343 2714 μὴ
367 2645 577 2712 λέγειν·
600 2646 682 2697 Οὐ
715 2644 802 2711 μὴ
840 2642 1118 2697 σαλευθῶ
1160 2645 1247 2709 εἰς
1297 2644 1403 2697 τὸν
1438 2645 1639 2698 αἰῶνα.
1702 2644 1853 2695 Ἐπεὶ

266 2736 376 2806 γὰρ
432 2738 497 2807 τῇ
540 2735 724 2805 χάριτι
769 2733 863 2786 τοῦ
912 2733 1044 2786 Θεοῦ
1104 2734 1509 2805 δυναμούμενος
1578 2734 1718 2804 μέγα
1766 2731 1848 2800 ἐφ’

266 2826 446 2897 ἑαυτῷ
476 2826 740 2899 ἑφρόνησέ
758 2812 1011 2893 ποτε,ώς
1032 2826 1497 2880 ἀπαυθαδίσασθαι
1525 2827 1617 2879 καὶ
1641 2827 1848 2887 είπεῖν,·

279 2917 421 2986 Ἐγὼ
450 2917 519 2970 δὲ
549 2915 688 2971 εἶπα
715 2919 784 2971 ἐν
805 2915 879 2985 τῇ
902 2918 1144 2984 εὐθηι·ι’ᾳ
1171 2934 1318 2984 μου·
1350 2919 1430 2970 Οὐ
1458 2917 1543 2986 μὴ
1577 2915 1852 2970 σαλευθῶ

264 3012 353 3073 είς
400 3008 508 3061 τὸν
553 3008 770 3063 αἰῶνα·
804 3007 995 3060 τούτου
1024 3008 1181 3077 χάριν
1206 3008 1432 3070 εἰκότως
1464 3006 1735 3079 παρεδόθη
1775 3007 1852 3078 τῷ

266 3101 603 3174 πειράζοντι,
628 3101 707 3165 ὃς,
730 3101 829 3171 τῆς
875 3099 1052 3170 ψυχῆς
1090 3101 1253 3153 αὑτοῦ
1289 3100 1693 3170 καθαψάμενος,
1732 3117 1852 3170 μει-

268 3192 439 3259 ζόνως
486 3194 648 3248 αὑτὸν
681 3194 714 3265 ἢ
745 3194 835 3247 τὸν
874 3191 995 3245 ’1ὼὸ
1050 3193 1378 3263 ἐζημίωσεν.
1406 3194 1482 3261 ,Εί
1516 3194 1573 3246 δὲ
1616 3194 1665 3245 οἱ
1704 3193 1852 3262 λόγοι

265 3285 362 3339 τοῦ
387 3284 547 3349 Θεοῦ,
581 3286 629 3338 oi
678 3286 775 3356 τῆς
812 3285 1209 3355 δικαιοκρισίας
1243 3285 1403 3337 αὑτοῦ
1460 3285 1853 3355 ὑπομνηστικοὶ

267 3377 364 3431 καὶ
396 3377 492 3448 τῆς
551 3378 720 3450 ὀργῆς
746 3377 844 3448 τῆς
882 3380 994 3441 τοῖς
1020 3378 1430 3448 ἁμλρτάνουσιν
1463 3375 1851 3447 ὲπηρτημένης

264 3469 656 3531 διδασκαλικοὶ,
705 3468 873 3538 βελῶν
912 3471 1049 3521 εἰσιν
1094 3468 1364 3539 ὀξύτεροι,
1408 3468 1507 3538 τὴν
1548 3468 1849 3538 συνείδησιν

266 3548 552 3627 νύττοντες
574 3577 587 3598 ·
611 3561 705 3614 καὶ
728 3559 901 3623 οὕτως
924 3560 1097 3623 εἴποις
1123 3559 1188 3611 ἂν
1220 3559 1309 3611 τὸν
1339 3558 1521 3621 Δαυῒδ,
1544 3563 1656 3624 τοῖς
1686 3561 1852 3631 ἱεροῖς

266 3652 479 3716 τούτοις
492 3651 587 3704 καὶ
607 3651 773 3714 θείοις
790 3650 965 3720 βέλεσι
992 3651 1177 3705 κεντοῦ
1188 3668 1370 3721 μενον,
1397 3650 1634 3717 εὐλόγως
1655 3668 1851 3721 παραιο

266 3745 479 3809 τεῖσθαι
506 3745 597 3799 τὸν
619 3743 710 3798 διὰ
731 3744 823 3797 τοῦ
849 3744 1018 3815 θυμοῦ
1046 3743 1284 3814 ἔλεγχον.
1317 3742 1697 3814 Προσλαΰόντα
1721 3742 1849 3812 γὰρ,

268 3838 426 3906 φησὶ,
460 3836 562 3908 τὴν
589 3836 758 3908 ὀργὴν
783 3837 876 3889 καὶ
901 3836 991 3888 τὸν
1024 3834 1193 3906 θυμὸν
1227 3833 1296 3887 τὰ
1332 3831 1483 3903 παρὰ
1507 3830 1600 3884 σοῦ
1632 3832 1853 3886 καθικό-

272 3933 412 4002 μενά
442 3949 532 4001 μοι
568 3931 717 4002 βέλη,
775 3932 973 3995 ἱκανῶς
1009 3948 1076 4000 με
1112 3932 1456 3995 τιμωρεῖται,
1507 3929 1598 3980 καὶ
1641 3929 1928 4000 αὐτάρκως

270 4024 592 4097 ἔπαλληλων
622 4024 933 4095 συμφορῶν.

344 4139 468 4192 Οὐκ
514 4139 685 4193 ἐστιν
726 4138 891 4203 τασις
941 4136 1011 4189 ἐν
1044 4136 1115 4205 τῇ
1150 4138 1335 4205 σαρκί
1360 4154 1476 4206 μου
1512 4136 1630 4191 ἀπὸ
1676 4151 1854 4204 προσ-

267 4236 435 4289 ώπου
470 4231 582 4301 τῆς
626 4231 809 4302 ὀργῆς
857 4248 994 4295 σου,
1041 4233 1152 4285 οὐκ
1187 4231 1360 4285 ἐστιν
1394 4230 1601 4299 εἰρήνη
1629 4231 1698 4284 ἐν
1727 4231 1854 4296 τοῖς

270 4324 510 4389 ὀστέοις
535 4342 655 4394 μου
697 4323 815 4378 ἀπὸ
853 4321 1174 4391 προσώπου
1229 4321 1348 4376 τῶν
1386 4321 1683 4391 ἁμαρτιῶν
1709 4340 1849 4391 μου.

271 4417 385 4489 Τὴν
414 4415 524 4488 γὰρ
548 4414 733 4487 ’σάρκα
758 4431 881 4485 μου,
913 4412 978 4466 δι’
1002 4410 1071 4485 ἦς
1094 4414 1408 4485 πέπρακταί
1436 4432 1525 4485 μοι
1562 4416 1621 4466 τὸ
1669 4414 1851 4483 ἁμάρ-

270 4525 446 4580 τημα,
489 4491 741 4561 κολάσεσι
795 4504 1088 4574 παρέδωκα
1130 4508 1541 4578 τιμωρούμενος
1595 4508 1848 4577 ἐμαυτόν.

272 4600 448 4654 Τοῦτο
467 4598 578 4670 γὰρ
601 4598 695 4651 καὶ
726 4597 911 4667 ἐδήλου
938 4595 1002 4649 δι’
1028 4598 1229 4669 ἐτέρων
1251 4599 1423 4668 λέγων
1440 4617 1451 4628 ·
1489 4600 1597 4653 Καὶ
1618 4598 1855 4652 ’ἐταπεί-

1951 2107 2175 2163 quarum
2193 2091 2347 2159 [uror
2374 2089 2531 2143 ebibit
2558 2104 2730 2142 meum
2766 2089 3072 2157 sanguinem
3101 2087 3181 2152 '7;
3211 2087 3283 2139 ita
3332 2086 3529 2141 verisi-

1952 2184 2077 2237 mile
2116 2190 2200 2236 est
2232 2182 2354 2235 ideo
2390 2180 2650 2235 Davidem
2681 2180 2770 2233 hic
2797 2182 3029 2250 sagittas
3060 2178 3276 2233 Domini
3302 2177 3527 2239 dixisse.

1944 2277 2078 2345 quia
2121 2291 2188 2329 ex
2228 2273 2321 2329 Dei
2358 2288 2627 2327 concessu
2679 2273 2938 2327 inimicus
2975 2288 3098 2326 eum
3161 2271 3530 2344 oppugnabat,

1953 2376 2011 2421 ut
2034 2366 2303 2421 edisceret
2332 2382 2443 2421 non
2474 2366 2548 2418 ita
2574 2364 2906 2434 loquendum
2940 2379 3061 2419 esse
3093 2383 3105 2417 :
3146 2362 3272 2418 Non
3289 2366 3519 2418 movebar

1950 2460 2005 2511 in
2028 2467 2283 2513 a’ternum
2312 2458 2380 2511 ⁸⁸.
2406 2456 2547 2523 Quia
2576 2457 2723 2512 enim
2752 2456 3050 2525 aliquando
3082 2453 3178 2509 Dei
3216 2455 3389 2524 gratia
3422 2455 3532 2508 iul-

1953 2557 2042 2603 tus
2070 2564 2266 2619 magna
2294 2548 2362 2604 de
2391 2565 2451 2605 se
2482 2556 2754 2610 senserat,
2795 2549 2869 2601 ita
2919 2555 2978 2601 ut
3028 2554 3348 2617 arroganter
3378 2546 3533 2600 dice-

1950 2652 2032 2695 ret
2064 2661 2075 2695 :
2117 2640 2230 2711 Ego
2267 2654 2440 2695 autent
2475 2642 2590 2695 dixi
2624 2642 2679 2695 in
2704 2640 3038 2694 abundantia
3078 2657 3191 2692 mea
3223 2655 3240 2690 .·
3273 2638 3395 2693 Non
3420 2656 3534 2691 mo-

1951 2732 2102 2787 vebar
2158 2737 2213 2786 in
2253 2743 2508 2786 internum
2557 2734 2634 2796 '9;
2672 2732 2794 2786 ideo
2839 2734 2965 2800 jure
3007 2732 3264 2787 tentatori
3299 2731 3532 2784 traditus

1951 2835 2054 2885 est.
2087 2824 2179 2894 qui
2239 2825 2479 2877 animam
2528 2825 2650 2893 ejus
2698 2824 2955 2885 adortus,
2997 2823 3174 2893 majus
3224 2823 3327 2890 ipsi
3367 2806 3528 2893 quam

1950 2917 2086 2972 Jobo
2106 2917 2362 2970 damnum
2391 2917 2591 2970 intulit.
2627 2915 2781 2982 Quod
2812 2918 2856 2971 si
2881 2913 3306 2977 sermonesDei,
3338 2915 3433 2983 qui
3464 2914 3531 2969 de

1948 3010 2098 3080 justo
2124 3010 2245 3078 ejus
2265 3009 2477 3080 judicio
2504 3010 2828 3076 admouent,
2852 3017 2906 3063 et
2950 3006 3351 3077 imprudentem
3402 3020 3531 3073 pec-

1953 3103 2205 3157 cantibus
2237 3103 2373 3156 iram
2406 3102 2525 3173 ejus
2558 3102 2810 3165 edocent,
2839 3100 3053 3171 sagittis
3080 3096 3356 3152 acutiores
3380 3104 3529 3158 sunt,

1957 3204 2311 3267 punguntque
2361 3195 2787 3260 conscientiam;
2834 3208 2967 3248 sane
3021 3190 3227 3245 dixeris
3276 3187 3530 3242 Davidem
3575 3218 3579 3220 ν

1956 3289 2130 3343 sacris
2169 3289 2321 3343 hisce
2355 3302 2419 3342 ac
2462 3286 2666 3341 divinis
2712 3287 2929 3356 sagittis
2974 3286 3313 3349 confossum,
3345 3298 3529 3353 repre-

1957 3382 2274 3436 hensionem
2298 3395 2422 3433 cum
2456 3377 2640 3432 furore
2672 3378 2875 3431 illatam
2903 3378 3028 3445 jure
3057 3392 3366 3433 recusasse.
3396 3374 3530 3430 Nam

1955 3474 2062 3529 tela
2087 3473 2182 3527 abs
2216 3479 2269 3527 te
2298 3471 2429 3525 mihi
2470 3470 2738 3532 immissa,
2764 3470 2857 3535 ait,
2878 3484 2999 3538 qua:
3023 3470 3160 3522 iram
3196 3478 3249 3523 et
3292 3468 3531 3522 furorem

1954 3571 2109 3616 tuum
2154 3569 2570 3632 praeverterunt,
2606 3558 2937 3613 suliicienter
2982 3557 3050 3611 de
3083 3572 3171 3611 me
3206 3556 3531 3626 supplicium

1959 3662 2205 3717 sumunt,
2240 3667 2302 3705 ac
2331 3651 2466 3706 satis
2516 3666 2604 3705 me
2633 3650 2904 3721 castigant
2941 3671 2953 3704 :
2988 3649 3083 3704 sed
3114 3650 3283 3703 etiam
3336 3660 3533 3701 manus

1960 3753 2053 3798 tua
2105 3759 2202 3815 per
2243 3744 2423 3799 illatas
2467 3728 3176 3813 frequentercalamitates
3225 3753 3312 3793 me
3352 3739 3531 3793 conti-

1960 3838 2055 3904 git.
2474 3890 2479 3893 μ
2567 3823 2577 3831 ’

1966 3949 2033 4000 με
2069 3931 2320 3996 κολάζει·
2357 3931 2491 3984 ἀλλὰ
2517 3932 2609 3983 καὶ
2642 3933 2673 3999 ἡ
2706 3931 2825 3999 χείρ
2867 3948 2957 3984 σου
2992 3929 3273 4001 καθήψατο
3304 3925 3393 3980 διὰ
3426 3926 3535 3979 τῶν

2031 4134 2198 4189 Vsus.
2239 4133 2294 4188 4.
2336 4132 2457 4185 Non
2499 4141 2575 4184 est
2629 4130 2835 4183 curatio
2878 4130 2933 4182 in
2972 4145 3131 4183 carne
3175 4144 3291 4183 mea
3330 4145 3369 4187 α
3398 4128 3536 4198 facie

1958 4228 2053 4281 ira:
2095 4236 2218 4290 tute,
2248 4236 2297 4280 et
2341 4242 2445 4280 non
2473 4234 2550 4279 est
2586 4239 2692 4291 pax
2719 4222 2929 4278 ossibus
2966 4223 3095 4276 meis
3125 4238 3157 4273 a
3187 4220 3323 4290 facie
3350 4236 3536 4289 pecea-

1958 4329 2132 4373 torum
2178 4334 2432 4371 meorum.
2475 4317 2708 4372 Carnem
2747 4314 2948 4383 quippe
2986 4327 3184 4377 meam,
3207 4326 3313 4381 qua
3342 4326 3536 4382 pecca-

1957 4419 2071 4462 tum
2106 4408 2324 4473 admisi,
2355 4405 2639 4476 suppliciis
2673 4403 2893 4469 tradidi,
2926 4400 3187 4455 ultionem
3226 4400 3294 4454 de
3323 4415 3409 4454 me
3444 4417 3536 4453 su-

1960 4516 2133 4555 mens.
2168 4500 2283 4555 Hoc
2313 4501 2459 4553 enim
2513 4501 2565 4553 in
2617 4498 3005 4565 aliisaquoque
3036 4493 3173 4545 locis
3209 4492 3535 4562 signiﬁcavit

1960 4592 2151 4647 dicens
2187 4610 2203 4643 ι
2232 4589 2301 4643 Et
2329 4587 2676 4641 humiliabam
2706 4587 2760 4639 in
2783 4584 2989 4655 jejunio
3024 4586 3259 4635 animum
3276 4598 3443 4634 meam
3462 4584 3529 4645 9°;

273 4709 427 4749 νουν
447 4690 782 4757 ἐν’νηστείᾳ
806 4686 921 4755 τὴν
941 4687 1152 4755 ψυχήν
1166 4707 1305 4758 μου·
1337 4692 1450 4754 καὶ,
1467 4693 1536 4744 Ἠ
1559 4689 1717 4759 σάρξ
1737 4709 1856 4759 μου
1888 4719 1933 4773 D
1962 4696 1992 4773 ε

1808 4710 1856 4745 ›υ
1888 4719 1933 4773 D
1962 4690 2016 4736 et
2049 4702 2061 4735 :
2107 4680 2246 4736 Caro
2304 4694 2420 4732 mea
2453 4679 2735 4730 immutata
2774 4685 2853 4730 est
2893 4683 3103 4745 propter
3132 4674 3302 4726 oleum
3338 4674 3527 4737 ‘*‘;et:

273 4784 575 4854 ἠλλοιώθη
589 4782 661 4835 δι’
682 4781 908 4836 ἔλαιον·
936 4781 1052 4843 καὶ,
1073 4782 1477 4852 Ἐπελιιθόμην
1509 4783 1615 4837 τοῦ
1647 4784 1859 4853 φαγεῖν
1888 4762 1928 4773 ”
1965 4770 1992 4827 C

1813 4785 1859 4837 ῖν
1888 4762 1928 4773 ”
1965 4770 2173 4827 Oblitus
2203 4785 2320 4823 sum
2356 4765 2629 4821 comedere
2660 4782 2849 4836 panem
2882 4781 3049 4820 meum
3076 4780 3109 4816 a
3137 4762 3272 4832 facie
3310 4762 3532 4831 gemitus

276 4875 574 4945 τὼν-ἄρτον
588 4893 707 4945 μου
731 4873 847 4928 ἀπὸ
876 4871 1199 4941 προσώπου
1229 4874 1336 4927 τοῦ
1364 4875 1700 4945 στεναγμοῦ
1714 4894 1856 4945 μου,

278 4968 373 5021 καὶ
418 4967 521 5019 ὅσα
571 4963 814 5019 τοιαῦτα.
871 4962 1014 5017 Ἀντὶ
1056 4962 1113 5015 δὲ
1164 4961 1272 5027 τῆς
1308 4957 1507 5033 ὀργῆς,
1557 4965 1860 5035 συμφώνως

290 5057 522 5121 Ἀκύλας
571 5056 666 5111 καὶ
714 5058 744 5109 ό
798 5048 1111 5126 Σύμμαχος,
1154 5054 1322 5126 ,Ἇ-τὸ
1374 5056 1701 5122 προσώπου
1748 5057 1859 5125 τῆς

276 5147 682 5217 ἑμόριμήσεώς
731 5163 869 5213 σου,
916 5148 1288 5218 ἡρμήνευσαν.
1330 5146 1595 5216 Ἀπήρκει
1623 5150 1732 5219 γάρ
1767 5166 1858 5219 μοι

279 5240 316 5309 ἡ
344 5238 454 5292 ἀπὺ
471 5239 582 5293 τῶν
611 5238 719 5293 σῶν
752 5238 909 5292 θείων
940 5237 1172 5310 Γραφῶν
1204 5236 1555 5307 ὲμϐρίμησις,
1584 5239 1678 5291 καὶ
1707 5242 1741 5309 ἡ
1767 5240 1855 5293 διὰ

279 5328 376 5382 τοῦ
415 5327 709 5399 προσώπου
763 5329 950 5384 Ναθὰν
998 5320 1218 5400 ἀπειλή.
1264 5328 1408 5380 ’Λντὶ
1435 5326 1492 5378 δὲ
1519 5327 1613 5381 τοῦ
1643 5346 1656 5359 ·
1689 5310 1694 5317 ³
1721 5330 1855 5384 Ἀπὸ

282 5414 605 5501 προσώπου
635 5417 752 5472 τῶν
785 5419 1083 5489 ἁμαρτιῶν
1120 5438 1259 5488 μου,
1288 5422 1317 5471 ὁ
1343 5419 1635 5489 Σύμμαχος
1656 5422 1854 5492 λήρμήα

281 5523 459 5574 venae,
520 5508 758 5576 Διὰ-τὰς
810 5509 1093 5578 ἁμαρτίας
1143 5528 1276 5577 μου.
1335 5510 1568 5561 Ἄτοπον
1612 5510 1670 5562 δὲ
1705 5511 1858 5563 οὐδὲν

282 5602 418 5656 ὀστᾶ
437 5600 565 5664 τοὺς
587 5601 819 5664 οἰκείους
841 5601 1153 5655 ἀποκαλεῖν.
1186 5604 1248 5655 Εἰ
1278 5584 1386 5673 γάρ
1412 5603 1578 5671 ἐσμεν
1612 5602 1857 5675 ἀλλήλων

287 5692 447 5765 μέλη,
474 5693 568 5747 καὶ
598 5692 674 5755 ὡς
703 5691 784 5745 ἑνὶ
827 5690 1028 5755 πάντες
1062 5692 1520 5762 κατελογίσθημεν
1563 5692 1773 5763 σώματι
1795 5691 1856 5744 τὸ

1963 4866 2062 4918 mei
2088 4865 2155 4928 θ’,
2183 4870 2238 4916 et
2266 4859 2485 4916 similia.
2516 4858 2623 4913 Pro
2663 4868 2845 4915 autem
2896 4859 3015 4921 irae,
3044 4855 3238 4927 Aquila
3287 4861 3341 4907 et
3370 4850 3533 4923 Sym-

1961 4954 2209 5017 machus,
2246 4968 2279 5005 a
2317 4952 2453 5020 {acie
2481 4948 2722 5021 fremitus
2779 4951 2878 5014 tui,
2910 4948 3164 5005 similiter
3192 4944 3532 5013 interpretati

1962 5057 2109 5103 sunt.
2144 5044 2292 5098 Satis
2318 5043 2519 5113 quippe
2544 5043 2680 5097 mihi
2715 5048 2836 5097 erat
2871 5039 3125 5094 fremitus
3158 5035 3249 5089 ille
3274 5032 3368 5105 qui
3389 5033 3531 5089 divi-

1960 5137 2048 5193 nis
2080 5134 2381 5203 Scripturis
2406 5136 2517 5188 tuis
2562 5132 2900 5192 enuntiatur,
2927 5135 2983 5182 et
3031 5125 3408 5180 interminatio
3436 5138 3534 5193 per

1960 5229 2174 5303 Natban
2206 5228 2530 5298 prophetam
2587 5224 2753 5278 facta.
2804 5220 2913 5275 Pro
2952 5219 3047 5273 illo
3098 5224 3302 5283 autem,
3335 5233 3368 5270 a
3396 5216 3532 5284 {acie

1960 5328 2293 5391 peccatorum
2335 5323 2601 5378 meorum,
2653 5311 3037 5383 Symmachus,
3074 5320 3285 5379 propter
3318 5317 3531 5376 peccata

1960 5429 2095 5477 mea,
2133 5400 2519 5483 interpretatus
2577 5413 2681 5461 est.
2735 5404 2880 5458 Nihil
2914 5418 3078 5473 porro
3126 5398 3420 5455 absurdum
3448 5408 3533 5451 est

1958 5518 2084 5561 ossa
2107 5502 2441 5560 domesticos
2461 5514 2679 5554 vocare.
2706 5496 2843 5552 Nam
2868 5498 2912 5552 si
2945 5497 3081 5551 alter
3100 5493 3323 5548 alterius
3356 5505 3534 5546 meru-

1961 5597 2058 5652 bra
2074 5576 2301 5661 sumus,
2336 5604 2391 5650 et
2418 5591 2578 5663 quasi
2611 5591 2669 5646 in
2711 5605 2880 5645 unum
2919 5598 3340 5656 eorpusomnes
3381 5599 3532 5638 com-

1962 5691 2267 5757 pingimur.
2297 5690 2445 5744 certe
2478 5700 2604 5742 ossa
2640 5684 2887 5754 singulos
2918 5680 3076 5736 nobis
3126 5679 3405 5748 proximos
3434 5691 3532 5744 ap-

358 5874 411 5946 ⁸ξ
442 5872 548 5946 Job
580 5890 652 5941 ιι,
686 5874 738 5929 5.
769 5943 780 5946 Α
808 5838 809 5841 Ἰ
834 5873 880 5906 ³⁸
918 5871 1148 5946 Ενῃεεηι
1174 5887 1260 5935 τι,
1313 5875 1410 5946 13.
1488 5830 1539 5909 ⁸⁷,
1570 5874 1670 5932 Job
1703 5892 1788 5942 Vl,
1845 5864 1920 5933 4.‘
1973 5876 2017 5909 ⁸⁸
2055 5873 2200 5932 Psal.
2258 5886 2423 5937 nix,
2481 5867 2536 5925 7.
2612 5866 2657 5899 "
2694 5864 2826 5923 ibid.
2923 5861 2966 5893 ’°
3004 5858 3167 5917 Psal..
3191 5872 3391 5937 XXII“.
3440 5852 3553 5919 13..

300 5942 337 5973 ³¹
377 5941 521 6003 Psal.
557 5935 686 6000 cviu
711 5985 723 6006 .
758 5943 847 6002 24.
894 5935 979 5978 ου’
1007 5935 1152 6002 Ρειιιῖ
1183 5958 1268 6009 ει,
1308 5944 1360 6000 5.
