4354 6400
822 501 929 555 345

1506 502 1773 562 ECSEBII
1812 504 2294 563 CESARIENSIS
2326 503 2476 561 OPP.
2517 504 2697 561 PARS
2731 505 2818 561 Ill.
2855 538 2920 549 —
2958 504 3365 565 EXEGETICA.

3965 511 4077 562 3M

824 616 1028 687 pellare
1056 622 1327 673 convenit.
1352 618 1618 675 Caeterum
1646 622 1762 677 haec
1798 638 1907 677 non
1944 624 2035 678 uni
2072 630 2266 679 sancto
2289 620 2393 676 Da-
2420 630 2463 685 Α
2493 623 2543 675 ἀγ

2354 638 2393 675 l-
2420 630 2463 685 Α
2493 623 2773 693 ἀπεῖργον,
2802 622 2895 676 καὶ
2915 623 3049 677 ὀστᾶ
3079 624 3205 685 τοὺς
3230 622 3368 675 κατὰ
3404 620 3569 693 μέρος
3602 620 3697 675 καὶ⁵
3725 621 4073 692 χρειωδιστά-

824 706 935 763 vidi
970 709 1261 778 contigisse
1289 710 1545 775 dicimus,
1578 713 1672 768 sed
1705 715 1869 769 etiam
1892 714 2078 771 multis
2105 716 2267 782 aliis;
2289 715 2400 770 imo

824 812 953 853 vero
983 797 1250 870 hodieque
1279 801 1488 857 sanctis
1522 801 1657 857 viris
1712 802 1950 873 idipsum
2001 804 2057 859 in
2096 804 2401 860 tentatione

822 890 1040 945 accidit.
1072 890 1206 946 Nam
1258 892 1644 962 inexspectata:
1697 895 2020 966 plerumque
2051 895 2399 951 calamitates

821 982 1164 1050 oboriuntur,
1197 992 1256 1038 ut
1289 984 1626 1043 tolerabilius
1676 987 1748 1043 sit
1788 988 1991 1043 bellum
2050 988 2129 1042 ab-
2162 987 2402 1043 inimicis

819 1072 1030 1129 illatum
1058 1074 1489 1145 propinquorum
1542 1076 1767 1147 impetu,
1794 1093 1935 1147 quos
1994 1076 2238 1132 diximus
2276 1092 2403 1133 ossa

820 1166 1029 1236 tropice
1077 1174 1295 1227 vocatos
1334 1184 1475 1225 esse.
1506 1168 1664 1235 Quod
1717 1171 1763 1226 si
1802 1170 1918 1225 hac
1964 1160 2222 1225 omnibus
2253 1184 2403 1223 com-

818 1258 1030 1321 munia,
1064 1260 1373 1316 communis
1421 1260 1680 1317 omnibus
1742 1277 1874 1316 sane
1936 1260 2101 1316 fuerit
2130 1259 2403 1315 orationis

818 1349 1041 1405 modus.
1078 1350 1316 1407 Cuilibet
1339 1368 1576 1422 namque
1607 1353 2004 1408 tentationibus
2036 1352 2305 1422 impetito,
2338 1366 2403 1406 ac

818 1441 1060 1507 defesso,
1092 1444 1445 1515 cupientique
1487 1445 1942 1516 tranquillitatem
1975 1458 2004 1497 a
2053 1442 2161 1500 Deo
2187 1444 2403 1499 obtine-

822 1548 901 1596 re,
938 1532 1054 1588 liaac
1091 1536 1335 1604 precatio
1359 1535 1641 1600 convenit.

890 1625 1054 1683 Vens.
1106 1627 1140 1681 5
1176 1657 1201 1668 ο
1251 1628 1336 1685 12.
1393 1628 1658 1696 Quoniam
1702 1628 2003 1699 iniquitates
2050 1644 2175 1683 mea
2217 1642 2402 1695 super-

816 1737 1011 1791 gressa:
1064 1731 1183 1775 sunt
1222 1732 1376 1790 caput
1418 1739 1609 1787 meum,
1646 1722 1782 1776 sicut
1837 1740 1968 1777 onus
2013 1738 2167 1793 grave
2199 1738 2395 1793 grava-

818 1824 887 1867 ιω
941 1824 1064 1869 sunt
1119 1829 1274 1883 super
1331 1831 1431 1870 me.
1495 1814 1821 1869 Putruerunt
1884 1828 1932 1869 et
1985 1821 2243 1881 corrupta
2282 1821 2402 1867 sunt

817 1907 1089 1961 cicatrices
1135 1923 1283 1963 meae.
1324 1906 1421 1962 llis
1451 1907 1735 1968 docemur,
1767 1922 1836 1961 ne
1876 1906 2016 1960 mala
2056 1905 2398 1960 occultemus

2498 726 2623 772 τους
2659 710 2891 781 μάλιστα
2920 711 3120 779 λέγειν.
3170 710 3317 781 Πλὴν
3338 709 3459 780 οὐχὶ
3491 710 3637 782 μόνῳ
3668 709 3839 764 ταῦτα
3863 711 4076 783 συμϐῆ-

2500 802 2588 855 ναί
2623 819 2800 872 φαμεν
2838 802 2917 874 τῷ
2951 802 3225 872 θεσπεσίῳ
3258 801 3440 865 Δαυῖδ,
3480 800 3615 855 ἀλλὰ
3653 800 3763 871 γὰρ
3797 803 3888 854 καὶ
3922 802 4076 855 πλεί-

2503 910 2644 960 στοις
2669 896 2901 967 ἑτέροις·
2927 895 3125 967 μᾶλλον
3146 895 3202 948 δὲ
3225 896 3320 948 καὶ
3348 895 3426 958 είς
3445 892 3603 965 δεῦρο
3630 893 3924 965 πράττεται
3952 910 4077 947 πει-

2505 986 2815 1058 ραζομένων
2843 988 3031 1056 ἁγίων.
3090 986 3377 1059 Ἀδόκητοι,
3414 984 3523 1058 γὰρ
3564 984 3908 1056 περιστάσεις
3947 986 4077 1038 ἁνα-

2504 1078 2723 1149 φῦονται
2771 1080 3050 1144 πολλάκις,
3106 1080 3245 1134 ὥστε
3292 1078 3751 1151 δυσφορητότερον
3797 1072 3936 1130 εἶναι
3980 1076 4075 1130 τοῦ

2502 1170 2631 1240 παρ’
2659 1169 2867 1243 ἐχθρῶν
2896 1171 3131 1241 πολέμου
3154 1170 3253 1235 τὰς
3278 1170 3384 1223 τῶν
3415 1168 3631 1223 οἰκείων
3657 1168 4075 1231 ἐπαναστάσεις,

2500 1260 2594 1324 οὓς
2620 1261 2713 1315 καὶ
2737 1262 2870 1314 ὁστᾶ
2885 1279 3066 1332 φαμεν
3086 1262 3399 1331 ὠνομάσθαι
3418 1259 3715 1335 τροπικῶς.
3736 1257 3874 1317 ΕΙ,δέ
3904 1257 4077 1311 ᾰπασι

2500 1353 2671 1411 ταῦτα
2705 1354 2877 1419 κοινὰ,
2904 1354 3079 1417 κοινὸς
3110 1354 3175 1407 ἂν
3212 1338 3299 1424 εἴη
3332 1353 3545 1408 πάντων
3579 1352 3677 1423 τῆς
3710 1350 4017 1421 προσευχῆς
4048 1350 4078 1403 ό

2499 1446 2717 1516 τρόπος.
2732 1446 2899 1501 Παντὶ
2915 1446 3021 1519 γὰρ
3037 1446 3266 1519 ἁρμόζει
3286 1444 3661 1517 πειραζομένῳ
3685 1444 3778 1498 καὶ
3792 1443 4074 1513 κάμνοντι,

2500 1536 2803 1609 γλιχομένῳ
2830 1556 2888 1591 τε
2922 1540 3102 1608 τυχεῖν
3136 1539 3471 1609 ἡμερότητος
3498 1537 3597 1607 τῆς
3622 1536 3772 1607 παρὰ
3795 1533 3951 1587 Θεοῦ.

2573 1631 2701 1684 "Ott
2751 1633 2809 1685 αὶ
2861 1631 3099 1700 ἀνομίαι
3141 1629 3604 1701 μουὼπερῇραν
3653 1630 3767 1693 τὴν
3804 1626 4078 1697 κεφαλήν

2494 1742 2649 1793 μου,
2706 1723 2851 1778 ὡσεί
2907 1725 3154 1793 φορτίον
3176 1722 3338 1791 βαρὺ
3374 1723 3795 1791 ἐϐαρύνθησαν
3817 1721 3908 1775 ἐπ’
3948 1719 4073 1789 ἐμέ.

2500 1817 2894 1886 Προσώζεσαν
2921 1817 3020 1870 καί
3057 1815 3379 1883 ἐσάπησαν
3423 1819 3473 1869 οι
3494 1814 3782 1884 μώλωπες
3808 1831 3945 1883 μου.
3978 1812 4076 1867 Διὰ

2500 1908 2708 1965 τούτων
2770 1910 3010 1964 διδάσκει
3064 1910 3211 1979 ἡμᾶς
3267 1911 3295 1961 ὁ
3335 1907 3512 1975 λόγος,
3560 1907 3635 1977 μὴ
3694 1907 3956 1979 κρύπτειν
4005 1906 4074 1958 τὰ

818 2006 1148 2061 nostra.neu
1175 2006 1394 2069 peccata
1412 2014 1511 2053 ceu
1529 1999 1815 2068 quemdam
1840 1998 2111 2069 nigrorem
2139 2008 2190 2052 et
2213 2012 2398 2052 corru-
2432 1990 2474 2045 Β
2503 2006 2537 2059 ὲ,

2357 2013 2398 2051 ι·
2432 1990 2474 2045 Β
2503 2004 2713 2060 ἐαυτῶν
2747 2002 2913 2068 κακὰ,
2960 2002 3079 2074 μηδ’
3119 2000 3307 2072 ὥσπερ
3348 1999 3467 2053 τινὰ
3517 2000 3769 2071 μελανίαν
3794 2002 3888 2054 καὶ
3914 2000 4076 2071 σῆψιν

815 2096 1057 2166 ptionem
1080 2092 1343 2148 inintimo
1357 2092 1553 2146 anima:
1582 2089 1995 2145 concludamus.
2020 2089 2152 2146 Tota
2170 2091 2255 2145 die
2275 2107 2402 2145 con-

819 2192 1064 2245 tristatus
1098 2187 1450 2258 ingrediebar,
1480 2188 1729 2257 quoniam
1746 2189 1925 2243 anima
1950 2204 2065 2241 mea
2093 2190 2310 2257 impleta
2324 2198 2400 2244 est

819 2278 1160 2335 “lusionibus
1184 2276 1539 2333 illudentium.
1574 2277 1853 2348 Sic'porro
1883 2278 2181 2347 intelligas:
2200 2294 2323 2333 cum
2346 2278 2401 2333 in

818 2371 978 2426 titulo
1006 2369 1367 2441 signiﬁcasset
1382 2371 1649 2440 psalmum
1671 2370 1723 2424 in
1742 2372 2229 2425 rememorationem
2256 2387 2398 2437 esse,

817 2458 941 2529 jure
968 2460 1097 2514 illuc
1127 2460 1446 2523 remittitur,
1484 2466 1539 2515 et
1569 2474 1692 2530 qua:
1723 2459 1827 2515 sibi
1853 2460 1964 2529 jam
1994 2460 2123 2514 olim
2154 2462 2392 2531 contige-

822 2560 945 2607 rant
974 2550 1191 2622 repetit.
1218 2550 1385 2605 Docet
1412 2551 1539 2606 item
1562 2551 1780 2621 qualem
1811 2552 1866 2606 in
1886 2552 2252 2610 conditionem
2278 2562 2404 2625 post

822 2642 1037 2712 lapsum
1067 2638 1584 2709 pcccati‘devenerit
1612 2660 1623 2694 :
1651 2656 1757 2713 qua
1781 2643 1847 2697 de
1870 2658 2037 2699 causa
2062 2654 2227 2699 totam
2258 2646 2401 2701 hanc

822 2730 1225 2788 confessionem
1271 2731 1404 2787 edit.
1446 2730 1503 2787 In
1541 2734 1657 2789 haec
1703 2736 1909 2801 omnia,
1953 2737 2151 2808 inquit,
2206 2739 2397 2804 incidi,

822 2822 951 2892 quia
983 2819 1218 2891 quodam
1249 2828 1514 2892 tempore,
1548 2822 1653 2879 Cor
1685 2842 1857 2879 meum
1884 2826 2258 2882 conturbatum
2296 2838 2396 2895 est,

822 2923 871 2969 et
923 2910 1198 2982 dereliquit
1247 2929 1327 2967 me
1373 2917 1539 2969 virtus
1591 2933 1741 2981 mea,
1797 2927 1848 2971 et
1900 2918 2076 2973 lumen
2123 2920 2396 2975 oculorum

826 3021 1056 3060 meorum
1102 3015 1151 3059 et
1193 3005 1367 3075 ipsum
1408 3022 1511 3060 non
1551 3018 1665 3062 erat
1726 3025 1948 3065 mecum.
2012 3009 2145 3065 Nam
2191 3014 2399 3082 peccati

827 3108 1068 3168 tempore
1096 3096 1181 3151 vis
1218 3112 1336 3152 mea
1368 3097 1705 3165 intelligendi
1748 3114 1854 3154 non
1892 3116 2111 3170 parvam
2144 3117 2403 3174 perpessa

829 3199 916 3247 est
943 3187 1348 3252 confusionem,
1380 3190 1637 3259 perplexa
1682 3197 1736 3245 et
1768 3192 2062 3247 obscurata
2106 3196 2175 3249 ab
2205 3211 2271 3252 eo
2309 3198 2403 3267 qui

830 3280 1039 3353 peccati
1080 3281 1210 3335 mihi
1263 3289 1456 3335 auctor
1504 3282 1699 3339 fuerat.
1759 3283 1912 3341 Tunc
1966 3288 2166 3361 quippe
2201 3290 2401 3348 dereli-

2502 2090 2645 2151 κατά
2690 2094 2885 2165 βάθους
2923 2094 3023 2164 τῆς
3074 2092 3251 2163 ψυχῆς
3293 2092 3535 2162 συνέχειν
3592 2091 3660 2144 τὰ
3685 2092 4075 2162 ἁμαρτήματα.

2505 2190 2701 2255 Ὅλην
2748 2187 2862 2255 τὴν
2908 2186 3135 2256 ἡμέραν
3187 2182 3621 2253 σκυθρωπάζων
3672 2184 4075 2251 ἐπορευόμην,

2502 2278 2593 2333 ὅτι
2619 2280 2658 2346 ἡ
2686 2278 2855 2348 ψυχή
2883 2295 3002 2347 μου
3036 2274 3381 2341 ἐνεπλήσθη
3414 2271 3756 2342 ἐμπαιγμῶν
3774 2271 4080 2341 ἐμπαίζον-

2502 2387 2641 2425 των.
2674 2370 2907 2441 Νοήσεις
2935 2369 2991 2421 δέ
3038 2369 3131 2421 καὶ
3164 2366 3357 2429 οὕτως,
3394 2364 3979 2437 προεπισημηνάμενος
4020 2362 4078 2415 ἐν

2501 2462 2568 2533 τῇ
2604 2460 2917 2531 προγραφῇ,
2948 2458 3021 2524 ὼς
3072 2457 3180 2529 ἄρα
3220 2458 3304 2527 εἴη
3338 2458 3425 2523 είς
3454 2454 3812 2525 ἀνάμνησιν,
3855 2454 4080 2517 εἰκότως

2502 2547 2980 2618 άναπεμπάζεται,
3044 2549 3136 2600 καὶ
3180 2548 3246 2600 τὰ
3276 2546 3442 2600 πάλαι
3489 2541 3637 2613 αὑτῷ
3696 2542 4079 2613 συμϐεϐηκότα

2502 2638 2966 2709 ἐπαναλαμϐάνει.
3024 2639 3272 2692 Διδάσκει
3308 2654 3367 2689 τε
3412 2638 3468 2688 ἐν
3514 2630 3596 2698 οἷς
3622 2635 3832 2703 γέγονε,
3875 2632 3951 2702 τῷ
3979 2631 4079 2700 τῆς

2502 2732 2774 2805 ἁμαρτίας
2799 2732 2995 2803 όλίσθῳ
3024 2724 3429 2804 περιπεσὼν,οὒ
3463 2729 3621 2801 χάριν
3656 2728 3749 2781 καὶ
3774 2727 3871 2797 τὴν
3900 2728 4079 2779 πᾶσαν

2501 2828 2734 2880 ποιεῖται
2756 2824 3161 2895 ἐξομολόγησιν.
3186 2824 3277 2887 Εἰς
3304 2821 3475 2876 ταῦτα
3498 2821 3605 2893 γὰρ
3621 2820 3796 2876 πάντα
3825 2817 4079 2891 ἐλήλυθα,

2502 2917 2687 2987 φησιν,
2725 2917 3025 2989 ἐπειδήπερ
3072 2915 3248 2986 καιρῴ
3293 2933 3399 2969 τινι
3454 2916 3516 2970 Ἠ
3548 2912 3760 2983 καρδία
3792 2929 3911 2981 μου
3951 2911 4080 2964 ἐτα-

2494 3009 2712 3078 ράχθη,
2753 3009 2849 3062 καί
2895 3006 3274 3079 ἐγκατέλειπέ
3310 3024 3386 3077 με
3418 3008 3454 3075 ἠ
3493 3007 3668 3076 ἰσχύς
3705 3022 3845 3075 μου,
3881 3004 3975 3056 καί
4013 3000 4079 3053 τὸ

2502 3100 2629 3169 φῶς
2648 3100 2765 3153 τῶν
2781 3101 2973 3169 ὀφθαλ
2976 3099 3104 3170 μῶν
3117 3118 3258 3169 μου,
3284 3100 3377 3152 καί
3393 3099 3537 3153 αὐτὸ
3560 3100 3669 3152 οὐκ
3684 3095 3763 3168 ἦν
3770 3096 3895 3166 μετ’
3911 3092 4077 3163 ἐμοῦ.

2505 3195 2663 3248 Κατὰ
2698 3194 2808 3265 γάρ
2839 3194 2928 3247 τὸν
2961 3194 3059 3265 τῆς
3096 3192 3368 3264 ἁμαρτίας
3421 3191 3609 3261 καιρὸν
3646 3192 3706 3243 οὐ
3738 3187 3939 3260 μικρὰν
3981 3187 4082 3239 ὑπο

2506 3286 2719 3357 ἐμεινεν
2750 3284 2917 3338 αὑτοῦ
2942 3284 3183 3359 ταραχὴν
3205 3284 3264 3337 τὸ
3292 3282 3654 3353 διανοητικὸν,
3689 3279 3956 3351 συγχυθὲν
3990 3279 4083 3333 καὶ

830 3373 951 3443 quit
978 3387 1102 3427 eum
1134 3372 1307 3428 virtus
1346 3374 1468 3443 ejus
1496 3394 1507 3430 :
1534 3391 1645 3431 non
1679 3377 1822 3431 ultra
1848 3345 1999 3433 enini
2030 3345 2212 3439 dicere
2248 3394 2402 3455 pote-
2429 3345 2473 3407 C
2510 3345 2549 3434 σῖ

2363 3345 2402 3440 i-
2429 3345 2473 3407 C
2510 3345 2781 3434 σκπωθέν
2806 3379 2913 3431 ὑπὸ
2934 3345 3027 3430 τοῦ
3186 3345 3855 3447 ἁμαρτίαν-ἐνεργοῦντος,
3889 3371 3965 3435 ὼς
3990 3376 4082 3425 και

829 3472 934 3529 rat,
971 3463 1162 3520 Omnia
1195 3480 1408 3535 possum
1441 3467 1495 3521 in
1532 3484 1592 3523 eo
1612 3470 1701 3540 qui
1735 3486 1815 3524 me
1843 3471 2198 3541 confortat",
2227 3475 2406 3532 victus

828 3558 1039 3615 scilicet
1086 3573 1116 3614 a
1168 3568 1320 3615 motu
1363 3560 1553 3625 animi,
1609 3576 1674 3616 ac
1716 3562 1928 3621 viribus
1974 3564 2292 3623 destitutus.
2340 3566 2406 3624 Et

826 3663 958 3704 vero
988 3647 1134 3703 aliud
1182 3648 1463 3720 quidpiam
1515 3648 1648 3703 mihi
1677 3666 1937 3722 pergrave
1987 3655 2229 3712 oblatum
2275 3666 2401 3715 est:

828 3757 957 3797 nam
987 3742 1161 3797 lumen
1201 3743 1475 3797 oculorum
1515 3758 1768 3807 meorum,
1797 3744 1873 3815 (id
1902 3753 2020 3799 erat
2057 3748 2409 3816 propheticus

780 3904 783 3905 ν
829 3834 1076 3906 Spiritus,
1094 3836 1188 3905 qui
1218 3835 1413 3890 animae
1431 3834 1552 3905 ejus
1578 3835 1753 3890 visum
1786 3836 2138 3902 illustrabat),
2163 3850 2211 3893 et
2239 3839 2409 3907 ipsum

830 3941 938 3981 non
984 3934 1097 3977 erat
1141 3942 1343 3980 mecum
1366 3943 1384 3979 :
1416 3942 1504 3982 me
1528 3927 1729 3998 quippe
1772 3927 2089 3999 reliquerat,
2136 3944 2199 3985 ac
2227 3946 2409 3986 reces-

833 4024 1010 4083 serat;
1042 4018 1168 4087 quia
1209 4020 1265 4071 iu
1298 4019 1610 4074 malevolam
1644 4021 1878 4097 animam
1911 4039 2016 4077 non
2044 4024 2286 4079 introibit
2320 4042 2411 4079 sa-

832 4110 1050 4177 pientia,
1110 4126 1201 4163 nec
1236 4109 1493 4165 habitabit
1535 4113 1586 4166 in
1640 4100 1856 4183 corpore
1910 4115 2119 4171 subdito
2157 4118 2407 4184 peccatis.

835 4203 1067 4273 Spiritus
1112 4204 1250 4257 enim
1292 4213 1508 4258 sanctus
1546 4204 1839 4274 disciplinae
1882 4208 2095 4277 effugiet
2124 4208 2328 4273 dolum,
2362 4220 2412 4263 et

834 4298 1037 4367 auferet
1064 4314 1117 4353 se
1145 4315 1177 4352 a
1203 4297 1610 4369 cogitationibus
1638 4315 1753 4369 qute
1774 4310 1897 4353 sunt
1920 4303 2035 4355 sine
2056 4303 2325 4357 intellectu
2342 4303 2410 4357 9‘.

835 4392 949 4447 imo
977 4393 1141 4448 etiam
1180 4392 1273 4462 qui
1305 4399 1468 4448 antea
1506 4391 1670 4447 amici
1698 4399 1753 4447 et
1796 4395 2031 4463 proximi
2077 4396 2197 4465 ejus
2230 4384 2408 4459 erant,

836 4486 929 4557 qui
958 4500 1083 4539 cum
1111 4484 1230 4555 ipso
1253 4484 1402 4539 omni
1430 4492 1679 4554 tempore
1710 4483 2002 4555 degebant,
2036 4500 2101 4540 eo
2131 4486 2323 4542 relicto
2350 4488 2413 4542 de

834 4576 987 4649 longe
1030 4585 1311 4641 steterunt,
1361 4590 1481 4630 cum
1515 4576 1807 4646 nequirent
1854 4576 1997 4630 ultra
2048 4577 2150 4647 ipsi
2183 4576 2408 4643 adesse;

2507 3476 2587 3538 εἰς
2609 3472 2918 3545 ἀφροσύνην
2958 3472 3142 3523 πεσεῖν
3176 3471 3271 3523 καὶ
3309 3470 3567 3539 πράττειν
3584 3464 3893 3538 ἀφροσύνης
3927 3465 4079 3536 ἔργα.

2508 3566 2642 3621 Τότε
2671 3566 2727 3619 δὲ
2753 3565 2847 3619 καὶ
2872 3563 3258 3633 ἐγκατέλειπεν
3290 3561 3451 3615 αὑτὸν
3477 3562 3510 3632 ὴ
3544 3560 3696 3630 ἰσχὺς
3731 3558 3927 3612 αὐτοῦ’
3959 3559 4085 3611 oin:-

2507 3658 2587 3710 ἐτι
2609 3656 2718 3729 γάρ
2753 3651 2864 3720 οἷός
2888 3674 2947 3709 τε
2964 3653 3029 3726 ἦν
3060 3654 3238 3722 λέγειν
3256 3671 3268 3684 ’
3296 3653 3498 3707 Πάντα
3519 3653 3706 3721 ίσχύω
3725 3651 3794 3704 ἐν
3808 3649 3887 3715 τῷ
3915 3649 4086 3703 ἐνδυ-

2507 3750 2795 3819 ναμοῦντί
2815 3765 2913 3818 με,
2946 3747 3187 3817 νικηθεὶς
3218 3745 3322 3799 ὑπὸ
3349 3744 3441 3797 τοῦ
3470 3742 3673 3807 πάθους
3712 3744 3803 3797 καὶ
3833 3742 4087 3809 ἐξατονή·

2510 3856 2628 3902 σας.
2651 3840 2761 3893 Καὶ
2790 3837 2917 3892 ἄλλο
2944 3836 2999 3889 δέ
3033 3853 3109 3897 τι,
3134 3835 3285 3904 φησὶ,
3312 3833 3548 3904 χαλεπὸν
3575 3833 3699 3905 περὶ
3731 3832 3827 3902 ἐμὲ
3860 3830 4048 3898 γέγονε
4068 3846 4081 3857 ·

2514 3931 2587 3985 Τὸ
2639 3930 2747 4001 γὰρ
2806 3928 2929 3999 φῶς
2958 3927 3074 3982 τῶν
3108 3924 3430 3996 ὀφθαλμῶν
3454 3943 3573 3994 μου
3623 3924 3800 3993 (τοῦτο
3834 3921 3891 3974 δέ
3926 3917 3994 3991 ἦν
4028 3919 4089 3973 τὸ

2511 4022 2847 4097 προφητικὸν
2870 4020 3107 4091 πνεῦμα,
3134 4019 3195 4073 τὸ
3217 4018 3447 4089 φωτίζον
3469 4018 3629 4071 αὑτοῦ
3655 4017 3754 4086 τῆς
3784 4014 3960 4085 ψυχῆς
3991 4013 4086 4085 τὴν

2509 4119 2716 4190 ὅρασιν)
2753 4115 2848 4169 καί
2890 4114 3034 4169 αὐτὸ
3084 4116 3194 4167 οὐκ
3233 4110 3311 4183 ἦν
3329 4114 3453 4183 μετ’
3479 4102 3645 4181 ἐμοῦ,
3671 4108 3997 4177 καταλείψάν
4020 4124 4085 4177 με

2512 4212 2605 4264 καὶ
2631 4208 3020 4279 άναχωρῆσαψ
3050 4206 3169 4262 ἐπεὶ
3195 4208 3283 4273 είς
3310 4208 3683 4274 κακότεχνον
3721 4201 3933 4270 ψυχὴν
3978 4204 4087 4255 οὐκ

2511 4304 2918 4359 εἰσελεύσεται
2954 4302 3172 4370 σοφία·
3203 4298 3348 4355 οὐδὲ
3382 4295 3726 4362 κατοικήσει
3772 4295 3842 4349 ἐν
3864 4295 4088 4365 σώματι

2512 4394 2814 4463 κατάχρεῳ
2847 4394 3186 4462 ἁμαρτίαις·
3222 4392 3391 4461 ἅγιον
3420 4393 3525 4461 γὰρ
3550 4387 3791 4457 Πνεῦμα
3821 4387 4089 4451 παιδείας

2511 4488 2791 4559 φεύξεται
2824 4486 3028 4553 δόλον,
3070 4486 3170 4540 καὶ
3211 4481 3708 4548 ιίπαναστήσεται
3753 4484 3869 4538 ἀπὸ
3928 4486 4087 4549 λοτι-
4144 4544 4155 4553 _

2512 4578 2683 4649 σμῶν
2715 4576 3045 4632 ἀσυνέτων.
3086 4574 3249 4632 Ἀλλὰ
3277 4574 3371 4629 καὶ
3397 4574 3445 4625 οἱ
3470 4572 3732 4645 πρότερον
3754 4572 3919 4627 αὐτοῦ
3947 4572 4088 4641 φίλοι

836 4670 933 4727 sed
972 4669 1184 4739 procul,
1223 4666 1370 4720 illam
1414 4667 1573 4723 amici
1626 4671 1709 4723 sui
1758 4669 2122 4725 calamitatem
2156 4669 2409 4740 deplorao
2442 4695 2485 4753 υ
2514 4690 2555 4725 χι

2369 4688 2409 4723 ιο
2442 4695 2485 4753 D
2514 4672 2607 4725 καὶ
2668 4668 2892 4741 πλησίον
2932 4668 3117 4732 αὐτοῦ,
3167 4670 3216 4719 oi
3261 4665 3353 4718 τὸν
3386 4664 3676 4735 σύμπαντα
3718 4666 3909 4737 χρόνον
3943 4659 4088 4729 αὑτῷ

836 4761 987 4816 baut.
1015 4758 1249 4825 Quinam
1274 4757 1373 4821 illi,
1414 4758 1520 4811 nisi
1551 4760 1645 4828 qui
1682 4776 1855 4831 nuper
1881 4760 1949 4816 de
1983 4760 2142 4817 bonis
2175 4761 2296 4831 ejus
2320 4762 2410 4815 lte-

839 4853 1118 4915 tabantur,
1149 4849 1402 4905 videlicet
1434 4851 1611 4921 angeli
1635 4850 1762 4906 boni
1801 4866 1865 4906 ac
1896 4853 2131 4908 ministri
2175 4853 2290 4917 Dei,
2318 4854 2410 4923 qui

839 4945 907 5000 de
946 4944 1229 4999 hominum
1282 4944 1456 5000 salute
1494 4958 1604 4998 una
1649 4942 1885 5014 gaudere
1936 4945 2154 5000 solent?
2202 4946 2414 5012 Quibus

840 5036 1032 5106 procul
1078 5050 1166 5091 me
1213 5035 1432 5106 positis,
1488 5036 1579 5090 alii
1623 5036 1847 5107 quidam
1880 5039 2086 5106 peccati
2135 5048 2411 5105 auctores,

842 5142 1014 5198 prope
1053 5132 1279 5183 stantes
1305 5128 1412 5181 vim
1452 5126 1725 5184 faciebant
1765 5135 1822 5183 et
1874 5129 2069 5186 animae
2116 5133 2416 5190 illudebant

844 5233 995 5273 mete.
1031 5216 1097 5272 lli
1126 5234 1362 5291 namque
1390 5220 1520 5274 olim
1570 5221 1820 5277 sitientes
1854 5222 2173 5291 sanguinem
2210 5242 2414 5291 meum,

846 5320 1008 5383 atque
1053 5326 1082 5366 ο
1125 5309 1303 5383 longis
1350 5321 1500 5370 retro
1527 5314 1865 5383 temporibus
1905 5327 2258 5385 peroptantes
2307 5323 2420 5377 rui-

844 5419 971 5460 nam
992 5402 1179 5457 videre
1207 5418 1407 5469 meam,
1437 5405 1594 5475 quasi
1618 5406 2079 5475 opportunitatem
2104 5412 2271 5471 nacti,
2294 5426 2418 5465 cum

846 5498 1095 5553 viderent
1134 5495 1389 5553 virtutem
1435 5511 1611 5553 meam
1665 5512 1751 5553 me
1802 5498 2186 5569 dereliquisse,
2231 5512 2284 5558 et
2335 5504 2419 5558 lu-

847 5601 972 5643 men
1020 5588 1305 5642 oculorum
1352 5601 1597 5643 meorum
1641 5602 1671 5641 a
1720 5603 1807 5644 me
1843 5588 2159 5653 recessisse,
2205 5592 2413 5647 amicos

848 5693 1065 5750 quoque
1103 5687 1159 5735 et
1190 5680 1468 5749 proximos
1516 5681 1676 5751 longe
1721 5691 1983 5747 remotos,
2015 5681 2304 5737 confestim
2350 5685 2424 5739 ir-

852 5779 1078 5830 ruentes
1104 5773 1215 5829 vim
1249 5772 1521 5831 iaciebant
1552 5773 1747 5832 animae
1791 5790 1960 5842 mea;
1998 5789 2061 5831 ac
2093 5781 2278 5846 utpote
2318 5790 2427 5832 ma-

928 5955 974 5987 ”
1010 5952 1245 6025 Philipp.
1280 5970 1352 6022 iv,
1390 5953 1474 6012 l5.
1550 5954 1594 5988 "
1634 5952 1761 6027 Sap.
1802 5972 1855 6025 ι,
1888 5956 1940 6025 4,
1974 5956 2027 6013 5.

2519 4763 2787 4826 συνόντες,
2819 4761 3074 4822 ἐάσαντες
3096 4759 3257 4813 αὐτὸν
3280 4758 3579 4827 μακρόθεν
3599 4744 3891 4825 ἔστησαν,
3915 4750 4086 4807 οὐκέτ’

2518 4855 2666 4927 αὑτῷ
2699 4857 2933 4908 συνεῖναι
2958 4852 3279 4921 δυνάμενοι,
3308 4851 3584 4926 πόρρωθεν
3613 4850 3669 4904 δέ
3695 4846 4088 4916 ἀποκλειόμενοι

2519 4947 2594 5011 ὡς
2617 4948 2817 5000 οἰκείου
2844 4945 2996 5015 φίλου
3026 4942 3333 5013 συμφοράν.
3370 4942 3524 5007 Τίνες
3545 4943 3588 4996 δ’
3614 4938 3752 5012 ἦσαν
3789 4934 3932 4993 οὗτοι
3978 4936 4087 4990 ἀλλ’

2521 5039 2553 5110 ἢ
2602 5042 2651 5092 oi
2692 5040 2784 5092 ἐπὶ
2832 5042 2970 5110 τοῖς⁵
2999 5035 3281 5108 προτέροις
3310 5036 3534 5104 ἀγαθοῖς
3574 5033 3740 5088 αὑτοῦ
3789 5031 4088 5101 χαίροντες,

2522 5132 2740 5199 ἄγγελοι
2778 5132 2978 5203 δηλαδὴ
3006 5128 3201 5196 ἀγαθοὶ
3233 5130 3327 5183 καὶ
3359 5128 3660 5199 λειτουργοὶ
3692 5124 3850 5190 Θεοῦ,
3885 5125 3950 5195 τῇ
3985 5122 4091 5176 τῶν

2524 5224 2825 5294 ἀνθρώπων
2877 5222 3191 5293 συγχαίρειν
3237 5222 3487 5283 εἰωθότες
3527 5218 3809 5290 σωτηρίῃ
3858 5211 3959 5270 ⁷ον
3988 5233 4091 5287 μα-

2526 5316 2662 5388 κράν
2694 5335 2792 5387 μου
2823 5314 3146 5386 γενομένων,
3174 5315 3322 5369 ἄλλοι
3348 5314 3491 5376 τινες
3518 5313 3616 5383 τὴν
3653 5309 3926 5383 ἁμαρτίαν
3952 5310 4095 5378 ἐνερ-

2528 5407 2769 5475 γοῦντες,
2798 5408 3021 5481 πλησίον
3052 5422 3151 5475 μου
3181 5407 3481 5476 γενόμενοι,
3519 5402 3855 5469 ἐξεδιάζοντο
3886 5398 4093 5467 καὶτῆς

2526 5501 2662 5570 ἐμῆς
2691 5500 2864 5572 ψυχῆς
2914 5496 3261 5561 κατέπαιζον.
3302 5494 3472 5549 Πάλαι
3499 5494 3606 5565 γὰρ
3644 5485 3788 5547 οὗτοι
3839 5488 4094 5559 διψῶντες

2526 5590 2617 5644 τοῦ
2642 5593 2772 5662 ἐμοῦ
2794 5593 3038 5662 αἵματος,
3080 5590 3173 5641 καὶ
3204 5590 3266 5641 ἐκ
3313 5586 3536 5659 μακρῶν
3578 5586 3783 5658 χρόνων
3817 5579 4095 5651 εὐχόμενοι

2531 5682 2823 5736 θεάσασθαί
2859 5701 2957 5753 μου
2982 5680 3079 5748 τὴν
3111 5677 3333 5743 πτῶσιν,
3349 5679 3547 5733 dicavit
3573 5673 3764 5747 καιροῦ
3787 5670 4092 5740 λαόόμενοι,

2533 5775 2623 5829 ὅτε
2664 5771 2801 5829 εἶδον
2856 5771 3287 5831 καταλείπουσάν
3326 5788 3391 5844 με
3421 5770 3523 5843 τὴν
3554 5769 3727 5840 ἰσχὺν,
3763 5766 3858 5821 καὶ
3896 5762 3958 5817 τδ
3985 5757 4095 5830 φῶς
