4354 6410
336 488 446 572 διε
1468 510 1949 570 conuertunt;

2037 510 2078 566 Ν
2120 506 2457 565 PSALMOS.
3490 507 3592 562 346

333 634 754 708 τῶνὸρὶαλμῶν
807 652 906 709 μου
934 635 1294 708 ἁναχωρῆσὰν
1329 651 1453 706 μου,
1475 633 1601 697 τούς
1637 651 1696 687 τε
1729 630 1914 702 φίλους
1943 682 1949 694 ι

2035 629 2196 694 evoli,
2235 628 2396 683 locuti
2425 634 2548 682 sunt
2576 624 2710 681 mihi
2741 625 3021 688 vanitates,
3052 621 3233 679 malas
3274 623 3408 678 mihi
3446 625 3594 679 intus

339 727 433 781 καὶ
474 727 601 791 τοὺς
637 727 864 798 πλησίον
913 727 1129 799 μακρὰν
1175 726 1532 797 γενομένους,
1574 722 1915 794 παραχρῆμα

2035 716 2378 795 :ogitationes
2411 727 2800 791 suggerentes;
2831 718 2940 772 imo
2965 716 3131 772 etiam
3161 715 3349 771 dolose
3384 716 3597 772 denunt-

336 819 771 893 ἐπιπηδήσαντες
796 819 1136 884 ἐξεϐιάζοντο
1162 820 1263 891 τὴν
1294 819 1472 889 ψυχήν
1511 833 1612 887 μου
1643 832 1657 847 ³
1708 815 1802 868 καὶ
1840 814 1916 876 ὡς

2035 825 2210 871 centes
2262 828 2326 870 ac
2364 812 2729 882 decipientes,
2781 809 2940 880 quasi
2988 806 3055 863 ad
3090 808 3233 863 bona
3277 808 3598 863 inescabant

335 912 402 967 ἂν
432 914 741 968 ἐθελόκακοι
783 912 1099 982 ἐλά-λησάν
1139 929 1243 982 μοι
1293 911 1716 982 ματαιότητας,
1773 906 1919 960 ἔνδον

2026 921 2136 971 me,
2165 905 2295 959 dum
2328 903 2383 958 in
2417 913 2698 974 peccatum
2733 901 3100 957 detraherent.

337 1005 728 1081 ὑποϐάλλοντες
761 1022 861 1078 μου
887 1006 966 1069 εἰς
981 1004 1080 1075 τὴν
1102 1003 1280 1074 ψυχὴν
1303 1002 1570 1075 ματαίους
1596 997 1914 1069 λογισμούς·
1958 996 2095 1051 ἀλλὰ
2122 999 2214 1052 καὶ
2241 998 2340 1051 σὺν
2367 995 2504 1067 δόλῳ
2531 994 2806 1064 θέλγοντες
2839 993 2934 1048 καὶ
2974 993 3184 1047 ἁπατῶτ
3208 1009 3310 1057 τες,
3373 993 3448 1056 ὡς
3505 992 3598 1048 ἐπὶ

337 1096 562 1165 ἀγαθοῖς
586 1095 865 1161 ἐδελέαξον
894 1097 1248 1161 καθελκοντές
1292 1113 1358 1168 με
1385 1099 1466 1160 εἰς
1488 1097 1586 1168 τὴν
1616 1094 1912 1167 ἁμαρτίαν.

420 1192 565 1264 Ἐτὼ
604 1191 673 1248 δὲ
718 1194 861 1247 ὡσεὶ
923 1191 1122 1261 κωφὸς
1169 1193 1280 1246 οὐκ
1332 1190 1577 1260 ἤκουον,
1623 1181 1718 1244 ὂιαὶ
1768 1188 1913 1242 ὡσεὶ

335 1286 568 1353 Μανιος
617 1287 730 1340 οὐκ
776 1286 1033 1356 ἀνοίγων
1079 1285 1143 1337 τὸ
1173 1283 1368 1352 στόμα
1418 1283 1623 1337 αὑτοῦ.
1663 1283 1769 1336 Καὶ
1791 1283 1915 1350 ἐγε-

333 1379 534 1448 νόμην
561 1378 702 1432 ὡσεὶ
747 1377 1056 1444 ἅνθρωπος
1093 1377 1202 1429 οὐκ
1229 1375 1484 1438 ἀκούων,
1511 1375 1606 1427 καὶ
1631 1376 1740 1427 οὐκ
1761 1373 1918 1442 ἔχων

334 1472 406 1526 ἐν
457 1471 540 1538 τῷ
591 1473 841 1540 στόματι
896 1467 1082 1538 αὑτοῦ
1129 1466 1440 1536 ἐλεγμούς.
1495 1465 1646 1516 Ἐπεὶ
1687 1454 1915 1527 τούτοις,

337 1563 524 1633 φησὶν,
561 1562 712 1615 οὐδὲν
774 1557 917 1630 εἶχον
941 1560 1118 1629 λέγειν
1165 1558 1424 1628 αἰσχύνης
1457 1555 1882 1626 πεπληρωμένος
1902 1573 1913 1584 ·

334 1657 492 1711 οὐδὲν
524 1655 634 1725 γάρ
670 1670 760 1724 μοι
793 1652 949 1720 λόγος
999 1648 1065 1723 ἦν
1113 1651 1248 1722 πρὸς
1292 1647 1605 1716 ἀπολογίαν,
1633 1646 1741 1698 οὐδ’
1777 1643 1917 1715 εἶχόν

337 1759 460 1796 τινα
488 1744 597 1804 τοῖς
645 1739 858 1811 ἐχθροῖς
905 1737 1375 1811 προσφθέγγεσθαι
1409 1737 1558 1800 ams
1599 1737 1690 1788 ὑπ’
1740 1735 1918 1788 αὐτῶν
1953 1805 1959 1811 Ι

337 1832 720 1902 νενικημένος’
752 1832 850 1884 ούκ
895 1831 1116 1902 ἐμαυτῷ
1163 1830 1401 1903 θαρρῶν,
1436 1829 1541 1882 οὐδ’
1593 1827 1759 1900 ἄλλην
1799 1830 1920 1880 τινὰ

340 1925 448 1996 πρὸ
466 1921 760 1994 ὀφθαλμῶν
796 1922 1022 1994 θέμενος
1065 1923 1254 1977 ἐλπίδα
1301 1924 1334 1994 ἢ
1393 1924 1472 1987 σὲ,
1501 1923 1571 1977 τὰ
1601 1923 1701 1993 τῆς
1727 1923 1922 1984 ἰάσεως

341 2010 657 2081 ὑπέγραφον
681 2011 922 2084 ἐμαυτῷ.
966 2013 1121 2067 Ἐπεὶ
1170 2008 1260 2067 οῦν
1286 2013 1381 2067 ἐπὶ
1415 2013 1491 2066 σὲ
1528 2013 1782 2081 ἤλπισα,
1809 2015 1922 2067 Κύ-

338 2118 459 2170 ριε,
489 2103 529 2171 ή
585 2102 652 2156 δὲ’
677 2103 853 2169 ἐλπὶς
890 2107 962 2158 οὐ
1010 2108 1433 2175 καταισχύνει*
1475 2105 1563 2158 διὰ
1617 2105 1772 2158 τοῦτο
1809 2106 1922 2157 εἰσ-

339 2191 571 2266 ακούσῃ,
591 2193 671 2246 ὅτι
698 2193 926 2266 θελητὴς
955 2195 1138 2260 ἐλέους
1163 2191 1232 2260 εἴ,
1255 2196 1350 2249 καὶ
1373 2196 1432 2248 οὐ
1464 2195 1636 2259 θέλεις
1658 2195 1748 2248 τὸν
1770 2195 1925 2248 θάνα-

341 2303 433 2339 τον
471 2285 565 2340 τοῦ
618 2287 968 2356 ἁμαρτωλοῦ,
1021 2288 1096 2352 ὡς
1134 2290 1232 2364 τὴν
1275 2287 1564 2359 μετάνοιαν
1594 2287 1778 2342 αὑτοῦ.
1812 2287 1923 2351 Διὸ,

343 2375 572 2440 ἐλπίσας
617 2379 712 2431 ἐπὶ
762 2377 842 2442 σὲ,
877 2378 1109 2432 ἱκετεύω
1156 2379 1254 2450 τῆς
1298 2377 1447 2452 παρὰ
1483 2379 1576 2432 σοῦ
1629 2378 1929 2450 θεραπείας

341 2471 560 2539 τυχεῖν·
606 2468 850 2536 Μήποτε
905 2469 1236 2538 ἐπιχαρῶσί
1283 2474 1385 2539 μοι
1424 2474 1478 2525 οἱ
1533 2472 1734 2540 ἐχθροί
1783 2489 1921 2540 μου,

344 2564 498 2616 οὔπω
542 2564 640 2634 μὲν
689 2564 798 2633 γὰρ
851 2561 1128 2624 παντελῶς
1171 2562 1470 2633 ἐχάρησαν.
1506 2562 1925 2633 Ἐπιχαροῦνται

344 2655 400 2709 δὲ
419 2696 434 2720 ,
461 2656 510 2707 εἰ
549 2655 622 2726 μὴ
650 2655 867 2726 τύχοιμι
893 2653 985 2706 τοῦ
1017 2654 1109 2706 σοῦ
1161 2653 1362 2717 ἐλέους.
1410 2655 1550 2707 Ἀλλ’
1578 2655 1666 2708 ἵνα
1707 2653 1780 2724 μὴ
1808 2655 1927 2706 ἐπι-

345 2748 563 2820 χαρεῖέν
599 2765 688 2818 μοι
714 2747 764 2799 οἱ
790 2745 973 2818 ἐχθροί
1009 2762 1131 2818 μου,
1158 2747 1208 2798 οἱ
1237 2745 1334 2816 ἤδη
1359 2747 1452 2799 καὶ
1477 2745 1741 2817 πρότερον
1768 2747 1826 2797 ἐν
1845 2742 1924 2814 τῷ

349 2835 674 2908 σαλευθῆναι
702 2835 868 2898 πόδας
899 2852 998 2906 μου
1046 2836 1711 2907 μεγαλορρημονήσαντες,
1739 2833 1830 2886 ἐπὶ
1866 2832 1926 2885 σὲ

348 2927 675 2997 κατέφυγον,
701 2927 790 2980 καί
815 2944 992 2998 φημι·
1029 2926 1126 2995 Μὴ
1159 2928 1661 2997 καταισχυνθεὶην
1697 2928 1784 2992 εὶς
1821 2925 1927 2979 τόν

348 3020 554 3074 ιιιῶνα.
575 3020 650 3073 Οὐ
666 3020 774 3092 γὰρ
792 3019 967 3091 πάντη
991 3021 1386 3092 περιετράπην,
1419 3019 1539 3072 οὐδὲ
1569 3017 1769 3089 πτῶμα
1799 3017 1927 3072 ἔπε-

352 3129 444 3169 σον
467 3111 726 3177 τοιοῦτον,
755 3108 865 3166 οἷον
890 3114 937 3166 οἱ
964 3113 1268 3170 ἀποστάται
1299 3129 1392 3166 σου
1423 3111 1722 3178 γενόμενοι.

353 3312 461 3366 ΕΙΣ
480 3313 569 3367 ΤΟ
601 3313 820 3368 ΤΕΛΟΣ
848 3312 933 3365 ΤΩ
956 3310 1253 3380 ιΔιΘυΥΜ,
1280 3313 1410 3366 nm
1447 3313 1533 3365 ΤΩ
1564 3312 1763 3366 ΔΑΥΙΔ
1792 3312 1922 3365 AH'.

425 3481 631 3554 Πολλὴν
664 3484 721 3536 δὲ
774 3482 1072 3554 ἐμφέρειαν
1116 3480 1231 3551 ἔχει
1266 3482 1336 3536 τὰ
1383 3482 1442 3536 ἐν
1481 3485 1547 3553 τῇ
1595 3481 1932 3556 προκειμένῃ

353 3575 466 3646 ᾠδῇ
499 3559 768 3643 λεγόμενα
807 3579 920 3638 τοῖς
960 3571 1128 3644 ἐν’τῷ
1171 3573 1276 3646 πρὸ
1305 3573 1494 3626 τούτου
1529 3572 1747 3644 ψαλμῷ.
1792 3573 1931 3626 Ἀλλ’

353 3668 562 3725 ἐκεῖνον
596 3666 694 3736 μὲν
719 3667 748 3719 ό
783 3664 945 3719 Δαυῒδ
973 3664 1213 3735 ψάλλων,
1257 3666 1342 3730 εἰς
1367 3663 1720 3735 ἀνάμνησιν
1755 3661 1932 3735 ἐαυτῷ

357 3757 710 3822 συνέταττεν·
775 3753 924 3820 οὗτος
951 3756 1007 3810 δὲ
1052 3756 1152 3828 ιἤδη
1197 3757 1289 3812 καὶ
1335 3757 1553 3829 ἐτέρους
1598 3755 1933 3828 παραδίδωσι

354 3849 481 3912 τοὺς
503 3847 571 3902 τὰ
600 3849 762 3920 ὅμοια
788 3846 1122 3910 πεπονθότας
1152 3837 1321 3919 αὐτῷ,
1351 3847 1440 3900 διὰ
1474 3847 1573 3917 τῆς
1598 3845 1717 3917 ἴσης
1743 3845 1934 3918 ἐξομο-

356 3940 633 4010 λογήσεως
657 3939 852 4011 ζηλοῦν
871 3941 1032 3996 αὐτὸν
1082 3937 1176 3993 καὶ
1217 3939 1498 4010 μιμεῖσθαι
1538 3937 1808 3992 παιδεύων
1833 3955 1846 3968 ·
1883 3941 1935 3994 εἰ

362 4033 438 4104 μὴ
453 4033 562 4102 ἄρα
590 4033 652 4086 τὸ
680 4033 904 4104 Πνεῦμα
937 4035 997 4087 τὸ
1024 4033 1177 4103 ἅγιον
1205 4033 1293 4087 διὰ
1333 4026 1425 4084 τοῦ
1479 4029 1713 4102 ἰδιθοὺμ
1761 4029 1936 4085 ταῦτα

359 4122 449 4176 τὸν
476 4125 637 4179 Δαυῒδ
658 4125 905 4179 ἐδίδασκε
930 4125 1129 4193 λέγειν.
1176 4123 1399 4188 Ἦξίωτο
1429 4121 1534 4194 γὰρ
1577 4123 1672 4176 καὶ
1717 4123 1879 4187 αὐτὸς
1909 4126 1937 4176 ὁ

373 4214 605 4286 Ἰδιθοὺμ
634 4215 942 4285 πνεύματος
978 4213 1336 4286 προφητικοῦ.
1386 4212 1743 4284 Μανθάνομεν
1771 4213 1828 4266 δὲ
1851 4211 1940 4265 διὰ

361 4307 471 4362 τῶν
504 4309 902 4382 προκειμένων,
928 4309 1004 4372 ὡς
1049 4306 1158 4378 ἄρα
1191 4306 1454 4377 προσήκει
1501 4306 1729 4360 ἕκαστον
1763 4303 1938 4375 ἐαυτῷ

343 4400 722 4473 διαλέγεσθαι,
770 4402 905 4474 μηδὲ
955 4399 1269 4471 περιμένειν
1306 4400 1429 4462 τοὺς
1457 4397 1654 4464 ἔξωθεν
1691 4395 1940 4450 διδασκά-

363 4493 507 4560 λους,
561 4497 723 4549 αὑτὸν
750 4495 818 4548 δι’
864 4491 1058 4546 ἐαυτοῦ
1117 4491 1549 4565 προσομιλοῦντα
1593 4489 1672 4561 τῷ
1697 4485 1940 4558 λογισμῷ

365 4588 458 4641 καὶ
484 4589 551 4658 τῇ
587 4587 814 4657 διανοίᾳ..

435 4675 594 4735 Elaea
609 4695 623 4711 ο
653 4676 907 4742 Φυλείξω
929 4676 1035 4744 τὰς
1067 4675 1246 4741 ὁδούς
1259 4694 1396 4746 μου.
1420 4677 1555 4731 Κατ’
1580 4675 1761 4738 αὐτὸν,
1781 4673 1933 4744 φησι,

2115 4665 2280 4721 Vens.
2310 4662 2425 4727 2,5.
2443 4675 2451 4681 ’
2466 4660 2592 4712 ι)ἰαὶ

363 4770 456 4824 τὸν
481 4770 674 4842 καιρὸν
731 4767 825 4822 τοῦ
871 4765 1201 4838 πειρασμοῦ,
1235 4766 1684 4828 ἐπαναδαίνοντός
1726 4781 1816 4834 μοι
1845 4761 1942 4816 τοῦ

345 4862 465 4934 -τὴν
517 4861 792 4933 ἁμαρτίαν
835 4858 1207 4932 ἐνεργοῦντος,
1235 4855 1349 4926 ἐγὼ
1390 4858 1636 4927 ἔλεγον·
1695 4853 1945 4919 timidi-ﬁo)

365 4955 474 5022 τὰς
511 4953 692 5020 ὁδούς
721 4970 842 5022 μου
884 4950 988 5006 τοῦ
1017 4949 1105 5021 μὴ
1158 4947 1519 5018 ἁμαρτάνειν
1562 4947 1632 5001 ἐν
1690 4943 1941 5015 γλώσσῃ

362 5064 504 5118 μου.
545 5047 682 5101 Τότε
723 5047 782 5100 δὲ
823 5045 926 5100 καὶ
949 5043 1171 5114 ἐθέμην
1204 5039 1284 5106 τῷ
1315 5041 1567 5111 στόματί
1590 5054 1709 5109 μου
1752 5040 1946 5106 φυλαρ-

369 5136 514 5206 κήνο
554 5138 655 5191 καὶ
709 5136 1032 5206 ἐκωςρὼθην
1086 5132 1185 5188 καὶ
1225 5131 1643 5198 ἐταπεινώθην,
1678 5127 1774 5182 καὶ
1821 5129 1948 5183 ἐσί-

318 5301 329 5310 1
367 5243 533 5299 mea
560 5227 631 5294 ἐξ
667 5227 922 5295 ἀγαθῶν.
962 5230 1020 5281 '0
1041 5227 1099 5281 δὲ
1138 5226 1433 5297 Σύμμαχος
1469 5223 1641 5284 οὓτως
1679 5222 1950 5292 ἡρμήνευο

290 5345 300 5354 -
372 5333 498 5372 σεν·
529 5314 752 5373 Εἴκονο
788 5317 1042 5383 Φυλάξω
1069 5317 1174 5384 τὰς
1193 5317 1370 5383 ὁδούς
1384 5333 1524 5386 μου,
1549 5312 1636 5382 μὴ
1664 5312 1949 5382 ἁμαρτεῖν

371 5409 472 5466 διὰ
505 5408 620 5478 τῆς
654 5411 944 5481 γλώσσης
995 5428 1134 5480 μου.
1194 5407 1449 5472 Φυλὰξω
1486 5405 1551 5460 τὸ
1591 5405 1786 5474 στόμα
1826 5423 1947 5474 μου

371 5501 551 5576 φιμῷ,
578 5502 667 5557 ἐτι
695 5502 871 5570 ὄντος
897 5500 1157 5568 ἀσεϐοῦς
1192 5502 1260 5566 ἐξ
1298 5499 1576 5564 ἐναντίας
1601 5514 1740 5566 μου.
1773 5499 1946 5551 ’Ἁλα-

371 5603 484 5665 λος
510 5594 803 5667 ἐγενόμην
838 5585 1005 5665 cum“,
1034 5577 1490 5668 ἐσιωπήθτν-μὴ
1521 5586 1607 5642 ὢν
1634 5591 1704 5642 ὲν
1727 5589 1945 5661 ἀγαθῷ.

386 5690 550 5763 ’θρᾷς
578 5687 700 5743 τίνα
722 5687 925 5761 τρόπον
955 5688 1052 5760 τὴν
1071 5686 1255 5741 αἰτίαν
1272 5684 1366 5742 τῶ
1395 5684 1470 5757 μὴ
1491 5681 1695 5753 τολμᾷν
1723 5682 1950 5754 διαίρειν

376 5781 439 5834 τὸ
470 5781 648 5852 στόμα
677 5779 916 5845 ἐδίδαξεν
962 5777 1130 5834 εἰπών
1152 5775 1302 5832 ’Καὶ
1348 5772 1662 5837 ἐσιώπησα
1705 5772 1774 5837 ἐξ
1806 5773 1950 5843 ἁγα-

2090 1179 2258 1240 νειιε.
2321 1180 2406 1234 l7.
2463 1177 2575 1248 Ego
2637 1183 2814 1231 autem
2901 1185 3151 1246 tanquam
3212 1175 3406 1230 surdus
3487 1195 3594 1233 non

2022 1271 2320 1333 audiebam,
2375 1280 2419 1324 et
2467 1270 2603 1323 sicut
2645 1278 2822 1321 mulus
2875 1282 2979 1319 nou
3030 1265 3267 1335 aperiens
3315 1282 3371 1320 os
3417 1282 3592 1322 suum.

2025 1362 2094 1416 Et
2114 1363 2287 1432 factus
2318 1379 2434 1416 sum
2459 1363 2596 1416 sicut
2626 1360 2779 1413 homo
2811 1375 2912 1412 non
2938 1359 3177 1425 audiens,
3201 1369 3250 1412 et
3275 1375 3377 1411 non
3405 1359 3596 1417 habens

2023 1455 2078 1507 in
2100 1471 2187 1508 ore
2237 1470 2333 1508 suo
2375 1453 2794 1523 redargutiones.
2841 1449 3110 1517 Quoniam
3137 1489 3153 1514 ,
3205 1449 3423 1519 inquit,
3467 1451 3597 1507 mihi

2026 1545 2234 1616 pudore
2290 1543 2521 1606 suﬂ'uso,
2571 1543 2708 1596 nihil
2765 1541 3088 1610 suppetebat
3125 1541 3268 1610 quod
3316 1541 3595 1610 dicerem;

2026 1639 2211 1693 nullus
2240 1637 2439 1706 quippe
2485 1634 2551 1687 ad
2583 1632 2956 1688 defensionem
2994 1645 3175 1684 sermo
3216 1631 3596 1696 suaettrrebat,

2025 1746 2202 1802 neque
2251 1729 2524 1788 inimicos.
2563 1725 2726 1782 semel
2770 1723 2838 1777 ab
2869 1723 2936 1776 iis
2965 1724 3164 1783 victus,
3201 1722 3402 1792 alioqui
3450 1725 3596 1778 vale-

2024 1823 2170 1886 bam,
2200 1820 2334 1876 mihi
2367 1835 2474 1874 non
2514 1817 2705 1878 ﬁdens,
2743 1829 2920 1887 neque
2946 1814 3104 1866 aliam
3138 1821 3333 1883 praeter
3362 1822 3413 1868 te
3435 1829 3596 1883 ,spem

2024 1930 2136 1986 pra:
2181 1913 2358 1970 oculis
2396 1912 2624 1976 habens,
2675 1907 2822 1963 hunc
2851 1905 2987 1959 mihi
3021 1904 3324 1959 curationis
3375 1905 3597 1959 modum

2025 2005 2360 2077 praescripsi.
2402 2003 2666 2072 Quoniam
2703 2001 2869 2071 igitur
2911 2000 2966 2054 in
3000 2009 3046 2053 te
3079 1996 3304 2068 speravi,
3357 1996 3598 2063 Domine,
3663 2038 3665 2042 -

2023 2115 2138 2169 spes
2187 2105 2369 2151 autem
2410 2112 2513 2148 non
2557 2094 2834 2164 confundit
2859 2093 2944 2158 9’;
2979 2091 3101 2146 ideo
3149 2089 3432 2153 exaudies,
3472 2091 3601 2160 quia

2026 2186 2465 2243 misericordiam
2515 2185 2618 2248 vis,
2666 2197 2844 2252 neque
2879 2181 2962 2236 vis
2993 2187 3222 2252 mortem
3257 2179 3587 2250 peccatoris.

2028 2280 2121 2336 sed
2160 2276 2532 2350 pmnitentiam
2569 2274 2707 2343 ejus.
2745 2271 2926 2337 Quare
2985 2287 3110 2324 cum
3171 2271 3223 2324 in
3258 2279 3311 2324 te
3348 2285 3594 2341 sperave.

2027 2371 2152 2435 rim,
2189 2369 2421 2425 obsecro
2471 2363 2806 2420 tuam.mihi
2858 2364 3196 2417 curationem
3245 2361 3600 2420 obtinereli-

2025 2471 2145 2519 ceat
2173 2481 2185 2517 :
2215 2459 2510 2532 Nequando
2565 2454 2986 2528 supergaudeant
3043 2452 3172 2508 mihi
3223 2454 3427 2507 inimici
3474 2454 3598 2517 mei,

2026 2559 2271 2614 nandum
2300 2557 2446 2612 enim
2478 2554 2696 2625 penitus
2729 2552 2902 2623 gavisi
2927 2555 3074 2606 sunt.
3115 2547 3604 2619 Supergaudebuut

2026 2658 2230 2714 autem,
2261 2648 2369 2702 nisi
2396 2643 2827 2700 misericordiam
2853 2655 3161 2710 consequar
3185 2649 3333 2693 tuam
3361 2658 3374 2693 :
3410 2638 3505 2694 sed
3532 2653 3603 2694 ne

2025 2737 2489 2812 supergaudeant‘
2519 2737 2652 2790 mihi
2704 2734 2911 2789 inimici
2965 2735 3092 2796 mei,
3144 2732 3238 2803 qui
3283 2731 3394 2802 jam
3443 2742 3600 2788 antea

2025 2847 2151 2887 cum
2193 2834 2672 2886 commoverentur
2706 2825 2868 2895 pedes
2913 2823 3016 2877 mei
3058 2835 3254 2890 magna
3301 2823 3604 2895 loqueban-

2026 2932 2137 2990 tur',
2162 2923 2230 2978 ad
2258 2930 2311 2978 te
2343 2919 2586 2991 confugi,
2624 2932 2689 2971 ac
2715 2915 2863 2980 dico,
2891 2911 2942 2968 Ν
2948 2931 3014 2968 ou
3043 2911 3340 2982 confundar
3370 2913 3426 2965 in
3451 2921 3606 2968 teter-

2029 3035 2176 3074 num.
2218 3014 2406 3086 Neque
2450 3013 2594 3069 enim
2637 3009 2854 3081 penitus
2891 3020 3118 3062 eversus
3147 3020 3292 3068 sum,
3334 2999 3517 3075 neque
3546 3004 3604 3059 in

2024 3109 2193 3164 talem
2221 3107 2436 3162 ruinam
2467 3102 2741 3175 delapsus
2779 3099 2995 3171 qualem
3026 3096 3063 3152 ii
3087 3095 3182 3167 qui
3214 3095 3310 3151 abs
3355 3103 3410 3151 te
3447 3109 3606 3167 pror—

1952 3213 1998 3276 ο
2029 3209 2124 3258 sus
2162 3199 2501 3266 deiecerunt.

2103 3311 2158 3366 1.
2192 3307 2259 3364 ΙΝ
2299 3304 2510 3361 FINEM
2551 3297 3259 3427 lDl'lx‘l‘i‘ghvi'illCANTlCUll
3299 3294 3532 3358 DA“).

2102 3471 2235 3538 Quae
2263 3469 2320 3524 in
2354 3470 2458 3522 hoc
2501 3465 2717 3521 cantico
2763 3468 2980 3517 exstant
3019 3458 3244 3512 multam
3292 3455 3606 3512 amnitatem

2032 3537 2236 3619 habent
2263 3576 2391 3617 cum
2434 3545 2504 3614 iis
2535 3571 2658 3628 quae
2700 3555 2754 3608 in
2806 3551 3127 3623 praecedenti
3163 3537 3370 3618 psalmo
3417 3549 3607 3617 legun-

2036 3663 2144 3711 tur.
2181 3653 2287 3710 Sed
2333 3652 2482 3706 illum
2532 3646 2750 3717 quidem
2792 3643 3030 3714 psallens
3055 3641 3220 3696 David
3258 3640 3313 3694 in
3361 3655 3610 3693 rememo-

2035 3750 2296 3803 ratiouem
2340 3741 2445 3798 sibi
2486 3736 2824 3808 composuit;
2858 3736 2945 3789 hic
2972 3749 3100 3788 vero
3139 3738 3325 3787 narrat
3354 3731 3493 3788 alios
3530 3733 3608 3788 si-

2036 3842 2186 3896 milia
2217 3847 2532 3908 perpessos,
2567 3846 2706 3902 quos
2729 3830 2794 3884 ad
2824 3829 2908 3884 sui
2937 3828 3294 3881 imitationem
3330 3840 3394 3880 ac
3424 3842 3608 3882 exem-

2036 3933 2185 4004 plum
2211 3927 2279 3984 de
2307 3942 2378 3982 se
2419 3924 2745 3980 sumendum
2774 3920 3036 3976 instituit.
3069 3918 3184 3974 Nisi
3217 3916 3449 3972 fortasse
3483 3916 3608 3986 Spi-

2038 4026 2176 4080 ritus
2215 4027 2440 4077 sanctus
2479 4015 2734 4072 ldithumi
2762 4013 3068 4070 ministerio
3107 4009 3360 4065 Davidem
3395 4010 3461 4064 ad
3493 4010 3607 4064 haec

2037 4113 2268 4171 dicenda
2301 4097 2589 4168 erudierit.
2641 4108 2776 4164 Nam
2827 4108 2944 4177 ipse
2979 4120 3198 4176 quoque
3226 4101 3456 4158 ldithum
3501 4102 3608 4170 sp:-

2039 4208 2143 4261 ritn
2175 4204 2496 4276 prophetico
2540 4201 2794 4270 dignatus
2829 4197 3024 4251 fuerat.
3065 4192 3162 4248 llis
3191 4206 3356 4263 porro
3402 4190 3602 4244 edisci-

2039 4315 2163 4354 mus
2204 4312 2303 4369 par
2333 4311 2456 4352 esse
2490 4292 2736 4362 'singnlos
2783 4303 2967 4344 secum
2996 4283 3256 4352 colloqui,
3291 4295 3466 4349 neque
3510 4294 3610 4333 ex-

2039 4393 2315 4446 trinsecus
2358 4387 2652 4458 magistros
2694 4388 3031 4452 exspectare,
3081 4374 3177 4430 sed
3222 4371 3514 4428 ratiocinio
3550 4383 3608 4428 et

2040 4483 2370 4558 cogitatione
2397 4491 2677 4536 sermones
2707 4486 2891 4530 secum
2913 4467 3184 4524 conferre.

2621 4672 2638 4708 :
2671 4649 2978 4708 Custodiam
3002 4650 3112 4703 vias
3147 4665 3311 4703 nteas.
3346 4647 3492 4717 Ipso,
3525 4647 3612 4700 in-
3644 4683 3652 4690 -

2042 4760 2188 4831 quit,
2215 4751 2810 4816 tentationistetnpore,
2847 4743 3134 4798 invadente
3162 4755 3254 4795 me.
3274 4739 3482 4809 peccati
3517 4753 3611 4790 au-

2043 4827 2216 4912 ctore,
2246 4861 2337 4914 ego
2367 4842 2528 4902 dixis:
2553 4835 3005 4893 Custodiamvias“
3029 4849 3194 4889 meas.
3221 4839 3279 4883 ut
3309 4845 3413 4884 non
3442 4827 3605 4882 delia.

2042 4955 2200 5012 quam
2235 4938 2290 4989 in
2319 4933 2497 5002 lingua
2531 4945 2665 4983 mea.
2701 4927 2860 4983 Tunc
2890 4940 3039 4986 vero,
3069 4921 3226 4990 posui
3263 4921 3344 4973 ori
3374 4935 3485 4972 meo
3517 4933 3608 4970 cu-

2043 5009 2273 5086 stodiam
2299 5043 2317 5079 :
2346 5023 2582 5080 obmutui
2625 5031 2673 5076 et
2710 5019 3017 5074 humiliatus
3045 5030 3188 5078 sum,
3218 5024 3268 5067 et
3298 5013 3423 5067 silui
3453 5028 3485 5064 a
3516 5009 3611 5064 bo-

2045 5125 2149 5178 uis.
2178 5117 2538 5192 Symmachus
2571 5123 2752 5170 autem
2775 5113 2854 5169 sic
2889 5111 3278 5178 interpretatus
3307 5113 3408 5168 est,
3441 5102 3569 5156 Dixi
3589 5119 3608 5157 :
3697 5184 3700 5187 _

2045 5212 2357 5271 Custodiam
2410 5209 2518 5263 vias
2571 5223 2735 5270 meas,
2767 5213 2824 5256 ut
2875 5217 2979 5255 nou
3013 5199 3327 5266 .delinquam
3372 5211 3464 5262 per
3505 5193 3610 5246 lin-

2044 5320 2202 5378 guam
2231 5318 2424 5357 meam.
2464 5297 2773 5356 Custodiam
2805 5310 2862 5348 os
2892 5309 3064 5355 meum
3099 5291 3267 5361 freno,
3297 5303 3415 5340 cum
3439 5283 3609 5338 adhuc

2046 5377 2114 5454 sit
2139 5395 2332 5465 impius
2359 5393 2634 5449 adversum
2671 5404 2770 5442 me.
2812 5384 2993 5439 Mutus
3017 5385 3189 5454 factus
3217 5396 3345 5440 sum
3375 5377 3607 5440 silentio,

2049 5489 2191 5546 tacui
2221 5488 2277 5541 iu
2305 5486 2437 5542 bono
2469 5502 2571 5540 non
2610 5482 2863 5537 existens.
2903 5475 3094 5532 Viden’
3135 5487 3245 5544 quo
3289 5477 3448 5541 pacto
3485 5483 3612 5522 cau-

2047 5599 2162 5640 sam
2195 5581 2407 5645 all'erat,
2456 5595 2557 5634 cur
2597 5591 2705 5630 non
2751 5572 2949 5627 audeat
2975 5586 3038 5625 os
3086 5564 3297 5637 aperire
3346 5576 3470 5617 cum
3510 5562 3610 5625 ait,

2048 5684 2097 5730 et
2132 5673 2257 5728 silui
2284 5689 2318 5726 a
2351 5671 2534 5732 bonis;
2566 5666 2650 5721 vel
2679 5664 2978 5720 secundum
3012 5653 3415 5730 Symmachum,
3447 5654 3610 5716 tacui,

2051 5769 2120 5820 iu‘
2149 5765 2280 5820 bona
2325 5779 2430 5818 non
2465 5759 2738 5816 existens?
2762 5757 2898 5811 Cum
2929 5753 3072 5809 enim
3101 5751 3155 5805 in
3190 5747 3350 5804 bonis
3380 5760 3489 5802 non
3521 5759 3616 5798 ex-

380 5868 520 5934 θῶν,
570 5838 632 5940 il,
672 5838 1018 5938 ἐσιωπήθην
1038 5870 1132 5936 μὴ
1177 5865 1264 5922 ὢν
1307 5866 1377 5922 ὲν
1425 5861 1644 5934 ἀγαθῷ,
1687 5861 1827 5918 κατὰ
1849 5838 1949 5944 ﬁt»

2054 5858 2298 5915 isterem.
2346 5866 2528 5915 neque
2561 5847 2816 5906 ﬁduciam
2851 5846 3124 5909 haberem,
3147 5838 3463 5897 recordatus
3492 5848 3614 5892 sum

454 6026 498 6060 ³⁸
538 6023 694 6083 Rom.
728 6042 783 6096 ν,
821 6026 873 6084 5‘.
