4354 6406
772 482 877 538 317

1476 477 1742 533 ECSEBII
1779 474 2256 532 CESARIENSiS
2300 473 2429 530 ΟΡΡ
2479 473 2657 530 PARS
2685 473 2771 527 Ill.
2814 505 2881 516 -—
2921 474 3327 533 EXEGETICA.

3891 486 3996 541 353

769 594 893 662 ejus
933 593 1024 663 qui
1058 594 1130 647 ait
1164 613 1174 647 ;
1203 594 1462 656 Peccasli,
1508 596 1709 664 quiesce
1734 594 1780 624 "
1809 613 1819 645 :
1868 606 2039 661 quare
2073 592 2215 645 tacui
2272 592 2323 643 in
2356 605 2401 659 Α
2428 590 2488 642 Σιὶ

2281 592 2323 643 in
2356 605 2401 659 Α
2428 589 2747 659 Σύμμαχον;
2783 590 2872 661 Μὴ
2901 607 3008 662 γαρ
3030 591 3105 645 ὢν
3160 595 3218 646 ἐν
3258 594 3499 662 ἀγαθοῖς,
3524 598 3656 667 μηδὲ
3692 601 4000 672 παρρησίαν

772 683 913 739 bono
943 702 1041 736 non
1075 686 1341 747 existensz'
1382 682 1568 753 Neque
1600 684 1773 736 solum
1813 680 2047 733 obmutui
2074 690 2123 733 et
2155 680 2328 732 nunri-

772 777 934 830 liatus
972 792 1085 829 sum
1116 786 1162 829 et
1211 774 1334 827 silui
1362 791 1394 827 a
1438 772 1609 835 bonis,
1656 773 1748 827 sed
1783 773 1966 833 etiam,
1994 772 2144 823 dolor
2186 786 2329 822 meus

768 876 1041 921 renovatus
1086 876 1184 919 est.
1219 864 1354 918 Nam
1393 865 1547 919 dolor
1594 866 1788 917 animae
1836 878 1985 925 meae,
2022 870 2076 915 et
2110 862 2265 917 ulcus
2299 878 2329 914 a

767 965 990 1026 peccato
1036 956 1432 1019 mibi‘illatum,
1464 962 1586 1009 eum
1630 956 1683 1008 in
1728 955 1895 1008 imum
1940 964 2129 1023 pectus
2176 953 2330 1008 deve-

766 1049 957 1109 nisset,
984 1057 1038 1101 et
1070 1047 1125 1101 in
1169 1047 1287 1112 ipsa
1331 1046 1665 1101 conscientia
1702 1045 1930 1101 inﬁxum
1973 1052 2139 1110 esset,
2176 1059 2331 1098 reno-

765 1140 1015 1203 vabatur,
1071 1140 1307 1195 instante
1356 1148 1518 1210 atque
1567 1138 1932 1207 exprobrante
1974 1137 2181 1206 peccati
2231 1151 2328 1189 au-

760 1236 916 1284 ctore
926 1270 937 1280 .

829 1487 998 1544 Vsus.
1030 1488 1066 1542 4
1095 1518 1121 1531 -
1152 1489 1205 1542 6.
1248 1488 1523 1543 Concaluit
1557 1503 1645 1541 cor
1671 1479 1841 1541 meum
1884 1489 2025 1540 intra
2068 1503 2168 1541 me.
2218 1487 2326 1540 Me—

759 1594 902 1641 mor,
937 1580 1138 1647 inquit,
1172 1580 1402 1647 peccati,
1436 1578 1603 1631 animi
1636 1578 1874 1645 deliquio
1906 1593 2004 1631 ceu
2036 1577 2158 1646 igne
2178 1590 2327 1629 com-

758 1667 1029 1722 burebar:
1060 1669 1127 1721 ab
1170 1667 1764 1737 ipsaque'conscientia
1805 1666 2085 1729 incensus.
2118 1666 2323 1719 locutus

756 1775 874 1812 sum
900 1760 953 1811 in
982 1759 1161 1828 lingua
1192 1776 1305 1812 mea
1331 1776 1348 1811 :
1376 1757 1575 1812 Notum
1602 1759 1686 1826 fac
1717 1758 1864 1821 mihi,
1900 1757 2142 1821 Domine,
2166 1758 2323 1826 ﬁnem

758 1867 948 1903 meum.
986 1850 1161 1904 Etiam
1190 1858 1313 1921 post
1336 1849 1764 1911 confessionem,
1797 1850 1889 1917 qui
1914 1849 2045 1902 mihi
2074 1849 2197 1903 ﬁnis
2240 1847 2318 1900 fu-

755 1942 914 1988 turus
942 1934 1015 1988 sit
1046 1934 1291 1988 ediscere
1316 1933 1555 2002 postulo.
1590 1932 1715 1986 Haec
1747 1948 1912 2002 porro
1946 1934 2161 1987 dicebat
2192 1947 2313 1986 cum

754 2025 991 2094 graviter
1011 2030 1367 2092 premeretur,
1403 2030 1556 2077 ratus
1576 2030 1979 2090 temporaneam
2011 2023 2149 2076 hanc
2172 2036 2317 2074 mor—
2347 1999 2389 2052 Β

753 2115 1024 2182 talemque
1054 2113 1219 2165 vitam
1254 2111 1323 2167 ob
1355 2112 1570 2166 taedium
1606 2113 2016 2181 molestiamque
2049 2112 2168 2181 ejus
2190 2110 2313 2164 diu-

754 2202 1127 2291 turnissimam
1159 2218 1299 2258 esse.
1333 2202 1511 2273 Quare
1556 2204 1738 2258 obitus
1770 2205 1870 2257 sibi
1916 2213 2129 2273 tempus
2175 2202 2315 2255 indi-

755 2294 867 2347 cari
898 2293 1235 2363 peroptabat,
1284 2301 1344 2347 ut
1396 2300 1621 2362 accepto
1654 2292 1921 2348 libertatis
1953 2307 2016 2345 ac
2058 2294 2316 2346 tentatio-

754 2401 881 2439 num
918 2387 1095 2441 exitus
1130 2385 1310 2439 fausto
1358 2384 1866 2448 nuntio,‘alacriter
1904 2393 2104 2453 ageret.
2140 2384 2196 2437 In
2235 2400 2315 2438 se-

754 2475 1050 2543 quentibus
1078 2488 1206 2527 vero
1236 2474 1315 2527 sic
1349 2473 1424 2529 ait
1452 2492 1464 2525 :
1491 2472 1704 2524 Advena
1744 2487 1835 2539 ego
1867 2488 1981 2524 sum
2016 2472 2154 2540 apud
2186 2484 2233 2525 te
2262 2480 2312 2525 et

750 2564 1073 2632 peregrinus,
1105 2564 1237 2615 sicut
1266 2577 1440 2613 omnes
1467 2569 1644 2627 patres
1676 2561 1793 2611 mei.
1833 2558 1963 2611 Ecce
1988 2562 2315 2613 mensurabi-

752 2653 825 2705 les
854 2652 1078 2719 posuisti
1110 2652 1220 2704 dies
1274 2668 1433 2713 meos,
1483 2661 1531 2705 et
1580 2651 1879 2704 substantia
1914 2668 2026 2705 mea
2064 2660 2315 2720 tanquam

752 2742 973 2795 nihilum
1008 2751 1241 2813 ante‘te.
1291 2741 1396 2797 Pro
1441 2758 1550 2811 quo
1585 2740 1961 2813 Symmachus,
2002 2741 2134 2795 Ecce
2164 2743 2315 2812 quasi

748 2834 1013 2901 palmares
1059 2802 1253 2886 dedisti
1296 2833 1408 2887 dies
1458 2802 1643 2897 ineas;
1670 2833 1858 2887 edidit.
1887 2833 2042 2887 Alius
2083 2802 2315 2887 fortasse

750 2925 972 2986 dixerit,
1020 2924 1344 2987 παλαιστάς,
1378 2925 1495 2979 sive
1540 2924 1889 2979 adversarios
1918 2924 2036 2978 dies
2075 2924 2313 2979 hominis

752 3023 996 3077 vocatos,
1030 3016 1157 3085 quia
1186 3015 1504 3077 certamine,
1536 3014 1734 3083 πάλης,
1760 3017 1872 3070 sive
1911 3031 2085 3085 pugna
2115 3024 2167 3070 et
2189 3024 2311 3069 ten-

750 3104 1051 3159 tationibus
1081 3093 1433 3173 fepletisunt.
1458 3096 1827 3174 Deincepsque
1859 3107 1934 3159 ait
1960 3126 1972 3160 :
2000 3091 2313 3161 Subslantia

752 3212 869 3247 mea
902 3176 1147 3264 tanguam
1191 3194 1409 3247 nihilum
1456 3206 1576 3247 ante
1610 3205 1694 3257 te;
1726 3212 1823 3266 pro
1864 3212 1971 3266 quo
2008 3200 2199 3267 Aquila
2230 3194 2313 3253 ini-

752 3294 1104 3354 terpretatur,
1133 3296 1182 3338 et
1229 3285 1482 3341 demersio
1511 3305 1628 3342 mea
1671 3290 1822 3357 quasi
1851 3306 1954 3343 non
1984 3300 2060 3343 est
2095 3292 2149 3343 in
2188 3308 2303 3345 con-

752 3388 930 3447 spectu
965 3387 1080 3442 tuo;
1118 3376 1479 3449 Symmachds
1504 3395 1656 3444 vero,
1685 3391 1734 3434 et
1770 3381 1875 3433 vita
1910 3398 2022 3434 mea
2043 3384 2195 3452 quasi
2228 3383 2309 3435 ni-

751 3467 827 3522 hil
858 3485 1034 3522 coram
1066 3482 1132 3523 te.
1169 3469 1415 3540 Namque
1446 3478 1620 3525 totum
1661 3474 1785 3528 vitae
1822 3474 2060 3528 hominis
2096 3484 2311 3545 tempus

748 3574 872 3615 cum
925 3562 1035 3617 vita
1075 3560 1169 3615 Dei
1220 3570 1382 3630 atque
1438 3564 1651 3617 saeculis
1699 3564 1978 3619 immensis
2025 3566 2307 3631 collatum,

748 3652 907 3721 quasi
937 3644 1165 3709 nihilum
1201 3659 1286 3705 est
1329 3652 1384 3706 in
1429 3662 1723 3722 conspectu
1760 3654 1873 3708 Dei.
1901 3646 2081 3722 Quare
2110 3657 2218 3709 alio
2255 3657 2307 3710 in

749 3743 871 3798 loco
903 3744 1110 3802 dictum
1138 3764 1150 3798 :
1183 3742 1311 3797 Cazli
1352 3744 1610 3812 peribunt,
1645 3755 1697 3797 tu
1731 3755 1903 3798 autem
1932 3764 2225 3814 permanes,
2260 3758 2309 3801 et

750 3850 926 3888 omnes
980 3835 1112 3887 sicut
1138 3836 1494 3888 vestimentum
1524 3844 1837 3889 veterascent
1865 3854 1882 3889 :
1904 3847 1953 3890 et
1985 3840 2117 3892 sicut
2159 3856 2345 3909 oper"

752 3924 945 3977 torium
990 3926 1213 3979 mutabis
1242 3942 1328 3981 eos
1356 3935 1403 3979 et.
1451 3927 1813 3981 mutabuntur.
1850 3927 1927 3982 Tu
1965 3939 2136 3982 autem
2170 3932 2307 3984 idem

749 4014 860 4080 ipse
888 4028 964 4075 es,
995 4021 1043 4065 et
1077 4013 1203 4064 anni
1235 4016 1309 4064 tui
1355 4031 1456 4066 non
1500 4014 1824 4083 deﬁcient".
1856 4014 1963 4070 Sed
1992 4018 2152 4071 etiam
2192 4031 2308 4070 om-

751 4104 841 4156 nia
887 4102 1169 4158 hominum
1213 4103 1412 4166 studia,
1447 4106 1659 4160 vanitas
1693 4110 1989 4161 vanitatum
2034 4115 2194 4175 sunt;
2230 4114 2304 4168 et,

750 4195 996 4249 universa
1032 4188 1293 4259 uanitas,
1332 4198 1499 4251 omnis
1545 4197 1694 4250 homo
1726 4200 1936 4262 vivens;
1972 4199 2105 4263 sive,
2138 4201 2306 4253 omnis
2334 4194 2337 4197 λ

750 4284 904 4347 homo
930 4287 1265 4351 constitutus,
1311 4287 1609 4341 secundum
1652 4288 1935 4359 Aquilam;
1964 4286 2097 4354 sive,
2139 4294 2307 4346 omnis

749 4376 905 4429 homo
929 4386 1098 4439 stans,
1128 4377 1425 4432 secundum
1459 4376 1865 4450 Symmachum.
1889 4379 2022 4435 Nam
2048 4385 2139 4451 qui
2163 4400 2308 4439 nunc

749 4476 880 4531 stat,
918 4482 980 4521 ac
1012 4470 1262 4537 praesenti
1306 4477 1548 4539 tempore
1582 4470 1746 4523 vitam
1788 4470 2052 4535 dectlrrit,
2092 4476 2307 4532 vanitas

751 4573 883 4614 sane
918 4557 1102 4637 fuerit.
1139 4558 1196 4613 Si
1231 4562 1413 4630 itaque
1446 4561 1593 4614 nulla
1619 4562 1929 4617 hominibus
1957 4564 2160 4619 inesset
2181 4583 2307 4636 spes

2432 679 2599 744 ἄγ’ων,
2634 680 2956 749 ἐμεμνήμην
2987 681 3079 733 τοῦ
3104 682 3353 749 λέγοντος
3373 700 3385 712 ·
3422 684 3727 753 Ἠμαρτες,
3764 690 3999 757 ἡσύχα-

2430 787 2545 821 σον
2568 787 2580 798 ·
2607 769 2685 823 διὸ
2713 770 3024 838 ἐσιώπησα
3041 772 3125 841 μὴ
3153 774 3238 827 ὢν
3269 775 3574 845 summa}.
3623 778 3697 830 Οὐ
3747 779 3905 848 μόνον
3941 779 3999 833 δὲ

2429 860 2745 929 ἐχωερώθην
2777 862 2877 915 καὶ
2899 863 3157 931 ἐσίγησα
3188 864 3258 928 ἐξ
3311 865 3567 936 ἀγαθῶν,
3593 867 3741 922 ἀλλὰ
3771 870 3865 922 καὶ
3891 870 3999 925 ἆλ-

2428 951 2583 1020 τημά
2601 970 2719 1019 μου
2746 954 3153 1021 ἁνεκαινίσθη.
3180 955 3255 1007 Τὸ
3279 956 3385 1028 γὰρ
3419 957 3519 1027 τῆς
3544 957 3719 1028 ψυχῆς
3770 976 3870 1030 μου
3906 960 3997 1015 ἆλ-

2430 1059 2522 1109 γος
2566 1043 2660 1095 καὶ
2688 1044 2747 1095 τὸ
2781 1044 2845 1096 ἐκ
2873 1045 2970 1113 τῆς
3010 1042 3282 1115 ἁμαρτίας
3311 1048 3667 1119 ἐγγενόμενόν
3695 1067 3784 1121 μοι
3815 1051 3994 1116 ἕλκος,

2430 1133 2569 1184 κατὰ
2600 1133 2792 1201 βάθους
2849 1134 3184 1203 ἐγκείμενον,
3227 1139 3319 1190 καὶ
3348 1140 3465 1191 κατ’
3489 1140 3658 1210 αὐτῆς
3692 1141 3790 1211 τῆς
3822 1157 3997 1195 συνει-

2427 1221 2631 1291 δήσεως
2684 1223 3141 1292 ἐμπεπηγμένον,
3188 1224 3499 1289 ἀνενεοῦτο,
3548 1227 3997 1292 ἐπαναϐαίνοντὸς

2430 1330 2519 1380 μοι
2567 1313 2661 1363 καὶ
2721 1312 3131 1379 ἐπονειδίζοντος
3180 1315 3271 1368 τοῦ
3312 1316 3408 1387 τὴν
3447 1318 3719 1390 ἁμαρτίαν
3766 1321 3997 1390 ἐνηργη-

2428 1406 2598 1468 κότος.

2509 1497 2854 1565 Ἑθερμάνθη
2886 1499 2923 1563 νή
2950 1498 3157 1569 καρδία
3179 1517 3297 1567 μου
3316 1500 3488 1567 ἐντός
3501 1519 3640 1570 μου.
3661 1502 3998 1573 Ἀναμιμνη-

2427 1588 2705 1657 σκόμενος,
2740 1588 2894 1656 φησὶ,
2925 1588 3023 1657 τῆς
3047 1588 3337 1658 ἁμαρτίας,
3378 1590 3477 1660 τῆς
3501 1590 3737 1660 ἀθυμίας
3777 1592 3998 1661 ἐνεπιμ-

2426 1679 2647 1749 πράμην
2694 1678 2845 1749 πυρὶ,
2878 1680 2969 1731 ὑπ’
3003 1678 3170 1748 αὐτῆς
3217 1680 3555 1750 πυρούμενος
3596 1683 3697 1750 τῆς
3750 1682 4003 1752 συνειδήτ

2426 1767 2907 1834 σεως,Ἐλάλησα
2937 1769 3277 1839 ὲντλώσσῃ
3320 1789 3468 1839 μου·
3521 1772 3829 1840 Γνώρισόν
3869 1792 3994 1842 μοι,

2423 1861 2619 1926 Κύριε,
2654 1858 2719 1911 τὸ
2752 1857 2939 1926 πέρας
2961 1876 3099 1927 μου.
3124 1860 3235 1912 Καὶ
3284 1861 3419 1929 μετὰ
3465 1863 3563 1933 τὴν
3609 1862 3996 1935 ἐξομολόγησιν

2415 1951 2600 2002 ὁποίου
2633 1950 2821 2013 τέλους
2852 1949 3113 2021 τεύξομαι
3148 1950 3337 2021 μαθεῖν
3373 1954 3527 2018 ἀξιῶ.
3560 1956 3902 2028 Βαρούμενος
3938 1956 3996 2010 δὲ

2417 2041 2588 2095 ταῦτα
2615 2042 2789 2110 ἔλεγε,
2811 2041 2909 2113 τὴν
2942 2042 3271 2114 πρόσκαιρον
3304 2045 3399 2097 καὶ
3422 2045 3619 2116 θνητὴν
3648 2046 3793 2119 ζωὴν
3824 2048 3912 2101 διὰ
3933 2051 3996 2099 τὸ

2416 2130 2645 2201 ἐπαχθὲς
2693 2133 2861 2201 αὐτῆς
2906 2134 3252 2205 μακροτάτην
3298 2135 3617 2205 ἡγούμενος.
3658 2138 3749 2190 Διὸ
3795 2156 4029 2209 γνωριμ-⁸

2418 2218 2608 2289 σθῆναι
2640 2221 2786 2291 αὐτῷ
2810 2222 2901 2274 τὸν
2924 2222 3025 2291 τῆς
3064 2223 3382 2295 ἀπαλλαγῆς
3447 2226 3636 2297 χρόνον
3663 2228 3849 2281 ἐπόθει
3869 2246 3882 2258 ο
3923 2230 3991 2281 ἵν’

2416 2308 2648 2380 εὕθυμος
2695 2312 2922 2379 γένοιτο,
2952 2314 3050 2383 τὴν
3084 2313 3193 2366 ἀπὸ
3234 2314 3342 2367 τῶν
3387 2316 3514 2386 τῇδε
3561 2315 3871 2388 ἐλευθερίαν
3899 2319 3995 2372 καὶ

2415 2400 2520 2451 τῶν
2551 2402 2916 2472 πειρατηρίων
2945 2403 3039 2473 τὴν
3066 2405 3383 2476 ἀπαλλαγὴν
3417 2408 3845 2475 εύαγγελισθείς.
3881 2409 3994 2461 Καὶ

2414 2493 2471 2546 ἐν
2504 2494 2613 2554 τοῖς
2650 2492 2693 2544 δ’
2725 2493 2848 2563 ἐξῆς
2893 2494 3095 2563 προῖὼν
3138 2495 3349 2564 ἔλεγεν·
3385 2496 3677 2565 Παρθικος
3721 2497 3835 2567 ἐγώ
3876 2500 3995 2566 ειμι

2416 2584 2571 2650 παρὰ
2595 2584 2692 2636 σοὶ
2729 2584 2824 2637 καὶ
2861 2585 3286 2655 παρεπίδημος,
3314 2588 3507 2655 καθὼς
3536 2589 3756 2655 πάντες
3796 2592 3850 2642 ol
3873 2603 3985 2641 πα-

2415 2669 2577 2737 τέρες
2601 2688 2739 2738 μου.
2763 2672 2904 2724 Ἰδοὺ
2934 2676 3270 2739 παλαιστὰς
3295 2677 3435 2731 ἔθου
3465 2677 3570 2743 τὰς
3600 2678 3823 2745 ἡμέρας
3847 2695 3989 2746 μου,

2417 2762 2513 2813 καὶ
2558 2763 2595 2828 ὴ
2641 2764 2982 2828 ὑπόστασίς
3014 2783 3132 2832 μου
3177 2766 3319 2820 ὡσεὶ
3365 2768 3543 2821 οὐθὲν
3572 2768 3827 2821 ἐνώπιόν
3851 2784 3986 2823 σου.

2429 2853 2566 2905 Ἀνθ’
2596 2849 2654 2907 οὗ
2686 2858 2714 2907 ὁ
2754 2855 3066 2925 Σύμμαχος,
3097 2856 3241 2910 Ἰδοὺ
3290 2860 3372 2924 ὠς
3415 2860 3713 2929 σπιθαμὰς
3767 2850 3991 2926 ἔδωκας

2416 2942 2520 3007 τὰς
2572 2943 2795 3011 ἡμέρας
2830 2964 2969 3013 μου,
3006 2948 3483 3013 ἐξέδωκεν.Ἀλλος
3522 2951 3566 3003 δ’
3594 2951 3659 3005 ἂν
3704 2954 3847 3006 εἴποι
3878 2968 3990 3006 παι

2390 3036 2667 3102 ηιαιστὰς
2696 3039 2944 3109 εἰρῆσθαι
2968 3040 3065 3102 τὰς
3096 3041 3203 3124 eiEi-ii
3237 3042 3536 3115 ἀνθρώπων
3561 3044 3793 3114 ἡμέρας,
3820 3044 3909 3099 διὰ
3931 3045 3992 3098 τὸ

2417 3128 2809 3199 πεπληρῶσθαι
2863 3130 3030 3194 αὐτὰς
3074 3132 3283 3201 ἀγῶνος
3320 3136 3414 3187 καὶ
3444 3135 3619 3205 πάλης
3654 3138 3749 3190 καὶ
3796 3154 3989 3209 πειρα-

2416 3218 2636 3288 τήρίων.
2656 3220 2813 3290 Ἑξῆς
2850 3222 3059 3286 τούτοις
3089 3225 3255 3293 φησί·
3295 3226 3404 3279 Καὶ
3434 3227 3471 3293 ἠ
3506 3227 3848 3294 ὑπόστασις
3868 3246 3989 3296 μου

2338 3337 2382 3398 C
2415 3312 2556 3365 ὡσεὶ
2583 3312 2761 3367 οὐθὲν
2783 3312 3038 3367 ἐνώπιόν
3076 3332 3192 3368 σου
3212 3332 3223 3344 ο
3256 3315 3371 3368 ἀνθ’
3389 3312 3451 3368 οὒ
3483 3318 3512 3368 ὁ
3544 3316 3775 3382 Ἀκύλας
3802 3321 3953 3391 ήρμή

2412 3421 2595 3456 νευσε·
2628 3406 2736 3458 Καὶ
2776 3406 2812 3473 ἠ
2853 3404 3181 3472 κατάδυσίς
3206 3426 3325 3477 μου
3359 3409 3437 3474 ὡς
3471 3410 3582 3461 οὐκ
3608 3409 3781 3463 ἐστιν
3806 3411 3985 3465 ἐναντ-

2412 3494 2540 3547 τίον
2572 3510 2719 3548 σουθ
2764 3497 2792 3547 ὁ
2829 3494 2886 3547 δέ
2934 3495 3254 3567 Σύμμαχοςο
3288 3498 3396 3551 Καὶ
3427 3500 3463 3565 ἡ
3493 3499 3712 3565 ,βίωσίς
3746 3518 3865 3569 μαυ
3906 3503 3987 3569 ὡς

2410 3581 2590 3635 οὐδὲν
2628 3584 2873 3651 ἀντικρύ
2908 3586 3122 3637 σου.ὐ
3168 3587 3276 3657 γὰρ
3325 3589 3429 3652 πᾶς
3460 3589 3556 3659 τῆς
3590 3588 3732 3660 ζωῆς
3778 3590 3987 3662 ἀνθρώ-

2410 3688 2512 3724 που
2540 3672 2748 3744 χρόνος,
2782 3673 3266 3745 παραδαλλὸμενος
3312 3679 3378 3746 τῇ
3421 3678 3515 3730 τοῦ
3564 3678 3697 3732 Θεοῦ
3727 3679 3860 3751 ζωῇ,
3892 3680 3985 3733 καὶ⁵

2408 3767 2521 3827 τοῖς
2565 3762 2725 3818 αἰῶσι
2767 3770 2879 3829 τοῖς
2913 3769 3184 3837 ἀπείροις,
3213 3767 3400 3838 ὥσπερ
3426 3770 3583 3821 ούθέν
3610 3772 3723 3823 ἐστι
3753 3772 3983 3824 ἐνώπιον

2408 3853 2501 3906 τοῦ
2557 3854 2713 3908 Θεοῦ.
2766 3856 2856 3909 Διὸ
2907 3857 3139 3929 ἀλλαχοῦ
3188 3858 3430 3929 ξξρηται·
3481 3864 3545 3913 Ol
3590 3863 3833 3927 οὐρανοὶ
3874 3864 3987 3917 ἁπ-

2407 3943 2683 3998 ολοῦνται
2703 3963 2717 3977 ο
2744 3947 2823 4000 σὺ
2848 3947 2915 4000 δὲ
2940 3947 3256 4017 διαμένεις,
3275 3950 3371 4003 καὶ
3402 3950 3622 4017 πάντες
3645 3953 3726 4019 ὡς
3755 3952 3984 4022 ἱμάτιον

2411 4038 2927 4102 παλαιωθήσονται
2951 4057 2965 4069 ’
2996 4041 3093 4093 καὶ
3123 4041 3266 4095 ὡσεὶ
3295 4045 3597 4111 περιϐολαί
3624 4043 3846 4111 ἑλίξεις
3870 4048 3980 4099 αὺ-

2410 4126 2569 4193 τοὺς,
2606 4130 2701 4183 καὶ
2736 4130 3206 4201 ἀλλαγήσονται.
3249 4134 3332 4187 Σὺ
3372 4134 3439 4187 δὲ
3473 4139 3506 4189 ό
3548 4136 3733 4204 αὐτὸς
3767 4134 3841 4203 εἴ,
3883 4140 4001 4210 καὶ,

2408 4214 2479 4267 τὰ
2520 4217 2621 4283 ἐτη
2665 4235 2781 4273 σου
2826 4222 2937 4273 οὐκ
2960 4219 3393 4291 ἐκλείψουσιν.
3433 4225 3592 4279 Ἀλλὰ
3638 4227 3734 4281 καὶ
3767 4216 3915 4282 πᾶσα
3946 4231 3980 4301 ἡ

2408 4304 2557 4375 παρὰ
2570 4306 2876 4379 ἀνθρώποις
2899 4312 3101 4383 σπουδὴ
3126 4316 3422 4386 ματαιότης
3448 4318 3821 4390 ματαιοτήτων
3840 4319 3975 4382 ἐστὶ,

2408 4394 2522 4457 καὶ,
2559 4393 2630 4447 τὰ
2656 4398 2977 4467 σύμπαντα
3001 4403 3343 4469 ματαιότης,
3376 4403 3493 4471 πᾶς
3516 4405 3824 4473 ἄνθρωπος
3846 4403 3975 4469 ὧν,

2409 4484 2464 4552 ἢ,
2497 4482 2613 4549 πᾶς
2637 4485 2945 4555 ἄνθρωπος
2967 4490 3402 4560 ἐστηλωμένος,
3421 4497 3562 4549 κατὰ
3583 4496 3674 4549 τὸν
3714 4486 3941 4548 Ἂκύλαν
3959 4513 3972 4525 ·

2406 4573 2462 4643 ἢ,
2487 4570 2605 4639 πᾶς
2622 4574 2932 4641 ἄνθρωπος
2950 4577 3157 4644 ἑστὼς,
3183 4581 3321 4635 κατὰ
3346 4583 3435 4636 τὸν
3462 4584 3771 4655 Σύμμαχον.
3789 4583 3846 4637 '0
3867 4584 3976 4654 γὰρ

715 4680 717 4683 ι
750 4640 1198 4715 immortalitatis,
1246 4652 1368 4705 vita:
1412 4663 1623 4706 aeternae
1664 4669 1727 4707 ac
1767 4655 1921 4725 regni
1956 4658 2242 4723 caelorum,
2277 4676 2306 4714 e
2343 4640 2434 4735 ον

2277 4676 2306 4714 e
2343 4683 2382 4735 ο
2407 4640 2501 4715 νῦν
2528 4662 2697 4728 ἑστὼς
2723 4640 2817 4718 παὶ
2840 4670 2868 4722 ό
2894 4640 3035 4722 πατὰ
3179 4674 3418 4744 παρόντα
3447 4640 3633 4745 χρόνόν
3655 4640 3755 4745 ⁸ςεΙιιν
3777 4640 3973 4743 θνητὴν

751 4753 811 4794 re
835 4754 965 4793 sane
1000 4746 1280 4808 putaretur
1308 4742 1521 4797 vanitas
1549 4759 1669 4798 esse
1698 4746 1876 4801 omnis
1902 4747 2062 4803 homo
2087 4750 2295 4807 vivens.

2404 4754 2481 4809 ἐτι
2516 4755 2659 4828 ζωὴν
2692 4757 2980 4824 διεξανύων
3028 4765 3326 4833 ματαιότης
3369 4764 3434 4819 ἂν
3477 4766 3581 4836 τίη.
3620 4766 3683 4818 El
3725 4764 3855 4832 γοῦν
3900 4765 3974 4835 μὴ

750 4830 1003 4932 ἀτξέκεῑιτό
1032 4832 1444 4932 τις.ἀνθρὼξτοιξ
1482 4836 1638 4932 ἐλπὶς
1684 4838 2000 4909 ἀθανασίας.
2051 4847 2144 4899 καὶ
2192 4846 2335 4919 ζωῆς
2372 4851 2586 4905 αἰωνίου
2620 4852 2893 4922 βασιλείας
2921 4872 2977 4909 τε
3003 4830 3266 4927 ούρανῶν,
3283 4830 3530 4923 εὐλόγως
3549 4830 3560 4836 υ
3589 4858 3655 4913 ἂν
3717 4830 3971 4932 ἐνομίσθνέ

756 4923 979 4989 μάταιόν
1012 4941 1067 4976 τισ
1094 4920 1229 4979 εἶναι
1269 4929 1375 4989 πᾶς
1409 4927 1689 4998 ἄνθρωπος
1720 4932 1845 4992 ζῶν.

822 5015 986 5073 Vsus.
1025 5020 1101 5074 8-
1138 5020 1224 5073 12.
1263 5020 1329 5074 Et
1362 5028 1497 5075 nunc
1540 5040 1654 5093 qua:
1691 5036 1766 5076 est
1802 5033 2118 5097 exspectatio
2164 5051 2302 5097 mea,

753 5124 919 5162 nonne
973 5110 1266 5167 Dominus?
1313 5122 1419 5168 etc.
1458 5114 1581 5169 llaec
1626 5131 1790 5184 porro
1840 5120 1917 5172 sic
1951 5124 2117 5178 edidit
2146 5126 2305 5197 Sym-

756 5196 1015 5252 machus:
1051 5199 1207 5253 Nunc
1236 5203 1398 5271 igitur
1441 5204 1563 5273 quid
1627 5216 1882 5275 exspecto,
1949 5196 2197 5271 Domine?
2226 5234 2306 5271 rc-

756 5289 962 5340 mamio
1016 5296 1127 5343 mea
1162 5293 1215 5343 in
1267 5302 1313 5344 te
1368 5303 1459 5347 est.
1500 5296 1578 5348 Ab
1640 5297 1878 5351 omnibus
1935 5308 2307 5374 transgressio-

758 5379 906 5433 nibus
956 5380 1082 5432 meis
1135 5382 1326 5436 redime
1390 5400 1497 5448 me,
1568 5389 1977 5456 exprobrabilem
2042 5395 2307 5465 insipienti

756 5482 821 5523 Ie
862 5482 1023 5535 pom
1057 5486 1155 5523 nte.
1212 5470 1393 5527 littus
1438 5475 1611 5542 factus
1660 5495 1799 5544 sum,
1854 5497 1959 5535 non
2008 5487 2202 5552 ορατ-ἕω
2246 5506 2304 5543 os

759 5570 925 5609 meum
950 5574 969 5611 :
999 5568 1054 5611 tu
1083 5559 1218 5613 enim
1256 5562 1446 5628 fecisti.
1477 5561 1607 5619 Post
1639 5582 1851 5639 eaquae
1884 5573 2134 5640 superius
2162 5577 2305 5631 dicta

759 5653 908 5707 sunt,
940 5644 1036 5708 ait.
1069 5648 1206 5702 nihil
1249 5650 1378 5704 mihi
1427 5653 1699 5723 relictum,
1734 5656 1979 5726 Domine,
2024 5663 2127 5717 nisi
2161 5673 2220 5719 ut
2254 5676 2304 5722 te

830 5820 876 5852 "
913 5819 1046 5879 Gen.
1084 5840 1155 5884 iv.
1192 5827 1245 5889 7,
1289 5844 1398 5885 sec.
1433 5828 1593 5887 LXX.
1670 5833 1716 5874 ’⁷
1755 5831 1894 5892 Psal.
1932 5852 2016 5903 si,
2052 5838 2231 5908 27,28.

2479 5040 2585 5092 Kal
2609 5038 2725 5092 νῦν
2744 5041 2835 5106 τίς
2867 5044 2904 5111 ἡ
2933 5045 3204 5113 ὑπομονὴ
3229 5060 3367 5112 μου,
3390 5045 3523 5112 οὐχ)
3549 5047 3795 5114 Κύριος;
3836 5049 3893 5101 '0
3914 5049 3971 5102 δέ

2414 5128 2701 5205 Σύμμαχος
2729 5132 2898 5197 οὓτως
2928 5134 2997 5187 τὰ
3025 5133 3358 5204 προκείμενα
3389 5134 3613 5199 ἐξέδωκε
3649 5141 3814 5209 ῥητά·
3843 5139 3969 5195 Νῦν

2408 5213 2521 5270 οὖν
2558 5222 2611 5273 τί
2650 5221 2981 5289 προσδοκῶ,
3004 5222 3330 5300 dlicuom;
3370 5228 3407 5295 ἠ
3440 5228 3706 5298 ἀναμονή
3735 5250 3853 5300 μου
3883 5235 3968 5297 εἰς

2412 5307 2485 5360 σέ
2525 5310 2862 5366 ἐστιν.Ἀπὸ
2902 5297 3114 5366 πασῶν
3162 5314 3279 5367 τῶν
3323 5297 3579 5375 ἀθεσιῶιρ
3603 5339 3722 5391 μου
3736 5297 3967 5387 νὲξέλου

2408 5414 2504 5465 με,
2545 5400 2953 5457 ἐπονείδιστον
3004 5402 3213 5483 ἄφρονι
3250 5408 3335 5477 μὴ
3384 5410 3569 5481 τάξῃς
3610 5416 3964 5483 με.Ἀ.1α.ίος

2382 5502 2386 5509 ·
2409 5488 2719 5559 ἐγενόμην,
2742 5496 2851 5549 οὐκ
2870 5494 3127 5561 ἀνοίξεις
3150 5498 3342 5569 στόμα
3363 5520 3503 5572 μου·
3530 5504 3611 5558 σὺ
3637 5506 3745 5573 τὰρ
3761 5504 3963 5567 ἐποίη-

2406 5596 2540 5646 σας·
2563 5583 2715 5637 Μετᾶ
2740 5585 2808 5638 τὰ
2843 5584 3241 5660 προλελεγμένα
3262 5594 3459 5664 πάντα,
3484 5596 3666 5665 φησὶν,
3690 5595 3839 5647 οὐδέν
3873 5611 3963 5662 μοι

2405 5669 2666 5737 λείπεται,
2778 5672 3030 5748 Κύριε,ῆ
3078 5680 3137 5733 σὲ
3179 5683 3476 5756 προσδοκᾷν
3528 5685 3619 5739 καὶ
3666 5686 3745 5748 είς
3779 5684 3836 5738 σὲ
3865 5683 3961 5751 τὰς
