4354 6416
322 519 424 574 343

1444 496 1947 555 COMMENTARIA
1987 494 2055 549 IN
2097 492 2440 548 PSALMOS.

3464 499 3567 551 550

323 630 539 691 ἐλπίδας
568 626 740 698 ἔχειν·
766 618 921 694 παρὰ
944 618 1037 673 σοῦ
1067 617 1178 687 γὰρ
1204 619 1302 688 τῆς
1331 615 1510 686 ψυχῆς
1536 618 1568 684 ἡ
1601 611 1894 674 ὑπόστασίς
1925 615 1967 669 Α
1997 627 2042 664 ei

1851 611 1894 674 ίς
1925 615 1967 669 Α
1997 618 2304 679 exspectem
2348 616 2401 663 et
2452 608 2506 662 in
2554 612 2605 661 te
2650 621 2797 675 spem
2849 605 3077 662 habeam
3113 622 3128 659 :
3160 622 3286 663 nam
3335 609 3476 677 apud
3520 620 3570 664 te

323 727 454 776 ἐστι.
493 719 583 771 Διὸ
627 717 815 787 δέομαι
842 714 936 767 καὶ
967 708 1195 764 ἱκετεύω
1224 705 1655 777 ὲλευθερωθῆναί
1693 722 1760 773 με
1787 704 1894 755 τῶν

321 811 444 881 τῇδε
493 793 700 869 κακῶν,
729 806 820 860 καὶ¹
864 804 971 857 τῶν
1021 798 1256 870 ἀνομιῶν
1293 816 1392 868 μου
1426 794 1892 867 ρυσθῆναι.”Απαξ

317 902 427 971 γὰρ
455 900 850 972 περιπέπτωκα
874 897 1094 966 ἄφρονι,
1126 893 1254 963 περὶ
1281 885 1343 944 οὗ
1373 892 1466 944 καὶ
1496 888 1754 959 ἀνωτέρω
1783 886 1893 938 ἐλε-

319 1007 443 1059 γον·
484 992 588 1045 Ἐν
635 988 717 1054 τῷ
757 984 1060 1054 συστῆναι
1103 984 1212 1037 τὸν
1248 979 1595 1051 ἁμαρτωλὸν
1643 977 1894 1031 ἐνώπιόν

317 1101 455 1152 μου,
494 1080 834 1150 ἐκωφώθην,
862 1079 962 1133 καὶ
990 1075 1392 1141 ἐταπεινώθην
1419 1073 1517 1126 καὶ
1544 1073 1802 1140 ἐσίγησα
1824 1068 1892 1132 ἐξ

316 1171 574 1244 άταθιῖηε.
615 1172 823 1224 Αὐτίκα
851 1172 980 1238 γοῦν
1023 1168 1299 1239 ἀφροσύνῃ
1332 1163 1654 1236 παραδοθεὶς
1697 1163 1893 1230 γέγονα

321 1265 678 1326 ἐπονείδιστος
694 1280 706 1292 ·
742 1262 964 1324 εἰκότως
996 1257 1108 1322 οὖν,
1132 1261 1208 1324 ὡς
1232 1261 1297 1312 ἂν
1323 1255 1686 1329 γνωσιμαχῶν
1709 1254 1792 1322 ἐφ’
1815 1249 1893 1316 οἷς

317 1357 584 1427 ἥμαρτον,
614 1351 932 1421 ἐκωςρώθην
955 1351 1050 1404 καὶ
1073 1352 1183 1403 οὐκ
1212 1348 1424 1416 ἥνοιξα
1445 1347 1510 1400 τὸ
1548 1347 1737 1413 στόμα
1752 1361 1891 1412 μου,

316 1447 409 1500 ὅτι
451 1448 531 1501 σὺ
576 1446 885 1512 ἐποίησας.
904 1443 960 1495 Ὀ
1007 1441 1115 1511 γὰρ
1166 1441 1256 1502 σὸς
1308 1438 1470 1507 φόϐος
1518 1435 1778 1505 κωφῶσαί
1825 1450 1890 1503 με

317 1540 565 1609 ἐποίησε,
595 1539 842 1608 πλήττων
882 1550 949 1605 με
994 1534 1081 1601 ἐφ’
1114 1525 1194 1594 οἷς
1231 1531 1497 1600 ἥμαρτον,
1533 1527 1627 1580 καὶ
1666 1541 1891 1579 κατασι-

317 1629 500 1698 γάξων
529 1629 663 1701 πρὸς
698 1626 759 1680 τὺ
786 1625 858 1696 μὴ
894 1623 1248 1694 φθέγγεσθαι.
1268 1621 1411 1673 Ἀντὶ
1440 1619 1496 1671 δὲ
1519 1616 1633 1677 τοῦ,
1665 1614 1893 1679 ὄνειδος

315 1721 533 1791 ἄφρονι
564 1717 791 1784 ἔδωκάς
834 1733 930 1786 με,
958 1717 987 1766 6
1030 1716 1125 1785 μὲν
1171 1712 1420 1774 Ἀκύλας,
1450 1707 1677 1772 ὄνειδος
1712 1706 1893 1771 ἀπορ-

315 1813 534 1881 ρἐντι,
554 1811 707 1882 φησὶ,
727 1808 812 1879 μὴ
839 1807 951 1876 θῇς
974 1824 1050 1876 με
1074 1825 1085 1836 ·
1122 1808 1150 1858 ό
1175 1807 1232 1860 δὲ
1262 1805 1572 1874 Σύμμαχος,
1603 1795 1889 1852 ἐπονείδι-

317 1919 470 1957 στον
518 1901 731 1970 ἄφρονι
774 1900 860 1969 μὴ
907 1899 1026 1966 δῷς
1066 1914 1170 1968 με’
1216 1888 1253 1967 ἢ
1301 1896 1358 1949 δὲ
1388 1894 1608 1963 πέμπτη
1653 1888 1887 1949 ἐκδοσις·

2003 708 2085 754 est
2120 701 2431 755 substantia
2467 698 2683 757 animae.
2737 696 2917 762 Quare
2962 697 3210 764 supplico
3244 711 3308 749 ac
3342 712 3475 766 rogo
3506 700 3572 752 li-

2002 790 2183 843 berari
2215 806 2300 843 me
2331 791 2399 844 ab
2441 789 2590 843 hisce
2619 787 2802 848 malis,
2834 793 2889 841 et
2924 787 2991 838 ab
3018 785 3402 854 iniquitatibus
3435 790 3571 843 meis

2001 878 2156 947 eripi.
2203 876 2380 935 Semel
2409 874 2566 931 enim
2598 877 2944 946 insipientem
2987 875 3186 930 offendi
3217 879 3283 930 de
3325 892 3435 944 quo
3474 894 3568 932 su-

2003 970 2184 1038 perius
2218 968 2462 1025 dicebam
2494 987 2506 1025 :
2538 966 2669 1024 Cum
2697 969 3003 1021 consisteret
3027 975 3265 1035 peccator
3291 967 3568 1022 adversum

2002 1077 2104 1122 me,
2145 1061 2379 1113 obmutui
2421 1069 2471 1112 et
2503 1059 2816 1112 humiliatus
2863 1074 3002 1122 sum,
3038 1069 3088 1112 et
3130 1061 3256 1119 silui
3310 1076 3339 1113 a
3395 1062 3565 1114 bonis.

2005 1151 2306 1208 Confestim
2357 1139 2541 1220 itaque
2591 1151 2922 1219 insipientia:
2967 1152 3228 1215 traditus,
3271 1153 3568 1221 probrosus

2002 1244 2226 1302 effectus
2260 1260 2378 1299 sum
2411 1264 2421 1299 :
2463 1245 2584 1312 jure
2630 1258 2758 1310 ergo
2793 1251 3088 1310 peccatum-
3111 1252 3164 1297 et
3196 1243 3565 1297 inﬁrmitatem

2001 1354 2305 1408 agnoscens
2335 1352 2531 1399 meam,
2573 1336 2804 1388 obmutui
2831 1347 2877 1390 et
2921 1353 3023 1388 non
3057 1338 3237 1402 aperui
3288 1353 3344 1389 os
3377 1351 3565 1406 meum,

1999 1432 2247 1498 quoniam
2283 1443 2335 1482 tu
2364 1430 2553 1496 fecisti.
2579 1429 2765 1482 Timor
2798 1430 2942 1483 enim
2973 1430 3048 1481 tui
3083 1444 3167 1480 me
3193 1430 3570 1483 obmutescere

2001 1520 2148 1586 fecit,
2185 1537 2378 1591 meque
2416 1523 2486 1575 ob
2542 1530 2767 1589 peccata
2817 1535 2938 1574 mea
2972 1521 3222 1589 perculit,
3280 1526 3334 1572 et
3385 1526 3570 1573 tacere

1985 1614 2148 1675 ‘fecit,
2186 1621 2245 1666 ut
2276 1630 2383 1666 non
2415 1614 2554 1666 ultra
2587 1614 2858 1681 loquerer.
2887 1612 2990 1666 Pro
3022 1614 3114 1666 illo
3143 1620 3347 1673 autem,
3377 1626 3567 1681 oppro-

2001 1707 2171 1758 brium
2206 1706 2472 1774 insipienti
2501 1704 2692 1757 dedisti
2719 1721 2827 1768 me;
2860 1704 3077 1773 Aquila,
3110 1704 3446 1772 opprobrium
3474 1703 3568 1758 de-

2000 1797 2184 1863 ﬂuenti
2217 1812 2278 1848 ne
2308 1811 2469 1863 ponas
2526 1811 2640 1857 me;
2680 1792 3043 1864 Symmachus
3077 1810 3226 1858 vero,
3276 1797 3539 1863 exprobre

2000 1888 2154 1959 bilem
2178 1889 2444 1955 insipienti
2479 1904 2539 1942 ne
2585 1903 2750 1955 ponas
2792 1902 2906 1949 me;
2937 1886 3128 1953 quinta
3155 1885 3342 1947 editio,
3377 1900 3568 1954 oppro-

318 1992 547 2058 ὄνειδος
575 1992 787 2061 ἄφρονι
828 1990 913 2059 μὴ
956 1989 1073 2055 δῷς
1113 1990 1392 2058 με.“οπερ
1420 1982 1760 2054 παράκλησιν
1793 1981 1892 2049 ἐμ·-
1924 1975 1967 2031 Β
1997 1979 2037 2031 b1

1850 1997 1892 2030 ι-
1924 1975 1967 2031 Β
1997 1979 2162 2032 brium
2189 1979 2450 2047 insipienti
2479 1996 2539 2032 ne
2561 1977 2763 2032 dederis
2799 1993 2899 2030 me.
2926 1975 3079 2041 Quod
3107 1975 3224 2045 ejus
3251 1977 3342 2045 qui
3372 1991 3569 2045 pecca-

319 2084 497 2156 φαίνει
519 2083 611 2137 τοῦ
637 2081 1037 2154 ἡμαρτηκότος.
1064 2079 1396 2144 ἱκετεύοντος
1425 2075 1498 2147 μὴ
1528 2072 1889 2153 παραδοθῆναι

319 2185 398 2244 είς
441 2179 742 2250 ὀνειδισμὸν
768 2176 982 2248 ἄφρονι.
1015 2174 1078 2227 Ei
1106 2173 1148 2225 δ’
1179 2169 1339 2232 αὐτὸς
1369 2171 1396 2222 6
1433 2166 1634 2237 Κύριος
1665 2161 1891 2234 παραδί-

314 2271 477 2323 δωσιν
510 2269 704 2344 ἄφρονι
725 2265 816 2318 τὸν
844 2261 1216 2335 ἡμαρτηκότα,
1251 2256 1601 2320 ὀνειδίζεσθαι
1631 2251 1765 2323 πρὸς
1795 2252 1891 2344 ait:

317 2358 434 2423 τοῦ,
464 2359 556 2413 καὶ
597 2357 752 2411 τοῦτο
799 2355 863 2408 ἂν
907 2355 1079 2416 εἴποις
1125 2352 1210 2403 ἐπ’
1237 2348 1472 2418 ὠφελείᾳ
1519 2346 1760 2414 γίνεσθαι
1795 2339 1887 2398 τοῦ

316 2449 735 2521 ὀνειδιζομένου,
769 2446 845 2508 ὡς
873 2445 960 2506 ἂν,
992 2423 1342 2510 κακούμενος,
1370 2437 1590 2508 μείζονα
1619 2436 1892 2502 ποιήσοιτο

318 2545 419 2614 τὴν
446 2542 539 2596 ἐπὶ
566 2543 679 2604 τοῖς
704 2532 1110 2608 ἡμαρτημένοις
1135 2531 1516 2602 ἐξομολόγησιν
1534 2545 1546 2558 ·
1578 2529 1714 2596 ὅπερ
1739 2525 1890 2593 ὴξίου

323 2637 398 2708 μὴ
442 2634 630 2689 παθεῖν
679 2635 707 2685 ὁ
757 2627 935 2690 Δαυτδ,
965 2628 1040 2690 ὡς
1072 2626 1249 2680 πάντα
1293 2624 1545 2696 πράττων
1578 2620 1645 2675 τὰ
1673 2617 1749 2688 τῷ
1776 2615 1893 2684 Θεῷ

318 2707 525 2798 ἀρεστὰ
549 2724 606 2789 ὲξ
638 2719 850 2776 ἑαυτοῦ.
867 2719 1237 2784 Ἀπόστησον
1258 2708 1358 2770 ἀπ’
1382 2713 1526 2781 ἐμοῦ
1557 2709 1663 2775 τὰς
1685 2707 1892 2798 μάστι-

458 2823 601 2871 ἀου·
633 2813 752 2870 ἀπὸ
777 2810 887 2882 τὰρ
911 2807 1021 2877 τῆς
1047 2804 1243 2877 χειρὸς
1265 2804 1375 2872 τῆς
1398 2804 1611 2872 ἰσχύος
1643 2816 1757 2854 σου
1779 2796 1891 2866 ἐγὼ

318 2910 600 2977 ἐξέλιπον
619 2924 633 2937 ·
678 2906 747 2960 ἐν
777 2900 1049 2973 ἐλεγμοῗς
1072 2897 1222 2965 ὑπὲρ
1244 2896 1494 2964 ἀνομίας
1529 2891 1893 2953 ἐπαίδευσας

318 3002 648 3068 ἄνθρωπον.
680 2996 777 3050 καὶ
812 2992 1100 3060 ἐξέτηξας
1127 2990 1206 3054 ὡς
1243 2986 1515 3055 ἀράχνην
1540 2983 1654 3050 τὴν
1682 2980 1892 3050 ψυχὴν

314 3091 526 3156 αὐτοῦ,
549 3091 716 3159 πλὴν
730 3088 930 3158 μάτην
958 3085 1073 3150 πᾶς
1098 3083 1426 3149 ἄνθρωπος·
1453 3077 1780 3144 bide-alpes.

401 3206 490 3259 Ἐν
543 3199 642 3275 μὲν
680 3201 762 3273 τῷ
812 3202 916 3270 πρὸ
967 3198 1153 3252 τούτου
1185 3192 1385 3265 ψαλμῷ
1416 3191 1672 3262 παρεῖχεν
1704 3186 1891 3240 ἑαυτὸν

1992 2073 2071 2125 vit
2118 2071 2552 2141 deprecationem
2596 2070 2834 2130 exhibet,
2885 2069 3130 2136 rogantis
3163 2085 3232 2122 ne
3267 2070 3321 2122 in
3368 2084 3566 2138 oppro-

1993 2162 2169 2217 brium
2199 2161 2473 2228 insipienti
2500 2159 2764 2212 tradatur.
2799 2159 2954 2224 Quod
2985 2161 3030 2212 si
3061 2159 3279 2227 quando
3303 2158 3562 2213 Dominus

1992 2263 2301 2325 peccantem
2353 2250 2634 2319 insipienti
2665 2251 2863 2314 tradat,
2902 2258 2962 2302 ut
3012 2251 3324 2319 opprobriis
3372 2251 3445 2304 ab
3489 2267 3561 2305 eo

1992 2344 2286 2398 afﬁciatur:
2322 2341 2557 2410 idipsurn
2583 2340 2636 2392 in
2666 2341 2952 2394 utilitatem
2982 2340 3102 2408 ejus
3125 2340 3217 2408 qui
3249 2342 3565 2409 opprobriis

1992 2443 2252 2488 oneratur
2275 2434 2458 2498 vertit,
2493 2440 2551 2487 ut
2581 2440 2805 2488 vexatus
2843 2431 3101 2499 majorem
3129 2431 3341 2485 emittat
3368 2431 3434 2485 de
3465 2432 3565 2486 ad-

1996 2528 2181 2582 missis
2226 2528 2462 2596 peccatis
2515 2526 2936 2580 confessionem.
2973 2523 3126 2590 Quod
3164 2540 3233 2578 ne
3287 2533 3565 2594 pateretur

1990 2618 2160 2672 David
2188 2619 2434 2688 rogabat,
2467 2626 2656 2687 utpote
2679 2619 2770 2687 qui
2803 2618 2986 2670 omnia
3019 2632 3118 2686 pro
3142 2616 3354 2671 viribus
3378 2623 3562 2687 ageret

1991 2724 2112 2777 quae
2140 2707 2249 2763 Deo
2278 2710 2476 2777 placita
2505 2717 2740 2777 putaret.
2778 2707 2970 2760 Amove
2993 2723 3025 2758 α
3060 2723 3140 2760 me
3176 2707 3364 2776 plagas
3416 2717 3556 2761 tuas.

1992 2799 2036 2850 A
2063 2800 2371 2868 fortitudine
2401 2800 2537 2852 enim
2582 2815 2772 2851 manus
2806 2807 2910 2850 tum
2941 2815 3031 2866 ego
3059 2799 3224 2867 defeci
3250 2817 3268 2852 :
3305 2801 3357 2853 in
3388 2801 3564 2853 ἔπειτα

1991 2892 2288 2958 potionibus
2323 2901 2534 2958 propter
2563 2890 2894 2959 iniquitatem
2927 2892 3228 2958 corripuisti
3257 2891 3517 2944 hominem
3541 2908 3558 2943 :

1991 2991 2040 3035 et
2073 2984 2334 3035 tabescere
2363 2982 2535 3050 fecisti
2578 2981 2713 3034 sicut
2745 2998 2996 3034 araneam
3032 2984 3267 3040 animam.
3299 2982 3435 3049 ejus,
3471 2998 3557 3034 tie-

1993 3083 2290 3142 rumtamen
2319 3092 2444 3129 vane
2482 3077 2651 3129 omnis
2685 3078 2858 3127 homo.
2896 3074 3230 3142 Diapsalma.

2064 3187 2121 3240 In
2170 3186 2495 3256 praecedenti
2533 3187 2740 3256 psalmo
2785 3201 2904 3239 sese
2936 3185 3110 3255 plagis
3145 3183 3212 3237 ad
3256 3183 3559 3252 correptio-

316 3274 763 3366 ἑπιστρεπτικαϊς
795 3294 1045 3360 πληγαῖς,
1073 3283 1161 3342 οἷά
1202 3304 1284 3349 τις
1325 3283 1618 3352 εὐγνώμων
1647 3278 1891 3374 μαθητὴς
1919 3317 1958 3374 C
1996 3295 2028 3329 η

1834 3278 1891 3346 ὴς
1919 3317 1958 3374 C
1996 3295 2058 3331 ne
2091 3297 2139 3342 ιι,
2181 3294 2280 3333 ceu
2317 3279 2583 3347 ingenuus
2613 3278 2918 3345 discipulus
2965 3276 3249 3345 magistro,
3296 3274 3553 3338 tradidit;

315 3379 619 3456 διδασκάλῳ
638 3403 651 3416 ·
684 3386 763 3438 διὸ
787 3385 971 3450 ἔλεγεν
992 3400 1004 3412 ·
1049 3378 1196 3449 Ἐγὼ
1215 3381 1301 3442 εἰς
1323 3375 1615 3444 μάστιγας
1640 3371 1888 3438 ἕτοιμος.

327 3479 482 3535 Ἐπεὶ
506 3479 562 3532 δὲ
589 3477 773 3531 λοιπὸν
800 3475 1087 3544 αὐτάρκως
1118 3470 1226 3522 τῶν
1258 3469 1533 3538 μαστίγων
1565 3463 1892 3533 ἐπεπειρᾶτο

315 3563 590 3639 ἐπιμόνως
635 3565 797 3619 αὐτὸν
842 3561 1236 3631 αἰκιζομένων,
1289 3555 1518 3608 ἱκετεύει
1563 3552 1654 3604 τοῦ
1703 3550 1889 3603 λοιποῦ

316 3655 646 3717 παύσασθαι,
679 3655 774 3707 καὶ
818 3653 976 3724 μέχρι
1019 3648 1206 3702 τούτου
1257 3647 1441 3716 στῆναι
1475 3642 1572 3704 τὰς
1605 3641 1888 3712 μάστιγας,

316 3751 569 3822 ὁμολογεῖ
609 3765 668 3800 τε
709 3745 834 3815 ἑξῆς
875 3743 1076 3812 λέγων·
1127 3739 1257 3792 Ἀπὸ
1298 3734 1405 3803 τῆς
1444 3734 1654 3800 ίσχύος
1699 3733 1892 3799 χειρός

316 3861 433 3899 σου
480 3841 595 3912 ὲτὼ
639 3837 940 3905 ἐξέλιπον.
973 3833 1107 3904 Περὶ
1136 3833 1191 3885 δὲ
1216 3831 1316 3900 τῆς
1355 3827 1535 3899 χειρὸς
1559 3825 1759 3893 ταύτης
1800 3824 1892 3875 καὶ

315 3932 571 4001 ἀνωτέρω
605 3929 819 3998 ἐλέγετο
844 3944 856 3956 ·
900 3919 1327 3988 Ἐπεστήριξας
1370 3917 1460 3970 ἐπ’
1493 3912 1596 3983 ἐμὲ
1626 3913 1738 3980 τὴν
1768 3913 1887 3980 χεῖ-

316 4023 391 4089 ρά
435 4037 574 4076 σου.
606 4016 741 4074 Εἶτα
786 4016 1048 4076 διδάσκει,
1087 4015 1168 4065 ὅτι
1204 4012 1276 4081 μὴ
1311 4010 1484 4079 μάτην
1510 4009 1543 4076 ἡ
1580 4005 1697 4074 χεὶρ
1730 4003 1884 4056 ἐπαίέ

317 4114 457 4176 ﬁsus,
486 4111 620 4183 μηδὲ
643 4113 722 4173 είς
753 4107 919 4179 ἀργὸν
945 4103 1264 4172 ἐμαστίγου,
1289 4098 1404 4152 ἀλλ’
1425 4098 1511 4148 ἐπ’
1532 4093 1769 4183 ὠφελείᾳ
1795 4091 1887 4144 τοῦ

316 4182 719 4274 ἡμαρτηκότος
753 4196 833 4250 διό
859 4210 1059 4264 φησιν·
1103 4193 1207 4252 ,Ἐν
1254 4185 1525 4256 ἐλογμοῖς
1569 4182 1720 4251 ὑπὲρ
1750 4185 1888 4236 ἀνο-

316 4293 455 4364 μίας
484 4289 846 4352 ἐπαίδευσας
898 4281 1417 4352 ἆνθρωπον.”Υπὲρ
1459 4276 1566 4347 γὰρ
1607 4275 1706 4345 τῆς
1759 4292 1892 4347 παρ-

318 4381 577 4455 αχθείσης
624 4379 852 4454 ἀνομίας
901 4374 993 4429 καὶ
1029 4373 1118 4426 διὰ
1159 4372 1226 4424 ’τὸ
1273 4367 1549 4440 παραχθὲν
1588 4365 1889 4436 ἁμάρτημα

318 4474 553 4544 ἐλέγχων
583 4470 674 4523 τὸν
709 4465 1092 4536 παιδευόμενον
1134 4462 1228 4516 καὶ
1253 4460 1352 4523 τὰς
1387 4459 1653 4529 μάστιγας
1686 4455 1889 4524 ἐπῆγες

319 4559 414 4619 καὶ
455 4563 554 4633 τὴν
605 4558 764 4630 χεῖρά
797 4573 892 4609 σου
923 4553 1310 4625 προλεχθεϊσαν
1332 4567 1344 4579 ·
1377 4547 1583 4609 τούτοις
1618 4546 1674 4598 δὲ
1710 4545 1890 4605 αὐτοῖς

1993 3386 2162 3439 quare
2193 3370 2426 3429 dicebat,
2465 3385 2555 3437 ego
2580 3370 2630 3420 in
2661 3369 2871 3437 ﬂagella
2899 3377 3120 3434 paratus
3154 3383 3289 3418 sum.
3322 3365 3390 3417 At
3418 3380 3558 3434 quo-

1993 3458 2135 3512 niam
2161 3459 2416 3525 deinceps
2446 3456 2653 3524 ﬂagella
2689 3466 2772 3506 sat
2801 3463 3054 3522 expertus
3089 3460 3232 3514 erat,
3267 3469 3389 3505 cum
3435 3467 3558 3508 sese

2001 3573 2038 3601 ;.,
2089 3552 2209 3602 idue
2263 3548 2547 3610 laceraret,
2596 3553 2848 3613 precatur
2894 3543 3111 3596 demum
3154 3558 3340 3594 eorum
3396 3543 3557 3596 finem

1993 3640 2108 3690 dari
2141 3645 2194 3689 et
2230 3637 2317 3689 hic
2350 3637 2544 3688 sistere
2573 3633 2800 3702 ﬂagella,
2837 3647 2897 3685 ac
2949 3631 3206 3699 (ἰθίηςιινδ
3254 3632 3336 3683 bis
3368 3630 3553 3684 verbis

1992 3733 2294 3800 confitetur,
2340 3745 2370 3778 α
2406 3725 2712 3794 fortitudine
2754 3727 2942 3776 manus
2989 3733 3091 3782 tua:
3130 3739 3219 3791 ego
3265 3722 3448 3790 deferi.
3481 3720 3558 3775 De

1993 3821 2092 3874 hac
2125 3835 2286 3890 porro
2317 3833 2479 3871 manu
2504 3818 2756 3885 superius
2785 3817 3013 3877 dictum,
3047 3811 3377 3880 conﬁrmasti
3401 3827 3558 3880 super

1991 3927 2070 3982 me
2090 3926 2300 3962 manum
2333 3918 2494 3961 tuam.
2525 3907 2636 3961 Sub
2667 3908 2782 3960 hate
2813 3907 2992 3971 docet,
3026 3920 3243 3957 [nanum
3278 3903 3424 3956 illam
3447 3920 3556 3958 non

1993 4002 2194 4056 frustra
2224 4002 2522 4070 corrigere,
2553 4015 2729 4070 neque
2777 4000 2830 4051 in
2874 4013 3090 4051 cassum
3125 3996 3414 4065 castigare,
3458 3996 3554 4050 sed

1991 4109 2087 4168 pro
2121 4092 2398 4162 peccantis
2426 4093 2656 4145 utilitate
2684 4104 2885 4160 .quare
2907 4090 3003 4150 ait,
3033 4090 3086 4141 in
3115 4087 3554 4154 increpationibus

1988 4193 2195 4252 propter
2224 4184 2553 4255 iniquitatem
2605 4183 2908 4250 corripuisti
2947 4180 3224 4233 hominem.
3278 4177 3412 4230 Nam
3455 4193 3554 4246 pro

1989 4276 2226 4328 admissa
2273 4273 2580 4342 iniquitate,
2617 4281 2670 4327 et
2712 4287 2810 4346 pro
2853 4279 3074 4340 peccato
3119 4267 3265 4321 edito
3301 4281 3426 4319 eum
3459 4266 3561 4336 qu'.

1988 4365 2385 4435 eorripiebatur
2414 4379 2671 4435 arguens,
2710 4360 2918 4431 ﬂagella
2944 4368 2998 4414 et
3037 4367 3390 4412 memoratam
3429 4372 3548 4410 ma-

1987 4471 2115 4509 num
2143 4453 2404 4509 inﬂixisti.
2441 4453 2602 4508 Hisce
2624 4465 2787 4521 porro
2820 4447 3055 4501 animam
3078 4447 3225 4500 illius
3249 4445 3343 4514 qui
3375 4448 3553 4499 corri-

1987 4544 2233 4613 piebatur
2260 4544 2542 4598 tabescere
2565 4540 2759 4602 fecisti,
2788 4526 3149 4606 pro,utilitate
3180 4536 3350 4604 ipsius
3374 4535 3554 4588 bumi-

320 4617 414 4711 stal
771 4645 862 4700 τοῦ
891 4617 1277 4712 παιδευομένου
1301 4637 1576 4708 ἐξέτηξας,
1608 4652 1889 4689 ταπεινου-
1919 4659 1964 4717 υ
1990 4634 2039 4686 li:

1831 4652 1889 4686 u-
1919 4659 1964 4717 υ
1990 4634 2172 4686 liatam
2208 4630 2266 4686 et'
2286 4636 2649 4686 extenuatam.
2688 4627 2818 4680 Nam
2844 4641 2953 4696 quo
2982 4618 3229 4694 tempore
3256 4617 3550 4678 in'deliciis

325 4745 492 4817 μένην
515 4744 609 4797 καὶ
636 4735 1038 4807 λεπτυνομένην
1069 4735 1153 4787 ἐπ’
1177 4729 1413 4800 ὠφελείᾳ
1437 4731 1504 4799 τῇ
1532 4728 1722 4817 αὐτῆς.
1750 4725 1886 4781 Καθ’

318 4815 377 4890 δν
409 4837 516 4907 γὰρ
542 4831 751 4906 ἐτρύφα
775 4829 981 4902 χρόνον,
1020 4826 1102 4887 είς
1129 4821 1402 4892 ἁμαρτίας
1435 4816 1685 4883 ὲξώλισθε
1704 4855 1719 4878 ,
1751 4815 1889 4868 κατὰ

320 4929 412 4982 τόο
441 4917 664 4996 Ἐφατε
705 4921 806 4976 καὶ
842 4921 1010 4974 ἔπιεν
1041 4913 1256 4975 Ἰακὼϐ,
1281 4913 1376 4964 καί
1419 4908 1820 4965 ἀπελάκτισεν
1857 4910 1889 4960 d

319 5017 725 5089 ἡγῇ-τετιμένος,
756 5011 1094 5074 eruatur-0n
1127 5005 1222 5058 καί
1266 5003 1571 5089 ἐπαχύνθη
1593 4999 1743 5089 ,Ακαὶ
1781 4998 1891 5089 dm.-

321 5081 470 5172 ἔστη
506 5081 622 5159 άπὸ
659 5081 807 5158 Θεοῦ
834 5099 941 5154 τοῦ
979 5095 1294 5164 τρέφοντος
1317 5088 1517 5144 αὐτόν.
1558 5085 1666 5145 Διὸ,
1695 5085 1792 5135 ἵνα
1823 5081 1890 5134 τὸ

256 5244 262 5249 .
323 5194 558 5262 πνεῦμα
589 5191 754 5260 σωθῇ
795 5192 865 5244 ἐν
909 5185 983 5255 τῇ
1033 5182 1221 5254 ἡμέρᾳ
1247 5179 1351 5233 τοῦ
1382 5177 1620 5243 Κυρίου,
1653 5175 1692 5241 ἡ
1734 5172 1889 5240 σὰρξ

324 5281 714 5353 παραδέδοται
742 5283 829 5345 είς
858 5279 1103 5344 ὄλεθρον
1120 5292 1133 5304 ·
1187 5270 1255 5343 ἦς
1281 5265 1711 5339 τιμωρουμένης,
1733 5266 1891 5334 ἐκτή-

325 5393 479 5434 κεται
529 5373 674 5444 ψυχὴ
707 5369 1084 5441 ὲξισχνουμένη
1120 5365 1273 5434 δίκην
1311 5361 1549 5433 ἀράχνης
1569 5375 1583 5388 ·
1614 5356 1693 5409 διὸ
1725 5373 1887 5427 φησι·

326 5470 432 5525 Kal
459 5465 746 5532 ἐξέτηξας
763 5464 844 5528 ὡς
873 5459 1143 5527 ἀράχνην
1171 5456 1284 5523 τὴν
1307 5452 1518 5523 ψυχὴν
1548 5449 1732 5505 αὐτοῦ
1751 5465 1764 5477 ·
1795 5448 1890 5502 καὶ

327 5562 569 5630 ἐπιλέγει
588 5575 603 5589 ο
624 5555 797 5624 Πλὴν
823 5553 1020 5624 μάτην
1039 5547 1156 5614 πᾶς
1175 5547 1504 5616 ἄνθρωπος,
1535 5542 1692 5595 πάλιν
1720 5541 1810 5594 τὸν
1833 5542 1891 5592 ἐν

330 5653 403 5725 τῷ
427 5653 528 5724 βίῳ
558 5650 731 5720 τούτῳ
760 5646 884 5715 εικῆ
916 5641 1010 5697 καὶ
1043 5640 1216 5712 μάτην
1263 5635 1562 5710 μοχθοῦντα
1609 5634 1699 5687 καὶ
1727 5648 1889 5686 κακο-

332 5743 601 5805 πάρῦντα
629 5736 942 5809 ταλανίζων.

436 5897 484 5930 ⁸⁸
529 5899 684 5952 Deut.
722 5910 910 5957 usu,
952 5848 1055 5944 15..
1111 5885 1154 5916 ’⁸
1195 5882 1368 5939 lCor.
1404 5885 1536 5949 v,5.

1993 4726 2203 4796 agebat,
2238 4733 2351 4777 tum
2384 4723 2436 4774 in
2466 4727 2687 4790 peccata
2718 4720 2867 4788 lapsa
2901 4726 3004 4781 est,
3041 4716 3350 4771 secundum
3374 4715 3507 4769 illud
3535 4733 3549 4767 τ

1984 4815 2229 4870 ’ϐοηιεαὶι
2256 4822 2305 4867 et
2332 4800 2458 4864 bibit
2478 4809 2666 4874 Jacob,
2694 4822 2742 4863 et
2770 4809 3121 4862 recalcitruoit
3155 4797 3377 4859 dilectus
3407 4813 3456 4858 et
3477 4805 3550 4872 in.

1993 4906 2258 4962 cras‘satus
2282 4915 2378 4968 est,
2399 4915 2449 4959 et
2474 4906 2684 4959 recessit
2710 4922 2743 4958 a
2767 4905 2869 4957 Deo
2891 4904 2980 4972 qui
3012 4902 3274 4954 nutriebat
3298 4900 3466 4966 ipsum
3479 4897 3552 4954 ".

1993 4995 2374 5061 Quamobrem,
2419 5002 2476 5044 ut
2521 4994 2741 5062 spiritus
2778 4991 2958 5045 salvus
2999 4991 3066 5042 sit
3104 4991 3156 5041 in
3190 4988 3273 5040 die
3313 4986 3549 5050 Domini,

1995 5103 2118 5140 caro
2141 5083 2336 5142 tradita
2374 5095 2451 5138 est
2480 5087 2536 5138 in
2567 5084 2832 5138 interitum
2853 5082 2898 5112 "
2927 5095 3076 5154 :‘qua
3120 5076 3388 5146 supplicio
3417 5063 3551 5130 επο-

1995 5186 2103 5241 cts,
2151 5175 2334 5229 anima
2385 5177 2613 5230 tabescit
2648 5181 2702 5229 et
2747 5178 3074 5226 extenuatur
3127 5170 3266 5220 sicut
3307 5179 3546 5220 aranea:

1992 5271 2113 5326 ideo
2141 5270 2236 5333 ait,
2267 5268 2335 5322 Et
2376 5270 2633 5329 tabescere
2659 5265 2828 5334 fecisti
2858 5265 2994 5318 sicut
3026 5275 3273 5315 araneam
3317 5259 3548 5309 animum

1993 5376 2159 5416 meam
2195 5376 2211 5412 :
2243 5361 2442 5430 quibus
2502 5357 2726 5426 adjicit,
2777 5355 3142 5409 Verumtamen
3205 5363 3332 5400 vane
3383 5345 3549 5397 omnis

1993 5455 2164 5516 homo,
2208 5451 2469 5506 miserum
2514 5450 2693 5503 denuo
2717 5446 3023 5517 praedicans
3053 5455 3196 5503 eum,
3239 5437 3330 5507 qui
3363 5436 3416 5486 in
3449 5433 3550 5486 hac

1993 5547 2100 5600 vita
2131 5543 2186 5599 in
2216 5542 2494 5598 laboribus
2521 5546 2574 5594 et
2601 5537 2858 5593 aerumnis
2891 5535 3092 5590 frustra
3125 5534 3395 5586 versatur.
