4354 6406
741 497 838 550 351

1437 488 1704 547 EUSEBII
1740 484 2219 546 CESABIENSIS
2255 482 2402 541 OPP.
2431 480 2613 539 PARS
2646 480 2735 538 Ill.
2764 512 2834 522 —
2864 479 3273 537 EXEGETICA.

3862 480 3967 540 553

826 609 982 666 Vens.
1016 612 1100 673 l3,
1137 610 1222 665 N.
1262 609 1475 664 Exaudi
1507 613 1797 663 orationem
1839 624 2027 683 meam,
2060 605 2299 669 Domine,
2329 611 2376 666 Α
2473 603 2545 657 Είι

2247 620 2299 669 ηε,
2329 611 2376 666 Α
2473 600 2856 657 Είσάκουσον
2897 599 3010 669 τῆς
3051 596 3400 668 προσευχῆς
3442 616 3580 668 μου,
3621 600 3816 670 Κύριε,
3865 603 3966 657 καὶ

741 712 791 757 et
816 703 1233 771 deprecationem
1280 719 1449 756 meam
1498 718 1516 755 :
1554 701 1769 756 auribus
1798 701 2003 771 percipe
2036 698 2299 768 lacrymas

742 810 905 850 meas.
942 791 1024 847 Ne
1057 795 1239 857 sileas,
1276 793 1524 862 quoniam
1553 791 1752 846 advena
1794 809 1887 862 ego
1921 808 2038 845 sum
2068 789 2208 860 apud
2255 799 2303 843 te

739 894 790 938 et
811 887 1135 956 peregrinus,
1166 888 1303 940 sicut
1343 902 1517 940 omnes
1543 894 1718 953 patres
1750 884 1872 938 mei.
1908 882 2009 937 Hic
2040 872 2099 937 se
2128 879 2302 934 conﬁ-

742 984 884 1030 tetur
924 978 1186 1040 advenam
1229 986 1283 1031 et
1332 979 1716 1047 peregrinum:
1755 974 1906 1032 novit
1932 980 2113 1027 autem
2142 971 2301 1025 aliam

743 1082 861 1122 esse
891 1066 1320 1135 refrigerationis
1366 1069 1553 1131 vitam,
1586 1082 1751 1137 quam
1782 1064 1999 1141 assequi
2032 1068 2300 1133 peroptat,

743 1160 962 1213 dicens:
996 1142 1218 1212 Remitte
1248 1158 1374 1211 mihi
1404 1168 1460 1211 ut
1498 1158 1799 1227 refrigerer.
1830 1154 1947 1209 Non
1979 1154 2160 1223 itaque
2186 1166 2304 1206 om-

744 1264 864 1308 nem
888 1252 1159 1307 hominem
1195 1252 1458 1307 advenam
1484 1266 1606 1305 esse
1634 1256 1838 1303 temere
1864 1247 2017 1309 dicit,
2062 1259 2160 1299 nec
2189 1242 2305 1297 fru-

744 1354 855 1400 stra
896 1360 1019 1398 cum
1050 1342 1177 1398 ﬂetu
1231 1351 1284 1395 et
1318 1340 1578 1411 lacrymis
1617 1338 2051 1407 deprecationem
2082 1335 2301 1399 emittit,

744 1451 945 1507 gnarus
988 1436 1199 1489 scilicet
1231 1433 1398 1509 illius,
1435 1431 1587 1485 Beati
1617 1431 1707 1500 qui
1740 1430 1885 1499 ﬂent,
1919 1430 2167 1498 quoniam
2204 1427 2304 1494 ipsi

746 1526 1037 1587 ridebunt’,
1057 1532 1130 1583 et,
1152 1523 1299 1576 Beati
1328 1522 1415 1591 qui
1446 1520 1639 1589 lugent,
1673 1520 1920 1588 quoniam
1940 1518 2041 1583 ipsi
2061 1514 2302 1569 consola—

744 1619 938 1671 buntur
966 1619 1007 1669 ².
1036 1616 1111 1669 Ac
1137 1622 1280 1669 recte
1321 1613 1460 1667 facta
1504 1627 1601 1667 sua
1635 1611 1892 1681 posthaec
1919 1610 1990 1662 ita
2021 1608 2300 1673 describit,

744 1710 827 1765 his
874 1722 1178 1763 sermonem
1225 1703 1557 1759 concludens
1606 1722 1619 1757 ε
1658 1701 1919 1768 Quoniam
1966 1699 2164 1752 advena
2213 1715 2305 1767 ego

744 1815 858 1853 sum
888 1809 933 1851 et
988 1796 1310 1866 peregrinus,
1354 1797 1488 1849 sicut
1533 1810 1708 1847 omnes
1756 1801 1932 1861 patres
1981 1791 2097 1844 mei.
2130 1788 2305 1843 Rarus

743 1906 875 1944 sane
908 1900 991 1944 est
1024 1890 1071 1943 is
1097 1890 1186 1958 qui
1220 1888 1396 1957 possit
1437 1885 1505 1939 ad
1548 1884 1905 1937 imitationem
1932 1882 2300 1951 religiosorum

744 1961 960 2054 patrum
989 1988 1042 2036 et
1075 1981 1463 2051 prophetarum
1492 1976 1606 2038 Dei,
1650 1991 1759 2029 non
1804 1984 1861 2027 ut
1891 1974 2089 2034 incola,
2124 1974 2217 2027 sed
2246 1981 2303 2025 ut

743 2075 948 2128 advena
985 2082 1389 2141 tcmporaneam
1424 2067 1621 2122 ducere
1654 2068 1823 2119 vitam
1872 2084 1885 2120 :
1939 2080 2043 2134 qua
2077 2064 2129 2118 in
2172 2082 2229 2119 rc
2256 2065 2301 2119 is

745 2166 838 2233 qui
893 2164 1135 2231 loquitur
1181 2161 1536 2231 gloriabatur,
1587 2161 1925 2229 peregrinam
1975 2165 2029 2212 et
2075 2156 2304 2209 alienam

748 2256 1037 2307 humanam
1064 2253 1226 2305 vitam
1260 2250 1555 2305 aestimans.
1589 2248 1811 2302 Remitte
1855 2249 1983 2301 milti
2008 2257 2065 2301 ut
2096 2248 2307 2317 refrige-

748 2363 833 2401 rer
861 2348 1166 2415 priusquam
1206 2344 1410 2407 abeam,
1444 2352 1492 2395 et
1532 2341 1757 2409 amplius
1781 2358 1884 2395 non
1916 2356 2025 2394 ero.
2058 2338 2165 2392 Pro
2198 2352 2307 2408 quo

730 2437 1108 2510 "Symmachus
1134 2436 1229 2497 ait,
1264 2432 1492 2488 Abscede
1513 2451 1545 2486 a
1572 2451 1652 2487 me
1684 2443 1740 2485 ut
1777 2431 2000 2495 rideam,
2029 2440 2307 2499 antequam

746 2528 932 2582 abeam
980 2535 1027 2578 et
1061 2542 1163 2577 non
1208 2524 1455 2579 existam.
1496 2522 1611 2576 Nisi
1651 2521 1795 2575 enim
1843 2521 1931 2574 hic
1961 2518 2183 2572 mutatis
2213 2533 2308 2587 per

747 2619 977 2690 gratiam
1006 2624 1153 2670 tuam
1190 2616 1243 2669 in
1280 2616 1451 2670 risum
1473 2614 1730 2685 lacrymis
1758 2612 1985 2675 rideam,
2019 2627 2082 2666 ac
2118 2612 2219 2665 nisi
2252 2611 2305 2663 in

752 2713 999 2779 prasenti
1035 2710 1144 2762 vita
1175 2709 1421 2763 remittas
1454 2707 1584 2761 mihi
1616 2707 1870 2761 delictum
1916 2712 1970 2759 et
2005 2704 2306 2757 facinorum

750 2799 965 2852 veniam
1014 2798 1275 2867 praebeas,
1306 2805 1363 2851 ut
1394 2797 1661 2866 meipsum
1695 2794 1953 2864 recipiam
1997 2799 2051 2846 et
2083 2791 2308 2860 refrige-

752 2905 895 2956 rem;
946 2898 1067 2959 post
1111 2892 1315 2944 exitum
1366 2904 1396 2941 a
1431 2888 1540 2943 vita
1587 2887 1797 2940 nullum
1842 2885 1947 2939 erit
1975 2884 2309 2953 pmnitentiaa

750 2988 986 3051 tempus.
1018 2978 1095 3034 Ac
1129 2980 1174 3034 si
1217 2982 1431 3032 veniam
1462 2992 1571 3030 non
1600 2987 1928 3042 consequar,
1966 2973 2021 3025 in
2049 2972 2159 3025 vita
2189 2985 2308 3039 quae

752 3072 893 3142 apud
928 3081 979 3126 te
1002 3079 1085 3126 est
1115 3070 1347 3138 amplius
1378 3083 1487 3121 non
1504 3081 1637 3131 ero;
1666 3064 1763 3119 sed
1788 3064 2022 3133 reiectus
2049 3062 2310 3117 assimila-

753 3163 848 3216 bor
881 3160 1311 3216 descendentibus
1355 3160 1411 3212 in
1457 3160 1649 3212 lacum.
1679 3158 1861 3223 Quare
1885 3157 1939 3210 in
1962 3155 2064 3210 hac
2089 3155 2197 3209 vita
2228 3154 2308 3208 sic

2400 693 2512 762 τῆς
2555 693 2817 760 δεήσεώς
2856 709 3005 762 μου·
3039 692 3315 745 ἐνώτισαι
3358 690 3478 744 τῶν
3520 691 3793 760 δακρύων
3822 712 3964 763 μου.

2400 786 2497 854 Μὴ
2527 784 3021 854 παρασιωπήσῃς,
3056 784 3143 837 ὅτι
3187 782 3471 852 πάροικος
3497 783 3612 853 ἐγώ
3638 787 3754 853 ειμι
3791 786 3862 839 ἐν
3890 786 3968 855 τῇ

2400 877 2479 950 γῇ
2518 877 2618 933 καί
2657 876 3088 946 παρεπίδημος,
3128 876 3318 942 καθὼς
3352 874 3574 941 πάντες
3621 879 3675 931 ol
3720 878 3969 946 πατέρες

2394 986 2533 1039 μου.
2552 966 2814 1021 Ἐνταῦθα
2844 964 3094 1035 ὁμολογεῖ
3140 964 3396 1035 πάροικος
3440 959 3578 1018 εῖναι
3608 966 3702 1018 καὶ
3731 967 3965 1037 παρεπί-

2399 1060 2567 1131 δημος
2590 1076 2603 1087 ·
2642 1054 2750 1111 οἶδέ
2781 1074 2841 1109 τε
2870 1056 3061 1128 ἑτέραν
3107 1055 3250 1127 ζωὴν
3285 1054 3659 1125 ἀναψύξεως,
3690 1050 3757 1129 ἦς
3787 1060 3967 1128 τυχεῖν

2400 1150 2639 1221 γλίχεται
2684 1148 2890 1215 λέγων’
2923 1149 3079 1206 Ἄγε(
3120 1164 3244 1217 μοι,
3278 1149 3379 1201 ἵνα
3421 1149 3730 1217 άναψύξω.
3760 1149 3966 1205 Οὔκουν

2405 1244 2581 1312 μάτην
2610 1240 2786 1293 πάντα
2819 1239 3099 1309 ἄνθρωπον
3130 1240 3391 1311 πάροικον
3421 1239 3595 1309 ἔλεγε,
3633 1242 3769 1311 μετά
3799 1243 3965 1296 κλαυ-

2402 1332 2537 1402 θμοῦ
2568 1331 2623 1384 δὲ
2646 1332 2739 1384 καὶ
2766 1330 3012 1401 δακρύων
3039 1332 3136 1403 τὴν
3162 1331 3440 1403 ἱκετηρίαν
3462 1333 3792 1402 ἀναπέμπει,
3810 1334 3966 1403 ἀκρι-

2403 1422 2510 1485 ϐὡς
2541 1419 2714 1484 εἰδὼς,
2759 1422 2839 1473 ὃτι
2872 1420 3158 1490 Μακάριοι
3206 1424 3259 1475 oi
3303 1421 3639 1488 κλαίοντες,
3670 1420 3759 1473 ὅτι
3803 1420 3968 1491 γελάο

2402 1528 2632 1574 σονται,
2661 1514 2772 1576 καὶ,
2820 1512 3102 1580 Μακάριοι
3134 1517 3187 1567 οἱ
3218 1512 3597 1578 πενθοῦντες,
3647 1513 3737 1565 ὅτι
3781 1530 3967 1582 παρα-

2403 1605 2805 1670 κληθήσονται
2833 1621 2846 1633 ·
2880 1605 2971 1657 καὶ
3002 1604 3070 1657 τά
3113 1604 3507 1675 κατορθώματα
3546 1604 3602 1656 δὲ
3644 1604 3804 1658 αὑτοῦ
3839 1606 3968 1658 ὑπο-

2402 1698 2598 1766 γράφει
2632 1696 2894 1764 ἐπιλέγων
2915 1714 2928 1725 ·
2962 1696 3080 1748 Ὅτι
3112 1694 3395 1763 πάροικος
3419 1693 3531 1764 ἐγώ
3551 1698 3663 1763 εὶμι
3698 1696 3797 1749 καὶ
3823 1710 3970 1767 παρ-

2402 1791 2707 1856 επίδημος,
2744 1787 2934 1853 καθὼς
2960 1786 3179 1853 πάντες
3209 1789 3263 1840 οί
3292 1786 3539 1854 πατέρες
3562 1804 3700 1857 μου.
3732 1789 3964 1844 Σπανίου

2402 1881 2459 1934 δέ
2488 1884 2633 1934 ἐστιν
2666 1880 2857 1951 ἀνδρὸς
2881 1879 2941 1932 τὸ
2970 1878 3227 1933 δύνασθαι
3249 1878 3387 1931 κατά
3419 1879 3645 1951 μίμησιν
3662 1880 3769 1933 τῶν
3795 1880 3970 1951 θεοφι-

2405 1974 2510 2028 λῶν
2558 1973 2806 2043 πατέρων
2850 1972 2945 2026 καὶ
2992 1972 3099 2024 τῶν
3146 1970 3437 2042 προφητῶν
3477 1972 3569 2024 τοῦ
3618 1972 3751 2026 Θεοῦ
3788 1974 3861 2044 μὴ
3892 1974 3969 2039 ὡς

2406 2068 2629 2131 ἐνοικος,
2660 2066 2773 2119 ἀλλ’
2800 2066 2875 2130 ὼς
2924 2066 3183 2137 πάροικος
3227 2065 3325 2136 τὴν
3378 2065 3705 2138 πρόσκαιρον
3731 2066 3971 2122 διαϐιοῦν

2406 2160 2549 2231 ζωήν
2568 2177 2581 2189 ·
2608 2159 2691 2228 ἐφ’
2711 2152 2755 2226 ᾧ
2777 2160 2868 2211 καὶ
2892 2160 2921 2211 ὁ
2950 2157 3140 2228 παρὼν
3161 2156 3480 2228 ἐσεμνύνετο
3503 2157 3789 2227 παροικίαν
3806 2156 3971 2229 ἡγού-

2408 2266 2564 2321 μενος
2591 2248 2683 2301 καὶ
2709 2248 2968 2313 ξενιτείαν
2992 2248 3081 2300 τὸν
3112 2246 3449 2317 ἀνθρώπινον
3477 2246 3588 2316 βίον
3606 2263 3622 2279 ο
3650 2248 3968 2317 Ἀνεςημοᾱ

2405 2339 2505 2391 ἵνα
2535 2336 2825 2405 άναψύξω
2845 2336 2959 2403 πρὸ
2990 2335 3096 2391 ποῦ
3122 2354 3197 2407 με
3228 2337 3528 2400 ἀπελθεῖν,
3548 2337 3643 2389 καὶ
3668 2336 3863 2391 οὐκέτι
3882 2338 3970 2407 μὴ

2405 2427 2667 2496 ὑπάρξω.
2696 2427 2834 2480 ’Λνθ’
2852 2423 2911 2482 οὗ
2934 2429 2963 2479 ὁ
2988 2416 3279 2498 Σύμμαχός
3305 2445 3436 2499 φησι
3455 2445 3469 2458 ·
3502 2428 3803 2497 Ἀπόσχου
3826 2446 3968 2498 μου,

2406 2515 2504 2574 ἵνα
2530 2521 2814 2591 μειδιάσω
2838 2522 2979 2588 πρὶν
2999 2520 3282 2576 ἀπελθεῖν
3299 2538 3395 2590 με,
3424 2519 3523 2574 καί
3544 2518 3629 2590 μὴ
3658 2520 3967 2591 ὑπάρχειν.

2418 2611 2542 2666 Ἐἀν
2569 2612 2677 2684 γάρ
2710 2612 2975 2677 ἐντεῦθεν,
3004 2613 3156 2683 φησι,
3191 2611 3286 2683 μὴ,
3322 2610 3637 2683 μεταϐαλὼν
3663 2613 3732 2667 τά
3760 2613 3971 2685 δάκρυα

2406 2706 2485 2767 εἰς
2508 2704 2717 2773 γέλωτα
2736 2705 2824 2757 διὰ
2855 2706 2953 2775 τὴν
2986 2706 3085 2776 σὴν
3123 2704 3303 2775 χάριν,
3339 2704 3620 2775 μειδιάσω,
3648 2707 3742 2758 καὶ
3771 2705 3865 2759 ὲάν
3896 2705 3971 2777 μὴ

2405 2799 2462 2849 ὲν
2505 2796 2582 2866 τῷ
2628 2798 2853 2867 παρόντι
2894 2797 2993 2867 βίῳ
3021 2798 3153 2867 ἀνῇς
3185 2815 3273 2867 μοι
3298 2799 3358 2851 τὸ
3381 2799 3685 2871 ἁμάρτημα
3716 2797 3809 2851 καὶ¹
3843 2813 3966 2863 συγ-

2405 2890 2658 2959 χωρήσῃς
2688 2889 2756 2942 τά
2785 2889 3167 2960 πεπραγμένα,
3203 2890 3290 2943 ἵνα
3316 2889 3567 2943 ἀναλάϐω
3610 2887 3846 2960 ἐμαυτὸν
3880 2886 3971 2940 καὶ

2407 2981 2660 3049 ἀναψύξω
2696 2981 3026 3048 ἀπαλλαγεὶς
3066 2981 3160 3034 τοῦ
3201 2981 3532 3053 προσκαίρου
3565 2981 3700 3052 βίου,
3730 2981 3830 3033 οὐκ
3859 2978 3971 3031 ἐστι

2408 3070 2598 3141 καιρὸς
2622 3071 2919 3141 μετανοίας.
2941 3072 3031 3141 Μὴ
3051 3070 3228 3141 τυχὼν
3251 3071 3306 3124 δὲ
3328 3071 3574 3140 ἀφέσεως
3599 3071 3782 3124 οὐκέτι
3808 3070 3970 3138 ὑπάρ-

2408 3158 2484 3226 ξω
2514 3162 2570 3215 ἐν
2613 3163 2679 3231 τῇ
2725 3162 2874 3232 παρὰ
2906 3163 2989 3214 σοὶ
3030 3160 3173 3232 ζωῇο
3221 3161 3523 3232 ἀπόϐλητος
3568 3162 3624 3215 δὲ
3663 3162 3972 3231 γενόμενος,

753 3252 1039 3321 deprecor,
1075 3249 1156 3304 Ne
1184 3250 1341 3304 sileas
1376 3267 1408 3303 a
1436 3266 1535 3315 me,
1564 3248 1833 3321 nequando
1866 3256 2038 3302 taceas
2070 3263 2103 3300 a
2133 3262 2232 3313 me,
2258 3255 2307 3301 et
2336 3276 2377 3335 ο
2410 3254 2472 3321 dp

2258 3255 2307 3301 et
2336 3276 2377 3335 ο
2410 3252 2841 3321 όμοιωθήσομαι
2872 3253 2994 3319 τοῖς
3018 3253 3482 3307 καταϐαίνουσιν
3505 3256 3591 3319 εἰς
3612 3251 3861 3307 λάκκον.
3887 3253 3972 3306 Διὸ

756 3341 1093 3397 assimilabor
1119 3341 1545 3395 descendentibus
1576 3342 1633 3393 iu
1660 3340 1857 3394 lacum.

1066 3601 1120 3656 1.
1152 3600 1219 3654 IN
1254 3598 1461 3653 FINEM
1502 3598 1733 3654 DAVlDl
1760 3600 2000 3657 XXXIX.

834 3693 991 3748 Vens.
1028 3692 1107 3746 2-
1148 3693 1201 3746 4.
1256 3691 1580 3761 Exspectans
1640 3693 1931 3759 exspectavi
1998 3692 2310 3762 Dominum,

691 3804 697 3810 '
757 3793 807 3839 et
834 3784 1066 3839 intendit
1118 3784 1265 3840 mihi.
1293 3814 1360 3852 -έ-
1391 3784 1650 3859 Quoniam
1695 3782 1964 3837 tribulatio
2007 3785 2313 3852 patientiam

758 3886 1053 3947 operatur:
1105 3876 1362 3943 patientia
1412 3887 1585 3930 autem
1641 3873 2017 3943 probationem,
2073 3875 2312 3944 probatio

757 3988 875 4026 vero
918 3985 1058 4039 spem
1090 3986 1107 4023 :
1140 3986 1251 4037 spes
1303 3981 1477 4023 autem
1526 3986 1629 4024 non
1665 3970 1938 4039 confundit
1965 3971 2004 4024 ³.
2042 3968 2173 4025 Jure
2198 3971 2315 4039 qui-

757 4064 879 4118 dem
910 4062 1093 4130 justus
1122 4075 1228 4114 non
1266 4060 1465 4115 frustra
1490 4071 1788 4131 exspectat,
1823 4063 1918 4118 sed
1954 4078 2102 4134 spem
2133 4064 2312 4117 inten-

757 4153 892 4207 dens
921 4167 1098 4213 suam,
1138 4166 1239 4204 nec
1271 4152 1567 4220 desperans
1612 4152 1678 4207 de
1709 4168 1772 4206 ea
1819 4170 1939 4225 quae
1986 4170 2017 4207 a
2074 4154 2185 4210 Deo
2229 4163 2313 4209 est

759 4250 957 4312 salute,
987 4247 1049 4301 in
1077 4246 1335 4317 patientia
1366 4254 1695 4315 perseverat.
1744 4246 2002 4313 Quamvis
2049 4265 2155 4303 non
2204 4258 2316 4304 sta-

760 4341 856 4397 tim
904 4351 1067 4406 atque
1108 4335 1362 4409 precatus
1396 4344 1478 4392 est
1507 4337 1796 4393 exauditus
1847 4338 2028 4403 fuerit,
2077 4348 2313 4395 attamen

761 4432 1032 4498 sperando
1057 4439 1356 4498 permanet,
1409 4444 1472 4483 ac
1504 4438 1813 4499 perseverat
1846 4430 1900 4483 in
1928 4429 2317 4484 obsecrationi~

760 4523 863 4577 bus
893 4533 946 4576 et
977 4523 1335 4578 orationibus.
1369 4522 1522 4589 Quod
1553 4524 1597 4578 si
1628 4523 1954 4593 quandoque
1990 4523 2220 4585 labatur,
2257 4534 2314 4579 ut

2412 3345 2657 3400 ἐντεῦθεν
2706 3346 2929 3399 ἱκετεύω
2972 3346 3175 3415 λέγων·
3220 3346 3318 3415 Μὴ
3362 3346 3833 3416 παρασιωπήσῃς
3874 3348 3977 3402 ἀπ’

2410 3438 2575 3507 ἐμοῦ,
2595 3437 2826 3507 μήποτε
2844 3438 3319 3508 παρασιωπήσῃς
3335 3439 3434 3495 ἀπ’
3459 3438 3626 3509 ἐμοῦ,
3656 3438 3753 3493 καί
3773 3441 3975 3508 ὁμοιω-

2412 3528 2666 3600 θήσομαι
2702 3530 2825 3597 τοῖς
2854 3530 3317 3585 καταϐαίνουσιν
3341 3534 3427 3597 είς
3453 3530 3704 3586 λάκκον.

2724 3626 2725 3629 “
2758 3620 2866 3675 ΕΙΣ
2903 3622 2988 3676 ΤΟ
3025 3623 3242 3674 ΤΕΛυΣ
3279 3621 3477 3673 ΔΑΥΙΔ
3514 3622 3637 3675 ΛΘ’.

2491 3714 2821 3783 Ὑπομένων
2842 3714 3130 3783 ὑπέμεινα
3155 3714 3260 3766 τὸν
3280 3704 3518 3781 Κύριον,
3543 3714 3639 3767 καί
3672 3715 3978 3784 προσέσχε

2406 3822 2524 3872 μοι.
2545 3804 2868 3871 -Ἐπειδὴ
2908 3806 2947 3871 ἡ
2985 3806 3189 3871 θλίψις
3212 3804 3526 3872 ὑπομονὴν
3552 3805 3974 3874 κατεργάζεται,

2414 3896 2451 3961 ἡ
2472 3894 2538 3947 δὲ
2560 3893 2832 3964 ὑπομονὴ
2860 3893 3130 3962 δοκιμὴν,
3155 3895 3194 3961 ἠ
3223 3893 3291 3946 δὲ
3314 3893 3523 3962 δοκιμὴ
3547 3895 3763 3948 ἐλπίδα
3780 3912 3795 3927 ο
3834 3897 3873 3965 ἠ
3909 3895 3978 3950 δὲ

2415 3986 2595 4052 ἐλπὶς
2641 3988 2711 4039 οὐ
2759 3985 3164 4054 καταισχύνει.
3199 3985 3436 4050 Εἰκότως
3482 3987 3581 4056 οὐχ
3630 3987 3811 4051 ἁπλῶς
3838 3988 3867 4040 ὀ
3895 3988 3975 4042 δί-

2412 4091 2563 4134 καιος
2604 4074 2881 4145 ὑπομένει,
2909 4073 3021 4127 ἀλλ’
3049 4074 3331 4127 ἐπιτείνων
3377 4073 3473 4145 τὴν
3527 4074 3716 4128 ἐλπίδα
3761 4076 3855 4129 καὶ
3900 4074 3976 4147 μὴ

2411 4166 2798 4234 ἀπογινώσκων
2825 4166 2921 4237 τὴν
2950 4167 3099 4237 παρά
3119 4166 3236 4237 Θεῷ
3262 4170 3551 4238 σωτηρίαν,
3584 4167 3886 4237 παραμένει

2412 4260 2676 4328 ὑπομονῇ.
2712 4256 2829 4310 Κᾶν
2879 4257 3217 4328 παραχρῆμα
3259 4257 3467 4328 δεηθεὶς
3517 4258 3590 4328 μὴ
3635 4258 3973 4329 ὑπακουσθῇ,

2411 4353 2558 4421 ὅμως
2600 4349 2832 4413 ἐλπίζων
2871 4349 3126 4419 ὑπομένει
3163 4352 3257 4403 καὶ
3291 4352 3688 4421 προσκαρτερεῖ
3712 4352 3830 4412 ταῖς
3855 4349 3977 4420 8d;-

2415 4456 2532 4492 σεσι
2558 4439 2650 4491 καὶ
2670 4440 2789 4500 ταῖς
2815 4441 3158 4507 προσευχαῖς.
3180 4441 3240 4493 Εἰ
3265 4440 3321 4493 δὲ
3348 4440 3440 4494 καὶ
3469 4442 3524 4492 ἐν
3550 4438 3821 4508 σφάλματί
3847 4453 3976 4493 ποτε

2412 4532 2637 4598 γένοιτο,
2672 4529 2855 4598 ὥσπερ
2882 4529 2911 4580 ὁ
2937 4528 3117 4592 Δαυῒδ,
3149 4531 3399 4601 ὁμολογεῖ
3428 4531 3501 4602 μὴ
3528 4532 3738 4599 ἀγνοεῖν
3758 4526 3846 4584 οἷα
3876 4547 3977 4584 κα-

761 4612 951 4666 Davidi
986 4612 1201 4677 accidit,
1237 4614 1523 4667 conﬁtetur
1549 4630 1657 4667 non
1684 4616 1931 4683 ignorare
1954 4627 2011 4666 se
2034 4627 2314 4683 quousque
2350 4632 2389 4685 ι)
2415 4622 2480 4674 ut?

2259 4630 2314 4667 “‘3
2350 4632 2389 4685 ι)
2415 4622 2522 4674 κῶν
2554 4619 2824 4691 ἐλήλυθεν.
2859 4620 2922 4671 Ei
2958 4618 3012 4671 δὲ
3049 4621 3141 4672 καὶ
3177 4622 3313 4691 μετὰ
3343 4620 3526 4677 ταῦτα.
3558 4620 3813 4675 ἀναλάϐοι
3854 4622 3978 4673 ἑαυ-

762 4704 1031 4758 malorum
1089 4704 1388 4759 devenerit.
1428 4704 1484 4758 Si
1528 4720 1657 4759 vero
1696 4704 2252 4774 postearesipiscens
2283 4718 2314 4756 a

762 4796 915 4865 lapsu
945 4810 1003 4850 se
1042 4794 1310 4861 retrahat,
1357 4782 1561 4864 gratias
1604 4804 1743 4865 aget,
1804 4802 2101 4864 notumque
2153 4792 2311 4847 faciet

761 4889 1016 4944 omnibus
1045 4888 1284 4962 esquali
1316 4887 1549 4941 miseria:
1578 4888 1791 4957 gurgite
1832 4904 1891 4943 se
1923 4887 2170 4942 eduxerit
2204 4901 2314 4940 me-

760 4982 914 5036 dicus
972 4989 1027 5034 et
1081 4986 1331 5039 servator
1380 4978 1576 5031 anima!
1624 4977 1831 5046 ipsius;
1892 4993 2059 5047 quare
2105 4977 2249 5032 dicet
2300 4995 2313 5029 :

762 5072 963 5126 Eduxit
992 5088 1072 5124 me
1091 5071 1153 5123 de
1186 5070 1303 5122 lacu
1334 5070 1560 5123 miseriae
1588 5078 1635 5121 et
1668 5071 1731 5121 de
1762 5068 1871 5120 luto
1892 5069 2055 5137 facis.
2076 5068 2130 5124 ld
2157 5084 2317 5140 porro

761 5165 1048 5228 obtinebit,
1076 5164 1206 5232 quia
1237 5170 1561 5232 exspectans
1615 5164 1949 5230 exspectavit
2006 5162 2314 5217 Dominum.

766 5257 970 5310 Lacuna
1010 5255 1266 5313 miseriae,
1310 5254 1633 5322 profundum
1675 5248 1903 5324 peccati,
1937 5254 2107 5309 lutum
2146 5254 2315 5318 faecis,

767 5349 929 5403 lutosi
967 5347 1213 5415 corporis
1245 5346 1570 5415 voluptates.
1619 5346 1672 5399 in
1724 5360 1857 5419 quas
1885 5345 2102 5416 delapsa
2136 5347 2316 5400 anima

767 5439 1103 5509 demergitnr
1131 5445 1184 5493 et
1206 5439 1363 5507 quasi
1393 5438 1447 5490 in
1480 5437 1748 5507 profundo
1780 5438 2053 5503 obruitur,
2097 5456 2204 5494 non
2234 5439 2317 5493 in-

762 5530 907 5599 juria
942 5530 1317 5600 appellaveris.
1366 5528 1467 5596 Qui
1507 5529 1670 5598 igitur
1711 5547 1777 5586 ex
1832 5530 1919 5585 his
1971 5534 2210 5595 emersit,
2263 5538 2316 5586 et

768 5619 1064 5675 Salvatoris
1099 5622 1318 5675 dextera
1338 5622 1565 5677 eductus
1593 5630 1697 5683 est,
1730 5636 1792 5675 ac
1815 5610 2007 5676 deinde
2030 5621 2095 5675 ad
2127 5637 2315 5693 puram

770 5718 818 5765 et
847 5719 1048 5765 rectam
1089 5712 1351 5767 rationem
1403 5713 1597 5767 anima:
1637 5730 1749 5769 sua:
1781 5713 2007 5783 vestigia
2063 5714 2313 5779 firmavit,

838 5868 849 5899 ¹
892 5864 1025 5923 Luc.
1058 5884 1147 5938 vn,
1178 5868 1267 5922 2|.
1300 5933 1307 5936 β
1346 5873 1364 5904 ¹
1404 5871 1595 5927 Matth.
1632 5888 1684 5937 ν,
1723 5871 1774 5927 5.
1852 5871 1872 5904 ³
1912 5874 2071 5928 Rom.
2105 5887 2159 5939 v,
2192 5871 2245 5927 3.

2416 4713 2506 4765 τὸν
2553 4712 2645 4766 τοῦ
2726 4710 3035 4780 σφάλματος
3091 4712 3495 4788 συνῃσθημένος
3523 4753 3537 4778 ,
3566 4756 3567 4759 η
3595 4711 3978 4781 εὐχαριστήσει

2427 4806 2693 4877 (νωρίζων
2742 4806 2831 4874 ἀφ’
2862 4805 2972 4857 οἴου
3027 4803 3219 4874 βάθους
3272 4803 3643 4874 ταλαιπωρίας
3681 4803 3979 4872 ἀνιμήσατο

2416 4895 2574 4948 αὐτὸν
2597 4898 2623 4948 ὁ
2646 4895 2743 4965 τῆς
2761 4894 2937 4963 ψυχῆς
2957 4894 3118 4948 αὐτοῦ
3139 4895 3423 4966 γενόμενος
3451 4891 3631 4961 ἰατρὸς
3660 4891 3750 4944 καὶ
3774 4894 3972 4963 σωτήρ·

2414 4980 2601 5053 διόπερ
2630 4986 2773 5054 ἐρεῖ·
2818 4983 3092 5054 Ἁνήγανέ
3123 5001 3199 5053 με
3226 4984 3295 5038 ἐκ
3326 4981 3555 5037 λάκκου
3584 4982 3980 5049 ταλαιπωρίας

2415 5074 2508 5126 καί
2543 5074 2659 5128 άπὸ
2692 5074 2889 5142 πηλοῦ
2914 5078 3098 5143 ἰλύος.
3137 5075 3337 5129 Τούτου
3380 5074 3436 5128 δὲ
3463 5072 3731 5139 τεύξεται,
3762 5072 3976 5143 ἐπειδή-

2416 5180 2519 5235 περ
2560 5166 2845 5235 ὑπομένων
2896 5168 3156 5239 ὑπέμεινε
3195 5168 3285 5221 τὸν
3314 5162 3534 5237 Κύριον.
3563 5163 3777 5219 Λάκκον
3804 5164 3860 5216 δὲ
3886 5181 3980 5217 τα-

2414 5254 2714 5327 λαιπωρίας
2744 5257 2806 5311 τὸ
2836 5256 2995 5327 βάθος
3033 5258 3131 5327 τῆς
3164 5257 3454 5328 ἁμαρτίας.
3485 5255 3579 5308 καὶ
3628 5253 3795 5324 πηλὸν
3838 5252 3979 5313 ίλύος

2414 5345 2511 5409 τὰς
2556 5346 2650 5399 τοῦ
2706 5346 2983 5419 πηλώδους
3013 5346 3257 5418 σώματος
3284 5328 3634 5418 ἡδυπαθείας,
3668 5346 3724 5396 ὲν
3749 5336 3834 5405 αἷς
3866 5342 3980 5393 ὀλι-

2419 5437 2661 5508 σθήσασα
2690 5439 2834 5512 ψυχὴ
2863 5440 3178 5511 βαπτίζεται
3209 5442 3299 5496 καὶ
3325 5440 3513 5511 ὥσπερ
3542 5442 3601 5492 ὲν
3630 5435 3775 5507 βυθῷ
3815 5450 3982 5487 κατα-

2417 5531 2719 5597 ποντοῦται,
2755 5534 2854 5586 οὐκ
2880 5532 2945 5586 ἂν
2972 5533 3235 5605 ἁμάρτοις
3265 5532 3453 5588 εἰπών.
3473 5532 3530 5585 '0
3552 5528 3617 5599 δὴ
3645 5523 3738 5581 οὖν
3767 5527 3832 5577 ὲκ
3854 5522 3978 5575 τού-

2417 5640 2520 5676 των
2546 5626 2843 5696 ἀνακύψας,
2878 5627 2973 5680 καὶ
3006 5627 3108 5680 ὑπὸ
3138 5628 3236 5698 τῆς
3268 5627 3447 5693 δεξιᾶς
3473 5623 3567 5679 τοῦ
3604 5619 3854 5690 Σωτῆρος
3883 5618 3978 5671 ἀν-

2420 5715 2650 5787 ιμηθεὶς,
2665 5715 2781 5775 εἶτα
2800 5719 2980 5775 λοιπὸν
3002 5720 3057 5774 ὲν
3080 5719 3301 5792 καθαρῷ
3318 5719 3398 5789 τῷ
3416 5718 3560 5787 λόγῳ
3572 5712 3667 5776 τὰς
3688 5709 3791 5783 τῆθ
3806 5708 3980 5782 ψυκῆἲ
