4354 6400
431 489 539 547 διεδ
1553 486 2052 545 couurznnnu
2090 490 2155 575 In
2195 488 2528 548 PSALMOS.

3569 498 3676 554 554

433 605 617 676 βάσεις
648 602 927 677 στηρίξας,
954 604 1189 674 εὐλόγως
1222 605 1371 675 ἐρεῖ·
1408 604 1515 657 Καὶ
1550 603 1811 673 ἁνήγαγέ
1835 621 1913 675 με
1936 605 2003 658 ἐκ

2108 606 2305 660 merito
2329 606 2476 660 dicat
2511 624 2525 659 :
2556 603 2623 658 Et
2669 605 2849 659 eduxit
2894 622 2975 660 me
3000 606 3065 662 de
3094 608 3215 661 lacu
3244 609 3473 663 miseria:
3524 619 3573 664 et
3608 610 3673 664 de

430 697 661 752 λάκκου
690 698 1087 767 ταλαιπωρίας
1130 698 1229 751 καὶ
1273 698 1391 751 ἀπὸ
1434 697 1632 764 πηλοῦ
1673 699 1872 764 ἰλύος-ο
1904 700 2001 753 καί

2107 697 2219 750 luto
2252 696 2419 764 [σεῦε.
2484 694 2553 771 Et
2585 696 2774 750 statuit
2809 714 2964 767 super
3000 708 3205 767 petram
3244 701 3399 769 pedes
3428 718 3595 765 meos,
3622 712 3673 757 et

429 789 694 859 ἐσττγτεν
714 790 809 843 ἐπὶ
850 789 1075 858 πέτραν
1095 790 1236 857 τοὺς
1267 790 1458 855 πόδας
1484 797 1625 858 μου,
1649 790 1748 843 καί
1785 794 2005 860 κατηύ-

430 885 574 937 θυνε
606 881 680 936 τὰ
716 880 1045 953 διαϐήματά
1081 901 1218 953 μου.
1256 882 1463 953 Πέτραν
1505 881 1559 934 δὲ
1606 882 1742 952 πρὸς
1772 884 2005 937 ἀντιδια-

431 973 624 1045 στολὴν
660 974 751 1027 τοῦ
778 974 999 1047 στερεοῦ
1023 974 1179 1044 λόγου
1205 974 1449 1046 θεμέλιον
1479 974 1755 1045 ὀνομάζει,
1786 976 1870 1045 ἐφ’
1893 976 1951 1031 ὃν
1975 979 2003 1030 ὁ

432 1062 680 1136 βεϐηκὼς
700 1062 865 1135 φήσει
880 1082 891 1094 ·
916 1066 1010 1130 Τίς
1038 1063 1194 1134 ἡμᾶς
1223 1065 1459 1132 χωρίσει
1487 1064 1605 1117 ἀπὸ
1633 1063 1742 1133 τῆς
1766 1064 2003 1135 ἀγάπης

429 1153 539 1208 τοῦ
565 1155 871 1225 Χριστοῦ,
894 1156 1122 1225 θλίψις,
1170 1156 1208 1223 ἣ
1242 1158 1627 1223 στενοχωρία,
1660 1156 1698 1225 ἢ
1728 1156 2001 1227 διωγμὸς,

430 1248 471 1317 ἢ
496 1249 704 1318 λιμόςς
740 1250 832 1303 καὶ
856 1248 923 1302 τὰ
953 1240 1096 1320 ἑξῆς.
1122 1250 1193 1302 Οὐ
1231 1250 1388 1320 μόνον
1411 1250 1454 1303 δ’
1482 1250 1671 1322 ἔστησε
1693 1252 1819 1315 τοὺς
1843 1252 2006 1317 πόδας

431 1344 526 1397 ἐπὶ
550 1343 647 1414 τὴν
666 1343 889 1415 πέτραν,
916 1342 1051 1397 ἀλλὰ
1075 1344 1169 1397 καὶ
1198 1342 1430 1413 βαδίζειν
1453 1346 1544 1397 καὶ
1567 1342 1781 1416 τρέχειν
1802 1345 1889 1398 ἐπ’
1908 1347 2006 1399 αύ-

414 1435 529 1505 .τῆς
561 1434 651 1487 διὰ
677 1434 775 1504 τῆς
807 1433 911 1489 τῶν
946 1434 1123 1489 καλῶν
1157 1435 1559 1507 εύδοκιμήσεως
1585 1438 1729 1489 ποιεῖ
1747 1453 1761 1467 ο
1784 1437 1865 1490 διὸ
1893 1440 2007 1491 ὲπι-

429 1526 611 1596 λέγειέ
658 1526 767 1579 Καὶ
824 1529 1157 1595 κατηύθυνε
1204 1528 1276 1581 τὰ
1332 1527 1659 1597 διαδήματα
1702 1548 1842 1598 μου.
1873 1526 2006 1584 Εἶτα

430 1618 756 1684 ἀκολούθως,
790 1619 865 1684 ὡς
892 1619 957 1673 ἂν
991 1620 1343 1692 μεταϐληθεὶς
1370 1622 1477 1674 ἀπὸ
1502 1622 1611 1673 τῶν
1636 1623 1891 1693 χειρόνων
1912 1624 2007 1677 ἐπὶ

430 1709 499 1761 τὰ
518 1711 771 1781 κρείττω,
792 1711 852 1764 τὸ
880 1712 977 1783 μὲν
1002 1711 1226 1765 παλαιὸν
1254 1709 1424 1784 ᾆσμα,
1446 1712 1512 1765 δι’
1537 1710 1597 1769 οὗ
1626 1715 2005 1769 α’πεκλαύσατο

429 1799 501 1852 τὰ
528 1801 585 1853 ἐν
618 1805 729 1865 τοῖς
762 1803 867 1873 πρὸ
894 1802 1084 1856 τούτου
1132 1802 1365 1873 ψαλμοῖς
1405 1802 1722 1875 λελὲγμένα,
1758 1806 2008 1859 ἁποτίθεὲ

429 1907 521 1944 ται
540 1908 554 1922 ο
586 1892 949 1963 ἀναλαμϐάνει
978 1895 1037 1948 δὲ
1064 1891 1215 1966 ᾆσμα
1246 1896 1430 1949 καινὸν
1473 1896 1567 1950 τοῦ
1607 1896 1877 1960 σώσαντος
1905 1898 2008 1951 αύ-

429 1982 544 2061 τδν,
565 1984 658 2037 καὶ
681 1985 1039 2055 ἐμϐάλλοντος
1061 1988 1141 2051 είς
1169 1988 1228 2041 τὸ
1254 1989 1427 2059 στόμα
1452 1988 1616 2042 αὐτοῦ
1647 1989 1829 2043 καινὸν
1855 1987 2008 2064 ᾆσμα

432 2076 527 2127 καὶ
544 2073 1153 2147 ὓμνον,ἀποδυσαμένου
1188 2080 1278 2131 τὸν
1313 2080 1538 2133 παλαιὸν
1579 2080 1863 2150 ἄνθρωπον
1909 2082 2005 2135 σὺν

432 2171 551 2231 ταῖς
600 2168 859 2240 πράξεσιν
915 2168 1101 2234 αύτοῦ,
1139 2171 1497 2243 ἐνδυσαμένου
1530 2172 1589 2227 δὲ
1629 2173 1720 2226 τὸν
1765 2174 1883 2227 νέον
1916 2172 2006 2225 τὸν

377 2264 384 2271 ’
431 2254 891 2332 ἀνακαινούμενον
924 2265 1042 2316 κατ’
1069 2262 1363 2332 ἐπίγνωσιν
1392 2266 1484 2317 τοῦ
1512 2264 1667 2319 Θεοῦ.
1700 2259 1834 2320 Εἶτα
1870 2266 2006 2337 μετὰ

432 2354 610 2409 πάντα
642 2355 817 2410 ταῦτα
849 2356 1149 2429 ὑπόδειγμα
1192 2356 1403 2421 πολλοῖς
1441 2359 1671 2426 γίνεται,
1709 2359 1785 2423 ὡς
1815 2358 1880 2413 ἂν
1913 2361 2008 2413 καὶ

430 2444 629 2517 ἕτεροι,
657 2446 755 2519 τὴν
786 2446 1082 2517 μεταϐολὴν
1111 2446 1271 2500 αὐτοῦ
1307 2446 1591 2517 θεώμενοι,
1620 2449 1841 2514 ἐλπίδας
1868 2452 2007 2519 ἀγα-

432 2540 532 2605 θὰς
562 2539 897 2604 ἀναλάϐοιεν,
933 2540 1026 2593 καὶ
1070 2540 1171 2610 τὴν
1212 2538 1320 2592 ἀπὸ
1362 2538 1470 2591 τῶν
1518 2540 1776 2610 χειρόνων
1807 2542 1898 2594 ἐπὶ
1939 2542 2007 2595 τὰ

432 2632 667 2707 κρείττω
698 2634 1011 2703 ποιήσαιντο
1034 2631 1332 2702 μεταϐολήν
1352 2648 1365 2662 ⁴
1392 2629 1471 2684 διό
1500 2648 1661 2702 φησιν
1682 2649 1695 2662 ·
1727 2634 2006 2702 Ὄψονται

430 2724 648 2779 πολλοὶ
682 2724 781 2778 καὶ
811 2723 1271 2793 φοϐηθήσονται,
1299 2722 1395 2775 καὶ
1426 2722 1746 2776 ἐλπιοῦσιν
1768 2723 1865 2776 ἐπὶ
1891 2726 2005 2777 Κύ-

423 2835 578 2888 ριον.
606 2817 672 2871 Τί
704 2817 760 2871 δὲ
793 2816 1048 2886 δψονται;
1083 2814 1224 2869 Αὐτὸ
1269 2814 1444 2881 τοῦτο,
1474 2817 1657 2887 φησὶν,
1689 2816 1765 2879 ὡς
1794 2818 1874 2880 είς
1908 2816 2004 2887 βά-

432 2911 525 2975 θος
548 2909 778 2983 ἐλήλυθα
802 2909 1004 2975 κακῶν,
1032 2910 1126 2963 καὶ
1154 2910 1233 2972 εἰς
1262 2907 1352 2961 τὸν
1374 2888 1574 2961 λάκκον
1603 2908 1696 2961 καὶ
1721 2908 1811 2963 τὸν
1836 2908 2005 2978 πηλὸν

320 3016 335 3029 ‘
429 3005 530 3074 τῆς
555 3004 696 3069 ἰλύος
716 3021 730 3035 ·
752 3002 1002 3058 κάκεῖθεν
1026 3001 1160 3055 Θεοῦ
1192 3001 1373 3073 χάριτι
1402 3000 1769 3065 ἀνελκυσθεὶς,
1795 3001 1886 3054 ἐπὶ
1909 3000 2006 3072 τὴν

312 3132 319 3137 -
432 3098 638 3170 πέτραν
687 3097 847 3170 ἔστην
893 3097 987 3159 καὶ
1036 3093 1380 3167 κατηυθύνθη
1424 3092 1495 3147 τὰ
1538 3092 1851 3165 διαδήματα
1888 3111 2008 3165 μου,

432 3191 526 3244 καὶ
554 3190 795 3262 ᾅσματος
824 3185 1169 3259 κατηξιώθην
1203 3183 1412 3240 καινοῦ.
1449 3182 1637 3239 Ταῦτα
1674 3183 1781 3257 γὰρ
1806 3184 1856 3237 οἱ
1886 3185 2013 3241 πολ-

2104 787 2299 841 direxit
2350 802 2558 857 gressus
2609 803 2772 843 meos.
2826 786 3036 843 Petram
3072 798 3252 844 autem
3290 791 3355 865 ad
3388 805 3676 861 compara-

2105 882 2310 935 tionem
2344 880 2484 934 ﬁrmi
2516 880 2809 943 sermonis,
2847 880 3261 937 fundamentum
3284 890 3463 945 vocat,
3484 883 3538 937 in
3562 899 3673 954 quo

2106 972 2358 1044 quisquis
2389 973 2727 1042 processerit
2761 973 2905 1027 dicet
2948 993 2961 1028 :
3003 973 3134 1040 Quis
3181 990 3274 1028 nos
3321 974 3592 1043 separabit
3640 992 3673 1028 a

2106 1064 2365 1118 charitate
2397 1063 2642 1119 Christi?
2677 1062 2975 1127 tribulatio,
3008 1080 3075 1118 an
3106 1066 3373 1135 angustia,
3426 1082 3495 1118 an
3548 1081 3667 1135 per-

2106 1157 2327 1219 secutio,
2356 1174 2424 1209 an
2456 1156 2626 1225 fames
2649 1155 2709 1210 ‘?
2737 1163 2843 1212 etc.
2903 1156 3024 1211 Non
3076 1157 3239 1212 modo
3295 1169 3471 1214 autem
3506 1158 3673 1227 pedes

2106 1249 2299 1303 statuit
2332 1264 2500 1319 super
2527 1257 2772 1319 petram;
2808 1248 2900 1304 sed
2934 1249 3098 1304 etiam
3131 1249 3182 1303 id
3214 1257 3454 1319 praestat,
3492 1258 3551 1304 ut
3574 1264 3675 1321 per

2106 1342 2375 1397 bonorum
2408 1342 2729 1411 dignitatem
2764 1340 2818 1394 in
2848 1356 2915 1395 ea
2942 1340 3197 1396 incedere
3243 1356 3309 1396 ac
3353 1341 3673 1413 currereli-

2106 1441 2262 1500 ceat;
2294 1449 2473 1503 quare
2497 1434 2706 1503 adjicit,
2734 1441 2781 1487 et
2814 1432 3006 1486 direxit
3040 1449 3249 1503 gressus
3280 1449 3439 1488 meos.
3470 1432 3674 1488 Dehinc

2106 1541 2239 1580 vero
2267 1537 2694 1597 consequenter,
2727 1533 2916 1595 utpote
2946 1541 2977 1579 a
3021 1526 3300 1597 pejoribus
3333 1528 3401 1584 ad
3448 1527 3676 1584 meliora

2106 1618 2431 1682 translatus,
2466 1620 2683 1673 cantico
2718 1621 2913 1684 veteri,
2972 1636 3082 1691 quo
3133 1621 3186 1675 in
3244 1622 3676 1691 praecedentibus

2106 1710 2332 1781 psalmis
2357 1710 2595 1781 lugebat,
2626 1710 2896 1780 deposito,
2946 1726 3147 1765 novum
3200 1713 3477 1766 canticum
3526 1726 3679 1769 assu-

2107 1801 2225 1863 mit,
2260 1799 2379 1871 ejus
2410 1803 2619 1857 scilicet
2650 1802 2742 1871 qui
2796 1803 3033 1857 servavit
3089 1816 3235 1863 eum,
3292 1809 3345 1855 et
3400 1802 3678 1857 canticum

2108 1892 2480 1964 hymnumque
2526 1909 2725 1949 novum
2762 1893 2816 1947 in
2850 1908 2912 1949 os
2962 1893 3083 1962 ejus
3116 1892 3376 1958 immisit;
3418 1893 3679 1963 exuitque

2038 1980 2080 2034 Β
2108 1996 2342 2041 veterem
2368 1987 2642 2049 hominem
2672 2002 2796 2041 cum
2824 1986 3084 2057 Oper-ibus
3108 1986 3249 2055 ejus,
3285 1997 3339 2041 et
3368 1986 3543 2041 induit
3579 2002 3672 2041 no-

2111 2094 2260 2143 vum,
2290 2078 2404 2134 sive
2428 2086 2747 2133 renovatum
2790 2094 2887 2149 per
2933 2078 3217 2133 scientiam
3268 2076 3384 2131 Dei.
3420 2077 3532 2131 Sub
3562 2078 3676 2131 haec

2112 2181 2289 2226 autem
2321 2171 2526 2235 omnia,
2558 2172 2611 2225 in
2645 2171 2951 2241 exemplum
2986 2169 3170 2223 multis
3205 2172 3442 2238 ponitur,
3497 2171 3569 2225 ita
3619 2178 3678 2225 ut

2113 2264 2204 2317 alii
2240 2279 2483 2334 quoque,
2517 2272 2811 2334 conspecta
2844 2263 2965 2333 ejus
2995 2262 3318 2327 mutatione,
3374 2278 3524 2332 spem
3579 2277 3678 2318 su-

2111 2363 2264 2409 mant
2293 2357 2511 2422 bonam,
2541 2363 2596 2410 et
2625 2371 2653 2409 a
2685 2356 2965 2427 pejoribus
3004 2358 3071 2411 ad
3099 2356 3324 2411 meliora
3357 2371 3475 2411 sese
3498 2355 3682 2410 tradu-

2112 2455 2278 2502 cant:
2312 2465 2481 2519 quare
2514 2450 2611 2513 ait,
2637 2450 2880 2504 videbunt
2906 2450 3060 2503 multi
3093 2461 3144 2505 et
3182 2450 3455 2513 timebunt,
3490 2457 3538 2502 et
3570 2462 3683 2517 spe-

2114 2539 2307 2595 rabunt
2362 2542 2417 2594 in
2463 2541 2716 2597 Domino.
2762 2541 3032 2608 Quidnam
3069 2541 3364 2596 videbunt?
3418 2540 3678 2611 ldipsum,

2110 2632 2308 2702 inquit,
2333 2648 2441 2703 quo
2464 2644 2625 2703 pacto
2647 2636 2701 2689 in
2725 2636 3055 2706 profundum
3090 2636 3381 2700 malorum,
3409 2636 3461 2688 in
3500 2635 3677 2688 lacum

2108 2724 2339 2779 miserias
2368 2734 2424 2780 et
2450 2726 2506 2779 in
2540 2727 2714 2781 lutum
2758 2725 2906 2783 faecis
2950 2729 3236 2785 demersus
3279 2743 3401 2782 cum
3442 2726 3681 2791 fuerim,

2110 2814 2237 2870 inde
2268 2814 2361 2871 Dei
2392 2817 2565 2887 gratia
2587 2817 2840 2883 eductus,
2887 2835 3050 2889 super
3081 2829 3287 2890 petram
3317 2820 3593 2883 steterim,
3623 2827 3679 2872 et

2112 2923 2335 2979 gressus
2365 2910 2470 2965 mei
2497 2910 2691 2964 directi
2730 2909 2953 2973 fuerint,
2988 2926 3050 2965 ac
3086 2927 3229 2965 novo
3259 2913 3474 2966 cantico
3506 2912 3679 2966 dona—

2114 3010 2203 3057 tus
2233 3004 2358 3058 sim.
2386 3001 2483 3058 liis
2514 3003 2843 3074 conspectis,
2875 3003 3074 3074 inquit.
3106 3004 3259 3057 multi
3290 3003 3538 3056 timorem
3565 3000 3681 3063 Dei,
3767 3061 3770 3065 ,

2115 3095 2183 3150 de
2206 3111 2316 3166 quo
2343 3095 2551 3151 dictum
2581 3094 2917 3163 est,lnitium
2939 3096 3213 3165 sapientia:
3240 3096 3400 3148 timor
3420 3092 3682 3157 Domini,‘

2118 3188 2409 3258 accipient,
2441 3190 2786 3262 similemque
2823 3190 2926 3247 sibi
2962 3206 3110 3261 spem
3142 3189 3437 3244 ascribent.

431 3282 514 3335 λοὶ
545 3282 867 3354 θεασάμενοι
922 3280 1085 3351 φόϐον
1115 3277 1272 3345 Θεοῦ,
1317 3278 1446 3350 περὶ
1476 3272 1537 3332 οὗ
1573 3277 1839 3342 λέλεκται,
1892 3278 2064 3349 Ἀρχὴ
2102 3284 2323 3353 σοφίας
2368 3287 2552 3356 φόϐος
2600 3285 2767 3351 Θεοῦ,
2810 3284 3189 3357 ἀναλήψονται,
3225 3282 3319 3336 καὶ
3364 3278 3462 3333 τὴν
3494 3276 3686 3351 ὁμοίαν

432 3374 645 3441 ἑαυτοῖς
671 3373 1077 3447 ὑπογράφουσιν
1103 3372 1317 3428 ἐλπίδα.

501 3430 1008 3537 Μακάριοξιάνῖὴρ,
1038 3462 1111 3523 οὗ
1138 3467 1270 3521 ἐστι
1296 3466 1362 3520 τὸ
1386 3430 1572 3537 ὄνομα
1594 3443 1815 3535 Κυρίου
1842 3466 2007 3533 ἐλπὶς

2192 3462 2357 3519 Vens.
2389 3462 2443 3518 5.
2476 3463 2671 3517 Beatus
2710 3462 2790 3516 uir
2823 3461 2975 3530 cujus
3002 3470 3079 3514 est
3108 3476 3292 3515 nomen
3323 3460 3537 3518 Domini
3569 3482 3686 3533 spes

430 3560 640 3625 αὐτοῦ,
676 3562 773 3614 καί
827 3562 941 3614 οὐκ
982 3558 1316 3626 ἐπέϐλεψεν
1355 3561 1443 3625 είς
1476 3560 1874 3628 ματαιότητας
1896 3560 2010 3621 ,καὶ

428 3654 651 3723 μανίας
683 3651 1023 3721 ψευδεῖς.”0
1048 3649 1138 3705 διὰ
1177 3651 1373 3722 πείρας
1420 3651 1589 3704 ἐλθὼν
1616 3652 1715 3721 τῆς
1745 3650 1840 3704 τοῦ
1875 3651 2011 3706 Θεοῦ

436 3746 656 3820 χάριτος
688 3747 802 3810 τοῖς
841 3745 976 3798 πᾶσι
1001 3742 1261 3815 κηρύττει
1291 3743 1391 3807 τὰς
1421 3745 1500 3807 εἰς
1528 3742 1691 3796 αὑτὸν
1716 3744 2012 3815 γενομένας

436 3839 771 3912 εὐεργεσίας,
806 3838 1067 3910 προφέρει
1097 3855 1157 3891 τε
1189 3836 1481 3908 καθολικὴν
1510 3836 1782 3905 ἀπόφασιν
1813 3838 1877 3889 ἐκ
1902 3836 2011 3889 τῶν

410 3933 568 4006 περὶ
617 3932 778 3986 αὐτὸν
813 3930 1154 4004 συμϐάντων,
1185 3930 1469 3993 διδάσκων,
1499 3929 1580 3983 ὅτι
1622 3931 1755 3983 πᾶσι
1786 3928 2011 3983 δυνατὸν

435 4024 741 4098 ἀνθρώποις
772 4022 880 4076 τῶν
928 4021 1129 4092 ὁμοίιον
1178 4022 1327 4094 αὐτῷ
1371 4022 1573 4092 τυχεῖν.
1606 4020 1680 4073 Ού
1722 4019 1831 4091 γὰρ
1875 4018 2007 4087 ἐγὼ,

438 4118 799 4190 φησιμόνος,
824 4114 1078 4179 τοιούτων
1124 4113 1395 4181 ἀξιωθεὶς,
1431 4113 1549 4184 εἴην
1594 4111 1659 4167 ἂν
1707 4111 1969 4184 μακάριος
1992 4128 2005 4140 ·

439 4211 683 4266 ἔκκειται
706 4210 763 4265 δὲ
790 4212 902 4275 τοῖς
926 4209 1090 4263 πᾶσιν
1118 4211 1151 4279 ἠ
1173 4208 1311 4279 αὑτὴ
1342 4207 1481 4271 ὁδὸς,
1515 4207 1609 4261 καὶ
1642 4206 1703 4261 ού
1742 4206 1853 4260 τισὶ
1892 4205 2008 4276 μὲν,

438 4304 631 4359 τισὶ⁶δὲ
660 4301 742 4357 οὗ.
769 4303 882 4368 Πᾶς
919 4297 1012 4355 οὖν
1040 4301 1069 4353 ό
1097 4298 1195 4371 τὴν
1232 4298 1420 4352 ἐλπίδα
1447 4297 1609 4352 αὐτοῦ
1636 4297 1727 4352 ἐπὶ
1754 4297 1845 4351 τὸν
1881 4296 2012 4351 Θεὸν

416 4395 719 4470 ’ἀναθήσας
747 4396 847 4450 οὐκ
875 4393 1226 4449 ἀππεσείται
1270 4389 1365 4443 τοῦ
1409 4388 1781 4461 μακαρισμοῦ,
1811 4383 1872 4443 οὗ
1920 4388 2014 4441 καὶ

439 4478 602 4555 αὐτὸς
628 4488 988 4561 κατηξιώθην.
1021 4484 1333 4555 Ματαιότης
1365 4482 1419 4536 δὲ
1450 4483 1545 4537 καὶ¹
1574 4483 1760 4555 μανίαι
1800 4481 2014 4553 ψευδεῖς

441 4585 614 4639 πᾶσαι
638 4584 694 4638 αἱ
727 4584 856 4655 περὶ
878 4584 949 4637 τὰ
978 4580 1288 4654 πρόσκαιρα
1324 4576 1419 4630 καὶ
1454 4576 1657 4647 μάταια
1688 4577 2012 4647 τυγχάνουσι

442 4676 688 4731 σπουδαί·
712 4677 943 4751 ἐπείπερ
957 4675 1293 4740 Ματαιότης
1315 4670 1747 4741 ματαιοτήτων,
1779 4669 1852 4724 τὰ
1867 4667 2015 4723 πάν-

438 4786 515 4826 τα
540 4764 916 4842 ’ματαιότηῳ
966 4770 1061 4824 καὶ
1106 4767 1193 4822 διὰ
1238 4765 1347 4819 τῶν
1398 4763 1708 4835 ἔμπροσθεν
1754 4764 1970 4832 ἐλέγετο
1995 4780 2008 4793 ·

2112 3558 2248 3627 ejus,
2280 3568 2328 3611 et
2356 3573 2459 3611 non
2499 3556 2725 3625 respexit
2758 3555 2815 3607 in
2856 3554 3116 3608 vanitates
3145 3565 3194 3607 et
3224 3552 3466 3610 insanias
3490 3557 3685 3627 falsas.

2112 3646 2215 3712 Qui
2255 3647 2453 3701 divinae
2488 3647 2679 3717 gratia:
2704 3644 3136 3715 experimentum
3176 3646 3384 3710 habuit,
3427 3649 3531 3703 sibi
3571 3652 3687 3704 col-

2113 3740 2218 3793 lata
2252 3739 2513 3795 beneﬁcia
2556 3736 2813 3792 omnibus
2854 3736 3133 3805 pmdicat,
3164 3745 3327 3806 atque
3353 3753 3418 3792 ex
3459 3739 3527 3794 iis
3561 3757 3685 3812 quae

2112 3833 2215 3888 sibi
2262 3829 2611 3902 contigerunt
2662 3828 3024 3884 universalem
3073 3828 3284 3899 profert
3333 3833 3682 3903 sententiam,

2110 3921 2313 3975 docens
2340 3935 2530 3974 omnes
2555 3918 2804 3975 homines
2835 3919 2986 3989 paria
3008 3934 3192 3974 secum
3224 3920 3469 3979 obtinere
3498 3939 3680 3995 posse.

2110 4013 2296 4085 Neque
2317 4013 2462 4068 enim
2486 4028 2587 4082 ego
2612 4012 2783 4076 solus,
2805 4012 2900 4076 ait,
2934 4013 3062 4068 talia
3092 4018 3309 4079 nactus;
3341 4018 3534 4075 beatus
3563 4020 3683 4077 fue-

2108 4107 2255 4173 rim;
2309 4104 2407 4162 sed
2441 4106 2698 4163 omnibus
2742 4122 2805 4163 ea
2843 4107 2959 4179 ipsa
2998 4106 3093 4161 via'
3118 4111 3285 4178 patet,
3316 4126 3416 4167 nec
3458 4113 3687 4183 quibus-

2109 4198 2235 4253 dam
2270 4207 2457 4271 aperta
2487 4206 2593 4268 est,
2636 4199 2760 4256 aliis
2801 4214 2932 4255 vero
2961 4200 3208 4257 minime.
3251 4203 3517 4275 Quisquis
3553 4220 3685 4277 ergo

2111 4309 2262 4367 spem
2292 4294 2349 4348 in
2384 4292 2493 4349 Deo
2529 4295 2799 4365 reposuit,
2848 4308 2879 4348 a
2910 4294 3247 4351 beatitudine
3287 4297 3400 4362 illa,
3434 4313 3540 4367 qua
3583 4315 3684 4369 ego

2066 4418 2077 4423 »ν
2112 4391 2370 4461 dignatus
2404 4404 2550 4455 sum,
2585 4404 2694 4443 non
2731 4389 2965 4445 labetur.
2996 4388 3221 4444 Vanitas
3250 4398 3428 4443 autem
3453 4397 3508 4445 et
3536 4390 3684 4447 insa-

2112 4484 2218 4538 nia:
2243 4482 2392 4537 falsae
2421 4490 2570 4547 sunt,
2608 4496 2799 4535 omnes
2838 4487 3315 4549 temporanearum
3346 4488 3399 4534 et
3448 4478 3683 4544 futilium

2113 4592 2295 4632 rerum
2348 4591 2512 4632 curas.
2572 4560 3023 4643 Quandoquidem
3087 4573 3291 4627 vanitas
3354 4573 3681 4639 sanitatum,

2113 4671 2293 4725 omnia
2322 4670 2527 4725 uanitas
2562 4668 2583 4699 ‘
2615 4684 2630 4732 ;
2666 4680 2729 4720 ac
2761 4660 3012 4734 superius
3060 4663 3268 4719 dictum
3296 4676 3382 4721 est
3413 4681 3427 4716 :
3470 4665 3686 4721 Verum-

2116 4774 2289 4819 tamen
2328 4762 2568 4815 uniuersa
2600 4759 2827 4821 uanitas,
2858 4757 3027 4811 omnis
3059 4756 3212 4817 homo
3248 4757 3451 4823 vivens;
3482 4746 3537 4813 et
3579 4758 3681 4814 ite-

438 4828 616 4933 Πλθὶν
656 4865 731 4919 τὰ
775 4828 971 4919 πάντα
1005 4861 1349 4934 ματαιότης,
1379 4828 1496 4922 artic
1517 4828 1830 4923 ἅνθρωπος

2115 4873 2235 4912 rum
2267 4873 2279 4908 :
2312 4854 2679 4909 Verumtamen
2711 4867 2839 4905 uane
2879 4849 3281 4906 conturbantur.
3335 4849 3682 4906 Thesaurizat

439 4957 537 5012 καὶ
566 4956 727 5011 πάλιν
746 4974 760 4987 ·
781 4956 955 5025 Πλὴν
972 4954 1175 5026 μάτην
1199 4950 1620 5021 ταράσσονται.
1644 4947 2011 5016 Θησαυρίζει,

442 5050 543 5106 καὶ
596 5055 669 5107 οὐ
720 5049 996 5123 γινώσκει
1041 5049 1157 5103 τίνι
1204 5044 1455 5108 συνάξει
1488 5040 1692 5096 ταῦτα.
1728 5039 1925 5095 Μανίαι
1957 5043 2013 5096 δὲ

439 5144 657 5216 ψευδεῖς
687 5146 743 5199 αἱ
768 5143 847 5208 είς
878 5141 1035 5196 κενὸν
1064 5142 1159 5195 καὶ
1189 5140 1418 5211 μάταιον
1447 5132 1871 5204 σπουδαζόμεναι
1900 5137 2013 5197 τοῖς

442 5237 658 5301 πολλοῖς
686 5235 1202 5310 φροντίδες.”Ωσπερ
1251 5228 1343 5285 οὖν
1395 5227 1558 5301 μανία
1592 5224 1822 5297 σώφρων
1856 5227 1887 5297 ὴ
1919 5226 2011 5279 τοῦ

443 5331 707 5405 παρόντος
740 5330 855 5401 βίου
890 5328 1367 5394 κατεξανάστασις,
1393 5326 1458 5379 δι’
1489 5324 1556 5394 ἣν
1580 5319 1675 5373 καὶ
1718 5319 2010 5385 ὲξεστῶτες

441 5422 748 5496 ἐνομίζοντο
796 5422 909 5486 τοῖς
954 5419 1168 5482 πολλοῖς
1197 5419 1245 5471 oi
1276 5416 1370 5470 τοῦ
1403 5411 1536 5471 Θεοῦ
1577 5408 1869 5483 προφῆται.
1914 5410 1976 5461 Σ;

447 5516 702 5590 μνύνεται
726 5512 771 5566 δ’
795 5511 889 5565 ἐπὶ
918 5514 986 5583 τῇ
1013 5509 1241 5585 τοιαύτῃ
1263 5508 1516 5587 ἐκστάσει
1544 5503 1715 5573 λέγων
1736 5503 1765 5555 ό
1783 5500 2007 5565 δίκαιος·

428 5608 599 5681 ⁴Ἐγὼ
632 5605 701 5662 δὲ
729 5600 869 5660 εἷπα
910 5604 980 5657 ἐν
1025 5601 1100 5671 τῇ
1125 5602 1411 5657 ἐκστάσει
1437 5618 1555 5672 μου
1575 5615 1589 5630 ο
1626 5592 1753 5662 Πᾶς
1792 5593 2013 5663 ἀνθρω-

441 5720 555 5773 sror;
581 5701 882 5772 ψεύστης·
914 5696 1007 5750 καὶ
1048 5697 1077 5748 ὁ
1120 5694 1437 5757 Ἀπόστολος
1462 5694 1518 5747 δὲ
1548 5688 1703 5744 τοῦτο
1732 5686 2011 5751 πεπονθὼς

440 5797 648 5866 ελεγενυ
685 5794 820 5850 Είτε
848 5790 957 5861 γὰρ
989 5785 1318 5856 ἐξέστημεν
1342 5785 1483 5853 Θεῷ,
1511 5784 1629 5840 εἴτε
1659 5778 1973 5849 σωφρονοῦ

438 5906 548 5955 uer
577 5908 739 5961 υμιν.

2112 4963 2163 5008 et
2193 4952 2397 5021 ignorat
2428 4946 2513 5000 cui
2544 4943 2878 5015 congregabit
2905 4960 2986 4999 ea.
3034 4942 3314 5000 Vanitates
3348 4944 3516 5012 falsae,
3553 4955 3683 5001 sunt
3748 4964 3749 4967 η

2115 5044 2281 5099 irrita:
2313 5056 2378 5095 ac
2412 5039 2632 5094 inutiles
2670 5052 2701 5091 a
2734 5037 2921 5092 multis
2963 5044 3230 5106 susceptae
3261 5036 3677 5093 sollicitudines.

2114 5135 2283 5206 Igitur
2321 5130 2533 5185 vanitas
2582 5128 2825 5200 prudens
2855 5135 2940 5183 est
2968 5126 3125 5196 quasi
3166 5126 3500 5181 renuntiatio
3543 5142 3683 5197 prae-

2114 5227 2284 5284 sentis
2312 5226 2456 5289 vitae,
2496 5225 2567 5279 ob
2604 5239 2770 5296 quam
2815 5223 3093 5294 prophetae
3127 5220 3219 5275 Dei
3262 5220 3448 5273 multis
3485 5230 3679 5273 exces-

2114 5322 2255 5377 sisse
2281 5324 2460 5373 mente
2483 5317 2825 5373 videbantur.
2858 5314 2933 5372 De
2961 5314 3067 5369 hoc
3098 5308 3275 5367 autem
3303 5324 3532 5366 excessu
3561 5310 3677 5380 glo-

2114 5414 2286 5469 riatur
2336 5411 2522 5482 justus
2563 5410 2752 5467 dicens
2795 5429 2807 5465 :
2862 5408 2973 5481 Ego
3000 5417 3177 5461 autent
3217 5403 3332 5455 dixi
3373 5401 3430 5456 in
3462 5416 3677 5457 excessu

2110 5522 2245 5569 meo,
2276 5502 2447 5559 omnis
2477 5503 2633 5560 homo
2665 5501 2894 5558 mendax
2921 5503 2963 5558 ".
2997 5495 3396 5571 Apostolusque
3437 5494 3676 5565 idipsum

2112 5613 2308 5671 passus
2340 5597 2557 5653 dicebat
2598 5618 2609 5653 :
2647 5597 2766 5652 Sive
2795 5597 2937 5651 enim
2979 5602 3144 5649 mente
3185 5587 3509 5654 excedimus,
3540 5585 3677 5655 Deo,

2112 5693 2219 5746 sire
2246 5681 2410 5745 sobrii
2453 5707 2657 5755 sumus,
2690 5690 2832 5745 vobis
2865 5689 2929 5743 3.‘

508 6011 531 6043 ⁸
568 6008 726 6078 Rom.
758 6023 877 6075 vm,
911 6004 999 6061 55.
1076 6001 1098 6035 '
1136 5998 1281 6057 Psai.
1317 6013 1418 6067 cx,
1450 5998 1539 6056 to.
1618 5995 1637 6028 ‘
1677 5992 1859 6051 Eccle.
1900 5989 2007 6063 1,!

2112 5984 2487 6053 'Psal.cxv,
2528 5963 2614 6039 it.
2694 5972 3179 6045 'IlCor.v,l$.
