4354 6404
763 493 868 548 855

1439 488 1704 546 Ευδειιιι
1745 489 2216 546 CESARIENSIS
2252 490 2402 548 OPP.
2443 493 2622 549 PARS
2654 495 2739 551 Ill.
2771 526 2838 536 —
2875 495 3281 555 EXEGETICA.

3889 501 3992 556 356

834 606 1004 661 Vsus.
1045 605 1161 659 6-9.
1193 603 1365 658 Hulta
1399 603 1568 673 fecisti
1612 615 1689 667 tu,
1737 604 1958 658 Domine
1997 603 2133 658 Deus
2159 621 2322 671 meus,
2355 612 2401 666 Α
2495 613 2553 663 ll

2275 623 2322 671 s,
2355 612 2401 666 Δ
2495 610 2699 663 Πολλὰ
2725 611 3016 679 ἐποίησας
3043 612 3151 678 σὺ,-
3172 615 3346 681 Κύριε
3369 617 3402 667 ὁ
3429 614 3572 681 Θεός
3594 627 3734 684 μου,
3759 617 3831 670 τὰ
3854 621 3993 671 Bav-

761 698 1030 752 mirabilia
1088 707 1196 750 tua.
1258 696 1361 762 Qui
1414 697 1620 756 variam
1673 696 1818 750 illam
1860 695 1954 750 Dei
2009 697 2328 766 sapientiam

761 792 876 846 sive
929 792 980 844 in
1036 790 1304 844 universis
1367 788 1618 858 Opiﬁciis,
1679 787 1792 842 sive
1838 787 1892 841 in
1956 777 2225 856 singulis,
2274 789 2327 841 in

761 882 1069 944 sensilibus,
1108 891 1160 934 et
1190 884 1244 936 in
1303 881 1371 936 iis
1399 895 1520 950 qua:
1574 888 1753 935 mente
1797 881 2175 951 percipiuntur
2211 880 2329 932 ani-

760 977 1134 1036 madverterit,
1165 975 1218 1028 in
1249 982 1526 1042 stuporem
1568 973 1795 1028 veniens
1825 975 1896 1027 ob
1931 974 2200 1042 ingentem
2234 971 2326 1027 Dei

761 1072 1134 1123 universorum
1174 1076 1519 1137 potestatem,
1549 1080 1682 1121 sane
1717 1067 1916 1121 dixerit
1947 1087 1958 1119 :
1994 1065 2164 1118 Multa
2197 1066 2325 1134 feci-

754 1162 824 1214 sti
851 1168 927 1224 tu,
963 1160 1185 1214 Domine
1221 1159 1358 1212 Deus
1391 1168 1555 1217 meus,
1591 1158 1861 1211 mirabilia
1895 1167 2005 1211 tua.
2032 1157 2137 1212 Sed
2167 1158 2326 1211 etiam

754 1253 1070 1321 ponderatis
1124 1253 1452 1307 universalis
1505 1254 1651 1307 illius
1693 1252 2049 1323 providentiae
2103 1251 2328 1305 rationi-

755 1342 879 1406 bus,
915 1345 1071 1412 queis
1093 1344 1276 1397 omnia
1324 1343 1690 1407 administrat,
1743 1360 1864 1397 cum
1910 1343 2326 1412 deprehenderit

755 1438 1336 1506 incomprehensibiles
1370 1453 1467 1493 eas
1498 1454 1640 1497 esse.
1692 1439 1807 1492 haec
1848 1438 2066 1506 adjiciet
2101 1457 2112 1490 :
2143 1435 2209 1490 Et
2238 1454 2326 1490 co-

755 1527 1096 1596 gitationibus
1131 1531 1233 1583 tuis
1269 1546 1372 1583 non
1414 1540 1492 1583 est
1529 1531 1619 1600 qui
1660 1530 1849 1584 similis
1884 1530 1951 1581 sit
1992 1528 2104 1580 tibi.
2139 1528 2324 1594 Qualis

755 1626 873 1672 erat
901 1619 948 1674 is
973 1620 1063 1689 qui
1097 1619 1312 1674 dicebat
1343 1639 1355 1675 :
1387 1621 1431 1676 0
1466 1620 1692 1674 altitudo
1718 1621 2024 1673 divitiarum
2054 1621 2325 1688 sapientia:

753 1719 803 1762 et
830 1710 1061 1764 scientia:
1091 1710 1188 1764 Dei
1200 1712 1220 1765 .’
1259 1729 1416 1782 quam
1446 1712 1988 1780 incomprehensibilia
2021 1721 2141 1764 sunt
2175 1701 2326 1780 judi-

752 1804 835 1857 cia
862 1805 1000 1872 ejus,
1025 1812 1073 1858 et
1097 1805 1477 1874 investigabiles
1510 1805 1606 1858 vite
1638 1805 1751 1874 ejus
1773 1806 1825 1857 ’ί
1860 1802 1918 1858 In
1953 1805 2204 1874 praesenti
2237 1818 2327 1856 au-

749 1903 859 1949 tem
903 1894 1070 1950 David
1122 1911 1220 1965 pro
1267 1898 1670 1966 opportunitate
1717 1898 1817 1952 has
1865 1897 2089 1967 protulit
2127 1911 2322 1960 voces,

748 2000 872 2040 cum
897 2002 926 2041 e
957 2001 1017 2041 re
1051 1995 1201 2056 gesta
1225 1988 1560 2056 edidicisset,
1589 2003 1731 2041 novo
1751 1988 1986 2057 quodam
2016 1986 2198 2048 modo,
2226 1986 2325 2041 sci-

748 2077 876 2134 licet
916 2095 1010 2149 per
1051 2079 1461 2148 obsequentiam
1495 2079 1696 2133 divinis
1746 2079 1954 2148 legibus
2001 2078 2322 2141 exhibitam,

749 2181 1023 2226 servatum
1053 2187 1111 2227 se
1142 2171 1334 2225 fuisse.
1360 2170 1573 2223 Atcnim
1607 2185 1702 2239 per
1733 2168 1974 2240 Moysem
2004 2170 2130 2222 olim
2157 2168 2325 2223 sacri.

749 2264 872 2318 licia
903 2271 956 2318 et
982 2262 1300 2316 holocausta
1335 2276 1435 2331 pro
1472 2262 1713 2330 peccatis
1742 2261 1926 2315 olTer-ri
1954 2261 2170 2329 j-ussum
2214 2257 2327 2313 fue-

750 2362 870 2417 rat;
907 2367 1053 2406 nunc
1102 2367 1231 2406 vero
1268 2367 1441 2405 novus
1472 2351 1710 2405 traditur
1741 2351 1938 2407 salutis
1978 2350 2175 2405 modus
2207 2351 2325 2404 sine

751 2443 1038 2498 sacriﬁciis
1062 2450 1114 2496 et
1139 2442 1497 2516 holocaustis.
1527 2440 1692 2495 Docet
1734 2455 1898 2510 porro
1924 2446 2177 2494 sexcenta
2205 2453 2326 2494 esse

752 2533 820 2587 ad
845 2533 1074 2588 salutem
1100 2532 1360 2598 remedia,
1392 2547 1512 2601 qua
1530 2530 1620 2585 Dei
1638 2531 1811 2601 gratia
1847 2529 2158 2584 hominibus
2184 2529 2326 2583 elar-

745 2624 857 2696 gita
890 2631 991 2678 est.
1027 2622 1212 2693 Neque
1265 2639 1362 2693 pro
1388 2623 1649 2693 dignitate
1682 2623 1757 2676 rei
1789 2621 1920 2686 dici,
1948 2637 2123 2691 neque
2146 2628 2326 2675 mente

745 2718 960 2788 concipi
987 2701 1164 2787 potest
1190 2717 1480 2770 multitudo
1511 2715 1900 2786 cogitationum
1929 2713 2043 2768 Dei.
2075 2712 2324 2784 Symma-

745 2810 886 2866 chus
939 2825 1119 2865 vero:
1160 2809 1464 2874 Permulta,
1518 2808 1716 2878 inquit,
1767 2807 1937 2876 fecisti
1992 2816 2067 2872 tu,
2107 2806 2323 2858 Domine

747 2900 889 2955 Deus
930 2917 1095 2964 meus,
1130 2899 1373 2969 prodigia
1424 2913 1537 2962 tua,
1583 2909 1632 2952 et
1680 2897 2020 2967 cogitationes
2067 2905 2187 2948 tuas
2228 2910 2323 2961 pra

745 2993 898 3047 nobis
931 3009 1033 3046 nou
1068 2993 1314 3060 possibile
1342 3000 1419 3044 est
1439 3005 1694 3060 exponere
1720 3003 1874 3057 super
1901 2999 1966 3043 te.
2000 2986 2201 3042 Deinde
2226 3001 2324 3055 pro

743 3088 861 3151 illo,
892 3086 1219 3140 Annuutiaui
1249 3084 1297 3138 et
1326 3085 1530 3138 locutus
1555 3099 1696 3146 sum,
1722 3070 2061 3149 multiplicati
2089 3089 2212 3133 sunt
2232 3097 2326 3132 su-

744 3195 837 3248 per
865 3194 1118 3242 arenam;
1148 3192 1368 3232 rursum
1400 3175 1761 3246 Symmachus
1785 3173 1887 3227 hac
1917 3173 2127 3227 ratione
2160 3175 2324 3227 inter-

752 3278 994 3341 pretatus
1026 3275 1132 3331 est,
1169 3266 1229 3321 Si
1268 3266 1590 3319 annuntians
1633 3265 1962 3329 annuntiem,
1994 3262 2166 3330 plures
2202 3270 2323 3314 sunt

747 3376 907 3433 quam
939 3369 994 3411 ut
1017 3357 1261 3411 enarrari
1289 3355 1509 3424 possint.
1543 3353 1698 3418 Nam,
1724 3369 1787 3406 ea:
1815 3362 1985 3422 parte,
2019 3354 2326 3422 inquit,‘co-

749 3442 1074 3515 gnoscimus,
1102 3449 1149 3492 et
1179 3455 1244 3492 ex
1279 3447 1429 3508 parte
1455 3438 1828 3506 prophetamus
1866 3438 1930 3490 ⁸⁰ι
1964 3437 2158 3493 Omnia
2194 3452 2327 3493 sane

750 3536 1022 3620 mirabilia
1053 3542 1146 3588 tua
1177 3533 1601 3588 innumerabilia
1646 3541 1700 3586 et
1743 3530 2325 3602 incomprehensibilia

751 3638 881 3688 sunt
913 3648 926 3683 :
955 3636 1194 3681 attamen
1239 3626 1294 3680 in
1347 3625 1418 3680 iis
1451 3639 1570 3694 qua:
1615 3639 1810 3694 capere
1851 3624 2008 3678 licuit
2046 3624 2099 3679 id
2130 3624 2325 3701 deprel-

748 3721 939 3786 bendi,
971 3730 1022 3776 te
1045 3720 1252 3775 scilicet
1283 3719 1352 3800 in.
1372 3714 1624 3787 praesenti
1655 3726 1900 3787 tempore
1937 3731 1967 3770 a
2003 3715 2188 3787 Moyse
2213 3723 2328 3769 tra-

749 3817 865 3872 dita
905 3813 1178 3872 sacriﬁcia
1223 3820 1278 3867 et
1327 3812 1630 3866 oblationes
1679 3812 1955 3876 noluisse,
2003 3811 2098 3866 sed
2136 3825 2326 3867 eorum

751 3908 874 3962 loco
902 3921 1062 3961 aures
1093 3919 1244 3960 meas
1277 3910 1330 3957 et
1358 3891 1771 3973 obsequentiam
1802 3901 2034 3971 eloquiis
2069 3899 2177 3954 tuis
2207 3913 2326 3968 per-

749 3999 950 4055 fecisse
977 4015 992 4063 ;
1019 4011 1082 4051 ac
1127 4012 1227 4068 pro
1261 3995 1620 4058 holocaustis,
1654 4002 1708 4050 et
1746 3992 2034 4049 sacriﬁciis
2067 4005 2165 4060 pro
2195 4005 2323 4059 pec-

753 4098 901 4158 cato,
931 4087 1311 4156 memetipsum
1339 4085 1512 4164 obtuli
1554 4085 1671 4139 tibi.
1705 4084 1887 4150 Quare
1919 4082 1994 4136 ait
2030 4101 2043 4135 ι
2079 4078 2213 4134 Ecce
2241 4096 2325 4134 oe-

753 4183 844 4236 nio
885 4196 915 4234 a
948 4187 1003 4234 te
1031 4186 1258 4234 vocatus
1278 4216 1293 4240 ,
1342 4183 1506 4246 atque
1563 4176 1972 4246 promptissime
2004 4173 2320 4229 obsecutus.

751 4273 926 4329 Venio
995 4279 1177 4325 autem
1238 4267 1545 4324 festinando
1617 4275 1678 4320 ut
1747 4266 1943 4321 faciam
1989 4267 2322 4320 voluntatem

751 4374 940 4421 tuam:
973 4363 1077 4418 hoc
1105 4362 1251 4418 enim
1299 4374 1400 4432 pro
1439 4360 1588 4413 omni
1632 4359 1851 4413 victima
1889 4360 2194 4415 holocausti
2229 4374 2323 4412 ac-

749 4467 1036 4530 cepturum
1070 4464 1123 4510 te
1142 4468 1466 4525 persuasum
1495 4452 1688 4506 habeo.
1721 4449 1835 4506 Hoc
1869 4465 2055 4521 porro,
2080 4451 2133 4504 in
2156 4451 2325 4520 capite

749 4551 874 4605 libri
906 4551 1166 4615 scriptum»
1191 4557 1268 4601 est
1322 4552 1386 4599 de
1430 4561 1531 4606 me,
1564 4544 1718 4614 quid,
1765 4544 1982 4606 amabo,
2016 4543 2165 4596 aliud
2194 4551 2319 4606 .est,

2423 700 2611 769 μάσιά
2638 719 2772 756 σου.
2792 704 2848 757 '0
2869 705 2966 776 τὴν
3000 707 3374 761 πολυποίκιλον
3398 708 3491 764 τοῦ
3525 709 3658 763 Θεοῦ
3688 709 3879 780 σοφίαι
3899 727 3996 764 και

2426 793 2845 863 τανενοηκὼςέν
2878 813 2934 847 τε
2969 800 3079 859 τοῖς
3099 798 3324 851 κάθόλου
3345 801 3606 870 κτίσμασι
3641 804 3734 854 καὶ
3765 797 3875 866 τοῖς
3893 820 3993 856 καδ

2427 885 2493 936 τὰ
2524 883 2702 955 μέρος,
2732 887 2845 947 τοῖς
2892 902 2951 937 τε
3002 886 3274 955 αἰσθητοῖς
3324 887 3416 941 καὶ
3447 893 3558 952 τοῖς
3597 891 3734 944 κατά
3759 892 3996 946 διάνοιαν

2429 974 2833 1044 θεωρουμένοις,
2870 977 2948 1039 είς
2982 975 3240 1047 ἔκπληξιν
3270 978 3437 1032 ἐλθὼν
3467 983 3563 1051 τῆς
3586 983 3996 1053 ὑπερμεγέθους

2425 1064 2698 1134 δυνάμεως
2753 1066 2844 1118 τοῦ
2897 1066 3006 1118 τῶν
3058 1067 3192 1119 ὅλων
3238 1067 3394 1131 Θεοῦ,
3444 1068 3585 1124 εἴποι
3635 1072 3731 1126 ἄν·
3786 1075 3996 1127 Πολλὰ

2425 1157 2714 1224 ἐποίησας
2763 1159 2864 1222 σὺ,
2896 1161 3075 1226 Κύριε
3117 1165 3151 1213 ὀ
3202 1163 3342 1226 Θεός
3385 1179 3525 1231 μου,
3574 1163 3646 1217 τὰ
3695 1164 3996 1233 θαυμάσιὰ

2427 1265 2561 1303 σου.
2581 1249 2739 1304 Ἀλλὰ
2790 1253 2883 1306 καὶ
2936 1257 3059 1318 τοὺς
3109 1255 3300 1323 λόγους
3349 1253 3606 1319 ἐξετάσας
3637 1257 3735 1328 τῆς
3766 1247 3995 1310 καθόλου

2428 1344 2698 1413 προνοίας,
2729 1344 2848 1397 καθ’
2873 1343 2963 1408 οὓς
2997 1347 3062 1399 τὰ
3093 1347 3380 1416 σύμπαντα
3406 1347 3612 1411 διοικεῖ,
3635 1347 3870 1402 κᾶπειτα
3905 1349 3996 1402 sbi.

2431 1437 2534 1508 ρὼν
2571 1437 2764 1501 αὐτοὺς
2809 1438 3244 1508 ἀκαταλήπτους,
3293 1440 3587 1510 προσθήσει
3637 1439 3841 1508 λέγων’
3882 1442 3994 1496 Καὶ

2423 1527 2547 1594 τοῖς
2584 1528 2992 1598 διαλογισμοῖς
3017 1546 3132 1583 σου
3163 1533 3273 1584 οὐκ
3299 1532 3430 1584 ἐστι
3453 1533 3542 1596 τίς
3569 1532 3998 1600 ὁμοιωθήσεται

2425 1636 2540 1674 σοι.
2577 1617 2699 1683 Οἷος
2724 1616 2791 1691 ἦν
2823 1623 2850 1673 ὁ
2882 1621 3057 1690 λέγων
3077 1640 3088 1651 ·
3117 1623 3180 1674 Ὢ
3208 1622 3439 1688 βάθους
3473 1625 3740 1678 πλούτου
3764 1625 3862 1679 καὶ
3891 1640 3994 1678 σο-ι

2425 1714 2584 1781 φίας,
2625 1714 2720 1766 καὶ
2759 1713 3032 1781 γνώσεως
3079 1713 3227 1766 Θεοῦ
3246 1713 3266 1764 !
3311 1714 3390 1779 ὡς
3439 1713 3875 1782 ἀνεξερεύνητα
3923 1714 3996 1766 τὰ

2425 1804 2676 1872 κρίματα
2703 1804 2907 1867 αὑτοῦ,
2935 1805 3030 1857 καὶ
3064 1803 3509 1873 ἀνεξιχνίαστοι
3540 1809 3598 1859 al
3622 1789 3960 1860 ὀδοὶάὺτοῦ
3976 1805 3997 1857 !

2439 1894 2524 1946 Ἐν
2556 1894 2611 1948 δὲ
2638 1897 2748 1961 τοῖς
2777 1895 3154 1965 προκειμένας
3181 1897 3208 1948 ὁ
3236 1895 3395 1948 Δαυῖδ
3425 1896 3563 1949 κατά
3585 1896 3773 1967 καιρὸν
3795 1896 3995 1960 ταύτας

2427 1988 2799 2070 προηνέγκατο
2832 1987 2929 2050 τὰς
2959 1989 3160 2056 φωνὰς,
3194 1988 3337 2059 ἔργῳ
3363 1971 3567 2060 μίαθὼν,
3595 1989 3670 2052 ὡς
3704 1988 3874 2059 καινῷ
3893 1995 3995 2042 τινι

2422 2080 2607 2151 τρόπῳ
2640 2079 2906 2132 σέσωσται
2939 2078 3015 2148 τῷ
3047 2078 3112 2131 δι⁴
3137 2079 3382 2148 ὑπακοῆς
3429 2080 3537 2132 τῶν
3584 2081 3743 2140 θείων
3776 2080 3990 2149 λογίων.

2425 2172 2593 2225 Πάλαι
2642 2173 2739 2242 μὲν
2784 2172 2892 2244 γὰρ
2931 2173 3018 2226 διὰ
3057 2174 3336 2238 Μωῦσέως
3368 2173 3546 2229 θυσίαι
3575 2177 3671 2229 καὶ
3715 2176 3994 2230 ὁλόκαυτοί

2424 2265 2690 2334 ἀναφοραὶ
2719 2265 3141 2336 προσετάττοντο
3186 2265 3325 2336 ὑπὲρ
3377 2266 3657 2336 ἁμαρτιῶν
3692 2267 3998 2338 προσφέρει*

2427 2355 2578 2408 σθαι·
2613 2355 2729 2408 νυνὶ
2756 2357 2812 2409 δὲ
2834 2357 3017 2420 καινὸς
3050 2357 3397 2427 παραδίδοται
3429 2357 3628 2428 τρόπος
3660 2357 3998 2430 σωτηρίαςςὸ

2423 2449 2543 2518 δίχα
2567 2447 2764 2501 θυσιῶν
2797 2449 2895 2500 καὶι
2921 2447 3406 2518 ὁλοκαυτωμάτων.
3436 2447 3682 2500 Διδάσκει
3705 2448 3761 2501 δὲ
3795 2448 3888 2501 καὶ
3919 2448 3998 2512 ὼς

2424 2539 2538 2592 ἔστι
2567 2539 2733 2611 μυρία
2759 2538 3029 2609 σωτηρίας
3054 2539 3340 2609 φάρμακα,
3374 2538 3516 2609 ἅπερ
3545 2539 3577 2608 ἡ
3606 2537 3698 2590 τοῦ
3730 2536 3864 2590 Θεοῦ
3894 2536 3995 2606 χά-

2431 2646 2512 2698 ρις
2532 2632 2642 2692 τοῖς
2661 2627 2966 2699 ἀνθρώποις
2993 2627 3320 2698 ἐδωρήσατο.
3341 2627 3454 2680 Οὐκ
3478 2625 3592 2678 ἐστι
3613 2642 3680 2678 ,τε
3699 2623 3816 2678 κατ’
3841 2622 3998 2686 ἀξίαν

2428 2724 2621 2784 είπεῖν,
2651 2720 2771 2773 οὐδὲ
2818 2719 3021 2789 διανοίᾳ
3065 2718 3374 2791 περιλαϐεῖν
3398 2716 3505 2770 τῶν
3532 2714 3625 2770 τοῦ
3658 2712 3794 2768 Θεοῦ
3825 2712 4001 2766 διαλοι

2426 2813 2639 2884 γισμῶν
2665 2813 2724 2865 τὸ
2752 2812 2971 2882 πλῆθος.
2992 2813 3048 2865 '0
3084 2811 3140 2864 δὲ
3171 2810 3486 2882 Σύμμαχος,
3520 2808 3872 2877 Πάμπολλα,
3891 2823 3999 2876 quq-‘-

2427 2907 2530 2967 c‘w,
2560 2904 2853 2970 ἐποίησας
2883 2902 2985 2967 σὺ,
3013 2903 3187 2970 Κύριε
3216 2903 3248 2954 ό
3282 2902 3426 2966 Θεός
3442 2917 3584 2969 μου,
3618 2897 3691 2951 τὰ
3718 2892 4003 2966 τεράστιό

2424 3013 2562 3060 σου,
2593 2997 2690 3049 καὶ
2722 2997 2862 3062 τοὺς
2889 2993 3317 3063 διαλογισμούς
3341 3008 3458 3045 σου
3485 2991 3628 3056 τοὺς
3650 2989 3804 3057 ὑπὲρ
3831 2985 4000 3057 ἡμῶν
4047 3006 4070 3024 ο

2424 3090 2535 3141 οὐκ
2553 3087 2723 3141 ἐστιν
2749 3085 3024 3140 ἐκθέσθαι
3050 3085 3148 3137 ἐπὶ
3174 3084 3309 3139 σοῦ.
3333 3079 3467 3136 Εἶτα
3489 3082 3610 3136 ἀντὶ
3631 3078 3725 3133 τοῦ
3748 3097 3760 3109 ·
3795 3077 3994 3146 Ἀπήγ-
4066 3121 4078 3130 .

2425 3180 2593 3248 γειλα
2630 3176 2725 3230 καὶ
2756 3175 3051 3241 ἐλάλησα,
3083 3173 3557 3239 ἐπληθύνθησαν
3593 3167 3748 3236 ὑπὲρ
3779 3167 3999 3236 appar.-

2429 3268 2590 3321 πάλιν
2629 3269 2658 3320 ὁ
2710 3266 3001 3336 Σύμμαχος
3053 3263 3240 3317 τοῦτον
3281 3264 3592 3334 ἡρμήνευσε
3636 3260 3727 3314 τὸν
3765 3259 3996 3331 τρόπον’

2443 3361 2573 3414 Ἐὰν
2589 3357 2982 3428 ἀπαγγέλλων
3008 3354 3406 3426 καταγγέλλω,
3425 3352 3608 3407 πλείω
3640 3351 3774 3406 ἐστι
3792 3349 3898 3424 τοῦ
3913 3348 4003 3400 διδ

2397 3444 2740 3520 ἠγηθῆναι.
2783 3449 2874 3501 Ἐκ
2897 3446 3118 3516 μέρους
3160 3445 3276 3514 μὲν
3316 3445 3446 3513 γὰρ,
3498 3443 3651 3513 φησι,
3711 3438 3998 3510 γινώσκο-

2420 3558 2555 3611 μεν,
2610 3540 2708 3594 καὶ
2751 3540 2820 3593 ἐκ
2860 3537 3082 3608 μέρους
3120 3536 3586 3604 προφητεύομεν.
3644 3533 3725 3586 Τά
3770 3547 3835 3600 γε
3889 3529 4000 3600 μὴν

2426 3632 2969 3704 πάντα-ἀναρίθμητα
2995 3631 3084 3684 καὶ
3119 3628 3476 3699 ἀκατάληπτα
3509 3623 3766 3696 τυγχάνει
3787 3623 3854 3676 τὰ
3877 3620 4004 3696 θαυ-

2429 3727 2600 3800 μάσιά
2627 3744 2720 3779 σου
2743 3743 2756 3756 ·
2793 3725 2930 3797 πλὴν
2977 3726 3036 3778 ὲν
3085 3719 3164 3788 οἷς
3193 3719 3487 3776 κατέλαϐον
3519 3720 3612 3773 καὶ
3641 3715 3786 3780 τοῦθ’
3819 3709 3998 3785 εὖρον,

2424 3819 2506 3872 ὅτι
2556 3818 2697 3885 κατὰ
2722 3817 2814 3870 τὸν
2865 3817 3105 3888 παρόντα
3133 3814 3322 3884 καιρὸν
3349 3812 3446 3875 τὰς
3475 3810 3627 3882 παρὰ
3654 3810 3879 3864 Μωῦσεῐ
3907 3806 4004 3860 θυι·

2427 3913 2548 3975 σίας
2580 3911 2674 3964 καὶ
2707 3908 3023 3980 προσφορὰς
3061 3909 3161 3960 οὐκ
3205 3905 3472 3976 ἠθέλησας
3492 3920 3504 3933 ο
3540 3903 3680 3956 ἀντὶ
3702 3901 3746 3953 δ’
3773 3899 3998 3952 ἐκείνων

2424 4003 2493 4058 τὰ
2513 3998 2626 4058 ὦτά
2653 4019 2753 4074 μου
2779 4002 2872 4056 καὶ
2899 3999 2996 4071 τὴν
3027 3999 3271 4068 ὑπακοὴν
3293 3995 3402 4058 ,τῶν
3432 3995 3538 4047 σῶν
3569 3993 3764 4061 λογίων
3792 4007 3997 4062 κατηρά

2423 4097 2559 4150 τίσω
2578 4113 2589 4125 ·
2627 4096 2722 4148 καὶ
2749 4094 2869 4147 ἀντὶ
2893 4089 3357 4159 ὁλοκαυτωμάτων
3395 4087 3488 4141 καὶ
3519 4085 3627 4138 τῶν
3655 4083 3784 4155 περὶ
3817 4084 3999 4153 ἁμαρ-ι

2420 4189 2544 4252 τίας
2578 4186 2776 4240 θυσιῶν
2809 4185 2968 4248 αὐτὸς
3001 4182 3238 4254 ἐμαυτὸν
3268 4178 3614 4253 προσήγαγόν
3645 4193 3748 4229 σοι.
3777 4172 3868 4228 Διό
3892 4192 3998 4246 φηέ

2427 4297 2542 4332 σιν·
2588 4277 2731 4332 Ἰδοὺ
2780 4277 2902 4342 ἥκω
2947 4274 3165 4346 κληθεὶς
3194 4274 3298 4326 ὑπὸ
3332 4272 3446 4335 σοῦ,
3478 4272 3571 4324 καὶ
3613 4268 4000 4341 προθυμότατα

2427 4365 2925 4428 ὑπακούσας.Ἦκω
2955 4364 3012 4418 δὲ
3043 4364 3280 4428 σπεύσας
3315 4362 3408 4416 τοῦ
3443 4361 3664 4432 ποιῆσαι
3695 4361 3756 4413 τὸ
3789 4357 4001 4430 θέλημά

2427 4474 2552 4511 σου·
2585 4454 2740 4508 τοῦτο
2791 4448 2911 4526 γὰρ
2943 4455 3061 4507 ἀντὶ
3110 4454 3292 4524 πάσης
3332 4450 3625 4505 ὀλοκαύτου
3670 4448 3861 4511 θυσίας
3897 4447 3999 4500 πέ·

2426 4548 2656 4619 πεισμαί
2700 4563 2760 4599 σε
2798 4545 3172 4618 ἀποδέχεσθαι.
3208 4546 3316 4598 Καὶ
3349 4543 3505 4598 τοῦτο
3542 4542 3599 4594 δὲ
3630 4542 3700 4595 ὲν
3724 4539 4000 4610 κεφαλίδι

747 4658 914 4716 quam
940 4641 1335 4714 praeferendam
1368 4654 1489 4695 esse
1517 4637 1862 4692 voluntatem
1922 4642 2071 4688 tuam
2112 4634 2320 4688 sacrili-
2355 4680 2397 4737 Β
2421 4643 2466 4707 β

2284 4637 2320 4687 ἱ·
2355 4680 2397 4737 Β
2421 4642 2664 4707 βιϐλίου
2694 4639 3010 4709 γέγραπται
3040 4637 3174 4705 περὶ
3206 4635 3352 4706 ἐμοῦ
3373 4653 3385 4665 ·
3428 4633 3588 4688 τοῦτο
3611 4633 3668 4686 δὲ
3698 4635 3849 4686 ποῖον
3873 4632 3905 4702 ἢ
3939 4629 4003 4682 τὸ

749 4739 853 4792 ciis
885 4743 938 4790 et
974 4734 1350 4788 holocaustis?
1397 4741 1451 4788 et
1497 4733 1668 4802 legem
1715 4738 1867 4783 tuam
1919 4726 2319 4798 exsequendam

748 4843 870 4883 esse
912 4840 1022 4880 non
1061 4826 1359 4879 secundum
1399 4823 1617 4878 obviam
1656 4823 1966 4882 lectionem,
1999 4834 2175 4889 neque
2209 4819 2326 4888 pari

752 4922 964 4975 ratione
992 4927 1155 4986 atque
1185 4916 1491 4984 complures
1522 4914 1653 4983 legis
1681 4913 1879 4984 M‘oysis
1905 4913 2322 4977 observatores;

755 5014 850 5070 sed
883 5015 940 5066 in
967 5011 1136 5065 medio
1166 5010 1357 5063 ventris
1381 5010 1515 5070 mei;
1546 5018 1640 5061 aut
1673 5019 1731 5062 ut
1771 5007 2153 5079 Symmachus,
2188 5022 2321 5084 con:

755 5107 924 5175 cupivi
957 5106 1118 5174 legem
1146 5113 1294 5156 tuam
1322 5102 1374 5153 in
1411 5099 1579 5155 medio
1604 5101 1857 5152 viscerum
1892 5113 2148 5154 meorum:
2182 5096 2318 5152 Nam

756 5197 802 5252 si
837 5198 930 5268 qui
982 5198 1180 5250 anima:
1210 5201 1398 5247 venter
1441 5201 1548 5256 est,
1585 5193 1791 5260 tropice
1831 5192 1922 5246 sic
1969 5202 2215 5254 vocatus,
2255 5190 2321 5243 de

754 5307 865 5363 quo
900 5292 954 5345 in
982 5287 1291 5359 Evangeliis
1331 5285 1537 5339 dictum
1586 5293 1670 5338 est
1715 5303 1726 5337 :
1767 5280 2021 5338 Flumina
2055 5285 2117 5337 de
2151 5292 2324 5337 ventre

754 5387 867 5456 ejus
901 5384 1064 5452 ﬂuent
1090 5397 1239 5450 aqua:
1268 5380 1411 5441 vivae,
1437 5378 1674 5431 salientis
1698 5378 1750 5429 in
1779 5376 1945 5429 vitam
1972 5387 2223 5431 ceternam
2247 5377 2324 5438 “;

758 5481 812 5532 in
846 5478 947 5530 hoc
987 5473 1290 5536 recondito,
1314 5472 1522 5540 inquit.
1556 5486 1618 5524 ac
1656 5476 1868 5525 secreto
1907 5471 2102 5525 anima:
2136 5484 2324 5540 promo

757 5568 971 5639 ptuario
998 5565 1166 5634 legem
1209 5573 1355 5618 tuam
1397 5564 1692 5618 observare
1723 5562 1888 5628 volui,
1929 5571 2088 5633 atque
2125 5576 2327 5632 prlece-

757 5670 846 5732 pta
877 5660 943 5713 de
976 5656 1262 5711 sacriﬁciis
1289 5665 1341 5709 et
1385 5655 1721 5709 holocaustis
1766 5655 2038 5724 spirituali
2071 5669 2235 5708 more-
2260 5666 2324 5706 ac

759 5751 1058 5807 secundum
1117 5754 1353 5800 mentem
1405 5747 1733 5816 persolvere.
1783 5745 1909 5799 Haec
1963 5747 2164 5817 quippe
2220 5743 2320 5798 tibi

1743 5869 1754 5877 ι

828 5908 848 5935 ’
889 5902 1044 5957 Rom.
1083 5920 1157 5968 ιι,
1193 5900 1278 5957 53.

2430 4733 2763 4804 προτιμῆσαι
2798 4732 2858 4784 τὸ
2889 4730 3099 4801 θέλημά
3143 4746 3236 4781 σου
3268 4725 3469 4780 θυσιῶν
3493 4727 3586 4779 καὶ
3619 4724 4003 4804 ἀλοκαυτωμάρ

2429 4843 2534 4878 των
2559 4841 2572 4888 ;
2605 4825 2698 4876 καὶ
2724 4823 2784 4876 τὸ
2813 4823 3034 4893 ποιῆσαι
3068 4819 3160 4874 τὸν
3189 4821 3350 4892 νόμον
3380 4833 3472 4869 σου
3501 4817 3561 4868 οὐ
3587 4799 3730 4868 κατά
3752 4813 3847 4884 τὴν
3870 4812 4000 4882 πρό·
4033 4857 4048 4864 _

2430 4935 2607 4989 χειρον
2639 4916 2802 4983 λέξιν,
2829 4914 2947 4970 οὐδὲ
2967 4913 3166 4985 ὁμοίως
3194 4913 3306 4973 τοῖς
3333 4908 3545 4971 πολλοῖς
3572 4897 3639 4959 τὰ
3665 4904 3815 4976 παρά
3834 4905 4001 4956 Μωῡ-

2431 5015 2513 5064 σεῖ
2557 5009 2983 5082 παρηγγελμένα
3011 5006 3412 5075 φυλάττονταςο
3464 5001 3533 5054 ἐν
3575 4998 3743 5068 μέσῳ
3783 4997 3850 5050 δέ
3893 4995 4006 5064 τῆς

2429 5103 2657 5167 κοιλίας
2691 5119 2808 5170 μου
2827 5117 2839 5130 ·
2871 5100 2902 5170 ἦ
2939 5097 3078 5151 κατά
3104 5097 3193 5147 τὸν
3224 5093 3548 5164 Σύμμαχον·
3575 5087 4006 5158 Προεθυμήθην

2431 5192 2536 5246 τὸν
2563 5193 2750 5260 νόμον
2779 5169 2900 5243 σου
2921 5188 3168 5241 ἔνδοθεν
3195 5182 3311 5238 τῶν
3345 5181 3609 5253 ἐγκάτων
3629 5197 3768 5250 μου.
3799 5169 3862 5231 El
3897 5179 4005 5249 γάρ

2433 5285 2513 5347 τίς
2545 5287 2659 5337 ἐστι
2686 5283 2862 5337 κοιλία
2883 5282 3080 5352 ψυχῆς,
3109 5276 3396 5350 τροπικῶς
3410 5275 3580 5338 οὕτως
3606 5271 4001 5346 ὀνομαζομένη,

2435 5377 2560 5446 περὶ
2595 5372 2662 5446 ἦς
2703 5378 2759 5428 ὲν
2799 5372 3148 5441 Εὑαγγελίοις
3193 5369 3466 5422 λέλεκται⁸
3497 5365 3760 5435 Ποταμοῖ
3789 5365 3860 5418 ἐκ
3893 5360 4005 5430 τῆς

2435 5468 2666 5532 κοιλίας
2706 5465 2892 5519 αὐτοῦ
2926 5466 3261 5532 ῥεύσουσιν
3289 5459 3507 5524 ὕδατος
3546 5456 3778 5522 ζῶντος,
3823 5456 4006 5509 ἀλλο-
4057 5519 4060 5522 _

2429 5557 2616 5626 μένου
2659 5562 2743 5624 είς
2783 5556 2934 5625 ζωὴν
2975 5555 3242 5609 αἰώνιον·
3267 5540 3334 5608 ¹ὲν
3363 5553 3536 5622 τούτῳ
3582 5549 3661 5619 τῷ
3710 5547 4005 5619 ἀπορρήτῳ

2434 5651 2528 5704 καὶ
2554 5650 2856 5722 ἀποκρύφῳ
2888 5649 2986 5719 τῆς
3014 5647 3187 5719 ψυχῆς
3212 5639 3422 5718 ταμείῳ
3451 5645 3542 5698 τὸν
3571 5643 3732 5712 νόμον
3763 5655 3878 5700 σου,
3902 5651 4003 5705 φης

2435 5743 2536 5805 σίν,
2572 5741 2865 5811 ἐϐουλήθην
2902 5740 3140 5811 ποιῆσαι,
3169 5740 3261 5794 καὶ
3313 5739 3440 5811 περὶ
3489 5733 3690 5790 θυσιῶν
3740 5730 3832 5784 καὶ
3881 5726 4004 5782 ὁλο-

1364 5904 1402 5932 ³ο
1447 5903 1459 5954 l
1500 5903 1622 5958 Cor.
1661 5921 1775 5969 xui,
1813 5903 1865 5957 9.
1949 5904 1984 5934 τ’
2028 5903 2184 5956 Joan.
2220 5897 2423 5965 “1,58.
