4354 6462
290 498 393 553 55Ἱ

1414 484 1913 543 COMMENTARIA
1950 488 2015 542 IN
2067 487 2405 546 PSALMUS.

3421 495 3528 555 358

290 606 663 679 καυτωμάτων
681 606 900 671 ἐντολὰς
926 604 1304 676 πνευματικῶς
1333 606 1426 657 καὶ
1454 605 1594 657 κατά
1617 604 1853 659 διάνοιαν
1882 614 1928 670 Α
1957 623 2009 677 pi

1846 625 1853 651 ι
1882 614 1928 670 Α
1957 608 2219 677 perchara
2254 624 2377 664 esse
2413 607 2560 671 novi,
2594 623 2657 663 ac
2680 599 2851 663 multo
2881 609 3261 679 praestantiora
3295 610 3387 678 iis,
3411 600 3535 683 qua
3561 663 3565 668 .

290 698 616 752 ἐπιτελέσαι.
652 697 835 751 Ταῦτα
876 696 983 767 γὰρ
1024 695 1195 763 ἔγνων
1232 688 1332 746 ¹σοι
1381 694 1529 764 φίλα,
1560 697 1651 747 καὶ
1685 696 1868 767 πολλῴ
1905 690 1908 693 ⁷

289 789 692 864 κρείττονατῶν
728 786 1052 860 σωματικῶς
1095 786 1364 849 Ἰουδαίοις
1395 787 1863 859 παραδεδομένων.

351 880 851 951 Εὐηῃπελισάμην
879 878 1272 945 δικαιοσύνην
1308 878 1377 929 ἐν
1418 879 1743 945 Ἐκκλησία
1759 896 1865 947 με·

288 973 465 1044 τάλῃ,
498 973 629 1027 ἰδοὺ
659 974 732 1027 τὰ
756 973 929 1041 χείλη
958 989 1075 1042 μου
1108 973 1179 1025 οὐ
1216 969 1301 1039 μὴ
1340 973 1623 1025 κωλύσωο
1668 972 1864 1039 Κύριε,

287 1066 369 1120 σὺ
399 1066 607 1135 ἔγνως.
645 1063 765 1133 Τὴν
802 1063 1195 1129 δικαιοσύνην
1224 1080 1343 1131 μου
1388 1065 1499 1115 οὐκ
1533 1063 1771 1131 ἔκρυψα
1797 1065 1867 1117 ἐν

287 1155 364 1237 τῇ
389 1155 602 1225 καρδίᾳ
627 1174 779 1224 μου·
823 1150 945 1223 τὴν
974 1152 1264 1221 ἀλήθειάν
1286 1170 1402 1206 σου
1445 1154 1542 1207 καὶ
1578 1155 1645 1207 τὸ
1675 1157 1866 1223 σωτή-

277 1249 416 1316 ριόν
444 1264 561 1302 σου
585 1244 743 1302 εἶπα.
763 1246 1041 1318 Ἀλήθειαν
1065 1246 1123 1299 δὲ
1165 1246 1264 1315 τὴν
1295 1246 1865 1318 ἀντιδιαστελλομένην

285 1343 352 1413 τῇ
388 1342 534 1412 σκιᾷ.
560 1341 793 1412 Νοήσεις
816 1338 872 1392 δὲ
896 1337 988 1391 καὶ
1011 1336 1184 1399 οὕτως
1203 1353 1216 1365 ·
1257 1336 1343 1399 Ὠς
1364 1338 1392 1390 6
1419 1338 1685 1409 μακάριος
1706 1339 1868 1393 Δαυῒδ

286 1431 625 1502 ὑπισχνεῖται
651 1431 709 1484 ὲν
752 1428 1045 1499 Ἐκκλησία
1069 1427 1279 1500 μεγάλῃ
1304 1431 1371 1499 τῇ
1399 1428 1540 1482 κατά
1568 1432 1747 1483 πᾶσαν
1766 1428 1864 1501 τὴν

284 1522 610 1594 οἰκουμένην
636 1522 742 1574 ὑπὸ
761 1521 859 1591 τῆς
883 1519 1033 1582 θείας
1060 1519 1278 1591 χάριτος
1313 1520 1630 1593 συλλεγείσῃ
1650 1522 1748 1591 τὴν
1770 1521 1862 1575 τοῦ

283 1612 420 1668 Θεοῦ
452 1613 792 1684 δικαιοσύνην
818 1614 1128 1683 κηρύττειν,
1154 1613 1247 1665 καὶ
1274 1611 1372 1682 τὴν
1400 1596 1500 1683 τῆς
1529 1614 1863 1685 προφητείας

284 1706 562 1779 ἀλήθειαν,
590 1706 683 1760 καὶ
703 1704 801 1776 τὴν
820 1704 1144 1774 ἀξιάγαστον
1178 1703 1471 1775 σωτηρίαν,
1494 1706 1588 1758 καὶ
1611 1705 1701 1758 τὸν
1724 1706 1862 1775 ἀμέρ

282 1813 480 1870 τρητον
512 1797 658 1850 ἐλεον
703 1797 796 1851 καὶ
841 1795 1019 1859 αὐτῶν
1060 1795 1119 1849 δὲ
1149 1795 1271 1865 ξτῶν
1316 1795 1522 1849 πιστῶν
1553 1797 1582 1847 6
1610 1796 1864 1865 σύλλογος

284 1889 430 1942 εῐποι
476 1888 542 1943 ἂν
586 1888 756 1942 ταῦτα
802 1888 1227 1960 ὑπισχνούμενος
1252 1889 1352 1960 τὴν
1386 1889 1524 1961 ὑπὲρ
1550 1890 1650 1958 τῆς
1683 1906 1862 1961 σωτη-

1971 694 2235 767 corporeo
2263 714 2415 754 more
2444 696 2646 754 Judasis
2682 698 2880 753 tradita
2920 707 3048 755 sunt

2044 874 2209 931 Vens.
2264 877 2445 932 10-16.
2506 878 2829 933 Annuntiaoi
2874 879 3141 947 justitiam
3204 880 3262 934 in
3310 881 3534 936 ecclesia

1969 985 2181 1039 magna,
2237 986 2350 1023 ecce
2383 970 2526 1022 labia
2572 986 2687 1024 mea
2724 988 2826 1025 non
2882 970 3158 1039 prohibebo
3214 984 3234 1023 .·
3296 970 3534 1041 Domine,

1971 1072 2027 1116 tu
2079 1062 2245 1116 scisti.
2276 1060 2553 1117 Justitiam
2597 1080 2764 1118 meam
2819 1079 2923 1117 non
2972 1063 3219 1118 abscondi
3269 1064 3326 1117 in
3381 1066 3539 1121 corde

1968 1171 2081 1209 meo
2118 1172 2136 1207 :
2168 1157 2435 1209 veritatem
2484 1163 2631 1207 tuam
2673 1165 2721 1208 et
2769 1155 3005 1209 salutare
3065 1165 3209 1209 tuum
3243 1156 3377 1211 dixi.
3430 1157 3538 1214 Ve-

1968 1246 2183 1299 ritatem
2235 1244 2441 1299 scilicet
2495 1245 2701 1299 umbra:
2746 1246 3071 1316 appositam.
3102 1244 3217 1301 Hoc
3258 1248 3386 1302 item
3417 1264 3537 1305 mo-

1966 1336 2038 1390 do
2095 1337 2387 1406 intelligas,
2441 1345 2499 1391 ut
2565 1336 2769 1395 beatus
2808 1338 2978 1393 David
3029 1340 3314 1410 pollicetur
3369 1358 3428 1397 se
3477 1343 3535 1397 in

1964 1426 2210 1483 Ecclesia
2241 1445 2457 1500 magna,
2487 1445 2585 1500 per
2608 1438 2779 1485 totum
2836 1432 3021 1488 orbem
3063 1448 3092 1486 a
3130 1434 3312 1488 divina
3362 1435 3542 1505 gratia

1966 1532 2295 1591 congregata
2334 1562 2348 1584 ,
2411 1520 2507 1576 Dei
2550 1523 2817 1592 justitiam
2872 1532 2925 1578 et
2966 1525 3278 1594 prophetia:
3335 1528 3537 1582 verita—

1966 1618 2073 1665 tem
2106 1613 2546 1682 praedicaturum,
2582 1631 2683 1669 nec
2735 1631 2843 1669 non
2885 1616 3114 1672 salutem
3173 1617 3536 1675 admiratione

1964 1704 2185 1773 dignam
2223 1713 2278 1759 et
2310 1704 2629 1760 immensam
2662 1706 3091 1761 misericordiam
3120 1694 3153 1775 ;'
3182 1709 3436 1765 similiter
3467 1710 3533 1765 ﬁ-

1964 1788 2167 1848 delium
2203 1802 2399 1856 coetus,
2444 1810 2543 1848 ceu
2575 1796 2641 1849 ad
2676 1796 2871 1850 oblatae
2899 1797 3093 1852 salutis
3133 1802 3538 1869 compensatio-

1968 1900 2094 1939 nem
2131 1885 2405 1955 pollicitus
2426 1884 2647 1947 dixerit.
2691 1902 2751 1942 se
2781 1887 3021 1942 vicissim
3054 1888 3107 1943 id
3138 1891 3534 1959 praasliturum,

285 1980 407 2053 ρίας
431 1980 696 2034 ἀντίδοσιν
724 1980 934 2046 δώσειν,
963 1981 1042 2051 τῷ
1069 1980 1379 2052 συντρέχειν
1412 1982 1491 2043 εἰς
1540 1981 1865 2052 Ἐκκλησίαν
1897 1979 1941 2033 Β
1966 1994 2001 2032 ιι

1816 1998 1865 2034 ιν
1897 1979 1941 2033 Β
1966 1986 2028 2032 ιιι
2058 1979 2433 2033 οοηνοηίοιηίιι
2461 1979 2772 2043 ecclesiam,
2800 1980 2943 2035 labia
2970 1982 3179 2052 aperiat
3207 1983 3273 2038 ad
3302 1984 3535 2055 hymnos

285 2073 378 2128 καὶ
418 2073 488 2127 τά
532 2073 683 2145 χείλη
716 2077 884 2127 κινεῖν
916 2075 997 2137 είς
1025 2072 1324 2145 ὑμνῳδίαν,
1358 2072 1451 2125 καὶ
1484 2071 1578 2125 τοῦ
1607 2072 1741 2126 Θεοῦ
1768 2072 1866 2145 τὴν

281 2166 498 2239 δικαίμν
529 2166 707 2239 κρίσιν
734 2160 1150 2242 ἀνακηρύττειν,
1171 2150 1267 2221 καὶ
1295 2166 1395 2237 τὴν
1420 2167 1657 2238 ἄρρητον
1680 2164 1869 2232 διεξιέ-

282 2276 370 2313 ναι
413 2258 762 2331 κηδεμονίαν,
812 2260 907 2313 καὶ
954 2258 1063 2313 τῶν
1112 2256 1470 2329 προφητικῶν
1521 2256 1868 2327 ὑποσχέσεων

284 2350 665 2406 ὑποδεικνύναι
702 2351 765 2405 τδ
806 2350 1023 2423 ἀληθές.
1057 2350 1141 2404 Σὺ
1167 2343 1255 2413 δὲ,
1283 2351 1482 2417 Κύριε,
1511 2349 1597 2419 μὴ
1633 2350 1870 2425 μακρύ-

282 2461 401 2513 rm-
427 2443 571 2513 τοὺς
588 2444 929 2513 οίκτιρμούς
959 2458 1075 2497 σου
1106 2444 1205 2497 ἀπ’
1230 2443 1377 2512 ἐμοῦ
1404 2460 1417 2473 ·
1455 2442 1522 2496 τὸ
1550 2443 1722 2509 ἔλεός
1751 2458 1867 2497 σου

284 2537 384 2591 καὶ
413 2537 452 2606 ἠ
478 2535 730 2603 ἀλήθειά
758 2552 875 2589 σου
913 2533 1011 2588 διὰ
1043 2534 1269 2600 παντὸς
1300 2521 1704 2603 ἀντελάϐοντῤ
1729 2553 1864 2595 μου.

283 2626 395 2680 Καὶ
434 2624 672 2696 τυχοῦσα
721 2625 820 2694 τῆς
866 2622 1141 2694 σωτηρίας
1167 2622 1201 2692 ἡ
1229 2619 1323 2675 τοῦ
1354 2622 1492 2674 Θεοῦ
1544 2620 1864 2697 Ἐκκλησία,

280 2716 456 2771 δεῖται
487 2717 645 2772 πάλιν
671 2716 770 2786 τῆς
796 2714 969 2785 αὐτῆς
1000 2712 1343 2785 προμηθείας
1363 2713 1451 2767 διὰ
1480 2713 1580 2777 τάς
1603 2716 1869 2766 παντοδα-

283 2808 395 2871 πὰς
420 2807 530 2861 τῶν
556 2804 859 2879 ἀνθρώπων
895 2804 990 2858 καὶ
1037 2802 1310 2873 δαιμόνων
1342 2803 1757 2868 ἐπαναστάσεις,
1789 2796 1867 2856 ὧν

283 2902 344 2954 ὲν
380 2901 493 2962 τοῖς
538 2898 662 2969 ἑξῆς
691 2896 791 2968 τὴν
829 2897 1050 2968 μνήμην
1075 2896 1515 2967 πεποίηται.”οτι
1543 2894 1867 2965 περιέσχον

277 3008 356 3061 με
386 2990 543 3045 κακὰ
573 2984 661 3046 ὧν
688 2991 801 3045 οὐκ
827 2989 999 3044 ἐστιν
1024 2973 1270 3058 ἀριθμός
1295 3006 1308 3018 ·
1341 2988 1673 3042 κατέλαϐον
1700 3005 1777 3057 με
1806 2990 1866 3042 ai

284 3082 526 3152 ἀνομίαι
566 3099 686 3152 μου
709 3121 725 3146 ,
775 3080 875 3135 καὶ
916 3080 1030 3134 οὐκ
1074 3078 1385 3148 ἠδυνήθην
1434 3078 1539 3132 τοῦ
1587 3077 1863 3144 βλέπειν.

296 3174 798 3243 Ἑπληθύνθησαν
842 3172 996 3240 ὑπὲρ
1042 3171 1151 3238 τὰς
1201 3172 1408 3242 τρίχας
1447 3169 1555 3240 τῆς
1598 3170 1867 3241 κεφαλῆς

280 3286 422 3337 μου,
454 3266 556 3321 καὶ
603 3267 643 3335 ἠ
695 3264 907 3335 καρδία
929 3282 1046 3335 μου
1074 3264 1426 3334 ἐγκατέλιπέ
1445 3281 1541 3334 με.
1577 3264 1782 3336 Μηδεὶς
1810 3262 1867 3317 δὲ

1969 2069 2246 2123 canendos
2275 2077 2329 2123 et
2359 2069 2426 2123 ad
2452 2070 2660 2139 justum
2692 2070 2786 2127 Dei
2810 2071 3077 2141 judicium
3107 2074 3532 2145 praedicandum,

1968 2162 2034 2216 ad
2071 2162 2400 2218 ineﬂ’abilem
2438 2164 2808 2219 enarrandam
2859 2166 2978 2235 ejus
3018 2168 3435 2237 providentiam,
3466 2170 3534 2225 ad

1968 2253 2408 2323 propheticarum
2455 2255 2881 2324 promissionum
2929 2258 3209 2312 veritatem
3252 2258 3536 2314 declaran-

1968 2345 2113 2400 dam.
2147 2345 2225 2399 Tu
2262 2356 2460 2411 autem,
2496 2346 2739 2412 Domine,
2765 2365 2827 2403 ne
2858 2348 3007 2421 longe
3042 2350 3212 2419 facias
3244 2352 3538 2406 miseratio-

1968 2454 2056 2493 nes
2088 2449 2267 2494 tuas‘a
2305 2456 2384 2493 me
2409 2455 2427 2492 :
2459 2441 2821 2495 misericordia
2841 2451 2941 2495 tua
2974 2451 3022 2496 et
3052 2444 3243 2498 ueritas
3279 2454 3370 2497 tua
3402 2461 3538 2499 sem-

1968 2545 2060 2597 per
2087 2540 2426 2599 susceperunt
2450 2547 2550 2587 me.
2579 2532 2757 2602 Atque
2784 2533 3013 2588 salutem
3045 2544 3204 2589 nacta
3236 2533 3327 2590 Dei
3353 2532 3539 2592 Eccle-

1968 2620 2071 2684 sia,
2110 2608 2309 2675 itcruui
2337 2623 2525 2677 eadem
2555 2638 2658 2694 Ope
2686 2624 2912 2695 indiget,
2941 2626 3108 2680 variis
3138 2624 3540 2697 frequentibus-

1966 2724 2075 2780 que
2120 2710 2402 2765 hominum
2442 2713 2864 2786 daemonumque
2908 2717 3202 2771 insultibus
3254 2718 3535 2788 impetita,

1966 2816 2200 2873 quorum
2228 2803 2285 2857 in
2320 2805 2676 2872 sequentibus
2711 2808 3042 2861 mentionem
3077 2806 3228 2861 facit.
3274 2807 3536 2875 Quoniam

1966 2894 2422 2949 circumdederunt
2454 2912 2535 2949 me
2572 2898 2716 2950 mala
2745 2900 2968 2967 quorum
3006 2915 3108 2953 non
3136 2907 3217 2953 est
3242 2916 3491 2955 numerus
3517 2920 3532 2956 :

1946 2985 2462 3053 comprehenderunt
2496 3003 2576 3040 me
2614 2987 2920 3057 iniquitates
2963 3004 3111 3051 mea,
3162 2997 3212 3043 et
3254 3005 3359 3042 non
3388 2991 3537 3058 potui

1966 3088 2025 3132 nt
2055 3078 2299 3133 viderem.
2346 3078 2715 3148 Multiplicata:
2755 3090 2877 3134 sunt
2909 3096 3062 3150 super
3091 3082 3310 3151 capillos
3346 3084 3535 3154 capitis

1968 3171 2089 3235 mei,
2120 3180 2171 3225 et
2215 3188 2523 3233 cor.meum
2573 3172 2852 3244 dereliquit
2894 3190 2998 3227 me.
3031 3171 3199 3230 Nemo
3243 3174 3539 3231 arbitretur

1969 3263 2117 3317 diota
2156 3262 2471 3334 hujusmodi
2517 3281 2626 3319 non
2664 3265 2979 3321 consentire
3012 3265 3080 3322 iis
3106 3281 3228 3337 qua:
3270 3269 3537 3338 explicata

284 3355 602 3425 ἀνάρμοστα
628 3352 867 3424 ἡγείσθω
890 3352 960 3406 τά
987 3352 1254 3425 εἰρημένα
1275 3356 1387 3417 τοῖς
1408 3354 1861 3427 ἡρμηνευμένοις.
1892 3344 1935 3400 C
1970 3371 1997 3410 ε

1817 3370 1861 3417 ς.
1892 3344 1935 3400 C
1970 3364 2121 3410 sunt.
2160 3351 2374 3411 Etenim
2420 3366 2532 3411 tres
2583 3358 2761 3428 pueri,
2800 3372 3016 3413 summa
3066 3360 3268 3415 virtute
3301 3360 3536 3431 praditi,

288 3447 397 3500 Kal.
424 3445 531 3518 γὰρ
560 3447 609 3499 oi
635 3448 785 3516 τρεῖς
813 3445 1020 3509 παῖδες,
1046 3446 1144 3516 τῆς
1166 3447 1342 3518 ἄκρας
1370 3446 1573 3517 ἀρετῆς
1602 3446 1863 3517 ἐπειλημ-

288 3536 459 3606 μένοι,
494 3535 591 3588 καὶ
620 3533 713 3587 τὸν
742 3533 1038 3604 νικηφόρον
1068 3534 1465 3605 ἀναδησάμενοι
1491 3534 1772 3603 στέφανον,
1806 3535 1864 3587 ὲν

282 3631 349 3699 τῇ
370 3626 586 3698 καμίνῳ
610 3626 1031 3697 προσευχόμενοι
1058 3623 1241 3693 ἔλεγον
1261 3643 1274 3655 ·
1313 3624 1689 3695 Ἠμάρτομεν,
1720 3626 1864 3693 ἠνο-

278 3717 582 3789 μήσαμεν,
606 3715 999 3786 ἠδικήσαμεν,
1035 3716 1133 3769 καὶ
1196 3714 1543 3785 ἀπέστημεν
1599 3716 1717 3769 ἀπὸ
1747 3715 1867 3770 τῶν

281 3808 551 3864 ἐντολῶν
579 3822 716 3873 σου,
746 3808 846 3863 καὶ
877 3811 987 3863 οὐκ
1008 3807 1394 3878 ἐφυλάξαμεν
1416 3810 1489 3863 τὰ
1507 3807 1866 3879 δικαιώματά

281 3918 425 3959 σου.
449 3900 636 3966 Οῦτως
676 3902 705 3954 6
738 3900 1041 3974 θαυμάσιος
1073 3900 1290 3973 Δανιὴλ,
1325 3900 1496 3965 οὕτως
1521 3903 1549 3955 6
1580 3900 1865 3965 θεσπέσιος

291 3994 586 4069 Ἱερεμίας,
616 3994 789 4060 οὕτως
831 3997 859 4049 6
899 3993 1042 4059 θεῖος
1086 3993 1335 4058 Ἠσαίας,
1361 3993 1531 4057 οὕτως
1562 3994 1589 4046 6
1624 3991 1867 4063 σοφώτα-

283 4103 376 4152 τος
407 4086 618 4152 Παῦλος
637 4105 651 4119 ο
683 4086 935 4165 Χριστὸς
964 4094 1093 4156 γὰρ,
1125 4089 1308 4158 φησὶν,
1338 4085 1623 4155 εἰσῆλθεν
1657 4087 1743 4152 εὶς
1761 4086 1868 4139 τὸν

286 4178 520 4248 κόσμον
549 4178 938 4249 ἁμαρτωλοὺς
965 4178 1181 4242 σῶσαι,
1213 4173 1300 4233 ὧν
1341 4177 1568 4247 πρῶτός
1597 4180 1711 4248 ειμι
1730 4175 1861 4248 ἐγώ·

291 4272 383 4324 καὶ
411 4271 573 4326 πάλιν
592 4289 608 4302 ’
657 4274 777 4326 Οὐκ
814 4271 928 4339 εἰμὶ
961 4270 1128 4337 ἄξιος
1160 4270 1471 4325 καλεῖσθαι
1502 4272 1863 4338 ἀπόστολος.

291 4362 446 4416 οῦτω
481 4365 657 4418 τοίνυν
682 4362 960 4417 κάνταῦθα
985 4364 1104 4426 ταῖς
1136 4362 1287 4433 παρά
1313 4363 1421 4416 τῶν
1446 4362 1720 4416 δυσσεὸῶν
1752 4381 1868 4435 τρι-

291 4457 515 4528 κυμίαις
542 4436 839 4529 βαλλομένη
887 4457 919 4526 ἡ
972 4454 1065 4508 τοῦ
1115 4454 1249 4507 Θεοῦ
1296 4455 1587 4527 Ἐκκλησία
1617 4455 1674 4508 οὐ
1723 4456 1869 4526 μέγα

293 4555 496 4625 φρονεῖ,
514 4552 589 4616 ὡς
623 4549 1014 4621 ἀγωνιζομένη,
1041 4548 1154 4601 ἀλλ’
1182 4548 1474 4618 ἁμαρτίαις
1504 4548 1597 4600 καὶ
1622 4547 1871 4620 πλημμε-

288 4646 459 4708 λείαις
491 4644 776 4714 ἀνατίθησι
811 4641 881 4695 τά
908 4630 1193 4710 γενόμενα,
1223 4638 1315 4691 καὶ
1344 4638 1444 4709 τῆς
1468 4638 1618 4709 παρὰ
1639 4638 1730 4691 τοῦ
1756 4639 1870 4691 Σω-

286 4735 456 4807 τῆρος
499 4710 818 4822 ἐπικουρίας
863 4730 1168 4786 ἀπολαῦσαι
1212 4729 1753 4799 παρακαλεῐ.”Αλλως
1781 4747 1868 4795 τε,
1901 4710 1945 4765 D

288 4828 398 4881 οὐδ’
426 4830 493 4881 ὲκ
538 4821 760 4881 τελείων
803 4826 989 4880 ἅπασα
1023 4822 1349 4893 συνέστηκεν
1379 4822 1412 4893 ἡ
1441 4821 1535 4875 τοῦ
1570 4822 1705 4876 Θεοῦ
1748 4823 1867 4875 Ἐκ-

289 4915 509 4987 κλησία,
544 4914 657 4969 ἀλλ’
685 4914 798 4985 ἔχει
847 4916 942 4967 καὶ
991 4913 1114 4975 τοὺς
1148 4902 1400 4983 ῥᾳστώνῃ
1442 4910 1738 4976 συζῶντας,
1774 4913 1868 4965 καὶ

287 5007 379 5061 τὸν
415 5008 695 5078 ἀνειμένον
739 5005 854 5077 βίον
892 5003 1323 5075 ἀσπαζομένους,
1364 5002 1458 5055 καὶ
1487 5003 1700 5073 ἡδοναῖς
1746 5004 1868 5057 δου-

289 5097 467 5173 λεύειν
495 5098 871 5171 αἱρουμένους.
912 5098 1023 5151 Καὶ
1052 5094 1237 5166 ἐπειδὴ
1267 5095 1325 5147 ’ἐν
1353 5096 1470 5147 ἐστι
1498 5094 1676 5166 σῶμα,
1710 5094 1785 5159 ὡς
1811 5094 1869 5162 ὲξ

290 5192 408 5255 ἑνὸς
439 5190 733 5262 προσώπου
769 5191 859 5245 καὶ
890 5189 1066 5244 ταῦτα
1094 5191 1320 5243 κάκεῖνα
1350 5188 1738 5260 προσφέρεται.

355 5304 591 5375 Νοήσεις
607 5305 703 5357 καὶ
740 5303 939 5368 οὕτως·
996 5305 1149 5357 Ἐπεὶ
1200 5304 1383 5357 οὖνδεῖ
1419 5300 1741 5374 μακαρίζειν
1775 5304 1869 5358 ἄν-

290 5396 507 5467 θρωπον
544 5396 650 5466 πρὸ
690 5396 947 5467 τελευτῆς
985 5396 1174 5469 αὐτοῦ,
1200 5396 1423 5458 εἰκότως
1458 5396 1485 5446 6
1508 5394 1606 5465 μὲν
1636 5396 1867 5449 ἀπόστο-

290 5490 401 5551 λος,
425 5486 628 5557 καίπερ
672 5487 967 5557 ἀπόστολος
1013 5488 1090 5542 ὢν
1130 5492 1223 5545 καὶ
1268 5487 1462 5559 κλητὸς
1481 5486 1587 5581 φα).
1614 5487 1869 5552 ἐκλεκτὸς

290 5580 528 5654 Χριστοῦ
567 5578 761 5652 Ἰησοῦ,
799 5583 947 5653 ὅμως
974 5583 1073 5635 οὑκ
1115 5584 1264 5636 ὀκνεῖ
1309 5577 1519 5650 λέγειν·
1561 5577 1870 5640 Ὺποπιέζω

288 5695 405 5745 μου
434 5675 498 5729 τὸ
528 5674 721 5744 σῶμα,
751 5674 848 5728 καὶ
878 5674 1255 5742 δουλαγωγῶ,
1272 5673 1504 5744 μήπως,
1526 5670 1738 5737 ἄλλοις
1760 5688 1867 5738 κη-

285 5760 497 5837 ρύξας,
536 5765 718 5832 αὐτὸς
749 5764 1025 5834 ἀδόκιμος
1056 5764 1329 5831 γένωμαι.
1367 5764 1441 5816 Τὸ
1465 5759 1596 5817 αὐτὸ
1628 5760 1683 5812 δὲ
1714 5761 1809 5813 καὶ
1840 5763 1869 5815 6
1910 5804 1917 5805 κ

367 5928 410 5954 ιι
444 5919 581 5980 ἰηη⁸
620 5940 713 5987 ιιι,
750 5918 836 5979 ρο,
917 5920 958 5953 η
998 5920 1015 5975 |
1052 5918 1190 5975 Tim,
1229 5938 1278 5988 ι,
1318 5921 1402 5977 15,
1482 5918 1527 5952 ιδ
1565 5916 1584 5971 1
1616 5916 1743 5972 Cor.
1781 5933 1868 5983 sv,
1906 5928 1960 5973 ξι.

1972 3453 2137 3516 atque
2168 3446 2483 3517 triumphali
2526 3464 2728 3503 corona
2760 3453 2961 3515 ornati,
2994 3453 3051 3506 in
3081 3455 3297 3508 camino
3320 3462 3539 3511 orantes

1942 3537 2228 3594 dicebant
2262 3558 2277 3596 :
2312 3522 2675 3604 Peccavimus,
2714 3541 3050 3612 deliquimus,
3086 3544 3281 3612 injuste
3316 3547 3538 3615 egimus,

1968 3640 2019 3685 et
2054 3634 2362 3686 recessimus
2397 3649 2430 3685 a
2454 3634 2724 3700 praceptis
2767 3635 2892 3699 tuis,
2922 3643 2973 3688 et
3018 3650 3123 3690 non
3166 3636 3541 3692 custodivimus

1965 3726 2375 3799 iustiﬁcationes
2407 3734 2527 3779 tuas
2574 3726 2636 3779 ¹¹.
2678 3725 2767 3780 Sic
2812 3724 3150 3781 admirabilis
3200 3725 3413 3791 Daniel,
3460 3731 3541 3784 sic

1970 3834 2202 3889 magnus
2225 3818 2315 3872 ille
2341 3815 2629 3881 Jeremias,
2653 3818 2733 3872 sic
2757 3816 2976 3873 divinus
2999 3816 3197 3883 l‘saias,’
3214 3818 3297 3874 sic
3322 3821 3539 3891 sapien-

1969 3912 2217 3967 tissimus
2248 3908 2450 3965 Paulus
2484 3928 2497 3963 :
2530 3908 2773 3965 Christus
2805 3912 2973 3975 enim,
3003 3911 3199 3982 inquit,
3231 3912 3446 3983 intravit
3486 3914 3543 3967 in

1970 4002 2226 4057 mundum
2274 4002 2791 4081 peccatoressalvos
2844 4003 3037 4071 facere,
3083 4021 3309 4081 quorum
3342 4007 3543 4075 primus

1969 4111 2059 4165 ego
2088 4110 2205 4149 sum
2234 4094 2311 4159 ¹³;
2343 4109 2408 4148 ac
2441 4080 2683 4150 rursum:
2713 4092 2834 4149 Non
2856 4112 2973 4149 sum
2996 4096 3183 4166 dignus
3206 4082 3387 4151 'vocari
3417 4113 3544 4166 apo-

1971 4186 2136 4241 stolus
2175 4186 2239 4240 ¹⁸.
2270 4184 2362 4240 Sic
2408 4187 2577 4257 igitur
2621 4188 2727 4241 hoc
2774 4188 2829 4242 in
2863 4187 2982 4242 loco
3009 4185 3102 4243 Dei
3131 4186 3411 4254 Ecclesia,
3435 4189 3540 4246 im-

1970 4281 2186 4351 piorum
2224 4279 2637 4349 tempestatibus
2680 4280 2906 4350 agitata,
2953 4294 3062 4335 n0n
3097 4280 3382 4349 magniﬁce
3416 4296 3543 4336 sen-

1974 4374 2041 4428 tit
2070 4381 2131 4427 ut
2157 4372 2510 4443 impugnata;
2546 4373 2642 4428 'sed
2673 4388 2735 4427 ea
2769 4387 2891 4441 quae
2923 4359 3266 4441 contingunt,
3298 4374 3539 4441 peccatis

1975 4480 2040 4519 ac
2068 4465 2367 4522 sceleribus
2399 4463 2666 4531 attribuit,
2700 4471 2755 4517 et
2787 4479 2815 4515 a
2860 4460 3139 4516 Salvatbre
3165 4477 3320 4532 Opem
3346 4477 3544 4518 conse-

1966 4557 2071 4633 ‘qui
2103 4564 2276 4626 rogat.
2309 4554 2375 4609 Et
2404 4555 2603 4624 alioqui
2635 4552 2727 4607 Dei
2762 4552 3004 4607 Ecclesia
3042 4568 3151 4606 non
3190 4568 3257 4607 ex
3286 4551 3543 4623 perfectis

1978 4659 2091 4704 tota
2125 4649 2498 4710 constituitur,
2534 4645 2628 4699 sed
2675 4644 2836 4697 habet
2879 4645 3041 4698 etiam
3078 4643 3170 4714 qui
3222 4644 3277 4698 in
3327 4645 3541 4713 ignavia

1974 4742 2192 4813 degant,
2220 4748 2275 4795 et
2302 4740 2531 4793 inertem
2574 4736 2741 4789 vitam
2781 4734 3012 4805 amplexi
3054 4735 3186 4800 sint,
3224 4743 3279 4790 et
3314 4734 3409 4805 qui
3449 4747 3545 4787 vo--

1974 4836 2273 4908 luptatibus
2310 4832 2514 4887 servire
2544 4837 2850 4899 peroptent.
2884 4828 2950 4883 Et
2981 4830 3236 4900 quoniam
3262 4842 3430 4883 unum
3458 4834 3544 4881 est

1974 4945 2195 4999 corpus,
2237 4936 2497 4995 tanquam
2542 4938 2610 4979 ex
2660 4938 2781 4995 una
2818 4938 3052 4995 persona
3098 4931 3155 4978 et
3205 4921 3320 4976 haec
3362 4927 3417 4974 et
3451 4920 3541 4991 illa

1975 5020 2346 5094 proferuntur.

2022 5270 2161 5344 Ἠοο
2190 5302 2409 5358 quoque
2440 5286 2605 5343 modo
2652 5284 2925 5356 intelligas
2963 5278 3141 5346 :Quia
3170 5288 3277 5330 non
3324 5279 3540 5341 oportet

1975 5390 2100 5437 ante
2129 5382 2339 5436 obitum
2362 5381 2639 5436 hominem
2688 5378 2907 5435 beatum
2960 5370 3255 5444 praedicare
3297 5368 3387 5428 “',
3415 5367 3517 5435 jur.

1975 5474 2289 5547 Apostolus,
2325 5472 2453 5528 licet
2482 5471 2766 5541 apostolus
2805 5469 2873 5523 sit
2909 5482 2970 5520 ac
3000 5470 3224 5518 vocatus
3254 5466 3308 5514 et
3335 5458 3527 5511 electu

1976 5567 2180 5626 Christi
2204 5565 2360 5629 Jesu,
2395 5572 2633 5617 attamen
2662 5577 2775 5616 non
2822 5566 3041 5614 veretur
3071 5554 3253 5609 dicere
3287 5568 3300 5603 :
3328 5548 3521 5618 Castig:

1976 5679 2162 5733 corpus
2188 5678 2379 5725 meum,
2410 5640 2458 5714 ct
2487 5660 2542 5713 in
2569 5658 2867 5712 servitutem
2888 5652 3084 5721 redigo,
3110 5664 3173 5701 ne
3196 5642 3318 5699 aliis
3349 5641 3529 5714 pra’di-

1976 5774 2101 5813 cans
2126 5757 2233 5825 ipse
2262 5753 2513 5823 reprobus
2529 5752 2721 5811 eﬂiciar
2751 5751 2814 5801 ³⁸.
2852 5745 3093 5801 [diosum
3123 5754 3343 5809 quoque
3376 5734 3539 5786 David
3604 5744 3607 5747 '

2041 5916 2103 5947 W
2125 5910 2289 5968 Eccli.
2332 5927 2414 5979 χι,
2452 5910 2537 5965 '50.
2596 5909 2660 5940 ·¹³
2702 5904 2719 5959 l
2753 5904 2879 5960 Cor.
2914 5918 3000 5967 is,
3034 5900 3123 5954 27.
