4354 6406
789 488 895 546 $59

790 619 913 657 (πω
948 599 1137 655 multis
1184 598 1238 651 in
1287 594 1420 649 locis
1451 592 1817 655 declarasset,
1852 590 2020 645 Deum
2062 580 2359 657 propitium
2395 584 2435 640 Α
2462 577 2509 628 Δι

1213 613 1238 651 n
1287 594 1420 649 locis
1451 592 1817 655 declarasset,
1852 590 2020 645 Deum
2062 580 2359 657 propitium
2395 584 2435 640 Α
2462 572 2623 628 Δαυῖδ
2655 572 2703 624 εἰ
2735 569 2831 623 καὶ
2875 567 2932 619 ὲν

795 698 990 746 nactus
1014 698 1119 743 est.
1146 694 1447 753 erutusque
1479 680 1581 737 fuit
1604 682 1671 737 de
1694 684 1815 736 lacu
1848 678 2086 735 miseriae
2114 681 2168 729 et
2192 674 2260 728 de
2293 673 2370 724 lu~

795 793 851 838 to
883 782 1028 836 fiecis
1057 800 1067 834 :
1094 790 1255 848 atque
1290 778 1344 831 in
1378 776 1622 845 tutojam
1666 775 1883 829 demum
1917 771 2152 843 positus,
2180 773 2367 835 utpote

797 876 1023 947 pedi-bus
1050 872 1100 925 in
1125 878 1276 941 petra
1310 868 1577 929 ﬁrmatus,
1614 881 1675 920 ac
1700 866 1916 919 cantico
1949 874 2090 916 novo
2118 873 2213 914 seu
2240 869 2367 911 vera

796 965 861 1020 de
883 962 1167 1019 sacriﬁciis
1196 961 1445 1015 doctrina
1471 958 1725 1011 donatus.
1758 956 1811 1010 id
1846 963 1928 1009 est
1985 950 2368 1023 praedicatione

795 1071 914 1127 quae
940 1056 994 1109 in
1035 1053 1279 1108 Ecclesia
1316 1051 1409 1106 Dei
1442 1064 1635 1119 magna
1664 1050 1804 1101 facta
1829 1058 1946 1111 est;
1978 1062 2102 1100 nam
2130 1044 2261 1099 illud
2285 1060 2367 1098 τοι

794 1164 920 1203 vera
949 1149 1223 1201 canticum
1257 1158 1455 1198 novum
1487 1149 1625 1205 erat,
1648 1142 1805 1209 cujus
1829 1140 1904 1194 rei
1924 1136 2368 1206 causa'superius

795 1242 1011 1296 dicebat
1044 1256 1061 1291 :
1101 1238 1165 1291 Et
1206 1237 1423 1290 immisit
1456 1236 1512 1289 in
1555 1252 1611 1288 os
1638 1250 1803 1289 meum
1836 1232 2100 1285 canticum
2132 1244 2321 1283 novum
2348 1243 2365 1279 :

798 1335 911 1387 hinc
944 1341 1275 1386 consecutus
1308 1340 1507 1392 tamen,
1527 1330 1595 1382 ob
1626 1328 1877 1381 humanas
1907 1326 2029 1379 vita:
2061 1322 2368 1392 corruptio-

800 1440 921 1477 nem
956 1420 1372 1492 supplicationis
1415 1420 1591 1472 verba
1615 1416 1861 1478 resumit,
1896 1428 1958 1467 ac
2002 1418 2158 1481 rogat
2204 1411 2365 1463 obse-

798 1524 1028 1585 cratque
1052 1525 1111 1567 ut
1147 1530 1174 1566 a
1202 1511 1295 1565 Dei
1322 1512 1492 1582 gratia
1522 1518 1574 1563 et
1606 1506 1979 1563 misericordia
2002 1503 2364 1559 custodiatur.

804 1605 900 1661 llis
928 1606 1071 1661 enim
1106 1605 1289 1658 animo
1320 1602 1629 1657 revolvebat
1662 1601 1713 1653 in
1743 1598 2169 1668 memoriamque
2210 1609 2368 1649 revo-

802 1700 961 1752 cabat
985 1712 1107 1767 qua:
1136 1696 1236 1750 sibi
1271 1695 1422 1764 prius
1450 1692 1761 1745 acciderant
1796 1690 1955 1743 mala.
1983 1686 2239 1741 Memoria
2267 1686 2370 1739 ita—

803 1805 909 1860 que
943 1798 1186 1844 veterum
1230 1786 1525 1847 malorum,
1558 1783 1833 1837 cautiores
1871 1796 1974 1835 nos
1999 1778 2180 1843 elﬁcit,
2215 1786 2275 1831 ut
2301 1792 2370 1832 ne

806 1895 998 1935 rursus
1054 1879 1109 1933 in
1149 1893 1212 1931 ea
1250 1876 1588 1941 incidamus;
1631 1873 1726 1927 sed
1775 1874 1940 1926 etiam
1995 1869 2367 1924 mutationisa

1458 472 1725 532 EUSEBII
1764 460 2250 528 CESARIENSIS
2286 454 2438 515 ΟΙῬ.
2485 451 2686 510 PARS.
2730 448 2907 507 lll.—
2945 439 3356 501 EXEGETICA.

3926 431 4031 487 ’ὀίὶο

2982 561 3196 624 πολλοῖς
3244 553 3641 623 ἐνδειξάμενος,
3692 550 3880 621 ἔτυχεν
3935 549 4043 602 ὐπ-

2469 666 2630 739 ηκόου
2663 661 2756 717 τοῦ
2790 657 2946 721 Θεοῦ,
2974 648 3313 725 ὴλευθέρωτό
3333 664 3392 701 τε
3434 648 3497 699 ὲκ
3526 644 3728 697 λάκκου
3769 640 4045 693 ταλαιπω-

2472 726 2590 834 ρίας
2619 758 2712 811 καί
2736 752 2842 807 ἀπὸ
2874 747 3047 822 πηλοῦ
3082 745 3222 808 ἰλύος
3242 759 3255 774 ·
3292 745 3350 794 ὲν
3383 738 3614 808 ἀσφαλεί
3637 752 3695 788 τε
3727 732 3826 805 ήδη
3859 726 4045 786 λοιπὸν

2469 824 2709 920 έστήκει,
2744 846 2819 907 ὼς
2845 841 2911 896 ἂν
2934 837 3262 911 ὲθπλιπέτραν
3286 833 3409 895 τοὺς
3438 830 3604 890 πόδας
3631 824 4041 920 ἐρηρεισμένος,

2469 942 2561 994 καὶ
2587 912 2833 1010 ’ᾄσματος
2868 922 3054 985 καινοῦ
3077 924 3378 997 ἠξιωμένος
3406 920 3501 974 τοῦ
3532 918 3657 988 περὶ
3690 915 3888 972 θυσιῶν
3912 912 4044 983 ἀλη-

2468 1002 3068 1094 θοῦςλόγουπουτέστι
3114 1016 3208 1070 τοῦ
3250 1017 3314 1084 τῇ
3360 1009 3653 1080 Ἐκκλησία
3687 1004 3781 1059 τοῦ
3816 1002 3948 1057 Θεοῦ
3978 1005 4044 1073 τῇ

2472 1091 2709 1195 μεγάλῃ-
2730 1111 3187 1189 εύηγγελισμένου
3229 1104 3582 1178 κηρύγματος
3602 1118 3613 1130 ·
3657 1097 3815 1152 τοῦτο
3845 1096 3955 1165 γὰρ
3978 1091 4045 1166 ἦν

2467 1190 2529 1271 τὸ
2556 1190 2746 1269 καινὸν
2780 1208 2953 1283 ᾆσμα,
3010 1202 3264 1282 οῦρχάριν
3298 1199 3554 1269 ἀνωτέρω
3590 1195 3741 1263 ἔλεγε
3762 1210 3777 1225 ο
3806 1190 3915 1246 Καὶ
3946 1190 4045 1283 ἐχ-

2468 1308 2683 1364 ἐόαλεν
2708 1272 2878 1370 εις-τό
2904 1272 3230 1370 ardyanpov
3252 1290 3415 1363 ᾆσμα
3443 1290 3667 1345 καινόν·
3691 1286 3837 1356 ὅμως
3860 1283 3909 1337 δ’
3931 1272 4045 1344 obii,

2467 1402 2735 1457 τοσούτων
2771 1394 3104 1468 τετυχηκὼς,
3131 1390 3220 1445 διὰ
3257 1390 3319 1442 τὸ
3374 1385 3572 1458 σαθρὸν
3619 1382 3717 1451 τῆς
3751 1381 3808 1432 ὲν
3837 1372 4050 1447 ἀνθρὼ-

2470 1512 2592 1559 ποις
2621 1494 2761 1564 ζωῆς
2791 1486 3231 1558 ὲπαναλαμϐἀνει
3255 1484 3381 1545 τοὺς
3406 1478 3504 1549 τῆς
3528 1471 3806 1546 ἱκετηρίας
3835 1470 4045 1564 λόγους,

2470 1562 2738 1642 ἀντιϐολεῖ
2770 1601 2828 1637 τε
2855 1583 2962 1636 καὶ.
2980 1580 3158 1634 δέεται
3184 1570 3543 1646 φυλάττεσθαι
3571 1566 3674 1620 ὑπὸ
3696 1566 3795 1634 τῆς
3828 1562 4049 1633 χάριτος

2470 1683 2563 1736 καὶ
2586 1679 2679 1733 τοῦ
2703 1678 2853 1731 ἐλέου
2878 1675 2969 1730 τοῦ
2987 1672 3143 1727 Θεοῦ.
3165 1672 3359 1724 Ἀνεπε
3368 1664 3612 1737 μπὰζετο
3626 1658 3735 1731 γὰρ
3747 1656 3834 1710 διὰ
3846 1652 4051 1709 τούτων
4075 1658 4083 1663 ’

2470 1775 2565 1827 καὶ
2586 1772 2819 1826 ἀνεπόλα
2834 1770 2910 1841 (1)
2931 1768 2999 1821 τὰ
3013 1765 3277 1837 πρότερον
3300 1756 3447 1828 αὐτῷ
3475 1773 3536 1808 συ
3545 1750 3857 1825 μὸεϐηκότα
3882 1745 4049 1841 κακά.

2483 1867 2545 1918 Ἢ
2579 1864 2709 1933 γοῦν
2745 1837 2929 1933 μνήμη
2981 1857 3087 1911 τῶν
3131 1850 3377 1908 παλαιῶν
3409 1847 3616 1909 κακῶν,
3649 1837 4053 1915 φυλακτικωτέ-

806 1972 1084 2044 pejor-ibus
1109 1969 1174 2023 ad
1199 1970 1421 2023 meliora
1452 1963 1780 2023 recordatio.
1800 1972 1982 2031 gratos
2011 1959 2186 2015 reddit
2219 1968 2381 2030 atque
2415 1974 2455 2031 Β
2488 1972 2525 2027 ρ‹

2335 1974 2381 2012 Ie
2415 1974 2455 2031 Β
2488 1929 2610 2027 ρους
2658 1929 2805 2024 ήμάς
2834 1929 3205 2022 ἀπεργάζεται
3236 1939 3372 2016 πρὸς
3399 1940 3462 1994 τὸ
3500 1940 3573 2011 μὴ
3607 1933 3759 1999 αὖθις
3804 1935 3917 1995 τοῖς
3960 1929 4054 2033 αξι-

807 2021 887 2044 Ι’“ὒ
911 2021 1078 2027 ”””“““
1113 2021 1228 2023 ’⁷“”“
1261 2021 1298 2023 ““
1339 2021 1346 2022 ί
1771 2021 1829 2031 -υ
2293 2021 2307 2030 .
2416 2021 2452 2031 ν
2488 2021 2499 2027 -

804 2065 871 2118 ad
894 2063 1192 2118 cavendum
1220 2061 1560 2115 intentiores.
1594 2055 1621 2110 J
1632 2070 1725 2108 ure
1758 2056 1940 2123 itaque
1968 2052 2371 2123 praeteritarum
2476 2066 2523 2101 τι

2334 2067 2371 2104 n
2416 2021 2452 2031 ν
2476 2021 2586 2111 τοῖς
2610 2021 2923 2117 περιπεσεῖν
2944 2061 2955 2072 ·
2984 2040 3119 2097 ἀλλά
3140 2040 3233 2092 καὶ
3254 2038 3349 2107 τῆς
3378 2031 3677 2105 μεταϐολῆς
3700 2029 3799 2099 τῆς
3818 2024 3927 2079 ἀπὸ
3945 2021 4053 2077 τῶν

805 2159 1155 2229 iniquitatum
1210 2153 1525 2208 memoriam
1564 2148 2101 2215 refricat,docetque
2154 2145 2371 2199 easdem

807 2245 1125 2314 iniquitates
1145 2241 1248 2298 sibi
1279 2241 1407 2295 olim
1433 2238 1622 2293 oculos
1653 2237 1947 2300 obtexisse,
1982 2235 2154 2291 instar
2186 2233 2376 2305 caligi-

809 2338 896 2393 nis
926 2336 1124 2390 mentis
1151 2333 1292 2388 visui
1319 2330 1527 2409 olt‘usae.

2478 2142 2735 2212 χειρόνων
2775 2139 2866 2191 ἐπὶ
2912 2136 2981 2190 τά
3032 2132 3226 2206 βελτίω
3264 2134 3298 2203 ἡ
3350 2129 3653 2199 ἀνάμνησις
3702 2121 4056 2193 εὐχαρίστους

2479 2236 2624 2304 ἡμᾶς
2674 2232 3041 2303 ἀπεργάζεται
3106 2227 3201 2281 καὶ
3249 2220 3673 2291 συντεταμένους
3723 2216 3923 2289 μᾶλλον
3980 2212 4060 2275 είς

2480 2327 2771 2397 προσοχὴν.
2816 2322 3054 2384 Εἰκότως
3096 2319 3275 2372 τοίνυν
3318 2312 3761 2391 ὲπαναλαμϐἀνει
3806 2308 3906 2380 τὴν
3952 2305 4059 2360 τῶν

811 2428 1090 2502 προτέρων
1132 2424 1296 2480 αὑτοῦ
1336 2404 1573 2495 ἀνὸμιῶν
1619 2423 1857 2494 μνήμην,
1904 2422 2144 2475 διδάσκει
2198 2436 2279 2485 τε,
2339 2418 2416 2484 ῶς
2451 2422 2577 2483 τοὺς
2617 2418 2717 2488 τῆς
2756 2417 2934 2487 ψυχῆς
2964 2412 3275 2485 ὀφθαλμοὺς
3309 2406 3484 2480 καιρῷ
3519 2423 3624 2460 τινι
3688 2398 4063 2469 συνεκάλυψαν

809 2527 866 2579 αἱ
894 2524 1109 2595 ἀνομίαι
1140 2521 1326 2587 αὑτοῦ,
1346 2521 1502 2592 δίκην
1534 2516 1727 2589 ἀχλύος
1757 2517 1836 2588 τῷ
1872 2517 1970 2588 τῆς
1997 2515 2233 2579 διανοίας
2263 2513 2535 2587 βλεπτικῷ
2558 2512 2914 2584 ὲπιχυθεῖσαι.

879 2641 1109 2711 Reliqua
1130 2654 1261 2694 vero
1282 2644 1683 2706 consequenter
1709 2634 1775 2688 ad
1807 2634 2063 2705 praedicta
2096 2632 2379 2688 feruntur:

2557 2630 2637 2683 Τὰ
2664 2629 2720 2682 δὲ
2749 2628 2911 2681 λοιπά
2935 2627 3047 2689 τοῖς
3070 2618 3486 2694 προειρημένοις
3516 2614 3821 2677 ἀκολούθως
3838 2629 3853 2642 ·
3884 2609 4067 2666 Εὑδό¹⁸

813 2736 1151 2804 Complaceat
1186 2733 1301 2796 tibi,
1335 2732 1574 2791 Domine,
1603 2740 1660 2783 ut
1688 2702 1843 2781 eruas
1875 2743 1953 2780 me
1990 2724 2273 2789 :Domine,
2313 2725 2381 2777 ad
2487 2740 2532 2776 κέ

2348 2725 2381 2777 d
2487 2738 2702 2790 κησον,
2743 2721 2940 2788 Κύριε,
2978 2711 3427 2787 τοῦξρύσασθαί
3468 2725 3574 2780 με’
3628 2709 3829 2776 Κύριε,
3872 2707 3959 2770 είς
4002 2702 4067 2756 τὸ

810 2827 1169 2899 adjuvandum
1198 2841 1277 2879 me
1298 2824 1511 2892 respice.
1540 2818 1947 2891 Coufundantur
1974 2827 2021 2872 et
2053 2826 2385 2873 revereantur
2479 2815 2527 2880 β

2347 2832 2385 2869 :r
2479 2813 2787 2883 βοηθῆσαί
2834 2829 2935 2883 μοι
2986 2811 3271 2879 πρόσχες.
3322 2801 3927 2875 Καταισχυνθέίησαν
3971 2797 4066 2853 καί

811 2923 972 2979 simul
998 2922 1085 2992 qui
1106 2928 1348 2991 quierunt
1388 2918 1622 2971 animam
1672 2930 1841 2969 meam
1870 2923 1926 2965 ut
1960 2911 2205 2981 auferant
2240 2926 2380 2964 eam.
2486 2911 2530 2964 ὲτ

2348 2926 2380 2963 ι.
2486 2908 2929 2978 (ἒν-τραπείησαν
2960 2904 3079 2974 ἅμα
3111 2906 3162 2956 οὶ
3197 2902 3513 2971 ζητοῦντες
3554 2898 3667 2965 τὴν
3705 2895 3918 2966 ψυχήν
3951 2912 4067 2966 μου

813 3014 1199 3069 Convertuntur
1254 3020 1544 3065 retrorsum
1599 3016 1647 3060 et
1702 3015 2037 3059 ret'ereantur
2065 3003 2157 3072 qui
2208 3000 2385 3055 volunt
2486 3019 2532 3055 tt

2350 3008 2385 3053 tt
2486 3002 2593 3056 τοῦ
2631 2999 2835 3068 ἐξᾶραι
2867 2998 3079 3064 αὐτήν.
3100 2996 3647 3064 Ἀποστραερείιισαν
3673 2993 3760 3057 εὶς
3783 2989 3855 3045 τὰ
3877 2989 4069 3042 ὀπίσω

813 3108 941 3162 mihi
967 3109 1132 3161 mata.
1167 3103 1365 3159 Ferant
1396 3102 1670 3170 confestim
1711 3078 2076 3167 confusionem
2113 3109 2268 3149 suam
2297 3093 2387 3163 qui
2484 3113 2532 3149 κε

2346 3093 2387 3145 ti
2484 3095 2583 3149 καὶ
2626 3092 3214 3161 καταισχυνοείησαν
3238 3092 3293 3142 οἱ
3321 3087 3599 3153 θέλοντές
3618 3102 3719 3155 μοι
3751 3081 3926 3138 κακά.
3955 3080 4065 3135 Ko-

744 3182 754 3191 ’
812 3198 996 3252 dicunt
1025 3195 1190 3250 mihi:
1225 3194 1388 3263 (fuge.
1416 3190 1581 3261 Euge.
1611 3187 1767 3242 Nune
1788 3202 2010 3258 quoque
2039 3185 2209 3241 sentit
2248 3184 2384 3237 mul-

2349 3184 2384 3237 ι-
2480 3186 2886 3256 μισάσθωσαν
2926 3182 3288 3251 παραχρῆμα
3326 3181 3632 3249 αἰσχύνην
3666 3174 3864 3231 αὐτῶν
3892 3178 3944 3230 οὶ
3970 3171 4068 3228 .λέ-

815 3302 904 3347 tos
934 3292 1128 3345 animae
1172 3301 1286 3343 suae
1321 3283 1685 3340 adversarios.
1712 3296 1776 3336 ac
1821 3295 1886 3335 ea
1933 3278 2001 3334 de
2049 3291 2215 3332 causa
2252 3290 2390 3346 prae.
2486 3298 2534 3350 τι

2348 3290 2390 3330 ac
2486 3277 2695 3350 τοντές
2712 3292 2843 3346 μοι·
2875 3271 3052 3345 Εὖγε,
3087 3269 3379 3343 εὖγε.Ἔτι
3409 3271 3502 3324 καὶ
3536 3269 3628 3323 νῦν
3658 3266 3903 3322 αἴσθεται
3936 3264 4067 3319 πολ-

819 3389 1027 3438 scntem
1048 3377 1361 3433 orationem
1394 3373 1615 3429 emittit.
1655 3368 1839 3440 Neque
1873 3368 2019 3423 enim
2053 3372 2273 3422 cessant
2307 3365 2392 3417 in—
2416 3407 2458 3466 ϐ
2496 3371 2538 3425 λ(

2347 3378 2392 3466 |_-
2416 3407 2458 3466 ϐ
2496 3371 2601 3425 λῶν
2620 3372 2748 3441 περὶ
2790 3370 2948 3424 αὑτὸν
2987 3368 3196 3440 ἐχθρῶν
3230 3364 3592 3436 ἐπικειμένων
3616 3365 3681 3434 τῇ
3706 3360 3868 3415 αὑτοῦ
3898 3360 4066 3431 ψυχῇ,

816 3472 1002 3527 videre
1024 3467 1281 3541 perfectis
1318 3473 1375 3520 ct
1408 3465 1460 3519 in
1492 3470 1644 3535 petra
1672 3460 2068 3533 gradientibus.
2108 3456 2289 3523 Quare
2319 3455 2386 3510 ab

818 3564 889 3618 iis
915 3560 1131 3617 liberari
1159 3573 1219 3615 se
1258 3569 1433 3629 rogat,
1480 3557 1552 3610 ita
1596 3562 1656 3609 ut
1688 3553 1764 3608 illi
1792 3550 2011 3624 quidem
2042 3545 2388 3605 confundano

822 3664 911 3708 tur
951 3659 1007 3707 et
1065 3650 1274 3722 pudore
1328 3647 1635 3703 adiciantur
1689 3645 1785 3716 qui
1836 3650 2091 3715 qumruut
2148 3640 2408 3695 animam.

821 3748 1021 3820 ipsius,
1044 3752 1103 3798 ut
1128 3743 1378 3798 auferant
1405 3756 1560 3805 eam;
1592 3740 1707 3810 ipse
1737 3753 1865 3793 vero
1897 3736 2016 3807 ejus
2038 3733 2260 3799 dextera
2280 3731 2391 3785 cir-

822 3840 1252 3898 cummuniatur.
1295 3834 1507 3891 Pudore
1542 3832 1850 3887 adiciuntur
1882 3837 2087 3893 autem,
2121 3841 2186 3881 ac
2214 3823 2391 3895 turpi-

821 3946 906 3992 ter
952 3938 1139 4005 agunt,
1172 3930 1253 3986 sic
1296 3928 1439 3983 enim
1487 3924 1657 3981 edidit
1678 3910 2074 3995 Symmachus,
2113 3918 2207 3990 qui
2242 3931 2391 3988 quae-

796 4034 955 4085 .runt
1000 4022 1239 4076 animam
1290 4018 1446 4086 justi,
1481 4024 1769 4085 postquam
1827 4014 2084 4067 omnibus
2130 4008 2393 4066 adhibitis

824 4113 1096 4173 machinis
1123 4126 1181 4166 re
1212 4108 1413 4165 infecta
1455 4116 1675 4161 manent
1710 4126 1724 4161 :
1751 4106 2055 4176 deindeque
2094 4112 2153 4159 ut
2186 4103 2280 4174 qui
2309 4103 2396 4157 ni-

826 4210 901 4263 hil
939 4205 1200 4282 perlicere
1246 4202 1523 4274 potuerint
1561 4200 1936 4271 desperantes,
1968 4198 2174 4269 pudore
2199 4196 2394 4253 suffusi

826 4300 1145 4357 abscedunt.
1204 4295 1570 4364 Quamobrem
1644 4302 1935 4364 postquam
1992 4293 2117 4345 illos
2161 4289 2390 4361 pudore,

826 4393 1164 4466 turpitudine
1216 4401 1269 4446 et
1322 4387 1630 4445 reverentia
1666 4375 1920 4439 ‘aﬂ’ectos
1970 4382 2127 4447 dixit,
2160 4381 2391 4452 adjicit:

823 4490 1145 4543 Averta‘ntur
1174 4494 1461 4539 retrorsum
1492 4490 1541 4535 et
1576 4477 1885 4534 erubescant
1923 4476 2013 4546 qui
2048 4474 2224 4527 volunt
2254 4472 2398 4525 mala

827 4579 1125 4635 mihi.Cum
1158 4581 1300 4634 enim
1329 4576 1462 4630 nihil
1498 4572 1939 4645 potuerint,cum
1974 4566 2122 4622 nulla
2155 4566 2233 4620 rei
2262 4552 2398 4619 bene

809 4669 1079 4752 gerendae
1108 4684 1235 4739 spes
1280 4668 1541 4738 supersit,
1584 4670 1909 4720 avertuntur
1942 4675 2006 4715 ac
2039 4665 2187 4713 retro
2220 4656 2397 4712 disce-

2491 3466 2585 3520 καὶ
2611 3464 2737 3536 περὶ
2763 3462 2966 3516 τούτων
2994 3462 3093 3534 τὴν
3125 3458 3490 3532 προκειμένην
3532 3456 3699 3529 εὐχὴν
3728 3454 4065 3524 ἀναπέμπει.

2490 3557 2705 3629 Οὺγὰρ
2729 3556 2989 3612 παύονται
3010 3552 3292 3625 διαφθονού
3300 3568 3448 3625 μενοι
3464 3550 3557 3605 καὶ
3579 3552 3690 3612 τοῖς
3719 3548 3822 3620 ἤδη
3847 3542 4071 3609 τελείοις

2491 3652 2587 3706 καί
2615 3650 2901 3722 βεϐηκόσιν
2933 3648 3025 3701 ἐπὶ
3048 3646 3145 3719 τὴν
3178 3647 3400 3718 πέτραν.
3434 3643 3523 3698 Διὸ
3548 3640 3811 3715 ρυσθῆναι
3837 3641 3945 3695 ἀπὸ
3961 3639 4070 3694 τῶν

2491 3741 2796 3814 εἰρημένων
2833 3740 2992 3807 ἀξιοῖ,
3022 3739 3307 3801 κάκείνους
3345 3736 3444 3810 μὲν
3484 3733 3942 3807 ηταισχυνθῆναι
3979 3734 4072 3790 καὶ

2492 3833 2825 3905 ὲντραπῆναι
2856 3832 2981 3895 τοὺς
3024 3830 3386 3901 ὲκζητοῦντας
3412 3826 3576 3881 αὑτοῦ
3623 3827 3723 3899 τὴν
3771 3826 3949 3899 ψυχὴν
3975 3824 4070 3880 τοῦ

2492 3927 2682 3998 ἐξᾶραι
2713 3926 2884 3996 αὑτήν
2906 3940 2920 3954 ³
2947 3924 3108 3978 αὐτὸν
3132 3923 3188 3976 δὲ
3222 3919 3688 3995 περιφράττεσθαι
3720 3918 3824 3973 ὑπὸ
3850 3920 3950 3990 τῆς
3974 3920 4074 3974 αὐ-

2493 4016 2587 4071 τοῦ
2616 4014 2813 4081 δεξιᾶς.
2835 4013 3214 4084 Ἑντρέπονται
3235 4011 3291 4064 δὲ
3316 4012 3411 4065 κο.)⁸
3444 4008 3841 4082 ἀσχημονοῦσιν
3880 4005 4073 4079 (οὕτως

2493 4106 2601 4177 γὰρ
2627 4090 2895 4171 ὶξέδωκεν
2936 4106 2965 4157 ὁ
3013 4103 3329 4177 Σύμμαχος)
3385 4105 3435 4158 oi.
3464 4101 3749 4174 ζητοῦντες
3769 4098 3866 4170 τὴν
3899 4096 4074 4169 ψυχὴν

2493 4199 2587 4254 τοῦ
2621 4199 2849 4270 δικαίου,
2877 4198 3116 4263 ἐπειδὰν,
3146 4199 3324 4251 πᾶσαν
3353 4198 3473 4251 κατ’
3498 4194 3664 4250 αὐτοῦ
3689 4188 3933 4264 μηχανὴν
3959 4191 4075 4242 ὲπι-

2495 4295 2808 4365 νοήσαντες,
2837 4292 3112 4362 ἄπρακτοι
3145 4290 3442 4360 γένωνται·
3488 4285 3587 4342 εἶθ’
3616 4288 3691 4350 ὠς
3738 4285 3903 4357 μηδὲν
3934 4282 4076 4337 δεδυ-

2496 4388 2718 4459 νημένοι
2756 4387 3083 4455 ἀπογνόντες
3122 4385 3573 4446 ἀπαλλάττονται,
3599 4377 3877 4450 ἀἰσχύνην
3909 4392 4076 4432 κατα-

2498 4468 2771 4552 χεάμενοι.
2807 4478 2897 4531 Διὸ
2948 4479 3084 4551 μετά
3116 4477 3177 4532 τὸ
3209 4460 3584 4549 ἀσχημονῖμται
3616 4473 3832 4538 αὐτοὺς,
3882 4486 4075 4526 καται-

2502 4570 2793 4643 ηυνθῆναί
2832 4589 2891 4625 τε
2935 4570 3389 4643 καΐὲντραπῆναι
3436 4564 3709 4634 ἐπιλέγει·
3758 4565 4074 4632 Ἀποστρα-

2499 4666 2760 4735 ερείησαν
2783 4666 2869 4732 εις
2890 4664 2963 4719 τὰ
2987 4664 3201 4726 ὀπίσω,
3220 4662 3317 4716 καί
3337 4658 3779 4727 ἐντραπείησαν
3801 4656 3857 4709 οὶ
3878 4654 4076 4711 θέλον-

828 4746 1001 4829 dunt;
1053 4746 1251 4816 deinde
1302 4758 1530 4830 profecti
1588 4773 1653 4812 ac
1681 4756 1873 4830 procul
1915 4752 2100 4826 positi,
2144 4750 2397 4820 nequitiae
2429 4772 2472 4826 Ι)
2501 4777 2547 4813 τε

2357 4765 2397 4804 ἴε
2429 4772 2472 4826 D
2501 4776 2598 4825 τες
2630 4758 2702 4812 τὰ
2734 4755 2887 4812 κακά
2919 4775 3041 4829 μοι.
3088 4755 3272 4826 Μηδὲν
3321 4750 3429 4823 γὰρ
3478 4748 3843 4820 δεδυνημένοι,
3870 4747 3965 4800 καὶ
4002 4746 4076 4818 μὴ

830 4872 944 4913 sua:
977 4859 1204 4927 pignora
1254 4854 1524 4922 accipient
1562 4870 1576 4907 :
1611 4864 1781 4923 quare
1822 4859 1946 4921 post
1996 4849 2111 4902 haec
2142 4847 2344 4901 dicitur
2380 4864 2394 4900 :

830 4950 1032 5005 Ferant
1064 4945 1339 5017 confestim
1358 4945 1715 5013 confusionem
1745 4960 1895 4998 suam
1916 4942 2005 5013 qui
2030 4942 2212 4995 dicunt
2236 4937 2398 4993 mihi:

832 5043 998 5115 Euge,
1021 5039 1183 5109 Euge.
1209 5036 1317 5091 Pro
1337 5050 1446 5108 quo
1468 5036 1660 5105 Aquila
1688 5055 1701 5089 :
1731 5036 1813 5088 Aa
1831 5077 1845 5099 ,
1871 5052 1960 5098 aa,
1988 5034 2105 5105 ipsa
2131 5032 2397 5088 Hebraica

832 5152 985 5201 voce,
1023 5136 1103 5190 sic
1140 5127 1394 5194 habente,
1431 5140 1584 5183 usus.
1614 5125 1817 5197 Estque
1855 5129 1968 5196 ipsa
2006 5142 2106 5180 vox
2144 5126 2398 5196 planctus

831 5242 1019 5284 eorum
1047 5225 1140 5295 qui
1168 5224 1283 5293 jam
1326 5217 1568 5290 superati
1623 5225 1772 5283 sunt,
1808 5231 1871 5270 ac
1910 5226 2055 5271 retro
2109 5221 2397 5271 cesserunt

814 5318 1323 5385 confusionemque
1344 5312 1675 5367 retulerunt.
1710 5307 2017 5363 Secundum
2043 5306 2395 5378 Septuaginta

833 5410 1162 5483 lnterpretes
1193 5418 1247 5466 et
1277 5405 1664 5481 Symmachum
1700 5405 1779 5461 sic
1810 5390 2050 5458 dicitur:
2085 5404 2188 5469 Qui
2216 5402 2397 5455 dicunt

831 5506 896 5561 de
913 5524 990 5561 me
1020 5522 1039 5560 .'
1078 5502 1242 5574 Euge,
1278 5501 1442 5573 Euge.
1486 5497 1553 5552 Et
1587 5496 1818 5553 fortasse
1858 5495 1991 5566 justi
2044 5496 2247 5551 inimici
2303 5495 2397 5566 qui

832 5596 1033 5649 multas
1055 5594 1330 5648 adversus
1349 5606 1474 5645 eum
1502 5588 1730 5644 insidias
1755 5593 2087 5647 struxerant.
2117 5595 2398 5658 sperantes

833 5703 893 5743 se
922 5693 1300 5757 superaturos,
1335 5682 1403 5737 ad
1429 5679 1671 5751 singulas
1698 5680 1953 5735 dicebant
1990 5698 2002 5734 :
2032 5677 2197 5750 Euge,
2228 5678 2396 5757 Euge.

834 5777 939 5833 Sed
965 5754 1088 5832 C—UIII
1118 5779 1233 5831 haec
1260 5776 1580 5847 plerumque
1606 5771 1862 5837 dixerint,
1884 5788 1979 5843 per
2001 5782 2173 5837 tuam,
2200 5754 2397 5844 inquit,

832 5872 1058 5945 gratiam
1089 5872 1201 5941 jam
1224 5868 1527 5935 discedant,
1547 5880 1700 5925 suam
1719 5865 1951 5925 ferentes
1982 5866 2395 5938 turpitudinem.

903 6006 979 6078 (1)
1027 6004 1315 6058 Ἀνεπόλει.

2502 4850 2922 4914 κατελπίσαντες
2975 4843 3466 4921 περιγενήσεσθαι,
3512 4840 3942 4912 ἀποστρέφονται
3983 4838 4080 4893 καὶ

2501 4942 2928 4997 ἀπαλλάττονται
2960 4944 3039 5005 εἰς
3070 4939 3138 4994 τὰ
3170 4937 3377 4990 ὀπίσωο
3424 4930 3523 4987 εἶτ’
3555 4930 3957 4998 ἀπαλλαγέντες
3985 4929 4081 4984 καὶ

2504 5036 2716 5109 μακρὰν
2740 5035 3042 5107 γενόμενοι,
3077 5029 3367 5100 τάπίχειρα
3386 5026 3484 5098 τῆς
3511 5023 3688 5082 αὐτῶν
3711 5021 4080 5093 ἀπολήψονται

2499 5128 2726 5193 κακίας
2760 5129 2840 5181 διὸ
2882 5126 3019 5199 μετὰ
3058 5121 3233 5176 ταῦτα
3273 5120 3555 5174 λέλεκται’
3600 5113 4082 5185 Κομισάσθωσαν

2502 5220 2863 5291 παραχρῆμα
2914 5215 3218 5285 αἰσχύνην
3263 5211 3463 5267 αὐτῶν
3511 5214 3566 5266 οἱ
3610 5209 3894 5281 λέγοντές
3940 5225 4077 5281 μοι·

2503 5310 2678 5383 Εὖγε,
2728 5309 2888 5383 εὖγε.
2928 5308 3068 5363 Ἀνθ’
3096 5300 3156 5360 οὗ
3208 5309 3236 5361 ὁ
3269 5305 3498 5369 Ἀκύλας
3544 5306 3920 5377 ήρμήνευσενσ
3966 5302 4077 5365 Ἀά.

2502 5407 2597 5473 ὰὰ,
2625 5409 2761 5479 αὐτῇ
2797 5402 3246 5476 συγχρησάμενος
3273 5398 3446 5463 οὕτως
3481 5398 3679 5473 ἐχούσῃ
3707 5400 3775 5471 τῇ
3819 5396 4079 5469 Ἐδραῖκῇ

2505 5499 2929 5573 φωνῇῙΕσ-τιιδὲ
2956 5495 3096 5567 αὕτη
3130 5492 3508 5567 σχετλιαστικὴ
3535 5493 3641 5548 τῶν
3795 5488 4082 5561 νενικημέ·

2502 5610 2606 5647 νων
2640 5593 2733 5645 καὶ
2765 5595 2845 5655 είς
2872 5590 2941 5644 τὰ
2966 5589 3141 5643 ὀπίσω
3172 5589 3588 5662 κεχωρηκότων,
3621 5586 3718 5640 καὶ
3745 5584 3845 5657 τὴν
3876 5581 4083 5637 ἑαυτῶν

2502 5685 2761 5755 αἰσχύνην
2810 5681 3206 5753 ἀπειληφότων.
3246 5682 3401 5735 Κατά
3442 5670 3647 5743 δὲ’τοὺς
3683 5676 4083 5747 Ἑϐδομήκοντα

2506 5776 2599 5828 καὶ
2620 5776 2708 5829 τὸν
2729 5776 3021 5848 Σύμμαχον
3050 5775 3297 5844 φήσαντα
3311 5791 3325 5806 ’
3358 5776 3423 5829 Ui
3448 5772 3735 5842 λέγοντες
3758 5765 3893 5835 περὶ
3912 5764 4079 5836 ἐμοῦο

2509 5863 2685 5940 Εὖγε,
2715 5865 2874 5937 εὖγε,
2905 5869 3044 5935 τάγα
3071 5868 3202 5922 ποτὲ
3229 5870 3278 5922 οἱ
3310 5865 3495 5939 ἐχθροὶ
3525 5864 3621 5920 τοῦ
3644 5861 3855 5919 δικαίου
3883 5857 4085 5923 πολλὰς
