4354 6406
341 490 505 562 361,

1461 479 1960 542 COMMENTARIA
1998 480 2066 535 IN
2102 473 2416 535 PSALMOS
2431 515 2443 528 .

3453 469 3558 526 562

338 610 630 676 ἐπιϐουλὰς
651 607 988 684 ἐπινοοῦντες
1022 612 1144 678 κειτῖ
1163 603 1354 674 αὐτοῦ,
1375 605 1456 676 ἐφ’
1489 604 1692 677 ἑκάστῃ
1712 600 2117 676 προσδοκῶντες
2149 593 2619 668 περιγενήσεσθαι,
2650 594 2851 684 ἔλεγον.
2870 586 3046 662 Εὖγε,
3070 585 3227 662 εὖτε.
3247 588 3406 647 Ἀλλὰ
3426 591 3561 684 πο).-

338 708 495 770 λάκις
512 707 688 769 τοῦτο,
704 703 888 776 φησὶν,
905 682 1296 774 εἰρηκότεςβιὰ
1311 698 1408 770 τὴν
1430 697 1525 770 σὴν
1554 699 1710 771 χάριν
1730 690 2252 753 ἀπαλλαττέσθωσαν
2271 687 2370 759 ἥδη
2677 683 2878 776 ἑαυπιῦν
2889 684 3256 776 κομισάμενοι
3281 682 3561 754 αἰσχύνην.

468 802 576 857 ΕιΣ
613 800 701 854 ΤΟ
739 788 1278 860 ΤΕΛΟΣ,ΨΑΛΜΟΣ
1314 794 1400 847 ΤΩ
1438 791 1649 864 ΔΑΥῘΑ
1669 790 1759 846 Μ’.

405 893 705 962 Μακάριος
729 894 762 946 ό
783 890 1010 945 συνιὼν
1035 887 1134 941 ἐπὶ
1154 886 1390 957 πτωχὸν
1415 885 1514 939 καὶ
1542 884 1768 954 πένητα
1785 902 1796 913 ·
1828 884 1897 938 ἐν

336 988 525 1058 ἡμέρᾳ
567 981 798 1052 πονηρᾷ
833 982 1082 1050 ῥύσεται
1117 978 1302 1033 αὐτὸν
1328 980 1361 1032 ό
1401 978 1632 1046 Κύριος.
1683 978 1897 1046 Κύριος

335 1075 700 1148 διαφυλάξαι
726 1075 910 1130 αὑτὸν
939 1072 1038 1127 καὶ
1075 1068 1294 1132 ξ’ωώσαι
1327 1069 1535 1134 αὐτὸν,
1577 1069 1677 1124 καὶ
1712 1086 1898 1139 μακα-

329 1172 497 1240 ρίσαι
522 1168 708 1224 αὐτὸν
733 1168 803 1220 ἐν
834 1164 906 1234 τῇ
934 1162 1038 1236 rﬁ,
1059 1162 1157 1216 καὶ
1183 1160 1270 1232 μὴ
1295 1158 1538 1229 παραδῷ
1585 1161 1772 1215 αὐτὸν
1812 1162 1899 1226 είς

333 1260 544 1332 ψυχὴν
561 1256 788 1330 ἐχθρῶν
808 1255 1013 1311 αὐτοῦ.
1034 1254 1247 1322 Κύριος
1258 1250 1563 1320 βοηθῆσαι
1605 1249 1770 1317 αὐτῷ¹
1799 1251 1898 1304 ἐπὶ

331 1353 548 1418 κλίνης
595 1351 814 1419 ὀδύνης
850 1346 1056 1410 αὐτοῦ,
1107 1345 1259 1413 ὅλην
1297 1343 1411 1413 τὴν
1452 1343 1660 1411 κοίτην
1710 1341 1896 1398 αὐτοῦ

331 1447 628 1515 ἕστρεψας
651 1444 726 1498 μὲν
753 1439 827 1512 τῇ
867 1439 1163 1509 ἀρρωστία
1201 1436 1406 1492 αὑτοῦ.
1452 1433 1663 1508 Προιὼν
1715 1435 1840 1507 ἑξῆς
1866 1437 1896 1490 6

330 1537 487 1607 λόγος
520 1535 765 1607 ἐπιφέρει
787 1550 801 1563 ⁸
835 1531 943 1588 Καὶ
1102 1533 1135 1584 ό
1176 1529 1484 1598 ἅνθρωπος
1513 1525 1619 1596 τῆς
1653 1528 1895 1597 εἰρήνης

325 1644 468 1696 μου,
506 1624 598 1694 ἐφ’
629 1624 700 1677 ὃν
727 1622 976 1690 ἤλπισα,
1014 1621 1047 1674 ό
1078 1618 1298 1674 ἐσθίων
1329 1615 1546 1684 ἄρτους
1578 1634 1730 1686 μου,
1761 1617 1892 1686 ἐμε-

331 1719 596 1789 γάλυνεν
620 1717 712 1770 ἐπ’
743 1714 847 1786 ἐμὲ
871 1710 1252 1782 πτερνισμόν.
1283 1708 1468 1764 Ταῦτα
1496 1709 1551 1763 δὲ
1590 1709 1902 1786 ἀναγέγραέ
1959 1775 1973 1788 _

330 1828 461 1865 πται
494 1811 523 1863 6
560 1808 747 1880 Σωτὴρ
796 1807 890 1862 καὶ
917 1805 1118 1878 Κύριος
1145 1803 1301 1876 ἡμῶν
1333 1806 1390 1857 ὲν
1416 1803 1492 1874 τῷ
1520 1805 1659 1858 κατὰ
1717 1804 1895 1858 Ἱωάν-
1936 1881 1938 1883 _

329 1921 426 1976 νην
454 1900 768 1977 Εὑαγγελίῳ
799 1900 873 1964 ὡς
904 1897 964 1964 ἐξ
985 1897 1182 1952 οἰκείου
1231 1896 1522 1969 προσώπου
1569 1894 1804 1970 εἰρηκὼς
1836 1898 1894 1949 ὲν

327 1999 394 2068 τῇ
439 1996 574 2067 πρὸς
625 1996 750 2058 τοὺς
806 1992 1050 2065 μαθητὰς
1110 1993 1327 2066 ὁμιλίαι
1381 1993 1446 2046 δι’
1497 1984 1571 2046 ὧν
1622 1990 1889 2061 ἔφασκεν·

341 2087 537 2157 Ἀμὴν,
561 2086 742 2157 ἀμὴν,
765 2085 918 2157 λέγω
942 2086 1084 2157 ὑμῖν
1101 2103 1115 2117 ο
1153 2089 1272 2141 Οὐκ
1299 2086 1428 2142 ἔστι
1453 2084 1674 2150 δοῦλος
1683 2081 1894 2154 μείζων

1924 789 1974 849 Α

2323 779 2374 833 1.
2413 775 2478 830 ΙΝ
2510 771 3078 842 FINEM,PSALMUS
3117 772 3227 828 XL.

2078 873 2245 930 Vens.
2265 873 2390 928 2-4.
2412 872 2609 928 Beatus
2639 870 2730 941 qui
2759 868 3004 941 intelligit
3052 884 3206 939 super
3260 885 3479 939 egenum
3513 883 3558 924 et

2005 983 2285 1039 pauperem
2319 983 2338 1019 :
2359 967 2415 1019 in
2443 964 2528 1018 die
2550 963 2697 1018 mala
2726 963 2968 1018 liberabit
3001 977 3114 1016 eum
3141 961 3419 1018 Dominus.
3447 961 3561 1018 Do-

2003 1062 2180 1116 minus
2211 1068 2476 1115 conseruet
2506 1075 2624 1113 eum
2651 1067 2700 1113 et
2735 1057 2955 1128 viviﬁcet
2999 1075 3138 1124 eum,
3166 1067 3215 1112 et
3241 1059 3446 1112 beatum
3479 1058 3564 1125 fa-

2004 1153 2110 1207 ciat
2131 1168 2252 1206 eum
2283 1151 2515 1211 interra,
2547 1157 2595 1202 et
2626 1164 2732 1202 non
2771 1146 2947 1201 tradat
2972 1163 3090 1201 eum
3116 1147 3170 1200 in
3195 1146 3427 1201 animam
3454 1146 3562 1200 ini-

2002 1247 2260 1299 micorum
2297 1244 2432 1314 ejus.
2471 1240 2724 1297 Dominus
2754 1256 2901 1311 opem
2925 1239 3062 1309 [erat
3107 1237 3185 1292 illi
3206 1253 3357 1308 super
3375 1235 3582 1294 lectum.

2002 1334 2200 1389 doloris
2229 1333 2359 1403 ejus,
2390 1334 2688 1388 universum
2707 1340 2932 1386 stratum
2964 1330 3077 1401 ejus
3103 1329 3321 1386 uersusti
3337 1332 3391 1384 in
3415 1331 3568 1400 inﬁr-

2001 1428 2185 1481 mitate
2222 1443 2358 1494 ejus.
2392 1424 2505 1480 S‘ub
2531 1425 2647 1480 haec
2701 1431 2878 1479 autem
2931 1423 3005 1477 ita
3051 1437 3229 1478 sermo
3281 1423 3562 1494 procedit:

2001 1516 2211 1571 Etenim
2228 1516 2382 1572 homo
2402 1517 2550 1584 pacis
2576 1531 2727 1583 mete,
2760 1515 2816 1570 in
2866 1531 2966 1585 quo
3014 1515 3238 1583 sperari,
3263 1515 3352 1585 qui
3383 1512 3568 1569 edebat

1998 1625 2157 1676 panes
2179 1625 2342 1671 meos,
2368 1608 2726 1678 magni/ienuit
2765 1623 2922 1676 super
2959 1622 3039 1660 me
3065 1605 3564 1677 supplantationem.

2001 1701 2126 1757 Haec
2161 1717 2323 1773 porro
2369 1699 2575 1755 dixisse
2622 1699 2880 1755 scribitur
2923 1697 3171 1754 Salvator
3201 1707 3256 1754 et
3302 1689 3566 1756 Dominus

2001 1803 2185 1850 noster
2221 1794 2275 1848 in
2309 1792 2605 1864 Evangelio
2661 1790 2962 1848 secundum
2994 1788 3280 1856 Joannem,
3313 1792 3469 1861 quasi
3495 1810 3563 1849 cx

2000 1891 2221 1961 propria
2274 1901 2507 1959 persona
2566 1887 2647 1942 sic
2706 1884 3006 1956 discipulos
3049 1884 3556 1948 allocutuszAmen,

1999 1968 2171 2046 amen,
2224 1979 2341 2034 dico
2381 1978 2569 2034 vobis:
2607 1976 2731 2031 Non
2774 1986 2850 2031 est
2900 1993 3075 2032 seruus
3131 1978 3307 2046 major
3347 1977 3560 2031 domino

1998 2092 2112 2140 suo,
2147 2090 2306 2146 neque
2330 2073 2598 2144 apostolus
2633 2057 2803 2141 major
2829 2081 2905 2124 est
2926 2086 2986 2125 eo
3004 2071 3094 2142 qui
3126 2071 3269 2126 misit
3296 2069 3468 2126 illum.
3502 2070 3564 2126 Si

326 2180 436 2237 τοῦ
477 2179 688 2248 κυρίου
724 2178 931 2243 αὐτοῦ,
971 2179 1114 2234 οὐδὲ
1150 2175 1494 2244 ἀπόστολος
1528 2173 1742 2247 μείζων
1787 2173 1926 2229 τοῦ]

1993 2167 2103 2222 lucc
2128 2169 2294 2233 scitis,
2337 2167 2474 2221 beati
2511 2165 2660 2220 eritis
2711 2180 2828 2218 cum
2847 2163 3072 2233 feceritis
3096 2180 3178 2220 ea.
3213 2161 3337 2218 Non
3363 2163 3426 2217 de
3455 2179 3568 2218 om-

325 2270 674 2340 πέμψαντος
693 2269 896 2325 αὐτόν.
917 2272 987 2324 Ei
1011 2253 1197 2325 ταῦτα
1221 2270 1439 2336 οἴδατε,
1458 2266 1738 2338 μακάριοί
1753 2267 1892 2322 ἐστε

325 2361 472 2418 ὅταν
495 2363 710 2416 ποιεῖτε
737 2362 812 2435 (l)
862 2361 1032 2418 αὐτά.
1081 2364 1164 2417 Οὺ
1196 2362 1327 2431 περὶ
1365 2360 1606 2416 πάντων
1640 2359 1778 2431 ὑμῖν
1797 2360 1895 2416 λέ-

325 2473 435 2526 τω’
470 2455 585 2527 ἐγὼ
612 2453 744 2510 οῖδα
773 2457 880 2523 οὓς
899 2455 1268 2524 ἐξελεξάμην
1287 2471 1301 2485 ·
1329 2455 1469 2510 ἀλλ’
1497 2455 1598 2509 ἵνα
1622 2453 1661 2523 ἡ
1682 2444 1892 2522 Γραφὴ

323 2531 640 2616 πληρὼθῇ·
678 2547 730 2609 '0
758 2546 991 2616 τρώγων
1010 2563 1127 2616 μου
1161 2545 1266 2599 τὸν
1307 2545 1490 2614 ἄρτον
1538 2543 1760 2614 ἐπῆρεν
1800 2545 1893 2598 ἐπ’

323 2637 429 2707 ἐμὲ
450 2637 714 2706 πτέρναν
755 2636 959 2692 αὐτοῦ.
998 2636 1162 2708 ’Ἄλλη
1189 2636 1246 2689 δὲ
1269 2634 1456 2708 Γραφὴ
1486 2634 1643 2689 τοῦτο
1673 2636 1892 2706 φήσασα

321 2732 422 2803 οὐχ
459 2732 790 2804 εὑρίσκεται,
834 2728 969 2800 μόνη
995 2729 1050 2782 δὲ
1075 2730 1106 2800 ἡ
1150 2727 1418 2800 παροῦσα,
1449 2728 1514 2781 δι’
1541 2721 1608 2799 ἧς
1637 2725 1848 2798 εἴρηται
1872 2741 1887 2755 °

333 2823 389 2877 Ὁ
420 2823 640 2880 ἐσθίων
668 2823 848 2893 ἄρτον
875 2839 992 2890 μου
1040 2820 1408 2890 ἐμεγάλυνεν
1433 2819 1526 2874 ἐπ’
1574 2819 1678 2890 ἐμὲ
1716 2832 1890 2886 πτερ-

320 2918 560 2988 νισμόν.
601 2917 738 2988 Ὥρα
764 2913 1048 2986 τοιγαροῦν
1077 2915 1158 2977 εἰς
1186 2913 1248 2966 τὸ
1294 2911 1458 2968 αὐτοῦ
1504 2911 1790 2982 πρόσωπον
1821 2910 1891 2966 τὰ

323 3010 675 3081 ὲμφερὸμενα
705 3007 782 3078 τῷ
810 3005 1006 3078 ψαλμῷ
1031 3007 1106 3070 ὼς
1137 3006 1202 3060 ἂν
1229 2989 1578 3077 προφητικῶς
1626 3007 1890 3078 εἰρημένα

321 3100 592 3155 ἐκλαϐεῖν.
627 3099 719 3152 Διὸ
743 3098 839 3154 καὶ
863 3101 952 3164 είς
980 3098 1046 3150 τὸ
1068 3096 1245 3163 τέλος
1287 3097 1683 3170 ἐπιγέγραπται
1706 3140 1721 3163 ,
1755 3098 1888 3151 ἀνα-

321 3189 611 3260 πέμποντα
641 3191 788 3261 ἡμᾶς
818 3188 935 3260 ἦτοι
958 3186 1050 3240 ἐπὶ
1081 3188 1178 3258 τὴν
1220 3187 1526 3242 συντέλειαν
1567 3187 1660 3242 τοῦ
1697 3189 1890 3252 αἰῶνος

319 3279 443 3335 καθ’
469 3283 536 3353 ἥν
558 3281 868 3354 ἐπληροῦτο
899 3281 967 3335 τὰ
995 3281 1477 3354 ἀναγεγραμμένα,
1498 3283 1546 3353 ἢ
1580 3283 1673 3335 ἐπὶ
1705 3282 1774 3337 τὰ
1805 3299 1892 3336 τε·

321 3373 546 3440 λευταῖα
581 3376 688 3430 τῶν
719 3375 808 3430 διὰ
829 3375 921 3430 τοῦ
947 3375 1162 3447 ψαλμοῦ
1189 3376 1550 3448 δηλουμένων.
1577 3379 1640 3432 Εἰ
1677 3379 1774 3451 μὲν
1796 3373 1889 3432 οὖν

321 3466 416 3522 ἐπὶ
451 3466 546 3521 τοῦ
592 3469 842 3540 Σωτῆρος
883 3470 1202 3542 ἀναφέροιτο
1238 3471 1308 3526 τὰ
1333 3472 1690 3544 προκείμενα,
1715 3471 1889 3536 εἴποις

319 3556 386 3612 ἂν
417 3558 920 3630 μακαρίζεσθαιτὸν
936 3560 1231 3631 δυνάμενον
1257 3563 1497 3615 συνιέναι
1522 3561 1589 3614 δι’
1612 3562 1677 3633 ἢν
1710 3561 1888 3617 αἰτίαν

319 3651 574 3725 ἀνείληφε
601 3652 670 3705 δι’
700 3654 849 3724 ἡμᾶς
879 3653 1171 3724 πτωχείαν.
1195 3655 1314 3716 Ἔτι
1331 3654 1441 3724 γὰρ
1466 3657 1761 3722 πλούσιος
1781 3654 1885 3718 ὢν,

318 3742 392 3798 δι’
417 3743 575 3814 ἡμᾶς
605 3742 1008 3813 ἐπτώχευσεν,
1045 3746 1146 3799 ἵνα
1171 3744 1342 3815 ἡμεῖς
1384 3744 1458 3815 τῇ
1504 3747 1688 3801 αὐτοῦ
1739 3761 1889 3801 πτω-

319 3834 452 3904 χείᾳ
472 3835 936 3905 πλουτήσωμεν
972 3836 1068 3889 Ἐν
1081 3834 1284 3906 μορφῇ
1306 3853 1364 3891 τε
1410 3835 1558 3891 Θεοῦ
1600 3836 1889 3906 ὑπάρχων

318 3926 617 3982 ἐκένωσεν
637 3925 873 3993 ἑαυτὸν,
897 3928 1138 3999 μορφὴν
1167 3929 1392 3984 δούλου
1427 3928 1628 3984 λαϐὼν
1649 3969 1663 3994 ,
1701 3929 1888 3998 σαφῶς

319 4017 558 4084 ἐδίδαξεν
579 4020 608 4072 6
634 4017 1128 4084 ΘεῖοςἈπόστολος.
1164 4021 1272 4074 Καὶ
1303 4020 1458 4083 ἄλλος
1482 4019 1524 4072 δ’
1555 4021 1619 4074 ἄν
1653 4037 1734 4084 τις
1765 4037 1888 4074 συν-

318 4111 439 4184 ήσει
477 4112 568 4164 ἐπὶ
598 4110 809 4182 πτωχὸν
841 4111 937 4165 καὶ
966 4112 1192 4182 πένητα,
1216 4112 1428 4166 ἀκούων
1449 4111 1614 4166 αὑτοῦ
1641 4112 1887 4181 λέγοντος

320 4209 378 4264 ὲν
402 4209 754 4278 Εὐαγγελίοις
771 4224 784 4236 °
820 4205 1016 4274 Δεῦτε,
1045 4208 1097 4259 οί
1118 4204 1509 4275 εὐλογημένοι
1529 4205 1635 4259 τοῦ
1658 4207 1888 4274 Πατρός

314 4318 455 4371 μου,
541 4297 1034 4369 κληρονομήσατε
1091 4295 1206 4364 τὴν
1253 4295 1700 4367 ἡτοιμασμένην
1747 4297 1889 4367 ὑμῖν

313 4392 644 4458 ,βασιλείαν
691 4391 806 4446 ἀπὸ
855 4387 1192 4458 καταϐολῆς
1234 4390 1486 4459 κόσμου.
1561 4391 1888 4447 Ἐπείνασα

319 4485 450 4555 τὰρ,
484 4482 582 4538 καὶ
602 4480 863 4536 ἐδώκατέ
903 4499 1003 4552 μοι
1034 4478 1276 4551 φαγεῖν
1311 4480 1597 4551 ἑδίψησαί
1627 4483 1726 4538 καὶ
1750 4485 1888 4541 ἐπο-

196 4618 209 4626 .
318 4577 526 4633 τίσατέ
579 4593 690 4648 με’
756 4575 927 4642 ξένος
957 4573 1159 4644 ἤμην,
1213 4574 1311 4630 καὶ
1361 4578 1740 4648 συνηγάγετέ
1775 4597 1884 4650 με’

318 4670 562 4742 γυμνός,
600 4669 699 4723 καὶ
729 4665 1103 4738 περιεϐάλετέ
1123 4683 1233 4738 με·
1263 4667 1584 4736 ἠσθένουν,
1614 4671 1714 4725 καὶ
1746 4672 1824 4726 ἐπ
1859 4704 1886 4714 -

1997 2260 2149 2315 nibus
2167 2261 2307 2316 vobis
2331 2258 2449 2314 dico
2467 2274 2486 2313 :
2507 2273 2601 2329 ego
2620 2258 2733 2331 scio.
2757 2273 2884 2328 quos
2909 2255 3148 2327 elegerint
3169 2271 3188 2321 ;
3212 2256 3301 2310 sed
3314 2264 3370 2310 ut
3393 2257 3559 2310 adim-

1993 2354 2202 2424 pleatur
2223 2352 2500 2422 Scriptura
2530 2366 2549 2404 :
2583 2349 2690 2416 Qui
2718 2349 3005 2403 manducet
3059 2365 3231 2403 meum
3252 2363 3460 2416 panem,
3478 2348 3562 2403 le-

1994 2449 2132 2500 navit
2151 2453 2337 2497 contra
2363 2458 2454 2520 me_
2472 2441 2777 2504 calcaneum
2800 2455 2956 2495 suum
2982 2439 3046 2492 ¹⁸.
3082 2437 3240 2494 Nulla
3264 2455 3424 2510 porro
3458 2440 3563 2494 alia

1996 2535 2274 2606 Scriptura
2305 2549 2427 2604 quae
2476 2535 2582 2589 hoc
2638 2533 2786 2589 dicat
2837 2536 3130 2603 reperitur,
3185 2541 3383 2604 printer
3423 2533 3565 2588 hanc

1991 2642 2156 2681 unam
2173 2642 2278 2700 qua
2298 2626 2504 2680 dictum
2528 2633 2634 2692 est,
2664 2627 2755 2696 qui
2779 2625 2963 2680 edebat
3005 2641 3195 2696 panem
3230 2641 3423 2692 meum,
3453 2643 3565 2681 ma-

1992 2719 2257 2791 gni/ienuit
2303 2735 2458 2787 super
2480 2735 2561 2773 me
2603 2718 3102 2787 supplantationem.
3151 2717 3258 2774 Par
3286 2728 3370 2776 est
3400 2718 3569 2790 igitur

1992 2810 2061 2866 ad
2093 2811 2212 2882 ejus
2238 2825 2550 2881 personam.
2587 2825 2706 2880 quae
2731 2811 2785 2864 in
2816 2811 2922 2866 hoc
2951 2811 3164 2881 psalmo
3192 2809 3460 2874 feruntur,
3505 2817 3564 2865 ut

1991 2904 2306 2976 prophetice
2363 2902 2510 2957 dicta
2567 2902 2833 2973 accipere.
2883 2901 3250 2968 Quamobrem
3301 2903 3359 2957 in
3405 2903 3563 2972 ﬁnem

1989 2997 2330 3060 inscribitur,
2349 2994 2492 3068 quod
2533 2994 2647 3050 haec
2675 3010 2778 3050 nos
2809 2996 3090 3051 remittant
3114 2995 3182 3051 ad
3212 3010 3565 3052 consumma-

1992 3099 2205 3160 tionem.
2230 3096 2436 3161 saeculi,
2472 3109 2581 3167 quo
2625 3102 2869 3166 tempore
2913 3108 2978 3150 ea
3028 3108 3149 3165 quae
3179 3092 3382 3164 scripta
3433 3103 3560 3150 sunt

1991 3189 2393 3262 implebunturj;
2427 3187 2541 3244 sive
2571 3187 2731 3243 etiam
2762 3185 2830 3241 ad
2869 3194 3143 3259 postrema
3173 3184 3367 3256 psalmi
3395 3183 3562 3239 dicta.

1991 3284 2147 3356 Quod
2177 3284 2223 3339 si
2255 3283 2371 3338 haec
2399 3281 2466 3337 ad
2493 3279 2827 3336 Salvatorem
2853 3279 3181 3357 referantur,
3208 3279 3332 3351 jure
3362 3278 3566 3335 dixeris

1991 3381 2209 3436 beatum
2242 3378 2530 3450 praedicari
2557 3393 2703 3444 eum,
2733 3376 3147 3448 quiintelligere
3180 3374 3475 3447 possitqua
3496 3373 3566 3430 de
3671 3455 3678 3458 ξ

1991 3489 2160 3529 causa
2202 3473 2425 3544 propter
2462 3487 2564 3527 nos
2594 3479 2891 3542 egestatem
2956 3472 3277 3542 susceperit.
3315 3469 3563 3541 Insuper,-

1990 3580 2109 3618 cum
2157 3575 2290 3620 esset
2340 3564 2504 3629 dives,
2535 3572 2747 3632 propter
2791 3579 2884 3618 nos
2912 3579 3102 3634 egenus
3125 3563 3298 3632 factus
3354 3573 3450 3628 est,
3504 3572 3567 3618 ut

1988 3675 2081 3712 nos
2111 3657 2223 3728 ejus
2254 3659 2434 3726 inopia
2455 3654 2639 3710 divites
2659 3671 2894 3710 essemus
2913 3655 2980 3720 ¹⁷;
3007 3663 3061 3709 et
3099 3671 3113 3709 :
3147 3654 3281 3709 Cum
3308 3654 3363 3709 in
3388 3655 3563 3725 forma

1988 3749 2086 3805 Dei
2108 3757 2262 3816 esset,
2312 3749 2644 3816 semetipsum
2699 3747 2989 3802 exinanivit
3030 3746 3203 3816 {arma
3243 3747 3378 3802 servi
3413 3763 3563 3801 accc--

1985 3852 2078 3912 pta
2108 3843 2174 3908 1‘,
2199 3850 2257 3896 ut
2277 3840 2424 3897 clare
2451 3854 2554 3896 nos
2597 3838 2785 3894 docuit
2834 3839 3058 3908 divinus
3091 3839 3406 3910 Apostolus.
3437 3839 3562 3895 Alio

1988 3949 2204 4010 quoque
2233 3935 2395 3992 modo
2424 3937 2548 4008 quis
2604 3936 2905 4006 intelligere
2942 3933 3116 4004 possit
3148 3948 3312 4005 super
3330 3948 3561 4005 egenum

1986 4037 2040 4085 et
2063 4038 2371 4098 pauperem,
2400 4029 2628 4084 audiens
2651 4028 2928 4084 Christum
2964 4028 3018 4080 in
3047 4025 3354 4097 Evangeliis
3376 4025 3564 4082 dicen-

1987 4128 2092 4176 tem
2124 4139 2136 4172 :
2179 4118 2378 4185 Venite,
2416 4119 2675 4176 benedicti
2711 4119 2896 4174 Patris
2943 4118 3067 4184 mei,
3112 4116 3373 4188 possidete
3401 4131 3564 4186 para-

1989 4220 2098 4264 tum
2147 4210 2289 4266 vobis
2347 4227 2564 4282 regnum
2605 4229 2638 4266 a
2687 4211 3057 4266 constitutione
3100 4207 3302 4262 mundi.
3350 4206 3563 4262 Esurivi

1986 4306 2145 4370 enim,
2173 4314 2220 4359 et
2242 4304 2460 4360 dedistis
2494 4305 2625 4360 mihi
2656 4303 3012 4364 manducare;
3045 4301 3209 4362 sitivi,
3263 4308 3312 4352 et
3335 4297 3559 4352 dedistis

1988 4382 2116 4453 milii
2160 4395 2364 4460 bibere;
2397 4396 2583 4466 hospes
2619 4411 2788 4460 eram,
2817 4403 2866 4447 et
2895 4390 3178 4461 collegistis
3218 4403 3299 4440 me
3321 4403 3338 4449 ;
3360 4386 3554 4448 nudus,

1987 4502 2035 4547 et
2082 4491 2425 4561 coeperuistis
2458 4472 2588 4554 -me;
2631 4489 2902 4556 inﬁrmus,
2944 4493 2991 4539 et
3030 4481 3284 4538 visitaslis
3333 4495 3452 4542 me;
3502 4483 3559 4534 in

1987 4601 2195 4640 carcere
2222 4600 2392 4647 erant,
2442 4593 2494 4636 et
2520 4580 2729 4636 venistis
2760 4577 2828 4631 ad
2863 4594 2944 4631 me
2962 4577 3034 4644 ¹⁹;
3088 4575 3290 4646 quibus
3324 4572 3557 4644 subjun-

1988 4681 2066 4750 git
2097 4697 2109 4733 :
2147 4677 2414 4744 Quantum
2441 4674 2640 4744 fecistis
2676 4673 2766 4726 uni
2813 4686 2880 4726 ex
2911 4671 2992 4725 liis
3023 4669 3281 4740 fratribus
3305 4668 3433 4723 meis
3463 4666 3558 4720 nii-

316 4765 682 4837 εσκέψασθεδ
704 4766 774 4820 ἐν
797 4761 1042 4835 φυλακῄ
1065 4761 1245 4832 ἤμην,
1268 4761 1366 4816 καὶ
1389 4761 1602 4831 ἤλθετε
1625 4769 1773 4833 πρὸς
1787 4768 1888 4837 μέν

1991 4772 2172 4838 nimis,
2206 4769 2334 4824 mihi
2393 4767 2592 4838 fecistis
2623 4766 2690 4822 ²⁰,
2743 4764 2924 4836 Atque
2949 4765 3034 4834 ita
3092 4779 3219 4820 vere
3251 4763 3445 4824 beatus
3471 4765 3556 4815 e"

316 4856 396 4927 οἷς
418 4861 678 4929 ἐπιλέγει·
727 4857 844 4928 Ἐφ’
883 4857 1034 4911 ὅσον
1051 4854 1372 4922 ἐποιήσατε
1397 4855 1488 4908 ἐνὶ
1510 4855 1627 4910 τῶν
1660 4860 1886 4914 τούτων
1916 4884 1926 4938 ι

1991 4863 2083 4933 qui
2117 4860 2365 4931 intelligit
2411 4873 2576 4928 super
2606 4857 2834 4928 egenum
2863 4863 2918 4912 et
2946 4869 3238 4926 pauperem
3286 4853 3367 4910 sic
3400 4867 3558 4908 acce-

318 4951 437 5007 τῶν
456 4953 796 5022 ἐλαχίστων
811 4949 929 5004 τῶν
948 4945 1226 5018 ἀδελφῶν
1233 4964 1372 5016 μου,
1389 4945 1517 5012 ἐμοὶ
1541 4947 1881 5015 ἐποιήσατε.

1991 4962 2159 5022 ptum.
2197 4948 2351 5014 Quod
2384 4947 2429 5002 si
2462 4947 2528 5001 ad
2559 4945 2814 5002 Davidem
2859 4961 3024 5017 supra
3050 4945 3197 5001 dicta
3227 4943 3551 5005 referantur,

316 5047 424 5099 Καὶ
452 5046 625 5110 οὕτως
653 5040 745 5112 οὖν
783 5045 1067 5116 ,μακάριος
1093 5041 1305 5114 ἀληθῶς
1347 5043 1377 5095 6
1434 5039 1631 5094 συνιὼν
1675 5043 1768 5096 ὲπί
1793 5045 1886 5098 τὸν

1991 5045 2138 5100 dicas
2160 5043 2274 5095 haec
2294 5041 2543 5111 apposite
2566 5039 2887 5111 praecedenti
2919 5039 3129 5109 psalmo
3148 5037 3386 5093 subnexa
3408 5050 3551 5099 esse,

312 5136 485 5201 οὕτως
513 5139 842 5194 ἀποδοθέντα
869 5137 1082 5209 πτωχὸν
1125 5135 1217 5190 καὶ
1244 5135 1469 5206 πένητα.
1505 5134 1566 5187 Εἰ
1593 5134 1650 5188 δὲ
1670 5135 1760 5189 καὶ
1795 5139 1887 5191 ἐπὶ

1991 5133 2256 5206 siquidem
2284 5133 2386 5214 sub
2410 5131 2568 5188 linem
2592 5133 2785 5204 psalmi
2816 5149 3004 5194 “six,
3039 5146 3105 5185 ex
3136 5143 3365 5201 persona
3391 5127 3552 5181 Davi~
3577 5155 3579 5158 -

313 5228 402 5282 τὸν
431 5230 595 5285 Δαυῒδ
628 5232 952 5303 ἀναφέροιτο
982 5234 1050 5286 τὰ
1081 5229 1398 5302 λελεγμένα,
1444 5227 1616 5292 εἴποις
1661 5228 1727 5282 ἂν
1757 5230 1886 5283 ἁκο-

313 5320 518 5386 λούθως
548 5322 625 5394 τῷ
652 5313 757 5396 πρὸ
774 5324 962 5379 τούτου
993 5325 1192 5398 ψαλμῷ
1219 5322 1388 5379 ταῦτα
1414 5320 1701 5393 συνῆφθαι.
1733 5323 1883 5376 Ἐπεὶ

314 5415 422 5488 γὰρ
455 5415 594 5487 πρὸς
621 5419 732 5481 τοῖς
761 5417 1091 5482 τελευταίοις
1119 5417 1212 5473 τοῦ
1244 5416 1320 5474 λθ¹
1349 5416 1563 5486 ἐλέγετο
1613 5417 1677 5469 ὲκ
1707 5434 1876 5488 apos-

315 5509 467 5565 ώπου
487 5508 582 5564 τοῦ
606 5510 768 5565 Δαυῖδ
790 5527 804 5542 ο
844 5511 991 5583 Ἐγὼ
1025 5511 1093 5565 δὲ
1114 5512 1299 5581 πένης
1331 5512 1446 5582 εἰμὶ
1490 5510 1585 5564 καὶ
1613 5507 1878 5582 πτωχόςο

312 5600 484 5658 ταῦτα
513 5601 559 5656 δ’
592 5601 776 5670 ἔλεγεν
810 5603 840 5654 6
874 5599 1126 5666 τοσοῦτος
1149 5601 1396 5673 βασιλεὺς
1423 5645 1439 5670 ,
1476 5604 1505 5656 6
1551 5600 1643 5655 τὸν
1677 5601 1882 5673 ἄφατον

253 5770 258 5775 ν
313 5696 543 5753 πλοῦτον
582 5694 927 5768 συναγηοχὼς
973 5696 1054 5759 εἰς
1098 5695 1198 5768 τὴν
1236 5695 1585 5772 παρασκευὴν
1615 5694 1708 5749 τοῦ
1746 5697 1882 5768 μετὰ
1921 5690 1923 5693 ’

311 5789 489 5846 ταῦτα
520 5789 886 5864 ἐγηγερμένον
913 5786 1002 5842 διὰ
1034 5787 1344 5860 Σολομῶνος
1379 5789 1526 5855 ναοῦ,
1571 5789 1882 5861 σμικρύνων

1988 5229 2072 5284 dis
2093 5224 2394 5287 dicebatur,
2416 5241 2509 5295 ego
2539 5234 2714 5280 autem
2759 5223 3028 5280 mendicus
3077 5237 3210 5278 sum.
3240 5227 3291 5274 et
3330 5234 3550 5288 pauper.

1993 5321 2112 5376 llaec
2139 5333 2302 5390 porro
2344 5325 2528 5374 tantus
2573 5335 2667 5375 rex
2699 5319 2936 5383 dicebat,
2991 5316 3086 5388 qui
3140 5312 3550 5368 inaestimabiles

1982 5413 2199 5470 divitias
2218 5409 2292 5464 ad
2317 5402 2641 5482 apparatum
2663 5412 2892 5482 templi,
2919 5410 3023 5467 sub
3061 5409 3173 5463 haec
3193 5422 3223 5461 a
3257 5404 3550 5463 Salomone

1983 5507 2196 5572 structi,
2225 5505 2556 5579 collegerat;
2591 5507 2686 5578 qui
2737 5522 2857 5563 sese
2902 5519 3128 5577 parvum
3175 5508 3230 5558 et
3261 5500 3546 5567 humilem,

1983 5599 2583 5670 moderatiqueanimi,
2611 5615 2674 5654 ac
2709 5582 2904 5654 aﬂ‘ectu
2953 5611 3078 5653 vere
3129 5608 3420 5666 pauperem
3452 5609 3552 5650 ex-

1960 5695 2221 5752 .hibebat.
2244 5691 2370 5750 Ideo
2393 5693 2715 5763 subjunctus
2746 5699 2830 5749 est
2861 5705 3099 5762 praesens
3124 5691 3386 5760 psalmus,
3415 5687 3550 5745 bea-

1985 5798 2099 5845 tum
2127 5783 2431 5858 praedicans
2454 5802 2580 5842 eum
2611 5787 2704 5858 qui
2726 5801 2890 5856 super
2910 5779 3218 5858 liujusmodi
3255 5797 3550 5854 pauperem

384 5889 428 5920 “
465 5887 624 5945 Joan.
659 5905 782 5952 xui,
816 5885 901 5943 16.
979 5885 1021 5917 ⁸⁷
1059 5881 1106 5938 ll
1138 5883 1260 5941 Cor.
1290 5901 1422 5946 VIII.
1459 5885 1512 5940 9.
1590 5883 1907 5959 “Philipp.

2001 5885 2111 5952 ,7.
2190 5884 2232 5916 η
2267 5883 2458 5941 Matth.
2490 5899 2622 5947 inv,
2653 5883 2743 5947 si,
2778 5881 2867 5936 σε.
2946 5878 2992 5912 ὀ
3031 5879 3163 5935 ibid.
3197 5879 3284 5935 to.
3416 5917 3422 5921 .
3547 5941 3553 5947 ,

380 5981 459 6055 (1)
481 5982 669 6038 ’Ὅταν
708 5981 946 6037 ποιεῖτε.
981 5979 1143 6056 νοις.
1189 5981 1287 6036 ἐὰν
1318 5978 1546 6056 natiiis;
1596 5989 1650 6038 et
1686 5995 1814 6049 mox
1849 5997 1926 6053 pri

1992 5999 2112 6053 μου.
2135 5977 2290 6052 Vulg.
2313 5981 2432 6049 μετ’
2483 5976 2638 6049 ἐμοῦ,
2669 5984 2731 6032 ut
2775 5985 2830 6031 et
2859 5974 3130 6045 interpres
3168 5973 3352 6031 vertit.
3383 5971 3544 6027 Eutr.

631 6076 882 6145 ΡΑτκοι
933 6065 1053 6137 οη
1084 6075 1295 6122 Ὴηῐ

3196 6065 3273 6125 12
