4354 6424
232 554 336 620 363

1280 592 1286 597 ο
1362 526 1865 613 conuEN'rAmA
1905 555 1972 610 1N
2010 552 2346 610 psaauos.

3363 548 3466 608 566

228 641 423 743 λῦνθη
448 682 571 743 μου
594 674 836 753 πὲέρνᾲ.
864 662 980 745 ﬁt;
1006 666 1065 727 δέ
1093 671 1186 727 τοῦ
1213 664 1462 746 Σωτῆρος
1491 674 1711 747 εἰρήνης
1732 669 1800 744 ἦν
1830 682 1874 737 Α
1905 690 1947 726 n1

1748 670 1800 744 ἣν
1830 682 1874 737 Α
1905 673 2157 743 niﬁcatus
2200 680 2278 726 est
2314 678 2505 724 contra
2535 685 2615 723 me
2644 664 2911 724 calcaneo.
2941 669 3073 724 Erat
3105 680 3271 740 porro
3299 666 3467 724 ludas

229 765 517 838 ἄνθρωπος
563 766 593 819 ὁ
647 764 845 828 Ἰούδας
868 804 883 831 ,
914 764 1151 829 ἀκούσας
1183 766 1280 820 καὶ
1324 765 1485 829 αὐτὸς
1522 764 1657 836 μετὰ
1691 764 1798 816 τῶν

230 857 431 912 λοιπῶν
469 856 726 930 μαθητῶν
770 857 865 911 τοῦ
920 857 1171 931 Σωτῆρος
1207 857 1483 925 λέγοντος·
1535 851 1802 926 Ειρήνην

227 950 344 1020 τὴν
369 948 528 1021 ἐμὴν
546 949 752 1020 διδωμι
783 949 945 1019 ὑμῖν,
967 949 1214 1018 εἰρήνην
1242 948 1358 1019 τὴν
1395 949 1550 1020 ἐμὴν
1591 949 1802 1018 ἀφίημι

227 1042 390 1113 ὑμῖν.
430 1042 592 1097 Ἀλλὰ
635 1043 767 1097 καιδ
808 1031 926 1113 Ἐφ’
975 1041 1051 1096 ὃν
1091 1042 1328 1111 ἤλπισα
1352 1084 1368 1111 ,
1400 1042 1567 1116 φησει
1603 1041 1802 1113 ἢκατά

226 1134 317 1189 τὸν
354 1134 589 1190 ’Δκύλαν
610 1175 626 1202 ,
660 1135 1032 1212 ἐπεποιθησα
1051 1175 1067 1200 ,
1095 1127 1128 1207 ἢ
1156 1134 1297 1190 κατά
1338 1135 1433 1213 τὸν
1475 1135 1767 1207 Σύμμαχον
1786 1174 1801 1198 ,

226 1227 570 1283 ἐπεποίθειν
588 1241 605 1260 ⁸
631 1228 929 1299 ἐπειδήπερ
952 1212 1047 1282 καὶ
1072 1227 1219 1299 αὐτῷ
1239 1212 1439 1300 ὁμοίως
1465 1230 1579 1293 τοῖς
1599 1228 1803 1290 λοιποῖς

159 1386 161 1390 Α
227 1319 548 1385 ἀποστόλοις
587 1319 693 1374 τῶν
726 1321 855 1375 ῐσων
895 1320 1163 1392 μετεδίδου
1209 1320 1592 1393 χαρισμάτων.
1655 1321 1802 1374 Ἐπ-

228 1409 440 1487 molliat
468 1411 526 1465 δὲ
560 1411 647 1464 ἐπ’
673 1409 820 1482 αὐτῷ
848 1413 878 1464 6
909 1409 1118 1483 Σωτὴρ,
1139 1412 1233 1465 καὶ
1253 1410 1465 1481 ἀγαθὰς
1486 1406 1630 1481 εἶχεν
1655 1409 1805 1462 ἐλπί-

226 1500 323 1564 δας
355 1501 444 1554 ἐπ’
469 1500 639 1573 αύτῷ,
668 1500 756 1555 διὰ
794 1500 855 1554 τὸ
885 1500 978 1554 καὶ
1025 1503 1111 1553 ἐπ’
1142 1500 1293 1573 αὐτῷ
1325 1498 1684 1565 αὐτεξούσιον.
1727 1500 1801 1553 Οὐ

226 1587 338 1660 γὰρ
360 1583 437 1660 ἦν.
479 1588 694 1659 φύσεως
733 1588 995 1644 ἀδυνάτου
1053 1586 1317 1653 σώζεσθαι
1357 1590 1387 1642 ό
1427 1591 1657 1654 Ἰούδας·
1688 1589 1802 1642 ἀλλ’

226 1673 340 1745 οἷός
362 1697 423 1741 τε
449 1674 541 1753 ἦν,
576 1680 835 1753 θελήσας,
872 1680 1073 1753 ὁμοίως
1097 1683 1210 1746 τοῖς
1252 1681 1804 1746 λοιπῖςηάποστόλοις

232 1771 642 1844 μθητευθῆναι
676 1772 765 1843 τῷ
779 1770 895 1842 Υἱῷ
926 1771 1020 1824 τοῦ
1042 1771 1198 1836 Θεοῦ,
1239 1770 1335 1825 καὶ
1362 1770 1522 1834 καλὸς
1548 1772 1641 1825 καὶ
1670 1773 1805 1839 ἀγα-

228 1864 323 1928 Θδς
349 1863 601 1935 μαθητὴς
633 1862 1032 1917 ἀποτελεῖσθαιο
1069 1862 1429 1928 ἁυνέστιοςδέ
1454 1861 1529 1917 ὢν
1555 1865 1632 1934 τῷ
1660 1864 1805 1917 Διδα-

230 1956 437 2028 οκάλῳ,
469 1957 531 2010 οὐ
557 1957 646 2011 τὸν
688 1954 866 2011 κοινὸν
902 1955 1064 2029 ἄρτον
1110 1954 1259 2028 αύτῷ
1306 1957 1464 2030 μόνον
1500 1955 1801 2027 συνήσθιεν,

229 2048 367 2105 ἀλλὰ
398 2050 493 2103 καὶ
523 2046 618 2102 τοῦ
667 2047 777 2118 τῆς.
814 2047 994 2120 ψυχῆς
1024 2046 1319 2119 θρεπτικοῦ
1366 2048 1801 2121 μεταλαμϐάνειν
1833 2036 1874 2091 Β

228 2140 474 2213 ἠξιοῦτο
512 2140 641 2213 περὶ
668 2134 730 2195 οὗ
750 2139 933 2209 ἔλεγεν
957 2141 986 2194 6
1014 2139 1205 2210 Σωτήρ
1222 2156 1235 2170 ·
1273 2138 1414 2211 Ἐγώ
1426 2142 1541 2210 ειμι
1569 2142 1603 2194 ό
1629 2140 1805 2209 ἄρτος

229 2237 266 2290 ὁ
292 2230 363 2289 ἐκ
392 2233 499 2288 τοῦ
531 2231 794 2303 οὐρανοῦ
824 2231 1105 2298 καταϐὰς,
1134 2230 1235 2284 καὶ
1263 2228 1415 2299 ζωὴν
1452 2230 1657 2297 διδοὺς
1681 2231 1806 2299 τοῖς

226 2312 599 2394 ἀνθρώποις(
637 2319 806 2388 Οὗτος
848 2317 940 2376 οὖν
974 2320 1020 2399 ‘6
1056 2320 1326 2375 τοσούτων
1376 2319 1679 2391 ἠξιωμένος
1707 2322 1806 2393 τὴν

228 2409 475 2490 πτέρναν
495 2414 659 2470 αὑτοῦ
689 2416 878 2488 ὥσπερ
902 2413 1000 2481 λὰξ
1033 2413 1285 2468 ἐντείνων
1319 2414 1459 2467 κατὰ
1499 2411 1593 2467 τοῦ
1626 2415 1807 2486 Iunci]-

232 2524 324 2581 ρος
373 2507 583 2579 ἐπῆρεο
636 2505 717 2559 διὸ
787 2504 1075 2558 λέλεκται·
1130 2501 1655 2573 Ἐμεγάλυνεν-ἐπ’
1702 2500 1807 2571 ἐμὲ

227 2600 617 2671 πτερνισμόν.
661 2598 806 2652 ’Δντὶ
835 2596 893 2650 δέ
918 2596 1033 2658 τοῦ,
1075 2595 1470 2664 πτερνισμὸν,
1511 2593 1663 2666 παρὰ
1693 2582 1806 2657 τοῖς

239 2686 641 2763 Ἑδδομήκοντα
660 2680 965 2761 εἰρημένον,
981 2688 1014 2759 ἡ
1031 2686 1288 2758 Ἐϐραῖκὴ
1314 2687 1617 2755 ἀνάγνωσις
1635 2684 1806 2753 πτέρ-

224 2800 344 2841 ναν
369 2784 639 2855 περιέχει.
687 2780 874 2844 Οὕτως
902 2775 996 2834 οὖν
1033 2778 1321 2843 δουλεύσας
1355 2779 1445 2850 τῷ
1470 2777 1743 2849 Ἐὄραῖκῷ
1774 2778 1804 2831 6

240 2874 473 2938 ’Δκύλας
504 2872 783 2939 ἐξέδωκεν.
814 2871 976 2925 Ὅθεν
1008 2872 1102 2925 καὶ
1121 2872 1149 2924 6
1184 2868 1576 2940 εύαγγελιστὴς
1623 2868 1803 2923 Ἰωάν-

226 2984 344 3040 νης,
371 2967 449 3031 ὠς
481 2966 547 3020 ἂν
588 2965 837 3054 Ἐόραῖος
867 2962 929 3030 ἐξ
974 2962 1267 3037 Ἐϐραίων,
1302 2961 1392 3016 τὸν
1422 2962 1660 3034 »Σωτῆρα
1681 3002 1697 3027 ,
1740 2962 1800 3015 οὐ

227 3050 781 3139 πτερνισμὸνηᾶλλὰ
800 3059 895 3113 καὶ
920 3057 1181 3128 πτέρναν
1198 3056 1537 3127 ὠνομακέναι
1564 3055 1805 3127 ἐμνημό-
1837 3110 1853 3118 _

228 3172 485 3312 “32:6
505 3262 523 3277 ο
586 3243 773 3315 Ἐμοῦ,
795 3243 892 3299 διὰ
915 3243 1032 3312 τὴν
1067 3242 1327 3297 ἀκακίαν
1371 3240 1706 3296 ἀντελάϐου
1725 3257 1740 3272 ο
1766 3210 1805 3313 ᾖ.

1903 766 2066 821 homo
2102 764 2253 834 pacis
2285 761 2604 827 Salvatoris,
2629 761 2867 832 quicum
2898 761 3019 817 aliis
3038 760 3327 831 discipulis
3354 761 3466 816 haec

1900 857 2168 913 dicentem
2224 854 2563 909 Salvatorem
2598 851 3120 907 audierat:.Pacem
3171 868 3342 906 meam
3400 852 3465 904 do

1901 947 2069 1015 vobis,
2101 957 2282 1018 pacem
2339 963 2513 999 meam
2566 945 2804 1015 relinquo
2850 943 2994 998 vobis
3011 946 3077 999 ".
3122 941 3250 1009 Sed,
3282 945 3337 999 in
3366 960 3465 1015 quo

1902 1042 2125 1110 speravi,
2159 1040 2269 1107 ait;
2294 1038 2401 1104 vel,
2436 1036 2736 1093 secundum
2758 1022 3037 1108 Aquilam,
3065 1036 3295 1106 conﬁsus
3316 1052 3466 1101 sum;

1905 1139 2020 1197 aut,
2072 1139 2136 1186 ut
2191 1128 2577 1203 Symmachus,
2627 1129 2859 1199 conﬁsus
2900 1141 3082 1192 erant;
3127 1127 3468 1199 quandoqui-

1903 1224 2025 1277 dem
2053 1222 2231 1293 ipsum
2272 1220 2499 1290 paribus
2533 1227 2697 1289 atque
2734 1225 2961 1275 caeteros
3002 1218 3281 1289 apostolos
3308 1217 3466 1274 donis

1903 1297 2179 1369 aﬂ‘ecerat.
2219 1311 2540 1367 Conﬂdehat
2566 1319 2746 1366 autem
2778 1310 2827 1365 ei
2879 1308 3156 1378 Salvator,
3181 1319 3235 1366 et
3268 1309 3464 1365 bonam

1904 1407 1972 1463 de
2002 1406 2122 1477 ipso
2151 1421 2301 1476 spem
2327 1405 2583 1469 habebat,
2607 1403 2734 1474 quia
2762 1402 2819 1458 in
2840 1418 2907 1460 eo
2926 1404 3159 1459 liberum
3182 1403 3467 1459 arbitrium

1904 1508 2071 1565 esset.
2132 1497 2324 1569 Neque
2370 1498 2517 1578 enim
2567 1496 2734 1553 Iudas
2787 1512 2853 1552 ex
2912 1494 3227 1565 huiusmodi
3275 1503 3469 1550 natura

1903 1596 2021 1646 erat
2055 1604 2179 1661 qua:
2234 1603 2344 1644 non
2381 1596 2570 1660 posset
2616 1589 2850 1645 salutem
2886 1588 3187 1659 consequi;
3243 1588 3334 1644 sed
3372 1602 3474 1657 p0-

1903 1690 2068 1748 terat,
2104 1685 2151 1740 si
2197 1684 2417 1754 quidem
2466 1684 2755 1749 voluisset,
2791 1693 2853 1739 ut
2897 1693 2952 1740 et
2989 1685 3175 1741 caateri
3208 1686 3466 1756 apostoli,

1902 1791 1934 1831 a
1953 1775 2107 1831 ‘Filio
2145 1775 2240 1831 Dei
2268 1776 2493 1839 erudiri,
2526 1790 2591 1831 ac
2619 1776 2800 1833 bonus
2821 1776 3134 1847 probusque
3166 1776 3471 1848 discipulus

1903 1866 2061 1924 edici.
2098 1868 2231 1923 Nam
2264 1884 2389 1923 cum
2420 1866 2680 1940 Magistro
2722 1868 3131 1925 contubernalis
3162 1876 3326 1935 esset,
3360 1886 3469 1925 non

1904 1975 2250 2017 communem
2298 1959 2461 2021 modo
2507 1973 2632 2014 cum
2665 1974 2731 2015 eo
2764 1974 2959 2031 panem
2992 1960 3340 2043 comedebat,
3372 1963 3470 2017 sed

1906 2053 2055 2109 illius
2105 2053 2273 2108 etiam
2317 2052 2413 2123 qui
2464 2051 2705 2107 animam
2769 2054 2942 2107 nutrit
2994 2052 3268 2124 particeps
3317 2062 3468 2109 erat:

1907 2146 1976 2202 de
2010 2160 2119 2215 quo
2165 2142 2387 2199 dicebat
2445 2140 2725 2199 Salvator:
2783 2141 2896 2215 Ego
2936 2160 3051 2198 sum
3078 2144 3255 2214 panis-
3288 2144 3376 2216 qui
3407 2143 3472 2198 de

1906 2239 2038 2294 cazlo
2069 2237 2355 2304 descendit,
2399 2246 2449 2293 et
2491 2238 2581 2309 qui
2623 2239 2717 2291 dat
2763 2239 2926 2292 vitam
2962 2237 3336 2293 hominibus".
3371 2235 3472 2293 Hic

1907 2332 2092 2402 itaque
2150 2333 2231 2386 tot
2278 2337 2504 2387 ornatus
2560 2328 2861 2396 beneﬁciis,
2924 2332 3244 2387 calcaneum
3306 2347 3466 2388 suum

1905 2423 2068 2494 quasi
2097 2422 2432 2479 calcitrando
2458 2428 2649 2478 contra
2682 2422 3021 2479 Salvatorem
3047 2426 3272 2493 extulit;
3300 2441 3472 2497 quare

1906 2516 2112 2571 dictum
2148 2525 2269 2573 est:
2295 2515 2663 2589 Magniﬁcavit
2684 2528 2837 2588 super
2858 2534 2939 2572 me
2968 2518 3469 2589 supplantationem.

1904 2606 2011 2662 Pro
2039 2622 2172 2664 voce
2205 2616 2386 2664 autem
2415 2610 2528 2674 illa,
2556 2609 3053 2680 supplantationem,
3086 2626 3117 2664 a
3140 2609 3283 2665 LXX
3329 2612 3473 2668 Viris

1904 2711 2188 2771 usurpata,
2216 2700 2484 2757 Hebraica
2514 2702 2699 2765 lectio,
2738 2702 3069 2769 calcaneum,
3099 2704 3340 2774 praefert.
3394 2704 3473 2759 Eo

1902 2796 2088 2866 itaque
2104 2793 2264 2850 modo
2285 2792 2480 2864 Aquila
2500 2793 2779 2851 Hebraicis
2805 2796 2997 2851 litterae
3013 2797 3259 2853 serviens
3277 2796 3469 2852 edidit.

1903 2887 2083 2956 Quare
2108 2886 2347 2943 Joannes
2369 2887 2723 2958 evangelista,
2755 2896 2942 2960 utpote
2976 2887 3234 2945 Hebraeus
3260 2905 3326 2945 ex
3359 2889 3466 2945 He-

1902 2980 2064 3036 braeis
2088 2986 2265 3042 ortus,
2292 2976 2651 3044 Salvatorem,
2699 2994 2808 3033 non
2835 2978 3335 3049 supplantationem,
3371 2980 3467 3036 sed

1876 3104 1879 3107 <
1905 3073 2209 3128 calcaneum
2232 3070 2439 3128 dixisse
2466 3079 2751 3127 memorat.

1973 3250 2034 3307 1n
2072 3249 2205 3305 illud
2241 3265 2403 3305 vero:
2437 3247 2524 3304 Me
2539 3259 2749 3320 propter
2777 3249 3131 3305 innocentiam
3157 3248 3467 3313 suscepisti;

226 3339 371 3395 κατὰ
393 3339 484 3393 τὸν
515 3336 745 3391 Ἀκύλαν
763 3328 857 3390 καὶ
887 3335 1199 3407 Σύμμαχον,
1225 3335 1321 3390 διὰ
1344 3334 1461 3405 τὴν
1474 3336 1799 3405 ἁπλότητα.
1830 3381 1876 3441 C
1905 3345 1945 3401 si

1749 3354 1799 3441 ας
1830 3381 1876 3441 C
1905 3345 2038 3404 sive.
2071 3343 2375 3400 secundum
2418 3341 2669 3415 Aquilam
2701 3351 2756 3399 et
2802 3342 3211 3415 Symmachum,
3257 3352 3468 3413 propter

226 3433 526 3505 ἐπειδήπερ
571 3430 652 3497 ὡς
695 3430 1016 3511 ,πρόϐατον
1060 3426 1162 3480 ἐπὶ
1206 3427 1453 3497 σφαγὴν
1478 3427 1658 3497 ἤχθη,
1698 3428 1799 3482 καὶ
1904 3440 1945 3493 εί

1747 3428 1799 3482 αὶ
1904 3436 2319 3507 simplicitatem,
2368 3433 2507 3509 [haec
2545 3433 2801 3507 dicenda]
2838 3436 3123 3506 quoniam,
3173 3435 3310 3491 sicut
3354 3436 3466 3490 ovis

223 3528 308 3596 ὡς
333 3527 524 3598 ἀμνὸς
542 3526 821 3581 ἐναντιον
848 3524 952 3578 τοῦ
984 3522 1290 3590 κείραντος
1318 3522 1575 3593 ἄφωνος,
1615 3524 1801 3591 οὕτως

225 3619 621 3688 οὐκάνοίτων
666 3616 733 3670 τὸ
760 3616 985 3685 στόμα·
1027 3613 1141 3678 καὶ,
1180 3613 1642 3684 Λοιδορούμενος
1687 3619 1797 3691 ούκ

224 3709 628 3779 ἀντελοιδόρει
646 3726 660 3740 ³
692 3705 947 3776 πάσχων
974 3708 1085 3760 οὐκ
1116 3704 1351 3774 ἠπείλει
1368 3723 1383 3737 ο
1416 3706 1513 3777 τὴν
1542 3707 1715 3780 ἄκραν
1743 3708 1799 3762 δὲ

226 3801 575 3869 ἀνεξικακίαν
632 3798 1034 3870 ἐνδεικνύμενος
1106 3798 1165 3851 ἐν
1228 3796 1305 3868 τῷ
1378 3799 1797 3871 κατηγορεῖσθαι

226 3895 459 3960 ἐσιώπα,
498 3891 1107 3966 ψευδομαρτυρούμενός
1134 3908 1194 3944 τε
1232 3890 1381 3944 οὐδὲν
1430 3890 1792 3962 ἀπεκρίνατο·

226 3988 362 4044 ἀλλὰ
396 3988 492 4042 καὶ
521 3970 612 4040 τὸν
647 3985 812 4041 νῶτον
846 3983 1010 4038 αὐτοῦ
1043 3983 1271 4038 δέδωκεν
1292 3982 1371 4048 εἰς
1401 3981 1667 4053 μάστιγας
1704 3983 1799 4036 καὶ

223 4081 325 4145 τὰς
367 4078 626 4147 σιαγόνας
655 4078 735 4141 εἰς
781 4076 1131 4149 ῥαπίσματαο
1168 4074 1231 4128 τὸ
1278 4074 1335 4127 δὲ
1364 4073 1651 4146 πρόσωπον
1699 4073 1799 4126 οὐκ

226 4172 569 4244 ἀπέστρεψεν
592 4170 700 4225 ἀπὸ
726 4168 986 4241 αἰσχύνης
1017 4169 1444 4241 ἐμπτυσμάτων.
1477 4168 1565 4220 Διό
1609 4184 1794 4237 φησιν’

237 4264 413 4333 Ἐμοῦ
441 4261 620 4317 δὲδιὰ
633 4261 746 4330 τὴν
759 4262 1016 4316 ἀκακίαν
1041 4260 1392 4337 ὰντελάᾷου,
1419 4260 1515 4314 καὶ
1529 4260 1796 4316 ἐϐεϐαίω-

227 4355 346 4421 σάς
376 4370 451 4425 με
501 4353 758 4408 ἐνώπιόν
812 4368 930 4407 σου
969 4355 1055 4427 εἰς
1098 4351 1301 4416 αἰῶνα.
1359 4353 1581 4418 Τούτοις
1635 4355 1798 4409 πᾶσιν

224 4446 555 4503 ἐπὶτέλειτὸ
588 4445 920 4518 προφητικὸν
944 4438 1156 4516 πνεῦμα
1180 4447 1592 4523 εὐχαριστήριον
1618 4438 1798 4521 φωνὴν

224 4540 540 4612 ἀναπέμπει
590 4539 669 4611 τῷ
718 4537 837 4610 Θεῷ
894 4537 1077 4608 λέγον·
1130 4525 1479 4610 Εὐλογῆτός
1521 4543 1735 4610 Κύριος
1766 4544 1799 4595 ὀ

226 4632 373 4700 Θεὸς
415 4631 665 4701 Ἰσραὴλ
684 4630 803 4686 ἀπὸ
837 4629 942 4684 τοῦ
970 4628 1187 4696 αἰῶνος
1214 4631 1311 4684 καὶ
1343 4634 1431 4698 εις
1458 4634 1564 4687 τὸν
1588 4632 1792 4688 αὶῶναη

1861 3585 1864 3588 ,
1903 3530 1975 3583 ad
2013 3528 2398 3600 jugulationem
2438 3528 2625 3581 ductus
2654 3536 2754 3591 est,
2795 3535 2845 3581 et
2892 3528 3029 3581 sicut
3077 3540 3244 3607 agnus
3288 3544 3469 3583 coram

1904 3620 2144 3675 tondente
2184 3620 2294 3673 sine
2337 3633 2476 3683 voce,
2509 3619 2586 3672 sic
2614 3633 2720 3671 non
2746 3618 2950 3693 aperuit
2986 3634 3052 3687 os
3095 3617 3333 3683 suum",
3373 3630 3465 3674 et:

1902 3710 2033 3768 Cum
2063 3710 2484 3772 malediceretur,
2518 3726 2622 3764 non
2645 3708 3081 3775 remaledicebat;
3112 3712 3229 3765 cuin
3260 3720 3467 3781 patere-

1901 3812 2010 3865 tur,
2045 3817 2150 3855 non
2205 3798 2723 3857 comminabatur":
2761 3801 2855 3856 sed
2902 3816 3116 3857 summa
3161 3791 3467 3860 instructus

1900 3894 2182 3964 patientia,
2232 3909 2358 3949 cum
2411 3902 2788 3961 accusaretur,
2844 3895 3080 3963 tacebat,
3129 3910 3252 3952 cum
3310 3894 3465 3952 falsis

1900 3984 2226 4041 testimoniis
2262 3986 2630 4055 impeteretur,
2662 3985 2799 4041 nihil
2830 3986 3143 4057 respondit;
3175 3984 3271 4043 sed
3301 3987 3466 4041 etiam

1898 4075 2121 4130 dorsum
2151 4091 2310 4131 suum
2342 4074 2568 4147 ﬂagellis
2599 4076 2818 4143 obtulit,
2836 4085 2891 4134 et
2920 4078 3092 4134 malas
3115 4077 3244 4134 suas
3262 4078 3460 4148 alapis,

1902 4167 2092 4223 faciem
2128 4183 2254 4223 vero
2308 4184 2462 4223 suam
2493 4186 2601 4225 non
2641 4171 2835 4227 avertit
2872 4185 2903 4225 a
2928 4170 3132 4244 probro
3157 4179 3465 4242 sputorum.

1899 4260 2239 4333 Quapropter
2259 4262 2358 4335 ait,
2390 4261 2477 4317 Me
2505 4273 2681 4318 autem
2706 4275 2917 4335 propter
2949 4264 3302 4319 innocentiam
3341 4280 3465 4318 sus-

1900 4355 2102 4424 cepisti,
2138 4364 2190 4409 et
2208 4356 2541 4425 conﬁrmasti
2579 4371 2661 4409 me
2704 4356 2757 4409 in
2793 4364 3067 4425 conspectu
3092 4354 3180 4408 tuo
3220 4356 3275 4408 in
3303 4363 3464 4408 teter-

1900 4464 2045 4503 num.
2088 4446 2145 4503 ln
2194 4447 2299 4503 line
2331 4449 2548 4504 tandem
2595 4462 2784 4503 eorum
2838 4446 3063 4517 spiritus
3108 4445 3467 4517 propheticus

1901 4543 2197 4612 gratiarum
2230 4540 2489 4598 aetiones
2514 4532 2625 4597 Deo
2668 4540 2869 4595 emittit
2905 4538 2990 4593 bis
3032 4527 3245 4595 verbis:
3294 4537 3466 4593 Be‘no-

1900 4632 2073 4688 dictus
2108 4633 2365 4703 Dominus
2417 4633 2554 4687 Deus
2601 4629 2774 4687 Israel
2803 4626 3059 4689 adsecula
3109 4639 3159 4685 et
3203 4646 3367 4699 usque
3409 4630 3463 4684 in

222 4726 475 4798 γένοιτο,
501 4723 757 4796 γένοιτοο
793 4723 825 4794 ἢ
872 4721 1011 4778 κατὰ
1040 4721 1132 4776 τὸν
1193 4722 1464 4793 Ἀκύλαν,
1506 4738 1799 4780 πεπιστω-
1832 4728 1876 4783 Ι)
1901 4742 1941 4779 si

1743 4745 1799 4779 υ·
1832 4728 1876 4783 D
1901 4726 2177 4789 circulum,
2209 4726 2327 4795 ﬁat,
2356 4725 2485 4793 ﬁat;
2510 4732 2625 4789 aut,
2660 4723 2958 4779 secundum
2981 4723 3255 4794 Aquilam,
3291 4722 3462 4792 ﬁdeli—

209 4812 436 4887 μένως,
489 4811 1001 4884 πεπιστωμένως·“
1041 4811 1181 4866 κατὰ
1224 4812 1281 4865 δὲ
1311 4813 1402 4867 τὸν
1459 4815 1755 4887 Σύμμαχον
1780 4834 1793 4846 ³

1905 4827 2003 4883 ter,
2035 4817 2261 4889 ﬁdeliter
2279 4834 2297 4882 ;
2326 4818 2460 4881 sive,
2490 4816 2790 4873 secundum
2818 4816 3232 4889 Symmachum,
3275 4834 3458 4882 amen,

222 4908 433 4977 Ἅμὴν,
468 4904 654 4975 ἁμήν*
706 4904 855 4959 ἐνθεν
883 4906 912 4959 ὁ
950 4904 1138 4978 Σωτὴρ
1169 4905 1263 4957 καὶ
1303 4903 1508 4976 Κύριος
1551 4907 1706 4977 ἡμῶν
1740 4910 1798 4962 ἐν
1903 4926 1935 4964 a

1740 4910 1798 4962 ἐν
1903 4926 2075 4966 amen.
2116 4909 2268 4965 Unde
2316 4906 2573 4964 Servator
2617 4910 2675 4965 in
2717 4910 3029 4981 colloquiis,
3066 4908 3134 4963 ad
3191 4909 3458 4991 sermonis

218 5000 332 5059 τοῖς
363 4996 557 5050 ἐαυτοῦ
598 4996 873 5065 διαλόγοις
920 4998 998 5061 εἰς
1026 4996 1285 5050 πίστωσιν
1317 4994 1425 5049 τῶν
1486 4996 1581 5049 ὑπ’
1632 4998 1796 5052 αὐτοῦ
1900 5019 1937 5058 ει

1900 5002 1987 5058 sui
2040 5001 2509 5057 conﬁrmationem
2562 5001 2617 5056 id
2676 5017 2944 5074 usurpare
3003 5001 3246 5075 solebat:
3295 5000 3461 5055 Amen
3544 5062 3550 5073 ι

218 5088 531 5157 λεγομένων
577 5088 1024 5160 παραλαμϐάνειν
1075 5088 1231 5143 εἴωθε
1278 5088 1371 5141 τόο
1422 5087 1597 5158 Ἀμὴν
1644 5090 1798 5162 λέγω
1898 5097 1933 5149 d

1741 5109 1798 5145 ~w
1898 5097 2017 5151 dico
2056 5095 2216 5150 vobis.
2266 5092 2439 5165 Cujus
2490 5096 2818 5153 sententiam
2869 5094 3115 5166 apertius
3170 5091 3460 5162 explicavit

216 5180 393 5248 ὑμῐνο
437 5176 498 5235 οὖ
549 5181 649 5253 τὴν
702 5182 939 5236 διάνοιαν
998 5182 1328 5255 σαφέστερον
1379 5182 1722 5253 ἡρμήνευσεν
1769 5188 1798 5239 6

231 5270 463 5333 ’Δκύλας
486 5270 675 5336 εἰπὼν,
701 5272 1178 5343 πεπιστωμένως,
1213 5271 1688 5341 πεπιστωμένως.

303 5361 463 5415 Ἀλλὰ
496 5363 605 5434 γὰρ
625 5364 959 5437 διῃρημένης
1004 5367 1102 5437 τῆς
1140 5368 1268 5438 ὅλης
1312 5364 1493 5436 βίϐλου
1524 5365 1632 5419 τῶν
1660 5366 1795 5437 ψαλ-

222 5454 341 5528 μῶν
374 5457 454 5519 εἱς
476 5456 638 5509 πέντε
673 5457 834 5528 μέρη,
863 5459 921 5511 τὸ
950 5460 1162 5531 πρῶτον
1200 5460 1262 5530 μέ
1274 5477 1361 5530 ρος
1386 5456 1619 5511 ἐνταῦθα
1648 5477 1794 5532 περι-

222 5552 512 5625 γράφεται,
544 5548 972 5618 ὰρχὸμινον-μὲν
999 5553 1105 5605 ἀπὸ
1131 5553 1225 5606 τοῦ
1250 5559 1297 5606 α’
1318 5548 1529 5623 ψαλμοῦ
1555 5589 1569 5611 ,
1612 5551 1793 5606 τελευ-

220 5645 329 5702 τῶν
359 5642 632 5699 δδειιλτὴυ
666 5639 802 5709 μετὰ
838 5642 1046 5709 χεῖρας.
1082 5645 1221 5718 Ἦρα
1252 5647 1316 5718 δὴ
1362 5639 1452 5699 οὖν
1493 5643 1791 5715 μεταϐῆναι

222 5737 315 5791 ἐπὶ
342 5738 406 5792 τὸ
429 5734 680 5801 δεύτερον
703 5748 725 5791 '.
753 5737 889 5795 ὅπερ
916 5734 1142 5805 ἄρχεται
1175 5742 1272 5808 μεν
1304 5738 1412 5793 ἀπὸ
1429 5735 1522 5791 τοῦ
1549 5734 1637 5807 μα’
1658 5736 1795 5806 ψαλ-

226 5828 348 5900 μοῦ,
384 5822 813 5901 συμπεραιοῖηαι
837 5823 894 5879 δὲ
926 5825 1007 5890 εις
1036 5826 1127 5883 τὸν
1162 5834 1261 5883 οα’.

1899 5186 2094 5261 Aquila
2120 5187 2328 5254 dicens,
2364 5188 2612 5260 ﬁdeliter,
2644 5189 2892 5261 ﬁdeliter.

1967 5365 2235 5423 Universo
2285 5364 2505 5438 quidem
2554 5367 2887 5438 psalmorum
2922 5364 3077 5419 libro
3121 5364 3178 5420 in
3221 5366 3461 5435 quinque

1898 5467 2081 5533 partes
2110 5458 2312 5527 diviso,
2352 5462 2529 5532 prima
2583 5474 2710 5530 pars
2765 5458 2871 5515 huc
2911 5456 3137 5525 desinit,
3175 5472 3294 5529 qua
3322 5456 3461 5511 inci-

1902 5554 1983 5625 pit
2014 5568 2045 5607 a
2084 5552 2260 5623 primo
2305 5554 2534 5624 psalmo,
2580 5561 2634 5611 et
2686 5554 2743 5609 in
2804 5553 3060 5622 praesenti
3112 5550 3456 5606 terminatur.

1902 5644 2090 5702 Restat
2121 5652 2180 5702 ut
2223 5645 2518 5702 secundam
2563 5644 2963 5717 aggrediamur,
3011 5659 3134 5717 quae
3161 5658 3188 5697 a
3223 5641 3461 5712 quadra-

1903 5738 2112 5811 gesimo
2140 5739 2318 5811 primo
2347 5739 2556 5819 incipit,
2584 5746 2637 5796 et
2668 5739 2722 5794 in
2740 5739 3201 5810 septuagesimum
3225 5735 3463 5808 primum
3510 5726 3517 5727 ί

1905 5830 2125 5887 desinit.

222 6058 231 6085 ί
291 6007 338 6085 τ’
370 6006 534 6066 Joan.
570 6025 691 6077 xxv,
723 6010 815 6067 27.
890 6011 935 6044 "
972 6011 1129 6072 Joan.
1164 6036 1252 6081 vi,
1287 6018 1375 6071 si.
1454 6016 1500 6049 εδ
1536 6016 1641 6071 lsa.
1679 6028 1810 6082 LIII,
1849 6013 1899 6071 7.

766 6010 815 6067 7.
890 6011 935 6044 “
972 6011 1129 6072 Joan.
1164 6036 1252 6081 vi,
1287 6018 1375 6071 si.
1454 6016 1500 6049 εδ
1536 6016 1641 6071 lsa.
1679 6028 1810 6082 LIII,
1849 6013 1899 6071 7.
1976 6017 2023 6049 "
2059 6014 2080 6071 ι
2110 6015 2256 6074 Pctr.
2291 6031 2361 6085 ιι,
2397 6013 2485 6076 2'5.
