4354 6462
3908 160 3915 169 ,
3946 150 4047 165 -ιννν-

4070 208 4075 209 ,
4150 206 4195 223 ‘7

3914 200 3921 207 .
4008 188 4195 223 "-mrj
4218 188 4231 205 α

4022 224 4033 231 .
4080 224 4153 241 ε,
4252 232 4261 235 η,

4096 266 4105 269 -
4270 264 4277 275 ε

825 566 933 623 367
1532 566 1798 624 EUSEBII
1836 565 2315 624 CAESARIENSiS
2346 568 2497 625 OPP.
2520 567 2701 625 PARS
2732 566 2821 625 lll.
2852 599 2925 611 —
2959 566 3369 624 EXEGETICA.
3968 565 4081 621 368

940 690 987 743 ι.
1045 686 1109 742 lN
1166 686 2053 761 Fl-NEM,ADJNTELLECTUM
2093 689 2293 744 FlLllS

1048 762 1065 776 ’
1290 810 1293 813 .
1385 759 1608 816 VCORE
1661 761 1794 814 XLI.

837 932 841 935 _
904 872 1083 929 Prima
1132 890 1259 945 pars
1310 876 1437 931 libri
1486 876 1817 947 psalmorum
1849 877 2210 948 quadraginta
2243 878 2395 948 psal-

835 982 968 1031 mos,
1012 968 1103 1037 qui
1148 983 1341 1024 omnes
1390 967 1610 1022 Davidis
1639 975 1787 1032 sunt,
1820 969 2235 1039 complectitur;
2281 969 2398 1023 haec

832 1074 958 1114 vero
1016 1073 1175 1129 quam
1228 1060 1453 1125 inimus,
1514 1060 1740 1129 triginta
1790 1066 1844 1115 et
1894 1076 2101 1115 unum:
2164 1075 2399 1130 quorum

833 1161 958 1205 octo
1001 1153 1221 1220 quidem
1258 1151 1492 1206 ﬁliorum
1532 1151 1693 1216 Core,
1728 1167 1873 1207 unus
1910 1151 2119 1223 Asaph,
2155 1151 2403 1207 Salomo-

834 1246 917 1298 nis
955 1260 1121 1306 unus,
1154 1244 1348 1314 reliqui
1383 1243 1623 1300 Davidis.
1682 1243 1788 1301 Eos
1827 1222 2010 1301 autem
2029 1222 2133 1316 qui
2170 1244 2402 1300 ﬁliorum

829 1338 971 1393 Core
1010 1346 1160 1400 sunt,
1208 1345 1394 1408 utpote
1428 1338 1621 1393 ordine
1655 1338 1885 1408 primos,
1918 1338 1986 1393 ad
2016 1353 2205 1394 eorum
2240 1339 2403 1393 intel-

835 1427 1112 1500 ligentiam
1151 1429 1263 1499 jam
1296 1430 1689 1501 expendemus.
1730 1429 1842 1487 Nos
1890 1431 1982 1486 lilii
2021 1430 2163 1487 Core
2204 1431 2403 1487 inscri-

833 1521 1109 1592 ptionibus
1152 1524 1270 1577 suis
1316 1523 1601 1593 instigant,
1658 1518 1717 1577 ut
1746 1539 1815 1579 ne
1852 1524 2156 1581 oscitanter
2206 1525 2403 1580 horum

836 1615 1070 1670 lectione
1094 1626 1330 1670 utamur.
1382 1614 1633 1673 Przesens
1672 1632 1803 1672 vero
1842 1617 2085 1689 psalmus
2116 1618 2402 1690 propheti-

835 1722 960 1761 cum
998 1708 1225 1762 chorum
1258 1705 1467 1764 tristem
1518 1710 1810 1781 animoque
1842 1710 1911 1766 de
1953 1712 2138 1782 populi
2176 1728 2245 1767 ex
2291 1712 2404 1768 eir-

836 1800 1167 1855 t-umcisione
1195 1800 1349 1870 lapsu
1393 1810 1711 1857 mmrentcm
1745 1802 1975 1868 inducit,
2012 1813 2276 1876 rogatque
2310 1820 2406 1875 per

839 1890 1139 1947 Salvatoris
1181 1906 1339 1962 opem
1377 1893 1495 1948 erui
1530 1894 1708 1964 ipsum
1757 1903 1813 1949 et
1867 1895 2091 1950 liberari
2151 1910 2181 1949 a
2216 1896 2399 1949 malis.

834 1982 988 2050 Quod
1036 1986 1090 2038 in
1134 1984 1241 2040 fine
1277 1985 1549 2040 sermonis
1585 1986 1670 2040 his
1686 1986 1868 2040 verbis
1904 1989 2148 2055 assignat
2182 2004 2197 2040 :
2238 1985 2403 2054 Spera

2427 700 2477 756 Α
2573 693 2681 746 ΕΙΣ
2730 692 2818 744 ΤΟ
2869 691 3241 753 ΤΕΛΟΣ,Ε1Σ
3290 689 3584 744 ΣΥΝΕΣΙΝ
3621 688 3775 743 ΤΟΙΣ
3822 687 4007 741 ΥΙΟῙΣ

3117 762 3298 816 ΚΟΡΕ
3330 762 3430 816 ΜΛ
3449 797 3462 809 .

2576 875 2647 929 Τὸ
2678 876 2778 947 μὲν
2806 876 3025 947 πρῶτον
3075 874 3237 947 μέρος
3260 872 3362 945 τῆς
3406 873 3515 927 τῶν
3543 873 3774 946 ψαλμῶν
3810 873 3993 944 βίϐλου
4024 882 4077 945 μ’

2502 967 2768 1037 ψαλμοὺς,
2822 967 2916 1021 καὶ
2948 967 3157 1030 πάντας
3210 964 3305 1019 τοῦ
3336 966 3517 1031 Δαυῒδ,
3573 969 3814 1039 περιεῖχε
3838 984 3851 996 ·
3909 968 3971 1021 τὸ
4018 966 4078 1021 δὲ

2507 1059 2642 1129 μετὰ
2675 1062 2861 1132 χεῖρας
2888 1060 2969 1113 λα’
2991 1076 3005 1091 ·
3040 1052 3116 1113 ὧν
3143 1058 3287 1112 ὀκτὼ
3314 1060 3411 1129 μέν
3440 1061 3545 1113 εἰσι
3577 1059 3685 1112 τῶν
3730 1058 3863 1113 υίῶν
3907 1061 4075 1132 Κορὲ,

2503 1149 2584 1213 εἷς
2614 1152 2671 1206 δὲ
2693 1152 2787 1205 τοῦ
2828 1153 3021 1221 Ἀσὰφ,
3050 1153 3145 1205 καὶ
3169 1150 3479 1221 Σολομῶνος
3500 1146 3579 1216 εἷς
3597 1169 3611 1182 ο
3635 1152 3684 1205 oi
3708 1150 3765 1204 δὲ
3784 1151 3961 1205 λοιποὶ
3980 1151 4077 1205 τοῦ

2503 1247 2686 1302 Δαυῒδ.
2719 1246 2978 1318 Πρώτους
2999 1245 3055 1300 δὲ
3077 1246 3279 1300 τούτων
3299 1245 3477 1310 ὄντας,
3496 1246 3620 1310 τοὺς
3634 1244 3740 1299 τῶν
3759 1244 3891 1297 υἱῶν
3910 1246 4078 1317 Κορὲ,

2503 1341 2945 1412 διασκεψώμεθα,
2980 1340 3074 1394 ἐπὶ
3104 1341 3165 1394 τὸ
3192 1340 3426 1395 συνιέναι
3456 1339 3525 1393 τὰ
3556 1338 3841 1410 λεγόμενα.
3865 1339 4082 1410 Παρορ-

2509 1433 2681 1505 μῶσιν
2711 1434 2859 1504 ἡμᾶς
2906 1433 2957 1484 oi
2987 1432 3092 1485 υίοὶ
3122 1432 3267 1503 Κορὲ
3306 1430 3395 1485 διε.
3433 1430 3543 1485 τῶν
3578 1430 3912 1502 προγραφῶν
3944 1431 4081 1502 πρὸς

2505 1525 2564 1577 τὸ
2594 1524 2667 1596 μὴ
2697 1523 2991 1596 παρέργως
3017 1523 3323 1594 χρήσασθαι
3347 1522 3414 1591 τῇ
3432 1518 3541 1573 τῶν
3563 1518 3872 1589 λεγομένων
3900 1518 4084 1571 ὲντεύ-

2506 1614 2605 1681 ξει.
2638 1618 2859 1685 Είσάγει
2888 1615 2955 1669 δὲο
2981 1617 3010 1669 ὁ
3038 1614 3227 1686 παρὼν
3252 1612 3468 1685 ψαλμὸς
3491 1612 3583 1666 τὸν
3621 1610 3958 1685 προφητικὸν
3978 1629 4087 1681 χο-

2509 1708 2599 1780 ρὸν
2627 1707 2926 1779 περίλυπον
2952 1706 3047 1760 καὶ
3076 1704 3397 1777 σκυθρωπὸν
3427 1702 3523 1775 τὴν
3554 1702 3731 1775 ψυχὴν
3763 1702 3858 1756 ἐπὶ
3888 1704 3953 1773 τῇ
3988 1702 4083 1755 τοῦ

2505 1799 2635 1854 λαοῦ
2662 1800 2755 1856 τοῦ
2789 1802 2853 1854 ὲκ
2878 1800 3181 1871 περιτομῆς
3237 1796 3508 1852 ὲκπτώσει
3528 1814 3542 1827 ο
3575 1798 3670 1851 κα)⁵
3690 1796 3892 1863 ἐξαιτεῖ
3917 1812 3975 1848 τε
4000 1794 4087 1847 λύ-

2506 1907 2708 1959 τρωσιν
2742 1890 2836 1944 καὶ¹
2864 1890 3048 1944 κακῶν
3080 1889 3388 1960 ἐλευθερίαν
3413 1888 3500 1941 διὰ
3517 1888 3615 1959 τῆς
3656 1887 3923 1958 σωτηρίου
3955 1886 4086 1957 βοη-

2511 1984 2682 2049 θείας.
2716 1986 2780 2038 Ὃ
2819 1984 2883 2055 δὴ
2908 1984 3001 2037 καὶ
3026 1984 3117 2036 ἐπὶ
3142 1982 3283 2036 τέλει
3317 1981 3411 2035 τοῦ
3444 1982 3603 2052 λόγου
3634 1983 4089 2053 ὲπισφραγίζεται

835 2079 888 2128 in
926 2075 1053 2141 Deo,
1086 2078 1337 2145 quoniam
1367 2077 1538 2131 adhuc
1567 2077 1852 2146 conﬁtebor
1878 2078 1980 2142 illi,
2014 2078 2253 2133 salutare
2290 2078 2406 2133 rul-
2444 2058 2483 2111 Β
2511 2079 2554 2131 εί

2369 2078 2406 2131 ῐ-
2444 2058 2483 2111 Β
2511 2075 2708 2131 εἰπών·
2738 2077 3029 2130 ’Έλπισον
3053 2073 3151 2127 ἐπὶ
3175 2074 3282 2127 τὸν
3310 2072 3477 2137 Θεὸν,
3503 2071 3609 2126 ’ὅτι
3646 2058 4088 2143 ἑξομολογήσο-

836 2177 919 2219 tus
950 2170 1049 2221 mei
1078 2176 1128 2222 et
1156 2167 1294 2221 Deus
1322 2184 1489 2222 meus.

909 2340 1096 2410 Neque
1154 2341 1446 2410 psalmum,
1480 2354 1658 2409 neque
1694 2339 1991 2403 canticum,
2026 2353 2203 2409 neque
2243 2337 2407 2408 quid-

835 2434 980 2503 piam
1027 2434 1206 2488 simile
1240 2432 1527 2503 inscriptio
1555 2432 1795 2503 praafert,
1847 2431 2011 2501 idque
2039 2431 2165 2500 jure
2199 2445 2263 2484 ac
2291 2445 2405 2484 me—

836 2525 942 2578 rito
984 2542 997 2577 :
1025 2524 1153 2595 qpia
1182 2538 1245 2579 ea
1276 2539 1399 2594 qua:
1436 2523 1848 2592 subiunguntur
1875 2522 2213 2577 tristioribus
2242 2520 2408 2577 dictis

835 2617 993 2684 plena
1022 2623 1171 2682 sunt,
1218 2616 1341 2670 ideo
1374 2617 1430 2669 in
1454 2616 1612 2684 ﬁnem
1652 2614 1976 2684 simpliciter
2001 2612 2283 2683 inscriptio
2299 2624 2405 2669 est.

834 2708 971 2764 Nam
1016 2724 1142 2764 cum
1192 2724 1284 2763 res
1315 2708 1556 2763 nondum
1585 2708 1933 2775 exsisterent,
1966 2708 2061 2765 sed
2091 2708 2288 2764 futura:
2318 2725 2404 2766 es-

837 2810 979 2865 sent,
1022 2801 1403 2871 praedictiones
1437 2808 1647 2855 tantum
1682 2801 2084 2873 complectitur.
2125 2800 2408 2873 Siquidem

837 2896 927 2951 lilii
993 2896 1131 2952 Core
1178 2904 1421 2968 tempore
1482 2894 1688 2968 Moysis
1754 2897 1809 2950 in
1876 2894 2092 2953 deserto
2167 2896 2405 2952 luerunt.

836 2988 1040 3046 Deinde
1093 3004 1224 3045 vero
1273 3006 1397 3045 cum
1443 2996 1600 3061 pater
1646 3006 1833 3045 eorum
1880 2989 2022 3047 Core
2064 2991 2120 3046 in
2167 2990 2408 3065 Moysem

837 3084 1159 3142 seditionem
1188 3087 1542 3151 concitasset,
1574 3096 1739 3157 atque
1768 3086 1822 3142 in
1845 3088 2053 3142 familia
2085 3103 2185 3144 sua
2211 3088 2412 3158 periis-

835 3186 940 3244 set,
985 3179 1218 3249 contigit
1264 3182 1323 3233 ut
1357 3177 1451 3233 lilii
1503 3179 1626 3249 ejus
1665 3194 1772 3233 non
1816 3164 1925 3235 una
1956 3194 2081 3235 eum
2127 3188 2284 3250 patre
2324 3181 2407 3236 in-

836 3272 1097 3328 terirent:
1140 3279 1194 3327 et
1223 3272 1350 3341 quia
1380 3278 1622 3342 paternae
1650 3272 1947 3344 impietatis
1978 3274 2276 3345 participes
2298 3289 2411 3330 non

2504 2165 2825 2238 μαιαὺτῷ·
2851 2164 3148 2235 σωτήριον
3186 2164 3293 2219 τοῦ
3338 2164 3663 2233 προσώπου
3701 2180 3823 2234 μου
3907 2166 4005 2220 καί
4056 2170 4085 2221 ὁ

2509 2260 2651 2325 Θεὸς
2672 2277 2811 2328 μου.

2581 2351 2719 2406 Οὔτε
2747 2350 2984 2422 ψαλμὸν,
3018 2347 3140 2403 οὔτε
3163 2346 3303 2419 ᾠδὴν
3330 2388 3346 2413 ,
3376 2347 3500 2401 οὔτε
3526 2365 3578 2402 τι
3606 2347 3714 2402 τῶν
3747 2347 4004 2403 τοιούτων
4049 2348 4084 2418 ἡ

2511 2444 2839 2518 προσγραφὴ
2870 2443 3113 2516 περιέχει
3140 2458 3154 2473 ’
3190 2441 3286 2495 καὶ
3316 2442 3561 2507 εἰκότως.
3606 2441 3935 2513 Ἐπειδήπερ
3959 2458 4090 2495 σκυ-

2510 2539 2873 2613 θρωποτέρων
2918 2537 3092 2607 λόγων
3138 2536 3496 2611 πεπλήρωται
3541 2532 3613 2588 τὰ.
3665 2532 3793 2605 ἑξῆς
3842 2532 4088 2602 ἐπιλεγό-

2514 2652 2671 2706 μενα,
2707 2634 2795 2688 διὰ
2834 2630 3005 2686 ταῦτα
3046 2630 3231 2695 ἁπλῶς
3254 2632 3342 2697 εἰς
3374 2628 3439 2683 τὸ
3466 2628 3642 2694 τέλος
3663 2627 4087 2699 ἐπιγέγραπται.

2511 2726 2604 2797 Μὴ
2632 2724 2741 2795 γὰρ
2768 2721 3096 2793 ὑφεστώτων
3129 2721 3495 2793 πραγμάτων,
3529 2718 3826 2791 μελλόντων
3856 2717 3915 2771 δέ
3959 2734 4091 2770 ποτε

2511 2817 2749 2881 ἔσεσθαι,
2787 2816 3119 2889 προρρήσεις
3153 2814 3416 2886 περιέχει.
3437 2804 3448 2813 ’
3469 2812 3733 2881 Γεγόνασι
3776 2811 3875 2883 μὲν
3904 2809 4013 2882 γὰρ
4041 2812 4091 2866 οἱ

2511 2910 2617 2962 υἱοὶ⁵
2658 2908 2802 2979 Κορὲ
2842 2908 2935 2962 ἐπὶ
2977 2907 3077 2978 τῆς
3111 2908 3317 2978 ἐρήμου
3345 2904 3486 2979 κατὰ
3516 2906 3642 2969 τοὺς
3662 2902 3887 2976 χρόνους
3926 2904 4093 2958 Μωῦ-

2515 3000 2671 3065 σέως.
2698 2978 2829 3055 Εἶτα
2853 2999 2949 3055 τοῦ
2983 2994 3187 3071 πατρὸς
3214 2998 3391 3053 αὐτῶν
3410 2978 3510 3052 ἒτοῦ
3537 2997 3684 3068 Κορὲ
3723 2994 4093 3051 καταστασιά-

2514 3095 3023 3159 σαντοςΜωῦσέως,
3052 3095 3146 3148 καὶ
3160 3092 3497 3162 ἀπολομένου
3529 3094 3595 3162 τῇ
3620 3089 3787 3144 αὑτοῦ
3829 3090 4092 3163 φρατρίᾳ,

2511 3172 2639 3250 τοὺς
2663 3186 2852 3240 τούτου
2877 3186 3071 3249 παῖδας
3098 3183 3294 3255 συνέϐη
3320 3182 3395 3255 μὴ
3424 3182 3782 3237 συναπολέσαι
3802 3183 3881 3254 τῷ
3902 3181 4090 3253 πατρί’

2513 3278 2601 3332 διὰ
2632 3278 2692 3331 τὸ
2720 3278 2793 3349 μὴ
2828 3276 3209 3331 κεκοινωκέναι
3240 3276 3437 3339 αὐτοὺς
3459 3278 3525 3346 τῇ
3548 3274 3642 3328 τοῦ
3674 3273 3878 3346 πατρὸς
3899 3274 4095 3327 δυσσε-

838 3365 1075 3429 fuerant,
1108 3365 1204 3421 sed
1240 3368 1613 3435 paenitentiam
1648 3374 1702 3421 et
1730 3367 2025 3422 maximam
2077 3382 2207 3440 erga
2243 3366 2409 3424 Deum
2440 3403 2483 3462 ο
2516 3371 2557 3423 ϐε

2376 3383 2409 3422 n
2440 3403 2483 3462 C
2516 3371 2658 3462 ϐείᾳ,
2688 3370 2977 3462 μετάνοιαν
3014 3368 3071 3422 δὲ
3100 3367 3505 3462 ἐνδειξαμένους
3544 3368 3639 3462 καὶ
3676 3366 3934 3462 πλείστην
3965 3364 4095 3462 περὶ

836 3458 1089 3530 pietatem
1130 3458 1479 3525 exhibebant,
1513 3468 1665 3515 tanta
1714 3458 1855 3532 apud
1920 3458 2089 3517 Deum
2149 3460 2412 3532 approba-

836 3549 984 3607 tione
1016 3550 1164 3623 digni
1216 3550 1458 3619 fuerunt,
1494 3559 1554 3607 ut
1584 3552 1747 3608 etiam
1776 3552 2077 3624 prophetiae
2114 3554 2290 3625 gratia
2318 3571 2412 3610 or-

838 3656 1124 3699 narentur.
1191 3643 1272 3700 Ex
1318 3661 1707 3718 eorumvporro
1760 3648 2115 3703 successione
2162 3654 2411 3719 tempore

834 3737 1055 3795 Davidis
1092 3738 1233 3795 alius
1291 3738 1431 3796 Core
1486 3748 1712 3796 exortus
1762 3748 1894 3808 est,
1967 3740 2139 3813 priori
2207 3756 2411 3813 cogno-

835 3832 1035 3899 minis;
1100 3840 1155 3888 et
1213 3831 1343 3888 huic
1402 3832 1496 3888 ﬁlii
1552 3834 1665 3888 nati
1727 3833 1843 3889 alii.
1920 3828 2061 3892 Sive
2112 3818 2285 3908 igitur
2357 3836 2413 3892 bi

838 3922 1144 3992 postremi,
1195 3923 1312 3979 sive
1359 3924 1571 3995 priores
1600 3925 1733 3991 alii,
1792 3926 2166 3996 captivitatem
2225 3929 2413 4000 populi

835 4029 958 4085 quae
1009 4014 1172 4086 longo
1216 4027 1404 4087 postea
1443 4025 1687 4088 tempore
1720 4019 1952 4082 accidit,
2001 4036 2067 4076 ac
2097 4018 2412 4077 Judzeorum

834 4107 1019 4179 populi
1091 4108 1147 4163 in
1216 4123 1406 4165 omnes
1459 4121 1647 4182 gentes
1709 4111 2142 4183 dispersionem,
2202 4113 2307 4169 hoc
2356 4115 2413 4170 in

839 4202 1049 4272 psalmo
1085 4202 1475 4258 vaticinantur.
1516 4203 1573 4258 In
1614 4205 1967 4275 sequentibus
2012 4205 2181 4277 igitur
2215 4207 2409 4263 aiunt:

839 4293 908 4349 Et
933 4292 1023 4366 qui
1043 4295 1266 4351 oderunt
1293 4313 1388 4351 nos
1435 4295 1765 4367 diripuerunt
1792 4316 1901 4354 eos.
1928 4298 2136 4354 Dedisti
2169 4317 2264 4355 nos
2293 4312 2414 4355 tan-

834 4404 993 4457 quam
1025 4405 1139 4443 ores
1170 4404 1411 4442 escarum
1437 4432 1451 4455 ,
1506 4400 1554 4443 et
1596 4391 1647 4444 in
1682 4390 1918 4462 gentibus
1953 4391 2248 4461 dispersisti
2296 4378 2412 4446 nos.

847 4480 1135 4536 Vendidisti
1154 4483 1404 4553 populum
1440 4494 1589 4536 tuum
1626 4483 1739 4538 sine
1774 4484 1966 4554 pretio,
1996 4493 2046 4539 et
2074 4485 2299 4553 posuisti
2320 4500 2414 4538 nos

834 4574 1171 4644 opprobrium
1233 4576 1417 4631 vicinis
1474 4577 1672 4632 nostris
1723 4576 1788 4631 ".
1846 4576 1965 4633 Non
2008 4576 2154 4632 enim
2207 4576 2322 4632 hazc
2356 4584 2416 4632 ut

837 4680 1079 4739 tempore
1113 4667 1335 4725 Davidis
1358 4679 1507 4741 gesta
1534 4671 1763 4727 historia
1794 4680 1983 4727 narrat
2011 4690 2024 4726 :
2061 4671 2183 4727 ideo
2206 4672 2406 4726 inscri-

2514 3461 2605 3515 τὸν
2633 3461 2764 3514 Θεὸν
2810 3459 3117 3525 εὐλάϐειαν,
3165 3458 3437 3530 τοσαύτης
3483 3452 3754 3529 ἀποδοχῆς
3798 3454 4095 3527 ἠξιωκέναι

2515 3554 2664 3624 παρὰ
2703 3552 2778 3624 τῷ
2806 3551 2946 3624 θεῷ,
2974 3551 3049 3615 ὡς
3086 3550 3179 3605 καὶ
3222 3548 3565 3623 προφητικοῦ
3610 3550 3948 3622 χαρίσματος
3992 3564 4093 3620 με-

2512 3643 2753 3719 τασχεῖν.
2802 3647 2895 3700 Ἐκ
2924 3645 2983 3699 δὲ
3018 3645 3117 3717 τῆς
3138 3644 3343 3698 τούτων
3366 3643 3619 3715 διαδοχῆς
3640 3642 3784 3697 κατὰ
3814 3642 3941 3705 τοὺς
3966 3640 4097 3713 χρό-

2515 3758 2638 3806 νους
2668 3739 2827 3795 Δαυῒδ
2876 3740 3083 3809 γίνεται
3114 3738 3300 3810 ἕτερος
3331 3738 3501 3812 Κορὲ,
3530 3733 3821 3809 ὁμώνυμος
3848 3734 3926 3807 τῷ
3960 3752 4094 3807 προ-

2512 3833 2677 3907 τέρῳ,
2705 3834 2801 3888 καὶ
2828 3832 3020 3887 τούτου
3045 3832 3223 3901 ’ἑτεροι
3245 3832 3453 3894 παῖδες.
3478 3830 3594 3883 Εἶτ’
3624 3824 3717 3884 οὖν
3755 3824 3899 3883 οὗτοι
3920 3867 3936 3893 ,
3983 3828 4096 3882 εἴτε

2512 3930 2563 3984 οἱ
2587 3929 2863 4002 πρότεροι,
2895 3928 2992 3997 τὴν
3020 3925 3236 3997 μακρὰν
3268 3924 3507 3995 ὓστερον
3544 3923 3852 3995 γενομένην
3890 3922 4095 3993 αἰχμα-

2514 4023 2715 4077 λωσίαν
2745 4020 2839 4075 τοῦ
2866 4018 2997 4072 λαοῦ
3023 4018 3117 4071 καὶ
3149 4016 3246 4089 τὴν
3269 4018 3349 4081 εἰς
3377 4016 3552 4071 πάντα
3584 4014 3651 4069 τὰ
3685 4008 3812 4085 ἔθνη
3838 4010 3931 4066 τοῦ
3969 4012 4098 4064 Ἰου-

2512 4115 2678 4173 δαίων
2708 4113 2909 4178 ,ἕθνους
2962 4111 3261 4184 διασπορὰν
3315 4107 3631 4173 θεσπίζουσι
3682 4104 3771 4159 διὰ
3811 4104 3903 4158 τὸν
3960 4102 4099 4174 μετὰ

2515 4210 2724 4279 χεῖρας.
2774 4204 3065 4275 Προῖόντες
3114 4203 3245 4273 γοῦν
3291 4218 3460 4275 φασι·
3513 4197 3624 4254 Καὶ
3674 4199 3729 4253 οι
3772 4196 4100 4267 μισοῦντες

2516 4296 2675 4366 ἡμεῖς
2698 4292 3027 4363 διήρπαζον
3049 4294 3291 4360 αὐτούς.
3352 4290 3615 4355 Ἐὃωκας
3639 4286 3797 4358 ἡμᾶς
3833 4286 3913 4353 ὡς
3959 4286 4099 4353 πρά,

2517 4391 2663 4443 ϐατα
2681 4388 2985 4457 βρώσεως,
2998 4387 3096 4441 καί
3116 4388 3185 4441 ὲν
3200 4386 3321 4452 τοῖς
3342 4386 3542 4440 ἔθνεσι
3562 4382 3905 4449 διέσπειρας
3922 4376 4095 4449 ἡμᾶς.

2533 4482 2771 4538 Ἀπέδου
2792 4482 2899 4535 τὸν
2918 4483 3071 4537 λαόν
3091 4498 3207 4537 σου
3230 4482 3377 4535 ἄνευ
3419 4478 3597 4550 τιμῆς
3612 4492 3626 4506 ⁶
3654 4476 3751 4529 καὶ
3778 4476 3918 4529 ἔθου
3942 4470 4101 4540 ἡμᾶς

2518 4578 2749 4644 ὄνειδος
2780 4575 2905 4644 τοῖς
2936 4578 3201 4645 γείτοσιν
3223 4575 3412 4645 ἡμῶν.
3445 4574 3521 4627 Οὐ
3550 4572 3659 4644 γὰρ
3693 4568 3784 4623 ἐπὶ
3821 4564 3915 4620 τοῦ
3941 4562 4117 4621 Δαυῒδ¹

2518 4669 2692 4724 ταῦτα
2727 4671 2760 4741 ἡ
2794 4670 3005 4742 ἱστορία
3029 4668 3357 4741 γεγενῆσθαι
3379 4667 3651 4742 περιέχει·
3670 4664 3759 4720 διὰ
3788 4662 3951 4717 τοῦτο
3974 4676 4103 4731 προ-

836 4763 948 4833 ptio
994 4762 1047 4815 in
1083 4763 1240 4831 ﬁnem
1271 4763 1453 4819 habet.
1486 4765 1665 4835 Atque
1695 4765 1824 4837 quia
1857 4782 1921 4822 ex
1981 4765 2168 4821 divina
2211 4763 2414 4821 intelii—
2446 4760 2492 4820 D
2520 4780 2554 4833 γ

2379 4795 2414 4820 ι-
2446 4760 2492 4820 D
2520 4764 2829 4834 γέγραπται
2850 4763 2936 4827 είς
2969 4762 3036 4819 τὸ
3065 4762 3259 4828 τέλος.
3286 4760 3395 4814 Καὶ
3409 4758 3503 4812 ἐπὶ
3529 4756 3716 4827 θεῖκῆς
3735 4754 3800 4826 δὴ
3833 4750 4098 4813 συνέσεως

834 4853 1015 4925 gentia
1052 4854 1164 4908 hzec
1196 4855 1249 4910 in
1274 4854 1459 4910 futuro
1482 4846 1725 4929 tempore
1745 4867 1897 4931 gesta
1919 4868 2112 4931 putare
2139 4859 2416 4928 convenit,

834 4946 1149 5003 necessario
1164 4944 1370 5003 dictum
1390 4955 1495 5011 est,
1517 4949 1940 5008 adintellectum.
1964 4952 2073 5008 Pro
2091 4954 2185 5009 illo
2207 4961 2412 5016 autem,

833 5038 963 5107 ﬁliis
996 5037 1153 5103 Core,
1178 5039 1374 5111 Aquila
1416 5043 1618 5111 pariter
1645 5050 1699 5096 et
1733 5042 2096 5116 Symmachus
2123 5089 2138 5113 ,
2179 5046 2415 5116 ﬁliorum

835 5133 969 5188 Core
1001 5134 1365 5206 interpretati
1392 5144 1561 5202 sunt,
1606 5138 1867 5194 docentes
1912 5154 2102 5196 eorum
2135 5156 2259 5197 esse
2288 5155 2416 5212 pro-

834 5226 1079 5300 phetias,
1118 5230 1213 5301 qui
1252 5246 1314 5286 se
1345 5228 1512 5285 Deum
1569 5230 1749 5303 ipsum
1784 5232 1958 5300 sitire,
1989 5242 2152 5305 atque
2180 5250 2368 5290 amore
2392 5272 2408 5297 ,

832 5321 1104 5378 desiderio
1132 5331 1187 5379 et
1239 5324 1685 5395 concupiscentia
1722 5304 1881 5381 .iliius
1941 5304 2184 5384 fontibus
2241 5327 2414 5383 teneri

763 5410 773 5419 ’⁷
832 5415 1179 5477 fatebantur,
1210 5418 1277 5474 de
1307 5432 1417 5489 quo
1447 5416 1655 5473 dictum
1688 5426 1773 5475 est
1794 5419 1838 5451 ³⁷
1865 5438 1878 5474 :
1910 5418 2178 5486 Quoniam
2201 5418 2343 5490 apud
2366 5428 2416 5474 te

830 5517 908 5562 est
937 5509 1056 5579 fons
1080 5509 1221 5575 vitm,
1251 5511 1307 5564 in
1354 5509 1550 5564 lumine
1580 5518 1669 5563 tuo
1708 5509 1997 5565 videbimus
2029 5509 2224 5569 lumen.
2262 5510 2413 5577 Qua-

832 5608 1053 5669 propter
1080 5597 1333 5654 dicebant
1365 5618 1379 5653 :

905 5688 1072 5747 Vens.-
1104 5690 1158 5755 2,
1193 5692 1244 5746 5.
1290 5690 1744 5757 Quemadmodum
1792 5694 2059 5749 desiderat
2113 5712 2291 5752 cervus
2342 5695 2412 5751 ad

834 5780 1002 5845 fontes
1050 5798 1345 5851 aquarum,
1400 5785 1478 5837 ita
1508 5781 1777 5839 desiderat
1827 5784 2011 5837 anima
2060 5800 2176 5839 mea
2210 5786 2279 5840 ad
2321 5796 2407 5853 te,

832 5873 995 5928 Deus.
1032 5874 1332 5931 Cornutum
1368 5878 1568 5931 animal
1615 5884 1700 5933 est
1730 5890 1958 5942 cervus,
1990 5876 2086 5933 sed
2114 5878 2279 5935 etiam
2310 5896 2410 5954 pu~

906 6055 949 6085 "
988 6052 1131 6110 l’sal.
1166 6071 1338 6119 λιιη,
1380 6059 1566 6113 ll-H.
1647 6059 1689 6091 ²⁷
1728 6056 1873 6115 l’sal.
1911 6074 2085 6127 xxxv,
2124 6060 2211 6117 10.

2520 4858 2598 4930 τῷ
2657 4858 2903 4929 μέλλοντι
2957 4856 3132 4912 ταῦτα
3184 4857 3323 4912 νοεῖν
3356 4854 3670 4923 ἀναγκαίως
3699 4849 3947 4921 εἴρηται,
4011 4848 4098 4911 εὶς

2519 4951 2797 5006 σύνεσιν.
2841 4952 2984 5005 Ἀντί
3011 4950 3068 5004 δὲ
3097 4949 3212 5013 τοῦ,
3242 4948 3365 5015 τοῖς
3396 4945 3550 5012 υἱοῖς
3579 4942 3762 5013 Κορὲ,
3794 4936 4099 5009 συμφώνως

2518 5041 2548 5093 ὁ
2596 5041 2825 5106 Ἀκύλας
2853 5042 2950 5110 καὶ
2976 5043 3005 5095 ὁ
3028 5040 3344 5113 Σύμμαχος,
3379 5036 3497 5092 τῶν
3518 5034 3667 5089 υἱῶν
3705 5029 3853 5099 Κορὲ
3874 5068 3890 5093 ,
3916 5028 4100 5101 ἡρμή-

2520 5153 2737 5202 νευσαν,
2769 5135 3111 5199 διδάσκοντες
3143 5134 3322 5189 αὐτῶν
3354 5128 3493 5186 εἶναι
3526 5128 3624 5192 τὰς
3653 5123 4022 5199 προφητείας’
4046 5124 4099 5179 οἳ

2516 5228 2674 5303 διψῇν
2689 5230 2999 5302 ὡμολόγουν
3025 5229 3185 5284 αὑτὸν
3216 5228 3307 5280 τὸν
3332 5225 3486 5289 Θεὸν,
3511 5221 3672 5276 πόθον
3687 5237 3746 5274 τε
3769 5218 3863 5273 καὶ
3886 5218 4095 5292 ἵμερον,

2522 5325 2616 5377 καὶ
2647 5324 2941 5396 ἐπιθυμίαν
2975 5322 3119 5395 ἔχειν
3148 5322 3246 5391 τῆς
3278 5320 3405 5388 παρ’
3438 5315 3587 5387 αὐτῷ
3624 5314 3827 5387 πηγῆς,
3870 5314 4000 5383 περὶ
4029 5308 4098 5385 ἦς

2520 5414 2754 5487 εἴρηται·
2790 5418 2910 5469 Ὅτι
2952 5413 3110 5482 παρὰ
3160 5409 3261 5465 σοὶ
3310 5410 3472 5478 πηγὴ
3505 5406 3675 5478 ζωῆς,
3713 5407 3783 5462 ἐν
3816 5405 3898 5475 τῷ
3950 5407 4098 5475 φωτί

2521 5522 2636 5562 σου
2663 5510 2930 5579 ὀψόμεθα
2964 5505 3108 5575 φῶς.
3139 5503 3229 5557 Διὸ
3252 5501 3463 5572 ἔλεγον·

2595 5692 2704 5747 Ὃν
2748 5693 2995 5761 τρόπον,
3031 5686 3304 5755 ἐπιποθεῖ
3343 5684 3571 5754 ἔλαφος
3608 5681 3707 5736 ἐπὶ
3745 5679 3853 5746 τὰς
3900 5674 4095 5747 πηγὰς

2519 5785 2637 5841 τῶν
2682 5784 2938 5846 ὑδάτων,
2976 5782 3163 5848 οὕτως
3207 5779 3480 5835 ἐπιποθεῖ
3509 5780 3547 5847 ἠ
3580 5774 3750 5848 ψυχή
3783 5790 3901 5844 μου
3948 5770 4096 5841 πρὸς

2520 5879 2616 5947 σὲ,
2692 5882 2726 5933 ὁ
2794 5878 2958 5941 Θεός.
3029 5873 3382 5944 Κερασφόρον
3443 5868 3580 5935 ζῶον
3621 5870 3655 5938 ἡ
3688 5863 3916 5934 ἔλαφος·
3963 5861 4097 5917 ἀλλὰ
