4354 6396
280 483 401 539 369-

1352 443 1356 446 ’
1408 483 1914 543 υοωιεΝτΑιιιΑ
1952 482 2019 540 IN
2059 482 2398 541 PSALMOS.

3414 489 3518 544 370

280 604 373 657 καὶ
440 604 678 677 καθαρὸν
752 606 891 661 κατά
953 606 1043 661 τὸν
1114 607 1295 679 νόμον,
1362 610 1460 680 ἢδη
1486 609 1543 662 δὲ
1575 609 1667 662 καὶ
1728 608 1846 675 oet-
1877 614 1919 669 Α
1950 622 1988 661 r1

1950 622 2070 662 rum
2125 607 2425 663 secundum
2488 605 2699 676 legem,
2749 605 3091 676 serpentibus
3144 603 3509 663 mortiferum.

277 695 515 760 οκτόνον,
579 696 674 751 καὶ
721 699 937 753 πάντων
995 701 1239 771 ἑρπετῶν
1282 700 1644 772 ἀναιρετικὸν,
1714 700 1849 753 ἀλλὰ

276 786 370 841 καὶ
437 786 545 842 τῶν
619 788 717 854 τὰς
766 793 1004 863 ἐρήμους
1080 792 1537 864 μεταδιωκόντων.
1599 791 1849 856 Τοιοῦτος

275 878 334 930 δὲ
390 873 460 949 ἦν
508 880 537 932 ὁ
581 882 916 952 προφητικδς
964 882 1160 954 χορὸς,
1224 882 1523 955 φιλέρημος
1575 883 1667 939 καὶ
1714 884 1846 935 ἀνα-

277 970 628 1043 κεχωρηκώς.
648 972 734 1025 Ἑν
751 973 1004 1044 ἐρημίαις
1026 974 1154 1042 γοῦν
1214 976 1306 1028 καὶ
1350 974 1521 1047 ὄρεσι,
1568 976 1661 1029 καὶ
1707 992 1845 1045 σπη-

279 1060 451 1127 λαίοις
483 1066 813 1136 πεποιῆσθαι
841 1066 1086 1134 λέγονται
1112 1066 1210 1130 τὰς
1229 1067 1508 1139 διατριϐάς
1526 1086 1539 1098 ·
1573 1067 1709 1122 ἀλλά
1754 1072 1847 1123 καὶ

281 1156 462 1227 πάσης
484 1158 777 1233 ἐτύγχανον
790 1160 1177 1232 ἀντικειμένης
1202 1160 1500 1231 δυνάμεως,
1523 1162 1615 1215 καὶ
1647 1161 1846 1223 παντὸς

275 1248 370 1302 τοῦ
399 1250 539 1304 κατά
558 1251 794 1305 διάνοιαν
820 1253 1049 1322 ἑρπετοῦ
1078 1254 1429 1329 ἁναιρετικοὶ,
1468 1256 1543 1319 ὡς
1592 1256 1670 1319 ἂν,
1700 1256 1848 1326 ἕχον-

274 1358 367 1403 τες
391 1342 485 1395 καὶ
510 1342 662 1395 αὐτοὶ
682 1346 870 1398 πατεῖν
896 1346 1080 1400 ἐπάνω
1110 1346 1285 1415 δφεων
1307 1347 1400 1400 καὶ
1434 1347 1729 1418 σκορπίων,
1756 1348 1846 1401 καὶ

274 1432 371 1483 ἐπὶ
394 1433 570 1485 πᾶσαν
597 1433 695 1503 τὴν
737 1433 962 1505 δύναμιν
998 1434 1092 1488 τοῦ
1140 1436 1359 1507 ἐχθροῦ.
1414 1438 1756 1509 Κερασφόροι
1792 1439 1847 1491 δὲ

274 1521 543 1591 ὑπῆρχον,
565 1521 640 1584 ὡς
670 1521 846 1591 λέγειν
870 1522 1125 1577 δύνασθαι
1148 1540 1155 1547 ·
1193 1527 1291 1578 Ἐν
1309 1526 1405 1579 σοὶ
1438 1526 1578 1591 τοὺς
1597 1527 1848 1595 ἑχθρςὺς

274 1613 449 1682 ἡμῶν
496 1615 898 1685 κερατιοῦμεν.
940 1616 1098 1670 Ἀλλά
1130 1616 1223 1689 και
1267 1616 1497 1686 καθαροὶ
1530 1618 1629 1687 τὴν
1670 1618 1847 1689 ψυχὴν

273 1705 598 1775 ἐτύγχανον,
632 1707 682 1761 εί
726 1705 818 1760 καί
864 1724 1005 1771 τινες
1034 1707 1214 1761 ἄλλοι·
1248 1708 1328 1761 διὸ
1366 1709 1549 1779 ἐλάφῳ
1579 1710 1849 1779 παρεϐάλ-

272 1798 444 1850 λοντο.
464 1796 615 1851 Ἐπεὶ
648 1798 741 1852 ut
769 1797 929 1862 αὐτὸς
950 1800 978 1851 ὁ
1000 1798 1229 1870 νυμφίος
1255 1799 1559 1870 ὲνᾌσματι
1590 1800 1848 1869 ᾀσμάτων
1885 1864 1891 1871 η

273 1888 454 1960 νεϐρῷ
485 1887 614 1957 ad;
638 1912 668 1961 ,ι
687 1891 1031 1961 ἀφωμοίωτο,
1064 1892 1158 1945 καὶ
1174 1895 1229 1945 ἐν
1260 1890 1339 1957 τῷ
1376 1892 1493 1944 Ἰὼϐ
1525 1892 1581 1944 δὲ
1609 1892 1842 1963 εἴρηται·

286 1982 630 2049 Ἐφύλιιξας
654 1982 724 2037 δὲ
750 1982 951 2053 μῆνας
975 1985 1216 2053 ἐλάφων
1252 1983 1467 2051 ὠδῖνάς
1495 2003 1557 2039 τε
1581 2004 1592 2015 ·
1624 1985 1846 2050 αὐτοὺς
1877 1972 1919 2025 Β

271 2073 721 2141 ἐξαποστελεῖς.
755 2075 1020 2141 Τοιαύτας
1055 2078 1109 2131 δὲ
1140 2076 1362 2145 λογικὰς
1409 2078 1638 2146 ἐλάφους
1675 2079 1703 2129 ὁ
1733 2078 1845 2130 Κύ-

274 2183 390 2237 ριος
411 2166 827 2239 καταρτίζεσθαι
874 2169 1088 2237 λέγεται
1118 2171 1173 2222 ἐν
1203 2171 1288 2237 κη’
1313 2169 1532 2239 ψαλμῷ,
1560 2170 1839 2238 φάσκοντιο

271 2257 447 2325 Φωνὴ
470 2260 691 2326 Κιιρίου
714 2260 1169 2330 καταρτιζομέιση
1200 2260 1487 2329 ἐλάφους.

344 2342 514 2405 Αὗται
545 2353 720 2406 τοίνυν
768 2355 824 2407 αἱ
865 2353 1071 2422 ἔλαφοι,
1116 2354 1213 2425 τῆς
1243 2354 1426 2424 πηγῆς
1467 2353 1844 2425 διαλειπούσης

271 2443 442 2508 αὑτὰς
460 2443 549 2497 διὰ
578 2444 677 2508 τὰς
705 2445 931 2515 ἀνομίας
964 2445 1058 2498 τοῦ
1083 2444 1211 2498 λαοῦ
1233 2486 1247 2511 ,
1286 2447 1378 2499 καὶ
1402 2447 1843 2518 ἀποστραφέντος

270 2536 362 2590 τοῦ
398 2536 556 2603 Θεοῦ,
577 2536 700 2591 καθ’
724 2537 923 2601 ἑαυτὰς
956 2538 1329 2604 ἀπεκλαίοντο,
1362 2540 1456 2593 καὶ
1498 2543 1609 2604 τοῖς
1639 2542 1843 2595 ἑαυτῶν

269 2627 529 2700 δάκρυσιν
552 2628 788 2700 ἐχρῶντο
821 2631 1015 2701 τροφῇ,
1038 2630 1230 2693 νυκτὸς
1251 2630 1343 2685 καὶ
1386 2632 1599 2703 ἡμέρας
1618 2634 1716 2705 τὴν
1741 2635 1845 2687 ὰπ-

268 2719 469 2773 ώλειαν
495 2720 590 2774 τοῦ
632 2719 761 2774 λαοῦ
791 2719 1192 2791 ἀποθρηνοῦσαι
1212 2738 1224 2751 ·
1257 2721 1566 2792 ὡμολόγουν
1606 2741 1665 2776 τε
1685 2724 1842 2795 διψῇν

268 2811 329 2863 ού
359 2812 471 2874 τοῖς
500 2809 714 2881 σώμασι
738 2810 832 2864 καὶ
849 2813 965 2874 ταῖς
994 2811 1151 2882 σαρξὶ
1183 2810 1282 2874 τὰς
1316 2812 1491 2883 τούτῳ
1522 2813 1680 2882 φίλας
1717 2814 1841 2884 ἡδο-

268 2900 386 2964 νάς,
411 2900 527 2954 ἀλλ’
561 2900 699 2971 αὑτὴ
719 2900 913 2973 ἡψυχὴ
940 2902 1123 2956 ποθεῖν
1147 2902 1241 2955 καὶ
1262 2903 1569 2974 ίμείρεσοαι
1593 2906 1733 2958 κατά
1754 2906 1842 2959 τὸν

270 2994 565 3065 Σύμμαχον
589 2993 699 3062 τῆς
733 2993 882 3061 πρὸς
916 2994 1021 3048 τὸν
1046 2993 1195 3048 Θεὸν
1222 2995 1482 3063 πορείας.
1513 2996 1604 3050 Διὸ
1624 2997 1805 3067 ἔλεγον
1825 3015 1838 3028 -

272 3086 472 3151 οὓτως
498 3083 826 3153 ἐπιποθεῖὴ
853 3084 1022 3153 ψυχή
1038 3102 1158 3155 μου
1182 3086 1331 3153 πρὸς
1359 3086 1455 3155 σὲ,
1482 3090 1515 3142 ό
1544 3089 1689 3154 Θεός
1709 3106 1724 3120 ο
1751 3091 1843 3143 καὶ

270 3178 434 3232 πάλιν
450 3194 463 3207 ·
504 3177 834 3246 Ἐδίψησεν
859 3179 897 3248 ἠ
925 3177 1094 3248 ψυχή
1118 3197 1238 3249 μου
1254 3180 1403 3249 πρὸς
1427 3178 1535 3234 τὸν
1564 3181 1715 3237 Θεὸν
1738 3182 1845 3236 τὸν

271 3268 528 3340 Ισχιιρὸν
569 3268 677 3324 τὸν
718 3268 918 3332 ζῶντα.
975 3271 1080 3341 Ζῇν
1122 3269 1230 3342 γὰρ
1253 3272 1342 3325 τὸν
1366 3271 1569 3345 Κύριον
1614 3274 1754 3330 κατά
1781 3275 1843 3328 τὸ

271 3362 597 3434 εἰρημένον,
647 3363 701 3415 '0
716 3362 903 3432 μόνος
943 3362 1099 3430 ἔχων
1151 3364 1522 3419 ἀθανασίαν
1566 3368 1660 3420 καὶ
1689 3368 1845 3439 μόνον

272 3450 417 3521 ζωὴν
436 3450 580 3521 ἔχειν
599 3451 727 3522 παρ’
750 3451 945 3521 ἐαυτῷ,
974 3451 1114 3511 κατά
1135 3452 1223 3505 τό·
1241 3454 1360 3506 Ὅτι
1380 3455 1539 3523 παρὰ
1563 3458 1660 3510 σοὶ
1683 3456 1845 3527 πηγὴ

271 3538 440 3610 ξ’ωῆς,
459 3541 676 3612 ⁴ᾔδεσαν.
700 3543 809 3595 Καὶ
826 3543 981 3596 τοῦτό
998 3560 1060 3611 γε
1073 3543 1134 3595 τὸ
1154 3543 1261 3607 ζῶν
1288 3544 1450 3616 ὕδωρ,
1478 3546 1701 3623 ὕστερόν
1717 3567 1844 3603 ποτε

272 3634 543 3686 ἐπιστᾶσα
582 3632 658 3703 (1)
686 3634 826 3687 κατά
872 3634 971 3697 τὰς
988 3634 1095 3687 τῶν
1118 3637 1412 3705 προφητῶν
1434 3639 1649 3711 εύχὰςή
1674 3642 1843 3713 πηγὴν

274 3723 434 3786 αὐτὸς
458 3724 487 3774 ὁ
515 3723 706 3795 Σωτὴρ
738 3725 998 3797 παρέχειν
1039 3725 1347 3797 ἀνθρώποις
1387 3728 1695 3793 ἐδίδασκεν,
1742 3728 1843 3786 ὧδέ

274 3828 350 3881 πη
378 3810 584 3881 λέγων.-
613 3815 718 3880 Ὃς
737 3813 815 3867 ἂν
842 3814 950 3883 πίῃ
971 3815 1039 3869 ἐκ
1067 3815 1175 3869 τοῦ
1200 3815 1417 3883 ὓδατος
1438 3813 1510 3872 οὗ
1536 3818 1649 3888 ἐγὼ
1674 3819 1845 3876 δώσω

270 3902 434 3969 αὐτῷ
460 3944 475 3968 ,
521 3902 836 3985 γενήσεται
884 3905 954 3960 ἐν
996 3905 1157 3973 αὐτῷ
1187 3905 1350 3976 πηγὴ
1378 3905 1597 3973 ὕδατος
1629 3907 1844 3977 ζῶντος

269 3992 610 4063 ἁλλομένου
662 3997 751 4063 εὶς
776 3993 929 4065 ζωὴν
971 3994 1229 4074 αἰώνιον.
1272 3995 1384 4055 Καὶ
1426 3995 1616 4049 πάλιν
1660 4000 1733 4052 ΕΖ
1758 4017 1844 4067 τις

271 4087 422 4158 διψᾷ
445 4089 711 4157 ἐρχέσθω
738 4090 889 4159 πρὸς
922 4092 1021 4160 μὲ,
1054 4090 1153 4145 καὶ
1178 4088 1415 4145 πινέτω.
1453 4091 1505 4143 Ὁ
1545 4094 1845 4147 πιστεύων

269 4184 357 4249 εἰς
385 4181 512 4252 ἐμὲ,
544 4181 739 4249 καθὼς
768 4178 938 4237 εἶπεν
964 4183 1004 4250 ἡ
1054 4185 1104 4236 Γ
1098 4183 1286 4252 pagi],
1320 4184 1570 4254 ποταμοί
1623 4184 1691 4238 ἐκ
1734 4185 1844 4255 τῆς

271 4272 506 4337 κοιλίας
545 4271 733 4325 αὐτοῦ
757 4272 1094 4339 ῥεύσουσιν
1131 4271 1352 4339 ὕδατος
1376 4270 1608 4339 ζῶντος.
1640 4273 1842 4327 Τούτου

268 4363 334 4435 δὴ
356 4359 448 4419 οὖν
467 4362 562 4417 τοῦ
588 4364 831 4435 πόματος
858 4367 885 4418 ὁ
906 4363 1239 4435 προφητικδς
1260 4366 1419 4436 χορὸς
1436 4365 1605 4435 διψῶν
1625 4365 1807 4436 ἔλεγεν
1825 4385 1839 4398 θ

282 4456 607 4524 Ἐδίψησεν
630 4457 669 4525 ή
694 4456 865 4525 ψυχή
892 4474 1011 4525 μου
1037 4456 1187 4523 πρὸς
1210 4455 1319 4509 τὸν
1346 4457 1495 4511 Θεὸν
1526 4458 1633 4511 τὸν
1664 4460 1840 4529 ισχυ-

268 4547 380 4617 ρὸν
412 4546 522 4600 τὸν
546 4544 750 4613 ζῶντα,
785 4550 898 4613 καὶ,
922 4548 1074 4602 Πότε
1102 4547 1245 4614 ἥξω,
1273 4549 1370 4602 καὶ
1394 4548 1732 4620 ὀφθήσομαι
1763 4550 1843 4617 τῷ

267 4638 570 4709 προσώπῳ
601 4639 710 4693 τοῦ
743 4641 924 4704 Θεοῦ;
960 4639 1221 4712 Ὀρῶντες
1247 4639 1356 4711 γὰρ
1374 4642 1599 4707 ἑαυτοὺς
1626 4644 1843 4716 μακρὰν

268 4730 611 4803 ὑπάρχοντας
630 4730 1039 4802 τῆςπρόσωπον
1078 4731 1215 4803 πρὸς
1250 4731 1538 4802 πρόσωπον
1581 4733 1708 4798 θέας
1749 4735 1842 4788 τοῦ

274 4822 428 4889 θεοῦ,
453 4820 628 4876 ταῦτα
671 4821 874 4891 ἔλεγον.
933 4823 1094 4878 Ἀλλά
1130 4825 1224 4878 καὶ
1268 4824 1679 4896 συναισθόμενοι
1701 4867 1717 4891 ,
1766 4826 1843 4891 ὡς

271 4914 621 4985 ἀπέστραπτο
640 4912 745 4965 ,τὸν
781 4912 907 4967 λαὸν
929 4914 989 4968 τὸ
1015 4913 1109 4967 τοῦ
1138 4911 1272 4967 Θεοῦ
1314 4912 1635 4984 πρόσωπον,
1662 4913 1842 4966 οὐκέτ’

268 5007 466 5070 αὐτοὺς
512 5007 802 5059 ἐπισκοπεῖ
824 5008 859 5077 ἡ
885 5006 1112 5061 πάντοτε
1162 5007 1417 5078 πρόνοιαν
1443 5004 1620 5060 αὑτῶν
1659 5022 1842 5058 ποιου-

272 5098 407 5168 μένη
433 5096 679 5168 δύναμις,
701 5095 1037 5169 ἀπεθρήνουν
1061 5099 1160 5171 μὲν
1179 5098 1281 5170 τὴν
1297 5097 1389 5152 ἐπὶ
1409 5097 1511 5169 γῆς
1535 5094 1837 5167 διατριϐὴν,

267 5188 434 5258 αὐχὴν
452 5188 497 5241 δ’
525 5188 762 5243 ἐτίθεντο
782 5191 1125 5262 παραστῆναι
1152 5208 1281 5246 ποτε
1315 5190 1392 5264 τῷ
1435 5188 1709 5260 προσώπῳ
1738 5188 1838 5242 τοῦ

267 5276 432 5329 θεοῦ·
492 5276 575 5330 διὸ
622 5278 830 5348 ἔλεγον·
860 5279 1014 5333 Πότε
1057 5280 1202 5348 ἥξω,
1232 5282 1331 5337 καὶ
1382 5280 1720 5352 ὀφθήσομαι
1759 5278 1841 5345 τῷ

268 5365 567 5437 προσώπῳ
590 5369 699 5425 τοῦ
730 5370 913 5435 Θεοῦ;
940 5370 1148 5442 Πολλῆς
1166 5373 1225 5426 δὲ
1244 5374 1505 5445 γέμοντες
1529 5373 1712 5444 παρρη
1721 5372 1841 5436 σίας

269 5465 363 5519 καὶ
388 5463 743 5536 συνειδήσεως
764 5464 989 5537 ’ἀγαθῆς
1022 5465 1296 5530 τοιαύταις
1333 5464 1568 5538 ἐχρῶντο
1610 5470 1835 5535 φωναῖς.

281 5556 368 5620 Ὠς
391 5556 502 5627 γὰρ
522 5546 631 5611 ὅλοι
653 5556 848 5626 διόλου,
869 5556 967 5623 τὰς
991 5556 1166 5627 ψυχὰς
1188 5558 1359 5627 ὑγιεῖς
1379 5558 1472 5611 καὶ
1503 5557 1704 5621 παντὸς
1734 5556 1840 5627 μώ-

339 5714 385 5746 ¹⁸
426 5713 571 5769 Psal.
604 5728 739 5768 xtm
798 5713 853 5766 6.
926 5715 972 5749 "
1008 5712 1163 5769 Cant.
1201 5728 1274 5774 ll,
1302 5714 1359 5777 9.
1392 5716 1479 5771 Π.
1555 5715 1602 5747 ³⁸
1638 5714 1741 5770 .lob
1773 5734 1970 5781 xxxix,
2010 5720 2058 5773 1.

252 5787 545 5855 iunio.
606 5783 1011 5850 “Joan.tv,15,
1050 5785 1128 5838 l4.
1206 5784 1251 5817 ⁸⁸
1286 5783 1443 5842 Joan.
1479 5784 1684 5855 “1,57,
1720 5788 1788 5843 58
1826 5831 1839 5842 .

338 5924 384 5990 (1
399 5925 415 5990 ὶ
450 5923 611 5981 Forte
645 5922 994 5990 ὲπιστάξασα.

1950 699 2207 770 onmique
2242 699 2423 769 reptili
2457 698 2772 761 exitiosum,
2805 706 2967 767 atque
3004 712 3070 751 ex
3106 711 3294 751 eorum
3322 710 3509 766 genere

1948 805 2070 861 qua:
2103 790 2425 846 solitudines
2461 789 2808 859 frequentare
2836 789 3033 844 solent.
3066 787 3216 844 Talis
3247 800 3363 843 erat
3392 804 3510 858 pro.

1949 881 2198 951 pheticus
2227 881 2452 944 chorus,
2489 895 2681 938 amans
2741 880 3050 937 solitudinis
3115 894 3179 935 ac
3242 894 3512 936 secessus.

1947 975 2004 1028 ln
2034 975 2267 1032 desertis
2301 977 2486 1047 itaque
2510 1016 2525 1042 ,
2584 978 2864 1033 montibus
2914 984 2967 1031 et
3017 972 3287 1045 specubus
3318 970 3516 1025 versati

1947 1081 2073 1122 esse
2130 1067 2419 1134 feruntur;
2464 1068 2575 1123 imo
2622 1070 2786 1123 etiam
2825 1067 2989 1122 omni
3046 1064 3369 1121 adversaria:
3421 1077 3522 1132 pe-

1950 1160 2155 1224 testati,
2193 1160 2451 1229 omnique
2482 1160 2752 1232 spirituali
2786 1159 2964 1229 reptili
3000 1158 3215 1215 exitiosi
3240 1162 3416 1219 erant,
3440 1162 3520 1209 ut-

1950 1259 2077 1320 pote
2104 1251 2197 1321 qui
2228 1260 2558 1323 potestatem
2601 1263 2656 1308 ct
2704 1252 2803 1321 ipsi
2837 1251 3100 1306 haberent
3132 1248 3374 1305 ealeandi
3404 1262 3515 1303 scr-

1946 1350 2136 1411 pentes
2195 1353 2250 1400 et
2304 1345 2653 1416 scorpiones,
2725 1352 2779 1398 et
2830 1357 3044 1397 onmem
3105 1342 3359 1396 virtutem
3416 1343 3522 1397 ini-

1951 1434 2076 1489 mici
2116 1455 2129 1489 :
2193 1440 2407 1493 cornuti
2458 1452 2677 1509 quoque
2703 1444 2887 1499 erant,
2920 1446 2979 1495 ut
3025 1434 3207 1490 dicere
3250 1447 3471 1505 possent
3505 1455 3516 1489 :

1951 1525 2018 1580 In
2052 1538 2098 1582 te
2130 1530 2371 1585 inimicos
2406 1540 2614 1585 nostros
2666 1529 3030 1583 ventilabimus
3085 1542 3245 1581 cornu
3291 1526 3357 1579 ³⁸.
3409 1525 3522 1581 lmo

1947 1619 2110 1672 etiam
2163 1620 2285 1689 puri
2346 1622 2531 1675 animo
2560 1630 2824 1691 quantum
2865 1619 3106 1690 quipiam
3149 1616 3269 1684 alii;
3329 1629 3522 1685 quam-

1948 1712 2133 1765 obrem
2191 1728 2351 1766 cervo
2418 1714 2904 1783 comparabantur.
2956 1710 3236 1781 Siquidem
3297 1717 3350 1764 et
3406 1707 3521 1776 ipse

1950 1817 2188 1871 sponsus
2213 1802 2265 1857 ru
2298 1802 2525 1858 Cantico
2554 1803 2894 1857 canticorum
2936 1802 3164 1856 binnulo
3192 1815 3354 1855 cervo
3374 1814 3524 1853 eom-

1951 1905 2175 1963 paratur
2212 1897 2276 1948 '9.
2320 1896 2378 1950 ln
2425 1896 2562 1950 libro
2591 1894 2694 1950 Job
2723 1910 2939 1966 quoque
2970 1893 3173 1949 dicitur
3206 1912 3217 1946 :
3260 1890 3522 1947 Observa-

1947 1985 2017 2037 sti
2058 2002 2257 2040 menses
2304 2003 2607 2051 cervorum,
2658 1998 2706 2041 et
2735 1997 2959 2057 partus:
2990 1986 3129 2055 ipsos
3182 1984 3414 2038 dimittes
3454 1982 3519 2037 ³ο.

1948 2074 2275 2144 llujusmodi
2333 2080 2686 2137 rationabiles
2737 2096 2930 2135 cervos
2981 2092 3286 2151 pra‘parare
3334 2075 3521 2130 Domi-

1946 2184 2050 2223 nus
2074 2168 2276 2223 dicitur
2309 2171 2364 2224 in
2398 2171 2655 2226 vicesimo
2672 2180 2866 2226 octavo
2897 2171 3127 2242 psalmo,
3172 2170 3250 2225 sic
3282 2167 3515 2223 ferente:

1956 2258 2068 2311 Vox
2092 2258 2305 2313 Domini
2334 2276 2642 2329 pra’parans
2682 2277 2857 2315 cervos
2888 2262 2954 2316 ³¹.

2029 2348 2092 2403 lli
2128 2351 2309 2421 itaque
2340 2352 2507 2415 cervi,
2536 2352 2683 2406 fonte
2713 2359 2934 2422 propter
2980 2350 3299 2421 iniquitates
3339 2348 3521 2420 populi

1945 2450 1998 2497 et
2030 2444 2371 2500 aversionem
2412 2444 2506 2500 Dei
2530 2439 2835 2507 deﬁciente,
2869 2443 3012 2515 apud
3047 2444 3255 2514 seipsos
3285 2442 3520 2507 ﬂebant,

1945 2542 2001 2588 et
2034 2534 2291 2606 lacrymis
2323 2538 2439 2593 suis
2477 2552 2576 2609 pro
2623 2538 2748 2593 cibo
2778 2537 2885 2597 usi.
2917 2543 3075 2591 nocte
3117 2534 3310 2605 dieque
3337 2534 3525 2604 perni-

1944 2625 2081 2681 ciem
2113 2628 2296 2698 populi
2342 2628 2603 2699 lugebant
2632 2671 2648 2696 ,
2705 2644 2769 2684 ac
2797 2627 3199 2685 conﬁtebantur
3251 2644 3309 2684 se
3334 2628 3519 2693 sitire,

1946 2734 2053 2773 non
2078 2735 2305 2789 corpore
2330 2720 2633 2793 quidemet
2659 2737 2846 2786 carne,
2888 2722 3192 2792 voluptates
3228 2721 3362 2791 ipsis
3392 2737 3523 2776 con-

1944 2817 2236 2877 gruentes;
2272 2809 2365 2863 sed
2399 2809 2517 2879 ipsa
2552 2812 2734 2865 anima
2763 2810 3063 2866 secundum
3100 2810 3520 2881 Symmachum,

1945 2915 2250 2970 progressus
2280 2900 2349 2954 ad
2378 2900 2549 2955 Deum
2572 2901 2846 2958 desiderio
2869 2916 2933 2955 ac
2962 2900 3218 2972 cupidine
3244 2904 3415 2958 teneri
3439 2903 3524 2959 di-

1946 2990 2105 3044 citur.
2140 2989 2320 3055 Quare
2352 2991 2643 3050 dicebant.
2693 2992 2769 3046 ita
2801 2991 3073 3045 desiderat
3093 2990 3275 3044 animo
3302 3007 3415 3045 mea
3454 2996 3523 3045 ad

1948 3090 2014 3145 te,
2047 3079 2220 3147 Deus;
2268 3098 2331 3140 ac
2383 3079 3021 3143 rUrsum:Sitivitanima
3085 3098 3200 3138 mea
3249 3083 3318 3137 ad
3355 3082 3524 3137 Deum

1946 3172 2141 3242 fortem
2191 3177 2384 3231 vivum.
2421 3174 2619 3232 Vivere
2666 3174 2867 3247 quippe
2922 3174 3210 3231 Dominum
3261 3186 3525 3230 noverant

1947 3265 2244 3322 secundum
2279 3265 2412 3321 illud
2438 3285 2451 3321 :
2486 3265 2643 3323 Solus
2661 3267 2855 3322 habens
2884 3266 3336 3322 immortalitatem
3363 3268 3437 3332 ";
3458 3283 3523 3324 ac
3568 3340 3571 3343 _

1949 3358 2124 3412 solum
2188 3374 2355 3429 penes
2410 3374 2470 3415 se
2518 3361 2685 3414 vitam
2742 3360 2941 3415 habere
2994 3357 3295 3415 secundum
3346 3359 3519 3414 illud:

1950 3447 2211 3514 Quoniam
2237 3449 2377 3519 apud
2397 3459 2445 3504 te
2464 3460 2540 3504 est
2563 3450 2682 3520 fons
2706 3451 2825 3506 vita:
2848 3451 2913 3504 ³³.
2937 3452 3115 3521 Atque
3141 3451 3255 3507 haec
3284 3460 3367 3507 est
3384 3468 3525 3523 aqua

1947 3542 2089 3597 viva.
2140 3541 2491 3597 Postmodum
2522 3552 2705 3597 autem
2738 3541 2862 3596 l'ons
2897 3542 2987 3598 ille
3015 3558 3115 3614 pro
3148 3546 3289 3599 votis
3314 3559 3379 3599 ac
3404 3560 3527 3614 pre-

1948 3635 2100 3690 cibus
2134 3635 2520 3706 prophetarum
2560 3636 2873 3691 emanavit:
2911 3635 3026 3705 ipse
3055 3650 3293 3706 namque
3325 3634 3523 3691 Serva-
3625 3692 3634 3701 ,

1947 3734 2032 3780 tor
2065 3724 2376 3779 hominibus
2407 3738 2464 3779 se
2498 3723 2852 3794 praebiturum
2884 3739 3009 3779 esse
3055 3724 3245 3779 docuit
3280 3726 3364 3780 his
3396 3740 3521 3780 ver-

1944 3816 2028 3871 bis
2054 3834 2067 3869 ;
2106 3814 2211 3881 Qui
2241 3813 2425 3879 biberit
2454 3829 2519 3868 ex
2548 3830 2686 3884 aqua
2715 3831 2875 3886 quam
2921 3830 3012 3885 ego
3065 3814 3202 3869 dabo
3229 3816 3300 3879 ei,
3332 3816 3419 3884 ﬁet
3467 3816 3526 3868 in

1945 3925 2003 3963 eo
2033 3908 2154 3977 fons
2182 3921 2333 3976 aqua:
2366 3904 2493 3960 viva:
2547 3906 2786 3961 salientis
2838 3894 2895 3959 in
2949 3906 3112 3959 vitam
3150 3912 3403 3960 wternam
3442 3903 3522 3972 8“;

1944 4008 1998 4055 et
2026 4013 2243 4054 rursum
2270 4017 2283 4053 :
2320 3998 2381 4053 Si
2405 3997 2521 4069 quis
2545 3998 2683 4062 sitit,
2723 3997 2897 4052 ueniat
2928 3996 2997 4051 ad
3031 4014 3112 4053 me
3134 4006 3183 4053 et
3212 3996 3373 4051 bibat.
3420 3994 3525 4062 Qui

1944 4091 2106 4146 credit
2128 4092 2181 4145 in
2203 4108 2305 4157 me,
2336 4092 2477 4163 sicut
2501 4090 2637 4145 dixit
2668 4089 2973 4160 Scriptura,
2998 4082 3221 4160 ﬂumina
3255 4091 3319 4145 de
3354 4098 3527 4144 ventre

1942 4185 2056 4253 ejus
2085 4186 2249 4255 ﬂuent
2282 4202 2431 4256 aqua:
2458 4186 2585 4240 viva:
2614 4184 2684 4242 ³⁸.
2709 4182 3070 4255 Propheticus
3100 4185 3285 4254 itaque
3322 4185 3526 4237 chorus

1944 4278 2048 4334 hoc
2076 4279 2316 4349 potionis
2348 4296 2520 4352 genus
2568 4278 2760 4335 sitiens
2812 4278 3065 4343 dicebat,
3126 4277 3289 4330 sitivit
3343 4277 3523 4330 animo

1944 4386 2057 4424 mea
2085 4370 2154 4423 ad
2194 4371 2359 4426 Deum
2388 4371 2577 4444 fortem
2612 4371 2777 4425 vivum
2803 4384 2823 4433 ;
2853 4375 2927 4433 et,
2956 4366 3165 4437 quando
3217 4366 3423 4421 ueniam
3469 4377 3522 4421 et

1943 4462 2201 4531 apparebo
2226 4474 2347 4518 ante
2372 4463 2562 4535 faciem
2598 4462 2694 4517 Dei
2714 4463 2740 4517 ?
2764 4460 2898 4515 Cum
2940 4473 2999 4513 se
3044 4472 3279 4528 namque
3311 4472 3342 4511 a
3389 4472 3523 4512 con-

1942 4556 2293 4626 templatione
2322 4557 2414 4611 illa
2443 4556 2538 4612 Dei
2583 4554 2719 4609 faeie
2748 4553 2815 4607 ad
2847 4551 3041 4607 faciem
3087 4550 3278 4622 procul
3312 4551 3523 4620 positos
3621 4608 3632 4616 ,

1877 4683 1919 4739 D
1946 4658 2255 4717 cernerent,
2292 4650 2420 4705 batc-
2450 4646 2814 4720 proferebant.
2853 4643 2959 4699 Sed
2992 4643 3153 4699 etiam
3183 4642 3525 4699 advertentes

1948 4752 2198 4795 aversum
2235 4755 2359 4796 esse
2392 4738 2483 4793 Dei
2514 4737 2722 4792 vultum
2753 4750 2784 4791 a
2826 4734 3050 4805 populo,
3084 4749 3261 4803 neque
3285 4733 3532 4789 ulterius-

1947 4829 2094 4885 illam
2145 4830 2498 4900 providentia:
2540 4829 2648 4883 vim
2705 4828 2810 4899 ipsi
2860 4828 3212 4900 prospicere,
3268 4826 3523 4897 lugebant

1946 4935 2077 4976 sane
2110 4919 2179 4975 de
2228 4937 2327 4977 sua
2375 4921 2429 4975 in
2484 4920 2647 4977 terris
2704 4919 3175 4984 commoratione,
3230 4933 3525 4990 precesque

1944 5008 2241 5066 fundebant
2308 5019 2368 5066 ut
2425 4999 2723 5082 aliquando
2778 5011 2953 5065 vultui
3007 5009 3102 5066 Dei
3159 5010 3519 5066 sisterentur:

1945 5102 2298 5175 quamobrem
2328 5103 2584 5161 dicebant
2616 5126 2629 5161 :
2669 5104 2894 5173 Quando
2940 5106 3142 5182 veniam
3190 5111 3239 5158 et
3267 5098 3523 5167 apparebo

1947 5203 2067 5249 ante
2110 5192 2301 5263 faciem
2333 5194 2472 5250 Dei?
2500 5197 2637 5252 Cum
2664 5206 2841 5250 autem
2878 5194 3074 5251 ﬁducia
3106 5202 3159 5249 et
3187 5191 3521 5248 conscientia

1948 5285 2089 5338 bona
2125 5284 2268 5353 pleni
2300 5293 2520 5353 essent,
2558 5284 2871 5354 hujusmodi
2927 5284 3152 5341 vocibus
3209 5282 3521 5337 utebantur.

1946 5376 2081 5431 Nam
2113 5384 2301 5448 utpote
2360 5379 2541 5433 anima
2602 5392 2827 5448 prorsus
2884 5393 3017 5434 sana
3077 5374 3323 5445 praediti,
3363 5385 3530 5444 atque

1945 5469 2094 5524 omni
2159 5471 2339 5540 culpa,
2369 5472 2488 5526 labe
2535 5484 2598 5525 ac
2644 5468 2890 5527 fmditate
2927 5468 3139 5540 purgati
3170 5508 3187 5533 ,
3224 5468 3396 5523 vultui
3436 5466 3528 5519 Dei

1946 5563 2066 5619 sisti
2096 5563 2382 5634 rogabant.
2419 5564 2679 5619 Peccator
2715 5579 2844 5619 vero
2863 5563 3025 5617 talem
3055 5562 3262 5617 vultum
3306 5558 3527 5629 refugit,

2139 5718 2338 5777 "Psal.
2378 5720 2631 5785 xxvm,9.
2710 5720 2752 5753 ³⁸
2793 5717 2812 5771 1
2847 5716 2988 5773 Tim.
3022 5732 3097 5781 vr,
3134 5715 3217 5769 16.
3296 5714 3339 5745 ³³
3378 5711 3523 5770 l’sal.
