4354 6426
830 460 928 515 571

1487 459 1753 516 EUSEBII
1792 459 2264 517 CESARIENSIS
2299 459 2449 518 OPP.
2491 460 2670 516 PARS
2702 460 2789 516 Ill.
2829 491 2900 502 -—
2934 459 3344 518 EXEGETICA.

3977 461 4081 519 37‘]

831 594 898 632 ac
939 577 1188 634 oratione
1216 586 1269 634 et
1313 579 1709 649 supplicatione
1762 597 1863 636 sua
1917 580 2110 636 abnuit
2165 581 2355 637 dicens
2388 600 2401 635 :
2434 592 2480 648 Α
2511 599 2548 652 μ

2388 600 2401 635 :
2434 592 2480 648 Α
2511 599 2611 652 μου
2637 583 2731 635 καὶ
2762 580 2970 647 σπίλου,
2991 583 3085 635 καὶ
3109 582 3380 654 μολυσμοῦ
3407 581 3824 654 κεκαθαρμένοιν
3853 582 4082 652 ὀφθῆναι

834 672 1026 725 Αυενω
1051 671 1236 740 faciem
1266 679 1411 726 tuam
1435 688 1468 725 a
1490 673 1716 742 peccatis
1747 673 1873 726 meis
1896 674 1961 728 ³⁸.

2516 673 2698 741 ὴξίουν
2724 672 2802 743 τῷ
2829 672 3105 744 προσώπῳ
3125 672 3217 726 τοῦ
3239 673 3393 726 Θεοῦ.
3429 674 3487 726 '0
3509 673 3566 727 δὲ
3590 674 3917 745 ἁμαρτάνων
3951 674 4084 743 φεύ-

837 777 924 828 γει
948 761 1008 814 τὸ
1035 762 1342 833 πρόσωπον,
1369 764 1460 817 καὶ
1481 766 1826 834 παραιτεῖται
1849 765 1913 818 δι’
1952 764 2116 835 εὐχῆς
2159 766 2252 818 καὶ
2289 765 2568 836 ἱκετηρίας
2594 764 2793 833 λέγων·
2830 765 3230 834 Ἀπόστρεψον
3247 765 3311 820 τὸ
3336 765 3657 834 πρόσωπόν
3682 782 3798 819 σου
3819 765 3940 820 ἀπὸ
3966 765 4086 820 τῶν

837 851 1135 922 ἁμαρτιῶν
1157 873 1297 925 μου.

910 946 1046 1002 Cum
1098 957 1315 1004 terrena
1365 951 1548 1004 omnia
1583 958 1962 1016 aversaretur,
2013 952 2082 1006 ab
2133 950 2412 1006 humanis-

842 1054 947 1109 que
973 1041 1229 1097 omnibus
1278 1042 1653 1112 voluptatibus
1708 1044 2065 1109 abhorreret,
2121 1043 2238 1099 solo
2274 1056 2412 1113 pane

841 1148 940 1202 pro
973 1133 1318 1201 necessitate,
1351 1149 1523 1207 eoque
1545 1136 1800 1208 lacrymis
1832 1136 2070 1193 admisto
2095 1145 2289 1200 utens,
2335 1135 2412 1188 ita

841 1226 988 1285 fatur
1025 1248 1038 1283 :

916 1316 1082 1378 Vens.
1115 1317 1229 1376 4-8.
1273 1317 1509 1375 Fuerunt
1533 1320 1662 1374 mihi
1693 1320 1942 1389 lacryma:
1963 1335 2091 1373 mea:
2137 1334 2298 1388 partes
2332 1316 2419 1371 die

2591 950 2773 1004 Πάντα
2827 949 2892 1003 τά
2951 951 3042 1003 ἐπὶ
3075 951 3177 1021 γῆς
3216 950 3707 1021 ἀποστρεφόμενος,
3751 916 3854 1008 ’καὶ
3907 956 4086 1011 πᾶσαν

2518 1041 2728 1111 τρυφὴν
2770 1041 2869 1112 τὴν
2916 1043 2973 1094 ἐν
3026 1040 3328 1113 ἀνθρώποις
3362 1041 3803 1112 βδελυττόμενος,
3847 1047 3994 1118 μόνῳ
4029 1048 4088 1102 δὲ

2518 1132 2666 1202 άρτῳ
2699 1133 3008 1203 ἐπάναγκες
3029 1134 3327 1206 χρώμενος,
3352 1134 3444 1189 καὶ
3460 1132 3632 1204 τούτῳ
3655 1136 3792 1206 μετὰ
3814 1137 4085 1210 δακρύων,

2518 1221 2660 1290 ἐρεῖ·

2598 1314 2881 1384 Ἐγπενήθη
2933 1314 3007 1368 τὰ
3058 1314 3291 1382 δάκρυά
3339 1333 3464 1385 μου
3507 1317 3688 1386 ἀρτος
3714 1334 3812 1387 μοι
3857 1317 4088 1387 ἡμέρας

843 1429 906 1466 ac
931 1421 1096 1466 nocte.
1132 1409 1488 1481 Propheticus
1517 1423 1698 1467 autem
1749 1412 1988 1474 chorus,
2039 1426 2166 1465 cum
2204 1411 2415 1463 vultum
2513 1423 2562 1458 oe

2366 1425 2415 1462 In
2513 1411 2619 1459 οιαὶ
2652 1407 2890 1472 νυκτός.
2915 1407 2997 1490 ’Ὀ
3029 1406 3085 1458 δὲ
3112 1405 3219 1458 τῶν
3249 1408 3540 1479 προφητῶν
3574 1407 3750 1480 χορὸς,
3786 1409 3906 1462 ἐπεὶ
3939 1409 4085 1480 ἐώρα

843 1501 942 1558 Dei
975 1511 1224 1559 cerneret
1271 1503 1340 1558 ab
1383 1505 1641 1558 universo
1672 1505 1870 1573 populo
1911 1517 2184 1567 aversum,
2218 1501 2424 1556 multo-

845 1611 1073 1668 rumque
1100 1596 1417 1666 perniciem,
1449 1611 1603 1652 suam
1629 1611 1753 1652 esse
1798 1596 2162 1651 calamitatem
2216 1604 2417 1658 ratus-,

846 1692 1050 1745 luctum
1075 1704 1174 1758 pro
1200 1689 1453 1746 omnibus
1491 1688 1858 1759 suscipiebat:
1895 1698 2059 1758 atque
2111 1687 2190 1742 illi
2231 1686 2412 1742 homi-

846 1795 944 1836 nes
984 1779 1078 1834 Dei
1116 1779 1172 1834 in
1218 1786 1432 1865 tantum
1491 1780 1797 1838 aﬂlicti‘onis
1850 1780 2132 1835 cumulum
2187 1779 2420 1833 devene-

2522 1498 2583 1550 τὸ
2628 1499 2916 1569 πρόσωπον
2949 1498 3040 1551 τοῦ
3071 1497 3202 1551 Θεοῦ
3231 1499 3578 1569 ἀποστραφέν
3607 1499 3782 1553 πάντα
3814 1500 3904 1553 τὸν
3934 1499 4088 1564 λαὸν,

2524 1589 2619 1660 τὴν
2651 1591 2758 1644 τῶν
2789 1589 2994 1644 πολλῶν
3021 1589 3293 1644 ἀπώλειαν
3318 1591 3510 1645 ἐαυτοῦ
3534 1587 3676 1646 εἶναι
3707 1591 3905 1663 ζημίαν
3925 1590 4090 1662 ήγού-

2526 1700 2705 1753 μενος,
2733 1683 2858 1746 τοὺς
2888 1683 3030 1754 ὑπὲρ
3062 1683 3314 1736 ἁπάντων
3368 1683 3649 1754 ἀνεδέχετο
3699 1683 3926 1756 θρήνους
3945 1697 3959 1714 ⁸
4011 1685 4092 1748 είς

2525 1770 2775 1825 τοσοῦτον
2816 1771 2873 1824 δέ
2902 1770 3174 1830 ἐπέτεινον
3215 1771 3312 1843 τὴν
3345 1772 3714 1827 κακοπάθειαν
3756 1775 3805 1827 oi
3835 1772 3928 1827 τοῦ
3955 1772 4091 1828 Θεοῦ

845 1878 997 1937 runt,
1020 1879 1080 1926 ut
1111 1862 1347 1941 propriis
1378 1871 1639 1942 lacrymis
1694 1873 1988 1934 alerentur,
2018 1885 2081 1924 ac
2107 1871 2197 1925 die
2228 1880 2422 1925 noctu-
2457 1886 2502 1945 Β
2528 1864 2562 1916 ἃ

2375 1887 2422 1922 ι-
2457 1886 2502 1945 Β
2528 1862 2822 1934 ἄνθρωποι,
2861 1863 2936 1925 ὡς
2967 1865 3080 1926 τοῖς
3111 1863 3370 1932 δάκρυσιν
3428 1867 3634 1922 ἑαυτῶν
3675 1866 3969 1938 τρέφεσθαι
4001 1867 4094 1921 καὶ

847 1979 974 2033 que,
1002 1963 1085 2017 vel
1116 1962 1293 2032 ipsum
1334 1977 1530 2030 panem
1566 1977 1781 2017 sumere
1832 1963 2132 2020 abnuentes
2154 2005 2169 2029 ,
2206 1965 2300 2017 uni
2329 1963 2423 2018 ile-

849 2055 924 2108 ;ui
974 2059 1249 2108 vacarent.
1308 2050 1435 2106 Haec
1491 2067 1653 2122 porro
1699 2063 1810 2107 tum
1858 2055 2095 2109 maxime
2153 2055 2421 2125 agebant,

850 2147 1071 2214 |tuaeque
1117 2142 1483 2213 patiebantur,
1517 2159 1636 2198 cum
1691 2144 1946 2214 populum
1970 2185 1984 2210 ,
2029 2160 2091 2198 ac
2121 2131 2422 2214 praesertim

856 2239 1043 2309 :mpios
1071 2252 1194 2292 cum
1232 2237 1326 2291 illo
1353 2247 1660 2300 versantes,
1695 2237 1808 2291 haec
1839 2237 2085 2292 dicentes
2126 2236 2378 2291 audirent
2407 2258 2420 2290 :

853 2329 953 2389 Ubi
989 2338 1068 2384 est
1108 2327 1247 2384 Deus
1292 2330 1460 2382 tuus?
1508 2327 1692 2397 Neque
1730 2328 1875 2382 enim
1910 2327 2116 2382 inimici
2147 2337 2201 2382 et
2233 2328 2426 2382 adver-

849 2421 977 2477 sarii
1009 2427 1165 2476 erant
1197 2420 1288 2491 qui
1321 2421 1436 2477 haec
1461 2419 1704 2490 quotidie
1735 2419 1978 2472 dicerent
1999 2456 2012 2480 ,
2049 2416 2144 2471 sed
2185 2425 2246 2470 ut
2277 2417 2423 2471 veri-

847 2513 1024 2570 simile
1053 2521 1157 2576 est,
1181 2495 1487 2568 inlideiese
1527 2511 1751 2581 populo,
1795 2509 1891 2580 qui
1939 2509 2232 2579 prophetas
2271 2509 2426 2578 quasi

848 2605 1052 2658 frustra
1073 2603 1243 2658 Deum
1269 2602 1510 2656 colentes
1540 2608 1594 2656 et
1637 2601 1916 2654 incassum
1961 2599 2276 2655 laborantes
2333 2615 2429 2654 co-

849 2694 1150 2764 arguebant
1207 2708 1270 2748 ac
1305 2693 1560 2749 dicebant
1604 2693 1727 2748 eis:
1788 2686 1916 2746 Ubi'
1941 2701 2019 2747 est
2079 2691 2222 2748 Deus
2261 2696 2430 2749 tuus?

848 2785 980 2852 Qua:
1007 2801 1130 2841 cum
1163 2785 1265 2854 ipsi
1302 2800 1332 2838 a
1367 2785 1628 2839 fratribus
1651 2823 1667 2848 ,
1702 2785 2127 2854 consanguineis
2175 2794 2230 2839 et
2269 2783 2426 2838 fami-

849 2877 1077 2933 liaribus
1123 2876 1406 2940 audirent,
1458 2876 1664 2932 luctum
1699 2877 1973 2946 augebant
2007 2892 2166 2931 suum
2199 2895 2211 2931 :
2259 2892 2428 2947 quare

852 2968 1004 3028 aiunt
1054 2985 1067 3020 :
1105 2965 1246 3021 Hec
1269 2964 1571 3018 recordatus
1619 2981 1771 3029 sum,
1821 2976 1870 3018 et
1899 2965 2059 3034 effudi
2087 2967 2143 3020 in
2180 2983 2259 3020 me
2306 2968 2428 3020 ani-

851 3074 1001 3120 mam.
1052 3073 1240 3110 meam.
1293 3055 1478 3125 Neque
1538 3056 1685 3112 enim
1729 3057 2193 3125 perturbationem
2251 3072 2425 3117 meam

851 3148 1194 3203 extrinsecus
1220 3147 1465 3217 protuli;
1507 3146 1600 3201 sed
1635 3146 1784 3201 intus
1825 3146 1880 3198 in
1917 3147 2098 3200 anima
2127 3151 2248 3202 mea
2274 3147 2429 3202 dolo-

855 3252 971 3294 rem
1016 3236 1356 3291 occultabam
1408 3236 1463 3290 in
1499 3235 1707 3306 meipso
1735 3235 2017 3291 confusus.
2059 3236 2246 3292 Simile
2293 3239 2425 3308 quid
2454 3223 2495 3308 ,C

855 3343 1052 3398 passus
1083 3326 1381 3398 Apostolus
1404 3327 1654 3383 dicebat:
1693 3327 1795 3382 Sed
1830 3329 1934 3397 ipsi
1962 3330 2016 3382 in
2039 3329 2426 3398 nobismetipsis

855 3439 1162 3492 responsum
1209 3424 1392 3477 mortis
1448 3423 1722 3478 habuimus
1777 3424 1843 3478 ".
1909 3424 1999 3479 Sic
2051 3426 2235 3495 itaque
2282 3441 2428 3481 nunc

856 3517 1019 3568 etiam
1047 3514 1210 3584 effudi
1237 3517 1293 3569 in
1321 3533 1400 3570 me
1431 3519 1664 3574 animam
1701 3533 1893 3581 meam,
1927 3517 2199 3587 inquiunt.
2239 3515 2426 3575 Perfe-

858 3608 932 3665 eti
961 3614 1142 3660 autem
1170 3606 1272 3660 viri
1294 3613 1377 3661 est
1396 3607 1524 3659 taiia
1546 3607 1694 3662 en‘ari
1721 3623 1904 3685 posse.

929 3781 1064 3835 Cum
1097 3780 1134 3835 ii
1158 3781 1552 3852 exprobrantes
1574 3781 1704 3837 mihi
1736 3781 1980 3838 dicerent
2007 3801 2018 3835 :
2061 3781 2160 3836 Ubi
2182 3793 2259 3837 est
2290 3781 2437 3837 Deus

863 3875 1030 3931 suus?
1060 3873 1246 3928 dolore
1292 3876 1573 3946 pungebar
1629 3875 1919 3945 animoque
1964 3883 2196 3930 mcestus
2243 3890 2428 3936 eram,

862 3963 1145 4031 perculsus
1176 3963 1466 4034 impiorum
1493 3967 1694 4021 verbis.
1726 3965 1979 4019 Attamen
2025 3967 2077 4018 iu
2111 3966 2435 4036 memetipso

861 4058 1216 4127 cogitationes
1239 4059 1584 4113 continebam
1611 4075 1780 4123 meas,
1813 4066 1872 4112 ut
1910 4074 1978 4113 ne
1999 4057 2308 4114 eli‘underer
2337 4075 2435 4114 ex-

863 4147 1054 4214 terius,
1085 4163 1195 4203 neu
1213 4163 1334 4203 mea
1355 4149 1409 4202 in
1439 4147 1548 4204 Deo
1575 4151 1814 4219 reposita
1837 4165 1932 4220 spe
1967 4150 2290 4205 exciderem.
2326 4150 2436 4204 Me-

864 4238 1092 4312 moriam
1143 4238 1346 4308 quippe
1403 4247 1650 4309 paratum
1695 4241 1827 4295 mihi
1878 4242 2036 4297 finem
2090 4241 2429 4311 repetebam,

863 4344 970 4394 qua
1001 4343 1107 4382 non
1127 4329 1444 4400 ignorabam
1480 4329 1611 4384 illud
1633 4329 1676 4361 ⁸⁸
1718 4347 1734 4384 :
1770 4334 1928 4386 Beati
1969 4334 2056 4402 qui
2085 4333 2277 4401 lugent,
2309 4349 2438 4402 quo-

864 4423 1009 4473 niam
1034 4423 1134 4490 ipsi
1158 4423 1589 4476 consolabuntur.
1618 4413 1886 4488 Quocirca
1933 4439 2056 4478 cum
2106 4425 2271 4494 probe
2310 4439 2439 4480 nosv

868 4529 1003 4577 sem,
1032 4516 1276 4582 quoniam
1307 4526 1430 4586 post
1452 4518 1590 4571 hanc
1623 4517 1898 4573 tristitiam
1928 4516 2163 4571 transibo
2190 4518 2247 4569 in
2266 4517 2437 4610 locum
2470 4555 2514 4610 Β

753 4605 759 4610 ’
870 4603 1195 4658 tabernaculi
1223 4607 1571 4662 admirabilis
1611 4625 1772 4679 usque
1819 4607 1886 4662 ad
1939 4609 2156 4663 domum
2187 4608 2324 4674 Dei,
2382 4603 2436 4662 s5:

2389 4594 2426 4622 Ι

869 4708 986 4748 Once
1010 4696 1448 4750 exsultationis'et
1476 4699 1819 4768 confessionis
1853 4702 1968 4755 soni
1998 4701 2300 4764 epulantis;
2329 4702 2438 4755 lith

870 4787 1174 4855 recordatus
1204 4805 1362 4844 sum:
1400 4805 1575 4860 neque
1617 4806 1713 4861 spe
1747 4809 1864 4847 mea
1900 4792 2136 4854 excidit,
2169 4792 2264 4846 sed
2297 4794 2437 4853 intra

871 4878 1141 4947 meipsum
1170 4879 1332 4946 eﬂ'udi
1368 4880 1600 4933 animam
1629 4897 1818 4935 meam.
1851 4882 1915 4936 Et
1946 4884 2071 4952 quia
2123 4884 2286 4937 talem
2336 4881 2438 4937 sibi

873 4984 1024 5038 spem
1054 4969 1397 5037 ascripserat,
1426 4972 1548 5040 jure
1574 4987 1637 5026 ac
1658 4973 1852 5027 merito
1880 4975 1995 5043 ipse
2031 4975 2136 5030 sibi
2177 4974 2438 5029 medelam

875 5059 1121 5115 admovet
1163 5060 1248 5115 his
1284 5063 1463 5117 verbis
1498 5084 1510 5118 :
1545 5064 1722 5130 Quare
1776 5065 1944 5119 tristis
1975 5083 2049 5128 es,
2085 5068 2264 5120 anima
2292 5084 2436 5130 mea,

874 5160 923 5203 et
952 5166 1110 5220 quare
1135 5152 1416 5206 conturbas
1445 5171 1523 5208 me
1547 5159 1569 5208 ἒ)
1601 5155 1835 5223 δρεῖανίη
1858 5155 1989 5218 Deo,
2009 5141 2253 5224 quoniam
2272 5159 2443 5212 adhuc

875 5242 1155 5310 conﬁtebor
1182 5246 1283 5307 illi,
1307 5247 1540 5300 salutare
1591 5249 1762 5301 vultus
1816 5249 1915 5300 mei
1966 5257 2015 5301 et
2059 5249 2199 5304 Deus
2253 5266 2440 5305 meus:

877 5348 1000 5387 nam
1032 5333 1100 5389 ad
1139 5334 1388 5390 ﬁduciam
1412 5378 1426 5401 ,
1475 5341 1927 5408 praesentiumque
1964 5355 2327 5396 arumnarum
2358 5350 2428 5394 to-

881 5426 1160 5498 lerantiam
1194 5441 1313 5482 sese
1349 5431 1685 5482 cohortatur.
1713 5429 1849 5482 Cum
1892 5445 2056 5499 porro
2083 5430 2440 5502 Symmachus

881 5517 956 5570 ait
986 5536 998 5571 :
1033 5517 1298 5583 Quoniam
1338 5519 1574 5587 egrediar
1604 5520 1683 5587 ad
1699 5519 2118 5584 tabernaculum,
2157 5522 2437 5591 bajulabor

880 5621 1040 5675 usque
1069 5608 1136 5661 ad
1165 5609 1378 5672 domum
1413 5608 1532 5674 Dei,
1563 5627 1681 5663 cum
1711 5626 1829 5679 voce
1858 5597 2225 5666 benedictionis
2245 5626 2291 5667 et
2314 5631 2438 5678 con-

882 5695 1122 5764 fetsiortis
1168 5699 1519 5765 multitudinis
1577 5697 1995 5754 concurrentium
2052 5703 2121 5756 ad
2164 5705 2439 5767 celebrita-

953 5854 998 5891 υ
1027 5851 1172 5918 Psal.
1207 5867 1280 5925 ι,
1314 5853 1399 5920 u.
1475 5854 1516 5889 "’
1555 5853 1737 5920 ιιαοτ.
1771 5871 1825 5927 ιι
1857 5857 1908 5919 9.
1986 5856 2030 5890 ³⁸
2070 5858 2258 5926 “sub.
2295 5876 2352 5928 ν,
2384 5863 2433 5930 4.

2527 1954 2617 2008 διὰ
2656 1955 2836 2024 πάσης
2879 1953 3090 2026 ἡμέρας
3113 1955 3208 2007 καὶ
3241 1956 3431 2020 νυκτὸς
3455 1959 3838 2030 παραιτεῖσθαι
3871 1959 3967 2030 μὲν
4000 1959 4096 2013 καὶ

2525 2046 2684 2100 αὑτὸν
2704 2047 2794 2099 τὸν
2825 2047 3007 2117 ἄρτον,
3036 2047 3181 2117 μόνῳ
3205 2045 3263 2099 δὲ
3277 2048 3354 2118 τῷ
3375 2048 3634 2121 κλαυθμῷ
3658 2050 3958 2122 σχολάζειν.
3982 2052 4096 2108 Μά-

2524 2140 2682 2193 λιστα
2705 2140 2760 2192 δὲ
2785 2139 2933 2213 ταῦτ’
2973 2139 3238 2210 ἔπραττον
3286 2141 3376 2193 καὶ
3399 2141 3548 2196 ταῦτ’
3583 2143 3835 2216 ἔπασχον,
3874 2145 4098 2200 ἀκούον-

2525 2249 2613 2294 τες
2639 2231 2800 2300 αὑτοῦ
2832 2230 2926 2283 τοῦ
2967 2230 3096 2285 λαοῦ
3120 2271 3134 2295 ,
3171 2230 3370 2301 μᾶλλον
3410 2232 3466 2286 δέ
3495 2231 3602 2286 τῶν
3644 2235 3855 2289 ἀσεϐῶν
3882 2235 3990 2289 τῶν
4038 2238 4100 2289 ἐν

2525 2323 2672 2394 αὐτῷ
2703 2324 2995 2392 λεγόντων·
3027 2323 3150 2377 Ποῦ
3177 2323 3348 2379 ἐστιν
3371 2327 3403 2378 ό
3429 2325 3571 2391 Θεός
3593 2340 3741 2390 σου;
3777 2327 3851 2380 Οὐ
3877 2328 3986 2400 γὰρ
4004 2327 4097 2398 δή-

2526 2432 2629 2466 που
2645 2416 2693 2468 οἱ
2715 2414 2898 2486 ἐχθροὶ
2919 2415 3011 2467 καὶ
3031 2414 3275 2485 πολέμιοι
3298 2414 3416 2468 καθ’
3439 2414 3670 2487 ἑκάστην
3694 2416 3903 2487 ἡμέραν
3922 2416 4097 2471 ταῦτα

2527 2507 2710 2570 αὐτοῖς
2757 2506 2938 2576 ἔλεγον
2962 2523 2974 2540 ·
3005 2506 3118 2558 ἀλλ’
3149 2507 3293 2571 ἐίκὸς
3315 2508 3442 2570 τοὺς
3471 2509 3528 2561 ἐν
3555 2508 3631 2578 τῷ
3655 2507 3797 2562 ἔθνει
3836 2508 4097 2573 ἀπίστους

2527 2597 2602 2660 ῶς
2652 2596 2831 2667 μάτην
2883 2596 3263 2662 θεοσεὸοὖντας
3292 2599 3385 2651 καὶ
3433 2601 3551 2669 είκῆ
3599 2599 3930 2670 μοχθοῦντας
3971 2600 4096 2663 τοὺς

2529 2688 2824 2758 προφήτας.
2854 2687 3310 2758 καταμέμφεσθαι
3355 2672 3451 2749 καλ
3491 2688 3670 2757 λέγειν
3696 2691 3878 2752 αὐτοις
3900 2706 3914 2718 ·
3969 2689 4096 2744 Ποῦ

2528 2778 2696 2832 ἐστιν
2740 2781 2774 2832 ό
2804 2779 2948 2844 Θεός
2991 2793 3147 2842 σου;
3179 2777 3331 2850 Ἀ’δὴ
3361 2779 3512 2848 παρὰ
3557 2780 3666 2834 τῶν
3711 2778 3954 2850 ἀδελφῶν
4001 2782 4097 2835 καὶ

2530 2870 2828 2940 συγγενῶν,
2858 2871 2951 2925 καὶ
2974 2870 3262 2944 γνωρίμων
3285 2871 3570 2935 ἀκούοντες
3589 2912 3604 2936 ,
3644 2872 3712 2930 τὰ
3745 2873 3839 2927 τοῦ
3865 2872 4098 2937 πένθους

2528 2966 2828 3018 ἐπέτεινονο
2860 2965 2940 3019 διό
2970 2982 3101 3034 φασι
3120 2983 3134 2996 ο
3167 2965 3356 3020 Ταῦτα
3375 2967 3716 3036 ἐμνήσθην,
3759 2969 3857 3021 καὶ
3884 2967 4097 3037 ἐξέχεσ

2527 3057 2618 3109 ἐπ’
2645 3057 2750 3126 ἐμὲ
2797 3056 2910 3125 τὴν
2943 3057 3154 3127 ψυχήν
3187 3076 3327 3128 μου.
3375 3059 3450 3112 Οὐ
3476 3059 3583 3130 γὰρ
3607 3058 3713 3123 ἔξω
3725 3061 3830 3130 τὴν
3855 3059 4092 3131 ἐμαυτοῦ

2529 3149 2775 3218 ταραχὴν
2817 3147 3096 3217 ἐνέφαινον
3123 3190 3136 3216 ,
3165 3149 3278 3203 ἀλλ’
3304 3149 3457 3204 ἔνδον
3476 3152 3532 3201 ἐν
3569 3153 3643 3221 ’τῇ
3671 3151 3907 3221 ἐμαυτοῦ
3951 3151 4096 3222 ψυχῇ

2530 3237 2787 3310 κρύπτων
2810 3237 2907 3308 τὴν
2935 3238 3075 3309 ἐμήν
3098 3238 3365 3308 ἀλγηδόνα
3383 3238 3484 3292 καὶ
3521 3228 3647 3309 mp“
3696 3238 3914 3310 ἐμαυτῷ
3965 3225 4095 3309 συγ·¹

2529 3331 2804 3400 χεόμενος.
2837 3328 3088 3384 Τοιοῦτον
3112 3330 3166 3382 δέ
3194 3347 3247 3382 τι
3269 3327 3550 3392 πεπονθὼς
3569 3331 3597 3381 ό
3629 3321 3944 3394 ’Δπόστολος
3982 3330 4100 3384 ἔλε-

2531 3436 2656 3488 γεν·
2698 3421 2847 3475 Ἀλλ’
2872 3422 3040 3475 αὐτοὶ
3071 3422 3140 3474 ὲν
3163 3421 3398 3487 ἑαυτοῖς
3424 3420 3820 3490 τό-ἀπόνκριμα
3851 3420 3958 3475 τοῦ
3995 3425 4100 3484 θα,

2531 3510 2716 3564 νότου
2741 3512 3106 3583 ἐσχήκαμεν.
3132 3513 3319 3575 Οὕτως
3344 3509 3436 3566 οὖν
3466 3512 3561 3565 καὶ
3581 3511 3696 3575 νῦν,
3740 3512 3986 3582 Ἐξέχεα
4006 3513 4100 3566 ἐπ’

2531 3603 2635 3672 ἐμὲ
2663 3605 2776 3673 τὴν
2812 3604 3022 3674 ψυχήν
3041 3624 3182 3674 μου,
3222 3606 3368 3674 φασί.
3396 3606 3614 3659 Τελείου
3645 3605 3827 3659 δλέστὶ
3853 3606 3915 3658 τὸ
3943 3605 4104 3661 δύνα-

2535 3697 2654 3751 σθαι
2677 3696 2834 3751 τοῦτο
2858 3697 3054 3766 λέγειν.

2604 3789 2883 3856 Λεγόντων
2933 3805 3042 3859 μοι,
3107 3790 3258 3858 φησι,
3293 3788 3399 3842 τῶν
3425 3787 3795 3860 ὀνειδιζόντων
3837 3801 3950 3854 ,με’
3977 3787 4102 3842 Ποῦ

2533 3879 2707 3932 ἐστιν
2755 3882 2788 3932 ὁ
2825 3880 2968 3943 Θεός
3019 3894 3171 3941 σου;
3226 3878 3530 3949 ἐδακνόμην
3582 3879 3773 3949 μὲντῇ
3826 3877 3972 3950 λύπῃ
4009 3879 4103 3931 καὶ

2536 3968 2874 4038 ὑπερήλγουν
2909 3965 3006 4036 τὴν
3042 3966 3218 4038 ψυχὴν
3257 3967 3622 4038 πληττόμενος
3659 3967 3764 4020 ὑπὸ
3796 3966 3902 4020 τῶν
3933 3966 4104 4035 λόγων

2535 4059 2640 4112 τῶν
2674 4059 2904 4112 ἀσεόῶν.
2931 4059 3118 4128 Ὅμως
3158 4059 3202 4112 δ’
3232 4055 3323 4112 οὖν
3357 4060 3415 4112 ἐν
3459 4057 3680 4129 ἐμαυτῷ
3710 4061 3952 4129 συνεῖχον
3979 4059 4103 4122 τοὺς

2537 4153 2772 4222 ἐμαυτοῦ
2802 4152 3116 4221 λογισμοὺς,
3144 4153 3278 4222 πρὸς
3314 4152 3376 4204 τὸ
3406 4153 3479 4222 μὴ
3514 4150 3849 4222 προχυθῆναι
3879 4151 3972 4203 καὶ
4003 4150 4104 4220 τῆς

2539 4244 2903 4314 προκειμένης
2953 4259 3043 4312 μοι
3083 4242 3175 4295 τοῦ
3225 4243 3357 4296 Θεοῦ
3418 4235 3671 4296 ἐκπεσεῖν
3705 4243 3937 4307 ἐλπίδος.
3990 4244 4106 4296 ’Δν-

2539 4334 2733 4402 έφερον
2759 4333 2867 4403 γὰρ
2896 4335 2960 4402 τῇ
2993 4334 3180 4406 μνήμῃ
3202 4333 3262 4386 τὸ
3290 4335 3577 4404 περιμένον
3597 4351 3664 4404 με
3691 4333 3859 4398 τέλος·
3888 4335 4011 4387 ἐπεὶ
4032 4333 4104 4404 μὴ

2540 4423 2796 4490 ἠγνόουν,
2842 4422 2922 4474 δτι
2955 4422 3240 4490 Μακάριοι
3272 4426 3324 4476 ol
3370 4423 3750 4491 πενθοῦντες.
3793 4425 3881 4478 ὅτι
3918 4441 4105 4492 παρα-

2540 4513 2969 4580 κληθήσονται.
3023 4513 3117 4567 Διὸ
3172 4514 3251 4584 δὴ·
3287 4514 3526 4584 ἀκριϐῶς
3578 4517 3972 4586 ἐπιστάμενος,
4019 4516 4107 4569 ὅτι

2544 4604 2681 4675 μετὰ
2717 4605 2788 4658 τὰ
2814 4603 3111 4676 σκυθρωπά
3137 4605 3516 4676 διελεύσομαι
3556 4607 3628 4673 ἐν
3670 4608 3831 4671 τόπῳ
3873 4604 4108 4672 σκηνῆς

2540 4696 2887 4766 θαυμαστῆς
2931 4698 3043 4764 ἕως
3084 4698 3189 4752 τοῦ
3245 4698 3413 4752 οἴκου
3458 4698 3563 4752 τοῦ
3610 4697 3791 4762 Θεοῦ,
3819 4697 3890 4750 ἐν·
3938 4696 4107 4765 φωνῇ

2541 4788 2952 4858 ἀγαλλιάσεως
2980 4789 3078 4843 καὶ
3105 4789 3592 4859 ἐξομολογήσεως
3618 4788 3773 4856 ἤχου
3808 4785 4106 4854 ἑορτάζον-

2541 4897 2681 4946 τος,
2726 4880 2913 4934 ταῦτα
2963 4880 3307 4950 ἐμνήσθην
3363 4880 3458 4932 καὶ
3512 4879 3611 4932 οὐκ
3671 4878 3956 4943 ἐξέπιπτον
4009 4879 4107 4949 τῆς

2542 4971 2774 5035 ἐλπίδος,
2815 4971 2930 5025 ἀλλ’
2969 4974 3208 5043 εῐσωπερ
3248 4971 3467 5041 ἐμαυτῷ
3499 4969 3710 5037 ὲξέχεα
3741 4968 3855 5036 τὴν
3899 4970 4109 5039 ψυχήν

2543 5079 2679 5131 μου.
2697 5064 2806 5117 Καὶ
2839 5064 3023 5135 ἐπειδὴ
3047 5064 3301 5126 τοιαύτας
3322 5063 3634 5130 ὑπέγραφεν
3667 5059 3842 5130 ἔαυτῷ
3867 5061 4104 5142 ἐλπίδας,

2545 5158 2770 5221 εἰκότως
2800 5159 2963 5222 αὐτὸς
3004 5159 3194 5212 ἐαυτὸν
3218 5157 3504 5226 θεραπεύει
3539 5156 3632 5208 καὶ
3672 5155 3848 5222 λέγει·
3892 5157 4022 5209 Ἵνα
4056 5159 4112 5211 τί

2545 5251 2875 5317 περίλυπος
2912 5247 2986 5312 εἴ,
3027 5252 3065 5316 ἡ
3111 5248 3280 5316 ψυχή
3326 5265 3475 5316 μου,
3510 5245 3606 5299 καί
3647 5247 3746 5300 ἵνα
3779 5248 3836 5300 τί
3884 5261 4109 5300 συντα-

2536 5340 2794 5408 ράσσεις
2817 5356 2929 5409 ps;
2955 5340 3246 5392 Ἐλπισον
3289 5336 3386 5389 ἐπὶ
3425 5335 3592 5398 Θεὸν,
3635 5335 3720 5389 ὅτι
3750 5333 4112 5419 ἐξομολογή-

2543 5449 2723 5502 σομαι
2761 5430 2922 5496 αὑτῷ
2956 5428 3251 5497 σωτήριον
3280 5428 3384 5482 τοῦ
3427 5427 3744 5496 προσώπου
3776 5446 3894 5496 μου
3938 5426 4038 5478 καὶ
4081 5428 4111 5477 ό

2547 5525 2690 5588 Θεός
2711 5542 2828 5591 μου
2846 5540 2859 5552 ·
2882 5522 3073 5590 θαρσεῖ
3090 5520 3198 5590 γὰρ
3216 5518 3392 5589 ἐαυτῷ
3407 5519 3508 5572 καὶ
3532 5517 3602 5570 τὰ
3627 5517 3868 5588 παρόντα
3893 5513 4107 5583 λυπηρὰ

2550 5613 2806 5681 γενναίως
2838 5611 3025 5681 φίρειν
3065 5609 3475 5682 παρεκελεύετο.
3511 5607 3697 5676 Λέγων
3731 5607 3786 5659 δέ
3826 5607 3855 5657 ό
3886 5603 4102 5672 Σύμμα-

2546 5723 2656 5775 χοε.
2687 5707 2790 5758 Ὂτ
2795 5724 2812 5757 ι
2839 5703 3229 5774 ἐξελεύσομαι
3253 5707 3337 5782 εἰς
3366 5703 3478 5774 τὴν·
3505 5697 3764 5779 σκηνὴ-ν,
3794 5695 4104 5752 διαϐαπταο
