4354 6462
272 484 380 542 375

1393 470 1896 549 couiiENrAmA
1934 495 1999 550 1N
2036 493 2369 557 PSALMOS.

3400 520 3511 578 37L

270 600 569 670 χθήσομαι
608 602 717 673 ἕως
746 604 853 659 τοῦ
897 606 1065 688 οὺιου
1104 610 1208 663 τοῦ
1245 610 1413 673 Θεοῦ,
1442 612 1604 680 μετὰ.
1632 614 1835 681 φωνῆς
1864 622 1885 676 Α

1864 622 1909 676 Α
1940 626 2071 679 tem;
2095 622 2177 675 vel
2203 623 2503 678 secundum
2547 625 2799 696 Aquilam
2840 627 3086 689 :Laudis
3108 640 3169 689 et
3211 639 3503 706 gratiarum

269 694 565 762 εὐφημίας
600 695 697 747 καί
738 686 1228 768 ἑξομολογήσεως
1258 701 1529 768 πλήθους
1574 718 1838 774 πανηγυ-

263 783 575 851 ριζόντων·
600 786 633 855 ἢ
660 787 801 841 κατὰ
822 789 914 842 τὸν
948 791 1196 856 Ἀκύλαν,
1224 792 1518 861 Αίνέσεως
1539 796 1636 849 καὶ
1666 798 1849 866 εὐχαὲ

248 875 502 941 .ριστίας
527 874 713 946 ὄχλου
736 870 1116 947 ἐορτάζοντος
1135 898 1147 910 ·
1176 884 1431 956 παρίστη
1479 888 1659 941 ὁποῖον
1688 888 1837 943 ἔσται

268 962 331 1014 τὸ
346 964 496 1029 τέλος
518 967 624 1021 τῶν
645 970 703 1022 ὲν
717 968 1042 1048 τῷὲπαρόντι
1066 972 1165 1045 βίῳ
1192 976 1297 1028 πᾶν
1321 976 1382 1029 τὸ
1406 978 1558 1033 ἐπιὸν
1578 981 1837 1048 γενναίως

268 1054 664 1125 ὑπομενόντων..
689 1039 996 1131 Διαδέξεται
1009 1039 1118 1136 γάρ
1132 1039 1350 1133 τούτους
1364 1070 1424 1123 τὸ
1436 1039 1834 1146 τρισμακάριον

266 1146 439 1211 τέλος,
466 1150 499 1219 ἡ
546 1149 832 1225 θαυμαστὴ
867 1154 1037 1227 σκηνὴ
1068 1157 1159 1210 τοῦ
1185 1158 1343 1224 Θεοῦ,
1386 1163 1479 1215 καὶ
1507 1165 1535 1216 6
1572 1164 1837 1219 ἐνδοτάτω

267 1237 437 1308 αὐτῆς
464 1234 610 1305 οἶκος
647 1243 831 1311 αὐτοῦ,
868 1247 925 1300 ὲν
960 1239 1005 1314 ᾧ
1034 1249 1083 1300 oi
1128 1248 1269 1313 ἄξιοι
1323 1244 1845 1327 διαϐασταζόμενοι

267 1330 359 1412 καὶ
410 1332 678 1404 ,μετέωροι
731 1337 834 1390 ὑπὸ
878 1339 1183 1408 ἀγγελικῶν
1232 1343 1513 1415 δυνάμεων
1553 1349 1834 1420 παίρόμενοι

265 1409 695 1495 είσαχθήσονται.
723 1430 788 1481 Ἃ
810 1429 873 1501 δὴ
902 1432 995 1485 καὶ
1026 1435 1053 1485 ό
1096 1409 1415 1501 Ἀπόστολος
1435 1436 1587 1502 είδὼς
1620 1409 1832 1509 Ille-raw

274 1509 757 1586 Ἀρπαγησόμεθα
791 1519 862 1573 ἐν
890 1523 1171 1589 νεφέλαις
1196 1528 1284 1591 είς
1334 1526 1675 1595 ἀπάντησιν
1726 1530 1832 1584 τοῦ

263 1605 487 1671 Κυρίου
516 1609 601 1674 εὶς
632 1609 795 1678 ἀέρα,
839 1612 1125 1668 καὶιούτω
1182 1615 1436 1670 πάντοτε
1474 1617 1597 1673 σὺν
1641 1622 1834 1690 Κυρίῳ

260 1694 542 1765 ἐσόμεθα.

333 1806 545 1889 Σκηνήν
600 1808 657 1862 δὲ
704 1808 1024 1886 θαυμαστὴν
1057 1815 1150 1868 τοῦ
1204 1816 1336 1872 Θεοῦ
1384 1820 1637 1890 ὀνομάζει
1697 1825 1832 1896 πρὸς

259 1886 661 1969 ἀντιδιαστολὴν
693 1900 886 1970 ἑτέρας
919 1904 978 1955 οὐ
1015 1904 1349 1977 θαυμαστῆς,
1376 1886 1532 1963 ὁποία
1568 1906 1636 1982 ἦν
1663 1912 1696 1982 ἡ

259 1987 534 2051 Μωῦσέως
566 1989 657 2042 ἐπὶ
690 1990 791 2061 γῆς
843 1997 1346 2069 κατεσκευασμένη.
1406 2000 1730 2075 Θαυμαστὴν
1769 2003 1825 2057 δὲ

256 2076 473 2149 ἀληθῶς
501 2079 703 2151 σκηνὴν
730 2083 963 2152 νοήσεις,
999 2086 1067 2155 ἢν
1091 2088 1149 2138 oi
1179 2089 1439 2159 μακάριοι
1466 2089 1558 2145 τοῦ
1600 2090 1733 2145 Θεοῦ
1767 2092 1824 2145 ὲν

258 2167 469 2223 ἐλπίσιν
491 2170 743 2227 ἐτίθεντο.
764 2174 907 2244 Αὖτη
929 2174 986 2228 δὲ
1013 2172 1081 2247 ἦν
1106 2178 1139 2247 ἡ
1170 2179 1507 2251 ἐπουράνιος,
1532 2176 1598 2252 ἦς
1624 2182 1823 2246 τύπους

257 2262 621 2328 κατεσκεύαζε
636 2266 874 2336 Μωῦσῆς
891 2268 982 2320 ἐπὶ
1007 2267 1104 2338 τῆς
1125 2269 1350 2340 ἐρήμου.
1367 2272 1501 2341 Περὶ
1524 2268 1592 2345 ἦς
1613 2273 1821 2344 θαυμα-
1867 2268 1871 2272 ι

257 2353 389 2423 στῆς
413 2356 615 2426 σκηνῆς
636 2356 729 2409 καὶ
748 2357 776 2407 6
803 2356 946 2420 θεῖος
978 2359 1293 2435 Ἀπόστολος
1320 2361 1583 2417 διδάσκων
1602 2363 1784 2435 ἔλεγεν
1804 2382 1817 2396 ⁸
1864 2386 1867 2387 ν

259 2445 538 2502 Τοιοῦτον
565 2448 785 2518 ἔχομεν
812 2450 1108 2519 ἀρχιερέα,
1138 2450 1205 2518 ὃς
1227 2432 1507 2509 ἐκάθισεν
1546 2455 1616 2509 ἐν
1655 2432 1822 2523 δεξιᾷ

254 2541 359 2595 τοῦ
390 2542 603 2609 θρόνου
640 2541 750 2609 τῆς
793 2545 1220 2611 μεγαλοσύνης
1265 2545 1334 2598 ἐν
1366 2546 1490 2613 τοῖς
1522 2549 1817 2616 οὐρανοῖς,

252 2632 371 2687 τῶν
402 2633 583 2701 ἁγίων
618 2633 961 2701 λειτουργὸς
988 2633 1085 2687 καὶ
1120 2634 1231 2703 τῆς
1262 2637 1501 2706 σκηνῆς
1530 2638 1638 2707 τῆς
1676 2640 1820 2707 ἀλη-

253 2720 442 2788 θινῆς,
472 2721 555 2789 ἢν
598 2721 823 2789 ἔπηξεν
862 2726 894 2777 ό
942 2726 1177 2793 Κύριος,
1211 2728 1323 2780 οὐκ
1353 2728 1690 2796 ἅνθρωπος·
1736 2725 1818 2793 οἷς

253 2814 492 2881 ἐπιλέγει
530 2813 684 2884 ἑξῆς·
711 2816 937 2881 Οἵτινες
967 2818 1351 2887 ὑποδείγματι
1404 2824 1502 2875 καὶ
1534 2821 1689 2889 σκιῷ
1710 2825 1806 2876 λα-

252 2905 531 2972 τρεύουσι
557 2902 675 2956 τῶν
709 2906 1098 2974 ἐπουρανίων,
1124 2908 1317 2975 καθὼς
1354 2908 1815 2979 κεχρημάτισται

248 2992 511 3062 Μωῖνσῆς
549 2993 801 3067 μέλλων
840 2994 1135 3051 ἐπιτελεῖν
1181 2995 1296 3065 τὴν
1348 2997 1607 3067 σκηνήν.
1656 3001 1811 3067 Ὅρα,

249 3082 358 3153 γάρ
391 3098 544 3154 φησι,
588 3082 861 3153 ποιήσεις
894 3083 1092 3139 πάντα
1135 3086 1284 3141 κατὰ
1314 3087 1420 3141 τὸν
1463 3089 1654 3143 τύπον
1708 3090 1815 3142 τὸν

247 3175 557 3244 δειχθέντα
579 3193 678 3230 σοι
704 3176 772 3229 ὲν
801 3175 880 3241 τῷ
906 3176 1044 3244 ὄρει.
1087 3176 1246 3231 Ἀλλὰ
1272 3177 1448 3232 ταῦτα
1479 3179 1575 3249 μὲν
1608 3179 1812 3243 εἰκόνες

246 3263 386 3337 ἦσαν
430 3267 525 3321 καὶ
575 3267 817 3339 σύμϐολα
852 3267 961 3324 τῶν
1007 3270 1342 3340 ἐπουρανίων
1362 3288 1375 3302 ·
1418 3271 1672 3340 Χριστὸς
1720 3271 1809 3337 δὲ,

248 3358 725 3426 πεφαγενόμενος
770 3355 1080 3425 ἀρχιερεὺς
1122 3356 1240 3410 τῶν
1281 3360 1631 3441 μελλόντων
1674 3361 1816 3430 ἀττι-

248 3445 369 3499 θῶν
386 3485 401 3510 ,
435 3446 534 3500 διὰ
574 3447 686 3515 τῆς
716 3447 985 3517 μείζονος
1033 3448 1133 3501 καὶ
1176 3449 1542 3517 τελειοτέρας
1580 3450 1816 3519 σκηνῆς

247 3539 320 3590 οὺ
355 3524 788 3606 χειροποιήτου,
819 3536 1131 3593 τουτέστιν
1173 3540 1246 3593 οὐ
1284 3541 1506 3608 ταύτης
1552 3542 1663 3612 τῆς
1690 3545 1815 3598 κτι-

247 3644 422 3693 σεως,
448 3626 593 3681 οὐδὲ
622 3627 695 3681 δι’
725 3629 970 3697 αἵματος
1028 3628 1259 3701 τράγων
1284 3631 1385 3686 καὶ
1422 3634 1691 3702 μόσχων,
1718 3634 1817 3691 διὰ

246 3717 315 3771 δὲ
346 3719 453 3773 τοῦ
472 3717 658 3784 ,ἰδίου
707 3720 952 3787 αἳματος
1010 3718 1293 3789 εἰσῆλθεν
1343 3722 1581 3794 ἐφάπαξ
1617 3726 1705 3791 εις
1742 3726 1816 3781 τὰ

245 3807 414 3877 ἅγια,
461 3809 708 3863 αἰωνίαν
746 3811 1048 3878 λύτρωσιν
1077 3811 1423 3881 εὑράμενος.
1459 3812 1522 3865 Εἰ
1564 3812 1621 3865 δὲ
1659 3812 1815 3882 χαρὰ

244 3899 469 3968 γίνεται
511 3899 581 3953 ὲν
620 3897 745 3965 τοῖς
776 3900 1053 3967 οὐρανοῖς
1085 3900 1193 3953 τῶν
1239 3901 1485 3970 ἀγγέλων
1536 3899 1629 3954 τοῦ
1677 3902 1811 3957 Θεοῦ

243 3989 340 4041 ἐπὶ
366 3988 458 4043 ἐνὶ
487 3986 811 4057 ἀμαρτωλῷ
824 3987 1237 4056 μετανοοῦντι,
1267 3986 1511 4051 εἰκότως,
1536 3985 1813 4055 θεοφιλοῦς

243 4080 423 4153 ψυχῆς
462 4080 598 4150 μετὰ
627 4064 718 4133 τὸν
755 4077 1000 4149 αὐτάρκη
1026 4077 1123 4130 καὶ
1158 4077 1251 4132 τὸν
1297 4079 1538 4152 παρόντα
1584 4077 1697 4148 βίον
1725 4077 1814 4133 διὰ

245 4169 551 4241 γυμνασίαν
583 4166 1016 4239 καταξιουμένης
1039 4168 1141 4239 τῆς
1171 4171 1252 4233 είς
1281 4169 1351 4223 τὰ
1381 4171 1513 4238 ἅγια
1540 4169 1609 4223 τὰ
1649 4172 1811 4224 ἔπου-

246 4264 407 4334 ράνια
433 4258 669 4324 εἰσόδου,
709 4259 859 4331 φωνὴ
895 4258 1099 4327 γίνεται
1129 4260 1403 4333 εὐφημίας
1438 4260 1682 4332 πλήθους
1710 4270 1813 4316 πα-

243 4349 638 4425 νηγυριζόντων
682 4350 775 4402 καὶ
812 4340 1272 4421 εὐχαριπούντοίν
1312 4349 1405 4406 ἐπὶ
1453 4356 1517 4425 τῇ
1571 4355 1813 4427 σωτηρίᾳ

242 4442 336 4498 τοῦ
387 4441 714 4510 σωζομένου.
745 4442 812 4494 "A
858 4442 923 4513 δὴ
966 4442 1333 4515 πεπεισμένος
1370 4440 1512 4499 εἶναι
1555 4446 1728 4518 ἀληθῆ
1782 4448 1811 4500 6

242 4536 458 4611 rodant;
489 4532 875 4604 μαθητευθεὶς,
910 4528 1134 4598 εἰκότως
1178 4536 1315 4606 πρὸς
1351 4537 1540 4591 ἑαυτὸν
1566 4530 1766 4607 φάσκει
1793 4556 1807 4570 -

244 4626 365 4682 Ἵνα
395 4625 452 4678 τί
495 4626 821 4693 περίλυπος
874 4621 959 4688 εἷ,
1007 4625 1259 4720 ἠ-ψυχή
1290 4644 1443 4720 μου,
1467 4627 1567 4681 καὶ
1605 4629 1706 4683 ἵνα
1753 4630 1811 4684 τι
1841 4665 1885 4720 D

1947 712 2168 767 actionis
2202 713 2370 770 turbae
2397 715 2588 784 festum
2622 719 2965 786 celebrantis;
3018 726 3256 783 declarat
3300 732 3393 800 q-ui
3443 732 3499 787 li-

1940 804 2027 859 nis
2050 820 2239 860 eorum
2278 806 2500 863 futurus
2532 808 2633 875 sit,
2657 812 2749 880 qui
2779 812 2834 867 in
2868 812 2968 869 hac
2999 816 3104 870 vita
3124 830 3287 877 casus
3312 835 3502 880 omnes

1942 899 2162 947 strenue
2212 895 2590 953 sustinuerint.
2642 898 2755 957 Hos
2797 902 2941 957 enim
2972 906 3202 976 excipiet
3244 906 3503 968 felicissi-

1936 1000 2059 1042 mus
2099 986 2243 1052 ﬁnis,
2275 989 2529 1047 videlicet
2576 992 2982 1052 tabernaculum
3014 998 3145 1054 illud
3190 1000 3286 1059 Dei
3326 1005 3503 1060 admi-

1924 1076 2190 1147 randum,
2212 1086 2266 1133 et
2294 1095 2413 1158 quas
2441 1080 2497 1135 in
2523 1082 2731 1141 intimis
2757 1085 2878 1156 ejus
2918 1089 3170 1158 partibus
3211 1094 3387 1171 posita
3414 1104 3501 1152 est

1935 1168 2133 1225 domus
2154 1169 2271 1237 Dei,
2301 1174 2354 1227 in
2388 1189 2550 1243 quam
2576 1178 2752 1232 sancti
2772 1179 3043 1239 homines
3078 1168 3408 1251 deferentur,
3434 1202 3499 1243 ac

1936 1261 2200 1318 sublimes
2232 1263 2302 1319 ab
2350 1265 2607 1335 angelicis
2652 1269 2948 1328 virtutibus
2976 1274 3103 1330 elati
3134 1276 3498 1334 intromitten-

1932 1360 2043 1409 tur.
2069 1353 2311 1421 Quorum
2348 1372 2552 1426 gnarus
2575 1358 2866 1429 Apostolus
2889 1364 2960 1419 ita
2993 1366 3312 1439 loquebatur
3341 1389 3355 1430 :
3389 1368 3499 1429 Ra-

1932 1450 2135 1516 piemur
2167 1450 2222 1501 in
2268 1450 2490 1505 nubibus
2520 1453 2727 1509 obviam
2767 1456 2991 1517 Domino
3029 1461 3087 1520 in
3120 1478 3246 1518 aera
3269 1503 3284 1529 ,
3335 1472 3385 1521 et
3419 1465 3507 1522 sic

1932 1558 2135 1611 semper
2155 1560 2272 1598 cum
2307 1544 2533 1605 Domino
2562 1550 2758 1608 erimus
2796 1552 2863 1611 ³⁸.
2893 1562 2897 1566 ’

1896 1824 1927 1835 εκ

2003 1837 2436 1897 Tabernaculum
2470 1852 2649 1901 autem
2681 1845 2775 1903 Dei
2812 1850 3058 1908 mirabile
3083 1863 3262 1921 vocat,
3293 1856 3361 1913 ad
3388 1858 3501 1930 dif-4

1858 1972 1900 2027 Β
1933 1930 2214 1989 ferentium
2264 1936 2487 1995 alterius
2538 1940 2681 2011 quod
2739 1956 2868 1998 sane
2912 1945 3161 2002 mirabile
3200 1962 3311 2003 non
3358 1942 3490 2007 est:

1931 2028 2093 2096 quale
2114 2039 2232 2085 erat
2272 2031 2402 2087 illud
2431 2040 2675 2108 tempore
2717 2035 2920 2109 Moysis
2962 2039 3017 2094 in
3067 2034 3213 2097 terra
3242 2052 3493 2100 constru-

1929 2131 2097 2178 ctum.
2134 2121 2378 2187 Mirabile
2402 2110 2580 2180 autem
2610 2142 2800 2184 revera
2838 2131 3248 2190 tabernaculum
3303 2136 3493 2193 intelli-

1927 2227 2063 2283 gas,
2113 2213 2259 2284 quod
2291 2215 2434 2270 beati
2464 2214 2559 2271 Dei
2600 2217 2653 2271 in
2714 2235 2864 2289 spem
2913 2223 3017 2278 sibi
3067 2226 3491 2288 constituerunt.

1927 2301 2042 2359 Hoc
2078 2315 2256 2360 autem
2297 2307 2516 2363 caeleste
2572 2307 2701 2378 illud
2733 2318 2869 2377 erat,
2892 2314 3053 2383 cujus
3092 2316 3319 2387 ﬁguram
3351 2318 3493 2390 Mov-

1927 2410 2017 2451 ses
2042 2397 2098 2451 in
2120 2397 2333 2454 deserto
2360 2398 2666 2455 adornavit.
2713 2401 2788 2458 De
2820 2419 2930 2474 quo
2970 2406 3277 2463 admirabili
3311 2414 3487 2468 taber-

1918 2490 2123 2558 naculo
2151 2489 2268 2546 haec
2296 2492 2522 2547 tradidit
2564 2494 2784 2551 divinus
2818 2496 3146 2567 Apostolus:
3183 2500 3365 2555 Talem
3392 2502 3491 2556 Im-

1926 2577 2104 2632 bemus
2141 2583 2467 2650 pontiﬁcem,
2530 2586 2622 2655 qui
2669 2587 2904 2641 consedit
2948 2590 3003 2643 in
3054 2590 3268 2646 dextera
3314 2593 3489 2648 throni

1923 2671 2303 2741 magnitudinis
2332 2675 2386 2727 in
2415 2675 2558 2731 cretis
2584 2688 2935 2741 ,‘sanctorum
2959 2682 3197 2738 minister
3223 2693 3273 2739 et
3311 2686 3490 2741 taber-

1921 2761 2102 2815 naculi
2128 2764 2237 2816 veri
2264 2764 2400 2833 quod
2423 2767 2540 2834 fixit
2564 2767 2841 2833 Dominus,
2862 2779 2914 2824 et
2941 2787 3045 2825 non
3066 2772 3218 2827 homo
3249 2775 3327 2843 ‘°;
3367 2777 3491 2846 qui-

1919 2852 2024 2908 bus
2051 2853 2245 2910 deinde
2269 2856 2548 2929 subjungit
2582 2878 2595 2913 :
2630 2859 2735 2925 Qui
2761 2862 3050 2929 exemplari
3082 2875 3133 2917 et
3162 2866 3363 2921 umbra:
3392 2869 3487 2922 de.

1920 2947 2151 3001 serviunt
2178 2949 2481 3013 caelestium,
2527 2951 2663 3005 sicut
2717 2963 3017 3021 responsum
3046 2964 3124 3009 est
3157 2944 3488 3028 Moysicuns

1919 3055 2283 3115 consummare
2338 3042 2489 3098 uellet
2553 3043 2994 3102 tabernaculum:
3046 3047 3208 3115 Vide,
3271 3051 3483 3122 inquit,

1919 3133 2097 3187 omnia
2120 3134 2282 3203 facito
2300 3124 2595 3190 secundum
2619 3139 2909 3208 exemplar,
2927 3140 3066 3213 quod
3094 3143 3187 3195 tibi
3217 3152 3484 3200 ostensum

1916 3234 1993 3278 est
2020 3226 2077 3279 in
2110 3236 2281 3280 monte
2307 3226 2371 3281 δι.
2407 3226 2513 3283 Sed
2545 3228 2661 3284 haec
2695 3216 3228 3304 quidemimagines
3248 3247 3404 3293 erant
3430 3248 3485 3294 et

1840 3324 1882 3385 (ς
1918 3314 2163 3385 symbols
2192 3314 2516 3371 caelestium.
2550 3314 2793 3372 Christus
2825 3328 3001 3373 autem
3033 3321 3287 3375 assistens
3311 3325 3486 3390 ponti-

1914 3405 2004 3474 fex
2049 3406 2348 3475 futurorum
2377 3406 2668 3474 bonorum,
2724 3425 2820 3479 per
2857 3411 3085 3479 amplius
3126 3422 3178 3467 et
3201 3415 3483 3485 perfectius

1916 3498 2309 3551 tabernaculum
2349 3513 2453 3551 non
2492 3498 2873 3568 manufactum,
2938 3500 2993 3554 id
3029 3510 3109 3556 est
3170 3519 3276 3557 non
3326 3503 3482 3573 hujus

1912 3590 2232 3652 creationis;
2259 3605 2418 3659 neque
2442 3606 2533 3659 per
2558 3592 2865 3663 sanguinem
2890 3592 3156 3649 hircorum
3176 3603 3272 3649 aut
3290 3596 3483 3653 vitulo-

1914 3697 2062 3745 rum,
2096 3680 2187 3734 sed
2216 3696 2308 3749 per
2328 3682 2598 3750 proprium
2627 3683 2934 3753 sanguinem
2973 3687 3208 3767 introivit
3236 3688 3398 3743 semel
3425 3692 3483 3743 in

1913 3782 2119 3837 sancta,
2150 3783 2347 3827 (eterna
2378 3773 2725 3843 redemptione
2753 3775 2961 3831 inuenta
2986 3778 3054 3831 “.
3081 3778 3239 3845 Quod
3265 3782 3313 3836 si
3340 3796 3479 3852 gau-

1911 3864 2059 3917 dium
2078 3871 2157 3918 est
2184 3864 2237 3917 in
2263 3864 2404 3918 caelis
2434 3865 2639 3935 angelis
2666 3863 2782 3935 Dei,
2804 3867 2867 3920 de
2895 3884 2999 3923 uno
3020 3880 3291 3938 peccatore
3311 3876 3477 3943 pani-

1914 3952 2133 4009 tentiam
2158 3964 2351 4025 agente
2379 3956 2446 4023 “,
2471 3956 2665 4029 merito
2687 3973 2823 4014 sane
2841 3974 2967 4015 cum
2992 3962 3246 4034 religiosa
3274 3966 3475 4028 anima,

1911 4054 2033 4117 post
2064 4055 2345 4116 peractum
2397 4048 2563 4118 hujus
2626 4049 2750 4106 vitae
2806 4066 3067 4117 cursum,
3122 4054 3371 4133 ingressu
3420 4057 3476 4110 in

1912 4149 2101 4194 sancta
2128 4136 2219 4193 illa
2244 4140 2487 4197 cmlestia
2522 4145 2926 4203 exercitationis
2958 4160 3071 4201 sua:
3109 4134 3277 4202 causa
3307 4147 3474 4202 dona-

1910 4240 2021 4296 tur,
2041 4245 2147 4286 vox
2178 4231 2573 4289 benedictionis
2618 4235 2780 4291 datur
2811 4250 2843 4290 a
2872 4236 3216 4292 multitudine
3255 4236 3481 4292 celebri-

1912 4330 2075 4379 tatem
2099 4331 2163 4380 et
2191 4326 2490 4395 gratiarum
2518 4326 2789 4383 actionem
2822 4335 3015 4398 agente
3040 4342 3142 4398 pro
3183 4335 3339 4399 parta
3368 4329 3475 4401 ipsi

1911 4417 2103 4472 salute.
2137 4417 2276 4484 Quae
2314 4432 2437 4473 cum
2466 4433 2592 4473 vera
2619 4432 2744 4473 esse
2782 4432 3105 4489 persuasum
3136 4418 3332 4476 habeat
3378 4423 3476 4493 qui

1911 4506 2113 4564 talibus
2152 4509 2437 4565 institutus
2464 4507 2769 4578 disciplinis
2804 4503 2923 4575 est‘,
2961 4508 3087 4579 jure
3122 4511 3478 4583 semetipsum

1912 4603 1987 4657 ita
2021 4603 2343 4673 alloquitur:
2362 4602 2544 4669 Quare
2566 4602 2733 4657 tristis
2757 4619 2833 4668 es,
2862 4604 3046 4658 anima
3070 4619 3207 4670 mea,
3233 4614 3286 4660 et
3310 4621 3478 4673 quare

241 4715 686 4785 συνταράσσεις
708 4732 820 4786 με;
848 4715 920 4769 Ἦ
953 4714 1093 4771 κατὰ
1121 4714 1213 4769 τὸν
1238 4694 1527 4790 Σύμμαχον
1545 4735 1559 4748 ·
1612 4720 1674 4773 Τί
1703 4738 1811 4775 κα-
1841 4694 1885 4720 υ

1849 4694 1885 4720 ν
1910 4699 2191 4753 conturbas
2219 4713 2298 4750 me
2314 4698 2340 4751 7
2369 4694 2513 4776 Sive,
2533 4695 2831 4752 secundum
2855 4696 3270 4790 Symmachum:
3297 4697 3488 4764 Quare»

241 4807 573 4883 ταχάμπτῃ,
600 4810 647 4876 ὴ
667 4798 838 4876 ψυχή
863 4824 1002 4876 μου,
1029 4806 1126 4860 καὶ
1146 4806 1203 4859 τί
1220 4807 1445 4877 θορυσῇ
1467 4810 1595 4863 κατ’
1624 4810 1807 4880 eum");

251 4899 593 4968 Ἀνάμεινον
636 4897 743 4952 τὸν
790 4898 956 4963 Θεὸν,
998 4897 1086 4951 ὅτι
1131 4895 1418 4968 διηνεκῶς
1448 4899 1808 4971 ἐξομολογή-

238 5002 420 5055 σομαι
446 4979 608 5053 αὐτῷ
642 4988 750 5053 τὰς
768 4984 1062 5057 σωτηρίας
1088 4982 1207 5041 τοῦ
1230 4988 1552 5055 προσώπου
1581 4991 1765 5045 αὐτοῦ
1785 5009 1799 5023 ο

239 5076 304 5146 ἢ,
333 5068 466 5143 ταῖς
509 5078 826 5145 σωτηρίως
854 5076 963 5132 τοῦ
997 5074 1321 5145 προσώπου
1369 5075 1557 5132 αὐτοῦ
1579 5116 1595 5142 ,
1661 5080 1801 5134 κατὰ

240 5165 331 5218 τὸν
368 5164 931 5237 ’Δκύλαν.ῐ¹¹ενόμενός
952 5166 1201 5239 γὰριὸσον
1225 5165 1436 5219 οὐδέπω
1454 5167 1615 5239 ἐνιπῇ
1634 5172 1806 5242 σκηνῇ
1850 5174 1855 5180 ’

241 5252 335 5308 τοῦ
362 5254 521 5319 Θεοῦ,
556 5256 650 5309 καὶ
676 5256 782 5310 ὑπὸ
809 5257 1055 5325 ἀγγέλων
1084 5258 1252 5325 ἁγίων
1277 5255 1690 5327 διαὸασταχθεὶς
1717 5258 1811 5314 διὰ

243 5346 304 5401 τὸ
332 5345 464 5414 ὕψος
500 5345 595 5399 καὶ
616 5345 685 5399 τὸ
709 5346 931 5419 ἔπαρμα
957 5348 1128 5419 αὐτῆς
1158 5349 1221 5402 τὸ
1257 5349 1595 5422 ἐπουράνιον,
1631 5366 1806 5427 παρα-

245 5440 511 5510 στήσομαι
551 5434 628 5506 τῷ
655 5437 931 5510 προσώπῳ
951 5439 1052 5493 τοῦ
1086 5439 1247 5505 Θεοῦ,
1278 5439 1387 5495 καὶ.
1417 5433 1676 5511 τεύξομαι
1704 5442 1814 5512 τῆς.

246 5527 374 5593 θέας
411 5526 504 5583 τοῦ
531 5526 800 5599 σωτηρίου
840 5526 1025 5582 αὐτοῦ
1331 5528 1582 5598 ἀξιωθεὶς
1603 5569 1618 5593 ,
1660 5532 1804 5600 κατᾲ

246 5617 436 5690 mm
472 5616 778 5687 ἀναπέμψω
805 5614 904 5688 τὴν
926 5614 1435 5688 ἑξομολόγησινκαὶ
1460 5619 1559 5687 τὴν
1590 5617 1833 5687 ὸφειλο-’

251 5710 418 5782 μόνην
446 5708 791 5783 εὐχαριστίαν
815 5707 982 5780 αὐτῷ.
1006 5718 1009 5719 ⁷

1911 4788 2431 4859 defatigaris,anima
2462 4773 2601 4851 mea,
2634 4797 2684 4841 et
2725 4802 2889 4858 quare
2912 4788 3093 4841 turbas
3120 4787 3322 4841 excitus
3348 4802 3479 4844 cou—

1908 4893 1993 4937 tra
2018 4883 2139 4936 me!
2173 4875 2432 4947 Exspecta
2462 4877 2650 4945 Deum,
2676 4880 2927 4949 quoniam
2953 4877 3166 4936 assidue
3190 4877 3471 4957 confitebor

1903 4977 1974 5039 ei,
2005 4972 2203 5029 salutes
2228 4971 2400 5025 vultus
2426 4972 2576 5040 ejus;
2614 4980 2728 5037 aut,
2773 4971 3029 5049 salutibus
3056 4970 3229 5027 vultus
3250 4972 3385 5041 ejus,
3413 4978 3474 5059 ut

1898 5067 2066 5133 habet
2113 5062 2328 5134 Aquila.
2364 5063 2501 5121 Nam
2531 5082 2654 5135 cum
2674 5067 2787 5136 jam
2814 5081 2952 5136 pene
2978 5066 3046 5120 ad
3061 5066 3472 5134 tabernaculum

1908 5160 2007 5218 Dei
2032 5162 2369 5231 pervenerim
2389 5201 2405 5227 ,
2436 5171 2599 5233 atque
2641 5162 2713 5217 ob
2738 5161 3119 5219 celsitudinem
3142 5169 3197 5218 et
3223 5161 3471 5219 sublimi-

1906 5262 2073 5309 tatem
2101 5253 2222 5324 ejus
2245 5256 2546 5311 ctnlestem
2606 5266 2638 5307 a
2689 5256 2895 5309 sanctis
2942 5254 3148 5325 angelis
3192 5252 3471 5322 hajulatus

1907 5347 2034 5411 sim,
2062 5346 2234 5401 vultui
2278 5345 2374 5402 Dei
2405 5346 2592 5411 sistat,
2634 5338 2695 5400 et
2721 5346 3177 5416 contemplatione
3214 5343 3474 5399 salutaris

1906 5439 2048 5509 ejus,
2073 5437 2160 5495 his
2180 5438 2463 5515 dignatus,
2482 5436 2755 5508 perfruar,
2771 5452 2882 5508 quo
2911 5424 3150 5505 tempore
3169 5433 3473 5491 confessio-

1908 5543 2033 5601 nem
2056 5527 2401 5600 debitamque
2433 5527 2732 5600 gratiarum
2760 5528 3026 5583 actionem
3058 5526 3325 5583 emittam.

227 5830 237 5839 .
319 5863 363 5906 ι’
402 5861 644 5926 ιντιιεεί.
680 5878 754 5935 Iv,
787 5861 872 5929 16.
947 5862 991 5898 ⁸⁸
1028 5861 1193 5923 Hebr.
1224 5879 1353 5933 rm,
1388 5864 1439 5923 1.
1482 5864 1535 5922 Ξ.
1608 5866 1651 5902 ⁵¹
1688 5831 1819 5925 ibid.
1850 5867 1885 5923 5

1850 5867 1906 5923 5.
1982 5868 2026 5902 δ’
2070 5863 2232 5923 Hebr.
2268 5880 2346 5932 Ix,
2386 5863 2472 5933 ll,
2508 5862 2595 5920 12.
2674 5862 2717 5896 ⁸³
2762 5859 2899 5943 Luc
2930 5876 3020 5929 tt.
3052 5858 3129 5925 ἶ..
