4354 6434
853 530 963 588 375

1521 525 1807 600 IEUSEBll
1836 519 2322 582 CESARIENSIS
2359 515 2509 574 OPP.
2543 515 2722 573 PARS
2758 515 2846 575 Ill.
2881 547 2949 557 —
2979 512 3384 573 EXEGETICA.

3973 510 4079 565 576

933 647 1059 703 Haec
1085 647 1300 719 quidem
1325 646 1436 719 iam
1469 651 1774 701 memorata
1798 644 1852 699 in
1898 659 1993 714 spe
2022 642 2156 697 mihi
2179 637 2415 712 reposita
2444 639 2492 696 Α
2589 636 2652 691 Tc‘

2363 645 2415 690 ta
2444 639 2492 696 Α
2589 636 2674 691 Τὰ
2705 636 2802 708 μὲν
2823 637 2880 689 ὲν
2906 633 3116 688 ἐλπίσιν
3130 628 3466 702 ἀποκείμενά
3488 646 3576 699 μοι
3600 625 3748 681 ταῦτ’
3766 626 3879 680 ἔστι
3900 625 3968 679 τά
3993 625 4080 678 λε-

859 749 1008 798 sunt.
1041 739 1146 795 Sed
1171 739 1433 795 hactenus
1459 739 1646 794 multis
1669 753 1754 792 me
1794 734 2277 795 conturbantibus,
2308 745 2418 786 non

859 830 941 886 sic
966 838 1143 886 tamen
1169 817 1475 885 commotus
1504 843 1626 884 sum
1650 834 1712 882 ut
1748 825 2053 882 exciderem
2079 865 2094 891 ,
2136 831 2190 878 et
2240 821 2420 876 mani-

863 922 996 978 festa
1027 939 1115 979 res
1139 921 1597 978 conturbantibus
1626 920 1902 977 evaderet.
1931 919 2001 973 At
2019 958 2035 984 ,
2073 915 2427 998 quemadmof

859 1014 986 1067 dum
1012 1015 1292 1084 superius,
1315 1011 1478 1082 eﬂ'udi
1511 1013 1566 1085 in
1603 1029 1683 1066 me
1706 1014 1939 1066 animum
1973 1025 2173 1074 meum;
2225 1022 2424 1063 secun-

859 1107 987 1160 dum
1018 1121 1148 1160 vero
1178 1103 1594 1177 Symmachum,
1627 1105 1683 1158 in
1717 1121 1817 1168 me,
1852 1103 2052 1174 inquit,
2089 1103 2269 1157 anima
2307 1115 2424 1153 mea

863 1195 1085 1268 liqueﬁt,
1128 1193 1335 1265 quando
1375 1196 1618 1250 recordor
1644 1195 1743 1260 tui,
1774 1210 1807 1247 a
1839 1201 1979 1246 terra
2024 1179 2313 1254 Iordanis,
2374 1199 2424 1245 et

863 1289 928 1338 ab
963 1285 1308 1351 Hermoniim,
1338 1296 1510 1342 monte
1563 1288 1800 1341 minimo.
1834 1285 2067 1355 Abyssus
2104 1282 2291 1353 abysso
2334 1300 2424 1339 oc-

864 1379 1026 1431 currit
1057 1395 1088 1430 a
1117 1380 1289 1433 sonitu
1326 1381 1709 1449 scaturiginum
1764 1388 1996 1432 tuarum.
2037 1375 2228 1431 Isthzec
2263 1391 2426 1447 porro

867 1470 968 1523 hoc
997 1469 1127 1523 mihi
1159 1469 1412 1525 videntur
1453 1485 1616 1528 sensu
1663 1468 2017 1540 accipienda;
2059 1469 2191 1524 Post
2225 1467 2425 1540 Moysis

799 1625 803 1631 ι
867 1565 1093 1614 mortem
1115 1574 1240 1614 cum
1259 1556 1419 1613 Iesus
1437 1559 1694 1628 populum
1726 1559 1781 1612 in
1813 1568 2011 1613 terram
2047 1559 2425 1629 promissionis

867 1651 1276 1728 introduxisset,
1309 1651 1618 1708 sacerdotes
1652 1667 1834 1706 arcam
1871 1652 2111 1707 humeris
2153 1661 2426 1722 gestantes

866 1761 922 1798 ιη
947 1743 1232 1813 agi-clauem
1273 1742 1502 1812 ingressi
1535 1753 1683 1800 sunt.
1723 1744 1978 1808 Iordanis
2007 1755 2208 1812 autem,
2244 1755 2302 1801 ut
2352 1747 2429 1801 ait

869 1834 1151 1904 Scriptura
1179 1833 1245 1898 ⁸⁵,
1265 1833 1562 1903 replebatur
1591 1837 1800 1891 omnino
1822 1838 1873 1890 in
1905 1839 2024 1905 ripa
2052 1855 2173 1901 sua,
2200 1840 2350 1906 quasi
2374 1839 2428 1891 in

867 1923 1046 1977 diebus
1072 1924 1252 1977 messis
1278 1925 1548 1993 frumenti.
1601 1924 1669 1978 Et
1720 1935 1974 1979 steterunt
2022 1943 2232 1981 sursum
2279 1943 2428 1996 aquae

867 2014 1223 2068 «(ascendentes
1271 2017 1594 2075 concretione
1635 2033 1762 2070 una.
1815 2017 1946 2083 Qua:
1988 2028 2161 2071 autem
2209 2018 2429 2088 inferius

867 2103 1082 2172 ﬂioebat,
1105 2107 1370 2160 descendit
1399 2107 1454 2160 in
1482 2123 1626 2160 mare
1660 2108 1882 2162 salsum.
1913 2106 1984 2165 Et
2011 2125 2186 2164 omnes
2209 2112 2311 2180 filii
2345 2109 2431 2165 Is-

869 2199 978 2250 rael
1006 2199 1330 2251 transierunt
1375 2214 1465 2267 per
1500 2197 1693 2252 siccum
1729 2197 1782 2252 in
1818 2197 1985 2254 medio
2021 2197 2305 2264 Iordanis,
2353 2201 2432 2255 in-

871 2279 1070 2342 feriore
1100 2286 1254 2342 alveo
1281 2285 1338 2341 in
1368 2301 1517 2342 mare
1557 2288 1761 2342 salsum
1806 2288 2107 2357 deﬂuente;
2152 2290 2434 2360 superiore

872 2384 1051 2431 autem
1083 2376 1403 2436 mirabiliter
1440 2377 1730 2449 divinaque
1757 2381 1958 2435 virtute
2003 2381 2245 2436 cohibito
2271 2390 2435 2453 atque

872 2477 1018 2523 retro
1049 2466 1270 2525 ﬂuente.
1299 2467 1365 2523 Et
1387 2485 1516 2525 vero
1539 2468 1718 2526 ﬂuxus
1743 2471 1819 2524 illi
1841 2469 2094 2528 Iordanis
2125 2475 2433 2543 superiores

871 2576 937 2614 ex
966 2569 1117 2632 parte
1145 2560 1395 2624 fontium,
1422 2575 1546 2615 cum
1583 2563 1784 2630 exitum
1814 2579 1922 2618 non
1961 2563 2242 2630 haberent,
2275 2567 2435 2621 attol—

873 2651 1144 2716 lebantur,
1181 2658 1236 2706 et
1262 2652 1482 2714 cumulo
1503 2667 1610 2706 uno
1640 2652 1986 2724 erigebantur
2028 2671 2180 2726 aqua
2230 2658 2435 2712 aﬂ‘atim

873 2741 1246 2808 conﬂuentes,
1295 2743 1440 2814 quod
1468 2743 1648 2800 exitus
1679 2754 1824 2800 esset
1874 2741 2223 2805 interclusus.
2280 2748 2436 2804 Tunc

873 2834 1063 2905 utique
1088 2835 1321 2907 abyssus
1352 2835 1550 2907 abysso
1577 2837 1900 2893 occurrebat
1928 2878 1944 2902 ,
1998 2841 2264 2910 repressis
2291 2849 2345 2895 et
2383 2843 2438 2895 in

877 2926 1150 2998 fastigium
1179 2929 1378 2984 evectis
1423 2927 1600 2998 aquis.
1651 2926 1828 3000 Hujus
1858 2930 2041 3001 itaque
2084 2930 2434 3001 providentiae

875 3020 1103 3090 gratiam
1135 3027 1266 3075 tunc
1306 3020 1506 3090 populo
1547 3021 1800 3093 collatam
1854 3023 2115 3078 memoria
2150 3032 2398 3094 repetens
2420 3065 2436 3090 ,

877 3113 1072 3170 merito
1125 3113 1596 3184 inpraesentiarum
1624 3115 1804 3170 animo
1838 3115 2080 3186 liquetio,
2116 3117 2261 3186 quod
2291 3120 2439 3172 nulla

879 3205 1190 3274 lmjusmodi
1220 3203 1316 3260 Dei
1362 3203 1702 3279 providentia
1747 3207 1908 3261 nobis
1949 3207 2299 3264 concedatur.
2358 3208 2437 3265 llli

2525 732 2780 804 λεγμένα.
2799 728 2948 792 Τέως
2977 727 3020 781 δ’
3055 727 3146 780 ἐπὶ
3163 723 3256 778 τοῦ
3288 722 3550 794 παρόντος
3567 719 3770 774 πολλῶν
3793 737 3857 791 με
3877 735 4080 788 ταρατ-

2522 826 2741 888 τόντων,
2777 821 2935 885 αὐτὸς
2967 817 3264 889 οὐχοῦτως
3287 812 3687 884 ἐταραττόμην,
3729 809 3801 874 ὡς
3831 809 4082 863 ἐκπεσεῖν

2528 919 2622 971 καὶ
2648 914 2894 986 φανερῶς
2927 910 3176 982 γενέσθαι
3206 911 3318 971 τοῖς
3342 906 3696 978 ταράττουσιν
3714 919 3728 933 ’
3763 902 3876 955 ἀλλ’
3894 901 4083 974 ὥσπερ

2527 1005 2802 1076 ἀνωτέρω,
2819 1002 3023 1072 ἐξέχεα
3039 1002 3130 1055 ἐπ’
3149 998 3253 1069 ἐμὲ
3276 997 3386 1065 τὴν
3405 995 3616 1066 ψυχήν
3628 1011 3766 1064 μου,
3784 993 3933 1047 οὕτω
3983 993 4081 1046 καὶ

2523 1098 2780 1152 ἐνταῦθα
2836 1096 2983 1164 πρὸς
3025 1091 3283 1163 ἐμαυτὸν
3331 1091 3369 1157 ἠ
3407 1086 3576 1157 ψυχή
3614 1104 3732 1157 μου
3765 1084 4078 1154 ἐταράχθη.

2526 1188 2682 1243 Κατὰ
2697 1187 2753 1241 δὲ
2780 1187 2868 1240 τὸν
2893 1185 3208 1256 Σύμμαχον,
3232 1181 3351 1234 Ἐπ’
3377 1179 3500 1250 ἐμὲ,
3521 1179 3704 1250 φησιν,
3720 1178 3759 1247 ἡ
3778 1174 3946 1246 ψυχή
3966 1193 4084 1245 μου

2527 1280 2936 1346 κατατήκεται,
2965 1277 3110 1331 ὅταν
3138 1271 3669 1344 ἀναμιμνήσκωμαί
3689 1284 3804 1351 σου
3833 1266 3951 1323 ἀπὸ
3976 1265 4087 1338 γῆς

2538 1374 2829 1442 Ἰορδάνου
2858 1371 2955 1426 καὶ
2985 1370 3102 1426 ἀπὸ
3137 1365 3488 1438 Ἐρμωνιεὶμ,
3517 1364 3691 1433 ὄρους
3709 1360 4082 1433 μικροτάτου.

2531 1469 2825 1531 Ἀϐυσσος
2854 1465 3102 1529 ἀϐύσσῳ
3143 1457 3379 1525 ἀπαντᾷ
3423 1456 3541 1512 ἀπὸ
3575 1455 3729 1524 ἤχου
3767 1452 3884 1506 τῶν
3916 1467 4088 1519 κρου-

2527 1561 2649 1614 νῶν
2678 1573 2814 1613 σου.
2833 1559 2989 1610 Δοκεῖ
3018 1555 3072 1608 δέ
3112 1571 3198 1625 μοι
3220 1555 3253 1622 ἠ
3286 1550 3393 1605 τῶν
3412 1547 3714 1621 εἰρημένων
3739 1545 3944 1598 διάνοια
3967 1541 4090 1595 τοῦ-

2527 1674 2617 1709 τον
2657 1653 2922 1725 ἔχειντδν
2967 1651 3090 1705 νοῦν
3116 1668 3128 1681 δ
3178 1648 3333 1703 Μετὰ
3373 1646 3469 1716 τὴν
3501 1641 3776 1705 Μωῠσέως
3814 1638 4086 1710 τελευτὴν,

2539 1748 2716 1818 Ἰησοῦ
2751 1746 2839 1810 τὸν
2867 1744 2993 1798 λαὸν
3020 1737 3226 1812 εἰςτὴν
3261 1741 3364 1810 γῆν
3389 1739 3486 1808 τῆς
3506 1733 3833 1804 ἐπαγγελίας
3869 1734 4089 1818 εἰσαγα-

2529 1817 2734 1906 γόντος,
2761 1836 2835 1897 ὡς
2861 1836 2908 1885 οἱ
2939 1833 3102 1902 ἱερεῖς
3133 1829 3405 1897 ἐπέϐησαν
3433 1823 3512 1895 τῷ
3547 1821 3780 1892 Ἰορδάνῃ
3808 1819 3906 1890 τὴν
3928 1817 4090 1872 κιϐω-
4159 1897 4164 1901 .

2529 1932 2620 1984 τὸν
2656 1929 2741 1980 ἐπ’
2771 1926 2934 1997 ὤμων
2969 1924 3243 1995 φέροντες.
3277 1920 3335 1973 '0
3367 1917 3422 1972 δὲ
3460 1914 3744 1986 Ἰορδάνης,
3777 1911 3852 1975 ῶς
3874 1926 4033 1980 φησιν
4057 1909 4092 1979 ἡ

2530 2022 2740 2095 Γραφὴ.
2767 2017 3102 2086 ἐπληροῦτο
3147 2015 3404 2068 καθόλου
3445 2009 3558 2078 τὴν
3584 2005 3842 2078 κρηπῖδα
3885 2000 4091 2095 αυτοῦ,

2529 2093 2671 2168 ὡσεὶ
2694 2110 2902 2181 ἡμέραι
2933 2101 3214 2176 θερισμοῦ
3241 2101 3466 2171 πυρῶν.
3489 2099 3598 2154 Kal
3631 2097 3781 2163 ἔστη
3809 2097 3881 2148 τὰ
3909 2093 4096 2147 ὕδατα

2531 2205 2959 2262 καταϐαίνοντα
2985 2200 3210 2254 ἀνωθεν
3231 2195 3434 2265 πῆγμα
3457 2193 3546 2248 ἓν.
3564 2190 3631 2244 Τὸ
3655 2188 3722 2242 δὲ
3743 2186 4098 2242 καταϐαῖνον

2533 2297 2746 2364 κατέϐη
2774 2297 2860 2361 εὶς
2897 2292 3011 2360 τὴν
3039 2289 3358 2346 θάλασσαν
3387 2283 3506 2338 τῶν
3535 2280 3717 2334 ἁλῶν.
3741 2278 3852 2332 Kal
3877 2275 4098 2341 πάντες

2532 2388 2717 2445 oivlol
2759 2382 2998 2454 Ἰσραὴλ
3027 2380 3316 2448 διέϐησαν
3349 2375 3448 2429 διὰ
3477 2371 3665 2443 ξηρᾶς
3697 2372 3765 2425 ὲν
3800 2371 3962 2442 μέσῳ
3990 2369 4099 2424 τοῦ

2548 2479 2862 2549 Ἰορδάνου,
2890 2475 2984 2529 τοῦ
3021 2465 3125 2544 μὲνῖ
3150 2470 3300 2524 κάτω
3344 2465 3644 2538 φερομένου
3687 2463 3951 2534 ῥεύματος
3988 2479 4098 2532 χω-

2539 2577 2755 2646 ροῦντος
2781 2573 2858 2634 εἰς
2885 2569 2982 2640 τὴν
3007 2565 3281 2620 Θάλασσαν
3310 2561 3407 2632 τὴν
3432 2559 3636 2630 ἁλυκήν
3654 2573 3668 2586 ⁸
3697 2555 3790 2609 τοῦ
3816 2552 4101 2646 δὲγάνωθεν

2538 2645 2812 2727 κατιόντος
2849 2658 3163 2732 παραδόξως
3208 2654 3340 2708 Θεοῦ
3391 2651 3614 2723 δυνάμει
3645 2645 4099 2732 ἀναστελλομένου

2537 2759 2632 2813 καὶ
2664 2759 2742 2821 εἰς
2772 2728 3011 2808 τούπίσω
3043 2747 3363 2824 χωροῦντος.
3392 2745 3502 2799 Καὶ
3529 2743 3593 2816 δὴ
3617 2741 3686 2796 τὰ
3718 2728 3826 2796 ἆπὸ
3854 2739 3963 2793 τῶν
3991 2755 4101 2810 πη-

2537 2851 2648 2921 γῶν
2680 2847 2882 2905 ἄνωθεν
2915 2844 3254 2918 προχεόμενα
3294 2839 3387 2894 τοῦ
3434 2836 3696 2910 Ἰορδάνου
3729 2833 3993 2906 ῥεύματα,
4025 2833 4102 2904 μὴ

2539 2942 2728 3013 ἔχοντα
2757 2937 2982 3004 διέξοδον
3001 2977 3016 3000 ,
3053 2931 3343 3006 ὲκυρτοῦτο
3362 2971 3377 2997 ,
3417 2930 3511 2984 καὶ
3559 2927 3730 3000 σωρὸς
3774 2922 3862 2989 εἷς
3889 2925 4104 2993 ἐγένετο

2539 3030 2911 3103 ἐπαιρομένων
2942 3025 3061 3080 κατ’
3091 3023 3333 3094 ἀλλήλων
3362 3020 3469 3074 τῶν
3497 3017 3720 3080 ὑδάτων,
3749 3013 3836 3072 διὰ
3867 3014 3927 3067 τὺ
3965 3014 4102 3066 ἁπο-

2540 3121 2848 3179 κεκλεῐσθαι
2900 3121 3080 3180 αὐτοῖς
3131 3116 3229 3186 τὴν
3279 3112 3530 3181 διᾷοδον.
3577 3111 3710 3164 Τότε
3757 3109 3821 3181 δὴ
3872 3108 4105 3170 ἄϐυσσος

2539 3216 2758 3286 ἀϐύσσῳ
2803 3213 3050 3283 ἀπήντα,
3103 3204 3566 3276 άναστελλομένων
3601 3204 3710 3257 τῶν
3756 3201 3961 3256 ὑδάτων
4010 3199 4106 3252 καὶ

881 3311 1116 3367 namque
1144 3296 1464 3352 mirabiliter
1502 3296 1790 3354 Iordanem
1827 3300 2182 3367 transierunt,
2208 3311 2262 3360 et
2287 3319 2441 3360 mon—
2465 3317 2509 3375 ο
2541 3327 2600 3366 κο

2384 3320 2441 3360 n-
2465 3317 2509 3375 ο
2541 3299 2981 3380 κορυφουμένων.
3033 3297 3342 3353 Ἀναπολῶν
3385 3292 3479 3350 οὖν
3521 3297 3588 3366 τῇ
3625 3295 3813 3366 μνήμῃ
3856 3292 3957 3361 τῆς
3981 3290 4103 3344 τότε

881 3399 986 3443 tein
1022 3387 1126 3459 ipsi
1146 3389 1385 3445 'vicinum
1411 3389 1744 3447 llermoniim
1781 3401 2154 3464 nuncupatum
2175 3435 2190 3460 ,
2221 3396 2315 3466 qui
2344 3397 2440 3451 mi-

885 3483 1061 3537 nimus
1081 3481 1312 3540 exsistit.
1343 3484 1473 3540 Mihi
1496 3501 1647 3553 vero,
1675 3487 1769 3558 qui
1795 3487 1910 3542 haec
1931 3486 2145 3558 loquor,
2177 3487 2313 3542 nihil
2342 3489 2442 3543 hu—

881 3575 1116 3646 iusmodi
1140 3592 1463 3635 concessum
1495 3587 1608 3645 est,
1642 3580 1732 3634 sed
1780 3581 1960 3634 omnia
2004 3578 2209 3634 excelsa
2255 3587 2348 3633 tua
2393 3590 2442 3634 et

885 3665 1074 3722 ﬂuctus
1126 3668 1405 3737 tui'super
1445 3685 1526 3725 me
1586 3671 1948 3734 transierunt;
1996 3679 2094 3725 aut
2139 3671 2441 3727 secundum

883 3756 1465 3830 Symmachum,omnes
1493 3763 1736 3830 procella:
1767 3773 1871 3817 tua:
1899 3775 1949 3817 et
1972 3764 2165 3832 ﬂuctus
2184 3765 2262 3818 tui
2290 3781 2458 3842 super

879 3870 964 3912 me
999 3853 1341 3908 transierunt.
1385 3853 1513 3909 Iure
1541 3869 1669 3925 ergo
1698 3855 1766 3909 ad
1807 3856 2058 3925 meipsum
2097 3858 2279 3910 anima
2329 3874 2444 3912 mea

883 3946 1192 4000 conturbata
1242 3957 1362 4011 est;
1402 3950 1515 4011 aut;
1566 3949 1620 4002 in
1681 3966 1762 4004 me
1813 3952 1992 4004 anima
2045 3967 2161 4005 mea
2211 3951 2442 4022 lique/it,

884 4056 1002 4092 cum
1025 4039 1267 4094 recordor
1298 4041 1372 4093 tui
1400 4041 1462 4094 de
1491 4052 1631 4096 terra
1649 4040 1926 4111 Jordonis,
1950 4045 2248 4100 secundum
2285 4045 2446 4116 Sym-

886 4130 1232 4194 machum,“
1258 4129 1321 4184 ab
1366 4131 1691 4188 Hermoniim
1733 4144 1906 4190 monte
1960 4138 2200 4196 minimo.
2263 4137 2326 4193 ιιι
2361 4138 2444 4194 his

884 4221 1082 4292 quippe
1104 4221 1239 4280 locis
1266 4223 1394 4279 olim
1426 4223 1646 4301 abyssus
1671 4228 1860 4300 abysso
1884 4231 2188 4286 occurrebat
2212 4250 2245 4286 a
2271 4233 2446 4287 sonitu

883 4318 1260 4387 scaturiginum
1285 4325 1517 4381 tuarum,
1533 4328 1585 4374 et
1613 4335 1750 4390 aqua
1777 4312 2016 4378 cohibita
2044 4333 2148 4391 est,
2167 4341 2236 4380 ne
2264 4326 2332 4394 iis
2354 4326 2446 4396 qui

885 4408 1171 4465 Iordanem
1200 4410 1506 4466 transibant
1536 4413 1840 4468 molestiam
1869 4413 2102 4470 aﬂerret.
2130 4416 2294 4486 Atqui
2314 4425 2445 4472 tunc

883 4502 1103 4573 quidem
1129 4503 1252 4559 haec
1273 4503 1590 4560 acciderunt
1615 4520 1711 4575 per
1748 4506 2142 4576 providentiam
2171 4509 2320 4578 ipsos
2348 4525 2447 4566 cu-

883 4605 1120 4662 rantem;
1153 4603 1210 4652 at
1238 4613 1386 4658 nunc
1417 4615 1591 4653 omnes
1637 4600 1881 4668 procella:
1923 4609 2026 4654 tum
2061 4611 2111 4655 et
2143 4601 2336 4670 ﬂuctus
2369 4605 2446 4659 tui

883 4703 1037 4755 super
1063 4703 1144 4744 me
1175 4689 1519 4760 transierunt,
1542 4691 1836 4748 obruentes
1855 4705 1917 4746 ac
1941 4692 2316 4762 demergentes
2337 4711 2441 4760 me,

2541 3401 2835 3472 γενομένης
2851 3395 2930 3466 τῷ
2959 3392 3073 3465 λαῷ
3101 3391 3406 3460 ἐπισκοπῆς
3431 3387 3527 3459 τὴν
3556 3387 3736 3459 χάριν,
3768 3383 3990 3447 εἰκότως
4014 3383 4106 3436 ἐπὶ

2540 3494 2634 3547 τοῦ
2695 3490 2957 3565 παρόντος
3004 3485 3100 3557 τὴν
3155 3483 3331 3554 ψυχὴν
3385 3479 3794 3550 κατατήκομαι,
3841 3474 4108 3548 μηδεμιᾶς

2540 3583 2794 3653 τοιαύτης
2823 3581 2916 3635 καὶ
2947 3578 3030 3648 ἐφ’
3058 3577 3213 3649 ἡμῶν
3234 3573 3562 3645 γιγνομένης
3583 3568 3719 3623 Θεοῦ
3748 3567 4020 3663 προνρξας.
4042 3568 4106 3622 0i

2547 3679 2642 3750 μὲν
2673 3675 2779 3748 γάρ
2803 3670 3113 3744 παραδόξως
3133 3669 3224 3723 τὸν
3256 3666 3525 3738 Ἰορδάνην
3544 3664 3753 3736 διῆλθον
3783 3661 3959 3717 καὶὴ-τὸ
3985 3661 4110 3735 δρος

2543 3771 2602 3823 τὸ
2635 3768 2768 3839 πρὸς
2802 3766 2953 3830 αὐτὸ,
2987 3760 3317 3834 Ἐρμωνιεὶμ
3343 3756 3758 3828 ὀνομαζόμενον,
3786 3753 4109 3826 μικρότατον

2543 3861 2837 3934 τυγχάνονθ
2864 3858 2949 3910 ἐπ’
2985 3852 3118 3926 ἐμοῦ
3157 3852 3213 3904 δὲ
3239 3849 3331 3902 τοῦ
3376 3846 3546 3902 ταῦτα
3594 3846 3842 3914 λέγοντος
3873 3841 4109 3896 τοιοῦτον

2548 3956 2644 4027 μὲν
2676 3953 2825 4006 οὐδὲν
2865 3949 3212 4018 πέπρακται·
3263 3941 3492 4006 Πάντες
3525 3939 3592 3993 δὲ
3631 3941 3686 4027 ol
3725 3936 4112 4027 μετεωρισμοι

2545 4024 2658 4102 σου
2691 4046 2788 4098 καὶ
2821 4042 2892 4097 τὰ
2920 4036 3151 4108 κύματά
3177 4049 3292 4089 σου
3334 4033 3425 4086 ἐπ’
3456 4029 3562 4101 ἐμὲ
3597 4026 3870 4096 διῆλθονο
3901 4024 3934 4096 ἦ
3971 4024 4111 4078 κατὰ

2542 4140 2633 4193 τὸν
2675 4137 3002 4208 Σύμμαχον*
3034 4128 3231 4184 Πᾶσαι
3279 4129 3339 4180 al
3364 4122 3697 4194 καταιγίδες
3733 4135 3848 4175 σου
3897 4117 3995 4172 καὶ
4040 4117 4113 4208 τὰ

2545 4204 2923 4301 κύματά
2966 4221 3165 4278 ἐπάνω
3213 4237 3330 4292 μου
3362 4216 3695 4287 παρῆλθον.
3737 4213 3976 4274 Εἰκότως
4016 4204 4111 4301 οὖν
4165 4291 4168 4295 Δ

2545 4299 2692 4393 πρὸς
2729 4318 2986 4390 ἐμαυτόν
3033 4316 3072 4384 ἡ
3096 4311 3266 4385 ψυχή
3289 4328 3407 4381 μου
3431 4305 3756 4377 ἐταράχθη·
3786 4304 3840 4376 ἢ,
3873 4303 3990 4355 Ἐπ’
4008 4299 4112 4372 ἐμὲ

2545 4421 2584 4486 ἡ
2611 4413 2778 4485 ψυχή
2805 4427 2923 4481 μου
2956 4405 3376 4473 κατατήκεται,
3403 4402 3550 4456 ὅταν
3584 4394 4113 4468 ἀναμιμνήσκωμαι

2545 4528 2660 4566 σου
2689 4507 2808 4563 ἀπὸ
2845 4503 2955 4575 γῆς
2988 4499 3300 4571 Ἰορδάνου,
3339 4496 3481 4550 κατὰ
3525 4493 3616 4570 τὸν
3648 4491 3974 4562 Σύμμαχον,
4014 4488 4110 4541 καὶ

2548 4603 2666 4660 ἀπὸ
2707 4595 3079 4670 Ἑρμωνιεὶμ,
3109 4595 3282 4662 ὄρους
3305 4584 3680 4660 μικροτάτου.
3719 4583 3808 4637 Ἐν
3845 4581 3951 4652 γὰρ
3988 4579 4110 4633 τού-

2549 4711 2661 4757 τοις
2708 4693 2820 4753 τοῐς
2876 4686 3095 4759 χωρίοις
3138 4680 3304 4749 πάλαι
3350 4675 3478 4730 ποτὲ
3543 4673 3812 4739 ἄϐυσσος
3867 4671 4114 4759 ἀϐύσσῳ

884 4778 1100 4834 nomine
1138 4757 1444 4836 cohibente.
1478 4780 1747 4838 Caeterum
1778 4782 1893 4838 haec
1933 4785 2058 4852 jure
2084 4757 2216 4840 dicit
2243 4757 2444 4845 chorus
2549 4785 2603 4838 ἀι

2394 4757 2444 4845 is
2549 4780 2787 4849 ἀπήντα
2830 4757 3134 4844 άπὸῆχου
3172 4769 3290 4826 τῶν
3331 4761 3602 4832 κρουνῶν
3637 4778 3774 4827 σου,
3799 4757 4113 4864 ἁναστελλρ-

883 4868 1118 4926 ﬂliorum
1145 4866 1302 4931 Core,
1336 4870 1649 4939 praphetice
1675 4849 2001 4942 postremam
2019 4871 2328 4930 Iudaeorum
2357 4877 2447 4931 ab-
2555 4895 2602 4946 με

2393 4877 2447 4931 b-
2555 4874 2714 4946 μένου
2778 4868 2874 4924 τοῦ
2942 4866 3133 4927 ὓδατος
3179 4855 3368 4952 εἰς-το
3421 4853 3494 4952 μὴ
3534 4853 3810 4952 διοχλῆσαι
4023 4849 4112 4952 Iov

881 4960 1170 5029 jectionem
1201 4960 1411 5031 lugens,
1436 4938 1594 5029 cujus
1609 4938 1946 5019 calamitates
1965 4965 2017 5019 in
2043 4981 2102 5021 se
2127 4963 2439 5038 recipiebat.
2555 4938 2598 5020 "l

2402 4963 2439 5023 t.
2555 4938 2832 5038 ’Ἰορδάνην
2861 4956 3174 5030 παριόντας.
3215 4945 3374 5002 Ἀλλὰ
3397 4945 3516 4998 τότε
3539 4945 3658 5051 ⁸μὲν
3692 4940 3869 5051 ταῦτα
3898 4938 3986 4992 διὰ
4016 4938 4113 5011 τὴν

884 5053 1282 5108 ἐπισκοποῦσαν
1307 5053 1432 5118 τοὺς
1459 5055 1582 5108 τότε
1641 5055 1930 5125 πρόνοιαν·
1955 5059 2071 5111 νυνὶ
2117 5059 2173 5113 δὲ
2213 5037 2400 5118 πᾶσαι
2437 5069 2496 5122 αὶ
2533 5059 2865 5133 καταιγίδες
2905 5070 3022 5110 σου
3059 5047 3159 5104 καὶ
3208 5043 3282 5097 τὰ
3314 5037 3558 5141 ’κύματά
3598 5055 3716 5141 σου
3758 5037 3956 5141 ἐπάνω
3993 5052 4114 5141 μου

883 5141 1246 5227 παρῆλθον(
1267 5145 1673 5212 κατακλύζοντά
1726 5163 1792 5217 με
1839 5148 1931 5200 καὶ
1980 5154 2451 5222 καταποντοῦντα,
2495 5129 2725 5230 μηδενὸς
2773 5144 3206 5242 ἀναστέλλοντοςο
3257 5133 3518 5242 ξέῖειαδξ
3591 5129 3768 5242 τῗῗτσο
3814 5129 4116 5242 είξότωῗῆδ

885 5238 1040 5308 γοοδς
1089 5225 1198 5292 τῶν
1247 5237 1376 5292 υἱῶν
1423 5238 1587 5310 Κορὲ,
1638 5239 1988 5311 προφητικῶς
2029 5243 2443 5317 ἀποκλαιόμενοι
2641 5244 2874 5316 ἐσχάτην
2907 5231 3176 5302 ἀποϐολὴν
3203 5226 3296 5283 τοῦ
3329 5225 3594 5304 Ἰουδαίων
3627 5223 3809 5288 ἔθνους
3838 5222 3922 5290 οὗ,
3966 5222 4114 5295 πάθη

885 5332 965 5402 τις
987 5329 1175 5383 ἑαυτὸν
1203 5329 1590 5401 ἀνελάμϐανεν.

958 5442 1124 5500 Vens.
1155 5444 1210 5509 9,
1244 5445 1331 5501 {0.
1355 5443 1421 5500 In
1453 5446 1537 5500 die
1559 5440 1834 5504 mund-abit
1868 5451 2116 5508 Dominus
2148 5457 2445 5512 misericor-

889 5537 1034 5590 diam
1059 5552 1232 5600 suam,
1265 5548 1315 5592 et
1331 5549 1478 5594 nocte
1507 5543 1766 5596 canticum
1795 5544 1932 5614 ejus.
1964 5543 2208 5612 Etiamsi,
2241 5550 2443 5619 inquit,

892 5642 1080 5682 omnes
1115 5629 1366 5696 procellae
1384 5638 1490 5686 tuas
1509 5640 1564 5687 et
1585 5631 1782 5689 ﬂuctus
1812 5636 2076 5708 tuisuper
2101 5653 2187 5693 me
2237 5638 2444 5694 transi-

900 5721 1077 5786 erint;
1110 5729 1164 5774 at
1214 5721 1350 5776 bene
1393 5725 1520 5779 novi
1576 5733 1631 5792 et
1672 5741 1990 5796 persuasum
2019 5729 2178 5798 plane
2230 5731 2404 5786 habeo
2429 5772 2443 5796 ,

897 5810 1101 5870 nullum
1156 5820 1371 5884 tempus
1429 5829 1552 5871 esse
1595 5832 1702 5887 quo
1746 5833 1856 5884 non
1910 5818 2252 5876 miserearis:
2293 5835 2418 5877 nam

968 5978 1010 6008 ⁸³
1050 5976 1212 6035 Iosue
1247 5994 1343 6049 ιιι,
1383 5980 1464 6049 l5,
1507 5981 1588 6036 l6.

2631 5450 2875 5522 Ἡμέρας
2903 5439 3223 5500 ἐντελεῖται
3243 5439 3456 5504 Κύριος
3486 5433 3550 5486 τὸ
3579 5431 3748 5498 ἕλεος
3774 5433 3981 5494 αὐτου,
4024 5445 4114 5484 ,ιαι

2548 5526 2766 5608 νυκτὸς
2803 5539 2918 5606 τὴν
2944 5531 3112 5602 ,ᾠδὴν
3160 5527 3365 5584 αὑτοῦ.
3420 5525 3483 5577 El
3528 5525 3622 5578 καὶ
3673 5527 3875 5587 πᾶσαι,
3917 5525 4087 5594 φησιν

2549 5638 2604 5689 al
2653 5630 2965 5699 καταιγὶδες
3000 5636 3094 5676 σου
3146 5621 3240 5675 καὶ
3279 5619 3350 5674 τὰ
3387 5616 3602 5688 κύματά
3643 5635 3735 5672 σου
3780 5617 3964 5675 ἐπάνω
4020 5631 4103 5684 μοι

2552 5725 2848 5799 παρῆλθον,
2882 5717 2998 5790 ἀλλ’
3031 5709 3090 5768 εὖ
3121 5711 3236 5768 οῖδα
3265 5712 3356 5767 καὶ
3389 5709 3685 5782 πέπεισμαι
3738 5706 3998 5799 άκριϐῶς,
4040 5706 4118 5758 ὅτι

2549 5795 2649 5873 οὐκ
2682 5795 2794 5872 ἐστι
2828 5808 3015 5888 καιρὸς
3043 5808 3099 5862 ὲν
3130 5799 3174 5875 ᾧ
3204 5806 3302 5858 ούκ
3329 5803 3512 5868 ἐλεεῖς·
3542 5800 3686 5868 Θεὸς
3717 5797 3824 5874 γὰρ
3846 5795 4121 5867 ἐλεήμων
