4354 6434
357 513 462 568 377

1475 500 1973 561 COMMENTARIA
2008 499 2074 555 ΙΝ
2111 495 2447 555 PSALMOS.

3473 489 3578 544 378

359 621 432 691 εἴ,
461 625 562 680 ναὶ
590 625 689 679 καὶ
716 627 1025 699 οἰκτίρμων
1052 628 1148 684 καὶ
1178 628 1576 698 μακρόθυμος.
1634 625 1721 677 Διὸ
1750 624 1922 695 ἐμαυ-

2034 619 2194 684 Deus,
2222 617 2517 671 misericors
2552 629 2627 678 es,
2651 629 2713 666 ac
2756 613 2916 666 etiam
2961 614 3240 685 miserator
3267 618 3314 662 et
3340 607 3584 678 tangant»

354 716 443 770 τὸν
493 713 807 786 θεραπεύων
857 718 1080 786 ἀγαθαῖς
1139 716 1372 780 ἐλπίσιν,
1432 713 1613 778 εἰδὼς,
1653 711 1733 763 ὅτι
1782 713 1920 764 amo.

361 805 585 874 ιιμέραν
629 807 692 860 τὸ
737 808 910 874 ἕλεος
953 808 1135 862 αὐτοῦ
1176 805 1495 860 ἐντελεῖται
1545 808 1577 858 ό
1622 803 1782 868 Θεὸς,
1822 802 1932 866 τὰς·

361 901 560 962 νύκτας
591 901 657 969 τῇ
691 898 802 970 ᾠδῇ
829 899 992 952 αὑτοῦ
1033 897 1305 969 σχολάζων
1336 896 1582 951 διατελῶ.
1610 895 1740 950 Μεθ’
1782 893 1920 964 ἠμέ-

340 1009 463 1064 ραν
503 994 600 1064 μὲν
631 993 740 1063 γὰρ
776 993 874 1057 τὰς
907 992 1013 1046 τῶν
1056 991 1354 1062 ἀνθρώπων
1392 989 1534 1062 ὁρῶν
1568 988 1790 1061 πράξεις
1828 988 1922 1042 καὶ

362 1085 462 1151 τὰς
514 1085 822 1152 maleﬁcae
847 1087 992 1157 ἡμᾶς
1035 1084 1347 1156 συμφορὰς,
1397 1083 1524 1147 τούς
1556 1099 1613 1135 τε
1667 1097 1923 1152 μετεωρι-

363 1177 534 1249 σμούς
566 1195 660 1232 σου
698 1179 793 1232 καὶ
839 1179 906 1232 τὰ
933 1177 1154 1249 κύματά
1207 1193 1317 1240 σου,
1362 1176 1497 1248 πρὸς
1532 1174 1762 1247 ἐμαυτὸν
1789 1173 1922 1227 ἀπο-

361 1273 595 1345 δύρομαι
614 1290 626 1302 °
650 1272 758 1328 τῶν
779 1273 836 1326 δὲ
855 1272 922 1325 δι’
943 1260 1152 1342 ἡμέρας
1182 1287 1247 1341 με
1273 1270 1639 1342 θορυϐούντων
1660 1267 1922 1339 σχολάσας

361 1363 450 1417 διὰ
473 1365 571 1436 τῆς
595 1365 805 1428 νυκτὸς,
827 1361 1284 1433 ἀναπεμπάζομαι
1314 1360 1383 1414 τὰ
1415 1361 1536 1431 ὲλέη
1567 1362 1660 1415 τοῦ
1682 1361 1884 1433 Κυρίου
1904 1378 1918 1390 ⁶

361 1456 902 1528 ἀναμιμνησκόμενός
950 1472 1010 1508 τε
1055 1455 1202 1518 ὅπως
1254 1453 1372 1507 καθ’
1421 1453 1630 1524 ἡμέραν
1675 1453 1734 1505 τὸ
1777 1453 1923 1517 ἕλεος

361 1546 526 1600 αὐτοῦ
556 1547 872 1611 ἐντέλλεται,
904 1545 1122 1618 ᾄσματα
1151 1543 1297 1615 αὐτῷ
1322 1545 1415 1598 καὶ
1442 1544 1582 1613 ᾠδὰς
1619 1543 1923 1614 ἀναπέμπω

363 1639 557 1710 σχολὴν
615 1638 760 1707 ἄγων
808 1638 905 1702 τὰς
959 1637 1176 1700 νύκτας.
1234 1639 1324 1690 Διὸ
1386 1637 1467 1708 δη
1499 1636 1593 1690 καὶ
1642 1635 1917 1688 λέλεκται·

360 1732 472 1786 Καὶ
510 1729 730 1796 νυκτὸς
761 1730 884 1800 ᾠδὴ
934 1731 1117 1786 αὐτοῦ
1163 1733 1298 1799 παρ’
1340 1730 1496 1800 ἐμοι·
1540 1728 1678 1782 κατὰ
1724 1727 1779 1780 δὲ
1833 1728 1921 1780 τὸν

374 1823 604 1877 Ἀκύλαν
622 1840 635 1852 ο
661 1822 768 1877 Καὶ
800 1823 870 1876 ἐν
898 1823 1068 1876 νυκτὶ
1099 1817 1262 1892 ᾆσμα
1290 1821 1474 1877 αὐτοῦ
1495 1821 1619 1890 μετ’
1652 1819 1816 1888 ἐμοῦ.
1847 1811 1924 1870 Οὔ

365 1915 523 1985 μόνον
552 1914 609 1967 δὲ
647 1913 826 1978 τοῦτο,
869 1914 1004 1974 ἀλλὰ
1051 1914 1144 1968 καὶ
1185 1913 1494 1983 προσευχὴ
1529 1911 1606 1977 τῷ
1659 1909 1778 1977 Θεῷ
1815 1909 1924 1979 τῆς

2025 717 2124 788 mis
2147 716 2213 767 “5.
2247 712 2427 780 Quare
2459 725 2544 764 me
2573 709 2715 763 bona
2737 722 2835 777 spe
2863 704 3116 767 fulciens,
3151 716 3373 774 gnarus
3402 700 3583 761 illius,

2023 808 2077 861 in
2117 807 2201 861 die
2243 801 2513 858 mandabit
2556 801 2697 855 Deus
2743 794 3160 852 misericordiam
3201 810 3387 857 suam,
3425 801 3587 846 nocte

2024 896 2254 951 canticis
2289 895 2409 964 ejus
2441 891 2661 962 assidue
2689 887 2964 944 incumbe.
2998 881 3278 954 Siquidem
3316 896 3441 936 cum
3489 896 3586 950 per

2024 989 2168 1044 diem
2201 985 2479 1040 hominum
2521 997 2708 1052 opera,
2745 989 2799 1034 et
2831 977 3168 1032 calamitates
3208 988 3308 1028 nos
3344 973 3586 1028 circum-

2025 1080 2330 1140 venientes,
2366 1071 2581 1130 excelsa
2615 1082 2706 1126 tua
2733 1079 2807 1126 -et
2847 1069 3047 1125 ﬂuetus
3083 1075 3206 1126 tuos
3245 1078 3488 1124 cernam,
3531 1062 3584 1113 in

2024 1171 2349 1250 memetipso
2371 1170 2561 1240 lugeo;
2592 1174 2756 1221 noctu
2788 1147 2938 1219 vero.
2964 1164 3094 1218 dum
3135 1159 3525 1215 induciae‘sunt
3556 1171 3587 1207 a

2023 1266 2506 1329 conturbantibus,
2537 1259 2944 1317 misericordias
2986 1254 3201 1310 Domini
3253 1265 3468 1307 mecum
3496 1263 3586 1302 re-

2023 1369 2191 1433 puto;
2223 1375 2288 1414 ac
2312 1355 2636 1413 recordatus
2662 1368 2770 1424 quo
2803 1360 2964 1422 pacto
2991 1349 3047 1402 in
3094 1348 3181 1402 die
3215 1343 3437 1398 mandet
3483 1340 3586 1394 mi—
3662 1336 3669 1343 ’

2025 1451 2381 1508 sericordiam
2420 1463 2598 1512 suam,
2633 1461 2731 1517 per
2781 1445 2957 1498 noctis
3004 1440 3176 1496 otium
3218 1437 3434 1492 cantica
3483 1433 3587 1503 ipsi

2023 1544 2321 1612 laudesque
2343 1540 2578 1610 profero.
2600 1536 2979 1605 Quamobrem
2999 1533 3206 1588 dictum
3232 1539 3341 1593 est,
3363 1538 3412 1583 et
3440 1537 3587 1580 nocte

2023 1636 2284 1690 canticum
2304 1634 2416 1702 ejus
2443 1630 2582 1700 apud
2611 1646 2690 1683 me
2707 1646 2726 1694 ;
2757 1629 3058 1683 secundum
3091 1625 3340 1695 Aquilam
3381 1637 3585 1685 autem,

2023 1740 2070 1784 et
2101 1737 2246 1782 nocte
2277 1727 2541 1779 canticum
2567 1722 2678 1792 ejus
2712 1736 2933 1774 mecum.
2956 1711 3148 1787 Neque
3180 1717 3233 1770 id
3264 1717 3466 1778 solum,
3491 1714 3586 1769 sed

2023 1821 2184 1876 etiam
2217 1819 2389 1872 oratio
2429 1815 2536 1869 Deo
2569 1815 2687 1868 vitae
2719 1829 2866 1866 meae.
2897 1809 3031 1864 Nam
3073 1811 3334 1881 hymnum
3368 1808 3420 1861 in
3453 1823 3580 1878 gra-

2026 1913 2224 1965 tiarum
2265 1909 2534 1964 actionem
2575 1921 2734 1970 cano,
2767 1905 2846 1959 sic
2882 1903 3164 1958 institutus
3207 1909 3263 1954 ut
3308 1899 3363 1953 in
3409 1899 3586 1952 omni-

362 2001 507 2072 ζωῆς
539 2021 678 2073 μου.
711 2003 856 2076 ’ᾼδω
886 2005 985 2076 μὲν
1018 2004 1122 2076 γὰρ
1151 2004 1316 2076 ὕμνον
1355 2004 1765 2075 εύχαριστήριον
1789 2045 1803 2068 ,
1843 2001 1925 2054 δε-

2029 2005 2129 2059 bus
2157 2002 2360 2073 gratias
2385 2015 2564 2070 agam,
2593 1995 3036 2068 quandoquidem
3076 2010 3161 2048 me
3197 1993 3339 2047 bona
3372 1990 3588 2046 futuro-

361 2094 641 2165 δειγμένος
694 2096 751 2148 ἐν
803 2096 963 2148 παντὶ
1026 2096 1383 2166 εὐχαριστεῖν,
1434 2098 1552 2157 ταῖς
1607 2094 1924 2165 μελλούσαις

361 2187 590 2254 ἐλπίσιν¹
622 2191 880 2260 χρησταῖς
927 2189 1159 2260 ἐμαυτὸν
1201 2187 1598 2258 ἀνακτώμενος.
1623 2186 1723 2238 Διὰ
1760 2187 1815 2238 δὲ
1860 2185 1926 2239 τὰ

359 2283 496 2346 τέως
517 2284 575 2335 ἐν
595 2281 672 2354 τῷ
702 2281 924 2353 παρόντι
959 2281 1248 2350 συνέχοντα
1284 2296 1350 2350 με
1381 2277 1596 2349 λυπηρὰ
1622 2276 1927 2347 προσευχὴν

360 2375 668 2446 ἀναπέμπω
713 2374 790 2446 τῷ
841 2373 958 2446 Θεῷ
986 2374 1083 2444 τῆς
1135 2372 1276 2443 ζωῆς
1315 2387 1445 2442 μουο
1498 2366 1611 2422 οἶδα
1660 2368 1801 2440 γὰρ,
1848 2368 1926 2420 ὅτι

361 2466 524 2520 αὐτὸν
547 2466 654 2537 ἔχω
674 2467 772 2536 τῆς
795 2464 1033 2537 ἐμαυτοῦ
1062 2463 1206 2534 ζωῆς
1245 2463 1436 2517 αἴτιον.
1491 2459 1929 2533 Προσευχόμενος

359 2561 417 2615 δὲ
445 2559 592 2631 αὐτῷ
615 2577 784 2632 φημιο
827 2558 1217 2626 Ἄντιλήπτωρ
1242 2575 1361 2627 μου
1380 2566 1399 2586 ·’
1424 2556 1457 2626 ἢ
1485 2555 1622 2609 κατὰ
1646 2554 1736 2607 τὸν
1775 2553 1930 2606 Ἀκύ·

360 2652 461 2707 λαν
507 2653 600 2706 καὶ
629 2650 954 2722 Σύμμαχον,
1004 2648 1187 2717 πέτρα
1225 2664 1372 2716 μου·
1421 2647 1503 2716 ἐφ’
1543 2647 1608 2716 ἢν
1658 2643 1828 2707 ἑστὼς
1868 2643 1926 2695 οὐ

361 2741 834 2813 διατραπήσομαιο
883 2737 982 2813 διὰ
1026 2738 1082 2790 τί
1120 2754 1238 2805 μου
1278 2735 1574 2790 ἐπελάθου
1589 2751 1608 2796 ;
1646 2733 1785 2800 Ἐγὼ
1833 2733 1930 2803 μὲν

363 2809 600 2918 γάρξσου
624 2809 732 2883 se...
759 2809 1151 2899 ἐπιλέλησμαι·
1181 2815 1294 2882 ἀλλ’
1321 2825 1438 2881 οἶδά
1464 2844 1556 2879 σου
1583 2826 1650 2878 τὰ
1685 2825 1810 2894 ὲλέη
1838 2825 1931 2877 καὶ

362 2917 870 2995 τοὺςοίκτιρμούς·
919 2917 1035 2975 οἶδα
1078 2921 1134 2974 δὲ
1159 2922 1260 2975 καὶ.
1293 2920 1390 2983 τὰς
1429 2921 1792 2988 ἀποκειμένας
1841 2933 1930 2986 μοι

363 3018 616 3082 ἐλπίδας⁸
647 3017 728 3070 διὸ
758 3018 851 3070 καὶ
894 3016 990 3088 τὴν
1018 3015 1162 3087 ᾠδήν
1204 3032 1296 3067 σου
1343 2999 1472 3084 παρ’
1510 3010 1730 3083 ἐμαυτῷ
1777 3009 1929 3063 ἀδια-

363 3111 598 3174 λείπτως
624 3109 902 3183 φυλάττω·
936 3108 1000 3161 σὺ
1034 3107 1092 3161 δέ
1128 3123 1227 3177 μου
1262 3103 1554 3158 ἐπελάθου·
1593 3102 1678 3156 διὰ
1705 3101 1792 3166 τί;
1823 3101 1932 3172 Τὴν

366 3203 548 3259 αἰτίαν
573 3201 762 3277 μαθεῖν
795 3201 1071 3272 βούλομαι,
1094 3200 1159 3253 δι’
1184 3201 1250 3270 ἣν
1279 3199 1476 3261 πάντες
1500 3199 1548 3249 οἱ
1575 3192 1933 3267 μετεωρισμοί

363 3316 462 3359 ,σου
495 3299 590 3350 καὶ
619 3296 689 3350 τὰ
740 3294 962 3367 κύματά
1007 3311 1130 3359 σου,
1178 3295 1226 3346 οἱ
1273 3291 1567 3364 πειρασμοι
1611 3289 1807 3360 δηλαδὴ
1841 3287 1934 3341 καὶ

2027 2113 2147 2151 rum
2179 2109 2275 2165 spe
2326 2092 2531 2161 reﬁcio.
2555 2091 2633 2144 Ac
2668 2097 2894 2160 propter
2921 2104 3015 2143 eas
3050 2085 3379 2157 quibusjam
3420 2084 3589 2138 inter-

2027 2189 2200 2258 cipior
2226 2199 2520 2247 aerumnas,
2538 2182 2843 2236 oratiOnem
2873 2180 2979 2234 Deo
3002 2180 3122 2233 vita:
3143 2169 3275 2232 meae
3315 2176 3589 2246 persolvo:

2026 2276 2150 2330 novi
2181 2277 2326 2332 enim
2361 2276 2538 2345 ipsum
2560 2273 2817 2328 essevita:
2839 2265 3585 2326 meteauctorem.I’reeando

2028 2377 2206 2424 autem
2229 2368 2308 2422 sic
2330 2382 2451 2421 eum
2470 2364 2761 2434 compello,
2777 2372 3044 2430 susceptor
3060 2377 3236 2424 meus;
3269 2361 3382 2416 sive
3401 2376 3592 2414 secun-

2028 2463 2156 2516 dum
2172 2459 2420 2531 Aquilam
2436 2455 2910 2531 et-Symmachum,
2927 2462 3072 2522 petra
3091 2469 3237 2517 mea;
3256 2453 3310 2506 in
3332 2442 3438 2522 qua
3459 2467 3591 2504 eon-

2030 2554 2231 2608 sistens
2254 2563 2532 2619 nunquam
2590 2547 2894 2602 subverlar.
2931 2544 3107 2610 Quare
3136 2543 3327 2598 oblitus
3353 2559 3407 2596 es
3444 2543 3544 2596 mei
3566 2545 3592 2598 ?

2029 2643 2098 2699 At
2111 2641 2250 2695 enim
2270 2655 2368 2709 ego
2381 2641 2461 2695 tui
2478 2655 2588 2694 non
2600 2638 2804 2695 oblitus
2822 2653 2963 2702 sum,
2982 2653 3166 2692 verum
3187 2635 3590 2692 misericordias

2031 2743 2084 2790 et
2117 2732 2496 2788 miserationes
2528 2738 2650 2785 tuas
2677 2729 2826 2793 novi,
2854 2729 3093 2797 itemque
3119 2741 3268 2797 spem
3290 2725 3418 2780 mihi
3437 2741 3594 2796 repo-

2032 2825 2192 2881 sitam
2224 2838 2334 2878 non
2365 2821 2555 2892 ignoro
2582 2839 2596 2875 :
2630 2835 2800 2890 quare
2827 2820 3102 2873 canticum
3133 2833 3345 2887 semper
3370 2817 3591 2872 tuumin

2030 2917 2349 2986 memetipso
2377 2911 2648 2969 custodio.
2665 2910 2746 2965 Tu
2774 2926 2902 2965 vero
2923 2911 3026 2964 mei
3049 2908 3249 2964 oblitus
3267 2924 3326 2963 es
3353 2927 3368 2964 :
3393 2911 3595 2979 quare?

2031 3007 2265 3062 Causam
2304 3004 2550 3061 ediscere
2593 3001 2849 3073 pervelim
2869 3016 2967 3055 cur
2989 3001 3170 3053 omnia
3189 2999 3406 3054 excelsa
3423 3007 3514 3052 tua
3537 3007 3593 3052 et

2033 3097 2231 3154 ﬂuctus
2264 3097 2381 3162 tui,
2420 3095 2678 3150 uidelicet
2727 3093 3061 3148 tentationes
3083 3099 3136 3147 et
3175 3099 3340 3146 tanta:
3377 3091 3596 3145 calami-

2034 3200 2194 3256 tates,
2229 3197 2282 3245 te
2310 3189 2677 3260 permittente,
2712 3195 2875 3256 Super
2913 3201 2999 3239 me
3037 3184 3372 3238 transierint.
3407 3182 3594 3253 Magna

2035 3284 2304 3356 profecto,
2333 3281 2474 3353 quod
2494 3281 2696 3336 oblitus
2721 3281 2799 3335 sis
2821 3277 2950 3357 mei,
2972 3291 3136 3331 causa
3169 3276 3332 3330 fuerit
3361 3283 3595 3345 oportet.

366 3390 626 3444 τοσαῦται
659 3390 1002 3462 περιστάσεις
1054 3391 1139 3441 ἐπ’
1173 3387 1273 3458 ἐμὲ
1314 3385 1548 3457 διῆλθον,
1591 3383 1684 3437 σοῦ
1743 3378 2167 3453 συγχωροῦντος.
2205 3377 2364 3446 Μέγα
2409 3375 2516 3448 γάρ
2543 3392 2594 3427 τι
2620 3372 2822 3444 ὀφείλει
2845 3369 3130 3440 τυγχάνειν
3181 3367 3241 3421 τὸ
3276 3367 3447 3421 αἴτιον
3497 3367 3598 3438 τῆς

367 3503 438 3539 πε
447 3489 499 3557 pl.
528 3488 662 3563 ἐμοῦ
689 3485 875 3556 λήθης.

441 3550 633 3644 λέγων
657 3576 714 3629 δὲ
743 3550 916 3630 ταυτα
944 3576 972 3626 ὁ
1006 3575 1163 3645 χορὸς
1199 3573 1273 3644 (1)
1293 3574 1644 3645 προφητικὸς,
1680 3572 1941 3625 ἰδιοποιεί-

2113 3566 2249 3622 Cum
2306 3575 2469 3634 porro
2522 3556 2576 3612 id
2631 3555 2706 3609 ait
2731 3552 3079 3625 propheticus
3125 3552 3355 3617 chorus,
3409 3553 3590 3624 populi
3664 3550 3693 3580 ’τ

371 3686 483 3731 ται,
503 3667 576 3731 ὡς
603 3667 757 3740 ἔφην,
791 3666 887 3737 τὴν
902 3665 993 3720 τοῦ
1015 3665 1142 3719 λαοῦ
1162 3663 1490 3721 κατάστασιν
1509 3680 1522 3692 ·
1542 3664 1638 3735 τὴν
1649 3663 1756 3733 γὰρ
1772 3663 1932 3732 ἐσχά-

369 3756 471 3832 την
498 3760 765 3834 ἀποβολὴν
795 3760 889 3815 καὶ
921 3761 1020 3831 τὴν
1046 3759 1358 3811 ἀπόπτωσιν
1389 3755 1482 3808 τοῦ
1521 3755 1718 3818 παντὸς
1751 3755 1934 3820 ἔθνους

370 3855 471 3927 τῂν
497 3853 790 3926 γενομένην
823 3853 956 3924 μετὰ
987 3851 1083 3923 τὴν
1106 3852 1184 3914 εἰς
1222 3850 1310 3902 τὸν
1351 3847 1578 3918 Σωτῆρα
1606 3847 1700 3899 xa‘t
1733 3846 1933 3917 Κύριον

371 3947 532 4022 ήμῶν
563 3929 815 4023 ἀπιστίαν
847 3945 1024 3998 αὐτῶν
1063 3943 1345 4015 ἐμφαίνειν
1385 3958 1474 4013 μοι
1507 3939 1594 3992 διὰ
1623 3938 1824 3992 τούτων
1853 3938 1936 3992 δο-

373 4043 479 4094 κεῖ.
509 4040 644 4093 Εἰπε
684 4039 725 4091 δ’
756 4039 822 4093 ἂν
862 4036 1007 4107 αὐτῷ
1035 4028 1368 4107 ἐρωτήσαντι
1408 4033 1501 4087 καὶ
1535 4033 1719 4102 φάν-ει·
1757 4031 1856 4084 Διὰ
1879 4031 1936 4084 τί

369 4150 490 4203 μου
523 4130 849 4193 ἐπελάθου;
878 4129 937 4181 τὸ
972 4131 1029 4182 ὲν
1071 4125 1383 4196 Εὖαγγελίῳ
1429 4123 1638 4194 λεχθέν·
1673 4121 1935 4188 Ποσάκις

373 4225 648 4294 ἠθέλησα
677 4218 1138 4290 ἐπισυναγαγεῖν
1161 4218 1232 4272 τὰ
1263 4217 1443 4271 τέκνα
1474 4233 1611 4279 σου,
1633 4213 1704 4268 ὃν
1717 4215 1937 4282 τρόπον

375 4319 539 4389 ὅρνις
576 4315 944 4384 ὑποσυνάγει
973 4313 1045 4366 τὰ
1075 4311 1299 4364 νοσσία
1335 4310 1451 4380 ὑπὸ
1489 4311 1594 4374 τὰς
1623 4306 1934 4376 πτέρυγας,
1974 4337 1977 4339 -

375 4412 474 4477 καὶ
521 4411 634 4465 οὐκ
678 4404 1048 4474 Mauricum;
1090 4403 1242 4456 Ἐπεὶ
1283 4401 1458 4461 τοίνυν
1501 4401 1588 4453 διὰ
1629 4399 1725 4470 τὴν
1759 4397 1936 4451 αὐτῶν

376 4501 572 4558 κακίαν
604 4496 994 4573 ἔπελήσθησαν,
1022 4495 1243 4557 εἰκότως
1284 4495 1311 4546 ὁ
1339 4492 1496 4564 χορὸς
1524 4493 1551 4543 ὀ
1585 4487 1934 4562 προφητικὸς,

376 4595 499 4647 ἐπεὶ
525 4591 768 4660 φυσικοῖς
795 4587 970 4656 λόγοις
992 4583 1334 4654 πάσχοντος
1348 4583 1484 4649 ἐνὸς
1509 4581 1758 4651 μέλους,
1785 4593 1938 4646 συμ-

377 4684 602 4753 πάσχει
646 4678 937 4734 πάντατὰ
959 4676 1116 4748 μέλη
1141 4717 1154 4741 ,
1187 4677 1262 4740 ὡς
1329 4675 1469 4748 ὑπὲρ
1511 4671 1708 4726 οἰκείου
1753 4668 1936 4734 σώμα-

378 4796 471 4843 τος
517 4775 707 4846 ἀλγῶν.
747 4771 984 4838 ἐπιλέγει
1038 4769 1176 4824 κατὰ
1231 4769 1321 4821 τὸν
1365 4766 1689 4836 Σύμμαχον·
1723 4761 1846 4813 Ἵνα
1881 4759 1938 4811 τί

378 4869 734 4940 σκυθρωπὸς
787 4860 1117 4933 περιπατῶ,
1172 4853 1479 4924 θλίϐοντος
1529 4853 1775 4924 ἐχθροῦ;
1837 4851 1936 4904 καὶ

2041 3668 2266 3721 statum,
2293 3655 2370 3708 uti
2392 3651 2524 3714 dixi,
2556 3647 2713 3719 quasi
2747 3646 3028 3716 proprium
3058 3645 3162 3700 sibi
3200 3645 3447 3709 ascribit,
3483 3645 3612 3700 his-'

1991 3739 1996 3743 ’
2039 3765 2144 3821 que
2192 3731 2935 3816 postremam'abjectionem
2970 3776 2986 3800 ,
3037 3751 3099 3790 ac
3151 3737 3364 3791 ruinam
3425 3738 3598 3794 totius

2041 3841 2238 3913 gentis,
2270 3849 2393 3906 quae
2415 3840 2534 3903 post
2561 3844 2750 3885 eorum
2780 3845 2906 3899 erga
2951 3826 3285 3896 Salvatorem
3319 3836 3373 3883 et
3407 3828 3595 3884 Domi-

2039 3948 2168 3989 num
2199 3937 2447 3990 nostrum
2477 3923 2914 3979 incredulitatem
2944 3921 3162 3987 accidit,
3188 3921 3431 3988 indicare
3462 3924 3596 3979 mibi

2043 4025 2272 4081 videtur.
2302 4019 2381 4073 llli
2405 4032 2535 4072 vero
2568 4014 2731 4070 modo
2761 4013 3114 4084 interroganti
3139 4013 3597 4083 ac'compellanti,

2043 4118 2219 4183 Quare
2267 4110 2458 4167 oblitus
2493 4125 2547 4164 es
2596 4107 2736 4163 mei?
2786 4104 3018 4160 fortasse
3057 4106 3189 4161 illud
3230 4107 3598 4177 evangelicum

2041 4209 2246 4262 dictum
2270 4213 2493 4276 reponat
2519 4205 2531 4256 ὲ
2557 4200 2774 4267 Quoties
2794 4197 2936 4250 uolui
2964 4211 3275 4266 congregare
3289 4195 3428 4265 ﬁlios
3453 4206 3592 4258 tuos,

2042 4297 2480 4369 quemadmodum
2521 4293 2724 4366 gallina
2762 4288 3251 4359 congregat‘pullos
3317 4302 3442 4340 suos
3496 4288 3594 4340 sub

2043 4390 2182 4454 alas,
2199 4397 2248 4444 et
2269 4387 2511 4442 noluistis
2522 4386 2599 4439 “?
2614 4379 3053 4452 Quandoquidem
3071 4378 3228 4447 igitur
3246 4377 3464 4430 malitia:
3479 4393 3593 4432 sua:

2042 4495 2210 4536 causa
2243 4480 2298 4536 in
2328 4477 2652 4534 oblivionem
2684 4477 2964 4532 venerunt,
2991 4468 3113 4537 jure
3133 4467 3334 4522 chorus
3357 4468 3593 4540 prephe-

2046 4577 2208 4638 ticus,
2240 4573 2370 4643 quia
2397 4587 2478 4634 οι,
2499 4565 2732 4624 naturali
2789 4563 3002 4617 ratione
3039 4560 3265 4629 patiente
3295 4576 3398 4614 uno
3431 4543 3596 4616 mein-

2045 4667 2161 4731 bro,
2193 4665 2588 4733 compatiuntur
2610 4656 2784 4712 omnia
2818 4651 3048 4707 membra
3066 4652 3133 4720 ‘7,
3163 4653 3317 4722 quasi
3339 4668 3438 4724 pro
3475 4669 3599 4712 cor:

2042 4775 2176 4830 pore
2202 4757 2422 4828 proprio
2449 4743 2636 4821 lugens
2676 4746 2982 4816 subiungit,
3015 4745 3312 4825 secundum
3346 4745 3595 4816 Symma-

2045 4851 2206 4905 chum
2253 4867 2265 4901 :
2311 4847 2485 4911 Quare
2528 4841 2690 4894 tristis
2740 4836 2944 4904 incedo,
2979 4822 3228 4908 aﬂligente
3268 4836 3512 4898 inimico;
3547 4847 3597 4890 et

377 4963 461 5030 ὡς
488 4959 733 5030 σφαγὴν
765 4956 885 5012 τῶν
911 4952 1105 5008 ὀστῶν
1135 4970 1252 5020 μου
1287 4946 1580 5009 ὠνείδιζόν
1609 4949 1660 5000 ot
1684 4943 1940 4998 ἐναντίοι

2041 4941 2196 5012 quasi
2228 4937 2540 4992 occisionem
2589 4947 2678 5001 per
2721 4945 2843 4986 ossa
2884 4946 3000 4984 mea
3032 4926 3418 4998 exprobrabant
3467 4926 3594 4979 mihi

377 5064 498 5124 μου
516 5073 530 5085 ·
562 5053 622 5122 ἦ.
639 5052 734 5107 Ἐν
757 5049 840 5115 τῷ
861 5041 1265 5102 καταο.2ᾶσοαι
1297 5040 1370 5095 τὰ
1408 5037 1555 5092 ὀστᾶ
1578 5053 1695 5107 μου
1723 5032 1944 5087 ὠνείδι-

2047 5029 2338 5090 adversarii
2367 5028 2498 5090 mei;
2522 5027 2645 5081 sive
2670 5045 2682 5080 :
2706 5026 2844 5079 Dum
2882 5023 3281 5092 confringuntur
3314 5034 3433 5072 ossa
3481 5036 3596 5073 mea

385 5110 485 5206 .(o'r
504 5110 663 5216 μεὀὶ
699 5110 1004 5204 θλίέοντές
1036 5151 1130 5207 με.
1165 5133 1285 5186 Τῶν
1310 5133 1418 5203 γὰρ
1447 5130 1646 5184 ὀστέων
1677 5125 1784 5192 τῶν
1814 5141 1943 5195 προ-

2042 5122 2422 5196 exprobrabant
2451 5134 2532 5172 me
2553 5119 2643 5188 qui
2672 5117 2926 5172 tribulam
2961 5130 3062 5168 me.
3095 5111 3226 5165 Nam
3259 5110 3595 5181 propheticis

299 5283 302 5286 .
387 5237 632 5308 φητικῶν
683 5233 770 5289 διὰ
807 5231 902 5286 τοῦ
960 5224 1236 5296 κλαυθμοῦ
1284 5225 1377 5277 καὶ⁵
1419 5222 1527 5285 τῶν
1567 5217 1812 5289 ὀδυρμῶν
1847 5235 1943 5270 κα-

2045 5215 2296 5278 ossibus,
2338 5210 2394 5265 id
2427 5217 2510 5265 est
2565 5209 2756 5262 anima:
2793 5205 3164 5263 facultatibus,
3207 5215 3302 5271 per
3349 5198 3502 5254 ﬂetus
3543 5210 3598 5254 et

386 5289 766 5400 calelwuévwv,
803 5325 1046 5381 τουτέστι
1077 5289 1182 5375 τῶν
1209 5317 1307 5388 τῆς
1348 5315 1525 5386 ψυχῆς
1563 5313 1861 5382 δυνάμεων,
1896 5311 1943 5362 οἱ

2044 5314 2312 5379 laerymas
2363 5300 2690 5361 contractis,
2746 5297 2842 5368 qui
2879 5297 2936 5350 in
2993 5294 3194 5365 populo
3249 5292 3455 5346 inimici
3503 5289 3597 5346 Dei

387 5425 446 5478 ὲν
472 5421 550 5494 τῷ
567 5420 681 5489 λαῷ
712 5419 894 5489 ἐχθροὶ
922 5416 1016 5471 τοῦ
1037 5411 1192 5476 Θεοῦ,
1212 5410 1286 5472 ὡς
1308 5407 1529 5478 μηδενὸς
1559 5402 1944 5472 ἐπαμύνοντος,

2047 5409 2221 5461 erant,
2243 5395 2398 5466 quasi
2428 5391 2726 5463 epitulante
2761 5386 3002 5454 nemine,
3021 5385 3375 5456 insurgebant
3403 5398 3598 5452 expro-

389 5475 1113 5571 ἐπανέϐαινονῆὀνειδίζοντες
1144 5502 1234 5577 καὶ
1261 5475 1505 5564 λέγοντες
1525 5512 1538 5525 ο
1564 5491 1685 5548 Ποῦ
1712 5491 1882 5545 ἐστιν
1912 5495 1943 5543 ὁ

2048 5494 2270 5549 brantes
2295 5501 2358 5540 ac
2385 5483 2648 5545 dicentes,
2685 5475 2784 5531 Ubi
2808 5486 2886 5531 est
2919 5475 3062 5530 Deus
3092 5477 3250 5529 tuus?

391 5610 537 5674 Θεός
563 5620 676 5658 στην
701 5621 709 5628 ’

760 5711 1051 5770 ΨΑΔΜΟΣ
1087 5711 1174 5764 ΤΩ
1211 5703 1405 5760 ΔΑΥῘΔ
1434 5701 1567 5755 MB'.

474 5813 862 5885 ’Λνεπίγραιρος
899 5807 1026 5878 παρ’
1077 5801 1346 5874 Ἑϐραίοις
1379 5797 1407 5847 ὁ
1435 5791 1674 5863 ψαλμός·
1711 5787 1789 5841 διὸ
1830 5788 1948 5841 οὐδὲ

1127 5899 1173 5932 ⁸⁸
1212 5894 1399 5951 Matth.
1435 5903 1596 5954 xxut,
1632 5885 1718 5938 57.
1793 5884 1837 5913 ‘7
1880 5881 2051 5936 lCor.
2091 5895 2195 5944 xu,
2231 5877 2321 5931 26.

460 5915 507 5944 "
548 5910 718 5969 Exod.
748 5921 930 5968 xxxiv,
963 5902 1018 5956 6.

2371 5686 2423 5741 ’t.
2461 5674 2779 5737 PSALMUS
2817 5671 3086 5729 DAVIDIS
3122 5669 3279 5724 XLII.

2043 5777 2052 5785 “
2124 5780 2373 5836 Psalmus
2416 5778 2505 5833 hic
2542 5770 2688 5846 apud
2729 5768 2984 5826 Hebraeos
3025 5764 3385 5841 inscriptione
3417 5769 3601 5830 caret,

459 6003 539 6071 (ι)
563 6001 908 6059 Desideratur
931 5998 979 6066 ὁ,
1000 6002 1056 6049 ut
1085 5993 1154 6050 sit
1190 5994 1217 6046 ὸ
1245 6003 1425 6062 apag,
1460 5992 1517 6038 ut
1541 5980 1698 6054 paulo
1731 5975 2076 6038 intra.vEmr.
