4354 6460
757 453 864 509 579

1478 455 1744 510 EUSEBII
1773 454 2244 512 CESARIENSIS
2281 453 2434 510 OPP.
2461 451 2636 508 PARS
2674 451 2758 507 111.
2801 483 2871 493 -
2908 449 3316 508 EXEGETICA.

3873 460 3977 514 580

759 586 927 642 quare
956 586 1132 640 neque
1163 572 1307 640 apud
1339 571 1578 642 reliquos
1603 574 1930 642 interpretes
1970 572 2185 624 titulum
2221 571 2315 624 ha-
2346 577 2388 633 Α
2423 588 2478 621 πε

2258 587 2315 624 a-
2346 577 2388 633 Α
2423 568 2570 640 παρά
2598 572 2706 631 τοῖς
2731 568 2936 632 λοιποῖς
2960 571 3315 640 ἐρμηνευταῖς
3338 571 3640 644 ἐπιγραφήν
3661 574 3790 645 ἔχει.
3821 543 3977 634 Ἀλλά

760 667 866 719 bet.
903 662 1006 719 Sed
1039 666 1166 734 quia
1189 664 1549 735 pramedentis
1578 679 1702 732 pars
1739 663 1948 718 videtur
1987 676 2126 725 esse,
2167 663 2314 734 quod

762 756 946 822 utique
984 769 1107 808 cum
1138 770 1202 808 ex
1236 754 1505 808 similibus
1544 754 1796 822 utrinque
1835 755 2046 817 verbis,
2091 765 2207 807 tum
2246 770 2314 808 ex

759 844 899 897 aliini
923 847 1193 900 sententia
1215 853 1709 911 commonstratur;
1743 846 1864 898 dico
1883 859 2013 900 sane
2044 846 2208 898 etiam
2231 846 2313 898 in-

757 942 1168 1009 pnescntiarum
1208 942 1431 995 chorum
1479 942 1854 1011 propheticum
1900 944 2013 994 haec
2057 955 2314 995 enarrare

756 1032 902 1083 circa
937 1030 1215 1099 populum,
1250 1038 1434 1099 utpote
1475 1030 1750 1097 abjectum
1787 1027 2157 1096 traditumque
2185 1041 2314 1096 gen-

755 1122 906 1175 tibus
953 1120 1370 1190 homlnibusque
1412 1122 1708 1190 improbis,
1754 1129 2033 1188 rogantem
2072 1133 2136 1170 ac
2191 1131 2314 1170 cum

757 1210 1011 1278 precibus
1052 1213 1408 1278 postulantem
1464 1218 1521 1264 ut
1568 1211 1703 1263 ultio
1744 1217 2009 1270 sumatur,
2037 1215 2090 1262 et
2125 1207 2242 1276 ipse
2286 1221 2316 1260 e

683 1331 686 1334 -
755 1299 1009 1353 manibus
1049 1301 1388 1352 inimicorum
1435 1305 1678 1352 eruatur.
1712 1296 2186 1361 Quemadmodum
2217 1309 2316 1348 au-

755 1397 889 1452 tem,
923 1389 1118 1442 afﬂicto
1144 1391 1360 1459 populo,
1393 1389 1527 1457 justi
1560 1403 1775 1459 quoque
1805 1388 1904 1440 viri
1951 1402 2055 1440 una
2085 1387 2304 1456 patiun-

757 1492 847 1536 tur
873 1499 934 1536 ac
965 1484 1149 1538 dolore
1196 1485 1265 1537 ob
1293 1500 1630 1538 communem
1666 1484 2032 1546 calamitatem
2067 1481 2307 1534 alliciun-

757 1580 874 1638 tur;
906 1572 978 1627 ita
1016 1575 1390 1644 religiosorum
1445 1576 1722 1629 hominum
1776 1574 2021 1643 probitas
2062 1572 2316 1625 multitu-

754 1664 868 1717 dini
898 1681 1110 1735 quoque
1137 1674 1281 1722 recte
1311 1667 1576 1720 factorum
1598 1667 2029 1721 communionem
2053 1665 2317 1719 fructum-

755 1770 860 1822 que
901 1757 1061 1825 parit.
1102 1755 1462 1822 Quamobrem
1508 1758 1585 1810 illi
1639 1771 1909 1810 aerumnas
1950 1755 2132 1824 pepuli
2167 1755 2220 1807 in
2251 1769 2311 1808 se

754 1848 1096 1917 recipientes,
1155 1865 1344 1918 preces
1411 1865 1510 1917 pro
1562 1847 1914 1900 multitudine
1975 1846 2311 1909 fundebant,

2405 663 2510 714 -καὶ
2539 662 2619 713 ὅτι
2652 661 2812 731 μέρος
2843 660 3015 712 ἔοικεν
3049 656 3184 712 εἶναι
3224 661 3317 713 τοῦ
3346 663 3449 733 πρὸ
3475 664 3658 727 αὑτοῦ,
3688 666 3977 738 δεδήλωται

2415 753 2478 805 ἐκ
2505 770 2562 805 τε
2604 752 2709 805 τῶν
2738 752 2936 821 ὁμοίων
2977 755 3034 804 ἐν
3065 752 3390 822 ἀμφοτέροις
3431 752 3602 820 λόγων
3649 757 3740 808 καὶ
3783 759 3847 810 ἐκ
3882 762 3979 832 τῆς

2415 843 2682 915 ἐμφεροῦς
2710 843 2964 906 διανοίας.
2983 843 3127 914 Φημὶ
3152 845 3327 896 τοίνυν
3351 846 3443 897 καὶ
3475 846 3565 897 ἐπὶ
3594 845 3686 898 τοῦ
3712 849 3978 918 παρόντος

2415 939 2503 990 τὸν
2544 938 2703 1008 χορὸν
2749 937 2836 988 τὸν
2882 938 3215 1008 προφητικὸν
3249 939 3315 990 τὰ
3359 940 3691 1010 προκείμενα
3723 940 3978 1005 διεξιέναι

2418 1029 2554 1099 ὑπὲρ
2591 1027 2682 1080 τοῦ
2729 1027 2895 1089 λαοῦ,
2929 1029 3004 1091 ὡς
3065 1030 3383 1099 ἀπωσμένον
3444 1032 3534 1084 καὶ
3589 1033 3979 1103 παραδοθέντος

2416 1116 2589 1170 ἔθνεσι
2642 1117 2734 1169 καὶ
2786 1117 3090 1189 ἀνθρώποις
3143 1123 3432 1190 πονηροῖς,
3475 1121 3727 1190 δεομένου
3770 1123 3826 1176 δὲ
3861 1124 3978 1178 ’καὶ

2415 1205 2809 1269 ἀντιϐολοῦντος
2856 1207 3094 1270 ἐκδικίας
3143 1212 3360 1277 τυχεῖν,
3424 1211 3518 1261 καὶ
3569 1210 3826 1280 ρυσθῆναι
3871 1211 3978 1266 τῶν

2415 1298 2609 1370 χειρῶν
2643 1300 2750 1351 τῶν
2801 1300 3090 1368 πολεμίων.
3122 1300 3330 1370 ’Ὠσπερ
3358 1300 3414 1352 δέ
3460 1301 3547 1353 διὰ
3592 1303 3687 1372 τὴν
3713 1303 3806 1356 τοῦ
3847 1303 3992 1359 λαοῦι

2416 1389 2654 1442 κάκωσιν
2687 1389 2962 1441 συνέϐαινε
3006 1389 3115 1451 τοῖς
3157 1389 3610 1458 δικαιοπραγοῦσι
3637 1393 3979 1464 συμπάσχειν

2417 1481 2508 1533 καὶ
2537 1481 2836 1548 συναλγεῖν,
2863 1481 2956 1532 καὶ
2995 1479 3446 1546 συνδιατίθεσθαι,
3481 1483 3571 1534 τὸν
3603 1483 3762 1534 αὐτὸν
3784 1485 3980 1555 τρόπον

2416 1571 2508 1624 καὶ
2541 1573 2573 1640 ή
2610 1571 2715 1622 τῶν
2739 1569 2996 1639 θεοφιλῶν
3034 1570 3241 1640 ἀνδρῶν
3285 1571 3666 1644 δικαιοπραγὶα
3700 1577 3980 1630 κοινωνίαν

2416 1665 2507 1716 καὶ
2543 1663 2821 1734 μετάδοσιν
2850 1661 3069 1729 ἀγαθῶν
3103 1663 3349 1733 παρέχει.
3381 1664 3472 1716 Διὸ
3502 1664 3585 1733 δὴ,
3617 1666 3684 1719 τά
3712 1667 3856 1738 πάθη
3883 1667 3978 1722 τοῦ

2416 1752 2543 1806 λαοῦ
2576 1756 2652 1815 είς
2697 1753 2918 1814 ἑαυτοὺς
2956 1753 3458 1822 ἀναλαμϐάνοντες,
3498 1755 3661 1825 εὺχάς
3705 1758 3846 1828 ὑπὲρ
3884 1758 3978 1810 τοῦ

2417 1841 2654 1910 πλήθους
2701 1841 3012 1903 ἐποιοῦντο,
3065 1843 3248 1912 κοινήν
3291 1859 3352 1894 τε
3411 1845 3686 1914 ἱκετηρίαν
3730 1847 3810 1917 τῷ
3860 1847 3980 1919 Θεῷ

753 1954 1206 2010 communemque
1265 1943 1716 2009 supplicationem
1803 1940 1913 1994 Deo
1972 1941 2309 1994 emittebant.
2345 1933 2472 1997 Βάν

2259 1947 2309 1993 ιι,
2345 1943 2386 1997 Β
2413 1931 2742 2000 ἀνέπεμπον.
2761 1930 2999 1992 Εἰκότως
3031 1926 3125 1983 οὖν
3159 1931 3236 1994 ὡς
3260 1931 3318 1997 ἐξ
3345 1932 3462 1995 ἐνὸς
3495 1935 3758 2005 πόματος
3778 1938 3978 2002 ταύτας

751 2027 881 2084 lure
900 2031 1082 2100 itaque
1109 2045 1208 2083 ceu
1237 2045 1348 2084 uno
1377 2046 1471 2085 ore
1500 2031 1597 2084 has
1625 2030 1972 2100 proferebant
2005 2045 2187 2085 voces.

825 2137 990 2193 Vtilis.
1041 2139 1094 2192 2.
1135 2139 1326 2193 Judica
1361 2157 1457 2205 me,
1505 2139 1663 2203 Deus,
1705 2153 1753 2196 et
1811 2144 2046 2196 discerne
2095 2160 2311 2196 causam

754 2244 924 2280 meam
946 2227 1010 2282 de
1032 2239 1176 2298 gente
1205 2247 1306 2283 non
1336 2241 1542 2290 sancta,
1582 2231 1644 2283 ab
1681 2234 1886 2286 homine
1915 2234 2094 2303 iniquo
2125 2242 2176 2286 et
2216 2232 2312 2284 do-

752 2319 865 2374 loso
897 2335 1019 2372 erue
1045 2335 1140 2372 me.
1178 2319 1319 2385 Quia
1359 2329 1414 2373 tu
1442 2337 1495 2374 es
1537 2319 1678 2373 Deus
1703 2322 1956 2388 fortitudo
1987 2339 2122 2387 mea,
2151 2337 2312 2391 quare

752 2429 834 2464 me
875 2412 1148 2479 repulisti?
1179 2411 1354 2475 Quare
1403 2412 1570 2464 tristis
1614 2412 1795 2464 incedo
1843 2411 1968 2465 dum
2001 2413 2182 2482 aﬂiigit
2232 2429 2313 2465 me

753 2503 995 2556 inimicus
1016 2505 1040 2556 2
1065 2500 1272 2556 Dixerit
1313 2501 1586 2570 quispiam
1619 2502 1732 2555 haec
1764 2502 2008 2571 proferre
2040 2519 2208 2556 unum
2234 2504 2312 2555 al-

753 2603 1000 2646 terumve
1029 2591 1123 2660 qui
1147 2591 1203 2644 in
1235 2591 1491 2646 universo
1525 2595 1723 2662 populo
1751 2593 1980 2647 Judaico
2007 2593 2190 2663 justus
2226 2609 2313 2648 re-

755 2687 945 2749 pertus
997 2687 1097 2734 est.
1154 2679 1274 2748 Ipse
1318 2680 1482 2749 igitur
1531 2683 1646 2738 sive
1693 2699 1837 2737 unus
1887 2684 2000 2738 sive
2054 2699 2311 2755 perrarus

757 2770 938 2834 homo,
973 2770 1150 2840 qualis
1172 2777 1289 2825 erat
1316 2769 1579 2828 Jeremias
1623 2784 1716 2828 aut
1742 2775 1970 2845 quilibet
2010 2775 2114 2844 ipsi
2153 2775 2310 2830 simi-

755 2861 843 2927 lis,
877 2861 949 2915 ita
977 2861 1102 2915 ﬂeat
1153 2870 1208 2917 et
1241 2862 1556 2931 bujusmodi
1588 2881 1748 2920 voces
1784 2867 2016 2930 emittat,
2043 2881 2242 2936 rogans
2280 2880 2310 2918 a

753 2959 914 3022 gente
943 2967 1052 3007 non
1082 2963 1271 3008 sancta
1302 2955 1544 3019 liberari,
1579 2956 1782 3024 quibus
1809 2955 2036 3010 indicari
2061 2957 2311 3010 videntur

753 3047 848 3115 qui
874 3061 941 3100 et
967 3045 1381 3101 circumcisione
1409 3055 1594 3113 erant;
1619 3053 1672 3101 et
1704 3064 1734 3102 a
1771 3047 1890 3101 viro
1919 3049 2180 3116 iniquo'et
2210 3047 2308 3101 do—

755 3137 893 3197 losu,
924 3143 984 3190 ut
1007 3151 1284 3205 nunquam
1319 3136 1436 3205 ipse
1465 3145 1557 3190 aut
1586 3137 1806 3206 iniquus
1829 3143 1920 3191 aut
1940 3137 2162 3192 dolosus
2185 3121 2314 3192 eva-l

753 3229 867 3281 dat.
903 3225 1074 3296 Roget
1116 3235 1295 3282 autem
1338 3226 1501 3282 Deum
1553 3227 1638 3282 his
1687 3229 1867 3283 verbis
1899 3248 1910 3282 :
1940 3227 2019 3281 Tu
2070 3244 2128 3283 es
2169 3225 2309 3282 Deus

2419 2023 2647 2092 ἠφίεσαν
2673 2021 2771 2085 τάς
2801 2022 3002 2091 φωνάς.

2485 2135 2702 2203 Κρῒνόν
2724 2151 2819 2202 με,
2856 2137 2888 2186 ό
2916 2134 3077 2200 Θεὸς,
3107 2136 3205 2189 καὶ
3239 2135 3492 2190 δίκασον
3516 2137 3629 2206 τὴν
3651 2139 3830 2208 δίκην
3859 2148 3979 2211 μου

2416 2229 2483 2292 ἐξ
2515 2229 2725 2292 ἔθνους
2753 2229 2865 2294 οὐχ
2894 2227 3067 2281 ὁσίου
3087 2245 3099 2256 ·
3133 2227 3253 2281 ἀπὸ
3288 2227 3601 2296 ἀνθρώπου
3631 2229 3838 2286 δολίου
3879 2233 3978 2286 και

2415 2318 2626 2371 ἀδίκου
2649 2317 2836 2385 ῥῦσαί
2861 2334 2955 2386 με.
2984 2318 3111 2371 Ὀτι
3135 2319 3215 2371 σὺ
3242 2322 3274 2372 ό
3310 2319 3452 2385 Θεὸς
3477 2323 3813 2391 asparale
3837 2341 3978 2392 μου,

2417 2411 2517 2462 ἶνα
2538 2410 2595 2461 τί
2625 2408 2844 2463 ἀπώσω
2861 2427 2966 2478 με;
2994 2411 3093 2464 ἵνα
3120 2411 3179 2463 τί
3203 2410 3636 2478 σκυθρωπάζων
3661 2415 3981 2484 πορεύομαι

2415 2502 2486 2554 ἐν
2539 2501 2618 2566 τῷ
2667 2502 2945 2570 ἐκθλίψαι
2994 2503 3248 2571 ἐχθρόν;
3294 2503 3450 2555 Εἴποι
3483 2502 3527 2555 δ’
3577 2505 3642 2558 ἀν
3681 2521 3764 2567 τις
3809 2503 3980 2558 ταῦτα

2416 2591 2595 2661 λέγειν
2639 2593 2734 2647 ἕνα
2778 2611 2881 2645 που
2912 2594 3005 2646 καὶ
3038 2593 3286 2664 δεύτερον
3329 2595 3385 2649 ἐν
3429 2595 3534 2664 ὅλῳ
3584 2592 3662 2664 τῷ
3694 2593 3835 2646 ἔθνει
3872 2594 3981 2648 τῶν

2429 2685 2714 2750 Ἰουδαίων,
2749 2686 3049 2757 εὑρημένον
3079 2685 3303 2738 δίκαιον.
3352 2685 3525 2749 Αὐτὸς
3574 2681 3666 2739 οὖν
3694 2687 3722 2738 ό
3769 2680 3848 2750 εἷς
3887 2685 3982 2739 καὶ

2419 2777 2658 2841 σπάνιος,
2696 2772 2807 2830 οἷον
2859 2777 3124 2848 Ἱερεμίας
3160 2779 3195 2848 ή
3244 2795 3325 2840 τις
3369 2777 3555 2848 ἕτερος
3597 2779 3780 2848 ὅμοιος
3811 2776 3979 2849 αὐτῷ,

2415 2868 2811 2927 ἀποκλαιέσθω,
2846 2868 2937 2920 καὶ
2992 2868 3194 2932 ταύτας
3235 2869 3602 2939 ἀναπεμπέτω
3648 2868 3746 2932 τὰς
3777 2869 3979 2938 φωνὰς,

2419 2956 2673 3008 ἱκετεύων
2715 2955 2973 3026 ρυσθῆναι
3025 2957 3085 3021 ἐξ
3129 2958 3343 3010 ἀνοσίου
3387 2957 3599 3020 ἔθνους·
3645 2956 3884 3028 δηλούτω
3924 2957 3983 3012 δὲ

2415 3045 2610 3107 αὐτοὺς
2633 3046 2760 3108 τοὺς
2797 3047 2860 3096 ἐκ
2893 3046 3214 3116 περιτομῆς,
3234 3048 3330 3098 καὶ
3362 3046 3470 3098 ἀπὸ
3491 3044 3776 3116 ἀνθρώπου
3799 3045 3981 3098 ἀδίκου

2416 3135 2510 3189 καὶ
2528 3135 2722 3198 δολίου,
2753 3135 2827 3198 ὼς
2848 3134 2914 3188 ἂν
2939 3138 3143 3206 μήποτε
3166 3137 3258 3189 καὶ
3283 3136 3443 3197 αὐτὸς
3465 3135 3670 3203 γένοιτο
3692 3136 3870 3198 ἄδικος
3890 3136 3984 3189 καὶ

2416 3227 2605 3290 δόλιος.
2630 3228 3022 3298 Παρακαλείτω
3059 3228 3116 3280 δέ
3143 3227 3232 3280 τὸν
3254 3227 3383 3280 Θεὸν
3407 3226 3579 3294 λέγων
3600 3245 3612 3256 ο
3643 3227 3713 3280 Σὺ
3742 3225 3791 3280 εἴ
3807 3231 3833 3280 ὁ
3854 3229 3983 3290 Θεὸς

755 3315 1018 3370 fortitudo
1041 3330 1181 3379 mea,
1215 3332 1383 3386 quare
1406 3333 1493 3371 me
1526 3319 1795 3386 repulisti,
1832 3335 1916 3374 me
1943 3320 1995 3371 in
2023 3319 2200 3373 medio
2238 3326 2315 3371 ta-
2341 3312 2381 3369 (Δ
2416 3337 2474 3389 κε

2263 3334 2315 3371 a-
2341 3312 2381 3369 (Δ
2416 3318 2739 3389 κραταίωμά
2768 3335 2866 3388 μου
2888 3336 2900 3348 ·
2938 3319 3026 3371 ῖνα
3056 3318 3108 3370 τί
3137 3335 3202 3389 με
3227 3316 3452 3380 ἀπώσω,
3479 3317 3792 3371 καταλιπών
3826 3335 3890 3387 με
3927 3320 3982 3370 ἐν

754 3407 824 3461 lis
857 3406 1037 3477 populi
1069 3405 1423 3476 relinquens?
1474 3405 1599 3461 Haec
1631 3423 1790 3477 l)orro
1823 3407 1990 3462 Helia
2035 3408 2310 3476 propheta

754 3505 1082 3566 congruunt,
1124 3497 1213 3565 qui
1245 3495 1473 3549 Domino
1499 3498 1812 3567 supplicans
1837 3506 2022 3552 contra
2052 3499 2308 3568 populum

753 3589 830 3642 ita
863 3588 1002 3643 fatur
1029 3608 1042 3642 :
1068 3587 1305 3648 Domine,
1339 3591 1616 3658 prophetas
1651 3599 1763 3642 tuos
1795 3590 2184 3658 interfecerunt,
2230 3591 2313 3643 al-

758 3681 896 3734 taria
935 3692 1025 3734 tua
1072 3681 1541 3736 subverteru‘ntnt
1575 3699 1666 3752 ego
1713 3681 1925 3735 relictus
1975 3682 2140 3745 solus,
2169 3698 2312 3752 qure-

756 3782 978 3840 runtque
1016 3772 1184 3838 ipsam
1222 3774 1452 3825 animam
1490 3773 1668 3826 tollere
1695 3772 1758 3824 ⁸⁸.
1795 3770 2087 3842 Perspicue
2133 3782 2312 3826 autem

755 3867 915 3917 docet
944 3861 1206 3918 Jeremias
1228 3864 1488 3919 defecisse
1517 3879 1731 3920 omnem
1760 3864 1964 3932 justum
1996 3865 2062 3920 de
2091 3867 2310 3935 populo,

756 3955 947 4009 dicens
986 3952 1256 4008 :Circtt'ite
1304 3957 1355 4008 in
1401 3957 1546 4010 biviis
1594 3955 1893 4010 Jerusalem
1937 3965 1986 4009 et
2028 3958 2082 4008 in
2128 3958 2313 4024 plateis

753 4049 892 4117 aias,
923 4056 974 4102 et
1013 4045 1174 4100 videte
1203 4048 1249 4100 si
1274 4056 1350 4101 est
1391 4049 1479 4116 qui
1523 4048 1806 4118 intelligat,
1844 4057 1893 4100 et
1929 4049 2188 4116 propitius
2225 4065 2314 4102 ero

755 4142 831 4194 eis
854 4139 916 4192 δ’.
948 4137 1148 4192 Deinde
1169 4138 1295 4208 quia
1320 4138 1610 4192 multitudo
1635 4139 2003 4207 improborum
2033 4140 2314 4193 hominum

754 4230 960 4301 justum
993 4231 1170 4300 ipsum
1208 4229 1506 4299 premebat,
1554 4244 1616 4284 se
1645 4230 1748 4284 hac
1795 4229 1864 4282 de
1902 4245 2066 4285 causa
2101 4232 2314 4286 tristem

757 4334 880 4374 esse
916 4314 1354 4385 dicebatzoitare
1386 4319 1727 4373 contristatus
1754 4318 1956 4384 incedo,
1979 4319 2103 4372 dum
2135 4322 2316 4392 afﬂigit

758 4426 840 4464 me
881 4411 1165 4466 inimicus?
1201 4409 1268 4462 Et
1319 4410 1558 4479 alioquin
1607 4423 1729 4462 cum
1780 4419 1965 4479 gentes
2009 4419 2062 4465 et
2111 4411 2316 4466 inimici

757 4504 1117 4558 calamitatem
1147 4501 1433 4566 inferrent,
1465 4496 1625 4570 atque
1664 4501 1868 4571 populo
1899 4500 2126 4556 Judaico
2165 4518 2319 4571 supe-

757 4595 932 4648 riores
964 4594 1286 4658 evasissent,
1319 4593 1401 4650 vir
1441 4594 1530 4646 ille
1574 4591 1682 4646 Deo
1721 4592 1972 4646 addictus
2004 4591 2186 4645 animo
2220 4592 2317 4646 do-

2414 3411 2560 3481 μέσῳ
2580 3409 2816 3463 τοιούτου
2839 3409 2967 3462 λαοῦ
2987 3409 3254 3482 ;’Ἣρμοζε
3278 3410 3333 3462 δέ
3357 3409 3425 3462 τὰ
3445 3408 3772 3480 προκείμενα
3796 3409 3887 3460 καὶ
3908 3408 3983 3477 τῷ

2413 3505 2666 3576 προφήτῃ
2700 3502 2878 3573 Ἠλίᾳ,
2905 3501 2964 3566 ὃς
3003 3502 3185 3570 ἔλεγεν
3211 3502 3659 3570 κατεντυγχάνων
3691 3499 3785 3552 τοῦ
3817 3499 3944 3552 λαοῦ
3965 3516 3981 3530 ο

2411 3597 2618 3662 Κύριε,
2661 3595 2802 3661 τοὺς
2843 3595 3155 3664 προφήτας
3197 3609 3314 3648 σου
3355 3593 3732 3657 ἀπέκτειναν,
3766 3592 3864 3645 καί
3914 3590 3986 3643 τὰ

2413 3685 2808 3754 θυσιαστήριά
2839 3703 2954 3739 σου
2982 3687 3393 3752 κατέσκαψαν,
3426 3683 3588 3752 κάγὼ
3611 3685 3985 3750 ὑπελείφθην

2406 3778 2624 3844 μόνος,
2661 3776 2758 3829 καὶ
2803 3773 3041 3843 ζητοῦσι
3094 3774 3208 3842 τὴν
3249 3772 3462 3842 ψυχὴν
3505 3772 3712 3825 λαϐεῖν
3767 3770 3979 3836 αὑτήν.

2414 3868 2606 3935 Σαφῶς
2633 3867 2687 3919 δὲ
2713 3867 2948 3920 διδάσκει
2982 3866 3250 3937 Ἱερεμίας
3274 3865 3644 3918 ἐκλελοιπέναι
3695 3863 3870 3916 πάντα
3905 3861 3984 3914 δί-

2414 3975 2564 4010 καιον
2607 3960 2670 4010 ἐκ
2706 3957 2799 4011 τοῦ
2845 3956 3008 4021 λαοῦ,
3053 3957 3261 4024 λέγων·
3314 3953 3704 4023 Περιδράμετε
3737 3955 3806 4006 ὲν
3855 3953 3982 4018 ταῖς

2414 4047 2699 4117 ἀμφόδοις
2757 4047 3172 4116 Ἰερουσαλὴμ,
3225 4045 3320 4099 καί
3380 4045 3450 4097 ἐν
3495 4043 3622 4109 ταῖς
3677 4043 3983 4106 πλατείαις

2414 4139 2622 4208 αὐτῆς,
2657 4140 2753 4194 καὶ
2789 4139 2940 4193 τδετε
2967 4142 3019 4191 εί
3051 4139 3182 4192 ἐστι
3217 4136 3464 4201 συνιὼν,
3499 4136 3597 4189 καί
3642 4135 3815 4199 ἵλεως
3843 4133 3982 4187 ἔσο-

2410 4249 2515 4302 μαι
2534 4231 2754 4297 αὐτοῖς.
2775 4227 2886 4284 Εἶτ’
2910 4230 3095 4300 ἐπειδὴ
3121 4230 3181 4282 τὸ
3204 4229 3405 4300 πλῆθος
3424 4229 3532 4280 τῶν
3559 4227 3746 4280 κακῶν
3776 4225 3984 4294 ἀνδρῶν

2417 4321 2590 4390 θλίψιν
2620 4325 2844 4392 παρεῖχε
2871 4321 2950 4392 τῷ
2984 4322 3197 4391 δικαίῳ,
3232 4318 3646 4391 σκυθρωπάζειν
3682 4317 3775 4368 ἐπὶ
3808 4316 3983 4384 τούτῳ

2417 4410 2597 4478 ἔλεγεν
2617 4428 2630 4440 ο
2679 4412 2802 4464 Ἵνα
2845 4413 2900 4464 τί
2950 4409 3399 4478 σκυθρωπάζων
3431 4410 3753 4478 πορεύομαι
3793 4409 3863 4460 ἐν
3904 4406 3984 4471 τῷ

2415 4502 2696 4570 ἐκθλίψαι
2736 4502 2992 4570 ἐχθρόν;
3023 4503 3132 4555 Καὶ
3162 4501 3333 4563 ἄλλως
3360 4501 3437 4566 δέ,
3469 4499 3577 4552 τῶν
3637 4499 3843 4570 ἐχθρῶν
3888 4497 3983 4550 καὶ

2418 4593 2692 4665 πολεμίων
2726 4592 3012 4648 θλιϐόντων
3045 4593 3135 4645 καὶ
3176 4592 3644 4663 ἐπικρατεστέρων
3677 4589 3985 4659 γενομένων
4015 4603 4020 4610 ·

757 4685 919 4744 lebat,
949 4682 1064 4736 zelo
1089 4683 1282 4750 plenus
1309 4683 1379 4738 ob
1409 4698 1701 4752 prosperas
1723 4684 2006 4739 atheorum
2038 4691 2094 4738 et
2124 4684 2316 4752 impio—
2347 4687 2391 4742 D
2414 4701 2474 4736 το

2262 4697 2316 4735 o—
2347 4683 2507 4742 ι)τοῦ
2555 4683 2776 4746 ἔθνους,
2827 4685 2856 4735 ὁ
2901 4682 3127 4760 τῷΘεῷ
3176 4684 3530 4753 ἀνακείμενος
3583 4681 3837 4734 ἐδάκνετο
3880 4680 3981 4748 τὴν

759 4790 881 4830 rum
904 4773 1181 4827 hominum
1225 4787 1333 4826 res.
1384 4773 1562 4838 Quare
1604 4776 2056 4846 supplicationem
2103 4776 2315 4829 emitte-

758 4868 872 4936 bat,
921 4873 980 4917 ut
1023 4860 1184 4927 Deus,
1235 4864 1327 4933 qui
1368 4863 1436 4918 de
1484 4878 1651 4919 causa
1698 4880 1797 4920 sua
1838 4856 2202 4934 iudicaverat,
2251 4879 2314 4919 ac

758 4962 1147 5026 congruentem
1179 4953 1244 5009 de
1284 4969 1342 5009 se
1379 4955 1702 5009 sententiam
1748 4955 1971 5020 tulerat,
2008 4955 2312 5011 mercedem

759 5053 906 5101 recte
939 5045 1097 5102 factis
1145 5045 1260 5101 suis
1292 5044 1555 5111 debitam,
1602 5045 1870 5100 universae
1911 5047 2096 5117 populi
2132 5048 2315 5101 multi-

758 5137 934 5190 tudini
963 5136 1273 5208 largiretur,
1311 5145 1366 5191 et
1413 5137 1496 5192 sui
1546 5150 1714 5190 causa
1757 5151 1948 5190 omnes
1981 5140 2213 5209 eriperet
2246 5139 2313 5191 de

760 5240 923 5278 manu
955 5224 1333 5292 inimicorum;
1365 5233 1425 5278 ut
1454 5225 1907 5295 quemadmodum
1942 5225 2062 5296 ipse
2091 5227 2318 5282 delicto-

761 5331 882 5369 rum
907 5316 1090 5385 populi
1115 5319 1386 5386 particeps
1416 5315 1616 5398 ρωποι,
1659 5317 1735 5370 ita
1773 5316 2005 5387 populus
2046 5319 2314 5373 bonorum

762 5420 984 5477 operum
1049 5405 1220 5473 ipsius
1264 5419 1491 5461 consors
1536 5415 1697 5462 esset.
1750 5405 1906 5462 Sicut
1951 5417 2132 5464 autem
2182 5407 2317 5478 justi

764 5500 1008 5554 homines
1029 5498 1120 5568 qui
1143 5497 1211 5552 ad
1236 5499 1524 5554 tribunalia
1543 5498 1689 5552 litem
1719 5501 1942 5563 habent,
1971 5500 2186 5569 iudices
2218 5501 2319 5556 ob-

765 5603 978 5646 secrant
999 5599 1057 5645 ut
1077 5591 1278 5659 justam
1313 5604 1533 5645 causam
1580 5604 1734 5644 suam
1762 5591 2006 5656 audiant,
2041 5602 2204 5664 atque
2239 5609 2305 5648 ex

2419 4775 2618 4846 ψυχὴν,
2667 4775 2828 4847 ζήλου
2873 4776 3243 4846 πληρούμενος
3290 4776 3382 4827 ἐπὶ
3412 4778 3479 4844 τῇ
3524 4773 3634 4824 τῶν
3670 4772 3845 4826 ἀθέων
3889 4773 3982 4824 καὶ

2421 4869 2629 4923 ἀσεϐῶν
2681 4868 2886 4940 ἀνδρῶν
2932 4869 3228 4940 εὐπραγία.
3271 4868 3361 4920 Διὸ
3420 4867 3515 4919 καὶ
3563 4866 3842 4935 ίκετηρίαν
3889 4866 3983 4917 ἀν-

2421 4961 2683 5032 έπεμπεν,
2702 4955 2786 5024 ⁸ὡς
2811 4961 2896 5023 ἂν,
2924 4961 3113 5031 κρίνας
3129 4961 3158 5010 δ
3176 4957 3306 5019 Θεὸς
3331 4957 3423 5008 καὶ⁸
3449 4954 3676 5019 δικάσας
3700 4957 3865 5027 αὐτῷ,
3891 4959 3980 5010 καὶ

2419 5054 2518 5124 τὴν
2543 5056 2852 5126 πρέπουσαν
2886 5052 3012 5121 περὶ
3043 5047 3204 5104 αὑτοῦ
3237 5048 3391 5115 δίκην
3415 5047 3853 5118 ἐξενεγκάμενος,
3885 5048 3978 5118 τήν

2419 5145 2582 5199 αὐτοῦ
2608 5143 3099 5217 προσοφειλομένην
3128 5137 3358 5208 ἀμοιϐὴν
3389 5138 3496 5190 τῶν
3525 5138 3686 5192 αὑτοῦ
3711 5138 3982 5210 κατορθω-

2425 5237 2605 5305 μάτων
2656 5236 2734 5305 τῷ
2764 5233 2927 5288 παντὶ
2977 5228 3165 5299 πλήθει
3207 5231 3514 5300 χαρίσοιτο,
3559 5231 3651 5283 καὶ
3701 5230 3768 5282 δι’
3817 5225 3981 5282 αὐτοῦ

2423 5326 2643 5397 ῥύσαιτο
2673 5329 2797 5390 τοὺς
2842 5323 3048 5385 πάντας
3080 5323 3142 5374 ἐκ
3191 5323 3369 5392 χειρὸς
3399 5323 3506 5376 τῶν
3553 5321 3854 5392 πολεμίων
3889 5320 3980 5381 Iv‘,

2421 5413 2608 5486 ὥσπερ
2647 5413 2897 5470 κοινωνὸς
2934 5410 3094 5473 αὐτὸς
3138 5410 3326 5478 γέγονε
3379 5412 3475 5480 τῆς
3505 5410 3597 5462 τοῦ
3643 5408 3772 5462 λ.αοῦ
3817 5421 3982 5460 κακο-

2425 5505 2680 5574 πραγίας,
2720 5499 2998 5555 οὕτωκαὶ
3052 5501 3081 5552 δ
3128 5499 3251 5561 λαὸς
3285 5500 3540 5568 μετάσχοι
3572 5498 3673 5567 τῆς
3703 5494 3864 5550 αὐτοῦ
3903 5494 3981 5546 δι-

2413 5595 2796 5666 καιοπραγίας.
2841 5591 3052 5663 Ὠσπερ
3101 5591 3156 5644 δέ
3190 5592 3239 5642 οί
3284 5589 3480 5642 δίκαιοι
3514 5588 3725 5658 ιχοντες
3776 5586 3834 5636 ἐν
3868 5587 3980 5650 τοῖς

764 5695 915 5754 mpm
943 5681 992 5740 έν
1023 5684 1161 5739 bono
1191 5685 1508 5738 sententiam
1538 5682 1641 5739 sibi
1675 5682 2296 5745 ferantzeodem'modo
2403 5687 2483 5741 δικ

2269 5701 2296 5741 o
2403 5686 2788 5762 δικαστηρίοις,
2836 5686 2961 5749 τοὺς
3005 5685 3264 5748 δικαστὰς
3311 5679 3638 5738 ἱκετεύουσιν
3675 5673 3988 5743 ἐπακοῦσαι

836 5835 880 5870 ⁸⁸
921 5834 983 5893 ΙΙΙ
1015 5834 1298 5909 Regna,
1336 5839 1419 5894 Η.
1496 5839 1538 5872 ⁸⁸
1574 5837 1772 5899 lerem.
1807 5853 1861 5906 ν,
1896 5838 1945 5899 Ι.
