4354 6442
776 482 885 536 585
1562 477 1828 535 EUSEBII
1866 469 2339 533 CESARIENSIS
2376 473 2523 530 ()PP.
2556 473 2734 529 PARS
2772 473 2860 528 Ill.
2892 505 2963 514 —-
2996 471 3403 531 EXEGETICA.
3899 471 4007 529 38-1

777 600 912 653 ritas
935 598 1264 665 declaratur,
1293 600 1685 669 interpretatus
1709 607 1811 652 est.
1844 597 1973 653 Jure
2008 599 2190 669 itaque
2217 597 2340 652 Sal-o
2371 606 2412 660 Α
2443 614 2496 666 με

2284 599 2340 652 ,1ου
2371 606 2412 660 Α
2443 613 2542 666 μου
2573 597 2666 649 καὶ
2698 593 2908 666 Σωτῆρί
2944 612 3044 665 μου
3066 613 3078 623 ·
3115 593 3292 657 καλῶς
3340 593 3395 646 δὲ
3439 591 3639 662 συνῆψε
3671 591 3729 646 τὸ
3780 589 3896 661 φῶς
3937 592 4003 663 τῇ

777 695 930 741 valor
977 687 1089 740 hmo
1115 687 1400 756 discipulis
1444 687 1562 742 suis
1602 685 1829 739 tradens
1873 684 1947 738 ita
1983 685 2188 748 docuit,
2227 683 2340 754 Ego“
2443 689 2496 742 ἁ]

2286 693 2340 753 γσ
2443 689 2669 760 ἀληθείᾳ
2689 705 2701 717 ·
2767 689 2902 758 ὅπερ
2929 685 3036 756 γὰρ
3061 685 3175 755 φῶς
3205 684 3459 756 αἰσθητὸν
3496 683 3787 753 ὀφθαλμοῖς
3821 683 4005 754 σώμα-

776 795 890 830 sum
918 777 1033 841 lux,
1072 787 1120 830 et
1157 779 1351 831 veritas
1390 785 1439 830 et
1467 777 1574 830 vita
1596 777 1662 830 ⁸⁸.
1702 773 2006 845 Unicuique
2037 789 2203 845 porro
2233 790 2339 829 ca:—
2441 799 2495 835 τε

2288 790 2339 829 B-
2441 799 2552 846 τος,
2583 783 2741 835 τοῦτο
2772 782 2992 854 ἀλήθεια
3016 785 3126 845 τοῖς
3157 781 3254 852 τῆς
3288 780 3465 852 ψυχῆς
3501 780 3795 850 ὀφθαλμοῖς
3826 782 4007 833 ὲνατε-

786 886 1010 924 .erarum
1054 871 1355 926 editionum
1392 869 1538 922 hunc
1599 876 1997 938 consequenter
2030 867 2240 937 aptabis
2276 867 2339 921 ﬁ-
2443 875 2505 927 vi;

2290 867 2339 921 Ξ·
2443 875 2648 938 νίζουσι
2669 878 2734 945 τῇ
2768 875 2925 942 φύσει
2956 874 3064 929 τῶν
3105 875 3464 946 πραγμάτων,
3506 875 3598 926 καὶ
3633 875 3826 942 μηκέτι
3866 873 4009 926 ἀπα-

778 979 917 1029 uem,
959 965 1073 1019 sive
1103 980 1292 1020 eorum
1328 964 1498 1034 quiin
1528 963 1805 1034 Babylone
1835 963 1908 1016 ita
1951 961 2334 1032 loquebantur,
2443 984 2497 1019 τιι

2288 976 2334 1023 1⁸,
2443 966 2726 1036 τωμένοις.
2772 966 2838 1019 δι’
2868 967 3037 1037 αὐτῆς
3081 966 3138 1019 δὲ
3164 968 3262 1036 τῆς
3302 965 3408 1020 τῶν
3447 965 3617 1018 ὄντων
3654 963 4007 1035 καταλήψεως

773 1057 887 1111 sive
917 1059 1155 1128 gentium
1180 1073 1300 1128 quae
1334 1057 1572 1111 nondum
1603 1045 1920 1111 credebant.
2445 1075 2492 1126 φι

2445 1056 2849 1126 φωτιζομένοις,
2884 1058 2976 1110 καὶ
3015 1057 3212 1126 γνῶσιν
3246 1059 3345 1128 τῆς
3393 1056 3647 1128 ἀληθείας
3694 1055 4005 1126 ἀναλαμϐά-

770 1168 971 1217 νουσιν.
1007 1152 1345 1222 Ἰίρμήνευσε
1366 1151 1543 1204 τοίνυν
1577 1150 1738 1212 αὐτὸς
1767 1152 1794 1202 ὁ
1824 1148 1978 1214 λόγος
2001 1141 2094 1200 τοῦ
2145 1147 2334 1218 νοητοῦ
2375 1149 2549 1217 φωτὸς
2611 1149 2708 1220 τὴν
2735 1151 3030 1222 ἐνέργειαν,
3088 1151 3343 1224 ἀληθείας
3378 1146 3539 1204 οὖσαν
3573 1153 4003 1223 παραστατικήν.

771 1245 1007 1308 Εἰκότως
1044 1244 1135 1298 οὖν
1165 1250 1192 1299 ό
1225 1247 1413 1318 Σωτὴρ
1449 1244 1990 1314 ταύτα.παραδιδοὺς
2052 1245 2162 1304 τοῖς
2207 1242 2369 1295 αὐτοῦ
2413 1244 2676 1312 μαθηταῖς
2737 1247 2980 1299 ἐδίδασκε
3003 1246 3205 1314 λέγων·
3249 1245 3390 1315 Ἐγώ
3416 1247 3531 1316 εἶμι
3570 1245 3636 1297 τὸ
3667 1243 3793 1313 φῶς
3835 1244 3933 1299 καὶ
3963 1245 4006 1310 ’ᾗ

770 1336 1018 1403 ἀλήθεια
1073 1338 1171 1390 καὶ
1220 1339 1257 1404 -ιί
1295 1336 1426 1404 ζωή.
1492 1337 1602 1390 Καὶ
1650 1337 1853 1404 ἑκάστῃ
1896 1334 1952 1385 δὲ
1989 1332 2096 1386 τῶν
2130 1333 2326 1386 λοιπῶν
2392 1336 2653 1390 ὲκδόσεων
2681 1338 2935 1409 ἁρμόσεις
2987 1337 3291 1402 ἀκολούθως
3322 1337 3383 1389 τὸ
3416 1336 3584 1399 τέλος,
3628 1327 3733 1389 εἴτε
3789 1339 3900 1402 τοῖς
3947 1338 4007 1392 ἐν

773 1432 1048 1484 Βαϐυλῶνι
1091 1431 1263 1486 ταῦτα
1308 1431 1587 1499 λέγουσιν,
1629 1430 1736 1483 εἴτε
1764 1434 1876 1493 τοῖς
1907 1430 1964 1495 ἐξ
2002 1430 2167 1483 ἐθνῶν
2209 1432 2372 1501 μήπω
2405 1437 2834 1488 πεπιστευκόσιν.

845 1547 898 1602 1.
955 1544 1016 1597 ΙΝ
1073 1544 1530 1609 ΙἻΝΕΜ,Ρ1[.113
1579 1543 1760 1598 CORE
1816 1545 1904 1598 Al)
1952 1544 2271 1599 INTELLE-

1354 1613 1545 1670 CTUM
1585 1614 1767 1669 XLlll.

842 1703 1114 1776 Propositi
1172 1724 1452 1762 sermones
1506 1723 1682 1777 neque
1738 1707 2006 1777 psalmum
2067 1706 2120 1759 in
2180 1707 2340 1760 titulo

773 1798 1098 1867 praeferunt,
1133 1817 1308 1870 neque
1345 1800 1648 1864 canticum,
1699 1817 1874 1871 neque
1914 1801 2208 1870 hymnum,
2247 1815 2341 1854 ne-

775 1905 879 1958 que
928 1889 1057 1958 quid
1111 1891 1316 1958 simile,
1363 1891 1492 1961 quia
1545 1891 1814 1945 sententia
1859 1892 2147 1944 verborum
2202 1891 2337 1943 nihil

2446 1550 2552 1603 ΕΙΣ
2602 1553 2689 1605 TU
2729 1550 3142 1674 ΤΕΛΟΣίΓΕξῖὶῘξἶ
3181 1549 3591 1674 aegrae”:
3641 1549 3747 1600 ElS
3796 1547 4006 1600 ΣΥΝΕ-

3031 1621 3142 1674 ΣΙΝ
3184 1621 3257 1692 (Ι)
3297 1621 3427 1674 Ml".

2527 1714 2663 1766 Ἀλλ’
2689 1714 2808 1777 οὐδὲ
2842 1715 2890 1766 οἱ
2929 1710 3273 1784 προκείμενοι
3314 1712 3461 1780 λόγοι
3497 1711 3708 1782 ψαλμὸν
3738 1710 3876 1764 κατὰ
3905 1709 4005 1778 τὴν

2446 1807 2768 1876 προγραφὴν
2793 1806 3154 1876 περιέχουσιν,
3183 1805 3303 1858 οὐδὲ
3325 1805 3486 1876 ᾠδὴν,
3518 1805 3636 1858 οὐδὲ
3669 1803 3857 1874 ὕμνον,
3887 1801 4005 1854 οὐδέ

2445 1915 2496 1949 τι
2529 1897 2636 1948 τῶν
2673 1897 2928 1950 τοιούτων
2949 1915 2962 1926 ·
2995 1896 3116 1948 ἐπεὶ
3152 1897 3284 1967 μηδὲ
3319 1896 3387 1949 τὰ
3408 1897 3506 1967 τῆς
3532 1897 3766 1958 διανοίας
3807 1894 3915 1949 τῶν
3948 1897 4006 1947 ἐν

772 1997 960 2035 eorum
1006 1984 1264 2053 respicit,
1312 1983 1408 2038 sed
1452 1983 1878 2053 supplicationes
1905 1983 2339 2052 sunt'prioribus
2372 1981 2411 2034 Β
2441 1988 2491 2039 αἱ

2284 1999 2339 2038 us
2372 1981 2411 2034 Β
2441 1988 2619 2049 αὐτοῖς
2662 1986 2970 2058 φερομένων
3011 1984 3266 2056 τοιαύτης
3309 1986 3490 2056 ἔχεται
3529 1987 3788 2058 θεωρίας
3819 1988 4003 2057 ἱκετη-

774 2073 1017 2136 similes,
1051 2088 1113 2127 ac
1141 2073 1386 2142 ejusdem
1419 2075 1725 2144 argumenti
1751 2093 1765 2140 ;
1802 2076 2056 2128 nimirum
2086 2075 2153 2129 de
2181 2074 2337 2127 ruina

771 2163 985 2220 Judaici
1020 2165 1254 2235 ’pupuli,
1289 2184 1355 2222 ex
1408 2167 1795 2238 prophetarum
1843 2181 2080 2237 persona
2131 2182 2160 2220 a
2213 2167 2338 2222 [iliis

774 2256 914 2312 Core
960 2258 1204 2328 prolatze.
1251 2259 1310 2313 ln
1357 2260 1612 2330 priesenti
1653 2274 1817 2330 porro
1850 2260 2090 2330 apertius
2121 2255 2340 2314 sentenl

774 2350 906 2403 tiam
954 2352 1261 2416 declarant,
1305 2368 1414 2423 qua
1459 2355 1514 2408 in
1555 2353 1932 2423 superioribus
1972 2369 2093 2408 sese
2123 2351 2338 2407 ﬂetibus

773 2437 1057 2499 dederant.
1093 2444 1394 2501 Airumnas
1424 2445 1606 2514 itaque
1651 2446 1853 2514 populo
1893 2445 2167 2500 immissas
2210 2461 2338 2498 nar-

773 2543 922 2588 rant.
965 2534 1146 2600 Quare
1173 2551 1274 2589 nos
1303 2534 1372 2588 ad
1409 2536 1742 2588 intellectum
1784 2535 2060 2600 excitant,
2097 2536 2341 2606 atquein

776 2629 934 2683 titulo
976 2643 1077 2681 nos
1125 2627 1192 2680 ad
1238 2626 1396 2682 ﬁnem
1439 2627 1762 2692 remittunt,
1807 2625 1934 2694 quia
1977 2625 2090 2678 lure
2134 2626 2188 2678 in
2237 2629 2342 2680 li-ue

774 2726 1069 2781 eventura,
1103 2718 1228 2773 licet
1257 2727 1315 2773 ut
1339 2718 1452 2798 jam
1487 2718 1706 2789 impleta
1739 2717 1832 2772 lilii
1861 2717 2000 2773 Core
2032 2718 2344 2788 prophetico

774 2813 1224 2868 vaticinarentur.
1295 2811 1352 2866 ln
1405 2812 1782 2882 superioribus
1838 2812 2021 2882 itaque
2073 2813 2330 2883 laeryma-

774 2906 994 2972 bantur,
1045 2907 1397 2977 doloremque
1448 2923 1608 2962 suum
1658 2906 1768 2962 Deo
1812 2907 2242 2974 renuntiabant;
2281 2906 2337 2960 in

777 2999 1028 3069 pricsenti
1059 3017 1187 3055 vero
1215 3002 1361 3071 ipsas
1389 3000 1730 3054 calamitates
1756 3006 2038 3054 cnarrant.

2442 2079 2554 2150 ρίαι
2591 2079 2647 2132 δέ
2681 2082 2816 2132 εἰσιν
2860 2079 3040 2150 ὅμοιαι
3084 2081 3203 2142 ταῖς
3248 2078 3589 2150 ἔμπροσθεν,
3619 2081 3712 2132 καὶ
3753 2077 4005 2152 περὶτῆς

2440 2172 2609 2241 αὐτῆς
2662 2170 2995 2234 ὑποθέσεως·
3039 2169 3182 2238 λέγω
3237 2169 3292 2222 δὲ
3325 2169 3452 2239 περὶ
3495 2169 3595 2241 τῆς
3637 2168 4005 2231 ἀποπτὼσεως

2440 2261 2534 2315 τοῦ
2573 2262 2839 2316 Ἰουδαίων
2876 2261 3059 2326 ἔθνους
3113 2263 3176 2314 ὲκ
3221 2259 3510 2333 προσώπου
3555 2259 3660 2313 τῶν
3714 2261 4006 2333 προφητῶν

2442 2353 2969 2424 προσπεφωνημέναι
3009 2353 3096 2407 διὰ
3142 2353 3252 2406 τῶν
3285 2353 3414 2406 υἱῶν
3461 2352 3625 2422 Κορέ.
3681 2351 4006 2422 Διασᾳφοῦσι

2440 2445 2485 2498 δ’
2534 2447 2624 2498 ἐπὶ
2683 2445 2776 2498 τοῦ
2831 2446 3095 2516 παρόντος
3143 2445 3459 2516 λευκότερον
3518 2444 3862 2512 ἐκφαίνοντες
3907 2442 4006 2515 τὴν

2439 2538 2709 2602 διάνοιαν,
2755 2538 2820 2592 δι’
2867 2539 2933 2608 ἢν
2969 2539 3025 2591 ἐν
3059 2539 3173 2601 τοῖς
3225 2537 3527 2609 ἔμπροσθεν
3573 2534 4000 2589 ἁπεκλαύσαντο.

2442 2629 2812 2701 Διεξέρχονται
2852 2629 2982 2698 γοῦν
3029 2629 3097 2683 τὰ
3148 2628 3528 2700 συμϐεϐηκότα
3566 2627 3709 2698 πάθη
3757 2625 3833 2698 τῷ
3869 2626 4001 2697 λαῷ.

2444 2709 2604 2776 ’Ὅθεν
2635 2723 2989 2795 διεγείρουσιν
3012 2724 3159 2794 ἡμᾶς
3182 2725 3262 2786 εἰς
3291 2723 3524 2784 σύνεσιν,
3555 2720 3648 2775 καὶ
3674 2722 3752 2784 εἰς
3778 2719 3837 2773 τὸ
3856 2719 4007 2782 τέλος

2441 2814 2822 2886 ἁναπέμπουσι
2855 2814 2944 2868 διὰ
2971 2815 3078 2885 τῆς
3099 2814 3440 2886 προγραφῆς,
3474 2811 3563 2865 διὰ
3589 2810 3650 2863 τὸ
3680 2809 3891 2882 μέλλειν
3914 2808 4006 2861 ἐπὶ

2442 2905 2582 2960 τέλει
2622 2905 2796 2961 ταῦτα
2825 2905 3164 2977 συμϐαίνειν,
3189 2909 3236 2960 εί
3265 2907 3358 2959 καὶ
3388 2904 3462 2969 ὡς
3492 2905 3590 2976 ἤδη
3628 2901 4006 2974 συμϐεϐηκότα

2444 2999 2583 3053 αὐτὰ
2610 3000 2657 3051 οἱ
2696 2998 2803 3050 uici.
2845 2997 2991 3068 Κορὲ
3037 2997 3386 3069 προφητικῶς
3418 2996 3715 3073 ἐθέσπιζον.
3767 2992 3864 3046 Διὰ
3909 2991 4006 3062 μὲν

775 3092 867 3150 οὖν
898 3095 1006 3147 τῶν
1043 3095 1352 3167 ἔμπροσθεν
1391 3095 1832 3160 ἁπεκλαύσαντο,
1863 3094 1957 3147 καὶ
2013 3094 2111 3158 τὰς
2166 3093 2372 3148 ἑαυτῶν
2411 3095 2731 3166 ἐξήγγειλαν
2766 3093 2846 3165 τῷ
2876 3093 2995 3164 Θεῷ
3017 3093 3188 3157 λύπας
3228 3109 3241 3122 ·
3293 3095 3350 3146 ὲν
3379 3092 3435 3145 δὲ
3475 3094 3587 3155 τοῖς
3630 3086 4007 3162 προκειμένοις

775 3189 872 3241 καὶ
898 3186 1034 3241 αὐτὰ
1061 3187 1129 3240 τὰ
1161 3186 1305 3259 πάθη
1333 3187 1662 3261 ἐξέρχονται.

851 3281 1024 3337 Vens.
1057 3282 1173 3337 2-9.
1211 3282 1374 3346 Deus,
1407 3284 1625 3338 auribus
1656 3286 1850 3339 nostris
1881 3285 2200 3350 audivimus,
2235 3292 2341 3339 etc.
2370 3291 2413 3348 c

777 3376 885 3432 Pro
913 3377 1034 3437 illo.
1068 3375 1172 3442 Qui
1205 3377 1425 3430 mandas
1458 3359 1654 3432 salutes
1691 3376 1860 3430 Iacob
1887 3418 1902 3443 ,
1937 3375 2304 3448 Symmachus
2327 3415 2341 3438 ,

783 3470 861 3524 Tu
903 3487 956 3524 es
995 3485 1086 3524 rex
1125 3485 1302 3534 meus,
1339 3466 1508 3535 Deus,
1545 3467 1739 3522 manda
1770 3468 1832 3521 de
1859 3467 2029 3522 salute
2055 3465 2244 3519 Iacob.
2279 3464 2344 3518 In

779 3574 830 3617 te
859 3563 1097 3616 inimicos
1138 3575 1344 3616 nos-tros
1387 3549 1750 3616 ventilabimus
1792 3577 1972 3614 cornu.
2023 3557 2128 3624 Qui
2163 3558 2219 3611 in
2250 3574 2346 3627 po-

777 3657 906 3728 pulo
934 3656 1102 3726 probe
1133 3671 1191 3711 se
1220 3665 1414 3725 gerunt
1437 3695 1450 3716 .
1481 3662 1534 3709 et
1562 3654 1654 3723 qui
1704 3653 1849 3722 apud
1885 3654 2062 3722 ipsum
2105 3652 2342 3722 prophe-

780 3759 875 3815 tae,
907 3751 1022 3805 haec
1051 3749 1324 3812 dixerint,
1365 3747 1688 3802 conﬁtentes
1723 3761 1830 3799 non
1863 3747 2083 3816 prOpria
2107 3745 2306 3800 virtute
2326 3785 2341 3812 ,

779 3859 889 3896 non
920 3857 1079 3905 arcu,
1109 3858 1218 3897 non
1242 3840 1421 3912 gladio
1454 3839 1684 3894 salutem
1715 3837 2026 3906 sibiparari
2054 3876 2070 3900 ,
2108 3837 2203 3891 sed
2231 3838 2344 3890 vir-

779 3939 895 3984 tute
941 3945 1109 3983 cornu
1137 3930 1243 3984 sui.
1296 3929 1516 3984 Cornua
1562 3940 1726 3998 porro
1776 3923 2020 3980 Danielis
2059 3925 2342 3995 Scriptura

780 4035 946 4089 regna
993 4029 1189 4074 vocat:
1240 4029 1560 4074 sanctorum
1607 4033 1736 4074 vero
1782 4032 1953 4072 cornu
1983 4016 2188 4071 dicitur
2228 4017 2343 4084 ipse

784 4112 1083 4176 Dominus;
1117 4125 1286 4180 quare
1316 4111 1421 4163 ait:
1457 4109 1522 4163 In
1551 4119 1596 4164 te
1626 4111 1863 4163 inimicos
1891 4117 2095 4162 nostros
2125 4108 2344 4162 ventila-

783 4204 953 4257 bimus
987 4217 1189 4265 cornu;
1221 4201 1349 4256 alibi
1383 4216 1598 4271 quoque
1627 4201 1828 4256 dicitur
1850 4200 2154 4256 :Protector
2187 4215 2330 4253 meus

781 4307 830 4350 et
860 4312 1019 4350 cornu
1048 4295 1240 4349 salutis
1259 4287 1396 4348 'mece
1429 4295 1497 4348 ⁸⁷.
1541 4291 1710 4364 Igitur
1753 4294 1870 4363 ipse
1901 4308 2075 4348 cornu
2119 4299 2240 4346 est:
2279 4304 2342 4344 ac
2387 4349 2393 4352 _

784 4403 997 4457 quaeras
1036 4388 1196 4441 velim
1241 4393 1351 4457 qu'o
1398 4393 1558 4457 pacto
1602 4385 1708 4439 alio
1752 4386 1808 4439 in
1841 4385 1964 4438 loco
1989 4383 2198 4437 dictum
2236 4381 2340 4446 sit,

784 4480 1055 4549 Confessio
1089 4481 1200 4548 ejus
1236 4495 1390 4548 super
1431 4478 1617 4533 caelum
1655 4486 1704 4530 et
1744 4485 1938 4530 terram
1965 4515 1980 4539 ,
2010 4484 2059 4528 et
2089 4472 2342 4527 exaltabit

783 4587 947 4625 cornu
977 4571 1153 4640 populi
1183 4572 1268 4624 sui
1298 4571 1366 4636 ⁸⁸,
1398 4570 1557 4640 quasi
1589 4569 1729 4622 alius
1760 4567 1829 4621 sit
1860 4566 1954 4636 qui
1981 4572 2339 4618 memoratum

2527 3277 2582 3329 Ὀ
2607 3276 2770 3342 Θεὸς,
2801 3272 2924 3339 τοῖς
2945 3271 3097 3326 ὠσὶν
3117 3269 3285 3340 ἡμῶν
3312 3270 3672 3338 ἠκούσαμεν.
3712 3270 3855 3322 Ἀντὶ
3882 3271 4008 3324 τοῦ·-

2459 3371 2513 3424 ’0
2545 3367 2974 3435 ἐντελλόμενος
3015 3363 3123 3428 τὰς
3159 3361 3455 3430 σωτηρίας
3491 3359 3703 3426 Ἰακὼϐ,
3735 3361 3764 3413 6
3785 3360 4008 3432 Σύμμσ.

2443 3477 2566 3532 χοςο
2613 3459 2696 3512 Σὺ
2740 3451 2797 3510 εἶ
2837 3459 2870 3510 ό
2919 3454 3223 3518 ,Βασιλεύς
3267 3467 3412 3522 μου·
3471 3453 3504 3504 ό
3550 3449 3713 3515 Θεὸς,
3746 3449 4006 3505 ἕντειλαι

2443 3553 2573 3621 περὶ
2603 3550 2714 3620 τῆς
2743 3548 3040 3617 σωτηρίας
3075 3545 3287 3601 Ἰακώϐ.
3323 3545 3425 3598 Ἑν
3447 3542 3547 3596 σοὶ
3582 3542 3722 3608 τοὺς
3756 3542 4006 3612 ἐχθροὺς

2441 3635 2609 3714 ἠμῶῦ
2638 3641 3040 3711 κερατιοῦμεν.
3065 3640 3126 3692 Οἱ
3152 3637 3248 3709 μὲν
3269 3637 3326 3689 ὲν
3353 3634 3430 3706 τῷ
3454 3634 3566 3707 λαῷ
3595 3635 4002 3706 κατορθοῦντες,
4043 3643 4048 3646 ’

2441 3736 2496 3789 οἵ
2535 3752 2596 3788 τε
2639 3735 2696 3787 ὲν
2733 3730 2881 3801 αὑτῷ
2930 3730 3226 3801 προφῆται,
3259 3726 3430 3779 ταῦτα
3461 3723 3526 3778 ἂν
3571 3725 3772 3794 εἴποκιεν
3813 3725 4004 3796 ὁμολο-

2442 3825 2765 3898 γοῦντεςνμὴ
2796 3823 2972 3893 οἰκείᾳ
3011 3821 3256 3891 δυνάμει,
3293 3819 3425 3890 μηδὲ
3463 3819 3600 3887 τόξῳ
3633 3818 3725 3870 καὶ
3765 3816 4006 3888 ῥομφαίᾳ

2442 3921 2650 3981 ἑαυτοῖς
2686 3917 2755 3970 τὰ
2779 3913 3045 3985 σωτηρίας
3086 3910 3505 3982 περιποιεῖσθαι,
3539 3912 3604 3978 τῇ
3629 3908 3684 3960 δὲ
3711 3907 3803 3960 τοῦ
3831 3908 4005 3978 κέρως

2443 4011 2617 4064 αὐτῶν
2641 4008 2882 4077 δυνάμει.
2923 4003 3142 4075 Κέρατα
3167 4003 3220 4056 δὲ
3253 4004 3286 4073 ἡ
3321 4000 3416 4053 τοῦ
3451 3999 3646 4071 Δανιὴλ
3678 3999 3866 4070 Γραφὴ
3905 3998 4005 4062 τὰς

2444 4102 2713 4173 βασιλείας
2750 4097 3031 4176 ὀνομάζει·
3079 4095 3188 4149 τῶν
3236 4094 3294 4150 δὲ
3332 4095 3501 4164 ἁγίων
3549 4093 3713 4164 κέρας
3760 4091 4005 4146 λέλεκται

2442 4195 2601 4256 αὐτὸς
2627 4194 2655 4243 6
2693 4190 2894 4261 Κύριος
2918 4207 2931 4220 ·
2965 4189 3044 4243 διό
3075 4206 3206 4258 φησι
3228 4206 3242 4218 ο
3286 4189 3389 4242 Ἐν
3425 4185 3524 4239 σοι
3572 4185 3714 4251 τοὺς
3754 4183 4003 4254 ἐχθροὺς

2442 4285 2609 4353 ἡμῶν
2629 4283 3026 4352 κερατιοῦμεν.
3063 4283 3172 4335 Καὶ
3197 4281 3254 4335 ἐν
3274 4273 3478 4344 ἑτέροις
3488 4278 3732 4332 λέλεκται
3751 4293 3764 4309 ·
3808 4277 4000 4345 ’Υπερ-

2441 4375 2745 4443 ασπιστής
2813 4393 2932 4444 μου
2996 4374 3096 4428 καὶ
3169 4373 3347 4441 κέρας
3402 4371 3695 4438 σωτηρίας
3759 4385 3880 4438 μου
3926 4368 3997 4421 εἷ.

2441 4470 2631 4522 Τοίνυν
2681 4467 2842 4532 αὐτός
2898 4471 3012 4521 ἐστι
3038 4465 3099 4519 τδ
3140 4465 3340 4534 κέρας’
3371 4461 3524 4532 ζήτει
3569 4463 3718 4524 ὅπως
3757 4461 4001 4514 λέλεκται

2440 4559 2699 4632 ἁλλαχοῦο
2761 4561 2824 4616 Ἠ
2875 4559 3309 4628 ἐξομολόγησις
3363 4551 3548 4606 αὑτοῦ
3598 4552 3696 4605 ἐπὶ
3731 4550 3842 4622 τῆς
3901 4551 4000 4604 καὶ

783 4680 956 4719 cornu
988 4665 1167 4733 erigit.
1211 4662 1631 4724 Animadverte,
1663 4675 1869 4731 quaeso,
1914 4671 2042 4711 num
2075 4654 2170 4710 Dei
2200 4655 2334 4734 νοτ·
2366 4658 2411 4714 D
2438 4657 2502 4709 οὐ

2281 4671 2334 4708 r-
2366 4658 2411 4714 D
2438 4651 2724 4723 οὺρανοῦ,
2782 4652 2880 4706 καὶ
2930 4649 3164 4718 ὑψώσει
3214 4644 3392 4714 κέρας
3457 4644 3611 4697 λαοῦ
3661 4642 3875 4697 αὐτοῦ·
3926 4642 4000 4705 ὡς

784 4754 945 4814 bum,
982 4751 1098 4822 ipse
1133 4751 1427 4818 Dominus,
1461 4766 1632 4806 cornu
1665 4749 1848 4820 populi
1889 4746 2184 4819 perspicue
2228 4747 2301 4799 sit
2324 4784 2340 4811 ,

786 4859 851 4898 ac
897 4842 986 4912 qui
1031 4840 1190 4909 erigit
1237 4841 1404 4905 illud,
1446 4839 1608 4893 Pater
1649 4839 1742 4908 qui
1789 4838 1975 4908 genuit
2018 4850 2160 4890 eum.-
2205 4831 2343 4899 Quia

783 4935 929 4991 enim
955 4931 1247 4986 humiliavit
1275 4931 1604 4997 semetipsum
1632 4944 1793 4998 usque
1821 4925 1888 4979 ad
1920 4934 2182 4991 mortem,
2203 4940 2342 4977 mor-

786 5037 886 5080 tem
924 5036 1097 5079 autem
1137 5024 1344 5099 erucis,
1379 5021 1494 5074 ideo
1525 5019 1663 5073 Deus
1696 5019 1945 5073 exultavit
1975 5019 2125 5072 illum
2157 5018 2222 5082 ",
2256 5032 2342 5072 se-

785 5118 1024 5173 cundum
1053 5116 1390 5187 Apostolum.
1423 5113 1480 5167 ln
1511 5113 1616 5166 hoc
1645 5101 1825 5179 itaque
1855 5125 2025 5165 cornu
2049 5119 2104 5165 et
2130 5109 2187 5164 in
2214 5123 2342 5178 rege

786 5225 888 5266 suo
916 5209 1140 5263 fidentes
1160 5247 1174 5271 ,
1206 5205 1534 5261 conﬁtentur
1565 5219 1624 5261 se
1654 5217 1764 5257 non
1796 5216 1925 5256 arcu
1947 5243 1960 5266 ,
1995 5217 2107 5257 non
2131 5199 2336 5273 gladio,

786 5317 894 5357 non
922 5301 1140 5369 propria
1165 5301 1367 5352 virtute
1388 5336 1402 5358 ,
1425 5297 1520 5351 sed
1546 5295 1689 5366 regis
1715 5295 1801 5351 sui
1831 5294 2071 5364 potentia
2096 5335 2110 5359 ,
2138 5292 2204 5347 de
2232 5290 2341 5345 ini-

789 5390 946 5443 micis
977 5389 1261 5441 victoriam
1297 5394 1694 5457 reportaturos.
1741 5384 1948 5440 Deinde
1991 5385 2119 5454 quia
2156 5385 2339 5453 ipsum

788 5471 1077 5535 Dominum
1114 5495 1210 5548 pro
1247 5494 1372 5549 rege
1400 5485 1454 5534 et
1481 5492 1648 5532 cornu
1691 5477 2085 5536 obtinuerunt,
2119 5474 2243 5543 jure
2281 5485 2339 5524 se

791 5590 900 5628 non
929 5571 1164 5628 inimicis
1189 5573 1432 5629 subditos
1458 5569 1602 5636 fore,
1629 5568 1723 5624 sed
1752 5573 2104 5638 superaturos
2127 5564 2336 5618 dicunt.

2445 4746 2630 4818 ἐτέρου
2659 4745 2805 4809 ὄντος
2830 4742 2924 4795 τοῦ
2949 4738 3206 4809 ὑψοῦντος
3234 4737 3295 4789 τὸ
3317 4735 3784 4806 προδεδηλωμένον
3811 4733 3998 4804 κέρας.

2449 4839 2588 4910 Ὅρα
2615 4833 2707 4890 οὖν
2729 4837 2778 4889 εί
2805 4834 2880 4906 μὴ
2907 4829 3092 4900 σαφῶς
3111 4831 3139 4882 6
3167 4826 3299 4880 Θεοῦ
3323 4827 3512 4895 Λόγος,
3537 4825 3698 4886 αὐτὸς
3718 4825 3747 4876 6
3775 4823 3995 4894 Κύριος,

2445 4930 2529 5000 εἴη
2559 4927 2624 4981 ἂν
2654 4927 2715 4980 τὸ
2740 4927 2908 4996 κέρας
2939 4919 3033 4973 τοῦ
3057 4920 3208 4983 λαοῦ,
3237 4919 3266 4970 6
3297 4918 3353 4970 δὲ
3387 4915 3533 5000 ὑψῶν
3559 4912 3720 4965 αὑτὸν
3747 4914 3774 4964 ὁ
3807 4919 3996 4986 γεννή-

2447 5038 2544 5084 σας
2572 5018 2732 5073 αὺτδν
2747 5015 2954 5085 Πατήρ.
2996 5011 3213 5083 Ἐπειδὴ
3229 5009 3338 5080 γὰρ
3363 5005 3764 5062 ἐταπείνωσεν
3784 5004 3999 5060 ἑαυτὸν

2438 5112 2613 5180 μέχρι
2643 5106 2921 5170 θανάτου,
2954 5100 3210 5158 θανάτου
3246 5098 3314 5152 δὲ
3351 5093 3636 5162 σταιιοοῦ,
3668 5091 3762 5146 διὰ
3782 5094 3999 5152 τοῦτοό

2448 5201 2588 5266 Θεὸς
2601 5195 2785 5253 αὐτὸν
2799 5193 3170 5260 ὑπερύψωσε,
3190 5192 3328 5246 κατὰ
3341 5190 3429 5241 τὸν
3456 5182 3790 5240 Ἀπόστολον.
3816 5181 4000 5254 Τούτῳ

2444 5286 2535 5342 οὖν
2570 5288 2646 5358 τῷ
2693 5285 2883 5356 κέρατι
2919 5281 3124 5335 ἑαυτῶν
3162 5280 3256 5334 καὶ
3292 5275 3370 5348 τῷ
3403 5273 3612 5347 βασιλεῖ
3653 5270 3994 5344 θαρροῦντες,

2443 5378 2764 5451 ὁμολογοῦσι
2810 5375 2882 5446 μὴ
2927 5373 3085 5444 τόξῳ,
3136 5370 3270 5444 μηδὲ
3314 5365 3591 5440 ῥομφαίᾳ,
3643 5364 3776 5436 μηδὲ
3825 5361 4036 5451 οἰκεία.

2444 5448 2608 5536 ἀρετῇ
2639 5465 2746 5518 τῶν
2775 5461 2981 5534 ἐχθρῶν
3013 5457 3480 5533 περιγενήσεσθαι,
3511 5453 3647 5508 ἀλλὰ
3676 5455 3742 5523 τῇ
3782 5450 3875 5504 τοῦ
3903 5448 3994 5519 βα-

2445 5555 2632 5619 σιλέως
2657 5554 2832 5608 αὐτῶν
2855 5553 3097 5624 δυνάμει.
3123 5547 3232 5606 Εἶτ’
3256 5549 3441 5621 ἐπειδὴ
3467 5545 3687 5618 βασιλέα
3713 5544 3805 5597 καὶ
3831 5541 3994 5610 κέρας

856 5716 902 5750 ⁵⁸
930 5718 1084 5772 Joau.
1112 5729 1230 5780 vni,
1267 5713 1368 5782 12;
1398 5729 1511 5783 nv,
1533 5711 1587 5768 6.
1663 5713 1707 5745 "
1735 5710 1880 5768 Psal.
1920 5725 2054 5774 xvu,
2085 5709 2139 5764 3.
2205 5705 2251 5737 ⁸⁸
2285 5697 2575 5755 Psal.ex1.v

1574 5753 1587 5767 .
1663 5713 1707 5745 ⁸⁷
1735 5710 1880 5768 Psal.
1920 5725 2054 5774 xvn,
2085 5709 2139 5764 3.
2205 5705 2251 5737 ⁸⁸
2285 5697 2424 5755 Psal.
2448 5714 2664 5765 CXLVIII,
2698 5699 2783 5754 ii.
2824 5699 2869 5730 δ’
2896 5698 3130 5771 Philipp.
3155 5714 3215 5764 ιι,
3238 5699 3291 5756 8.

828 5842 832 5846 ’
862 5850 934 5916 (l)
969 5851 1023 5900 In
1053 5849 1253 5902 Graecis
1281 5845 1676 5916 exemplaribus
1713 5839 1928 5895 additur
1955 5831 2186 5916 ψαλμός.
2218 5842 2360 5916 _qu:c
2396 5844 2495 5886 vox
2535 5845 2635 5887 nec
2671 5830 2725 5884 in
2765 5825 3027 5884 Hebraico
3065 5839 3167 5882 nec
3203 5825 3258 5882 in
3293 5822 3519 5896 Vulgata
3562 5818 3778 5892 legitur,
3812 5831 3992 5886 neque

796 5903 1102 5977 itt‘Buscbii
1127 5903 1524 5987 excinplari,'ut
1565 5915 1677 5984 ipse
1716 5903 2000 5974 memorat,
2033 5903 2324 5960 ferebatur.
