  <div class='ocr_page' id='page_1' title='image "/cluster/home/n/w/nwhite01/storage/ocr_20150623/23/coo.31924054873041/208.png"; bbox 0 0 4354 6400; ppageno 0'>
   <div class='ocr_carea' id='block_1_1' title="bbox 357 502 464 558">
    <p class='ocr_par' dir='ltr' id='par_1_1' title="bbox 357 502 464 558">
     <span class='ocr_line' id='line_1_1' title="bbox 357 502 464 558; baseline 0 0"><span class='ocrx_word' id='word_1_1' title='bbox 357 502 464 558; x_wconf 71' lang='lat'><strong>585</strong></span> 
     </span>
    </p>
   </div>
   <div class='ocr_carea' id='block_1_2' title="bbox 1473 502 2445 582">
    <p class='ocr_par' dir='ltr' id='par_1_2' title="bbox 1473 502 2445 582">
     <span class='ocr_line' id='line_1_2' title="bbox 1473 502 2445 582; baseline 0 -22"><span class='ocrx_word' id='word_1_2' title='bbox 1473 502 1974 582; x_wconf 74' lang='lat' dir='ltr'><strong>COMMENTARIA</strong></span> <span class='ocrx_word' id='word_1_3' title='bbox 2006 505 2074 559; x_wconf 75' lang='lat' dir='ltr'><strong>IN</strong></span> <span class='ocrx_word' id='word_1_4' title='bbox 2112 503 2445 561; x_wconf 71' lang='lat' dir='ltr'><strong>PSALMOS.</strong></span> 
     </span>
    </p>
   </div>
   <div class='ocr_carea' id='block_1_3' title="bbox 3468 507 3574 564">
    <p class='ocr_par' dir='ltr' id='par_1_3' title="bbox 3468 507 3574 564">
     <span class='ocr_line' id='line_1_3' title="bbox 3468 507 3574 564; baseline 0 0"><span class='ocrx_word' id='word_1_5' title='bbox 3468 507 3574 564; x_wconf 79' lang='lat'><strong>386</strong></span> 
     </span>
    </p>
   </div>
   <div class='ocr_carea' id='block_1_4' title="bbox 358 616 1966 690">
    <p class='ocr_par' dir='ltr' id='par_1_4' title="bbox 358 616 1966 690">
     <span class='ocr_line' id='line_1_4' title="bbox 358 616 1966 690; baseline -0.001 -18"><span class='ocrx_word' id='word_1_6' title='bbox 358 619 652 689; x_wconf 78' lang='grc' dir='ltr'>ἐκτήσαντο</span> <span class='ocrx_word' id='word_1_7' title='bbox 697 617 858 671; x_wconf 82' lang='grc' dir='ltr'>αὐτὸν</span> <span class='ocrx_word' id='word_1_8' title='bbox 917 616 1009 671; x_wconf 83' lang='grc' dir='ltr'><strong>τὸν</strong></span> <span class='ocrx_word' id='word_1_9' title='bbox 1037 616 1260 690; x_wconf 80' lang='grc' dir='ltr'><strong>Κύριον,</strong></span> <span class='ocrx_word' id='word_1_10' title='bbox 1291 617 1517 683; x_wconf 82' lang='grc' dir='ltr'>είκότως</span> <span class='ocrx_word' id='word_1_11' title='bbox 1550 623 1661 684; x_wconf 83' lang='grc' dir='ltr'>τοῖς</span> <span class='ocrx_word' id='word_1_12' title='bbox 1709 619 1919 690; x_wconf 76' lang='grc' dir='ltr'><strong>ἐχθροῖς</strong></span> <span class='ocrx_word' id='word_1_13' title='bbox 1949 628 1966 683; x_wconf 65' lang='grc' dir='ltr'><em>Α</em></span> 
     </span>
    </p>
   </div>
   <div class='ocr_carea' id='block_1_5' title="bbox 2012 616 3576 690">
    <p class='ocr_par' dir='ltr' id='par_1_5' title="bbox 2023 617 3576 690">
     <span class='ocr_line' id='line_1_5' title="bbox 2023 617 3576 690; baseline 0.001 -18"><span class='ocrx_word' id='word_1_14' title='bbox 2023 618 2144 674; x_wconf 78' lang='lat' dir='ltr'><strong>llaec</strong></span> <span class='ocrx_word' id='word_1_15' title='bbox 2167 634 2298 674; x_wconf 99' lang='lat' dir='ltr'><strong>sane</strong></span> <span class='ocrx_word' id='word_1_16' title='bbox 2324 617 2636 690; x_wconf 80' lang='lat' dir='ltr'><strong>signiticant</strong></span> <span class='ocrx_word' id='word_1_17' title='bbox 2666 618 2750 672; x_wconf 86' lang='lat' dir='ltr'><strong>his</strong></span> <span class='ocrx_word' id='word_1_18' title='bbox 2774 617 2992 674; x_wconf 75' lang='lat' dir='ltr'><strong>verbis:</strong></span> <span class='ocrx_word' id='word_1_19' title='bbox 3020 619 3257 674; x_wconf 76' lang='lat' dir='ltr'><strong>Salvasti</strong></span> <span class='ocrx_word' id='word_1_20' title='bbox 3284 635 3378 675; x_wconf 85' lang='lat' dir='ltr'><strong>nos</strong></span> <span class='ocrx_word' id='word_1_21' title='bbox 3399 619 3466 676; x_wconf 84' lang='lat' dir='ltr'><strong>de</strong></span> <span class='ocrx_word' id='word_1_22' title='bbox 3492 621 3576 690; x_wconf 81' lang='lat' dir='ltr'><strong>af-</strong></span> 
     </span>
    </p>
   </div>
   <div class='ocr_carea' id='block_1_6' title="bbox 359 708 1920 782">
    <p class='ocr_par' dir='ltr' id='par_1_6' title="bbox 359 708 1920 782">
     <span class='ocr_line' id='line_1_6' title="bbox 359 708 1920 782; baseline 0.001 -19"><span class='ocrx_word' id='word_1_23' title='bbox 359 713 434 780; x_wconf 81' lang='grc' dir='ltr'>μὴ</span> <span class='ocrx_word' id='word_1_24' title='bbox 470 709 768 782; x_wconf 82' lang='grc' dir='ltr'><strong>ὑποχείριοι</strong></span> <span class='ocrx_word' id='word_1_25' title='bbox 816 708 1140 781; x_wconf 81' lang='grc' dir='ltr'>γενήσεσθαί</span> <span class='ocrx_word' id='word_1_26' title='bbox 1190 727 1320 780; x_wconf 77' lang='grc' dir='ltr'>φασι</span> <span class='ocrx_word' id='word_1_27' title='bbox 1344 727 1358 741; x_wconf 88' lang='grc'><strong>·</strong></span> <span class='ocrx_word' id='word_1_28' title='bbox 1394 711 1675 782; x_wconf 84' lang='grc' dir='ltr'>κρείττους</span> <span class='ocrx_word' id='word_1_29' title='bbox 1710 712 1768 765; x_wconf 80' lang='grc' dir='ltr'>δὲ</span> <span class='ocrx_word' id='word_1_30' title='bbox 1813 711 1920 765; x_wconf 83' lang='grc' dir='ltr'><strong>τῶν</strong></span> 
     </span>
    </p>
   </div>
   <div class='ocr_carea' id='block_1_7' title="bbox 357 799 1918 874">
    <p class='ocr_par' dir='ltr' id='par_1_7' title="bbox 357 799 1918 874">
     <span class='ocr_line' id='line_1_7' title="bbox 357 799 1918 874; baseline 0.001 -19"><span class='ocrx_word' id='word_1_31' title='bbox 357 799 629 871; x_wconf 82' lang='grc' dir='ltr'>πολεμίων</span> <span class='ocrx_word' id='word_1_32' title='bbox 674 801 930 872; x_wconf 82' lang='grc' dir='ltr'>ὑπάρξαι.</span> <span class='ocrx_word' id='word_1_33' title='bbox 984 801 1154 856; x_wconf 80' lang='grc' dir='ltr'>Τοῦτο</span> <span class='ocrx_word' id='word_1_34' title='bbox 1196 803 1324 871; x_wconf 77' lang='grc' dir='ltr'>γοῦν</span> <span class='ocrx_word' id='word_1_35' title='bbox 1360 801 1575 874; x_wconf 82' lang='grc' dir='ltr'>δηλοῦσι</span> <span class='ocrx_word' id='word_1_36' title='bbox 1640 803 1918 872; x_wconf 83' lang='grc' dir='ltr'>λέγοντες·</span> 
     </span>
    </p>
   </div>
   <div class='ocr_carea' id='block_1_8' title="bbox 360 892 1920 965">
    <p class='ocr_par' dir='ltr' id='par_1_8' title="bbox 360 892 1920 965">
     <span class='ocr_line' id='line_1_8' title="bbox 360 892 1920 965; baseline 0.001 -17"><span class='ocrx_word' id='word_1_37' title='bbox 360 895 643 960; x_wconf 80' lang='grc' dir='ltr'>Ἥσωσάς</span> <span class='ocrx_word' id='word_1_38' title='bbox 669 893 826 964; x_wconf 79' lang='grc' dir='ltr'>ἡμᾶς</span> <span class='ocrx_word' id='word_1_39' title='bbox 843 896 911 948; x_wconf 82' lang='grc' dir='ltr'>ἐκ</span> <span class='ocrx_word' id='word_1_40' title='bbox 939 892 1056 949; x_wconf 85' lang='grc' dir='ltr'>τῶν</span> <span class='ocrx_word' id='word_1_41' title='bbox 1083 896 1404 951; x_wconf 82' lang='grc' dir='ltr'>θλιϐόντων</span> <span class='ocrx_word' id='word_1_42' title='bbox 1443 894 1620 965; x_wconf 74' lang='grc' dir='ltr'>ἡμᾶς,</span> <span class='ocrx_word' id='word_1_43' title='bbox 1653 897 1752 951; x_wconf 76' lang='grc' dir='ltr'>καὶ</span> <span class='ocrx_word' id='word_1_44' title='bbox 1782 897 1920 963; x_wconf 84' lang='grc' dir='ltr'>τοὺς</span> 
     </span>
    </p>
   </div>
   <div class='ocr_carea' id='block_1_9' title="bbox 351 980 1917 1059">
    <p class='ocr_par' dir='ltr' id='par_1_9' title="bbox 351 980 1917 1059">
     <span class='ocr_line' id='line_1_9' title="bbox 351 980 1917 1059; baseline 0.004 -25"><span class='ocrx_word' id='word_1_45' title='bbox 351 981 684 1051; x_wconf 77' lang='grc' dir='ltr'><strong>μισοῦντας</strong></span> <span class='ocrx_word' id='word_1_46' title='bbox 728 980 884 1052; x_wconf 75' lang='grc' dir='ltr'>ἡμᾶς</span> <span class='ocrx_word' id='word_1_47' title='bbox 937 985 1340 1054; x_wconf 79' lang='grc' dir='ltr'><strong>κατῄσχυνας.</strong></span> <span class='ocrx_word' id='word_1_48' title='bbox 1388 986 1498 1040; x_wconf 74' lang='grc' dir='ltr'>Καὶ</span> <span class='ocrx_word' id='word_1_49' title='bbox 1534 987 1828 1059; x_wconf 80' lang='grc' dir='ltr'>ἐπειδήπερ</span> <span class='ocrx_word' id='word_1_50' title='bbox 1869 990 1917 1040; x_wconf 79' lang='grc' dir='ltr'>οἱ</span> 
     </span>
    </p>
   </div>
   <div class='ocr_carea' id='block_1_10' title="bbox 359 1073 1918 1150">
    <p class='ocr_par' dir='ltr' id='par_1_10' title="bbox 359 1073 1918 1150">
     <span class='ocr_line' id='line_1_10' title="bbox 359 1073 1918 1150; baseline 0.003 -23"><span class='ocrx_word' id='word_1_51' title='bbox 359 1075 456 1145; x_wconf 74' lang='grc' dir='ltr'><strong>μὲν</strong></span> <span class='ocrx_word' id='word_1_52' title='bbox 489 1073 670 1144; x_wconf 77' lang='grc' dir='ltr'>ἐχθροὶ</span> <span class='ocrx_word' id='word_1_53' title='bbox 701 1074 961 1146; x_wconf 72' lang='grc' dir='ltr'>αἰσχύνην</span> <span class='ocrx_word' id='word_1_54' title='bbox 991 1078 1335 1148; x_wconf 84' lang='grc' dir='ltr'>κατεχέαντο,</span> <span class='ocrx_word' id='word_1_55' title='bbox 1361 1078 1513 1132; x_wconf 80' lang='grc' dir='ltr'>αὐτοὶ</span> <span class='ocrx_word' id='word_1_56' title='bbox 1542 1078 1600 1132; x_wconf 81' lang='grc' dir='ltr'><strong>δὲ</strong></span> <span class='ocrx_word' id='word_1_57' title='bbox 1619 1079 1719 1132; x_wconf 76' lang='grc' dir='ltr'><strong>οὐκ</strong></span> <span class='ocrx_word' id='word_1_58' title='bbox 1742 1080 1918 1150; x_wconf 79' lang='grc' dir='ltr'>οἰκείᾳ</span> 
     </span>
    </p>
   </div>
   <div class='ocr_carea' id='block_1_11' title="bbox 257 1164 1916 1242">
    <p class='ocr_par' dir='ltr' id='par_1_11' title="bbox 257 1164 1916 1242">
     <span class='ocr_line' id='line_1_11' title="bbox 257 1164 1916 1242; baseline 0.001 -20"><span class='ocrx_word' id='word_1_59' title='bbox 257 1218 264 1222; x_wconf 91' lang='grc'>.</span> <span class='ocrx_word' id='word_1_60' title='bbox 355 1167 601 1238; x_wconf 81' lang='grc' dir='ltr'><strong>δυνάμει,</strong></span> <span class='ocrx_word' id='word_1_61' title='bbox 635 1170 700 1240; x_wconf 80' lang='grc' dir='ltr'>τῇ</span> <span class='ocrx_word' id='word_1_62' title='bbox 727 1164 790 1222; x_wconf 71' lang='grc' dir='ltr'><strong>δὲ’</strong></span> <span class='ocrx_word' id='word_1_63' title='bbox 807 1169 899 1222; x_wconf 81' lang='grc' dir='ltr'><strong>τοῦ</strong></span> <span class='ocrx_word' id='word_1_64' title='bbox 934 1169 1109 1241; x_wconf 86' lang='grc' dir='ltr'>κέρως</span> <span class='ocrx_word' id='word_1_65' title='bbox 1132 1170 1309 1224; x_wconf 83' lang='grc' dir='ltr'>αὐτῶν</span> <span class='ocrx_word' id='word_1_66' title='bbox 1344 1170 1623 1242; x_wconf 77' lang='grc' dir='ltr'><strong>ἐσώθησαν</strong></span> <span class='ocrx_word' id='word_1_67' title='bbox 1645 1188 1658 1201; x_wconf 92' lang='grc'><strong>·</strong></span> <span class='ocrx_word' id='word_1_68' title='bbox 1695 1171 1916 1236; x_wconf 82' lang='grc' dir='ltr'><strong>εἰκότως</strong></span> 
     </span>
    </p>
   </div>
   <div class='ocr_carea' id='block_1_12' title="bbox 355 1261 1915 1332">
    <p class='ocr_par' dir='ltr' id='par_1_12' title="bbox 355 1261 1915 1332">
     <span class='ocr_line' id='line_1_12' title="bbox 355 1261 1915 1332; baseline 0.003 -20"><span class='ocrx_word' id='word_1_69' title='bbox 355 1261 773 1315; x_wconf 81' lang='grc' dir='ltr'>ἐπισυνάπτουσι</span> <span class='ocrx_word' id='word_1_70' title='bbox 819 1261 1096 1330; x_wconf 82' lang='grc' dir='ltr'>λέγοντες·</span> <span class='ocrx_word' id='word_1_71' title='bbox 1155 1265 1258 1318; x_wconf 86' lang='grc' dir='ltr'><em>Ἔν</em></span> <span class='ocrx_word' id='word_1_72' title='bbox 1291 1263 1370 1331; x_wconf 87' lang='grc' dir='ltr'>τῷ</span> <span class='ocrx_word' id='word_1_73' title='bbox 1427 1264 1548 1330; x_wconf 83' lang='grc' dir='ltr'><strong>Θεῷ</strong></span> <span class='ocrx_word' id='word_1_74' title='bbox 1600 1264 1915 1332; x_wconf 84' lang='grc' dir='ltr'>ἐπαινεθη-</span> 
     </span>
    </p>
   </div>
   <div class='ocr_carea' id='block_1_13' title="bbox 354 1353 1916 1428">
    <p class='ocr_par' dir='ltr' id='par_1_13' title="bbox 354 1353 1916 1428">
     <span class='ocr_line' id='line_1_13' title="bbox 354 1353 1916 1428; baseline 0.001 -22"><span class='ocrx_word' id='word_1_75' title='bbox 354 1353 578 1422; x_wconf 72' lang='grc' dir='ltr'>σόμεοα</span> <span class='ocrx_word' id='word_1_76' title='bbox 605 1353 756 1422; x_wconf 85' lang='grc' dir='ltr'>ὅλην</span> <span class='ocrx_word' id='word_1_77' title='bbox 774 1354 888 1424; x_wconf 81' lang='grc' dir='ltr'><strong>τὴν</strong></span> <span class='ocrx_word' id='word_1_78' title='bbox 917 1354 1144 1426; x_wconf 77' lang='grc' dir='ltr'>ἡμέραν</span> <span class='ocrx_word' id='word_1_79' title='bbox 1164 1373 1177 1386; x_wconf 90' lang='grc'><strong>·</strong></span> <span class='ocrx_word' id='word_1_80' title='bbox 1205 1357 1238 1428; x_wconf 82' lang='grc' dir='ltr'>ἢ</span> <span class='ocrx_word' id='word_1_81' title='bbox 1267 1357 1408 1412; x_wconf 75' lang='grc' dir='ltr'>κατὰ</span> <span class='ocrx_word' id='word_1_82' title='bbox 1424 1357 1514 1411; x_wconf 80' lang='grc' dir='ltr'><strong>τὸν</strong></span> <span class='ocrx_word' id='word_1_83' title='bbox 1543 1355 1789 1418; x_wconf 81' lang='grc' dir='ltr'><strong>Ἀκύλαν,</strong></span> <span class='ocrx_word' id='word_1_84' title='bbox 1821 1355 1916 1408; x_wconf 85' lang='grc' dir='ltr'><em>Ἐν</em></span> 
     </span>
    </p>
   </div>
   <div class='ocr_carea' id='block_1_14' title="bbox 354 1445 1914 1525">
    <p class='ocr_par' dir='ltr' id='par_1_14' title="bbox 354 1445 1914 1525">
     <span class='ocr_line' id='line_1_14' title="bbox 354 1445 1914 1525; baseline 0.003 -27"><span class='ocrx_word' id='word_1_85' title='bbox 354 1445 434 1510; x_wconf 83' lang='grc' dir='ltr'>τῷ</span> <span class='ocrx_word' id='word_1_86' title='bbox 469 1445 1069 1518; x_wconf 77' lang='grc' dir='ltr'>Θεῷκαυχησόμεθα·</span> <span class='ocrx_word' id='word_1_87' title='bbox 1106 1448 1139 1520; x_wconf 78' lang='grc' dir='ltr'>ἦ</span> <span class='ocrx_word' id='word_1_88' title='bbox 1168 1450 1307 1525; x_wconf 66' lang='grc' dir='ltr'>κατά</span> <span class='ocrx_word' id='word_1_89' title='bbox 1333 1451 1424 1504; x_wconf 81' lang='grc' dir='ltr'><strong>τὸν</strong></span> <span class='ocrx_word' id='word_1_90' title='bbox 1456 1449 1764 1521; x_wconf 82' lang='grc' dir='ltr'><strong>Σύμμαχον,</strong></span> <span class='ocrx_word' id='word_1_91' title='bbox 1803 1448 1914 1504; x_wconf 84' lang='grc' dir='ltr'><strong>Τὸν</strong></span> 
     </span>
    </p>
   </div>
   <div class='ocr_carea' id='block_1_15' title="bbox 355 1536 1913 1611">
    <p class='ocr_par' dir='ltr' id='par_1_15' title="bbox 355 1536 1913 1611">
     <span class='ocr_line' id='line_1_15' title="bbox 355 1536 1913 1611; baseline 0.004 -24"><span class='ocrx_word' id='word_1_92' title='bbox 355 1536 504 1590; x_wconf 83' lang='grc' dir='ltr'><strong>Θεὸν</strong></span> <span class='ocrx_word' id='word_1_93' title='bbox 527 1538 828 1608; x_wconf 83' lang='grc' dir='ltr'>ὑμνοῦμεν</span> <span class='ocrx_word' id='word_1_94' title='bbox 848 1538 1000 1607; x_wconf 83' lang='grc' dir='ltr'>ὅλην</span> <span class='ocrx_word' id='word_1_95' title='bbox 1026 1538 1140 1608; x_wconf 78' lang='grc' dir='ltr'><strong>τὴν</strong></span> <span class='ocrx_word' id='word_1_96' title='bbox 1169 1541 1414 1609; x_wconf 70' lang='grc' dir='ltr'>ἡμέραν,</span> <span class='ocrx_word' id='word_1_97' title='bbox 1445 1541 1540 1594; x_wconf 82' lang='grc' dir='ltr'>καὶ</span> <span class='ocrx_word' id='word_1_98' title='bbox 1567 1541 1644 1606; x_wconf 84' lang='grc' dir='ltr'>τῷ</span> <span class='ocrx_word' id='word_1_99' title='bbox 1668 1541 1913 1611; x_wconf 79' lang='grc' dir='ltr'>ὀνόματί</span> 
     </span>
    </p>
   </div>
   <div class='ocr_carea' id='block_1_16' title="bbox 353 1628 1914 1703">
    <p class='ocr_par' dir='ltr' id='par_1_16' title="bbox 353 1628 1914 1703">
     <span class='ocr_line' id='line_1_16' title="bbox 353 1628 1914 1703; baseline 0.004 -26"><span class='ocrx_word' id='word_1_100' title='bbox 353 1641 470 1680; x_wconf 88' lang='grc' dir='ltr'><strong>σου</strong></span> <span class='ocrx_word' id='word_1_101' title='bbox 491 1628 1044 1699; x_wconf 75' lang='grc' dir='ltr'>ἐξομολογησόμεθα</span> <span class='ocrx_word' id='word_1_102' title='bbox 1092 1633 1178 1696; x_wconf 80' lang='grc' dir='ltr'><strong>εις</strong></span> <span class='ocrx_word' id='word_1_103' title='bbox 1208 1629 1314 1683; x_wconf 86' lang='grc' dir='ltr'>τὸν</span> <span class='ocrx_word' id='word_1_104' title='bbox 1340 1631 1540 1686; x_wconf 82' lang='grc' dir='ltr'>αἰῶνα.</span> <span class='ocrx_word' id='word_1_105' title='bbox 1577 1633 1686 1703; x_wconf 76' lang='grc' dir='ltr'><strong>Τὴν</strong></span> <span class='ocrx_word' id='word_1_106' title='bbox 1725 1633 1780 1686; x_wconf 81' lang='grc' dir='ltr'><strong>δὲ</strong></span> <span class='ocrx_word' id='word_1_107' title='bbox 1827 1632 1914 1698; x_wconf 80' lang='grc' dir='ltr'>ἐξ·</span> 
     </span>
    </p>
   </div>
   <div class='ocr_carea' id='block_1_17' title="bbox 351 1714 1920 1795">
    <p class='ocr_par' dir='ltr' id='par_1_17' title="bbox 351 1714 1920 1795">
     <span class='ocr_line' id='line_1_17' title="bbox 351 1714 1920 1795; baseline 0.002 -25"><span class='ocrx_word' id='word_1_108' title='bbox 351 1719 671 1792; x_wconf 79' lang='grc' dir='ltr'>ομολόγησιν</span> <span class='ocrx_word' id='word_1_109' title='bbox 690 1721 810 1776; x_wconf 75' lang='grc' dir='ltr'>ἀντὶ</span> <span class='ocrx_word' id='word_1_110' title='bbox 838 1714 1183 1794; x_wconf 74' lang='grc' dir='ltr'><strong>εὐχαριστίας</strong></span> <span class='ocrx_word' id='word_1_111' title='bbox 1202 1723 1413 1795; x_wconf 75' lang='grc' dir='ltr'>παραλα</span> <span class='ocrx_word' id='word_1_112' title='bbox 1422 1723 1587 1794; x_wconf 78' lang='grc' dir='ltr'>μεάνε</span> <span class='ocrx_word' id='word_1_113' title='bbox 1597 1740 1641 1776; x_wconf 91' lang='grc' dir='ltr'><strong>ιν</strong></span> <span class='ocrx_word' id='word_1_114' title='bbox 1661 1721 1920 1775; x_wconf 86' lang='grc' dir='ltr'>εἰώθασιν.</span> 
     </span>
    </p>
   </div>
   <div class='ocr_carea' id='block_1_18' title="bbox 350 1812 1908 1884">
    <p class='ocr_par' dir='ltr' id='par_1_18' title="bbox 350 1812 1908 1884">
     <span class='ocr_line' id='line_1_18' title="bbox 350 1812 1908 1884; baseline 0.001 -21"><span class='ocrx_word' id='word_1_115' title='bbox 350 1812 410 1864; x_wconf 86' lang='grc' dir='ltr'>αἱ</span> <span class='ocrx_word' id='word_1_116' title='bbox 442 1812 835 1883; x_wconf 67' lang='grc' dir='ltr'>Γραφαίυῶστε</span> <span class='ocrx_word' id='word_1_117' title='bbox 862 1814 1083 1878; x_wconf 82' lang='grc' dir='ltr'>εἰκότως</span> <span class='ocrx_word' id='word_1_118' title='bbox 1117 1815 1210 1868; x_wconf 73' lang='grc' dir='ltr'><strong>καὶ</strong></span> <span class='ocrx_word' id='word_1_119' title='bbox 1241 1814 1541 1884; x_wconf 83' lang='grc' dir='ltr'>καυχᾶσθαι</span> <span class='ocrx_word' id='word_1_120' title='bbox 1574 1816 1667 1868; x_wconf 69' lang='grc' dir='ltr'><strong>καὶ</strong></span> <span class='ocrx_word' id='word_1_121' title='bbox 1701 1814 1908 1883; x_wconf 81' lang='grc' dir='ltr'>ὑμνεῖν,</span> 
     </span>
    </p>
   </div>
   <div class='ocr_carea' id='block_1_19' title="bbox 351 1900 1912 1976">
    <p class='ocr_par' dir='ltr' id='par_1_19' title="bbox 351 1900 1912 1976">
     <span class='ocr_line' id='line_1_19' title="bbox 351 1900 1912 1976; baseline 0.003 -24"><span class='ocrx_word' id='word_1_122' title='bbox 351 1900 446 1954; x_wconf 78' lang='grc' dir='ltr'><strong>καὶ</strong></span> <span class='ocrx_word' id='word_1_123' title='bbox 464 1902 705 1958; x_wconf 81' lang='grc' dir='ltr'>ἐπαινεῖν</span> <span class='ocrx_word' id='word_1_124' title='bbox 720 1905 812 1957; x_wconf 74' lang='grc' dir='ltr'><strong>καὶ</strong></span> <span class='ocrx_word' id='word_1_125' title='bbox 827 1904 1178 1968; x_wconf 82' lang='grc' dir='ltr'>ἐπαινεῖσθαι,</span> <span class='ocrx_word' id='word_1_126' title='bbox 1196 1905 1532 1976; x_wconf 75' lang='grc' dir='ltr'>εὐχαριστεῖν</span> <span class='ocrx_word' id='word_1_127' title='bbox 1551 1921 1605 1957; x_wconf 85' lang='grc' dir='ltr'><strong>τε</strong></span> <span class='ocrx_word' id='word_1_128' title='bbox 1621 1904 1714 1956; x_wconf 78' lang='grc' dir='ltr'><strong>καὶ</strong></span> <span class='ocrx_word' id='word_1_129' title='bbox 1726 1903 1912 1974; x_wconf 77' lang='grc' dir='ltr'>ἐξομο-</span> 
     </span>
    </p>
   </div>
   <div class='ocr_carea' id='block_1_20' title="bbox 2019 707 3575 790">
    <p class='ocr_par' dir='ltr' id='par_1_20' title="bbox 2019 707 3575 790">
     <span class='ocr_line' id='line_1_20' title="bbox 2019 707 3575 790; baseline 0.002 -25"><span class='ocrx_word' id='word_1_130' title='bbox 2019 712 2316 782; x_wconf 83' lang='lat' dir='ltr'><strong>ﬂigentibus</strong></span> <span class='ocrx_word' id='word_1_131' title='bbox 2362 728 2489 774; x_wconf 84' lang='lat' dir='ltr'><strong>nos,</strong></span> <span class='ocrx_word' id='word_1_132' title='bbox 2535 724 2582 766; x_wconf 91' lang='lat' dir='ltr'><strong>et</strong></span> <span class='ocrx_word' id='word_1_133' title='bbox 2613 707 2843 765; x_wconf 81' lang='lat' dir='ltr'><strong>odientes</strong></span> <span class='ocrx_word' id='word_1_134' title='bbox 2875 728 2966 767; x_wconf 88' lang='lat' dir='ltr'><strong>nos</strong></span> <span class='ocrx_word' id='word_1_135' title='bbox 3000 711 3308 790; x_wconf 72' lang='lat' dir='ltr'><strong>confudisti.</strong></span> <span class='ocrx_word' id='word_1_136' title='bbox 3343 713 3408 770; x_wconf 87' lang='lat' dir='ltr'><strong>Et</strong></span> <span class='ocrx_word' id='word_1_137' title='bbox 3446 717 3575 786; x_wconf 84' lang='lat' dir='ltr'><strong>quia</strong></span> 
     </span>
    </p>
   </div>
   <div class='ocr_carea' id='block_1_21' title="bbox 2022 803 3577 877">
    <p class='ocr_par' dir='ltr' id='par_1_21' title="bbox 2022 803 3577 877">
     <span class='ocr_line' id='line_1_21' title="bbox 2022 803 3577 877; baseline 0.002 -17"><span class='ocrx_word' id='word_1_138' title='bbox 2022 805 2226 860; x_wconf 88' lang='lat' dir='ltr'><strong>inimici</strong></span> <span class='ocrx_word' id='word_1_139' title='bbox 2261 804 2476 875; x_wconf 87' lang='lat' dir='ltr'><strong>quidem</strong></span> <span class='ocrx_word' id='word_1_140' title='bbox 2505 805 2559 858; x_wconf 90' lang='lat' dir='ltr'><strong>in</strong></span> <span class='ocrx_word' id='word_1_141' title='bbox 2589 820 2684 859; x_wconf 89' lang='lat' dir='ltr'><strong>eos</strong></span> <span class='ocrx_word' id='word_1_142' title='bbox 2712 804 3064 874; x_wconf 87' lang='lat' dir='ltr'><strong>opprobrium</strong></span> <span class='ocrx_word' id='word_1_143' title='bbox 3095 803 3398 859; x_wconf 70' lang='lat' dir='ltr'><strong>effuderant</strong></span> <span class='ocrx_word' id='word_1_144' title='bbox 3423 824 3437 873; x_wconf 90' lang='lat'><strong>;</strong></span> <span class='ocrx_word' id='word_1_145' title='bbox 3471 807 3577 877; x_wconf 83' lang='lat' dir='ltr'><strong>ipsi</strong></span> 
     </span>
    </p>
   </div>
   <div class='ocr_carea' id='block_1_22' title="bbox 2018 897 3576 968">
    <p class='ocr_par' dir='ltr' id='par_1_22' title="bbox 2018 897 3576 968">
     <span class='ocr_line' id='line_1_22' title="bbox 2018 897 3576 968; baseline 0.003 -16"><span class='ocrx_word' id='word_1_146' title='bbox 2018 911 2147 952; x_wconf 68' lang='lat' dir='ltr'><strong>vero</strong></span> <span class='ocrx_word' id='word_1_147' title='bbox 2176 913 2284 952; x_wconf 79' lang='lat' dir='ltr'><strong>non</strong></span> <span class='ocrx_word' id='word_1_148' title='bbox 2305 897 2530 968; x_wconf 82' lang='lat' dir='ltr'><strong>propria</strong></span> <span class='ocrx_word' id='word_1_149' title='bbox 2562 899 2795 963; x_wconf 87' lang='lat' dir='ltr'><strong>virtute,</strong></span> <span class='ocrx_word' id='word_1_150' title='bbox 2828 899 2920 953; x_wconf 89' lang='lat' dir='ltr'><strong>sed</strong></span> <span class='ocrx_word' id='word_1_151' title='bbox 2946 914 3118 952; x_wconf 89' lang='lat' dir='ltr'><strong>cornu</strong></span> <span class='ocrx_word' id='word_1_152' title='bbox 3147 900 3228 954; x_wconf 91' lang='lat' dir='ltr'><strong>sui</strong></span> <span class='ocrx_word' id='word_1_153' title='bbox 3258 897 3576 957; x_wconf 83' lang='lat' dir='ltr'><strong>fortitudine</strong></span> 
     </span>
    </p>
   </div>
   <div class='ocr_carea' id='block_1_23' title="bbox 2018 988 3572 1060">
    <p class='ocr_par' dir='ltr' id='par_1_23' title="bbox 2018 988 3572 1060">
     <span class='ocr_line' id='line_1_23' title="bbox 2018 988 3572 1060; baseline 0.001 -16"><span class='ocrx_word' id='word_1_154' title='bbox 2018 989 2248 1044; x_wconf 91' lang='lat' dir='ltr'><strong>salutem</strong></span> <span class='ocrx_word' id='word_1_155' title='bbox 2296 989 2530 1044; x_wconf 90' lang='lat' dir='ltr'><strong>assecuti</strong></span> <span class='ocrx_word' id='word_1_156' title='bbox 2577 1000 2742 1052; x_wconf 82' lang='lat' dir='ltr'><strong>sunt;</strong></span> <span class='ocrx_word' id='word_1_157' title='bbox 2790 989 2984 1043; x_wconf 90' lang='lat' dir='ltr'><strong>merito</strong></span> <span class='ocrx_word' id='word_1_158' title='bbox 3028 989 3142 1044; x_wconf 65' lang='lat' dir='ltr'><strong>haec</strong></span> <span class='ocrx_word' id='word_1_159' title='bbox 3171 988 3472 1060; x_wconf 83' lang='lat' dir='ltr'><strong>adjiciunt:</strong></span> <span class='ocrx_word' id='word_1_160' title='bbox 3507 991 3572 1045; x_wconf 80' lang='lat' dir='ltr'><strong>In</strong></span> 
     </span>
    </p>
   </div>
   <div class='ocr_carea' id='block_1_24' title="bbox 2019 1081 3568 1153">
    <p class='ocr_par' dir='ltr' id='par_1_24' title="bbox 2019 1081 3568 1153">
     <span class='ocr_line' id='line_1_24' title="bbox 2019 1081 3568 1153; baseline 0.003 -19"><span class='ocrx_word' id='word_1_161' title='bbox 2019 1081 2124 1135; x_wconf 87' lang='lat' dir='ltr'><strong>Deo</strong></span> <span class='ocrx_word' id='word_1_162' title='bbox 2155 1081 2490 1134; x_wconf 83' lang='lat' dir='ltr'><strong>laudabimur</strong></span> <span class='ocrx_word' id='word_1_163' title='bbox 2519 1091 2630 1136; x_wconf 87' lang='lat' dir='ltr'><strong>tota</strong></span> <span class='ocrx_word' id='word_1_164' title='bbox 2654 1081 2778 1147; x_wconf 85' lang='lat' dir='ltr'><strong>die;</strong></span> <span class='ocrx_word' id='word_1_165' title='bbox 2826 1090 2920 1136; x_wconf 89' lang='lat' dir='ltr'><strong>aut</strong></span> <span class='ocrx_word' id='word_1_166' title='bbox 2959 1083 3254 1138; x_wconf 84' lang='lat' dir='ltr'><strong>secundum</strong></span> <span class='ocrx_word' id='word_1_167' title='bbox 3287 1082 3568 1153; x_wconf 84' lang='lat' dir='ltr'><strong>Aquilam:</strong></span> 
     </span>
    </p>
   </div>
   <div class='ocr_carea' id='block_1_25' title="bbox 2017 1171 3566 1248">
    <p class='ocr_par' dir='ltr' id='par_1_25' title="bbox 2017 1171 3566 1248">
     <span class='ocr_line' id='line_1_25' title="bbox 2017 1171 3566 1248; baseline 0.003 -23"><span class='ocrx_word' id='word_1_168' title='bbox 2017 1171 2082 1226; x_wconf 86' lang='lat' dir='ltr'><strong>In</strong></span> <span class='ocrx_word' id='word_1_169' title='bbox 2117 1174 2222 1229; x_wconf 87' lang='lat' dir='ltr'><strong>Deo</strong></span> <span class='ocrx_word' id='word_1_170' title='bbox 2247 1174 2634 1246; x_wconf 84' lang='lat' dir='ltr'><strong>gloriabimur;</strong></span> <span class='ocrx_word' id='word_1_171' title='bbox 2669 1176 2782 1230; x_wconf 82' lang='lat' dir='ltr'><strong>sive</strong></span> <span class='ocrx_word' id='word_1_172' title='bbox 2815 1175 3112 1230; x_wconf 84' lang='lat' dir='ltr'><strong>secundum</strong></span> <span class='ocrx_word' id='word_1_173' title='bbox 3147 1174 3566 1248; x_wconf 81' lang='lat' dir='ltr'><strong>Symmachum:</strong></span> 
     </span>
    </p>
   </div>
   <div class='ocr_carea' id='block_1_26' title="bbox 2013 1265 3571 1334">
    <p class='ocr_par' dir='ltr' id='par_1_26' title="bbox 2013 1265 3571 1334">
     <span class='ocr_line' id='line_1_26' title="bbox 2013 1265 3571 1334; baseline 0 -16"><span class='ocrx_word' id='word_1_174' title='bbox 2013 1265 2182 1319; x_wconf 85' lang='lat' dir='ltr'><strong>Deum</strong></span> <span class='ocrx_word' id='word_1_175' title='bbox 2209 1266 2585 1321; x_wconf 72' lang='lat' dir='ltr'><strong>celebrabimus</strong></span> <span class='ocrx_word' id='word_1_176' title='bbox 2621 1277 2732 1319; x_wconf 91' lang='lat' dir='ltr'><strong>tota</strong></span> <span class='ocrx_word' id='word_1_177' title='bbox 2769 1267 2885 1330; x_wconf 84' lang='lat' dir='ltr'><strong>die,</strong></span> <span class='ocrx_word' id='word_1_178' title='bbox 2916 1276 2964 1321; x_wconf 85' lang='lat' dir='ltr'><strong>et</strong></span> <span class='ocrx_word' id='word_1_179' title='bbox 2995 1268 3190 1321; x_wconf 80' lang='lat' dir='ltr'><strong>nomini</strong></span> <span class='ocrx_word' id='word_1_180' title='bbox 3233 1276 3320 1320; x_wconf 88' lang='lat' dir='ltr'><strong>tuo</strong></span> <span class='ocrx_word' id='word_1_181' title='bbox 3353 1267 3571 1334; x_wconf 77' lang='lat' dir='ltr'><strong>conﬁte-</strong></span> 
     </span>
    </p>
   </div>
   <div class='ocr_carea' id='block_1_27' title="bbox 2012 1354 3570 1427">
    <p class='ocr_par' dir='ltr' id='par_1_27' title="bbox 2012 1354 3570 1427">
     <span class='ocr_line' id='line_1_27' title="bbox 2012 1354 3570 1427; baseline 0 -20"><span class='ocrx_word' id='word_1_182' title='bbox 2012 1354 2190 1408; x_wconf 87' lang='lat' dir='ltr'><strong>bimur</strong></span> <span class='ocrx_word' id='word_1_183' title='bbox 2217 1357 2272 1410; x_wconf 89' lang='lat' dir='ltr'><strong>in</strong></span> <span class='ocrx_word' id='word_1_184' title='bbox 2302 1366 2573 1425; x_wconf 66' lang='lat' dir='ltr'><strong>internum.</strong></span> <span class='ocrx_word' id='word_1_185' title='bbox 2603 1355 3016 1412; x_wconf 78' lang='lat' dir='ltr'><strong>Confessioncm</strong></span> <span class='ocrx_word' id='word_1_186' title='bbox 3047 1372 3210 1427; x_wconf 86' lang='lat' dir='ltr'><strong>porro</strong></span> <span class='ocrx_word' id='word_1_187' title='bbox 3237 1372 3336 1426; x_wconf 91' lang='lat' dir='ltr'><strong>pro</strong></span> <span class='ocrx_word' id='word_1_188' title='bbox 3365 1358 3570 1426; x_wconf 80' lang='lat' dir='ltr'><strong>gratia-</strong></span> 
     </span>
    </p>
   </div>
   <div class='ocr_carea' id='block_1_28' title="bbox 2012 1446 3574 1518">
    <p class='ocr_par' dir='ltr' id='par_1_28' title="bbox 2012 1446 3574 1518">
     <span class='ocr_line' id='line_1_28' title="bbox 2012 1446 3574 1518; baseline 0.002 -19"><span class='ocrx_word' id='word_1_189' title='bbox 2012 1461 2132 1500; x_wconf 90' lang='lat' dir='ltr'><strong>rum</strong></span> <span class='ocrx_word' id='word_1_190' title='bbox 2159 1447 2373 1502; x_wconf 86' lang='lat' dir='ltr'><strong>actione</strong></span> <span class='ocrx_word' id='word_1_191' title='bbox 2403 1463 2669 1518; x_wconf 89' lang='lat' dir='ltr'><strong>usurpare</strong></span> <span class='ocrx_word' id='word_1_192' title='bbox 2700 1446 2997 1518; x_wconf 63' lang='lat' dir='ltr'><strong>Scriptura:</strong></span> <span class='ocrx_word' id='word_1_193' title='bbox 3024 1449 3199 1504; x_wconf 81' lang='lat' dir='ltr'><strong>solent</strong></span> <span class='ocrx_word' id='word_1_194' title='bbox 3228 1466 3242 1512; x_wconf 86' lang='lat'><strong>;</strong></span> <span class='ocrx_word' id='word_1_195' title='bbox 3277 1449 3349 1502; x_wconf 91' lang='lat' dir='ltr'><strong>ita</strong></span> <span class='ocrx_word' id='word_1_196' title='bbox 3377 1456 3434 1502; x_wconf 89' lang='lat' dir='ltr'><strong>ut</strong></span> <span class='ocrx_word' id='word_1_197' title='bbox 3462 1463 3574 1502; x_wconf 89' lang='lat' dir='ltr'><strong>me-</strong></span> 
     </span>
    </p>
   </div>
   <div class='ocr_carea' id='block_1_29' title="bbox 2011 1537 3570 1610">
    <p class='ocr_par' dir='ltr' id='par_1_29' title="bbox 2011 1537 3570 1610">
     <span class='ocr_line' id='line_1_29' title="bbox 2011 1537 3570 1610; baseline 0.002 -20"><span class='ocrx_word' id='word_1_198' title='bbox 2011 1537 2150 1601; x_wconf 87' lang='lat' dir='ltr'><strong>rito,</strong></span> <span class='ocrx_word' id='word_1_199' title='bbox 2197 1539 2456 1608; x_wconf 77' lang='lat' dir='ltr'><strong>gloriari,</strong></span> <span class='ocrx_word' id='word_1_200' title='bbox 2490 1541 2723 1610; x_wconf 82' lang='lat' dir='ltr'><strong>hymnos</strong></span> <span class='ocrx_word' id='word_1_201' title='bbox 2766 1540 3074 1607; x_wconf 82' lang='lat' dir='ltr'><strong>celebrare,</strong></span> <span class='ocrx_word' id='word_1_202' title='bbox 3105 1540 3326 1594; x_wconf 90' lang='lat' dir='ltr'><strong>laudare</strong></span> <span class='ocrx_word' id='word_1_203' title='bbox 3366 1551 3420 1594; x_wconf 91' lang='lat' dir='ltr'><strong>et</strong></span> <span class='ocrx_word' id='word_1_204' title='bbox 3451 1539 3570 1593; x_wconf 47' lang='lat' dir='ltr'><strong>lau‘</strong></span> 
     </span>
    </p>
   </div>
   <div class='ocr_carea' id='block_1_30' title="bbox 2010 1628 3568 1700">
    <p class='ocr_par' dir='ltr' id='par_1_30' title="bbox 2010 1628 3568 1700">
     <span class='ocr_line' id='line_1_30' title="bbox 2010 1628 3568 1700; baseline 0 -16"><span class='ocrx_word' id='word_1_205' title='bbox 2010 1630 2127 1684; x_wconf 90' lang='lat' dir='ltr'><strong>dari</strong></span> <span class='ocrx_word' id='word_1_206' title='bbox 2150 1670 2163 1696; x_wconf 91' lang='lat'><strong>,</strong></span> <span class='ocrx_word' id='word_1_207' title='bbox 2187 1630 2390 1700; x_wconf 79' lang='lat' dir='ltr'><strong>gratias</strong></span> <span class='ocrx_word' id='word_1_208' title='bbox 2417 1645 2576 1700; x_wconf 79' lang='lat' dir='ltr'><strong>agere</strong></span> <span class='ocrx_word' id='word_1_209' title='bbox 2599 1631 2918 1684; x_wconf 80' lang='lat' dir='ltr'><strong>etconﬁtcri</strong></span> <span class='ocrx_word' id='word_1_210' title='bbox 2947 1632 3160 1694; x_wconf 89' lang='lat' dir='ltr'><strong>dicant,</strong></span> <span class='ocrx_word' id='word_1_211' title='bbox 3185 1631 3384 1700; x_wconf 85' lang='lat' dir='ltr'><strong>quibus</strong></span> <span class='ocrx_word' id='word_1_212' title='bbox 3406 1628 3568 1699; x_wconf 74' lang='lat' dir='ltr'><strong>Regis</strong></span> 
     </span>
    </p>
   </div>
   <div class='ocr_carea' id='block_1_31' title="bbox 2011 1718 3570 1795">
    <p class='ocr_par' dir='ltr' id='par_1_31' title="bbox 2011 1718 3570 1795">
     <span class='ocr_line' id='line_1_31' title="bbox 2011 1718 3570 1795; baseline -0.002 -19"><span class='ocrx_word' id='word_1_213' title='bbox 2011 1720 2110 1795; x_wconf 1' lang='lat' dir='ltr'><strong>sui,</strong></span> <span class='ocrx_word' id='word_1_214' title='bbox 2137 1721 2336 1774; x_wconf 85' lang='lat' dir='ltr'><strong>virtute</strong></span> <span class='ocrx_word' id='word_1_215' title='bbox 2380 1727 2535 1790; x_wconf 87' lang='lat' dir='ltr'><strong>parta</strong></span> <span class='ocrx_word' id='word_1_216' title='bbox 2582 1721 2734 1775; x_wconf 89' lang='lat' dir='ltr'><strong>salus</strong></span> <span class='ocrx_word' id='word_1_217' title='bbox 2775 1721 2900 1774; x_wconf 82' lang='lat' dir='ltr'><strong>fuit.</strong></span> <span class='ocrx_word' id='word_1_218' title='bbox 2935 1718 3040 1775; x_wconf 87' lang='lat' dir='ltr'><strong>Sed</strong></span> <span class='ocrx_word' id='word_1_219' title='bbox 3084 1721 3196 1775; x_wconf 73' lang='lat' dir='ltr'><strong>hzec</strong></span> <span class='ocrx_word' id='word_1_220' title='bbox 3244 1721 3460 1791; x_wconf 86' lang='lat' dir='ltr'><strong>quidem</strong></span> <span class='ocrx_word' id='word_1_221' title='bbox 3501 1736 3570 1775; x_wconf 80' lang='lat' dir='ltr'><strong>ex</strong></span> 
     </span>
    </p>
   </div>
   <div class='ocr_carea' id='block_1_32' title="bbox 2012 1811 3646 1882">
    <p class='ocr_par' dir='ltr' id='par_1_32' title="bbox 2012 1811 3646 1882">
     <span class='ocr_line' id='line_1_32' title="bbox 2012 1811 3646 1882; baseline 0 -16"><span class='ocrx_word' id='word_1_222' title='bbox 2012 1827 2242 1882; x_wconf 85' lang='lat' dir='ltr'><strong>persona</strong></span> <span class='ocrx_word' id='word_1_223' title='bbox 2277 1813 2427 1867; x_wconf 92' lang='lat' dir='ltr'><strong>chori</strong></span> <span class='ocrx_word' id='word_1_224' title='bbox 2468 1811 2768 1882; x_wconf 89' lang='lat' dir='ltr'><strong>prophetici</strong></span> <span class='ocrx_word' id='word_1_225' title='bbox 2803 1812 2945 1867; x_wconf 89' lang='lat' dir='ltr'><strong>dicta</strong></span> <span class='ocrx_word' id='word_1_226' title='bbox 2972 1821 3119 1867; x_wconf 88' lang='lat' dir='ltr'><strong>sunt.</strong></span> <span class='ocrx_word' id='word_1_227' title='bbox 3164 1812 3293 1879; x_wconf 64' lang='lat' dir='ltr'><strong>Quae</strong></span> <span class='ocrx_word' id='word_1_228' title='bbox 3325 1828 3450 1867; x_wconf 77' lang='lat' dir='ltr'><strong>vero</strong></span> <span class='ocrx_word' id='word_1_229' title='bbox 3475 1813 3571 1866; x_wconf 88' lang='lat' dir='ltr'><strong>de—</strong></span> <span class='ocrx_word' id='word_1_230' title='bbox 3641 1834 3646 1840; x_wconf 59' lang='grc' dir='ltr'><strong><em>τ</em></strong></span> 
     </span>
    </p>
   </div>
   <div class='ocr_carea' id='block_1_33' title="bbox 2012 1903 3566 1971">
    <p class='ocr_par' dir='ltr' id='par_1_33' title="bbox 2012 1903 3566 1971">
     <span class='ocr_line' id='line_1_33' title="bbox 2012 1903 3566 1971; baseline -0.001 -14"><span class='ocrx_word' id='word_1_231' title='bbox 2012 1904 2135 1959; x_wconf 89' lang='lat' dir='ltr'><strong>inde</strong></span> <span class='ocrx_word' id='word_1_232' title='bbox 2163 1904 2408 1966; x_wconf 82' lang='lat' dir='ltr'><strong>feruntur</strong></span> <span class='ocrx_word' id='word_1_233' title='bbox 2440 1904 2601 1959; x_wconf 87' lang='lat' dir='ltr'><strong>iidem</strong></span> <span class='ocrx_word' id='word_1_234' title='bbox 2628 1919 2821 1960; x_wconf 88' lang='lat' dir='ltr'><strong>rursus</strong></span> <span class='ocrx_word' id='word_1_235' title='bbox 2840 1945 2855 1971; x_wconf 96' lang='lat'><strong>,</strong></span> <span class='ocrx_word' id='word_1_236' title='bbox 2885 1903 3248 1959; x_wconf 82' lang='lat' dir='ltr'><strong>multitudinis</strong></span> <span class='ocrx_word' id='word_1_237' title='bbox 3271 1918 3437 1971; x_wconf 80' lang='lat' dir='ltr'><strong>casus</strong></span> <span class='ocrx_word' id='word_1_238' title='bbox 3463 1903 3566 1959; x_wconf 86' lang='lat' dir='ltr'><strong>sibi</strong></span> 
     </span>
    </p>
   </div>
   <div class='ocr_carea' id='block_1_34' title="bbox 349 1987 1966 2068">
    <p class='ocr_par' dir='ltr' id='par_1_34' title="bbox 349 1987 1966 2068">
     <span class='ocr_line' id='line_1_34' title="bbox 349 1987 1966 2068; baseline 0.004 -24"><span class='ocrx_word' id='word_1_239' title='bbox 349 1991 620 2060; x_wconf 82' lang='grc' dir='ltr'>λογείσθαι</span> <span class='ocrx_word' id='word_1_240' title='bbox 639 1997 690 2048; x_wconf 75' lang='grc' dir='ltr'>οἱ</span> <span class='ocrx_word' id='word_1_241' title='bbox 716 1997 1234 2068; x_wconf 86' lang='grc' dir='ltr'>σεσωσμένοιτῇτοῦ</span> <span class='ocrx_word' id='word_1_242' title='bbox 1271 1995 1530 2068; x_wconf 76' lang='grc' dir='ltr'>βασιλέως</span> <span class='ocrx_word' id='word_1_243' title='bbox 1550 1996 1726 2050; x_wconf 76' lang='grc' dir='ltr'>αὐτῶν</span> <span class='ocrx_word' id='word_1_244' title='bbox 1742 1997 1907 2068; x_wconf 83' lang='grc' dir='ltr'>ἀρετῇ</span> <span class='ocrx_word' id='word_1_245' title='bbox 1943 1987 1966 2043; x_wconf 57' lang='grc' dir='ltr'>Ε</span> 
     </span>
    </p>
   </div>
   <div class='ocr_carea' id='block_1_35' title="bbox 2012 1987 2690 2068">
    <p class='ocr_par' dir='ltr' id='par_1_35' title="bbox 2012 1995 2690 2058">
     <span class='ocr_line' id='line_1_35' title="bbox 2012 1995 2690 2058; baseline 0.003 -10"><span class='ocrx_word' id='word_1_246' title='bbox 2012 1995 2346 2050; x_wconf 89' lang='lat' dir='ltr'><strong>aseribentes</strong></span> <span class='ocrx_word' id='word_1_247' title='bbox 2365 2033 2381 2058; x_wconf 91' lang='lat'><strong>,</strong></span> <span class='ocrx_word' id='word_1_248' title='bbox 2411 2001 2690 2050; x_wconf 88' lang='lat' dir='ltr'><strong>enarrant.</strong></span> 
     </span>
    </p>
   </div>
   <div class='ocr_carea' id='block_1_36' title="bbox 351 2087 3563 2162">
    <p class='ocr_par' dir='ltr' id='par_1_36' title="bbox 351 2087 3563 2162">
     <span class='ocr_line' id='line_1_36' title="bbox 351 2087 3563 2162; baseline 0.001 -24"><span class='ocrx_word' id='word_1_249' title='bbox 351 2101 533 2154; x_wconf 82' lang='grc' dir='ltr'>φασιν.</span> <span class='ocrx_word' id='word_1_250' title='bbox 573 2087 731 2142; x_wconf 81' lang='grc' dir='ltr'>Ἀλλὰ</span> <span class='ocrx_word' id='word_1_251' title='bbox 757 2088 925 2142; x_wconf 83' lang='grc' dir='ltr'>ταῦτα</span> <span class='ocrx_word' id='word_1_252' title='bbox 959 2088 1056 2158; x_wconf 86' lang='grc' dir='ltr'><strong>μὲν</strong></span> <span class='ocrx_word' id='word_1_253' title='bbox 1087 2089 1151 2142; x_wconf 85' lang='grc' dir='ltr'><strong>ἐκ</strong></span> <span class='ocrx_word' id='word_1_254' title='bbox 1185 2088 1471 2160; x_wconf 84' lang='grc' dir='ltr'>προσώπου</span> <span class='ocrx_word' id='word_1_255' title='bbox 1501 2089 1593 2142; x_wconf 77' lang='grc' dir='ltr'><strong>τοῦ</strong></span> <span class='ocrx_word' id='word_1_256' title='bbox 1637 2088 1797 2161; x_wconf 76' lang='grc' dir='ltr'>χοροῦ</span> <span class='ocrx_word' id='word_1_257' title='bbox 1837 2105 1944 2142; x_wconf 92' lang='grc' dir='ltr'><strong>των</strong></span> <span class='ocrx_word' id='word_1_258' title='bbox 1978 2087 2266 2158; x_wconf 69' lang='grc' dir='ltr'>προφητῶν</span> <span class='ocrx_word' id='word_1_259' title='bbox 2301 2087 2544 2159; x_wconf 79' lang='grc' dir='ltr'>εἴρηται·</span> <span class='ocrx_word' id='word_1_260' title='bbox 2570 2088 2637 2141; x_wconf 74' lang='grc' dir='ltr'>τὰ</span> <span class='ocrx_word' id='word_1_261' title='bbox 2662 2087 2706 2140; x_wconf 75' lang='grc' dir='ltr'>δ’</span> <span class='ocrx_word' id='word_1_262' title='bbox 2739 2088 2866 2160; x_wconf 79' lang='grc' dir='ltr'><strong>ὲξῆς</strong></span> <span class='ocrx_word' id='word_1_263' title='bbox 2901 2088 3264 2162; x_wconf 76' lang='grc' dir='ltr'>ἐπιφερόμενα</span> <span class='ocrx_word' id='word_1_264' title='bbox 3305 2087 3464 2143; x_wconf 90' lang='grc' dir='ltr'>πάλιν</span> <span class='ocrx_word' id='word_1_265' title='bbox 3513 2090 3563 2142; x_wconf 83' lang='grc' dir='ltr'>οἱ</span> 
     </span>
    </p>
   </div>
   <div class='ocr_carea' id='block_1_37' title="bbox 288 2181 2335 2256">
    <p class='ocr_par' dir='ltr' id='par_1_37' title="bbox 288 2181 2335 2256">
     <span class='ocr_line' id='line_1_37' title="bbox 288 2181 2335 2256; baseline 0 -20"><span class='ocrx_word' id='word_1_266' title='bbox 288 2204 297 2213; x_wconf 87' lang='grc'><strong><em>-</em></strong></span> <span class='ocrx_word' id='word_1_267' title='bbox 349 2183 524 2247; x_wconf 75' lang='grc' dir='ltr'>αὐτοὶ,</span> <span class='ocrx_word' id='word_1_268' title='bbox 563 2182 972 2254; x_wconf 71' lang='grc' dir='ltr'>ἰδιοποιούμενοι</span> <span class='ocrx_word' id='word_1_269' title='bbox 1022 2183 1091 2240; x_wconf 79' lang='grc' dir='ltr'>τὰ</span> <span class='ocrx_word' id='word_1_270' title='bbox 1136 2185 1214 2256; x_wconf 81' lang='grc' dir='ltr'>τῷ</span> <span class='ocrx_word' id='word_1_271' title='bbox 1242 2185 1438 2256; x_wconf 77' lang='grc' dir='ltr'>πλήθει</span> <span class='ocrx_word' id='word_1_272' title='bbox 1495 2184 1911 2256; x_wconf 76' lang='grc' dir='ltr'>συμϐεϐηκότα,</span> <span class='ocrx_word' id='word_1_273' title='bbox 1950 2181 2335 2255; x_wconf 78' lang='grc' dir='ltr'>διεξέρχονται.</span> 
     </span>
    </p>
   </div>
   <div class='ocr_carea' id='block_1_38' title="bbox 416 2277 1908 2352">
    <p class='ocr_par' dir='ltr' id='par_1_38' title="bbox 416 2277 1908 2352">
     <span class='ocr_line' id='line_1_38' title="bbox 416 2277 1908 2352; baseline 0 -19"><span class='ocrx_word' id='word_1_274' title='bbox 416 2277 570 2333; x_wconf 75' lang='grc' dir='ltr'>Νυνὶ</span> <span class='ocrx_word' id='word_1_275' title='bbox 617 2277 685 2331; x_wconf 78' lang='grc' dir='ltr'>δὲ</span> <span class='ocrx_word' id='word_1_276' title='bbox 737 2277 957 2334; x_wconf 84' lang='grc' dir='ltr'>ἀπώσω</span> <span class='ocrx_word' id='word_1_277' title='bbox 1005 2281 1103 2334; x_wconf 82' lang='grc' dir='ltr'>καὶ</span> <span class='ocrx_word' id='word_1_278' title='bbox 1145 2281 1533 2351; x_wconf 75' lang='grc' dir='ltr'>κατῄσχυνας</span> <span class='ocrx_word' id='word_1_279' title='bbox 1573 2278 1752 2352; x_wconf 75' lang='grc' dir='ltr'>ἡμᾶς,</span> <span class='ocrx_word' id='word_1_280' title='bbox 1811 2280 1908 2334; x_wconf 72' lang='grc' dir='ltr'><strong>καὶ</strong></span> 
     </span>
    </p>
   </div>
   <div class='ocr_carea' id='block_1_39' title="bbox 348 2371 1912 2444">
    <p class='ocr_par' dir='ltr' id='par_1_39' title="bbox 348 2371 1912 2444">
     <span class='ocr_line' id='line_1_39' title="bbox 348 2371 1912 2444; baseline -0.002 -17"><span class='ocrx_word' id='word_1_281' title='bbox 348 2375 460 2428; x_wconf 81' lang='grc' dir='ltr'>οὐκ</span> <span class='ocrx_word' id='word_1_282' title='bbox 484 2371 776 2441; x_wconf 76' lang='grc' dir='ltr'>ἐξελεύσῃ</span> <span class='ocrx_word' id='word_1_283' title='bbox 816 2372 886 2425; x_wconf 81' lang='grc' dir='ltr'><strong>ἐν</strong></span> <span class='ocrx_word' id='word_1_284' title='bbox 917 2373 1044 2438; x_wconf 86' lang='grc' dir='ltr'>ταῖς</span> <span class='ocrx_word' id='word_1_285' title='bbox 1073 2373 1406 2443; x_wconf 81' lang='grc' dir='ltr'>δυνάμεσιν</span> <span class='ocrx_word' id='word_1_286' title='bbox 1435 2373 1622 2444; x_wconf 77' lang='grc' dir='ltr'>ήμῶν.</span> <span class='ocrx_word' id='word_1_287' title='bbox 1670 2373 1820 2433; x_wconf 72' lang='grc' dir='ltr'>Ἐπεὶ</span> <span class='ocrx_word' id='word_1_288' title='bbox 1850 2372 1912 2424; x_wconf 80' lang='grc' dir='ltr'><strong>τὸ</strong></span> 
     </span>
    </p>
   </div>
   <div class='ocr_carea' id='block_1_40' title="bbox 350 2464 1912 2537">
    <p class='ocr_par' dir='ltr' id='par_1_40' title="bbox 350 2464 1912 2537">
     <span class='ocr_line' id='line_1_40' title="bbox 350 2464 1912 2537; baseline 0 -19"><span class='ocrx_word' id='word_1_289' title='bbox 350 2465 551 2537; x_wconf 83' lang='grc' dir='ltr'>πλῆθος</span> <span class='ocrx_word' id='word_1_290' title='bbox 564 2464 654 2519; x_wconf 81' lang='grc' dir='ltr'>τοῦ</span> <span class='ocrx_word' id='word_1_291' title='bbox 681 2465 878 2529; x_wconf 77' lang='grc' dir='ltr'>παντὸς</span> <span class='ocrx_word' id='word_1_292' title='bbox 908 2465 1172 2519; x_wconf 85' lang='grc' dir='ltr'>Ἰουδαίων</span> <span class='ocrx_word' id='word_1_293' title='bbox 1189 2467 1390 2531; x_wconf 77' lang='grc' dir='ltr'>ἔθνους,</span> <span class='ocrx_word' id='word_1_294' title='bbox 1416 2469 1471 2520; x_wconf 84' lang='grc' dir='ltr'>ὲν</span> <span class='ocrx_word' id='word_1_295' title='bbox 1489 2466 1763 2529; x_wconf 83' lang='grc' dir='ltr'>παντοίαις</span> <span class='ocrx_word' id='word_1_296' title='bbox 1785 2468 1912 2520; x_wconf 78' lang='grc' dir='ltr'>ἀσε-</span> 
     </span>
    </p>
   </div>
   <div class='ocr_carea' id='block_1_41' title="bbox 347 2554 1908 2630">
    <p class='ocr_par' dir='ltr' id='par_1_41' title="bbox 347 2554 1908 2630">
     <span class='ocr_line' id='line_1_41' title="bbox 347 2554 1908 2630; baseline -0.001 -19"><span class='ocrx_word' id='word_1_297' title='bbox 347 2557 522 2621; x_wconf 78' lang='grc' dir='ltr'>ὁείαις</span> <span class='ocrx_word' id='word_1_298' title='bbox 554 2557 647 2612; x_wconf 79' lang='grc' dir='ltr'>καὶ</span> <span class='ocrx_word' id='word_1_299' title='bbox 665 2557 1024 2630; x_wconf 75' lang='grc' dir='ltr'>παρανομίαις</span> <span class='ocrx_word' id='word_1_300' title='bbox 1039 2557 1236 2630; x_wconf 80' lang='grc' dir='ltr'>ὲξητασ</span> <span class='ocrx_word' id='word_1_301' title='bbox 1242 2557 1420 2628; x_wconf 86' lang='grc' dir='ltr'>μένον,</span> <span class='ocrx_word' id='word_1_302' title='bbox 1437 2559 1535 2612; x_wconf 90' lang='grc' dir='ltr'><strong>οὐκ</strong></span> <span class='ocrx_word' id='word_1_303' title='bbox 1549 2554 1617 2630; x_wconf 80' lang='grc' dir='ltr'>ἦν</span> <span class='ocrx_word' id='word_1_304' title='bbox 1630 2557 1908 2629; x_wconf 79' lang='grc' dir='ltr'>ἀλλότριον</span> 
     </span>
    </p>
   </div>
   <div class='ocr_carea' id='block_1_42' title="bbox 347 2645 1907 2720">
    <p class='ocr_par' dir='ltr' id='par_1_42' title="bbox 347 2645 1907 2720">
     <span class='ocr_line' id='line_1_42' title="bbox 347 2645 1907 2720; baseline 0 -20"><span class='ocrx_word' id='word_1_305' title='bbox 347 2645 444 2700; x_wconf 82' lang='grc' dir='ltr'><strong>τοῦ</strong></span> <span class='ocrx_word' id='word_1_306' title='bbox 475 2645 723 2718; x_wconf 78' lang='grc' dir='ltr'>σώματος</span> <span class='ocrx_word' id='word_1_307' title='bbox 744 2647 837 2700; x_wconf 74' lang='grc' dir='ltr'>τοῦ</span> <span class='ocrx_word' id='word_1_308' title='bbox 861 2647 1219 2718; x_wconf 66' lang='grc' dir='ltr'>προφητικοῦ,</span> <span class='ocrx_word' id='word_1_309' title='bbox 1249 2647 1472 2712; x_wconf 78' lang='grc' dir='ltr'>εἰκότως</span> <span class='ocrx_word' id='word_1_310' title='bbox 1507 2650 1577 2703; x_wconf 82' lang='grc' dir='ltr'>τὰ</span> <span class='ocrx_word' id='word_1_311' title='bbox 1615 2649 1693 2720; x_wconf 82' lang='grc' dir='ltr'><strong>τῷ</strong></span> <span class='ocrx_word' id='word_1_312' title='bbox 1716 2647 1907 2719; x_wconf 79' lang='grc' dir='ltr'>πλήθει</span> 
     </span>
    </p>
   </div>
   <div class='ocr_carea' id='block_1_43' title="bbox 350 2739 1905 2813">
    <p class='ocr_par' dir='ltr' id='par_1_43' title="bbox 350 2739 1905 2813">
     <span class='ocr_line' id='line_1_43' title="bbox 350 2739 1905 2813; baseline 0 -20"><span class='ocrx_word' id='word_1_313' title='bbox 350 2739 632 2812; x_wconf 79' lang='grc' dir='ltr'>συμδάντα</span> <span class='ocrx_word' id='word_1_314' title='bbox 687 2740 1093 2813; x_wconf 75' lang='grc' dir='ltr'>ἰδιοποιούμενοι</span> <span class='ocrx_word' id='word_1_315' title='bbox 1140 2741 1187 2794; x_wconf 88' lang='grc' dir='ltr'>οἱ</span> <span class='ocrx_word' id='word_1_316' title='bbox 1213 2741 1300 2794; x_wconf 72' lang='grc' dir='ltr'><strong>τά</strong></span> <span class='ocrx_word' id='word_1_317' title='bbox 1351 2740 1542 2812; x_wconf 80' lang='grc' dir='ltr'>πρῶτα</span> <span class='ocrx_word' id='word_1_318' title='bbox 1589 2741 1905 2813; x_wconf 80' lang='grc' dir='ltr'>εἰρηκότες,</span> 
     </span>
    </p>
   </div>
   <div class='ocr_carea' id='block_1_44' title="bbox 351 2833 1906 2907">
    <p class='ocr_par' dir='ltr' id='par_1_44' title="bbox 351 2833 1906 2907">
     <span class='ocr_line' id='line_1_44' title="bbox 351 2833 1906 2907; baseline -0.001 -19"><span class='ocrx_word' id='word_1_319' title='bbox 351 2833 516 2904; x_wconf 82' lang='grc' dir='ltr'>μέσου</span> <span class='ocrx_word' id='word_1_320' title='bbox 551 2833 918 2906; x_wconf 71' lang='grc' dir='ltr'>διαψάλματος</span> <span class='ocrx_word' id='word_1_321' title='bbox 949 2833 1441 2907; x_wconf 75' lang='grc' dir='ltr'>παρεμϐληθέντος,</span> <span class='ocrx_word' id='word_1_322' title='bbox 1484 2835 1564 2896; x_wconf 77' lang='grc' dir='ltr'><strong>είς</strong></span> <span class='ocrx_word' id='word_1_323' title='bbox 1603 2835 1906 2905; x_wconf 77' lang='grc' dir='ltr'>παράτασιν</span> 
     </span>
    </p>
   </div>
   <div class='ocr_carea' id='block_1_45' title="bbox 346 2924 1906 2998">
    <p class='ocr_par' dir='ltr' id='par_1_45' title="bbox 346 2924 1906 2998">
     <span class='ocr_line' id='line_1_45' title="bbox 346 2924 1906 2998; baseline 0.002 -22"><span class='ocrx_word' id='word_1_324' title='bbox 346 2924 448 2994; x_wconf 81' lang='grc' dir='ltr'>τῆς</span> <span class='ocrx_word' id='word_1_325' title='bbox 481 2924 778 2996; x_wconf 79' lang='grc' dir='ltr'>μεταϐολῆς</span> <span class='ocrx_word' id='word_1_326' title='bbox 819 2925 924 2979; x_wconf 86' lang='grc' dir='ltr'><strong>τῶν</strong></span> <span class='ocrx_word' id='word_1_327' title='bbox 962 2925 1375 2997; x_wconf 80' lang='grc' dir='ltr'>λεχθησομένων.</span> <span class='ocrx_word' id='word_1_328' title='bbox 1414 2925 1794 2998; x_wconf 72' lang='grc' dir='ltr'>προφέρονται.</span> <span class='ocrx_word' id='word_1_329' title='bbox 1841 2926 1906 2979; x_wconf 73' lang='lat' dir='ltr'><strong>Oi</strong></span> 
     </span>
    </p>
   </div>
   <div class='ocr_carea' id='block_1_46' title="bbox 351 3012 1906 3090">
    <p class='ocr_par' dir='ltr' id='par_1_46' title="bbox 351 3012 1906 3090">
     <span class='ocr_line' id='line_1_46' title="bbox 351 3012 1906 3090; baseline 0.002 -21"><span class='ocrx_word' id='word_1_330' title='bbox 351 3019 452 3088; x_wconf 84' lang='grc' dir='ltr'>μὲν</span> <span class='ocrx_word' id='word_1_331' title='bbox 476 3012 568 3072; x_wconf 77' lang='grc' dir='ltr'>οὖν</span> <span class='ocrx_word' id='word_1_332' title='bbox 595 3019 826 3088; x_wconf 81' lang='grc' dir='ltr'>πατέρες</span> <span class='ocrx_word' id='word_1_333' title='bbox 853 3017 1008 3090; x_wconf 77' lang='grc' dir='ltr'>ἡμῶν</span> <span class='ocrx_word' id='word_1_334' title='bbox 1033 3018 1356 3090; x_wconf 74' lang='grc' dir='ltr'>ἀνήγγειλάν</span> <span class='ocrx_word' id='word_1_335' title='bbox 1377 3019 1530 3090; x_wconf 81' lang='grc' dir='ltr'>ἡμῖν,</span> <span class='ocrx_word' id='word_1_336' title='bbox 1544 3019 1761 3082; x_wconf 75' lang='grc' dir='ltr'>καὶτοῖς</span> <span class='ocrx_word' id='word_1_337' title='bbox 1775 3020 1906 3088; x_wconf 81' lang='grc' dir='ltr'>ἡμε-</span> 
     </span>
    </p>
   </div>
   <div class='ocr_carea' id='block_1_47' title="bbox 345 3103 1904 3178">
    <p class='ocr_par' dir='ltr' id='par_1_47' title="bbox 345 3103 1904 3178">
     <span class='ocr_line' id='line_1_47' title="bbox 345 3103 1904 3178; baseline 0 -22"><span class='ocrx_word' id='word_1_338' title='bbox 345 3103 525 3174; x_wconf 83' lang='grc' dir='ltr'>τέροις</span> <span class='ocrx_word' id='word_1_339' title='bbox 572 3103 838 3175; x_wconf 74' lang='grc' dir='ltr'>ἠκούομεν</span> <span class='ocrx_word' id='word_1_340' title='bbox 890 3104 1024 3158; x_wconf 71' lang='grc' dir='ltr'>ὠσὶν</span> <span class='ocrx_word' id='word_1_341' title='bbox 1079 3107 1237 3160; x_wconf 77' lang='grc' dir='ltr'>ὁποῖα</span> <span class='ocrx_word' id='word_1_342' title='bbox 1290 3106 1631 3178; x_wconf 77' lang='grc' dir='ltr'>κατειργάσω</span> <span class='ocrx_word' id='word_1_343' title='bbox 1680 3107 1737 3158; x_wconf 80' lang='grc' dir='ltr'>ἐν</span> <span class='ocrx_word' id='word_1_344' title='bbox 1787 3106 1904 3169; x_wconf 84' lang='grc' dir='ltr'>ταῖς</span> 
     </span>
    </p>
   </div>
   <div class='ocr_carea' id='block_1_48' title="bbox 344 3187 1903 3266">
    <p class='ocr_par' dir='ltr' id='par_1_48' title="bbox 344 3187 1903 3266">
     <span class='ocr_line' id='line_1_48' title="bbox 344 3187 1903 3266; baseline 0.001 -20"><span class='ocrx_word' id='word_1_345' title='bbox 344 3193 580 3264; x_wconf 81' lang='grc' dir='ltr'>ἡμέραις</span> <span class='ocrx_word' id='word_1_346' title='bbox 611 3187 810 3259; x_wconf 80' lang='grc' dir='ltr'>αὐτῶν,</span> <span class='ocrx_word' id='word_1_347' title='bbox 843 3194 939 3248; x_wconf 72' lang='grc' dir='ltr'><strong>καὶ</strong></span> <span class='ocrx_word' id='word_1_348' title='bbox 977 3194 1044 3248; x_wconf 83' lang='grc' dir='ltr'>τὰ</span> <span class='ocrx_word' id='word_1_349' title='bbox 1071 3193 1215 3266; x_wconf 78' lang='grc' dir='ltr'>ἑξῆς.</span> <span class='ocrx_word' id='word_1_350' title='bbox 1247 3195 1382 3248; x_wconf 74' lang='grc' dir='ltr'>Νυνὶ</span> <span class='ocrx_word' id='word_1_351' title='bbox 1412 3193 1469 3248; x_wconf 79' lang='grc' dir='ltr'>δὲ</span> <span class='ocrx_word' id='word_1_352' title='bbox 1507 3193 1799 3265; x_wconf 67' lang='grc' dir='ltr'>ὀφθαλμοῖς</span> <span class='ocrx_word' id='word_1_353' title='bbox 1843 3194 1903 3247; x_wconf 88' lang='grc' dir='ltr'><strong>οὐ</strong></span> 
     </span>
    </p>
   </div>
   <div class='ocr_carea' id='block_1_49' title="bbox 344 3285 1904 3359">
    <p class='ocr_par' dir='ltr' id='par_1_49' title="bbox 344 3285 1904 3359">
     <span class='ocr_line' id='line_1_49' title="bbox 344 3285 1904 3359; baseline 0.001 -21"><span class='ocrx_word' id='word_1_354' title='bbox 344 3285 571 3340; x_wconf 79' lang='grc' dir='ltr'>τοιαῦτα</span> <span class='ocrx_word' id='word_1_355' title='bbox 621 3285 868 3359; x_wconf 77' lang='grc' dir='ltr'>ὁρῶμεν·</span> <span class='ocrx_word' id='word_1_356' title='bbox 916 3287 985 3341; x_wconf 78' lang='grc' dir='ltr'>τὰ</span> <span class='ocrx_word' id='word_1_357' title='bbox 1028 3287 1085 3341; x_wconf 84' lang='grc' dir='ltr'>δὲ</span> <span class='ocrx_word' id='word_1_358' title='bbox 1125 3287 1330 3354; x_wconf 83' lang='grc' dir='ltr'>τούτοις</span> <span class='ocrx_word' id='word_1_359' title='bbox 1381 3287 1617 3341; x_wconf 79' lang='grc' dir='ltr'>ἐναντία.</span> <span class='ocrx_word' id='word_1_360' title='bbox 1677 3286 1904 3341; x_wconf 81' lang='grc' dir='ltr'>Ἀπώσω</span> 
     </span>
    </p>
   </div>
   <div class='ocr_carea' id='block_1_50' title="bbox 347 3373 1901 3450">
    <p class='ocr_par' dir='ltr' id='par_1_50' title="bbox 347 3373 1901 3450">
     <span class='ocr_line' id='line_1_50' title="bbox 347 3373 1901 3450; baseline -0.006 -11"><span class='ocrx_word' id='word_1_361' title='bbox 347 3373 456 3447; x_wconf 58' lang='grc' dir='ltr'>γὰρ</span> <span class='ocrx_word' id='word_1_362' title='bbox 487 3375 652 3446; x_wconf 76' lang='grc' dir='ltr'>ἡμᾶς,</span> <span class='ocrx_word' id='word_1_363' title='bbox 701 3378 765 3432; x_wconf 82' lang='grc' dir='ltr'><strong>σὺ</strong></span> <span class='ocrx_word' id='word_1_364' title='bbox 788 3381 816 3431; x_wconf 83' lang='grc' dir='ltr'><strong>ό</strong></span> <span class='ocrx_word' id='word_1_365' title='bbox 856 3378 1004 3443; x_wconf 83' lang='grc' dir='ltr'>Θεὸς,</span> <span class='ocrx_word' id='word_1_366' title='bbox 1035 3380 1063 3431; x_wconf 81' lang='grc' dir='ltr'><strong><em>ὁ</em></strong></span> <span class='ocrx_word' id='word_1_367' title='bbox 1097 3377 1262 3432; x_wconf 87' lang='grc' dir='ltr'>πάλαι</span> <span class='ocrx_word' id='word_1_368' title='bbox 1309 3377 1434 3442; x_wconf 78' lang='grc' dir='ltr'>τοὺς</span> <span class='ocrx_word' id='word_1_369' title='bbox 1468 3377 1706 3450; x_wconf 76' lang='grc' dir='ltr'>πατέρας</span> <span class='ocrx_word' id='word_1_370' title='bbox 1743 3376 1901 3448; x_wconf 77' lang='grc' dir='ltr'>ἡμῶν</span> 
     </span>
    </p>
   </div>
   <div class='ocr_carea' id='block_1_51' title="bbox 342 3464 1900 3542">
    <p class='ocr_par' dir='ltr' id='par_1_51' title="bbox 342 3464 1900 3542">
     <span class='ocr_line' id='line_1_51' title="bbox 342 3464 1900 3542; baseline 0.003 -25"><span class='ocrx_word' id='word_1_371' title='bbox 342 3464 632 3530; x_wconf 81' lang='grc' dir='ltr'>διασώσας,</span> <span class='ocrx_word' id='word_1_372' title='bbox 658 3468 746 3522; x_wconf 78' lang='grc' dir='ltr'>διὰ</span> <span class='ocrx_word' id='word_1_373' title='bbox 804 3468 902 3533; x_wconf 79' lang='grc' dir='ltr'>τὰς</span> <span class='ocrx_word' id='word_1_374' title='bbox 939 3469 1210 3542; x_wconf 55' lang='grc' dir='ltr'>ηνετέρας</span> <span class='ocrx_word' id='word_1_375' title='bbox 1251 3470 1524 3542; x_wconf 82' lang='grc' dir='ltr'>ἁμαρτίας</span> <span class='ocrx_word' id='word_1_376' title='bbox 1572 3472 1696 3532; x_wconf 75' lang='grc' dir='ltr'>τοὺς</span> <span class='ocrx_word' id='word_1_377' title='bbox 1738 3469 1900 3523; x_wconf 78' lang='grc' dir='ltr'>πάλαι</span> 
     </span>
    </p>
   </div>
   <div class='ocr_carea' id='block_1_52' title="bbox 2077 2275 3564 2349">
    <p class='ocr_par' dir='ltr' id='par_1_52' title="bbox 2077 2275 3564 2349">
     <span class='ocr_line' id='line_1_52' title="bbox 2077 2275 3564 2349; baseline 0 -19"><span class='ocrx_word' id='word_1_378' title='bbox 2077 2277 2243 2334; x_wconf 73' lang='lat' dir='ltr'><strong>Vsus.</strong></span> <span class='ocrx_word' id='word_1_379' title='bbox 2285 2279 2370 2332; x_wconf 80' lang='grc'><strong>10.</strong></span> <span class='ocrx_word' id='word_1_380' title='bbox 2432 2277 2589 2334; x_wconf 87' lang='lat' dir='ltr'><strong>Nunc</strong></span> <span class='ocrx_word' id='word_1_381' title='bbox 2649 2288 2824 2334; x_wconf 89' lang='lat' dir='ltr'><strong>autem</strong></span> <span class='ocrx_word' id='word_1_382' title='bbox 2881 2279 3118 2349; x_wconf 77' lang='lat' dir='ltr'><strong>repulisti</strong></span> <span class='ocrx_word' id='word_1_383' title='bbox 3172 2285 3220 2332; x_wconf 86' lang='lat' dir='ltr'><strong>et</strong></span> <span class='ocrx_word' id='word_1_384' title='bbox 3279 2275 3564 2345; x_wconf 69' lang='lat' dir='ltr'><strong>conludisti</strong></span> 
     </span>
    </p>
   </div>
   <div class='ocr_carea' id='block_1_53' title="bbox 2006 2361 3563 2441">
    <p class='ocr_par' dir='ltr' id='par_1_53' title="bbox 2006 2361 3563 2441">
     <span class='ocr_line' id='line_1_53' title="bbox 2006 2361 3563 2441; baseline -0.003 -17"><span class='ocrx_word' id='word_1_385' title='bbox 2006 2387 2100 2424; x_wconf 82' lang='lat' dir='ltr'><strong>nos</strong></span> <span class='ocrx_word' id='word_1_386' title='bbox 2122 2409 2136 2435; x_wconf 95' lang='lat'><strong>,</strong></span> <span class='ocrx_word' id='word_1_387' title='bbox 2175 2380 2224 2424; x_wconf 86' lang='lat' dir='ltr'><strong>et</strong></span> <span class='ocrx_word' id='word_1_388' title='bbox 2253 2388 2356 2424; x_wconf 85' lang='lat' dir='ltr'><strong>non</strong></span> <span class='ocrx_word' id='word_1_389' title='bbox 2389 2372 2668 2441; x_wconf 85' lang='lat' dir='ltr'><strong>egredieris</strong></span> <span class='ocrx_word' id='word_1_390' title='bbox 2695 2410 2710 2434; x_wconf 90' lang='lat'><strong>,</strong></span> <span class='ocrx_word' id='word_1_391' title='bbox 2741 2370 2882 2425; x_wconf 84' lang='lat' dir='ltr'><strong>Deus</strong></span> <span class='ocrx_word' id='word_1_392' title='bbox 2905 2409 2919 2434; x_wconf 91' lang='lat'><strong>,</strong></span> <span class='ocrx_word' id='word_1_393' title='bbox 2945 2371 3000 2423; x_wconf 90' lang='lat' dir='ltr'><strong>in</strong></span> <span class='ocrx_word' id='word_1_394' title='bbox 3026 2369 3302 2424; x_wconf 74' lang='lat' dir='ltr'><strong>virtutibus</strong></span> <span class='ocrx_word' id='word_1_395' title='bbox 3331 2361 3523 2422; x_wconf 73' lang='lat' dir='ltr'><strong>nostris</strong></span> <span class='ocrx_word' id='word_1_396' title='bbox 3545 2405 3563 2430; x_wconf 90' lang='lat'><strong>,</strong></span> 
     </span>
    </p>
   </div>
   <div class='ocr_carea' id='block_1_54' title="bbox 2007 2459 3564 2532">
    <p class='ocr_par' dir='ltr' id='par_1_54' title="bbox 2007 2459 3564 2532">
     <span class='ocr_line' id='line_1_54' title="bbox 2007 2459 3564 2532; baseline -0.002 -15"><span class='ocrx_word' id='word_1_397' title='bbox 2007 2470 2112 2517; x_wconf 86' lang='lat' dir='ltr'><strong>etc.</strong></span> <span class='ocrx_word' id='word_1_398' title='bbox 2146 2461 2414 2528; x_wconf 87' lang='lat' dir='ltr'><strong>Quoniam</strong></span> <span class='ocrx_word' id='word_1_399' title='bbox 2449 2462 2742 2518; x_wconf 87' lang='lat' dir='ltr'><strong>multitudo</strong></span> <span class='ocrx_word' id='word_1_400' title='bbox 2784 2462 2954 2518; x_wconf 89' lang='lat' dir='ltr'><strong>totius</strong></span> <span class='ocrx_word' id='word_1_401' title='bbox 3000 2463 3181 2532; x_wconf 89' lang='lat' dir='ltr'><strong>populi</strong></span> <span class='ocrx_word' id='word_1_402' title='bbox 3228 2459 3471 2524; x_wconf 84' lang='lat' dir='ltr'><strong>Judaiei,</strong></span> <span class='ocrx_word' id='word_1_403' title='bbox 3509 2461 3564 2514; x_wconf 88' lang='lat' dir='ltr'><strong>in</strong></span> 
     </span>
    </p>
   </div>
   <div class='ocr_carea' id='block_1_55' title="bbox 2003 2553 3562 2625">
    <p class='ocr_par' dir='ltr' id='par_1_55' title="bbox 2003 2553 3562 2625">
     <span class='ocr_line' id='line_1_55' title="bbox 2003 2553 3562 2625; baseline 0 -17"><span class='ocrx_word' id='word_1_404' title='bbox 2003 2554 2151 2608; x_wconf 89' lang='lat' dir='ltr'><strong>omni</strong></span> <span class='ocrx_word' id='word_1_405' title='bbox 2193 2553 2491 2623; x_wconf 76' lang='lat' dir='ltr'><strong>impietatis</strong></span> <span class='ocrx_word' id='word_1_406' title='bbox 2533 2564 2587 2609; x_wconf 92' lang='lat' dir='ltr'><strong>ct</strong></span> <span class='ocrx_word' id='word_1_407' title='bbox 2629 2555 2994 2625; x_wconf 85' lang='lat' dir='ltr'><strong>improbitatis</strong></span> <span class='ocrx_word' id='word_1_408' title='bbox 3050 2568 3244 2624; x_wconf 77' lang='lat' dir='ltr'><strong>genere</strong></span> <span class='ocrx_word' id='word_1_409' title='bbox 3288 2553 3562 2608; x_wconf 83' lang='lat' dir='ltr'><strong>volutata.</strong></span> 
     </span>
    </p>
   </div>
   <div class='ocr_carea' id='block_1_56' title="bbox 2007 2645 3564 2718">
    <p class='ocr_par' dir='ltr' id='par_1_56' title="bbox 2007 2645 3564 2718">
     <span class='ocr_line' id='line_1_56' title="bbox 2007 2645 3564 2718; baseline -0.001 -19"><span class='ocrx_word' id='word_1_410' title='bbox 2007 2661 2116 2700; x_wconf 91' lang='lat' dir='ltr'><strong>non</strong></span> <span class='ocrx_word' id='word_1_411' title='bbox 2167 2646 2346 2700; x_wconf 88' lang='lat' dir='ltr'><strong>aliena</strong></span> <span class='ocrx_word' id='word_1_412' title='bbox 2393 2656 2512 2701; x_wconf 90' lang='lat' dir='ltr'><strong>crat</strong></span> <span class='ocrx_word' id='word_1_413' title='bbox 2559 2661 2589 2700; x_wconf 92' lang='lat' dir='ltr'><strong>a</strong></span> <span class='ocrx_word' id='word_1_414' title='bbox 2635 2662 2869 2718; x_wconf 90' lang='lat' dir='ltr'><strong>corpore</strong></span> <span class='ocrx_word' id='word_1_415' title='bbox 2908 2647 3330 2718; x_wconf 86' lang='lat' dir='ltr'><strong>prophetarum,</strong></span> <span class='ocrx_word' id='word_1_416' title='bbox 3382 2645 3564 2714; x_wconf 60' lang='grc' dir='ltr'>μοιίιιί</span> 
     </span>
    </p>
   </div>
   <div class='ocr_carea' id='block_1_57' title="bbox 2002 2722 3565 2811">
    <p class='ocr_par' dir='ltr' id='par_1_57' title="bbox 2002 2722 3565 2811">
     <span class='ocr_line' id='line_1_57' title="bbox 2002 2722 3565 2811; baseline -0.001 -19"><span class='ocrx_word' id='word_1_417' title='bbox 2002 2752 2272 2793; x_wconf 69' lang='lat' dir='ltr'><strong>aarumnas</strong></span> <span class='ocrx_word' id='word_1_418' title='bbox 2314 2738 2418 2792; x_wconf 91' lang='lat' dir='ltr'><strong>sibi</strong></span> <span class='ocrx_word' id='word_1_419' title='bbox 2461 2739 2712 2808; x_wconf 89' lang='lat' dir='ltr'><strong>proprias</strong></span> <span class='ocrx_word' id='word_1_420' title='bbox 2754 2739 3114 2794; x_wconf 84' lang='lat' dir='ltr'><strong>attribuentes</strong></span> <span class='ocrx_word' id='word_1_421' title='bbox 3143 2739 3238 2811; x_wconf 88' lang='lat' dir='ltr'><strong>qui</strong></span> <span class='ocrx_word' id='word_1_422' title='bbox 3283 2722 3565 2808; x_wconf 65' lang='lat' dir='ltr'><strong>superiora</strong></span> 
     </span>
    </p>
   </div>
   <div class='ocr_carea' id='block_1_58' title="bbox 2003 2828 3563 2899">
    <p class='ocr_par' dir='ltr' id='par_1_58' title="bbox 2003 2828 3563 2899">
     <span class='ocr_line' id='line_1_58' title="bbox 2003 2828 3563 2899; baseline -0.003 -15"><span class='ocrx_word' id='word_1_423' title='bbox 2003 2831 2283 2892; x_wconf 77' lang='lat' dir='ltr'><strong>dixerant,</strong></span> <span class='ocrx_word' id='word_1_424' title='bbox 2316 2829 2646 2884; x_wconf 77' lang='lat' dir='ltr'><strong>intermedio</strong></span> <span class='ocrx_word' id='word_1_425' title='bbox 2678 2830 3034 2899; x_wconf 85' lang='lat' dir='ltr'><strong>diapsalmate</strong></span> <span class='ocrx_word' id='word_1_426' title='bbox 3055 2865 3071 2890; x_wconf 89' lang='lat'><strong>,</strong></span> <span class='ocrx_word' id='word_1_427' title='bbox 3103 2828 3167 2882; x_wconf 88' lang='lat' dir='ltr'><strong>ad</strong></span> <span class='ocrx_word' id='word_1_428' title='bbox 3203 2828 3563 2883; x_wconf 86' lang='lat' dir='ltr'><strong>mutationem</strong></span> 
     </span>
    </p>
   </div>
   <div class='ocr_carea' id='block_1_59' title="bbox 2005 2915 3563 2990">
    <p class='ocr_par' dir='ltr' id='par_1_59' title="bbox 2005 2915 3563 2990">
     <span class='ocr_line' id='line_1_59' title="bbox 2005 2915 3563 2990; baseline -0.003 -16"><span class='ocrx_word' id='word_1_429' title='bbox 2005 2934 2196 2974; x_wconf 90' lang='lat' dir='ltr'><strong>eorum</strong></span> <span class='ocrx_word' id='word_1_430' title='bbox 2259 2933 2381 2989; x_wconf 48' lang='lat' dir='ltr'><strong>qua).</strong></span> <span class='ocrx_word' id='word_1_431' title='bbox 2411 2918 2754 2990; x_wconf 82' lang='lat' dir='ltr'><strong>postmodum</strong></span> <span class='ocrx_word' id='word_1_432' title='bbox 2789 2916 2967 2972; x_wconf 82' lang='lat' dir='ltr'><strong>fusius</strong></span> <span class='ocrx_word' id='word_1_433' title='bbox 2999 2915 3198 2970; x_wconf 86' lang='lat' dir='ltr'><strong>dicturi</strong></span> <span class='ocrx_word' id='word_1_434' title='bbox 3235 2923 3399 2980; x_wconf 88' lang='lat' dir='ltr'><strong>sunt,</strong></span> <span class='ocrx_word' id='word_1_435' title='bbox 3440 2930 3563 2971; x_wconf 89' lang='lat' dir='ltr'><strong>sese</strong></span> 
     </span>
    </p>
   </div>
   <div class='ocr_carea' id='block_1_60' title="bbox 2001 3007 3564 3080">
    <p class='ocr_par' dir='ltr' id='par_1_60' title="bbox 2001 3007 3564 3080">
     <span class='ocr_line' id='line_1_60' title="bbox 2001 3007 3564 3080; baseline -0.004 -15"><span class='ocrx_word' id='word_1_436' title='bbox 2001 3019 2242 3065; x_wconf 75' lang='lat' dir='ltr'><strong>vertunt.</strong></span> <span class='ocrx_word' id='word_1_437' title='bbox 2287 3009 2478 3065; x_wconf 86' lang='lat' dir='ltr'><strong>Patres</strong></span> <span class='ocrx_word' id='word_1_438' title='bbox 2522 3010 2705 3080; x_wconf 87' lang='lat' dir='ltr'><strong>itaque</strong></span> <span class='ocrx_word' id='word_1_439' title='bbox 2743 3008 2918 3064; x_wconf 87' lang='lat' dir='ltr'><strong>nostri</strong></span> <span class='ocrx_word' id='word_1_440' title='bbox 2959 3007 3420 3062; x_wconf 87' lang='lat' dir='ltr'><strong>annuutiaverunt</strong></span> <span class='ocrx_word' id='word_1_441' title='bbox 3463 3021 3564 3061; x_wconf 79' lang='lat' dir='ltr'><strong>no-</strong></span> 
     </span>
    </p>
   </div>
   <div class='ocr_carea' id='block_1_61' title="bbox 2003 3098 3562 3174">
    <p class='ocr_par' dir='ltr' id='par_1_61' title="bbox 2003 3098 3562 3174">
     <span class='ocr_line' id='line_1_61' title="bbox 2003 3098 3562 3174; baseline -0.005 -18"><span class='ocrx_word' id='word_1_442' title='bbox 2003 3102 2088 3158; x_wconf 78' lang='lat' dir='ltr'><strong>bis</strong></span> <span class='ocrx_word' id='word_1_443' title='bbox 2107 3143 2122 3166; x_wconf 94' lang='lat'><strong>,</strong></span> <span class='ocrx_word' id='word_1_444' title='bbox 2155 3117 2217 3156; x_wconf 90' lang='lat' dir='ltr'><strong>ac</strong></span> <span class='ocrx_word' id='word_1_445' title='bbox 2251 3117 2350 3157; x_wconf 85' lang='lat' dir='ltr'><strong>nos</strong></span> <span class='ocrx_word' id='word_1_446' title='bbox 2377 3102 2513 3174; x_wconf 85' lang='lat' dir='ltr'><strong>ipsis</strong></span> <span class='ocrx_word' id='word_1_447' title='bbox 2540 3101 2767 3156; x_wconf 86' lang='lat' dir='ltr'><strong>auribus</strong></span> <span class='ocrx_word' id='word_1_448' title='bbox 2793 3101 3099 3154; x_wconf 85' lang='lat' dir='ltr'><strong>audivimus</strong></span> <span class='ocrx_word' id='word_1_449' title='bbox 3120 3139 3134 3165; x_wconf 88' lang='lat'><strong>,</strong></span> <span class='ocrx_word' id='word_1_450' title='bbox 3164 3098 3346 3169; x_wconf 88' lang='lat' dir='ltr'><strong>qualia</strong></span> <span class='ocrx_word' id='word_1_451' title='bbox 3371 3109 3562 3168; x_wconf 80' lang='lat' dir='ltr'><strong>opera-</strong></span> 
     </span>
    </p>
   </div>
   <div class='ocr_carea' id='block_1_62' title="bbox 2003 3189 3562 3254">
    <p class='ocr_par' dir='ltr' id='par_1_62' title="bbox 2003 3189 3562 3254">
     <span class='ocr_line' id='line_1_62' title="bbox 2003 3189 3562 3254; baseline -0.003 -8"><span class='ocrx_word' id='word_1_452' title='bbox 2003 3201 2092 3249; x_wconf 81' lang='lat' dir='ltr'><strong>tus</strong></span> <span class='ocrx_word' id='word_1_453' title='bbox 2140 3193 2218 3248; x_wconf 90' lang='lat' dir='ltr'><strong>sis</strong></span> <span class='ocrx_word' id='word_1_454' title='bbox 2259 3193 2315 3247; x_wconf 89' lang='lat' dir='ltr'><strong>in</strong></span> <span class='ocrx_word' id='word_1_455' title='bbox 2362 3193 2558 3250; x_wconf 82' lang='lat' dir='ltr'><strong>diebus</strong></span> <span class='ocrx_word' id='word_1_456' title='bbox 2599 3208 2786 3247; x_wconf 88' lang='lat' dir='ltr'><strong>eorum</strong></span> <span class='ocrx_word' id='word_1_457' title='bbox 2811 3232 2824 3254; x_wconf 90' lang='lat'><strong>,</strong></span> <span class='ocrx_word' id='word_1_458' title='bbox 2859 3198 2913 3248; x_wconf 89' lang='lat' dir='ltr'><strong>et</strong></span> <span class='ocrx_word' id='word_1_459' title='bbox 2943 3200 3161 3246; x_wconf 64' lang='lat' dir='ltr'><strong>caetera.</strong></span> <span class='ocrx_word' id='word_1_460' title='bbox 3196 3189 3351 3246; x_wconf 85' lang='lat' dir='ltr'><strong>Nunc</strong></span> <span class='ocrx_word' id='word_1_461' title='bbox 3383 3196 3562 3245; x_wconf 89' lang='lat' dir='ltr'><strong>autem</strong></span> 
     </span>
    </p>
   </div>
   <div class='ocr_carea' id='block_1_63' title="bbox 2002 3269 3564 3356">
    <p class='ocr_par' dir='ltr' id='par_1_63' title="bbox 2002 3269 3564 3356">
     <span class='ocr_line' id='line_1_63' title="bbox 2002 3269 3564 3356; baseline -0.002 -17"><span class='ocrx_word' id='word_1_462' title='bbox 2002 3300 2102 3342; x_wconf 90' lang='lat' dir='ltr'><strong>nos</strong></span> <span class='ocrx_word' id='word_1_463' title='bbox 2134 3301 2476 3356; x_wconf 86' lang='lat' dir='ltr'><strong>nequaquam</strong></span> <span class='ocrx_word' id='word_1_464' title='bbox 2507 3285 2704 3340; x_wconf 87' lang='lat' dir='ltr'><strong>similia</strong></span> <span class='ocrx_word' id='word_1_465' title='bbox 2749 3285 3026 3348; x_wconf 76' lang='lat' dir='ltr'><strong>videmus,</strong></span> <span class='ocrx_word' id='word_1_466' title='bbox 3065 3283 3161 3341; x_wconf 85' lang='lat' dir='ltr'><strong>sed</strong></span> <span class='ocrx_word' id='word_1_467' title='bbox 3200 3269 3270 3338; x_wconf 90' lang='lat' dir='ltr'><strong>iis</strong></span> <span class='ocrx_word' id='word_1_468' title='bbox 3297 3283 3564 3354; x_wconf 84' lang='lat' dir='ltr'><strong>opposita.</strong></span> 
     </span>
    </p>
   </div>
   <div class='ocr_carea' id='block_1_64' title="bbox 2001 3375 3565 3450">
    <p class='ocr_par' dir='ltr' id='par_1_64' title="bbox 2001 3375 3565 3450">
     <span class='ocr_line' id='line_1_64' title="bbox 2001 3375 3565 3450; baseline -0.003 -16"><span class='ocrx_word' id='word_1_469' title='bbox 2001 3375 2080 3434; x_wconf 83' lang='lat' dir='ltr'><strong>Tu</strong></span> <span class='ocrx_word' id='word_1_470' title='bbox 2106 3394 2357 3450; x_wconf 86' lang='lat' dir='ltr'><strong>namque,</strong></span> <span class='ocrx_word' id='word_1_471' title='bbox 2383 3377 2547 3441; x_wconf 89' lang='lat' dir='ltr'><strong>Deus,</strong></span> <span class='ocrx_word' id='word_1_472' title='bbox 2573 3378 2662 3448; x_wconf 90' lang='lat' dir='ltr'><strong>qui</strong></span> <span class='ocrx_word' id='word_1_473' title='bbox 2690 3378 2816 3430; x_wconf 86' lang='lat' dir='ltr'><strong>olim</strong></span> <span class='ocrx_word' id='word_1_474' title='bbox 2849 3385 3030 3447; x_wconf 80' lang='lat' dir='ltr'><strong>patres</strong></span> <span class='ocrx_word' id='word_1_475' title='bbox 3057 3387 3275 3434; x_wconf 87' lang='lat' dir='ltr'><strong>nostros</strong></span> <span class='ocrx_word' id='word_1_476' title='bbox 3299 3376 3565 3443; x_wconf 81' lang='lat' dir='ltr'><strong>servasti,</strong></span> 
     </span>
    </p>
   </div>
   <div class='ocr_carea' id='block_1_65' title="bbox 2003 3467 3568 3541">
    <p class='ocr_par' dir='ltr' id='par_1_65' title="bbox 2003 3467 3568 3541">
     <span class='ocr_line' id='line_1_65' title="bbox 2003 3467 3568 3541; baseline 0 -17"><span class='ocrx_word' id='word_1_477' title='bbox 2003 3480 2224 3541; x_wconf 84' lang='lat' dir='ltr'><strong>propter</strong></span> <span class='ocrx_word' id='word_1_478' title='bbox 2264 3478 2486 3541; x_wconf 69' lang='lat' dir='ltr'><strong>peccata</strong></span> <span class='ocrx_word' id='word_1_479' title='bbox 2515 3477 2704 3524; x_wconf 81' lang='lat' dir='ltr'><strong>nostra</strong></span> <span class='ocrx_word' id='word_1_480' title='bbox 2735 3469 2982 3538; x_wconf 84' lang='lat' dir='ltr'><strong>rcpulisti</strong></span> <span class='ocrx_word' id='word_1_481' title='bbox 3009 3483 3157 3534; x_wconf 78' lang='lat' dir='ltr'><strong>nos,</strong></span> <span class='ocrx_word' id='word_1_482' title='bbox 3177 3483 3273 3524; x_wconf 82' lang='lat' dir='ltr'><strong>eos</strong></span> <span class='ocrx_word' id='word_1_483' title='bbox 3301 3467 3395 3539; x_wconf 92' lang='lat' dir='ltr'><strong>qui</strong></span> <span class='ocrx_word' id='word_1_484' title='bbox 3428 3468 3484 3523; x_wconf 91' lang='lat' dir='ltr'><strong>in</strong></span> <span class='ocrx_word' id='word_1_485' title='bbox 3513 3475 3568 3524; x_wconf 82' lang='lat' dir='ltr'><strong>te</strong></span> 
     </span>
    </p>
   </div>
   <div class='ocr_carea' id='block_1_66' title="bbox 343 3552 1966 3634">
    <p class='ocr_par' dir='ltr' id='par_1_66' title="bbox 343 3556 1966 3634">
     <span class='ocr_line' id='line_1_66' title="bbox 343 3556 1966 3634; baseline 0.004 -24"><span class='ocrx_word' id='word_1_486' title='bbox 343 3556 437 3610; x_wconf 79' lang='grc' dir='ltr'><strong>ἐπὶ</strong></span> <span class='ocrx_word' id='word_1_487' title='bbox 471 3557 555 3610; x_wconf 73' lang='grc' dir='ltr'><strong>σοὶ</strong></span> <span class='ocrx_word' id='word_1_488' title='bbox 595 3558 736 3628; x_wconf 79' lang='grc' dir='ltr'>μέγα</span> <span class='ocrx_word' id='word_1_489' title='bbox 775 3558 1100 3630; x_wconf 79' lang='grc' dir='ltr'>φρονοῦντας</span> <span class='ocrx_word' id='word_1_490' title='bbox 1121 3597 1136 3624; x_wconf 88' lang='grc'><strong>,</strong></span> <span class='ocrx_word' id='word_1_491' title='bbox 1171 3560 1264 3612; x_wconf 71' lang='grc' dir='ltr'><strong>καὶ</strong></span> <span class='ocrx_word' id='word_1_492' title='bbox 1308 3561 1365 3612; x_wconf 82' lang='grc' dir='ltr'><strong>ἐν</strong></span> <span class='ocrx_word' id='word_1_493' title='bbox 1404 3563 1486 3613; x_wconf 79' lang='grc' dir='ltr'><strong>σοὶ</strong></span> <span class='ocrx_word' id='word_1_494' title='bbox 1521 3563 1900 3634; x_wconf 81' lang='grc' dir='ltr'>καυχωμένους</span> <span class='ocrx_word' id='word_1_495' title='bbox 1927 3571 1966 3628; x_wconf 83' lang='lat' dir='ltr'>C</span> 
     </span>
    </p>
   </div>
   <div class='ocr_carea' id='block_1_67' title="bbox 2012 3552 3568 3634">
    <p class='ocr_par' dir='ltr' id='par_1_67' title="bbox 2012 3552 3568 3634">
     <span class='ocr_line' id='line_1_67' title="bbox 2012 3552 3568 3634; baseline -0.003 -17"><span class='ocrx_word' id='word_1_496' title='bbox 2012 3564 2129 3617; x_wconf 81' lang='lat' dir='ltr'><strong>oliui</strong></span> <span class='ocrx_word' id='word_1_497' title='bbox 2153 3562 2433 3634; x_wconf 80' lang='lat' dir='ltr'><strong>magniﬁce</strong></span> <span class='ocrx_word' id='word_1_498' title='bbox 2453 3552 2778 3618; x_wconf 80' lang='lat' dir='ltr'><strong>Sentiebaut.</strong></span> <span class='ocrx_word' id='word_1_499' title='bbox 2805 3569 2856 3614; x_wconf 87' lang='lat' dir='ltr'><strong>ct</strong></span> <span class='ocrx_word' id='word_1_500' title='bbox 2876 3563 2929 3612; x_wconf 88' lang='lat' dir='ltr'><strong>in</strong></span> <span class='ocrx_word' id='word_1_501' title='bbox 2957 3567 3007 3613; x_wconf 88' lang='lat' dir='ltr'><strong>tc</strong></span> <span class='ocrx_word' id='word_1_502' title='bbox 3029 3559 3420 3629; x_wconf 81' lang='lat' dir='ltr'><strong>gloriabantur,</strong></span> <span class='ocrx_word' id='word_1_503' title='bbox 3443 3574 3568 3614; x_wconf 91' lang='lat' dir='ltr'><strong>con-</strong></span> 
     </span>
    </p>
   </div>
   <div class='ocr_carea' id='block_1_68' title="bbox 344 3648 1902 3726">
    <p class='ocr_par' dir='ltr' id='par_1_68' title="bbox 344 3648 1902 3726">
     <span class='ocr_line' id='line_1_68' title="bbox 344 3648 1902 3726; baseline 0.003 -23"><span class='ocrx_word' id='word_1_504' title='bbox 344 3648 718 3722; x_wconf 77' lang='grc' dir='ltr'>κατῄσχυνας,</span> <span class='ocrx_word' id='word_1_505' title='bbox 771 3651 1009 3722; x_wconf 76' lang='grc' dir='ltr'>ἐρήμους</span> <span class='ocrx_word' id='word_1_506' title='bbox 1067 3650 1377 3707; x_wconf 72' lang='grc' dir='ltr'>καταλιπὼν</span> <span class='ocrx_word' id='word_1_507' title='bbox 1432 3653 1524 3705; x_wconf 76' lang='grc' dir='ltr'><strong>καὶ</strong></span> <span class='ocrx_word' id='word_1_508' title='bbox 1571 3653 1902 3726; x_wconf 76' lang='grc' dir='ltr'>ἀϐοηθήτους</span> 
     </span>
    </p>
   </div>
   <div class='ocr_carea' id='block_1_69' title="bbox 344 3740 1951 3821">
    <p class='ocr_par' dir='ltr' id='par_1_69' title="bbox 344 3740 1951 3821">
     <span class='ocr_line' id='line_1_69' title="bbox 344 3740 1951 3821; baseline 0.002 -27"><span class='ocrx_word' id='word_1_509' title='bbox 344 3743 402 3794; x_wconf 78' lang='grc' dir='ltr'><strong>ἐν</strong></span> <span class='ocrx_word' id='word_1_510' title='bbox 456 3743 522 3813; x_wconf 79' lang='grc' dir='ltr'>τῇ</span> <span class='ocrx_word' id='word_1_511' title='bbox 568 3740 705 3813; x_wconf 77' lang='grc' dir='ltr'>πρὸς</span> <span class='ocrx_word' id='word_1_512' title='bbox 753 3743 880 3806; x_wconf 77' lang='grc' dir='ltr'>τοὺς</span> <span class='ocrx_word' id='word_1_513' title='bbox 936 3742 1222 3814; x_wconf 80' lang='grc' dir='ltr'>πολεμίους</span> <span class='ocrx_word' id='word_1_514' title='bbox 1283 3742 1542 3816; x_wconf 74' lang='grc' dir='ltr'>συμεολῇ.</span> <span class='ocrx_word' id='word_1_515' title='bbox 1611 3745 1744 3799; x_wconf 82' lang='grc' dir='ltr'>Οὐδὲ</span> <span class='ocrx_word' id='word_1_516' title='bbox 1795 3746 1903 3817; x_wconf 76' lang='grc' dir='ltr'>γὰρ</span> <span class='ocrx_word' id='word_1_517' title='bbox 1947 3817 1951 3821; x_wconf 22' lang='grc' dir='ltr'>λ</span> 
     </span>
    </p>
   </div>
   <div class='ocr_carea' id='block_1_70' title="bbox 344 3830 1902 3905">
    <p class='ocr_par' dir='ltr' id='par_1_70' title="bbox 344 3830 1902 3905">
     <span class='ocr_line' id='line_1_70' title="bbox 344 3830 1902 3905; baseline 0.001 -19"><span class='ocrx_word' id='word_1_518' title='bbox 344 3830 717 3899; x_wconf 82' lang='grc' dir='ltr'>συνεξῆλθες</span> <span class='ocrx_word' id='word_1_519' title='bbox 763 3831 890 3899; x_wconf 76' lang='grc' dir='ltr'>ταῖς</span> <span class='ocrx_word' id='word_1_520' title='bbox 935 3832 1266 3903; x_wconf 74' lang='grc' dir='ltr'>δυνάμεσιν</span> <span class='ocrx_word' id='word_1_521' title='bbox 1311 3831 1512 3903; x_wconf 54' lang='grc' dir='ltr'><strong>ἡμῶν</strong></span> <span class='ocrx_word' id='word_1_522' title='bbox 1561 3833 1600 3905; x_wconf 74' lang='grc' dir='ltr'><strong>ἢ</strong></span> <span class='ocrx_word' id='word_1_523' title='bbox 1628 3835 1768 3888; x_wconf 64' lang='grc' dir='ltr'>κατὰ</span> <span class='ocrx_word' id='word_1_524' title='bbox 1811 3835 1902 3888; x_wconf 81' lang='grc' dir='ltr'>τὸν</span> 
     </span>
    </p>
   </div>
   <div class='ocr_carea' id='block_1_71' title="bbox 345 3921 1903 3997">
    <p class='ocr_par' dir='ltr' id='par_1_71' title="bbox 345 3921 1903 3997">
     <span class='ocr_line' id='line_1_71' title="bbox 345 3921 1903 3997; baseline 0.001 -19"><span class='ocrx_word' id='word_1_525' title='bbox 345 3925 656 3997; x_wconf 85' lang='grc' dir='ltr'>Σύμμαχον,</span> <span class='ocrx_word' id='word_1_526' title='bbox 683 3923 805 3991; x_wconf 79' lang='grc' dir='ltr'>τοῖς</span> <span class='ocrx_word' id='word_1_527' title='bbox 822 3927 1261 3995; x_wconf 80' lang='grc' dir='ltr'>στρατεύμασιν</span> <span class='ocrx_word' id='word_1_528' title='bbox 1283 3921 1464 3996; x_wconf 77' lang='grc' dir='ltr'>ἡμῶν</span> <span class='ocrx_word' id='word_1_529' title='bbox 1500 3927 1608 3981; x_wconf 76' lang='grc' dir='ltr'>Καὶ</span> <span class='ocrx_word' id='word_1_530' title='bbox 1631 3925 1721 3980; x_wconf 64' lang='grc' dir='ltr'><strong>διὰ</strong></span> <span class='ocrx_word' id='word_1_531' title='bbox 1746 3927 1903 3980; x_wconf 80' lang='grc' dir='ltr'>τούτο</span> 
     </span>
    </p>
   </div>
   <div class='ocr_carea' id='block_1_72' title="bbox 343 4013 1902 4088">
    <p class='ocr_par' dir='ltr' id='par_1_72' title="bbox 343 4013 1902 4088">
     <span class='ocr_line' id='line_1_72' title="bbox 343 4013 1902 4088; baseline 0.001 -18"><span class='ocrx_word' id='word_1_532' title='bbox 343 4016 722 4085; x_wconf 55' lang='grc' dir='ltr'>ἀπέστρεψπς</span> <span class='ocrx_word' id='word_1_533' title='bbox 743 4013 898 4084; x_wconf 73' lang='grc' dir='ltr'>ἡμᾶς</span> <span class='ocrx_word' id='word_1_534' title='bbox 915 4019 1002 4082; x_wconf 83' lang='grc' dir='ltr'>εὶς</span> <span class='ocrx_word' id='word_1_535' title='bbox 1021 4018 1092 4071; x_wconf 86' lang='grc' dir='ltr'>τὰ</span> <span class='ocrx_word' id='word_1_536' title='bbox 1109 4017 1299 4072; x_wconf 81' lang='grc' dir='ltr'>ὀπίσω</span> <span class='ocrx_word' id='word_1_537' title='bbox 1322 4019 1478 4087; x_wconf 78' lang='grc' dir='ltr'>παρὰ</span> <span class='ocrx_word' id='word_1_538' title='bbox 1499 4017 1637 4083; x_wconf 85' lang='grc' dir='ltr'>τοὺς</span> <span class='ocrx_word' id='word_1_539' title='bbox 1655 4018 1902 4088; x_wconf 81' lang='grc' dir='ltr'>ἐχθροὺς</span> 
     </span>
    </p>
   </div>
   <div class='ocr_carea' id='block_1_73' title="bbox 348 4107 1904 4182">
    <p class='ocr_par' dir='ltr' id='par_1_73' title="bbox 348 4107 1904 4182">
     <span class='ocr_line' id='line_1_73' title="bbox 348 4107 1904 4182; baseline -0.002 -16"><span class='ocrx_word' id='word_1_540' title='bbox 348 4109 516 4180; x_wconf 74' lang='grc' dir='ltr'>ἡμῶν</span> <span class='ocrx_word' id='word_1_541' title='bbox 532 4127 545 4140; x_wconf 87' lang='grc'><strong>·</strong></span> <span class='ocrx_word' id='word_1_542' title='bbox 565 4110 621 4176; x_wconf 83' lang='grc' dir='ltr'>ἢ,</span> <span class='ocrx_word' id='word_1_543' title='bbox 647 4107 786 4163; x_wconf 80' lang='grc' dir='ltr'>κατὰ</span> <span class='ocrx_word' id='word_1_544' title='bbox 807 4111 896 4163; x_wconf 78' lang='grc' dir='ltr'><strong>τὸν</strong></span> <span class='ocrx_word' id='word_1_545' title='bbox 923 4108 1217 4182; x_wconf 83' lang='grc' dir='ltr'>Σύμμαχον</span> <span class='ocrx_word' id='word_1_546' title='bbox 1236 4128 1250 4142; x_wconf 71' lang='grc'><strong><em>⁸</em></strong></span> <span class='ocrx_word' id='word_1_547' title='bbox 1277 4111 1534 4178; x_wconf 82' lang='grc' dir='ltr'>Ἐταξας</span> <span class='ocrx_word' id='word_1_548' title='bbox 1559 4107 1904 4182; x_wconf 77' lang='grc' dir='ltr'>ήμιῖςέσχιί-</span> 
     </span>
    </p>
   </div>
   <div class='ocr_carea' id='block_1_74' title="bbox 342 4203 1903 4278">
    <p class='ocr_par' dir='ltr' id='par_1_74' title="bbox 342 4203 1903 4278">
     <span class='ocr_line' id='line_1_74' title="bbox 342 4203 1903 4278; baseline 0.001 -19"><span class='ocrx_word' id='word_1_549' title='bbox 342 4222 488 4272; x_wconf 86' lang='grc' dir='ltr'>τους</span> <span class='ocrx_word' id='word_1_550' title='bbox 517 4203 1091 4271; x_wconf 72' lang='grc' dir='ltr'>παντός’ὲναντίου,</span> <span class='ocrx_word' id='word_1_551' title='bbox 1143 4204 1240 4258; x_wconf 83' lang='grc' dir='ltr'>καὶ</span> <span class='ocrx_word' id='word_1_552' title='bbox 1282 4208 1338 4261; x_wconf 82' lang='grc' dir='ltr'>οἱ</span> <span class='ocrx_word' id='word_1_553' title='bbox 1376 4206 1700 4278; x_wconf 82' lang='grc' dir='ltr'>μισοῦντες</span> <span class='ocrx_word' id='word_1_554' title='bbox 1747 4205 1903 4276; x_wconf 70' lang='grc' dir='ltr'>ἡμᾶς</span> 
     </span>
    </p>
   </div>
   <div class='ocr_carea' id='block_1_75' title="bbox 284 4295 1904 4371">
    <p class='ocr_par' dir='ltr' id='par_1_75' title="bbox 284 4295 1904 4371">
     <span class='ocr_line' id='line_1_75' title="bbox 284 4295 1904 4371; baseline -0.003 -18"><span class='ocrx_word' id='word_1_555' title='bbox 284 4335 292 4342; x_wconf 89' lang='grc'><strong>-</strong></span> <span class='ocrx_word' id='word_1_556' title='bbox 342 4297 768 4366; x_wconf 77' lang='grc' dir='ltr'>διαρπάζουσιν</span> <span class='ocrx_word' id='word_1_557' title='bbox 806 4295 1057 4364; x_wconf 81' lang='grc' dir='ltr'>ἑαυτοῖς.</span> <span class='ocrx_word' id='word_1_558' title='bbox 1083 4297 1355 4366; x_wconf 80' lang='grc' dir='ltr'>Ἕδωκας</span> <span class='ocrx_word' id='word_1_559' title='bbox 1383 4300 1540 4371; x_wconf 70' lang='grc' dir='ltr'>ἡμᾶς</span> <span class='ocrx_word' id='word_1_560' title='bbox 1569 4302 1648 4367; x_wconf 88' lang='grc' dir='ltr'><strong>ὡς</strong></span> <span class='ocrx_word' id='word_1_561' title='bbox 1673 4301 1904 4368; x_wconf 69' lang='grc' dir='ltr'>,βοσκή-</span> 
     </span>
    </p>
   </div>
   <div class='ocr_carea' id='block_1_76' title="bbox 339 4380 1900 4465">
    <p class='ocr_par' dir='ltr' id='par_1_76' title="bbox 339 4380 1900 4465">
     <span class='ocr_line' id='line_1_76' title="bbox 339 4380 1900 4465; baseline 0.003 -22"><span class='ocrx_word' id='word_1_562' title='bbox 339 4407 496 4462; x_wconf 83' lang='grc' dir='ltr'>ματα</span> <span class='ocrx_word' id='word_1_563' title='bbox 519 4391 820 4460; x_wconf 79' lang='grc' dir='ltr'>βρώσεως,</span> <span class='ocrx_word' id='word_1_564' title='bbox 852 4391 945 4445; x_wconf 73' lang='grc' dir='ltr'>καὶ</span> <span class='ocrx_word' id='word_1_565' title='bbox 973 4393 1060 4457; x_wconf 80' lang='grc' dir='ltr'>εὶς</span> <span class='ocrx_word' id='word_1_566' title='bbox 1091 4390 1162 4445; x_wconf 84' lang='grc' dir='ltr'>τὰ</span> <span class='ocrx_word' id='word_1_567' title='bbox 1184 4391 1327 4459; x_wconf 75' lang='grc' dir='ltr'>ἔθνη</span> <span class='ocrx_word' id='word_1_568' title='bbox 1355 4380 1700 4464; x_wconf 80' lang='grc' dir='ltr'>ἐλίκμησας</span> <span class='ocrx_word' id='word_1_569' title='bbox 1726 4392 1900 4465; x_wconf 70' lang='grc' dir='ltr'>ἡμᾶς.</span> 
     </span>
    </p>
   </div>
   <div class='ocr_carea' id='block_1_77' title="bbox 355 4483 1903 4554">
    <p class='ocr_par' dir='ltr' id='par_1_77' title="bbox 355 4483 1903 4554">
     <span class='ocr_line' id='line_1_77' title="bbox 355 4483 1903 4554; baseline 0.004 -18"><span class='ocrx_word' id='word_1_570' title='bbox 355 4483 594 4540; x_wconf 80' lang='grc' dir='ltr'>Ἆπέδου</span> <span class='ocrx_word' id='word_1_571' title='bbox 639 4485 743 4539; x_wconf 80' lang='grc' dir='ltr'>τὸν</span> <span class='ocrx_word' id='word_1_572' title='bbox 801 4487 953 4540; x_wconf 79' lang='grc' dir='ltr'>λαόν</span> <span class='ocrx_word' id='word_1_573' title='bbox 993 4499 1110 4539; x_wconf 87' lang='grc' dir='ltr'><strong>σου</strong></span> <span class='ocrx_word' id='word_1_574' title='bbox 1167 4485 1280 4553; x_wconf 83' lang='grc' dir='ltr'><strong>οὐχ</strong></span> <span class='ocrx_word' id='word_1_575' title='bbox 1314 4484 1644 4554; x_wconf 69' lang='grc' dir='ltr'>ὑπάρξεως,</span> <span class='ocrx_word' id='word_1_576' title='bbox 1686 4488 1782 4542; x_wconf 81' lang='grc' dir='ltr'>καὶ</span> <span class='ocrx_word' id='word_1_577' title='bbox 1832 4489 1903 4543; x_wconf 72' lang='lat' dir='ltr'><strong>et&quot;</strong></span> 
     </span>
    </p>
   </div>
   <div class='ocr_carea' id='block_1_78' title="bbox 342 4573 1904 4651">
    <p class='ocr_par' dir='ltr' id='par_1_78' title="bbox 342 4573 1904 4651">
     <span class='ocr_line' id='line_1_78' title="bbox 342 4573 1904 4651; baseline 0.004 -24"><span class='ocrx_word' id='word_1_578' title='bbox 342 4573 586 4645; x_wconf 82' lang='grc' dir='ltr'>πολλὴν</span> <span class='ocrx_word' id='word_1_579' title='bbox 628 4575 1074 4646; x_wconf 74' lang='grc' dir='ltr'>ἐποίησας’τὴν</span> <span class='ocrx_word' id='word_1_580' title='bbox 1105 4574 1284 4645; x_wconf 77' lang='grc' dir='ltr'>τιμὴν</span> <span class='ocrx_word' id='word_1_581' title='bbox 1325 4576 1553 4632; x_wconf 81' lang='grc' dir='ltr'>αὐτῶν·</span> <span class='ocrx_word' id='word_1_582' title='bbox 1592 4583 1904 4651; x_wconf 77' lang='grc' dir='ltr'>προπηλαο</span> 
     </span>
    </p>
   </div>
   <div class='ocr_carea' id='block_1_79' title="bbox 341 4659 1900 4744">
    <p class='ocr_par' dir='ltr' id='par_1_79' title="bbox 341 4659 1900 4744">
     <span class='ocr_line' id='line_1_79' title="bbox 341 4659 1900 4744; baseline 0.005 -25"><span class='ocrx_word' id='word_1_583' title='bbox 341 4667 564 4737; x_wconf 76' lang='grc' dir='ltr'>κισμὸν</span> <span class='ocrx_word' id='word_1_584' title='bbox 635 4669 785 4739; x_wconf 81' lang='grc' dir='ltr'>μετὰ</span> <span class='ocrx_word' id='word_1_585' title='bbox 872 4667 1218 4741; x_wconf 74' lang='grc' dir='ltr'>χλευασμοῦ</span> <span class='ocrx_word' id='word_1_586' title='bbox 1287 4669 1412 4736; x_wconf 85' lang='grc' dir='ltr'>τοῖς</span> <span class='ocrx_word' id='word_1_587' title='bbox 1462 4671 1665 4737; x_wconf 78' lang='grc' dir='ltr'>κύκλῳ</span> <span class='ocrx_word' id='word_1_588' title='bbox 1716 4659 1900 4744; x_wconf 57' lang='lat' dir='ltr'><strong>misr;</strong></span> 
     </span>
    </p>
   </div>
   <div class='ocr_carea' id='block_1_80' title="bbox 355 4761 1904 4833">
    <p class='ocr_par' dir='ltr' id='par_1_80' title="bbox 355 4761 1904 4833">
     <span class='ocr_line' id='line_1_80' title="bbox 355 4761 1904 4833; baseline 0.005 -20"><span class='ocrx_word' id='word_1_589' title='bbox 355 4761 675 4830; x_wconf 85' lang='grc' dir='ltr'>Ἐποίησας</span> <span class='ocrx_word' id='word_1_590' title='bbox 713 4763 868 4832; x_wconf 80' lang='grc' dir='ltr'>ἡμᾶς</span> <span class='ocrx_word' id='word_1_591' title='bbox 899 4761 1245 4833; x_wconf 79' lang='grc' dir='ltr'>παραϐολὴν</span> <span class='ocrx_word' id='word_1_592' title='bbox 1279 4761 1350 4815; x_wconf 84' lang='grc' dir='ltr'><strong>ἐν</strong></span> <span class='ocrx_word' id='word_1_593' title='bbox 1389 4761 1513 4829; x_wconf 83' lang='grc' dir='ltr'>τοῖς</span> <span class='ocrx_word' id='word_1_594' title='bbox 1551 4764 1780 4830; x_wconf 78' lang='grc' dir='ltr'>ἔθνεσι,</span> <span class='ocrx_word' id='word_1_595' title='bbox 1815 4767 1904 4820; x_wconf 65' lang='grc' dir='ltr'><strong>κίε</strong></span> 
     </span>
    </p>
   </div>
   <div class='ocr_carea' id='block_1_81' title="bbox 2009 3649 3566 3723">
    <p class='ocr_par' dir='ltr' id='par_1_81' title="bbox 2009 3649 3566 3723">
     <span class='ocr_line' id='line_1_81' title="bbox 2009 3649 3566 3723; baseline -0.002 -15"><span class='ocrx_word' id='word_1_596' title='bbox 2009 3654 2217 3719; x_wconf 76' lang='lat' dir='ltr'><strong>iudisxi,</strong></span> <span class='ocrx_word' id='word_1_597' title='bbox 2243 3661 2404 3723; x_wconf 89' lang='lat' dir='ltr'><strong>atque</strong></span> <span class='ocrx_word' id='word_1_598' title='bbox 2429 3653 2482 3706; x_wconf 91' lang='lat' dir='ltr'><strong>in</strong></span> <span class='ocrx_word' id='word_1_599' title='bbox 2505 3666 2802 3722; x_wconf 79' lang='lat' dir='ltr'><strong>congressu</strong></span> <span class='ocrx_word' id='word_1_600' title='bbox 2830 3666 2952 3706; x_wconf 86' lang='lat' dir='ltr'><strong>cum</strong></span> <span class='ocrx_word' id='word_1_601' title='bbox 2981 3651 3218 3704; x_wconf 90' lang='lat' dir='ltr'><strong>inimicis</strong></span> <span class='ocrx_word' id='word_1_602' title='bbox 3239 3649 3484 3706; x_wconf 86' lang='lat' dir='ltr'><strong>desertos</strong></span> <span class='ocrx_word' id='word_1_603' title='bbox 3510 3657 3566 3705; x_wconf 85' lang='lat' dir='ltr'><strong>et</strong></span> 
     </span>
    </p>
   </div>
   <div class='ocr_carea' id='block_1_82' title="bbox 2003 3743 3564 3824">
    <p class='ocr_par' dir='ltr' id='par_1_82' title="bbox 2003 3743 3564 3824">
     <span class='ocr_line' id='line_1_82' title="bbox 2003 3743 3564 3824; baseline -0.003 -23"><span class='ocrx_word' id='word_1_604' title='bbox 2003 3762 2104 3814; x_wconf 87' lang='lat' dir='ltr'><strong>ope</strong></span> <span class='ocrx_word' id='word_1_605' title='bbox 2142 3761 2342 3801; x_wconf 66' lang='lat' dir='ltr'><strong>vacuos</strong></span> <span class='ocrx_word' id='word_1_606' title='bbox 2385 3744 2662 3824; x_wconf 75' lang='lat' dir='ltr'><strong>dimisisti.</strong></span> <span class='ocrx_word' id='word_1_607' title='bbox 2692 3743 2877 3813; x_wconf 83' lang='lat' dir='ltr'><strong>Neque</strong></span> <span class='ocrx_word' id='word_1_608' title='bbox 2913 3744 3058 3798; x_wconf 90' lang='lat' dir='ltr'><strong>enim</strong></span> <span class='ocrx_word' id='word_1_609' title='bbox 3085 3759 3322 3814; x_wconf 87' lang='lat' dir='ltr'><strong>egressus</strong></span> <span class='ocrx_word' id='word_1_610' title='bbox 3353 3759 3408 3797; x_wconf 84' lang='lat' dir='ltr'><strong>es</strong></span> <span class='ocrx_word' id='word_1_611' title='bbox 3443 3759 3564 3796; x_wconf 86' lang='lat' dir='ltr'><strong>cum</strong></span> 
     </span>
    </p>
   </div>
   <div class='ocr_carea' id='block_1_83' title="bbox 2002 3834 3620 3906">
    <p class='ocr_par' dir='ltr' id='par_1_83' title="bbox 2002 3834 3620 3906">
     <span class='ocr_line' id='line_1_83' title="bbox 2002 3834 3620 3906; baseline -0.002 -16"><span class='ocrx_word' id='word_1_612' title='bbox 2002 3836 2276 3891; x_wconf 83' lang='lat' dir='ltr'><strong>virtutibus</strong></span> <span class='ocrx_word' id='word_1_613' title='bbox 2300 3837 2516 3897; x_wconf 83' lang='lat' dir='ltr'><strong>nostris,</strong></span> <span class='ocrx_word' id='word_1_614' title='bbox 2534 3836 2668 3899; x_wconf 80' lang='lat' dir='ltr'><strong>sive,</strong></span> <span class='ocrx_word' id='word_1_615' title='bbox 2692 3835 2990 3894; x_wconf 89' lang='lat' dir='ltr'><strong>secundum</strong></span> <span class='ocrx_word' id='word_1_616' title='bbox 3020 3834 3426 3906; x_wconf 85' lang='lat' dir='ltr'><strong>Symmachum,</strong></span> <span class='ocrx_word' id='word_1_617' title='bbox 3445 3850 3564 3890; x_wconf 74' lang='lat' dir='ltr'><strong>cum</strong></span> <span class='ocrx_word' id='word_1_618' title='bbox 3613 3879 3620 3886; x_wconf 89' lang='lat'><strong>.</strong></span> 
     </span>
    </p>
   </div>
   <div class='ocr_carea' id='block_1_84' title="bbox 2001 3925 3566 3998">
    <p class='ocr_par' dir='ltr' id='par_1_84' title="bbox 2001 3925 3566 3998">
     <span class='ocr_line' id='line_1_84' title="bbox 2001 3925 3566 3998; baseline 0.001 -18"><span class='ocrx_word' id='word_1_619' title='bbox 2001 3927 2313 3980; x_wconf 72' lang='lat' dir='ltr'><strong>exercitibus</strong></span> <span class='ocrx_word' id='word_1_620' title='bbox 2347 3928 2563 3981; x_wconf 82' lang='lat' dir='ltr'><strong>nostris.</strong></span> <span class='ocrx_word' id='word_1_621' title='bbox 2601 3925 2835 3998; x_wconf 86' lang='lat' dir='ltr'><strong>ldcoquc</strong></span> <span class='ocrx_word' id='word_1_622' title='bbox 2877 3927 3114 3982; x_wconf 80' lang='lat' dir='ltr'><strong>avertisti</strong></span> <span class='ocrx_word' id='word_1_623' title='bbox 3156 3943 3250 3981; x_wconf 83' lang='lat' dir='ltr'><strong>uos</strong></span> <span class='ocrx_word' id='word_1_624' title='bbox 3276 3938 3566 3982; x_wconf 80' lang='lat' dir='ltr'><strong>retrorsum</strong></span> 
     </span>
    </p>
   </div>
   <div class='ocr_carea' id='block_1_85' title="bbox 1999 4018 3564 4092">
    <p class='ocr_par' dir='ltr' id='par_1_85' title="bbox 1999 4018 3564 4092">
     <span class='ocr_line' id='line_1_85' title="bbox 1999 4018 3564 4092; baseline 0.005 -22"><span class='ocrx_word' id='word_1_625' title='bbox 1999 4029 2114 4087; x_wconf 84' lang='lat' dir='ltr'><strong>post</strong></span> <span class='ocrx_word' id='word_1_626' title='bbox 2139 4019 2377 4073; x_wconf 85' lang='lat' dir='ltr'><strong>inimicos</strong></span> <span class='ocrx_word' id='word_1_627' title='bbox 2400 4028 2608 4074; x_wconf 87' lang='lat' dir='ltr'><strong>nostros</strong></span> <span class='ocrx_word' id='word_1_628' title='bbox 2631 4035 2648 4083; x_wconf 90' lang='lat'><strong><em>;</em></strong></span> <span class='ocrx_word' id='word_1_629' title='bbox 2671 4020 2753 4075; x_wconf 73' lang='lat' dir='ltr'><strong>vel</strong></span> <span class='ocrx_word' id='word_1_630' title='bbox 2775 4060 2789 4085; x_wconf 94' lang='lat'><strong>,</strong></span> <span class='ocrx_word' id='word_1_631' title='bbox 2818 4021 3115 4076; x_wconf 87' lang='lat' dir='ltr'><strong>secundum</strong></span> <span class='ocrx_word' id='word_1_632' title='bbox 3137 4018 3524 4092; x_wconf 87' lang='lat' dir='ltr'><strong>Symmachum</strong></span> <span class='ocrx_word' id='word_1_633' title='bbox 3548 4039 3564 4078; x_wconf 90' lang='lat'><strong>:</strong></span> 
     </span>
    </p>
   </div>
   <div class='ocr_carea' id='block_1_86' title="bbox 2005 4111 3568 4185">
    <p class='ocr_par' dir='ltr' id='par_1_86' title="bbox 2005 4111 3568 4185">
     <span class='ocr_line' id='line_1_86' title="bbox 2005 4111 3568 4185; baseline 0.001 -18"><span class='ocrx_word' id='word_1_634' title='bbox 2005 4111 2280 4167; x_wconf 86' lang='lat' dir='ltr'><strong>Ordinasti</strong></span> <span class='ocrx_word' id='word_1_635' title='bbox 2307 4127 2400 4166; x_wconf 88' lang='lat' dir='ltr'><strong>nos</strong></span> <span class='ocrx_word' id='word_1_636' title='bbox 2428 4111 2644 4167; x_wconf 86' lang='lat' dir='ltr'><strong>ultimos</strong></span> <span class='ocrx_word' id='word_1_637' title='bbox 2669 4113 2901 4168; x_wconf 85' lang='lat' dir='ltr'><strong>omnium</strong></span> <span class='ocrx_word' id='word_1_638' title='bbox 2927 4111 3349 4168; x_wconf 77' lang='lat' dir='ltr'><strong>adversariorum</strong></span> <span class='ocrx_word' id='word_1_639' title='bbox 3367 4154 3381 4180; x_wconf 91' lang='lat'><strong>,</strong></span> <span class='ocrx_word' id='word_1_640' title='bbox 3407 4123 3455 4168; x_wconf 87' lang='lat' dir='ltr'><strong>et</strong></span> <span class='ocrx_word' id='word_1_641' title='bbox 3477 4117 3568 4185; x_wconf 87' lang='lat' dir='ltr'><strong>qui</strong></span> 
     </span>
    </p>
   </div>
   <div class='ocr_carea' id='block_1_87' title="bbox 2002 4205 3558 4277">
    <p class='ocr_par' dir='ltr' id='par_1_87' title="bbox 2002 4205 3558 4277">
     <span class='ocr_line' id='line_1_87' title="bbox 2002 4205 3558 4277; baseline 0.001 -18"><span class='ocrx_word' id='word_1_642' title='bbox 2002 4206 2220 4260; x_wconf 85' lang='lat' dir='ltr'><strong>oderunt</strong></span> <span class='ocrx_word' id='word_1_643' title='bbox 2249 4221 2365 4270; x_wconf 91' lang='lat' dir='ltr'><strong>nos,</strong></span> <span class='ocrx_word' id='word_1_644' title='bbox 2386 4205 2640 4275; x_wconf 86' lang='lat' dir='ltr'><strong>diripiunt</strong></span> <span class='ocrx_word' id='word_1_645' title='bbox 2668 4205 2788 4262; x_wconf 84' lang='lat' dir='ltr'><strong>sibi.</strong></span> <span class='ocrx_word' id='word_1_646' title='bbox 2817 4205 3022 4277; x_wconf 78' lang='lat' dir='ltr'><strong>Dedisti</strong></span> <span class='ocrx_word' id='word_1_647' title='bbox 3043 4222 3135 4260; x_wconf 88' lang='lat' dir='ltr'><strong>nos</strong></span> <span class='ocrx_word' id='word_1_648' title='bbox 3150 4213 3205 4259; x_wconf 84' lang='lat' dir='ltr'><strong>ut</strong></span> <span class='ocrx_word' id='word_1_649' title='bbox 3238 4221 3389 4274; x_wconf 82' lang='lat' dir='ltr'><strong>pecus</strong></span> <span class='ocrx_word' id='word_1_650' title='bbox 3419 4207 3558 4276; x_wconf 87' lang='lat' dir='ltr'><strong>quod</strong></span> 
     </span>
    </p>
   </div>
   <div class='ocr_carea' id='block_1_88' title="bbox 2003 4297 3567 4369">
    <p class='ocr_par' dir='ltr' id='par_1_88' title="bbox 2003 4297 3567 4369">
     <span class='ocr_line' id='line_1_88' title="bbox 2003 4297 3567 4369; baseline 0.001 -18"><span class='ocrx_word' id='word_1_651' title='bbox 2003 4297 2309 4362; x_wconf 77' lang='lat' dir='ltr'><strong>comeditur,</strong></span> <span class='ocrx_word' id='word_1_652' title='bbox 2329 4301 2448 4354; x_wconf 88' lang='lat' dir='ltr'><strong>etin</strong></span> <span class='ocrx_word' id='word_1_653' title='bbox 2471 4309 2642 4369; x_wconf 86' lang='lat' dir='ltr'><strong>gentes</strong></span> <span class='ocrx_word' id='word_1_654' title='bbox 2664 4299 2928 4354; x_wconf 71' lang='lat' dir='ltr'><strong>ventilasti</strong></span> <span class='ocrx_word' id='word_1_655' title='bbox 2957 4315 3072 4354; x_wconf 87' lang='lat' dir='ltr'><strong>nos.</strong></span> <span class='ocrx_word' id='word_1_656' title='bbox 3093 4297 3383 4352; x_wconf 81' lang='lat' dir='ltr'><strong>Tradidisti</strong></span> <span class='ocrx_word' id='word_1_657' title='bbox 3402 4313 3567 4369; x_wconf 78' lang='lat' dir='ltr'><strong>popu-</strong></span> 
     </span>
    </p>
   </div>
   <div class='ocr_carea' id='block_1_89' title="bbox 2006 4386 3567 4463">
    <p class='ocr_par' dir='ltr' id='par_1_89' title="bbox 2006 4386 3567 4463">
     <span class='ocr_line' id='line_1_89' title="bbox 2006 4386 3567 4463; baseline 0 -20"><span class='ocrx_word' id='word_1_658' title='bbox 2006 4390 2113 4443; x_wconf 89' lang='lat' dir='ltr'><strong>lum</strong></span> <span class='ocrx_word' id='word_1_659' title='bbox 2141 4399 2288 4442; x_wconf 86' lang='lat' dir='ltr'><strong>tuum</strong></span> <span class='ocrx_word' id='word_1_660' title='bbox 2312 4390 2425 4463; x_wconf 83' lang='lat' dir='ltr'><strong>sine</strong></span> <span class='ocrx_word' id='word_1_661' title='bbox 2447 4390 2764 4454; x_wconf 78' lang='lat' dir='ltr'><strong>substantia,</strong></span> <span class='ocrx_word' id='word_1_662' title='bbox 2790 4405 2878 4444; x_wconf 88' lang='lat' dir='ltr'><strong>nec</strong></span> <span class='ocrx_word' id='word_1_663' title='bbox 2901 4389 3123 4441; x_wconf 84' lang='lat' dir='ltr'><strong>multum</strong></span> <span class='ocrx_word' id='word_1_664' title='bbox 3149 4386 3320 4456; x_wconf 76' lang='lat' dir='ltr'><strong>fecisti</strong></span> <span class='ocrx_word' id='word_1_665' title='bbox 3339 4390 3567 4457; x_wconf 84' lang='lat' dir='ltr'><strong>pretium</strong></span> 
     </span>
    </p>
   </div>
   <div class='ocr_carea' id='block_1_90' title="bbox 2004 4481 3564 4553">
    <p class='ocr_par' dir='ltr' id='par_1_90' title="bbox 2004 4481 3564 4553">
     <span class='ocr_line' id='line_1_90' title="bbox 2004 4481 3564 4553; baseline -0.001 -15"><span class='ocrx_word' id='word_1_666' title='bbox 2004 4497 2226 4538; x_wconf 85' lang='lat' dir='ltr'><strong>eorum:</strong></span> <span class='ocrx_word' id='word_1_667' title='bbox 2257 4482 2592 4553; x_wconf 76' lang='lat' dir='ltr'><strong>approbrium</strong></span> <span class='ocrx_word' id='word_1_668' title='bbox 2628 4499 2741 4537; x_wconf 85' lang='lat' dir='ltr'><strong>cum</strong></span> <span class='ocrx_word' id='word_1_669' title='bbox 2777 4481 3019 4535; x_wconf 84' lang='lat' dir='ltr'><strong>irrisione</strong></span> <span class='ocrx_word' id='word_1_670' title='bbox 3043 4481 3108 4533; x_wconf 85' lang='lat' dir='ltr'><strong>iis</strong></span> <span class='ocrx_word' id='word_1_671' title='bbox 3135 4481 3225 4550; x_wconf 89' lang='lat' dir='ltr'><strong>qui</strong></span> <span class='ocrx_word' id='word_1_672' title='bbox 3245 4481 3442 4551; x_wconf 83' lang='lat' dir='ltr'><strong>circum</strong></span> <span class='ocrx_word' id='word_1_673' title='bbox 3471 4498 3564 4537; x_wconf 91' lang='lat' dir='ltr'><strong>nos</strong></span> 
     </span>
    </p>
   </div>
   <div class='ocr_carea' id='block_1_91' title="bbox 2004 4569 3565 4648">
    <p class='ocr_par' dir='ltr' id='par_1_91' title="bbox 2004 4569 3565 4648">
     <span class='ocr_line' id='line_1_91' title="bbox 2004 4569 3565 4648; baseline -0.002 -18"><span class='ocrx_word' id='word_1_674' title='bbox 2004 4585 2144 4630; x_wconf 76' lang='lat' dir='ltr'><strong>sunt.</strong></span> <span class='ocrx_word' id='word_1_675' title='bbox 2181 4573 2378 4629; x_wconf 83' lang='lat' dir='ltr'><strong>Fecisti</strong></span> <span class='ocrx_word' id='word_1_676' title='bbox 2406 4591 2499 4627; x_wconf 85' lang='lat' dir='ltr'><strong>nos</strong></span> <span class='ocrx_word' id='word_1_677' title='bbox 2533 4573 2843 4642; x_wconf 84' lang='lat' dir='ltr'><strong>pa&#39;rabolam</strong></span> <span class='ocrx_word' id='word_1_678' title='bbox 2864 4573 2917 4625; x_wconf 89' lang='lat' dir='ltr'><strong>in</strong></span> <span class='ocrx_word' id='word_1_679' title='bbox 2947 4569 3219 4648; x_wconf 76' lang='lat' dir='ltr'><strong>gentibus,</strong></span> <span class='ocrx_word' id='word_1_680' title='bbox 3255 4574 3565 4627; x_wconf 85' lang='lat' dir='ltr'><strong>commotio-</strong></span> 
     </span>
    </p>
   </div>
   <div class='ocr_carea' id='block_1_92' title="bbox 2005 4662 3566 4737">
    <p class='ocr_par' dir='ltr' id='par_1_92' title="bbox 2005 4662 3566 4737">
     <span class='ocr_line' id='line_1_92' title="bbox 2005 4662 3566 4737; baseline -0.001 -15"><span class='ocrx_word' id='word_1_681' title='bbox 2005 4683 2118 4722; x_wconf 86' lang='lat' dir='ltr'><strong>nem</strong></span> <span class='ocrx_word' id='word_1_682' title='bbox 2148 4667 2337 4737; x_wconf 83' lang='lat' dir='ltr'><strong>capitis</strong></span> <span class='ocrx_word' id='word_1_683' title='bbox 2361 4667 2413 4718; x_wconf 88' lang='lat' dir='ltr'><strong>in</strong></span> <span class='ocrx_word' id='word_1_684' title='bbox 2443 4665 2700 4734; x_wconf 73' lang='lat' dir='ltr'><strong>tribubus.</strong></span> <span class='ocrx_word' id='word_1_685' title='bbox 2739 4662 2842 4718; x_wconf 81' lang='lat' dir='ltr'><strong>Per</strong></span> <span class='ocrx_word' id='word_1_686' title='bbox 2872 4672 3036 4716; x_wconf 85' lang='lat' dir='ltr'><strong>totum</strong></span> <span class='ocrx_word' id='word_1_687' title='bbox 3064 4663 3200 4717; x_wconf 86' lang='lat' dir='ltr'><strong>diem</strong></span> <span class='ocrx_word' id='word_1_688' title='bbox 3231 4665 3566 4735; x_wconf 83' lang='lat' dir='ltr'><strong>opprobrium</strong></span> 
     </span>
    </p>
   </div>
   <div class='ocr_carea' id='block_1_93' title="bbox 2007 4755 3566 4829">
    <p class='ocr_par' dir='ltr' id='par_1_93' title="bbox 2007 4755 3566 4829">
     <span class='ocr_line' id='line_1_93' title="bbox 2007 4755 3566 4829; baseline -0.001 -14"><span class='ocrx_word' id='word_1_689' title='bbox 2007 4777 2179 4816; x_wconf 82' lang='lat' dir='ltr'><strong>meum</strong></span> <span class='ocrx_word' id='word_1_690' title='bbox 2227 4769 2413 4812; x_wconf 87' lang='lat' dir='ltr'><strong>contra</strong></span> <span class='ocrx_word' id='word_1_691' title='bbox 2455 4773 2535 4811; x_wconf 87' lang='lat' dir='ltr'><strong>me</strong></span> <span class='ocrx_word' id='word_1_692' title='bbox 2580 4767 2695 4818; x_wconf 86' lang='lat' dir='ltr'><strong>est,</strong></span> <span class='ocrx_word' id='word_1_693' title='bbox 2742 4765 2790 4810; x_wconf 87' lang='lat' dir='ltr'><strong>et</strong></span> <span class='ocrx_word' id='word_1_694' title='bbox 2834 4755 3004 4825; x_wconf 82' lang='lat' dir='ltr'><strong>pudor</strong></span> <span class='ocrx_word' id='word_1_695' title='bbox 3049 4755 3222 4811; x_wconf 74' lang='lat' dir='ltr'><strong>vultus</strong></span> <span class='ocrx_word' id='word_1_696' title='bbox 3263 4758 3364 4811; x_wconf 85' lang='lat' dir='ltr'><strong>mei</strong></span> <span class='ocrx_word' id='word_1_697' title='bbox 3402 4761 3566 4829; x_wconf 81' lang='lat' dir='ltr'><strong>operit</strong></span> 
     </span>
    </p>
   </div>
   <div class='ocr_carea' id='block_1_94' title="bbox 341 4848 1966 4928">
    <p class='ocr_par' dir='ltr' id='par_1_94' title="bbox 341 4854 1966 4928">
     <span class='ocr_line' id='line_1_94' title="bbox 341 4854 1966 4928; baseline 0.004 -20"><span class='ocrx_word' id='word_1_698' title='bbox 341 4869 527 4921; x_wconf 85' lang='grc' dir='ltr'>νησιν</span> <span class='ocrx_word' id='word_1_699' title='bbox 552 4855 819 4925; x_wconf 61' lang='grc' dir='ltr'>κεφαλῆς</span> <span class='ocrx_word' id='word_1_700' title='bbox 848 4857 918 4911; x_wconf 85' lang='grc' dir='ltr'><strong>ἐν</strong></span> <span class='ocrx_word' id='word_1_701' title='bbox 949 4857 1078 4922; x_wconf 80' lang='grc' dir='ltr'>ταῖς</span> <span class='ocrx_word' id='word_1_702' title='bbox 1114 4854 1352 4927; x_wconf 68' lang='grc' dir='ltr'>φυλαῖς.</span> <span class='ocrx_word' id='word_1_703' title='bbox 1392 4855 1472 4909; x_wconf 89' lang='grc' dir='ltr'><strong>Δι’</strong></span> <span class='ocrx_word' id='word_1_704' title='bbox 1511 4855 1659 4925; x_wconf 84' lang='grc' dir='ltr'>ὅλης</span> <span class='ocrx_word' id='word_1_705' title='bbox 1685 4859 1907 4928; x_wconf 71' lang='grc' dir='ltr'>ἡμέρας</span> <span class='ocrx_word' id='word_1_706' title='bbox 1939 4919 1966 4928; x_wconf 86' lang='lat'>_</span> 
     </span>
    </p>
   </div>
   <div class='ocr_carea' id='block_1_95' title="bbox 2012 4848 3566 4928">
    <p class='ocr_par' dir='ltr' id='par_1_95' title="bbox 2012 4848 3566 4921">
     <span class='ocr_line' id='line_1_95' title="bbox 2012 4848 3566 4921; baseline -0.001 -12"><span class='ocrx_word' id='word_1_707' title='bbox 2012 4872 2088 4914; x_wconf 87' lang='lat' dir='ltr'><strong>me</strong></span> <span class='ocrx_word' id='word_1_708' title='bbox 2110 4895 2124 4918; x_wconf 92' lang='lat'><strong>,</strong></span> <span class='ocrx_word' id='word_1_709' title='bbox 2159 4869 2190 4906; x_wconf 93' lang='lat' dir='ltr'><strong>a</strong></span> <span class='ocrx_word' id='word_1_710' title='bbox 2224 4867 2341 4906; x_wconf 77' lang='lat' dir='ltr'><strong>voce</strong></span> <span class='ocrx_word' id='word_1_711' title='bbox 2397 4849 2766 4918; x_wconf 72' lang='lat' dir='ltr'><strong>exprobrantis</strong></span> <span class='ocrx_word' id='word_1_712' title='bbox 2797 4859 2846 4904; x_wconf 87' lang='lat' dir='ltr'><strong>et</strong></span> <span class='ocrx_word' id='word_1_713' title='bbox 2880 4848 3287 4918; x_wconf 85' lang='lat' dir='ltr'><strong>blasphemantis</strong></span> <span class='ocrx_word' id='word_1_714' title='bbox 3314 4892 3328 4916; x_wconf 95' lang='lat'><strong>,</strong></span> <span class='ocrx_word' id='word_1_715' title='bbox 3365 4868 3398 4904; x_wconf 91' lang='lat' dir='ltr'><strong>a</strong></span> <span class='ocrx_word' id='word_1_716' title='bbox 3432 4852 3566 4921; x_wconf 80' lang='lat' dir='ltr'><strong>[acie</strong></span> 
     </span>
    </p>
   </div>
   <div class='ocr_carea' id='block_1_96' title="bbox 343 4942 1906 5019">
    <p class='ocr_par' dir='ltr' id='par_1_96' title="bbox 343 4942 1906 5019">
     <span class='ocr_line' id='line_1_96' title="bbox 343 4942 1906 5019; baseline 0.001 -16"><span class='ocrx_word' id='word_1_717' title='bbox 343 4946 382 5014; x_wconf 77' lang='grc' dir='ltr'><em>ἠ</em></span> <span class='ocrx_word' id='word_1_718' title='bbox 407 4947 831 5018; x_wconf 76' lang='grc' dir='ltr'>ἀσχημόνησίς</span> <span class='ocrx_word' id='word_1_719' title='bbox 865 4967 984 5019; x_wconf 85' lang='grc' dir='ltr'><strong>μου</strong></span> <span class='ocrx_word' id='word_1_720' title='bbox 1023 4949 1299 5018; x_wconf 81' lang='grc' dir='ltr'>ἄντικρύς</span> <span class='ocrx_word' id='word_1_721' title='bbox 1336 4966 1476 5018; x_wconf 80' lang='grc' dir='ltr'>μου,</span> <span class='ocrx_word' id='word_1_722' title='bbox 1511 4942 1608 5002; x_wconf 79' lang='grc' dir='ltr'>καὶ</span> <span class='ocrx_word' id='word_1_723' title='bbox 1637 4953 1671 5004; x_wconf 84' lang='grc' dir='ltr'><em>ὀ</em></span> <span class='ocrx_word' id='word_1_724' title='bbox 1710 4967 1906 5010; x_wconf 83' lang='grc' dir='ltr'>καται-</span> 
     </span>
    </p>
   </div>
   <div class='ocr_carea' id='block_1_97' title="bbox 341 5041 1904 5113">
    <p class='ocr_par' dir='ltr' id='par_1_97' title="bbox 341 5041 1904 5113">
     <span class='ocr_line' id='line_1_97' title="bbox 341 5041 1904 5113; baseline 0.005 -23"><span class='ocrx_word' id='word_1_725' title='bbox 341 5042 622 5109; x_wconf 74' lang='grc' dir='ltr'>σχυμμός</span> <span class='ocrx_word' id='word_1_726' title='bbox 665 5043 773 5098; x_wconf 88' lang='grc' dir='ltr'>τοῦ</span> <span class='ocrx_word' id='word_1_727' title='bbox 813 5041 1134 5112; x_wconf 81' lang='grc' dir='ltr'>προσώπου</span> <span class='ocrx_word' id='word_1_728' title='bbox 1169 5059 1290 5113; x_wconf 81' lang='grc' dir='ltr'><strong>μου</strong></span> <span class='ocrx_word' id='word_1_729' title='bbox 1345 5042 1633 5096; x_wconf 69' lang='grc' dir='ltr'>καλύπτει</span> <span class='ocrx_word' id='word_1_730' title='bbox 1679 5059 1756 5112; x_wconf 82' lang='grc' dir='ltr'><strong>με</strong></span> <span class='ocrx_word' id='word_1_731' title='bbox 1787 5044 1904 5098; x_wconf 52' lang='lat' dir='ltr'><strong>dm?</strong></span> 
     </span>
    </p>
   </div>
   <div class='ocr_carea' id='block_1_98' title="bbox 340 5127 1908 5203">
    <p class='ocr_par' dir='ltr' id='par_1_98' title="bbox 340 5127 1908 5203">
     <span class='ocr_line' id='line_1_98' title="bbox 340 5127 1908 5203; baseline 0.006 -22"><span class='ocrx_word' id='word_1_732' title='bbox 340 5127 549 5197; x_wconf 71' lang='grc' dir='ltr'>φωνῆς</span> <span class='ocrx_word' id='word_1_733' title='bbox 591 5131 976 5201; x_wconf 79' lang='grc' dir='ltr'>ὀνειδίζοντος</span> <span class='ocrx_word' id='word_1_734' title='bbox 1036 5134 1134 5189; x_wconf 76' lang='grc' dir='ltr'>καὶ</span> <span class='ocrx_word' id='word_1_735' title='bbox 1188 5134 1734 5203; x_wconf 57' lang='grc' dir='ltr'>βλασφημυίϊτυς,</span> <span class='ocrx_word' id='word_1_736' title='bbox 1789 5136 1908 5190; x_wconf 80' lang='grc' dir='ltr'><strong>ἀπὸ</strong></span> 
     </span>
    </p>
   </div>
   <div class='ocr_carea' id='block_1_99' title="bbox 342 5217 1908 5296">
    <p class='ocr_par' dir='ltr' id='par_1_99' title="bbox 342 5217 1908 5296">
     <span class='ocr_line' id='line_1_99' title="bbox 342 5217 1908 5296; baseline 0.006 -26"><span class='ocrx_word' id='word_1_737' title='bbox 342 5217 665 5285; x_wconf 85' lang='grc' dir='ltr'>προσώπου</span> <span class='ocrx_word' id='word_1_738' title='bbox 705 5222 920 5292; x_wconf 80' lang='grc' dir='ltr'>ἐχθροῦ</span> <span class='ocrx_word' id='word_1_739' title='bbox 971 5224 1070 5280; x_wconf 80' lang='grc' dir='ltr'><strong>καί</strong></span> <span class='ocrx_word' id='word_1_740' title='bbox 1116 5226 1507 5296; x_wconf 83' lang='grc' dir='ltr'>τιμωροῦντος</span> <span class='ocrx_word' id='word_1_741' title='bbox 1554 5225 1762 5291; x_wconf 82' lang='grc' dir='ltr'>ἐαυτῷ.</span> <span class='ocrx_word' id='word_1_742' title='bbox 1811 5229 1908 5280; x_wconf 83' lang='lat' dir='ltr'><strong>To-</strong></span> 
     </span>
    </p>
   </div>
   <div class='ocr_carea' id='block_1_100' title="bbox 345 5308 1908 5390">
    <p class='ocr_par' dir='ltr' id='par_1_100' title="bbox 345 5308 1908 5390">
     <span class='ocr_line' id='line_1_100' title="bbox 345 5308 1908 5390; baseline 0.003 -29"><span class='ocrx_word' id='word_1_743' title='bbox 345 5308 520 5364; x_wconf 82' lang='grc' dir='ltr'>σαῦτα</span> <span class='ocrx_word' id='word_1_744' title='bbox 539 5311 680 5366; x_wconf 86' lang='grc' dir='ltr'><strong>κατὰ</strong></span> <span class='ocrx_word' id='word_1_745' title='bbox 717 5313 808 5367; x_wconf 81' lang='grc' dir='ltr'><strong>τὸν</strong></span> <span class='ocrx_word' id='word_1_746' title='bbox 847 5314 1140 5388; x_wconf 86' lang='grc' dir='ltr'>Σύμμαχον</span> <span class='ocrx_word' id='word_1_747' title='bbox 1169 5319 1198 5372; x_wconf 83' lang='grc' dir='ltr'>ὁ</span> <span class='ocrx_word' id='word_1_748' title='bbox 1225 5317 1385 5390; x_wconf 77' lang='grc' dir='ltr'>χορὸς</span> <span class='ocrx_word' id='word_1_749' title='bbox 1421 5319 1450 5370; x_wconf 87' lang='grc' dir='ltr'><strong>ό</strong></span> <span class='ocrx_word' id='word_1_750' title='bbox 1487 5319 1816 5388; x_wconf 69' lang='grc' dir='ltr'>προφητικὸς</span> 
     </span>
    </p>
   </div>
   <div class='ocr_carea' id='block_1_101' title="bbox 2009 4942 3569 5003">
    <p class='ocr_par' dir='ltr' id='par_1_101' title="bbox 2009 4942 3569 5003">
     <span class='ocr_line' id='line_1_101' title="bbox 2009 4942 3569 5003; baseline -0.002 0"><span class='ocrx_word' id='word_1_751' title='bbox 2009 4947 2210 5003; x_wconf 83' lang='lat' dir='ltr'><strong>inimici</strong></span> <span class='ocrx_word' id='word_1_752' title='bbox 2259 4954 2307 5000; x_wconf 86' lang='lat' dir='ltr'><strong>et</strong></span> <span class='ocrx_word' id='word_1_753' title='bbox 2366 4943 2664 4998; x_wconf 83' lang='lat' dir='ltr'><strong>ttlcisceutis</strong></span> <span class='ocrx_word' id='word_1_754' title='bbox 2710 4960 2784 5001; x_wconf 90' lang='lat' dir='ltr'><strong>se.</strong></span> <span class='ocrx_word' id='word_1_755' title='bbox 2836 4942 2963 4998; x_wconf 70' lang='lat' dir='ltr'><strong>llaac</strong></span> <span class='ocrx_word' id='word_1_756' title='bbox 3006 4952 3118 4998; x_wconf 91' lang='lat' dir='ltr'><strong>tam</strong></span> <span class='ocrx_word' id='word_1_757' title='bbox 3163 4945 3332 4998; x_wconf 89' lang='lat' dir='ltr'><strong>multa</strong></span> <span class='ocrx_word' id='word_1_758' title='bbox 3368 4949 3569 5001; x_wconf 62' lang='lat' dir='ltr'><strong>chorus</strong></span> 
     </span>
    </p>
   </div>
   <div class='ocr_carea' id='block_1_102' title="bbox 2002 5036 3566 5114">
    <p class='ocr_par' dir='ltr' id='par_1_102' title="bbox 2002 5036 3566 5114">
     <span class='ocr_line' id='line_1_102' title="bbox 2002 5036 3566 5114; baseline -0.003 -19"><span class='ocrx_word' id='word_1_759' title='bbox 2002 5039 2344 5114; x_wconf 80' lang='lat' dir='ltr'><strong>propheticus</strong></span> <span class='ocrx_word' id='word_1_760' title='bbox 2393 5038 2446 5091; x_wconf 92' lang='lat' dir='ltr'><strong>in</strong></span> <span class='ocrx_word' id='word_1_761' title='bbox 2490 5052 2589 5094; x_wconf 87' lang='lat' dir='ltr'><strong>sua</strong></span> <span class='ocrx_word' id='word_1_762' title='bbox 2628 5037 2695 5092; x_wconf 90' lang='lat' dir='ltr'><strong>ad</strong></span> <span class='ocrx_word' id='word_1_763' title='bbox 2734 5036 2903 5094; x_wconf 86' lang='lat' dir='ltr'><strong>Deum</strong></span> <span class='ocrx_word' id='word_1_764' title='bbox 2944 5037 3369 5108; x_wconf 87' lang='lat' dir='ltr'><strong>supplicatione.</strong></span> <span class='ocrx_word' id='word_1_765' title='bbox 3415 5037 3566 5090; x_wconf 84' lang='lat' dir='ltr'><strong>cala-</strong></span> 
     </span>
    </p>
   </div>
   <div class='ocr_carea' id='block_1_103' title="bbox 2007 5130 3561 5202">
    <p class='ocr_par' dir='ltr' id='par_1_103' title="bbox 2007 5130 3561 5202">
     <span class='ocr_line' id='line_1_103' title="bbox 2007 5130 3561 5202; baseline -0.004 -14"><span class='ocrx_word' id='word_1_766' title='bbox 2007 5135 2219 5188; x_wconf 91' lang='lat' dir='ltr'><strong>mitates</strong></span> <span class='ocrx_word' id='word_1_767' title='bbox 2267 5130 2465 5202; x_wconf 82' lang='lat' dir='ltr'><strong>populi</strong></span> <span class='ocrx_word' id='word_1_768' title='bbox 2523 5132 2808 5187; x_wconf 90' lang='lat' dir='ltr'><strong>ascribens</strong></span> <span class='ocrx_word' id='word_1_769' title='bbox 2864 5131 3013 5193; x_wconf 88' lang='lat' dir='ltr'><strong>sibi,</strong></span> <span class='ocrx_word' id='word_1_770' title='bbox 3076 5136 3400 5201; x_wconf 85' lang='lat' dir='ltr'><strong>prosecutus</strong></span> <span class='ocrx_word' id='word_1_771' title='bbox 3457 5137 3561 5183; x_wconf 89' lang='lat' dir='ltr'><strong>est.</strong></span> 
     </span>
    </p>
   </div>
   <div class='ocr_carea' id='block_1_104' title="bbox 2005 5208 3565 5296">
    <p class='ocr_par' dir='ltr' id='par_1_104' title="bbox 2005 5208 3565 5296">
     <span class='ocr_line' id='line_1_104' title="bbox 2005 5208 3565 5296; baseline -0.001 -16"><span class='ocrx_word' id='word_1_772' title='bbox 2005 5225 2498 5280; x_wconf 86' lang='lat' dir='ltr'><strong>Coinmonstratum</strong></span> <span class='ocrx_word' id='word_1_773' title='bbox 2542 5208 2727 5294; x_wconf 87' lang='lat' dir='ltr'><strong>itaque</strong></span> <span class='ocrx_word' id='word_1_774' title='bbox 2757 5231 2841 5280; x_wconf 88' lang='lat' dir='ltr'><strong>est</strong></span> <span class='ocrx_word' id='word_1_775' title='bbox 2872 5238 2991 5296; x_wconf 74' lang='lat' dir='ltr'><strong>qua:</strong></span> <span class='ocrx_word' id='word_1_776' title='bbox 3028 5236 3194 5279; x_wconf 89' lang='lat' dir='ltr'><strong>causa</strong></span> <span class='ocrx_word' id='word_1_777' title='bbox 3238 5221 3371 5291; x_wconf 88' lang='lat' dir='ltr'><strong>ipsis</strong></span> <span class='ocrx_word' id='word_1_778' title='bbox 3407 5218 3565 5278; x_wconf 83' lang='lat' dir='ltr'><strong>fletus</strong></span> 
     </span>
    </p>
   </div>
   <div class='ocr_carea' id='block_1_105' title="bbox 2009 5301 2752 5394">
    <p class='ocr_par' dir='ltr' id='par_1_105' title="bbox 2009 5301 2752 5394">
     <span class='ocr_line' id='line_1_105' title="bbox 2009 5301 2752 5394; baseline -0.004 -20"><span class='ocrx_word' id='word_1_779' title='bbox 2009 5320 2062 5374; x_wconf 88' lang='lat' dir='ltr'><strong>in</strong></span> <span class='ocrx_word' id='word_1_780' title='bbox 2098 5301 2534 5394; x_wconf 61' lang='lat' dir='ltr'><strong>praecedentibus</strong></span> <span class='ocrx_word' id='word_1_781' title='bbox 2568 5318 2752 5374; x_wconf 79' lang='lat' dir='ltr'><strong>fuerit.</strong></span> 
     </span>
    </p>
   </div>
   <div class='ocr_carea' id='block_1_106' title="bbox 343 5403 3566 5492">
    <p class='ocr_par' dir='ltr' id='par_1_106' title="bbox 343 5403 3566 5492">
     <span class='ocr_line' id='line_1_106' title="bbox 343 5403 3566 5492; baseline 0.002 -37"><span class='ocrx_word' id='word_1_782' title='bbox 343 5405 408 5476; x_wconf 80' lang='grc' dir='ltr'>τῇ</span> <span class='ocrx_word' id='word_1_783' title='bbox 434 5403 568 5475; x_wconf 84' lang='grc' dir='ltr'>πρὸς</span> <span class='ocrx_word' id='word_1_784' title='bbox 590 5403 678 5458; x_wconf 77' lang='grc' dir='ltr'><strong>τὸν</strong></span> <span class='ocrx_word' id='word_1_785' title='bbox 730 5407 874 5461; x_wconf 81' lang='grc' dir='ltr'>Θεὸν.</span> <span class='ocrx_word' id='word_1_786' title='bbox 897 5409 1146 5484; x_wconf 76' lang='grc' dir='ltr'>ἱκετηρία</span> <span class='ocrx_word' id='word_1_787' title='bbox 1203 5411 1495 5484; x_wconf 77' lang='grc' dir='ltr'>διεξῆλθεν,</span> <span class='ocrx_word' id='word_1_788' title='bbox 1523 5412 1600 5475; x_wconf 76' lang='grc' dir='ltr'><strong>είς</strong></span> <span class='ocrx_word' id='word_1_789' title='bbox 1655 5412 1846 5466; x_wconf 75' lang='grc' dir='ltr'>ὲαυτον</span> <span class='ocrx_word' id='word_1_790' title='bbox 1903 5411 2292 5484; x_wconf 75' lang='grc' dir='ltr'>ἀναλαμϐάνων</span> <span class='ocrx_word' id='word_1_791' title='bbox 2335 5411 2405 5465; x_wconf 79' lang='grc' dir='ltr'>τὰ</span> <span class='ocrx_word' id='word_1_792' title='bbox 2433 5411 2528 5467; x_wconf 80' lang='grc' dir='ltr'>τοῦ</span> <span class='ocrx_word' id='word_1_793' title='bbox 2569 5411 2700 5466; x_wconf 83' lang='grc' dir='ltr'>λαοῦ</span> <span class='ocrx_word' id='word_1_794' title='bbox 2741 5410 2908 5492; x_wconf 84' lang='grc' dir='ltr'>πάθη.</span> <span class='ocrx_word' id='word_1_795' title='bbox 2934 5409 3348 5478; x_wconf 69' lang='grc' dir='ltr'>Σεσαφήνισται</span> <span class='ocrx_word' id='word_1_796' title='bbox 3389 5405 3566 5460; x_wconf 85' lang='grc' dir='ltr'>τοίνυν</span> 
     </span>
    </p>
   </div>
   <div class='ocr_carea' id='block_1_107' title="bbox 345 5497 2017 5580">
    <p class='ocr_par' dir='ltr' id='par_1_107' title="bbox 345 5497 2017 5580">
     <span class='ocr_line' id='line_1_107' title="bbox 345 5497 2017 5580; baseline 0.007 -30"><span class='ocrx_word' id='word_1_797' title='bbox 345 5497 404 5551; x_wconf 83' lang='grc' dir='ltr'>ὲν</span> <span class='ocrx_word' id='word_1_798' title='bbox 451 5497 583 5561; x_wconf 38' lang='grc' dir='ltr'>τοῖς,</span> <span class='ocrx_word' id='word_1_799' title='bbox 617 5501 993 5570; x_wconf 86' lang='grc' dir='ltr'>προκειμένοις</span> <span class='ocrx_word' id='word_1_800' title='bbox 1041 5503 1110 5558; x_wconf 87' lang='grc' dir='ltr'>δι’</span> <span class='ocrx_word' id='word_1_801' title='bbox 1150 5507 1217 5577; x_wconf 78' lang='grc' dir='ltr'>ἣν</span> <span class='ocrx_word' id='word_1_802' title='bbox 1267 5505 1569 5580; x_wconf 76' lang='grc' dir='ltr'>ἔμπροσθεν</span> <span class='ocrx_word' id='word_1_803' title='bbox 1617 5505 2017 5563; x_wconf 83' lang='grc' dir='ltr'>ἀπεκλαύσατο.</span> 
     </span>
    </p>
   </div>
   <div class='ocr_carea' id='block_1_108' title="bbox 419 5590 1901 5678">
    <p class='ocr_par' dir='ltr' id='par_1_108' title="bbox 419 5590 1901 5678">
     <span class='ocr_line' id='line_1_108' title="bbox 419 5590 1901 5678; baseline 0.007 -30"><span class='ocrx_word' id='word_1_804' title='bbox 419 5594 608 5648; x_wconf 84' lang='grc' dir='ltr'>Ταῦτα</span> <span class='ocrx_word' id='word_1_805' title='bbox 637 5590 832 5647; x_wconf 65' lang='grc' dir='ltr'>πάντα</span> <span class='ocrx_word' id='word_1_806' title='bbox 862 5593 1050 5664; x_wconf 80' lang='grc' dir='ltr'>ἦλθεν</span> <span class='ocrx_word' id='word_1_807' title='bbox 1078 5599 1171 5669; x_wconf 66' lang='grc' dir='ltr'><strong>ἐφ’</strong></span> <span class='ocrx_word' id='word_1_808' title='bbox 1199 5600 1374 5672; x_wconf 78' lang='grc' dir='ltr'>ἡμᾶς,</span> <span class='ocrx_word' id='word_1_809' title='bbox 1406 5601 1503 5657; x_wconf 79' lang='grc' dir='ltr'>καὶ</span> <span class='ocrx_word' id='word_1_810' title='bbox 1541 5604 1652 5657; x_wconf 79' lang='grc' dir='ltr'><strong>οὐκ</strong></span> <span class='ocrx_word' id='word_1_811' title='bbox 1686 5603 1901 5678; x_wconf 76' lang='grc' dir='ltr'>ἐπελα-</span> 
     </span>
    </p>
   </div>
   <div class='ocr_carea' id='block_1_109' title="bbox 345 5687 1899 5764">
    <p class='ocr_par' dir='ltr' id='par_1_109' title="bbox 345 5687 1899 5764">
     <span class='ocr_line' id='line_1_109' title="bbox 345 5687 1899 5764; baseline 0.006 -21"><span class='ocrx_word' id='word_1_812' title='bbox 345 5687 561 5759; x_wconf 73' lang='grc' dir='ltr'>θόμεθὰ</span> <span class='ocrx_word' id='word_1_813' title='bbox 579 5703 713 5743; x_wconf 90' lang='grc' dir='ltr'>σου.</span> <span class='ocrx_word' id='word_1_814' title='bbox 775 5689 982 5761; x_wconf 84' lang='grc' dir='ltr'>Ὠσπερ</span> <span class='ocrx_word' id='word_1_815' title='bbox 1025 5691 1389 5764; x_wconf 82' lang='grc' dir='ltr'>άσεϐήσαντός</span> <span class='ocrx_word' id='word_1_816' title='bbox 1453 5713 1579 5750; x_wconf 84' lang='grc' dir='ltr'>ποτε</span> <span class='ocrx_word' id='word_1_817' title='bbox 1633 5696 1726 5750; x_wconf 79' lang='grc' dir='ltr'>τοῦ</span> <span class='ocrx_word' id='word_1_818' title='bbox 1769 5697 1899 5753; x_wconf 77' lang='grc' dir='ltr'>λαοῦ</span> 
     </span>
    </p>
   </div>
   <div class='ocr_carea' id='block_1_110' title="bbox 347 5779 1901 5861">
    <p class='ocr_par' dir='ltr' id='par_1_110' title="bbox 347 5779 1901 5861">
     <span class='ocr_line' id='line_1_110' title="bbox 347 5779 1901 5861; baseline 0.008 -30"><span class='ocrx_word' id='word_1_819' title='bbox 347 5779 438 5832; x_wconf 73' lang='grc' dir='ltr'><strong>ἐπὶ</strong></span> <span class='ocrx_word' id='word_1_820' title='bbox 467 5779 565 5851; x_wconf 84' lang='grc' dir='ltr'>τῆς</span> <span class='ocrx_word' id='word_1_821' title='bbox 589 5780 816 5852; x_wconf 79' lang='grc' dir='ltr'>ἐρήμου,</span> <span class='ocrx_word' id='word_1_822' title='bbox 850 5779 1038 5835; x_wconf 73' lang='grc' dir='ltr'>ἔπειτα</span> <span class='ocrx_word' id='word_1_823' title='bbox 1069 5785 1458 5856; x_wconf 83' lang='grc' dir='ltr'>παραδοθέντος</span> <span class='ocrx_word' id='word_1_824' title='bbox 1489 5785 1565 5857; x_wconf 82' lang='grc' dir='ltr'>τῷ</span> <span class='ocrx_word' id='word_1_825' title='bbox 1589 5785 1901 5861; x_wconf 76' lang='grc' dir='ltr'>ὀλοθρευτῇ,</span> 
     </span>
    </p>
   </div>
   <div class='ocr_carea' id='block_1_111' title="bbox 343 5866 1902 5947">
    <p class='ocr_par' dir='ltr' id='par_1_111' title="bbox 343 5866 1902 5947">
     <span class='ocr_line' id='line_1_111' title="bbox 343 5866 1902 5947; baseline 0.006 -27"><span class='ocrx_word' id='word_1_826' title='bbox 343 5866 524 5922; x_wconf 71' lang='grc' dir='ltr'>λαϐὼν</span> <span class='ocrx_word' id='word_1_827' title='bbox 562 5867 769 5941; x_wconf 81' lang='grc' dir='ltr'>’Δαρὼν</span> <span class='ocrx_word' id='word_1_828' title='bbox 799 5869 860 5923; x_wconf 85' lang='grc' dir='ltr'><strong>τὸ</strong></span> <span class='ocrx_word' id='word_1_829' title='bbox 889 5869 1242 5945; x_wconf 79' lang='grc' dir='ltr'>θυμιατήριον</span> <span class='ocrx_word' id='word_1_830' title='bbox 1265 5875 1632 5946; x_wconf 78' lang='grc' dir='ltr'>προσήνεγκεν</span> <span class='ocrx_word' id='word_1_831' title='bbox 1650 5874 1789 5947; x_wconf 84' lang='grc' dir='ltr'>ὑπὲρ</span> <span class='ocrx_word' id='word_1_832' title='bbox 1808 5876 1902 5929; x_wconf 83' lang='grc' dir='ltr'>τοῦ</span> 
     </span>
    </p>
   </div>
   <div class='ocr_carea' id='block_1_112' title="bbox 345 5956 1902 6039">
    <p class='ocr_par' dir='ltr' id='par_1_112' title="bbox 345 5956 1902 6039">
     <span class='ocr_line' id='line_1_112' title="bbox 345 5956 1902 6039; baseline 0.01 -28"><span class='ocrx_word' id='word_1_833' title='bbox 345 5956 473 6013; x_wconf 78' lang='grc' dir='ltr'>λαοῦ</span> <span class='ocrx_word' id='word_1_834' title='bbox 504 5960 564 6030; x_wconf 71' lang='grc' dir='ltr'>τὸ</span> <span class='ocrx_word' id='word_1_835' title='bbox 595 5961 861 6036; x_wconf 82' lang='grc' dir='ltr'>θυμίαμα·</span> <span class='ocrx_word' id='word_1_836' title='bbox 894 5964 990 6020; x_wconf 75' lang='grc' dir='ltr'>καὶ</span> <span class='ocrx_word' id='word_1_837' title='bbox 1018 5964 1208 6038; x_wconf 77' lang='grc' dir='ltr'>ἱλάσθη</span> <span class='ocrx_word' id='word_1_838' title='bbox 1229 5968 1268 6022; x_wconf 72' lang='grc' dir='ltr'><strong>ιό</strong></span> <span class='ocrx_word' id='word_1_839' title='bbox 1297 5966 1428 6029; x_wconf 73' lang='grc' dir='ltr'>Θεὸς</span> <span class='ocrx_word' id='word_1_840' title='bbox 1486 5965 1564 6039; x_wconf 85' lang='grc' dir='ltr'>τῷ</span> <span class='ocrx_word' id='word_1_841' title='bbox 1595 5965 1783 6039; x_wconf 78' lang='grc' dir='ltr'>πλήθει</span> <span class='ocrx_word' id='word_1_842' title='bbox 1814 5969 1902 6026; x_wconf 77' lang='grc' dir='ltr'>διὰ</span> 
     </span>
    </p>
   </div>
   <div class='ocr_carea' id='block_1_113' title="bbox 2074 5599 3564 5665">
    <p class='ocr_par' dir='ltr' id='par_1_113' title="bbox 2074 5599 3564 5665">
     <span class='ocr_line' id='line_1_113' title="bbox 2074 5599 3564 5665; baseline -0.004 -10"><span class='ocrx_word' id='word_1_843' title='bbox 2074 5600 2238 5656; x_wconf 68' lang='lat' dir='ltr'><strong>Vens.</strong></span> <span class='ocrx_word' id='word_1_844' title='bbox 2273 5599 2360 5655; x_wconf 67' lang='grc'><strong>18-</strong></span> <span class='ocrx_word' id='word_1_845' title='bbox 2405 5600 2536 5657; x_wconf 66' lang='lat' dir='ltr'><strong>Haec</strong></span> <span class='ocrx_word' id='word_1_846' title='bbox 2578 5602 2756 5655; x_wconf 89' lang='lat' dir='ltr'><strong>omnia</strong></span> <span class='ocrx_word' id='word_1_847' title='bbox 2811 5607 3053 5655; x_wconf 72' lang='lat' dir='ltr'><strong>venerunt</strong></span> <span class='ocrx_word' id='word_1_848' title='bbox 3110 5611 3264 5665; x_wconf 83' lang='lat' dir='ltr'><strong>super</strong></span> <span class='ocrx_word' id='word_1_849' title='bbox 3322 5611 3437 5654; x_wconf 84' lang='lat' dir='ltr'><strong>nos,</strong></span> <span class='ocrx_word' id='word_1_850' title='bbox 3473 5611 3564 5650; x_wconf 87' lang='lat' dir='ltr'><strong>nec</strong></span> 
     </span>
    </p>
   </div>
   <div class='ocr_carea' id='block_1_114' title="bbox 2005 5689 3564 5761">
    <p class='ocr_par' dir='ltr' id='par_1_114' title="bbox 2005 5689 3564 5761">
     <span class='ocr_line' id='line_1_114' title="bbox 2005 5689 3564 5761; baseline -0.004 -11"><span class='ocrx_word' id='word_1_851' title='bbox 2005 5695 2154 5750; x_wconf 88' lang='lat' dir='ltr'><strong>obliti</strong></span> <span class='ocrx_word' id='word_1_852' title='bbox 2180 5709 2360 5748; x_wconf 83' lang='lat' dir='ltr'><strong>sumus</strong></span> <span class='ocrx_word' id='word_1_853' title='bbox 2386 5703 2453 5750; x_wconf 85' lang='lat' dir='ltr'><strong>te.</strong></span> <span class='ocrx_word' id='word_1_854' title='bbox 2493 5692 2953 5761; x_wconf 84' lang='lat' dir='ltr'><strong>Quemadmodum</strong></span> <span class='ocrx_word' id='word_1_855' title='bbox 2992 5691 3118 5747; x_wconf 92' lang='lat' dir='ltr'><strong>olim</strong></span> <span class='ocrx_word' id='word_1_856' title='bbox 3165 5705 3287 5744; x_wconf 89' lang='lat' dir='ltr'><strong>cum</strong></span> <span class='ocrx_word' id='word_1_857' title='bbox 3332 5689 3564 5760; x_wconf 76' lang='lat' dir='ltr'><strong>pupulus</strong></span> 
     </span>
    </p>
   </div>
   <div class='ocr_carea' id='block_1_115' title="bbox 2006 5773 3562 5857">
    <p class='ocr_par' dir='ltr' id='par_1_115' title="bbox 2006 5773 3562 5857">
     <span class='ocr_line' id='line_1_115' title="bbox 2006 5773 3562 5857; baseline -0.004 -16"><span class='ocrx_word' id='word_1_858' title='bbox 2006 5773 2414 5857; x_wconf 54' lang='lat' dir='ltr'><strong>impie&#39;egisset</strong></span> <span class='ocrx_word' id='word_1_859' title='bbox 2462 5787 2516 5840; x_wconf 92' lang='lat' dir='ltr'><strong>in</strong></span> <span class='ocrx_word' id='word_1_860' title='bbox 2551 5784 2788 5848; x_wconf 87' lang='lat' dir='ltr'><strong>deserto,</strong></span> <span class='ocrx_word' id='word_1_861' title='bbox 2820 5798 2884 5837; x_wconf 90' lang='lat' dir='ltr'><strong>ac</strong></span> <span class='ocrx_word' id='word_1_862' title='bbox 2915 5780 3110 5836; x_wconf 88' lang='lat' dir='ltr'><strong>deinde</strong></span> <span class='ocrx_word' id='word_1_863' title='bbox 3152 5781 3562 5837; x_wconf 77' lang='lat' dir='ltr'><strong>exterminatori</strong></span> 
     </span>
    </p>
   </div>
   <div class='ocr_carea' id='block_1_116' title="bbox 2009 5865 3562 5945">
    <p class='ocr_par' dir='ltr' id='par_1_116' title="bbox 2009 5865 3562 5945">
     <span class='ocr_line' id='line_1_116' title="bbox 2009 5865 3562 5945; baseline -0.005 -11"><span class='ocrx_word' id='word_1_864' title='bbox 2009 5878 2242 5934; x_wconf 89' lang='lat' dir='ltr'><strong>traditus</strong></span> <span class='ocrx_word' id='word_1_865' title='bbox 2275 5865 2801 5945; x_wconf 9' lang='lat' dir='ltr'><strong>iuisset,iassumpto</strong></span> <span class='ocrx_word' id='word_1_866' title='bbox 2827 5873 3007 5928; x_wconf 80' lang='lat' dir='ltr'><strong>Aaron</strong></span> <span class='ocrx_word' id='word_1_867' title='bbox 3045 5873 3345 5938; x_wconf 90' lang='lat' dir='ltr'><strong>thuribulo,</strong></span> <span class='ocrx_word' id='word_1_868' title='bbox 3376 5874 3562 5938; x_wconf 81' lang='lat' dir='ltr'><strong>incen-</strong></span> 
     </span>
    </p>
   </div>
   <div class='ocr_carea' id='block_1_117' title="bbox 2007 5964 3566 6042">
    <p class='ocr_par' dir='ltr' id='par_1_117' title="bbox 2007 5964 3566 6042">
     <span class='ocr_line' id='line_1_117' title="bbox 2007 5964 3566 6042; baseline -0.004 -13"><span class='ocrx_word' id='word_1_869' title='bbox 2007 5982 2126 6029; x_wconf 87' lang='lat' dir='ltr'><strong>sum</strong></span> <span class='ocrx_word' id='word_1_870' title='bbox 2173 5983 2272 6042; x_wconf 86' lang='lat' dir='ltr'><strong>pro</strong></span> <span class='ocrx_word' id='word_1_871' title='bbox 2317 5969 2516 6041; x_wconf 85' lang='lat' dir='ltr'><strong>populo</strong></span> <span class='ocrx_word' id='word_1_872' title='bbox 2564 5967 2835 6036; x_wconf 81' lang='lat' dir='ltr'><strong>adolevit,</strong></span> <span class='ocrx_word' id='word_1_873' title='bbox 2887 5980 2950 6023; x_wconf 91' lang='lat' dir='ltr'><strong>ac</strong></span> <span class='ocrx_word' id='word_1_874' title='bbox 2995 5974 3216 6038; x_wconf 83' lang='lat' dir='ltr'><strong>propter</strong></span> <span class='ocrx_word' id='word_1_875' title='bbox 3263 5964 3566 6024; x_wconf 81' lang='lat' dir='ltr'><strong>sacerdotis</strong></span> 
     </span>
    </p>
   </div>
  </div>
