  <div class='ocr_page' id='page_1' title='image "/cluster/home/n/w/nwhite01/storage/ocr_20150623/23/coo.31924054873041/209.png"; bbox 0 0 4354 6396; ppageno 0'>
   <div class='ocr_carea' id='block_1_1' title="bbox 672 499 864 566">
    <p class='ocr_par' dir='ltr' id='par_1_1' title="bbox 672 499 864 566">
     <span class='ocr_line' id='line_1_1' title="bbox 672 499 864 566; baseline -0.026 0"><span class='ocrx_word' id='word_1_1' title='bbox 672 499 864 566; x_wconf 59' lang='lat' dir='ltr'><strong>‘ssv</strong></span> 
     </span>
    </p>
   </div>
   <div class='ocr_carea' id='block_1_2' title="bbox 1501 504 3352 568">
    <p class='ocr_par' dir='ltr' id='par_1_2' title="bbox 1501 504 3352 568">
     <span class='ocr_line' id='line_1_2' title="bbox 1501 504 3352 568; baseline 0.003 -7"><span class='ocrx_word' id='word_1_2' title='bbox 1501 506 1768 565; x_wconf 80' lang='lat' dir='ltr'><strong>EUSEBII</strong></span> <span class='ocrx_word' id='word_1_3' title='bbox 1806 506 2279 564; x_wconf 60' lang='lat' dir='ltr'><strong>CESARIENSIS</strong></span> <span class='ocrx_word' id='word_1_4' title='bbox 2310 505 2459 562; x_wconf 84' lang='lat' dir='ltr'><strong>OPP.</strong></span> <span class='ocrx_word' id='word_1_5' title='bbox 2501 504 2679 559; x_wconf 74' lang='lat' dir='ltr'><strong>PARS</strong></span> <span class='ocrx_word' id='word_1_6' title='bbox 2715 504 2801 561; x_wconf 83' lang='lat' dir='ltr'><strong>Ill.</strong></span> <span class='ocrx_word' id='word_1_7' title='bbox 2842 538 2909 548; x_wconf 93' lang='lat'><strong><em>—</em></strong></span> <span class='ocrx_word' id='word_1_8' title='bbox 2945 507 3352 568; x_wconf 80' lang='lat' dir='ltr'><strong>EXEGETICA.</strong></span> 
     </span>
    </p>
   </div>
   <div class='ocr_carea' id='block_1_3' title="bbox 3872 518 4007 575">
    <p class='ocr_par' dir='ltr' id='par_1_3' title="bbox 3872 518 4007 575">
     <span class='ocr_line' id='line_1_3' title="bbox 3872 518 4007 575; baseline 0 -50"><span class='ocrx_word' id='word_1_9' title='bbox 3872 518 3988 575; x_wconf 57' lang='grc' dir='ltr'>ω</span> <span class='ocrx_word' id='word_1_10' title='bbox 4005 522 4007 525; x_wconf 75' lang='grc'>,</span> 
     </span>
    </p>
   </div>
   <div class='ocr_carea' id='block_1_4' title="bbox 757 597 2476 705">
    <p class='ocr_par' dir='ltr' id='par_1_4' title="bbox 757 597 2476 700">
     <span class='ocr_line' id='line_1_4' title="bbox 757 597 2476 700; baseline -0.001 -14"><span class='ocrx_word' id='word_1_11' title='bbox 757 597 1091 687; x_wconf 79' lang='lat' dir='ltr'><strong>oblationem</strong></span> <span class='ocrx_word' id='word_1_12' title='bbox 1146 628 1391 699; x_wconf 76' lang='lat' dir='ltr'><strong>placatus</strong></span> <span class='ocrx_word' id='word_1_13' title='bbox 1438 639 1521 685; x_wconf 87' lang='lat' dir='ltr'><strong>est</strong></span> <span class='ocrx_word' id='word_1_14' title='bbox 1573 632 1774 700; x_wconf 89' lang='lat' dir='ltr'><strong>popqu</strong></span> <span class='ocrx_word' id='word_1_15' title='bbox 1812 630 1985 698; x_wconf 85' lang='lat' dir='ltr'><strong>Deus;</strong></span> <span class='ocrx_word' id='word_1_16' title='bbox 2037 632 2109 686; x_wconf 88' lang='lat' dir='ltr'><strong>ita</strong></span> <span class='ocrx_word' id='word_1_17' title='bbox 2157 634 2321 686; x_wconf 86' lang='lat' dir='ltr'><strong>etiam</strong></span> <span class='ocrx_word' id='word_1_18' title='bbox 2352 631 2476 698; x_wconf 65' lang='lat' dir='ltr'><strong>Aci</strong></span> 
     </span>
    </p>
   </div>
   <div class='ocr_carea' id='block_1_5' title="bbox 2270 597 3989 705">
    <p class='ocr_par' dir='ltr' id='par_1_5' title="bbox 2270 602 3989 705">
     <span class='ocr_line' id='line_1_5' title="bbox 2270 602 3989 705; baseline 0.003 -20"><span class='ocrx_word' id='word_1_19' title='bbox 2270 648 2321 685; x_wconf 88' lang='lat' dir='ltr'><strong>m</strong></span> <span class='ocrx_word' id='word_1_20' title='bbox 2352 642 2397 698; x_wconf 82' lang='grc' dir='ltr'><strong>Α</strong></span> <span class='ocrx_word' id='word_1_21' title='bbox 2423 631 2519 703; x_wconf 79' lang='grc' dir='ltr'>τὴν</span> <span class='ocrx_word' id='word_1_22' title='bbox 2550 631 2643 685; x_wconf 82' lang='grc' dir='ltr'>τοῦ</span> <span class='ocrx_word' id='word_1_23' title='bbox 2677 630 2865 703; x_wconf 80' lang='grc' dir='ltr'><strong>ἱερέως</strong></span> <span class='ocrx_word' id='word_1_24' title='bbox 2926 632 3221 703; x_wconf 67' lang='grc' dir='ltr'>ἀναφοράν·</span> <span class='ocrx_word' id='word_1_25' title='bbox 3248 633 3341 686; x_wconf 79' lang='grc' dir='ltr'>τὸν</span> <span class='ocrx_word' id='word_1_26' title='bbox 3386 632 3548 687; x_wconf 78' lang='grc' dir='ltr'>αὐτὸν</span> <span class='ocrx_word' id='word_1_27' title='bbox 3576 602 3776 705; x_wconf 64' lang='grc' dir='ltr'>τρόπον</span> <span class='ocrx_word' id='word_1_28' title='bbox 3833 638 3929 691; x_wconf 78' lang='grc' dir='ltr'><strong>καὶ</strong></span> <span class='ocrx_word' id='word_1_29' title='bbox 3956 640 3989 691; x_wconf 85' lang='grc' dir='ltr'><strong>ό</strong></span> 
     </span>
    </p>
   </div>
   <div class='ocr_carea' id='block_1_6' title="bbox 762 722 2317 794">
    <p class='ocr_par' dir='ltr' id='par_1_6' title="bbox 762 722 2317 794">
     <span class='ocr_line' id='line_1_6' title="bbox 762 722 2317 794; baseline 0.001 -17"><span class='ocrx_word' id='word_1_30' title='bbox 762 724 964 777; x_wconf 85' lang='lat' dir='ltr'><strong>chorus</strong></span> <span class='ocrx_word' id='word_1_31' title='bbox 992 722 1365 791; x_wconf 77' lang='lat' dir='ltr'><strong>propheticus,</strong></span> <span class='ocrx_word' id='word_1_32' title='bbox 1394 729 1446 775; x_wconf 91' lang='lat' dir='ltr'><strong>et</strong></span> <span class='ocrx_word' id='word_1_33' title='bbox 1469 722 1672 793; x_wconf 86' lang='lat' dir='ltr'><strong>quique</strong></span> <span class='ocrx_word' id='word_1_34' title='bbox 1696 723 1851 792; x_wconf 83' lang='lat' dir='ltr'><strong>probi</strong></span> <span class='ocrx_word' id='word_1_35' title='bbox 1881 724 1982 777; x_wconf 90' lang='lat' dir='ltr'><strong>viri</strong></span> <span class='ocrx_word' id='word_1_36' title='bbox 2012 726 2067 778; x_wconf 93' lang='lat' dir='ltr'><strong>in</strong></span> <span class='ocrx_word' id='word_1_37' title='bbox 2097 725 2317 794; x_wconf 87' lang='lat' dir='ltr'><strong>populo,</strong></span> 
     </span>
    </p>
   </div>
   <div class='ocr_carea' id='block_1_7' title="bbox 761 813 2325 887">
    <p class='ocr_par' dir='ltr' id='par_1_7' title="bbox 761 813 2325 887">
     <span class='ocr_line' id='line_1_7' title="bbox 761 813 2325 887; baseline -0.001 -16"><span class='ocrx_word' id='word_1_38' title='bbox 761 814 1083 871; x_wconf 80' lang='lat' dir='ltr'><strong>rationabile</strong></span> <span class='ocrx_word' id='word_1_39' title='bbox 1106 813 1437 869; x_wconf 85' lang='lat' dir='ltr'><strong>sacriﬁcium</strong></span> <span class='ocrx_word' id='word_1_40' title='bbox 1464 828 1622 868; x_wconf 89' lang='lat' dir='ltr'><strong>suum</strong></span> <span class='ocrx_word' id='word_1_41' title='bbox 1651 831 1746 885; x_wconf 88' lang='lat' dir='ltr'><strong>per</strong></span> <span class='ocrx_word' id='word_1_42' title='bbox 1775 816 2076 871; x_wconf 86' lang='lat' dir='ltr'><strong>orationem</strong></span> <span class='ocrx_word' id='word_1_43' title='bbox 2107 832 2205 887; x_wconf 92' lang='lat' dir='ltr'><strong>pro</strong></span> <span class='ocrx_word' id='word_1_44' title='bbox 2226 832 2325 887; x_wconf 88' lang='lat' dir='ltr'><strong>po-</strong></span> 
     </span>
    </p>
   </div>
   <div class='ocr_carea' id='block_1_8' title="bbox 761 904 2326 977">
    <p class='ocr_par' dir='ltr' id='par_1_8' title="bbox 761 904 2326 977">
     <span class='ocr_line' id='line_1_8' title="bbox 761 904 2326 977; baseline -0.001 -16"><span class='ocrx_word' id='word_1_45' title='bbox 761 904 1092 977; x_wconf 82' lang='lat' dir='ltr'><strong>pulo&#39;fusam</strong></span> <span class='ocrx_word' id='word_1_46' title='bbox 1118 904 1377 968; x_wconf 74' lang='lat' dir='ltr'><strong>offerunt,</strong></span> <span class='ocrx_word' id='word_1_47' title='bbox 1398 912 1545 959; x_wconf 87' lang='lat' dir='ltr'><strong>recte</strong></span> <span class='ocrx_word' id='word_1_48' title='bbox 1572 904 1714 960; x_wconf 80' lang='lat' dir='ltr'><strong>facta</strong></span> <span class='ocrx_word' id='word_1_49' title='bbox 1744 920 1867 973; x_wconf 89' lang='lat' dir='ltr'><strong>sua,</strong></span> <span class='ocrx_word' id='word_1_50' title='bbox 1885 907 2005 961; x_wconf 90' lang='lat' dir='ltr'><strong>loco</strong></span> <span class='ocrx_word' id='word_1_51' title='bbox 2032 905 2326 962; x_wconf 81' lang='lat' dir='ltr'><strong>sacriﬁcio-</strong></span> 
     </span>
    </p>
   </div>
   <div class='ocr_carea' id='block_1_9' title="bbox 760 998 2321 1069">
    <p class='ocr_par' dir='ltr' id='par_1_9' title="bbox 760 998 2321 1069">
     <span class='ocr_line' id='line_1_9' title="bbox 760 998 2321 1069; baseline 0.001 -15"><span class='ocrx_word' id='word_1_52' title='bbox 760 1016 879 1054; x_wconf 87' lang='lat' dir='ltr'><strong>rum</strong></span> <span class='ocrx_word' id='word_1_53' title='bbox 932 1007 986 1052; x_wconf 89' lang='lat' dir='ltr'><strong>et</strong></span> <span class='ocrx_word' id='word_1_54' title='bbox 1030 999 1370 1053; x_wconf 88' lang='lat' dir='ltr'><strong>oblationum</strong></span> <span class='ocrx_word' id='word_1_55' title='bbox 1418 998 1546 1051; x_wconf 86' lang='lat' dir='ltr'><strong>boni</strong></span> <span class='ocrx_word' id='word_1_56' title='bbox 1598 999 1805 1064; x_wconf 88' lang='lat' dir='ltr'><strong>odoris,</strong></span> <span class='ocrx_word' id='word_1_57' title='bbox 1833 1014 1934 1069; x_wconf 86' lang='lat' dir='ltr'><strong>pro</strong></span> <span class='ocrx_word' id='word_1_58' title='bbox 1978 999 2321 1055; x_wconf 76' lang='lat' dir='ltr'><strong>multitudine</strong></span> 
     </span>
    </p>
   </div>
   <div class='ocr_carea' id='block_1_10' title="bbox 757 1086 2316 1160">
    <p class='ocr_par' dir='ltr' id='par_1_10' title="bbox 757 1086 2316 1160">
     <span class='ocr_line' id='line_1_10' title="bbox 757 1086 2316 1160; baseline -0.004 -13"><span class='ocrx_word' id='word_1_59' title='bbox 757 1091 866 1147; x_wconf 89' lang='lat' dir='ltr'><strong>Deo</strong></span> <span class='ocrx_word' id='word_1_60' title='bbox 900 1090 1209 1146; x_wconf 75' lang='lat' dir='ltr'><strong>offerentes.</strong></span> <span class='ocrx_word' id='word_1_61' title='bbox 1254 1086 1440 1158; x_wconf 83' lang='lat' dir='ltr'><strong>Neque</strong></span> <span class='ocrx_word' id='word_1_62' title='bbox 1468 1090 1612 1144; x_wconf 86' lang='lat' dir='ltr'><strong>enim</strong></span> <span class='ocrx_word' id='word_1_63' title='bbox 1640 1092 1893 1145; x_wconf 87' lang='lat' dir='ltr'><strong>convenit</strong></span> <span class='ocrx_word' id='word_1_64' title='bbox 1919 1089 2035 1144; x_wconf 69' lang='lat' dir='ltr'><strong>haec</strong></span> <span class='ocrx_word' id='word_1_65' title='bbox 2062 1089 2316 1160; x_wconf 80' lang='lat' dir='ltr'><strong>papulum</strong></span> 
     </span>
    </p>
   </div>
   <div class='ocr_carea' id='block_1_11' title="bbox 755 1180 2320 1251">
    <p class='ocr_par' dir='ltr' id='par_1_11' title="bbox 755 1180 2320 1251">
     <span class='ocr_line' id='line_1_11' title="bbox 755 1180 2320 1251; baseline -0.003 -15"><span class='ocrx_word' id='word_1_66' title='bbox 755 1184 956 1249; x_wconf 83' lang='lat' dir='ltr'><strong>dicere,</strong></span> <span class='ocrx_word' id='word_1_67' title='bbox 976 1198 1153 1251; x_wconf 79' lang='lat' dir='ltr'><strong>neque</strong></span> <span class='ocrx_word' id='word_1_68' title='bbox 1171 1197 1267 1237; x_wconf 87' lang='lat' dir='ltr'><strong>eos</strong></span> <span class='ocrx_word' id='word_1_69' title='bbox 1290 1182 1384 1251; x_wconf 90' lang='lat' dir='ltr'><strong>qui</strong></span> <span class='ocrx_word' id='word_1_70' title='bbox 1412 1182 1747 1250; x_wconf 90' lang='lat' dir='ltr'><strong>impietatum</strong></span> <span class='ocrx_word' id='word_1_71' title='bbox 1774 1197 1941 1238; x_wconf 79' lang='lat' dir='ltr'><strong>causa</strong></span> <span class='ocrx_word' id='word_1_72' title='bbox 1964 1196 2185 1235; x_wconf 88' lang='lat' dir='ltr'><strong>suarum</strong></span> <span class='ocrx_word' id='word_1_73' title='bbox 2215 1180 2320 1233; x_wconf 83' lang='lat' dir='ltr'><strong>ini—</strong></span> 
     </span>
    </p>
   </div>
   <div class='ocr_carea' id='block_1_12' title="bbox 754 1268 2316 1339">
    <p class='ocr_par' dir='ltr' id='par_1_12' title="bbox 754 1268 2316 1339">
     <span class='ocr_line' id='line_1_12' title="bbox 754 1268 2316 1339; baseline 0.002 -17"><span class='ocrx_word' id='word_1_74' title='bbox 754 1271 912 1325; x_wconf 84' lang='lat' dir='ltr'><strong>micis</strong></span> <span class='ocrx_word' id='word_1_75' title='bbox 958 1270 1146 1323; x_wconf 63' lang='lat' dir='ltr'><strong>traditi</strong></span> <span class='ocrx_word' id='word_1_76' title='bbox 1190 1268 1427 1324; x_wconf 78' lang='lat' dir='ltr'><strong>fuerant.</strong></span> <span class='ocrx_word' id='word_1_77' title='bbox 1474 1268 1581 1323; x_wconf 83' lang='lat' dir='ltr'><strong>Sed</strong></span> <span class='ocrx_word' id='word_1_78' title='bbox 1628 1270 2082 1339; x_wconf 83' lang='lat' dir='ltr'><strong>quemadmodum</strong></span> <span class='ocrx_word' id='word_1_79' title='bbox 2135 1271 2316 1339; x_wconf 87' lang='lat' dir='ltr'><strong>populi</strong></span> 
     </span>
    </p>
   </div>
   <div class='ocr_carea' id='block_1_13' title="bbox 752 1362 2317 1433">
    <p class='ocr_par' dir='ltr' id='par_1_13' title="bbox 752 1362 2317 1433">
     <span class='ocr_line' id='line_1_13' title="bbox 752 1362 2317 1433; baseline 0.002 -17"><span class='ocrx_word' id='word_1_80' title='bbox 752 1364 1094 1417; x_wconf 74' lang='lat' dir='ltr'><strong>calamitates</strong></span> <span class='ocrx_word' id='word_1_81' title='bbox 1142 1363 1198 1416; x_wconf 90' lang='lat' dir='ltr'><strong>in</strong></span> <span class='ocrx_word' id='word_1_82' title='bbox 1244 1377 1303 1417; x_wconf 88' lang='lat' dir='ltr'><strong>se</strong></span> <span class='ocrx_word' id='word_1_83' title='bbox 1350 1365 1627 1431; x_wconf 61' lang='lat' dir='ltr'><strong>prophetae</strong></span> <span class='ocrx_word' id='word_1_84' title='bbox 1653 1362 2011 1433; x_wconf 84' lang='lat' dir='ltr'><strong>recipiebant,</strong></span> <span class='ocrx_word' id='word_1_85' title='bbox 2046 1373 2100 1418; x_wconf 87' lang='lat' dir='ltr'><strong>et</strong></span> <span class='ocrx_word' id='word_1_86' title='bbox 2126 1365 2227 1432; x_wconf 88' lang='lat' dir='ltr'><strong>ipsi</strong></span> <span class='ocrx_word' id='word_1_87' title='bbox 2258 1379 2317 1419; x_wconf 88' lang='lat' dir='ltr'><strong>se</strong></span> 
     </span>
    </p>
   </div>
   <div class='ocr_carea' id='block_1_14' title="bbox 753 1448 2315 1525">
    <p class='ocr_par' dir='ltr' id='par_1_14' title="bbox 753 1448 2315 1525">
     <span class='ocr_line' id='line_1_14' title="bbox 753 1448 2315 1525; baseline 0.001 -17"><span class='ocrx_word' id='word_1_88' title='bbox 753 1456 885 1511; x_wconf 86' lang='lat' dir='ltr'><strong>talia</strong></span> <span class='ocrx_word' id='word_1_89' title='bbox 919 1470 1110 1524; x_wconf 84' lang='lat' dir='ltr'><strong>passos</strong></span> <span class='ocrx_word' id='word_1_90' title='bbox 1153 1448 1279 1510; x_wconf 81' lang='lat' dir='ltr'><strong>esse</strong></span> <span class='ocrx_word' id='word_1_91' title='bbox 1322 1455 1749 1525; x_wconf 89' lang='lat' dir='ltr'><strong>proﬁtebantur;</strong></span> <span class='ocrx_word' id='word_1_92' title='bbox 1780 1456 1860 1509; x_wconf 89' lang='lat' dir='ltr'><strong>sic</strong></span> <span class='ocrx_word' id='word_1_93' title='bbox 1893 1466 1947 1509; x_wconf 89' lang='lat' dir='ltr'><strong>et</strong></span> <span class='ocrx_word' id='word_1_94' title='bbox 1978 1456 2118 1509; x_wconf 91' lang='lat' dir='ltr'><strong>bona</strong></span> <span class='ocrx_word' id='word_1_95' title='bbox 2150 1470 2315 1525; x_wconf 85' lang='lat' dir='ltr'><strong>opera</strong></span> 
     </span>
    </p>
   </div>
   <div class='ocr_carea' id='block_1_15' title="bbox 754 1546 2317 1617">
    <p class='ocr_par' dir='ltr' id='par_1_15' title="bbox 754 1546 2317 1617">
     <span class='ocr_line' id='line_1_15' title="bbox 754 1546 2317 1617; baseline -0.002 -15"><span class='ocrx_word' id='word_1_96' title='bbox 754 1564 853 1603; x_wconf 88' lang='lat' dir='ltr'><strong>sua</strong></span> <span class='ocrx_word' id='word_1_97' title='bbox 889 1548 1142 1602; x_wconf 80' lang='lat' dir='ltr'><strong>omnibus</strong></span> <span class='ocrx_word' id='word_1_98' title='bbox 1180 1549 1491 1603; x_wconf 87' lang='lat' dir='ltr'><strong>communia</strong></span> <span class='ocrx_word' id='word_1_99' title='bbox 1524 1547 1785 1604; x_wconf 82' lang='lat' dir='ltr'><strong>elﬁciunt.</strong></span> <span class='ocrx_word' id='word_1_100' title='bbox 1827 1546 1945 1601; x_wconf 88' lang='lat' dir='ltr'><strong>Non</strong></span> <span class='ocrx_word' id='word_1_101' title='bbox 1989 1548 2133 1602; x_wconf 89' lang='lat' dir='ltr'><strong>enim</strong></span> <span class='ocrx_word' id='word_1_102' title='bbox 2164 1548 2317 1617; x_wconf 82' lang='lat' dir='ltr'><strong>igno-</strong></span> 
     </span>
    </p>
   </div>
   <div class='ocr_carea' id='block_1_16' title="bbox 751 1638 2314 1708">
    <p class='ocr_par' dir='ltr' id='par_1_16' title="bbox 751 1638 2314 1708">
     <span class='ocr_line' id='line_1_16' title="bbox 751 1638 2314 1708; baseline -0.001 -16"><span class='ocrx_word' id='word_1_103' title='bbox 751 1638 944 1692; x_wconf 80' lang='lat' dir='ltr'><strong>rabant</strong></span> <span class='ocrx_word' id='word_1_104' title='bbox 990 1654 1048 1695; x_wconf 90' lang='lat' dir='ltr'><strong>se</strong></span> <span class='ocrx_word' id='word_1_105' title='bbox 1090 1640 1256 1694; x_wconf 88' lang='lat' dir='ltr'><strong>totius</strong></span> <span class='ocrx_word' id='word_1_106' title='bbox 1289 1639 1535 1708; x_wconf 89' lang='lat' dir='ltr'><strong>corporis</strong></span> <span class='ocrx_word' id='word_1_107' title='bbox 1567 1639 1804 1707; x_wconf 87' lang='lat' dir='ltr'><strong>membra</strong></span> <span class='ocrx_word' id='word_1_108' title='bbox 1827 1654 1949 1693; x_wconf 88' lang='lat' dir='ltr'><strong>esse</strong></span> <span class='ocrx_word' id='word_1_109' title='bbox 1981 1658 1993 1692; x_wconf 91' lang='lat'>:</span> <span class='ocrx_word' id='word_1_110' title='bbox 2025 1646 2314 1694; x_wconf 79' lang='lat' dir='ltr'><strong>consenta-</strong></span> 
     </span>
    </p>
   </div>
   <div class='ocr_carea' id='block_1_17' title="bbox 752 1732 2312 1801">
    <p class='ocr_par' dir='ltr' id='par_1_17' title="bbox 752 1732 2312 1801">
     <span class='ocr_line' id='line_1_17' title="bbox 752 1732 2312 1801; baseline -0.002 -16"><span class='ocrx_word' id='word_1_111' title='bbox 752 1748 913 1787; x_wconf 84' lang='lat' dir='ltr'><strong>neum</strong></span> <span class='ocrx_word' id='word_1_112' title='bbox 949 1740 1128 1787; x_wconf 89' lang='lat' dir='ltr'><strong>autem</strong></span> <span class='ocrx_word' id='word_1_113' title='bbox 1154 1740 1271 1787; x_wconf 88' lang='lat' dir='ltr'><strong>erat</strong></span> <span class='ocrx_word' id='word_1_114' title='bbox 1303 1738 1363 1785; x_wconf 89' lang='lat' dir='ltr'><strong>ut</strong></span> <span class='ocrx_word' id='word_1_115' title='bbox 1393 1746 1501 1785; x_wconf 91' lang='lat' dir='ltr'><strong>uno</strong></span> <span class='ocrx_word' id='word_1_116' title='bbox 1523 1732 1764 1785; x_wconf 90' lang='lat' dir='ltr'><strong>membro</strong></span> <span class='ocrx_word' id='word_1_117' title='bbox 1784 1732 2043 1801; x_wconf 85' lang='lat' dir='ltr'><strong>patiente.</strong></span> <span class='ocrx_word' id='word_1_118' title='bbox 2074 1745 2179 1784; x_wconf 90' lang='lat' dir='ltr'><strong>una</strong></span> <span class='ocrx_word' id='word_1_119' title='bbox 2214 1744 2312 1799; x_wconf 58' lang='lat' dir='ltr'><strong>pa-</strong></span> 
     </span>
    </p>
   </div>
   <div class='ocr_carea' id='block_1_18' title="bbox 751 1821 2313 1894">
    <p class='ocr_par' dir='ltr' id='par_1_18' title="bbox 751 1821 2313 1894">
     <span class='ocr_line' id='line_1_18' title="bbox 751 1821 2313 1894; baseline -0.002 -18"><span class='ocrx_word' id='word_1_120' title='bbox 751 1830 995 1878; x_wconf 85' lang='lat' dir='ltr'><strong>terentur</strong></span> <span class='ocrx_word' id='word_1_121' title='bbox 1028 1824 1133 1878; x_wconf 89' lang='lat' dir='ltr'><strong>alia</strong></span> <span class='ocrx_word' id='word_1_122' title='bbox 1166 1824 1435 1889; x_wconf 87' lang='lat' dir='ltr'><strong>membra;</strong></span> <span class='ocrx_word' id='word_1_123' title='bbox 1472 1832 1633 1894; x_wconf 88' lang='lat' dir='ltr'><strong>atque</strong></span> <span class='ocrx_word' id='word_1_124' title='bbox 1664 1839 1775 1877; x_wconf 91' lang='lat' dir='ltr'><strong>uno</strong></span> <span class='ocrx_word' id='word_1_125' title='bbox 1805 1822 2049 1878; x_wconf 81' lang='lat' dir='ltr'><strong>membro</strong></span> <span class='ocrx_word' id='word_1_126' title='bbox 2088 1821 2313 1891; x_wconf 77' lang='lat' dir='ltr'><strong>gloriam</strong></span> 
     </span>
    </p>
   </div>
   <div class='ocr_carea' id='block_1_19' title="bbox 687 1912 2313 1984">
    <p class='ocr_par' dir='ltr' id='par_1_19' title="bbox 687 1912 2313 1984">
     <span class='ocr_line' id='line_1_19' title="bbox 687 1912 2313 1984; baseline -0.007 -9"><span class='ocrx_word' id='word_1_127' title='bbox 687 1970 691 1975; x_wconf 89' lang='lat'><strong>.</strong></span> <span class='ocrx_word' id='word_1_128' title='bbox 748 1915 1256 1980; x_wconf 56' lang='lat' dir='ltr'><strong>referentepomnia</strong></span> <span class='ocrx_word' id='word_1_129' title='bbox 1299 1918 1543 1971; x_wconf 90' lang='lat' dir='ltr'><strong>membra</strong></span> <span class='ocrx_word' id='word_1_130' title='bbox 1595 1916 1651 1969; x_wconf 94' lang='lat' dir='ltr'><strong>in</strong></span> <span class='ocrx_word' id='word_1_131' title='bbox 1702 1924 1907 1984; x_wconf 88' lang='lat' dir='ltr'><strong>partem</strong></span> <span class='ocrx_word' id='word_1_132' title='bbox 1934 1912 2115 1983; x_wconf 90' lang='lat' dir='ltr'><strong>gaudii</strong></span> <span class='ocrx_word' id='word_1_133' title='bbox 2160 1914 2313 1966; x_wconf 86' lang='lat' dir='ltr'><strong>veni-</strong></span> 
     </span>
    </p>
   </div>
   <div class='ocr_carea' id='block_1_20' title="bbox 2423 722 3987 799">
    <p class='ocr_par' dir='ltr' id='par_1_20' title="bbox 2423 722 3987 799">
     <span class='ocr_line' id='line_1_20' title="bbox 2423 722 3987 799; baseline 0.007 -26"><span class='ocrx_word' id='word_1_134' title='bbox 2423 722 2578 793; x_wconf 81' lang='grc' dir='ltr'>χορὸς</span> <span class='ocrx_word' id='word_1_135' title='bbox 2603 725 2631 775; x_wconf 87' lang='grc' dir='ltr'>ὁ</span> <span class='ocrx_word' id='word_1_136' title='bbox 2658 722 3007 793; x_wconf 80' lang='grc' dir='ltr'>προφητικὸς,</span> <span class='ocrx_word' id='word_1_137' title='bbox 3036 724 3131 775; x_wconf 76' lang='grc' dir='ltr'>καὶ</span> <span class='ocrx_word' id='word_1_138' title='bbox 3162 724 3210 776; x_wconf 79' lang='grc' dir='ltr'>οἱ</span> <span class='ocrx_word' id='word_1_139' title='bbox 3261 725 3319 777; x_wconf 79' lang='grc' dir='ltr'>ἐν</span> <span class='ocrx_word' id='word_1_140' title='bbox 3347 724 3425 796; x_wconf 83' lang='grc' dir='ltr'><strong>τῷ</strong></span> <span class='ocrx_word' id='word_1_141' title='bbox 3457 724 3572 797; x_wconf 86' lang='grc' dir='ltr'>λαῷ</span> <span class='ocrx_word' id='word_1_142' title='bbox 3603 727 3987 799; x_wconf 64' lang='grc' dir='ltr'>κατορθοῦντες</span> 
     </span>
    </p>
   </div>
   <div class='ocr_carea' id='block_1_21' title="bbox 2419 812 3987 888">
    <p class='ocr_par' dir='ltr' id='par_1_21' title="bbox 2419 812 3987 888">
     <span class='ocr_line' id='line_1_21' title="bbox 2419 812 3987 888; baseline 0.007 -24"><span class='ocrx_word' id='word_1_143' title='bbox 2419 813 2518 885; x_wconf 80' lang='grc' dir='ltr'><strong>τὴν</strong></span> <span class='ocrx_word' id='word_1_144' title='bbox 2551 812 2770 884; x_wconf 83' lang='grc' dir='ltr'>λογικὴν</span> <span class='ocrx_word' id='word_1_145' title='bbox 2821 813 2998 866; x_wconf 78' lang='grc' dir='ltr'>αὐτῶν</span> <span class='ocrx_word' id='word_1_146' title='bbox 3060 813 3251 867; x_wconf 78' lang='grc' dir='ltr'>θυσίαν</span> <span class='ocrx_word' id='word_1_147' title='bbox 3297 814 3385 869; x_wconf 82' lang='grc' dir='ltr'><strong>διὰ</strong></span> <span class='ocrx_word' id='word_1_148' title='bbox 3416 816 3515 887; x_wconf 82' lang='grc' dir='ltr'><strong>τῆς</strong></span> <span class='ocrx_word' id='word_1_149' title='bbox 3562 818 3703 888; x_wconf 76' lang='grc' dir='ltr'>ὑπὲρ</span> <span class='ocrx_word' id='word_1_150' title='bbox 3731 819 3824 873; x_wconf 76' lang='grc' dir='ltr'>τοῦ</span> <span class='ocrx_word' id='word_1_151' title='bbox 3854 821 3987 876; x_wconf 80' lang='grc' dir='ltr'>λαοῦ</span> 
     </span>
    </p>
   </div>
   <div class='ocr_carea' id='block_1_22' title="bbox 2419 905 3987 980">
    <p class='ocr_par' dir='ltr' id='par_1_22' title="bbox 2419 905 3987 980">
     <span class='ocr_line' id='line_1_22' title="bbox 2419 905 3987 980; baseline 0.006 -23"><span class='ocrx_word' id='word_1_152' title='bbox 2419 906 2581 975; x_wconf 81' lang='grc' dir='ltr'><strong>εὐχῆς</strong></span> <span class='ocrx_word' id='word_1_153' title='bbox 2612 905 3013 975; x_wconf 79' lang='grc' dir='ltr'>ἀναπέμπουσι,</span> <span class='ocrx_word' id='word_1_154' title='bbox 3046 905 3114 957; x_wconf 86' lang='grc' dir='ltr'>τὰ</span> <span class='ocrx_word' id='word_1_155' title='bbox 3140 908 3311 959; x_wconf 75' lang='grc' dir='ltr'>οἰκεῖα</span> <span class='ocrx_word' id='word_1_156' title='bbox 3341 908 3735 980; x_wconf 79' lang='grc' dir='ltr'>κατορθώματα</span> <span class='ocrx_word' id='word_1_157' title='bbox 3751 911 3871 964; x_wconf 74' lang='grc' dir='ltr'>ἀντὶ</span> <span class='ocrx_word' id='word_1_158' title='bbox 3894 910 3987 967; x_wconf 80' lang='grc' dir='ltr'>θυ-</span> 
     </span>
    </p>
   </div>
   <div class='ocr_carea' id='block_1_23' title="bbox 2422 996 3987 1077">
    <p class='ocr_par' dir='ltr' id='par_1_23' title="bbox 2422 996 3987 1077">
     <span class='ocr_line' id='line_1_23' title="bbox 2422 996 3987 1077; baseline 0.005 -28"><span class='ocrx_word' id='word_1_159' title='bbox 2422 996 2538 1059; x_wconf 84' lang='grc' dir='ltr'><strong>σίας</strong></span> <span class='ocrx_word' id='word_1_160' title='bbox 2571 996 2664 1050; x_wconf 79' lang='grc' dir='ltr'>καὶ</span> <span class='ocrx_word' id='word_1_161' title='bbox 2697 996 3037 1068; x_wconf 77' lang='grc' dir='ltr'><strong>θυμιάματος</strong></span> <span class='ocrx_word' id='word_1_162' title='bbox 3068 996 3298 1063; x_wconf 79' lang='grc' dir='ltr'><strong>εὐώδους</strong></span> <span class='ocrx_word' id='word_1_163' title='bbox 3352 1001 3490 1073; x_wconf 77' lang='grc' dir='ltr'>ὑπὲρ</span> <span class='ocrx_word' id='word_1_164' title='bbox 3514 1001 3610 1054; x_wconf 79' lang='grc' dir='ltr'>τοῦ</span> <span class='ocrx_word' id='word_1_165' title='bbox 3641 1002 3878 1073; x_wconf 70' lang='grc' dir='ltr'>πλήθους</span> <span class='ocrx_word' id='word_1_166' title='bbox 3904 1004 3987 1077; x_wconf 81' lang='grc' dir='ltr'>τῷ</span> 
     </span>
    </p>
   </div>
   <div class='ocr_carea' id='block_1_24' title="bbox 2416 1086 3983 1172">
    <p class='ocr_par' dir='ltr' id='par_1_24' title="bbox 2416 1086 3983 1172">
     <span class='ocr_line' id='line_1_24' title="bbox 2416 1086 3983 1172; baseline 0.006 -33"><span class='ocrx_word' id='word_1_167' title='bbox 2416 1086 2535 1157; x_wconf 82' lang='grc' dir='ltr'><strong>Θεῷ</strong></span> <span class='ocrx_word' id='word_1_168' title='bbox 2557 1090 2943 1159; x_wconf 80' lang='grc' dir='ltr'><strong>προσάγοντες.</strong></span> <span class='ocrx_word' id='word_1_169' title='bbox 2977 1090 3052 1145; x_wconf 82' lang='grc' dir='ltr'><strong>Οὐ</strong></span> <span class='ocrx_word' id='word_1_170' title='bbox 3079 1088 3189 1159; x_wconf 82' lang='grc' dir='ltr'>γὰρ</span> <span class='ocrx_word' id='word_1_171' title='bbox 3221 1091 3448 1161; x_wconf 77' lang='grc' dir='ltr'><strong>ἁρμόζει</strong></span> <span class='ocrx_word' id='word_1_172' title='bbox 3491 1092 3664 1148; x_wconf 81' lang='grc' dir='ltr'>ταῦτα</span> <span class='ocrx_word' id='word_1_173' title='bbox 3688 1094 3766 1166; x_wconf 80' lang='grc' dir='ltr'><strong>τῷ</strong></span> <span class='ocrx_word' id='word_1_174' title='bbox 3790 1094 3983 1172; x_wconf 73' lang='grc' dir='ltr'>πλὴθει</span> 
     </span>
    </p>
   </div>
   <div class='ocr_carea' id='block_1_25' title="bbox 2417 1178 3983 1257">
    <p class='ocr_par' dir='ltr' id='par_1_25' title="bbox 2417 1178 3983 1257">
     <span class='ocr_line' id='line_1_25' title="bbox 2417 1178 3983 1257; baseline 0.007 -27"><span class='ocrx_word' id='word_1_175' title='bbox 2417 1178 2611 1246; x_wconf 80' lang='grc' dir='ltr'>λέγειν,</span> <span class='ocrx_word' id='word_1_176' title='bbox 2632 1180 2753 1232; x_wconf 80' lang='grc' dir='ltr'>οὐδὲ</span> <span class='ocrx_word' id='word_1_177' title='bbox 2773 1182 2884 1242; x_wconf 84' lang='grc' dir='ltr'>τοῖς</span> <span class='ocrx_word' id='word_1_178' title='bbox 2915 1178 3001 1232; x_wconf 83' lang='grc' dir='ltr'><strong>διὰ</strong></span> <span class='ocrx_word' id='word_1_179' title='bbox 3032 1179 3131 1243; x_wconf 90' lang='grc' dir='ltr'><strong>τάς</strong></span> <span class='ocrx_word' id='word_1_180' title='bbox 3162 1181 3415 1247; x_wconf 77' lang='grc' dir='ltr'>ἀσεϐείας</span> <span class='ocrx_word' id='word_1_181' title='bbox 3432 1183 3610 1238; x_wconf 84' lang='grc' dir='ltr'>αὐτῶν</span> <span class='ocrx_word' id='word_1_182' title='bbox 3627 1186 3740 1249; x_wconf 76' lang='grc' dir='ltr'>τοῖς</span> <span class='ocrx_word' id='word_1_183' title='bbox 3770 1185 3983 1257; x_wconf 66' lang='grc' dir='ltr'>ἐχθροῖς</span> 
     </span>
    </p>
   </div>
   <div class='ocr_carea' id='block_1_26' title="bbox 2416 1270 3985 1364">
    <p class='ocr_par' dir='ltr' id='par_1_26' title="bbox 2416 1270 3985 1364">
     <span class='ocr_line' id='line_1_26' title="bbox 2416 1270 3985 1364; baseline 0.006 -41"><span class='ocrx_word' id='word_1_184' title='bbox 2416 1270 2910 1364; x_wconf 35' lang='grc' dir='ltr'>παραδεδομένοιςί</span> <span class='ocrx_word' id='word_1_185' title='bbox 2942 1272 3053 1325; x_wconf 81' lang='grc' dir='ltr'>ἀλλ’</span> <span class='ocrx_word' id='word_1_186' title='bbox 3088 1271 3274 1344; x_wconf 79' lang='grc' dir='ltr'>ὥσπερ</span> <span class='ocrx_word' id='word_1_187' title='bbox 3314 1274 3382 1329; x_wconf 87' lang='grc' dir='ltr'><strong>τά</strong></span> <span class='ocrx_word' id='word_1_188' title='bbox 3439 1276 3584 1348; x_wconf 84' lang='grc' dir='ltr'>πάθη</span> <span class='ocrx_word' id='word_1_189' title='bbox 3614 1276 3708 1332; x_wconf 80' lang='grc' dir='ltr'>τοῦ</span> <span class='ocrx_word' id='word_1_190' title='bbox 3741 1278 3871 1333; x_wconf 81' lang='grc' dir='ltr'>λαοῦ</span> <span class='ocrx_word' id='word_1_191' title='bbox 3903 1280 3985 1343; x_wconf 73' lang='grc' dir='ltr'><strong>εἰς</strong></span> 
     </span>
    </p>
   </div>
   <div class='ocr_carea' id='block_1_27' title="bbox 2415 1363 3982 1437">
    <p class='ocr_par' dir='ltr' id='par_1_27' title="bbox 2415 1363 3982 1437">
     <span class='ocr_line' id='line_1_27' title="bbox 2415 1363 3982 1437; baseline 0.004 -19"><span class='ocrx_word' id='word_1_192' title='bbox 2415 1363 2640 1426; x_wconf 71' lang='grc' dir='ltr'>ἑαυτοὺς</span> <span class='ocrx_word' id='word_1_193' title='bbox 2671 1363 3043 1434; x_wconf 75' lang='grc' dir='ltr'>ἀνελάμϐανον</span> <span class='ocrx_word' id='word_1_194' title='bbox 3070 1367 3118 1418; x_wconf 80' lang='grc' dir='ltr'><strong>οἱ</strong></span> <span class='ocrx_word' id='word_1_195' title='bbox 3170 1367 3465 1437; x_wconf 76' lang='grc' dir='ltr'>προφῆται,</span> <span class='ocrx_word' id='word_1_196' title='bbox 3500 1369 3596 1424; x_wconf 81' lang='grc' dir='ltr'><strong>καὶ</strong></span> <span class='ocrx_word' id='word_1_197' title='bbox 3625 1371 3776 1424; x_wconf 77' lang='grc' dir='ltr'>αὐτοὶ</span> <span class='ocrx_word' id='word_1_198' title='bbox 3809 1370 3982 1425; x_wconf 80' lang='grc' dir='ltr'>ταῦτα</span> 
     </span>
    </p>
   </div>
   <div class='ocr_carea' id='block_1_28' title="bbox 2414 1453 3981 1533">
    <p class='ocr_par' dir='ltr' id='par_1_28' title="bbox 2414 1453 3981 1533">
     <span class='ocr_line' id='line_1_28' title="bbox 2414 1453 3981 1533; baseline 0.005 -26"><span class='ocrx_word' id='word_1_199' title='bbox 2414 1453 2739 1508; x_wconf 78' lang='grc' dir='ltr'><strong>πεπονθέναι</strong></span> <span class='ocrx_word' id='word_1_200' title='bbox 2765 1453 3019 1523; x_wconf 75' lang='grc' dir='ltr'>ἔφασκον·</span> <span class='ocrx_word' id='word_1_201' title='bbox 3048 1456 3189 1511; x_wconf 79' lang='grc' dir='ltr'>οὓτω</span> <span class='ocrx_word' id='word_1_202' title='bbox 3224 1457 3294 1511; x_wconf 88' lang='grc' dir='ltr'><strong>τά</strong></span> <span class='ocrx_word' id='word_1_203' title='bbox 3338 1458 3543 1514; x_wconf 77' lang='grc' dir='ltr'>ἑαυτῶν</span> <span class='ocrx_word' id='word_1_204' title='bbox 3583 1460 3981 1533; x_wconf 74' lang='grc' dir='ltr'><strong>κατορθώματα</strong></span> 
     </span>
    </p>
   </div>
   <div class='ocr_carea' id='block_1_29' title="bbox 2414 1546 3982 1622">
    <p class='ocr_par' dir='ltr' id='par_1_29' title="bbox 2414 1546 3982 1622">
     <span class='ocr_line' id='line_1_29' title="bbox 2414 1546 3982 1622; baseline 0.004 -21"><span class='ocrx_word' id='word_1_205' title='bbox 2414 1546 2801 1601; x_wconf 72' lang='grc' dir='ltr'>κοινοποιοῦσιν</span> <span class='ocrx_word' id='word_1_206' title='bbox 2858 1549 2937 1611; x_wconf 81' lang='grc' dir='ltr'><strong>είς</strong></span> <span class='ocrx_word' id='word_1_207' title='bbox 2969 1549 3195 1612; x_wconf 80' lang='grc' dir='ltr'><strong>πάντας.</strong></span> <span class='ocrx_word' id='word_1_208' title='bbox 3246 1550 3321 1603; x_wconf 87' lang='grc' dir='ltr'>υύ</span> <span class='ocrx_word' id='word_1_209' title='bbox 3348 1550 3458 1622; x_wconf 85' lang='grc' dir='ltr'><strong>γὰρ</strong></span> <span class='ocrx_word' id='word_1_210' title='bbox 3485 1552 3713 1621; x_wconf 71' lang='grc' dir='ltr'>ἠγνόουν</span> <span class='ocrx_word' id='word_1_211' title='bbox 3759 1553 3982 1618; x_wconf 70' lang='grc' dir='ltr'>ἑαυτοὺς</span> 
     </span>
    </p>
   </div>
   <div class='ocr_carea' id='block_1_30' title="bbox 2413 1628 3979 1715">
    <p class='ocr_par' dir='ltr' id='par_1_30' title="bbox 2413 1628 3979 1715">
     <span class='ocr_line' id='line_1_30' title="bbox 2413 1628 3979 1715; baseline 0.004 -23"><span class='ocrx_word' id='word_1_212' title='bbox 2413 1636 2551 1692; x_wconf 80' lang='grc' dir='ltr'>εἶναι</span> <span class='ocrx_word' id='word_1_213' title='bbox 2605 1637 2737 1711; x_wconf 66' lang='grc' dir='ltr'>μέλη</span> <span class='ocrx_word' id='word_1_214' title='bbox 2770 1638 2861 1691; x_wconf 84' lang='grc' dir='ltr'>τοῦ</span> <span class='ocrx_word' id='word_1_215' title='bbox 2920 1640 3118 1704; x_wconf 85' lang='grc' dir='ltr'>παντὸς</span> <span class='ocrx_word' id='word_1_216' title='bbox 3168 1628 3437 1711; x_wconf 68' lang='grc' dir='ltr'>σιίἱματος·</span> <span class='ocrx_word' id='word_1_217' title='bbox 3483 1642 3773 1697; x_wconf 80' lang='grc' dir='ltr'>ἀκόλουθον</span> <span class='ocrx_word' id='word_1_218' title='bbox 3800 1643 3858 1697; x_wconf 78' lang='grc' dir='ltr'>δὲ</span> <span class='ocrx_word' id='word_1_219' title='bbox 3890 1640 3979 1715; x_wconf 79' lang='grc' dir='ltr'>ἦν,</span> 
     </span>
    </p>
   </div>
   <div class='ocr_carea' id='block_1_31' title="bbox 2412 1726 3978 1809">
    <p class='ocr_par' dir='ltr' id='par_1_31' title="bbox 2412 1726 3978 1809">
     <span class='ocr_line' id='line_1_31' title="bbox 2412 1726 3978 1809; baseline 0.004 -24"><span class='ocrx_word' id='word_1_220' title='bbox 2412 1733 2709 1803; x_wconf 78' lang='grc' dir='ltr'>πάσχοντος</span> <span class='ocrx_word' id='word_1_221' title='bbox 2744 1726 2936 1803; x_wconf 83' lang='grc' dir='ltr'><strong>μέλους</strong></span> <span class='ocrx_word' id='word_1_222' title='bbox 2970 1733 3107 1796; x_wconf 76' lang='grc' dir='ltr'>ἑνὸς,</span> <span class='ocrx_word' id='word_1_223' title='bbox 3140 1734 3479 1806; x_wconf 75' lang='grc' dir='ltr'><strong>συμπάσχειν</strong></span> <span class='ocrx_word' id='word_1_224' title='bbox 3510 1736 3687 1790; x_wconf 83' lang='grc' dir='ltr'>πάντα</span> <span class='ocrx_word' id='word_1_225' title='bbox 3718 1736 3787 1790; x_wconf 81' lang='grc' dir='ltr'>τὰ</span> <span class='ocrx_word' id='word_1_226' title='bbox 3820 1738 3978 1809; x_wconf 79' lang='grc' dir='ltr'>μέλη,</span> 
     </span>
    </p>
   </div>
   <div class='ocr_carea' id='block_1_32' title="bbox 2413 1823 3981 1899">
    <p class='ocr_par' dir='ltr' id='par_1_32' title="bbox 2413 1823 3981 1899">
     <span class='ocr_line' id='line_1_32' title="bbox 2413 1823 3981 1899; baseline 0.004 -22"><span class='ocrx_word' id='word_1_227' title='bbox 2413 1826 2505 1877; x_wconf 78' lang='grc' dir='ltr'>καὶ</span> <span class='ocrx_word' id='word_1_228' title='bbox 2534 1823 2889 1894; x_wconf 77' lang='grc' dir='ltr'>δοξαζομένου</span> <span class='ocrx_word' id='word_1_229' title='bbox 2924 1823 3083 1875; x_wconf 87' lang='grc' dir='ltr'>πάλιν</span> <span class='ocrx_word' id='word_1_230' title='bbox 3110 1823 3324 1893; x_wconf 84' lang='grc' dir='ltr'><strong>μέλους,</strong></span> <span class='ocrx_word' id='word_1_231' title='bbox 3373 1828 3685 1899; x_wconf 76' lang='grc' dir='ltr'><strong>συγχαίρειν</strong></span> <span class='ocrx_word' id='word_1_232' title='bbox 3709 1829 3886 1894; x_wconf 76' lang='grc' dir='ltr'>πάντα</span> <span class='ocrx_word' id='word_1_233' title='bbox 3911 1831 3981 1884; x_wconf 80' lang='grc' dir='ltr'>τὰ</span> 
     </span>
    </p>
   </div>
   <div class='ocr_carea' id='block_1_33' title="bbox 2416 1916 3983 1992">
    <p class='ocr_par' dir='ltr' id='par_1_33' title="bbox 2416 1916 3983 1992">
     <span class='ocr_line' id='line_1_33' title="bbox 2416 1916 3983 1992; baseline 0.006 -24"><span class='ocrx_word' id='word_1_234' title='bbox 2416 1916 2570 1988; x_wconf 80' lang='grc' dir='ltr'>μέλη.</span> <span class='ocrx_word' id='word_1_235' title='bbox 2604 1918 2787 1991; x_wconf 68' lang='grc' dir='ltr'>Πάντα</span> <span class='ocrx_word' id='word_1_236' title='bbox 2818 1916 3015 1979; x_wconf 83' lang='grc' dir='ltr'>τοίνυν,</span> <span class='ocrx_word' id='word_1_237' title='bbox 3052 1918 3235 1983; x_wconf 75' lang='grc' dir='ltr'>φασὶν,</span> <span class='ocrx_word' id='word_1_238' title='bbox 3279 1918 3315 1971; x_wconf 80' lang='grc' dir='ltr'><strong>ἀ</strong></span> <span class='ocrx_word' id='word_1_239' title='bbox 3346 1923 3752 1992; x_wconf 76' lang='grc' dir='ltr'>προειρήκαμεν</span> <span class='ocrx_word' id='word_1_240' title='bbox 3781 1922 3983 1976; x_wconf 83' lang='grc' dir='ltr'>πεπόν-</span> 
     </span>
    </p>
   </div>
   <div class='ocr_carea' id='block_1_34' title="bbox 748 1982 2467 2087">
    <p class='ocr_par' dir='ltr' id='par_1_34' title="bbox 748 1982 2467 2080">
     <span class='ocr_line' id='line_1_34' title="bbox 748 1982 2467 2080; baseline -0.005 -17"><span class='ocrx_word' id='word_1_241' title='bbox 748 2017 887 2064; x_wconf 84' lang='lat' dir='ltr'><strong>rent.</strong></span> <span class='ocrx_word' id='word_1_242' title='bbox 921 2008 1116 2064; x_wconf 88' lang='lat' dir='ltr'><strong>Omnia</strong></span> <span class='ocrx_word' id='word_1_243' title='bbox 1161 2023 1312 2078; x_wconf 89' lang='lat' dir='ltr'><strong>ergo,</strong></span> <span class='ocrx_word' id='word_1_244' title='bbox 1348 2009 1623 2080; x_wconf 86' lang='lat' dir='ltr'><strong>inquiunt,</strong></span> <span class='ocrx_word' id='word_1_245' title='bbox 1677 2021 1797 2075; x_wconf 68' lang='lat' dir='ltr'><strong>quae</strong></span> <span class='ocrx_word' id='word_1_246' title='bbox 1841 2019 1941 2059; x_wconf 89' lang='lat' dir='ltr'><strong>nos</strong></span> <span class='ocrx_word' id='word_1_247' title='bbox 1991 2002 2313 2057; x_wconf 87' lang='lat' dir='ltr'><strong>memoravi-</strong></span> <span class='ocrx_word' id='word_1_248' title='bbox 2344 1982 2383 2038; x_wconf 73' lang='grc' dir='ltr'><strong>Β</strong></span> <span class='ocrx_word' id='word_1_249' title='bbox 2414 2007 2467 2061; x_wconf 81' lang='grc' dir='ltr'><strong>θα</strong></span> 
     </span>
    </p>
   </div>
   <div class='ocr_carea' id='block_1_35' title="bbox 2262 1982 3981 2087">
    <p class='ocr_par' dir='ltr' id='par_1_35' title="bbox 2262 1982 3981 2087">
     <span class='ocr_line' id='line_1_35' title="bbox 2262 1982 3981 2087; baseline 0.008 -32"><span class='ocrx_word' id='word_1_250' title='bbox 2262 2002 2313 2055; x_wconf 54' lang='grc' dir='ltr'><strong>λὶ-</strong></span> <span class='ocrx_word' id='word_1_251' title='bbox 2344 1982 2383 2038; x_wconf 71' lang='grc' dir='ltr'><strong>Β</strong></span> <span class='ocrx_word' id='word_1_252' title='bbox 2414 1982 2603 2079; x_wconf 76' lang='grc' dir='ltr'>θαμεν·</span> <span class='ocrx_word' id='word_1_253' title='bbox 2628 1982 2742 2062; x_wconf 51' lang='grc' dir='ltr'>ἀλλ’</span> <span class='ocrx_word' id='word_1_254' title='bbox 2763 2010 2910 2078; x_wconf 80' lang='grc' dir='ltr'>ἡμᾶς</span> <span class='ocrx_word' id='word_1_255' title='bbox 2943 1982 3146 2059; x_wconf 87' lang='grc' dir='ltr'>τούτων</span> <span class='ocrx_word' id='word_1_256' title='bbox 3177 2008 3327 2061; x_wconf 78' lang='grc' dir='ltr'>οὐδὲν</span> <span class='ocrx_word' id='word_1_257' title='bbox 3720 2013 3821 2081; x_wconf 84' lang='grc' dir='ltr'>τῆς</span> <span class='ocrx_word' id='word_1_258' title='bbox 3852 2013 3981 2087; x_wconf 80' lang='grc' dir='ltr'>περὶ</span> 
     </span>
    </p>
   </div>
   <div class='ocr_carea' id='block_1_36' title="bbox 747 2096 2313 2172">
    <p class='ocr_par' dir='ltr' id='par_1_36' title="bbox 747 2096 2313 2172">
     <span class='ocr_line' id='line_1_36' title="bbox 747 2096 2313 2172; baseline -0.005 -15"><span class='ocrx_word' id='word_1_259' title='bbox 747 2118 893 2166; x_wconf 87' lang='lat' dir='ltr'><strong>mus,</strong></span> <span class='ocrx_word' id='word_1_260' title='bbox 925 2104 1067 2156; x_wconf 88' lang='lat' dir='ltr'><strong>mala</strong></span> <span class='ocrx_word' id='word_1_261' title='bbox 1098 2102 1453 2172; x_wconf 85' lang='lat' dir='ltr'><strong>pertulimus;</strong></span> <span class='ocrx_word' id='word_1_262' title='bbox 1486 2100 1582 2153; x_wconf 91' lang='lat' dir='ltr'><strong>sed</strong></span> <span class='ocrx_word' id='word_1_263' title='bbox 1628 2098 1761 2152; x_wconf 89' lang='lat' dir='ltr'><strong>nihil</strong></span> <span class='ocrx_word' id='word_1_264' title='bbox 1784 2112 1973 2153; x_wconf 89' lang='lat' dir='ltr'><strong>eorum</strong></span> <span class='ocrx_word' id='word_1_265' title='bbox 2018 2111 2121 2151; x_wconf 89' lang='lat' dir='ltr'><strong>nos</strong></span> <span class='ocrx_word' id='word_1_266' title='bbox 2148 2105 2194 2149; x_wconf 88' lang='lat' dir='ltr'><strong>&#39;a</strong></span> <span class='ocrx_word' id='word_1_267' title='bbox 2238 2096 2313 2150; x_wconf 90' lang='lat' dir='ltr'><strong>tui</strong></span> 
     </span>
    </p>
   </div>
   <div class='ocr_carea' id='block_1_37' title="bbox 746 2189 2315 2261">
    <p class='ocr_par' dir='ltr' id='par_1_37' title="bbox 746 2189 2315 2261">
     <span class='ocr_line' id='line_1_37' title="bbox 746 2189 2315 2261; baseline -0.006 -11"><span class='ocrx_word' id='word_1_268' title='bbox 746 2194 1127 2250; x_wconf 83' lang='lat' dir='ltr'><strong>recordatione</strong></span> <span class='ocrx_word' id='word_1_269' title='bbox 1152 2194 1402 2257; x_wconf 84' lang='lat' dir='ltr'><strong>removit,</strong></span> <span class='ocrx_word' id='word_1_270' title='bbox 1421 2202 1470 2245; x_wconf 86' lang='lat' dir='ltr'><strong>et</strong></span> <span class='ocrx_word' id='word_1_271' title='bbox 1495 2194 1668 2261; x_wconf 82' lang='lat' dir='ltr'><strong>inique</strong></span> <span class='ocrx_word' id='word_1_272' title='bbox 1694 2208 1797 2245; x_wconf 85' lang='lat' dir='ltr'><strong>non</strong></span> <span class='ocrx_word' id='word_1_273' title='bbox 1827 2194 2025 2259; x_wconf 83' lang='lat' dir='ltr'><strong>egimus</strong></span> <span class='ocrx_word' id='word_1_274' title='bbox 2056 2189 2112 2243; x_wconf 83' lang='lat' dir='ltr'><strong>in</strong></span> <span class='ocrx_word' id='word_1_275' title='bbox 2154 2197 2315 2243; x_wconf 80' lang='lat' dir='ltr'><strong>testa-</strong></span> 
     </span>
    </p>
   </div>
   <div class='ocr_carea' id='block_1_38' title="bbox 746 2281 2313 2356">
    <p class='ocr_par' dir='ltr' id='par_1_38' title="bbox 746 2281 2313 2356">
     <span class='ocr_line' id='line_1_38' title="bbox 746 2281 2313 2356; baseline -0.002 -17"><span class='ocrx_word' id='word_1_276' title='bbox 746 2296 919 2339; x_wconf 77' lang='lat' dir='ltr'><strong>mento</strong></span> <span class='ocrx_word' id='word_1_277' title='bbox 953 2296 1069 2348; x_wconf 76' lang='lat' dir='ltr'><strong>tuo;</strong></span> <span class='ocrx_word' id='word_1_278' title='bbox 1101 2286 1214 2341; x_wconf 85' lang='lat' dir='ltr'><strong>sive</strong></span> <span class='ocrx_word' id='word_1_279' title='bbox 1243 2286 1540 2341; x_wconf 86' lang='lat' dir='ltr'><strong>secundum</strong></span> <span class='ocrx_word' id='word_1_280' title='bbox 1564 2285 1969 2356; x_wconf 83' lang='lat' dir='ltr'><strong>Symmachum,</strong></span> <span class='ocrx_word' id='word_1_281' title='bbox 2003 2281 2183 2353; x_wconf 77' lang='lat' dir='ltr'><strong>Neque</strong></span> <span class='ocrx_word' id='word_1_282' title='bbox 2220 2282 2313 2336; x_wconf 75' lang='lat' dir='ltr'><strong>de-</strong></span> 
     </span>
    </p>
   </div>
   <div class='ocr_carea' id='block_1_39' title="bbox 745 2377 2309 2447">
    <p class='ocr_par' dir='ltr' id='par_1_39' title="bbox 745 2377 2309 2447">
     <span class='ocr_line' id='line_1_39' title="bbox 745 2377 2309 2447; baseline -0.003 -15"><span class='ocrx_word' id='word_1_283' title='bbox 745 2381 971 2447; x_wconf 71' lang='lat' dir='ltr'><strong>cepimus</strong></span> <span class='ocrx_word' id='word_1_284' title='bbox 996 2378 1165 2447; x_wconf 70' lang='lat' dir='ltr'><strong>[edas</strong></span> <span class='ocrx_word' id='word_1_285' title='bbox 1193 2388 1361 2433; x_wconf 82' lang='lat' dir='ltr'><strong>tuum.</strong></span> <span class='ocrx_word' id='word_1_286' title='bbox 1389 2377 1456 2431; x_wconf 84' lang='lat' dir='ltr'><strong>Et</strong></span> <span class='ocrx_word' id='word_1_287' title='bbox 1484 2393 1585 2431; x_wconf 83' lang='lat' dir='ltr'><strong>non</strong></span> <span class='ocrx_word' id='word_1_288' title='bbox 1610 2379 1762 2431; x_wconf 82' lang='lat' dir='ltr'><strong>cessit</strong></span> <span class='ocrx_word' id='word_1_289' title='bbox 1787 2387 1926 2430; x_wconf 79' lang='lat' dir='ltr'><strong>retro</strong></span> <span class='ocrx_word' id='word_1_290' title='bbox 1948 2386 2309 2430; x_wconf 76' lang='lat' dir='ltr'><strong>coruostrum.</strong></span> 
     </span>
    </p>
   </div>
   <div class='ocr_carea' id='block_1_40' title="bbox 746 2466 2313 2540">
    <p class='ocr_par' dir='ltr' id='par_1_40' title="bbox 746 2466 2313 2540">
     <span class='ocr_line' id='line_1_40' title="bbox 746 2466 2313 2540; baseline -0.004 -18"><span class='ocrx_word' id='word_1_291' title='bbox 746 2468 881 2540; x_wconf 79' lang='lat' dir='ltr'><strong>Ejus</strong></span> <span class='ocrx_word' id='word_1_292' title='bbox 909 2481 1087 2524; x_wconf 89' lang='lat' dir='ltr'><strong>autem</strong></span> <span class='ocrx_word' id='word_1_293' title='bbox 1115 2469 1233 2524; x_wconf 91' lang='lat' dir='ltr'><strong>loco</strong></span> <span class='ocrx_word' id='word_1_294' title='bbox 1251 2468 1354 2524; x_wconf 84' lang='lat' dir='ltr'><strong>:Et</strong></span> <span class='ocrx_word' id='word_1_295' title='bbox 1386 2467 1661 2523; x_wconf 79' lang='lat' dir='ltr'><strong>declinasti</strong></span> <span class='ocrx_word' id='word_1_296' title='bbox 1692 2469 1906 2521; x_wconf 80' lang='lat' dir='ltr'><strong>semitas</strong></span> <span class='ocrx_word' id='word_1_297' title='bbox 1942 2474 2151 2520; x_wconf 80' lang='lat' dir='ltr'><strong>nostras</strong></span> <span class='ocrx_word' id='word_1_298' title='bbox 2171 2483 2202 2518; x_wconf 83' lang='grc' dir='ltr'><strong>α</strong></span> <span class='ocrx_word' id='word_1_299' title='bbox 2230 2466 2313 2519; x_wconf 83' lang='lat' dir='ltr'><strong>via</strong></span> 
     </span>
    </p>
   </div>
   <div class='ocr_carea' id='block_1_41' title="bbox 749 2557 2313 2633">
    <p class='ocr_par' dir='ltr' id='par_1_41' title="bbox 749 2557 2313 2633">
     <span class='ocr_line' id='line_1_41' title="bbox 749 2557 2313 2633; baseline -0.004 -18"><span class='ocrx_word' id='word_1_300' title='bbox 749 2572 860 2624; x_wconf 83' lang='lat' dir='ltr'><strong>tua,</strong></span> <span class='ocrx_word' id='word_1_301' title='bbox 894 2562 1101 2617; x_wconf 87' lang='lat' dir='ltr'><strong>clarius</strong></span> <span class='ocrx_word' id='word_1_302' title='bbox 1155 2559 1514 2633; x_wconf 87' lang='lat' dir='ltr'><strong>Symmachus</strong></span> <span class='ocrx_word' id='word_1_303' title='bbox 1578 2560 1784 2614; x_wconf 89' lang='lat' dir='ltr'><strong>edidit:</strong></span> <span class='ocrx_word' id='word_1_304' title='bbox 1819 2557 1997 2628; x_wconf 71' lang='lat' dir='ltr'><strong>Neque</strong></span> <span class='ocrx_word' id='word_1_305' title='bbox 2051 2558 2313 2611; x_wconf 79' lang='lat' dir='ltr'><strong>translata</strong></span> 
     </span>
    </p>
   </div>
   <div class='ocr_carea' id='block_1_42' title="bbox 746 2648 2310 2725">
    <p class='ocr_par' dir='ltr' id='par_1_42' title="bbox 746 2648 2310 2725">
     <span class='ocr_line' id='line_1_42' title="bbox 746 2648 2310 2725; baseline -0.005 -15"><span class='ocrx_word' id='word_1_306' title='bbox 746 2663 870 2710; x_wconf 77' lang='lat' dir='ltr'><strong>sunt</strong></span> <span class='ocrx_word' id='word_1_307' title='bbox 895 2671 956 2709; x_wconf 84' lang='lat' dir='ltr'><strong>ea</strong></span> <span class='ocrx_word' id='word_1_308' title='bbox 973 2671 1089 2725; x_wconf 67' lang='lat' dir='ltr'><strong>qua?</strong></span> <span class='ocrx_word' id='word_1_309' title='bbox 1111 2654 1344 2724; x_wconf 86' lang='lat' dir='ltr'><strong>dirigunt</strong></span> <span class='ocrx_word' id='word_1_310' title='bbox 1376 2669 1467 2706; x_wconf 82' lang='lat' dir='ltr'><strong>nos</strong></span> <span class='ocrx_word' id='word_1_311' title='bbox 1491 2671 1509 2705; x_wconf 89' lang='lat'><em>:</em></span> <span class='ocrx_word' id='word_1_312' title='bbox 1536 2653 1587 2705; x_wconf 88' lang='lat' dir='ltr'><strong>in</strong></span> <span class='ocrx_word' id='word_1_313' title='bbox 1615 2652 1726 2719; x_wconf 73' lang='lat' dir='ltr'><strong>loco</strong></span> <span class='ocrx_word' id='word_1_314' title='bbox 1758 2648 2081 2721; x_wconf 73' lang='lat' dir='ltr'><strong>aﬂlictionis:</strong></span> <span class='ocrx_word' id='word_1_315' title='bbox 2112 2662 2203 2704; x_wconf 88' lang='lat' dir='ltr'><strong>aut</strong></span> <span class='ocrx_word' id='word_1_316' title='bbox 2226 2666 2310 2704; x_wconf 84' lang='lat' dir='ltr'><strong>se-</strong></span> 
     </span>
    </p>
   </div>
   <div class='ocr_carea' id='block_1_43' title="bbox 743 2742 2305 2817">
    <p class='ocr_par' dir='ltr' id='par_1_43' title="bbox 743 2742 2305 2817">
     <span class='ocr_line' id='line_1_43' title="bbox 743 2742 2305 2817; baseline -0.005 -15"><span class='ocrx_word' id='word_1_317' title='bbox 743 2746 985 2802; x_wconf 89' lang='lat' dir='ltr'><strong>cundum</strong></span> <span class='ocrx_word' id='word_1_318' title='bbox 1012 2746 1261 2817; x_wconf 84' lang='lat' dir='ltr'><strong>Aquilam</strong></span> <span class='ocrx_word' id='word_1_319' title='bbox 1288 2764 1299 2800; x_wconf 93' lang='lat'><strong>:</strong></span> <span class='ocrx_word' id='word_1_320' title='bbox 1327 2744 1627 2800; x_wconf 79' lang='lat' dir='ltr'><strong>Contudisli</strong></span> <span class='ocrx_word' id='word_1_321' title='bbox 1657 2761 1749 2797; x_wconf 81' lang='lat' dir='ltr'><strong>nos</strong></span> <span class='ocrx_word' id='word_1_322' title='bbox 1775 2745 1843 2807; x_wconf 8' lang='lat' dir='ltr'><strong>in,</strong></span> <span class='ocrx_word' id='word_1_323' title='bbox 1864 2743 1975 2797; x_wconf 88' lang='lat' dir='ltr'><strong>loco</strong></span> <span class='ocrx_word' id='word_1_324' title='bbox 1992 2742 2305 2805; x_wconf 77' lang='lat' dir='ltr'><strong>inhabitato,</strong></span> 
     </span>
    </p>
   </div>
   <div class='ocr_carea' id='block_1_44' title="bbox 742 2836 2307 2896">
    <p class='ocr_par' dir='ltr' id='par_1_44' title="bbox 742 2836 2307 2896">
     <span class='ocr_line' id='line_1_44' title="bbox 742 2836 2307 2896; baseline -0.003 0"><span class='ocrx_word' id='word_1_325' title='bbox 742 2848 795 2896; x_wconf 75' lang='lat' dir='ltr'><strong>et</strong></span> <span class='ocrx_word' id='word_1_326' title='bbox 820 2840 1063 2894; x_wconf 70' lang='lat' dir='ltr'><strong>obtexisti</strong></span> <span class='ocrx_word' id='word_1_327' title='bbox 1090 2839 1238 2894; x_wconf 79' lang='lat' dir='ltr'><strong>nobis</strong></span> <span class='ocrx_word' id='word_1_328' title='bbox 1269 2838 1509 2892; x_wconf 83' lang='lat' dir='ltr'><strong>umbram</strong></span> <span class='ocrx_word' id='word_1_329' title='bbox 1542 2839 1747 2893; x_wconf 84' lang='lat' dir='ltr'><strong>mortis.</strong></span> <span class='ocrx_word' id='word_1_330' title='bbox 1785 2836 1909 2891; x_wconf 84' lang='lat' dir='ltr'><strong>Non</strong></span> <span class='ocrx_word' id='word_1_331' title='bbox 1939 2837 2092 2892; x_wconf 76' lang='lat' dir='ltr'><strong>obliti</strong></span> <span class='ocrx_word' id='word_1_332' title='bbox 2129 2853 2307 2892; x_wconf 84' lang='lat' dir='ltr'><strong>sumus</strong></span> 
     </span>
    </p>
   </div>
   <div class='ocr_carea' id='block_1_45' title="bbox 744 2929 2198 3011">
    <p class='ocr_par' dir='ltr' id='par_1_45' title="bbox 744 2929 2198 3011">
     <span class='ocr_line' id='line_1_45' title="bbox 744 2929 2198 3011; baseline -0.004 -23"><span class='ocrx_word' id='word_1_333' title='bbox 744 2935 843 2997; x_wconf 78' lang='lat' dir='ltr'><strong>tsi,</strong></span> <span class='ocrx_word' id='word_1_334' title='bbox 874 2949 1035 3004; x_wconf 74' lang='lat' dir='ltr'><strong>neque</strong></span> <span class='ocrx_word' id='word_1_335' title='bbox 1062 2933 1590 3011; x_wconf 78' lang='lat' dir='ltr'><strong>transgressisumus</strong></span> <span class='ocrx_word' id='word_1_336' title='bbox 1627 2932 1762 2985; x_wconf 82' lang='lat' dir='ltr'><strong>inita</strong></span> <span class='ocrx_word' id='word_1_337' title='bbox 1786 2941 1952 2985; x_wconf 84' lang='lat' dir='ltr'><strong>tecum</strong></span> <span class='ocrx_word' id='word_1_338' title='bbox 1982 2929 2198 3001; x_wconf 72' lang='lat' dir='ltr'><strong>fmdera.</strong></span> 
     </span>
    </p>
   </div>
   <div class='ocr_carea' id='block_1_46' title="bbox 748 3125 2303 3190">
    <p class='ocr_par' dir='ltr' id='par_1_46' title="bbox 748 3125 2303 3190">
     <span class='ocr_line' id='line_1_46' title="bbox 748 3125 2303 3190; baseline -0.005 -3"><span class='ocrx_word' id='word_1_339' title='bbox 748 3184 751 3187; x_wconf 74' lang='grc'><strong>,</strong></span> <span class='ocrx_word' id='word_1_340' title='bbox 807 3132 978 3190; x_wconf 74' lang='lat' dir='ltr'><strong>Vsus.</strong></span> <span class='ocrx_word' id='word_1_341' title='bbox 1006 3133 1070 3187; x_wconf 72' lang='grc'><strong>21</strong></span> <span class='ocrx_word' id='word_1_342' title='bbox 1099 3131 1234 3187; x_wconf 74' lang='lat'><strong>~22.</strong></span> <span class='ocrx_word' id='word_1_343' title='bbox 1277 3128 1336 3184; x_wconf 91' lang='lat' dir='ltr'><strong>Si</strong></span> <span class='ocrx_word' id='word_1_344' title='bbox 1367 3129 1517 3183; x_wconf 78' lang='lat' dir='ltr'><strong>obliti</strong></span> <span class='ocrx_word' id='word_1_345' title='bbox 1544 3144 1724 3182; x_wconf 82' lang='lat' dir='ltr'><strong>sumus</strong></span> <span class='ocrx_word' id='word_1_346' title='bbox 1761 3125 2071 3180; x_wconf 82' lang='lat' dir='ltr'><strong>nomen‘Dei</strong></span> <span class='ocrx_word' id='word_1_347' title='bbox 2114 3128 2303 3189; x_wconf 79' lang='lat' dir='ltr'><strong>nostri,</strong></span> 
     </span>
    </p>
   </div>
   <div class='ocr_carea' id='block_1_47' title="bbox 738 3219 2306 3295">
    <p class='ocr_par' dir='ltr' id='par_1_47' title="bbox 738 3219 2306 3295">
     <span class='ocr_line' id='line_1_47' title="bbox 738 3219 2306 3295; baseline -0.005 -11"><span class='ocrx_word' id='word_1_348' title='bbox 738 3239 789 3284; x_wconf 85' lang='lat' dir='ltr'><strong>et</strong></span> <span class='ocrx_word' id='word_1_349' title='bbox 817 3230 865 3282; x_wconf 86' lang='lat' dir='ltr'><strong>si</strong></span> <span class='ocrx_word' id='word_1_350' title='bbox 890 3224 1238 3295; x_wconf 68' lang='lat' dir='ltr'><strong>expendimus</strong></span> <span class='ocrx_word' id='word_1_351' title='bbox 1264 3238 1451 3275; x_wconf 77' lang='lat' dir='ltr'><strong>manus</strong></span> <span class='ocrx_word' id='word_1_352' title='bbox 1485 3231 1694 3275; x_wconf 83' lang='lat' dir='ltr'><strong>nostras</strong></span> <span class='ocrx_word' id='word_1_353' title='bbox 1734 3220 1802 3273; x_wconf 85' lang='lat' dir='ltr'><strong>ad</strong></span> <span class='ocrx_word' id='word_1_354' title='bbox 1832 3219 1999 3273; x_wconf 83' lang='lat' dir='ltr'><strong>Deum</strong></span> <span class='ocrx_word' id='word_1_355' title='bbox 2028 3220 2259 3274; x_wconf 85' lang='lat' dir='ltr'><strong>alienum</strong></span> <span class='ocrx_word' id='word_1_356' title='bbox 2284 3235 2306 3277; x_wconf 91' lang='lat'><strong><em>:</em></strong></span> 
     </span>
    </p>
   </div>
   <div class='ocr_carea' id='block_1_48' title="bbox 2415 2097 3977 2175">
    <p class='ocr_par' dir='ltr' id='par_1_48' title="bbox 2415 2097 3977 2175">
     <span class='ocr_line' id='line_1_48' title="bbox 2415 2097 3977 2175; baseline 0.007 -24"><span class='ocrx_word' id='word_1_357' title='bbox 2415 2098 2509 2152; x_wconf 77' lang='grc' dir='ltr'><strong>σοῦ</strong></span> <span class='ocrx_word' id='word_1_358' title='bbox 2538 2101 2773 2171; x_wconf 79' lang='grc' dir='ltr'><strong>μνήμης,</strong></span> <span class='ocrx_word' id='word_1_359' title='bbox 2805 2099 2903 2152; x_wconf 83' lang='grc' dir='ltr'>καὶ</span> <span class='ocrx_word' id='word_1_360' title='bbox 2932 2100 3042 2152; x_wconf 80' lang='grc' dir='ltr'>οὐκ</span> <span class='ocrx_word' id='word_1_361' title='bbox 3071 2097 3445 2171; x_wconf 79' lang='grc' dir='ltr'>ἠδικήσαμεν</span> <span class='ocrx_word' id='word_1_362' title='bbox 3468 2103 3806 2175; x_wconf 45' lang='lat' dir='ltr'><strong>eumeum</strong></span> <span class='ocrx_word' id='word_1_363' title='bbox 3836 2119 3977 2162; x_wconf 77' lang='grc' dir='ltr'>σου·</span> 
     </span>
    </p>
   </div>
   <div class='ocr_carea' id='block_1_49' title="bbox 2413 2190 3982 2268">
    <p class='ocr_par' dir='ltr' id='par_1_49' title="bbox 2413 2190 3982 2268">
     <span class='ocr_line' id='line_1_49' title="bbox 2413 2190 3982 2268; baseline 0.004 -23"><span class='ocrx_word' id='word_1_364' title='bbox 2413 2191 2446 2261; x_wconf 81' lang='grc' dir='ltr'>ἢ</span> <span class='ocrx_word' id='word_1_365' title='bbox 2480 2192 2618 2245; x_wconf 89' lang='grc' dir='ltr'><strong>κατά</strong></span> <span class='ocrx_word' id='word_1_366' title='bbox 2649 2191 2740 2245; x_wconf 81' lang='grc' dir='ltr'>τὸν</span> <span class='ocrx_word' id='word_1_367' title='bbox 2772 2190 3076 2261; x_wconf 83' lang='grc' dir='ltr'>Σύμμαχον·</span> <span class='ocrx_word' id='word_1_368' title='bbox 3117 2190 3268 2245; x_wconf 81' lang='grc' dir='ltr'><strong>Οὐδὲ</strong></span> <span class='ocrx_word' id='word_1_369' title='bbox 3306 2196 3843 2266; x_wconf 69' lang='grc' dir='ltr'>παρελοτησὰμεθα</span> <span class='ocrx_word' id='word_1_370' title='bbox 3866 2198 3982 2268; x_wconf 68' lang='grc' dir='ltr'><strong>τὴν</strong></span> 
     </span>
    </p>
   </div>
   <div class='ocr_carea' id='block_1_50' title="bbox 2412 2278 3979 2358">
    <p class='ocr_par' dir='ltr' id='par_1_50' title="bbox 2412 2278 3979 2358">
     <span class='ocr_line' id='line_1_50' title="bbox 2412 2278 3979 2358; baseline 0.004 -25"><span class='ocrx_word' id='word_1_371' title='bbox 2412 2281 2729 2348; x_wconf 79' lang='grc' dir='ltr'><strong>συνθήκην</strong></span> <span class='ocrx_word' id='word_1_372' title='bbox 2757 2297 2892 2342; x_wconf 86' lang='grc' dir='ltr'>σου,</span> <span class='ocrx_word' id='word_1_373' title='bbox 2921 2278 3060 2333; x_wconf 77' lang='grc' dir='ltr'>οὐδὲ</span> <span class='ocrx_word' id='word_1_374' title='bbox 3080 2279 3311 2349; x_wconf 80' lang='grc' dir='ltr'>ἀπέστη</span> <span class='ocrx_word' id='word_1_375' title='bbox 3342 2286 3429 2349; x_wconf 75' lang='grc' dir='ltr'><strong>εἰς</strong></span> <span class='ocrx_word' id='word_1_376' title='bbox 3456 2285 3527 2338; x_wconf 86' lang='grc' dir='ltr'>τὰ</span> <span class='ocrx_word' id='word_1_377' title='bbox 3562 2286 3754 2340; x_wconf 80' lang='grc' dir='ltr'>ὀπίσω</span> <span class='ocrx_word' id='word_1_378' title='bbox 3772 2288 3811 2355; x_wconf 81' lang='grc' dir='ltr'><strong><em>ή</em></strong></span> <span class='ocrx_word' id='word_1_379' title='bbox 3836 2306 3979 2358; x_wconf 65' lang='grc' dir='ltr'>καρ-</span> 
     </span>
    </p>
   </div>
   <div class='ocr_carea' id='block_1_51' title="bbox 2412 2372 3980 2447">
    <p class='ocr_par' dir='ltr' id='par_1_51' title="bbox 2412 2372 3980 2447">
     <span class='ocr_line' id='line_1_51' title="bbox 2412 2372 3980 2447; baseline 0.006 -23"><span class='ocrx_word' id='word_1_380' title='bbox 2412 2372 2509 2427; x_wconf 83' lang='grc' dir='ltr'><strong>δία</strong></span> <span class='ocrx_word' id='word_1_381' title='bbox 2537 2373 2728 2443; x_wconf 74' lang='grc' dir='ltr'>ἡμῶν.</span> <span class='ocrx_word' id='word_1_382' title='bbox 2766 2372 2909 2424; x_wconf 78' lang='grc' dir='ltr'>Ἀντὶ</span> <span class='ocrx_word' id='word_1_383' title='bbox 2940 2372 3016 2423; x_wconf 84' lang='grc' dir='ltr'><strong>δέ·</strong></span> <span class='ocrx_word' id='word_1_384' title='bbox 3067 2373 3175 2426; x_wconf 80' lang='grc' dir='ltr'><strong>Καὶ</strong></span> <span class='ocrx_word' id='word_1_385' title='bbox 3224 2373 3537 2443; x_wconf 74' lang='grc' dir='ltr'>ἐξέκλινας</span> <span class='ocrx_word' id='word_1_386' title='bbox 3587 2376 3694 2443; x_wconf 82' lang='grc' dir='ltr'><strong>τὰς</strong></span> <span class='ocrx_word' id='word_1_387' title='bbox 3744 2381 3980 2447; x_wconf 73' lang='grc' dir='ltr'>τρίϐους</span> 
     </span>
    </p>
   </div>
   <div class='ocr_carea' id='block_1_52' title="bbox 2412 2465 3980 2543">
    <p class='ocr_par' dir='ltr' id='par_1_52' title="bbox 2412 2465 3980 2543">
     <span class='ocr_line' id='line_1_52' title="bbox 2412 2465 3980 2543; baseline 0.003 -24"><span class='ocrx_word' id='word_1_388' title='bbox 2412 2465 2577 2535; x_wconf 77' lang='grc' dir='ltr'>ἡμῶν</span> <span class='ocrx_word' id='word_1_389' title='bbox 2602 2466 2721 2520; x_wconf 79' lang='grc' dir='ltr'>ἀπὸ</span> <span class='ocrx_word' id='word_1_390' title='bbox 2752 2466 2861 2535; x_wconf 84' lang='grc' dir='ltr'>τῆς</span> <span class='ocrx_word' id='word_1_391' title='bbox 2916 2468 3060 2524; x_wconf 79' lang='grc' dir='ltr'><strong>ὀδοῦ</strong></span> <span class='ocrx_word' id='word_1_392' title='bbox 3078 2483 3215 2531; x_wconf 83' lang='grc' dir='ltr'>σου,</span> <span class='ocrx_word' id='word_1_393' title='bbox 3248 2470 3277 2520; x_wconf 89' lang='grc' dir='ltr'>ὁ</span> <span class='ocrx_word' id='word_1_394' title='bbox 3307 2467 3597 2540; x_wconf 80' lang='grc' dir='ltr'><strong>Σύμμαχος</strong></span> <span class='ocrx_word' id='word_1_395' title='bbox 3652 2470 3980 2543; x_wconf 78' lang='grc' dir='ltr'>σαφέστερον</span> 
     </span>
    </p>
   </div>
   <div class='ocr_carea' id='block_1_53' title="bbox 2411 2557 3981 2631">
    <p class='ocr_par' dir='ltr' id='par_1_53' title="bbox 2411 2557 3981 2631">
     <span class='ocr_line' id='line_1_53' title="bbox 2411 2557 3981 2631; baseline 0.005 -22"><span class='ocrx_word' id='word_1_396' title='bbox 2411 2557 2669 2623; x_wconf 79' lang='grc' dir='ltr'><strong>ἐξέδωκεν</strong></span> <span class='ocrx_word' id='word_1_397' title='bbox 2702 2558 2887 2612; x_wconf 79' lang='grc' dir='ltr'>εἰπών·</span> <span class='ocrx_word' id='word_1_398' title='bbox 2944 2560 3099 2614; x_wconf 80' lang='grc' dir='ltr'><strong>Οὐδὲ</strong></span> <span class='ocrx_word' id='word_1_399' title='bbox 3154 2560 3437 2629; x_wconf 77' lang='grc' dir='ltr'><strong>μετετέθη</strong></span> <span class='ocrx_word' id='word_1_400' title='bbox 3484 2561 3557 2615; x_wconf 83' lang='grc' dir='ltr'>τὰ</span> <span class='ocrx_word' id='word_1_401' title='bbox 3603 2564 3981 2631; x_wconf 71' lang='grc' dir='ltr'>ὐπορθοῦντα</span> 
     </span>
    </p>
   </div>
   <div class='ocr_carea' id='block_1_54' title="bbox 2416 2646 3975 2721">
    <p class='ocr_par' dir='ltr' id='par_1_54' title="bbox 2416 2646 3975 2721">
     <span class='ocr_line' id='line_1_54' title="bbox 2416 2646 3975 2721; baseline 0.002 -19"><span class='ocrx_word' id='word_1_402' title='bbox 2416 2646 2594 2716; x_wconf 75' lang='grc' dir='ltr'>ἡμᾶς·</span> <span class='ocrx_word' id='word_1_403' title='bbox 2622 2648 2691 2703; x_wconf 84' lang='grc' dir='ltr'><strong>ὲν</strong></span> <span class='ocrx_word' id='word_1_404' title='bbox 2713 2651 2873 2717; x_wconf 84' lang='grc' dir='ltr'>τόπῳ</span> <span class='ocrx_word' id='word_1_405' title='bbox 2930 2650 3275 2718; x_wconf 71' lang='grc' dir='ltr'>κακώσεως·</span> <span class='ocrx_word' id='word_1_406' title='bbox 3326 2651 3359 2721; x_wconf 82' lang='grc' dir='ltr'>ἢ</span> <span class='ocrx_word' id='word_1_407' title='bbox 3422 2650 3560 2706; x_wconf 84' lang='grc' dir='ltr'><strong>κατά</strong></span> <span class='ocrx_word' id='word_1_408' title='bbox 3591 2651 3682 2706; x_wconf 83' lang='grc' dir='ltr'><strong>τὸν</strong></span> <span class='ocrx_word' id='word_1_409' title='bbox 3725 2653 3975 2707; x_wconf 74' lang='grc' dir='ltr'>Ἀκύλαν·</span> 
     </span>
    </p>
   </div>
   <div class='ocr_carea' id='block_1_55' title="bbox 2410 2739 3979 2817">
    <p class='ocr_par' dir='ltr' id='par_1_55' title="bbox 2410 2739 3979 2817">
     <span class='ocr_line' id='line_1_55' title="bbox 2410 2739 3979 2817; baseline 0.004 -23"><span class='ocrx_word' id='word_1_410' title='bbox 2410 2739 2799 2807; x_wconf 76' lang='grc' dir='ltr'>Συνέθλασας</span> <span class='ocrx_word' id='word_1_411' title='bbox 2825 2740 2980 2811; x_wconf 78' lang='grc' dir='ltr'>ἡμᾶς</span> <span class='ocrx_word' id='word_1_412' title='bbox 3008 2742 3081 2796; x_wconf 76' lang='grc' dir='ltr'><strong>ἐν</strong></span> <span class='ocrx_word' id='word_1_413' title='bbox 3103 2744 3261 2807; x_wconf 77' lang='grc' dir='ltr'>τόπῳ</span> <span class='ocrx_word' id='word_1_414' title='bbox 3280 2744 3597 2811; x_wconf 81' lang='grc' dir='ltr'>ἀνοικήτφ,</span> <span class='ocrx_word' id='word_1_415' title='bbox 3631 2745 3729 2799; x_wconf 68' lang='grc' dir='ltr'><strong>καί</strong></span> <span class='ocrx_word' id='word_1_416' title='bbox 3768 2744 3845 2817; x_wconf 83' lang='lat' dir='ltr'><strong>(l)</strong></span> <span class='ocrx_word' id='word_1_417' title='bbox 3876 2746 3979 2799; x_wconf 79' lang='grc' dir='ltr'><strong>ἐπ-</strong></span> 
     </span>
    </p>
   </div>
   <div class='ocr_carea' id='block_1_56' title="bbox 2407 2834 3977 2907">
    <p class='ocr_par' dir='ltr' id='par_1_56' title="bbox 2407 2834 3977 2907">
     <span class='ocr_line' id='line_1_56' title="bbox 2407 2834 3977 2907; baseline 0.004 -18"><span class='ocrx_word' id='word_1_418' title='bbox 2407 2834 2731 2905; x_wconf 77' lang='grc' dir='ltr'>επώμασας</span> <span class='ocrx_word' id='word_1_419' title='bbox 2768 2838 2914 2907; x_wconf 76' lang='grc' dir='ltr'>ἡμῖν</span> <span class='ocrx_word' id='word_1_420' title='bbox 2967 2841 3148 2893; x_wconf 81' lang='grc' dir='ltr'>σκιὰν</span> <span class='ocrx_word' id='word_1_421' title='bbox 3199 2839 3477 2896; x_wconf 82' lang='grc' dir='ltr'>θανάτου.</span> <span class='ocrx_word' id='word_1_422' title='bbox 3536 2842 3657 2895; x_wconf 80' lang='grc' dir='ltr'><strong>οὐκ</strong></span> <span class='ocrx_word' id='word_1_423' title='bbox 3692 2842 3977 2896; x_wconf 61' lang='grc' dir='ltr'>ἐπελαθό-</span> 
     </span>
    </p>
   </div>
   <div class='ocr_carea' id='block_1_57' title="bbox 2402 2927 3977 3003">
    <p class='ocr_par' dir='ltr' id='par_1_57' title="bbox 2402 2927 3977 3003">
     <span class='ocr_line' id='line_1_57' title="bbox 2402 2927 3977 3003; baseline 0.005 -22"><span class='ocrx_word' id='word_1_424' title='bbox 2402 2927 2555 2996; x_wconf 72' lang='grc' dir='ltr'><strong>μεθὰ</strong></span> <span class='ocrx_word' id='word_1_425' title='bbox 2605 2944 2721 2984; x_wconf 83' lang='grc' dir='ltr'><strong>σου</strong></span> <span class='ocrx_word' id='word_1_426' title='bbox 2801 2930 2943 2985; x_wconf 80' lang='grc' dir='ltr'>οὐδὲ</span> <span class='ocrx_word' id='word_1_427' title='bbox 2992 2932 3331 3002; x_wconf 76' lang='grc' dir='ltr'>,παρέϐημεν</span> <span class='ocrx_word' id='word_1_428' title='bbox 3374 2936 3482 3001; x_wconf 80' lang='grc' dir='ltr'>τὰς</span> <span class='ocrx_word' id='word_1_429' title='bbox 3520 2933 3672 3003; x_wconf 76' lang='grc' dir='ltr'>πρὸς</span> <span class='ocrx_word' id='word_1_430' title='bbox 3702 2934 3778 2988; x_wconf 76' lang='grc' dir='ltr'>σὲ</span> <span class='ocrx_word' id='word_1_431' title='bbox 3823 2949 3977 2990; x_wconf 80' lang='grc' dir='ltr'>συν-</span> 
     </span>
    </p>
   </div>
   <div class='ocr_carea' id='block_1_58' title="bbox 2408 3017 3524 3086">
    <p class='ocr_par' dir='ltr' id='par_1_58' title="bbox 2408 3017 3524 3086">
     <span class='ocr_line' id='line_1_58' title="bbox 2408 3017 3524 3086; baseline 0 -14"><span class='ocrx_word' id='word_1_432' title='bbox 2408 3017 2619 3086; x_wconf 82' lang='grc' dir='ltr'>θήκας.</span> <span class='ocrx_word' id='word_1_433' title='bbox 3518 3029 3524 3035; x_wconf 89' lang='grc'><strong>’</strong></span> 
     </span>
    </p>
   </div>
   <div class='ocr_carea' id='block_1_59' title="bbox 2471 3132 3972 3207">
    <p class='ocr_par' dir='ltr' id='par_1_59' title="bbox 2471 3132 3972 3207">
     <span class='ocr_line' id='line_1_59' title="bbox 2471 3132 3972 3207; baseline 0.006 -24"><span class='ocrx_word' id='word_1_434' title='bbox 2471 3133 2537 3184; x_wconf 81' lang='lat' dir='ltr'><strong>El</strong></span> <span class='ocrx_word' id='word_1_435' title='bbox 2564 3132 2968 3203; x_wconf 77' lang='grc' dir='ltr'>ἐπελαϐόμεθα</span> <span class='ocrx_word' id='word_1_436' title='bbox 2993 3135 3099 3189; x_wconf 83' lang='grc' dir='ltr'>τοῦ</span> <span class='ocrx_word' id='word_1_437' title='bbox 3146 3138 3432 3206; x_wconf 82' lang='grc' dir='ltr'>ὀνόματος</span> <span class='ocrx_word' id='word_1_438' title='bbox 3463 3136 3568 3190; x_wconf 85' lang='grc' dir='ltr'>τοῦ</span> <span class='ocrx_word' id='word_1_439' title='bbox 3599 3137 3746 3191; x_wconf 85' lang='grc' dir='ltr'><strong>Θεοῦ</strong></span> <span class='ocrx_word' id='word_1_440' title='bbox 3787 3136 3972 3207; x_wconf 68' lang='grc' dir='ltr'>ἡμῶν,</span> 
     </span>
    </p>
   </div>
   <div class='ocr_carea' id='block_1_60' title="bbox 2410 3220 3977 3297">
    <p class='ocr_par' dir='ltr' id='par_1_60' title="bbox 2410 3220 3977 3297">
     <span class='ocr_line' id='line_1_60' title="bbox 2410 3220 3977 3297; baseline 0.004 -19"><span class='ocrx_word' id='word_1_441' title='bbox 2410 3226 2504 3278; x_wconf 76' lang='grc' dir='ltr'>καὶ</span> <span class='ocrx_word' id='word_1_442' title='bbox 2533 3228 2583 3279; x_wconf 77' lang='grc' dir='ltr'>ει</span> <span class='ocrx_word' id='word_1_443' title='bbox 2612 3224 3044 3296; x_wconf 78' lang='grc' dir='ltr'>διεπετάσαμεν</span> <span class='ocrx_word' id='word_1_444' title='bbox 3070 3227 3269 3297; x_wconf 83' lang='grc' dir='ltr'>χεῖρας</span> <span class='ocrx_word' id='word_1_445' title='bbox 3320 3225 3489 3297; x_wconf 77' lang='grc' dir='ltr'>ἡμῶν</span> <span class='ocrx_word' id='word_1_446' title='bbox 3532 3220 3679 3296; x_wconf 71' lang='grc' dir='ltr'>πρὸς</span> <span class='ocrx_word' id='word_1_447' title='bbox 3700 3228 3848 3283; x_wconf 77' lang='grc' dir='ltr'><strong>Θεὸν</strong></span> <span class='ocrx_word' id='word_1_448' title='bbox 3874 3231 3977 3285; x_wconf 67' lang='grc' dir='ltr'>ἀλ-</span> 
     </span>
    </p>
   </div>
   <div class='ocr_carea' id='block_1_61' title="bbox 748 3311 2467 3396">
    <p class='ocr_par' dir='ltr' id='par_1_61' title="bbox 748 3311 2467 3396">
     <span class='ocr_line' id='line_1_61' title="bbox 748 3311 2467 3396; baseline -0.008 -21"><span class='ocrx_word' id='word_1_449' title='bbox 748 3336 919 3375; x_wconf 80' lang='lat' dir='ltr'><strong>nonne</strong></span> <span class='ocrx_word' id='word_1_450' title='bbox 953 3317 1093 3391; x_wconf 80' lang='lat' dir='ltr'><strong>Deus</strong></span> <span class='ocrx_word' id='word_1_451' title='bbox 1122 3316 1347 3386; x_wconf 81' lang='lat' dir='ltr'><strong>requiret</strong></span> <span class='ocrx_word' id='word_1_452' title='bbox 1371 3315 1503 3368; x_wconf 83' lang='lat' dir='ltr'><strong>ista?</strong></span> <span class='ocrx_word' id='word_1_453' title='bbox 1520 3311 1729 3376; x_wconf 82' lang='lat' dir='ltr'><strong>etc.’l‘e,</strong></span> <span class='ocrx_word' id='word_1_454' title='bbox 1758 3313 1955 3383; x_wconf 90' lang='lat' dir='ltr'><strong>inquit,</strong></span> <span class='ocrx_word' id='word_1_455' title='bbox 1988 3321 2181 3368; x_wconf 89' lang='lat' dir='ltr'><strong>testem</strong></span> <span class='ocrx_word' id='word_1_456' title='bbox 2210 3314 2307 3390; x_wconf 78' lang='lat' dir='ltr'><strong>ad-</strong></span> <span class='ocrx_word' id='word_1_457' title='bbox 2334 3336 2377 3396; x_wconf 64' lang='grc' dir='ltr'><strong>ρ</strong></span> <span class='ocrx_word' id='word_1_458' title='bbox 2408 3323 2467 3372; x_wconf 74' lang='grc' dir='ltr'><strong>λι</strong></span> 
     </span>
    </p>
   </div>
   <div class='ocr_carea' id='block_1_62' title="bbox 2255 3311 3974 3396">
    <p class='ocr_par' dir='ltr' id='par_1_62' title="bbox 2255 3314 3974 3396">
     <span class='ocr_line' id='line_1_62' title="bbox 2255 3314 3974 3396; baseline 0.002 -25"><span class='ocrx_word' id='word_1_459' title='bbox 2255 3314 2307 3390; x_wconf 56' lang='grc' dir='ltr'><strong>ξ·</strong></span> <span class='ocrx_word' id='word_1_460' title='bbox 2334 3336 2377 3396; x_wconf 76' lang='lat' dir='ltr'>C</span> <span class='ocrx_word' id='word_1_461' title='bbox 2408 3319 2666 3387; x_wconf 71' lang='grc' dir='ltr'>λάτριον·</span> <span class='ocrx_word' id='word_1_462' title='bbox 2705 3319 2845 3389; x_wconf 73' lang='grc' dir='ltr'>οὐχὶ</span> <span class='ocrx_word' id='word_1_463' title='bbox 2896 3323 2928 3374; x_wconf 82' lang='grc' dir='ltr'><strong>ό</strong></span> <span class='ocrx_word' id='word_1_464' title='bbox 2966 3319 3109 3386; x_wconf 83' lang='grc' dir='ltr'><strong>Θεὸς</strong></span> <span class='ocrx_word' id='word_1_465' title='bbox 3142 3318 3449 3388; x_wconf 63' lang='grc' dir='ltr'>ἐπιζητήσει</span> <span class='ocrx_word' id='word_1_466' title='bbox 3479 3319 3665 3374; x_wconf 84' lang='grc' dir='ltr'>ταῦτα</span> <span class='ocrx_word' id='word_1_467' title='bbox 3678 3336 3699 3385; x_wconf 86' lang='grc'><strong><em>;</em></strong></span> <span class='ocrx_word' id='word_1_468' title='bbox 3735 3321 3802 3373; x_wconf 84' lang='grc' dir='ltr'><strong>Σὲ</strong></span> <span class='ocrx_word' id='word_1_469' title='bbox 3835 3322 3974 3395; x_wconf 87' lang='grc' dir='ltr'>μάρ-</span> 
     </span>
    </p>
   </div>
   <div class='ocr_carea' id='block_1_63' title="bbox 740 3406 2303 3479">
    <p class='ocr_par' dir='ltr' id='par_1_63' title="bbox 740 3406 2303 3479">
     <span class='ocr_line' id='line_1_63' title="bbox 740 3406 2303 3479; baseline -0.004 -13"><span class='ocrx_word' id='word_1_470' title='bbox 740 3425 1022 3478; x_wconf 88' lang='lat' dir='ltr'><strong>vocamus,</strong></span> <span class='ocrx_word' id='word_1_471' title='bbox 1060 3414 1113 3466; x_wconf 85' lang='lat' dir='ltr'><strong>te</strong></span> <span class='ocrx_word' id='word_1_472' title='bbox 1158 3408 1397 3479; x_wconf 88' lang='lat' dir='ltr'><strong>judicem</strong></span> <span class='ocrx_word' id='word_1_473' title='bbox 1451 3415 1506 3462; x_wconf 93' lang='lat' dir='ltr'><strong>et</strong></span> <span class='ocrx_word' id='word_1_474' title='bbox 1560 3406 1981 3477; x_wconf 77' lang='lat' dir='ltr'><strong>exploratorem</strong></span> <span class='ocrx_word' id='word_1_475' title='bbox 2016 3406 2303 3460; x_wconf 82' lang='lat' dir='ltr'><strong>verborum</strong></span> 
     </span>
    </p>
   </div>
   <div class='ocr_carea' id='block_1_64' title="bbox 738 3498 2305 3574">
    <p class='ocr_par' dir='ltr' id='par_1_64' title="bbox 738 3498 2305 3574">
     <span class='ocr_line' id='line_1_64' title="bbox 738 3498 2305 3574; baseline -0.005 -14"><span class='ocrx_word' id='word_1_476' title='bbox 738 3512 1075 3570; x_wconf 88' lang='lat' dir='ltr'><strong>nostrorum,</strong></span> <span class='ocrx_word' id='word_1_477' title='bbox 1108 3511 1272 3574; x_wconf 89' lang='lat' dir='ltr'><strong>atque</strong></span> <span class='ocrx_word' id='word_1_478' title='bbox 1317 3502 1706 3573; x_wconf 79' lang='lat' dir='ltr'><strong>cogitationum</strong></span> <span class='ocrx_word' id='word_1_479' title='bbox 1737 3498 1940 3564; x_wconf 85' lang='lat' dir='ltr'><strong>cordis,</strong></span> <span class='ocrx_word' id='word_1_480' title='bbox 1971 3513 2093 3569; x_wconf 78' lang='lat' dir='ltr'><strong>quae</strong></span> <span class='ocrx_word' id='word_1_481' title='bbox 2137 3498 2305 3569; x_wconf 88' lang='lat' dir='ltr'><strong>pluri-</strong></span> 
     </span>
    </p>
   </div>
   <div class='ocr_carea' id='block_1_65' title="bbox 736 3592 2305 3667">
    <p class='ocr_par' dir='ltr' id='par_1_65' title="bbox 736 3592 2305 3667">
     <span class='ocr_line' id='line_1_65' title="bbox 736 3592 2305 3667; baseline -0.004 -13"><span class='ocrx_word' id='word_1_482' title='bbox 736 3598 845 3654; x_wconf 81' lang='lat' dir='ltr'><strong>mis</strong></span> <span class='ocrx_word' id='word_1_483' title='bbox 880 3598 1068 3653; x_wconf 82' lang='lat' dir='ltr'><strong>latent.</strong></span> <span class='ocrx_word' id='word_1_484' title='bbox 1101 3597 1403 3667; x_wconf 84' lang='lat' dir='ltr'><strong>Tu&#39;itaque</strong></span> <span class='ocrx_word' id='word_1_485' title='bbox 1445 3597 1614 3662; x_wconf 85' lang='lat' dir='ltr'><strong>nosti,</strong></span> <span class='ocrx_word' id='word_1_486' title='bbox 1649 3595 1696 3650; x_wconf 94' lang='lat' dir='ltr'><strong>si</strong></span> <span class='ocrx_word' id='word_1_487' title='bbox 1733 3595 1899 3650; x_wconf 84' lang='lat' dir='ltr'><strong>tantis</strong></span> <span class='ocrx_word' id='word_1_488' title='bbox 1928 3592 2111 3648; x_wconf 75' lang='lat' dir='ltr'><strong>afﬂicti</strong></span> <span class='ocrx_word' id='word_1_489' title='bbox 2147 3592 2305 3648; x_wconf 87' lang='lat' dir='ltr'><strong>malis</strong></span> 
     </span>
    </p>
   </div>
   <div class='ocr_carea' id='block_1_66' title="bbox 736 3679 2304 3757">
    <p class='ocr_par' dir='ltr' id='par_1_66' title="bbox 736 3679 2304 3757">
     <span class='ocr_line' id='line_1_66' title="bbox 736 3679 2304 3757; baseline -0.006 -14"><span class='ocrx_word' id='word_1_490' title='bbox 736 3696 792 3757; x_wconf 87' lang='lat' dir='ltr'><strong>et</strong></span> <span class='ocrx_word' id='word_1_491' title='bbox 829 3687 1095 3743; x_wconf 79' lang='lat' dir='ltr'><strong>humiliati</strong></span> <span class='ocrx_word' id='word_1_492' title='bbox 1127 3687 1181 3742; x_wconf 90' lang='lat' dir='ltr'><strong>in</strong></span> <span class='ocrx_word' id='word_1_493' title='bbox 1208 3686 1330 3743; x_wconf 88' lang='lat' dir='ltr'><strong>loco</strong></span> <span class='ocrx_word' id='word_1_494' title='bbox 1367 3683 1696 3748; x_wconf 81' lang='lat' dir='ltr'><strong>aﬂlictionis,</strong></span> <span class='ocrx_word' id='word_1_495' title='bbox 1724 3684 1900 3754; x_wconf 90' lang='lat' dir='ltr'><strong>operti</strong></span> <span class='ocrx_word' id='word_1_496' title='bbox 1923 3679 2127 3739; x_wconf 69' lang='lat' dir='ltr'><strong>&#39;umbra</strong></span> <span class='ocrx_word' id='word_1_497' title='bbox 2158 3696 2304 3735; x_wconf 89' lang='lat' dir='ltr'><strong>mor-</strong></span> 
     </span>
    </p>
   </div>
   <div class='ocr_carea' id='block_1_67' title="bbox 736 3776 2301 3848">
    <p class='ocr_par' dir='ltr' id='par_1_67' title="bbox 736 3776 2301 3848">
     <span class='ocr_line' id='line_1_67' title="bbox 736 3776 2301 3848; baseline -0.004 -13"><span class='ocrx_word' id='word_1_498' title='bbox 736 3782 832 3848; x_wconf 89' lang='lat' dir='ltr'><strong>tis,</strong></span> <span class='ocrx_word' id='word_1_499' title='bbox 857 3781 911 3837; x_wconf 92' lang='lat' dir='ltr'><strong>in</strong></span> <span class='ocrx_word' id='word_1_500' title='bbox 952 3780 1279 3836; x_wconf 81' lang='lat' dir='ltr'><strong>oblivionem</strong></span> <span class='ocrx_word' id='word_1_501' title='bbox 1323 3779 1564 3833; x_wconf 86' lang='lat' dir='ltr'><strong>nominis</strong></span> <span class='ocrx_word' id='word_1_502' title='bbox 1610 3777 1691 3832; x_wconf 90' lang='lat' dir='ltr'><strong>tui</strong></span> <span class='ocrx_word' id='word_1_503' title='bbox 1736 3778 2007 3843; x_wconf 81' lang='lat' dir='ltr'><strong>venimus,</strong></span> <span class='ocrx_word' id='word_1_504' title='bbox 2034 3783 2089 3830; x_wconf 89' lang='lat' dir='ltr'><strong>et</strong></span> <span class='ocrx_word' id='word_1_505' title='bbox 2118 3776 2301 3831; x_wconf 87' lang='lat' dir='ltr'><strong>sinon</strong></span> 
     </span>
    </p>
   </div>
   <div class='ocr_carea' id='block_1_68' title="bbox 738 3867 2303 3945">
    <p class='ocr_par' dir='ltr' id='par_1_68' title="bbox 738 3867 2303 3945">
     <span class='ocr_line' id='line_1_68' title="bbox 738 3867 2303 3945; baseline -0.004 -16"><span class='ocrx_word' id='word_1_506' title='bbox 738 3875 937 3931; x_wconf 81' lang='lat' dir='ltr'><strong>ﬁducia</strong></span> <span class='ocrx_word' id='word_1_507' title='bbox 979 3874 1126 3945; x_wconf 87' lang='lat' dir='ltr'><strong>pleni</strong></span> <span class='ocrx_word' id='word_1_508' title='bbox 1170 3873 1226 3928; x_wconf 83' lang='lat' dir='ltr'><strong>in</strong></span> <span class='ocrx_word' id='word_1_509' title='bbox 1279 3872 1499 3928; x_wconf 88' lang='lat' dir='ltr'><strong>nomine</strong></span> <span class='ocrx_word' id='word_1_510' title='bbox 1528 3879 1624 3926; x_wconf 90' lang='lat' dir='ltr'><strong>tuo</strong></span> <span class='ocrx_word' id='word_1_511' title='bbox 1646 3870 1860 3944; x_wconf 74' lang='lat' dir='ltr'><strong>gloriati</strong></span> <span class='ocrx_word' id='word_1_512' title='bbox 1893 3884 2086 3926; x_wconf 86' lang='lat' dir='ltr'><strong>sumus</strong></span> <span class='ocrx_word' id='word_1_513' title='bbox 2119 3888 2133 3924; x_wconf 89' lang='lat'><strong>:</strong></span> <span class='ocrx_word' id='word_1_514' title='bbox 2164 3871 2210 3923; x_wconf 89' lang='lat' dir='ltr'><strong>si</strong></span> <span class='ocrx_word' id='word_1_515' title='bbox 2235 3867 2303 3922; x_wconf 86' lang='lat' dir='ltr'><strong>de</strong></span> 
     </span>
    </p>
   </div>
   <div class='ocr_carea' id='block_1_69' title="bbox 736 3961 2303 4035">
    <p class='ocr_par' dir='ltr' id='par_1_69' title="bbox 736 3961 2303 4035">
     <span class='ocr_line' id='line_1_69' title="bbox 736 3961 2303 4035; baseline -0.006 -12"><span class='ocrx_word' id='word_1_516' title='bbox 736 3965 943 4023; x_wconf 63' lang='lat' dir='ltr'><strong>auxilio</strong></span> <span class='ocrx_word' id='word_1_517' title='bbox 964 3973 1061 4021; x_wconf 92' lang='lat' dir='ltr'><strong>tuo</strong></span> <span class='ocrx_word' id='word_1_518' title='bbox 1088 3964 1463 4035; x_wconf 80' lang='lat' dir='ltr'><strong>desperantes,</strong></span> <span class='ocrx_word' id='word_1_519' title='bbox 1492 3963 1560 4018; x_wconf 90' lang='lat' dir='ltr'><strong>ad</strong></span> <span class='ocrx_word' id='word_1_520' title='bbox 1588 3965 1753 4018; x_wconf 88' lang='lat' dir='ltr'><strong>alium</strong></span> <span class='ocrx_word' id='word_1_521' title='bbox 1782 3961 2073 4034; x_wconf 89' lang='lat' dir='ltr'><strong>quemdam</strong></span> <span class='ocrx_word' id='word_1_522' title='bbox 2118 3975 2303 4015; x_wconf 85' lang='lat' dir='ltr'><strong>acces-</strong></span> 
     </span>
    </p>
   </div>
   <div class='ocr_carea' id='block_1_70' title="bbox 736 4049 2301 4129">
    <p class='ocr_par' dir='ltr' id='par_1_70' title="bbox 736 4049 2301 4129">
     <span class='ocr_line' id='line_1_70' title="bbox 736 4049 2301 4129; baseline -0.006 -13"><span class='ocrx_word' id='word_1_523' title='bbox 736 4061 931 4123; x_wconf 77' lang='lat' dir='ltr'><strong>simus,</strong></span> <span class='ocrx_word' id='word_1_524' title='bbox 963 4073 1268 4129; x_wconf 89' lang='lat' dir='ltr'><strong>manusque</strong></span> <span class='ocrx_word' id='word_1_525' title='bbox 1317 4049 1409 4110; x_wconf 87' lang='lat' dir='ltr'><strong>alii</strong></span> <span class='ocrx_word' id='word_1_526' title='bbox 1466 4056 1583 4119; x_wconf 85' lang='lat' dir='ltr'><strong>Deo</strong></span> <span class='ocrx_word' id='word_1_527' title='bbox 1604 4056 1983 4125; x_wconf 82' lang='lat' dir='ltr'><strong>expandimus.</strong></span> <span class='ocrx_word' id='word_1_528' title='bbox 2013 4053 2216 4109; x_wconf 81' lang='lat' dir='ltr'><strong>Horum</strong></span> <span class='ocrx_word' id='word_1_529' title='bbox 2242 4063 2301 4107; x_wconf 93' lang='lat' dir='ltr'><strong>tu</strong></span> 
     </span>
    </p>
   </div>
   <div class='ocr_carea' id='block_1_71' title="bbox 705 4144 2313 4224">
    <p class='ocr_par' dir='ltr' id='par_1_71' title="bbox 705 4144 2313 4224">
     <span class='ocr_line' id='line_1_71' title="bbox 705 4144 2313 4224; baseline -0.006 -15"><span class='ocrx_word' id='word_1_530' title='bbox 705 4183 707 4185; x_wconf 60' lang='grc' dir='ltr'><strong>ι</strong></span> <span class='ocrx_word' id='word_1_531' title='bbox 732 4152 901 4224; x_wconf 80' lang='lat' dir='ltr'><strong>judex</strong></span> <span class='ocrx_word' id='word_1_532' title='bbox 929 4168 989 4208; x_wconf 91' lang='lat' dir='ltr'><strong>es</strong></span> <span class='ocrx_word' id='word_1_533' title='bbox 1027 4169 1041 4207; x_wconf 91' lang='lat'><strong>:</strong></span> <span class='ocrx_word' id='word_1_534' title='bbox 1074 4150 1219 4206; x_wconf 86' lang='lat' dir='ltr'><strong>nosti</strong></span> <span class='ocrx_word' id='word_1_535' title='bbox 1248 4150 1395 4205; x_wconf 82' lang='lat' dir='ltr'><strong>enim</strong></span> <span class='ocrx_word' id='word_1_536' title='bbox 1431 4148 1758 4205; x_wconf 80' lang='lat' dir='ltr'><strong>abscondita</strong></span> <span class='ocrx_word' id='word_1_537' title='bbox 1807 4146 1994 4203; x_wconf 86' lang='lat' dir='ltr'><strong>cordis</strong></span> <span class='ocrx_word' id='word_1_538' title='bbox 2019 4154 2074 4202; x_wconf 89' lang='lat' dir='ltr'><strong>et</strong></span> <span class='ocrx_word' id='word_1_539' title='bbox 2104 4144 2313 4217; x_wconf 78' lang='lat' dir='ltr'><strong>cogita-&#39;</strong></span> 
     </span>
    </p>
   </div>
   <div class='ocr_carea' id='block_1_72' title="bbox 734 4239 2300 4313">
    <p class='ocr_par' dir='ltr' id='par_1_72' title="bbox 734 4239 2300 4313">
     <span class='ocr_line' id='line_1_72' title="bbox 734 4239 2300 4313; baseline -0.005 -14"><span class='ocrx_word' id='word_1_540' title='bbox 734 4245 933 4311; x_wconf 87' lang='lat' dir='ltr'><strong>tiones,</strong></span> <span class='ocrx_word' id='word_1_541' title='bbox 965 4242 1018 4297; x_wconf 92' lang='lat' dir='ltr'><strong>in</strong></span> <span class='ocrx_word' id='word_1_542' title='bbox 1046 4241 1245 4313; x_wconf 86' lang='lat' dir='ltr'><strong>quibus</strong></span> <span class='ocrx_word' id='word_1_543' title='bbox 1285 4247 1588 4304; x_wconf 77' lang='lat' dir='ltr'><strong>versantes,</strong></span> <span class='ocrx_word' id='word_1_544' title='bbox 1617 4239 1857 4309; x_wconf 89' lang='lat' dir='ltr'><strong>quotidie</strong></span> <span class='ocrx_word' id='word_1_545' title='bbox 1892 4239 2111 4309; x_wconf 85' lang='lat' dir='ltr'><strong>pietatis</strong></span> <span class='ocrx_word' id='word_1_546' title='bbox 2134 4251 2300 4292; x_wconf 86' lang='lat' dir='ltr'><strong>causa</strong></span> 
     </span>
    </p>
   </div>
   <div class='ocr_carea' id='block_1_73' title="bbox 734 4329 2300 4404">
    <p class='ocr_par' dir='ltr' id='par_1_73' title="bbox 734 4329 2300 4404">
     <span class='ocr_line' id='line_1_73' title="bbox 734 4329 2300 4404; baseline -0.005 -11"><span class='ocrx_word' id='word_1_547' title='bbox 734 4344 911 4398; x_wconf 84' lang='lat' dir='ltr'><strong>morte</strong></span> <span class='ocrx_word' id='word_1_548' title='bbox 935 4334 1220 4391; x_wconf 79' lang='lat' dir='ltr'><strong>aﬂicimur.</strong></span> <span class='ocrx_word' id='word_1_549' title='bbox 1250 4331 1386 4388; x_wconf 89' lang='lat' dir='ltr'><strong>Nam</strong></span> <span class='ocrx_word' id='word_1_550' title='bbox 1412 4336 1505 4404; x_wconf 92' lang='lat' dir='ltr'><strong>qui</strong></span> <span class='ocrx_word' id='word_1_551' title='bbox 1551 4331 1607 4386; x_wconf 91' lang='lat' dir='ltr'><strong>in</strong></span> <span class='ocrx_word' id='word_1_552' title='bbox 1639 4331 1866 4402; x_wconf 85' lang='lat' dir='ltr'><strong>singulis</strong></span> <span class='ocrx_word' id='word_1_553' title='bbox 1909 4329 2300 4386; x_wconf 87' lang='lat' dir='ltr'><strong>tentationibus</strong></span> 
     </span>
    </p>
   </div>
   <div class='ocr_carea' id='block_1_74' title="bbox 735 4423 2300 4500">
    <p class='ocr_par' dir='ltr' id='par_1_74' title="bbox 735 4423 2300 4500">
     <span class='ocr_line' id='line_1_74' title="bbox 735 4423 2300 4500; baseline -0.006 -15"><span class='ocrx_word' id='word_1_554' title='bbox 735 4429 793 4485; x_wconf 90' lang='lat' dir='ltr'><strong>in</strong></span> <span class='ocrx_word' id='word_1_555' title='bbox 831 4428 1110 4500; x_wconf 87' lang='lat' dir='ltr'><strong>proposito</strong></span> <span class='ocrx_word' id='word_1_556' title='bbox 1134 4426 1326 4482; x_wconf 86' lang='lat' dir='ltr'><strong>habuit</strong></span> <span class='ocrx_word' id='word_1_557' title='bbox 1370 4432 1601 4481; x_wconf 87' lang='lat' dir='ltr'><strong>mortem</strong></span> <span class='ocrx_word' id='word_1_558' title='bbox 1634 4439 1736 4496; x_wconf 90' lang='lat' dir='ltr'><strong>pro</strong></span> <span class='ocrx_word' id='word_1_559' title='bbox 1765 4424 1990 4478; x_wconf 86' lang='lat' dir='ltr'><strong>veritate</strong></span> <span class='ocrx_word' id='word_1_560' title='bbox 2017 4423 2221 4486; x_wconf 88' lang='lat' dir='ltr'><strong>subire,</strong></span> <span class='ocrx_word' id='word_1_561' title='bbox 2252 4423 2300 4476; x_wconf 91' lang='lat' dir='ltr'><strong>is</strong></span> 
     </span>
    </p>
   </div>
   <div class='ocr_carea' id='block_1_75' title="bbox 735 4511 2300 4590">
    <p class='ocr_par' dir='ltr' id='par_1_75' title="bbox 735 4511 2300 4590">
     <span class='ocr_line' id='line_1_75' title="bbox 735 4511 2300 4590; baseline -0.008 -12"><span class='ocrx_word' id='word_1_562' title='bbox 735 4536 868 4579; x_wconf 86' lang='lat' dir='ltr'><strong>sane</strong></span> <span class='ocrx_word' id='word_1_563' title='bbox 916 4516 1094 4590; x_wconf 90' lang='lat' dir='ltr'><strong>quoad</strong></span> <span class='ocrx_word' id='word_1_564' title='bbox 1141 4519 1397 4575; x_wconf 86' lang='lat' dir='ltr'><strong>virtutem</strong></span> <span class='ocrx_word' id='word_1_565' title='bbox 1452 4514 1717 4588; x_wconf 90' lang='lat' dir='ltr'><strong>propositi</strong></span> <span class='ocrx_word' id='word_1_566' title='bbox 1771 4513 1925 4570; x_wconf 90' lang='lat' dir='ltr'><strong>obiit.</strong></span> <span class='ocrx_word' id='word_1_567' title='bbox 1980 4511 2038 4568; x_wconf 93' lang='lat' dir='ltr'><strong>ld</strong></span> <span class='ocrx_word' id='word_1_568' title='bbox 2085 4526 2300 4582; x_wconf 87' lang='lat' dir='ltr'><strong>quoque</strong></span> 
     </span>
    </p>
   </div>
   <div class='ocr_carea' id='block_1_76' title="bbox 732 4605 2300 4691">
    <p class='ocr_par' dir='ltr' id='par_1_76' title="bbox 732 4605 2300 4691">
     <span class='ocr_line' id='line_1_76' title="bbox 732 4605 2300 4691; baseline -0.01 -20"><span class='ocrx_word' id='word_1_569' title='bbox 732 4610 1307 4691; x_wconf 17' lang='lat' dir='ltr'><strong>Apostolusﬂdicebat,</strong></span> <span class='ocrx_word' id='word_1_570' title='bbox 1350 4608 1607 4679; x_wconf 83' lang='lat' dir='ltr'><strong>quoniam</strong></span> <span class='ocrx_word' id='word_1_571' title='bbox 1654 4605 1966 4676; x_wconf 83' lang='lat' dir='ltr'><strong>frequentes</strong></span> <span class='ocrx_word' id='word_1_572' title='bbox 2011 4608 2187 4666; x_wconf 89' lang='lat' dir='ltr'><strong>erant,</strong></span> <span class='ocrx_word' id='word_1_573' title='bbox 2237 4616 2300 4655; x_wconf 89' lang='lat' dir='ltr'><strong>ac</strong></span> 
     </span>
    </p>
   </div>
   <div class='ocr_carea' id='block_1_77' title="bbox 2406 3410 3975 3487">
    <p class='ocr_par' dir='ltr' id='par_1_77' title="bbox 2406 3410 3975 3487">
     <span class='ocr_line' id='line_1_77' title="bbox 2406 3410 3975 3487; baseline 0.004 -25"><span class='ocrx_word' id='word_1_574' title='bbox 2406 3427 2565 3481; x_wconf 86' lang='grc' dir='ltr'>τυρα,</span> <span class='ocrx_word' id='word_1_575' title='bbox 2584 3410 2767 3481; x_wconf 74' lang='grc' dir='ltr'>φησὶν,</span> <span class='ocrx_word' id='word_1_576' title='bbox 2793 3410 3228 3481; x_wconf 87' lang='grc' dir='ltr'>ἀνακαλούμεθα,</span> <span class='ocrx_word' id='word_1_577' title='bbox 3253 3413 3446 3484; x_wconf 77' lang='grc' dir='ltr'>κριτήν</span> <span class='ocrx_word' id='word_1_578' title='bbox 3476 3427 3535 3464; x_wconf 90' lang='grc' dir='ltr'><strong>τε</strong></span> <span class='ocrx_word' id='word_1_579' title='bbox 3562 3412 3655 3465; x_wconf 75' lang='grc' dir='ltr'><strong>καὶ</strong></span> <span class='ocrx_word' id='word_1_580' title='bbox 3686 3411 3975 3487; x_wconf 72' lang='grc' dir='ltr'>ἐξεταστὴν</span> 
     </span>
    </p>
   </div>
   <div class='ocr_carea' id='block_1_78' title="bbox 2405 3503 3975 3575">
    <p class='ocr_par' dir='ltr' id='par_1_78' title="bbox 2405 3503 3975 3575">
     <span class='ocr_line' id='line_1_78' title="bbox 2405 3503 3975 3575; baseline 0.003 -19"><span class='ocrx_word' id='word_1_581' title='bbox 2405 3503 2513 3558; x_wconf 86' lang='grc' dir='ltr'>τῶν</span> <span class='ocrx_word' id='word_1_582' title='bbox 2546 3504 2826 3575; x_wconf 77' lang='grc' dir='ltr'>ἡμετέρων</span> <span class='ocrx_word' id='word_1_583' title='bbox 2848 3504 3021 3572; x_wconf 90' lang='grc' dir='ltr'>λόγων</span> <span class='ocrx_word' id='word_1_584' title='bbox 3052 3505 3147 3559; x_wconf 77' lang='grc' dir='ltr'>καὶ</span> <span class='ocrx_word' id='word_1_585' title='bbox 3176 3504 3283 3559; x_wconf 84' lang='grc' dir='ltr'>τῶν</span> <span class='ocrx_word' id='word_1_586' title='bbox 3326 3504 3467 3559; x_wconf 87' lang='grc' dir='ltr'><strong>κατά</strong></span> <span class='ocrx_word' id='word_1_587' title='bbox 3517 3503 3755 3559; x_wconf 82' lang='grc' dir='ltr'>διάνοιαν</span> <span class='ocrx_word' id='word_1_588' title='bbox 3784 3504 3975 3561; x_wconf 86' lang='grc' dir='ltr'>λανθα-</span> 
     </span>
    </p>
   </div>
   <div class='ocr_carea' id='block_1_79' title="bbox 2406 3593 3972 3669">
    <p class='ocr_par' dir='ltr' id='par_1_79' title="bbox 2406 3593 3972 3669">
     <span class='ocr_line' id='line_1_79' title="bbox 2406 3593 3972 3669; baseline 0.002 -20"><span class='ocrx_word' id='word_1_589' title='bbox 2406 3596 2599 3651; x_wconf 87' lang='grc' dir='ltr'>νόντων</span> <span class='ocrx_word' id='word_1_590' title='bbox 2630 3597 2757 3661; x_wconf 78' lang='grc' dir='ltr'>τοὺς</span> <span class='ocrx_word' id='word_1_591' title='bbox 2788 3597 3014 3662; x_wconf 75' lang='grc' dir='ltr'>πολλοὺς</span> <span class='ocrx_word' id='word_1_592' title='bbox 3036 3596 3328 3669; x_wconf 82' lang='grc' dir='ltr'>λογισμῶν.</span> <span class='ocrx_word' id='word_1_593' title='bbox 3356 3597 3529 3661; x_wconf 79' lang='grc' dir='ltr'>Αὐτὸς</span> <span class='ocrx_word' id='word_1_594' title='bbox 3558 3596 3690 3668; x_wconf 79' lang='grc' dir='ltr'>γοῦν</span> <span class='ocrx_word' id='word_1_595' title='bbox 3706 3593 3972 3662; x_wconf 79' lang='grc' dir='ltr'>οἷσθα,εί,</span> 
     </span>
    </p>
   </div>
   <div class='ocr_carea' id='block_1_80' title="bbox 2404 3686 3975 3763">
    <p class='ocr_par' dir='ltr' id='par_1_80' title="bbox 2404 3686 3975 3763">
     <span class='ocr_line' id='line_1_80' title="bbox 2404 3686 3975 3763; baseline 0.003 -22"><span class='ocrx_word' id='word_1_596' title='bbox 2404 3690 2641 3744; x_wconf 84' lang='grc' dir='ltr'>τοσαῦτα</span> <span class='ocrx_word' id='word_1_597' title='bbox 2654 3687 2929 3756; x_wconf 84' lang='grc' dir='ltr'>’παθόντες</span> <span class='ocrx_word' id='word_1_598' title='bbox 2965 3686 3079 3745; x_wconf 81' lang='grc' dir='ltr'>’καὶ</span> <span class='ocrx_word' id='word_1_599' title='bbox 3132 3691 3563 3756; x_wconf 56' lang='grc' dir='ltr'>ταπεινωθέντες</span> <span class='ocrx_word' id='word_1_600' title='bbox 3584 3692 3643 3745; x_wconf 82' lang='grc' dir='ltr'>ὲν</span> <span class='ocrx_word' id='word_1_601' title='bbox 3671 3692 3823 3763; x_wconf 75' lang='grc' dir='ltr'>τόπῳ</span> <span class='ocrx_word' id='word_1_602' title='bbox 3876 3708 3975 3746; x_wconf 82' lang='grc' dir='ltr'><strong>κα-</strong></span> 
     </span>
    </p>
   </div>
   <div class='ocr_carea' id='block_1_81' title="bbox 2406 3779 3977 3851">
    <p class='ocr_par' dir='ltr' id='par_1_81' title="bbox 2406 3779 3977 3851">
     <span class='ocr_line' id='line_1_81' title="bbox 2406 3779 3977 3851; baseline 0.001 -17"><span class='ocrx_word' id='word_1_603' title='bbox 2406 3779 2648 3845; x_wconf 79' lang='grc' dir='ltr'>κώσεως,</span> <span class='ocrx_word' id='word_1_604' title='bbox 2683 3781 2779 3835; x_wconf 76' lang='grc' dir='ltr'>καὶ</span> <span class='ocrx_word' id='word_1_605' title='bbox 2797 3781 3160 3850; x_wconf 80' lang='grc' dir='ltr'>καλυφθέντες</span> <span class='ocrx_word' id='word_1_606' title='bbox 3211 3781 3318 3834; x_wconf 81' lang='grc' dir='ltr'><strong>ὑπὸ</strong></span> <span class='ocrx_word' id='word_1_607' title='bbox 3346 3781 3445 3851; x_wconf 80' lang='grc' dir='ltr'>τῆς</span> <span class='ocrx_word' id='word_1_608' title='bbox 3492 3783 3650 3846; x_wconf 74' lang='grc' dir='ltr'>σκιᾶς</span> <span class='ocrx_word' id='word_1_609' title='bbox 3691 3779 3787 3834; x_wconf 77' lang='grc' dir='ltr'><strong>τοῦ</strong></span> <span class='ocrx_word' id='word_1_610' title='bbox 3820 3780 3977 3835; x_wconf 88' lang='grc' dir='ltr'>θανά-</span> 
     </span>
    </p>
   </div>
   <div class='ocr_carea' id='block_1_82' title="bbox 2404 3868 3973 3947">
    <p class='ocr_par' dir='ltr' id='par_1_82' title="bbox 2404 3868 3973 3947">
     <span class='ocr_line' id='line_1_82' title="bbox 2404 3868 3973 3947; baseline -0.002 -23"><span class='ocrx_word' id='word_1_611' title='bbox 2404 3888 2517 3935; x_wconf 87' lang='grc' dir='ltr'>του,</span> <span class='ocrx_word' id='word_1_612' title='bbox 2550 3870 2719 3944; x_wconf 78' lang='grc' dir='ltr'>λήθην</span> <span class='ocrx_word' id='word_1_613' title='bbox 2747 3871 2841 3924; x_wconf 82' lang='grc' dir='ltr'><strong>τοῦ</strong></span> <span class='ocrx_word' id='word_1_614' title='bbox 2874 3870 3135 3941; x_wconf 81' lang='grc' dir='ltr'>ὀνόματός</span> <span class='ocrx_word' id='word_1_615' title='bbox 3167 3885 3261 3921; x_wconf 91' lang='grc' dir='ltr'>σου</span> <span class='ocrx_word' id='word_1_616' title='bbox 3294 3868 3657 3947; x_wconf 82' lang='grc' dir='ltr'>πεποιήμεθα·</span> <span class='ocrx_word' id='word_1_617' title='bbox 3688 3870 3783 3924; x_wconf 76' lang='grc' dir='ltr'>καὶ</span> <span class='ocrx_word' id='word_1_618' title='bbox 3813 3870 3861 3922; x_wconf 79' lang='grc' dir='ltr'><strong>εί</strong></span> <span class='ocrx_word' id='word_1_619' title='bbox 3898 3868 3973 3939; x_wconf 79' lang='grc' dir='ltr'><strong>μὴ</strong></span> 
     </span>
    </p>
   </div>
   <div class='ocr_carea' id='block_1_83' title="bbox 2405 3958 3969 4038">
    <p class='ocr_par' dir='ltr' id='par_1_83' title="bbox 2405 3958 3969 4038">
     <span class='ocr_line' id='line_1_83' title="bbox 2405 3958 3969 4038; baseline -0.003 -21"><span class='ocrx_word' id='word_1_620' title='bbox 2405 3966 2496 4018; x_wconf 76' lang='grc' dir='ltr'><strong>ἐπὶ</strong></span> <span class='ocrx_word' id='word_1_621' title='bbox 2520 3964 2595 4036; x_wconf 83' lang='grc' dir='ltr'><strong>τῷ</strong></span> <span class='ocrx_word' id='word_1_622' title='bbox 2630 3963 2705 4035; x_wconf 80' lang='grc' dir='ltr'><strong>σῷ</strong></span> <span class='ocrx_word' id='word_1_623' title='bbox 2726 3963 2947 4034; x_wconf 83' lang='grc' dir='ltr'>ὀνόματι</span> <span class='ocrx_word' id='word_1_624' title='bbox 2976 3962 3282 4038; x_wconf 72' lang='grc' dir='ltr'>παρρησίας</span> <span class='ocrx_word' id='word_1_625' title='bbox 3312 3959 3573 4031; x_wconf 82' lang='grc' dir='ltr'>γέμοντες</span> <span class='ocrx_word' id='word_1_626' title='bbox 3593 3958 3969 4031; x_wconf 82' lang='grc' dir='ltr'>ὲκαυχώμεθα·</span> 
     </span>
    </p>
   </div>
   <div class='ocr_carea' id='block_1_84' title="bbox 2403 4051 3973 4126">
    <p class='ocr_par' dir='ltr' id='par_1_84' title="bbox 2403 4051 3973 4126">
     <span class='ocr_line' id='line_1_84' title="bbox 2403 4051 3973 4126; baseline -0.002 -17"><span class='ocrx_word' id='word_1_627' title='bbox 2403 4057 2527 4110; x_wconf 74' lang='grc' dir='ltr'>εἰδὲ</span> <span class='ocrx_word' id='word_1_628' title='bbox 2560 4057 2672 4121; x_wconf 74' lang='grc' dir='ltr'>καὶ,</span> <span class='ocrx_word' id='word_1_629' title='bbox 2699 4056 3029 4125; x_wconf 79' lang='grc' dir='ltr'>ἀπογνόντες</span> <span class='ocrx_word' id='word_1_630' title='bbox 3059 4054 3158 4126; x_wconf 78' lang='grc' dir='ltr'>τὴν</span> <span class='ocrx_word' id='word_1_631' title='bbox 3212 4054 3396 4123; x_wconf 48' lang='grc' dir='ltr'>παρὰ,</span> <span class='ocrx_word' id='word_1_632' title='bbox 3430 4051 3522 4106; x_wconf 76' lang='grc' dir='ltr'><strong>σοῦ</strong></span> <span class='ocrx_word' id='word_1_633' title='bbox 3555 4051 3825 4123; x_wconf 80' lang='grc' dir='ltr'>βοήθειαν,</span> <span class='ocrx_word' id='word_1_634' title='bbox 3882 4055 3973 4106; x_wconf 73' lang='grc' dir='ltr'><strong>ἐπὶ</strong></span> 
     </span>
    </p>
   </div>
   <div class='ocr_carea' id='block_1_85' title="bbox 2402 4143 3973 4220">
    <p class='ocr_par' dir='ltr' id='par_1_85' title="bbox 2402 4143 3973 4220">
     <span class='ocr_line' id='line_1_85' title="bbox 2402 4143 3973 4220; baseline -0.004 -17"><span class='ocrx_word' id='word_1_635' title='bbox 2402 4150 2585 4220; x_wconf 74' lang='grc' dir='ltr'>ἔτερόν</span> <span class='ocrx_word' id='word_1_636' title='bbox 2616 4166 2736 4203; x_wconf 89' lang='grc' dir='ltr'>τινα</span> <span class='ocrx_word' id='word_1_637' title='bbox 2768 4148 3019 4219; x_wconf 75' lang='grc' dir='ltr'>ἡλθομεν,</span> <span class='ocrx_word' id='word_1_638' title='bbox 3044 4147 3215 4218; x_wconf 76' lang='grc' dir='ltr'>ἑτέρῳ</span> <span class='ocrx_word' id='word_1_639' title='bbox 3243 4144 3363 4216; x_wconf 81' lang='grc' dir='ltr'><strong>Θεῷ</strong></span> <span class='ocrx_word' id='word_1_640' title='bbox 3388 4146 3574 4215; x_wconf 80' lang='grc' dir='ltr'>χεῖρας</span> <span class='ocrx_word' id='word_1_641' title='bbox 3602 4143 3973 4198; x_wconf 83' lang='grc' dir='ltr'>ἀναπετάσαν-</span> 
     </span>
    </p>
   </div>
   <div class='ocr_carea' id='block_1_86' title="bbox 2402 4232 3974 4312">
    <p class='ocr_par' dir='ltr' id='par_1_86' title="bbox 2402 4232 3974 4312">
     <span class='ocr_line' id='line_1_86' title="bbox 2402 4232 3974 4312; baseline -0.002 -18"><span class='ocrx_word' id='word_1_642' title='bbox 2402 4258 2510 4305; x_wconf 89' lang='grc' dir='ltr'>τες·</span> <span class='ocrx_word' id='word_1_643' title='bbox 2546 4243 2642 4296; x_wconf 68' lang='grc' dir='ltr'>καὶ</span> <span class='ocrx_word' id='word_1_644' title='bbox 2671 4241 2875 4295; x_wconf 89' lang='grc' dir='ltr'>τούτων</span> <span class='ocrx_word' id='word_1_645' title='bbox 2912 4242 2974 4294; x_wconf 86' lang='grc' dir='ltr'><strong>σὺ</strong></span> <span class='ocrx_word' id='word_1_646' title='bbox 3005 4240 3196 4312; x_wconf 79' lang='grc' dir='ltr'>κριτὴς</span> <span class='ocrx_word' id='word_1_647' title='bbox 3240 4237 3548 4309; x_wconf 80' lang='grc' dir='ltr'>τυγχάνεις.</span> <span class='ocrx_word' id='word_1_648' title='bbox 3588 4232 3760 4291; x_wconf 82' lang='grc' dir='ltr'>Οἶσθα</span> <span class='ocrx_word' id='word_1_649' title='bbox 3789 4236 3847 4291; x_wconf 82' lang='grc' dir='ltr'>δὲ</span> <span class='ocrx_word' id='word_1_650' title='bbox 3878 4238 3974 4291; x_wconf 78' lang='grc' dir='ltr'><strong>καὶ</strong></span> 
     </span>
    </p>
   </div>
   <div class='ocr_carea' id='block_1_87' title="bbox 2401 4329 3969 4407">
    <p class='ocr_par' dir='ltr' id='par_1_87' title="bbox 2401 4329 3969 4407">
     <span class='ocr_line' id='line_1_87' title="bbox 2401 4329 3969 4407; baseline -0.003 -20"><span class='ocrx_word' id='word_1_651' title='bbox 2401 4334 2471 4387; x_wconf 88' lang='grc' dir='ltr'><strong>τά</strong></span> <span class='ocrx_word' id='word_1_652' title='bbox 2497 4335 2705 4407; x_wconf 80' lang='grc' dir='ltr'>κρύφια</span> <span class='ocrx_word' id='word_1_653' title='bbox 2734 4334 2833 4404; x_wconf 82' lang='grc' dir='ltr'><strong>τῆς</strong></span> <span class='ocrx_word' id='word_1_654' title='bbox 2861 4334 3085 4405; x_wconf 77' lang='grc' dir='ltr'>καρδίας</span> <span class='ocrx_word' id='word_1_655' title='bbox 3134 4333 3229 4387; x_wconf 81' lang='grc' dir='ltr'>καὶ</span> <span class='ocrx_word' id='word_1_656' title='bbox 3278 4334 3402 4395; x_wconf 87' lang='grc' dir='ltr'>τοὺς</span> <span class='ocrx_word' id='word_1_657' title='bbox 3433 4329 3724 4401; x_wconf 82' lang='grc' dir='ltr'>λογισμοὺς</span> <span class='ocrx_word' id='word_1_658' title='bbox 3753 4330 3969 4394; x_wconf 78' lang='grc' dir='ltr'>αὐτοὺς,</span> 
     </span>
    </p>
   </div>
   <div class='ocr_carea' id='block_1_88' title="bbox 2403 4415 3975 4493">
    <p class='ocr_par' dir='ltr' id='par_1_88' title="bbox 2403 4415 3975 4493">
     <span class='ocr_line' id='line_1_88' title="bbox 2403 4415 3975 4493; baseline -0.006 -16"><span class='ocrx_word' id='word_1_659' title='bbox 2403 4426 2461 4477; x_wconf 82' lang='grc' dir='ltr'><strong>έν</strong></span> <span class='ocrx_word' id='word_1_660' title='bbox 2497 4419 2578 4487; x_wconf 83' lang='grc' dir='ltr'>οἷς</span> <span class='ocrx_word' id='word_1_661' title='bbox 2609 4423 2731 4476; x_wconf 77' lang='grc' dir='ltr'>καθ’</span> <span class='ocrx_word' id='word_1_662' title='bbox 2766 4423 3003 4493; x_wconf 78' lang='grc' dir='ltr'>ἑκάστην</span> <span class='ocrx_word' id='word_1_663' title='bbox 3033 4424 3242 4493; x_wconf 79' lang='grc' dir='ltr'>ἡμέραν</span> <span class='ocrx_word' id='word_1_664' title='bbox 3261 4421 3424 4473; x_wconf 72' lang='grc' dir='ltr'>ἕνεκα</span> <span class='ocrx_word' id='word_1_665' title='bbox 3450 4419 3549 4490; x_wconf 78' lang='grc' dir='ltr'><strong>τῆς</strong></span> <span class='ocrx_word' id='word_1_666' title='bbox 3575 4415 3851 4480; x_wconf 74' lang='grc' dir='ltr'>εὐσεϐείας</span> <span class='ocrx_word' id='word_1_667' title='bbox 3884 4415 3975 4470; x_wconf 81' lang='grc' dir='ltr'>θα-</span> 
     </span>
    </p>
   </div>
   <div class='ocr_carea' id='block_1_89' title="bbox 2403 4507 3970 4587">
    <p class='ocr_par' dir='ltr' id='par_1_89' title="bbox 2403 4507 3970 4587">
     <span class='ocr_line' id='line_1_89' title="bbox 2403 4507 3970 4587; baseline -0.004 -18"><span class='ocrx_word' id='word_1_668' title='bbox 2403 4514 2726 4587; x_wconf 84' lang='grc' dir='ltr'>νατούμεθα.</span> <span class='ocrx_word' id='word_1_669' title='bbox 2798 4515 2855 4567; x_wconf 87' lang='lat'><strong>&#39;0</strong></span> <span class='ocrx_word' id='word_1_670' title='bbox 2912 4513 3021 4584; x_wconf 84' lang='grc' dir='ltr'>γὰρ</span> <span class='ocrx_word' id='word_1_671' title='bbox 3080 4516 3146 4585; x_wconf 74' lang='grc' dir='ltr'><strong>τῇ</strong></span> <span class='ocrx_word' id='word_1_672' title='bbox 3196 4512 3445 4585; x_wconf 82' lang='grc' dir='ltr'>προθέσει</span> <span class='ocrx_word' id='word_1_673' title='bbox 3496 4510 3844 4580; x_wconf 84' lang='grc' dir='ltr'>λογισάμενος</span> <span class='ocrx_word' id='word_1_674' title='bbox 3884 4507 3970 4576; x_wconf 61' lang='grc' dir='ltr'><strong>ἔφ’</strong></span> 
     </span>
    </p>
   </div>
   <div class='ocr_carea' id='block_1_90' title="bbox 2404 4602 3972 4680">
    <p class='ocr_par' dir='ltr' id='par_1_90' title="bbox 2404 4602 3972 4680">
     <span class='ocr_line' id='line_1_90' title="bbox 2404 4602 3972 4680; baseline -0.003 -18"><span class='ocrx_word' id='word_1_675' title='bbox 2404 4610 2616 4680; x_wconf 76' lang='grc' dir='ltr'>ἑκάστῳ</span> <span class='ocrx_word' id='word_1_676' title='bbox 2637 4607 2924 4679; x_wconf 84' lang='grc' dir='ltr'>πειρασμῷ</span> <span class='ocrx_word' id='word_1_677' title='bbox 2980 4608 3072 4660; x_wconf 87' lang='grc' dir='ltr'>τὸν</span> <span class='ocrx_word' id='word_1_678' title='bbox 3117 4608 3257 4679; x_wconf 72' lang='grc' dir='ltr'>ὑπὲρ</span> <span class='ocrx_word' id='word_1_679' title='bbox 3309 4604 3562 4675; x_wconf 81' lang='grc' dir='ltr'>ἀληθείας</span> <span class='ocrx_word' id='word_1_680' title='bbox 3617 4602 3972 4669; x_wconf 81' lang='grc' dir='ltr'>ἀναδέξασθαι</span> 
     </span>
    </p>
   </div>
   <div class='ocr_carea' id='block_1_91' title="bbox 734 4687 2453 4774">
    <p class='ocr_par' dir='ltr' id='par_1_91' title="bbox 734 4687 2453 4774">
     <span class='ocr_line' id='line_1_91' title="bbox 734 4687 2453 4774; baseline -0.008 -10"><span class='ocrx_word' id='word_1_681' title='bbox 734 4707 967 4768; x_wconf 87' lang='lat' dir='ltr'><strong>subinde</strong></span> <span class='ocrx_word' id='word_1_682' title='bbox 992 4687 1237 4774; x_wconf 75' lang='lat' dir='ltr'><strong>repetita:</strong></span> <span class='ocrx_word' id='word_1_683' title='bbox 1266 4701 1694 4772; x_wconf 81' lang='lat' dir='ltr'><strong>persecutiones,</strong></span> <span class='ocrx_word' id='word_1_684' title='bbox 1715 4708 1771 4755; x_wconf 92' lang='lat' dir='ltr'><strong>et</strong></span> <span class='ocrx_word' id='word_1_685' title='bbox 1801 4698 2118 4754; x_wconf 79' lang='lat' dir='ltr'><strong>vexationes</strong></span> <span class='ocrx_word' id='word_1_686' title='bbox 2152 4709 2301 4749; x_wconf 42' lang='lat' dir='ltr'><strong>mor.</strong></span> <span class='ocrx_word' id='word_1_687' title='bbox 2336 4694 2375 4747; x_wconf 90' lang='lat' dir='ltr'>D</span> <span class='ocrx_word' id='word_1_688' title='bbox 2406 4699 2453 4752; x_wconf 78' lang='grc' dir='ltr'><strong>θι</strong></span> 
     </span>
    </p>
   </div>
   <div class='ocr_carea' id='block_1_92' title="bbox 2250 4687 3969 4774">
    <p class='ocr_par' dir='ltr' id='par_1_92' title="bbox 2250 4687 3969 4767">
     <span class='ocr_line' id='line_1_92' title="bbox 2250 4687 3969 4767; baseline 0 -20"><span class='ocrx_word' id='word_1_689' title='bbox 2250 4711 2301 4747; x_wconf 68' lang='grc' dir='ltr'>τι</span> <span class='ocrx_word' id='word_1_690' title='bbox 2336 4694 2375 4747; x_wconf 90' lang='lat' dir='ltr'><strong>D</strong></span> <span class='ocrx_word' id='word_1_691' title='bbox 2406 4699 2654 4762; x_wconf 89' lang='grc' dir='ltr'>θάνατον,</span> <span class='ocrx_word' id='word_1_692' title='bbox 2689 4696 3213 4767; x_wconf 81' lang='grc' dir='ltr'>δυνάμειότοιοῦτος</span> <span class='ocrx_word' id='word_1_693' title='bbox 3234 4694 3493 4765; x_wconf 52' lang='grc' dir='ltr'>τέθνηκε,</span> <span class='ocrx_word' id='word_1_694' title='bbox 3516 4687 3675 4746; x_wconf 72' lang='grc' dir='ltr'><strong>Καΐό</strong></span> <span class='ocrx_word' id='word_1_695' title='bbox 3719 4694 3969 4747; x_wconf 81' lang='grc' dir='ltr'>Ἀπόστο-</span> 
     </span>
    </p>
   </div>
   <div class='ocr_carea' id='block_1_93' title="bbox 735 4789 2298 4871">
    <p class='ocr_par' dir='ltr' id='par_1_93' title="bbox 735 4789 2298 4871">
     <span class='ocr_line' id='line_1_93' title="bbox 735 4789 2298 4871; baseline -0.011 -14"><span class='ocrx_word' id='word_1_696' title='bbox 735 4811 840 4857; x_wconf 92' lang='lat' dir='ltr'><strong>tem</strong></span> <span class='ocrx_word' id='word_1_697' title='bbox 870 4799 973 4871; x_wconf 89' lang='lat' dir='ltr'><strong>ipsi</strong></span> <span class='ocrx_word' id='word_1_698' title='bbox 1005 4798 1352 4861; x_wconf 87' lang='lat' dir='ltr'><strong>minitantes;</strong></span> <span class='ocrx_word' id='word_1_699' title='bbox 1384 4794 1474 4847; x_wconf 91' lang='lat' dir='ltr'><strong>ille</strong></span> <span class='ocrx_word' id='word_1_700' title='bbox 1508 4808 1639 4847; x_wconf 89' lang='lat' dir='ltr'><strong>vero</strong></span> <span class='ocrx_word' id='word_1_701' title='bbox 1681 4794 1735 4846; x_wconf 91' lang='lat' dir='ltr'><strong>in</strong></span> <span class='ocrx_word' id='word_1_702' title='bbox 1784 4791 2014 4862; x_wconf 80' lang='lat' dir='ltr'><strong>singulis</strong></span> <span class='ocrx_word' id='word_1_703' title='bbox 2046 4789 2298 4844; x_wconf 81' lang='lat' dir='ltr'><strong>tentalio-</strong></span> 
     </span>
    </p>
   </div>
   <div class='ocr_carea' id='block_1_94' title="bbox 733 4884 2298 4964">
    <p class='ocr_par' dir='ltr' id='par_1_94' title="bbox 733 4884 2298 4964">
     <span class='ocr_line' id='line_1_94' title="bbox 733 4884 2298 4964; baseline -0.01 -14"><span class='ocrx_word' id='word_1_704' title='bbox 733 4896 898 4951; x_wconf 88' lang='lat' dir='ltr'><strong>nibus</strong></span> <span class='ocrx_word' id='word_1_705' title='bbox 929 4900 1152 4964; x_wconf 89' lang='lat' dir='ltr'><strong>paratus</strong></span> <span class='ocrx_word' id='word_1_706' title='bbox 1177 4899 1295 4945; x_wconf 89' lang='lat' dir='ltr'><strong>erat</strong></span> <span class='ocrx_word' id='word_1_707' title='bbox 1319 4889 1384 4941; x_wconf 88' lang='lat' dir='ltr'><strong>ad</strong></span> <span class='ocrx_word' id='word_1_708' title='bbox 1413 4888 1637 4941; x_wconf 89' lang='lat' dir='ltr'><strong>ﬁrmiter</strong></span> <span class='ocrx_word' id='word_1_709' title='bbox 1674 4884 2099 4940; x_wconf 87' lang='lat' dir='ltr'><strong>concertandum</strong></span> <span class='ocrx_word' id='word_1_710' title='bbox 2127 4896 2298 4947; x_wconf 86' lang='lat' dir='ltr'><strong>usque</strong></span> 
     </span>
    </p>
   </div>
   <div class='ocr_carea' id='block_1_95' title="bbox 679 4973 2297 5050">
    <p class='ocr_par' dir='ltr' id='par_1_95' title="bbox 679 4973 2297 5050">
     <span class='ocr_line' id='line_1_95' title="bbox 679 4973 2297 5050; baseline -0.008 -11"><span class='ocrx_word' id='word_1_711' title='bbox 679 5041 685 5047; x_wconf 73' lang='grc'><strong>,</strong></span> <span class='ocrx_word' id='word_1_712' title='bbox 734 4986 799 5041; x_wconf 91' lang='lat' dir='ltr'><strong>ad</strong></span> <span class='ocrx_word' id='word_1_713' title='bbox 826 4993 1080 5050; x_wconf 87' lang='lat' dir='ltr'><strong>mortem,</strong></span> <span class='ocrx_word' id='word_1_714' title='bbox 1112 4982 1235 5037; x_wconf 87' lang='lat' dir='ltr'><strong>ideo</strong></span> <span class='ocrx_word' id='word_1_715' title='bbox 1259 4981 1382 5050; x_wconf 86' lang='lat' dir='ltr'><strong>jure</strong></span> <span class='ocrx_word' id='word_1_716' title='bbox 1410 4995 1469 5034; x_wconf 88' lang='lat' dir='ltr'><strong>se</strong></span> <span class='ocrx_word' id='word_1_717' title='bbox 1492 4977 1733 5049; x_wconf 87' lang='lat' dir='ltr'><strong>quotidie</strong></span> <span class='ocrx_word' id='word_1_718' title='bbox 1761 4978 1899 5031; x_wconf 91' lang='lat' dir='ltr'><strong>mori</strong></span> <span class='ocrx_word' id='word_1_719' title='bbox 1932 4976 2165 5031; x_wconf 85' lang='lat' dir='ltr'><strong>dicebat.</strong></span> <span class='ocrx_word' id='word_1_720' title='bbox 2191 4973 2297 5027; x_wconf 85' lang='lat' dir='ltr'><strong>Ea-</strong></span> 
     </span>
    </p>
   </div>
   <div class='ocr_carea' id='block_1_96' title="bbox 735 5069 2298 5149">
    <p class='ocr_par' dir='ltr' id='par_1_96' title="bbox 735 5069 2298 5149">
     <span class='ocr_line' id='line_1_96' title="bbox 735 5069 2298 5149; baseline -0.006 -17"><span class='ocrx_word' id='word_1_721' title='bbox 735 5078 857 5134; x_wconf 88' lang='lat' dir='ltr'><strong>dem</strong></span> <span class='ocrx_word' id='word_1_722' title='bbox 888 5079 1069 5149; x_wconf 88' lang='lat' dir='ltr'><strong>itaque</strong></span> <span class='ocrx_word' id='word_1_723' title='bbox 1100 5084 1280 5131; x_wconf 86' lang='lat' dir='ltr'><strong>mente</strong></span> <span class='ocrx_word' id='word_1_724' title='bbox 1316 5074 1392 5128; x_wconf 89' lang='lat' dir='ltr'><strong>illi</strong></span> <span class='ocrx_word' id='word_1_725' title='bbox 1422 5073 1693 5143; x_wconf 88' lang='lat' dir='ltr'><strong>quondam</strong></span> <span class='ocrx_word' id='word_1_726' title='bbox 1726 5071 2001 5141; x_wconf 64' lang='lat' dir='ltr'><strong>prophetae</strong></span> <span class='ocrx_word' id='word_1_727' title='bbox 2034 5069 2126 5124; x_wconf 92' lang='lat' dir='ltr'><strong>Dei</strong></span> <span class='ocrx_word' id='word_1_728' title='bbox 2158 5082 2298 5149; x_wconf 73' lang='lat' dir='ltr'><strong>prte-</strong></span> 
     </span>
    </p>
   </div>
   <div class='ocr_carea' id='block_1_97' title="bbox 736 5142 2299 5237">
    <p class='ocr_par' dir='ltr' id='par_1_97' title="bbox 736 5142 2299 5237">
     <span class='ocr_line' id='line_1_97' title="bbox 736 5142 2299 5237; baseline -0.006 -12"><span class='ocrx_word' id='word_1_729' title='bbox 736 5142 998 5225; x_wconf 49' lang='lat' dir='ltr'><strong>sentibus-</strong></span> <span class='ocrx_word' id='word_1_730' title='bbox 1038 5167 1200 5224; x_wconf 91' lang='lat' dir='ltr'><strong>dictis</strong></span> <span class='ocrx_word' id='word_1_731' title='bbox 1245 5155 1358 5221; x_wconf 67' lang='lat' dir='ltr'><strong>haec</strong></span> <span class='ocrx_word' id='word_1_732' title='bbox 1405 5142 1783 5237; x_wconf 79' lang='lat' dir='ltr'><strong>signiﬁcabant</strong></span> <span class='ocrx_word' id='word_1_733' title='bbox 1814 5182 1827 5217; x_wconf 92' lang='lat'><strong>:</strong></span> <span class='ocrx_word' id='word_1_734' title='bbox 1860 5162 1920 5218; x_wconf 93' lang='lat' dir='ltr'><strong>ln</strong></span> <span class='ocrx_word' id='word_1_735' title='bbox 1964 5142 2299 5219; x_wconf 80' lang='lat' dir='ltr'><strong>absconditis</strong></span> 
     </span>
    </p>
   </div>
   <div class='ocr_carea' id='block_1_98' title="bbox 736 5256 2297 5338">
    <p class='ocr_par' dir='ltr' id='par_1_98' title="bbox 736 5256 2297 5338">
     <span class='ocr_line' id='line_1_98' title="bbox 736 5256 2297 5338; baseline -0.004 -21"><span class='ocrx_word' id='word_1_736' title='bbox 736 5261 938 5338; x_wconf 76' lang='lat' dir='ltr'><strong>nostris</strong></span> <span class='ocrx_word' id='word_1_737' title='bbox 979 5260 1361 5317; x_wconf 81' lang='lat' dir='ltr'><strong>occidebamur</strong></span> <span class='ocrx_word' id='word_1_738' title='bbox 1405 5257 1683 5329; x_wconf 80' lang='lat' dir='ltr'><strong>quotidie;</strong></span> <span class='ocrx_word' id='word_1_739' title='bbox 1734 5258 1844 5312; x_wconf 92' lang='lat' dir='ltr'><strong>imo</strong></span> <span class='ocrx_word' id='word_1_740' title='bbox 1873 5256 2003 5311; x_wconf 82' lang='lat' dir='ltr'><strong>&#39;vero</strong></span> <span class='ocrx_word' id='word_1_741' title='bbox 2046 5258 2297 5311; x_wconf 69' lang='lat' dir='ltr'><strong>cestimati</strong></span> 
     </span>
    </p>
   </div>
   <div class='ocr_carea' id='block_1_99' title="bbox 733 5349 2297 5431">
    <p class='ocr_par' dir='ltr' id='par_1_99' title="bbox 733 5349 2297 5431">
     <span class='ocr_line' id='line_1_99' title="bbox 733 5349 2297 5431; baseline -0.005 -20"><span class='ocrx_word' id='word_1_742' title='bbox 733 5370 916 5411; x_wconf 67' lang='lat' dir='ltr'><strong>sumus</strong></span> <span class='ocrx_word' id='word_1_743' title='bbox 952 5353 1085 5407; x_wconf 82' lang='lat' dir='ltr'><strong>sicut</strong></span> <span class='ocrx_word' id='word_1_744' title='bbox 1115 5370 1229 5408; x_wconf 76' lang='lat' dir='ltr'><strong>oves</strong></span> <span class='ocrx_word' id='word_1_745' title='bbox 1258 5352 1554 5408; x_wconf 82' lang='lat' dir='ltr'><strong>occisionis.</strong></span> <span class='ocrx_word' id='word_1_746' title='bbox 1582 5349 1715 5405; x_wconf 87' lang='lat' dir='ltr'><strong>Nam</strong></span> <span class='ocrx_word' id='word_1_747' title='bbox 1762 5364 1886 5431; x_wconf 75' lang='lat' dir='ltr'><strong>cum</strong></span> <span class='ocrx_word' id='word_1_748' title='bbox 1935 5350 2099 5407; x_wconf 85' lang='lat' dir='ltr'><strong>semel</strong></span> <span class='ocrx_word' id='word_1_749' title='bbox 2142 5349 2297 5421; x_wconf 90' lang='lat' dir='ltr'><strong>quasi</strong></span> 
     </span>
    </p>
   </div>
   <div class='ocr_carea' id='block_1_100' title="bbox 737 5442 2295 5517">
    <p class='ocr_par' dir='ltr' id='par_1_100' title="bbox 737 5442 2295 5517">
     <span class='ocr_line' id='line_1_100' title="bbox 737 5442 2295 5517; baseline -0.003 -15"><span class='ocrx_word' id='word_1_750' title='bbox 737 5446 794 5503; x_wconf 89' lang='lat' dir='ltr'><strong>in</strong></span> <span class='ocrx_word' id='word_1_751' title='bbox 822 5444 1150 5503; x_wconf 86' lang='lat' dir='ltr'><strong>sacriﬁcium</strong></span> <span class='ocrx_word' id='word_1_752' title='bbox 1177 5461 1276 5517; x_wconf 87' lang='lat' dir='ltr'><strong>pro</strong></span> <span class='ocrx_word' id='word_1_753' title='bbox 1299 5446 1552 5500; x_wconf 84' lang='lat' dir='ltr'><strong>universo</strong></span> <span class='ocrx_word' id='word_1_754' title='bbox 1575 5445 1774 5515; x_wconf 89' lang='lat' dir='ltr'><strong>populo</strong></span> <span class='ocrx_word' id='word_1_755' title='bbox 1794 5458 1897 5498; x_wconf 90' lang='lat' dir='ltr'><strong>nos</strong></span> <span class='ocrx_word' id='word_1_756' title='bbox 1918 5442 2295 5505; x_wconf 73' lang='lat' dir='ltr'><strong>obtulerimus.</strong></span> 
     </span>
    </p>
   </div>
   <div class='ocr_carea' id='block_1_101' title="bbox 736 5537 2294 5608">
    <p class='ocr_par' dir='ltr' id='par_1_101' title="bbox 736 5537 2294 5608">
     <span class='ocr_line' id='line_1_101' title="bbox 736 5537 2294 5608; baseline -0.003 -12"><span class='ocrx_word' id='word_1_757' title='bbox 736 5548 920 5596; x_wconf 84' lang='lat' dir='ltr'><strong>mente</strong></span> <span class='ocrx_word' id='word_1_758' title='bbox 971 5554 1035 5593; x_wconf 88' lang='lat' dir='ltr'><strong>ac</strong></span> <span class='ocrx_word' id='word_1_759' title='bbox 1090 5540 1365 5608; x_wconf 88' lang='lat' dir='ltr'><strong>proposito</strong></span> <span class='ocrx_word' id='word_1_760' title='bbox 1416 5537 1679 5592; x_wconf 90' lang='lat' dir='ltr'><strong>immolati</strong></span> <span class='ocrx_word' id='word_1_761' title='bbox 1715 5552 1928 5602; x_wconf 85' lang='lat' dir='ltr'><strong>sumus,</strong></span> <span class='ocrx_word' id='word_1_762' title='bbox 1963 5546 2021 5591; x_wconf 92' lang='lat' dir='ltr'><strong>ut</strong></span> <span class='ocrx_word' id='word_1_763' title='bbox 2064 5545 2120 5589; x_wconf 92' lang='lat' dir='ltr'><strong>tu</strong></span> <span class='ocrx_word' id='word_1_764' title='bbox 2156 5538 2294 5607; x_wconf 87' lang='lat' dir='ltr'><strong>ipse,</strong></span> 
     </span>
    </p>
   </div>
   <div class='ocr_carea' id='block_1_102' title="bbox 738 5628 2296 5699">
    <p class='ocr_par' dir='ltr' id='par_1_102' title="bbox 738 5628 2296 5699">
     <span class='ocr_line' id='line_1_102' title="bbox 738 5628 2296 5699; baseline -0.003 -13"><span class='ocrx_word' id='word_1_765' title='bbox 738 5628 903 5696; x_wconf 77' lang='lat' dir='ltr'><strong>Deus,</strong></span> <span class='ocrx_word' id='word_1_766' title='bbox 934 5629 1243 5686; x_wconf 86' lang='lat' dir='ltr'><strong>testiﬁcaris</strong></span> <span class='ocrx_word' id='word_1_767' title='bbox 1277 5644 1290 5682; x_wconf 90' lang='lat'><strong>:</strong></span> <span class='ocrx_word' id='word_1_768' title='bbox 1322 5629 1471 5685; x_wconf 87' lang='lat' dir='ltr'><strong>solus</strong></span> <span class='ocrx_word' id='word_1_769' title='bbox 1521 5642 1759 5699; x_wconf 89' lang='lat' dir='ltr'><strong>namque</strong></span> <span class='ocrx_word' id='word_1_770' title='bbox 1804 5629 1949 5683; x_wconf 90' lang='lat' dir='ltr'><strong>nosti</strong></span> <span class='ocrx_word' id='word_1_771' title='bbox 1978 5628 2296 5683; x_wconf 89' lang='lat' dir='ltr'><strong>abscondita</strong></span> 
     </span>
    </p>
   </div>
   <div class='ocr_carea' id='block_1_103' title="bbox 736 5719 2301 5792">
    <p class='ocr_par' dir='ltr' id='par_1_103' title="bbox 736 5719 2301 5792">
     <span class='ocr_line' id='line_1_103' title="bbox 736 5719 2301 5792; baseline -0.001 -15"><span class='ocrx_word' id='word_1_772' title='bbox 736 5720 940 5778; x_wconf 81' lang='lat' dir='ltr'><strong>cordis.</strong></span> <span class='ocrx_word' id='word_1_773' title='bbox 966 5721 1232 5788; x_wconf 86' lang='lat' dir='ltr'><strong>Quoniam</strong></span> <span class='ocrx_word' id='word_1_774' title='bbox 1284 5720 1449 5792; x_wconf 83' lang='lat' dir='ltr'><strong>igitur</strong></span> <span class='ocrx_word' id='word_1_775' title='bbox 1496 5727 1647 5776; x_wconf 86' lang='lat' dir='ltr'><strong>tanta</strong></span> <span class='ocrx_word' id='word_1_776' title='bbox 1677 5719 2157 5791; x_wconf 77' lang='lat' dir='ltr'><strong>perpessi‘sumus,</strong></span> <span class='ocrx_word' id='word_1_777' title='bbox 2188 5736 2301 5776; x_wconf 88' lang='lat' dir='ltr'><strong>me-</strong></span> 
     </span>
    </p>
   </div>
   <div class='ocr_carea' id='block_1_104' title="bbox 807 5864 2294 5971">
    <p class='ocr_par' dir='ltr' id='par_1_104' title="bbox 807 5864 2294 5971">
     <span class='ocr_line' id='line_1_104' title="bbox 807 5864 2294 5971; baseline 0.002 -17"><span class='ocrx_word' id='word_1_778' title='bbox 807 5897 884 5971; x_wconf 76' lang='lat' dir='ltr'><strong>(li</strong></span> <span class='ocrx_word' id='word_1_779' title='bbox 923 5897 1150 5971; x_wconf 79' lang='lat' dir='ltr'><strong>Drusius</strong></span> <span class='ocrx_word' id='word_1_780' title='bbox 1191 5902 1335 5956; x_wconf 88' lang='lat' dir='ltr'><strong>hanc</strong></span> <span class='ocrx_word' id='word_1_781' title='bbox 1368 5872 1445 5954; x_wconf 25' lang='lat' dir='ltr'><strong>‘ut</strong></span> <span class='ocrx_word' id='word_1_782' title='bbox 1496 5900 1695 5971; x_wconf 71' lang='lat' dir='ltr'><strong>quinta:</strong></span> <span class='ocrx_word' id='word_1_783' title='bbox 1725 5864 1979 5959; x_wconf 79' lang='lat' dir='ltr'><strong>editionis</strong></span> <span class='ocrx_word' id='word_1_784' title='bbox 2010 5902 2294 5957; x_wconf 87' lang='lat' dir='ltr'><strong>lectionem</strong></span> 
     </span>
    </p>
   </div>
   <div class='ocr_carea' id='block_1_105' title="bbox 738 5966 2295 6047">
    <p class='ocr_par' dir='ltr' id='par_1_105' title="bbox 738 5966 2295 6047">
     <span class='ocr_line' id='line_1_105' title="bbox 738 5966 2295 6047; baseline 0.003 -21"><span class='ocrx_word' id='word_1_785' title='bbox 738 5966 909 6037; x_wconf 69' lang='lat' dir='ltr'><strong>men,</strong></span> <span class='ocrx_word' id='word_1_786' title='bbox 942 5970 1026 6026; x_wconf 86' lang='lat' dir='ltr'><strong>his</strong></span> <span class='ocrx_word' id='word_1_787' title='bbox 1058 5972 1236 6027; x_wconf 85' lang='lat' dir='ltr'><strong>verbis</strong></span> <span class='ocrx_word' id='word_1_788' title='bbox 1266 5966 1691 6043; x_wconf 79' lang='grc' dir='ltr'>;Ἐπετιώμασας</span> <span class='ocrx_word' id='word_1_789' title='bbox 1724 5974 1876 6043; x_wconf 76' lang='grc' dir='ltr'>ἡμῖν.</span> <span class='ocrx_word' id='word_1_790' title='bbox 1908 5974 2117 6047; x_wconf 66' lang='lat' dir='ltr'><strong>Aquila:</strong></span> <span class='ocrx_word' id='word_1_791' title='bbox 2164 5989 2295 6031; x_wconf 83' lang='lat' dir='ltr'><strong>vero</strong></span> 
     </span>
    </p>
   </div>
   <div class='ocr_carea' id='block_1_106' title="bbox 2402 4782 3967 4861">
    <p class='ocr_par' dir='ltr' id='par_1_106' title="bbox 2402 4782 3967 4861">
     <span class='ocr_line' id='line_1_106' title="bbox 2402 4782 3967 4861; baseline -0.004 -16"><span class='ocrx_word' id='word_1_792' title='bbox 2402 4793 2488 4855; x_wconf 93' lang='grc' dir='ltr'>λος</span> <span class='ocrx_word' id='word_1_793' title='bbox 2510 4793 2566 4845; x_wconf 82' lang='grc' dir='ltr'>δὲ</span> <span class='ocrx_word' id='word_1_794' title='bbox 2597 4791 2753 4845; x_wconf 80' lang='grc' dir='ltr'>τοῦτο</span> <span class='ocrx_word' id='word_1_795' title='bbox 2784 4792 2984 4861; x_wconf 80' lang='grc' dir='ltr'>ἔλεγεν,</span> <span class='ocrx_word' id='word_1_796' title='bbox 3018 4789 3203 4861; x_wconf 77' lang='grc' dir='ltr'>ἐπειδή</span> <span class='ocrx_word' id='word_1_797' title='bbox 3250 4789 3489 4858; x_wconf 81' lang='grc' dir='ltr'>συνεχεῖς</span> <span class='ocrx_word' id='word_1_798' title='bbox 3513 4782 3653 4857; x_wconf 82' lang='grc' dir='ltr'>ἦσαν</span> <span class='ocrx_word' id='word_1_799' title='bbox 3677 4786 3769 4838; x_wconf 75' lang='grc' dir='ltr'>καὶ</span> <span class='ocrx_word' id='word_1_800' title='bbox 3800 4784 3967 4839; x_wconf 74' lang='grc' dir='ltr'>ἐπάλ-</span> 
     </span>
    </p>
   </div>
   <div class='ocr_carea' id='block_1_107' title="bbox 2402 4875 3969 4955">
    <p class='ocr_par' dir='ltr' id='par_1_107' title="bbox 2402 4875 3969 4955">
     <span class='ocr_line' id='line_1_107' title="bbox 2402 4875 3969 4955; baseline -0.004 -18"><span class='ocrx_word' id='word_1_801' title='bbox 2402 4884 2551 4955; x_wconf 80' lang='grc' dir='ltr'>ληλοι</span> <span class='ocrx_word' id='word_1_802' title='bbox 2585 4884 2834 4955; x_wconf 70' lang='grc' dir='ltr'>διωγμοὶ.</span> <span class='ocrx_word' id='word_1_803' title='bbox 2868 4884 3027 4937; x_wconf 83' lang='grc' dir='ltr'>κα“ιοί</span> <span class='ocrx_word' id='word_1_804' title='bbox 3045 4881 3416 4952; x_wconf 83' lang='grc' dir='ltr'>περισπασμοὶ</span> <span class='ocrx_word' id='word_1_805' title='bbox 3443 4878 3665 4953; x_wconf 84' lang='grc' dir='ltr'>θάνατον</span> <span class='ocrx_word' id='word_1_806' title='bbox 3690 4875 3969 4930; x_wconf 79' lang='grc' dir='ltr'>ἀπειλοῦν-</span> 
     </span>
    </p>
   </div>
   <div class='ocr_carea' id='block_1_108' title="bbox 2402 4958 3969 5049">
    <p class='ocr_par' dir='ltr' id='par_1_108' title="bbox 2402 4958 3969 5049">
     <span class='ocr_line' id='line_1_108' title="bbox 2402 4958 3969 5049; baseline -0.004 -20"><span class='ocrx_word' id='word_1_807' title='bbox 2402 4994 2491 5040; x_wconf 88' lang='grc' dir='ltr'><strong>τες</strong></span> <span class='ocrx_word' id='word_1_808' title='bbox 2551 4958 2743 5049; x_wconf 47' lang='grc' dir='ltr'>αύτῷξ</span> <span class='ocrx_word' id='word_1_809' title='bbox 2784 4976 2937 5030; x_wconf 77' lang='grc' dir='ltr'><strong>Ὀδὲ</strong></span> <span class='ocrx_word' id='word_1_810' title='bbox 2993 4974 3113 5029; x_wconf 71' lang='grc' dir='ltr'>καθῒ</span> <span class='ocrx_word' id='word_1_811' title='bbox 3170 4974 3399 5027; x_wconf 75' lang='grc' dir='ltr'>ἕκαστον</span> <span class='ocrx_word' id='word_1_812' title='bbox 3462 4970 3764 5041; x_wconf 78' lang='grc' dir='ltr'>πειρασμὸν</span> <span class='ocrx_word' id='word_1_813' title='bbox 3830 4986 3969 5040; x_wconf 84' lang='grc' dir='ltr'>παρ-</span> 
     </span>
    </p>
   </div>
   <div class='ocr_carea' id='block_1_109' title="bbox 2404 5061 3962 5138">
    <p class='ocr_par' dir='ltr' id='par_1_109' title="bbox 2404 5061 3962 5138">
     <span class='ocr_line' id='line_1_109' title="bbox 2404 5061 3962 5138; baseline -0.003 -18"><span class='ocrx_word' id='word_1_814' title='bbox 2404 5068 2699 5123; x_wconf 85' lang='grc' dir='ltr'>εσκεύαστο</span> <span class='ocrx_word' id='word_1_815' title='bbox 2732 5069 3061 5133; x_wconf 83' lang='grc' dir='ltr'>ὲνστατικῶς</span> <span class='ocrx_word' id='word_1_816' title='bbox 3126 5066 3284 5138; x_wconf 81' lang='grc' dir='ltr'>μέχρι</span> <span class='ocrx_word' id='word_1_817' title='bbox 3318 5063 3545 5117; x_wconf 83' lang='grc' dir='ltr'>θανάτου</span> <span class='ocrx_word' id='word_1_818' title='bbox 3578 5061 3962 5131; x_wconf 78' lang='grc' dir='ltr'>ἀγωνίσασθαι·</span> 
     </span>
    </p>
   </div>
   <div class='ocr_carea' id='block_1_110' title="bbox 2402 5154 3967 5234">
    <p class='ocr_par' dir='ltr' id='par_1_110' title="bbox 2402 5154 3967 5234">
     <span class='ocr_line' id='line_1_110' title="bbox 2402 5154 3967 5234; baseline -0.005 -21"><span class='ocrx_word' id='word_1_819' title='bbox 2402 5162 2479 5215; x_wconf 83' lang='grc' dir='ltr'>διὸ</span> <span class='ocrx_word' id='word_1_820' title='bbox 2510 5164 2733 5227; x_wconf 72' lang='grc' dir='ltr'>εἰκότως</span> <span class='ocrx_word' id='word_1_821' title='bbox 2761 5163 2880 5216; x_wconf 85' lang='grc' dir='ltr'>καθ’</span> <span class='ocrx_word' id='word_1_822' title='bbox 2913 5163 3125 5234; x_wconf 78' lang='grc' dir='ltr'>ἡμέραν</span> <span class='ocrx_word' id='word_1_823' title='bbox 3166 5157 3528 5229; x_wconf 81' lang='grc' dir='ltr'>ἀποθνήσκειν</span> <span class='ocrx_word' id='word_1_824' title='bbox 3580 5154 3751 5223; x_wconf 70' lang='grc' dir='ltr'>ἔλεγε.</span> <span class='ocrx_word' id='word_1_825' title='bbox 3786 5154 3967 5227; x_wconf 86' lang='grc' dir='ltr'>Ταύτῃ</span> 
     </span>
    </p>
   </div>
   <div class='ocr_carea' id='block_1_111' title="bbox 2402 5246 3967 5329">
    <p class='ocr_par' dir='ltr' id='par_1_111' title="bbox 2402 5246 3967 5329">
     <span class='ocr_line' id='line_1_111' title="bbox 2402 5246 3967 5329; baseline -0.006 -20"><span class='ocrx_word' id='word_1_826' title='bbox 2402 5252 2495 5309; x_wconf 76' lang='grc' dir='ltr'>οὖν</span> <span class='ocrx_word' id='word_1_827' title='bbox 2526 5260 2591 5329; x_wconf 79' lang='grc' dir='ltr'>τῇ</span> <span class='ocrx_word' id='word_1_828' title='bbox 2615 5256 2821 5329; x_wconf 79' lang='grc' dir='ltr'>διανοίᾳ</span> <span class='ocrx_word' id='word_1_829' title='bbox 2840 5256 2931 5309; x_wconf 76' lang='grc' dir='ltr'><strong>καὶ</strong></span> <span class='ocrx_word' id='word_1_830' title='bbox 2962 5255 3012 5307; x_wconf 80' lang='grc' dir='ltr'><strong>οἱ</strong></span> <span class='ocrx_word' id='word_1_831' title='bbox 3039 5252 3205 5306; x_wconf 90' lang='grc' dir='ltr'>πάλαι</span> <span class='ocrx_word' id='word_1_832' title='bbox 3237 5250 3332 5303; x_wconf 83' lang='grc' dir='ltr'>τοῦ</span> <span class='ocrx_word' id='word_1_833' title='bbox 3387 5247 3520 5329; x_wconf 76' lang='grc' dir='ltr'><strong>Θεοῦ</strong></span> <span class='ocrx_word' id='word_1_834' title='bbox 3566 5247 3839 5319; x_wconf 82' lang='grc' dir='ltr'>προφῆται</span> <span class='ocrx_word' id='word_1_835' title='bbox 3880 5246 3967 5300; x_wconf 74' lang='grc' dir='ltr'>διὰ</span> 
     </span>
    </p>
   </div>
   <div class='ocr_carea' id='block_1_112' title="bbox 2402 5326 3968 5423">
    <p class='ocr_par' dir='ltr' id='par_1_112' title="bbox 2402 5326 3968 5423">
     <span class='ocr_line' id='line_1_112' title="bbox 2402 5326 3968 5423; baseline -0.006 -20"><span class='ocrx_word' id='word_1_836' title='bbox 2402 5350 2509 5405; x_wconf 82' lang='grc' dir='ltr'><strong>τῶν</strong></span> <span class='ocrx_word' id='word_1_837' title='bbox 2534 5326 2906 5423; x_wconf 78' lang='grc' dir='ltr'>προκειμένων</span> <span class='ocrx_word' id='word_1_838' title='bbox 2935 5348 3106 5402; x_wconf 81' lang='grc' dir='ltr'>ταῦτα</span> <span class='ocrx_word' id='word_1_839' title='bbox 3128 5346 3383 5415; x_wconf 77' lang='grc' dir='ltr'>ἔφασκον·</span> <span class='ocrx_word' id='word_1_840' title='bbox 3422 5326 3515 5397; x_wconf 72' lang='grc' dir='ltr'>Ἕν</span> <span class='ocrx_word' id='word_1_841' title='bbox 3563 5341 3672 5416; x_wconf 81' lang='grc' dir='ltr'><strong>γὰρ</strong></span> <span class='ocrx_word' id='word_1_842' title='bbox 3698 5345 3811 5405; x_wconf 77' lang='grc' dir='ltr'>τοῖς</span> <span class='ocrx_word' id='word_1_843' title='bbox 3837 5358 3968 5413; x_wconf 84' lang='grc' dir='ltr'>κρυ-</span> 
     </span>
    </p>
   </div>
   <div class='ocr_carea' id='block_1_113' title="bbox 2404 5432 3967 5513">
    <p class='ocr_par' dir='ltr' id='par_1_113' title="bbox 2404 5432 3967 5513">
     <span class='ocr_line' id='line_1_113' title="bbox 2404 5432 3967 5513; baseline -0.007 -19"><span class='ocrx_word' id='word_1_844' title='bbox 2404 5440 2546 5510; x_wconf 83' lang='grc' dir='ltr'>φίοις</span> <span class='ocrx_word' id='word_1_845' title='bbox 2570 5441 2728 5513; x_wconf 81' lang='grc' dir='ltr'>ἡμῶν</span> <span class='ocrx_word' id='word_1_846' title='bbox 2757 5438 3161 5508; x_wconf 77' lang='grc' dir='ltr'>ὲθανατούμεθα</span> <span class='ocrx_word' id='word_1_847' title='bbox 3194 5439 3372 5490; x_wconf 80' lang='grc' dir='ltr'>πᾶσαν</span> <span class='ocrx_word' id='word_1_848' title='bbox 3404 5434 3631 5507; x_wconf 86' lang='grc' dir='ltr'>ἡμέραν.</span> <span class='ocrx_word' id='word_1_849' title='bbox 3680 5432 3836 5485; x_wconf 84' lang='grc' dir='ltr'>’Δλλά</span> <span class='ocrx_word' id='word_1_850' title='bbox 3859 5434 3967 5502; x_wconf 73' lang='grc' dir='ltr'>γὰρ</span> 
     </span>
    </p>
   </div>
   <div class='ocr_carea' id='block_1_114' title="bbox 2401 5522 3965 5605">
    <p class='ocr_par' dir='ltr' id='par_1_114' title="bbox 2401 5522 3965 5605">
     <span class='ocr_line' id='line_1_114' title="bbox 2401 5522 3965 5605; baseline -0.006 -18"><span class='ocrx_word' id='word_1_851' title='bbox 2401 5534 2495 5587; x_wconf 73' lang='grc' dir='ltr'>καὶ</span> <span class='ocrx_word' id='word_1_852' title='bbox 2524 5534 2921 5604; x_wconf 70' lang='grc' dir='ltr'>ἐλογίσθημεν</span> <span class='ocrx_word' id='word_1_853' title='bbox 2948 5533 3027 5597; x_wconf 86' lang='grc' dir='ltr'><strong>ὡς</strong></span> <span class='ocrx_word' id='word_1_854' title='bbox 3061 5530 3320 5605; x_wconf 81' lang='grc' dir='ltr'>πρόϐατα</span> <span class='ocrx_word' id='word_1_855' title='bbox 3362 5526 3621 5598; x_wconf 70' lang='grc' dir='ltr'>σφαγῆς·</span> <span class='ocrx_word' id='word_1_856' title='bbox 3685 5522 3831 5591; x_wconf 76' lang='grc' dir='ltr'>ἅπαξ</span> <span class='ocrx_word' id='word_1_857' title='bbox 3857 5526 3965 5594; x_wconf 86' lang='grc' dir='ltr'>γὰρ</span> 
     </span>
    </p>
   </div>
   <div class='ocr_carea' id='block_1_115' title="bbox 2398 5618 4029 5696">
    <p class='ocr_par' dir='ltr' id='par_1_115' title="bbox 2398 5618 4029 5696">
     <span class='ocr_line' id='line_1_115' title="bbox 2398 5618 4029 5696; baseline -0.008 -16"><span class='ocrx_word' id='word_1_858' title='bbox 2398 5627 2619 5689; x_wconf 76' lang='grc' dir='ltr'>ἑαυτοὺς</span> <span class='ocrx_word' id='word_1_859' title='bbox 2652 5624 3092 5696; x_wconf 82' lang='grc' dir='ltr'>παραδεδωκότες</span> <span class='ocrx_word' id='word_1_860' title='bbox 3120 5622 3307 5695; x_wconf 82' lang='grc' dir='ltr'>ὥσπερ</span> <span class='ocrx_word' id='word_1_861' title='bbox 3339 5623 3418 5684; x_wconf 82' lang='grc' dir='ltr'>εἰς</span> <span class='ocrx_word' id='word_1_862' title='bbox 3457 5619 3647 5673; x_wconf 87' lang='grc' dir='ltr'>θυσίαν</span> <span class='ocrx_word' id='word_1_863' title='bbox 3676 5618 3796 5672; x_wconf 77' lang='grc' dir='ltr'>ἀντὶ</span> <span class='ocrx_word' id='word_1_864' title='bbox 3829 5630 3965 5669; x_wconf 77' lang='grc' dir='ltr'>παν-</span> <span class='ocrx_word' id='word_1_865' title='bbox 4024 5666 4029 5667; x_wconf 63' lang='lat'><strong><em>,</em></strong></span> 
     </span>
    </p>
   </div>
   <div class='ocr_carea' id='block_1_116' title="bbox 2396 5700 3963 5790">
    <p class='ocr_par' dir='ltr' id='par_1_116' title="bbox 2396 5700 3963 5790">
     <span class='ocr_line' id='line_1_116' title="bbox 2396 5700 3963 5790; baseline -0.008 -18"><span class='ocrx_word' id='word_1_866' title='bbox 2396 5718 2486 5782; x_wconf 82' lang='grc' dir='ltr'>τὸς</span> <span class='ocrx_word' id='word_1_867' title='bbox 2515 5717 2608 5771; x_wconf 82' lang='grc' dir='ltr'>τοῦ</span> <span class='ocrx_word' id='word_1_868' title='bbox 2639 5717 2792 5783; x_wconf 82' lang='grc' dir='ltr'>λαοῦ,</span> <span class='ocrx_word' id='word_1_869' title='bbox 2820 5716 2899 5788; x_wconf 80' lang='grc' dir='ltr'>τῷ</span> <span class='ocrx_word' id='word_1_870' title='bbox 2926 5714 3169 5790; x_wconf 86' lang='grc' dir='ltr'>λογισμῷ</span> <span class='ocrx_word' id='word_1_871' title='bbox 3202 5716 3297 5769; x_wconf 78' lang='grc' dir='ltr'>καὶ</span> <span class='ocrx_word' id='word_1_872' title='bbox 3323 5714 3389 5784; x_wconf 77' lang='grc' dir='ltr'>τῇ</span> <span class='ocrx_word' id='word_1_873' title='bbox 3418 5700 3671 5784; x_wconf 82' lang='grc' dir='ltr'>προθέσει</span> <span class='ocrx_word' id='word_1_874' title='bbox 3702 5706 3963 5776; x_wconf 68' lang='grc' dir='ltr'>ἐσφαγιά-</span> 
     </span>
    </p>
   </div>
   <div class='ocr_carea' id='block_1_117' title="bbox 2402 5889 3964 5967">
    <p class='ocr_par' dir='ltr' id='par_1_117' title="bbox 2402 5889 3964 5967">
     <span class='ocr_line' id='line_1_117' title="bbox 2402 5889 3964 5967; baseline -0.006 -13"><span class='ocrx_word' id='word_1_875' title='bbox 2402 5898 2565 5954; x_wconf 89' lang='lat' dir='ltr'><strong>lectio</strong></span> <span class='ocrx_word' id='word_1_876' title='bbox 2610 5897 2749 5967; x_wconf 87' lang='lat' dir='ltr'><strong>apud</strong></span> <span class='ocrx_word' id='word_1_877' title='bbox 2798 5896 3051 5953; x_wconf 88' lang='lat' dir='ltr'><strong>Drusium</strong></span> <span class='ocrx_word' id='word_1_878' title='bbox 3103 5897 3183 5955; x_wconf 86' lang='lat' dir='ltr'><strong>sic</strong></span> <span class='ocrx_word' id='word_1_879' title='bbox 3232 5895 3395 5953; x_wconf 81' lang='lat' dir='ltr'><strong>habet</strong></span> <span class='ocrx_word' id='word_1_880' title='bbox 3430 5912 3444 5949; x_wconf 89' lang='lat'><strong>:</strong></span> <span class='ocrx_word' id='word_1_881' title='bbox 3475 5891 3585 5947; x_wconf 75' lang='lat' dir='ltr'><strong>Kal</strong></span> <span class='ocrx_word' id='word_1_882' title='bbox 3619 5889 3964 5961; x_wconf 67' lang='grc' dir='ltr'>ἐπεκάλυψας</span> 
     </span>
    </p>
   </div>
   <div class='ocr_carea' id='block_1_118' title="bbox 2402 5968 3073 6041">
    <p class='ocr_par' dir='ltr' id='par_1_118' title="bbox 2402 5968 3073 6041">
     <span class='ocr_line' id='line_1_118' title="bbox 2402 5968 3073 6041; baseline -0.003 -18"><span class='ocrx_word' id='word_1_883' title='bbox 2402 5970 2547 6041; x_wconf 79' lang='grc' dir='ltr'>ἡμᾶς</span> <span class='ocrx_word' id='word_1_884' title='bbox 2576 5970 2632 6022; x_wconf 83' lang='grc' dir='ltr'>ὲν</span> <span class='ocrx_word' id='word_1_885' title='bbox 2666 5970 2793 6038; x_wconf 78' lang='grc' dir='ltr'>σκιᾷ</span> <span class='ocrx_word' id='word_1_886' title='bbox 2825 5968 3073 6024; x_wconf 82' lang='grc' dir='ltr'>θανάτου.</span> 
     </span>
    </p>
   </div>
  </div>
