4354 6464
316 507 421 565 389

1422 508 1912 565 COMMENTARIA
1930 508 2012 574 ,ΙΝ
2047 508 2382 565 PSALMOS.

3430 509 3534 565 390

319 624 545 697 σθημεν,
570 625 645 689 ὡς
675 627 835 690 αὐτὸς
863 629 929 681 σὺ
960 630 989 681 ὁ
1024 628 1154 692 Θεὸς
1180 630 1495 711 μαρτυρεῖς·
1562 634 1718 699 μόνος
1768 630 1859 701 γὰρ

1977 631 2081 684 rito
2113 646 2235 686 cum
2266 629 2461 684 ﬁducia
2499 640 2552 683 te
2592 628 2659 683 ad
2696 642 2797 699 nos
2828 626 3217 691 convertimus,
3248 636 3303 681 et
3330 628 3535 681 excita-

317 716 601 785 γινώσκεις
631 717 700 770 τὰ
734 718 939 796 κρύφια
969 721 1065 791 τῆς
1098 721 1339 794 καρδίας.
1386 720 1534 773 Ἐπεὶ
1581 720 1757 774 τοίνυν
1786 738 1874 773 το-

318 806 489 860 σαῦτα
518 806 879 879 πεπόνθαμεν,
927 810 1146 873 εἰκότως
1208 810 1344 881 μετὰ
1396 810 1704 882 παρρησίας
1753 814 1871 865 ὲπι-

320 898 621 970 στρέφομέν
653 917 713 954 σε
745 900 879 973 πρὸς
904 905 1048 973 ἡμᾶς
1078 902 1172 955 καὶ
1200 902 1531 974 διεγείρομεν
1569 902 1757 973 ὥσπερ
1781 922 1871 956 κα-

318 986 567 1043 θεύδοντα
600 991 691 1043 καί
730 1009 925 1062 φαμεν·
964 994 1085 1047 Ἵνα
1111 992 1168 1045 τί
1198 993 1427 1059 ὑπνοῑς,
1452 994 1661 1061 Κύριε;
1701 993 1867 1047 Ἀγά-ε

314 1084 509 1147 στηθι,
545 1082 640 1136 καὶ
677 1082 762 1152 μὴ
790 1082 1000 1153 ἀπώσῃ
1036 1087 1121 1150 εἰς
1149 1083 1336 1149 τέλος·
1373 1083 1407 1153 ἦ
1444 1083 1584 1136 κατά
1613 1085 1701 1136 τὸν
1726 1084 1867 1155 Σύμ-

319 1187 506 1240 ααχον·
546 1174 677 1228 Ἵνα
715 1174 772 1227 τί
840 1174 919 1241 ὡς
948 1177 981 1227 ὀ
1034 1174 1240 1236 ὑπνῶν
1289 1166 1363 1242 εἰ,
1419 1174 1715 1239 Δέσποτα;
1756 1176 1871 1239 Ἐξ-

312 1257 593 1323 ὐπνισον,
620 1263 716 1315 καί
739 1262 823 1331 μὴ
844 1262 1118 1331 ἀποϐάλῃ
1147 1265 1231 1329 εἰς
1256 1263 1453 1330 τέλος.
1478 1263 1543 1316 Εἰ
1559 1264 1665 1333 γὰρ
1687 1264 1776 1317 καὶ
1808 1267 1869 1318 ὲκ

314 1350 513 1423 μέρους
544 1354 748 1409 ἀπώσω
772 1354 858 1408 διὰ
888 1353 986 1418 τὰς
1007 1353 1276 1425 ἁμαρτίας
1312 1354 1405 1407 τοῦ
1439 1354 1590 1418 λαοῦ,
1623 1354 1734 1409 ἀλλ’
1758 1358 1870 1408 ἱκε-

312 1440 541 1512 τεύομεν
564 1442 637 1515 μὴ
662 1446 743 1507 εἰς
771 1443 920 1506 τέλος
951 1442 1289 1508 ἀπώσασθαι,
1324 1443 1392 1496 τὰ
1416 1444 1460 1496 δ’
1495 1444 1735 1514 ἡμέτερα
1769 1458 1872 1497 πα-

1978 737 2099 777 mus
2143 723 2296 791 quasi
2323 720 2697 787 dormientem,
2726 720 3103 788 dicimusque:
3136 718 3313 784 Quare
3342 718 3533 773 obdor-

1976 810 2099 873 mis,
2128 808 2388 863 Domine?
2416 806 2675 877 Exsurge,
2718 817 2765 861 et
2794 824 2855 861 ne
2872 807 3091 876 repellas
3120 808 3174 859 in
3199 808 3385 875 ﬁnem;
3422 810 3537 862 sive

1975 900 2273 955 secundum
2298 898 2677 970 Symmachum
2703 917 2716 952 :
2742 898 2916 964 Quare
2938 899 3072 951 velut
3097 897 3427 951 obdormiens
3453 914 3532 963 es,
3610 888 3611 891 “

1973 992 2194 1045 Domine
2210 992 2234 1044 ?
2250 989 2642 1060 Expergiscere,
2670 998 2717 1042 et
2735 1006 2796 1043 ne
2825 989 3033 1059 rejicias
3052 990 3105 1041 in
3127 989 3303 1057 ﬁnem.
3334 987 3533 1040 Etiam-

1973 1083 2019 1138 si
2072 1083 2213 1137 enim
2268 1082 2337 1135 ob
2378 1089 2597 1150 peccata
2641 1080 2825 1150 populi
2858 1096 2922 1134 ex
2960 1088 3111 1149 parte
3152 1079 3439 1150 repuleris,
3473 1086 3531 1133 at

1975 1189 2230 1244 rogamus
2278 1188 2346 1227 ne
2396 1172 2449 1226 in
2479 1170 2910 1240 linem'rcjicias;
2948 1171 3042 1226 sed
3070 1160 3210 1224 hana
3238 1185 3400 1241 opera
3430 1185 3530 1223 no-

1976 1275 2089 1319 stra
2124 1281 2222 1335 pro
2254 1265 2509 1319 universo
2539 1264 2734 1335 populo
2760 1264 3015 1333 accipias.
3041 1263 3216 1331 Atque
3239 1264 3533 1316 observan-

1978 1350 2108 1405 dum
2174 1358 2278 1415 est,
2336 1350 2423 1404 his
2482 1350 2795 1404 dualitatem
2860 1364 3217 1421 personarum
3246 1350 3535 1404 adumbra—

1978 1442 2047 1498 ri.

314 1533 637 1605 ραδὲξασθαι
690 1533 1082 1606 κατορθώματα
1134 1534 1272 1605 ὑπὲρ
1302 1534 1396 1587 τοῦ
1428 1534 1624 1599 παντὸς
1671 1533 1823 1589 λαοῦ.
1874 1532 2338 1604 Ἐπισημήνασθαι
2364 1534 2417 1586 δὲ
2450 1534 2544 1598 δεῖ,
2570 1535 2648 1586 ὅτι
2681 1533 2843 1587 δυάδα
2879 1534 2953 1605 (1)
2986 1533 3284 1605 προσώπων
3314 1534 3341 1585 ὁ
3380 1549 3537 1601 Αογος

314 1626 554 1697 ᾐνίξατο.

342 1802 345 1805 _
387 1744 510 1798 Ἰνα
538 1744 596 1797 τί
620 1742 686 1798 τὸ
700 1745 1019 1812 πρόσωπόν
1040 1758 1155 1800 σου
1180 1746 1574 1814 ἀποστρέφεις
1592 1760 1611 1808 ;
1630 1746 1865 1797 ἐπιλαν-

308 1831 462 1901 θάνῃ
490 1832 600 1900 τῆς
627 1836 918 1903 πτωχείας
938 1834 1104 1905 ἡμῶν
1122 1836 1349 1904 καὶτῆς
1380 1838 1638 1905 θλίψεως
1664 1835 1862 1905 ἡμῶν;

2035 1734 2198 1791 Vens.
2227 1734 2319 1800 24,
2352 1731 2441 1789 25/.
2485 1734 2660 1800 Quare
2687 1738 2873 1803 faciem
2904 1745 3049 1787 tuam
3098 1736 3310 1799 avertis,
3343 1737 3533 1791 oblivi~

1968 1810 2125 1883 sceris
2171 1829 2356 1897 inopia:
2389 1839 2583 1882 nostra:
2631 1837 2679 1881 et
2731 1826 3087 1881 tribulationis
3113 1830 3344 1880 ﬂOS‘TtB?
3372 1827 3529 1898 S.ym-
3631 1876 3638 1882 .

314 1920 625 1992 Σύμμαχος·
656 1924 785 1978 Ἵνα
822 1925 880 1977 τί
916 1924 983 1978 τὸ
1038 1926 1360 1993 πρόσωπόν
1397 1942 1511 1980 σου
1567 1926 1859 1994 κρύπτειςι

1971 1922 2193 1976 machus
2222 1940 2234 1975 :
2262 1921 2436 1988 Quare
2466 1921 2652 1989 faciem
2679 1930 2825 1973 tuam
2856 1920 3155 1984 abscondis,
3201 1916 3524 1976 obliviscaris

306 2012 679 2083 ἐπιλανθάνῃ
734 2013 841 2083 τῆς
877 2010 1189 2084 κακώσεως
1214 2016 1381 2086 ἡμῶν
1426 2016 1525 2071 καί
1573 2017 1863 2083 θλίψεως;

310 2102 587 2176 Κρύσιτεις
617 2106 716 2176 μὲν
762 2106 824 2159 τὸ
870 2106 1063 2162 ἑαυτοῦ
1122 2109 1428 2180 πρόσωπον,
1480 2111 1508 2161 ὁ
1564 2108 1715 2171 Θεὸς,
1771 2106 1864 2159 καὶ

306 2196 665 2268 ἀποστρέφεις
725 2199 860 2270 πρὸς
904 2200 965 2253 τὸ
1021 2200 1094 2273 μὴ
1144 2201 1359 2271 βλέπειν
1415 2200 1483 2254 τὰ
1533 2199 1730 2272 αἰσχρά
1771 2200 1865 2253 καὶ

308 2289 553 2359 ἀπρεπῆ,
586 2291 681 2344 καὶ
702 2292 800 2361 τῆς
829 2292 925 2363 σῆς
947 2292 1071 2357 θέας
1102 2292 1370 2364 ἀλλότρια.
1416 2293 1549 2345 Ἀλλ’
1566 2294 1685 2346 ἐπεὶ
1706 2294 1863 2363 ἡμεῖς

217 2416 222 2420 ι
301 2378 398 2431 ἐπὶ
430 2380 538 2442 τοῖς
562 2378 809 2451 λεχθεῖσι
846 2380 1222 2452 κατορθώμασι
1274 2380 1580 2451 παρρησίαν
1638 2380 1859 2448 ἄγομεν,

303 2468 405 2523 ἵνα
433 2468 495 2522 τί
515 2468 581 2522 τὸ
624 2469 943 2541 πρόσωπόν
988 2487 1104 2525 σου
1155 2472 1471 2539 κρύπτεις;
1530 2453 1776 2525 Τοσαῦτα
1804 2469 1861 2521 δὲ

301 2559 619 2630 πασχόντων
649 2562 742 2613 καὶ
772 2560 1217 2615 κακοπαθούντων
1239 2562 1335 2633 τῆς
1368 2562 1467 2632 σῆς
1506 2553 1685 2614 ἕνεκεν
1706 2560 1860 2613 εύσει

300 2649 473 2715 σείας,
507 2651 607 2704 ινα
631 2652 691 2704 τί
716 2652 1083 2722 ἐπιλανθάνῃ
1140 2652 1246 2720 τῆς
1302 2654 1613 2717 κακώσεως
1659 2651 1857 2719 ἡμῶν;

297 2741 416 2813 ἦτοι
477 2740 584 2809 τῆς
625 2728 943 2810 πτωχείας,
980 2743 1120 2797 κατὰ
1175 2746 1298 2806 τοὺς
1345 2742 1758 2813 Ἑϐδομίμοντα.
1793 2741 1857 2792 Εἰ

298 2829 407 2901 γὰρ
433 2831 526 2883 καὶ
544 2830 758 2901 μεγάλα
784 2831 953 2885 ταῦτα
983 2832 1056 2895 ὡς
1086 2833 1221 2902 πρὸς
1267 2835 1411 2904 ἡμᾶς
1444 2832 1853 2904 κατορθώματα,

294 2922 411 2976 ἀλλ’
439 2920 515 2986 ὡς
547 2922 680 2993 πρὸς
710 2924 769 2977 σὲ
800 2924 976 2979 πάντα
1008 2926 1197 2995 πτωχὰ
1238 2926 1328 2978 καὶ
1383 2925 1611 2995 σμικρὰ,
1638 2926 1730 2978 καί⁵
1752 2925 1856 2978 ὀλί-

296 3031 477 3083 τιστα.
507 3014 651 3086 Πλὴν
675 3015 751 3079 ὡς
779 3014 838 3081 ἐξ
870 3015 1024 3087 ἡμῶν
1056 3016 1282 3087 μεγάλα.
1316 3016 1747 3087 Διὸίκετεύομεν
1782 3016 1855 3088 μὴ
1898 3046 1902 3053 ·

295 3106 467 3179 λήθην
500 3108 823 3181 ποιήσασθαι
850 3109 949 3179 τῆς
977 3109 1247 3181 ἡμετέρας
1301 3108 1586 3179 πτωχείας·
1621 3107 1857 3179 μνησθῆ-

295 3217 383 3254 ναι
405 3200 463 3255 δὲ
490 3202 583 3255 καὶ
603 3202 705 3272 τῆς
750 3201 978 3273 θλίψεως
1022 3202 1198 3274 ἡμῶν,
1252 3197 1322 3276 ἦς
1363 3202 1731 3273 ὑπεμείναμεν
1760 3218 1852 3255 σου

1963 2014 2258 2085 aﬂlictionis
2326 2022 2519 2067 nostra:
2563 2024 2611 2067 et
2663 2012 3054 2065 tribulationis?
3109 2010 3411 2067 Abscondis
3470 2020 3526 2067 ct

1963 2108 2161 2161 avertis
2207 2106 2400 2171 faciem
2437 2113 2604 2171 tuam,
2632 2104 2793 2171 Deus,
2826 2120 2893 2158 ne
2921 2103 3103 2167 videas
3133 2105 3308 2172 turpia
3352 2104 3443 2159 illa
3469 2114 3523 2160 et

1962 2197 2244 2263 indecora,
2275 2204 2497 2267 aspectu
2532 2205 2628 2249 tuo
2654 2195 2847 2250 aliena.
2882 2193 2987 2249 Sed
3021 2196 3145 2264 quia
3173 2187 3273 2249 nos
3298 2195 3352 2249 in
3376 2203 3523 2251 recte

1961 2290 2141 2355 factis,
2179 2296 2239 2344 ut
2265 2290 2468 2343 dictum
2499 2296 2602 2351 est,
2640 2288 2893 2349 ﬁduciam
2933 2287 3215 2350 habemus,
3246 2304 3405 2358 quare
3433 2287 3519 2355 fa-

1960 2385 2089 2437 ciem
2149 2392 2294 2436 tuam
2323 2380 2730 2436 abscondis?Et
2786 2395 2908 2435 cum
2964 2387 3046 2434 tot
3097 2380 3253 2434 malis
3304 2368 3520 2449 pietatis

1960 2490 2125 2532 causa
2168 2474 2466 2530 aﬂiciamur
2497 2482 2550 2530 et
2576 2474 2967 2545 opprimamur,
3001 2489 3163 2542 quare
3204 2472 3522 2527 obliviscaris

1960 2567 2287 2637 aﬁliclionem
2319 2564 2597 2619 nostram?
2646 2563 2759 2618 sive
2806 2562 3057 2629 inopiam,
3091 2561 3387 2615 secundum
3422 2560 3521 2615 Se-

1934 2643 2239 2728 ptuaginta
2270 2657 2615 2725 interpretes.
2648 2653 2797 2708 Licet
2823 2653 2989 2717 enim,
3016 2652 3205 2706 isthaec
3231 2652 3371 2706 bona
3392 2668 3521 2722 ope—

1958 2762 2041 2811 ra,
2068 2760 2261 2815 magna
2311 2746 2454 2812 quod
2500 2744 2567 2797 ad
2597 2760 2696 2800 nos
2726 2752 2933 2815 spectat
2968 2744 3215 2798 habenda
3252 2745 3395 2810 sint;
3424 2760 3519 2799 ve-

1956 2852 2077 2891 rum
2104 2835 2364 2905 quantum
2391 2833 2459 2888 ad
2490 2843 2541 2889 te
2571 2834 2748 2887 omnia
2766 2849 2954 2904 egena,
2978 2835 3189 2887 modica
3220 2845 3272 2889 et
3295 2836 3518 2889 minima

1957 2938 2103 2984 sunt.
2118 2927 2503 2982 Verumtamen
2522 2927 2649 2995 quia
2681 2934 2930 2996 respectu
2951 2926 3123 2979 nostri
3148 2940 3341 2995 magna
3364 2937 3515 2993 sunt,

1956 3020 2078 3077 ideo
2105 3020 2476 3090 supplicamus
2505 3018 2604 3073 tibi
2638 3026 2695 3071 ut
2721 3034 2788 3073 ne
2824 3018 3019 3089 inopiae
3051 3019 3394 3076 obliviscaris
3418 3025 3519 3075 no-

1957 3118 2103 3175 strae,
2142 3120 2307 3181 utque
2357 3108 2683 3173 aﬂlictionis,
2718 3124 2881 3179 quam
2932 3111 3010 3164 tui
3056 3125 3225 3165 causa
3272 3110 3515 3181 perpessi

1954 3218 2167 3267 sumus,
2196 3200 2521 3259 recorderis.
2554 3198 2621 3253 Et
2652 3200 2776 3269 quia
2805 3198 3085 3253 huntiliala
3115 3209 3191 3254 est
3226 3201 3279 3254 in
3310 3202 3517 3269 pulvere

291 3295 475 3367 χάριν.
501 3297 611 3349 Καὶ
637 3286 767 3350 ἐπεὶ
797 3297 835 3365 ἠ
868 3295 1037 3365 ψυχὴ
1074 3295 1239 3365 ἡμῶν
1287 3298 1373 3362 εἰς
1414 3296 1564 3365 χοῦν
1598 3295 1856 3349 τεταπεί-

1971 3296 2134 3350 tnima
2163 3303 2365 3357 nostra,
2400 3308 2653 3363 rogamus
2694 3291 3096 3346 inﬁrmitatibus
3127 3292 3331 3347 nostris
3361 3293 3517 3364 igno-

294 3403 495 3452 νωται,
532 3386 833 3457 συγγνῶναι
854 3390 975 3451 ταῖς
1003 3387 1304 3450 ἀσθενείαις
1336 3390 1367 3459 η
1378 3387 1492 3459 μῶν
1520 3387 1844 3458 ἱκετεύομεν.

293 3476 404 3529 Καὶ
438 3475 669 3548 ἀλλαχοῦ
702 3477 757 3529 δὲ
784 3476 861 3547 τῷ
889 3475 1037 3545 αύτῷ
1056 3476 1194 3547 λόγῳ
1213 3477 1448 3530 δυσωπεῖ
1474 3477 1562 3530 τὸν
1581 3477 1732 3542 Θεὸν,
1765 3477 1847 3530 λέ-

1953 3403 2097 3444 scas.
2126 3387 2275 3441 Alias
2314 3401 2529 3456 quoque
2576 3386 2709 3457 ipsis
2740 3384 2924 3441 verbis
2950 3383 3115 3439 Deum
3150 3386 3401 3453 obsecrat
3432 3370 3517 3441 di-

1950 3494 2081 3535 cens
2109 3499 2122 3534 :
2149 3476 2444 3533 Recordare
2470 3478 2716 3545 quoniam
2741 3476 2909 3546 pulvis
2939 3492 3120 3529 sumus
3143 3492 3162 3529 :
3196 3476 3347 3531 homo
3378 3480 3513 3533 sicut

290 3584 425 3637 γων·
459 3567 793 3635 Μνήσθητι,
844 3566 932 3621 ὅτι
970 3567 1118 3635 χοῦς
1145 3568 1348 3636 ἐσμεν·
1374 3568 1679 3635 ἄνθρωπος
1709 3570 1850 3635 ὡσεὶ

1971 3570 2125 3624 'enum
2170 3569 2279 3623 dies
2322 3568 2513 3635 ejus“.
2552 3567 2664 3620 lmo
2696 3568 2858 3620 etiam
2894 3564 3114 3617 adhaesit
3146 3573 3299 3618 terra:
3341 3577 3515 3620 venter

291 3658 505 3726 χόρτος
550 3659 611 3709 a'l
660 3654 869 3725 ἡμέραι
920 3655 1122 3710 αὐτοῦ.
1175 3655 1332 3709 Ἀλλά
1383 3657 1477 3709 καὶ
1534 3660 1573 3725 ἡ
1621 3660 1850 3729 γαστὴρ

1971 3672 2146 3715 toster.
2175 3660 2517 3730 Oportuisset
2545 3672 2675 3712 sane
2696 3655 2957 3725 repletum
2984 3654 3159 3723 ipsum
3189 3656 3511 3709 essetsacrie

289 3744 461 3816 ἡμῶν
486 3745 787 3813 ἐκολλήθη
815 3747 901 3812 εἰς
952 3742 1085 3815 γῆν.
1138 3746 1264 3799 Δέον
1314 3749 1421 3818 γὰρ
1448 3746 1616 3819 αὐτὴν
1645 3749 1851 3820 πεπλη-

1971 3752 2189 3813 luentis,
2218 3758 2382 3820 atque
2425 3748 2572 3802 fonte
2623 3761 2775 3815 aquae
2820 3744 2956 3799 vivae
2987 3743 3231 3799 salientis
3259 3742 3313 3797 in
3343 3744 3511 3797 vitam

293 3838 501 3911 ρῶσθαι
552 3838 806 3909 ναμάτων
834 3838 1004 3907 ἁγίων
1053 3839 1148 3893 καὶ
1202 3839 1383 3910 πηγῆς
1438 3835 1626 3905 ὓδατος
1655 3838 1849 3905 ζῶντος

1971 3849 2226 3902 sternam,
2263 3839 2359 3893 sed
2380 3854 2446 3893 ex
2472 3836 2638 3891 nimia
2667 3835 2913 3890 siccitate
2944 3831 3168 3909 adhaesit
3204 3842 3359 3889 terra:
3388 3851 3509 3888 ven-

289 3928 585 4000 ἁλλομένου
642 3930 722 3993 εἰς
758 3927 921 4000 ζωὴν
946 3926 1181 3995 αἰώνιον,
1208 3928 1267 3994 ἐξ
1310 3929 1559 4002 ἀνυδρίας
1583 3930 1850 4003 ὑπερϐαλ-

1971 3950 2027 3987 er
2058 3941 2253 3986 noster.
2280 3929 2382 3985 Per
2411 3936 2651 3984 ventrem
2679 3934 2857 3981 autem
2882 3927 3197 3981 memoriam
3221 3928 3509 3997 intelligas,

285 4019 487 4092 λούσης
519 4021 558 4089 ἡ
586 4019 816 4089 γαστὴρ
836 4019 1003 4090 ἡμῶν
1026 4020 1325 4090 ἐκολλήθη
1343 4023 1429 4087 εἰς
1454 4017 1584 4090 γῆν.
1604 4020 1848 4094 Γαστέρα

1971 4024 2062 4079 ιίνε
2097 4022 2396 4094 principem
2446 4023 2637 4075 anima:
2684 4028 2914 4090 partem,
2950 4020 3005 4074 in
3043 4035 3149 4089 qua
3193 4020 3513 4090 disciplinas

286 4112 348 4166 δὲ
369 4111 547 4183 ψυχῆς
566 4112 679 4166 νόει
707 4113 767 4166 τὸ
796 4112 1123 4184 μνημονικὸν
1147 4113 1331 4183 αὐτῆς,
1364 4112 1397 4182 ἢ
1444 4113 1535 4165 καὶ
1561 4111 1620 4164 τὸ
1650 4114 1850 4184 ἠγεμο-

1971 4133 2136 4173 »ηιηεε
2178 4132 2241 4171 ac
2281 4106 2678 4185 speculationes
2710 4114 2917 4184 colligit
2954 4132 2967 4168 :
3000 4113 3055 4167 in
3085 4111 3213 4184 qua,
3249 4122 3514 4183 concepto

256 4205 460 4271 Δνικὸν,
485 4207 542 4260 ὲν
596 4198 641 4274 ᾧ
700 4206 875 4260 πάντα
924 4206 1140 4274 συνάγει
1190 4204 1260 4258 τὰ
1318 4203 1609 4275 μαθήματα
1654 4205 1748 4258 καὶ
1780 4206 1848 4261 τὰ

1971 4210 2177 4274 ιεωὶηε,
2202 4222 2487 4279 prtegnans
2513 4204 2776 4273 edicitur;
2805 4213 2860 4261 et
2888 4190 3170 4276 postquam
3198 4206 3506 4274 parturivit,

289 4297 640 4369 θεωρήματα·
662 4300 719 4352 ὲν
745 4292 789 4367 ᾧ
826 4300 919 4352 καὶ
949 4298 1167 4369 σπέρμα
1190 4295 1553 4368 ὑποδεξαμένη
1581 4295 1719 4361 κύει,
1753 4296 1847 4350 καὶ

1971 4303 2091 4358 iarit
2135 4302 2388 4372 spiritum
2422 4300 2635 4364 salutis,
2671 4306 2731 4353 ut
2759 4299 2892 4353 dicit
2921 4299 3137 4369 quidam
3166 4316 3177 4350 :
3209 4296 3292 4349 Ex
3322 4299 3510 4352 timore

288 4390 733 4464 ςελεσςρορήσασα
776 4392 941 4463 γεννᾷ
980 4390 1194 4460 πνεῦμα
1246 4387 1535 4461 σωτηρίας,
1590 4389 1728 4443 κατὰ
1757 4386 1847 4443 τὸν

1972 4410 2061 4459 uo,
2089 4395 2329 4459 Domine,
2357 4394 2410 4446 in
2437 4402 2583 4446 utero
2614 4392 2939 4459 concepimus
2967 4396 3016 4444 et
3044 4388 3508 4457 parturivimus,e_t

287 4486 558 4556 φήσαντα·
600 4480 694 4537 Ἐκ
744 4482 849 4537 τοῦ
874 4480 1061 4548 φόϐου
1107 4496 1243 4544 σου,
1294 4482 1485 4550 Κύριε,
1519 4481 1588 4536 ἐν
1637 4484 1846 4553 γαστρί

1971 4488 2236 4557 reperimus
2277 4486 2521 4555 spiritum
2564 4483 2755 4537 salutis
2776 4482 2841 4533 ⁶¹.
2875 4479 2999 4534 Hac
3026 4466 3326 4549 supplicium
3355 4494 3508 4535 more

287 4576 580 4647 ἐλάϐομεν
608 4576 705 4631 καὶ
736 4575 1129 4646 (κινήσομεν,
1185 4572 1281 4629 καὶ
1310 4576 1588 4647 ἑτέκομεν
1616 4579 1848 4649 πνεῦμα

1971 4578 2028 4631 lli
2052 4575 2325 4647 quondam
2359 4574 2635 4643 propheta:
2660 4571 2750 4625 Dei
2791 4578 2845 4624 et
2885 4568 3035 4637 probi
3065 4567 3117 4621 in
3150 4569 3348 4637 populo
3378 4570 3504 4635 viri,

252 4705 262 4716 .
288 4644 603 4739 σωτηρίας.
629 4668 874 4722 Τοσαῦτα
897 4644 1244 4738 δυσωπητικά
1292 4668 1341 4719 οἰ
1388 4644 1549 4722 πάλαι
1580 4669 1673 4723 τοῦ
1712 4644 1845 4725 Θεοῦ

1971 4644 2085 4739 ενῖρί
2111 4674 2385 4739 rogantes,
2418 4663 2697 4735 proferunt
2720 4680 2732 4715 :
2759 4658 2903 4730 quod
2930 4659 3093 4713 etiam
3116 4660 3504 4737 impetrarunt;

290 4762 587 4835 προφῆται,
618 4762 711 4813 καὶ
733 4763 781 4813 οἰ
812 4758 1197 4832 κατορθοῦντες
1223 4760 1280 4811 ὲν
1312 4758 1386 4829 τῷ
1411 4758 1523 4831 λαῷ
1546 4760 1845 4831 δεηθέντες,

1971 4776 2074 4815 iam
2103 4758 2278 4812 adhuc
2305 4756 2437 4831 ipsis
2462 4752 2827 4821 loquentibus,
2862 4749 3190 4820 propitiatus
3240 4748 3380 4805 Deus
3412 4750 3508 4836 ﬂe:-

294 4850 592 4905 ἱκετεύουσι
620 4851 711 4903 καὶ
731 4848 1047 4921 λυτρώσεως
1075 4852 1266 4919 τυχεῖν·
1286 4848 1313 4901 ὃ
1340 4848 1403 4920 δὴ
1426 4850 1517 4902 καί
1537 4852 1845 4923 γεγένηται·

1973 4866 2061 4905 um
2088 4864 2274 4905 eorum
2307 4848 2363 4901 in
2395 4846 2631 4900 laetitiam
2667 4844 2847 4899 vertit.
2876 4842 2988 4909 Qui
3020 4842 3162 4897 enim
3189 4849 3270 4896 tot
3293 4856 3350 4899 se
3376 4841 3508 4895 ﬂeti-

288 4941 370 4993 ἔτι
425 4940 533 5011 γὰρ
580 4938 877 4993 λαλούντων
930 4938 1103 4993 αὐτῶν
1156 4937 1474 5000 εἰσακούσας
1506 4939 1533 4989 ὁ
1573 4939 1724 5003 Θεὸς,
1755 4959 1849 5011 με-

1971 4957 2049 4998 ius
2069 4941 2346 5003 dederant,
2378 4938 2478 4993 sub
2506 4938 2620 4991 haec
2644 4936 2710 4991 de
2738 4936 3091 4990 immutandis
3113 4933 3500 4993 vaticinantur,

290 5031 687 5095 ταϐἀλλειτοὺς
733 5032 995 5102 ὀδυρμοὺς
1026 5028 1202 5083 αὐτῶν
1247 5029 1341 5082 ἐπὶ
1386 5028 1446 5081 τὸ
1478 5030 1843 5103 φαιδρότερον.

1971 5035 2322 5103 :anticumque
2354 5046 2452 5101 pro
2488 5030 2697 5085 Dilecto
2733 5030 3111 5099 modulantur;
3147 5041 3255 5097 quo
3290 5018 3504 5093 permo-

290 5123 490 5192 Διόπερ
537 5124 662 5195 ἑξῆς
690 5125 738 5179 οἰ
770 5124 1019 5178 τοσαῦτα.
1058 5117 1521 5193 ἆποκλαυσάμενοι
1576 5123 1716 5195 ὑπὲρ
1740 5126 1845 5180 τῶν

1976 5144 2038 5184 us
2065 5126 2238 5181 bonus
2269 5123 2357 5178 ille
2385 5122 2547 5187 Deus,
2574 5106 2858 5177 orantibus
2891 5120 3176 5192 propitius,
3201 5118 3498 5170 libertatem

290 5213 796 5286 ἀλλοιωθησομένων
848 5216 1262 5287 προφητεύουσι,
1315 5215 1405 5267 καὶ
1460 5213 1598 5284 ᾠδὴν
1662 5216 1843 5286 ᾄδουσι

1971 5237 1981 5272 ι
2014 5219 2188 5278 malis,
2224 5222 2277 5269 et
2306 5214 2606 5269 animarum
2639 5214 3060 5284 redemptionem
3092 5211 3187 5265 toti
3223 5207 3498 5261 hominum

287 5305 386 5377 τὴν
419 5304 558 5375 ὑπὲρ
582 5305 672 5358 τοῦ
704 5307 831 5374 ’Δγα
842 5309 1028 5377 πητοῦ,
1050 5308 1112 5361 δι’
1130 5302 1189 5363 οὗ
1216 5306 1312 5378 τὴν
1338 5305 1518 5359 κακῶν
1538 5304 1845 5379 ἐλευθερίαν

1971 5310 2131 5379 generi
2161 5308 2437 5378 elargitur.

290 5401 385 5453 καί
414 5396 520 5450 τῶν
544 5396 729 5467 ψυχῶν
757 5398 851 5468 τὴν
888 5399 1256 5471 ἀπολύτρωσιν
1276 5400 1304 5452 ὁ
1341 5398 1537 5467 ἀγαθὸς
1594 5399 1742 5464 Θεὸς,
1799 5401 2104 5464 ἐπακούσας
2135 5399 2241 5452 τῶν
2298 5398 2629 5471 εὐξαμένων,
2654 5398 2732 5470 τῷ
2758 5398 2919 5450 παντὶ
2967 5396 3111 5464 γένει
3140 5392 3245 5445 τῶν
3293 5388 3504 5462 ἀνθρώ·

293 5506 409 5547 πων
436 5489 760 5559 ἐδωρήσατο.

363 5653 409 5684 ’θ
448 5649 591 5706 Psal.
623 5663 736 5713 cn,
772 5646 859 5703 15.
934 5646 977 5679 ⁸⁸
1016 5647 1122 5703 lsa.
1159 5662 1326 5713 xxvi,
1363 5645 1442 5702 l8.

365 5804 442 5876 (l)
480 5803 719 5876 Dualitas
745 5802 836 5857 illa
865 5815 1218 5876 personarum
1248 5800 1535 5876 signiﬁcat,
1560 5799 1688 5855 hinc
1709 5816 1837 5871 pl'Os-
1946 5803 2202 5876 peccatis
2232 5802 2633 5876 sceleribusque
2677 5798 2968 5876 deditam}.
2993 5802 3050 5847 ut
3077 5793 3188 5865 jam
3240 5792 3495 5863 superius

296 5869 483 5947 pheta;
524 5874 813 5947 justosque
851 5869 1019 5939 viros,
1051 5875 1146 5947 qui
1176 5869 1589 5947 paucinutnero
1614 5869 1834 5947 propo-
1945 5869 2251 5947 explicavit,
2284 5889 2347 5930 ac
2380 5873 2521 5928 inira
2549 5869 2744 5942 repetit
2778 5869 3060 5924 Eusebius.

297 5946 405 6014 puli
453 5942 663 6002 delictis
709 5942 1027 6016 precantur;
1059 5942 1609 6001 i‘nde‘multitudiuem
1640 5942 1834 6013 plebis,
