4354 6458
288 507 388 560 397

1395 496 1888 558 COMMENTARIA
1930 502 1997 555 Di
2032 504 2365 560 PSALMOS.

3381 518 3488 574 398

286 622 391 675 τὸν
415 618 619 675 αιῶνα.
654 621 888 691 Μωῡσῆς
920 622 1015 690 μὲν
1060 615 1151 674 οὗν
1187 613 1308 691 εὗρε
1344 622 1470 691 μίαν
1502 621 1621 675 τινὰ
1662 624 1839 692 χάριν·
1870 633 1914 681 Α
1944 637 2005 690 gr

1773 639 1839 673 ιν·
1870 633 1914 681 Α
1944 622 2168 690 gratiam
2193 624 2427 691 aliquam
2454 624 2657 682 invenit
2689 625 2742 678 in
2776 634 3068 697 conspectu
3101 627 3312 683 Domini
3339 648 3353 697 ;
3379 632 3490 685 sin-

285 714 378 766 καὶ
402 712 538 765 ιΝῶε
565 712 723 767 πάλιν
752 708 875 783 εὖρέ
924 730 1044 766 τινα
1100 713 1256 785 χάριν
1291 712 1515 765 ἐνώπιον
1561 714 1650 766 τού
1682 713 1834 766 Θεοῦο
1866 752 1869 753 ν

283 806 374 857 καὶ
403 806 629 869 ἕκαστος
678 805 785 857 τῶν
828 805 1047 859 δικαίων
1097 806 1313 877 χάριτος
1369 805 1645 876 μετέσχεν.
1691 805 1839 858 Ἐπεὶ

279 896 336 952 δὲ
354 896 447 949 τοῦ
480 897 783 967 Ἀγαπητοῦ
812 899 957 950 πᾶσα
990 898 1280 969 ήπατρικὴ
1310 901 1388 959 εἰς
1411 899 1570 949 αὑτὸν
1603 897 1836 971 ὲκενώθη

280 986 456 1058 χάρις·
482 983 548 1058 ἦν
580 989 686 1059 γὰρ
712 991 739 1041 ὁ
774 988 959 1059 Πατὴρ
1012 989 1186 1042 λαλῶν
1219 991 1280 1067 ἐν
1318 990 1449 1061 Υίᾷν
1490 990 1636 1044 ἐνθεν
1681 992 1771 1044 καὶ
1804 994 1837 1063 ή

276 1078 705 1149 διακονησαμένη
738 1079 835 1150 τὴν
861 1081 938 1143 εἰς
970 1078 1285 1151 ἀνθρώπους
1319 1081 1481 1134 αὐτοῦ
1508 1082 1733 1152 πάροδον
1758 1100 1840 1135 κε-

276 1171 621 1242 χαριτωμένη
644 1170 855 1241 ἐλέχθη.
897 1172 982 1223 Ἐν
1026 1172 1173 1242 αὺτῴ
1207 1173 1311 1241 γὰρ
1344 1172 1599 1244 εὐδόκησε
1635 1176 1741 1228 πᾶν
1779 1175 1838 1228 τὸ

274 1267 646 1339 πλήρωματῆς
668 1268 913 1338 θεότητος
934 1271 1247 1339 κατοικῆσαι
1263 1268 1684 1338 σωματικῶςοδιὸ
1700 1270 1835 1323 πάνο

271 1376 361 1423 τες
389 1362 437 1413 οἱ
471 1360 613 1428 ἅγιοι
657 1362 721 1413 ἐκ
765 1359 859 1413 τοῦ
916 1357 1273 1431 πληρώματος
1320 1359 1484 1414 αὑτοῦ
1536 1361 1829 1432 εἰλήφασιν.

355 1450 659 1517 Ἐπιδαλεῖς
708 1453 766 1506 δὲ
818 1437 910 1505 καὶ
964 1451 1154 1516 οὕτως’
1191 1452 1263 1504 Τὸ
1295 1452 1507 1524 πρῶτον
1552 1451 1711 1523 ἔργον
1738 1451 1832 1505 τοῦ

280 1541 589 1614 Ἀγαπητοῦ
617 1547 648 1614 ἡ
700 1544 858 1614 χάρις
891 1546 924 1615 ἡ
988 1546 1046 1597 ὲν
1076 1546 1186 1607 τοις
1219 1530 1447 1614 χείλεσιν
1475 1541 1634 1595 αὐτοῦ
1675 1560 1833 1612 κεχυ-

272 1636 428 1705 μένη,
461 1636 601 1690 κατὰ
644 1635 742 1707 τὴν
778 1636 1128 1691 ἀποδοθεῖσαν
1159 1636 1412 1689 διάνοιαν·
1441 1636 1533 1687 καὶ
1583 1633 1703 1687 καθ’
1725 1634 1834 1687 ἔτει

272 1740 362 1794 ρον
390 1725 451 1778 δὲ
477 1726 699 1797 τρόπονς
730 1727 769 1793 ἡ
797 1726 966 1795 χάρις
996 1726 1093 1780 καί
1125 1727 1163 1795 ἡ
1208 1724 1456 1791 ἀλήθεια
1487 1723 1584 1778 διὰ
1628 1723 1830 1792 Ἰησοῦ

267 1816 521 1883 Χριστοῦ
530 1814 780 1884 ἐγένετο.
802 1818 1015 1889 Ἐπειδὴ
1040 1818 1213 1870 πάντα
1234 1814 1585 1888 χαριζόμενος
1598 1814 1829 1886 ἔπραττε

1943 715 2052 784 guli
2107 715 2357 770 similiter
2402 716 2534 785 justi
2592 718 2777 786 gratiae
2818 720 3111 789 participes
3141 720 3359 775 fuerunt
3392 743 3404 776 :
3438 734 3491 777 at

1940 808 2067 877 quia
2099 814 2324 877 paterna
2373 809 2544 878 gratia
2590 811 2643 863 in
2687 809 2950 865 Dilectum
3006 811 3175 868 effusa
3209 820 3326 869 tota”
3354 816 3487 883 fuit;

1940 896 2103 952 Pater
2127 900 2270 953 enim
2302 899 2356 953 in
2392 899 2530 955 Filio
2561 902 2913 971 loquebatur;
2947 903 3066 958 ideo
3109 918 3228 973 quae
3256 905 3377 974 ejus
3432 906 3489 960 in

1940 988 2184 1045 homines
2216 991 2479 1049 adventus
2511 992 2832 1049 administra
2867 994 3000 1059 fuit,
3029 997 3198 1066 gratia
3233 998 3391 1066 plena
3412 998 3490 1052 di-

1939 1088 2023 1134 cta
2058 1091 2161 1136 est.
2202 1080 2333 1135 Nam
2366 1084 2420 1137 in
2449 1083 2569 1153 ipso
2597 1084 2804 1153 placuit
2838 1101 3052 1141 omnem
3099 1079 3488 1156 plenitudinem

1938 1173 2238 1228 divinitatis
2269 1175 2513 1231 habitare
2544 1176 2902 1246 corporaliter
2929 1197 2943 1232 :
2977 1179 3327 1247 quamobrem
3360 1194 3487 1235 san-

1937 1264 2012 1318 cti
2040 1281 2229 1321 omnes
2261 1282 2323 1321 ex
2356 1267 2691 1337 plenitudine
2714 1269 2833 1338 ejus
2864 1280 3207 1339 acceperunt.

2005 1440 2117 1497 lloc
2144 1443 2270 1499 item
2298 1446 2458 1501 modo
2489 1439 2615 1501 haec
2646 1455 2881 1502 tractare
2909 1448 3034 1511 licet
3082 1466 3095 1502 :
3124 1446 3363 1501 Primum
3398 1447 3490 1501 Dio

1934 1530 2057 1585 lecti
2105 1549 2244 1602 opus
2274 1545 2357 1591 est
2404 1522 2598 1607 gratia,
2646 1554 2767 1607 quae
2814 1538 3109 1593 secundum
3161 1539 3487 1593 sententiam

1926 1622 2037 1691 jam
2071 1626 2395 1694 explicatam
2436 1627 2492 1680 in
2543 1628 2702 1682 labiis
2749 1628 2868 1698 ejus
2916 1627 3115 1685 diffusa
3144 1634 3257 1697 est;
3286 1643 3350 1682 ac
3380 1630 3487 1682 alia

1932 1714 2161 1790 ratione,
2191 1718 2364 1786 gratia
2391 1726 2441 1771 et
2482 1718 2670 1772 veritas
2702 1734 2793 1789 per
2834 1718 3017 1773 Iesum
3043 1720 3309 1775 Christum
3339 1721 3485 1789 facta

1930 1817 2006 1863 est
2029 1809 2094 1862 7°.
2134 1808 2412 1879 Siquidem
2436 1811 2639 1879 gratias
2671 1811 3030 1881 impertienda
3056 1815 3239 1868 omnia
3269 1813 3482 1884 agebat,

267 1907 376 1967 τοῖς
400 1904 496 1973 μὲν
529 1904 707 1972 ἀφιεὶς
739 1903 835 1966 τὰς
860 1905 1150 1975 ἁμαρτίας,
1185 1905 1292 1957 τῶν
1319 1905 1375 1958 δὲ
1400 1904 1497 1969 τὰς
1521 1904 1707 1969 νόσους
1741 1905 1830 1958 καὶ
1862 1969 1893 1975 _
1932 1893 1984 1947 hi

1767 1905 1830 1958 ια),
1862 1969 1893 1975 _
1932 1893 2016 1950 his
2046 1906 2265 1965 peccata
2295 1898 2594 1963 dimittens,
2646 1900 2876 1955 alierum
2924 1901 3144 1959 morbos
3200 1902 3486 1957 infirmita-

265 1993 363 2057 τὰς
397 1969 663 2065 μαλακίας
695 1969 939 2064 ἰώμενος,
965 1969 1075 2058 τοῖς
1099 1996 1155 2048 δὲ
1197 1995 1263 2069 τὸ
1287 1996 1439 2062 ἅγιον
1467 1994 1689 2065 Πνεῦμα
1722 1997 1816 2049 δω-
1860 1969 1900 2023 Β
1932 1992 1981 2038 ιθ

1789 2017 1816 2044 .-
1860 1969 1900 2023 Β
1932 1992 2119 2056 tesque
2142 2002 2360 2052 curans,
2390 1989 2511 2045 aliis
2546 1989 2685 2045 dans
2705 1988 2968 2061 Spiritum
2985 1999 3255 2048 sanctum.
3282 1993 3508 2068 Quam-1

268 2088 543 2159 ρούμενος.
574 2089 647 2141 Δι’
673 2088 700 2140 ὃ
722 2086 854 2159 πρὸς
877 2087 1035 2145 αὑτὸν
1063 2088 1281 2149 εἰκότως
1309 2087 1510 2157 εἴρητο·
1549 2086 1826 2155 Ἑξεχύθη

266 2183 304 2249 η
327 2180 497 2259 χάρις
542 2181 613 2233 ἐν
643 2181 876 2249 χείλεσί
904 2197 1043 2235 σου.
1074 2179 1293 2243 Τούτοις
1344 2179 1468 2250 ἑξῆς
1493 2181 1541 2231 οἱ
1592 2179 1825 2249 πρόσθεν

265 2273 753 2343 ἁποκλαυσάμενοι,
778 2272 869 2325 καὶ
891 2272 986 2344 τὴν
1012 2272 1116 2325 ὑπὸ
1141 2275 1251 2335 τοῖς
1288 2270 1564 2343 πολεμίοις
1587 2270 1824 2325 δουλείαν

264 2366 470 2421 ἑαυτῶν
497 2364 927 2437 ὑπογράψαντες,
956 2364 1223 2435 εὐκαίρως
1252 2363 1341 2416 τὸν
1383 2363 1686 2433 Ἀγαπητὸν
1724 2364 1845 2446 ἱκεσ-

261 2456 475 2509 τεύουσι
536 2454 765 2509 σπεῦσαι
790 2454 882 2507 καὶ
908 2453 1096 2526 μέχρις
1120 2453 1297 2507 αὐτῶν
1338 2452 1828 2525 ἐλθεῖνιφραξάμε-

260 2564 348 2600 νον
380 2546 563 2610 ὅπλοις
590 2545 898 2616 πολεμικοῖς
920 2544 1006 2598 διὰ
1036 2546 1159 2608 τοὺς
1185 2544 1558 2615 ἐπικειμένους
1578 2543 1821 2615 ἐχθροὺς,

262 2639 337 2701 ὡς
367 2640 433 2691 ἂν
463 2629 882 2709 τροπωσάμενὸς
906 2637 1121 2702 αὐτοὺς,
1146 2637 1245 2707 τὴν
1295 2638 1385 2690 ὑπ’
1410 2637 1588 2700 αὐτοῖς
1626 2638 1825 2706 αἰχμα-

260 2728 459 2781 λωσίαν
489 2728 842 2795 ὑπεξαγάγοι.
869 2727 958 2779 Διό
990 2744 1139 2796 φασιέ
1176 2726 1501 2795 Περίζωσαι
1540 2726 1653 2794 τὴν
1674 2728 1822 2793 ῥομ-

258 2820 446 2887 φαίαν
470 2813 586 2873 σου
616 2818 714 2871 ἐπὶ
735 2818 1052 2886 τὸν-μηρόν
1075 2832 1211 2880 σου,
1237 2814 1472 2870 δυνατέ·
1500 2814 1694 2886 ὡραῖος
1726 2817 1822 2884 μὲν

257 2911 367 2982 γὰρ
391 2907 442 2964 εἷ
468 2910 560 2964 καὶ
589 2910 769 2975 καλὸς,
806 2899 942 2981 πλὴν
971 2908 1106 2964 ἀλλὰ
1137 2909 1273 2979 πρὸς
1306 2910 1371 2977 τῇ
1400 2906 1689 2978 ὼραιότητί
1729 2924 1819 2960 σου

257 2999 517 3071 καὶπρὸς
554 2999 633 3071 τῷ
658 3000 841 3055 κάλλει
886 3017 977 3053 σου
1032 2998 1268 3052 ἁνὰλαϐε
1326 2996 1423 3068 τὴν
1462 2982 1659 3049 σαυτοῦ
1689 3011 1822 3048 παν-

256 3092 448 3147 οπλίαν
473 3092 541 3145 δι’
563 3094 708 3163 ἡμᾶς
735 3092 1014 3157 τοὺςσοὺς
1067 3090 1268 3152 ἱκέτας⁸
1300 3089 1604 3158 ῥομφαίαν
1626 3104 1688 3141 τε
1720 3103 1821 3140 πε-

251 3183 423 3252 ρίθου
448 3182 527 3250 τῷ
548 3184 777 3239 σαυτοῦ
802 3183 985 3255 μηρῷ,
1016 3183 1109 3237 καὶ
1136 3182 1277 3236 οὕτω
1310 3183 1408 3254 τὴν
1463 3180 1559 3252 σὴν
1597 3180 1827 3253 δύναμιν

255 3277 559 3340 ἀναλαϐὼν,
588 3272 818 3331 ἕντεινόν
849 3288 940 3330 σου
963 3277 1030 3330 τὰ
1057 3276 1201 3340 τόξα.
1238 3275 1468 3328 Ἔπειτα
1500 3271 1675 3345 βαλὼν
1696 3275 1821 3338 τοὺς
1848 3300 1891 3363 C

255 3365 504 3440 ἐχθροὺς,
556 3368 877 3423 κατευοδοῦ
926 3370 1023 3423 καὶ
1072 3368 1386 3432 βασίλευε.
1429 3366 1727 3437 Ῥομφαίαν
1765 3366 1822 3420 δὲ

254 3460 349 3513 τοῦ
376 3459 681 3530 Ἀγαπητοῦ
710 3459 818 3512 νόει
843 3459 940 3529 τὴν
972 3457 1197 3529 δύναμιν
1222 3459 1321 3529 τὴν
1352 3458 1459 3513 τῶν
1483 3458 1689 3531 ὲχθρῶν
1724 3475 1823 3513 κα-

255 3550 569 3622 θαιρετικὴν
596 3552 687 3603 καὶ
741 3551 1109 3621 κολαστήριον.
1146 3551 1274 3602 Ζῶν
1300 3551 1407 3619 γὰρ
1435 3555 1467 3605 ὁ
1489 3553 1669 3621 λόγος
1714 3552 1820 3605 τοῦ

257 3642 405 3696 Θεοῦ
434 3643 529 3695 καὶ
566 3639 834 3711 ἐνεργὴς,
895 3641 991 3695 καὶ
1049 3640 1370 3709 τομώτερος
1418 3640 1569 3709 ὑπὲρ
1616 3640 1822 3696 πᾶσαν

248 3735 550 3805 μάχαιραν
591 3734 894 3803 δίστομον.
935 3733 1046 3787 Καὶ
1076 3731 1246 3797 ἄλλως
1270 3734 1324 3786 δὲ
1362 3734 1631 3805 ῥομφαίας
1684 3735 1857 3789 Θεοῦ..

251 3821 592 3900 όπροφήτης
648 3827 915 3899 μέμνηται
985 3825 1236 3898 Ἰεζεκιὴλ
1301 3818 1403 3878 ὧδε
1437 3824 1629 3894 λέγων·
1675 3825 1819 3879 Τάδε

249 3916 413 3989 λέγει
452 3918 688 3973 Ἀδονατ
714 3917 943 3988 Κύριος·
980 3916 1185 3973 Εἶπον·
1217 3918 1517 3987 Ῥομφαία,
1532 3919 1815 3987 ῥομφαία,

252 4013 475 4079 έξύνου
515 4014 611 4067 καὶ
657 4013 969 4083 θυμὼθητι,
1020 4008 1177 4078 ὅπως
1248 4010 1486 4079 σφάξῃς
1562 4008 1812 4079 σφάγιαο

250 4097 498 4179 ὀξύνου,
534 4104 692 4171 ὅπως
720 4102 862 4175 γένῃ
894 4106 981 4169 εἰς
1000 4104 1327 4157 στίλόωσιν
1362 4103 1561 4171 ἑτοίμη
1600 4106 1685 4168 εὶς
1708 4120 1818 4157 πα-

242 4190 531 4265 ράλυσιν·
591 4197 685 4251 καὶ
730 4196 911 4249 πάλιν·
982 4191 1290 4265 Ἆνὰκραγε
1347 4195 1443 4249 καί
1497 4196 1814 4261 ὀλόλυξον,

248 4281 342 4341 υἱὲ
366 4279 697 4356 ἀνθρώπου·
730 4285 819 4340 ὅτι
845 4278 996 4355 αὺτὴ
1030 4285 1268 4383 ἐγένετο
1308 4288 1376 4340 ἐν
1399 4285 1477 4350 τῷ
1521 4286 1649 4352 ,λαῷ
1674 4304 1811 4383 μου

249 4380 400 4447 αὕτη
431 4379 502 4432 ἐν
561 4379 684 4444 τοῖς
735 4368 1171 4447 ἀφηγουμένοις
1233 4379 1338 4433 τοῦ
1396 4378 1661 4455 Ἰσραήλ·
1687 4368 1696 4383 ’
1724 4380 1820 4434 καῖ

250 4463 400 4542 ἑξῆς
428 4462 715 4536 Διᾶταξον
747 4466 979 4533 σεαυτῷ
1035 4468 1143 4522 δύο
1190 4471 1368 4539 ὀδοὺς
1395 4474 1499 4527 τοῦ
1523 4473 1817 4527 εἰσελθεῖν

241 4567 545 4636 ῥομφαίαν
591 4562 894 4630 ,βασιλέως
926 4560 1299 4628 Βαϐυλῶνος·
1352 4564 1421 4618 ἐκ
1466 4564 1656 4633 χώρας
1673 4565 1816 4633 μιᾶς

1928 2078 2114 2157 obrem
2145 2081 2211 2134 de
2244 2081 2337 2135 illo
2370 2082 2493 2149 jure
2528 2083 2743 2138 dicatur
2777 2104 2789 2137 :
2839 2084 3051 2155 Diﬁusa
3082 2096 3160 2141 est
3204 2088 3380 2157 gratia
3430 2089 3487 2140 in

1927 2156 2087 2222 labiis
2132 2172 2256 2225 tuis.
2305 2171 2511 2227 Deinde
2562 2190 2690 2228 vero
2752 2175 2844 2246 qui
2892 2156 3381 2244 antea-“evenant,
3431 2187 3486 2233 et

1927 2273 2079 2313 suam
2133 2261 2236 2315 sub
2288 2263 2526 2318 inimicis
2556 2265 2873 2320 servitutem
2902 2267 3332 2338 descripserant,
3382 2284 3483 2339 op-

1925 2357 2156 2420 portune
2240 2352 2501 2408 Dilectum
2572 2364 2864 2425 precantur
2902 2397 2920 2423 ,
2990 2365 3047 2412 ut
3116 2358 3336 2415 festinet
3416 2363 3485 2416 ad

1927 2458 2093 2514 seque
2133 2445 2315 2500 veniat
2350 2447 2642 2503 hostilibus
2695 2448 2862 2504 armis
2916 2451 3238 2517 instructus,
3285 2452 3356 2506 ob
3402 2454 3484 2506 iri-

1925 2544 2183 2608 gruentes
2211 2539 2483 2605 inimicos,
2530 2552 2590 2595 ut
2633 2540 2702 2597 iis
2731 2541 2785 2595 in
2814 2540 2996 2612 fugam
3027 2543 3219 2609 versis,
3246 2558 3306 2599 se
3335 2559 3365 2598 a
3393 2559 3485 2599 cas

1926 2632 2171 2700 ptivitate
2212 2631 2468 2686 abducat.
2519 2631 2698 2699 Quare
2758 2634 2930 2698 aiunt,
2984 2635 3268 2704 Accingere
3306 2622 3483 2706 gladio

1926 2731 2013 2773 tuo
2038 2736 2192 2789 super
2222 2722 2393 2790 femur
2422 2733 2589 2786 tuum,
2608 2720 3007 2792 'potentissime.
3035 2724 3326 2796 Speciosus
3358 2730 3484 2798 qui-

1924 2811 2044 2866 dem
2077 2826 2140 2866 ac
2173 2813 2397 2881 pulcher
2423 2829 2504 2879 es,
2530 2822 2770 2870 attamen
2790 2826 2985 2886 praeter
3011 2820 3247 2889 speciem
3278 2835 3341 2873 ac
3362 2821 3484 2890 pul-

1922 2902 2290 2958 chritudinem
2345 2911 2517 2969 tuam,
2572 2907 2761 2976 accipe
2819 2924 2917 2977 pro
2954 2910 3112 2964 nobis
3148 2911 3483 2980 supplicibus

1922 3000 2250 3049 armaturam
2286 3005 2459 3061 tuam,
2493 2999 2757 3069 accingere
2787 3000 2964 3070 gladio
2996 3008 3083 3054 tuo
3114 3017 3268 3071 super
3309 3002 3483 3071 femur

1924 3097 2108 3149 tuum;
2144 3087 2332 3157 sicque
2360 3096 2639 3160 assumpta
2686 3078 3024 3158 fortitudine,
3070 3092 3287 3148 intende
3318 3108 3481 3150 arcus

1924 3187 2071 3235 tuos.
2114 3179 2254 3235 Hinc
2300 3182 2529 3237 conﬁxis
2573 3184 2812 3239 inimicis
2851 3185 2981 3253 tuis,
3012 3202 3252 3255 prospere
3293 3203 3387 3258 age
3431 3194 3483 3239 et

1923 3290 2105 3345 regna.
2136 3273 2242 3329 Per
2272 3275 2511 3344 gladium
2565 3274 2759 3350 Dilecti
2788 3278 3060 3350 intelligas
3090 3280 3343 3335 virtutem
3378 3278 3485 3334 ini-

1922 3366 2080 3421 micis
2111 3366 2399 3422 exitiosam
2453 3375 2507 3422 et
2559 3342 2832 3424 ultridem.
2897 3368 3055 3425 Vivus
3087 3382 3165 3425 est
3198 3373 3337 3426 enim
3385 3370 3484 3426 Dei

1921 3475 2089 3513 sermo
2110 3470 2160 3514 et
2176 3460 2379 3529 eﬂ'icax,
2420 3469 2471 3513 et
2500 3461 2870 3530 penetrabilior
2905 3461 3047 3515 omni
3076 3462 3254 3536 gladio
3278 3464 3484 3531 ancipi-

1890 3578 1893 3579 ν
1923 3554 1963 3605 ti
1995 3553 2060 3606 “.
2095 3551 2162 3605 Et
2190 3552 2326 3607 alias
2369 3568 2587 3623 quoque
2637 3552 2873 3622 gladium
2907 3553 3170 3623 propheta
3219 3552 3315 3609 Dei
3348 3554 3484 3611 Eze-

1919 3645 2061 3699 chiel
2099 3652 2366 3699 memorat
2396 3644 2483 3698 bis
2521 3625 2749 3699 verbis}
2790 3642 2916 3698 ch
2958 3644 3085 3697 dicit
3130 3643 3482 3699 Mancino-

1920 3736 2092 3789 minus
2118 3734 2321 3789 :Dixi:
2358 3733 2407 3787 F
2412 3751 2614 3797 ramea,
2632 3735 2836 3802 {ramea
2859 3752 3063 3801 acuere,
3089 3745 3137 3788 et
3166 3737 3394 3790 irascere
3420 3744 3481 3790 ut

1908 3828 2121 3898 jugules
2149 3825 2409 3889 victimas,
2444 3840 2630 3880 acuere
2650 3836 2707 3879 ut
2728 3827 2801 3881 eis
2843 3826 2912 3879 ad
2952 3825 3258 3897 [algendum
3285 3836 3481 3895 parata

1917 3918 1987 3971 ad
2014 3918 2324 3972 solutionem
2354 3918 2431 3985 ⁷²;
2488 3932 2552 3972 ac
2600 3932 2819 3973 rursum
2845 3936 2859 3974 :
2893 3904 3082 3973 Clama
3108 3927 3158 3972 et
3195 3917 3369 3984 ulula,
3398 3918 3481 3989 ﬁli

1917 4010 2165 4074 hominis,
2196 4011 2320 4081 quia
2342 4011 2460 4079 ipsa
2487 4009 2586 4078 fuit
2613 4011 2669 4064 in
2699 4012 2891 4081 populo
2924 4027 3036 4065 meo
3064 4027 3080 4065 :
3109 4010 3218 4091 hac
3251 4014 3305 4065 in
3328 4012 3482 4066 duci-

1917 4103 2012 4158 bus
2040 4101 2213 4157 Israel
2231 4103 2312 4169 ⁷³;
2338 4118 2402 4157 ac
2431 4120 2648 4159 rursum
2694 4125 2709 4160 :
2745 4106 3015 4161 Constitue
3048 4106 3141 4160 tibi
3176 4106 3311 4160 duas
3340 4108 3475 4173 vias,

1916 4205 1975 4251 ut
2004 4197 2333 4267 ingrediatur
2359 4197 2565 4267 framea
2590 4200 2725 4269 regis
2744 4199 3033 4270 Babylonis
3054 4216 3072 4253 :
3102 4199 3164 4253 de
3192 4208 3330 4254 terra
3367 4217 3479 4255 una

1916 4287 2328 4359 egrediantur",
2360 4296 2415 4343 et
2440 4289 2544 4343 alia
2578 4290 2856 4359 deinceps,
2887 4289 3043 4359 queis
3073 4288 3334 4343 frameam
3373 4287 3480 4342 Na-

1915 4381 2389 4437 buchodonosoris
2412 4382 2610 4452 populo
2632 4383 2952 4444 immissam,
2978 4380 3237 4435 frameam
3260 4380 3477 4439 Domini

1917 4472 2051 4527 dicit
2081 4479 2223 4528 esse.
2258 4470 2320 4526 In
2369 4471 2678 4541 Evangeliis
2723 4471 2886 4525 etiam
2944 4470 3101 4539 legis,
3152 4484 3336 4539 regem
3381 4472 3477 4541 qui

1918 4563 2047 4619 fecit
2086 4565 2307 4633 nuptias
2346 4562 2459 4617 filio
2491 4576 2613 4624 suo,
2645 4575 2744 4642 eos
2772 4560 2865 4630 qui
2896 4562 3237 4615 vocationem
3268 4561 3477 4617 abnue-

246 4649 688 4723 ἐξελεύσονται·
725 4655 816 4708 καὶ
839 4654 907 4707 τὰ
939 4653 1147 4715 τούτοις
1173 4654 1458 4721 ἀκόλουθα,
1488 4656 1554 4708 δι’
1579 4650 1652 4711 ὧν
1683 4660 1813 4729 ῥομ-
1838 4644 1893 4704 D
1916 4669 1965 4709 ra

1759 4675 1813 4728 μ.-
1838 4644 1893 4704 D
1916 4662 2059 4718 rant,
2094 4667 2390 4722 servosque
2412 4653 2590 4721 regios
2613 4650 2950 4716 occiderant,
2995 4649 3064 4706 ad
3091 4666 3278 4707 necem
3315 4653 3478 4707 tradi.

249 4751 413 4820 φαίαν
432 4750 526 4804 τοῦ
554 4748 756 4820 Κυρίου
778 4740 924 4816 λέγει
954 4747 1051 4817 τὴν
1104 4747 1373 4817 ῥομφαίαν
1401 4747 1495 4799 τοῦ
1538 4748 1812 4820 Ναϐουχο-

246 4836 464 4915 δονόσορ
484 4842 929 4916 τὴνὲπαχθεῖσαν
949 4839 1025 4911 τῷ
1054 4836 1184 4907 λαῷ.
1217 4837 1395 4906 Ἔχεις
1419 4837 1474 4890 δὲ
1498 4840 1592 4892 καὶ
1614 4842 1671 4892 ἐν
1701 4845 1812 4905 τοῖς

247 4930 618 5006 Εὐαγγελίοις,
647 4933 720 4999 ὡς
745 4936 773 4986 ὁ
808 4932 973 4987 ποιῶν
1000 4930 1203 5001 γάμους
1230 4927 1306 4998 τῷ
1327 4928 1425 4998 υἱῷ
1457 4930 1620 4982 αὐτοῦ
1654 4931 1809 5000 βασι-

247 5026 371 5091 λεὺς
403 5031 528 5093 τοὺς
555 5016 1060 5101 παραιτησαμένους
1099 5022 1196 5093 τὴν
1243 5021 1453 5091 κλῆσιν,
1488 5022 1578 5074 καὶ
1598 5023 1810 5079 ἀνελόν-

242 5110 344 5184 τας
364 5124 491 5184 τοὺς
551 5120 857 5190 βασιλικοὺς
885 5117 1120 5181 δούλους,
1154 5113 1513 5185 παραδίδωσιν
1558 5117 1638 5178 εἰς
1674 5132 1810 5184 σφα-

249 5212 508 5283 γήν⁹Καὶ
569 5213 830 5282 πέμψας,
887 5210 1052 5280 φησὶ,
1111 5206 1175 5260 τὸ
1220 5205 1554 5273 στράτευμα
1604 5196 1809 5269 αὑτοῦ,

252 5301 543 5369 ἐνέπρησε
569 5302 682 5369 τὴν
736 5301 916 5355 πόλιν
970 5297 1183 5353 αὐτῶν.
1231 5295 1549 5369 Στράτευμα
1607 5290 1663 5347 δέ
1714 5297 1807 5349 τοῦ

250 5395 508 5467 βασιλέως
566 5389 661 5463 τὴν
702 5392 1014 5462 Ῥωμαϊκὴν
1056 5393 1212 5462 χεῖρα
1263 5388 1513 5459 σημαίνει
1563 5390 1661 5458 τὴν
1714 5406 1809 5441 πο-

1914 4749 2092 4805 disse:
2124 4745 2194 4800 Et
2226 4748 2403 4812 misso,
2440 4747 2635 4815 inquit,
2684 4744 2915 4799 exercitu
2946 4762 3064 4810 suo,
3086 4746 3351 4800 civitatem
3396 4762 3478 4799 eo-
3527 4812 3537 4827 Ι

1914 4858 2031 4895 rum
2054 4839 2319 4895 succendit
2341 4839 2407 4893 ⁷⁸.
2442 4837 2725 4893 Exercitus
2763 4850 2944 4894 autem
2998 4838 3142 4907 regis
3172 4836 3474 4890 Romanam
3528 4834 3532 4889 ζ

1913 4933 2120 4989 indicat
2152 4945 2398 4993 manum,
2444 4944 2565 5000 quae
2597 4929 3028 5001 Hierosolymam
3056 4925 3290 4985 obsedit.
3331 4924 3477 4989 Quia

1916 5026 2079 5097 igitur
2106 5024 2202 5077 tali
2228 5024 2409 5094 gladio
2434 5031 2553 5080 erat
2584 5024 2653 5079 ad
2681 5023 3013 5079 coercendos
3060 5018 3252 5072 Dilecti
3285 5016 3474 5071 adver-

1916 5118 2089 5173 sarios
2116 5132 2283 5186 opus;
2312 5116 2437 5186 jure
2461 5118 2748 5189 prophetia
2769 5117 2890 5187 ejus
2914 5127 3201 5184 personam
3226 5110 3308 5165 sic
3337 5110 3475 5163 allo-

1909 5209 2093 5279 quitur
2121 5226 2133 5260 :
2170 5207 2451 5279 Accingere
2484 5209 2661 5279 gladio
2693 5220 2783 5263 tuo
2806 5224 2959 5276 super
2986 5205 3157 5274 femur
3186 5213 3354 5267 tuum,
3376 5218 3471 5270 po-

1912 5299 2216 5353 tentissime.
2247 5300 2431 5370 Specie
2462 5312 2553 5354 tua
2578 5312 2626 5354 et
2655 5299 3041 5369 pulchritudine
3083 5307 3175 5350 tua
3236 5294 3472 5359 intende,

1912 5403 2151 5457 prospere
2177 5390 2395 5457 procede
2424 5401 2472 5444 et
2514 5408 2689 5461 regna.

248 5489 610 5560 λιορκήσασσ,ν
635 5486 729 5557 τὴν
765 5484 1135 5555 Ἰερουσαλήμ.
1205 5485 1353 5537 Ἐπεὶ
1382 5481 1557 5535 τοίνυν
1612 5482 1767 5552 χρεία
1798 5478 1865 5555 ἦν
1903 5485 1993 5535 καὶ
2023 5482 2275 5555 τοιαύτης
2307 5486 2579 5556 ῥομφαίας
2623 5484 2760 5538 κατὰ
2790 5483 2896 5536 τῶν
2930 5480 3339 5538 ἐπαναστάντων

258 5585 567 5657 Ἀγαπητῷ,
608 5583 828 5643 εἰκότως
879 5580 1041 5650 φησὶν
1090 5583 1123 5649 ἡ
1166 5576 1471 5652 προφητεία
1513 5579 1591 5640 εἰς
1640 5579 1802 5632 αὐτού
1841 5579 2142 5650 πρόσωπον·
2187 5580 2503 5649 Περίζωσιιι
2548 5581 2659 5648 τὴν
2702 5582 3003 5649 ῥομφαίαν
3033 5579 3131 5631 ἐπὶ
3194 5572 3300 5626 τὸν
3352 5586 3468 5639 μη·

237 5685 350 5747 μέν
382 5700 519 5743 σου,
555 5677 789 5733 δυνατέ.
834 5674 912 5745 Τῇ
941 5677 1249 5744 ὡραιότητί
1307 5690 1422 5730 σου
1464 5673 1561 5727 καὶ
1628 5673 1708 5738 τῷ
1740 5674 1953 5729 κάλλει
2018 5690 2153 5742 σου,
2203 5678 2301 5731 καὶ
2350 5679 2636 5738 Men-or,
2696 5675 2791 5727 καὶ
2837 5670 3155 5729 κατευοὸοῦ
3210 5663 3313 5721 καὶ
3353 5664 3471 5729 ,βω
3557 5712 3563 5717 ι

247 5777 468 5829 τίλευε.

347 5889 392 5920 ⁷⁸
432 5887 586 5945 Joan.
626 5907 675 5955 ι,
713 5890 799 5945 Π.
873 5881 912 5917 ’⁷⁸
958 5885 1114 5942 Hebr.
1165 5904 1238 5954 Iv,
1305 5888 1390 5943 12.

250 5975 383 6025 nn,
428 5962 473 6013 'l.

1505 5880 1548 5917 ’ί
1587 5884 1780 5940 Ezcth.
1819 5902 1943 5948 ut,
1981 5884 2034 5949 9,
2070 5879 2153 5937 10.

2732 5879 2767 5909 τ’
2811 5879 2936 5933 ιὺὶιι.
3004 5876 3087 5934 19.
3196 5876 3236 5911 ’⁵
3279 5875 3468 5933 Matth.

2212 5902 2221 5905 ι
2258 5883 2303 5913 τε
2341 5883 2489 5955 μήὸ.
2520 5881 2613 5935 te.
