4354 6392
861 500 969 557 ωδ

858 628 1039 686 neque
1063 610 1205 683 apud
1226 616 1450 667 caeteros
1472 608 1798 680 interpretes
1827 608 2001 664 fertur
2025 625 2040 674 ;
2071 620 2244 677 quare
2268 604 2427 661 obelo
2453 609 2502 668 Α

862 715 1106 763 notatum
1132 712 1237 764 est.

1571 488 1843 548 EUSEBII
1882 483 2359 543 CASSARIENSIS
2396 481 2547 540 OPP.
2584 477 2765 534 PARS
2800 474 2966 531 111.--
3005 467 3413 527 EXEGETICA.

3997 469 4103 526 4οι

2531 600 2701 654 Τοῦτο
2726 598 2817 652 καὶ
2848 595 3135 665 διάχρυσον
3166 592 3195 643 ό
3221 587 3411 661 παρὼν
3433 588 3587 656 λόγος
3618 588 3887 658 ὠνόμασε.
3923 587 3997 641 Τὸ
4022 587 4105 662 δι,

2530 686 2997 759 περιϐεϐλημένη
3063 682 3157 736 καὶ
3210 679 3637 749 πεποικιλμένη
3662 718 3676 742 ,
3736 677 3859 734 οὔτε
3920 678 3979 732 ἐν
4035 681 4101 751 τῇ

871 798 1129 869 Ἐὅραῖκῇ
1180 796 1483 865 ἀναγνώσει
1510 793 1634 847 οὗτε
1683 793 1835 864 παρὰ
1856 795 1968 856 τοῖς
2008 791 2215 853 λοιποῖς
2261 785 2621 859 ὲρμηνευταῖς
2643 779 2865 851 φέρεται
2889 794 2902 806 ·
2935 775 3015 828 διὸ
3034 773 3343 869 ὼόέλισζιαι.

938 895 1097 950 Vsus.
1122 894 1210 949 14.
1246 893 1432 949 Omnis
1460 892 1632 962 gloria
1658 890 1770 958 ejus
1794 889 1921 958 ﬁlia:
1941 888 2075 957 regis
2118 883 2339 949 Esebon,
2370 882 2426 935 in

860 988 1082 1055 fimbriis
1117 986 1292 1039 aureis
1318 983 1715 1037 circumamicta
1745 978 2109 1035 varietatibus.
2140 973 2425 1042 Quomodo

863 1082 1091 1140 Iimbriis
1136 1080 1317 1136 aureis
1348 1080 1751 1134 circumornata
1786 1077 1879 1142 sit,
1921 1075 2091 1146 probe
2130 1073 2423 1142 intelligas,

861 1179 904 1227 si
942 1173 1164 1228 Paulum
1200 1172 1392 1227 audias
1420 1172 1689 1226 dicentem
1721 1186 1733 1220 :
1765 1168 1848 1221 Ex
1870 1176 2021 1237 parte
2047 1165 2422 1236 cognoscimus.

859 1282 907 1323 et
943 1285 1010 1324 ea:
1049 1278 1197 1339 parte
1231 1269 1600 1337 prophetamus
1618 1263 1850 1320 ".Nam
1912 1260 2151 1332 cognitio
2194 1275 2315 1330 qua:
2359 1274 2427 1314 ext

859 1373 1012 1431 parte
1043 1370 1147 1427 est,
1187 1377 1414 1418 aureum
1464 1367 1717 1416 ornatum
1762 1358 1817 1411 in
1855 1354 2294 1411 extremitatibus
2321 1352 2425 1423 ipsi

860 1452 1243 1522 circumponit.
1271 1449 1412 1505 Cum
1457 1458 1632 1503 autem
1667 1447 1879 1512 venerit,
1919 1443 2121 1515 inquit,
2144 1443 2284 1513 quod
2312 1458 2429 1511 per-

861 1544 1053 1604 fectum
1080 1550 1177 1606 est,
1223 1540 1564 1594 evacuabitur
1598 1538 1735 1609 quod
1773 1552 1836 1591 ea:
1882 1545 2031 1604 parte
2073 1534 2230 1589 est”.
2266 1532 2427 1589 Post-

858 1649 1024 1705 quam
1073 1634 1128 1689 in
1173 1634 1447 1690 caelestem
1480 1630 1780 1687 Ecclesiam
1833 1627 2102 1683 translata
2153 1624 2317 1681 fuerit
2340 1639 2426 1687 ea,

860 1743 981 1796 «iure
1008 1726 1060 1780 in
1084 1732 1228 1781 terra
1253 1723 1478 1779 infantis
1502 1724 1677 1777 instar
1694 1721 1983 1783 educatur,
2018 1726 2149 1772 tunc
2188 1715 2429 1771 ﬁmbrias

861 1833 1055 1873 aureas
1078 1857 1093 1881 ,
1132 1817 1387 1872 videlicet
1427 1814 1795 1885 cognitionem
1830 1828 1897 1867 ex
1936 1817 2094 1882 parte
2145 1807 2425 1877 deponet;

858 1922 1022 1962 aureo
1051 1917 1227 1962 autem
1254 1906 1580 1967 vestimento
1606 1904 1915 1959 ornabitur.

929 2021 1092 2077 Vens.
1126 2023 1211 2089 15,
1246 2021 1337 2075 16.
1369 2020 1711 2074 Adducentur
1738 2017 1862 2089 Regi
1893 2017 2113 2088 virgines
2146 2026 2262 2085 post
2286 2032 2423 2079 eam,

856 2115 1112 2183 proxima:
1155 2114 1269 2182 ejus
1305 2112 1589 2181 aﬂ'erentur
1628 2111 1740 2165 tibi.
1777 2108 1914 2165 Filia
1959 2124 2079 2180 quae
2110 2109 2428 2178 plerumque

859 2204 1114 2272 superius
1157 2209 1459 2257 memorata
1494 2201 1613 2268 fuit,
1646 2215 1757 2257 non
1791 2214 2006 2271 semper
2047 2200 2101 2254 in
2126 2207 2271 2254 terra
2306 2213 2429 2267 per—

857 2300 1063 2360 manet,
1096 2293 1191 2349 sed
1233 2309 1333 2351 suo
1369 2301 1614 2364 tempore
1653 2292 2039 2348 transferetur.
2073 2292 2143 2345 At
2173 2306 2283 2345 non
2310 2305 2427 2344 om-

858 2400 957 2441 nes
989 2387 1157 2442 simul
1192 2385 1465 2458 ejusmodi
1504 2383 1991 2454 transmigratione
2037 2384 2425 2441 donabuntur;

858 2482 953 2539 sed
992 2497 1113 2553 quae
1136 2480 1511 2553 primogradu
1538 2480 1593 2532 in
1624 2478 1728 2533 h'oc
1748 2492 1916 2548 regno
1949 2477 2127 2547 dignae
2155 2482 2336 2539 erunt,
2362 2490 2425 2528 ex

855 2584 1011 2645 parte
1040 2574 1215 2628 solum
1238 2570 1535 2627 all‘erentur
1552 2569 1705 2645 Regi.
1734 2568 1825 2623 Ha:
1856 2583 1981 2625 vero
2010 2577 2141 2623 sunt
2170 2580 2290 2637 quae
2320 2566 2427 2620 vir-

856 2669 1137 2737 ginitatem
1184 2668 1239 2721 in
1274 2665 1494 2720 Christo
1521 2671 1574 2718 et
1619 2678 1849 2732 corpore
1882 2669 1936 2717 et
1972 2660 2154 2715 anima
2184 2668 2424 2723 servant,

858 2773 922 2812 ac
966 2757 1160 2826 spiritu
1200 2762 1406 2812 sanctae
1434 2762 1579 2811 sunt.
1618 2753 1765 2823 Post,
1789 2754 2024 2824 primum
2059 2760 2238 2807 autem
2275 2750 2425 2805 ordi-

856 2863 1003 2911 nem,
1030 2862 1149 2918 quae.
1178 2845 1426 2917 proxime
1455 2845 1577 2899 illas
1604 2850 1733 2910 sunt
1759 2840 2052 2897 afferentur
2083 2856 2096 2891 ε
2131 2855 2257 2895 nam
2284 2841 2424 2911 apud

857 2940 1073 2996 Patrem
1103 2940 1416 2994 mansiones
1444 2936 1709 2992 multae“.
1740 2934 1834 2990 Ha:
1859 2949 1991 2989 vero
2021 2941 2167 2998 sunt,
2191 2948 2310 3003 qua:
2336 2931 2428 2985 bo.

860 3038 1029 3085 uesta:
1055 3029 1499 3099 continentisque
1529 3026 1656 3082 vita:
1699 3040 1862 3081 causa
1916 3024 2225 3096 proximum
2258 3023 2427 3088 virgi-

858 3124 1023 3190 nibus
1056 3122 1233 3177 locum
1259 3128 1549 3201 occupant.
1579 3118 1861 3187 Quomodo
1902 3126 2082 3173 autem
2110 3117 2423 3181 afferentur,

2602 875 2777 930 Πᾶσα
2822 875 2860 941 ἠ
2899 871 3049 935 δόξα
3094 866 3281 935 αὐτῆς
3316 865 3607 936 θυγατρὸς
3650 859 3757 918 τοῦ
3794 862 4104 928 βασιλέως

2544 966 2801 1024 Ἔσεϐὼν
2823 966 2891 1018 ἐν
2923 959 3287 1032 κροσσωτοῑς
3329 956 3577 1028 χρυσοῖς
3615 953 4101 1024 περιϐεϐλημένη,

2534 1057 2981 1128 πεποικιλμένη.
3034 1056 3283 1131 Νοήσεις,
3334 1052 3490 1123 φησὶ,
3526 1050 3641 1112 πῶς
3673 1050 3923 1120 κροσσοῖς
3974 1063 4105 1117 χρυ-

2537 1157 2647 1215 σοῖς
2687 1150 3104 1223 περιὸἐὸληται,
3140 1149 3352 1203 Παύλου
3401 1147 3649 1214 λέγοντος
3694 1141 3937 1195 ἀκούων·
4000 1139 4102 1191 Ἐκ

2531 1243 2747 1313 μέρους
2769 1241 3157 1312 γινώσκομεν,
3179 1241 3273 1293 καὶ
3300 1240 3366 1291 ἐκ
3386 1238 3606 1306 μέρους
3630 1232 4100 1302 προφητεύομεν.

2544 1337 2608 1388 Ἢ
2637 1335 2745 1404 γὰρ
2781 1334 2979 1402 γνῶσις
3000 1335 3031 1403 ή
3054 1336 3117 1385 ἐκ
3149 1332 3344 1403 μέρους
3369 1331 3425 1381 ὲν
3450 1328 3638 1399 ἄκροις
3670 1324 3849 1395 μόνοις
3879 1321 4103 1394 χρυσίου

2530 1428 2622 1480 τὸν
2655 1426 2856 1497 κόσμον
2885 1426 3021 1495 αὐτῇ
3051 1423 3385 1495 περιτίθησιν
3406 1437 3418 1449 ·
3457 1419 3639 1472 Ὅταν
3671 1416 3724 1469 δ’
3752 1416 3902 1484 ἔλθῃ
3930 1414 3998 1466 τὸ
4016 1410 4105 1465 τέ-

2529 1524 2714 1584 λειον,
2750 1520 2902 1586 φησὶ,
2928 1517 2993 1569 τὸ
3020 1516 3089 1569 ἐκ
3112 1514 3331 1584 μέρους
3354 1507 3887 1578 καταργηθήσεται.
3924 1506 4103 1558 Ἐπει-

2528 1612 2625 1664 δὰν
2646 1612 2723 1673 εἰς
2750 1609 2846 1679 τὴν
2878 1608 3195 1679 ἐπουράνιον
3240 1601 3561 1673 Ἐκκλησίαν
3616 1602 3853 1670 μεταστῇ
3885 1601 3919 1669 ἡ
3965 1598 4101 1661 τέως

2528 1707 2598 1757 ὲκ
2621 1703 2721 1772 γῆς
2756 1698 3273 1770 παιδοτροφουμένη,
3302 1696 3363 1748 τὸ
3411 1694 3711 1763 τηνικαῦτα
3769 1690 4103 1761 ἀποϐήσεται

2534 1795 2632 1865 μὲν
2658 1793 2725 1846 τὰ
2751 1791 3037 1863 κροσσωτά
3066 1789 3135 1842 τὰ
3165 1788 3359 1861 χρυσᾶ,
3393 1786 3489 1857 τὴν
3521 1787 3586 1839 ὲκ
3634 1784 3831 1857 μέρους
3876 1782 4101 1853 γνῶσιν,

2457 1854 2501 1912 Β
2532 1854 2587 1940 εν
2620 1854 2897 1956 ἱματισμῷ
2919 1883 2974 1936 δὲ
2997 1854 3199 1954 χρυσῷξ

2612 1996 3140 2067 Ἀπενεχθήσονται
3167 1994 3247 2060 τῷ
3292 1991 3543 2047 Βασιλεῖ
3573 1991 3855 2060 παρθένοι
3910 1990 4105 2043 ὀπίσω

2528 2092 2738 2161 αὐτῆς,
2769 2095 2827 2145 al
2848 2092 3113 2158 πλησίον
3136 2085 3322 2155 αὐτῆς
3342 2083 3861 2154 ἀπενεχθήσονται
3883 2098 4000 2140 σοι.
4039 2081 4103 2134 Ἦ

2526 2185 2614 2238 διὰ
2656 2184 2763 2236 τῶν
2805 2180 3113 2253 ἔμπροσθεν
3164 2177 3421 2240 πολλάκις
3465 2176 3828 2247 ὠνομασμένη
3856 2173 4103 2247 θυγάτηρ

2526 2280 2627 2331 οὐκ
2656 2277 2747 2330 ἐπὶ
2776 2276 2876 2346 γῆς
2897 2278 2974 2339 εἱς
2998 2275 3059 2327 τὸ
3089 2272 3347 2334 παντελὲς
3371 2270 3644 2340 διαμένει,
3678 2267 4100 2345 μετατεθήσεται

2526 2370 2583 2421 δὲ
2606 2368 2745 2422 κατὰ
2772 2367 2977 2437 καιρόν.
3023 2365 3161 2417 Ἀλλ’
3186 2365 3244 2416 ού
3278 2366 3426 2417 πᾶσα
3470 2361 3676 2432 ἀθρόως
3714 2360 3811 2431 τῆς
3846 2358 4104 2429 τοιαύτης

2532 2459 2881 2531 μεταϐάσεως
2939 2456 3327 2527 ἀξιωθήσεται·
3396 2456 3452 2507 ὲν
3504 2454 3657 2523 μέρει
3703 2453 3759 2505 δὲ
3801 2453 3858 2505 αί
3901 2449 4103 2529 πρώτῳ

2530 2550 2721 2622 βαθμῴ
2752 2554 2805 2603 ὲν
2838 2550 2971 2619 αὐτῇ
3001 2548 3352 2618 τετιμημέναι
3385 2543 3841 2614 ἀπενεχθήσονται
3885 2544 3965 2613 τῷ
3998 2544 4103 2596 Βα-

2531 2645 2681 2698 σιλεῖ.
2714 2637 2882 2696 Abeat
2922 2642 2978 2695 δέ
3012 2642 3145 2695 εἰσιν
3175 2642 3231 2693 αἱ
3259 2640 3357 2712 τὴν
3377 2640 3434 2691 ὲν
3466 2638 3683 2710 Χριστῷ
3717 2637 3939 2707 ἁγνείαν
3971 2652 4103 2688 κατ-

2538 2735 2845 2808 ορθώσασαι
2894 2735 3039 2805 ψυχῇ
3098 2734 3192 2786 καὶ
3220 2732 3454 2802 σώματι,
3501 2733 3591 2786 καὶ
3652 2730 3921 2801 πνεύματι
3972 2727 4102 2791 καθ-

2529 2828 2880 2899 ηγιασμὲναι.
2915 2826 3070 2881 Μετὰ
3094 2825 3151 2878 δὲ
3202 2824 3263 2878 τὸ
3296 2824 3508 2895 πρῶτον
3563 2824 3743 2894 τάγμσ
3798 2823 3854 2876 αἱ
3882 2821 4102 2892 πλησίον

2528 2920 2706 2975 αὐτῶν
2731 2921 3217 2992 ἀπενεχθήσονται·
3277 2917 3467 2971 πολλαὶ
3504 2917 3609 2989 γὰρ
3647 2916 3804 2987 μοναὶ
3847 2915 3999 2988 παρά
4024 2913 4102 2985 τῷ

2530 3016 2725 3087 Πατρί.
2757 3008 2923 3069 Αὗται
2945 3014 3002 3067 δέ
3029 3014 3165 3067 εἰσιν
3192 3014 3246 3065 αἱ
3277 3011 3364 3064 τὸν
3390 3011 3613 3081 ἔγγιστα
3640 3011 3803 3062 τόπον
3825 3008 3935 3061 τῶν
3964 3023 4102 3077 παρ-

2530 3108 2698 3160 θένων
2753 3106 3043 3178 ὲπέχουσαι
3102 3104 3188 3157 διὰ
3249 3103 3448 3175 σεμνοῦ
3504 3102 3598 3156 καὶ
3649 3100 3925 3173 σώφρονος
3961 3100 4097 3170 βίου.

859 3218 1099 3276 declarat
1128 3216 1337 3281 dicens,
1367 3192 1425 3271 in
1454 3215 1645 3270 ltetitia
1676 3224 1724 3268 et
1749 3212 2122 3269 exsultatione.
2147 3211 2274 3267 Hazc
2296 3227 2424 3267 vero
2452 3193 2493 3250 (ἶ
2530 3201 2578 3252 Ἰ

2377 3227 2424 3267 το
2452 3193 2493 3250 C
2530 3201 2718 3262 Ὅπως
2777 3199 2833 3251 δὲ
2885 3196 3341 3271 ἁπενεχθήσονται
3406 3195 3702 3267 παρίστησι
3762 3192 3969 3261 λέγων·
4028 3193 4096 3245 ἐν

859 3325 970 3377 qua
1001 3308 1211 3365 ratione
1241 3308 1493 3370 dicantur
1538 3307 1707 3378 probe
1750 3305 2039 3375 intelliges,
2068 3306 2115 3361 si
2162 3303 2425 3375 apostoli-

861 3415 981 3453 eam
1018 3399 1158 3454 hanc
1206 3414 1391 3455 vocem
1451 3414 1696 3471 apponas
1730 3415 1742 3449 :
1777 3397 2058 3467 Rapiemttr
2100 3398 2157 3451 in
2200 3396 2423 3464 nubibus

859 3492 1064 3546 obviam
1102 3491 1327 3547 Domino
1359 3493 1415 3545 in
1465 3508 1614 3555 aera,
1641 3499 1690 3547 et
1718 3491 1794 3544 sic
1828 3507 2028 3559 semper
2059 3506 2176 3544 cum
2198 3489 2424 3549 Domino

858 3584 1054 3637 erimus
1070 3584 1135 3637 ⁸⁸.
1170 3582 1291 3640 Non
1321 3582 1465 3638 enim
1497 3581 1716 3637 venient
1738 3580 1822 3636 vel
1854 3579 1921 3633 ad
1945 3578 2143 3649 Regem
2167 3578 2426 3641 accedent

860 3674 1120 3745 virgines,
1169 3674 1265 3728 sed
1312 3672 1626 3739 afferentur,
1658 3672 1782 3727 aliis
1814 3672 1961 3741 ipsas
2004 3669 2423 3735 adducentibus,

861 3763 1072 3819 scilicet
1102 3762 1307 3834 angelis
1330 3761 1446 3829 Dei,
1484 3763 1578 3834 qui
1606 3762 1869 3817 sublimes
1898 3762 2019 3817 illas
2053 3763 2105 3815 in
2131 3762 2299 3815 altum
2333 3761 2427 3817 de-

860 3856 1055 3917 ferent,
1088 3862 1145 3909 ut
1166 3869 1460 3924 supernum
1489 3856 1595 3909 iter
1620 3853 1779 3909 facile
1810 3854 2123 3909 decurrant.
2156 3853 2427 3907 Adduccn-

862 3957 949 4000 ινιτ
978 3960 1142 4015 porro
1174 3946 1229 3999 in
1268 3946 1456 3999 lwtitia
1494 3954 1543 4000 et
1576 3945 1948 4011 exsultatione,
1978 3951 2140 4014 atque
2198 3945 2252 3997 in
2286 3952 2424 4000 tem-

864 4040 1011 4106 plum
1043 4035 1210 4105 regis,
1242 4036 1299 4092 in
1328 4036 1531 4105 regiam
1572 4036 1818 4100 domum,
1852 4050 2021 4106 regno
2044 4036 2309 4090 ctelorum
2340 4037 2428 4091 do-

864 4135 1023 4193 natae,
1072 4127 1531 4183 intrmnittentur.
1570 4126 1853 4197 Templum
1884 4142 2068 4197 porro,
2099 4127 2295 4183 domus
2332 4126 2427 4182 Dei

864 4228 966 4281 est,
994 4220 1067 4272 ita
1095 4228 1154 4283 ut
1187 4219 1301 4281 Rex
1327 4219 1436 4284 ille,
1467 4219 1533 4274 ad
1562 4234 1724 4290 quem
1754 4218 2122 4283 adducuntur,
2155 4217 2300 4273 Deus
2333 4219 2422 4273 sit.

865 4310 970 4364 Eas
1002 4311 1125 4374 item
1154 4308 1451 4377 adducunt,
1474 4310 1727 4381 qui‘ipsis
1762 4309 2010 4373 instituta
2045 4311 2289 4377 tradunt,
2317 4309 2426 4380 Lex

866 4402 1111 4458 videlicet
1138 4410 1299 4472 atque
1330 4402 1621 4471 prophetas.
1834 4383 1841 4388 ’

932 4664 1099 4725 Vens.
1147 4666 1234 4721 i7.
1256 4665 1370 4720 Pro
1420 4666 1659 4736 patribus
1693 4666 1797 4722 tuis
1833 4667 1946 4720 nati
2005 4680 2125 4720 sunt
2173 4670 2269 4721 twt
2302 4665 2424 4733 ﬁlii.

866 4752 1070 4822 Ilorum
1144 4758 1468 4812 sententiam
1537 4759 1739 4815 clarius
1790 4758 1973 4813 caeteri
2039 4757 2427 4821 reddiderunt;

864 4853 1057 4921 Aquila
1087 4851 1305 4923 quidem
1336 4853 1416 4907 sic
1454 4852 1685 4916 habens,
1715 4852 1821 4906 Pro
1849 4854 2088 4921 patribus
2130 4854 2233 4906 tuis
2276 4860 2429 4905 erunt

866 4944 958 5009 tilgi
1006 4944 1137 5011 ﬁlii;
1168 4940 1525 5013 Symmachus
1577 4958 1706 4997 vero
1732 4983 1747 5006 ,
1783 4942 1892 4995 Pro
1930 4945 2169 5013 patribus
2216 4944 2429 5013 fuerunt

865 5032 966 5099 ﬁlii
1006 5035 1101 5099 tui.
1146 5032 1273 5090 Haec
1299 5042 1381 5102 est
1428 5042 1610 5088 autem
1650 5033 1781 5087 dicti
1830 5033 1978 5087 illius
2005 5034 2422 5105 interpretatio:

867 5123 989 5194 Filii
1018 5124 1097 5185 tui
1137 5124 1231 5193 qui
1274 5125 1329 5193 in
1368 5133 1421 5179 te
1450 5134 1504 5180 et
1537 5134 1646 5181 ate
1680 5126 1793 5180 nati
1844 5132 1994 5188 sunt,
2034 5141 2132 5193 pro
2177 5127 2426 5195 patribus

866 5212 962 5284 tibi
985 5219 1164 5278 erunt.
1203 5211 1338 5277 Nam
1386 5215 1484 5279 hqs
1518 5214 1689 5283 ipsos,
1716 5229 1855 5283 quos
1885 5219 2001 5267 tute
2042 5215 2297 5282 genuisti,
2329 5232 2427 5286 pro

870 5305 1114 5377 patribus
1136 5304 1382 5374 babebis.
1417 5304 1698 5371 Sermonis
1738 5314 1917 5360 autem
1950 5316 2199 5361 eventum
2231 5309 2429 5363 intelli-

870 5411 986 5462 ges,
1033 5395 1079 5449 si
1123 5392 1429 5463 perpendas
1456 5410 1565 5465 quo
1594 5406 1756 5465 pacto
1786 5395 2103 5465 alienigenas
2144 5413 2211 5454 ex
2255 5400 2427 5468 genti-

873 5484 994 5553 bus,
1020 5482 1319 5553 Ecclesiam
1346 5481 1437 5536 Dei
1463 5482 1747 5546 adeuntes,
1774 5485 1829 5537 in
1853 5485 2077 5553 ipsaque
2100 5488 2425 5555 regenerati,

870 5571 967 5638 ﬁlii
1026 5573 1145 5649 ejus
1199 5572 1528 5649 elliciantur;
1584 5586 1649 5627 ac
1696 5573 1952 5646 deinceps
2005 5592 2126 5629 cum
2180 5576 2426 5645 profectu

874 5662 1019 5733 aucti
1051 5671 1199 5725 sunt,
1236 5669 1421 5734 patres
1446 5664 1618 5733 ipsius
1657 5665 2093 5743 constituantur,
2132 5666 2200 5721 ad
2232 5667 2426 5740 prafe-

872 5763 1081 5809 cturam
1132 5754 1249 5822 ejus
1288 5757 1540 5825 promoti,
1581 5766 1634 5811 et
1681 5757 1747 5810 ad
1801 5760 2136 5833 sacerdotale
2168 5762 2415 5818 ministe-

941 5910 988 5944 ν
1055 5908 1228 5981 lilor.
1267 5924 1396 5971 xm.
1435 5913 1484 5964 υ.
1564 5916 1604 5941 ⁸ο
1650 5912 1778 5965 ibid.
1823 5913 1901 5965 lli.

1979 5918 2021 5946 ⁸⁸
2061 5917 2211 5973 1.0m.
2255 5934 2363 5987 Si",
2398 5918 2451 5987 2,

2526 3291 2871 3370 εὐφροσύνῃ
2900 3288 2998 3343 καὶ
3027 3288 3401 3357 ἀγαλλιάσει.
3431 3286 3661 3358 Νοήσεις
3687 3285 3744 3337 δὲ
3779 3285 3925 3346 ὅπως
3952 3282 4101 3355 είρη-

2526 3400 2616 3436 ται
2644 3381 2819 3450 τοῦτο,
2850 3379 3113 3453 παραθεὶς
3140 3381 3237 3451 τὴν
3266 3377 3621 3449 ἀποστολικὴν
3653 3370 3888 3450 φωνηνῇ
3914 3393 4097 3447 φησιν’

2536 3475 3021 3543 Ἁρπαγησόμεθα
3051 3472 3120 3525 ἐν
3161 3471 3441 3541 νεφέλαις
3479 3473 3565 3537 είς
3603 3468 3947 3537 ἀπάντησιν
3994 3468 4101 3525 τοῦ

2524 3564 2745 3632 Κυρίου
2779 3566 2866 3631 είς
2907 3563 3082 3631 ἀέρα,
3126 3561 3223 3615 καὶ
3276 3560 3426 3614 οὕτω
3472 3558 3727 3613 πάντοτε
3760 3557 3881 3612 σὺν
3908 3559 4103 3628 Κυρίῳ

2525 3658 2802 3725 ἐσόμεθα.
2847 3656 2921 3708 Ού
2954 3654 3064 3728 γὰρ
3109 3656 3415 3708 ἐλεύσονται
3457 3652 3575 3705 οὐδὲ
3609 3650 3996 3704 ἀπελεύσονται
4024 3650 4102 3721 τῷ

2526 3748 2745 3803 Βασιλεῖ
2783 3748 3060 3821 παρθένοι,
3088 3747 3201 3799 ἀλλ’
3235 3744 3709 3813 ἀπενεχθήσονται,
3728 3742 3901 3795 ἄλλων
3933 3741 4107 3805 αὐτὰς

2526 3840 2878 3907 ἀπαγόντων’
2900 3836 3163 3905 ’ἀγγέλων
3217 3836 3415 3906 δηλαδὴ
3461 3834 3619 3887 θείων
3663 3834 4101 3905 μετεωριζόντων

2526 3935 2697 3998 αὐτὰς
2733 3926 2828 3985 καὶ
2886 3934 2964 3995 είς
2995 3931 3128 4003 ὕψος
3159 3930 3515 4003 ἐπαιρόντων,
3548 3929 3621 3990 ὡς
3644 3927 3709 3981 ἂν
3754 3928 3971 3999 εὐμαρῆ
4004 3928 4103 3998 τὴν

2526 4027 2638 4080 ἅνω
2679 4026 2993 4099 ποιήσαιντο
3027 4024 3270 4094 πορείαν.
3336 4020 3864 4091 Ἀπενεχθήσονται
3928 4018 3972 4071 δ’
4034 4018 4104 4071 ὲν

2525 4118 2870 4188 εὐφροσύνῃ
2902 4117 2999 4169 καὶ
3029 4114 3404 4185 ἀγαλλιάσει,
3451 4114 3545 4168 καὶ
3584 4111 3998 4183 εἰσαχθήσονται
4024 4112 4103 4175 εἰς

2527 4208 2651 4261 ναὸν
2682 4206 2962 4276 βασιλέως,
2990 4208 3067 4273 εἰς
3103 4207 3193 4273 τὸν
3251 4203 3396 4263 οἷκον
3424 4206 3510 4259 τὸν
3546 4203 3817 4274 βασιλικὸν
3870 4202 3971 4273 τῆς
3996 4202 4103 4256 τῶν

2526 4295 2772 4368 οὐρανῶν
2792 4296 3064 4365 βασιλείας
3092 4294 3528 4369 καταξιούμεναι.
3548 4276 3698 4356 ’Ναὺς
3724 4293 3779 4347 δὲ
3802 4289 3950 4357 οἶκος
3968 4290 4101 4346 Θεοῦ

2528 4387 2674 4438 ἐστιν
2700 4401 2712 4413 ·
2738 4383 2876 4436 ὥστε
2901 4384 3031 4448 Θεὸς
3057 4386 3085 4438 ὁ
3110 4384 3369 4446 Βασιλεὺς
3390 4422 3404 4446 ,
3433 4378 3479 4451 ᾧ
3506 4382 3828 4451 ἀπάγονται.
3880 4385 4103 4452 Ἀγουσι

2530 4477 2585 4530 δὲ
2620 4476 2788 4539 αὐτὰς
2819 4476 2913 4529 καὶ
2934 4478 2981 4528 οἱ
3013 4475 3081 4529 τὰ
3116 4476 3454 4547 παιδεύματα
3488 4474 3865 4547 παραδιδόντες
3892 4477 4101 4539 αὑταῖς,

2508 4573 2559 4627 ,ὅ
2589 4588 2648 4624 τε
2683 4570 2863 4641 Νόμος
2888 4570 2977 4623 καὶ
3003 4571 3050 4623 οἱ
3076 4568 3367 4640 προφῆται,

2612 4661 2761 4717 Ἀντί
2794 4661 2911 4715 τῶν
2942 4664 3212 4729 πατέρων
3251 4677 3366 4714 σου
3391 4659 3804 4730 ἐγεννήθησάν
3832 4677 3933 4714 σοι
3962 4659 4099 4713 υἱοί.

2534 4756 2749 4809 Τούτων
2792 4756 2891 4827 τὴν
2943 4754 3175 4808 διάνοιαν
3230 4754 3557 4828 σαφέστερον
3601 4751 4007 4807 ἀποδεδώκασιν
4053 4754 4100 4807 ot

2532 4846 2737 4901 λοιποί”
2769 4849 2796 4899 ὁ
2841 4846 2938 4917 μὲν
2994 4844 3223 4910 Ἀκύλας
3257 4845 3455 4898 εἰπών·
3498 4847 3647 4900 Ἀκτὶ
3694 4844 3814 4896 τῶν
3835 4844 4102 4912 πατέρων

2533 4956 2647 4992 σου
2673 4939 2917 4997 ἔσονταί
2962 4952 3061 4990 σοι
3085 4940 3201 4990 υἱοί
3224 4954 3235 4967 ·
3271 4941 3300 4991 ὁ
3328 4938 3385 4993 δὲ
3423 4940 3717 5013 Σύμμαχος
3740 4952 3753 4965 ·
3804 4937 3954 4989 Ἀντί
3994 4952 4101 4990 παι

2532 5031 2715 5099 τέρων
2743 5029 3019 5099 ἐγένοντο
3056 5030 3174 5082 vlol
3197 5045 3332 5083 σου.
3371 5030 3435 5083 Ἡ
3461 5028 3505 5081 δ’
3536 5028 3799 5097 ἑρμηνεία
3831 5027 3923 5081 τοῦ
3944 5028 4099 5097 λόγου

2533 5121 2731 5190 ταύτην
2756 5120 2869 5190 ἔχει
2895 5118 2992 5190 τὴν
3014 5119 3267 5173 διάνοιαν·
3300 5120 3362 5172 Οἱ
3382 5118 3487 5171 υἱοί
3507 5133 3600 5170 σου
3624 5119 3672 5169 ol
3701 5118 3759 5169 ἐν
3780 5118 3862 5171 σοὶ
3881 5120 3973 5172 καὶ
3998 5119 4101 5173 ὑπὸ

2534 5212 2627 5265 σοῦ
2643 5229 2870 5282 γεγεννη
2878 5212 3025 5281 μένοι
3044 5212 3163 5265 ἀντὶ
3186 5211 3438 5281 πατέρων
3458 5210 3773 5280 γενήσονταί
3796 5228 3896 5265 σοι.
3922 5211 4100 5276 ’Ἑξεις

2532 5302 2639 5373 γὰρ
2674 5303 2869 5365 αὐτοὺς
2907 5302 3167 5372 πατέρας,
3193 5298 3291 5362 οὒς
3324 5300 3459 5371 αὑτὴ
3486 5299 3837 5371 γεγέννηκας,
3874 5302 4107 5373 Νοήσειςη

2531 5392 2587 5444 δὲ
2620 5392 2712 5447 τοῦ
2744 5394 2898 5461 λόγου
2948 5394 3009 5446 τὸ
3040 5390 3377 5459 ἀποτέλεσμα
3399 5432 3412 5455 ,
3442 5394 3735 5463 ἐπιστήσας
3768 5394 3915 5457 ὅπως
3946 5395 3994 5446 οί
4043 5392 4102 5455 ἐξ

2535 5485 2702 5538 ἐθνῶν
2756 5487 3059 5555 ἀλλόφυλοι,
3122 5486 3505 5555 προσελθόντες
3564 5489 3624 5557 τῇ
3674 5487 3966 5555 Ἐκκλησία
4007 5484 4098 5537 τοῦ

2532 5578 2688 5641 Θεοῦ,
2726 5580 2816 5633 καὶ
2860 5575 3308 5647 ἀνα-γεννηθέντες
3356 5580 3414 5631 ὲν
3468 5581 3625 5651 αὐτῇ,
3660 5578 3983 5644 υἱοὶίαύτῆς
4016 5576 4101 5645 γίο

2532 5687 2777 5737 γνονται·
2811 5672 3045 5737 κᾶπειτα
3069 5668 3399 5735 ἐπιδιδόντες·
3435 5673 3498 5742 τῇ
3540 5673 3789 5743 προκοπῇ
3817 5710 3831 5731 .
3867 5668 4098 5745 πατέρες

2524 5763 2691 5834 αὐτῆς
2720 5764 3091 5826 καθίστανται,
3121 5764 3479 5835 προαγόμενοι
3519 5768 3597 5828 είς
3632 5765 3727 5834 τὴν
3762 5764 4095 5835 αύτῆςεπρο-

2525 5916 2572 5960 9‘
2613 5917 2845 5991 l'l‘hess.
2884 5934 2956 5990 ty,
2996 5916 3077 5985 16.
