4354 6394
351 509 457 565 605

1478 511 1983 571 COMMENTARIA
2020 513 2087 570 IN
2126 515 2467 575 PSALMOS.

3482 520 3584 574 406

353 618 596 683 στασίαν,
623 618 715 673 καὶ
738 619 836 690 τῆς
862 621 1139 692 ἱερατικῆς
1176 621 1513 693 λειτουργίας
1558 608 1917 696 καταξιούμεξ
1943 628 1995 687 Α
2021 626 2067 679 ri

1865 608 1917 678 εξ
1943 628 1995 687 Α
2021 626 2163 680 rium
2200 626 2461 698 cooptati.
2497 625 2783 691 Quomodo
2816 619 2998 681 autem
3014 618 3026 633 ”
3041 623 3167 681 illos
3212 640 3312 696 pro
3338 628 3584 697 patribus

353 732 455 769 νοι.
502 713 627 777 Πῶς
662 713 707 766 δ’
732 713 872 779 ἕξεις
907 714 1105 779 αὐτοὺς
1126 715 1245 768 ἀντὶ⁵
1280 715 1525 786 πατέρων
1552 718 1913 789 διερμηνεύει,

351 807 679 879 σαφέστερον
703 807 874 877 λέγων
897 825 911 838 ·
945 808 1358 875 Καταστήσας
1377 808 1596 874 αὐτοὺς
1619 810 1915 879 ἄρχοντας

344 888 440 953 ὲὲτὶ
478 899 683 954 πᾶσαν
711 898 825 967 τὴν
854 899 988 969 γῆν.
1014 900 1173 968 Λέγει
1213 900 1269 953 δὲ
1298 898 1466 953 ταῦτα
1507 901 1640 972 πρὸς
1686 904 1783 974 τὴν
1824 904 1915 956 ἐπὶ

344 990 447 1060 γῆς
462 989 782 1061 Ἐκκλησίαν
801 994 829 1043 6
849 990 1021 1059 λόγος,
1041 992 1138 1061 τὴν
1156 991 1261 1043 ἀπὸ
1279 990 1528 1061 περάτων
1547 992 1650 1055 ἕως
1664 994 1911 1063 περάτων

341 1080 628 1151 διήκουσαν
648 1099 660 1111 ·
696 1083 780 1151 ἐφ’
810 1084 876 1153 ἢν
904 1082 1166 1153 ἄρχοντας
1201 1083 1293 1135 καὶ
1326 1083 1567 1153 πατέρας
1595 1085 1719 1147 τοὺς
1751 1086 1912 1150 ίδίους

342 1172 491 1237 υἱοὺς
520 1172 656 1243 αὑτὴ
684 1174 718 1244 ἡ
758 1173 1047 1243 Ἐκκλησία
1072 1171 1163 1224 τοῦ
1189 1172 1322 1225 Θεοῦ
1353 1172 1689 1244 καθίστησιν.

410 1265 513 1319 Διὰ
535 1264 710 1318 τοῦτο
730 1264 864 1318 .laol
900 1262 1248 1332 ὑμνήσουσι
1279 1279 1353 1317 σε
1388 1266 1473 1330 είς
1499 1264 1683 1317 αἰῶνα
1710 1264 1906 1335 διηνε-

338 1354 477 1421 κῶς.
523 1355 588 1408 Ἦ
621 1354 973 1426 προλεχθεῖσα
1006 1353 1247 1426 θυγάτηρ
1291 1354 1398 1407 τῶν
1429 1355 1691 1426 βασιλέων
1717 1396 1732 1420 ,
1767 1358 1903 1430 αὕτη

336 1445 392 1499 δὲ
425 1441 552 1516 ἦνή
586 1446 678 1498 ἐπὶ
710 1445 811 1514 γῆς
844 1444 1157 1515 Ἐκκλησία,
1194 1446 1588 1519 συναισθομένη
1621 1448 1719 1517 τῆς
1745 1448 1903 1503 δυνά-

338 1552 483 1605 μεως
514 1534 607 1588 τοῦ
634 1534 897 1606 πατρικοῦ
944 1535 1227 1606 ὀνόματος,
1258 1538 1555 1608 ἐπειδήπερ
1582 1538 1903 1605 ἐχαρίσατο

333 1626 494 1692 αὐτῷ
526 1626 712 1696 ὄνομα
745 1628 812 1681 τὸ
837 1628 989 1696 ὑπὲρ
1018 1628 1141 1683 πᾶν
1172 1627 1363 1698 ὄνομα
1384 1645 1396 1655 ·
1435 1630 1535 1681 ἵνα
1572 1630 1640 1683 ἐν
1661 1628 1739 1695 τῷ
1770 1632 1901 1684 ὀνό-

327 1735 468 1788 ματι
503 1718 696 1786 Ἰησοῦ
717 1717 841 1773 πᾶν
862 1719 1008 1789 γόνυ
1036 1718 1243 1788 κάμψῃ
1265 1718 1637 1786 ἐπουρανίων
1665 1719 1763 1773 καὶ
1786 1721 1901 1774 ἐπι-

330 1812 505 1881 γείων
529 1810 627 1864 καὶ
658 1810 1083 1877 καταχθονίων,
1114 1809 1251 1881 μετά
1313 1809 1411 1873 τάς
1442 1811 1576 1882 πρὸς
1612 1812 1778 1883 αὐτὴν
1811 1812 1901 1883 λε-

2017 716 2272 771 habitura
2311 717 2411 782 sis,
2449 714 2693 785 apertius
2732 713 2969 785 explicat
3011 714 3097 770 his
3128 716 3345 771 verbis:
3374 713 3587 772 Consti-

2018 814 2127 859 tues
2156 821 2245 861 eos
2273 806 2532 875 principes
2582 819 2738 874 super
2782 819 2985 859 omnem
3032 810 3249 857 terram.
3291 804 3390 863 His
3420 823 3586 877 porro

2014 897 2339 965 Ecclesiam,
2369 912 2493 968 quae
2531 896 2587 951 in
2622 904 2772 953 terra
2796 903 2901 961 est,
2934 895 3248 965 alloquitur,
3296 912 3523 969 qumque
3554 916 3585 954 a

2012 989 2264 1047 terminis
2299 997 2462 1046 terra:
2503 1005 2679 1061 usque
2720 988 2789 1043 ad
2824 989 3089 1045 terminos
3128 989 3247 1058 ejus
3280 992 3537 1062 pertingit
3566 1009 3579 1044 :

2011 1081 2067 1134 in
2109 1081 2268 1150 cujus
2316 1080 2587 1157 principes
2630 1087 2686 1136 et
2733 1085 2940 1151 patres,
2984 1080 3234 1151 proprios
3292 1079 3430 1136 tilios
3462 1085 3579 1151 ipsa

2011 1169 2104 1225 Dei
2134 1169 2379 1225 Ecclesia
2406 1169 2711 1225 constituit.

2080 1259 2245 1317 Vsus.
2279 1262 2366 1317 18.
2400 1260 2691 1331 PrOpterea
2737 1261 2920 1331 populi
2962 1261 3348 1331 conﬁtebuntur
3392 1262 3485 1315 tibi
3523 1278 3581 1317 in

2008 1361 2259 1407 atternum
2290 1362 2557 1423 perpetuo.
2594 1350 2732 1407 Filia
2762 1368 2950 1424 regum
2978 1353 3087 1423 jam
3120 1360 3439 1417 memorata,
3468 1354 3575 1408 sci-

2006 1444 2133 1499 licet
2166 1443 2413 1500 Ecclesia
2442 1445 2499 1499 in
2524 1451 2671 1499 terra
2693 1442 2930 1515 degens,
2955 1442 3166 1513 paterni
3198 1443 3434 1498 nominis
3462 1443 3575 1498 vir-

1958 1556 1959 1559 η
2004 1543 2175 1590 tutem
2225 1536 2690 1603 animadvertens,
2744 1535 3010 1611 quoniam
3063 1535 3207 1588 dedit
3264 1536 3347 1588 illi
3388 1551 3574 1589 nomen

2001 1626 2137 1698 quod
2165 1635 2243 1681 est
2265 1643 2422 1696 super
2452 1618 2603 1682 amne
2634 1644 2848 1692 nomen;
2873 1640 2929 1680 ut
2948 1629 3003 1680 in
3030 1628 3238 1682 nomine
3267 1626 3395 1683 Jesu
3425 1644 3577 1683 omne

2001 1736 2131 1791 genu
2145 1720 2389 1788 ﬂectatur
2404 1720 2709 1784 caelestium,
2736 1719 3061 1773 terrestrium
3088 1729 3138 1772 et
3160 1719 3487 1788 infernarum
3502 1721 3572 1787 ",

2003 1818 2124 1881 post
2147 1810 2303 1864 datas
2341 1809 2443 1864 sibi
2472 1809 2887 1880 promissiones,
2918 1808 3004 1863 his
3027 1809 3253 1864 vocibus
3281 1809 3438 1866 tidem
3470 1811 3570 1866 ha-

328 1903 546 1976 χθείσας
567 1904 1257 1973 ὲπαγγελίας,πιστεύσασα
1284 1907 1507 1973 φωναῖς,
1532 1908 1704 1977 χαρᾶς
1722 1922 1779 1958 τε
1808 1908 1899 1959 καὶ
2002 1902 2047 1956 b4

1494 1947 1507 1970 ,
1532 1908 1704 1977 χαρᾶς
1722 1922 1779 1958 τε
1808 1908 1899 1959 καὶ
2002 1902 2154 1967 bens,
2181 1901 2381 1973 gaudio
2414 1908 2467 1955 et
2499 1900 2863 1956 exsultatione.
2892 1898 3148 1969 repletur.
3171 1902 3212 1923 "

326 1996 664 2068 εὐφροσύνης
697 1997 1064 2068 πληρωθεῖσα.

324 2106 432 2160 ΕΙΣ
463 2107 549 2161 ΤΟ
585 2108 825 2166 ΤΕΛΟΣ.
852 2110 1036 2164 ΥΠΕΡ
1080 2111 1214 2165 ΤΩΝ
1252 2112 1413 2165 ΥΙΩΝ
1452 2111 1649 2177 KOPE,
1718 2114 1896 2166 ΥΠΕΡ

633 2180 768 2233 ΤΩΝ
798 2181 1119 2245 ΚΡΥΦΙΩΝ,
1150 2182 1437 2235 amne}:
1463 2183 1601 2250 ME'.
1672 2230 1677 2237 .

404 2291 457 2343 '0
480 2292 624 2359 Θεὸς
652 2293 821 2363 ἡμῶν
848 2295 1159 2365 καταφυγὴ
1186 2295 1284 2349 καὶ
1334 2294 1586 2365 δύναμις
1608 2336 1621 2360 ,
1663 2296 1893 2365 βοηθὸς

320 2383 389 2436 ἐν
436 2386 682 2453 θλίψεσι
722 2384 848 2451 ταῖς
896 2387 1219 2454 εὑρούσαις
1272 2385 1430 2457 ἡμᾶς
1481 2386 1734 2457 σφόδρα.
1792 2390 1895 2443 Διὰ

318 2475 496 2530 τοῦτο
522 2478 594 2531 οὺ
623 2477 1082 2546 φοϐηθησόμεθα
1105 2478 1174 2531 ἐν
1202 2478 1280 2545 τῷ
1328 2479 1737 2546 ταράσσεσθαι
1778 2479 1893 2548 τὴν

320 2566 458 2645 γῆν,
488 2567 583 2622 καὶ
603 2568 1020 2638 μετατίθεσθαι
1038 2568 1143 2638 ὄρη
1160 2570 1229 2623 ἐν
1247 2570 1516 2638 καρδίαις
1540 2569 1887 2625 θαλασσῶν,

319 2661 746 2733 Εὑχαριστήριον
786 2659 950 2731 ὕμνουν
977 2661 1288 2732 ἀναπέμπει
1323 2660 1401 2731 τῷ
1436 2660 1684 2733 μεγάλων
1730 2661 1890 2715 αὐτὸν

317 2749 718 2825 καταξιώσαντι
760 2753 787 2804 6
816 2751 999 2820 λόγος·
1024 2752 1107 2805 ὅτι
1135 2750 1363 2822 φροῦδος
1415 2752 1565 2805 ἔσται
1593 2792 1606 2815 ,
1639 2750 1888 2821 καθάπερ

315 2842 423 2895 τινὶ
448 2841 914 2913 παραπεμφθεῖσα
949 2840 1114 2912 βυθῷ,
1140 2845 1187 2913 νή
1214 2843 1377 2897 πάλαι
1408 2845 1729 2914 κρατήσασα
1778 2841 1888 2894 τῶν

314 2934 585 3006 δαιμόνων
603 2934 846 2997 ἀσέϐεια,
865 2934 897 3004 ἡ
918 2932 1026 2987 τῶν
1048 2933 1188 3005 ὀρῶν
1213 2934 1286 3004 (1)
1313 2935 1621 3007 μιμουμένη
1647 2934 1708 2987 τὸ
1730 2933 1882 3003 ὕψος,

314 3026 410 3081 καὶ
434 3026 534 3097 τῆς
554 3025 873 3097 οἰκουμένης
903 3026 996 3078 ἐπὶ
1026 3026 1276 3079 πλεῖστον
1297 3028 1557 3098 ἐσχηκυῖα
1581 3025 1642 3079 τὸ
1664 3026 1880 3099 κράτος.

312 3114 447 3171 Εἶτα
477 3116 622 3185 λέγει
650 3118 679 3170 6
710 3118 1043 3189 προφητικὺς
1075 3116 1249 3186 λόγος,
1284 3117 1359 3181 ὡς
1400 3118 1468 3171 τὰ
1511 3117 1679 3171 ὕδατα
1717 3117 1889 3189 ζάλην

310 3203 547 3269 ἐδέξατο,
573 3204 667 3257 καὶ
688 3204 758 3257 τὰ
777 3204 874 3276 ὅρη
903 3203 1089 3259 κλόνον
1114 3206 1392 3277 ὑπέμεινε,
1412 3204 1509 3265 τοῦ
1532 3204 1868 3275 εὐαγγελικοῐ

2005 2095 2055 2153 Ι.
2087 2097 2152 2151 ΙΝ
2182 2095 2391 2156 FINEM
2430 2103 2567 2161 PRO
2601 2105 2799 2162 FlLlIS
2831 2106 3033 2172 CORE,
3073 2101 3208 2163 PRO
3246 2105 3565 2174 ARCANIS,

2520 2176 2841 2233 PSALMUS
2880 2177 3017 2233 XLV
3030 2214 3044 2229 .

2068 2290 2230 2346 Vsus.
2249 2290 2531 2354 2,5.Deus
2564 2299 2742 2345 noster
2769 2291 3029 2361 refugium
3064 2300 3113 2344 et
3143 2293 3330 2357 virtus,
3354 2291 3568 2362 adjutor

1994 2382 2046 2436 in
2081 2383 2508 2437 tribulationibus
2530 2399 2645 2453 qua
2664 2383 2965 2437 invenerunt
2990 2399 3083 2437 nos
3114 2385 3291 2438 nimis.
3317 2383 3568 2453 Propter-

1998 2491 2053 2527 ea
2092 2492 2194 2529 non
2235 2476 2530 2530 timebimus
2564 2462 2689 2529 dum
2719 2474 3020 2529 turbabitur
3054 2485 3215 2540 terra,
3239 2484 3289 2530 et
3333 2476 3579 2546 transfee
3664 2524 3676 2540 ,

1992 2576 2173 2621 rentur
2205 2575 2403 2622 montes
2437 2568 2492 2620 in
2524 2584 2615 2621 cor
2654 2568 2902 2624 marium.
2951 2565 3221 2639 Hymnum
3265 2567 3565 2638 gratiarum

1991 2660 2222 2715 actionis
2263 2660 2459 2715 emittit
2492 2660 2541 2715 ei
2574 2659 2669 2730 qui
2701 2659 2914 2731 magnis
2954 2660 3133 2730 ipsum
3166 2659 3440 2716 beneﬁciis
3469 2674 3563 2714 or-

1990 2756 2233 2823 naverat,
2254 2751 2379 2819 quia
2402 2764 2521 2819 qus:
2541 2751 2671 2804 olim
2703 2765 2886 2805 rerum
2920 2750 3088 2820 potita
3111 2758 3229 2806 erat
3258 2752 3567 2806 daemonum

1989 2843 2257 2911 impietas,
2290 2849 2344 2897 et
2389 2842 2658 2896 montium
2687 2842 3034 2898 altitudinem
3064 2844 3339 2909 aemulata,
3371 2843 3465 2899 diu
3507 2844 3565 2901 in

1990 2935 2178 2988 orbem
2225 2928 2537 2988 ordinatum
2575 2933 2925 3001 obtinuerat;
2952 2934 3064 3003 jam
3100 2934 3256 3005 quasi
3292 2936 3347 2989 in
3378 2936 3565 3007 gurgi-

1986 3029 2093 3078 tem
2162 3023 2450 3094 quemdam
2513 3022 2778 3093 projecta,
2811 3023 2878 3078 de
2933 3021 3113 3079 medio
3173 3024 3387 3079 sublata
3430 3025 3559 3081 erit.

1986 3114 2192 3172 Deinde
2225 3122 2412 3170 narrat
2441 3115 2791 3187 propheticus
2836 3129 3038 3182 sermo,
3073 3130 3181 3185 quo
3212 3126 3371 3186 pacto
3408 3130 3563 3187 aqua!

1985 3218 2305 3280 tempestate
2353 3211 2597 3280 agitatae,
2651 3217 2866 3263 montes
2926 3208 3350 3265 commotionem
3410 3208 3561 3280 passi

309 3295 841 3367 διαπορθμευομένου
892 3296 1261 3369 κηρύγματος,
1322 3300 1582 3353 Ἐνταῦθα
1601 3300 1657 3354 δὲ
1695 3302 1794 3374 ὅρη
1824 3302 1883 3355 τὸ
1910 3314 1957 3376 c
1986 3306 2028 3359 si

1839 3302 1883 3355 τὸ
1910 3314 1957 3376 c
1986 3306 2117 3369 sint,
2155 3301 2284 3357 dum
2316 3304 2521 3357 interea
2557 3303 2868 3372 evangelica
2898 3302 3215 3373 praedicatio
3242 3302 3403 3361 latius
3434 3317 3558 3372 per-

310 3382 418 3435 τῶν
443 3382 711 3453 δαιμόνων
737 3385 1141 3463 προσηγόρευσε
1175 3390 1357 3457 στῖφος
1395 3388 1482 3441 διὰ
1512 3390 1603 3443 τὸν
1628 3390 1727 3461 τῆς
1753 3392 1883 3446 ἀλα-

310 3473 523 3539 ζονείας
549 3476 711 3544 ὄγκον
752 3477 971 3531 καὶτοῦ
1020 3479 1187 3548 τύφου
1234 3480 1293 3533 τὸ
1325 3481 1557 3552 ὑψηλόν·
1615 3482 1779 3535 ὕδατα
1827 3484 1882 3537 δὲ

311 3564 419 3619 τῶν
452 3563 753 3638 ἀνθρώπων
785 3561 884 3631 τάς
916 3566 1162 3639 γνώμας,
1192 3571 1289 3634 τάς
1322 3572 1480 3643 δίκην
1511 3574 1717 3627 ὑδάτων
1756 3574 1883 3644 τῇδε

312 3654 533 3708 κάκεῖσε
566 3656 870 3726 φερομένας
904 3656 1120 3728 ῥᾳδίως,
1147 3661 1240 3711 καὶ
1273 3660 1375 3713 ὑπὸ
1395 3660 1504 3714 τῶν
1537 3662 1635 3733 τῆς
1667 3664 1882 3734 ἀπάτης

310 3746 634 3819 κυκωμένας
661 3746 1003 3817 πνευμάτων.
1040 3746 1224 3801 Ταῦτα
1252 3747 1307 3801 δὲ
1334 3749 1574 3804 διδάσκει
1614 3753 1759 3823 ἡμᾶς
1790 3754 1880 3806 καὶ

308 3842 342 3911 ἡ
368 3840 478 3893 τῶν
502 3839 783 3909 Πράξεων
808 3840 1033 3911 ἱστορία·
1067 3842 1232 3904 ὅπως,
1257 3840 1363 3894 τῶν
1386 3842 1545 3913 ἱερῶν
1570 3842 1879 3897 ἀποστόλων

307 3931 408 4003 τὴν
433 3933 754 4004 οἰκουμένην
787 3933 1244 4005 περινοστούντων
1267 3976 1281 3999 ,
1327 3935 1492 4005 ζάλης
1543 3936 1880 4007 ὲμπίπλαντο

311 4022 405 4076 καὶ
426 4022 667 4094 θορύϐων
698 4025 751 4076 αἱ
802 4024 1004 4088 πόλεις.
1036 4026 1145 4078 Καὶ
1180 4024 1289 4095 γάρ
1333 4027 1391 4077 ὲν
1453 4026 1659 4097 Ἐφέσῳ
1697 4028 1879 4099 Δημή-

307 4132 456 4187 τριος
484 4116 663 4169 πᾶσαν
686 4115 782 4186 τὴν
812 4116 965 4170 πόλιν
991 4115 1238 4169 ὲκύκωσε
1254 4134 1271 4157 ολ
1296 4108 1390 4170 καῖ
1410 4118 1469 4169 ὲν
1500 4118 1763 4190 Λύστροις
1787 4122 1878 4174 καὶ

307 4206 482 4278 Δέρϐῃ
499 4206 663 4259 ταὺτὸ
689 4205 846 4259 τοῦτο
868 4205 1175 4275 γεγένηται.
1200 4206 1309 4259 Καὶ
1338 4206 1496 4262 πάλιν
1516 4210 1572 4261 ὲν
1595 4209 1879 4274 Φιλίπποις

306 4294 401 4348 καὶ
437 4293 823 4363 Θεσσαλονίκη,
858 4293 951 4347 καὶ
992 4293 1265 4365 Ἀθήναις,
1314 4293 1406 4348 καὶ
1466 4297 1733 4371 Κορίνθῳ,
1769 4300 1877 4353 τῶν

305 4384 404 4455 τῆς
449 4382 664 4454 ἀπάτης
710 4384 1037 4455 πνευμάτων.
1065 4384 1236 4438 ταῦτα
1273 4386 1641 4461 διεγειρόντων
1688 4390 1757 4443 τὰ
1790 4390 1878 4445 κύ-

308 4492 473 4548 ματα,
493 4476 599 4530 ὑπὸ
624 4476 827 4532 τούτων
841 4478 983 4542 τινὲς
1004 4479 1383 4551 ὲνεργούμενοι
1413 4483 1551 4536 κατά
1577 4483 1684 4537 τῶν
1714 4486 1874 4555 ἱερῶν

306 4568 473 4624 ἐϐόων
501 4568 845 4641 ἀποστόλων·
884 4573 946 4624 Ol
981 4570 1095 4639 τὴν
1134 4574 1498 4643 οἰκουμένην
1528 4577 1870 4630 ἀναστατώ-

1983 3398 2225 3453 vaderet.
2281 3394 2378 3449 Hic
2434 3408 2597 3464 porro
2662 3393 2971 3449 daemonum
3020 3404 3295 3449 catenam
3342 3402 3558 3450 montes

1983 3496 2283 3557 nuncupat,
2332 3486 2402 3540 ob
2458 3486 2782 3555 arrogantiae
2851 3492 3120 3541 tumorem
3183 3500 3246 3542 ac
3290 3486 3557 3556 superbiae

1985 3578 2357 3645 altitudinem;
2386 3591 2555 3647 aquas
2582 3591 2733 3639 vero,
2765 3576 3049 3630 hominum
3084 3578 3403 3638 sententias,
3436 3594 3557 3647 quae

1984 3684 2251 3740 aquarum
2282 3668 2453 3723 instar
2485 3669 2631 3723 ultro
2672 3670 2921 3740 citroque
2950 3668 3108 3723 facile
3142 3666 3413 3729 feruntur,
3444 3677 3495 3722 et
3524 3684 3558 3720 a

1983 3762 2267 3833 spiritibus
2321 3761 2549 3817 fallaciae
2602 3763 2924 3817 miscentur.
2983 3760 3108 3815 Haec
3169 3760 3430 3815 docemur
3488 3762 3556 3813 ab

1980 3857 2208 3909 Acluum
2245 3842 2475 3910 historia
2510 3875 2523 3908 :
2560 3854 2831 3923 quomodo
2858 3854 3063 3907 scilicet
3086 3852 3207 3906 "cum
3231 3852 3401 3907 sancti
3424 3862 3554 3921 apo;-

1996 3949 2124 4003 stoli
2180 3948 2366 4001 orbem
2422 3946 2735 4007 circuirent,
2789 3949 3106 4013 tempestate
3156 3951 3319 4012 atque
3381 3945 3554 3998 turbis

1983 4040 2143 4093 urbes
2173 4038 2399 4107 singulae
2427 4020 2796 4105 replebantur.
2823 4034 3105 4104 Siquidem
3130 4034 3326 4104 Ephesi
3360 4034 3548 4089 Demc-

1980 4132 2118 4184 trius
2144 4137 2310 4184 totam
2346 4129 2534 4182 urbem
2588 4128 2810 4182 miscuit
2840 4147 2851 4181 :
2888 4127 3096 4199 Lystris
3118 4136 3171 4181 et
3206 4126 3419 4184 Derbax.
3470 4126 3549 4181 id-

1980 4223 2155 4291 ipsum
2178 4220 2401 4289 contigit
2430 4238 2443 4272 :
2476 4218 2772 4291 Philippis,
2799 4218 3211 4283 Thessalonicae,
3243 4217 3468 4272 Athenis
3498 4228 3551 4273 et

1978 4308 2251 4373 Corinthi,
2316 4308 2597 4378 spiritibus
2680 4309 2906 4363 fallacia:
2974 4304 3287 4375 bujus'modi
3352 4303 3550 4357 ﬂuctus

1977 4400 2279 4464 cientibus,
2316 4399 2537 4470 quidam
2586 4400 2654 4455 ab
2685 4398 2879 4455 iisdem
2929 4396 3139 4453 obsessi
3184 4403 3375 4449 contra
3421 4408 3549 4448 san-

1977 4502 2095 4550 ctos
2130 4494 2407 4565 apostolos
2441 4492 2750 4547 clamabant
2785 4510 2796 4545 :
2834 4490 2905 4543 Hi
2937 4490 3027 4560 qui
3067 4490 3242 4543 orbem
3288 4496 3548 4540 terrarum

1979 4589 2362 4650 subverterunt,
2386 4586 2468 4638 hic
2505 4584 2695 4636 adsunt
2713 4584 2777 4634 ⁸³.
2806 4582 2930 4635 Hac
2958 4581 3121 4637 etiam
3154 4581 3343 4633 beatus
3367 4576 3546 4631 Haba-

302 4676 543 4729 σαντες,
574 4657 741 4747 οὗτοι
775 4660 874 4715 καὶ
911 4662 1123 4718 ἐνθάδε
1173 4663 1431 4733 πάρεισι.
1485 4666 1667 4719 Ταῦτα
1721 4669 1812 4723 καὶ
1844 4672 1871 4723 6
1908 4647 1950 4701 θ
1980 4696 2021 4733 οι

1844 4672 1871 4723 ὁ
1908 4647 1950 4701 D
1980 4695 2105 4734 cum
2137 4676 2693 4748 prmuuntiavitmam
2719 4673 2824 4725 ait:
2861 4670 3200 4724 lnduxistiin
3223 4685 3366 4722 mare
3390 4685 3544 4739 equos

305 4754 577 4828 μακάριος
621 4753 1021 4826 προηγόρευσεν
1088 4756 1399 4828 ’Δϐακούμο
1461 4761 1867 4827 Ἐπεϐίϐασας,

303 4848 407 4919 γάρ
433 4865 617 4919 φησιν,
661 4850 749 4913 εἰς
789 4847 1108 4902 θάλασσαν
1154 4850 1293 4915 τοὺς
1325 4853 1548 4917 ἵππους
1572 4868 1687 4907 σου
1711 4893 1724 4916 ,
1768 4871 1868 4907 τα-

293 4938 643 5009 ράσσοντας
673 4941 861 4995 ὕδατα
888 4940 1107 4995 πολλὰ.
1132 4942 1361 5007 Ἵππους
1399 4944 1454 4997 δὲ
1495 4945 1863 5016 προσηγόρευ-

302 5046 391 5085 σεν
418 5033 603 5105 δχημα
645 5032 783 5087 θεῖον
828 5032 1220 5103 γεγενημένους
1264 5036 1388 5098 τοὺς
1432 5036 1607 5107 ἱεροὺς
1633 5036 1862 5088 ἀποστό-

303 5126 451 5185 λουςο
481 5124 568 5177 ἐπ’
594 5122 771 5177 αὐτῶν
792 5123 899 5193 γὰρ
917 5123 1202 5194 ὀχούμενος
1232 5126 1260 5177 6
1277 5128 1571 5196 Δεσπότης,
1602 5124 1667 5178 τὰ
1696 5127 1863 5179 πολλά

304 5210 391 5264 καὶ
421 5210 652 5283 διάφορα
676 5215 771 5284 τῆς
798 5214 1050 5277 ἀσεϐείας
1082 5214 1320 5285 δόγματα
1346 5216 1671 5271 διεσκέδασε.
1721 5218 1859 5287 Νοή-

302 5318 409 5364 σεις
441 5300 500 5357 δὲ
534 5304 628 5355 καὶ
657 5304 830 5366 ἄλλως
860 5304 957 5374 τὴν
988 5304 1243 5375 σύγχυσιν
1271 5305 1368 5375 τῆς
1399 5306 1501 5377 γῆς
1525 5306 1617 5359 καὶ
1645 5306 1740 5377 τὴν
1774 5327 1859 5362 τα-

297 5390 471 5462 ραχὴν
494 5392 687 5461 αὐτῆς,
724 5393 934 5447 ἀκούων
984 5394 1078 5447 τοῦ
1117 5395 1365 5467 Σωτῆρος
1408 5395 1684 5465 λέγοντος’
1732 5399 1857 5466 Πᾰρ

297 5475 491 5551 ἦλθον
508 5481 725 5545 ,βαλεῖν
771 5482 869 5536 ἐπὶ
911 5483 1026 5550 τὴν
1051 5482 1169 5553 γῆν
1188 5503 1201 5514 ·
1234 5488 1333 5540 καὶ
1371 5489 1428 5541 τί
1455 5486 1606 5541 θέλω
1634 5492 1687 5542 εὶ
1742 5490 1856 5558 ἤδη

296 5570 574 5642 ἀνήφθη;
605 5574 697 5627 καὶ
726 5574 883 5627 πάλιν
907 5590 920 5603 °
950 5574 1046 5642 Μὴ
1072 5578 1376 5646 νομίσητε,
1406 5579 1492 5633 ὅτι
1518 5576 1706 5650 ἦλθον
1745 5583 1859 5645 ,βα-

298 5662 431 5719 λεῖν
466 5662 839 5732 είρήνην·ἐπὶ
866 5662 978 5733 τὴν
999 5662 1146 5736 τῆν’
1179 5668 1291 5722 οὐκ
1313 5666 1500 5739 ἦλθον
1539 5671 1754 5736 βαλεῖν
1782 5675 1861 5727 ειν

1982 4781 2120 4832 tuos,
2155 4768 2421 4820 turbantes
2470 4780 2635 4833 aquas
2687 4762 2881 4815 multas
2901 4763 2967 4814 ⁸³.
3022 4760 3202 4831 Equos
3240 4774 3369 4814 vero
3410 4760 3547 4813 dixit

1979 4876 2165 4917 sacros
2218 4857 2511 4928 apostolos,
2563 4854 2656 4925 qui
2716 4854 3027 4909 vehiculum
3082 4854 3324 4908 divinum
3368 4850 3543 4907 ell‘ecti

1973 4962 2105 5009 ‘sunt
2142 4950 2278 5005 :‘his
2315 4948 2514 5018 quippe
2552 4954 2743 5002 vectus
2778 4945 3039 5000 Dominus
3075 4946 3243 4998 multa
3285 4947 3544 5013 variaque

1976 5041 2269 5115 impietatis
2314 5040 2564 5110 dogmata
2615 5038 2919 5107 dissipavit.
2953 5036 3073 5089 Alio
3119 5048 3333 5105 quoque
3378 5035 3542 5089 modo

1976 5146 2135 5191 terrae
2159 5132 2534 5189 confusionem
2566 5147 2629 5187 ac
2660 5130 3124 5201 perturbatidncm
3153 5128 3457 5193 intelligas,
3492 5130 3538 5184 si

1979 5229 2315 5283 Salvatorem
2346 5226 2536 5280 audias
2566 5225 2678 5278 haec
2703 5223 2970 5278 dicentem
3009 5240 3020 5275 :
3064 5221 3243 5291 Ignem
3276 5223 3388 5275 teni
3415 5222 3538 5274 mit-

1970 5333 2073 5376 tere
2106 5319 2159 5371 in
2191 5326 2415 5380 terram;
2460 5325 2508 5369 et
2558 5313 2679 5385 quid
2729 5312 2841 5367 volo
2868 5314 2913 5367 si
2936 5312 3054 5382 jam
3085 5327 3332 5366 accensus
3362 5310 3537 5364 est"?

1964 5414 2029 5467 Et
2061 5425 2277 5465 rursum
2313 5428 2325 5463 :
2359 5407 2534 5463 Nolite
2556 5416 2765 5475 putare'
2794 5405 2930 5476 quod
2959 5405 3181 5460 uenerim
3203 5417 3382 5471 pacem
3414 5400 3535 5452 mit-

1965 5490 2069 5558 tere
2125 5516 2277 5569 super
2327 5511 2522 5554 terram
2566 5513 2583 5550 :
2634 5515 2736 5552 non
2800 5500 2914 5553 veni
2959 5514 3137 5567 pacem
3183 5496 3401 5557 mittere,
3444 5491 3534 5546 sed

1964 5594 2219 5667 gladium.
2265 5593 2391 5648 Veni
2433 5592 2571 5645 enim
2626 5607 2870 5659 separare
2916 5591 3174 5645 hominem
3220 5604 3253 5640 a
3284 5596 3451 5656 patre,
3480 5594 3533 5640 et

1966 5686 2132 5752 ﬁliam
2162 5699 2193 5735 a
2218 5692 2403 5745 matre,
2435 5692 2483 5763 et
2511 5697 2703 5735 nurum
2730 5699 2763 5733 a
2796 5697 2971 5749 socru,
3000 5688 3048 5735 el
3078 5679 3276 5732 inimici
3305 5676 3535 5731 tramittit

367 5820 421 5853 "
449 5820 646 5896 Philip.
679 5840 753 5891 It,
790 5825 874 5882 10.
947 5825 993 5859 ⁸⁸
1029 5826 1148 5883 Act.
1179 5844 1328 5887 xnn
1409 5834 1442 5887 ε
1538 5836 1581 5868 ⁸⁸
1622 5833 1824 5891 Hahae.
1860 5826 1954 5905 in,
1994 5838 2079 5894 15.

947 5825 993 5859 ⁸⁸
1029 5826 1148 5883 Act.
1179 5844 1328 5887 xnn
1409 5834 1442 5887 ε
1538 5836 1581 5868 ⁸⁸
1622 5833 1824 5891 Hahae.
1860 5826 1954 5905 in,
1994 5838 2079 5894 15.
2158 5839 2201 5870 ⁹⁰
2240 5837 2371 5893 Luc.
2404 5853 2514 5903 sn,
2551 5836 2644 5896 69.

372 5933 666 6006 (ηῸρέων.
