4354 6402
820 492 920 548 ιιι

1527 482 1794 542 EUSEBII
1830 478 2308 538 CESARIENSIS
2344 478 2495 535 UPP.
2540 476 2723 532 PARS
2758 477 2849 532 Ill.
2892 506 2962 518 —
2997 474 3404 533 EXEGETICA.

3950 471 4059 527 ιιι

821 602 946 656 Non
968 601 1112 655 ultra
1149 599 1413 655 vocabitur
1443 616 1629 654 nomen
1646 610 1793 653 tuum
1838 597 2030 663 Iacob,
2091 596 2179 651 sed
2217 596 2388 651 Israel
2415 606 2461 662 Α
2488 596 2540 663 γὲ

2331 596 2388 651 ιιι
2415 606 2461 662 Α
2488 596 2617 666 γὰρ,
2644 595 2826 665 φησὶν,
2858 594 3138 665 ἄνθρωπος
3158 595 3275 665 μετ’
3302 593 3487 659 αὐτοῦ,
3510 591 3570 657 ὃς
3591 591 3685 646 καὶ
3704 587 3858 645 εἶπεν
3883 590 4050 661 αὐτῷ·

812 696 911 748 erit
938 709 1119 747 nomen
1142 702 1309 756 tuum,
1340 694 1463 762 quia
1492 693 1819 761 pravaluisti
1866 709 1984 745 cum
2017 690 2145 744 Deo.
2172 688 2241 743 Et
2273 706 2394 745 sur-

815 797 937 849 gens
961 780 1123 835 Iacob
1163 783 1362 834 vocavit
1410 796 1594 833 nomen
1636 780 1736 833 loci
1771 780 1939 840 illius,
1976 777 2209 847 Speciem
2269 778 2387 843 Dei,

814 872 987 926 dicens
1022 890 1040 926 :
1084 873 1202 927 Vidi
1221 874 1359 926 enim
1416 874 1699 925 Dominum
1730 872 1867 941 facie
1893 871 1962 922 ad
1988 870 2180 939 faciem
2203 870 2268 923 ”.
2303 868 2390 923 Si-

812 963 1028 1033 quicbm
1062 964 1152 1017 hic
1192 963 1310 1035 ipse
1341 970 1424 1018 est
1454 963 1561 1033 qui
1584 961 1686 1016 sub
1719 962 1898 1031 specie
1925 960 2164 1015 hominis
2184 957 2385 1015 Jacobo

812 1054 1081 1123 apparuit.
1114 1055 1233 1124 Ipse
1248 1061 1425 1108 autem
1451 1061 1534 1109 est
1564 1053 1817 1106 Dominus
1840 1053 2088 1112 virtutum
2107 1049 2377 1103 nobiscum

808 1151 862 1199 et
892 1144 1009 1212 ipse
1038 1150 1122 1196 est
1175 1129 1441 1211 susceptor
1484 1151 1661 1197 noster
1705 1142 1842 1194 Deus
1876 1139 2064 1193 Iacob.
2105 1137 2211 1193 Per
2256 1156 2377 1195 eum

808 1236 953 1289 enim
977 1248 1143 1303 supra
1172 1241 1465 1289 memorata
1494 1234 1678 1288 omnia
1706 1238 1852 1285 recte
1875 1231 2167 1301 gessimus.

2492 690 2613 739 Οὺκ
2642 686 2729 739 ἔτι
2756 685 3125 753 κληθήσεται
3152 687 3219 739 τό
3246 684 3434 755 ὄνομα
3468 700 3583 739 σου
3637 680 3835 737 Ἰακὼό
3855 722 3870 746 ,
3917 684 4059 737 ἀλλ’

2474 820 2477 821 ν
2500 776 2736 845 Ἰσραὴλ
2758 776 2927 829 ἕσται
2952 778 3019 833 τὸ
3050 777 3235 845 ὄνομά
3253 793 3367 829 σου
3392 792 3404 805 ·
3434 775 3521 828 ὅτι
3550 774 3885 842 ὲνίσχυσαζ-
3910 771 4062 841 μετὰ

2487 869 2656 921 Θεοῦ.
2692 870 2797 922 Καὶ
2825 868 3093 933 ἀναστὰς
3137 864 3333 922 Ἰακὼὸ
3361 866 3614 921 ἐκάλεσε
3638 867 3706 921 τὸ
3736 865 3926 933 ὄνομα
3953 863 4063 917 τοῦ

2482 962 2673 1013 τόπου
2717 960 2977 1024 ἐκείνου,
3011 956 3185 1025 Εἶδος
3244 958 3411 1023 Θεοῦ,
3459 954 3673 1012 εἰπών·
3730 952 3911 1013 Εἶδον
3948 954 4063 1024 γὰρ

2488 1051 2638 1103 Θεὸν
2668 1052 2988 1118 πρόσωπον
3016 1050 3162 1119 πρὸς
3182 1052 3522 1119 πρόσωπον.
3556 1041 3724 1112 Οὗτος
3756 1048 3867 1120 γάρ
3896 1046 4064 1109 αὐτὸς

2486 1144 2695 1205 ἐκεῖνος
2735 1144 2763 1194 6
2791 1144 2847 1194 ὲν
2892 1142 3175 1213 ἀνθρώπου
3208 1144 3441 1213 σχήματι
3472 1142 3548 1212 τῷ
3605 1140 3799 1195 Ἰακὼϐ
3846 1139 4060 1210 φανείς.

2483 1233 2659 1296 Αὐτὸς
2697 1232 2753 1285 δέ
2782 1235 2927 1285 ἐστιν
2974 1236 3007 1287 ὀ
3058 1235 3269 1300 Κύριος
3323 1231 3441 1286 τῶν
3488 1231 3798 1301 δυνάμεων
3846 1234 3879 1284 ό
3929 1229 4063 1299 μεθ’

808 1328 999 1399 ἡμῶν,
1039 1329 1132 1381 καὶ
1160 1328 1318 1391 αὑτός
1380 1329 1526 1380 ἐστιν
1559 1326 1934 1393 ἀντιλήπτωρ
1985 1324 2156 1394 ἡμῶν
2198 1325 2417 1396 ό,Θεὸς
2467 1326 2683 1381 Ἰακώϐ.
2738 1328 2813 1379 Δι’
2854 1326 3039 1381 ἀὑτοῦ
3069 1328 3173 1397 γὰρ
3237 1326 3301 1380 τὰ
3361 1327 3827 1399 προγεγραμμένα
3882 1327 4065 1381 πάντα

808 1440 955 1478 κατω
960 1421 1141 1492 ρθώσα
1148 1439 1267 1492 μεν.
1346 1424 1349 1427 ⁷

880 1510 1044 1567 Vsus.
1077 1515 1130 1575 9,
1168 1513 1255 1566 10.
1302 1512 1481 1566 Venite
1516 1522 1565 1567 et
1613 1512 1778 1567 videte
1806 1525 1962 1581 opera
1996 1512 2233 1579 Domini,
2260 1530 2375 1584 qua:

805 1604 977 1662 posuit
1023 1602 1263 1673 prodigia
1301 1620 1455 1673 super
1510 1614 1724 1671 terram,
1782 1606 2026 1673 auferens
2050 1605 2187 1660 bella
2220 1623 2379 1676 usque

806 1692 875 1753 ad
908 1695 1037 1763 ﬁnes
1059 1702 1228 1748 terra}.
1254 1695 1447 1748 Arcum
1477 1705 1703 1749 conteret
1746 1706 1791 1749 et
1821 1695 2113 1766 confringet
2150 1712 2300 1749 arma
2328 1706 2378 1750 et

805 1795 955 1843 scuta
998 1786 1266 1841 comburet
1318 1788 1448 1857 igni.
1498 1785 1651 1841 Licet
1679 1789 1857 1844 cuivis
1906 1798 2151 1858 tempora
2190 1803 2375 1843 secum

804 1882 1097 1951 reputanti,
1147 1882 1259 1937 hare
1296 1883 1364 1935 ad
1407 1882 1643 1938 litteram
1697 1885 1919 1953 impleta
1948 1883 2373 1953 deprehendere.

805 1969 1083 2043 Siquidem
1114 1982 1238 2029 ante
1272 1973 1573 2029 Salvatoris
1626 1978 1799 2029 nostri
1830 1976 2146 2040 adventum,
2170 1976 2375 2046 princi-
2407 1994 2449 2050 Β

803 2072 962 2131 patus
997 2080 1059 2119 ac
1086 2064 1326 2119 dominia
1353 2065 1406 2118 in
1453 2065 1684 2135 singulis
1721 2068 2034 2138 regionibus
2066 2078 2120 2123 et
2152 2068 2376 2124 urbibus
2406 2094 2412 2100 -

803 2163 961 2208 erant
990 2174 1001 2207 :
1026 2169 1089 2209 ac
1115 2155 1171 2209 in
1197 2156 1439 2227 quolibet
1478 2166 1639 2211 terra:
1698 2160 1897 2229 angulo
1938 2159 2080 2214 bella
2115 2160 2378 2231 gereban—

806 2234 933 2313 tur;
958 2247 1031 2301 ita
1078 2257 1135 2301 ut
1174 2248 1257 2303 vel
1299 2249 1399 2318 ipsi
1459 2250 1658 2303 rustici
1690 2251 1781 2319 qui
1808 2259 2014 2305 terram
2046 2251 2373 2316 incolebant,

802 2340 1000 2405 hastis,
1030 2342 1223 2413 gladiis
1255 2343 1513 2413 omnique
1543 2344 1775 2399 telorum
1830 2360 2031 2413 genere
2052 2360 2110 2399 se
2139 2346 2377 2399 instrue-

802 2442 940 2485 rent.
979 2432 1042 2485 At
1066 2443 1189 2503 post
1236 2434 1481 2490 divinum
1519 2434 1818 2488 Salvatoris
1848 2433 2168 2497 adventum,
2212 2451 2380 2488 unum

802 2521 1106 2579 Romanum
1137 2526 1423 2596 imperium
1453 2526 1719 2595 plurimas
1747 2532 1938 2595 gentes
1969 2540 2241 2595 occupare
2275 2542 2381 2580 cu:-

800 2610 879 2684 pit
910 2630 925 2666 :
960 2614 1418 2686 Evangeliumque
1469 2616 1732 2680 salutare,
1766 2617 1910 2687 quod
1949 2632 2059 2671 uno
2077 2616 2377 2687 eodemque

803 2712 1353 2777 temporeqexortum
1408 2714 1513 2771 est,
1540 2708 1595 2762 in
1626 2722 1815 2763 omnes
1870 2715 2065 2778 gentes
2120 2709 2371 2777 pervasit.

803 2794 1067 2865 Tuncque
1088 2797 1412 2867 implebatur
1430 2800 1533 2853 alia
1569 2799 1870 2870 prophetia,
1906 2798 2061 2853 Isaia:
2100 2814 2232 2854 voce
2254 2816 2377 2868 pro-

799 2881 949 2947 lata,
974 2884 1059 2940 his
1095 2888 1311 2941 verbis:
1351 2886 1418 2940 Et
1450 2888 1751 2957 conﬂabant
1783 2889 1991 2958 gladios
2019 2905 2142 2942 suos
2175 2889 2230 2941 in
2255 2906 2378 2942 ara-

807 2984 911 3040 tra,
944 2985 991 3029 et
1021 2976 1229 3032 lanceas
1276 2996 1401 3034 suas
1430 2981 1484 3033 in
1510 2979 1693 3049 falces.
1739 2979 1806 3032 Et
1862 2996 1968 3033 non
2010 2980 2228 3047 accipiet
2255 2996 2377 3049 gens

802 3077 986 3120 eontra
1014 3078 1212 3137 gentem
1262 3070 1517 3139 gladium,
1580 3087 1669 3125 nec
1712 3071 2092 3126 exercebuntur
2115 3072 2260 3125 ultra
2308 3074 2376 3125 ad

798 3160 1039 3227 prazlium
1059 3161 1098 3215 ¹.
1126 3159 1250 3215 ΠΈο
1280 3161 1445 3231 igitur
1458 3164 1711 3232 pnesenti
1730 3178 1986 3219 sermone
2002 3162 2373 3245 declarantur,

798 3260 965 3321 atque
994 3250 1151 3305 ﬁnem
1182 3254 1373 3307 sortita
1426 3261 1574 3318 sunt,
1604 3255 1671 3309 ad
1706 3256 1942 3326 litteram
1976 3253 2199 3326 quidem
2226 3265 2281 3310 ut
2316 3258 2375 3313 in

801 3440 1061 3497 mentem,
1095 3449 1191 3503 per
1222 3435 1592 3505 spiritualium
1639 3451 1694 3493 et
1731 3438 2089 3493 invisibilium
2125 3438 2377 3494 inimico-

802 3526 1256 3595 rumperniciem.
1292 3526 1519 3583 Lancea:
1542 3544 1729 3604 porro,
1769 3530 1879 3584 tela
1913 3536 1967 3583 et
1998 3539 2152 3585 scuta
2193 3529 2378 3585 adver-

801 3615 1073 3669 sariarum
1105 3620 1453 3685 potestatum,
1478 3633 1601 3673 esse
1637 3618 1894 3674 videntur
1914 3620 2207 3677 inanimata
2232 3622 2377 3675 scul-

801 3707 955 3777 ptilia
1004 3713 1057 3761 et
1087 3714 1277 3762 statuae
1306 3723 1400 3779 per
1437 3710 1819 3780 multiplicium
1851 3711 2095 3776 ,deorum
2134 3726 2374 3767 errorem

801 3792 1060 3857 invectas;
1088 3792 1201 3845 sive
1232 3794 1394 3847 etiam
1425 3793 1570 3847 athei
1594 3795 1695 3849 viri
1711 3805 1765 3849 et
1785 3794 1967 3864 impia:
1995 3796 2371 3866 cogitationes,

802 3879 874 3933 ab
896 3880 1257 3935 invisibilibus
1309 3882 1590 3952 spiritibus
1623 3885 1678 3938 in
1715 3892 1929 3939 mentes
1984 3884 2267 3939 hominum
2290 3886 2374 3939 in-

803 3972 1000 4035 ductzc,
1032 3972 1187 4041 queis
1212 3974 1542 4041 iaculantur,
1570 3984 1623 4031 et
1662 3976 1833 4056 ignita
1855 3976 1961 4030 tela
2000 3984 2194 4031 contra
2232 3978 2376 4032 iner-

803 4076 923 4117 mes
952 4061 1163 4118 animas
1187 4069 1239 4116 et
1270 4062 1374 4119 ﬁde
1410 4081 1522 4120 non
1553 4054 1793 4123 mutiitas
1827 4064 2165 4134 immittunt.,

870 4328 1039 4385 Vsus.
1088 4331 1174 4385 Η.
1236 4330 1432 4388 Vacate
1486 4342 1540 4388 et
1602 4332 1768 4388 videte
1815 4332 2069 4403 quoniam
2114 4346 2206 4401 ego
2258 4347 2374 4383 sum

801 4422 965 4488 Deus,
1017 4423 1292 4478 exaltabor
1334 4425 1389 4479 in
1438 4425 1677 4496 gentibus
1731 4435 1778 4478 et
1801 4425 1947 4477 exal'
1973 4422 2084 4474 .bor
2117 4421 2171 4474 in
2210 4429 2370 4475 terra.

801 4514 940 4581 Quia
988 4516 1127 4583 bella
1153 4516 1370 4571 demum
1401 4526 1749 4575 cessaverant
1780 4525 1835 4571 et
1875 4514 2216 4586 perturbatio
2245 4512 2375 4567 sub-

2550 1510 2732 1563 Δεῦτε
2762 1510 2862 1563 καὶ
2902 1509 3055 1563 ἴδετε
3091 1508 3162 1563 τὰ
3195 1510 3338 1579 ἔργα
3360 1508 3467 1562 τοῦ
3516 1518 3737 1577 Δυριου
3765 1548 3780 1573 ,
3822 1508 3859 1561 ἃ
3891 1509 4064 1564 ἔθετο

2478 1598 2696 1667 τέρατα
2728 1599 2827 1651 ἐπὶ
2847 1598 2955 1667 τῆς
2987 1599 3120 1668 γῆς,
3166 1596 3536 1666 ἀνταναιρῶν
3557 1598 3863 1667 πολέμους
3880 1597 4064 1667 μέχρι

2478 1690 2599 1743 τῶν
2629 1689 2895 1758 περάτων
2916 1690 3025 1758 τῆς
3042 1689 3174 1759 γῆς.
3207 1690 3390 1753 Τόξον
3408 1690 3748 1757 συντρίψει,
3775 1688 3876 1743 καί
3908 1705 4063 1757 συτι

2478 1780 2698 1834 κλάσει
2724 1781 2935 1845 ὅπλον,
2966 1781 3064 1835 καὶ
3089 1781 3336 1847 θυρεοὺς
3378 1781 3740 1836 κατακαύσει
3790 1779 3862 1832 ἐν
3891 1780 4061 1846 πιφι.

2480 1874 2640 1926 Ἐστι
2662 1889 2745 1941 γε,
2773 1873 3141 1942 ἐπιστήσαντα
3169 1875 3280 1935 τοῖς
3312 1872 3555 1942 χρόνοις,
3604 1872 3698 1924 καὶ
3731 1870 3871 1941 πρὸς
3914 1870 4063 1934 λέξιν

2478 1963 2621 2017 αὑτά
2678 1962 2850 2016 ταῦτα
2898 1961 3301 2033 πεπληρωμένα
3361 1962 3729 2033 παραλαϐεῖν·
3784 1962 3892 2030 εῐγ
3961 1966 4065 2032 ,ςρὸ

2484 2056 2584 2125 τῆς
2612 2053 2706 2106 τοῦ
2743 2055 2991 2124 Σωτῆρος
3037 2054 3190 2124 ήμῶν
3223 2055 3540 2122 ἐπιφανείας
3564 2055 3929 2127 τοποκρατίαι
3965 2056 4063 2109 καὶ

2480 2146 2775 2217 τοπαρχίαι
2808 2146 2945 2198 κατὰ
2975 2144 3154 2216 χώρας
3184 2142 3325 2216 ἦσαν
3362 2146 3456 2199 καὶ
3508 2145 3646 2199 κατὰ
3689 2147 3907 2211 πόλεις·
3965 2148 4065 2199 1:6

2479 2238 2639 2307 λεμοί
2675 2254 2735 2290 τε
2764 2237 3078 2291 συνίσταντο
3121 2238 3243 2290 καθ’
3265 2238 3500 2307 ἑκάστην
3536 2237 3739 2306 γωνίαν
3776 2242 3877 2309 τῆς
3910 2243 4060 2310 γῆς·

2479 2327 2556 2388 ὡς
2586 2325 2680 2377 καὶ
2713 2326 2907 2385 αὐτοὺς
2929 2326 3054 2388 τοὺς
3082 2326 3409 2394 γεωπόνους,
3449 2325 3545 2397 τὴν
3585 2324 3771 2397 χώραν
3823 2329 4062 2398 ἐργαζο-

2484 2415 2703 2483 μένους,
2736 2415 2974 2485 δοράτων
3004 2416 3098 2467 καὶ
3124 2415 3291 2484 ξιφῶν
3328 2418 3422 2469 καὶ
3446 2417 3711 2471 παντοίων
3744 2418 4065 2488 πολεμικῶν

2478 2508 2665 2560 ὃπλων
2698 2505 3089 2577 ἐπιμελεῖσθαι.
3130 2507 3281 2561 Μετά
3307 2508 3364 2560 δὲ
3407 2508 3506 2577 τὴν
3554 2510 3821 2579 σωτήριον
3862 2508 4066 2579 Θεοφά-

2476 2614 2632 2651 νειαν
2670 2597 2934 2668 μόναρχος
2958 2598 3052 2667 μὲν
3086 2600 3119 2668 ἡ
3155 2597 3437 2669 Ῥωμαίων
3466 2598 3712 2669 βασιλεία
3738 2600 4066 2671 ἐπικρατεῖν

2478 2690 2754 2742 πλείστων
2792 2688 2960 2742 ἐθνῶν
2998 2689 3225 2760 ἤρξατο·
3271 2689 3510 2762 διέτρεχε
3555 2690 3613 2745 δὲ
3653 2692 4069 2765 συναρξάμενον

2477 2782 2622 2849 αὐτῇ
2670 2782 2729 2834 τὸ
2763 2782 3025 2852 σωτήριον
3058 2782 3384 2850 Εὐαγγέλιον
3424 2785 3505 2846 είς
3554 2784 3730 2838 πάντα
3781 2785 3851 2839 τὰ
3908 2785 4065 2855 ἔθνη.

2490 2873 2836 2945 Ἐπληροῦτο
2868 2874 2923 2927 δὲ
2953 2874 3043 2926 καὶ
3070 2873 3202 2943 άλλη
3236 2874 3560 2944 προφητεία,
3595 2870 3696 2929 ὧδέ
3734 2894 3809 2947 πη
3840 2878 4069 2947 ἀναφω-

2477 2965 2655 3020 νοῦσα
2684 2964 2774 3017 διὰ
2805 2965 3024 3017 Ἡσαΐου
3045 2981 3057 2995 ·
3081 2964 3189 3019 Kal
3221 2966 3603 3033 συγκόψουσι
3630 2967 3737 3033 τὰς
3758 2970 4072 3037 μαχαίρας

2483 3057 2695 3112 αὐτῶν
2718 3059 2803 3122 εὶς
2832 3056 3068 3124 ἄροτρα,
3098 3056 3193 3109 καὶ
3216 3056 3322 3121 τὰς
3343 3056 3574 3122 ζὶϐύνας
3594 3060 3796 3113 αὐτῶν
3827 3064 3918 3127 είς
3942 3060 4070 3129 δρέ-

2479 3164 2667 3202 πανα·
2685 3147 2781 3200 καὶ
2797 3150 2867 3201 οὐ
2882 3146 2967 3216 μὴ
2987 3148 3241 3215 λήψεται
3258 3148 3431 3214 ἔθνος
3446 3148 3543 3201 ἐπὶ
3563 3149 4066 3220 ἔθνος-μάχαιραν,

2480 3240 2589 3293 καὶ
2616 3241 2688 3291 οὐ
2709 3237 2795 3308 μὴ
2811 3239 3085 3307 μάθωσιν·
3105 3241 3190 3293 ἐτι
3210 3240 3510 3310 πολεμεῖν.
3538 3240 3721 3293 Ταῦτα
3757 3240 3822 3312 δὴ
3852 3239 3947 3297 οὖν
3971 3244 4068 3298 καὶ

696 3356 701 3361 ’
802 3343 1032 3397 historia
1074 3337 1241 3413 supra
1293 3355 1635 3414 memorata;
1678 3325 1827 3417 quod
1868 3348 1934 3403 ad
1964 3325 2221 3402 arcanam
2249 3334 2415 3405 vero‘

2347 3366 2375 3405 υ
2403 3330 2444 3387 C
2478 3332 2572 3386 διὰ
2615 3330 2724 3383 τῶν
2786 3330 3070 3400 παρόντων
3096 3330 3365 3401 δηλοῦται,
3388 3332 3489 3383 καὶ
3516 3331 3700 3395 τέλους
3755 3333 4024 3404 ἐτύγχανε
4052 3377 4066 3398 ,

2482 3419 2670 3493 ῥητῶς
2714 3419 2809 3489 μὲν
2868 3417 3010 3470 κατά
3035 3417 3133 3488 τὴν
3160 3418 3507 3472 ἀποδοθεῖσαν
3560 3418 3818 3489 ίστορίαν,
3847 3421 3987 3493 πρὸς
4009 3423 4067 3476 δὲ

2476 3514 2738 3574 διάνοιαν,
2758 3512 2897 3564 κατὰ
2926 3510 3023 3582 τὴν
3046 3511 3153 3565 τῶν
3170 3511 3374 3583 ’νοητῶν
3399 3512 3491 3564 καὶ⁸
3518 3512 3762 3580 ἀοράτων
3785 3514 4069 3585 πολεμίων

2476 3602 2819 3673 καθαίρεσιν.
2861 3604 3071 3674 Δόρατα
3124 3604 3179 3655 δὲ
3222 3604 3314 3655 καὶ
3366 3604 3529 3668 ὅπλα,
3562 3603 3657 3655 καὶ
3692 3603 3923 3675 θυρεοὺς
3954 3606 4069 3660 τῶν

2476 3690 2872 3760 ἀντικειμένων
2923 3691 3201 3761 δυνάμεων
3266 3687 3711 3760 ὲποίησαν.εἷναι
3764 3693 3835 3745 τά
3877 3694 4068 3765 ἄψυχα

2479 3784 2651 3850 ξόανα
2676 3782 2766 3833 καὶ
2789 3781 2854 3833 τά
2882 3781 3169 3850 ἀγάλματα
3189 3784 3291 3851 τῆς
3312 3781 3571 3833 πολυθέου
3612 3783 3821 3853 πλάνης
3843 3825 3857 3848 ,
3890 3785 3924 3855 ἢ
3969 3787 4068 3841 καὶ

2474 3884 2612 3944 τοὺς
2644 3879 2834 3941 ἀθέους
2887 3878 3081 3947 ἄνδρας
3129 3878 3380 3941 καὶτοὺς
3438 3877 3712 3942 δυσσεϐεῖς
3762 3880 4067 3951 λογισμοὺς

2474 3974 2610 4035 τοὺς
2646 3972 2766 4031 ταῖς
2808 3968 3063 4029 διανοίαις
3101 3966 3205 4020 τῶν
3237 3968 3534 4039 ἀνθρώπων
3589 3968 4064 4042 ὑποόαλλομένους

2475 4063 2589 4117 ὑπὸ
2619 4061 2728 4113 τῶν
2757 4060 3001 4131 ἀοράτων
3032 4059 3372 4129 πνευμάτων,
3406 4060 3473 4113 δι’
3498 4054 3571 4113 ὧν
3604 4060 4065 4126 κατατοξεύουσιν

2473 4152 2857 4215 ἀκοντίζοντες
2881 4150 2947 4203 τά
2976 4152 3345 4222 πεπυρωμένα
3380 4151 3506 4223 βέλη
3540 4153 3680 4207 κατὰ
3717 4153 3827 4207 τῶν
3874 4155 4089 4226 ἀφράον

2475 4263 2627 4303 κτων
2654 4244 2748 4297 καὶ
2776 4243 2851 4315 μὴ
2882 4245 2948 4314 τῇ
2973 4244 3152 4296 πίστει
3178 4245 3576 4313 πεφραγμένων
3605 4244 3816 4314 ψυχῶν.

2550 4334 2902 4403 Σχολάσατε
2934 4332 3032 4386 καὶ
3083 4333 3303 4404 γνῶτε,
3350 4334 3438 4386 ὅτι
3466 4334 3579 4403 ἐγώ
3630 4338 3746 4405 ειμι
3790 4341 3823 4391 ό
3888 4338 4060 4406 Θεὸς,

2474 4426 2878 4498 ὺψ-ωθήσομᾳι
2902 4424 2970 4476 ἐν
2993 4423 3115 4490 τοῖς
3142 4426 3401 4489 ἔθνεσιν,
3435 4427 3832 4497 ὑψωθήσομαι
3869 4431 3942 4483 ἐν
3984 4430 4064 4498 τῇ

2476 4518 2578 4590 τῇ.
2609 4514 2829 4585 Ἐπειδὴ
2858 4513 3040 4567 λοιπὸν
3066 4514 3307 4568 πέπαυτο
3332 4516 3398 4567 τὰ
3424 4516 3515 4569 τοῦ
3545 4518 3782 4588 πολέμου
3828 4522 3926 4572 καὶ
3969 4521 4060 4576 λέ-

803 4605 912 4659 latu
972 4615 1107 4674 erat,
1163 4623 1373 4683 paxque
1412 4611 1687 4681 profunda
1735 4610 1805 4665 iis
1859 4606 2122 4664 omnibus
2158 4604 2254 4673 qui
2316 4604 2370 4658 in
2406 4669 2443 4683 ⁸
2475 4611 2522 4663 λι

2342 4620 2370 4658 n
2406 4669 2443 4683 Ἀ
2475 4611 2608 4663 λυτο
2638 4607 2708 4660 τὰ
2728 4606 2824 4677 τῆς
2852 4607 3112 4676 ταραχῆς,
3161 4606 3346 4677 εἰρήνη
3388 4605 3442 4658 δὲ
3481 4607 3672 4679 βαρεῖα
3707 4610 3890 4663 δέδοτο
3946 4615 4061 4675 τοῖς

802 4704 949 4751 terra
973 4669 1327 4753 versabantur
1366 4669 1516 4770 parta
1570 4702 1780 4779 fuerat;
1812 4700 1939 4771 jure
1962 4669 2371 4768 opportunitate
2403 4669 2448 4724 θ
2475 4703 2521 4754 ὲτ

2341 4711 2371 4751 e
2403 4669 2448 4724 θ
2475 4701 2574 4754 ἐπὶ
2591 4700 2691 4768 γῆς
2718 4669 2950 4750 anum;-
2975 4669 3195 4762 ε’ίκότως
3216 4669 3463 4768 βούλεται
3481 4669 3568 4763 ’ξιξ
3591 4698 3797 4768 ἀγαθὸν
3818 4669 4060 4773 χρῆσθαί

803 4788 870 4841 ad
902 4786 1105 4841 bonum
1134 4787 1235 4853 uti,
1258 4802 1416 4860 atque
1442 4794 1612 4849 otium
1651 4796 1851 4851 animae
1884 4792 2132 4847 salutare
2153 4786 2370 4856 assequi

800 4878 1023 4947 expetit.
1049 4876 1228 4945 Quare
1246 4882 1353 4935 ait:
1389 4881 1576 4937 Vacate
1589 4894 1637 4938 et
1662 4883 1960 4954 cognoscite
1983 4897 2003 4936 :
2031 4893 2215 4948 neque
2230 4878 2371 4931 enim

801 4970 977 5039 possit
1008 4972 1276 5041 quispiam
1310 4974 1506 5030 divina:
1555 4975 1893 5047 cognitionis
1914 4971 2196 5043 particeps
2227 4984 2367 5034 esse,

803 5058 909 5115 nisi
937 5070 1093 5115 vacet
1116 5063 1185 5117 ab
1218 5064 1301 5117 eis
1346 5080 1465 5134 quae
1493 5067 1559 5121 ad
1608 5064 1891 5124 contraria
1945 5062 2194 5116 trahunt.
2222 5056 2371 5114 Unde

802 5151 998 5204 merito
1053 5166 1146 5207 rex
1207 5154 1445 5227 Egypti,
1482 5169 1669 5215 contra
1723 5160 1900 5215 otium
1940 5150 2370 5223 hujusmodica-

801 5241 1023 5296 lumniis
1052 5257 1479 5317 praeoccupatus,
1521 5251 1589 5307 iis
1608 5253 1701 5322 qui
1727 5247 2023 5306 dicebant:
2056 5242 2242 5297 Trium
2264 5240 2373 5295 die-

802 5350 915 5386 rum
960 5334 1145 5407 itinere
1161 5339 1565 5407 progrediemur,
1600 5354 1648 5397 et
1678 5344 1967 5398 serviemus
2000 5336 2234 5390 Domino
2265 5334 2372 5388 Deo

801 5434 979 5478 nostro
996 5427 1017 5458 ³
1044 5443 1059 5492 ;
1094 5425 1179 5481 his
1195 5428 1370 5485 verbis
1389 5437 1707 5503 respondet:
1741 5431 1984 5492 Vacatis,
2008 5426 2307 5481 otiosiestis
2330 5426 2370 5481 ⁸.

800 5513 1005 5572 Deinde
1051 5534 1177 5573 cum
1215 5522 1382 5575 nollet
1415 5523 1564 5594 ipsos
1594 5526 1705 5583 Deo
1751 5538 1976 5587 vacare,
2006 5523 2126 5575 luto
2156 5527 2211 5575 et
2235 5520 2370 5575 late-

801 5600 923 5654 ritio
958 5616 1125 5672 opere
1170 5603 1356 5659 afﬂixit
1399 5610 1514 5663 e'os.
1564 5610 1635 5664 At
1679 5612 1845 5667 nobis
1879 5609 1916 5669 ii
1950 5608 2044 5677 qui
2082 5607 2139 5659 in
2192 5612 2367 5660 totum

802 5693 988 5746 οιϋεω
1017 5692 1292 5765 principes
1311 5696 1593 5754 constituti
1614 5710 1761 5767 sunt,
1788 5699 2093 5757 inclamant
2123 5704 2184 5750 ut
2207 5708 2369 5750 vace-

2475 4791 2557 4861 τῷ
2589 4787 2784 4861 καιρῷ,
2836 4789 2930 4843 καὶ
2983 4788 3173 4859 σχολὴν
3221 4789 3503 4844 ἀναλαϐεῖν
3532 4791 3711 4861 ψυχῆς
3762 4794 4059 4864 σωτήριον.

2475 4881 2573 4934 Διό
2633 4896 2765 4949 φησι
2785 4896 2798 4909 ·
2824 4878 3169 4948 Σχολάσατε
3188 4880 3285 4932 καί
3316 4878 3519 4948 γνῶτε·
3570 4881 3692 4932 οὐδὲ
3710 4881 3820 4953 γὰρ
3853 4885 4062 4956 ἑτέρως

2478 4974 2599 5025 ἐστι
2624 4970 2873 5038 γνώσεως
2918 4972 3204 5039 μετασχεῖν
3228 4970 3410 5034 Θείας,
3444 4970 3518 5039 μὴ
3565 4970 3907 5039 σχολάσαντα
3950 4979 4061 5031 τῶν

2478 5060 2827 5133 ἀφελκόντων
2856 5058 2947 5109 ἐπὶ
2974 5058 3243 5111 τάναντία.
3278 5059 3465 5111 Ἔνθεν
3494 5060 3717 5123 εἰκότως
3763 5064 3791 5115 6
3815 5068 3919 5135 τῆς
3961 5070 4061 5122 Δί-

2472 5154 2683 5221 γύπτου
2717 5148 2987 5219 βασιλεὺς,
3021 5148 3154 5219 πρὸς
3188 5148 3285 5217 τὴν
3330 5148 3583 5220 τοιαύτην
3626 5151 4061 5228 διαϐεϐλημένος

2475 5241 2697 5313 σχολὴν,
2720 5242 2829 5301 τοῖς
2855 5239 3167 5307 φάσκουσιν·
3200 5237 3363 5291 Ὁδὸν
3384 5240 3555 5307 τριῶν
3587 5236 3823 5311 ἡμερῶν
3851 5264 4063 5316 πορευ.

2475 5334 2726 5401 σόμεθα,
2762 5332 2859 5383 καὶ
2891 5329 3299 5397 λατρεύσομεν
3338 5332 3533 5397 Κυρίῳ
3559 5332 3636 5399 τῷ
3686 5335 3808 5400 Θεῷ
3846 5340 4024 5407 ἡμῶν
4045 5380 4058 5401 ν

2476 5424 2833 5494 ἀποκρίνεται
2865 5420 3033 5489 λέγων
3057 5436 3069 5448 ·
3108 5418 3453 5486 Σχολάζετε,
3502 5410 3849 5492 σχολασταί
3892 5431 4057 5483 ἐστε.

2474 5509 2636 5573 Εἶτα,
2656 5510 2743 5580 ,μὴ
2770 5498 3085 5580 βουλόμενος
3120 5506 3312 5574 αὐτοὺς
3332 5509 3409 5580 τῷ
3442 5512 3559 5583 Θεῷ
3602 5516 3883 5585 σχολάζειν
3905 5556 3920 5581 ,
3964 5536 4066 5571 κα-

2476 5602 2705 5653 ταπονεί
2731 5598 2809 5669 τῷ
2837 5596 2989 5668 πηλῷ
3015 5596 3108 5649 καὶ
3134 5599 3199 5667 τῇ
3231 5598 3493 5673 πλινθείᾳ.
3541 5603 3678 5657 Ἀλλ’
3725 5607 3859 5674 ἡμῖν
3907 5622 3974 5675 γε
4005 5610 4057 5661 ot

2480 5690 2849 5753 καταστάντες
2882 5690 3135 5759 ἄρχοντες
3173 5691 3263 5744 int
3294 5694 3471 5749 πᾶσαν
3501 5692 3599 5764 τὴν
3626 5677 3628 5680 ’
3652 5694 3750 5764 γῆν
3791 5694 4061 5754 tum

873 5843 918 5878 ⁹⁹
954 5844 1088 5903 Gen.
1121 5864 1302 5918 xxxn,
1336 5852 1523 5911 28-30.
1599 5858 1612 5890 ³
1647 5856 1762 5929 ,lsa.
1799 5870 1875 5926 ιι,
1909 5854 1962 5911 ι.
2021 5856 2053 5924 f
2095 5851 2268 5912 Exod.
2305 5866 2358 5917 ν,
2392 5847 2445 5903 3.
2525 5846 2545 5879 ³
2577 5848 2592 5901 ι

1145 5865 1302 5918 ιιιιι,
1336 5852 1523 5911 28-30.
1599 5858 1612 5890 ³
1647 5856 1762 5929 ,lsa.
1799 5870 1875 5926 ιι,
1909 5854 1962 5911 ι.
2021 5856 2053 5924 ,’
2095 5851 2268 5912 Exod.
2305 5866 2358 5917 ν,
2392 5847 2445 5903 3.
2525 5846 2545 5879 ³
2577 5844 2710 5902 ibid.
2749 5842 2864 5900 5-8.
