4354 6408
322 510 427 567 «IIS

1443 478 1951 558 COMMENTARIA'
1982 495 2049 551 IN
2090 492 2424 551 PSALMOS.

3442 494 3543 548 ιιι

325 623 626 695 σχολάζειν,
679 623 888 695 καρπὸν
918 621 1037 694 ’τῆς
1065 621 1258 692 σχολῆς
1288 616 1739 686 ἐπαγγελλόμενοι
1781 616 1880 684 τὴν
1908 626 1961 681 Αη
1982 627 2044 665 m1

1826 616 1880 684 ην
1908 626 1961 681 Αη
1982 627 2124 676 mus,
2156 606 2457 664 vacationis
2474 605 2705 660 fructum
2745 602 3064 673 pollicentes
3094 602 3333 659 divinam
3361 618 3545 674 cognt-

323 720 503 772 ἔνθεον
549 718 770 786 γνῶσιν.
806 720 970 773 Λαλεῖ
1016 718 1072 770 δὲ
1104 719 1132 769 ὁ
1177 716 1310 777 Θεὸς
1362 713 1427 765 δι’
1475 710 1651 763 αὐτῶν
1679 709 1876 775 λέγων’

323 815 371 865 Γ
375 812 542 876 νὼτε,
572 813 660 866 ὅτι
686 812 799 881 ἐγώ
830 813 944 879 εἰμι
972 813 1004 863 ό
1030 809 1172 873 Θεός
1190 824 1202 838 ο
1239 804 1374 859 ἀλλά
1399 803 1491 856 καὶ
1521 803 1607 854 ὅτι
1642 798 1880 867 ὑψωθή-

320 919 503 971 σομαι
549 904 619 957 ἐν
664 903 787 968 τοῖς
839 904 1103 964 ἔθνεσιν,
1149 895 1540 966 ὑψωθήσομαι
1584 893 1653 944 ἐν
1680 889 1754 957 τῇ
1782 888 1877 958 γῇ.

319 992 494 1045 Πάλαι
519 994 618 1064 μὲν
641 994 748 1063 γὰρ
768 994 919 1062 παρὰ
956 991 1227 1053 Ἰουδαίοις
1256 984 1630 1054 ἐγινωσκόμην
1680 982 1877 1051 μόνοις,

317 1085 406 1137 ὅτε
439 1084 707 1152 γνωστὸς
750 1082 818 1134 ἐν
860 1081 935 1149 τῇ
984 1080 1231 1147 Ἰουδαίᾳ
1279 1082 1310 1132 ό
1343 1076 1506 1141 Θεὸς,
1545 1077 1615 1129 ἐν
1644 1074 1721 1139 τῷ
1770 1074 1879 1127 Ἰσ-

313 1173 473 1241 ραὴλ
490 1172 643 1241 μέγα
685 1172 749 1225 τὸ
778 1172 964 1240 ὄνομα
998 1170 1210 1225 αὐτοῦ’
1242 1170 1361 1221 νυνὶ
1392 1168 1449 1221 δὲ
1476 1168 1603 1236 ὑμῖν
1634 1180 1879 1235 παρακε-

317 1262 538 1334 λεύομαι
570 1264 760 1333 σχολὴν
784 1263 957 1332 ἄγειν,
978 1262 1052 1324 ὡς
1082 1262 1147 1314 ἂν
1179 1260 1399 1330 μάθοιτε
1428 1259 1528 1315 καὶ
1556 1256 1726 1326 γνῶτε
1759 1256 1879 1308 τίνα

314 1357 514 1427 τρόπον
540 1355 817 1425 καὶηπαρὰ
836 1357 969 1409 πᾶσι
995 1357 1105 1417 τοῖς
1140 1352 1346 1405 ἔθνεσιν
1374 1350 1724 1420 ὑψωθήσομαι
1750 1388 1764 1410 ,
1794 1350 1879 1402 δο-

317 1443 611 1516 ξαζόμενος
633 1445 758 1514 παρ’
778 1443 959 1505 αὐτοῖς
990 1440 1241 1511 μᾶλλονῆ
1281 1437 1429 1508 παρὰ
1456 1439 1567 1498 τοῖς
1610 1434 1775 1487 πάλαι
1810 1452 1876 1502 με

314 1535 515 1588 ειδέναι
548 1533 937 1605 νομιζομένοις.

315 1647 423 1699 ΕΙΣ
463 1646 551 1698 ΤΟ
592 1645 831 1707 ΤΕΛΟΣ,
866 1643 1047 1697 ΥΠΕΡ
1090 1642 1226 1694 ΤΩΝ
1272 1640 1433 1693 ΥΙΩΝ
1479 1634 1875 1697 ΚΟΡΕ,ΨΑΛ-

935 1714 1075 1768 ΜοΣ
1103 1713 1249 1779 Μςῖν.

384 1831 586 1886 Πάντα
614 1829 688 1884 τὰ
710 1830 875 1897 ἔθνη,
909 1827 1237 1896 κροτήσατε
1265 1824 1464 1894 χεῖρας
1490 1839 1501 1851 ·
1533 1819 1875 1883 ἀλαλάξατε

316 1920 438 1987 Θεῷ
463 1921 533 1973 ὲν
561 1918 729 1988 φωνῇ
759 1917 1171 1987 ἀγαλλιάσεως
1190 1933 1203 1945 ν
1233 1914 1321 1968 ὅτι
1356 1915 1568 1981 Κύριος
1595 1912 1871 1979 ὕψιστος,

1985 703 2210 756 tionem.
2252 699 2371 768 Ipse
2390 711 2521 751 vero
2567 693 2711 749 Deus
2741 707 2836 762 per
2880 682 3099 747 eosdem
3142 691 3402 761 loquitur,
3462 694 3545 748 di-

1982 805 2152 845 cens:
2186 786 2496 856 Cognoscite
2552 783 2677 855 quia
2725 797 2815 852 ego
2862 796 2978 834 sum
3020 778 3175 842 Deus,
3215 779 3323 832 imo
3354 779 3540 844 etiam,

1979 881 2104 947 quia
2135 874 2414 931 exaltabor
2442 876 2495 927 in
2527 872 2789 943 gentibus,
2813 858 3088 926 exaltabor
3112 870 3164 922 in
3196 878 3358 922 terra.
3400 867 3542 926 Olim

1980 968 2197 1038 quidem
2217 966 2421 1021 Iudaeis
2455 965 2718 1018 duntaxat
2752 973 2916 1017 notus
2939 976 3110 1025 eram,
3141 960 3358 1030 quando
3387 968 3539 1014 notus

1979 1063 2031 1114 in
2058 1060 2249 1113 Judwa
2299 1056 2471 1117 Deus,
2523 1056 2579 1109 in
2619 1054 2793 1110 Israel
2846 1070 3093 1123 magnum
3127 1068 3309 1106 nomen
3336 1051 3446 1120 ejus
3482 1050 3538 1117 ’ς

1978 1166 2124 1206 nunc
2172 1152 2348 1207 autem
2382 1148 2547 1227 jubeo
2603 1160 2701 1201 vos
2748 1158 2967 1208 vacare,
3018 1151 3077 1197 ut
3121 1141 3460 1213 cognoscatis
3485 1147 3538 1194 et

1979 1244 2187 1306 sciatis,
2214 1257 2320 1313 qua
2346 1242 2553 1295 ratione
2586 1238 2727 1307 apud
2756 1252 2944 1291 omnes
2992 1242 3182 1305 gentes
3215 1231 3537 1289 exaltandus

1977 1336 2102 1399 sim,
2139 1335 2264 1404 plus
2278 1333 2348 1399 ab
2394 1330 2463 1385 iis
2492 1328 2493 1331 “
2520 1329 2846 1391 celebratus,
2884 1340 3045 1395 quam
3094 1325 3161 1379 ab
3190 1324 3259 1379 iis
3287 1324 3380 1395 qui
3410 1322 3538 1379 olim

1978 1442 2142 1483 nosse
2168 1441 2254 1481 me
2278 1424 2634 1495 putabantur.

1981 1646 2032 1702 l.
2076 1645 2142 1699 IN
2167 1640 2534 1701 FINEM,PRO
2555 1636 2757 1694 FlLllS
2788 1605 3317 1703 Conepsswus
3352 1632 3538 1689 XLVI.

2047 1823 2213 1880 Vens.
2241 1822 2297 1889 2,
2325 1823 2377 1877 5.
2416 1819 2606 1876 Omnes
2635 1827 2831 1889 gentes,
2851 1816 3088 1887 plaudite
3114 1816 3377 1878 manibus,
3398 1814 3539 1885 jubi—

1976 1915 2080 1968 late
2110 1914 2218 1967 Dea
2263 1914 2318 1967 in
2370 1927 2487 1965 voce
2543 1907 2935 1963 exsultatianis.
2984 1905 3243 1971 Quoniam
3276 1903 3539 1958 Dominus

293 2002 593 2089 ’φοϐερῦςν
629 2006 928 2072 βασιλεὺς
967 2005 1153 2074 μέγας
1196 2004 1293 2057 ἐπὶ
1344 2002 1547 2057 πᾶσαν
1593 2000 1707 2067 τὴν
1740 1999 1873 2068 γῆν.
1910 2005 1952 2060 Β
1977 2024 2012 2060 εέ

1819 2016 1873 2053 νυ
1910 2005 1952 2060 Β
1977 2005 2234 2068 excelsus,
2274 2000 2550 2063 terribilis,
2583 2014 2677 2053 rea:
2724 2007 2949 2066 magnus
2976 2010 3127 2063 super
3175 2010 3376 2048 omnem
3426 2002 3533 2047 ter-

312 2106 468 2157 Δοκεί
498 2118 588 2172 μοι
616 2098 685 2152 τά
714 2099 813 2167 τῆς
845 2097 1163 2167 προγραφῆς
1203 2092 1552 2163 ἐσφαλμένως
1596 2090 1757 2160 ἔχειν.
1802 2091 1875 2142 Οὐ

312 2194 422 2265 γὰρ
454 2192 606 2259 ὑπὲρ
641 2189 760 2244 τῶν
795 2186 940 2243 υἱῶν
960 2186 1128 2254 Κορὲ,
1165 2184 1328 2248 ἀλλὰ,
1371 2183 1493 2248 τοῖς
1527 2182 1675 2248 υἱοῖς
1708 2181 1875 2249 Κορὲ,

311 2282 507 2355 ⁴ἢχίινῶν
543 2281 688 2337 υίῶν
724 2278 905 2347 Κορὲ,
952 2276 1118 2349 ἐχρῆν
1165 2272 1562 2345 ἐπιγεγράφθαι
1614 2270 1752 2326 κατὰ
1782 2271 1879 2335 τὰς

312 2375 618 2448 ἔμπροσθεν
649 2370 986 2445 προγραφὰς.
1008 2372 1068 2423 Οἱ
1098 2369 1213 2447 γὰρ,
1234 2368 1405 2420 λοιποὶ
1432 2366 1761 2437 ἐρμηνευταὶ
1787 2365 1878 2417 καὶ

311 2469 373 2521 τὸ
424 2464 711 2537 Ἐὅραῖκὸν
756 2463 953 2534 ὁμοίως
1002 2460 1339 2531 ἐχουσιθτοῖς
1389 2456 1711 2529 ἔμπροσθεν.
1768 2456 1878 2509 Καὶ

311 2560 611 2630 ἐπειδήπερ
644 2556 950 2624 σαφέστατα
980 2555 1090 2615 τοῖς
1132 2551 1337 2604 ἔθνεσιν
1376 2552 1403 2603 ό
1435 2551 1588 2619 λόγος
1633 2565 1875 2620 παρακε-

310 2650 531 2703 λεύεται
551 2687 567 2711 ,
596 2648 745 2701 οὐδὲν
783 2646 919 2714 ἔχων
952 2641 1471 2711 ἐπικεκαλυμμένον,
1509 2641 1731 2701 εἰκότως
1760 2637 1876 2690 οὑδέ

310 2742 380 2795 τὰ
403 2740 504 2809 τῆς
530 2735 847 2807 προγραφῆς
885 2736 969 2798 εἰς
996 2734 1249 2786 σύνεσιν
1277 2731 1419 2799 ἡμᾶς
1455 2728 1729 2799 παρορμᾷ,
1758 2726 1876 2787 οὐδὲ

310 2830 466 2898 ὑπὲρ
512 2827 630 2880 τῶν
663 2826 928 2893 κρυφίων
953 2842 965 2852 ·
1000 2820 1212 2891 ψαλμὸς
1240 2820 1296 2873 δὲ
1332 2818 1514 2881 ἁπλῶς
1561 2817 1807 2887 εἴρηται,
1842 2814 1874 2886 ἢ

315 2919 641 2991 μελῴδημα,
677 2916 709 2987 ἢ
746 2911 893 2987 ᾆσμα
925 2914 1064 2967 κατὰ
1101 2914 1227 2975 τοὺς
1268 2909 1506 2971 λοιπούς.
1553 2906 1625 2961 Τὸ
1664 2908 1719 2960 δὲ
1744 2947 1758 2971 ,
1791 2907 1876 2970 εις

310 3008 527 3075 τέλος,
576 3006 885 3075 ἀναγκαίως
932 3005 1252 3076 πρόκειται,
1294 3001 1379 3054 διὰ
1424 3000 1485 3052 τὸ
1528 3001 1585 3053 ἐν
1629 2997 1875 3068 ὑστέροις

312 3100 523 3172 χρόνοις
598 3098 810 3169 μέλλειν
886 3093 1330 3167 ἀποπληροῦσθαι
1391 3093 1488 3163 τὴν
1550 3091 1874 3162 πρόρρησιν.

312 3189 645 3261 Προστάττει
679 3189 733 3241 δὲ
761 3187 821 3241 τὸ
851 3186 1072 3258 Πνεῦμα
1113 3184 1173 3238 τὸ
1214 3185 1367 3253 ἅγιον
1410 3182 1611 3252 σφόδρα
1642 3178 1877 3262 ’ἀκολού-

313 3289 429 3346 θως
452 3281 590 3353 μετὰ
628 3280 699 3334 τὰ
738 3278 1098 3351 προλεχθέντα
1129 3277 1255 3347 περὶ
1280 3275 1371 3329 τοῦ
1392 3262 1712 3344 ”Αγαπητοῦ
1737 3309 1752 3335 ,
1785 3270 1878 3323 καὶ

1982 2109 2116 2146 ram.
2194 2091 2410 2144 Videtur
2459 2085 2590 2139 mihi
2656 2084 2940 2153 inscriptio
2989 2080 3250 2136 mendose
3317 2078 3528 2149 posita:

1978 2198 2153 2254 neque
2186 2182 2352 2243 enim,
2397 2194 2493 2247 pro
2524 2177 2653 2246 ﬁliis
2696 2174 2851 2240 Core,
2890 2174 3006 2239 sed,
3042 2174 3169 2243 ﬁliis
3212 2172 3366 2235 Care,
3414 2178 3530 2235 aut,

1980 2278 2213 2346 filiorum
2271 2270 2421 2334 Core,
2463 2267 2690 2339 perinde
2736 2273 2899 2335 atque
2944 2265 2999 2319 in
3028 2265 3303 2336 prioribus
3335 2262 3532 2328 titulis,

1978 2366 2297 2435 inscriptum
2332 2359 2589 2431 Oportuit.
2648 2355 2863 2426 Reliqui
2895 2356 3039 2410 enim
3097 2355 3444 2425 interpretes,
3472 2359 3532 2408 et

1977 2455 2299 2511 Hebraicum
2332 2449 2609 2519 exemplar
2648 2447 2888 2502 similem
2926 2442 3201 2514 prioribus
3240 2442 3534 2512 praeierunt

1978 2544 2412 2615 inscriptionem.
2469 2538 2534 2592 Et
2592 2537 2719 2611 quia
2781 2534 3065 2605 perspicue
3110 2540 3296 2603 gentes
3351 2546 3532 2585 sermo
3593 2547 3610 2566 ο

1976 2638 2312 2701 cohortatur,
2342 2632 2588 2701 nihilque
2629 2628 2830 2685 occulti
2882 2626 3120 2697 przefert,
3159 2625 3285 2694 jure
3337 2623 3532 2678 inscri-
3597 2622 3601 2629 ’

1975 2728 2177 2798 ptionis
2204 2724 2373 2778 verba
2403 2736 2504 2776 nos
2535 2719 2601 2773 ad
2641 2718 2959 2772 intellectum
2990 2716 3212 2771 minime
3234 2714 3528 2777 concitant,

1975 2831 2147 2887 neque
2178 2832 2271 2883 pro
2302 2813 2520 2868 occultis
2551 2809 2783 2875 habent;
2815 2808 2911 2863 sed
2935 2809 3180 2877 psalmus
3210 2804 3532 2874 simpliciter

1975 2910 2195 2971 dicitur,
2232 2907 2349 2962 sive
2408 2903 2669 2966 melodia,
2727 2900 2843 2956 sive
2887 2896 3561 2960 canticumwsecundum‘

1974 3002 2216 3070 reliquos
2246 3000 2592 3068 interpretes.
2629 2993 2767 3047 Illud
2802 2998 2977 3045 autem
3018 2990 3075 3041 in
3119 2988 3296 3065 ﬁnem,
3340 3001 3530 3042 neces-

1976 3062 2124 3147 sario
2150 3062 2544 3161 positum-fuit,
2578 3085 2704 3154 quia
2730 3080 3022 3153 postremis
3051 3062 3391 3147 tempOribus
3430 3077 3532 3128 im-

1976 3166 2235 3254 plendum
2266 3178 2582 3234 vaticinium
2631 3183 2767 3231 erat.
2819 3172 2950 3227 Post
2990 3184 3155 3239 supra
3185 3168 3327 3223 dicta
3368 3182 3531 3237 porro

1978 3271 2268 3326 admodum
2311 3277 2713 3336 consequenter
2761 3263 2998 3333 Spiritus
3038 3271 3261 3317 sanctus
3317 3259 3535 3313 univer~

317 3374 443 3443 περὶ
485 3372 593 3424 τῶν
618 3371 804 3424 τούτου
833 3369 1084 3441 κηρύκων
1104 3408 1116 3432 ,
1149 3370 1278 3423 πᾶσι
1320 3370 1431 3429 τοῖς
1457 3366 1661 3418 ἔθνεσιν
1684 3364 1877 3432 εὐφρο-
1902 3352 1944 3407 C
1979 3364 2036 3417 si:

1811 3379 1877 3413 ›ο-
1902 3352 1944 3407 C
1979 3364 2055 3418 éis
2076 3361 2329 3431 gentibus
2354 3358 2619 3428 praecipit,
2665 3363 2724 3409 ut
2764 3354 2832 3408 de
2880 3352 3087 3407 Dilecto
3122 3352 3350 3420 ejusque
3386 3364 3530 3418 pla:-

316 3463 478 3533 σύνης
521 3461 761 3533 σύμϐολα
793 3462 1081 3531 πράττειν,
1122 3460 1217 3513 διὰ
1254 3458 1347 3511 τοῦ
1376 3461 1588 3529 κροτεῖν
1638 3455 1733 3526 μὲν
1777 3453 1875 3516 τὰς

316 3555 498 3623 χεῖρας
544 3550 619 3613 ὡς
665 3549 756 3602 ἐπὶ
796 3550 995 3619 γάμοις
1042 3547 1476 3617 συντελουμένοις
1506 3545 1737 3614 νυμφίου
1786 3545 1876 3597 καὶ

317 3638 527 3713 νύμφης
545 3658 559 3672 ο
591 3639 878 3703 ἀλαλάζειν
908 3638 965 3691 δὲ
990 3639 1069 3710 τῷ
1101 3637 1247 3707 Θεῷ,
1277 3638 1351 3700 ὡς
1378 3637 1469 3689 ἐπὶ
1499 3635 1758 3709 βασιλέως
1786 3637 1874 3687 εὐ-

315 3726 666 3804 ρημουμένου
702 3731 794 3785 ἐπὶ
826 3733 890 3803 τῇ
935 3729 1077 3784 κατά
1115 3728 1223 3781 τῶν
1270 3727 1540 3797 πολεμίων
1573 3727 1716 3797 νίκῃ.
1767 3727 1877 3779 Καὶ

315 3808 535 3883 εἰκότως
566 3820 702 3891 μετὰ
725 3820 822 3892 τὴν
852 3820 994 3872 κατὰ
1022 3819 1129 3873 τῶν
1158 3819 1425 3889 πολεμίων
1451 3817 1607 3887 νίκην
1642 3816 1733 3869 τοῦ
1760 3817 1875 3868 Σω-

320 3914 473 3984 τῆρος
494 3951 507 3974 ,
546 3911 761 3982 νύμφην
789 3910 981 3965 ἑαυτοῦ
1016 3910 1213 3982 δηλαδὴ
1244 3910 1342 3980 τὴν
1378 3908 1697 3980 Ἐκκλησίαν
1722 3908 1877 3959 ἀπει-

310 4002 578 4071 ληφότος,
630 4004 837 4065 πάντας
886 4002 1186 4073 παρακαλεί
1237 4002 1297 4054 τὸ
1343 4002 1567 4071 Πνεῦμα
1608 4000 1667 4052 τὸ
1723 4000 1875 4067 ἅγιον

311 4091 563 4145 σπεύδειν
587 4092 679 4143 ἐπὶ
705 4089 805 4161 τὴν
835 4092 1045 4162 ἑορτήν.
1070 4091 1161 4144 Διὸ
1192 4090 1288 4161 βοᾷ
1320 4093 1451 4143 πᾶσι
1478 4093 1589 4153 τοῖς
1611 4088 1749 4141 κατὰ
1776 4088 1874 4157 τὴν

308 4179 634 4251 οἰκουμένην
677 4178 851 4232 ἔθνεσι
890 4180 1076 4248 λέγονο
1120 4179 1323 4233 Πάντα
1360 4180 1432 4232 τὰ
1473 4179 1636 4245 ἔθνη,
1667 4178 1874 4246 κροτή-

307 4287 457 4325 σατε
486 4269 686 4339 χεῖρας
705 4309 720 4333 ,
748 4268 1089 4334 ἁλαλάξαῒε
1121 4268 1199 4334 τῷ
1240 4268 1361 4335 Θεῷ
1399 4270 1467 4322 ἐν
1490 4268 1657 4337 φωνῇ
1688 4270 1872 4337 ἁγαςί-
1920 4264 1925 4267 ἠ

306 4358 586 4424 λιάσεως.
629 4358 700 4412 Τὸ
732 4359 776 4411 δ’
806 4358 974 4419 αἴτιον
1017 4359 1122 4430 τῆς
1144 4358 1593 4429 παρακελεύσεως
1638 4359 1874 4412 δ.δάσκει

308 4452 437 4522 ἑξῆς
463 4450 669 4520 φάσκον
687 4468 701 4481 ν
729 4450 847 4505 Ὅτι
871 4452 1084 4519 Κύριος
1107 4451 1384 4519 ῦψ-ιστος,
1409 4453 1677 4520 φοϐερὸς,
1696 4454 1875 4516 ,Βασι-

306 4543 453 4608 λεὺς
476 4539 663 4611 μέγας
683 4540 780 4596 ἐπὶ
809 4538 1014 4595 πᾶσαν
1038 4540 1152 4609 τὴν
1176 4539 1308 4611 γῆν.
1332 4541 1601 4612 Πρότερον
1638 4542 1736 4611 μὲν
1768 4541 1873 4611 γὰρ

307 4636 512 4707 Κύριος
540 4631 699 4712 αὐτὸς
721 4632 750 4684 ό
775 4626 995 4701 ὕψιστος
1026 4633 1199 4703 μόνων
1222 4633 1330 4686 τῶν
1354 4635 1471 4687 κατ’
1500 4634 1725 4704 οὐρανὸν
1748 4634 1873 4686 ἐϐα-

1979 3453 2207 3507 conibus
2236 3449 2433 3504 laetitia:
2465 3446 2708 3517 symbola
2750 3442 3028 3499 conferant
3073 3440 3381 3509 plaudenda
3411 3454 3530 3493 ma-

1984 3545 2164 3607 nibus,
2202 3557 2265 3595 ac
2300 3540 2346 3596 si
2390 3539 2594 3607 nuptiae
2629 3534 2815 3606 sponsi
2859 3541 2913 3589 et
2947 3546 3159 3602 sponsae
3193 3530 3531 3585 celebraren-

1977 3646 2097 3700 tur;
2140 3642 2304 3703 utque
2335 3633 2444 3687 Deo
2481 3630 2729 3700 jubilent,
2779 3626 2934 3697 quasi
2966 3626 3077 3695 regi
3116 3624 3187 3678 ob
3229 3630 3437 3692 parum
3462 3620 3531 3674 de

1977 3728 2213 3784 inimicis
2245 3724 2545 3785 .victoriam
2615 3718 3102 3776 acclamationibus
3160 3721 3406 3784 excepto.
3466 3710 3532 3765 Et

1977 3819 2173 3875 merito
2201 3832 2331 3871 sane
2361 3824 2483 3885 post
2516 3820 2843 3881 reportatam
2877 3825 2906 3863 a
2942 3801 3241 3868 salvatore,
3287 3802 3381 3872 qui
3418 3804 3529 3857 sci-

1977 3912 2102 3976 licet
2128 3906 2426 3961 Ecclesiam
2459 3902 2563 3957 sibi
2590 3905 2643 3975 in
2684 3916 2935 3970 sponsam
2977 3895 3203 3964 accepit,
3241 3892 3307 3948 de
3352 3892 3531 3947 inimi-

1976 4001 2057 4055 cis
2103 3997 2411 4059 victoriam,
2461 3992 2696 4062 Spiritus
2742 3998 2964 4045 sanctus
3005 4002 3196 4042 omnes
3232 3991 3423 4041 evocat
3461 3984 3529 4037 ad

1976 4089 2373 4146 celebritatem:
2413 4100 2582 4157 quare
2632 4083 2886 4137 omnibus
2918 4096 3013 4150 per
3059 4080 3243 4134 orbem
3274 4075 3528 4147 gentibus

1977 4183 2233 4237 inclamat
2270 4178 2355 4232 his
2378 4176 2590 4231 verbis:
2630 4173 2818 4229 Omnes
2851 4181 3047 4242 gentes,
3080 4167 3316 4237 plaudite
3358 4167 3528 4219 mani-

1977 4275 2092 4337 bus,
2114 4271 2338 4341 jubilate
2371 4269 2478 4324 Deo
2507 4270 2563 4322 in
2608 4283 2725 4321 voce
2763 4262 3153 4319 exsultationis.
3196 4257 3326 4324 Quae
3358 4272 3525 4311 causa

1978 4380 2111 4421 vero
2183 4361 2528 4435 praecipiendi
2583 4357 2769 4420 fuerit,
2799 4344 2807 4353 ’
2838 4356 2895 4409 in
2946 4350 3296 4424 sequentibus
3352 4349 3525 4417 aperit

1973 4456 2497 4521 dicenszﬂuoniam
2549 4450 2801 4504 Dominus
2847 4442 3101 4506 excelsus,
3141 4438 3411 4503 terribilis,
3436 4452 3527 4491 rea:

1974 4563 2193 4618 magnus
2226 4560 2381 4613 super
2424 4555 2625 4596 omnem
2672 4547 2886 4590 terram.
2942 4531 3183 4585 Primum
3215 4529 3361 4584 enim
3411 4528 3528 4597 ipse

1977 4638 2234 4692 Dominus
2278 4634 2550 4695 excelsus,
2596 4628 2653 4681 in
2697 4625 2831 4680 solis
2868 4621 3181 4681 coelestibus
3224 4617 3521 4689 regnabat;

312 4709 564 4780 σίλευενλ
601 4726 843 4795 ἠγνοεῖτο
870 4723 925 4777 δέ
955 4728 1066 4786 τοῖς
1090 4726 1182 4779 ἐπὶ
1208 4726 1305 4796 τῆς
1338 4724 1475 4795 γῆς,
1510 4728 1599 4779 ὅτε
1620 4725 1871 4795 δαίμονες
1905 4709 1947 4737 ν
1976 4731 2031 4785 al

1806 4741 1871 4788 ἐς
1905 4709 1947 4737 ν
1976 4731 2044 4785 ab
2073 4729 2141 4784 iis
2169 4736 2347 4782 autem
2381 4723 2475 4794 qui
2504 4721 2561 4775 in
2614 4726 2756 4774 terra
2802 4722 2959 4770 erant
2997 4709 3369 4783 ignorabatur,
3416 4721 3525 4776 quo

304 4818 575 4893 ἐκράτουν
606 4817 698 4869 ἐπὶ
723 4816 825 4888 γῆς
863 4813 1159 4886 ἀνθρώπων
1181 4831 1196 4845 ⁸
1223 4818 1341 4869 νυνὶ
1375 4816 1431 4868 δὲ
1462 4815 1550 4869 διὰ
1575 4815 1666 4868 τοῦ
1710 4816 1871 4883 Ἀγα-

305 4909 483 4981 πητόῦ
527 4908 807 4980 ἐπέλαμψε
855 4909 964 4969 τοῖς
1010 4907 1101 4959 ἐπὶ
1129 4907 1232 4976 γῆς
1259 4908 1358 4977 τὴν
1398 4905 1561 4961 αὑτοῦ
1588 4905 1746 4976 χάριν
1778 4906 1873 4960 καὶ

304 5001 469 5064 αὐτὸς
496 5000 819 5069 ό“Υψιστος,
852 4997 1326 5069 φοϐερὸςγέγονεν
1370 4998 1595 5061 ἐκείνοις
1627 4998 1740 5060 τοῖς
1773 5015 1871 5049 πο-

304 5088 515 5157 λεμίοις
544 5092 656 5151 τοῖς
686 5087 782 5159 τὴν
822 5086 1076 5141 πολύθεον
1128 5086 1407 5154 ἐνεργοῦσι
1454 5087 1691 5157 πλάνηνο
1739 5086 1874 5153 πάν-

304 5195 403 5242 τας
435 5178 551 5248 γὰρ
571 5180 766 5241 αὐτοὺς
794 5179 959 5248 ἠλασε
979 5218 994 5240 ,
1034 5180 1124 5231 καὶ
1156 5176 1368 5247 μακρὰν
1400 5179 1496 5247 τῆς
1523 5176 1869 5246 τῶννάνθρώ·

307 5288 424 5325 πων
453 5271 707 5341 ἐποίησεν
730 5271 943 5340 ἀγέλης.
969 5271 1165 5340 Σχολῆς
1193 5270 1249 5322 δέ
1282 5270 1592 5340 γενομένης,
1618 5266 1867 5337 βασιλεὺς

308 5362 482 5432 μέγας
512 5360 621 5423 τῶν
652 5362 744 5413 ἐπὶ
776 5363 952 5414 πᾶσαν
981 5363 1077 5432 τὴν
1109 5363 1209 5432 γῆν
1242 5358 1407 5411 ἐθνῶν
1452 5356 1864 5427 ἀνεκηρύττετο.

305 5456 397 5509 Διὸ
438 5456 551 5516 τοῖς
595 5451 1028 5523 βασιλευομένοις
1056 5455 1264 5523 κροτεῖν
1294 5451 1408 5511 ταῖς
1445 5449 1630 5518 χερσὶν
1659 5451 1687 5501 ό
1716 5438 1870 5517 λόγος

308 5543 757 5617 παρακελεύεται,
784 5544 1057 5608 τουτέστιν
1070 5543 1256 5613 ,ἔργοις
1277 5542 1371 5595 καὶ
1393 5539 1620 5611 πράξεσι
1646 5556 1659 5568 ’
1685 5540 1871 5611 ὥσπερ

307 5639 357 5689 εἰ
388 5635 570 5705 φωνὰς
602 5632 816 5701 ἀφιέναι
842 5630 995 5696 ἀξίας
1020 5634 1115 5703 τῆς
1150 5634 1241 5685 τοῦ
1277 5631 1525 5700 Ὑψίστου
1563 5629 1864 5699 βασιλείας,

309 5728 406 5780 καὶ
479 5725 762 5789 ἀλαλάζειν
825 5724 882 5776 δὲ
954 5724 1099 5795 αὐτῷ
1161 5729 1217 5782 ἐν
1284 5726 1429 5796 φωνῇ
1500 5722 1837 5793 ἀγαλλιάσεω

383 5882 402 5907 ο
444 5874 593 5932 Psal.
630 5891 790 5943 L-xsv,
821 5874 875 5931 2.

1973 4830 2216 4891 tempore
2243 4814 2515 4871 daemones
2566 4811 2621 4864 in
2658 4819 2800 4865 terra
2824 4804 3136 4860 hominibus
3164 4797 3521 4869 imperabant.

1974 4912 2129 4967 Nube
2156 4922 2286 4963 vero
2312 4920 2407 4977 per
2433 4904 2699 4971 Dilectum
2740 4899 3000 4954 Excelsus
3024 4909 3140 4957 eos,
3178 4891 3270 4961 qui
3303 4890 3357 4942 in
3379 4895 3525 4941 terra

1975 5008 2125 5063 sunt,
2159 4975 2333 5070 gratia
2362 5010 2461 5052 sua
2510 4992 2824 5053 illustravit,
2863 4984 3119 5044 terribilis
3163 4993 3295 5036 sane
3334 4975 3525 5030 adver-

1974 5089 2275 5159 sariis,qui
2331 5088 2623 5141 multorum
2675 5081 2961 5136 numinum
2998 5085 3239 5129 errorem
3302 5066 3525 5122 induce-

1974 5186 2125 5247 bant,
2142 5157 2378 5236 "eﬂﬁ‘ectus
2397 5186 2514 5244 est;
2546 5175 2830 5230 universos
2851 5168 2993 5223 enim
3014 5162 3241 5233 expulit,
3262 5167 3315 5215 et
3337 5157 3525 5229 procul

1978 5292 2006 5331 a
2029 5288 2187 5346 grege
2214 5271 2492 5345 hominum
2516 5265 2716 5334 abegit.
2768 5261 2905 5315 Tum
2930 5265 3083 5329 parta
3113 5250 3521 5346 tranquillitate,

1976 5337 2072 5421 rev:
2103 5337 2332 5432 magnus
2379 5341 2622 5415 omnium
2654 5359 2759 5425 ‘per
2803 5351 2989 5408 orbem
3032 5344 3271 5415 gentium
3312 5337 3523 5432 procla-

1978 5460 2159 5509 matus
2186 5425 2289 5506 est.
2346 5449 2526 5515 Quare
2572 5444 2816 5500 subditos
2873 5438 3130 5509 plaudere
3158 5425 3523 5515 jubetimani-

1978 5546 2104 5605 bus,
2136 5540 2191 5596 id
2224 5550 2309 5597 est
2339 5537 2597 5610 Operibus
2621 5549 2685 5588 ac
2715 5530 2881 5602 gestis
2916 5526 3072 5599 quasi
3105 5533 3285 5610 voces
3310 5514 3523 5569 Excelsi

1972 5648 2139 5704 regno
2184 5605 2389 5702 dignas
2421 5627 2693 5690 emittere,
2727 5638 2791 5677 ac
2828 5618 3067 5701 jubilare
3116 5608 3220 5680 ipsi
3274 5605 3332 5660 in
3387 5618 3523 5704 voce

1974 5709 2387 5787 cxsultationis;
2434 5719 2507 5773 ita
2540 5709 2601 5773 dt
2649 5731 2758 5772 non
2786 5694 2963 5769 modo
3004 5700 3257 5778 Opet'ibus
3290 5710 3355 5752 sc
3398 5694 3525 5749 vim
