4354 6398
823 478 928 527 “9

1546 469 1812 524 EUSEDII
1851 466 2329 525 CESARIENSIS
2360 466 2509 524 OPP.
2552 467 2732 522 PARS
2771 466 2856 522 lll.
2879 496 2947 507 -—
2972 467 3381 527 EXEGETICA.

3962 476 4064 531 120

821 603 1049 659 magnus
1072 596 1174 653 est,
1205 588 1478 652 bonitate,
1507 588 1796 643 tolerantia
1822 629 1837 652 ,
1877 588 2188 652 clementia,
2219 598 2377 643 eaete-
2410 592 2453 647 Α
2481 591 2540 659 γέ

2342 607 2377 642 :—
2410 592 2453 647 Α
2481 589 2651 659 γέθει,
2686 588 2911 658 δυνάμει
2937 588 2992 641 δὲ
3021 589 3394 660 ἀκαταλήπτῳ
3414 603 3431 619 ’
3465 588 3600 642 ἀλλά
3632 591 3725 643 καὶ
3771 590 3933 663 σοφίᾳ
3968 594 4061 663 μὲ-

819 681 1000 750 risque
1032 682 1085 735 in
1110 696 1175 735 eo
1204 681 1453 753 cogitatis
1483 679 1684 734 divinis
1707 680 2037 743 virtutibus;
2090 697 2260 750 quare
2303 680 2386 734 di-

822 778 965 823 ctum
991 778 1074 847 est
1100 788 1114 825 :
1157 769 1223 823 Et
1254 770 1659 841 cogitationibus
1691 771 1794 825 tuis
1821 788 1923 825 non
1958 782 2035 826 est
2076 772 2164 840 qui
2191 771 2383 824 similis

816 865 883 917 sit
915 864 1010 918 tibi
1028 865 1069 918 ⁷.

883 1073 1087 1130 Atheos
1141 1069 1453 1144 quosdam,
1509 1080 1563 1128 ct
1610 1074 1885 1128 daemones
1953 1072 2381 1127 incantationum

817 1174 1065 1229 aoctores
1098 1171 1342 1245 [carpit],
1377 1172 1469 1242 qui
1496 1187 1722 1242 regnum
1754 1188 1913 1226 suum
1946 1172 2000 1224 in
2033 1179 2174 1225 terra
2203 1170 2383 1225 ﬁrma-

816 1266 908 1331 vit,
939 1274 992 1319 et
1022 1265 1205 1318 omnia
1234 1266 1388 1334 prius
1418 1273 1735 1319 enumerata
1769 1265 1823 1319 in
1849 1264 2160 1319 hominibus
2186 1264 2376 1333 imple-

816 1363 909 1417 vit.
940 1362 1125 1431 Neque
1152 1363 1327 1416 solum
1360 1377 1590 1432 magnus
1609 1374 1714 1429 est,
1748 1364 1842 1418 sed
1879 1366 2042 1418 etiam
2092 1364 2380 1419 laudabilis

817 1454 969 1509 valde
1002 1474 1015 1508 :
1052 1470 1160 1508 non
1190 1455 1407 1525 quidem
1448 1456 1590 1525 apud
1624 1472 1817 1513 omnes
1849 1473 1948 1512 nec
1979 1458 2033 1512 in
2066 1459 2213 1511 omni
2236 1458 2376 1521 loco,

816 1545 905 1599 sed
939 1546 992 1598 in
1014 1544 1234 1599 civitate
1266 1544 1358 1599 Dei
1388 1547 1561 1600 nostri
1600 1557 1655 1601 et
1700 1548 1753 1602 in
1795 1557 1979 1604 monte
2015 1557 2205 1604 sancto
2236 1551 2377 1617 ejus.

814 1636 946 1703 Quia
971 1637 1006 1690 ii
1036 1638 1128 1707 qui
1151 1647 1305 1692 extra
1335 1638 1608 1694 civitatem
1631 1641 1750 1711 ejus
1774 1650 1923 1705 sunt,
1950 1642 2145 1696 divinae
2178 1643 2380 1696 doctri-

811 1754 889 1794 nae
926 1740 1185 1809 imperiti,
1234 1742 1490 1797 nesciunt
1529 1756 1639 1811 quo
1682 1750 1845 1812 pacto
1877 1740 2240 1797 celebrandus
2284 1742 2374 1807 sit,

810 1856 905 1895 uec
933 1841 1092 1912 digne
1123 1842 1307 1897 divina
1331 1843 1479 1913 loqui
1503 1852 1769 1913 possunt;
1802 1858 1975 1913 quare
2006 1841 2376 1897 venerandum

807 1930 936 1985 llllld
964 1946 1183 1998 nomen,
1214 1932 1282 1985 ad
1308 1932 1663 1986 inanimatam
1698 1932 1981 1986 materiam
2005 1931 2375 2000 projecerunt,
2416 1950 2455 2002 Β

808 2032 921 2079 aut'
944 2024 1001 2079 in
1038 2025 1357 2082 animalium
1407 2024 1867 2079 irrationabilium
1911 2038 2134 2095 genera,
2171 2024 2286 2078 sive
2322 2024 2375 2078 in

808 2117 1090 2184 elementa,
1111 2125 1335 2181 terram,
1368 2131 1588 2186 aquam,
1611 2131 1813 2181 aerem,
1846 2115 2061 2186 ignem;
2085 2116 2199 2171 sive
2215 2117 2377 2172 etiam

810 2209 867 2263 in
898 2208 1087 2262 mundi
1117 2216 1301 2278 partes
1329 2227 1343 2261 :
1372 2218 1533 2278 atque
1568 2208 1659 2263 alii
1698 2207 1804 2262 alio
1834 2208 1939 2262 ritu
1986 2207 2053 2263 de
2081 2207 2191 2263 Deo
2216 2207 2378 2277 impie

808 2312 1127 2372 senserunt;
1161 2306 1367 2361 idcirco
1398 2322 1523 2361 cum
1563 2306 1725 2362 alieni
1746 2314 1929 2361 essent
1955 2320 1986 2359 a
2009 2304 2227 2359 civitate
2247 2303 2374 2369 Dei,

807 2412 837 2450 a
870 2412 999 2452 vero
1028 2396 1230 2468 hymno
1261 2398 1398 2469 lapsi
1431 2407 1580 2454 sunt.
1612 2397 1818 2453 Civitas
1852 2411 2017 2467 porro
2046 2395 2144 2450 Dei
2178 2396 2375 2463 nostri,

810 2489 1051 2545 Ecclesia
1098 2498 1200 2553 est,
1230 2506 1350 2560 quae
1383 2506 1549 2560 supra
1578 2489 1795 2559 eloquio
1823 2487 2135 2558 hujusmodi
2170 2487 2377 2541 indica-

810 2592 892 2608 ι..-
921 2603 932 2608 -
973 2579 1233 2608 ιη-....;..;-
1289 2582 1514 2608 :.....-.-.-
1556 2582 1843 2608 1...;Δ-,...ι
1917 2582 2174 2608 ,δέοι-.-.ιη
2240 2579 2327 2608 Π-;
2365 2599 2375 2607 .

2329 2503 2377 2607 λῖ
2446 2504 2543 2606 Ὗῆν
2568 2487 2661 2588 δίαὶ
2684 2487 2757 2588 :a:
2785 2487 3041 2605 ἀνωτέρω
3062 2534 3246 2605 ἐδήλου
3272 2534 3427 2603 λόγια
3445 2487 3554 2600 ,Ἑϋ
3586 2487 3871 2608 ὧνιεῖρητο
3893 2487 3917 2566 ’⁸
3938 2487 4048 2591 Τοῦ

806 2592 933 2638 tur:
965 2579 1233 2638 Fluminis
1288 2582 1515 2653 impetus
1556 2582 1843 2651 'lwtiﬁcant
1913 2582 2177 2634 ciritatem
2230 2579 2327 2634 Dei
2357 2599 2375 2634 :

805 2675 1154 2744 sanctiﬁcavit
1189 2671 1586 2727 tabernaculum
1616 2686 1767 2727 suum
1785 2670 2095 2725 Altissimus
2112 2670 2155 2723 ⁸.
2181 2668 2245 2723 Ει
2264 2669 2377 2724 haec

805 2758 1023 2837 quidem
1055 2764 1122 2820 de
1148 2781 1232 2828 ea,
1265 2780 1385 2835 qua:
1412 2766 1465 2819 in
1516 2771 1663 2819 terra
1707 2770 1810 2827 est,
1862 2761 2142 2829 Ecclesia;
2175 2760 2241 2817 de
2268 2776 2377 2831 qua

804 2858 1143 2925 dictuntest
1194 2887 1205 2921 :
1256 2859 1571 2919 Inhabitabo
1627 2865 1681 2919 in
1743 2863 1852 2918 illis
1895 2874 1943 2919 et
1989 2861 2372 2918 inambulabo:

802 2974 849 3017 et
865 2980 953 3016 ero
973 2958 1189 3015 illorum
1211 2959 1367 3023 Deus,
1389 2968 1437 3011 et
1462 2958 1561 3026 ipsi
1580 2966 1741 3010 erunt.
1760 2955 1888 3009 mihi
1909 2955 2130 3025 populus
2152 2956 2194 3007 ⁸.
2218 2952 2374 3019 Quod

811 3058 857 3112 si
887 3071 995 3125 qua
1023 3048 1095 3111 sit
1118 3054 1225 3108 alia
1261 3052 1365 3106 hac
1402 3050 1595 3104 melior
1626 3049 1842 3112 civitas,
1875 3048 2034 3116 cujus
2081 3044 2275 3099 artifex
2321 3052 2375 3099 et

804 3148 1060 3204 conditor
1095 3148 1142 3201 is
1172 3148 1289 3215 ipse
1324 3143 1429 3209 sit,
1462 3139 1737 3213 perpende
1758 3180 1771 3203 ,
1810 3153 1920 3209 quo
1960 3146 2119 3209 pacto
2180 3139 2236 3191 in
2283 3138 2374 3193 illa

803 3254 969 3309 etiam
1001 3264 1233 3320 magnus
1260 3289 1274 3315 ,
1304 3243 1667 3303 celebrandus
1700 3250 1753 3297 et
1776 3242 2066 3297 laudabilis
2090 3242 2161 3297 sit
2194 3241 2369 3308 valde,

804 3359 928 3399 cum
951 3344 1005 3397 in
1035 3358 1097 3397 ea
1123 3358 1221 3412 pro
1250 3339 1517 3410 dignitate
1543 3335 1901 3407 intelligatur,
1936 3349 2000 3389 ac
2027 3332 2229 3389 divinis
2251 3349 2373 3387 νει·-
2404 3341 2441 3392 t;

2488 697 2590 749 γας
2626 679 2742 731 ἐστὶ
2781 678 2875 753 καὶ
2911 677 3207 749 ἀγαθότητι
3242 680 3336 732 καὶ
3369 676 3688 749 ἀνεξικακίᾳ
3733 680 3825 732 καὶ
3870 680 4061 748 φιλαν-

2488 767 2728 840 θρωπίᾳ,
2762 770 2880 831 ταῖς
2908 781 2968 819 τε
2993 768 3205 832 λοιπαῖς
3229 756 3641 839 ἒπινοουμέναις
3687 769 3744 820 ὲν
3773 755 3920 840 αὐτῷ
3949 770 4059 824 θεῖ-

2489 862 2609 922 καίς
2634 859 2891 927 δυνάμεσι
2911 874 2923 885 ⁸
2962 858 3041 911 διὸ
3065 857 3338 913 λέλεκται·
3368 861 3477 913 Kal
3510 858 3631 926 τοῖς
3654 859 4059 931 διαλογισμοῖς

2486 966 2601 1003 σου
2631 952 2739 1003 οὐκ
2763 949 2895 1003 ἐστι
2929 950 3019 1017 τίς
3049 948 3492 1018 ὁμοιωθήσεται.

2566 1062 2784 1126 Ἀθέους
2820 1062 2971 1126 τινάς
3017 1063 3176 1126 ὄντας
3213 1062 3471 1132 δαίμονας
3522 1064 3742 1135 ἐπῳδῶν
3791 1064 3915 1135 (sic)
3958 1072 4055 1119 πε·

2485 1153 2808 1224 ποιημένους
2855 1153 2883 1205 ό
2922 1152 3019 1223 τὴν
3055 1153 3244 1205 ἑαυτοῦ
3289 1152 3559 1222 βασιλείαν
3588 1148 3678 1206 ὲπὶ
3718 1145 3822 1224 γῆν
3856 1164 4059 1229 συστηοη

2486 1247 2742 1315 σάμενος,
2772 1245 2864 1299 καὶ
2893 1245 2960 1298 τὰ
2994 1246 3112 1299 καθ’
3139 1246 3365 1299 ἕκαστον
3410 1246 3518 1298 τῶν
3549 1246 3855 1317 ἔμπροσθεν
3883 1263 4057 1318 κατη-

2488 1338 2843 1409 ριθμημένων
2878 1338 2935 1389 ὲν
2980 1336 3283 1408 ἀνθρώποις
3314 1338 3648 1402 ἐπιτελέσας.
3694 1340 3767 1392 Οὑ
3807 1340 3964 1410 μόνον
4001 1340 4057 1395 δὲ

2488 1432 2655 1502 μέγας
2684 1431 2848 1493 ἐστὶν,
2872 1428 3007 1483 ἀλλά
3033 1430 3123 1483 καὶ
3153 1430 3388 1501 ὑμνητὸς
3416 1429 3619 1501 σφόδρα
3637 1442 3650 1460 ⁸
3676 1432 3736 1483 οὑ
3776 1431 3883 1503 μὴν
3904 1434 4058 1504 παρὰ

2485 1524 2681 1588 πᾶσιν,
2713 1521 2833 1573 οὑδὲ
2872 1523 2928 1573 ὲν
2974 1521 3133 1574 παντὶ
3178 1521 3362 1591 τόπῳ,
3406 1522 3520 1574 ἀλλ’
3560 1525 3618 1575 ὲν
3663 1526 3731 1593 τῇ
3770 1517 3922 1577 πόλει
3962 1526 4054 1578 τοῦ

2483 1613 2614 1667 Θεοῦ
2646 1612 2801 1683 ἡμῶν
2821 1653 2835 1677 ,
2864 1614 2953 1666 καὶ
2985 1614 3041 1665 ἐν
3074 1612 3151 1683 τῷ
3182 1614 3297 1685 ὄρει
3330 1610 3471 1685 ἁγίῳ
3500 1614 3681 1667 αὐτοῦ’.
3722 1615 3980 1689 Ἐπείπερ
4006 1620 4055 1671 ot

2483 1702 2587 1769 ἔξω
2614 1705 2712 1774 τῆς
2744 1704 2908 1757 αὑτοῦ
2944 1703 3151 1766 πόλεως
3170 1744 3183 1765 ,
3213 1703 3440 1773 ἀμαθεῖς
3464 1705 3623 1769 ὄντες
3641 1705 3739 1778 τῆς
3769 1698 3951 1763 ἐνθέου
3979 1708 4057 1763 δι-

2482 1797 2777 1860 δασκαλίας
2801 1840 2815 1863 ,
2850 1798 2947 1850 οὑκ
2997 1798 3172 1851 ἴσασιν
3207 1799 3370 1850 αὑτὸν
3404 1796 3625 1868 ὑμνεῖν,
3667 1798 3797 1867 οὐδ’,
3818 1799 4056 1865 ἐπαξίως

2484 1888 2785 1956 θεολογεῖεμ
2824 1890 3012 1961 διόπερ
3058 1889 3155 1959 τὴν
3202 1889 3493 1960 σεϐάσμιον
3547 1892 3917 1964 προσηγορίαν
3962 1880 4056 1945 ἐπὶ

2480 1980 2577 2051 τὴν
2602 1980 2805 2050 ἄψυχον
2837 1980 2965 2051 ὑλην
3015 1979 3526 2050 καταϐεϐλήκασιν,
3567 1983 3599 2053 ἢ
3647 1979 3803 2047 ζώων
3844 1984 4055 2053 ἀλόγων

2480 2073 2611 2143 γένη
2633 2114 2647 2136 ,
2679 2072 2711 2143 ἢ
2740 2073 2830 2123 ἐπὶ
2859 2072 2925 2125 τὰ
2955 2075 3188 2143 στοιχεῖα
3210 2113 3223 2137 ,
3259 2074 3360 2142 γῆν
3381 2116 3395 2139 ,
3424 2074 3567 2144 ὕδωρ
3591 2114 3605 2138 ,
3642 2076 3778 2146 ἀέρα
3801 2117 3815 2142 ,
3850 2076 3989 2147 πῦρ,
4016 2074 4051 2148 ἢ

2480 2168 2575 2218 ἐπὶ
2603 2165 2671 2218 τὰ
2698 2166 2835 2237 μέρη
2858 2163 2950 2218 τοῦ
2979 2165 3217 2234 κόσμου’
3256 2166 3349 2218 καὶ
3378 2165 3523 2219 ἄλλοι
3572 2167 3745 2231 ἄλλως
3772 2184 3889 2232 πως
3923 2167 4053 2241 περὶ

2478 2258 2612 2312 Θεοῦ
2643 2260 2898 2323 ἐδόξασαν
2926 2259 3137 2323 ἀσεόῶς
3162 2276 3175 2290 ·
3207 2261 3299 2312 καὶ
3345 2259 3433 2311 διὰ
3470 2259 3655 2323 τοῦτο,
3704 2262 3800 2332 τῆς
3845 2261 4053 2324 πόλεως

2478 2354 2627 2416 ὄντες
2660 2352 2925 2425 ἀλλότριοι
2970 2351 3063 2425 [τοῦ
3104 2351 3271 2415 Θεοῦ,
3315 2351 3743 2405 ἀποπεπτὼκασι
3781 2352 3877 2406 τοῦ
3920 2353 4052 2423 ἁληὲ-

2480 2445 2604 2508 θοῦς
2646 2420 2833 2515 ὑμνουξ
2874 2420 3033 2507 next;
3064 2443 3119 2496 δὲ
3158 2442 3251 2496 τοῦ
3279 2442 3413 2496 Θεοῦ
3446 2443 3603 2514 ἡμῶν
3645 2445 3679 2515 ἡ
3720 2420 4050 2516 Ἐκκλησίαν,

2478 2628 2742 2699 ποταμοῦ
2768 2629 2841 2682 τὰ
2866 2627 3174 2697 όρμήματα
3194 2627 3587 2696 εὐφραίνουσι
3609 2627 3723 2696 τὴν
3737 2630 3919 2683 πόλιν
3942 2626 4047 2685 τοῦ

2479 2720 2625 2777 Θεοῦ
2648 2737 2661 2750 ·
2695 2723 2909 2789 mrtuos
2933 2720 2997 2773 τὸ
3020 2718 3308 2788 σκήνωμα
3338 2719 3524 2774 αὐτοῦ
3548 2724 3580 2775 ὁ
3606 2722 3907 2789 Ὕψιστος.
3940 2723 4050 2775 Καὶ

2476 2813 2648 2867 ταῦτα
2679 2813 2776 2884 μὲν
2809 2813 2933 2884 περὶ
2967 2812 3063 2883 τῆς
3106 2812 3247 2867 κατά
3279 2811 3385 2882 γῆν
3437 2811 3790 2883 Ἐκκλησίας·
3825 2814 3952 2882 περὶ
3979 2808 4047 2884 ἧς

2475 2908 2722 2979 εἴρηται·
2771 2904 3089 2973 Ἐνοικήσω
3112 2905 3183 2958 ἐν
3214 2904 3416 2970 αὐτοῖς
3440 2904 3540 2959 καί
3567 2903 4042 2974 ἐμπεριπατήσωσ

2475 3002 2573 3055 καί
2611 2981 2821 3069 ἔσομαι
2861 2997 3059 3052 αὐτῶν
3104 2998 3274 3063 Θεὸς,
3322 2997 3421 3051 καί
3461 2998 3629 3051 αὐτοὶ
3662 2998 3905 3051 ἔσονταί
3945 3014 4046 3067 μοι

2474 3094 2643 3158 λαός.
2669 3093 2732 3144 Εἰ
2761 3091 2803 3142 δ’
2829 3090 2942 3143 ἔστι
2971 3107 3051 3152 τις
3081 3088 3213 3161 ἄλλη
3244 3088 3507 3160 κρείττων
3520 3073 3742 3159 γ’ταύτης
3778 3090 3952 3153 πόλις,
3975 3084 4045 3161 ἦς

2476 3184 2725 3254 τεχνίτης
2771 3182 2868 3235 καὶ
2919 3179 3244 3251 δημιουργὸς
3284 3179 3477 3242 αὑτός·
3525 3178 3620 3232 θέα
3664 3181 3810 3243 ὅπως
3846 3181 3937 3233 καὶ
3985 3181 4044 3232 ὲν

2475 3277 2647 3349 ταύτῃ
2675 3276 2845 3347 μέγας
2869 3275 2959 3327 καὶ
3005 3273 3241 3343 ὑμνητὸς
3262 3312 3276 3337 ,
3303 3272 3393 3325 καὶ
3424 3272 3632 3335 αἰνετός
3658 3274 3773 3325 ἐστι
3806 3272 4007 3346 σφόδρα
4026 3310 4041 3337 ,

2478 3368 2595 3420 κατ’
2641 3366 2796 3431 ἀξίαν
2841 3362 3126 3432 νοούμενος
3178 3363 3233 3413 ὲν
3278 3360 3413 3432 αὑτῇ
3462 3362 3555 3414 καὶ
3607 3361 4041 3433 θεολογούμενος.

746 3428 755 3433 ’
804 3438 888 3493 bis
914 3436 1237 3491 celebretur.
1271 3432 1330 3487 In
1359 3446 1469 3502 quo
1506 3437 1687 3485 autem
1719 3437 1879 3484 terrae
1910 3427 2030 3482 loco
2053 3426 2250 3481 civitas
2290 3422 2382 3477 illa

2323 3424 2382 3477 Ha
2474 3459 2574 3511 Ποῖ
2600 3459 2656 3511 δὲ
2806 3422 3148 3527 ᾠκοδόμηται
3181 3455 3216 3524 ἡ
3255 3422 3413 3517 πόλις·
3437 3453 3574 3523 αὕτη
3598 3495 3613 3519 ,
3649 3456 3677 3507 ὁ
3711 3422 3808 3524 μέν
3833 3422 4042 3525 ᾦαλμός

802 3529 891 3593 sit,
928 3527 1002 3581 ita
1031 3520 1189 3582 docet
1222 3519 1464 3596 psalmus
1497 3541 1509 3576 :
1545 3521 1615 3575 1η
1651 3528 1824 3574 monte
1863 3526 2046 3573 sancto
2082 3516 2197 3585 eius
2247 3514 2370 3569 bene

799 3621 1078 3685 radicato;
1114 3620 1169 3675 id
1193 3625 1298 3683 est,
1334 3618 1473 3673 bene
1495 3614 1743 3679 fundato,
1780 3620 1835 3668 et
1883 3612 2152 3675 radicato,
2187 3616 2242 3666 et
2278 3624 2373 3663 ex—

798 3715 1086 3771 sultatione
1132 3713 1387 3767 universa:
1426 3719 1600 3763 teme.
1641 3707 1831 3774 Qualis
1870 3720 2037 3776 porro
2080 3718 2239 3758 mons
2279 3700 2369 3756 ille

799 3811 893 3874 sit,
908 3851 918 3858 .
933 3823 1163 3879 magnus
1184 3804 1342 3862 docet
1369 3803 1664 3875 Apostolus
1686 3801 1774 3856 bis
1794 3800 1975 3856 verbis
2000 3818 2013 3852 :
2038 3798 2368 3851 Accessimus

800 3901 869 3955 ad
901 3899 1030 3954 Sion
1050 3907 1277 3953 montem
1296 3937 1312 3962 ,
1331 3905 1391 3950 “et
1424 3896 1689 3950 civitatem
1730 3892 1829 3947 Dei
1864 3891 2081 3947 viventis
2101 3930 2116 3953 ,
2145 3886 2370 3963 Jerusao

799 3996 900 4049 lem
929 3994 1205 4058 caelestem,
1242 4003 1291 4046 et
1334 3993 1622 4047 multorum
1660 3992 1890 4046 millium
1928 3988 2230 4060 angelorum
2270 3988 2371 4057 [re-

799 4090 1087 4161 quentiam,
1140 4096 1189 4169 e‘t~
1242 4081 1538 4143 Ecclesium
1580 4087 2068 4157 primogenitorum,
2108 4084 2198 4153 qui
2243 4099 2370 4135 con-

798 4193 983 4261 scripti
1014 4201 1137 4247 sunt
1167 4192 1220 4245 in
1244 4190 1466 4245 caelis”.
1494 4189 1751 4245 Eamdem
1788 4203 1919 4243 vero
1938 4202 2060 4242 esse
2090 4185 2369 4240 civitatem

800 4285 892 4339 Dei
915 4300 1096 4340 veram
1148 4286 1265 4355 ipse
1312 4283 1554 4339 declarat
1595 4281 1785 4337 dicens
1819 4278 1965 4335 :Illa
2010 4287 2205 4343 autem,
2252 4290 2369 4345 quae

799 4393 1007 4431 sursum
1051 4385 1129 4430 est
1177 4374 1498 4439 Jerusalem,
1562 4372 1729 4428 libera
1778 4379 1875 4437 est,
1921 4386 2037 4440 qua:
2083 4378 2159 4422 est
2202 4376 2369 4420 mater

799 4471 1063 4524 nostra“.
1101 4468 1257 4527 Mons
1297 4477 1479 4523 autem
1528 4465 1639 4522 Deo
1679 4466 1909 4536 dignus,
1957 4463 2133 4532 ipsum
2170 4459 2369 4514 cmlum

800 4571 900 4617 est.
943 4562 1081 4628 Quia
1107 4578 1237 4617 vero
1260 4562 1508 4616 homines
1540 4562 1595 4616 in
1625 4570 1768 4615 terra
1791 4557 2051 4627 degentes
2073 4569 2240 4624 regno
2268 4565 2367 4607 suo

798 4664 1121 4735 dedignatus
1151 4680 1259 4718 non
1282 4670 1364 4719 est
1388 4682 1402 4730 ;
1427 4664 1480 4717 id
1507 4662 1651 4717 enim
1684 4658 2029 4731 signiﬁcabat
2052 4655 2365 4728 praecedens

799 4760 1043 4828 psalmus
1064 4756 1252 4811 dicens
1279 4756 1423 4810 τηετις
1456 4756 1625 4810 omnis
1654 4765 1804 4808 terra:
1835 4753 1999 4816 Deus,
2031 4750 2248 4819 psallite
2274 4764 2365 4802 sa-
2396 4782 2441 4836 Β

799 4852 997 4912 pienter
1022 4864 1039 4901 :
1063 4849 1293 4917 regnavit
1320 4848 1458 4900 Deus
1490 4863 1646 4915 super
1674 4856 1846 4916 gentes
1864 4848 1937 4911 “;
1966 4845 2090 4914 jure
2129 4842 2183 4896 in
2218 4849 2361 4895 terra

764 4970 767 4973 η
798 4958 1014 5012 quoque
1045 4943 1242 4996 civitas
1264 4940 1363 5009 ipsi
1400 4940 1699 4992 constituta
1730 4946 1849 5003 est,
1880 4938 2006 4991 vitae
2034 4935 2245 4989 scilicet
2275 4934 2361 4987 in-

798 5035 1049 5087 stitutum
1092 5032 1184 5087 Dei
1228 5030 1402 5087 cultui
1453 5028 1750 5091 addictum,
1800 5028 1854 5080 in
1902 5034 2017 5080 toto
2076 5025 2209 5080 orbe
2265 5038 2362 5094 per

796 5125 1159 5194 evangelicam
1182 5122 1623 5194 praedicationem
1655 5119 1981 5174 consistens.
2006 5117 2242 5173 Montem
2266 5114 2361 5168 Dei

795 5218 856 5271 in.
912 5232 1019 5287 quo
1066 5214 1380 5285 liujusmodi
1426 5213 1739 5266 institutum
1783 5211 2086 5265 stabilitum
2142 5219 2248 5273 est,
2293 5224 2360 5263 ne

793 5319 1069 5375 cuncteris
1106 5319 1285 5373 dicere
1315 5315 1552 5372 Verbum
1591 5315 1685 5369 Dei
1718 5329 1861 5376 esse,
1909 5313 2158 5367 videlicet
2196 5310 2358 5365 Chri-

792 5422 970 5479 stum;
1006 5411 1129 5480 quia
1162 5425 1323 5479 supra
1356 5416 1563 5479 petram
1584 5405 1805 5459 fundata
1828 5404 1948 5472 ejus
1968 5403 2208 5457 Ecclesia
2237 5408 2353 5455 est:

794 5504 907 5570 ipse
948 5493 1130 5555 autem
1156 5511 1304 5568 petra
1335 5508 1471 5555 erat.
1515 5498 1665 5552 Mons
1712 5499 1913 5565 itaque,
1948 5504 2118 5565 petra,
2162 5492 2356 5548 funda-

794 5604 1031 5650 mentum
1062 5592 1312 5647 Ecclesia}
1334 5596 1448 5663 ipse
1476 5593 1624 5647 solus
1648 5590 1829 5651 fuerit,
1858 5597 1915 5642 ut
1939 5588 2156 5658 quidam
2182 5585 2351 5639 dicit:

800 5688 1212 5741 Fundamentum
1242 5685 1377 5737 enim
1411 5683 1557 5736 aliud
1597 5698 1746 5734 nemo
1782 5690 1949 5746 potest
1983 5694 2193 5753 ponere,
2218 5692 2353 5743 prm-

860 5867 875 5891 τ
916 5864 1059 5915 Ρδηί.
1098 5882 1289 5919 κυιχ,
1325 5868 1375 5916 6.
1455 5865 1472 5891 ⁸
1514 5862 1652 5916 Psal.
1690 5878 1809 5923 λιν,
1843 5859 1894 5914 5.
1970 5858 1989 5888 ’
2030 5854 2201 5913 Levii.
2237 5869 2357 5909 xxv:

793 5951 945 5995 xm,
990 5942 1039 5985 ὅ.

2384 5893 2394 5918 ,
2436 5852 2519 5905 12.
2600 5849 2641 5882 ⁸⁸
2683 5849 2841 5905 llebr.
2880 5864 2975 5913 xu,
3007 5839 3210 5909 “252,23.
3294 5844 3328 5873 ¹¹
3373 5840 3489 5897 Gal.
3526 5860 3595 5905 Iv,
3631 5840 3720 5894 ‘36.

2473 3551 2712 3619 διδάσκει
2770 3550 2973 3618 λέγων’
3030 3550 3126 3602 Ἐν
3181 3549 3301 3618 ὄρει
3362 3550 3507 3618 ἁγίῳ
3559 3550 3743 3604 αὺτοῦ
3801 3550 4041 3619 εὑρίζῳο

2470 3645 2715 3698 τουτέστι
2744 3644 2820 3715 τῷ
2845 3639 2902 3697 εὖ
2932 3643 3377 3713 τεθεμελιωμένῳ
3414 3643 3508 3696 καὶ
3545 3640 3918 3713 ὲρῤιζωμένφ,
3950 3642 4045 3696 καὶ

2468 3737 2549 3803 τῷ
2586 3736 2978 3807 ἀγαλλιιζιιατι
3023 3736 3227 3804 πάσης
3261 3735 3370 3801 τῆς
3394 3734 3528 3804 γῆς.
3572 3736 3728 3788 Ποῖον
3772 3735 3817 3787 δ’
3853 3734 3923 3788 ἂν
3956 3736 4041 3805 εἴη

2464 3830 2627 3907 [τοῦτο
2657 3831 2716 3884 τὸ
2754 3831 2898 3901 ὅρος,
2949 3832 2976 3882 ὁ
3005 3829 3176 3898 μέγας
3225 3828 3542 3889 Ἀπόστολος
3572 3827 3810 3897 διδάσκει
3840 3819 4038 3899 λέγων·

2468 3926 3012 3992 Προσεληλύθαμεν
3038 3919 3338 3988 Σιὼν.ὅρει
3369 3918 3465 3971 καί
3499 3919 3671 3971 πόλει
3710 3917 3857 3971 Θεοῦ
3898 3914 4040 3977 {Ero

2470 4033 2574 4084 τος
2606 4013 2991 4085 Ἰερουσαλὴμ
3038 4012 3399 4084 ἐπουρανίῳ,
3432 4009 3533 4066 καὶ
3559 4008 3846 4078 μυριάσιν
3875 4005 4041 4078 ἁπέ-

2469 4090 2594 4164 ζιων
2627 4107 2954 4176 πανηγύρει
2993 4105 3094 4159 καὶ
3123 4104 3450 4173 Ἐκκλησία
3480 4101 3866 4171 πρωτοτόκων
3890 4100 4040 4179 ἀπο-

2470 4200 2883 4271 γεγραμμένων
2919 4199 2989 4251 ἐν
3018 4197 3329 4266 οὐρανοῖς..
3356 4195 3569 4263 Ταύτην
3601 4191 3658 4247 δὲ
3698 4191 3867 4261 αὑτὴν
3904 4185 4041 4244 εἶναι

2468 4292 2566 4360 τὴν
2596 4291 2745 4344 πόλιν
2776 4289 2867 4343 τοῦ
2890 4286 3024 4342 Θεοῦ
3052 4287 3149 4357 τὴν
3174 4287 3429 4358 ἀληθινὴν
3455 4277 3484 4339 ό
3508 4284 3667 4348 αὑτὸς
3694 4285 3929 4355 παρίστη
3956 4283 4040 4339 λέ-

2469 4400 2613 4451 γων’
2651 4384 2712 4438 Ἠ
2734 4382 2802 4435 δὲ
2829 4382 2951 4436 ἄνω
2985 4381 3369 4451 Ἰερουσαλὴμ
3392 4364 3677 4445 ἐλευθέρα
3700 4376 3896 4441 ἐστὶν,
3911 4376 4039 4444 ἥτις

2468 4477 2597 4530 ἐστὶ
2622 4476 2818 4545 μήτηρ
2858 4475 3044 4545 ἡμῶν.
3074 4476 3235 4546 Ὄρος
3260 4474 3317 4527 δὲ
3346 4472 3437 4526 τοῦ
3468 4470 3601 4525 Θεοῦ
3630 4468 3849 4536 ἐπάξιον
3878 4469 4038 4532 αὑτὸς

2468 4570 2497 4622 ὁ
2527 4564 2773 4639 οὐρανός.
2811 4568 3026 4639 Ἐπειδὴ
3058 4568 3113 4621 δὲ
3159 4567 3252 4621 καὶ
3292 4567 3416 4639 τοὺς
3459 4565 3550 4616 ἐπὶ
3589 4562 3691 4632 γῆς
3724 4558 4036 4631 ἀνθρώπους

2469 4664 2567 4715 οὑκ
2594 4636 2872 4733 ἀπηξίωσε
2902 4636 3241 4731 τῆς-οἰκείας
3274 4636 3571 4731 βασιλείας·
3604 4654 3762 4708 τοῦτο
3787 4653 3895 4725 γὰρ
3920 4653 4035 4723 ὲδή-

2469 4757 2561 4809 λου
2592 4758 2619 4811 ὁ
2653 4756 2757 4827 πρὸ
2794 4756 2983 4809 τούτου
3017 4756 3225 4826 eam;
3257 4754 3462 4821 λέγων·
3492 4747 3791 4813 Βασιλεὺς
3836 4745 4034 4814 πάσης

2468 4847 2577 4916 τῆς
2612 4846 2720 4918 γῆς
2750 4851 2791 4901 ὁΔ
2816 4848 2987 4913 Θεὸς,
3025 4846 3257 4917 irritare
3295 4840 3596 4907 συνετῶς·
3638 4840 4034 4893 ἐϐασίλευσεν

2468 4942 2499 4991 ό
2528 4939 2669 5003 Θεὸς
2696 4938 2789 4990 ἐπὶ
2822 4937 2893 4991 τὰ
2917 4937 3059 5003 ἔθνη
3080 4952 3096 4967 ο
3121 4936 3343 4996 εἰκότως
3384 4932 3478 4985 καὶ
3516 4930 3607 4981 ἐπὶ
3640 4930 3740 4998 τῆς
3766 4928 3866 4999 γῆς
3913 4944 4031 4979 συν-

2466 5031 2595 5100 έστη
2629 5029 2777 5100 αὑτῷ
2810 5029 2961 5092 πόλις
2983 5068 2997 5091 ,
3048 5028 3109 5081 τὸ
3141 5024 3390 5087 θεοσεὸὲς
3415 5022 3613 5097 δηλαδὴ
3644 5021 3943 5091 πολίτευμα
3974 5020 4031 5073 τὸ

2466 5124 2584 5176 καθ’
2608 5122 2734 5193 ὅλης
2760 5122 2859 5191 τῆς
2881 5120 3203 5190 οἰκουμένης
3224 5117 3311 5170 διὰ
3334 5114 3427 5167 τοῦ
3450 5110 3804 5182 εὑαγγελικοῦ
3833 5111 4031 5165 συστὰν

2468 5216 2837 5287 κηρύγματος.
2867 5214 3027 5285 Ὄρος
3066 5212 3122 5263 δὲ
3158 5208 3251 5263 τοῦ
3291 5206 3425 5265 Θεοῦ
3469 5208 3527 5258 ἐν
3630 5204 3691 5258 τὺ
3735 5205 4029 5275 πολίτευμα

2467 5308 2620 5359 τοῦτο
2652 5308 2965 5377 συνέστηκε,
2988 5304 3061 5373 μὴ
3088 5301 3233 5353 ὄκνει
3261 5299 3437 5365 λέγειν
3458 5299 3548 5350 τὸν
3565 5299 3732 5364 Λόγον
3757 5292 3850 5351 τοῦ
3874 5297 4029 5358 Θεοῦ,

2465 5400 2579 5468 ἢτοι
2608 5397 2693 5451 τὸν
2720 5396 2952 5469 Χριστόν
2975 5411 2987 5423 ·
3013 5391 3241 5463 ἐπείπερ
3278 5390 3370 5443 ἐπὶ
3397 5388 3494 5459 τὴν
3520 5388 3719 5460 πέτραν
3750 5387 4025 5460 ᾡκοδόμη-
4056 5434 4063 5463 ι

2462 5508 2547 5542 ται
2576 5490 2733 5543 αὑτοῦ
2770 5492 2804 5560 ἡ
2851 5483 3169 5553 Ἐκκλησία·
3199 5480 3359 5543 αὑτός
3388 5498 3445 5533 τε
3475 5476 3542 5552 ἦν
3574 5483 3605 5551 ἡ
3640 5483 3833 5550 πέτρα.
3865 5472 4027 5538 Οὗτος

2463 5579 2553 5635 οὖν
2582 5584 2671 5636 καὶ
2694 5583 2818 5653 ὅρος
2846 5579 2938 5633 καὶ
2962 5577 3136 5646 πέτρα
3164 5576 3254 5627 καὶ
3281 5573 3526 5645 θεμέλιος
3553 5575 3650 5644 τῆς
3682 5569 4025 5641 Ἐκκλησίας,

2463 5674 2622 5735 αὐτὸς
2670 5674 2732 5727 ἂν
2784 5673 2939 5743 μόνος
2969 5670 3055 5739 εἴη
3089 5667 3226 5721 κατὰ
3273 5667 3361 5719 τὸν
3401 5668 3676 5732 φάσκοντα
3700 5682 3714 5695 ⁸
3746 5657 4023 5729 Θεμέλιρν

3800 5837 3842 5867 τ’
3882 5830 4021 5892 Psal.
