4354 6392
334 475 435 528 4⁵ἳὸ

1440 478 1935 536 COMMENTARIA
1970 479 2031 533 ΙΝ
2067 481 2398 538 PSALMOS.

3413 489 3514 541 7.16

335 593 451 659 μοῖς
469 591 694 662 ὁρῶντες
720 593 847 660 φασί
871 611 883 622 ·
906 594 1171 662 Καθάπερ
1196 597 1552 665 ἠκούσαμεν,
1577 601 1759 666 οὕτως
1785 605 1880 656 καὶ
1913 609 1954 668 Α
1987 604 2054 656 vit

1797 605 1880 656 tat
1913 609 1954 668 Α
1987 604 2232 658 vidimus.
2261 605 2439 670 Quare
2481 607 2594 660 bare
2632 607 2873 662 dicentes
2900 606 2981 660 sic
3009 607 3301 677 alloquitur
3330 607 3516 661 Salva-

333 671 582 750 ἐῖδομεν.
631 682 720 734 Διὸ
746 688 856 746 τοῖς
885 686 1052 739 ταῦτα
1083 672 1372 752 φασκουσιν
1399 688 1578 756 ἔλεγεν
1603 694 1629 744 ὁ
1652 693 1800 762 Σωτὴ
1810 709 1840 762 ρ
1859 709 1871 721 ’

333 770 550 823 Πολλοὶ
581 771 873 840 προφῆται
922 775 1017 827 καὶ
1064 775 1277 828 δίκαιοι
1322 779 1704 848 ἐπεθύμησαν
1734 782 1879 835 ἰδεῖν

295 918 299 924 η
333 857 367 910 d
393 859 560 927 ὑμεῖς
578 860 834 924 ,Βλέπετε
856 879 868 891 ·
909 864 1002 916 καὶ
1025 901 1040 927 ,
1089 865 1278 932 Ὺμῶν
1304 866 1371 919 δὲ
1394 869 1668 937 μακάριοι
1692 875 1746 924 οὶ
1776 873 1880 940 όφ-

332 951 538 1019 θαλμοὶ
559 990 574 1014 ,
608 952 694 1005 ὅτι
712 953 1068 1016 βλέπουσιν.
1130 957 1373 1027 Ἅμμὸζοι
1399 959 1443 1011 δ’
1475 961 1540 1013 ἂν
1577 963 1668 1014 καὶ
1692 964 1819 1032 ἡμῖν
1846 965 1877 1033 ἡ

331 1042 548 1114 τοιαύτη
575 1044 723 1114 φωνὴ
745 1087 759 1111 ,
790 1045 857 1097 τὰ
882 1047 1037 1116 ὅμοια
1063 1047 1400 1118 τεθεαμένοις
1426 1054 1563 1106 κατὰ
1591 1055 1712 1116 τοὺς
1748 1057 1878 1126 ἡμεο

335 1131 520 1208 τὲρους
544 1135 760 1207 χρόνους
779 1154 792 1166 ·
814 1135 848 1188 ἃ
872 1137 934 1208 δὴ
964 1138 1056 1209 καὶ
1087 1138 1380 1212 ἐπληροῦτο
1403 1143 1460 1193 ἐν
1482 1139 1546 1212 τῇ
1575 1145 1878 1214 προλεχθεί-

333 1238 402 1295 σῃ
430 1226 606 1291 πόλει,
643 1227 709 1298 ἢν
737 1229 836 1280 οὐκ
861 1229 1139 1298 ἄνθρωπος
1160 1270 1174 1293 ,
1209 1230 1320 1285 ἀλλ’
1355 1233 1509 1296 αὐτὸς
1535 1235 1564 1284 ὁ
1591 1235 1720 1298 Θεὸς
1763 1237 1880 1290 eos-
1907 1279 1909 1282 .

333 1315 594 1385 μελίωσεν
630 1320 708 1381 είς
733 1319 822 1371 τὸν
846 1320 1033 1373 αἰῶνα.
1104 1321 1346 1374 Μάλιστα
1394 1324 1502 1392 γὰρ
1543 1325 1660 1397 τότε
1713 1328 1879 1396 αὐτῆς

334 1406 576 1473 φαίνεται
601 1408 628 1459 ὁ
647 1407 887 1479 Θεμέλιος
913 1409 1143 1474 ατὼνιος,
1163 1412 1198 1481 ἦ
1217 1429 1272 1463 τε
1299 1412 1544 1485 οἰκοδομὴ
1571 1417 1670 1468 οὐκ
1700 1416 1756 1481 ἐξ
1783 1417 1877 1468 ἀν-

333 1495 560 1566 θρώπων
591 1498 840 1570 ἱδρυμένη
861 1540 876 1563 ,
913 1501 1108 1567 ἁλλ’-ἐξ
1131 1502 1308 1555 αὐτοῦ·
1334 1502 1422 1554 τοῦ
1448 1503 1580 1556 Θεοῦ
1599 1543 1614 1566 ,
1641 1506 1876 1568 ἐπειδὰν,

329 1586 595 1642 τοσούτων
643 1587 909 1660 πολεμίων
955 1593 1410 1663 πολιορκούντων.
1485 1597 1745 1666 ἀήττητος
1788 1599 1878 1650 καὶ

333 1677 686 1748 ἀκαθαίρετος
721 1675 807 1732 δια
815 1681 964 1753 μένῃ.
1589 1677 1592 1680 ’

402 1767 558 1819 Κατὰ
585 1766 648 1818 τὸ
677 1766 858 1836 ὄνομα
885 1786 998 1822 σου
1017 1810 1032 1834 ,
1066 1773 1097 1822 ὀ
1119 1770 1260 1835 Θεὸς
1283 1811 1296 1834 ,
1329 1771 1510 1835 οὕτως
1543 1772 1638 1824 καὶ
1669 1774 1706 1837 ἡ
1735 1774 1881 1824 αἴνε-

330 1856 433 1921 σίς
454 1873 567 1909 σου
582 1858 677 1909 ἐπὶ
705 1859 773 1912 τὰ
794 1861 1011 1927 πέρατα
1031 1859 1133 1926 τῆς
1159 1860 1269 1930 γῆς
1286 1877 1300 1890 ’
1325 1861 1706 1928 δικαιοσύνης
1733 1863 1880 1928 πλή-
1903 1871 1906 1873 ’

329 1965 441 2014 ρης
462 1949 500 2015 ἡ
529 1947 694 2011 δεξιά
712 1967 843 2004 σου.
889 1947 1211 2022 Ἐπειδήπερ
1232 1955 1262 2021 ή
1290 1952 1434 2017 δεξιὰ
1454 1953 1613 2006 αὑτοῦ
1632 1994 1646 2017 ,
1673 1955 1706 2023 ἡ
1733 1955 1884 2022 εὐερ-

332 2040 516 2108 γετικὴ
549 2041 639 2092 καὶ
678 2042 889 2094 πάντων
922 2043 1028 2094 τῶν
1054 2044 1269 2111 ἀγαθῶν
1303 2046 1534 2114 πάροχος
1554 2084 1566 2106 ,
1603 2045 1882 2114 πεπλήρω-

332 2148 418 2183 ται
456 2133 690 2200 ἰσότητος
724 2135 815 2184 καὶ
847 2133 1182 2203 δικαιοσύνης
1204 2173 1220 2198 ,
1246 2135 1344 2187 οὐκ
1371 2134 1482 2187 ἔστι
1512 2152 1567 2187 τε
1600 2141 1882 2205 προσωπο-

313 2219 498 2288 ’ληψία
522 2219 647 2290 παρ’
669 2221 812 2289 αὐτῷ
829 2237 841 2250 ·
868 2222 1088 2283 εἰκότως
1114 2223 1175 2275 τὸ
1229 2221 1548 2290 Εὐαγγέλιον
1577 2223 1737 2274 πᾶσιν
1760 2223 1885 2292 ἐκη-

332 2309 556 2379 puer
578 2314 685 2373 τοῖς
705 2307 896 2364 ἔθνεσι.
932 2312 1021 2364 Διό
1041 2329 1201 2382 φησιν
1229 2315 1257 2364 ὁ
1278 2301 1608 2377 ’Ἄπόστολος
1627 2331 1638 2342 ·
1672 2315 1751 2366 οὐ
1778 2315 1884 2381 γὰρ

325 2400 761 2469 ἐπαισχύνομαι
790 2401 856 2454 τὸ
885 2403 1264 2472 Εὑαγγέλιον.
1317 2405 1568 2472 Δύναμις
1599 2405 1707 2472 γὰρ
1739 2404 1883 2456 Θεοῦ

328 2489 503 2542 ἐστιν
532 2492 617 2555 εὶς
660 2492 954 2556 σωτηρίαν
987 2492 1161 2544 παντὶ
1190 2491 1268 2555 τῷ
1299 2494 1636 2545 πιστεύοντι
1663 2533 1675 2554 ,
1740 2493 1882 2544 Ἰου-

334 2577 479 2649 δᾳίῳ
500 2596 562 2632 τε
581 2579 808 2646 πρῶτον
825 2580 920 2632 καὶ
943 2581 1205 2648 Ἕλληνι.
1231 2584 1583 2647 Δικαιοσύνη
1609 2582 1715 2650 γὰρ
1741 2579 1884 2634 Θεοῦ

328 2669 404 2720 -ὲν
425 2668 584 2733 αὑτῷ
602 2670 1094 2724 ἀποκαλύπτεται.
1147 2670 1360 2733 Τούτοις
1381 2671 1678 2732 ἀκολούθως
1705 2671 1881 2722 ἐπιλέ-

336 2775 490 2828 γεται
523 2755 680 2826 ἐξῆςο
717 2758 1112 2825 Εὺφρανθὴτω
1136 2764 1279 2824 ὅρος
1311 2762 1462 2813 Σιών
1481 2779 1492 2790 ·
1524 2761 1678 2813 τοῦτο
1706 2762 1760 2814 δὲ
1793 2763 1886 2812 καὶ

335 2852 424 2904 διὰ
455 2849 561 2902 τῶν
593 2848 893 2920 ἔμπροσθεν
937 2852 1183 2919 ἐοηιιιῦτο
1205 2890 1219 2913 ,
1272 2852 1355 2919 ἐφ’
1472 2852 1819 2923 τεθεμελίωτο
1852 2854 1884 2922 ἡ

350 2941 658 3012 Ἐκκλησία.
733 2942 798 2994 Ἦ
829 2941 998 3008 πέτρα
1029 2936 1118 2994 οὖν
1174 2944 1267 2995 καὶ⁸
1298 2944 1357 2994 τὸ
1388 2943 1509 3014 ὅρος
1559 2943 1716 3006 αὐτὸς
1760 2940 1826 3014 ἦν
1859 2946 1886 2996 6

337 3022 584 3100 Χριστός.
643 3029 830 3100 Χαίρει
860 3029 1034 3081 τοίνυν
1062 3031 1153 3080 καὶ
1185 3031 1360 3099 πάσης
1390 3031 1719 3103 εὐφροσύνης
1749 3033 1884 3101 τελη-
1924 3063 1926 3066 ν

337 3121 525 3192 ροῦται
579 3120 671 3172 ὲπ¹ι
718 3123 782 3190 τῇ
819 3118 1023 3191 μεγάλῃ
1057 3123 1142 3171 ἐπ’
1173 3121 1318 3190 αὐτῴ
1346 3122 1594 3193 οἰκοδομῇ
1621 3162 1633 3184 ,
1685 3124 1776 3176 καὶ
1819 3125 1884 3194 τῇ

331 3213 743 3282 ἀκαταμαχήτῳ
771 3211 952 3275 πόλει,
992 3211 1084 3263 καὶ
1129 3210 1406 3282 συγχαίρει
1429 3214 1541 3276 τοῖς
1569 3211 1887 3283 σωζομένοις

1977 704 2063 750 tor
2093 715 2106 749 :
2157 695 2317 749 Multi
2367 699 2622 765 prophetia
2665 709 2714 752 et
2759 699 2888 765 iusti
2914 699 3183 768 voluerunt
3209 702 3379 755 videre
3404 717 3517 770 qua:

1978 802 2064 839 vos
2096 785 2278 840 videtis
2301 787 2343 817 '°
2370 805 2385 853 ;
2414 795 2495 840 et:
2540 786 2712 841 Vestri
2744 796 2916 840 autem
2940 789 3076 842 beati
3103 790 3262 854 oculi,
3286 791 3411 858 quia
3441 791 3518 842 vi-

1978 875 2099 929 dent
2123 877 2188 927 ²¹.
2222 875 2387 930 Nobis
2411 892 2626 946 quoque
2664 877 2777 931 htec
2807 893 2910 932 vox
2937 885 3224 947 competat,
3255 880 3348 948 qui
3379 887 3517 933 tem-

1978 967 2203 1035 poribus
2228 967 2428 1022 nostris
2457 969 2655 1022 similia
2687 968 2921 1034 vidimus
2946 969 3000 1022 in
3026 967 3276 1036 pmdicta
3298 969 3514 1022 civitate

1979 1055 2229 1124 impleta;
2261 1073 2419 1126 quam
2452 1074 2556 1112 non
2597 1059 2778 1124 homo,
2812 1059 2904 1115 sed
2951 1059 3064 1128 ipse
3089 1058 3228 1112 Deus
3273 1058 3514 1113 fundavit

1981 1147 2036 1200 in
2081 1148 2356 1202 saeculum.
2408 1146 2560 1202 Tunc
2605 1149 2770 1218 porro
2822 1149 3055 1203 maxime
3108 1148 3537 1216 fundamentum,

1977 1237 2098 1302 ejus
2122 1245 2405 1301 aeternum,
2448 1247 2828 1310 structuraque
2876 1240 3020 1296 illius
3054 1254 3162 1294 non
3189 1240 3257 1293 ab
3283 1239 3513 1295 homini-

1978 1328 2082 1383 bus
2117 1329 2350 1384 excitata
2379 1330 2611 1394 videtur,
2650 1331 2744 1385 sed
2776 1331 2846 1385 ab
2885 1332 3002 1401 ipso
3032 1329 3172 1386 Deo:
3206 1346 3326 1386 cum
3364 1331 3513 1385 obsi-

1977 1416 2232 1472 dentibus
2289 1416 2678 1480 to‘t'inimicis.
2737 1421 2934 1474 invicta
2979 1428 3032 1475 et
3089 1405 3514 1490 inexpugnabilis

1978 1513 2177 1559 manet.

2051 1759 2210 1815 Vens.
2241 1762 2323 1824 Η,
2352 1761 2434 1813 1‘2.
2465 1761 2754 1814 Secundum
2783 1779 2963 1816 nomen
2994 1766 3440 1846 tuum,Deus,lsic
3468 1777 3517 1820 et

1982 1853 2098 1906 laus
2124 1861 2215 1905 tua
2235 1851 2287 1903 in
2307 1851 2432 1930 fines
2455 1859 2603 1904 terra:
2627 1868 2644 1904 :
2659 1852 2875 1920 justitia
2899 1855 3050 1922 plena
3076 1865 3150 1908 est
3172 1855 3387 1908 dextera
3404 1867 3518 1913 tua.

1918 1953 1957 2006 Β
1986 1951 2254 2017 Quoniam
2304 1949 2539 2004 beneﬁca
2593 1949 2710 2017 ejus
2760 1949 2999 2012 dextera,
3027 1964 3145 2018 quze
3170 1949 3310 2004 bona
3336 1949 3512 2002 omnia

1985 2042 2263 2113 elargitur,
2301 2041 2664 2110 aequabilitate
2693 2048 2746 2094 et
2781 2041 2991 2109 justitia
3021 2041 3178 2110 plena
3209 2047 3310 2102 est,
3343 2053 3538 2108 neque

1985 2132 2095 2185 ulla
2144 2141 2227 2186 est
2277 2129 2419 2200 apud
2470 2130 2645 2199 ipsum
2695 2144 3046 2199 personarum
3083 2129 3354 2197 acceptio;
3397 2127 3517 2196 jure

1985 2221 2324 2292 Evangelium
2353 2219 2600 2274 omnibus
2627 2220 2876 2289 gentibus
2899 2216 3517 2288 praedicabatur.Quatn-

1980 2313 2164 2364 obrem
2237 2310 2411 2378 inquit
2455 2308 2748 2378 Apostolus
2813 2327 2824 2361 :
2888 2307 3010 2361 Non
3068 2309 3203 2360 enim
3281 2305 3519 2359 erubesco

1985 2399 2343 2468 Evangetium.
2389 2398 2561 2452 Virtus
2587 2400 2724 2452 enim
2755 2398 2850 2452 Dei
2901 2409 2977 2453 est
3015 2401 3068 2451 in
3116 2398 3335 2451 salutem
3383 2397 3520 2450 omni

1983 2487 2230 2553 credenti,
2264 2487 2454 2541 Iudaeo
2483 2491 2706 2555 primum
2759 2498 2808 2542 et
2855 2489 3056 2542 ϐιαιο.
3111 2486 3332 2539 Iustitia
3385 2485 3522 2540 enim

1986 2578 2079 2632 Dei
2128 2579 2183 2631 in
2224 2594 2280 2630 eo
2330 2579 2586 2632 reveletur
2615 2579 3126 2647 “.‘Consequenter
3159 2586 3338 2630 autem
3371 2576 3522 2630 addi-

1982 2680 2072 2724 tur
2104 2670 2377 2726 :‘Lwtetur
2404 2686 2550 2724 mons
2586 2670 2714 2724 Sion
2749 2685 2766 2722 :
2809 2670 2952 2738 quod
2994 2685 3061 2722 ex
3099 2667 3521 2736 praecedentibus

1984 2760 2318 2814 declaratum
2349 2769 2451 2822 est,
2483 2773 2606 2812 cum
2639 2758 2705 2812 de
2734 2757 3046 2811 fundatione
3089 2756 3343 2810 Ecclesiae
3394 2769 3521 2824 ages-

1987 2855 2154 2903 retur.
2203 2848 2360 2902 Petra
2417 2848 2582 2915 igitur
2639 2855 2692 2900 et
2739 2861 2893 2900 mons
2935 2847 3049 2915 ipse
3088 2830 3355 2899 Christus
3380 2853 3518 2901 erat.

1985 2937 2194 2994 Gaudet
2221 2939 2400 3007 itaque
2442 2947 2494 2991 et
2538 2937 2684 2990 omni
2737 2936 2919 2989 laetitia
2971 2934 3205 3004 repletur
3233 2933 3297 2988 de
3326 2948 3520 3003 magna

1986 3034 2041 3086 in
2064 3046 2124 3086 se
2152 3030 2372 3085 fundata
2402 3037 2696 3088 structura,
2745 3041 2806 3080 ac
2851 3026 2916 3080 de
2966 3025 3364 3096 inexpugnabili
3397 3024 3522 3078 civi-

1985 3125 2129 3182 tate;
2161 3123 2324 3185 atque
2351 3115 2578 3170 salutem
2616 3115 2792 3168 nactis
2825 3115 3017 3167 salutis
3044 3119 3235 3174 auctor
3263 3111 3522 3167 Dominus

1986 3205 2320 3275 gratulatur;
2361 3205 2468 3257 imo
2515 3204 2675 3263 etiam
2709 3203 2827 3256 ﬁliae
2853 3201 3048 3256 Judazte
3078 3201 3349 3256 exsultant
3397 3215 3525 3270 pro-

327 3301 366 3352 ’ὁ
400 3295 584 3362 σώζων
614 3299 803 3363 αὐτοὺς
828 3300 1060 3370 Κύριοςι·
1105 3298 1236 3351 ἀλλὰ
1268 3302 1359 3353 καὶ
1386 3303 1441 3354 αἱ
1471 3301 1762 3374 θυγατέρες
1791 3303 1888 3373 τῆς
1915 3303 1956 3358 C
1989 3303 2046 3365 pl.

1805 3303 1888 3373 τῆς
1915 3303 1956 3358 C
1989 3283 2108 3365 pter
2124 3295 2328 3364 judicia
2355 3293 2472 3348 Dei.‘
2494 3292 2745 3359 Quamam
2777 3293 2882 3346 illa:
2909 3292 3110 3346 fuerint
3136 3293 3240 3346 nisi
3265 3291 3524 3361 apostoli-

349 3391 604 3454 Ἰουδαίας
622 3391 971 3459 ἀγαλλιῶνται
992 3391 1172 3443 ἕνεκεν
1194 3391 1298 3444 τῶν
1323 3390 1601 3463 κριμάτων
1621 3393 1715 3447 τοῦ
1731 3394 1882 3447 Θεοῦ.

339 3480 496 3544 Τίνες
545 3482 587 3534 δ’
617 3483 680 3536 ἂν
707 3480 814 3536 εἷεν
855 3478 1008 3536 αὗται
1042 3481 1152 3534 ἀλλ’
1183 3483 1214 3552 ἢ
1259 3485 1314 3535 αἱ
1347 3484 1692 3580 ἀπεστολικαὶ
1722 3485 1888 3573 ψυχιρ⁹

336 3573 431 3624 καὶ
452 3574 559 3636 πᾶς
577 3573 605 3624 ὁ
630 3572 737 3626 τῶν
759 3575 1008 3646 μαθητῶν
1028 3576 1121 3630 καὶ
1146 3566 1536 3644 εὐαγγελιςῖτῶν
1567 3574 1660 3628 τοῦ
1686 3566 1886 3648 κυρίου

337 3665 432 3718 καὶ
453 3664 701 3736 Σωτῆρος
729 3667 884 3737 ἡμῶν
910 3667 1080 3740 Ἰησοῦ
1102 3667 1331 3738 Χριστοῦ
1359 3668 1514 3737 χορὸς
1537 3666 1597 3731 ἐξ
1625 3669 1888 3722 Ἰουδαίων

335 3756 694 3827 γεγενημένος
714 3774 728 3822 ;
747 3759 996 3830 Ἔχαιρόν
1011 3778 1072 3830 γε
1091 3761 1195 3833 μὴν
1218 3762 1308 3814 καὶ
1331 3762 1506 3832 πάσης
1524 3761 1888 3829 ἀγαλλιάσεως

338 3845 434 3898 καὶ
464 3845 724 3917 θυμηδίας
755 3849 1082 3920 ἐπληροῦντο
1111 3851 1199 3904 διὰ
1228 3850 1296 3904 τὰ
1321 3851 1500 3909 δίκαια
1537 3852 1772 3921 κρίματα
1796 3855 1888 3906 τοῦ

340 3940 474 3993 Θεοῦ
498 3957 511 3969 ·
548 3939 774 4011 ἐπείπερ
806 3939 869 3992 δι’
892 3941 1067 3994 αὐτῶν
1102 3945 1261 3996 πᾶσιν
1293 3941 1424 4013 ὁμοῦ
1453 3945 1559 4004 τοῖς
1593 3941 1765 3995 ἔθνεσι
1797 3947 1889 3997 καὶ

341 4031 505 4084 πᾶσιν
529 4029 830 4102 ἀνθρώποις
845 4034 1163 4102 ἐκηρύττετο
1183 4034 1242 4086 τὸ
1267 4036 1526 4104 σωτήριον
1545 4033 1886 4102 Εὐαγγέλιον.

411 4141 767 4197 Κυκλώσατε
802 4144 983 4207 Σιὼν,
1026 4146 1123 4198 καὶ
1151 4145 1486 4214 περιλάϐετε
1511 4136 1729 4213 αὐτὴν,
1776 4147 1892 4214 διη-
1929 4161 1932 4165 ‘

341 4233 608 4302 γήσασθε
633 4230 703 4287 ἐν
727 4235 850 4299 τοῖς
885 4236 1126 4304 πύργοις
1152 4238 1357 4306 αὐτῆς.
1395 4237 1577 4292 Θέσθε
1612 4238 1716 4304 τὰς
1752 4255 1889 4306 καρ-

319 4311 476 4392 ⁴δίας
499 4323 664 4394 ὑμῶν
697 4324 783 4391 εἰς
804 4324 916 4393 τὴν
951 4324 1203 4395 δύναμιν
1236 4327 1421 4397 αὐτῆς
1444 4329 1587 4394 ,καὶ
1623 4328 1888 4383 καταδιέ-

337 4420 524 4472 -λεσθε
552 4415 659 4483 τὰς
705 4416 913 4485 ,βάρεις
957 4415 1144 4484 αὐτῆς
1167 4457 1180 4478 ,
1221 4419 1377 4486 ὅπως
1408 4419 1483 4474 ἂν
1509 4413 1892 4490 ’διηγήσησθε

340 4511 431 4575 εις
450 4507 660 4577 γενεὰν
683 4505 906 4575 ἑτέραν.
943 4507 1066 4559 Ὅτι
1092 4501 1268 4572 οὗτός
1292 4509 1460 4562 ἐστιν
1477 4512 1509 4562 ό
1537 4507 1676 4576 Θεὸς
1704 4511 1888 4580 ἡμῶν,

341 4599 527 4663 αὐτὸς
559 4597 831 4669 ποιμανεῖ
867 4588 1022 4667 ἡμᾶς
1055 4599 1141 4661 εἰς
1187 4596 1325 4662 τοὺς
1361 4598 1594 4667 αἰῶνας.
1673 4601 1752 4655 Τὰ
1796 4603 1892 4672 μὲν
1918 4627 1968 4686 D

343 4690 701 4762 προλεχθέντα
720 4691 892 4744 πάντα
912 4687 1178 4755 θεολογίαν
1193 4688 1431 4758 περιέχει
1452 4690 1545 4742 τοῦ
1572 4691 1645 4743 τὰ
1661 4691 1894 4746 τοσαῦτα.

343 4780 404 4834 ὲν
424 4783 726 4854 ἀνθρώποις
752 4780 1192 4851 κατωρθωκότος·
1216 4779 1285 4831 τὰ
1305 4779 1360 4831 δὲ
1382 4781 1709 4851 προκείμενα
1727 4799 1890 4853 προσ-

348 4876 600 4939 φωνεϊται
634 4874 712 4937 εἰς
739 4871 1024 4942 πρόσωπόν
1071 4885 1248 4929 τινων,
1277 4867 1351 4930 ὡς
1374 4865 1438 4919 ἂν
1461 4868 1558 4938 τὴν
1585 4869 1889 4939 προλεχθεῖ-

345 4977 445 5014 σαν
473 4962 625 5015 πόλιν
655 4961 747 5015 τοῦ
781 4961 911 5015 Θεοῦ
954 4958 1248 5014 διαλάϐοιεν
1293 4957 1660 5021 κυκλώσαντες
1699 4960 1888 5030 αὐτὴν,

343 5050 437 5103 καὶ
466 5053 582 5114 ταῖς
610 5051 757 5123 χερσὶ
784 5051 1163 5122 ,πριλαὸόντες
1181 5065 1194 5078 ’
1229 5047 1302 5110 ὡς
1319 5045 1410 5110 ἂν,
1441 5048 1766 5117 πανταχόθεν
1791 5051 1887 5102 αὺ-

343 5139 441 5211 τὴν
466 5142 1008 5210 περιστοιχισάμενοι,
1026 5139 1354 5207 φυλάττοιεν.
1370 5137 1487 5189 Τίσι
1504 5135 1558 5189 δὲ
1588 5132 1694 5206 ἆρα
1720 5155 1885 5208 προσ-

344 5231 592 5283 τάττεται
618 5229 787 5283 ταῦτα
817 5233 984 5282 ποιεῖν
1004 5250 1016 5293 ;
1034 5225 1202 5300 οἶμαι
1221 5268 1235 5291 ,
1281 5229 1359 5280 ὅτι
1388 5227 1504 5287 ταῖς
1533 5224 1629 5292 τὴν
1665 5226 1880 5299 Ἐκκλημ

346 5321 465 5375 σίαν
511 5317 604 5372 τοῦ
648 5305 780 5371 Θεοῦ
834 5321 924 5372 καὶ
952 5321 1010 5372 τὸ
1053 5323 1108 5372 ἐν
1140 5320 1274 5390 αὐτῇ
1309 5316 1549 5377 θεοσεϐὲς
1593 5316 1887 5390 πολίτευμα

347 5409 702 5484 φρουρούσαις
735 5410 904 5472 θείαις
939 5411 1224 5480 δυνάμεσιν
1253 5451 1266 5474 ,
1329 5407 1572 5476 ἀγγέλοις
1605 5423 1663 5459 τε
1694 5409 1886 5476 ἁγίοις.

344 5503 564 5566 Τούτοις
596 5496 685 5554 οὖν
735 5501 914 5561 αὐτοῖς
965 5500 1026 5552 τὸ
1057 5499 1277 5572 Πνεῦμα
1306 5500 1365 5552 τὸ
1395 5499 1542 5565 ἆγιον
1590 5504 1893 5567 προσφωνεί

343 5593 532 5663 λέγον·
595 5589 947 5648 Κυκλώσατε
984 5587 1154 5652 Σιὼν,
1183 5589 1280 5643 καὶ
1314 5586 1647 5656 περιλὰὄετε
1670 5587 1888 5655 αὐτήν·

345 5685 547 5752 ἤγουν,
581 5681 1003 5755 περιτειχίσατε
1023 5718 1037 5742 ,
1076 5680 1211 5733 κατὰ
1239 5681 1326 5732 τὸν
1371 5678 1679 5750 Σύμμαχον.
1751 5679 1892 5734 Ἀντὶ
1923 5668 1926 5671 ’

420 5843 465 5874 ιο
503 5840 632 5894 Luc.
674 5854 743 5902 ι,
781 5819 870 5892 ει.
943 5836 986 5866 ἰ
1028 5836 1157 5891 ibid.
1187 5834 1277 5890 ea
1350 5837 1393 5881 η
1436 5836 1590 5889 nam.
1612 5847 1678 5900 1,
1712 5832 1799 5898 ιο,
1836 5833 1920 5888 l7.

621 5935 887 5995 Pnaoa.
921 5931 1035 5995 Gn.
1083 5931 1314 5995 XXIII.

1989 3401 2065 3440 ραι
2092 3385 2301 3448 animae,
2336 3392 2591 3453 totusque
2617 3375 3003 3451 discipulorum
3046 3381 3525 3449 evangelistarum-

1987 3493 2092 3548 que
2123 3475 2334 3531 Domini
2363 3483 2418 3530 et
2453 3473 2750 3528 Salvatoris
2792 3470 2966 3524 nostri
2998 3469 3125 3524 Jesu
3156 3468 3359 3529 Christi
3387 3468 3522 3520 cho-

1988 3546 2102 3630 rus,
2124 3583 2191 3622 ex
2215 3565 2412 3620 Iudaeis
2440 3564 2632 3618 ortus?
2672 3562 3015 3632 Laetabantur
3061 3573 3244 3628 porro,
3280 3572 3344 3610 ac
3377 3557 3520 3611 omni
3606 3546 3609 3549 ’

1987 3656 2344 3712 exsultatione
2375 3662 2431 3708 et
2469 3655 2634 3709 animi
2679 3651 2877 3723 gaudio
2907 3650 3271 3721 replebantur,
3305 3639 3522 3718 propter

1986 3749 2135 3820 juata
2172 3747 2264 3803 Dei
2297 3745 2528 3816 judicia,
2575 3745 2701 3814 quia
2741 3744 2982 3813 ipsorum
3013 3741 3312 3795 ministerio
3347 3739 3523 3793 omni-

1990 3843 2088 3895 bus
2111 3855 2220 3910 una
2249 3837 2514 3907 gentibus,
2542 3833 2903 3904 omnibusque
2954 3833 3261 3886 hominibus
3290 3831 3523 3886 salutare

1992 3927 2338 3997 Evangelium
2367 3925 2811 3979 annuntiabatur.

2065 4131 2230 4185 Vens.
2291 4129 2471 4183 13-15.
2537 4129 2868 4183 Circumdate
2932 4128 3175 4191 Sion,_et
3228 4126 3522 4192 complecti-

1995 4224 2117 4277 mini
2141 4238 2275 4284 eam,
2324 4230 2537 4274 narrate
2585 4221 2638 4272 in
2684 4220 2914 4273 turribus
2963 4220 3095 4286 ejus.
3150 4216 3333 4269 Ponite
3363 4207 3524 4269 corda

1991 4322 2157 4370 vestra
2197 4311 2248 4362 in
2296 4311 2481 4363 virtute
2510 4311 2643 4378 ejus,
2681 4319 2732 4361 et
2775 4307 3068 4360 distribuite
3096 4305 3274 4357 domos
3301 4304 3436 4367 eius,
3468 4315 3524 4358 ttt

1987 4403 2241 4463 enarrem
2280 4401 2332 4452 in
2369 4391 2608 4469 progenie
2650 4400 2838 4480 altera.
2875 4398 3134 4463 Quoniam
3157 4395 3238 4447 hic
3264 4404 3341 4446 est
3376 4393 3526 4450 Dent

1994 4493 2129 4546 Deus
2153 4499 2348 4553 noster,
2381 4492 2488 4558 ipse
2521 4499 2692 4556 pascet
2724 4506 2816 4542 nos
2846 4490 2899 4541 in
2928 4487 3144 4541 swcuta.
3190 4485 3319 4554 Quae
3358 4500 3524 4554 supra

1993 4584 2134 4638 dicta
2189 4590 2315 4636 sunt
2358 4582 2560 4643 omnia,
2611 4578 2934 4647 theologiam
2969 4578 3246 4631 continent
3276 4577 3396 4647 ejus
3433 4577 3525 4645 qui
3573 4616 3576 4619 -

1991 4681 2072 4729 tot
2098 4679 2352 4740 tantaque
2377 4678 2525 4740 gesta
2561 4668 2614 4721 in
2642 4666 2949 4722 hominibus
2979 4666 3166 4722 edidit.
3198 4665 3324 4721 llaec
3348 4675 3526 4720 autem
3559 4721 3566 4726 ,

1944 4788 1948 4792 ·
1991 4765 2194 4836 profert
2214 4761 2281 4816 ad
2313 4774 2595 4831 personam
2622 4759 2998 4828 quorumdam,
3035 4766 3095 4813 ut
3124 4759 3190 4813 ad
3218 4758 3526 4829 praedictam

1992 4855 2086 4910 Dei
2129 4852 2398 4908 civitatem
2443 4850 2740 4905 concedant
2773 4849 3176 4913 circumdantes
3206 4852 3395 4918 ipsam,
3447 4848 3527 4917 ip-

1994 4948 2176 5016 sisque
2203 4943 2451 4997 manibus
2478 4943 2929 5012 complectantur,
2966 4951 3025 4995 ut
3064 4939 3555 4995 circumsistentes

1993 5038 2248 5106 undique,
2293 5035 2460 5103 ipsam
2497 5044 2767 5089 tueantur.
2815 5033 3149 5100 Quibusnam
3205 5031 3319 5084 haec
3372 5044 3528 5098 agere

1994 5126 2268 5200 praecipit?
2298 5125 2502 5180 Divinis
2532 5127 2768 5180 arbitror
2795 5125 3176 5194 potestatibus,
3201 5135 3318 5190 quae
3344 5118 3526 5173 Eccle-

1993 5220 2126 5290 siam
2180 5204 2284 5270 Dei.
2331 5216 2555 5286 ejusque
2624 5216 2934 5286 religiosum
2996 5213 3298 5267 institutum
3351 5215 3526 5262 custo-

1991 5310 2165 5367 diunt.
2200 5308 2508 5378 sanctisque
2535 5309 2660 5380 item
2720 5307 2940 5377 angelis.
2992 5303 3100 5358 llos
3149 5303 3327 5370 itaque
3377 5299 3526 5368 ipsos

1923 5415 1932 5418 ‘
1994 5399 2224 5470 Spiritus
2258 5407 2479 5454 sanctus
2507 5392 2793 5470 compellat
2825 5399 2911 5452 his
2941 5395 3117 5451 verbis
3143 5412 3155 5446 :
3192 5389 3524 5445 Circumdate

1995 5491 2142 5555 Sion,
2169 5497 2217 5543 et
2238 5490 2637 5559 complectimini
2661 5505 2808 5552 eam;
2841 5489 2973 5548 sive,
3023 5484 3183 5536 muris
3215 5482 3537 5563 circummw.

1993 5586 2116 5648 nite,
2148 5583 2440 5638 secundum
2467 5583 2866 5654 Symmachum.
2899 5578 3002 5631 Pro
3028 5577 3118 5629 illo
3146 5582 3346 5636 autem,
3393 5579 3523 5630 ἠατ-

1998 5678 2188 5732 ratein
2232 5679 2460 5733 turribus
2507 5676 2641 5745 ejus,
2700 5675 2911 5754 Aquila,
2965 5676 3274 5738 computate,
3329 5667 3523 5739 inquit,

3186 5908 3258 5970 115
