4354 6422
789 454 890 541 δεῖ

1486 452 1752 510 EUSEBll
1790 455 2268 515 CASSARIENSIS
2305 460 2679 529 OPP._’PARS
2711 418 2804 521 lll.
2848 489 2915 505 --
2942 466 3346 522 Ελεοείιυλ.

3939 475 4051 531 428

788 585 968 624 muros
996 571 1147 640 ejus;
1190 568 1550 642 Symmachus
1580 587 1733 639 vero,
1771 584 2061 637 numerate.
2114 574 2177 631 Et
2232 591 2360 632 vero
2388 585 2434 641 Α
2462 578 2507 632 δὲ

2318 593 2360 631 Ὀ
2388 585 2434 641 Α
2462 578 2519 632 δὲ
2547 579 2668 633 τοῦθ
2706 582 3081 650 Διηγήσασθε
3106 581 3177 634 ἐν
3214 580 3339 647 τοῖς
3366 580 3614 652 πύργοις
3636 582 3857 651 αὐτῆς,
3889 586 3919 639 ό
3946 586 4037 657 μὲι

788 662 1169 729 praestantiora
1213 662 1450 718 maxime
1478 662 1729 727 adiﬁcia,
1764 679 1828 719 ac
1874 680 1995 736 qua:
2044 667 2100 721 in
2135 668 2360 725 civitate

788 754 1082 809 munitiora
1112 763 1287 818 erant,
1319 761 1509 825 utpote
1539 757 1764 825 majoris
1796 760 2055 814 momenti
2088 774 2151 815 ac
2174 776 2362 818 neces-

788 846 963 901 sitatis
979 860 1142 916 quam
1168 854 1389 908 caetera,
1426 848 1745 904 memoratis
1779 850 2099 907 custodibus
2128 868 2358 909 numero

785 939 983 993 tradita
1012 949 1140 995 sunt
1168 940 1236 994 ad
1262 940 1520 1006 tutelam;
1550 941 1881 1016 IIttraditum
1911 942 2013 997 sibi
2043 958 2353 1011 numerum,

784 1030 992 1084 salvum
1024 1031 1410 1103 integrumque
1444 1033 1820 1088 restituerent.
1852 1031 1980 1089 Haec
2014 1050 2178 1105 porro
2207 1036 2355 1092 dicta

782 1136 847 1175 ex
888 1118 1191 1179 Salvatoris
1222 1139 1354 1179 voce
1386 1124 1676 1196 intelligas,
1715 1141 1824 1197 qua
1857 1128 2006 1197 ipsos
2052 1128 2355 1199 discipulos

779 1222 833 1267 et
858 1216 1161 1284 apostolos,
1192 1217 1287 1286 qui
1316 1232 1412 1271 ceu
1458 1224 1641 1284 turres
1674 1219 1887 1275 caeteris
1920 1220 2165 1278 aediliciis
2215 1238 2354 1292 prae-

779 1305 1016 1372 stabant,
1050 1307 1132 1362 sic
1177 1308 1557 1378 alloquebatur
1585 1328 1596 1362 :
1642 1308 1815 1364 Vestri
1846 1320 2019 1364 autem
2051 1312 2232 1383 capilli
2261 1330 2356 1367 ca-

775 1398 899 1463 pitis
929 1414 1106 1452 omnes
1130 1400 1393 1455 numerati
1421 1408 1546 1452 sunt
1575 1400 1638 1453 ²³.
1670 1398 1804 1454 Nam
1835 1402 1927 1472 qui
1958 1403 2109 1472 ipsos
2139 1404 2207 1458 ad
2232 1410 2352 1457 tan-

758 1495 889 1557 tam
924 1488 1314 1543 sublimitatem
1365 1489 1566 1551 evexit,
1619 1499 1670 1543 et
1726 1483 2137 1546 Ecclesim‘sum
2168 1499 2350 1549 turres

775 1581 1085 1645 constituit,
1140 1595 1208 1635 ne
1258 1581 1390 1652 quid
1446 1581 1514 1635 ab
1564 1581 1802 1637 inimicis
1839 1583 1966 1667 mali
1996 1590 2344 1654 paterentur,

774 1672 1077 1742 majoribus
1131 1674 1279 1743 ipsos
1325 1672 1667 1737 custodibus,
1703 1673 1957 1730 videlicet
2006 1676 2212 1731 sanctis
2244 1690 2347 1751 an-

771 1766 905 1837 gelis
937 1765 1120 1821 tradit.
1166 1764 1321 1821 Unde
1378 1766 1432 1819 in
1482 1766 1711 1822 Actibus
1756 1768 2149 1837 apostolorum,
2188 1754 2345 1837 gnari
2384 1768 2389 1773 “

772 1857 1016 1928 singulos
1054 1855 1363 1913 Scrvatoris
1405 1858 1703 1928 discipulos
1751 1859 2080 1929 quibusdam
2138 1862 2344 1932 angelis

770 1951 999 2004 traditos
1030 1964 1172 2016 esse,
1215 1952 1566 2007 renuntiante
1598 1950 1805 2021 puella,
1833 1949 2054 2005 Petrum
2076 1966 2220 2016 esse,
2248 1954 2341 2023 qui

761 2042 987 2112 januam
1012 2044 1347 2113 pulsaverat,
1366 2043 1564 2113 reliqui
1599 2041 1859 2114 discipuli
1888 2043 2166 2108 dixerunt,
2198 2043 2342 2097 Num

765 2136 983 2205 angelus
1009 2136 1234 2206 ejusest
1255 2136 1302 2165 "
1319 2131 1482 2190 ?~lmo
1510 2135 1676 2191 etlam
1703 2135 1770 2190 de
1793 2135 2016 2206 pusillis
2044 2136 2101 2189 in
2152 2135 2343 2193 Eccle-

764 2231 845 2284 sia
876 2227 1138 2283 Servator
1184 2227 1300 2283 haec
1345 2227 1513 2283 tradit
1546 2247 1561 2283 :
1597 2226 1742 2282 Nam
1785 2229 2173 2300 angelicorum
2202 2245 2339 2283 sem-

762 2334 854 2372 ver
881 2318 1058 2374 uident
1094 2319 1285 2388 faciem
1315 2318 1493 2373 Patris
1510 2319 1639 2385 mei,
1666 2320 1756 2389 qui
1782 2320 1837 2372 in
1864 2320 2115 2373 caelis-est
2144 2320 2212 2375 ”.
2239 2306 2339 2374 Ju-

762 2425 822 2465 re
852 2426 982 2480 ergo
1014 2411 1082 2467 iis
1119 2411 1377 2482 praesenti
1426 2426 1681 2468 sermone
1724 2411 2042 2481 praecipitur
2078 2430 2091 2465 :
2132 2410 2336 2466 Nume-

760 2513 876 2558 rate
919 2514 1090 2558 turres
1139 2504 1274 2573 ejus.
1326 2503 1589 2577 Deinceps
1616 2519 1785 2559 vero:
1823 2503 2204 2559 Ponitecorda
2239 2522 2334 2560 ive-

758 2606 872 2650 stra
903 2598 956 2650 in
986 2598 1177 2651 virtute
1209 2597 1345 2665 ejus,
1387 2579 1770 2652 etdistribuite
1818 2597 2004 2651 domos
2059 2597 2210 2666 ejus;
2245 2613 2333 2654 se-

757 2688 997 2743 cundum
1035 2687 1425 2760 Symmachum
1465 2698 1670 2753 autem,
1706 2688 1894 2743 Ponite
1942 2691 2105 2744 corda
2156 2699 2331 2745 uestra

754 2783 812 2835 in
836 2770 1099 2834 ambitum
1120 2780 1236 2851 ejus
1259 2798 1277 2835 :
1307 2782 1567 2835 metimini
1600 2782 1797 2851 regiam
1827 2780 1962 2851 ejus.
1992 2780 2116 2837 Haec
2147 2783 2329 2837 omnia

755 2888 916 2940 agere
945 2872 1214 2942 jubenture
1232 2873 1492 2929 custodes
1515 2871 1815 2929 Ecclesiae:
1843 2872 2329 2929 Castrametabitur

750 2965 894 3020 enim
930 2965 1149 3035 angelus
1184 2963 1399 3019 Domini
1432 2966 1485 3018 in
1515 2962 1742 3019 circuitu
1772 2967 2069 3020 timentium
2106 2984 2247 3032 eum,
2277 2977 2328 3022 et

749 3057 931 3125 eripiet
987 3073 1075 3111 eos
1105 3058 1173 3110 ’°.
1222 3056 1372 3122 Quas
1423 3064 1604 3111 autem
1633 3056 1831 3113 domus
1867 3047 2093 3127 indicat,
2120 3058 2228 3113 nisi
2260 3058 2327 3119 de

748 3148 951 3219 quibus
978 3148 1151 3217 supra
1175 3147 1483 3212 dicebatur,
1530 3147 1673 3203 Deus
1703 3150 1757 3202 in
1800 3147 2045 3204 domibus
2085 3149 2199 3219 ejus
2231 3167 2324 3204 ce-

745 3243 1040 3310 gnoscitur,
1078 3257 1197 3295 cum
1232 3242 1482 3311 suscipiet
1516 3243 1680 3304 “eam'?
1705 3239 1827 3297 Jam
1858 3241 2183 3298 dicebamus
2224 3258 2322 3313 per

746 3327 1021 3391 civitatem
1053 3334 1150 3390 Dei
1199 3335 1428 3407 intelligi
1458 3335 1775 3407 religiosum
1814 3336 1976 3391 omne
2004 3336 2317 3391 institutum

745 3424 804 3481 in
841 3427 1098 3482 universa
1151 3435 1298 3483 terra
1350 3426 1680 3494 stabilitum;
1735 3442 1834 3498 per
1880 3426 2073 3482 domos
2108 3434 2314 3493 autem,

743 3519 1006 3575 ecclesias
1054 3520 1298 3591 singulas
1326 3520 1493 3575 variis
1541 3520 1598 3573 in
1643 3520 1778 3575 locis
1808 3519 2038 3590 positas.
2077 3517 2319 3591 Singulae

743 3620 928 3668 autem
962 3612 1068 3667 illae
1120 3611 1378 3684 praesenti
1433 3626 1687 3667 sermone
1736 3611 1995 3667 distribui
2029 3611 2309 3681 jubentur.

739 3697 871 3754 Vult
919 3700 1066 3755 enim
1119 3700 1367 3770 singulos
1398 3700 1624 3771 angelos
1657 3701 2018 3756 ecclesiarum
2069 3702 2315 3771 singula—

739 3806 861 3845 rum
894 3778 1000 3847 sibi
1028 3793 1450 3848 commissarum
1480 3796 1736 3851 custodes
1788 3811 1930 3852 esse.
1988 3794 2185 3852 Postea
2232 3796 2312 3852 sic

740 3882 968 3947 claudit,
1005 3893 1062 3935 ut
1087 3885 1345 3940 enarretis
1380 3887 1435 3939 in
1463 3888 1708 3956 progenie
1732 3889 1939 3943 ~altera.
1976 3888 2311 3960 Angelorum

740 3973 1043 4039 enimerat
1092 3975 1328 4038 virtutes
1356 3975 1451 4031 Dei
1508 3993 1602 4049 per
1643 3979 1890 4036 diversas
1928 3981 2311 4052 generationes

737 4082 993 4125 enarrare
1024 4082 1207 4137 posse.
1246 4067 1317 4121 Et
1346 4071 1597 4139 quoniam
1629 4070 1711 4125 hic
1741 4080 1819 4126 est
1848 4073 1989 4127 Deus
2029 4072 2169 4128 Deus
2203 4090 2314 4128 no-

735 4169 842 4231 ster
870 4161 925 4214 in
954 4148 1213 4215 teternum
1255 4170 1306 4216 et
1342 4162 1398 4215 in
1441 4162 1696 4216 saxulum
1731 4166 1913 4219 swculi
1937 4205 1952 4229 ,
1991 4166 2099 4235 ipse
2132 4174 2312 4235 pascet

733 4268 828 4306 nos
850 4252 916 4305 in
944 4253 1143 4307 δικαία
1178 4268 1196 4306 :
1248 4268 1346 4309 vos
1377 4253 1602 4323 quidem
1634 4270 1735 4309 ceu
1772 4263 1982 4312 tutores
2012 4256 2227 4314 fueritis
2256 4266 2310 4314 et

732 4344 1177 4414 quasi‘custodes
1203 4345 1417 4417 gregis;
1444 4361 1702 4417 pecorum
1738 4354 1921 4402 autem
1944 4356 2141 4419 pastor
2168 4350 2309 4405 alius

730 4434 915 4494 fuerit.
936 4426 1197 4504 Quisnam
1225 4439 1313 4495 ille
1333 4440 1438 4496 nisi
1469 4442 1563 4511 qui
1582 4441 1720 4497 dixit
1745 4442 1786 4472 ⁸⁷
1818 4461 1829 4496 :
1858 4439 1968 4513 Ego
1990 4458 2106 4496 sum
2123 4453 2308 4513 pastor

732 4529 899 4585 bonus
915 4533 940 4586 ?
2174 4523 2182 4531 ’

2475 671 2725 736 Ἀκύλας,
2738 673 3067 741 Ψηφίσατε,
3092 672 3244 747 φησὶ,
3263 672 3526 743 πύργους
3543 672 3751 743 αὐτῆς·
3775 677 3804 729 ό
3825 662 3885 729 δέ
3898 670 4025 748 Σύμ

2462 780 2666 833 μαχος·
2713 764 3127 833 Ἀριθμήσατε.
3183 763 3435 819 Μάλιστα
3466 764 3574 837 γάρ
3621 766 3691 819 τά
3737 758 4037 839 ἐξοχώτατα

2456 852 2567 908 τῶν
2624 854 3071 926 οἰκοδομημάτων
3105 855 3197 908 καὶ
3229 854 3297 908 τὰ
3324 855 3641 928 ὀχυρώτατα
3682 857 3782 929 τῆς
3812 859 4037 930 πόλεως,

2459 945 2535 1009 ὼς
2558 946 2623 1001 ἂν
2650 946 2930 1018 κρείττονα
2954 946 3048 999 καὶ
3075 946 3183 1000 τῶν
3217 945 3420 1001 λοιπῶν
3443 949 3863 1022 ἀναγκαιότερα,
3892 951 4026 1006 δέδο-

2454 1056 2547 1091 ται
2585 1039 2683 1092 σὺν
2714 1039 2936 1111 ἀριθμῷ
2967 1041 3080 1103 τοῖς
3125 1040 3435 1111 εἰρημένοις
3463 1046 3718 1114 φρουροῖς
3750 1043 4033 1115 φυλάττειν

2456 1127 2748 1199 ἐπιμελῶς,
2779 1129 2854 1192 ὡς
2881 1128 2947 1183 ἀν
2975 1130 3287 1201 παραδῶσιν
3307 1130 3540 1201 ἔμπαλιν
3569 1132 3705 1187 σῶον
3733 1134 3827 1187 καὶ
3852 1135 4031 1208 πλήρη

2453 1218 2511 1272 ὃν
2561 1218 2927 1290 παρειλήφασι
2981 1220 3233 1293 ἀριθμόν.
3310 1222 3541 1293 Νοήσεις
3573 1222 3631 1275 δὲ
3660 1223 3720 1277 τὸ
3747 1224 4043 1297 λεγόμενον

2452 1308 2561 1361 ἀπὸ
2601 1310 2697 1379 τῆς
2732 1309 2997 1381 σωτηρίου
3044 1310 3226 1381 φωνῆς
3246 1350 3260 1376 ,
3294 1310 3361 1364 δι’
3388 1306 3456 1381 ἦς
3485 1314 3596 1375 τοῖς
3644 1314 3825 1378 αὐτοῖς
3859 1314 4007 1389 μαθη

2452 1405 2571 1466 ταῖς
2604 1402 2699 1455 καὶ
2729 1403 3077 1470 ἀποστόλοις,
3112 1405 3226 1467 τοῖς
3262 1403 3503 1476 ὡσπερεί¹
3535 1403 3762 1477 πύργοις
3790 1406 4027 1477 ὲξέχουσι

2450 1496 2546 1549 καὶ
2573 1495 2883 1566 διαφέρουσι
2912 1497 3009 1567 τῆς
3037 1496 3229 1567 λοιπῆς
3263 1495 3569 1567 οἰκοδομῆς,
3600 1496 3781 1566 ἔλεγεν
3800 1515 3814 1527 ’
3846 1492 4043 1567 ’Υμῶν

2448 1589 2517 1643 δὲ
2546 1589 2643 1643 καὶ
2672 1591 2731 1642 al
2756 1588 2949 1656 τρίχες
2984 1587 3093 1657 τῆς
3124 1587 3395 1657 κεφαλῆς
3427 1586 3616 1642 πᾶσαι
3640 1588 4022 1659 ἠριθμημέναι

2447 1680 2624 1734 εἰσίν.
2689 1680 2745 1732 '0
2778 1678 2884 1749 γὰρ
2905 1679 2985 1742 εἰς
3013 1679 3262 1737 τοσοῦτον
3297 1676 3429 1749 ὕψος
3453 1679 3649 1743 αὐτοὺς
3673 1679 3902 1751 ἐπάρας,
3935 1682 4023 1735 καὶ

2448 1771 2688 1843 πύργους
2720 1771 2818 1842 τῆς
2870 1770 3193 1842 Ἐκκλησίας
3226 1770 3389 1825 αὑτοῦ
3423 1771 3771 1842 καταστήσας
3794 1812 3809 1837 ,
3855 1772 3931 1836 ὡς
3960 1772 4021 1826 ἂν

2454 1864 2525 1934 μή
2559 1878 2679 1916 τινα
2714 1844 2936 1915 πάθοιεν
2970 1860 3073 1913 ὑπὸ
3104 1861 3209 1915 τῶν
3243 1860 3483 1933 ἐχθρῶν,
3539 1860 3778 1933 μείζοσιν
3829 1862 4027 1925 αὐτοὺς

2376 1936 2420 1991 Β
2446 1952 2698 2021 φύλαξιν,
2755 1953 2932 2022 ἁγίοις
2956 1952 3207 2022 ἀγγέλοις
3231 1992 3245 2016 ,
3288 1953 3672 2024 παραδίδωσιν.
3745 1949 3938 2007 Ἔνθεν
3967 1955 4028 2007 ὲν

2442 2046 2561 2106 ταῖς
2606 2042 2847 2115 Πράξεσι
2878 2044 2986 2097 τῶν
3030 2043 3373 2105 ἀποστόλων,
3415 2044 3612 2109 εἰδότες
3633 2085 3647 2110 ,
3686 2042 3763 2109 ὼς
3793 2045 4031 2110 ἕκαστος

2440 2131 2549 2185 τῶν
2574 2131 2828 2203 μαθητῶν
2849 2132 2943 2187 τοῦ
2969 2132 3216 2203 Σωτῆρος
3236 2132 3487 2202 ἀγγέλοις
3508 2136 3617 2186 τισὶ
3643 2130 4002 2206 παραδέδοται

2438 2224 2536 2295 τῆς
2569 2224 2857 2294 παιδίσκης
2904 2224 3313 2296 ἀπαγγειλάσης
3335 2264 3350 2288 ,
3384 2224 3459 2288 ὡς
3504 2224 3611 2297 ἀρα
3644 2226 3846 2297 Πέτρος
3876 2228 3960 2299 εῐη
3986 2235 4017 2287 ὁ

2440 2314 2538 2387 τὴν
2558 2315 2725 2387 θύραν
2748 2317 3032 2381 παίσας,οἰ
3053 2315 3228 2369 λοιποὶ
3254 2314 3491 2386 μαθηταί
3514 2315 3719 2384 ἔφασαν
3738 2334 3751 2347 ·
3778 2316 4015 2384 Μήποτε

2442 2408 2697 2480 ἅγγελος
2726 2404 2913 2465 αὐτοῦ
2942 2411 3107 2474 ἐστι;
3155 2410 3403 2465 Διδάσκει
3433 2410 3477 2463 δ’
3506 2406 3599 2464 οὖν
3631 2407 3722 2462 καὶ
3754 2411 3881 2482 περὶ
3911 2410 4014 2463 τῶν

2440 2498 2652 2568 μικρῶν
2699 2498 2756 2551 ὲν
2800 2502 2865 2568 τῇ
2911 2498 3202 2571 Ἐκκλησία
3230 2502 3259 2552 ὁ
3287 2498 3476 2571 Σωτήρ
3524 2499 3728 2568 λέγων*
3792 2502 3855 2552 Ol
3907 2500 4013 2570 γὰρ

2433 2590 2674 2662 ἄγγελοι
2702 2591 2903 2645 αὐτῶν
2920 2591 3016 2645 διὰ
3042 2590 3269 2658 παντὸς
3282 2590 3583 2655 βλέπουσι
3602 2592 3670 2644 τὸ
3691 2591 4012 2659 πρόσωπον

2431 2682 2540 2737 τοῦ
2561 2686 2790 2752 Πατρός
2812 2702 2931 2754 μου
2961 2684 3066 2738 τοῦ
3092 2685 3160 2737 ἐν
3186 2683 3312 2751 τοῖς
3336 2682 3631 2751 οὐρανοῖς.
3661 2683 3896 2745 Εἰκότως
3923 2677 4013 2737 οὖν

2431 2777 2755 2848 προστάττει
2803 2777 2832 2830 ό
2882 2775 3074 2849 παρὼν
3113 2776 3269 2845 λόγος
3317 2776 3526 2840 τούτοις
3577 2776 3756 2838 αὐτοῖς
3802 2774 3976 2844 λέγων
3995 2792 4011 2806 ο

2442 2869 2833 2939 Ἀριθμήσατε
2884 2869 3027 2935 τοὺς
3070 2869 3336 2939 πύργους
3366 2867 3586 2936 αὐτῆς·
3634 2863 3732 2921 εἶθ’
3763 2865 3888 2939 ἑξῆς
3914 2868 4010 2922 τόο

2434 2962 2654 3028 Τάξατε
2674 2956 2780 3030 τὰς
2807 2961 3055 3031 καρδίας
3081 2962 3247 3031 ὑμῶν
3267 2964 3355 3027 είς
3381 2960 3496 3029 τὴν
3519 2959 3774 3029 δύναμιν
3797 2960 4010 3029 αὐτῆς,

2428 3057 2529 3110 καί
2554 3056 2977 3112 καταδιέλεσθε
3004 3055 3110 3121 τὰς
3136 3054 3347 3123 βάρεις
3379 3052 3567 3120 αὐτῆς
3594 3067 3612 3087 ο
3661 3051 3802 3106 κατά
3831 3052 3889 3106 δὲ
3918 3051 4011 3105 τὸν

2425 3145 2751 3217 Σύμμαχον
2819 3144 3039 3209 Τάξατε
3084 3142 3191 3209 τὰς
3243 3142 3488 3210 καρδίας
3540 3140 3707 3209 ὑμῶν
3762 3144 3850 3206 εἰς
3904 3140 4010 3195 τὸν

2425 3242 2744 3311 περίϐολον
2754 3236 2961 3307 αὐτῆς⁸
2980 3233 3407 3304 διαμετρήσατε
3419 3232 3488 3285 τὰ
3497 3232 3781 3296 βασίλεια
3800 3229 4008 3299 αὐτῆς.

2424 3335 2609 3391 Πάντα
2653 3332 2826 3386 ταῦτα
2860 3326 3309 3404 προστάττονται’
3335 3328 3505 3380 ποιεῖν
3536 3327 3584 3377 οἱ
3640 3318 3866 3395 φρουροὶ
3909 3323 4008 3393 τῆς

2438 3427 2760 3499 Ἐκκλησίας
2827 3408 3206 3494 Παρεμόαλεῖ
3240 3420 3348 3491 γὰρ
3376 3419 3628 3491 ἄγγελος
3656 3418 3877 3487 Κυρίου
3906 3419 4009 3473 κύ-

2424 3518 2697 3592 κλῳ-τῶν
2717 3515 3104 3589 φοϐουμένων
3125 3512 3330 3579 αὐτὸν,
3362 3512 3460 3567 καὶ
3484 3512 3737 3581 ῥύσεται
3763 3511 4004 3577 αὐτούς.

2421 3614 2588 3677 Ποίας
2614 3612 2670 3667 δὲ
2690 3610 2875 3683 βάρεις
2909 3607 3149 3682 φησίν,ἢ
3178 3605 3304 3677 περὶ
3331 3599 3405 3659 ὧν
3433 3605 3527 3657 καὶ
3552 3604 3806 3676 ἀνωτέρω
3827 3602 4001 3673 ἐλέγε-

2419 3723 2512 3761 το·
2559 3706 2622 3761 ὀ
2666 3704 2811 3771 Θεὸς
2854 3704 2925 3758 ἐν
2955 3701 3084 3769 ταῖς
3112 3698 3371 3768 ,βάρεσιν
3402 3697 3589 3765 αὐτῆς
3635 3696 4011 3768 γινώσκεται,

2423 3795 2571 3854 ὅταν
2600 3795 3106 3867 ἀντιλαμϐάνῃται
3140 3791 3373 3859 αὺτῆς;
3422 3790 3710 3861 Ἐλέγομεν
3759 3790 3817 3842 δὲ
3851 3789 4006 3843 πόλιν

2423 3895 2522 3967 μὲν
2549 3892 2785 3949 νοεῖσθαι
2818 3894 2926 3944 πᾶν
2950 3890 3011 3943 τὸ
3045 3885 3293 3951 θεοσεϐὲς
3322 3884 3618 3965 πολίτευμα
3645 3884 3705 3937 τὸ
3734 3882 3855 3937 καθ’
3877 3884 4007 3955 ὅλης

2418 3988 2519 4059 τῆς
2544 3986 2887 4057 οἰκουμένης,
2923 3983 3108 4053 βάρεις
3132 3980 3190 4032 δὲ
3217 3976 3386 4046 αὐτῆς
3414 3975 3513 4039 τὰς
3541 3975 3683 4028 κατὰ
3715 3976 3879 4048 μέρος
3911 3976 4004 4029 καὶ

2419 4074 2562 4128 κατά
2590 4073 2754 4127 τόπον
2783 4070 3095 4142 ἐκκλησίας.
3168 4065 3339 4129 Αὐτὸς
3384 4060 3475 4118 οὖν
3499 4065 3700 4130 ταύτας
3731 4065 3827 4129 τὰς
3860 4066 4004 4119 κατά

2422 4167 2588 4239 μέρος
2610 4168 2640 4219 ό
2665 4164 2856 4236 παρὼν
2885 4161 3206 4235 προστάττει
3235 4161 3391 4231 λόγος
3414 4157 3842 4215 καταδιελέσθαι.
3870 4156 4002 4210 Βού-

2418 4262 2567 4315 λεται
2596 4259 2705 4333 γὰρ
2732 4259 2964 4313 ’ἑκαστον
2991 4253 3099 4311 τῶν
3119 4256 3365 4327 ἀγγέλων
3388 4255 3781 4328 ἀφωρισμένως
3810 4254 4002 4326 ὲκκλη-

2419 4354 2548 4407 σιῶν
2570 4370 2731 4407 τινων
2758 4351 2991 4423 φρουρὸν
3006 4347 3317 4422 ἐπιστῆσαι.
3354 4345 3465 4403 Εἶτ’
3488 4347 3726 4417 ἐπιλέγει
3750 4345 3961 4409 τούτοις
3979 4361 3995 4377 ο

2352 4446 2357 4453 ’
2418 4448 2616 4513 Ὅπως
2638 4444 2715 4500 ἂν
2744 4443 3120 4513 διητήσησθε
3156 4443 3242 4510 εἰς
3269 4442 3482 4511 γενεὰν
3516 4440 3747 4509 ἑτέραν.
3808 4436 3998 4507 Ἀγγέ-

2414 4540 2520 4593 λων
2552 4538 2660 4611 γὰρ
2706 4533 2793 4610 [ἦν
2825 4539 2885 4591 τὸ
2916 4540 2996 4601 εἰς
3042 4534 3233 4625 γενεάς
3274 4534 3562 4605 διαφόρους
3605 4529 3861 4586 δύνασθαι
3898 4529 3996 4594 τὰς

729 4626 931 4698 ἀρετὰς
964 4627 1058 4681 τοῦ
1108 4628 1243 4683 Θεοῦ
1279 4629 1660 4702 διηγήσασθαι.
1702 4633 1810 4687 Καὶ
1850 4634 1939 4688 ὅτι
1986 4629 2167 4702 οὗτός
2201 4635 2372 4690 ἐστιν
2409 4639 2442 4689 ὁ
2483 4636 2627 4701 Θεὸς
2682 4639 2714 4689 ὀ
2760 4635 2904 4702 Θεὸς
2952 4633 3121 4705 ἡμῶν
3154 4636 3242 4701 εἰς
3273 4631 3578 4687 τὸναιῶνα
3598 4630 3696 4685 καὶ
3744 4633 3833 4698 εἰς
3886 4627 3985 4682 τὼ

729 4714 912 4772 αἰῶνα
947 4718 1055 4773 τοῦ
1076 4718 1316 4788 αἰῶνος·
1378 4725 1560 4790 αὐτὸς
1596 4726 1877 4795 ποιμανεῖ
1912 4727 2069 4798 ἡμᾶς
2104 4732 2191 4796 εὶς
2228 4728 2369 4795 τοὺς
2411 4728 2651 4797 αἰῶνας.
2707 4731 2891 4803 Ὑμεῖς
2952 4732 3048 4802 μὲν
3085 4730 3195 4801 γὰρ
3227 4727 3455 4800 φρουροὶ
3481 4725 3547 4779 ἂν
3573 4725 3721 4788 εἴητε
3759 4724 3854 4789 καὶ
3883 4720 3985 4776 ὧσ-
4018 4740 4019 4743 “

729 4826 833 4883 περ
870 4810 1106 4883 ποίμνης
1162 4812 1398 4883 φύλακες
1420 4834 1435 4846 ι
1466 4816 1494 4868 ὁ
1530 4817 1587 4869 δὲ
1618 4818 1727 4871 τῶν
1760 4818 2088 4892 θρεμμάτων
2123 4825 2326 4897 ποιμὴν
2354 4824 2513 4889 ἀλλος
2542 4824 2608 4879 ἂν
2637 4825 2741 4897 εἰη.
2786 4824 2882 4889 Τίς
2907 4824 2964 4878 δὲ
2984 4815 3193 4894 οὗτοςῆ
3215 4825 3243 4876 ό
3262 4820 3463 4875 εἰπών·
3501 4816 3645 4886 Ἐπί)
3667 4818 3783 4887 ειμι
3804 4818 3837 4870 δ
3854 4828 3977 4897 ,ποῖ’

722 4907 851 4976 μὴν
865 4910 898 4962 ὀ
919 4907 1106 4974 καλός
1132 4930 1151 4977 ;

769 5020 819 5075 ι.
843 5018 911 5073 IN
950 5017 1403 5096 FINEM,FILIIS
1441 5021 1623 5078 cons
1662 5024 1983 5084 PSALMUS
2021 5016 2248 5086 XLVIII.

737 5200 741 5205 ε
796 5130 1048 5201 Oportuit
1080 5133 1219 5189 ﬁlios
1247 5134 1410 5199 Core,
1436 5138 1527 5207 qui
1561 5121 1735 5207 prima
1777 5156 1877 5196 suo
1900 5151 2151 5213 tempore
2182 5162 2269 5215 [δτι

714 5222 986 5289 tulerant,
1017 5235 1070 5281 et
1100 5229 1340 5282 secunda
1373 5231 1784 5296 annuntiarant,
1828 5249 1890 5289 ac
1918 5235 2140 5307 insuper
2175 5254 2297 5308 gen-

726 5320 861 5374 tium
891 5322 1232 5377 vocationem
1274 5322 1731 5393 praedicaverunt,
1757 5333 1812 5382 et
1843 5344 1964 5398 qua
1997 5329 2303 5387 Ecclesiam

717 5410 820 5467 'Dei
846 5414 1166 5483 Spectabant
1198 5415 1575 5482 tradiderant;
1609 5429 1731 5488 post
1778 5418 1896 5475 haec
1925 5422 1992 5477 de
2042 5438 2304 5480 consum.-

2411 5032 2519 5085 ΕΙΣ
2548 5032 2634 5085 TU
2667 5030 3071 5096 ΤΕΛΟΣ,ΤΟΙΣ
3102 5025 3281 5080 ΥιΟιΣ
3314 5021 3496 5077 ΚΟΡΕ
3526 5018 3817 5073 ΨΑΛΜΟΣ
3846 5017 3985 5079 ΜΗ⁹ὅ

2482 5146 2630 5199 Ἔδει
2653 5145 2710 5199 δὲ
2734 5146 2860 5209 τοὺς
2883 5144 3033 5207 υἱοὺς
3070 5140 3242 5210 Κορὲ,
3295 5140 3362 5191 τὰ
3400 5136 3591 5209 πρῶτα
3623 5134 3763 5189 κατά
3796 5134 3980 5207 καιρὸν

2409 5238 2735 5310 ὲκθεμένους
2753 5278 2767 5301 ,
2812 5236 2905 5291 καὶ
2934 5235 3001 5288 τά
3031 5231 3255 5303 δεύτερα
3276 5228 3839 5299 εὐαγγελισαμένους,
3893 5228 3980 5281 ἐπὶ

2408 5334 2617 5396 τούτοις
2637 5348 2697 5384 τε
2718 5331 2817 5403 τὴν
2845 5328 2954 5382 τῶν
2976 5325 3144 5379 ὲθνῶν
3164 5322 3355 5393 κλῆσιν
3376 5320 3736 5393 κηρύξαντας,
3760 5319 3828 5373 τὰ
3853 5318 3978 5391 περὶ

2400 5425 2499 5496 τῆς
2546 5424 2872 5496 Ἐκκλησίας
2905 5418 3000 5473 τοῦ
3045 5415 3179 5471 Θεοῦ
3220 5414 3591 5487 παραδόντας,
3628 5414 3765 5486 μετά
3804 5414 3979 5467 πάντα

724 5504 964 5562 matione
985 5508 1269 5577 praesentis
1293 5510 1415 5565 vitae
1435 5520 1491 5565 et
1521 5509 1691 5566 divini
1711 5511 1905 5582 judicii
1927 5515 2299 5573 testimonium
2400 5517 2443 5571 δι

2258 5533 2299 5571 [η
2400 5516 2861 5591 διαμαρτύρεσθαι
2887 5513 2957 5566 τὰ
2982 5512 3110 5583 περὶ
3135 5510 3235 5582 τῆς
3263 5509 3566 5572 συντελείας
3590 5506 3683 5560 τοῦ
3713 5504 3977 5575 παρόντος

724 5596 910 5654 ferre:
949 5598 1005 5653 in
1035 5615 1143 5671 quo
1175 5617 1378 5654 omnem
1426 5610 1727 5657 creaturam
1780 5608 2005 5663 adducet
2051 5606 2195 5663 Deus
2243 5610 2299 5663 in
2402 5608 2443 5680 βι

2257 5610 2299 5663 in
2402 5608 2516 5680 βίου
2552 5613 2646 5666 καὶ
2671 5609 2766 5664 τοῦ
2796 5608 2941 5660 θείου
2972 5602 3377 5675 δικαιωτηρίου·
3415 5603 3473 5655 ἐν
3500 5594 3545 5671 ᾧ
3569 5599 3692 5656 πᾶν
3717 5596 3783 5651 τὸ
3806 5595 3976 5662 ποίη-

717 5686 1056 5758 judicium",
1087 5700 1136 5745 et
1167 5707 1342 5773 omnes
1378 5693 1637 5770 tribunali
1684 5679 1781 5748 Dei
1811 5694 2079 5763 sistentur,
2125 5707 2184 5753 ut
2212 5716 2294 5755 re-

2391 5720 2477 5773 μα
2507 5703 2637 5769 ἄξει
2671 5707 2704 5758 ό
2734 5701 2878 5771 Θεὸς
2900 5702 2985 5765 εὶς
3024 5698 3259 5768 κρίσιν,
3292 5697 3389 5751 καί
3419 5694 3639 5763 πάντες
3670 5701 3977 5759 παραστη-

685 5817 836 5933 "___"
868 5844 1063 5933 usus
1097 5865 1148 5906 ι.
1185 5850 1273 5909 50.
1352 5854 1397 5885 ἐ
1436 5852 1556 5909 Act.
1595 5868 1696 5921 ιιι,
1728 5851 1815 5908 I5.
1893 5852 2150 5917 "Matth,
2188 5872 2404 5933 ινιηη

2250 5877 2358 5933 νιιι,
2397 5861 2487 5922 l0.
2563 5865 2609 5898 "
2646 5861 2793 5920 Psal.
2826 5858 3107 5927 nxm,’8.
3186 5858 3229 5891 ⁸⁷
3263 5855 3422 5914 Joan.
3452 5871 3507 5922 x,
3534 5848 3632 5904 Η.
3708 5845 3754 5879 ’⁸
3792 5842 3969 5901 Eccle.

718 5926 828 5987 ιιι⁹
866 5912 949 5965 14.
