4354 6400
326 485 432 540 429

1449 486 1959 538 LUMMEN‘IAKIA
1998 485 2063 535 1N
2100 481 2462 539 PSALM‘OSX

3460 489 3564 563 is»

336 606 563 674 σόμεθα
590 603 669 669 τῷ
694 603 919 672 ,βήματι
949 601 1060 655 τοῦ
1093 601 1237 655 Θεοῦ
1257 641 1271 661 ,
1305 602 1403 653 ἵνα
1432 603 1745 671 κομίσηται
1772 602 1906 655 ἔκα-
1934 608 1977 661 Α
2007 603 2055 669 [ε

1844 618 1906 655 ae
1934 608 1977 661 Α
2007 603 2145 669 [ενοι
2167 604 2515 672 unusquisque
2544 600 2755 674 pqopria
2785 604 3035 669 corporis,
3072 614 3223 670 prout
3254 605 3434 673 gessit,
3461 605 3563 657 sive

337 712 485 761 στος
513 692 585 748 τὰ
624 693 723 747 διὰ
748 694 855 746 τοῦ
883 694 1153 761 σώματος
1174 732 1187 754 ,
1221 692 1370 761 πρὸς
1408 692 1445 745 d
1476 692 1767 761 ἔπραξεν,
1802 693 1906 746 εἶτ’

336 786 582 856 ἀγαθὸν,
608 786 727 840 alte
753 786 1005 855 φαῦλον.
1053 786 1385 853 Ἀναγκαίως
1408 786 1581 838 τοίνυν
1612 786 1786 838 πάντα
1806 804 1905 839 κα-

336 880 420 933 λεῖ
472 879 542 932 τά
597 878 722 950 ἔθνη
781 879 871 931 ἐπὶ
902 878 997 949 τὴν
1028 878 1132 930 τῶν
1166 879 1572 949 λεχθησομένων
1624 880 1904 951 ἀκρόασιν.

348 970 438 1034 Ὠς
461 969 569 1042 γὰρ
590 970 679 1023 ἐπὶ
706 970 802 1041 τὴν
832 971 1099 1042 σωτηρίαν
1119 972 1225 1023 πᾶν
1259 972 1411 1041 γένος
1447 971 1743 1048 ἀνθρῴπων
1772 990 1909 1044 παρ-

339 1062 543 1125 εκάλει,
575 1063 666 1115 τὸν
692 1062 1061 1134 αὐτὸντρόπον
1091 1062 1183 1117 καὶ
1209 1064 1300 1116 ἐπὶ
1326 1063 1423 1133 τὴν
1451 1063 1793 1117 διδασκαλίαν
1812 1067 1909 1135 τῆς

339 1156 488 1219 θείας
542 1154 773 1231 κρίσεως
821 1154 957 1225 ὁμοῦ
990 1154 1215 1229 ’πάντας
1262 1155 1607 1231 ἀνακαλεῖται
1653 1155 1907 1223 φάσκων·

415 1230 731 1299 Ἀκούσατέ
782 1245 985 1309 ταῦτα,
1010 1244 1205 1299 πάντα
1240 1245 1312 1299 τὰ
1342 1230 1907 1312 ἐθνη,ὲνωτίσασθε,

338 1337 557 1405 πάντες
584 1342 637 1391 oi
665 1337 1075 1404 κατοικοῦντες
1094 1338 1206 1405 τὴν
1237 1340 1609 1409 οἰκουμένην·
1633 1340 1688 1393 οἵ
1720 1358 1781 1394 τε
1810 1359 1910 1409 γνη-

337 1432 528 1503 τσνεῖς
544 1432 638 1486 καὶ
658 1431 773 1487 υἱοὶ
791 1430 907 1484 τῶν
924 1418 1262 1499 ἀνθρώπων,
1275 1432 1368 1485 ἐπὶ
1382 1432 1449 1485 τὸ
1464 1434 1609 1486 αὐτὸ
1622 1434 1910 1498 πλούσιος

338 1528 437 1584 καὶ
484 1526 690 1594 πένης.
757 1526 969 1597 Ἐπειδὴ
999 1526 1104 1578 τῶν
1135 1525 1305 1578 ἐθνῶν
1338 1526 1413 1578 τὰ
1455 1525 1554 1595 μὲν
1601 1524 1908 1595 ἀγριώτερα

335 1618 591 1687 τυγχάνει
615 1619 673 1670 ὲν
688 1604 793 1687 Δὲρή
802 1633 919 1686 μοις
949 1614 1409 1685 σκηνοποιούμενα
1429 1655 1443 1676 ,
1472 1613 1542 1666 τά
1568 1614 1623 1666 δὲ
1643 1615 1732 1667 τὸν
1763 1613 1910 1667 πολι-

336 1706 487 1759 τικὸν
522 1706 839 1778 μετέρχεται
894 1706 1005 1776 βίον
1035 1707 1129 1759 καὶ
1160 1706 1256 1769 τὰς
1286 1706 1705 1777 γεωργουμένας
1730 1704 1909 1777 χώρας

337 1800 475 1851 οίκεῖ
492 1838 507 1863 ,
558 1798 871 1866 ἀναγκαίως
906 1797 1155 1869 διαστολῇ
1192 1797 1491 1869 κέχρηται,
1524 1798 1616 1850 καὶ
1651 1796 1788 1865 μετά
1812 1794 1908 1866 τὴν

338 1890 520 1963 κοινὴν
574 1889 765 1959 κλῆσιν
810 1890 918 1942 τῶν
969 1888 1135 1942 ἐθνῶν
1159 1930 1173 1954 ,
1226 1889 1356 1943 ἴδιον
1389 1890 1594 1957 εἰσάγει
1628 1887 1811 1959 τάγμα
1844 1888 1909 1941 τὸ

2008 693 2218 756 bonum,
2237 694 2339 746 sive
2352 684 2941 759 malum",Necessario
2972 694 3135 764 igitur
3156 710 3346 751 omnes
3372 703 3564 765 gentes

2007 795 2199 841 evocat
2227 787 2292 839 ad
2330 786 2463 848 hac,
2493 802 2612 855 quas
2644 787 2872 842 dicenda
2903 797 3051 851 sunt,
3085 786 3376 842 audienda.
3409 787 3567 842 Sicut

2006 877 2150 931 enim
2170 880 2346 930 totum
2370 892 2540 943 genus
2564 877 2839 931 hominum
2869 878 2934 931 ad
2969 878 3195 931 salutem
3224 877 3564 941 hortabatur,

2006 968 2196 1023 eodem
2232 968 2393 1023 modo
2425 968 2490 1023 ad
2524 967 2825 1022 doctrinam
2857 969 3046 1037 judicii
3074 968 3240 1022 divini
3274 982 3463 1023 omnes
3494 968 3568 1023 si-

2006 1062 2117 1116 mul
2144 1062 2334 1115 invitat
2357 1061 2542 1116 dicens
2572 1078 2583 1110 :

2080 1233 2249 1295 Vens.
2292 1236 2351 1305 2,
2378 1242 2429 1294 5.
2465 1241 2655 1294 Audite
2696 1242 2825 1305 haec,
2877 1258 3052 1295 omnes
3088 1250 3299 1310 gentes,
3353 1240 3569 1294 auribus

2008 1334 2273 1399 percipite,
2322 1350 2497 1386 omnes
2538 1335 2625 1403 qui
2672 1333 2921 1387 habitatis
2963 1332 3157 1395 orbem,
3202 1334 3386 1403 quique
3419 1334 3571 1386 terri-

2008 1439 2153 1492 gena:
2189 1435 2235 1477 et
2263 1423 2366 1493 ﬁlii
2412 1423 2701 1481 hominum.
2733 1425 2891 1478 simul
2929 1426 2982 1478 in
3014 1440 3179 1478 unum
3202 1424 3341 1477 dives
3367 1433 3415 1478 et
3432 1422 3591 1492 past?

2011 1529 2120 1581 per.
2153 1509 2421 1581 Quoniam
2453 1531 2521 1570 ex
2549 1517 2801 1586 gentibus
2830 1516 3079 1571 rudiores
3102 1515 3197 1569 alii
3218 1522 3365 1580 sunt,
3396 1516 3488 1585 qui
3516 1516 3573 1570 in

2012 1609 2247 1665 desertis
2280 1609 2559 1675 habitant;
2595 1609 2689 1662 alii
2727 1624 2858 1663 vero
2888 1610 3185 1673 civiliorem
3214 1611 3378 1664 vitam
3409 1625 3573 1679 agen-

2012 1710 2115 1766 tes,
2165 1701 2340 1755 cultas
2383 1708 2558 1755 terras
2607 1699 2993 1770 frequentant;
3044 1702 3395 1758 distinctione
3437 1718 3573 1760 usus

2012 1781 2326 1848 necessario
2370 1798 2495 1846 est:
2543 1806 2608 1847 ac
2652 1806 2937 1862 postquam
2984 1792 3261 1846 communi
3306 1794 3574 1847 vocabulo

1974 1914 1977 1915 ν
2013 1892 2210 1955 gentes~
2248 1882 2558 1953 appellavit,
2590 1882 2921 1951 peculiarem
2963 1883 3207 1957 ordinem
3244 1882 3455 1936 inducit
3480 1898 3575 1938 eo-

335 1982 447 2036 τῶν
490 1981 779 2035 οἰκούντων
809 1982 908 2054 τὴν
936 1982 1261 2053 οἰκουμένην
1282 1998 1293 2010 ·
1330 1981 1410 2034 διό
1436 1998 1602 2052 φησιν
1631 1997 1642 2007 ·
1677 1980 1909 2034 Ἐνωτί-
1944 1997 1987 2052 Β
2014 1992 2054 2030 rt

1860 1980 1909 2033 t-
1944 1997 1987 2052 Β
2014 1991 2133 2030 rum
2166 1975 2259 2045 qui
2294 1974 2539 2029 habitant
2566 1975 2787 2049 orbem;
2818 1989 2986 2044 quare
3013 1975 3121 2028 ait:
3145 1973 3376 2029 Auribus
3408 1976 3577 2044 perci-

336 2064 789 2141 σασθε,πάντες
828 2078 881 2128 al
912 2074 1326 2140 κατοικοῦντες
1370 2073 1484 2141 τὴν
1513 2073 1869 2143 οἰκουμένην
1891 2088 1906 2101 '

336 2164 372 2235 ἢ
407 2164 546 2218 κατά
594 2163 685 2217 τὸν
725 2164 971 2219 ’Δκύλαν
994 2165 1084 2217 καὶ
1116 2163 1204 2218 τὸν
1236 2164 1562 2234 Σύμμαχον,
1623 2167 1677 2217 ol
1710 2181 1877 2217 κατοι

336 2254 588 2321 κοῦντες
622 2255 739 2324 τὴν
770 2254 1099 2310 κατάδυσιν
1120 2272 1132 2284 ’
1168 2255 1311 2308 οὕτω
1340 2255 1397 2307 δὲ
1426 2254 1580 2307 καλεῖ
1607 2254 1705 2318 τάς
1734 2255 1910 2319 πόλεις

336 2341 429 2395 καὶ
461 2340 561 2407 τὰς
589 2341 780 2415 κώμας
807 2345 901 2397 καὶ
940 2344 1063 2411 τοὺς
1089 2342 1299 2408 οἴκους,
1331 2345 1389 2397 ὲν
1417 2330 1497 2407 οἷς
1530 2332 1912 2398 καταδύνουσιν

335 2436 387 2488 oi
414 2436 472 2488 ὲν
505 2437 686 2500 αὐτοῖς
713 2435 1110 2499 κατοικοῦντες.
1198 2433 1334 2489 Εἶτα
1380 2437 1537 2491 πάλιν
1566 2438 1764 2508 διαιρεί
1788 2439 1913 2499 τοὺς

335 2527 629 2598 οἰκήτορας
660 2527 761 2597 τῆς
792 2528 895 2599 γῆς
918 2527 1137 2595 φάσκων
1155 2545 1168 2557 ο
1195 2529 1262 2580 Οἵ
1294 2545 1356 2582 τε
1383 2520 1651 2597 γηγενεῖς
1674 2530 1770 2582 καὶ
1796 2529 1913 2583 υἱοί

336 2618 456 2669 τῶν
475 2616 797 2685 ἀνθρώπων
820 2635 832 2647 ·
856 2618 978 2671 ἐπεὶ
1001 2618 1074 2687 μὴ
1110 2618 1267 2687 μόνον
1291 2600 1629 2688 ἐλευθέρους,
1663 2618 1797 2671 ἀλλὰ
1824 2622 1913 2672 καὶ

335 2710 398 2763 τὸ
414 2709 682 2763 οἰκετικὸν
699 2710 854 2778 γένος
882 2709 1163 2781 προσίεται
1183 2710 1273 2763 ἐπὶ
1295 2710 1391 2781 τὴν
1417 2710 1673 2781 ἀκρόασιν
1699 2751 1712 2771 ,
1737 2711 1768 2780 ἢ
1788 2712 1913 2772 τοὺς

335 2800 736 2873 ἁγροικώτερον
782 2801 1219 2872 μετερχομένους
1254 2802 1365 2871 βίον
1390 2844 1404 2868 ,
1459 2802 1552 2856 καὶ
1583 2805 1709 2866 τοὺς
1742 2803 1914 2866 ἄλλως

336 2885 397 2944 εὖ
427 2890 715 2958 γεγονότας
744 2893 838 2945 καὶ
880 2894 1083 2964 τροφῆς
1131 2891 1465 2963 ἠξιωμένους
1509 2893 1839 2964 ὲλευθερίου’
1879 2894 1911 2965 ἢ

335 2985 588 3053 γηγενεῖς
617 2983 715 3054 μὲν
739 2984 992 3055 τοὺςτὴν
1010 2984 1216 3057 ἔρημον
1242 2986 1410 3039 οἰκεῖν
1440 2986 1767 3057 ᾑρημένους,
1790 2987 1915 3050 τοὺς

335 3072 396 3126 δὲ
446 3071 749 3143 ἀνθρώπων
802 3074 928 3137 τοὺς
969 3075 1371 3151 ἡμερωτέρους.
1434 3077 1493 3129 '0
1537 3076 1592 3128 δὲ
1621 3075 1917 3147 Σύμμαχος

335 3162 525 3218 τοῦτον
554 3166 867 3237 ἡρμήνευσε
894 3166 985 3220 τὸν
1015 3167 1244 3239 τρόπον’
1300 3168 1382 3222 ’Ἠ
1424 3184 1487 3222 τε
1531 3169 1917 3236 ἀνθρωπότης

337 3255 437 3310 καὶ
468 3258 714 3325 προσέτι
748 3258 847 3312 καὶ
877 3258 996 3313 υἱοί
1046 3259 1309 3315 ἑκάστου
1346 3260 1565 3329 ἀνδρός
1585 3278 1598 3292 ·
1637 3262 1714 3314 ἵν’
1829 3261 1918 3314 διά

2012 2071 2137 2140 pite,
2182 2086 2358 2123 omnes
2398 2067 2488 2140 qui
2535 2067 2789 2121 habitatis
2837 2067 3058 2122 orbem:
3110 2068 3225 2121 sive
3275 2065 3576 2121 secundum

2013 2161 2262 2231 Aquilam
2298 2168 2351 2215 et
2383 2159 2789 2231 Symmachum,
2826 2160 2915 2228 qui
2964 2158 3214 2211 habitatis
3260 2156 3577 2219 latibulum;

2015 2257 2095 2310 sic
2126 2269 2256 2310 vero
2312 2261 2472 2309 vocat
2521 2254 2704 2315 urbes.
2754 2253 2905 2307 vicos
2950 2260 3004 2305 et
3050 2250 3261 2315 domos,
3318 2249 3372 2303 in
3421 2250 3579 2319 queis

2014 2363 2133 2403 sese
2163 2347 2504 2403 abscondunt
2520 2346 2613 2415 qui
2639 2344 2884 2398 habitant
2905 2341 2959 2397 ih
2987 2343 3143 2413 ipsis.
3163 2340 3427 2411 Deinceps
3452 2356 3580 2395 vero

2014 2451 2171 2493 terra:
2198 2438 2407 2493 incolas
2435 2436 2724 2506 distinguit
2748 2435 2938 2489 dicens
2965 2452 2979 2485 :
3008 2435 3211 2504 Quique
3234 2435 3503 2504 terrigenae
3531 2441 3581 2487 et

2014 2532 2115 2599 ﬁlii
2144 2530 2433 2583 hominum.
2476 2528 2615 2595 Quia
2651 2544 2759 2583 non
2783 2528 2984 2582 liberos
3019 2534 3251 2591 tantum,
3276 2528 3371 2583 sed
3418 2527 3582 2581 etiam

2015 2622 2442 2676 domesticorum
2490 2636 2663 2691 genus
2690 2622 2763 2676 ad
2805 2619 3136 2675 audiendum
3183 2619 3584 2683 adniittit,sive

2014 2728 2109 2767 eos
2154 2713 2245 2781 qui
2283 2722 2552 2782 agrestem
2589 2714 2754 2767 vitam
2806 2713 3187 2775 instituerunt,
3233 2728 3441 2766 necnon
3486 2725 3583 2765 eos

2016 2804 2110 2873 qui
2133 2804 2356 2873 ingenui
2392 2812 2539 2867 sunt,
2570 2811 2625 2856 et
2654 2801 2952 2856 liberaliter
2972 2803 3190 2855 educati
3222 2820 3235 2854 :
3266 2802 3381 2855 sive
3417 2802 3581 2855 etiam

2014 2896 2337 2965 terrigenas,
2373 2895 2463 2964 qui
2494 2908 2735 2949 eremum
2771 2878 3009 2947 incalere
3036 2893 3299 2963 aggressi,
3324 2900 3377 2947 et
3406 2893 3583 2946 homi-

2014 3006 2146 3046 num
2189 2990 2620 3044 mansuetissimi
2662 2995 2811 3042 sunt.
2860 2984 3217 3058 Symmachus
3248 2993 3428 3039 autem
3478 2984 3586 3041 hoc

2016 3081 2179 3136 modo
2210 3080 2599 3148 interpretatus
2622 3086 2741 3133 est:
2772 3076 3040 3129 hominum
3073 3091 3253 3144 genus,
3285 3090 3346 3127 ac
3371 3074 3586 3143 insuper

2018 3176 2121 3246 ﬁlii
2148 3173 2557 3245 uniuscujusque
2595 3172 2722 3234 viri;
2750 3180 2807 3225 ut
2829 3171 3007 3241 priore
3040 3170 3184 3224 dicto
3214 3168 3267 3223 in
3297 3184 3588 3223 commune

2020 3277 2195 3322 totum
2229 3284 2400 3339 genus
2426 3267 2729 3329 hominum,
2751 3266 3053 3335 posteriore
3070 3272 3271 3328 autem,
3301 3262 3591 3332 unusquis-

338 3347 439 3419 μὲν
458 3347 553 3402 τοῦ
574 3349 844 3423 προτέρου
870 3346 1169 3415 καθολικῶς
1192 3355 1295 3406 πᾶν
1320 3354 1473 3421 γένος
1500 3352 1798 3424 ἀνθρώπων
1825 3354 1919 3426 δη·
1948 3347 1992 3405 α
2024 3378 2057 3432 q

1368 3354 1473 3416 ἓνος
1500 3352 1798 3424 ἀνθρώπων
1825 3354 1919 3426 δη-
1948 3347 1992 3405 σι
2024 3377 2131 3432 que
2159 3361 2474 3430 singillatim
2506 3367 2761 3428 acceptus
2800 3346 3087 3418 indicetur.

336 3440 615 3512 λούμενον,
646 3442 733 3496 διά
758 3443 814 3527 δέ
843 3443 938 3496 τοῦ
967 3443 1218 3515 δευτέρου
1252 3448 1279 3498 6
1306 3445 1446 3498 κατά
1475 3446 1640 3517 μέρος
1667 3448 1912 3509 ἕκαστος.
1938 3456 1939 3461 ‘

414 3532 484 3587 Τὸ
517 3535 713 3601 στόμα
752 3550 869 3602 μου
914 3532 1175 3598 λαλήσει
1203 3535 1460 3601 σοφίαν,
1500 3535 1597 3586 καί
1630 3536 1667 3600 ἡ
1696 3534 1915 3602 μελέτη
1966 3588 1967 3591 η

336 3621 447 3691 τῆς
478 3623 728 3691 καρδίας
750 3641 868 3691 μου
901 3624 1177 3676 σύνεσιν.
1214 3621 1412 3676 Κλινῶ
1442 3625 1528 3687 εις
1568 3622 1919 3690 παραϐολὴν

337 3715 405 3769 τὸ
452 3710 560 3779 οὖς
603 3732 720 3784 μου
742 3754 756 3778 ,
812 3714 1031 3778 dicole
1060 3716 1131 3767 ἐν
1172 3714 1483 3783 ψαλτηρίῳ
1511 3713 1576 3767 τὸ
1609 3713 1918 3783 πρόϐλημά

334 3798 476 3876 μου.
532 3808 717 3861 Ταῦτα
744 3808 802 3861 δὲ
834 3807 928 3861 καὶ
956 3808 1063 3861 ἀπὸ
1106 3807 1214 3860 τῶν
1245 3807 1563 3860 ἀποστόλων
1583 3806 1802 3860 δύναται
1833 3806 1918 3858 λέ-

339 3896 550 3965 γεσθαι.
570 3896 885 3969 Παραϐολάς
900 3896 957 3949 δὲ
970 3895 1125 3948 καλεῖ
1138 3897 1261 3958 τοὺς
1278 3897 1421 3963 αίνιγ
1430 3892 1690 3965 ματώδεις
1705 3892 1912 3960 λόγους.

338 3990 450 4043 Καὶ
480 3989 587 4061 γάρ
612 3993 640 4043 6
668 3988 868 4061 Κύριος
888 4028 902 4049 ,
934 3986 1313 4060 παραόολικῶς
1342 3988 1451 4049 τοῖς
1476 3984 1650 4055 ὄχλοις
1679 3982 1917 4049 διαλεγό-

340 4099 502 4152 μενος
520 4121 535 4145 ,
560 4085 671 4145 τοῖς
702 4081 1014 4143 ἀποστόλοις
1044 4081 1161 4135 κατ’
1187 4076 1331 4135 οἷκον
1351 4078 1552 4142 ταύτας
1572 4077 1763 4129 διέλυε.
1794 4074 1922 4131 Τού-

338 4186 416 4240 τῳ
450 4168 544 4221 νῦν
573 4170 601 4220 ό
623 4168 780 4240 χορὸς
807 4168 904 4239 τὴν
932 4169 1026 4221 τοῦ
1053 4168 1187 4221 Θεοῦ
1218 4168 1408 4237 σοφίαν
1442 4169 1533 4221 τὸν
1564 4168 1799 4240 Χριστὸν
1830 4169 1920 4219 ἐπὶ

342 4262 607 4332 στόματος
656 4261 869 4332 φέρων·
903 4261 1155 4329 Χριστὸς
1197 4261 1304 4333 γὰρ
1352 4261 1501 4316 Θεοῦ
1543 4261 1794 4331 δύναμις
1823 4261 1921 4315 καὶ

337 4352 493 4408 Θεοῦ
521 4353 707 4421 σοφία
730 4393 743 4416 ,
768 4352 987 4421 ἐλέγετο
1004 4370 1017 4382 °
1062 4353 1128 4407 Τὸ
1163 4354 1358 4423 στόμα
1378 4372 1498 4423 μου
1526 4355 1787 4424 λαλήσει
1819 4371 1921 4408 σοο

339 4443 506 4512 φίαν.
594 4442 795 4496 Τοῦτον
847 4441 955 4515 γὰρ
1013 4444 1177 4497 πᾶσιν
1232 4444 1541 4517 ἀνθρώποις
1599 4448 1916 4519 ἐκήρυττον,

355 4533 708 4605 Ἦκονημένοι
734 4533 793 4587 δὲ
825 4534 916 4588 τὸν
944 4534 1068 4588 νοῦν
1088 4576 1101 4601 ,
1146 4536 1322 4600 πάσας
1353 4537 1446 4591 τοῦ
1475 4537 1711 4610 Χριστοῦ
1743 4538 1921 4591 συνίε-

343 4643 446 4680 σαν
488 4625 588 4690 τάς
620 4624 936 4698 παραὸολάς
980 4629 1072 4681 καί
1104 4618 1210 4699 πρὸ
1249 4629 1345 4697 τῆς
1392 4629 1558 4682 αὐτοῦ
1605 4629 1916 4701 ἑρμηνείας.

342 4721 435 4774 Διὸ
456 4719 593 4790 μετά
613 4719 815 4784 ταύτας
836 4723 864 4773 6
883 4722 978 4791 μὲν
995 4721 1185 4791 Σωτὴρ
1207 4720 1357 4789 ἔλεγε
1372 4737 1385 4753 ·
1407 4722 1716 4788 Συνήκατε
1737 4722 1922 4778 ταῦτα
1955 4710 1999 4764 Ῐ)

344 4810 574 4875 πάντα;
607 4813 671 4864 Ol
702 4810 770 4864 δὲ
799 4810 1085 4881 λέγουσιν
1110 4809 1268 4875 αὐτῷ
1292 4852 1307 4875 ,
1334 4812 1454 4865 ναί.
1498 4813 1563 4864 Ἠ
1599 4814 1795 4884 καρδία
1817 4814 1925 4867 τοί-

341 4914 438 4956 νυν
460 4903 638 4957 αὐτῶν
659 4903 888 4975 ᾲμελέτα
914 4903 1173 4967 συνέσεις,
1192 4903 1255 4967 ἃς
1282 4904 1494 4974 ἠνοιγον
1516 4905 1627 4966 τοῖς
1649 4904 1721 4974 μὴ
1736 4922 1923 4975 *παρα-

343 4993 617 5047 κολουθείν
641 4993 954 5065 δυναμένοις
971 5034 985 5057 ,
1004 4993 1096 5046 τοῦ
1124 4992 1433 5064 σωματικοῦ
1455 4994 1684 5064 ὀργάνου
1703 4997 1768 5064 τῇ
1795 4996 1927 5048 ένοι-

344 5088 518 5162 κούσῃ
547 5089 682 5161 πρὸς
704 5090 861 5143 τοῦτο
883 5088 1250 5151 διακονοῦντος
1277 5072 1645 5158 ψυχῇζτοῦτο
1675 5090 1782 5161 γὰρ
1805 5090 1924 5142 ἀντὶ

333 5180 641 5252 ’ψαλτηρίου
663 5181 934 5254 παρέλαϐε
960 5182 1094 5253 πρὸς
1109 5183 1206 5253 τὴν
1228 5180 1315 5234 διὰ
1334 5180 1533 5233 τούτων
1556 5178 1715 5233 θείων
1738 5180 1921 5251 ὓμνων

344 5272 670 5341 ἁνάκρουσιν
698 5313 712 5337 ,
748 5275 976 5328 ἑκάστου
1011 5274 1209 5346 μέρους
1236 5272 1669 5344 ὲπιστημονικῶς
1693 5274 1749 5324 ὲν
1774 5274 1921 5344 αὑτῷ

345 5364 684 5436 κινουμένου.

429 5459 553 5512 Ἰνα
580 5458 638 5511 τί
669 5458 962 5528 φοϐοῦμαι
1007 5461 1076 5512 ἐν
1108 5459 1294 5531 ἡμέρᾳ
1326 5457 1591 5528 πονηρᾷ;
1624 5461 1661 5528 ἠ
1706 5461 1923 5530 ἀνομία

346 5552 459 5620 τῆς
502 5550 760 5619 πτέρνης
800 5569 919 5621 μου
969 5553 1265 5608 κυκλώσει
1293 5572 1388 5624 με.
1454 5554 1515 5607 El
1547 5552 1601 5605 δὲ
1638 5554 1922 5626 πρόσωπον

348 5646 553 5718 Κυρίου
586 5644 646 5697 τὸ
689 5642 876 5711 λέγον,
928 5643 1161 5712 πτέρναν
1187 5646 1351 5698 αὑτοῦ
1380 5645 1543 5717 εὕρῃς
1579 5644 1667 5697 τὸν
1700 5643 1924 5715 ἔσχατον

350 5737 443 5791 τοῦ
474 5738 723 5809 σώματος
756 5736 851 5789 καί
880 5736 945 5806 τῇ
977 5738 1047 5807 γῇ
1083 5735 1446 5806 πλησιάζοντα
1506 5737 1712 5791 Ιούδαν·
1766 5737 1925 5809 σῶμα

408 5851 458 5891 ⁸⁹
484 5851 534 5911 ιι
560 5853 689 5912 Cor.
715 5852 883 5923 ν,10.
960 5852 1003 5885 ⁸ο
1034 5852 1054 5905 ι
1082 5851 1206 5907 Cor.
1242 5870 1277 5920 I,
1304 5854 1393 5908 24.
1472 5854 1512 5885 ³¹
1550 5851 1737 5907 Matth.
1764 5864 1884 5915 xm,
1915 5849 2005 5904 5L

2091 3541 2255 3597 Vens.
2283 3542 2338 3605 4,
2370 3542 2421 3595 5.
2464 3540 2535 3595 Os
2568 3556 2736 3592 meum
2763 3539 3002 3608 loquetur
3042 3538 3378 3605 sapientiam,
3400 3548 3450 3591 et
3476 3554 3589 3590 me-

2017 3635 2208 3688 ditatio
2232 3632 2406 3687 cordis
2454 3634 2553 3685 mei
2580 3632 2931 3700 prudentiam.
2963 3629 3240 3683 Inclinabo
3269 3631 3321 3683 in
3356 3629 3588 3698 parabo-

2019 3728 2127 3781 lam
2162 3744 2343 3781 aurem
2370 3742 2559 3788 meam,
2586 3727 2817 3794 aperiam
2836 3728 2890 3777 in
2913 3724 3161 3793 psalterio
3184 3724 3586 3791 propositionem

2020 3836 2209 3873 meam.
2243 3818 2368 3873 Haec
2396 3826 2575 3873 autem
2609 3826 2840 3887 possunt
2876 3820 2944 3871 ab
2975 3818 3236 3887 apostolis
3270 3816 3398 3869 dici.
3425 3814 3591 3869 Para-

2021 3914 2174 3967 holas
2204 3928 2332 3966 vero
2361 3919 2521 3966 vocat
2542 3911 2811 3964 obscuros
2843 3925 3145 3964 sermones.
3179 3908 3457 3979 Siq‘uidem
3484 3907 3591 3962 Do-

2022 4006 2202 4057 minus
2231 4018 2355 4057 cum
2391 4001 2566 4055 turbis
2601 4000 2910 4070 parabolice
2942 3999 3278 4068 loqueretur,
3317 3996 3463 4052 domi
3496 4010 3592 4065 po-

2023 4104 2135 4150 stea
2163 4093 2382 4149 easdem
2431 4093 2696 4163 apostolis
2724 4091 3052 4161 explicabat.
3093 4090 3219 4144 Ideo
3251 4089 3362 4157 jam
3388 4087 3592 4141 chorus

2021 4189 2301 4245 Christum
2328 4186 2421 4242 Dei
2455 4186 2777 4257 sapientiam
2808 4188 2859 4239 in
2894 4200 2988 4240 ore
3021 4184 3201 4237 ferens
3228 4201 3239 4235 :
3274 4196 3399 4234 nam
3430 4179 3591 4233 Chri-

2022 4292 2135 4336 stus
2154 4280 2251 4335 Dei
2289 4280 2454 4333 virtus
2488 4288 2535 4333 et
2562 4278 2657 4332 Dei
2688 4278 2945 4346 sapientia
2962 4278 3025 4338 ³⁸,
3054 4275 3289 4337 dicebat,
3326 4269 3398 4325 0s
3422 4287 3592 4325 meum

2026 4377 2265 4443 loquetur
2298 4373 2633 4441 sapientiam.
2670 4370 2826 4425 Hunc
2860 4370 3002 4422 enim
3042 4364 3299 4419 omnibus
3330 4361 3595 4431 praedica-

2024 4471 2175 4534 bant.
2204 4469 2454 4537 Cumque
2478 4474 2638 4521 acuta
2658 4471 2847 4521 mente
2873 4458 3127 4514 instructi
3159 4466 3363 4517 essent,
3400 4469 3594 4510 omnes

2025 4563 2233 4619 Christi
2266 4558 2552 4632 parabolas
2592 4552 2989 4626 intelligebant,
3026 4560 3316 4619 antequam
3352 4550 3473 4619 ipse
3500 4561 3595 4602 eas

2029 4658 2497 4726 interpretaretur.
2550 4647 2730 4714 Quare
2788 4662 2912 4701 cum
2962 4645 3029 4700 iis
3078 4642 3307 4729 prolatis
3347 4641 3597 4695 Salvator

2030 4750 2235 4804 diceret
2262 4765 2275 4801 :
2300 4743 2644 4799 Intellexistis
2664 4742 2773 4796 hac
2792 4742 3009 4795 omnia?
3035 4739 3227 4792 Dicunt
3248 4738 3321 4800 ei,
3354 4736 3511 4789 etiam
3526 4733 3593 4787 ".

2030 4844 2137 4896 (lor
2170 4841 2338 4911 igitur
2365 4853 2553 4892 eorum
2585 4835 2903 4907 prudentias
2950 4833 3338 4896 meditabatur,
3370 4838 3505 4899 quas
3529 4828 3596 4881 iis

2028 4935 2119 5005 qui
2162 4932 2319 5003 sequi
2367 4947 2477 4986 non
2532 4940 2802 5000 poterant,
2854 4928 3190 4999 aperiebant,
3233 4924 3597 4976 instrumento

2034 5040 2299 5097 corporeo
2329 5026 2524 5079 anima:
2565 5024 2715 5079 intus
2762 5021 3031 5076 habitanti
3079 5019 3445 5072 ministrante.
3484 5012 3598 5066 Hoc

2034 5120 2176 5173 enim
2220 5130 2319 5186 pro
2366 5106 2625 5185 psalterio
2674 5114 2949 5176 utebatur,
2998 5110 3064 5165 ad
3104 5108 3318 5162 divinos
3366 5105 3597 5175 hypmos

2032 5209 2354 5282 pulsandos,
2400 5208 2630 5280 singulis
2664 5208 2910 5278 partibus
2950 5206 3083 5259 scite
3122 5217 3185 5256 ac
3233 5208 3599 5271 congruenter

2031 5299 2213 5354 motis.

2102 5454 2269 5511 Vens.
2306 5457 2359 5511 6.
2404 5456 2513 5513 Cur
2550 5455 2738 5511 timebo
2775 5454 2854 5523 in}
2872 5450 3168 5507 die’mala?
3198 5453 3445 5521 iniquitas
3485 5447 3608 5500 cal--

2033 5551 2182 5604 canei
2239 5551 2341 5603 mei
2386 5549 2735 5605 circumdabit
2779 5564 2875 5601 me.
2910 5545 2966 5600 Si
3003 5561 3236 5617 persona
3272 5541 3480 5597 Domini
3513 5553 3599 5594 est

2032 5660 2154 5714 quae
2193 5644 2437 5715 loquitur
2465 5640 2841 5709 ,calcancum
2887 5642 3007 5710 ejus
3060 5635 3431 5709 deprehendas
3475 5650 3599 5688 esse

2037 5735 2256 5805 Judam,
2290 5740 2381 5810 qui
2433 5740 2659 5794 ultimus
2689 5734 2936 5805 c0rporis
2970 5742 3022 5788 et
3058 5741 3216 5787 terra:
3245 5727 3599 5798 μωρίηᾳυὶοτ
