4354 6388
785 506 880 562 451

1436 499 1700 558 EUSEBII
1738 494 2205 556 CA‘JSABIENSIS
2239 488 2386 547 OPP.
2422 488 2603 543 PARS
2635 486 2721 541 ill.
2752 516 2818 526 —
2854 474 3257 538 EXECETICA.

3868 470 3971 524 452

784 633 919 679 erat.
953 622 1083 675 Nam
1104 636 1297 690 corpus
1317 620 1520 673 Domini
1552 627 1679 675 sunt
1701 618 1949 687 apostoli.
1979 615 2097 669 Non
2126 613 2325 667 timebo
2354 615 2400 671 Α
2425 611 2503 679 τὰς

2253 613 2325 665 bo
2354 615 2400 671 Α
2425 611 2529 680 γὰρ
2547 609 2748 681 Κυρίου
2771 608 2819 658 οἱ
2844 602 3144 657 ἀπόστολοι.
3178 599 3252 652 υύ
3281 596 3543 665 φοϐοῦμαι
3565 590 3655 646 οὖν
3680 593 3777 664 τὴν
3810 591 3972 644 Ἰούδα

786 716 967 782 itaque
995 712 1141 766 Judaz
1172 711 1525 781 proditionem
1548 712 1601 763 in
1636 717 1879 779 tempore
1907 706 2110 761 crucis.
2144 703 2327 769 Quan-

785 803 1069 873 doquidem
1096 816 1268 870 neque
1289 801 1485 871 singuli
1506 800 1751 854 homines
1768 799 1956 852 Adami
1977 797 2330 864 inobsequeno

784 897 913 949 tiam
947 896 1135 947 timere
1179 892 1416 947 debent:
1451 892 1591 944 hanc
1630 891 1826 959 quippe
1878 883 2189 943 caleaneum
2225 886 2329 949 ini-

784 986 1003 1054 quitatis
1033 999 1154 1038 esse
1203 981 1689 1045 subindicavimus.
1729 980 1897 1035 Nemo
1927 979 2069 1034 enim
2112 984 2329 1047 prapter

784 1076 1005 1129 alterius
1032 1074 1327 1143 nequitiam
1352 1073 1759 1127 condemnatur.
1804 1071 1995 1125 Adami
2021 1083 2146 1125 vero
2176 1060 2332 1123 inob-

784 1168 1137 1237 sequentiam,
1195 1166 1315 1220 ideo
1361 1167 1697 1236 iniquitatem
1743 1166 1983 1221 calcanei
2030 1179 2153 1219 esse
2193 1162 2324 1227 dixi,

783 1258 907 1326 quia
957 1272 1182 1325 serpens
1236 1263 1425 1311 contra
1477 1257 1791 1313 calcaneum
1847 1256 1967 1325 ejus
2008 1261 2327 1326 potestatem

743 1413 756 1425 _
782 1347 961 1399 habet.

850 1434 1016 1490 Vsns.
1035 1436 1088 1500 8,
1110 1428 1162 1491 9.
1197 1436 1389 1490 Frater
1409 1452 1511 1489 non
1533 1435 1757 1498 redimit,
1775 1435 1988 1488 redimet
2019 1436 2207 1489 homo?
2227 1449 2329 1487 non

776 1526 927 1579 dabit
975 1526 1083 1581 Deo
1115 1529 1461 1595 placationem
1494 1544 1666 1593 suam,
1692 1537 1741 1581 et
1772 1527 1994 1593 pretium
2026 1526 2329 1595 redemptio-

780 1620 861 1670 m's
892 1619 1079 1671 anima:
1108 1635 1236 1673 sum.
1276 1618 1388 1673 Hoc
1426 1633 1639 1688 quoque
1679 1619 1843 1673 modo
1878 1619 2172 1689 intelligas,
2213 1633 2329 1672 non

782 1707 947 1762 frater
988 1707 1230 1773 fratrem,
1265 1725 1370 1764 non
1396 1711 1606 1765 amicus
1632 1710 1867 1767 amicum
1899 1710 2127 1766 redimet
2158 1729 2170 1764 :
2202 1710 2328 1765 'sin-

779 1799 888 1869 guli
913 1796 1143 1870 namque
1174 1800 1475 1856 mercedem
1504 1817 1657 1856 suam
1682 1794 1958 1869 recipient,
1989 1810 2043 1857 et
2071 1802 2230 1871 quale
2258 1802 2330 1856 sit

780 1888 1044 1957 cujusque
1073 1904 1208 1958 Opus
1249 1891 1389 1960 ignis
1426 1890 1715 1958 probabit:
1742 1906 1843 1944 nec
1875 1890 2022 1945 dabit
2057 1890 2329 1959 quispiam

780 1993 880 2048 pro
911 1994 969 2034 se
992 1979 1099 2035 Deo
1125 1982 1473 2047 ptacationem
1510 1980 1563 2033 in
1595 1979 1685 2033 illa
1724 1980 1813 2034 die
1849 1998 1861 2032 :
1894 1993 2069 2048 neque
2097 1980 2331 2049 pretium

778 2073 1013 2142 deponet
1050 2073 1205 2141 quasi
1234 2087 1333 2142 pro
1363 2087 1462 2125 sua
1490 2071 1877 2141 redemptione.
1907 2069 2333 2142 lnutiles‘itaque

780 2172 907 2218 sunt
947 2165 1179 2224 divitiae;
1214 2163 1318 2218 nisi
1366 2163 1489 2232 quis
1518 2164 1573 2217 in
1619 2163 1871 2232 praesenti
1903 2163 2011 2217 vita
2064 2163 2237 2218 ﬁdelis
2269 2178 2333 2218 ac

778 2256 1017 2323 prudens
1041 2268 1353 2309 mconomus
1381 2255 1705 2317 inveniatur,
1725 2256 1817 2325 qui
1836 2255 2000 2309 tritici
2024 2272 2331 2311 mensuram

777 2345 836 2397 in
867 2353 1105 2414 tempore
1146 2362 1245 2400 suo
1273 2347 1554 2401 conservis
1583 2346 1893 2401 distribuat.
1930 2344 2026 2401 Hic
2043 2348 2186 2403 enim
2209 2364 2331 2421 cum

777 2438 836 2491 in
877 2435 978 2489 hac
1016 2436 1124 2489 vita
1155 2437 1221 2489 ad
1269 2436 1538 2504 justitiam
1586 2438 1955 2504 seminaverit,
1994 2446 2125 2493 tunc
2167 2447 2334 2495 metet

778 2527 902 2580 vita:
932 2526 1162 2581 fructus.
1192 2525 1322 2579 Nam
1358 2526 1638 2594 redemptio
1687 2529 1805 2592 viri,
1839 2529 1914 2582 ait
1969 2528 2214 2599 Sapiens,
2245 2529 2330 2583 di-

778 2616 919 2669 vitiae
946 2612 1058 2685 ejus
1078 2617 1141 2670 ³².
1174 2617 1277 2682 Qui
1310 2627 1487 2673 autem
1518 2633 1618 2674 nec
1661 2618 1727 2675 de
1768 2620 1971 2677 divitiis
2012 2638 2112 2677 nec
2141 2622 2209 2677 de
2238 2638 2332 2675 ro-

779 2708 911 2762 bore
955 2709 1201 2775 corporis
1238 2711 1577 2779 superbiant.
1612 2712 1705 2766 sed
1731 2724 2046 2782 praesentem
2080 2715 2244 2768 vitam
2276 2716 2333 2768 in

780 2798 967 2854 labore
995 2802 1323 2872 transigunt,
1369 2803 1636 2871 promissa
1663 2804 1772 2858 vita
1814 2804 2195 2874 dignabuntur.
2229 2802 2335 2858 Pro

781 2892 896 2955 illo,
933 2892 1191 2947 laboravit
1236 2895 1291 2949 in
1338 2902 1611 2959 aeternum,
1653 2893 2035 2964 Symmachus,
2066 2893 2155 2947 sed
2191 2903 2333 2962 post-

780 3000 939 3052 quam
980 2986 1225 3055 requievit
1259 2986 1476 3047 sarcula,
1516 2985 1685 3038 vivens
1708 2986 1765 3037 in'
1785 2984 2033 3039 uetulum
2066 2984 2186 3037 talis
2219 3001 2335 3053 per-

779 3072 1025 3127 manebit.
1052 3073 1152 3139 Qui
1184 3075 1391 3129 laborat
1415 3075 1469 3127 in
1497 3074 1658 3129 rebus
1679 3073 1919 3145 agendis,
1942 3076 2081 3130 vivet
2096 3076 2147 3129 in
2175 3075 2334 3130 ﬁnem

783 3158 893 3232 per
908 3162 1269 3235 cognitionem
1286 3207 1299 3219 .

852 3336 1020 3395 ’Vsns.
1052 3340 1137 3403 il,
1171 3341 1257 3396 12.
1293 3338 1361 3394 Et
1392 3341 1679 3412 relinquent
1724 3342 1910 3397 alienis
1943 3344 2156 3401 divitias
2189 3364 2334 3415 suae,

784 3441 834 3485 et
856 3431 1094 3499 sepulcra
1123 3434 1299 3483 eorum
1334 3431 1516 3485 domus
1555 3430 1768 3486 illarum
1802 3434 1855 3487 in
1889 3446 2160 3492 wternum.
2188 3436 2341 3495 Alius

785 3520 860 3573 ait
890 3535 904 3572 :
936 3516 1263 3588 Relinquent
1314 3519 1508 3575 alienis
1540 3520 1758 3575 divitias
1787 3535 2005 3577 sensum
2036 3536 2337 3591 moventes.

783 3611 1000 3666 divitias
1016 3612 1244 3689 sensiles
1265 3627 1413 3675 suas,
1436 3626 1648 3666 necnon
1679 3628 1794 3676 eas,
1822 3629 1958 3683 quas
1981 3618 2186 3685 scripto
2209 3632 2343 3673 con-

784 3703 1025 3769 signatas
1053 3699 1274 3753 habent.
1302 3694 1518 3752 Nullum
1540 3699 1737 3768 quippe
1760 3716 1823 3754 ex
1854 3701 1987 3769 ipsis
2009 3703 2342 3758 emolumen-

787 3803 900 3845 ιιιιιι
957 3791 1253 3860 percipient
1293 3790 1346 3843 in
1401 3790 1490 3843 die
1527 3790 1741 3858 judicii.
1784 3790 2099 3847 Abducctur
2143 3794 2343 3864 quippe

786 3884 963 3936 anima
989 3896 1198 3944 eorum,
1219 3880 1351 3933 nihil
1372 3876 1519 3933 aliud
1540 3879 1770 3936 aﬂ‘crens
1794 3892 1984 3951 praeter
2010 3878 2339 3954 sepulcrum;

786 3972 1035 4025 videlicet
1078 3986 1297 4040 corpus,
1348 3977 1401 4049 et
1448 3971 1849 4039 corruptionem
1896 3973 1950 4026 in
1993 3990 2100 4044 qua
2141 3991 2240 4031 ceu
2286 3975 2340 4029 iu

788 4062 1039 4130 sepulcro
1059 4060 1275 4115 defossa
1298 4068 1400 4115 est.
1424 4058 1491 4114 Et
1516 4060 1651 4116 alias
1680 4074 1747 4115 ex
1780 4065 2013 4120 terrenis
2034 4067 2340 4134 possessio-

788 4153 948 4207 nibus
982 4152 1149 4205 nihilo
1178 4152 1299 4221 plus
1335 4149 1531 4205 referet
1560 4150 1828 4220 quispiam
1868 4166 2026 4220 quam
2052 4153 2226 4209 locum
2263 4170 2343 4211 se-

788 4247 980 4321 puicri,
1013 4246 1069 4299 in
1105 4261 1215 4315 quo
1257 4253 1377 4315 post
1406 4252 1633 4298 mortem
1679 4244 1881 4313 iacebit
1911 4258 2223 4316 corruptum
2250 4258 2367 4303 ca-.

786 4338 971 4397 daver.
1005 4337 1377 4393 Tabernacula
1418 4346 1599 4392 autem
1639 4351 1859 4401 eorum,
1881 4338 1937 4391 in
1978 4339 2177 4409 quibus
2215 4355 2339 4395 cum

788 4412 965 4484 adhuc
995 4429 1051 4483 in
1090 4429 1229 4484 vivis
1277 4435 1461 4483 essent
1506 4426 1846 4492 habitabant,
1892 4426 1959 4482 ad
2002 4427 2213 4486 alienos
2260 4446 2343 4486 ve-

776 4520 956 4585 nient,
983 4527 1037 4575 et
1077 4518 1361 4575 tradentur
1402 4519 1459 4573 in
1496 4520 1905 4591 generationem
1941 4523 1996 4575 et
2039 4523 2343 4592 generatio-

788 4626 931 4666 nem.
1400 4600 1409 4623 ”
1632 4666 1634 4669 ,
1778 4593 1787 4600 ’
2154 4656 2157 4657 ν

863 4700 1025 4757 Vsus.
1053 4700 1142 4754 15.
1177 4699 1456 4755 Sicut‘oves
1488 4702 1544 4765 in
1573 4703 1785 4773 inferno
1817 4704 1977 4773 positi
2015 4715 2158 4769 sunt,
2200 4721 2341 4779 more

788 4785 1024 4867 deposcet
1057 4808 1165 4848 eos.
1196 4791 1330 4846 Cum
1353 4791 1579 4850 dixisset
1604 4810 1667 4851 ea
1696 4811 1817 4866 qua:
1842 4792 2023 4866 impiis
2046 4804 2171 4863 ante
2198 4812 2345 4852 mor-

788 4896 893 4942 tem
922 4870 1223 4942 obve'ntura
1251 4891 1410 4952 sunt;
1433 4901 1576 4941 nunc
1596 4888 1779 4957 qualia
1806 4890 1861 4944 in
1881 4889 2097 4945 inferno
2122 4888 2351 4961 passuri

791 4980 900 5035 sint
920 4978 1187 5034 enuntiat.
1220 4975 1356 5032 Nam
1388 4991 1584 5050 pecora
1616 4982 1810 5035 mortis
1833 4989 2016 5046 erunt,
2036 4989 2091 5036 et
2122 4982 2190 5037 ab
2221 4983 2340 5053 ipsa

789 5080 1102 5143 pascentur.
1154 5070 1466 5126 Secundum
1517 5067 1900 5140 Symmachum
1946 5080 2155 5139 autem,
2205 5074 2343 5128 sicut

792 5180 979 5233 pecora
1018 5163 1209 5232 inferni
1250 5178 1360 5217 sese
1405 5160 1805 5217 constituerunt.
1852 5160 2154 5218 Noluerunt
2197 5162 2343 5219 enim

795 5255 900 5309 sub
930 5256 1074 5309 bono
1106 5264 1321 5323 pastore
1348 5252 1639 5318 constitui;
1663 5261 1826 5322 atque
1845 5252 1967 5308 ideo
1983 5270 2177 5325 pecora
2198 5268 2344 5309 mor-

786 5346 865 5402 tis
906 5344 1089 5416 effecti
1120 5354 1301 5407 sunt:
1346 5352 1508 5414 atque
1564 5342 1686 5397 illos
1734 5336 1950 5414 quidem
2006 5346 2237 5401 abducet
2285 5346 2339 5397 in

794 5436 969 5506 ignem
987 5445 1245 5495 aeternum
1266 5454 1280 5501 ;
1303 5437 1458 5498 alios,
1491 5433 1580 5487 ubi
1611 5443 1689 5487 est
1728 5436 1881 5503 ﬂetus
1916 5446 1963 5488 et
1991 5438 2191 5490 stridor
2208 5437 2340 5489 den-

795 5535 959 5590 tium;
985 5528 1141 5589 alios,
1174 5527 1230 5579 in
1274 5527 1508 5580 tenebras
1540 5527 1839 5581 exteriores.
1871 5525 1976 5580 Pro
2009 5528 2100 5581 illo
2131 5510 2332 5589 autem,

796 5614 864 5668 Et
897 5600 1357 5668 auxilium'eorum
1386 5625 1662 5671 veterascet
1690 5617 1744 5668 in
1768 5615 1968 5684 inferno
2001 5633 2033 5669 ο
2061 5617 2228 5686 gloria
2254 5632 2341 5671 eo-

794 5722 932 5769 rum,
958 5708 1167 5776 Aquila,
1206 5705 1269 5758 Et
1297 5706 1565 5761 character
1592 5706 2056 5762 eat'itm‘cont'erere
2080 5708 2342 5778 infernum

867 5865 910 5937 ’f
952 5867 1105 5920 Prov.
1139 5881 1233 5919 xm
1259 5905 1273 5931 ,
1304 5866 1384 5935 8.¹

2362 3281 2410 3343 C

2374 4610 2422 4672 1)

2428 702 2710 772 προδοσίαν
2744 702 2800 752 ὲν
2826 699 2903 767 τῷ
2933 695 3105 767 καιρῷ
3135 694 3225 745 τοῦ
3255 688 3483 760 σταυροῦ
3505 704 3516 716 ·
3547 687 3667 739 ἐπεὶ
3692 684 3821 756 μηδὲ
3848 684 3972 736 ἔκαε

2427 808 2548 856 στος
2572 794 2671 863 τὴν
2696 789 2789 844 τοῦ
2831 788 3001 858 Ἀδὰμ
3050 784 3350 856 παρακοήν.
3408 782 3619 850 Ταύτην
3650 778 3757 847 γάρ
3786 778 3991 846 ὑπηνιη

2427 882 2633 953 ξάμεθα
2656 881 2889 950 πτέρναν
2917 877 3138 947 ἀνομίας
3166 870 3321 927 εἶναι.
3376 871 3558 933 Οὐδεὶς
3587 868 3695 939 γὰρ
3725 867 3789 920 δι’
3817 866 3972 920 ἀλλον

2427 975 2619 1029 κακίαν
2652 970 3081 1034 καταδικάζεται.
3120 964 3370 1035 Ἀνομίαν
3407 962 3463 1016 δὲ
3488 961 3719 1032 πτέρνης
3746 960 3842 1030 τὴν
3870 976 3971 1010 πα-

2430 1067 2629 1137 ρακοήν
2652 1061 2801 1118 εἷπον
2831 1061 3000 1131 Ἀδὰμ
3016 1099 3032 1123 ,
3060 1058 3137 1129 τῷ
3157 1055 3247 1110 τὸν
3274 1055 3393 1125 ὅφιν
3413 1052 3651 1119 ἐξουσίαν
3672 1050 3814 1121 ἔχειν
3838 1048 3975 1104 κατά

2427 1157 2523 1226 τῆς
2551 1155 2782 1226 πτέρνης
2802 1150 2963 1205 αὐτοῦ
2982 1188 2997 1203 .

2512 1412 2865 1487 Ἀδελερὸςού
2882 1413 3217 1482 λυτροῦται,
3243 1408 3602 1476 λυτρώσεται
3631 1406 3975 1472 ἀνθρωποςῖ

2427 1515 2499 1567 οὐ
2525 1510 2700 1565 δώσει
2726 1507 2806 1573 τῷ
2839 1504 2959 1570 Θεῷ
2985 1505 3281 1571 ἐξίλασμα
3311 1498 3517 1573 αὑτοῦ,
3541 1498 3637 1551 καὶ
3666 1494 3779 1563 τὴν
3802 1493 3981 1564 τιμὴν

2384 1645 2387 1649 .
2427 1604 2533 1673 τῆς
2559 1602 2903 1670 λυτρώσεως
2935 1596 3045 1664 τῆς
3070 1591 3275 1662 ψυχῆς
3309 1590 3511 1644 αὐτοῦ.
3549 1589 3779 1659 Νοήσεις
3807 1585 3863 1639 δὲ
3886 1584 3982 1638 καὶ

2427 1695 2595 1759 οὕτως
2614 1712 2627 1724 ·
2653 1695 2756 1746 οὐκ
2794 1687 3018 1756 ἀδελφὸς
3048 1683 3270 1751 ἀδελφὺν
3290 1723 3303 1745 ,
3348 1683 3408 1735 ού
3432 1681 3580 1749 φίλος
3604 1680 3753 1748 φίλον
3782 1674 3984 1748 λυτρώ-

2430 1802 2578 1838 σεται
2597 1799 2610 1811 ·
2634 1782 2859 1842 ἕκαστος
2878 1778 2984 1847 γὰρ
3003 1777 3093 1828 τὸν
3116 1774 3242 1827 ἴδιον
3270 1771 3454 1845 μισθὸν
3471 1770 3695 1842 λήψεται
3708 1809 3723 1831 ,
3746 1768 3839 1821 καὶ
3860 1765 3982 1819 ἐκάη

2432 1892 2555 1928 στου
2596 1872 2657 1925 τὺ
2681 1872 2837 1945 ἔργον
2865 1867 3042 1924 ὁποῖόν
3071 1867 3186 1919 ἐστι
3204 1907 3218 1929 ,
3250 1864 3311 1918 rb
3332 1864 3441 1932 πῦρ
3463 1861 3773 1931 δοκιμάσει·
3801 1859 3894 1912 καὶ⁵
3920 1850 3983 1911 ού

2360 1957 2403 2011 Β
2429 1964 2587 2020 δώσει
2622 1982 2703 2027 τις
2726 1963 3022 2030 ἐξίλασμα
3046 1958 3123 2028 τῷ
3153 1955 3270 2026 Θεῷ
3303 1956 3440 2025 ὑπὲρ
3466 1952 3653 2007 ἑαυτοῦ
3696 1952 3815 2005 κατ’
3844 1946 3987 2004 ὲκεί-

2430 2076 2525 2130 νην
2541 2058 2636 2127 τὴν
2656 2058 2863 2127 ἡμέραν
2883 2071 2897 2084 ·
2913 2053 3031 2106 οὐδὲ
3052 2050 3213 2120 τιμὴν
3231 2045 3589 2116 καταθήσεται
3608 2043 3853 2112 καθάπερ
3868 2041 3988 2096 tau-

2429 2149 2520 2205 τὸν
2566 2148 2945 2217 ἐξωνούμενος.
3000 2144 3237 2203 Μάταιος
3280 2139 3386 2209 ἄρα
3426 2139 3533 2200 τοῖς
3577 2135 3927 2204 κεκτημένοις
3958 2133 3987 2184 ό

2431 2242 2680 2302 πλοῦτος·
2706 2237 2842 2309 πλὴν
2864 2236 2911 2287 εἰ
2941 2234 3012 2304 μή
3036 2249 3118 2294 τις
3139 2230 3277 2284 κατὰ
3294 2229 3383 2281 τὸν
3396 2226 3637 2297 παρόντα
3657 2225 3772 2295 βίον
3790 2220 3985 2292 εὑρεθῇ

2432 2332 2618 2395 πιστὸς
2655 2331 2748 2383 καὶ
2781 2328 3035 2398 φρόνιμος
3062 2322 3338 2392 οἰκονόμος
3364 2358 3378 2381 ,
3425 2319 3484 2383 ὃς
3528 2319 3584 2370 ὲν
3612 2314 3787 2385 καιρῷ
3829 2313 3987 2366 δώσει

2430 2425 2491 2477 τὸ
2528 2422 2861 2491 σιτομέτριον
2892 2421 2998 2480 τοῖς
3032 2412 3348 2475 συνδούλοις.
3381 2402 3546 2471 Οὗτος
3574 2406 3712 2477 γὰρ,
3745 2403 3988 2457 ἐντεῦθεν

2431 2515 2531 2585 ἤδη
2580 2512 2801 2582 σπείρας
2848 2507 3020 2578 ἐαυτῷ
3049 2509 3127 2569 εἰς
3156 2502 3495 2572 δικαιοσύνην
3517 2542 3533 2565 ,
3563 2498 3827 2570 τρυγήσει
3869 2495 3987 2547 τότε

2433 2604 2673 2675 καρποὺς
2700 2601 2856 2669 ζωῆς.
2884 2598 3110 2665 Λύτρον
3137 2595 3243 2666 γὰρ
3272 2591 3508 2660 ἀνδρὸς,
3544 2589 3705 2660 φησὶν
3732 2590 3761 2640 ό
3792 2586 3982 2655 Σοφδς,

2433 2701 2465 2751 ό
2498 2696 2647 2761 ἴδιος
2674 2691 2951 2756 πλοῦτος.
3017 2690 3077 2741 Οί
3110 2686 3165 2740 δὲ
3200 2687 3335 2758 μήτε
3366 2682 3577 2751 πλούτῳ
3606 2679 3737 2751 μήτε
3767 2678 3989 2746 δυνάμει

2434 2787 2683 2859 σώματος
2725 2780 3194 2849 ἀλαζονευόμενοι,
3252 2776 3503 2829 ἐπίπονον
3543 2774 3601 2826 δὲ
3632 2772 3721 2825 τὸν
3750 2769 3989 2841 παρόντα

2434 2874 2759 2944 κτησάμενοι
2790 2871 2898 2939 βίον
2918 2912 2933 2935 ,
2962 2867 3453 2937 καταξιωθήσονται
3484 2865 3581 2935 τῆς
3608 2865 3665 2916 ἐν
3693 2859 3992 2930 ἐπαγγελίᾳ

2436 2966 2598 3036 ζῳῆς.
2666 2962 2808 3015 Ἀντὶ
2834 2960 2891 3017 δὲ
2914 2960 3007 3013 τοῦ
3024 2976 3037 2989 ·
3105 2959 3451 3011 Ἐκοπίασεν
3480 2959 3567 3021 είς
3594 2954 3699 3007 τὸν
3717 2953 3901 3008 αἰῶνα
3921 2992 3935 3014 ,
3963 2954 3993 3004 ό

2434 3052 2742 3126 Σύμμαχος,
2767 3052 2939 3106 Ἀλλὰ
2957 3044 3355 3118 παυσάμενος,
3388 3040 3626 3117 φησὶ,τῷ
3648 3042 3833 3105 αιῶνι,
3882 3041 3993 3102 ζῶν

2434 3150 2519 3213 εὶς
2539 3145 2719 3199 αἰῶνα
2742 3140 3069 3199 διατελέσει
3090 3144 3122 3195 ό
3150 3139 3431 3204 τοιοῦτος.
3476 3137 3534 3189 Ὁ
3559 3130 3759 3220 κοπιῶν
3783 3132 3870 3185 διὰ
3893 3134 3993 3203 τῆς

2420 3224 2741 3311 πρακτικῆς
2762 3233 2980 3311 ζήσεται
3011 3235 3089 3293 εἱς
3120 3231 3268 3293 τέλος
3292 3230 3377 3283 διὰ
3398 3230 3495 3299 τῆς
3522 3224 3791 3295 γνώσεως.

2508 3330 2620 3385 Καὶ
2676 3327 3146 3394 καταλείψουσιν
3193 3320 3530 3390 ἀλλοτρίοις
3578 3318 3686 3371 τὸν
3729 3313 3995 3369 πλοῦτον·

2439 3422 2653 3487 αὐτῶν,
2687 3420 2783 3474 καὶ
2812 3400 2865 3472 οἱ
2891 3416 3061 3487 τάφοι
3092 3413 3287 3470 αὐτῶν
3328 3414 3505 3491 οἰκίαι
3545 3405 3743 3463 αὐτῶν
3769 3407 3857 3472 εις
3884 3404 3994 3458 τὸν

2439 3514 2651 3572 αὶῷιγῖ.
2711 3513 2933 3579 Ἕτερος
2998 3508 3121 3577 ἔφη’
3165 3502 3591 3577 Καταλείψουσιν
3633 3492 3840 3570 ἑτέροις
3902 3495 3995 3550 τὸν

2442 3605 2693 3677 αἰσθητόν
2735 3621 2791 3656 τε
2832 3599 3057 3655 πλοῦτον
3100 3596 3278 3651 αὐτῶν
3322 3597 3415 3648 καὶ
3467 3594 3555 3647 τὸν
3596 3594 3655 3645 ὲν
3705 3588 3990 3668 συγγράμη

2446 3714 2626 3768 μασιν.
2680 3694 2845 3748 Οὐδὲν
2889 3693 2996 3762 γὰρ
3034 3687 3093 3753 ἐξ
3135 3684 3313 3742 αὐτῶν
3353 3686 3635 3755 αἱρήσουσι
3682 3680 3870 3749 κέρδος
3903 3696 3995 3732 κα-

2437 3790 2508 3843 τά
2550 3788 2645 3858 τὴν
2688 3786 2895 3857 ἡμέραν
2944 3782 3043 3849 τῆς
3102 3778 3356 3848 κρίσεως.
3426 3774 3823 3843 Ἀπαχθήσεται
3885 3771 3994 3841 γὰρ

2440 3884 2474 3952 ἡ
2520 3878 2720 3932 τούτοιν
2759 3874 2924 3945 ψυχὴ,
2964 3870 3118 3924 οὐδὲν
3160 3868 3319 3920 πλέον
3363 3866 3397 3941 ἦ
3440 3865 3532 3917 τὸν
3582 3863 3778 3932 ἑαυτῆς
3827 3862 3995 3952 τάφον

2440 3946 2765 4042 ἐπαγομένη·
2808 3964 3007 4037 δηλαδὴ
3047 3958 3301 4029 τὸησῶμα
3346 3958 3453 4011 καὶ
3476 3956 3573 4026 τήν
3610 3953 3836 4025 φθορὰν,
3872 3946 3991 4025 ὲνῇ

2439 4063 2626 4133 ὥσπερ
2674 4064 2732 4114 ὲν
2777 4059 2932 4125 τάφῳ
2981 4050 3314 4122 κατώρυκτο.
3366 4049 3473 4103 Καὶ
3521 4046 3693 4110 ἄλλως
3737 4045 3793 4099 δὲ
3838 4043 3994 4102 οὐδὲν

2440 4154 2601 4207 πλέον
2640 4151 2752 4218 ’ἐξει
2781 4165 2864 4211 τις
2897 4150 2962 4199 ὲκ
2989 4143 3097 4196 τῶν
3137 4144 3338 4214 γηΐνων
3378 4138 3688 4209 κτημάτων,
3716 4136 3749 4206 ἢ
3780 4133 3875 4189 τοῦ
3902 4134 3995 4188 τά·

2441 4265 2541 4317 φου
2573 4245 2662 4299 τὸν
2691 4242 2877 4303 τόπον,
2901 4241 2957 4291 ὲν
2986 4229 3030 4303 ᾧ
3060 4235 3383 4306 τελευτήσας
3417 4232 3656 4315 κείσεται
3676 4227 3878 4317 νεκρὸςΔ
3897 4229 3993 4317 ecp-

2441 4313 2735 4407 éappévog.
2765 4331 2845 4385 Τὰ
2880 4327 2936 4380 δὲ
2966 4324 3296 4395 σκηνώματα
3329 4313 3536 4387 αὐτῶν,
3560 4322 3615 4374 ὲν
3645 4313 3725 4381 οἷς
3750 4317 3830 4371 ἔτι
3863 4314 3997 4380 ζῶν-

2440 4445 2530 4491 τες
2562 4422 2855 4495 κατῴκουν,
2890 4426 2969 4487 εἰς
3000 4423 3219 4494 ἐτέρους
3251 4414 3560 4485 ἀλλοτρίους
3591 4409 3734 4481 ἡξει,
3766 4409 3862 4463 καὶ
3888 4407 3995 4460 δια·

2440 4520 2722 4592 δοθήσεται
2762 4520 2840 4582 εἰς
2871 4518 3064 4586 γενεὰν
3097 4516 3189 4570 καὶ
3221 4513 3433 4584 γενεάν.

2522 4698 2621 4762 Ὣς
2650 4696 2909 4765 πρόϐατα
2937 4694 3007 4747 ἐν
3034 4691 3145 4760 ᾷδη
3182 4691 3405 4749 ἔθεντο,
3444 4685 3697 4749 θάνατος
3722 4675 3996 4752 ποιμανεῖ

2444 4791 2692 4855 αὐτούς,
2736 4786 2916 4842 Εἰπὼν
2963 4785 3070 4839 τῶν
3108 4782 3318 4839 ἀσεϐῶν
3362 4780 3430 4831 τὰ
3470 4779 3574 4849 πρὸ
3605 4774 3700 4831 τοῦ
3740 4775 3990 4840 θανάτου,

2444 4881 2538 4935 νῦν
2566 4876 2652 4935 οἷα
2695 4881 2967 4935 πείσονται
3010 4876 3157 4945 λέγει
3186 4875 3244 4925 ὲν
3273 4870 3418 4940 αὐτῷ
3450 4868 3527 4939 τῷ
3554 4869 3657 4942 ᾅδῃ
3682 4867 3989 4938 ἓγενόμενοι.

2444 4972 2742 5045 Θρέμματα
2763 4969 2872 5042 γὰρ
2898 4970 3109 5025 ἔσονται
3134 4964 3359 5019 θανάτου
3390 4960 3495 5013 ὑπὸ
3521 4958 3682 5013 αὐτοῦ
3713 4974 3990 5028 ποιμαινο-

2450 5066 2615 5137 μένοι·
2664 5061 2806 5117 κατά
2846 5054 2905 5115 δὲ
2959 5056 3271 5128 Σύμμαχον,
3315 5057 3395 5119 ὡς
3422 5049 3787 5120 ’,ϐοσκήματα
3845 5046 3991 5137 ᾄδοι)

2447 5155 2669 5219 ἔταξαν
2711 5148 2981 5216 ἑαυτούς.
3028 5147 3101 5200 Οὐ
3145 5144 3255 5215 γὰρ
3292 5141 3560 5213 ήθεελησαν
3595 5140 3702 5193 ὑπὸ
3736 5138 3815 5211 τῷ
3841 5136 3992 5208 καλῷ

2451 5248 2663 5317 ποιμένι
2696 5244 2967 5315 τετάχθαι·
3000 5238 3211 5293 καὶ-διά
3250 5235 3407 5289 τοῦτο
3426 5233 3677 5303 γεγόνασι
3704 5232 3989 5305 θρέμματα

2446 5338 2693 5400 θανάτου,
2724 5337 2818 5390 καὶ
2839 5335 2956 5397 τοὺς
2983 5332 3084 5403 μὲν
3112 5326 3306 5393 ἀπάξει
3332 5330 3409 5391 εἰς
3439 5326 3499 5380 τὸ
3533 5324 3642 5397 πῦρ
3665 5324 3727 5378 τὸ
3752 5324 3987 5385 αἰώνιον,

2442 5430 2565 5492 τοὺς
2586 5429 2641 5482 δὲ
2662 5428 2812 5483 ὅπου
2835 5430 2869 5480 δ
2882 5420 3196 5505 -κλαυθμὸς
3216 5420 3312 5474 καὶ
3342 5423 3374 5474 δ
3393 5418 3660 5490 βρυγμὸς
3687 5416 3807 5471 τῶν
3825 5415 3991 5505 ὀδάξ

2445 5537 2579 5580 των,
2607 5518 2801 5581 τοὺςδὲ
2819 5520 2904 5583 εὶς
2922 5514 2989 5569 τὸ
3009 5502 3224 5577 σκότος
3244 5510 3309 5564 τὸ
3330 5509 3783 5588 ἐξώτερον.’ᾼντι
3802 5506 3858 5559 δὲ
3874 5502 3989 5587 τοῦο

2447 5611 2559 5667 Kal
2577 5614 2616 5679 ὴ
2630 5613 2880 5679 ,βοήθεια
2899 5606 3092 5669 αὐτῶν
3111 5603 3582 5670 παλαιωθήσεται
3600 5602 3670 5655 ἐν
3689 5596 3768 5665 τῷ
3789 5597 3908 5667 ᾄδῃ
3922 5597 3994 5651 ἐκ

2447 5705 2556 5767 τῆς
2574 5706 2755 5773 δόξης
2772 5701 2988 5771 αὐτῶν,
3008 5700 3035 5752 ὁ
3062 5698 3158 5770 μὲν
3177 5696 3421 5763 ’Δκύλας,
3435 5693 3543 5748 Καὶ
3570 5689 3872 5763 χαρακτὴρ
3892 5690 3996 5747 αὺ-
