4354 6466
384 547 492 602 455

1486 546 1974 605 COMMENTARIA
2014 545 2099 599 IN’
2116 546 2427 601 PSALMOS
2444 584 2457 595 .

3472 542 3563 597 431

388 662 507 718 τῶν
552 664 898 732 κατατρίψω
930 662 1084 731 ᾅδην
1122 663 1190 718 ἐκ
1222 668 1668 731 κατοικητηρίου
1714 664 1927 718 αὐτῶν.
1960 668 2003 723 Λ
2033 680 2097 716 ex

1848 664 1927 718 ὒν.
1960 668 2003 723 Λ
2033 680 2097 716 ex
2145 665 2442 717 habitacula
2471 658 2666 717 eorum.
2699 660 2831 715 Nam
2864 660 3143 715 character
3170 674 3325 729 quem
3364 660 3463 713 sibi
3491 663 3567 713 cf-

401 752 456 805 '0
489 753 596 822 γὰρ
625 756 908 826 χαρακτὴρ
938 757 1113 809 αὐτῶν
1143 757 1200 809 ὃν
1232 758 1437 820 ἑαυτοῖς
1466 757 1825 821 ἑξετύπωσαν,
1865 758 1927 810 τὸ

390 842 486 912 μὲν
527 843 643 896 κατ’
683 844 865 896 εἰκόνα
900 847 991 899 καὶ
1034 847 1288 916 ὁμοίωσιν
1336 846 1428 899 τοῦ
1454 846 1587 899 Θεοῦ
1630 847 1687 912 ἐξ
1749 847 1925 900 αὐτῶν

385 932 763 1001 ἀφανίσαντες,
802 936 914 1005 εῐδη
948 936 1003 988 δὲ
1032 936 1127 990 καὶ
1161 929 1377 1007 μορφὰς
1406 937 1612 1003 ἀλόγων
1645 936 1796 1000 ζώων
1834 939 1924 991 xat

384 1022 624 1095 ἑρπετῶν
647 1023 732 1076 διὰ
760 1026 970 1094 τρόπων
994 1026 1285 1097 μοχθηρίας
1304 1030 1366 1097 τῇ
1392 1027 1533 1098 ψυχῇ
1561 1030 1920 1099 περιθέμενοι,

382 1114 831 1185 κατατριϐήσεται
854 1118 914 1167 ἐν
944 1116 1022 1185 τῷ
1048 1114 1443 1188 κατοικητηρίῳ
1471 1118 1563 1171 τοῦ
1592 1119 1737 1189 ᾅδου.
1768 1121 1921 1174 Κατά

380 1202 439 1254 δὲ
470 1202 778 1272 Σύμμαχονφ
830 1204 898 1257 Τὸ
937 1204 1003 1257 δὲ
1046 1206 1328 1273 κρατερὸν
1366 1205 1561 1259 αὐτῶν
1600 1208 1922 1261 παλαιώσει

381 1289 529 1360 ᾅδης
564 1293 679 1347 ἀπὸ
711 1294 819 1360 τῆς
856 1282 1140 1360 οἰκήσεως
1173 1288 1278 1364 τῆς
1320 1297 1557 1367 ἐντίμου
1603 1301 1804 1353 αὑτοῦ.
1856 1302 1919 1352 Ὃ

381 1381 489 1450 γὰρ
517 1381 697 1447 ἔδοξαν
730 1388 1023 1453 περιποιεῖν
1057 1387 1262 1449 ἑαυτοῖς
1294 1388 1547 1459 κραταιὸν
1577 1389 1663 1444 διὰ
1693 1391 1792 1459 τῆς
1824 1393 1918 1462 ἐμ-

380 1467 603 1537 φυείσης
629 1470 686 1521 ὲν
707 1470 885 1532 αὐτοῖς
920 1472 1130 1534 κακίας,
1154 1472 1310 1526 τοῦτο
1335 1475 1628 1529 παλαιώσει
1651 1480 1679 1531 6
1711 1478 1841 1549 ᾅδης
1861 1482 1917 1531 ὲν

377 1557 494 1618 ταῖς
535 1558 772 1623 οἰκήσεσι
811 1562 925 1621 ταῖς
962 1562 1098 1629 παρ’
1131 1561 1295 1630 αὐτῷ.
1334 1564 1444 1619 Καὶ
1486 1564 1643 1619 τοῦτο
1682 1560 1781 1635 μὲν
1810 1568 1915 1621 τῶν

376 1645 588 1699 ἀσεϐῶν
622 1648 681 1700 τὸ
710 1649 876 1711 τέλος.
910 1652 969 1703 Ol
1003 1652 1056 1703 δὲ
1087 1653 1323 1715 εὐσεϐεῖς
1352 1656 1469 1708 κατ’
1511 1656 1683 1711 ἐκεῖνο
1725 1659 1913 1730 καιροῦ

378 1736 587 1805 πρωΐας
634 1738 948 1804 ἀξιωθέντες
989 1743 1080 1794 καὶ
1114 1745 1233 1796 νέου
1281 1746 1474 1812 φωτὸς,
1519 1747 1779 1819 ἀνατολῆς
1816 1750 1913 1819 τῆς

373 1826 481 1877 τῶν
524 1827 732 1881 ἀσεϐῶν
776 1834 1275 1903 κατακυριεύσουσι·
1314 1837 1345 1906 ἢ
1380 1837 1520 1889 κατὰ
1545 1838 1634 1891 τὸν
1665 1840 1910 1893 Ἀκύλανο

372 1911 461 1964 ἑνὶ
483 1914 903 1983 κρατήσουσιν,
931 1921 962 1990 ἢ
983 1922 1120 1974 κατά
1138 1921 1227 1974 τὸν
1256 1922 1562 1993 Σύμμαχον·
1580 1924 1909 1991 ὐποτάξοὺ-

372 2016 477 2055 σιν
508 2003 725 2070 αὐτοῖς.
762 2007 878 2059 Τῶν
910 2010 1015 2080 γὰρ
1044 2012 1273 2067 ἐνταῦθα
1317 2016 1760 2070 ταπεινωσάντων
1793 2019 1916 2082 τοὺς
1949 2006 1990 2060 Β

371 2091 547 2156 εὐθεῖς
576 2094 803 2161 ἀσεϐῶν,
836 2100 952 2151 ἐκεῖ
999 2101 1215 2169 ῥύσεται
1248 2105 1345 2173 τῆν
1374 2105 1549 2176 ψυχὴν
1586 2107 1724 2177 πρὸς
1753 2109 1812 2160 τὸ
1841 2110 1914 2181 μὴ

372 2184 774 2253 ωναπαχθῆναι
816 2190 927 2249 τοῖς
965 2190 1233 2255 ἀσεϐέσιν,
1275 2192 1387 2247 ἀλλ’
1431 2196 1488 2245 ὲν
1522 2195 1726 2265 ἑτέροις
1774 2194 1912 2252 εἶναι

368 2272 585 2341 χωρίοις
611 2292 669 2325 τε
704 2276 795 2327 καὶ
827 2279 1110 2347 ποιμνίοις.

438 2362 569 2414 ’Ὅτι
596 2364 815 2433 ἡψυχὴ
843 2368 1025 2420 αὐτοῦ
1040 2369 1110 2421 ἐν
1130 2370 1204 2437 τῇ
1229 2368 1343 2438 ζωῇ
1371 2374 1554 2427 αὑτοῦ
1585 2377 1909 2445 εὐλογηθή-

367 2464 555 2512 σεται,
573 2452 1070 2522 ἐξομολογήσεταί
1099 2473 1197 2512 σοι
1233 2461 1378 2515 ὅταν
1402 2463 1701 2531 ἀγαθύνῃς
1730 2465 1904 2529 αὐτῷ.

458 2538 555 2608 μὲν
591 2539 795 2603 δίκαιος
816 2544 1023 2612 εὐλογεῖ
1048 2547 1135 2599 τὸν
1163 2548 1362 2620 Κύριον
1394 2551 1450 2603 ὲν
1478 2554 1634 2606 παντὶ
1666 2556 1909 2625 καιρίριὸ

363 2622 423 2712 δε
452 2625 765 2696 ἁμαρτωλὸς
806 2633 1157 2699 τοτηνικαῦτα
1183 2635 1681 2709 ὲξομολογουμένος,
1704 2622 1908 2712 εὐλογεί

362 2711 454 2766 τὸν
474 2712 605 2767 Θεὸν
621 2717 849 2787 ὁπηνίκα
877 2720 941 2773 ἂν
978 2724 1174 2789 ἀγαθόν
1201 2743 1253 2778 τι
1281 2728 1429 2799 αὐτῷ
1453 2731 1517 2782 ὲκ
1542 2731 1674 2785 Θεοῦ
1705 2711 1899 2804 ἀποϐῇ.

738 2826 1025 2880 ΨΛΛΜΟΣ
1062 2832 1146 2883 ΤΩ
1182 2835 1352 2886 ΑΣΑΦ
1389 2837 1520 2890 ΜΘἎ

430 2915 491 2968 Ol
531 2916 989 2988 ἐπιγεγραμμένοι
1008 2920 1099 2973 τοῦ
1141 2923 1309 2992 Ἀσάφ
1364 2927 1467 2979 εἱσι
1506 2927 1603 2997 μὲν
1626 2928 1676 2981 οἱ
1709 2930 1903 2995 πάντες

358 3000 448 3057 τδν
478 3004 706 3075 ἀριθμὸν
740 3008 821 3057 ιϐ’·
852 3008 1046 3077 ἐφεξῆς
1072 3010 1128 3063 δὲ
1151 3013 1197 3064 οἱ
1228 3020 1293 3066 ια’
1320 3016 1604 3087 ἀρχόμενοι
1646 3020 1751 3073 ἀπὸ
1808 3022 1900 3075 τοῦ

357 3094 452 3147 οϐ’·
489 3096 547 3161 ἐξ
584 3089 657 3149 ὧν
681 3098 716 3149 ·ὀ
750 3098 933 3168 παρὼν
966 3101 1283 3174 ἀπεσπάσθη
1323 3104 1551 3175 ψαλμὺς,
1570 3109 1666 3179 οὐχ
1696 3110 1897 3174 ἁπλῶς·

356 3182 481 3237 ἀλλ’
520 3186 747 3259 ἐπείπερ
791 3191 818 3241 6
860 3189 964 3259 πρὸ
1003 3191 1188 3244 τούτου
1246 3194 1454 3265 ψαλμὸς
1501 3199 1627 3271 περὶ
1669 3199 1898 3271 κρίσεως

354 3274 447 3327 τοῦ
468 3276 611 3379 Θεοῦ.
629 3278 971 3378 διεστέλλετο,
997 3283 1229 3346 τοιοῦτος
1251 3287 1315 3342 δὲ
1339 3290 1428 3340 καὶ
1457 3290 1485 3341 6
1517 3290 1724 3361 παρὼν,
1755 3294 1896 3347 εἰκό-
1926 3323 1966 3379 C

351 3381 458 3429 τως
486 3367 625 3421 κατά
655 3369 810 3422 τοῦτο
847 3372 1163 3426 ἀκολουθίαν
1204 3376 1435 3439 ἐδέξατο.
1493 3380 1648 3432 Ἀλλά
1680 3384 1771 3434 καὶ
1801 3384 1898 3455 τὴν

350 3455 437 3510 διὰ
462 3458 732 3524 Μωῦσέως
767 3462 1077 3532 ἀνατρέπων
1105 3468 1436 3533 νομοθεσίαν,
1456 3471 1779 3543 παραδίδωσι
1803 3476 1897 3545 τῆς

349 3549 542 3637 καινῆς
586 3551 855 3621 Διαθήκης
900 3554 991 3605 τὸν
1041 3554 1257 3618 δοθέντα
1309 3562 1419 3621 τοῖς
1464 3562 1637 3616 ἔθνεσι
1678 3568 1892 3637 τρόπον.

350 3633 460 3727 ιςαι
485 3634 642 3689 τοῦτο
671 3639 728 3691 δὲ
771 3637 839 3709 ἦν
870 3644 927 3693 ἐν
962 3647 1069 3706 τοῖς
1101 3645 1207 3697 τῶν
1246 3648 1374 3699 υἱῶν
1437 3652 1577 3721 Κορὲ
1635 3633 1887 3727 ψαλμοῖς·

345 3720 540 3788 οἵτινες
562 3728 652 3777 καὶ
682 3728 830 3781 αὑτοί
856 3733 1173 3801 τυγχάνουσι
1201 3736 1295 3805 μὲν
1324 3737 1407 3790 ιϐ’.
1452 3720 1581 3792 Ἀλλ’
1608 3720 1661 3811 ηί
1689 3720 1894 3817 οἱπρο-

348 3811 597 3894 λαϐόντες
617 3818 807 3888 ἑφεξῆς
832 3823 1223 3894 κατετάγησαν,
1247 3821 1319 3880 ὧν
1368 3830 1803 3900 ἀποσπασθέντες
1843 3843 1889 3891 oi

310 3915 313 3918 ‘
350 3900 621 3968 λείποντες
664 3908 940 3995 τέσσαρες,
987 3914 1122 3982 μετά
1150 3917 1272 3980 τοὺς
1312 3917 1405 3970 τοῦ
1442 3919 1610 3989 Ἀσάφ
1648 3922 1889 3995 ψαλμοὺς

350 3996 736 4066 ιατετάγησανυ
768 3996 894 4064 ἴσως
913 4004 1032 4056 ἐπεὶ
1062 4007 1109 4057 οἱ
1138 4006 1231 4059 τοῦ
1284 4010 1438 4079 Ασάφ
1471 4012 1685 4079 πάντες,
1711 4015 1783 4078 ὡς
1813 4020 1889 4069 εξ-

345 4086 485 4148 πεῖν,
529 4086 623 4139 τοῦ
671 4090 880 4160 Ἰσραὴλ
912 4092 1190 4158 ἐθέσπιζον
1222 4098 1319 4167 τῆν
1346 4099 1609 4170 ἀποϐολὴν
1630 4144 1644 4166 ,
1675 4106 1766 4156 καὶ
1789 4108 1886 4176 τὴν

344 4176 425 4237 εἰς
450 4176 624 4232 πάντα
650 4178 718 4237 τὰ
748 4180 871 4251 ἔθνη
912 4183 1227 4254 διασπορὰν,
1275 4188 1393 4258 μεθ’
1425 4190 1492 4259 ἣν
1520 4192 1552 4260 ἡ
1595 4191 1752 4263 χάρις
1792 4197 1884 4250 τοῦ

345 4264 478 4317 Θεοῦ
516 4264 585 4317 τά
625 4266 748 4338 ἔθνη
794 4270 962 4323 πάντα
994 4273 1270 4343 μετῆλθεν·
1316 4277 1436 4332 ὅθεν
1476 4278 1737 4333 οίνλοιποὶ
1776 4284 1884 4345 τῶν

344 4356 472 4410 υίῶν
506 4358 647 4427 Κορὲ
672 4358 871 4429 ψαλμοὶ
902 4362 1217 4430 διεδέξαντο,
1247 4368 1345 4439 τὴν
1376 4369 1485 4422 τῶν
1511 4370 1678 4425 ἐθνῶν
1709 4374 1881 4429 ἀπάν-

338 4460 445 4497 των
474 4446 923 4516 προαγορεύοντες
940 4450 1148 4520 κλῆσιν.
1240 4463 1245 4471 ’
1654 4486 1663 4494 ·

408 4534 552 4599 Θεὸς
570 4536 717 4590 θεῶν
728 4540 938 4606 Κύριος
951 4542 1219 4611 meum,
1236 4546 1332 4601 καὶ
1350 4548 1599 4606 ἐκάλεσε
1617 4551 1727 4619 τὴν
1746 4553 1876 4622 γῆν.

2033 756 2321 818 ﬁnxerunt,
2352 755 2627 809 eliminata
2649 770 2712 809 ex
2740 753 2932 824 seipsis
2959 752 3054 807 Dei
3078 754 3312 822 imagine
3339 768 3402 807 ac
3429 752 3571 807 simi-

2028 846 2277 911 litudine,
2324 855 2485 916 atque
2528 844 2975 899 irrationabilium
3022 843 3355 906 animalium,
3399 842 3566 911 repti-

2029 937 2267 1005 liumque
2294 935 2483 990 formis
2512 951 2606 1006 per
2636 935 2813 989 varios
2858 933 3215 1002 improbitatis
3238 932 3428 987 modos
3455 930 3568 983 ani-

2027 1042 2129 1081 mae
2159 1042 2270 1081 suae
2318 1027 2525 1085 ascitis,
2571 1026 2625 1079 in
2671 1024 2976 1078 habitaculo
3005 1020 3199 1076 inferni
3235 1026 3562 1076 conteretur.

2030 1117 2336 1172 Secundum
2366 1114 2755 1186 Symmachum
2794 1122 2970 1167 autem
2990 1153 3005 1178 ,
3029 1111 3185 1165 robur
3223 1126 3400 1170 eorum
3427 1111 3565 1162 anti-

2025 1207 2201 1277 quabit
2254 1206 2487 1274 infernus
2536 1222 2567 1256 a
2616 1206 2840 1273 pretioso
2899 1203 3198 1257 habitacula
3246 1202 3378 1269 ejus.
3430 1200 3562 1253 Nam

2024 1299 2190 1367 robur
2213 1298 2363 1362 illud,
2384 1295 2524 1365 quod
2550 1295 2654 1349 sibi
2681 1295 2750 1348 ob
2769 1295 2983 1349 insitam
3004 1294 3261 1345 malitiam
3287 1294 3564 1360 acquirere

2022 1389 2363 1449 videbantur,
2420 1386 2719 1455 antiquabit
2758 1383 3001 1438 infernus
3051 1388 3102 1436 in
3148 1381 3563 1441 habitationibus

2020 1477 2217 1533 ibidem
2247 1478 2461 1546 positis.
2499 1475 2564 1528 Et
2604 1476 2707 1530 hic
2734 1473 2951 1543 quidem
2994 1472 3278 1541 impiorum
3316 1471 3455 1525 ﬁnis.
3482 1471 3562 1525 Pii

2020 1576 2197 1622 autem
2234 1569 2325 1622 illo
2365 1577 2624 1636 tempore.
2657 1564 2917 1618 matutina
2953 1574 3004 1617 et
3033 1577 3168 1615 nova
3210 1562 3327 1614 luce
3356 1560 3559 1623 donati,

2020 1659 2217 1712 orienti
2260 1659 2546 1727 impiorum
2591 1658 3047 1718 dominabuntur;
3092 1655 3222 1717 sive,
3263 1652 3557 1708 secundum

2017 1747 2285 1817 Aquilam,
2306 1748 2667 1817 imperabunt;
2688 1746 3119 1811 sive,secun.dum
3154 1743 3558 1814 Symmachum,

2017 1836 2289 1905 subjicient
2321 1838 2440 1892 sibi.
2479 1834 2610 1887 Nam
2651 1850 2772 1887 eum
2805 1835 2953 1904 impii
3001 1834 3088 1887 hic
3123 1834 3409 1902 proborum
3443 1834 3555 1884 ani-

2018 1942 2133 1981 mas
2157 1926 2540 1997 depresserint,
2576 1926 2687 1978 illic
2714 1926 2944 1978 animam
2967 1924 3175 1993 piorum
3201 1921 3467 1983 liberabit,
3501 1930 3555 1973 ut

2016 2033 2083 2071 ne
2109 2032 2213 2071 una
2244 2032 2365 2071 cum
2403 2017 2581 2085 impiis
2610 2016 2970 2079 abducantur;
3001 2013 3094 2068 sed
3124 2013 3177 2067 in
3206 2013 3325 2068 aliis
3348 2013 3481 2066 locis
3504 2019 3555 2064 et

2015 2108 2243 2162 ovilibus
2264 2106 2478 2177 degant.

2077 2362 2241 2423 Vsus.
2277 2369 2363 2422 i9.
2396 2369 2536 2435 Quia
2570 2371 2749 2422 anima
2774 2370 2886 2433 eius
2918 2372 2971 2422 in
3010 2370 3115 2425 vita
3152 2371 3313 2437 ipsius
3345 2369 3548 2423 benedi-

2008 2462 2170 2524 cetur,
2212 2460 2542 2527 conﬁtebitur
2584 2458 2676 2515 tibi
2726 2476 2841 2513 cum
2880 2460 3000 2515 bene
3038 2461 3219 2529 feceris
3254 2461 3319 2514 ei.
3362 2460 3548 2515 Justus

2006 2550 2151 2603 oumi
2183 2557 2419 2619 tempore
2464 2543 2731 2604 benedicit
2765 2550 2911 2616 Deo;
2946 2558 3197 2619 peccator
3219 2561 3393 2603 autem
3421 2560 3548 2604 tunc

2006 2642 2270 2695 conﬁtens
2311 2644 2483 2696 solum
2514 2642 2779 2697 benedicit
2810 2642 2935 2704 Deo,
2971 2658 3092 2695 cum
3128 2642 3255 2711 quid
3289 2643 3412 2695 boni
3445 2644 3547 2698 sibi

2006 2748 2035 2785 a
2059 2732 2167 2787 Deo
2205 2735 2503 2787 obvenerit.

2314 2847 2363 2897 1.
2390 2841 2704 2897 PSALMUS
2740 2842 2964 2897 ASAPH
3004 2843 3185 2899 XLIX.

2071 2931 2170 2997 Qui
2198 2932 2376 3003 Asaph
2420 2932 2665 3002 inscripti
2697 2942 2846 2998 sunt,
2874 2949 3061 2989 omnes
3088 2951 3312 2989 numero
3343 2936 3544 2992 duode-

2000 3023 2105 3076 cim
2137 3031 2372 3080 exstant.
2418 3023 2477 3078 In
2506 3024 2854 3094 sequentibus
2883 3039 3009 3079 vero
3038 3025 3127 3077 alii
3168 3026 3415 3081 undecim
3448 3027 3542 3081 ba-

2000 3113 2212 3179 bentur,
2241 3116 2332 3185 qui
2372 3129 2401 3169 a
2431 3130 2577 3170 Lxxn
2627 3116 2899 3186 incipiunt
2926 3135 2939 3171 :
2971 3133 3033 3171 ex
3078 3117 3272 3188 quibus
3303 3134 3541 3187 praesens

1998 3206 2238 3274 psalmus
2267 3202 2609 3269 avulsus'est,
2633 3222 2733 3263 nec
2755 3208 2870 3262 sine
2898 3222 3079 3263 causa.
3118 3207 3230 3263 Sed-
3248 3210 3372 3278 quia
3406 3222 3543 3277 pra2-‘

2000 3296 2195 3352 cedens
2222 3299 2465 3366 psalmus
2491 3298 2557 3353 de
2581 3297 2673 3353 Dei
2702 3298 2912 3367 judicio
2939 3298 3289 3359 edisserebat,
3312 3314 3374 3352 ac
3405 3315 3538 3367 prae-

2004 3403 2128 3443 sens
2156 3390 2350 3444 similis
2386 3397 2469 3443 est
2501 3391 2833 3458 argumenti;
2861 3389 3051 3442 merito
3081 3388 3386 3457 pastillum
3411 3405 3539 3443 con-

2002 3488 2288 3548 sequenter
2314 3481 2519 3546 positus
2543 3488 2644 3533 est.
2674 3477 2958 3532 Enimvero
2976 3495 3158 3533 eversa
3174 3472 3373 3549 Moysis
3401 3482 3533 3549 lege,

2000 3569 2121 3622 novi
2145 3569 2462 3628 Testaiyenti
2491 3566 2708 3621 modum
2742 3568 2988 3637 gentibus
3028 3569 3281 3623 traditum
3312 3570 3534 3638 profert.

1998 3658 2170 3727 Atque
2222 3657 2452 3726 idipsum
2499 3658 2676 3712 evenit
2716 3657 2770 3711 in
2815 3658 3037 3726 psalmis
3084 3657 3314 3712 ﬁliorum
3356 3660 3530 3714 Core:

1995 3749 2084 3816 qui
2133 3756 2186 3800 et
2236 3748 2333 3815 ipsi
2377 3745 2604 3803 numero
2651 3748 2954 3804 duodecim.
3009 3748 3112 3803 Sed
3158 3760 3279 3803 octo
3325 3750 3533 3817 priores

1968 3838 2247 3911 deinceps
2288 3839 2446 3908 positi
2479 3838 2625 3902 sunt,
2658 3854 2687 3891 a
2718 3841 2915 3909 quibus
2949 3842 3119 3909 avulsi
3150 3849 3382 3909 quatuor
3408 3843 3532 3897 reli-

1991 3927 2105 3995 qui,
2133 3937 2253 3997 post
2276 3930 2514 3998 psalmos
2541 3930 2718 3998 Asaph
2750 3940 2875 3984 sunt
2904 3931 3182 3985 constituti
3213 3932 3382 3986 :forte
3404 3934 3528 4001 quia

1990 4006 2189 4089 Asaphi
2224 4019 2333 4072 fere
2363 4034 2570 4081 omnes,
2601 4019 2818 4075 lsraelis
2858 4021 3214 4089 abjcctionem‘
3238 4030 3292 4078 et
3330 4024 3381 4077 in
3416 4040 3527 4075 om-

1989 4124 2084 4162 nes
2107 4100 2292 4178 gentes
2323 4110 2706 4177 dispersioncm
2730 4112 3176 4173 vaticinabantur,
3216 4124 3334 4183 post
3368 4131 3527 4184 quam

1989 4199 2081 4252 Dei
2110 4199 2281 4273 gratia
2312 4214 2501 4255 omnes
2537 4211 2723 4270 gentes
2760 4202 2928 4266 adiit;
2964 4219 3131 4271 quare
3171 4206 3365 4273 reliqui
3402 4206 3525 4260 tirio-

1987 4304 2101 4341 rum
2134 4288 2269 4343 Core
2296 4291 2486 4358 psalmi
2514 4292 2640 4347 illos
2662 4304 3007 4361 exceperunt,
3034 4294 3122 4361 qui
3153 4294 3524 4349 universarum

1986 4381 2223 4450 gentium
2255 4382 2590 4438 vocationem
2624 4385 3001 4451 praenuntiant.

2052 4556 2213 4613 Vens.
2236 4560 2289 4615 2.
2315 4560 2453 4615 Deus
2482 4562 2689 4614 deorum
2728 4562 2971 4616 Dominus
3003 4563 3201 4640 locutus
3237 4576 3335 4627 est,
3366 4578 3412 4620 et
3439 4586 3516 4622 ro-
3570 4600 3573 4601 ν

335 4624 398 4677 Οἱ
423 4623 598 4724 λοιποὶ
628 4627 682 4681 δὲ
712 4634 859 4717 τρεῖς
880 4636 1242 4713 ήρμήνευσαψ
1262 4641 1528 4711 Ἰσχυρὸς
1544 4644 1683 4709 Θεὸς
1701 4647 1886 4712 λανῖή-
1913 4663 1960 4721 ι)
1993 4665 2052 4701 ca

1797 4647 1886 4712 M-
1913 4663 1960 4721 D
1993 4653 2125 4703 cauit
2172 4662 2382 4707 terram.
2418 4653 2628 4723 Reliqui
2681 4664 2787 4710 tres
2841 4659 2920 4712 sic
2969 4636 3300 4724 interpretati
3353 4669 3516 4714 sunt:

334 4735 449 4784 σας
473 4717 727 4795 ἐκάλεσε
767 4725 883 4793 τὴν
924 4727 1059 4797 γῆν.
1113 4732 1173 4783 Οἱ
1211 4731 1266 4784 δὲ
1303 4735 1699 4807 Ἑϐδομήκοντα
1728 4739 1881 4806 θεοὺς

332 4811 598 4903 ἐκάλεσαν
612 4812 737 4877 τούς
762 4832 820 4869 τε
840 4817 1101 4889 ἄρχοντας
1123 4822 1217 4881 καὶ
1240 4827 1446 4895 κριτὰς,
1472 4810 1605 4901 ὅπερ
1628 4830 1752 4884 ίδιον
1780 4835 1877 4903 μὸ-

331 4916 423 4953 νου
466 4900 618 4955 Θεοῦ.
672 4903 969 4977 Τοιγαροῦν
1007 4913 1064 4965 ὲν
1096 4919 1185 4967 πα¹
1223 4915 1421 4988 ψαλμῷ
1464 4900 1873 4991 προφήσαςθο

331 4991 473 5081 Θεός
498 4991 644 5081 ξάτη
672 4992 742 5046 ἐν
767 5000 1083 5070 συναγωγῇ
1113 5001 1278 5081 θεῶν,
1315 5006 1385 5059 ἐν
1416 5009 1584 5078 μέσῳ
1610 5009 1677 5063 δὲ
1700 5014 1871 5081 θεοὺς

274 5132 277 5133 ν
328 5079 612 5170 διακρίνει
629 5124 644 5148 ,
685 5086 955 5157 ἐπήγαγεν
975 5106 990 5121 ο
1033 5078 1178 5158 Ἕως·
1196 5095 1338 5149 πότε
1363 5101 1589 5167 κρίνετε
1607 5078 1871 5170 ἀδικίαν-ξ

326 5168 479 5224 Οὕτω
513 5172 607 5265 καὶ
630 5177 658 5227 6
688 5176 847 5247 νόμος
867 5177 1191 5262 διαγορεύει·
1227 5185 1407 5254 Θεοὺς
1443 5192 1514 5244 οὐ
1543 5168 1871 5265 κακολογήέ

325 5274 473 5350 accc,
496 5264 593 5316 καὶ
616 5264 904 5335 ἄρχοντας
918 5259 1023 5325 τοῦ
1042 5275 1194 5329 dum}
1218 5292 1331 5330 σου
1353 5280 1461 5331 οὐκ
1482 5279 1634 5348 ἐρεῖς

326 5348 574 5419 Εὐλότως
604 5356 648 5407 δ’
682 5357 747 5412 ἀν
778 5358 1018 5428 κληθεῖεν
1044 5367 1091 5416 οἱ
1125 5367 1186 5419 τὸ
1230 5369 1347 5420 κατ’
1386 5369 1566 5422 εἰκόνα
1611 5348 1867 5439 φυλάξαν-

323 5455 414 5534 τες
438 5444 507 5534 ’,ὁ
534 5443 734 5509 τούτων
773 5448 901 5513 Θεὸς
951 5440 1127 5508 πᾶσαν
1181 5458 1393 5525 συνάγει
1434 5458 1528 5529 τὴν
1550 5462 1866 5534 οἰκουμένην

322 5531 403 5593 εἰς
424 5532 486 5584 τὸ
517 5535 791 5604 κριτήριον
810 5556 822 5568 ·
850 5540 1008 5604 αὐτὸς
1030 5542 1102 5597 ὢν
1124 5549 1152 5597 6
1178 5549 1376 5620 Κύριος
1401 5552 1429 5601 ὀ
1468 5548 1561 5602 τοῦ
1618 5531 1749 5605 Θεοῦ
1767 5531 1865 5607 A6-

322 5636 417 5686 γος
448 5622 865 5699 ὲνανθρωπήσας
912 5632 1134 5703 ὲλάλησε
1162 5636 1248 5690 διὰ
1279 5638 1368 5692 τοῦ
1402 5639 1752 5706 Εὐαγγελίου,
1772 5645 1864 5696 καὶ

324 5710 526 5776 πάντας
552 5714 648 5783 μὲν
674 5716 841 5783 καλεῖ,
865 5721 923 5773 οὐ
949 5722 1142 5787 πάντες
1170 5727 1476 5797 ὑπήκουσαν
1521 5730 1860 5805 τῷΕὑαςγε-

392 5864 440 5896 ³³
471 5867 612 5923 Psat.
652 5886 830 5936 ιτιιι,
867 5874 915 5926 1.
994 5874 1032 5905 "'
1078 5876 1204 5932 ibid.
1237 5878 1287 5931 ἓ.
1367 5882 1408 5912 ³⁸
1450 5880 1612 5936 Exod.
1652 5899 1778 5947 un,
1815 5878 1901 5937 28‘.

1983 4739 2162 4795 Fortis
2187 4742 2319 4797 Deus
2335 4740 2549 4813 'loqnens
2571 4748 2763 4800 vocavit
2780 4734 2989 4802 terreni.
3018 4748 3153 4802 LXX
3185 4758 3359 4803 autem
3387 4749 3517 4805 deos

1980 4840 2241 4885 vocarunt
2271 4834 2540 4903 principes
2562 4849 2625 4889 ac
2660 4836 2891 4905 judices,
2932 4840 3073 4907 quod
3116 4841 3387 4910 proprium
3421 4854 3512 4892 so-

1974 4922 2078 4976 lius
2117 4921 2209 4977 Dei
2246 4932 2347 4978 est.
2384 4912 2659 4994 Siquidem
2693 4929 2748 4981 in
2791 4944 2950 4983 LXXXI
2986 4930 3192 4998 psalmo
3230 4938 3509 4999 postquam

1974 5012 2205 5074 dixerat}
2244 5012 2383 5067 Deus
2405 5002 2639 5071 stetitin
2673 5021 2936 5088 synagoga
2978 5004 3208 5082 deorum,
3252 5022 3305 5071 in
3344 5020 3510 5074 medio

1977 5112 2145 5157 autem
2177 5104 2305 5158 deos
2340 5105 2598 5171 diiudicat
2613 5109 2693 5174 ³⁸;,
2737 5109 3040 5178 subiunxit,
3077 5109 3341 5179 Usquequo
3363 5111 3506 5177 judi-

1972 5195 2104 5247 catis
2143 5184 2471 5267 iniquitatem
2486 5199 2563 5251 3‘?
2592 5197 2682 5253 Sic
2708 5208 2760 5253 et
2797 5200 2880 5255 lex
2925 5201 3164 5270 praecipit
3203 5216 3215 5250 :
3249 5199 3361 5254 Diis
3412 5218 3506 5253 mm

1971 5283 2266 5352 maledicas,
2299 5298 2347 5340 et
2385 5287 2699 5357 principibus
2735 5292 2916 5362 pepuli
2951 5292 3024 5344 tui
3060 5308 3159 5344 non
3191 5292 3502 5345 conviciabe-

1970 5376 2124 5429 ris".
2156 5377 2284 5437 Jure
2328 5383 2408 5435 sic
2450 5390 2707 5434 vocentur
2729 5383 2821 5450 qui
2876 5382 3156 5451 imaginem
3194 5384 3337 5436 illam
3374 5384 3426 5435 in
3454 5401 3502 5437 sc

1958 5470 2319 5532 servaverint,
2341 5484 2567 5539 quorum
2594 5470 2735 5524 Deus
2764 5482 2929 5525 totum
2960 5473 3141 5525 orbem
3165 5473 3229 5525 ad
3246 5472 3504 5538 judicium

1968 5569 2156 5612 evocat
2188 5576 2199 5609 :
2238 5562 2459 5629 ipseque
2502 5560 2761 5618 Dominus
2798 5554 2890 5616 Dei
2912 5565 3159 5624 Verbum,
3196 5565 3501 5617 incarnatus

1968 5661 2061 5714 per
2081 5646 2426 5718 Evangelium
2474 5650 2686 5708 locutus
2720 5661 2802 5709 est
2836 5661 2925 5708 :et
2948 5660 3136 5707 omnes
3164 5652 3375 5733 quidem
3412 5671 3498 5707 νο·

1966 5744 2073 5799 cat,
2118 5738 2209 5793 sed
2241 5754 2345 5793 non
2379 5752 2565 5815 omnes
2613 5742 2854 5797 obsecuti
2885 5750 3007 5799 sunt
3057 5741 3360 5811 Evangelio.
3400 5743 3499 5797 Sed
