4354 6404
822 461 925 517 455

1512 466 1773 529 EUSEBII
1810 460 2285 535 cmssnmnsrs’
2318 477 2467 535 opp.
2506 468 2803 535 rAns‘m.
2830 509 2900 523 -
2926 480 3326 537 EXEGETICA.

3920 484 4024 539 ‘56

820 576 937 659 qui
966 576 1305 647 obedierunt,
1356 582 1624 651 promissa
1666 588 2095 661 nanciscuntur;
2144 594 2209 650 iis
2242 612 2368 650 vero
2395 602 2442 658 Α
2467 595 2539 664 λίς

2303 612 2368 650 ro
2395 602 2442 658 Α
2467 595 2585 665 λίῳ.
2650 595 2770 648 Ἀλλ
2790 598 2856 649 *οἱ
2888 596 2985 665 μὲν
3012 595 3415 658 ὑπακούσαντες
3456 598 3563 649 τῶν
3608 598 4022 670 ἐπηγγελμένων

821 666 912 737 qui
936 656 1164 737 gratiam
1182 680 1641 743 contempserunt,
1669 678 1984 747 in‘glorioso
2011 656 2111 739 suo
2132 686 2363 741 adventu

823 758 999 827 ignem
1044 762 1424 829 comminatur,
1468 774 1730 823 venturus
1758 786 1824 825 ex
1860 774 2067 830 cmlesti
2121 775 2271 843 Sion,
2298 780 2365 834 de

822 865 927 920 qua
950 850 1149 907 Paulus
1175 854 1249 907 ait
1278 876 1290 909 :
1325 854 1406 909 Ea
1434 873 1572 923 vero,
1595 876 1709 929 quae
1738 879 1947 916 sursum
1966 876 2043 918 est
2069 866 2364 923 Jerusalem

820 940 980 996 libera
1006 952 1104 1007 est,
1137 961 1252 1014 quae
1275 955 1353 1000 est
1372 956 1538 1002 mater
1557 959 1735 1004 nostra
1749 954 1812 1019 3‘;
1845 962 1897 1008 et
1923 976 1934 1009 :
1964 956 2268 1014 Accessistis
2297 963 2365 1014 ad

820 1022 948 1085 Sion
971 1043 1192 1087 montem
1220 1044 1268 1089 et
1292 1038 1547 1092 civitatem
1576 1040 1671 1093 Dei
1690 1044 1919 1107 viventis,
1952 1046 2245 1103 Jerusalem
2266 1068 2365 1105 cae-

819 1123 995 1177 Iestem
1014 1125 1079 1177 ⁸⁷.
1116 1124 1317 1194 Species
1372 1140 1547 1185 autem
1587 1133 1789 1189 decoris
1838 1146 1921 1192 est
1966 1139 2201 1207 gloriosa
2248 1144 2366 1213 ejus

817 1214 1165 1283 theophania,
1199 1232 1359 1287 quam
1394 1230 1577 1290 aperte
1620 1225 1861 1279 declarat
1892 1228 2025 1283 illud
2052 1227 2067 1281 Ξ
2096 1230 2231 1286 Deus
2262 1250 2368 1287 ma-

814 1302 1001 1371 nifeste
1035 1307 1218 1360 veniet.
1263 1306 1319 1361 in
1351 1311 1544 1395 primo.
1578 1314 1764 1382 itaque
1807 1317 2037 1372 adventu
2066 1336 2207 1395 suo,
2238 1324 2366 1378 dum

811 1393 880 1447 ab
924 1394 1455 1467 hominibusjudicio
1486 1389 1909 1471 eiaminaretur,
1956 1391 2167 1476 silebat,
2198 1422 2367 1469 tanta-

809 1497 920 1550 que
955 1498 1245 1553 perpessus
1277 1504 1384 1542 non
1417 1507 1539 1546 sese
1578 1494 1957 1561 ulciscebatur,
1986 1516 2085 1555 nec
2113 1504 2366 1563 omnibus

810 1589 971 1628 suam
1003 1576 1291 1631 exhibebat
1336 1579 1607 1636 deitatem.
1644 1584 1804 1651 Tunc,
1850 1588 1946 1651 ait,
1988 1592 2260 1661 manifeste
2285 1611 2366 1648 ve-

813 1663 1121 1719 niet‘etnon
1150 1667 1341 1725 silebit.
1363 1672 1508 1742 Ignis
1548 1682 1727 1730 autem
1762 1689 2107 1747 pravertens,
2142 1700 2365 1754 regnum

816 1756 938 1823 ejus
966 1768 1249 1829 expurgat,
1298 1776 1536 1829 omnem,
1570 1780 1688 1835 qua:
1727 1769 1809 1822 uri
1853 1780 2047 1839 potest,
2088 1776 2365 1829 materiem

818 1846 1124 1911 absumens.
1157 1858 1214 1903 ut
1241 1854 1599 1924 nequeligna,
1626 1870 1797 1924 neque
1820 1860 2021 1925 fenum,
2058 1880 2232 1934 neque
2268 1882 2365 1936 pa-

2468 689 2818 757 τυγχάνουσι·
2849 688 2959 749 τοῖς
2981 686 3036 738 δὲ
3062 684 3156 756 τὴν
3182 682 3338 755 χάριν
3364 684 3632 751 ἁθετοῦσι,
3664 689 3723 742 τὸ
3746 689 3857 763 πῦρ
3877 694 4025 746 ἀπει-

2470 779 2551 831 λεῖ
2578 778 2717 832 κατὰ
2742 779 2839 848 τὴν
2871 776 3076 842 ἔνδοξον
3106 777 3269 831 αὐτοῦ
3304 778 3618 849 παρουσίαν,
3655 780 3799 851 ἥξων
3833 785 3896 837 ὲκ
3926 785 4023 856 τῆς

2472 869 2789 941 ἐπουρανίου
2838 869 3012 933 Σιὼν,
3048 868 3175 939 περὶ
3200 864 3267 941 ἦς
3292 869 3322 919 ό
3372 868 3580 934 Παῦλος
3626 870 3787 940 φησίν
3808 888 3823 902 ο
3867 874 3928 927 Ἠ
3957 875 4026 927 δὲ

2470 960 2590 1013 ἅνω
2621 960 2998 1030 Ἰερουσαλὴμ
3018 959 3299 1027 ἐλευθέρα
3320 960 3508 1023 ἐστὶν,
3537 960 3664 1027 ἥτις
3682 962 3817 1016 ἐστὶ
3828 962 4025 1033 μήτηρ

2472 1053 2665 1121 main"
2703 1052 2815 1113 καὶ,
2863 1052 3354 1119 Προσεληλύθατε
3375 1050 3526 1103 Σιὼν
3550 1047 3670 1119 ὄρει
3714 1053 3811 1107 καὶ
3854 1057 4023 1108 πόλει

2475 1143 2621 1197 Θεοῦ
2643 1142 2873 1208 ζῶντος,
2913 1142 3295 1211 Ἰερουσαλὴμ
3325 1142 4024 1211 ἐπουρανίῳ.Εὺπρέπεια

2470 1234 2526 1285 δὲ
2549 1234 2953 1301 ὡραιότητοςή
2980 1231 3185 1296 ἔνδοξος
3198 1232 3362 1285 αὑτοῦ
3386 1232 3667 1303 θεοφάνεια
3685 1252 3696 1264 ’
3719 1234 4022 1311 ταύτηνῗκαὶ

2472 1325 2549 1388 τὸ,
2590 1324 2652 1377 Ὀ
2680 1323 2818 1389 Θεὸς
2836 1321 3109 1392 ἐμφανῶς
3136 1324 3287 1391 ἣξει,
3306 1325 3467 1395 δηλοῖ.
3501 1325 3655 1378 Κατὰ
3685 1326 3783 1396 μέν
3810 1322 3901 1379 οὖν
3924 1326 4022 1399 τὴν

2473 1415 2692 1485 πρώτην
2733 1414 2894 1467 αὐτοῦ
2923 1415 3215 1483 παρουσίαν
3253 1416 3358 1468 ὑπὸ
3382 1416 3677 1487 ἀνθρώπων
3709 1417 4023 1487 κρινόμενος

2423 1542 2425 1546 λ
2472 1499 2704 1553 ἐσιώπα·
2734 1500 2852 1552 οὐδὲ
2874 1501 3107 1554 τοσαῦτα
3133 1502 3351 1571 πάσχων
3368 1503 3613 1574 ἠμύνατο
3631 1546 3645 1569 ,
3698 1506 3818 1559 οὐδὲ
3860 1508 4022 1561 πᾶσιν

2471 1590 2675 1644 ἐδείκνυ
2701 1591 2800 1661 τὴν
2833 1591 2973 1649 ἰδίαν¹
2991 1590 3217 1661 ,θεότητα
3236 1610 3249 1623 ·
3279 1594 3413 1647 Τότε
3429 1592 3517 1657 δὲ,
3544 1596 3725 1665 φησὶν,
3749 1595 4022 1666 ἐμφανῶς

2474 1680 2621 1747 ἥξει,
2653 1680 2747 1734 καὶ
2770 1682 2842 1733 οὐ
2869 1682 3409 1748 παρασιωπήσεται.
3436 1683 3821 1756 Προλαμῦάνον
3866 1687 3922 1741 δὲ
3959 1688 4021 1741 τὸ

2474 1769 2580 1841 πῦρ
2609 1770 2704 1840 τὴν
2726 1770 2888 1829 αὐτοῦ
2921 1771 3191 1840 βασιλείαν
3225 1775 3493 1845 καθαίρει,
3538 1778 3713 1830 πᾶσαν
3737 1777 3867 1848 ὓλην
3892 1796 4023 1832 καυ-

2474 1862 2601 1931 στὴν
2620 1860 2919 1925 ἀναλίσκον,
2951 1862 3084 1933 πρὸς
3112 1863 3172 1915 τὸ
3200 1864 3271 1934 μὴ
3295 1864 3445 1929 ξύλα,
3472 1866 3544 1936 μὴ
3572 1868 3778 1938 χόρτον,
3818 1869 3891 1939 μὴ
3918 1886 4019 1923 κα-

819 1936 919 2001 lea,
956 1946 1080 1995 ante
1111 1949 1463 2016 conspectum
1498 1946 1617 2013 ejus
1643 1959 1923 2027 appareat.
1947 1952 2150 2023 Arguet
2190 1966 2367 2011 autem
2399 1964 2441 2019 Β
2477 1950 2538 2003 λά

2399 1964 2441 2019 Β
2477 1950 2654 2020 λάμην
2688 1952 2791 2021 πρὸ
2830 1950 3115 2022 προσώπου
3144 1952 3305 2008 αὑτοῦ
3338 1936 3650 2021 φαίνεσθαιί
3699 1936 3929 2027 Ἐλέγξει
3962 1959 4019 2013 δὲ
4113 2007 4118 2013 .

818 2026 977 2081 simul
1005 2036 1058 2083 et
1099 2032 1438 2099 approbabit,
1475 2035 1595 2089 aliis
1634 2021 1841 2102 dicens,
1879 2021 2075 2105 Venite.
2114 2044 2366 2099 benedicti

818 2118 997 2172 Patris
1024 2121 1220 2201 mei'f;
1248 2122 1374 2177 aliis
1417 2138 1565 2187 vero,
1610 2125 1869 2182 Discedite
1899 2147 1931 2182 a
1960 2148 2038 2185 me
2056 2133 2119 2187 ”.
2148 2133 2289 2204 Ignis
2312 2138 2366 2190 in

816 2221 1089 2279 conspectu
1111 2196 1224 2277 ejus
1257 2214 1577 2267 exardescet.
1617 2214 1798 2284 Ignem
1836 2236 1951 2274 oens
1982 2196 2198 2279 mittere.
2215 2240 2366 2292 super

817 2300 1092 2353 terram“.
1135 2299 1312 2369 Ignem
1348 2302 1437 2357 hic
1489 2314 1646 2359 vocat
1683 2308 1987 2365 doctrinam
2028 2311 2313 2369 DeiVerbi
2347 2334 2360 2371 :

816 2390 944 2459 quia
979 2392 1117 2460 ignis
1142 2393 1357 2463 quidem
1389 2410 1585 2464 pravos
1633 2398 1851 2456 habitus
1886 2403 2177 2469 comburit,
2209 2420 2367 2459 mun-

807 2480 915 2539 dos
944 2492 1120 2539 autem
1151 2485 1362 2554 probat.
1405 2484 1693 2556 Propterea
1734 2491 1789 2543 in
1823 2492 2050 2546 circuitu
2093 2495 2205 2563 ejus
2247 2505 2378 2569 temj

815 2581 989 2639 pestas
1032 2571 1228 2625 valida.
1276 2570 1555 2643 Quotquot
1587 2578 1732 2631 enim
1783 2581 1963 2633 volunt
2004 2582 2086 2649 pie
2132 2585 2293 2638 vivere
2313 2587 2365 2639 in

816 2659 1046 2721 Christo.
1067 2662 1468 2729 persecutionem
1502 2666 1855 2732 patientur“;
1875 2671 1967 2725 sed
1983 2672 2144 2726 etiam
2170 2674 2363 2744 inquit,

818 2752 861 2806 Τ
865 2752 1227 2807 ribulationem
1249 2753 1496 2809 habebitis
1525 2760 1579 2809 in
1610 2758 1800 2813 mundo
1814 2761 1878 2816 δ’.

887 2839 1049 2917 Vsus.
1080 2841 1133 2907 4,
1170 2844 1222 2897 5.
1254 2843 1538 2899 Adoocabit
1558 2848 1741 2901 caelum
1766 2850 2061 2915 desursum,
2092 2863 2141 2907 et
2172 2866 2365 2910 terram
2420 2860 2423 2863 ’

816 2934 1110 2988 discernere
1141 2936 1391 3003 populum
1440 2954 1611 2992 suum.
1666 2939 1983 3011 Congregate
2026 2945 2109 2998 illi
2156 2959 2364 3004 sanctos

816 3026 948 3093 ejus,
985 3026 1072 3095 qui
1110 3027 1358 3081 ordinant
1384 3037 1745 3085 testamentum
1766 3034 1877 3098 ejus
1906 3050 2057 3102 super
2080 3040 2364 3111 sacriﬁcia.

816 3119 939 3171 Alio
966 3118 1145 3181 modo,
1197 3120 1396 3188 prioris
1442 3124 1622 3191 populi
1657 3125 1931 3194 proprium
1974 3128 2237 3195 judicium
2269 3130 2364 3187 de—

2463 2043 2496 2111 ἢ
2530 2042 2859 2109 ἀποδέξεται,
2888 2047 2999 2107 τοῖς
3032 2044 3128 2113 μὲν
3162 2043 3332 2112 λέγων
3357 2064 3369 2075 ο
3403 2046 3596 2110 Δεῦτε,
3616 2052 3668 2103 ol
3699 2050 4020 2120 εὐλογημέ-

2464 2150 2556 2186 νοι
2595 2134 2700 2188 τοῦ
2731 2135 2957 2203 Πατρός
2972 2154 3112 2203 μου,
3143 2139 3253 2198 τοῖς
3280 2136 3357 2199 δὲ,
3380 2140 3709 2205 Πορεύεσθε
3735 2140 3832 2193 ἀπ’
3851 2141 4018 2210 ἐμοῦ.

2463 2223 2587 2291 Πῦρ
2614 2224 2889 2279 ἐναντίον
2918 2225 3101 2281 αὑτοῦ
3133 2226 3523 2293 καυθήσεταν
3563 2230 3680 2298 πῦρ
3710 2226 4021 2300 ἧλθονβαρ

2462 2315 2594 2369 λεῒν
2616 2316 2714 2369 ἐπὶ
2736 2316 2850 2384 τὴν
2866 2315 3000 2385 γῆν.
3040 2318 3156 2389 Πῦρ
3195 2319 3251 2373 δὲ
3294 2319 3526 2372 ἐνταῦθα
3547 2320 3643 2390 τὴν
3672 2321 4019 2377 διδασκαλίαν

2463 2405 2555 2458 τοῦ
2582 2405 2714 2458 Θεοῦ
2737 2407 2904 2475 Λόγου
2931 2408 3097 2475 λέγει’
3133 2410 3214 2461 ὅτι
3243 2426 3346 2480 περ
3368 2409 3475 2480 πῦρ
3504 2411 3644 2463 καίει
3678 2411 3774 2481 μὲν
3797 2412 3895 2475 τὰς
3920 2430 4017 2482 μο-

2463 2494 2665 2564 χθηρὰς
2698 2495 2857 2561 ἕξεις,
2892 2496 3171 2567 δοκιμάζει
3194 2498 3248 2551 δέ
3274 2499 3398 2562 τοὺς
3446 2499 3735 2572 καθαρούς.
3784 2500 3879 2553 Διὰ
3911 2502 4019 2572 γὰρ

2463 2583 2638 2648 τοῦτο,
2682 2586 2881 2652 κύκλῳ
2902 2586 3086 2641 αὐτοῦ
3119 2590 3382 2658 καταιγὶς
3432 2590 3665 2658 σφόδρα
3689 2607 3702 2619 ο
3739 2590 3849 2643 ὅσοι
3910 2591 4019 2662 γάρ

2465 2675 2707 2731 θέλουσι
2743 2678 3004 2744 εὐσεϐῶς
3031 2670 3133 2739 ζῇν
3150 2680 3220 2731 ἐν
3261 2680 3516 2748 Χριστῷ,
3554 2680 4014 2751 διωχθήσονται·

2464 2767 2597 2822 ἀλλά
2628 2770 2721 2823 καὶ
2743 2770 2969 2838 θλίψιν,
3003 2770 3185 2841 φησὶν,
3208 2771 3372 2835 ἕξετε
3400 2772 3469 2825 ἐν
3488 2771 3567 2838 τῷ
3598 2773 3819 2841 κόσμῳ.

2532 2858 3014 2926 Προσκαλέσεται
3048 2860 3154 2914 τὸν
3185 2861 3442 2928 οὐρανόν
3469 2861 3609 2925 ἄνω,
3643 2862 3738 2915 καὶ
3767 2862 3882 2929 τὴν
3906 2859 4020 2931 γῆν

2462 2949 2754 3017 διακρῖναι
2774 2950 2879 3003 τὸν
2905 2950 3059 3004 λαὸν
3082 2950 3285 3005 αὑτοῦ.
3309 2952 3675 3021 Συναγάγετε
3700 2952 3858 3017 αὐτῷ
3878 2950 4020 3017 τοὺς

2464 3039 2667 3109 ἁγίους
2694 3039 2898 3105 αὑτοῦ,
2924 3039 3066 3105 τοὺς
3106 3039 3540 3109 διατιθεμένους
3581 3042 3692 3109 τὴν
3724 3041 4022 3108 Διαθήκην

2464 3130 2646 3183 αὑτοῦ
2676 3129 2772 3182 ἐπὶ
2806 3130 3060 3195 θυσίαις.
3096 3130 3321 3195 Ἄλλως,
3355 3130 3449 3183 τοῦ
3476 3133 3737 3202 προτέρου
3765 3132 3894 3186 λαοῦ
3922 3132 4020 3203 τὴν

818 3209 1009 3275 elarat,
1056 3210 1252 3265 cmlum
1284 3213 1551 3269 advocans
1585 3223 1636 3270 et
1665 3222 1884 3284 terram,
1938 3222 2191 3288 quoniam
2243 3239 2365 3279 cum
2406 3291 2429 3293 ξ
2468 3236 2536 3289 κρ

2301 3240 2365 3277 Im
2406 3291 2429 3293 ξ
2468 3220 2645 3289 κρίσιν
2674 3218 2977 3283 ἰδιάζουσαν
3004 3220 3260 3282 δείκνυσι,
3297 3221 3389 3273 τὸν
3420 3220 3643 3293 οὐρανὸν
3686 3222 4020 3292 προσκαλού-

818 3301 988 3371 legem
1028 3315 1123 3371 per
1154 3300 1389 3372 Moysem
1420 3306 1755 3371 tradidisset,
1785 3310 1995 3366 dicebat
2022 3332 2035 3366 :
2073 3311 2252 3368 Testor
2281 3331 2367 3368 vo-
2393 3291 2434 3347 c
2471 3328 2535 3381 με

2303 3332 2367 3368 ιο..
2393 3291 2434 3347 C
2471 3327 2626 3381 μενος
2662 3311 2755 3363 καὶ
2786 3312 2883 3382 τὴν
2930 3312 3034 3381 γῆν
3053 3328 3067 3341 ο
3105 3312 3288 3383 ἐπειδὴ
3318 3312 3410 3365 τὸν
3434 3291 3593 3382 νόμον
3624 3313 3711 3365 διὰ
3732 3291 4022 3377 ῨΜωῦσέως

820 3389 897 3443 bis
926 3390 1077 3445 hodie
1104 3392 1285 3446 cretum
1325 3403 1372 3448 et
1403 3406 1593 3449 terram
1617 3398 1681 3452 ⁸³.
1715 3398 1792 3453 Ac
1822 3416 2036 3455 rursum
2075 3404 2131 3457 in
2174 3420 2367 3475 magno
2468 3418 2539 3454 πα

2303 3421 2367 3460 no
2468 3400 2791 3472 παραδιδοὺς
2824 3400 2974 3477 ἔλεγε
2995 3417 3008 3430 ⁸
3039 3402 3410 3469 Μαρτύρομαι
3431 3402 3573 3470 ὑμῖν
3609 3401 3873 3472 σήμερον
3917 3402 4022 3459 τόν

818 3481 1032 3535 cantico
1063 3502 1074 3535 :
1105 3483 1346 3547 Attende,
1379 3479 1585 3550 caelum,
1616 3497 1663 3541 et
1695 3489 1877 3559 loquar
1900 3507 1917 3550 ς
1942 3502 1990 3545 et
2024 3492 2206 3545 audiat
2229 3502 2367 3548 terra

820 3573 973 3625 verba
1004 3589 1068 3628 ex
1098 3591 1185 3629 ora
1211 3592 1323 3629 meo
1343 3576 1407 3630 “.
1446 3577 1805 3643 Quamobrem
1843 3583 1915 3635 ait
1955 3582 2123 3651 Isaias
2150 3604 2162 3638 :
2206 3585 2363 3648 Audi,

819 3662 1086 3722 ctelum,et
1112 3663 1323 3731 auribus
1344 3668 1729 3732 percipe,terra.
1754 3674 2006 3727 Dominus
2032 3675 2230 3728 locutus
2252 3686 2327 3729 est
2348 3692 2365 3728 :

819 3751 991 3806 Filios
1021 3756 1175 3823 genui
1192 3764 1241 3808 et
1273 3758 1517 3821 exaltavi,
1555 3760 1653 3825 ipsi
1692 3771 1862 3815 autem
1879 3776 2174 3830 spreverunt
2206 3784 2284 3820 me
2299 3768 2364 3821 ".

821 3838 974 3894 Nunc
1006 3859 1221 3913 quoque
1258 3846 1474 3901 eosdem
1527 3850 1771 3905 evocabit
1803 3860 1969 3908 testes
1999 3873 2014 3920 ;
2069 3870 2132 3909 ac
2176 3873 2365 3926 quem-

821 3931 1111 3986 admodum
1135 3933 1389 3991 Servatur
1408 3939 1462 3992 in
1493 3939 1799 4012 Evangeliis
1823 3944 1962 3998 ovile
1986 3960 2141 3999 suum
2171 3947 2370 4003 discer-

820 4025 923 4083 nit.
981 4026 1188 4082 scilicet
1239 4044 1334 4083 eos
1364 4036 1455 4099 qui
1486 4032 1740 4090 Ecclesiae
1788 4044 1938 4101 sunt,
1967 4052 2096 4094 oves
2127 4047 2368 4095 statuens

822 4132 855 4169 ει
878 4116 1107 4182 dextris,
1165 4119 1345 4177 haedos
1383 4133 1559 4178 autem
1590 4140 1621 4178 a
1679 4128 1955 4195 sinistris;
1987 4130 2172 4185 eodem
2209 4132 2369 4186 modo

820 4208 937 4277 ipse
986 4207 1246 4268 Dominus
1291 4202 1422 4282 jam‘
1453 4215 1713 4271 discernit
1761 4222 2015 4291 populum
2049 4238 2225 4278 suum.
2264 4222 2368 4278 He-

819 4298 1061 4359 braicum
1094 4306 1367 4375 exemplar
1407 4314 1460 4362 et
1487 4309 1712 4377 reliqui,
1744 4318 2051 4382 congregata
2097 4316 2245 4381 mihi,
2282 4316 2368 4369 in-

2467 3513 2530 3550 τε
2560 3495 2819 3563 οὐρανὸν
2834 3497 2928 3549 καί
2958 3495 3070 3565 τὴν
3097 3496 3212 3567 γῆν
3230 3514 3243 3527 ο
3273 3498 3366 3550 καὶ
3396 3498 3553 3550 πάλιν
3579 3500 3636 3551 ἐν
3662 3498 3865 3569 μεγάλῃ

2466 3589 2751 3657 Πρόσεχε,
2780 3588 3014 3655 οὐρανέ,
3044 3589 3139 3642 καί
3180 3589 3461 3654 λαλήσω·
3498 3590 3594 3642 καὶ
3636 3589 3894 3644 ἀκουέτω
3944 3588 4020 3659 τῆ

2452 3666 2696 3747 ρήλιατα
2721 3680 2790 3732 ἐκ
2812 3680 3104 3747 στόματός
3127 3696 3266 3747 μου.
3292 3680 3383 3732 Διὸ
3398 3682 3489 3733 καὶ
3518 3680 3766 3743 Ἡσαΐας,
3797 3682 4021 3743 Ἄκουε,

2469 3771 2647 3839 φησὶν,
2682 3768 2918 3839 οὺρανὲ,
2942 3770 3037 3823 καὶ
3063 3770 3361 3834 ἐνωτίζου,
3397 3773 3435 3838 ἡ
3460 3770 3556 3841 γῆ,
3600 3775 3631 3825 ό
3659 3774 3871 3839 Κύριος
3887 3770 4024 3825 ἐλά-

2466 3865 2657 3928 λησεν
2676 3879 2689 3890 ·
2729 3861 2897 3925 Υίοὺς
2925 3861 3222 3929 ἐγέννησα
3248 3863 3344 3915 καὶ
3372 3862 3608 3930 ὕψιωσα,
3640 3863 3806 3917 αὐτοὶ
3855 3859 3921 3914 δέ
3945 3878 4023 3930 με

2466 3947 2784 4015 ἠθέτησαν.
2803 3950 2912 4001 Καὶ
2945 3948 3038 4001 νῦν
3058 3949 3235 4000 τοίνυν
3258 3950 3383 4013 τοὺς
3417 3952 3612 4014 αὐτοὺς
3647 3948 4021 4004 ὲπικαλέσεται

2472 4040 2747 4110 μάρτυρας
2770 4056 2783 4068 ·
2821 4040 2914 4091 καὶ
2942 4038 3131 4109 ὥσπερ
3157 4041 3184 4091 ό
3208 4040 3397 4112 Σωτὴρ
3452 4042 3523 4092 ἐν
3557 4040 3905 4109 Εὑαγγελίοις
3961 4040 4024 4093 τὸ

2470 4129 2711 4199 ποίμνιον
2745 4129 2907 4183 αὑτοῦ
2940 4130 3221 4201 διακρίνει,
3252 4131 3448 4202 δηλαδὴ
3476 4133 3604 4194 τοὺς
3638 4132 3739 4200 τῆς
3795 4132 4021 4202 Ἐκκλητ

2470 4218 2608 4281 σίας,
2639 4219 2706 4273 τὰ
2744 4219 2987 4289 πρόϐατα
3023 4220 3118 4288 μὲν
3150 4220 3310 4272 ἱστῶν
3331 4232 3395 4273 εκ
3422 4219 3631 4286 δεξιῶν,
3664 4221 3731 4273 τὰ
3758 4220 3815 4273 δὲ
3841 4222 4023 4292 ἐρίφια

2468 4306 2524 4372 ἐξ
2560 4308 2874 4378 εὐωνύμων
2904 4311 2992 4362 τὸν
3026 4310 3185 4362 αὐτὸν
3207 4311 3406 4381 τρόπον
3434 4312 3463 4361 ό
3494 4311 3651 4372 αὐτὸς
3684 4311 3885 4381 Κύριος
3931 4310 4022 4363 καὶ

828 4391 1030 4459 quium.
1067 4393 1218 4449 Sicut
1268 4400 1409 4453 enim
1461 4401 1514 4453 in
1562 4399 1853 4472 Evangelio
1903 4405 2103 4459 dictum
2135 4415 2261 4461 est:
2298 4406 2367 4460 Et
2468 4398 2547 4451 νῦκ

2300 4406 2367 4460 Et
2468 4398 2561 4451 νῦν
2608 4398 2865 4469 διακρίνει
2914 4400 3003 4454 τὸν
3027 4400 3150 4454 λαὸν
3181 4400 3366 4454 αὐτοῦ.
3409 4402 3481 4454 Τὸ
3517 4401 3800 4470 Ἐὅραῖκδν
3833 4402 3926 4453 καὶ
3974 4401 4019 4452 οί

822 4483 989 4537 mittet
1019 4487 1225 4555 angelos
1253 4506 1393 4555 suos,
1425 4500 1472 4545 et
1495 4492 1874 4563 congregabunt
1902 4512 2074 4549 omnes
2098 4506 2269 4566 gentes
2296 4498 2363 4565 “,
2468 4491 2541 4542 λοι

2304 4499 2363 4565 ηδ
2468 4491 2657 4553 λοιποὶ,
2687 4490 3054 4559 Συναγάγπέ
3081 4508 3200 4559 μοι,
3237 4492 3397 4558 φασίν
3422 4508 3434 4520 ε
3471 4492 3545 4554 ὡς
3565 4492 3671 4562 γὰρ
3697 4494 3753 4544 ὲν
3786 4492 4023 4559 Εὐαγγε..

820 4574 894 4626 ita
947 4582 999 4629 et
1026 4592 1171 4631 nunc
1208 4579 1396 4662 iisdem
1447 4583 1707 4651 praecipit.
1756 4583 1882 4637 Vult
1930 4593 2110 4639 autem
2148 4596 2367 4644 sanctos
2398 4619 2442 4673 ι)
2468 4579 2539 4632 λίε

2302 4605 2367 4644 os
2398 4619 2442 4673 ι)
2468 4579 2597 4643 λίοθς
2632 4580 2841 4649 εἴρηται
2866 4596 2878 4607 °
2906 4580 3011 4633 Kal
3044 4577 3367 4683 ἀποστελεῖ
3581 4580 4020 4685 ὰγγξλουςὶαιέ-

819 4666 972 4733 prius
1014 4682 1171 4735 quam
1203 4656 1397 4739 impios
1432 4676 1726 4745 segregari,
1763 4672 1949 4745 utpote
1980 4678 2073 4747 qui
2102 4679 2367 4746 promissa
2399 4656 2441 4673 υ
2467 4688 2538 4724 το

2310 4696 2367 4735 sa
2399 4656 2441 4673 υ
2467 4670 2593 4735 τοῦ,
2625 4672 2723 4725 καὶ
2757 4670 3095 4735 συνάξουσι
3129 4666 3323 4722 πάντα
3360 4668 3441 4722 τὰ
3462 4671 3601 4737 ἔθνη
3620 4687 3633 4699 °
3655 4669 3795 4723 οὕτω
3818 4669 3911 4722 καὶ
3932 4666 4027 4723 νῦν

821 4758 1079 4827 consequi
1107 4759 1356 4815 debeant;
1578 4750 1580 4753 ’
2466 4765 2540 4813 τοι

2466 4764 2576 4824 τοῖς
2626 4762 2808 4824 αὐτοῖς
2840 4760 3132 4813 ἐπιτάττει.
3168 4758 3421 4829 Πρώτους
3456 4760 3511 4815 δὲ
3562 4760 3805 4829 βούλεται
3838 4759 4021 4827 ἀφορι-

2470 4852 2656 4921 σθῆναι
2687 4851 2790 4923 πρὸ
2838 4850 2944 4903 τῶν
2958 4849 3179 4902 ’ἀσεϐῶν
3224 4852 3348 4913 τοὺς
3385 4851 3565 4913 ὁσίους
3597 4847 3760 4905 αὐτοῦ
3786 4889 3800 4913 ,
3842 4850 4021 4918 τυχεῖν

2465 4942 2573 4994 τῶν
2606 4941 3025 5013 ἐπηγγελμένων
3050 4940 3377 5009 ὀφείλοντας.

894 5011 1055 5067 Vens.
1094 5017 1178 5071 15.
1218 5016 1464 5088 Nunquid
1508 5022 1831 5076 manducabo
1861 5042 2041 5081 carnes
2075 5040 2363 5094 taurorum,
2535 5033 2613 5086 Mi

2299 5050 2363 5094 m,
2535 5033 2629 5097 Μὴ
2649 5011 2904 5101 φάγομαι
2941 5032 3082 5099 κρέα
3117 5033 3368 5099 ταύρων,
3395 5030 3433 5097 ἢ
3476 5028 3618 5099 αἷμα
3642 5029 3867 5099 τράγων
3894 5031 4018 5085 πίο-

822 5113 910 5156 αιιι
938 5109 1241 5175 sanguinem
1280 5111 1543 5167 hircorum
1576 5114 1814 5182 potabo?
1862 5114 1996 5172 Esca
2044 5120 2137 5175 Dei
2185 5134 2266 5179 est
2300 5126 2366 5178 de
2462 5140 2541 5191 μα

2301 5126 2366 5178 de
2462 5140 2601 5191 μαι;
2629 5122 2815 5193 Τροφὴ
2834 5123 2890 5175 δὲ
2914 5123 3051 5177 Θεοῦ
3083 5124 3208 5193 περὶ
3240 5116 3310 5192 ἧς
3337 5118 3485 5175 εἶπεν
3505 5137 3519 5150 ·
3557 5122 3889 5187 Ἐπείνασα,
3927 5118 4020 5177 καί

821 5208 925 5260 qua
971 5196 1145 5251 dixit:
1203 5200 1431 5265 Esurivi,
1482 5212 1532 5256 et
1575 5204 1791 5260 dedistis
1835 5209 1960 5262 mihi
1990 5212 2364 5277 .manducare;
2462 5215 2540 5269 ἐδι

2295 5232 2364 5277 'e;
2462 5214 2717 5269 ἐδώκατέ
2749 5234 2849 5284 μοι
2870 5216 3078 5285 φαγεῖν
3102 5232 3113 5243 ·
3155 5212 3436 5281 ἐδίψησα,
3467 5212 3564 5266 καί
3591 5213 3905 5267 ἐποτίσατέ
3926 5231 4014 5282 με’

818 5285 978 5347 sitivi,
1014 5295 1063 5340 et
1090 5288 1305 5343 dedistis
1346 5291 1673 5347 mihibibere
1698 5295 1765 5359 "",
1786 5304 1919 5365 etc.;
1945 5314 1974 5351 a
2006 5302 2202 5369 quibus
2231 5319 2365 5358 euu-
2467 5307 2537 5374 ὑφ

2303 5320 2365 5357 υ-
2467 5307 2553 5374 ὑφ’
2583 5302 2657 5362 ὧν
2683 5311 3011 5381 τρεφόμενος
3031 5308 3169 5372 λέξω
3190 5323 3203 5337 ⁸
3246 5308 3361 5376 Ἐφ’
3390 5308 3539 5361 ὅσον
3586 5308 3908 5378 ἐποιήσατε
3932 5309 4016 5365 ἐνὶ

818 5373 981 5429 tritus
1003 5374 1198 5431 dicam:
1224 5379 1289 5432 In
1320 5392 1570 5451 quantum
1590 5383 1789 5451 fecistis
1812 5390 1901 5441 uni
1929 5405 1992 5443 ea:
2008 5390 2088 5443 his
2112 5393 2363 5455 minimis,
2470 5373 2533 5448 το

2299 5394 2363 5455 is,
2470 5373 2689 5453 τούτων
2718 5373 3219 5468 ἐλαχίστων,
3251 5373 3377 5467 ἐμοὶ
3409 5373 3752 5469 ἐποιήσατε..
3786 5401 3939 5455 Ἐστι
3965 5398 4018 5451 δὲ

819 5467 947 5520 mihi
976 5466 1173 5534 fecistis
1197 5470 1260 5523 ⁸⁸.
1313 5471 1581 5537 lmmolari
1612 5484 1789 5530 autem
1828 5487 2004 5549 potest
2035 5474 2128 5551 per
2155 5483 2364 5537 divinos
2473 5485 2534 5537 Θῦ

2294 5498 2364 5537 ιοε
2473 5485 2629 5539 θῦσαι
2666 5489 2893 5557 λογικῶς
2946 5466 3039 5541 καὶ
3069 5488 3158 5541 διὰ
3192 5466 3465 5558 Θεολογίας
3515 5466 3608 5544 καὶ
3638 5490 4013 5563 εὐχαριστίας·

820 5570 1098 5614 sermones
1127 5576 1190 5615 ac
1221 5562 1514 5630 gratiarum
1565 5565 1876 5637 actionem;
1928 5587 2051 5625 cum
2097 5573 2363 5643 quispiam
2472 5592 2539 5628 κα

2299 5589 2363 5627 im
2472 5577 2562 5628 καὶ
2588 5579 2705 5631 ἐπεὶ
2732 5580 2775 5631 δ’
2810 5580 2975 5641 ἄν’τις
2994 5578 3070 5646 τῷ
3092 5577 3209 5647 Θεῷ
3234 5581 3820 5652 πρέποννὺποσχόμενος
3843 5578 4018 5647 ἔργοις

893 5714 936 5743 ³⁸
976 5713 1148 5769 Galat.
1187 5734 1257 5783 Iv,
1288 5717 1380 5770 96.
1458 5718 1497 5748 "
1542 5718 1698 5773 llehr.
1738 5738 1840 5781 xu.
1868 5726 1958 5778 ΞΩ.

824 5781 911 5834 1Q.
989 5784 1032 5815 “
1069 5781 1251 5838 Joan.’
1285 5800 1403 5840 xu.
1470 5788 1555 5841 55.

840 5853 878 5884 ⁸⁷
915 5850 1103 5907 Matth.
1144 5854 1262 5916 xxv,
1294 5856 1476 5909 5556.

2060 5726 2104 5759 ³⁸
2145 5725 2329 5781 Matth.
2365 5744 2489 5792 xw,
2521 5731 2606 5783 54.
2704 5733 2746 5764 ³⁸
2787 5732 2913 5785 Luc.
2949 5748 3056 5793 xu,
3093 5732 3176 5784 49.

1632 5790 1863 5864 f_’_Dcut.
1901 5812 2033 5851 xu.
2094 5796 2175 5849 l9.
2252 5799 2292 5831 ⁸⁵
2336 5790 2485 5853 Deut;
2549 5817 2723 5863 xxxii,
2788 5803 2832 5855 1.
2912 5803 2951 5832 ⁸⁵
2995 5790 3093 5856 lsi!-
3140 5819 3187 5864 ι»
3245 5803 3296 5855 9v-

1554 5859 1597 5888 ⁸⁸
1628 5860 1752 5913 ibid.
1786 5864 1873 5916 4⁸).

3285 5732 3329 5763 ⁸⁸
3368 5733 3498 5787 ibid.
3601 5733 3643 5763 δι
3682 5731 3722 5783 ll
3760 5729 3897 5783 Tim.
3934 5744 4015 5789 ιιι,

3374 5801 3631 5854 “Matth.
3692 5816 3860 5866 “Iv,
3927 5799 4013 5854 3|.
