4354 6400
362 498 464 554 ιδτ
1474 498 1658 557 COMM
1668 500 1965 555 ENTARIA
2006 504 2071 558 IN

1854 500 1965 555 IiIA
2006 504 2071 558 IN
2110 504 2445 559 PSALMOS.
3463 507 3570 563 458

362 604 733 674 ἐπιτελέσειεν.
778 613 953 683 Εὗχὰς
999 613 1104 685 γάρ
1140 614 1172 684 ἡ
1216 613 1403 685 Γραφὴ
1442 614 1541 679 τὰς
1584 619 1913 687 ἐπαγγελίας
1942 628 1986 682 Α
2015 638 2081 692 qu

1848 637 1913 683 ας
1942 628 1986 682 Α
2015 638 2134 692 quae
2188 623 2296 675 Deo
2343 622 2617 690 pollicitus
2667 628 2770 685 est,
2820 633 2983 691 opere
3009 619 3378 689 compleverit.
3432 619 3566 676 Vota

370 703 544 772 ρησὶν,
575 703 649 766 ὡς
682 706 738 756 ἐν
768 705 844 775 τῷ
867 722 880 735 ·
924 707 1063 759 Ἐὰν
1090 707 1239 775 εὔξῃ
1270 708 1481 776 εὐχὴν,
1502 708 1586 777 μὴ
1611 710 1918 779 ,βραδύνῃς
2014 731 2081 770 en

1847 730 1918 779 ῃς
2014 715 2158 770 enim
2190 715 2582 784 promissiones
2630 711 2909 781 Scriptura
2956 718 3131 772 vocat,
3184 718 3243 764 ut
3288 725 3410 764 cum
3444 713 3518 764 ait
3554 730 3566 743 -

369 792 703 847 ιτοδοῦναι.
748 795 972 863 Ἀγαθὸν
1001 797 1061 849 τὸ
1090 797 1161 867 μὴ
1194 796 1468 861 εὖξασθαι,
1501 798 1533 869 ἢ
1565 798 1627 851 τὸ
1665 798 1918 865 εὔξασθαι
2017 808 2076 861 Si

1851 806 1918 855 ὶαι
2017 808 2076 861 Si
2106 815 2277 858 votum
2310 820 2513 867 voveas,
2545 802 2795 856 netardes
2822 801 3033 855 reddere
3058 800 3147 853 ‘3'.
3180 799 3370 854 Melius
3401 802 3570 869 siqni-

370 884 450 938 (αἱ
487 885 561 954 μὴ
582 886 889 939 ἀποδοῦναι.
924 887 1107 950 Οὕτως
1129 884 1219 941 οῦν
1262 890 1489 959 σπείρας
1534 892 1613 953 είς
1648 890 1917 945 δικαιοσύ-

369 990 478 1045 θην,
513 974 696 1040 ἔλπιζε
716 979 1006 1049 τρυγήσειν
1035 980 1242 1049 καρπὸν
1269 982 1430 1055 ζωῆς.

438 1158 520 1225 Τῷ
533 1158 601 1212 δὲ
623 1160 942 1229 ἀμαρτωλῷ
957 1159 1125 1216 εἶπεν
1140 1166 1171 1217 ό
1201 1167 1343 1231 Θεός
1358 1184 1370 1196 ’
1390 1166 1513 1221 Ἰνα
1536 1169 1593 1221 τί
1623 1169 1703 1223 σὺ
1732 1170 1909 1239 διηγῇ

362 1248 433 1303 τὰ
454 1249 807 1319 δικαοώματά
834 1270 969 1321 μου,
1000 1254 1095 1306 καί
1145 1255 1599 1325 ἀντιλαμϐάνεις
1642 1259 1757 1325 τὴν
1789 1264 1916 1313 Δια-

362 1340 552 1409 θήκην
576 1360 692 1410 μου
731 1343 829 1397 διὰ
870 1344 974 1397 τοῦ
1008 1347 1301 1414 στόματός
1330 1363 1486 1413 σου;
1535 1352 1847 1405 Μετάϐασιν
1886 1354 1915 1403 ὁ

361 1431 513 1499 λόγος
560 1432 670 1501 ἔχει
718 1432 822 1485 ἀπὸ
857 1431 950 1485 τοῦ
986 1432 1093 1485 τῶν
1135 1434 1356 1489 δικαίων
1397 1440 1671 1508 τάγματος
1717 1441 1809 1492 ἐπὶ
1853 1440 1914 1494 τὸ

359 1522 541 1592 τάγμα
573 1518 679 1575 τῶν
705 1520 973 1592 πονηρῶν.
1023 1523 1224 1576 Ἐκεῖνο
1250 1526 1357 1598 γάρ
1375 1545 1427 1581 τι
1454 1528 1613 1582 πλέον
1640 1530 1783 1600 ἔσχε,
1815 1532 1913 1601 τῆς

360 1613 552 1683 καινῆς
581 1611 849 1683 Διαθήκης
879 1611 977 1683 τὴν
1002 1614 1330 1686 ἐπιστήμην.
1389 1619 1727 1689 Ἀμαρτωλδν
1763 1621 1817 1674 δὲ
1852 1624 1911 1674 οὐ

359 1702 450 1755 τὸν
476 1702 747 1772 ἀλλότριον
778 1702 885 1754 τῶν
912 1702 1165 1773 Γραφῶν,
1198 1704 1332 1759 ἀλλὰ
1352 1707 1445 1761 τὸν
1478 1712 1799 1781 παραϐάτην
1825 1730 1916 1767 κα-

360 1792 457 1847 λεῖ.
499 1792 737 1862 Ἐλέγχει
768 1793 823 1846 δὲ
857 1794 1019 1847 αὐτὸν
1042 1797 1141 1849 οὐκ
1164 1797 1255 1849 ἐπὶ
1293 1800 1598 1870 παραϐάσει
1636 1803 1915 1859 σαϐϐάτων

360 1883 635 1955 ἢθυσιῶν,
677 1876 950 1954 ἢτοιῶνδε
985 1885 1306 1959 βρωμάτων,
1338 1890 1471 1945 ἀλλὰ
1522 1894 1631 1948 τῶν
1681 1872 1916 1964 φυσικῶν

2016 894 2137 947 dem
2168 900 2252 947 est
2276 908 2383 947 non
2412 907 2628 957 vovere,
2671 906 2834 961 quam
2872 905 3069 944 vovere
3097 898 3151 943 et
3184 904 3292 943 non
3324 888 3566 944 reddere.

2018 983 2108 1039 Sic
2141 984 2304 1053 igitur
2337 998 2461 1038 cum
2494 981 2848 1038 seminaveris
2879 982 2945 1036 ad
2973 980 3263 1051 justitiam,
3296 995 3482 1051 speres
3518 988 3569 1034 te

2015 1074 2252 1129 fructum
2288 1074 2410 1128 vita:
2439 1074 2818 1128 collecturum.

2085 1165 2250 1221 Vsus.
2289 1155 2391 1227 16ἶη
2412 1166 2686 1220 Peccatori
2713 1175 2886 1218 autem
2916 1164 3051 1217 dixit
3084 1163 3217 1217 Deus
3246 1178 3262 1215 :
3305 1163 3479 1228 Quare
3514 1171 3569 1213 tu

2012 1275 2229 1311 enarras
2242 1244 2485 1326 justitias
2510 1273 2671 1319 meas.
2702 1267 2749 1310 et
2770 1258 2994 1310 assumis
3019 1264 3380 1310 testamentum
3402 1269 3568 1307 meum

2010 1364 2101 1417 per
2128 1364 2186 1401 or
2218 1349 2409 1401 tuum?
2439 1346 2842 1402 Transitionem
2879 1362 3059 1401 sermo
3093 1346 3252 1400 habet
3283 1345 3351 1398 ab
3382 1345 3571 1398 ordine

2008 1439 2282 1508 justorum
2341 1439 2407 1491 ad
2448 1438 2696 1491 ordinem
2734 1438 3128 1505 improborum.
3164 1434 3256 1490 Ille
3297 1434 3441 1490 enim
3473 1434 3572 1487 ali-

2012 1529 2142 1599 quid
2164 1528 2397 1597 amplius
2416 1528 2627 1592 babuit,
2654 1526 2863 1583 scilicet
2890 1528 3015 1582 novi
3041 1526 3374 1583 Testamenti
3395 1525 3573 1580 scien-

2012 1621 2165 1673 tiam.
2197 1617 2543 1674 Pcccatorem
2575 1625 2776 1679 autem,
2800 1632 2909 1670 non
2938 1618 3172 1671 alienum
3194 1630 3225 1671 a
3250 1613 3567 1686 Scripturis,

2014 1707 2110 1764 sed
2144 1702 2619 1777 praevaricatorem
2648 1711 2827 1758 vocat.
2860 1703 3122 1774 Illumquc
3150 1704 3416 1773 coarguit,
3462 1719 3569 1758 non

2014 1798 2080 1855 de
2114 1797 2551 1867 transgressione
2602 1795 2749 1849 circa
2790 1794 3016 1849 sabbata
3062 1803 3155 1848 aut
3198 1795 3571 1859 hostiasyaut

2016 1893 2223 1948 similes
2245 1904 2401 1945 escas
2430 1928 2445 1953 ,
2474 1887 2567 1942 sed
2598 1888 2665 1941 de
2693 1888 2869 1957 legum
2899 1888 3228 1941 naturalium
3256 1887 3567 1949 violatione,

360 1980 554 2045 νόμων,
592 1977 673 2043 ἐφ’
700 1970 778 2039 οἷς
805 1977 1008 2047 ἀνόητα
1033 1973 1102 2049 ἦν
1133 1979 1280 2051 αὐτῷ
1317 1982 1410 2035 τοῦ
1457 1984 1593 2037 Θεοῦ
1642 1986 1708 2040 τὰ
1744 1988 1919 2058 μαθή-
1951 1982 1992 2036 Β
2018 2000 2079 2054 qu

1849 1990 1919 2058 μή-
1951 1982 2248 2054 Bquarum
2282 1981 2627 2052 disciplinam
2678 1996 2706 2033 a
2765 1979 2873 2034 Deo
2929 1979 3179 2033 traditam
3225 1993 3322 2048 pro
3377 1978 3568 2033 insana

360 2074 531 2137 ματα·
579 2064 747 2118 ταῦτα
782 2066 887 2136 γὰρ
946 2067 1270 2139 ἁμαρτάνων
1318 2072 1642 2144 άπέρριπτε.
1685 2076 1913 2139 Φυσικὸς

358 2156 465 2228 γάρ
502 2159 531 2211 ό
558 2158 721 2227 νόμος
757 2159 816 2211 τὸ
852 2159 925 2231 μὴ
953 2159 1065 2213 δεῖν
1101 2166 1291 2229 ποιεῖν,
1316 2163 1352 2217 ἃ
1382 2164 1446 2236 δὴ
1481 2166 1670 2219 παθεῖν
1702 2169 1763 2221 οὐ
1794 2168 1914 2238 βου-

358 2249 575 2320 λόμεθα.
600 2251 792 2321 Μοιχοὶ
823 2252 879 2306 δὲ
924 2257 1017 2309 καὶ
1057 2259 1105 2311 oi
1146 2256 1293 2312 ἄθεοι
1335 2257 1741 2330 εἰδωλολάτραι·
1794 2259 1915 2313 κλέ-

358 2334 485 2429 πται
514 2337 570 2389 δὲ
598 2337 691 2390 καὶ
716 2340 763 2391 oi
810 2340 1131 2408 κλέπτοντες
1162 2345 1258 2416 τὴν
1298 2345 1571 2417 ἀλήθειαν.
1623 2348 1759 2429 Home
1814 2349 1911 2419 μὲν

356 2425 446 2485 οὖν
467 2471 481 2496 ,
529 2433 982 2506 Ἐπαρρησιάζου,
1032 2435 1183 2506 φησὶ,
1208 2438 1273 2507 τῇ
1306 2438 1492 2507 κακία,
1541 2437 1669 2490 ποτὲ
1701 2425 1777 2501 δέ,
1814 2442 1909 2491 Δο-

357 2523 482 2587 λίως
531 2526 900 2590 ἐπεϐούλευες,
947 2520 1271 2597 προσεποιοῦ
1308 2516 1383 2582 λδὲ
1433 2530 1668 2601 γνησίως
1716 2531 1808 2584 καὶ
1836 2531 1910 2595 ὡς

355 2614 599 2683 ἀδελφοῖς
650 2617 856 2687 ὁμιλεῖν
882 2655 895 2679 ,
961 2616 1135 2688 λάθρα
1176 2618 1378 2673 τούτων
1428 2621 1740 2674 καταλαλῶν
1762 2638 1776 2651 ο
1824 2622 1909 2674 ἐν·

354 2705 575 2777 ήδρευες
616 2708 673 2761 δὲ
726 2708 819 2760 καὶ
849 2709 974 2772 τοὺς
996 2710 1059 2762 ἐκ
1089 2711 1189 2780 τῆς
1212 2713 1379 2782 αὐτῆς
1408 2729 1488 2764 σοι
1520 2714 1744 2784 μητρὸς,
1795 2714 1909 2783 ἦτοι

354 2800 689 2867 συναγωγῆς,
716 2800 749 2871 ἦ
781 2802 873 2853 καὶ
919 2800 1209 2872 ἐκκλησίας
1228 2819 1243 2834 ο
1291 2805 1374 2871 ἐφ’
1402 2800 1482 2865 οἷς
1511 2804 1642 2875 ἐμοῦ
1674 2804 1912 2858 σιωπῶν-

352 2905 441 2952 τος
465 2890 625 2959 ἡνίκα
653 2892 1043 2964 ἐνηνθρώπησα
1062 2906 1075 2925 δ
1102 2895 1135 2964 ἢ
1166 2896 1259 2948 καὶ
1284 2894 1455 2959 ἄλλως
1473 2913 1486 2925 ·
1540 2896 1660 2948 Ἐπὶ
1698 2896 1759 2949 τὸ
1800 2899 1908 2966 χεῖ-

354 2997 444 3052 ρον
472 2980 713 3047 ἐϐάδιζες
744 2987 1097 3057 ναταφρονῶν
1126 2987 1221 3056 τῆς
1254 2988 1393 3057 ἐμῆς
1425 2988 1783 3058 χρηστότητος
1814 2990 1907 3042 καὶ

349 3072 445 3141 τῆς
500 3073 696 3143 ἀνοχῆς
748 3075 968 3145 καὶτῆς
1027 3075 1437 3147 μακροθυμίας·
1472 3077 1552 3129 διὸ
1583 3076 1768 3129 λοιπὸν
1810 3079 1907 3130 οὐκ

348 3161 624 3233 ἀνέξομαι.
665 3164 776 3218 Καὶ
803 3164 910 3236 γὰρ
934 3164 1165 3217 διέκεισό
1197 3181 1261 3235 με
1293 3164 1393 3227 τὰς
1426 3166 1523 3228 σάς
1556 3164 1906 3235 ἀποδέχεσθαι

348 3252 593 3323 πράξεις,
621 3254 653 3324 ἢ
685 3256 776 3307 καὶ
810 3255 1013 3326 μηδένα
1042 3255 1247 3308 τούτων
1277 3257 1600 3327 μεμνῆσθαι.
1634 3256 1769 3309 Ἀλλ’
1795 3255 1903 3323 ἐγώ

2018 2074 2288 2129 habebat:
2333 2073 2474 2125 hanc
2525 2072 2669 2126 enim
2722 2069 2998 2141 peccando
3046 2069 3262 2138 abjecit.
3297 2067 3569 2124 Naturalis

2012 2165 2213 2235 quippe
2246 2165 2331 2218 lex
2354 2180 2417 2219 ea
2442 2171 2547 2225 est,
2580 2162 2780 2217 nemini
2814 2161 2991 2215 facere
3019 2175 3139 2230 quae
3167 2160 3281 2230 pati
3310 2159 3564 2215 nolimus.

2011 2253 2205 2308 Moschi
2234 2261 2412 2306 autem
2444 2260 2591 2313 sunt,
2626 2252 2773 2320 impii
2805 2252 3102 2305 idololatria
3126 2294 3141 2317 ,
3178 2258 3235 2307 et
3267 2250 3432 2315 fures,
3468 2253 3564 2321 qui

2008 2344 2289 2397 veritatem
2342 2341 2698 2396 suﬂ‘urantur.
2730 2340 2889 2395 Modo
2922 2342 3087 2411 igitur
3118 2343 3193 2395 ait
3224 2362 3235 2396 :
3275 2342 3331 2396 In
3364 2342 3567 2396 malitia

2009 2434 2346 2501 conﬁdebas;
2371 2449 2522 2489 mox:
2555 2433 2746 2489 Dolose
2768 2432 3135 2495 insidiabaris,
3165 2433 3568 2505 simulabasqne

2009 2535 2062 2582 te
2096 2526 2308 2582 sincere
2337 2533 2390 2580 et
2422 2525 2578 2596 quasi
2608 2540 2731 2579 cum
2766 2522 3034 2579 fratribus
3063 2522 3322 2591 colloqui.
3356 2524 3567 2578 etclam

2010 2618 2077 2672 iis
2106 2616 2505 2681 maledicebas;
2532 2616 2760 2670 insidias
2788 2615 3040 2671 struebas
3074 2615 3143 2669 iis
3166 2614 3258 2685 qui
3283 2628 3347 2668 ex
3378 2616 3567 2670 eadem

2008 2723 2173 2778 quam
2202 2716 2260 2761 tu
2289 2715 2463 2761 matre
2491 2707 2597 2761 orti
2628 2714 2776 2770 sunt,
2804 2706 2919 2760 sive
2938 2721 3003 2759 ex
3033 2704 3334 2776 Synagoga,
3361 2704 3474 2759 sive
3501 2719 3565 2759 ex

2009 2798 2253 2855 Ecclesia
2284 2817 2297 2852 :
2329 2798 2395 2852 de
2440 2798 2641 2867 quibus
2677 2812 2778 2867 ego
2808 2797 3056 2862 silebam,
3110 2796 3328 2868 quando
3375 2798 3566 2851 buma-

2007 2902 2130 2940 nam
2163 2886 2432 2957 assumpsi
2466 2895 2734 2939 naturam.
2766 2884 2889 2938 Sive
2907 2885 3021 2938 alio
3043 2888 3205 2942 modo
3231 2906 3244 2940 :
3276 2886 3357 2941 Ad
3383 2886 3567 2957 pejora

2006 2976 2342 3047 gradiebare,
2379 2977 2877 3039 mansuetudinem,
2907 2976 3216 3045 patientiam
3247 2985 3299 3030 et
3328 2976 3567 3031 toleran-

2007 3070 2134 3123 tiam
2164 3081 2337 3124 meam
2364 3070 2673 3139 despiciens
2701 3088 2711 3122 :
2746 3078 2921 3139 qnare
2957 3068 3189 3123 ulterius
3220 3082 3329 3121 non
3366 3068 3562 3136 patiar.

2005 3159 2138 3214 Nam
2175 3164 2254 3215 sic
2270 3154 2501 3216 aﬁ‘ectus
2525 3177 2669 3225 eras,
2696 3169 2753 3215 ut
2783 3168 3004 3231 putares
3029 3175 3114 3213 me
3140 3168 3289 3229 gesta
3336 3159 3565 3229 probare

2007 3262 2117 3316 tua,
2154 3264 2247 3322 aut
2277 3254 2546 3308 neminem
2574 3269 2761 3308 eorum
2796 3252 3233 3309 recordaturum.
3281 3254 3347 3305 At
3382 3269 3479 3322 ego
3514 3261 3565 3307 te

350 3320 410 3397 σε
437 3320 721 3415 διελέγχων
745 3320 849 3417 πρὸ
873 3320 982 3400 τῶν
1014 3346 1118 3399 σῶν
1156 3320 1453 3417 ὀφθαλμῶν,
1481 3349 1691 3403 ἅπαντα
1734 3320 1899 3420 θήσω,
1930 3320 1973 3381 C
2006 3358 2067 3398 ar

1845 3367 1899 3413 ω,
1930 3320 1973 3381 C
2006 3358 2262 3416 arguens,
2298 3346 2476 3399 omnia
2508 3344 2607 3397 tibi
2633 3344 2703 3398 ob
2725 3344 2915 3400 oculos
2946 3339 3164 3414 ponam,
3206 3352 3282 3409 ut,
3323 3345 3407 3399 bis
3436 3360 3564 3399 con—

312 3422 316 3427 ’
346 3436 495 3500 ὅπως
528 3436 667 3506 ὁρῶν
698 3440 1007 3511 αἰσχυνθῇς.

482 3565 588 3618 ΕΙΣ
626 3565 714 3621 ΤΟ
749 3567 1291 3641 ΤΕΛΟΣ,ΨΑΛΜΟΣ
1331 3572 1415 3625 ΤΩ
1452 3573 1647 3627 ΔΑΥΙΔ
1687 3573 1768 3630 ΝΪ.

359 3655 460 3714 ἐν
487 3656 566 3723 τῷ
600 3658 795 3732 ἐλθεῖν
831 3661 991 3732 πρὸς
1004 3661 1187 3719 αὐτὸν
1207 3662 1409 3732 Ναϐὰν
1435 3662 1547 3714 τὸν
1568 3663 1899 3732 προφήτην,

652 3730 829 3795 ἡνίκα
857 3729 1101 3789 εἰσῆλθε
1125 3731 1274 3799 πρὸς
1295 3729 1615 3799 Βηρσαϐεέ,

428 3836 717 3908 Ἐλέησόν
742 3859 837 3912 με.
877 3847 909 3896 ὁ
939 3844 1101 3911 Θεύς,
1124 3848 1275 3900 κατὰ
1305 3844 1367 3899 τὸ
1390 3844 1540 3914 μέγα
1568 3845 1738 3910 ἔλεός
1763 3863 1896 3901 σου.

355 3932 443 3996 Ὧς
465 3933 555 3985 ἐπὶ
575 3934 793 4005 μεγάλῳ
811 3934 867 3990 δέ
892 3935 1066 4009 ψυχῆς
1099 3936 1366 4009 τραύματι
1427 3936 1657 4001 μεγάλου
1697 3937 1900 3992 δεῖσθαι

342 4021 491 4080 ἐλέου
518 4023 783 4092 ὁμολογεῖ.
1518 4066 1551 4092 .,

425 4111 547 4168 Ἐπί
570 4112 782 4173 πλεῖον
822 4113 1058 4170 πλῦνον
1075 4132 1153 4183 με
1179 4116 1296 4169 ἀπὸ
1328 4114 1433 4183 τῆς
1471 4117 1719 4185 ἀνομίας
1757 4135 1895 4186 μου,

341 4199 440 4255 καὶ
465 4200 583 4253 ἀπὸ
611 4199 717 4267 τῆς
743 4203 1026 4270 ἁμαρτίας
1040 4222 1158 4272 μου
1191 4205 1516 4273 καθάρισον
1535 4223 1630 4275 με.
1665 4207 1801 4278 Ὅρα
1842 4208 1898 4260 δὲ

340 4289 477 4360 πρὸς
501 4290 562 4342 τὸ
594 4291 826 4361 Χριστοῦ
858 4294 1017 4347 πάλιν
1046 4297 1337 4366 μυστήριον
1355 4314 1370 4329 ·
1394 4296 1493 4368 τὴν
1516 4297 1622 4369 γὰρ
1666 4300 1729 4351 ὲν
1752 4299 1898 4369 νόμῳ

340 4380 603 4451 κάθαρσιν
633 4383 673 4451 ἡ,
688 4382 781 4440 τοῦ
812 4382 1181 4455 βαπτίσματος
1222 4386 1615 4459 ὑπερϐαίνουσα
1648 4389 1895 4461 δύναμις,

339 4473 431 4526 καὶ
454 4472 656 4544 ταύτης
684 4474 781 4544 τῆς
805 4473 982 4543 ψυχῆς
1015 4476 1301 4546 ἐργάζεται
1345 4478 1625 4551 κάθαρσιν.
1687 4481 1895 4548 Ἐκείνη

338 4563 445 4636 γὰρ
474 4563 607 4635 πρὸς
637 4565 733 4635 τῆς
762 4565 935 4635 ψυχῆς
958 4567 1430 4639 προσελαμϐάνετο
1461 4571 1823 4641 καθαρότητα.

2006 3436 2227 3507 spectis,
2262 3434 2467 3502 pudore
2499 3434 2769 3488 alﬁciaris.

2185 3569 2233 3621 I.
2273 3564 2339 3619 IN
2377 3562 2950 3626 FINEM,PSALMUS
2993 3563 3203 3619 DAYID
3238 3565 3304 3618 L.

2082 3662 2133 3715 Ξ.
2164 3660 2292 3714 Cum
2324 3660 2458 3713 venit
2483 3656 2551 3711 ad
2578 3675 2691 3711 eum
2730 3658 2948 3729 Nathan
2978 3659 3250 3728 propheta,
3275 3658 3483 3729 quando

2470 3730 2679 3782 intravit
2709 3730 2776 3782 ad
2810 3728 3085 3785 Bersabee.

2070 3838 2235 3893 Vens.
2269 3839 2321 3893 5.
2358 3837 2608 3893 Miserere
2645 3840 2763 3901 mei,
2802 3838 2964 3902 Deus,
3000 3838 3280 3892 secundum
3315 3853 3559 3907 magnam

2000 3927 2414 3981 misericordiam
2450 3936 2613 3980 tuam.
2649 3925 2815 3991 Quasi
2859 3940 2959 3995 pro
2988 3940 3186 3997 magno
3216 3926 3411 3981 animat
3443 3927 3560 3981 vul-

2000 4004 2149 4080 nere,
2182 4034 2375 4089 magna
2406 4014 2781 4071 misericordia
2811 4032 2947 4087 opus
2976 4032 3103 4072 esse
3133 4017 3441 4073 conﬁtetur.

2070 4110 2234 4167 Vens.
2270 4113 2323 4165 4.
2350 4110 2587 4178 Amplius
2620 4110 2738 4163 lava
2766 4126 2845 4163 me
2878 4109 2944 4163 ab
2978 4111 3252 4180 iniquitate
3280 4126 3415 4173 mea,
3446 4120 3494 4163 et
3525 4128 3558 4163 a

1997 4210 2206 4269 peccato
2236 4217 2346 4253 meo
2381 4200 2577 4253 munda
2617 4216 2715 4253 me.
2754 4198 2987 4270 Respice
3032 4201 3223 4254 iterum
3260 4201 3326 4252 ad
3356 4198 3555 4253 Christi

1998 4293 2311 4361 mysterium
2340 4308 2353 4355 ;
2407 4306 2530 4344 nam
2564 4291 2884 4362 purgatione
2910 4291 3046 4362 legis
3076 4289 3419 4359 praestantior
3460 4290 3558 4344 ba-

1995 4384 2177 4451 ptismi
2203 4384 2398 4444 virtus,
2434 4383 2593 4451 hujus
2624 4386 2815 4437 anima:
2841 4381 3281 4436 emundationem
3320 4379 3549 4448 perﬁcit.

1996 4472 2127 4527 Nam
2153 4474 2240 4527 illa
2263 4473 2327 4527 ad
2351 4474 2543 4527 anima:
2574 4475 2861 4543 puritatem
2895 4471 3120 4525 advecta
3148 4476 3251 4525 est.

410 4655 513 4714 Σοὶ
537 4657 699 4725 μόνῳ
720 4656 980 4724 ἥμαρτον
1010 4658 1106 4711 καὶ
1135 4659 1199 4711 τὸ
1222 4661 1487 4729 πονηρὸν
1512 4662 1765 4715 ἐνώπιόν
1781 4675 1894 4714 σου
1930 4651 1970 4703 ί)
2070 4654 2129 4708 VI

1829 4679 1894 4714 ου
1930 4651 1970 4703 1)
2070 4654 2232 4708 Vens.
2266 4654 2317 4707 6.
2355 4653 2470 4707 Tibi
2496 4652 2594 4706 soli
2619 4654 2825 4721 peccavi
2852 4662 2899 4705 et
2924 4652 3121 4705 malum
3152 4665 3327 4704 coram
3358 4659 3403 4703 te
3431 4650 3548 4718 feci,

334 4732 628 4815 ἐποίησα,
647 4746 805 4811 ὅπως
825 4746 901 4800 ἂν
926 4746 1241 4817 δικαιωθῇς
1266 4752 1335 4804 ἐν
1360 4752 1484 4817 τοῖς
1518 4753 1719 4821 λόγοις
1755 4768 1891 4813 σου,

334 4838 435 4891 καὶ
461 4832 720 4906 νίκήσῃς
750 4838 821 4891 ἐν
851 4838 928 4903 τῷ
952 4840 1258 4907 κρίνεσθαί
1283 4859 1375 4899 σε.
1402 4845 1475 4897 Οὐ
1513 4843 1668 4896 τοῦτό
1710 4860 1889 4912 φησιν,

334 4926 415 4982 ὅτι
436 4926 531 4982 τὸν
545 4928 746 4999 Οὐρίαν
773 4928 872 4983 οὐκ
904 4930 1161 4999 ἠδίκησα·
1211 4930 1322 4983 ἀλλ’
1351 4934 1434 4985 ὅτι
1474 4934 1572 5005 τὴν
1633 4932 1889 5003 μεγίστην

335 5018 677 5091 παρανομίαν
704 5022 783 5082 είς
809 5020 966 5073 αὑτὸν
996 5020 1292 5090 τετόλμηκε
1322 5022 1412 5075 τὸν
1433 5023 1584 5087 Θεὸν,
1619 5022 1725 5077 ἀπὸ
1753 5040 1886 5093 προ-

332 5104 541 5165 ϐατέως
588 5108 687 5178 μὲν
734 5110 1021 5180 γενόμενος
1068 5111 1335 5182 βασιλεὺς,
1365 5116 1645 5186 κρατήσας
1692 5114 1748 5166 δὲ
1779 5115 1887 5167 τῶν

330 5192 561 5264 ἐχθρῶν,
587 5199 943 5263 παντοδαποῖς
975 5201 1032 5254 δὲ
1059 5202 1351 5273 κοσμηθεὶς
1375 5204 1617 5273 ἀγαθοῖς,
1654 5205 1743 5258 καὶ
1779 5222 1887 5258 τοι-

330 5279 506 5345 ούτοις
529 5283 621 5339 τὸν
653 5286 946 5358 εὐεργέτην
971 5290 1356 5361 ἀμειψάμενος.
1406 5292 1478 5344 Τὸ
1514 5293 1592 5356 δέ,
1632 5291 1886 5347 ἐνώπιόν

331 5383 469 5436 σου,
498 5372 592 5427 καὶ
618 5373 676 5426 ἐν
780 5376 990 5452 ἱστορίᾳ
1013 5379 1303 5450 δεδήλωται
1325 5396 1337 5405 ·
1373 5380 1683 5459 Ὠφθη,γὰρ
1731 5386 1883 5453 φησὶ,

331 5466 401 5522 τὸ
424 5462 665 5532 γεγονὸς
696 5468 958 5535 πονηρὸν
993 5469 1247 5526 ἐνώπιον
1281 5472 1519 5540 Κυρίου.
1564 5472 1634 5524 ’Ἠ
1679 5470 1850 5537 οὕτως
1872 5494 1883 5505 ·

342 5553 589 5608 Ἑδόκουν
618 5570 709 5614 τις
730 5550 865 5607 εἶναι
891 5558 1056 5613 πάλαι
1081 5563 1409 5634 σκεπόμενος
1438 5562 1540 5616 ὑπὸ
1569 5560 1683 5614 σοῦ.
1717 5564 1884 5617 Νενο-

335 5661 471 5714 μικα
491 5642 747 5699 δὲλοιπὸν
772 5648 1060 5725 ἀσάλευτος
1086 5648 1225 5707 εἶναι
1252 5696 1267 5717 ,
1306 5656 1477 5725 λέγων
1503 5655 1573 5708 ἐν
1600 5653 1673 5723 τῇ
1714 5658 1884 5723 εὐθη-

330 5738 434 5798 νιᾳ
470 5749 589 5799 μου
612 5774 625 5787 .
663 5737 743 5789 Οὐ
781 5740 865 5805 μὴ
900 5724 1214 5806 σαλευθῶ·
1272 5745 1357 5798 διὸ
1387 5746 1769 5812 ἀπέστρεψας
1817 5748 1884 5800 τὸ

2000 4756 2056 4798 ut
2080 4746 2386 4813 justiﬁceris
2424 4745 2477 4796 in
2502 4742 2823 4796 sermonibus
2855 4744 2955 4796 tuis
2986 4751 3035 4797 et
3065 4743 3241 4795 vincas
3270 4757 3387 4794 cum
3402 4740 3554 4809 judi-

1998 4837 2161 4889 caris.
2190 4833 2315 4888 Non
2349 4833 2450 4886 hoc
2497 4832 2608 4885 ait:
2647 4832 2789 4886 Uria:
2823 4832 3078 4901 injuriam
3132 4846 3240 4884 non
3273 4828 3415 4885 feci.
3456 4829 3549 4882 sed

1995 4928 2415 4997 quia-magnum
2453 4925 2632 4980 scelus
2674 4926 2728 4978 in
2763 4925 2929 4981 Deum
2980 4923 3194 4993 aggredi
3240 4936 3407 4975 ausus
3434 4930 3548 4981 est,

1994 5020 2086 5089 qui
2115 5034 2180 5072 ex
2212 5024 2427 5088 pastore
2459 5031 2554 5071 rex
2578 5008 2825 5079 eﬂ'ectus,
2848 5015 3085 5069 inimicis
3115 5013 3363 5074 devictis,
3391 5016 3553 5077 atque

1993 5109 2156 5161 nullis
2187 5122 2295 5160 non
2324 5117 2549 5160 ornatus
2574 5104 2874 5167 beneﬁciis,
2902 5103 3142 5157 beneﬁco
3161 5116 3254 5171 per
3281 5099 3387 5153 tale
3418 5099 3551 5153 faci—

1992 5212 2097 5252 nus
2139 5197 2368 5266 gratiam
2410 5197 2741 5267 rependerit.
2774 5194 2910 5249 Illud
2962 5200 3139 5246 autem
3180 5206 3356 5245 coram
3394 5198 3461 5255 te,
3494 5191 3547 5242 in

1992 5289 2219 5345 historia
2241 5289 2587 5359 explicatur:
2624 5288 2806 5343 Visum
2831 5296 2929 5349 est,
2961 5285 3157 5353 inquit,
3182 5280 3320 5353 quod
3350 5282 3547 5350 {auum

1986 5392 2083 5445 est,
2118 5382 2316 5435 malum
2342 5368 2521 5436 coram
2550 5380 2777 5434 Domino
2803 5380 2869 5434 ".
2901 5377 2997 5432 Vel
3031 5377 3109 5432 sic
3140 5375 3545 5445 interpreteris:

1986 5472 2219 5527 Videbar
2249 5472 2450 5542 aliquis
2477 5488 2599 5528 esse
2630 5487 2753 5525 cum
2801 5486 2830 5523 a
2864 5478 2917 5525 te
2944 5479 3277 5540 protegerer,
3308 5465 3545 5519 aestima-
3600 5511 3614 5519 .

1985 5568 2217 5634 bamque
2247 5563 2465 5618 demum
2502 5579 2591 5618 me
2619 5562 2951 5617 immobilem
2982 5575 3124 5623 esse,
3150 5550 3274 5613 eum
3306 5555 3543 5609 dicerem

1985 5659 2037 5710 in
2068 5655 2397 5708 abundantia
2426 5670 2540 5709 mea
2567 5652 2741 5708 :sNon
2782 5652 3056 5713 movebar;
3107 5661 3274 5719 quare
3313 5644 3543 5701 avertisti

1986 5747 2171 5813 faciem
2210 5755 2351 5798 tuam
2395 5748 2423 5797 ά
2464 5763 2541 5801 me
2573 5755 2620 5800 et
2662 5746 2833 5814 factus
2878 5758 2989 5797 sum
3032 5738 3373 5793 εοηηινίωιυ
3399 5735 3478 5788 ⁸ος
3509 5749 3540 5789 ι

404 5888 463 5919 ’⁸⁶
503 5888 655 5946 Deut.
694 5908 845 5961 mn,
875 5894 964 5947 2|.
1043 5897 1084 5930 δ’
1126 5898 1165 5952 11
1203 5896 1330 5960 Reg.
1364 5914 1447 5961 xi,
1498 5902 1567 5951 .i.
1645 5900 1689 5930 '°
1731 5899 1872 5956 Psal.
1918 5917 2041 5955 xxix
2067 5939 2079 5961 .
2119 5900 2167 5968 7,
