4354 6378
821 472 936 531 “5

1516 466 1781 526 ECSEBI]
1818 451 2293 526 CESABIENSIS
2327 466 2477 525 opp.
2518 465 2700 523 pass
2737 465 2824 522 nl.
2870 497 2940 507 -
2974 465 3386 524 EXEGETICA.

3942 474 4047 532 ut

821 601 1001 643 omnes
1026 589 1164 655 ﬁlios
1185 585 1352 655 patris
1376 584 1491 654 ejus
1522 586 1820 640 sacerdotes
1852 586 1908 639 in
1939 583 2115 647 Nalm,
2142 586 2231 655 qui
2260 584 2378 637 uni—
2406 589 2452 645 Α
2477 584 2540 652 fu

2332 584 2378 636 i—
2406 589 2452 645 Α
2477 581 2669 652 ἠρώτα
2703 581 2862 648 αὐτῷ
2892 581 2990 636 διὰ
3025 583 3131 637 τοῦ
3163 583 3329 647 Θεοῦ,
3360 582 3459 637 καὶ
3499 584 3880 655 ἐπισιτισμὸν
3905 586 4047 642 ἐδω-

820 679 957 734 versi
992 687 1232 731 venerunt
1259 676 1328 730 ad
1344 694 1511 747 regem
1536 680 1604 734 “.
1639 675 1919 745 Tuncque,
1949 675 2171 744 jubente
2194 674 2375 739 Saule,

824 770 943 840 ipse
986 768 1129 824 Doec
1176 767 1381 823 occidit
1419 767 1736 821 sacerdotes
1774 766 1990 821 Domini
2036 775 2286 819 trecentos
2329 772 2379 819 et

766 860 769 867 “
826 864 1048 929 quinque
1078 861 1215 914 viros
1256 860 1480 928 ferentes
1521 857 1704 925 ephad,
1762 866 1812 911 et
1864 850 2073 909 Nattam
2119 856 2378 909 ciuitatem

823 950 1154 1006 sacerdotum
1200 951 1465 1019 percussit
1507 951 1561 1001 in
1591 966 1678 1002 ore
1708 948 1873 1019 gladii
1902 966 1932 1000 a
1964 949 2073 1001 viro
2104 964 2266 1015 usque
2310 946 2378 999 ad

824 1045 1116 1105 mulierem,
1148 1060 1179 1095 a
1215 1058 1375 1109 puero
1418 1058 1582 1111 usque
1622 1040 1689 1094 ad
1730 1042 2034 1102 laetantem,
2080 1048 2128 1091 et
2160 1038 2378 1091 titulum

822 1143 872 1189 et
897 1134 1105 1187 asinum
1133 1142 1180 1185 et
1209 1134 1439 1186 ovem“.
1488 1132 1611 1186 Hagc
1653 1148 1776 1209 cum
1814 1132 2053 1185 audisset
2086 1128 2253 1182 David
2286 1128 2376 1180 tali

822 1226 984 1279 modo
1006 1233 1153 1294 gesta
1184 1241 1323 1285 esse,
1358 1225 1456 1278 hos
1493 1224 1700 1294 profert
1744 1238 2046 1286 sermones,
2074 1222 2164 1291 qui
2204 1236 2377 1289 neque

821 1318 1116 1375 canticum,
1167 1331 1343 1385 neque
1386 1316 1639 1385 hymnus,
1691 1328 1863 1383 reque
1913 1313 2041 1382 quid
2075 1313 2253 1368 simile
2286 1313 2378 1366 in-

822 1408 1156 1463 scribuntur.
1222 1408 1323 1472 Qui
1366 1407 1510 1461 enim
1566 1407 1762 1475 potuit,
1817 1406 1870 1459 in
1919 1413 1998 1474 tot
2036 1406 2379 1459 sacerdotum

823 1500 1156 1562 calamitate,
1200 1501 1413 1553 cantica
1463 1506 1556 1551 aut
1603 1500 1842 1570 psalmos
1889 1514 1986 1570 pro
2028 1498 2096 1552 iis
2138 1496 2382 1553 canere?

823 1588 1003 1654 Quare
1023 1590 1203 1643 nullus
1228 1589 1536 1658 hujusmodi
1573 1590 1762 1643 titulus
1787 1588 2100 1658 praarnissus
2129 1595 2246 1651 est,
2285 1587 2379 1641 sed

824 1679 1000 1733 solum
1033 1680 1085 1732 in
1112 1680 1267 1748 ﬁnem
1291 1680 1509 1742 dicitur,
1536 1688 1588 1734 et
1610 1681 1927 1741 intellectus,
1957 1680 2084 1748 quia
2121 1693 2242 1747 qua:
2272 1679 2380 1732 sub

826 1769 985 1826 linem
1014 1771 1284 1826 habentur
1326 1772 1467 1827 bona
1511 1773 1847 1847 renuntiant,
1876 1772 1963 1825 ubi
2004 1770 2229 1829 dicitur:
2266 1766 2378 1840 Ego

826 1873 998 1917 autem
1029 1865 1163 1917 sicut
1219 1865 1357 1919 oliva
1399 1865 1698 1933 fructifera,
1729 1872 1784 1917 et
1835 1872 2049 1917 extera.
2097 1861 2378 1916 intellectu

2479 694 2584 730 κεν
2610 676 2899 742 αὺτῷ.Καὶ
2925 676 3278 730 ἀπέστειλεν
3299 678 3332 729 ό
3351 675 3646 741 ,ϐασιλεὺς
3670 676 3919 731 καλέσαι
3945 679 4052 732 τὸν

2492 766 2783 835 Ἀϐιμέλεχ
2812 765 2917 819 τὸν
2955 766 3129 831 ἱερέα,
3177 765 3276 818 καὶ
3321 766 3549 830 πάντας
3578 764 3718 831 τοὺς
3746 767 3915 832 υἱοὺς
3947 766 4051 822 τοῦ

2478 854 2699 923 πατρὸς
2749 855 2933 909 αὑτοῦ
2991 854 3131 920 τοὺς
3177 854 3351 921 ἱερεῖς
3403 855 3508 907 τοῦ
3551 856 3767 922 Κυρίου
3806 855 3945 920 τοὺς
3984 856 4053 910 ἐν

2477 948 2705 1010 Νοϐὰν,
2734 946 2829 999 καί
2870 944 3264 1022 παρεγένοντο
3297 936 3516 1011 πάντες
3561 945 3709 1022 πρὸς
3738 945 3848 999 τὸν
3869 946 4052 1010 ,ϐασι-

2478 1038 2606 1092 λέα·
2643 1038 2770 1091 Ὅτε
2791 1017 3143 1099 κελεύσαντος
3187 1034 3279 1089 τοῦ
3318 1035 3519 1101 Σαοὺλ,
3569 1017 3730 1099 αὐτὸς
3774 1037 3977 1101 ἐκεῖνος
4023 1039 4053 1091 ὁ

2479 1130 2633 1200 Δωὴκ
2655 1171 2669 1194 ,
2712 1130 3015 1183 ἐθανάτωσε
3062 1130 3189 1192 τοὺς
3238 1130 3399 1199 ἱερεῖς
3436 1128 3527 1181 τοῦ
3564 1128 3768 1199 Κυρίου
3798 1136 3845 1181 τ’
3882 1130 3979 1183 καὶ
4009 1146 4039 1182 ε

2479 1220 2700 1299 ᾄνόζοας
2746 1221 3049 1289 φέροντας
3077 1220 3292 1289 ’ὲςοοὺδ,
3343 1220 3441 1274 καὶ
3483 1219 3597 1288 τὴν
3627 1220 3825 1274 Νοόὰν
3873 1222 4055 1275 πόλιν

2480 1312 2597 1364 τῶν
2640 1312 2839 1380 ἱερέων
2864 1310 3159 1376 ἐπάταξεν
3200 1313 3271 1365 ὲν
3317 1313 3564 1382 στόματι
3596 1314 3893 1381 ῥομφαίας
3928 1314 4049 1367 ἀπὸ

2479 1402 2696 1470 ἀνδρὸς
2733 1403 2843 1469 ἕως
2883 1404 3183 1473 γυναικὸς,
3213 1404 3329 1459 ἀπὸ
3365 1405 3584 1472 νηπίου
3616 1403 3728 1470 ἕως
3765 1402 4049 1473 θηλάζον-

2480 1512 2600 1560 τος,
2627 1495 2723 1547 καὶ
2746 1496 2979 1564 μόσχου
3006 1496 3102 1549 καὶ
3130 1495 3275 1549 ὄνου
3298 1496 3394 1550 καὶ
3420 1494 3737 1563 προϐάτου.
3767 1496 3927 1549 Ταῦτ’
3954 1491 4050 1549 οὖν

2483 1586 2665 1656 μαθὼν
2706 1575 2880 1640 Δαυτδ
2904 1587 3090 1640 τοῦτον
3136 1589 3501 1659 πεπραγμένα
3554 1588 3645 1640 τὸν
3680 1587 3897 1657 τρόπον,
3923 1588 4051 1653 τοὺς

2480 1679 2871 1748 προκειμένους
2916 1678 3279 1749 προσφέρεται
3326 1679 3534 1747 λόγους,
3558 1677 3680 1730 οὔτε
3895 1695 4051 1750 παρι-

2482 1766 2722 1836 έχοντας,
2755 1768 2875 1820 οὔτε
2912 1768 3096 1838 ὕμνον,
3139 1766 3261 1820 οὔτε
3304 1768 3431 1820 ἄλλο
3472 1766 3726 1820 τοιοῦτον.
3776 1767 3900 1831 Πῶς
3941 1769 4051 1838 γὰρ

2482 1861 2575 1912 καὶ
2614 1855 2722 1911 οἷόν
2760 1876 2818 1911 τε
2850 1856 2917 1931 ἦν
2950 1860 3042 1913 ἐπὶ
3080 1861 3341 1930 συμφορᾷ
3368 1859 3634 1912 τοσούτων
3666 1859 3875 1931 ἱερέων,

825 1961 1004 2009 autem
1038 1970 1101 2009 ex
1134 1954 1244 2008 Deo
1270 1964 1391 2026 eget
1414 1954 1761 2023 praesentium
1805 1967 2115 2008 sermonum
2161 1959 2380 2011 senten-
2410 1957 2453 2010 Β
2481 1954 2544 2005 αὐ

2331 1968 2380 2004 1-
2410 1957 2453 2010 Β
2481 1952 2657 2005 αὐτῶν
2697 1953 2789 2004 καὶ
2824 1951 3070 2022 ψαλμοὺς
3110 1952 3286 2023 abuit;
3331 1951 3411 2005 διὸ
3459 1951 3611 2004 οὐδὲν
3649 1950 3885 2005 τοιοῦτον
3932 1954 4050 2005 sm-

825 2044 918 2097 tia.
971 2042 1107 2097 Cum
1138 2045 1321 2112 itaque
1344 2042 1484 2111 apud
1518 2042 1832 2096 Abimelech
1863 2041 2252 2096 sacerdotalem
2281 2056 2379 2111 gu-

826 2134 990 2188 stavit
1032 2135 1235 2195 cibum,
1290 2140 1500 2186 mutato
1526 2142 1688 2194 qustu
1740 2148 1862 2195 suo,
1900 2134 2015 2188 sive
2063 2148 2211 2188 more
2258 2140 2379 2195 suo,

826 2225 1121 2279 secundum
1175 2225 1509 2294 reliquorum
1578 2226 2103 2296 interpretationem,
2165 2225 2385 2279 benedi-

827 2316 1035 2369 t-tiones
1064 2323 1117 2371 et
1148 2318 1443 2385 gratiarum
1492 2318 1733 2371 actiones
1780 2314 1893 2369 Deo
1938 2316 2119 2371 emisit
2156 2316 2378 2370 dicens:

828 2405 1140 2460 Benedicam
1168 2406 1451 2460 Dominum
1497 2408 1550 2459 in
1584 2408 1724 2461 omni
1753 2418 1997 2476 tempore,
2034 2423 2235 2476 semper
2266 2409 2383 2462 laus

2476 2045 2811 2116 γέγραπται·
2844 2046 3002 2115 μόνον
3032 2044 3088 2098 δὲ
3121 2047 3208 2109 είς
3232 2045 3298 2098 τὸ
3325 2045 3498 2109 τέλος
3523 2044 3736 2116 εἴρηται
3778 2045 3871 2097 καὶ
3895 2060 4047 2098 συν-

2477 2138 2687 2204 έσεως·
2718 2138 2903 2209 ἐπειδὴ
2931 2137 2999 2191 τὰ
3022 2138 3301 2211 τελευταῖα
3325 2135 3432 2189 τῶν
3454 2135 3627 2203 λόγων
3659 2136 3879 2204 ἀγαθῶν
3902 2138 4051 2189 ἐστιν

2481 2230 2854 2306 ἁπαγγελτικᾲ
2908 2232 2965 2283 ὲν
3010 2226 3093 2294 οἷς
3150 2247 3347 2300 φησιν·
3394 2229 3535 2299 Ἐγὼ
3580 2228 3649 2281 δὲ
3691 2230 3832 2283 ὡσεὶ
3879 2229 4054 2285 ἐλαία

2488 2320 2884 2389 κατάκαρπος,
2916 2324 3008 2375 καὶ
3032 2323 3099 2375 τὰ
3133 2322 3277 2391 ἑξῆς.
3313 2320 3424 2375 Καὶ
3468 2319 3733 2383 συνέσεως
3764 2318 3821 2372 δὲ
3856 2322 3958 2391 τῆς
3988 2322 4054 2373 ὲκ

2489 2408 2622 2461 Θεοῦ
2652 2410 2821 2463 δεῖται
2854 2412 2885 2479 ὴ
2921 2411 3025 2463 τῶν
3056 2410 3441 2481 ἐμφερομένων
3465 2408 3635 2476 λόγων
3660 2408 3881 2462 διάνοια.
3924 2410 4054 2461 Ὅτε

835 2497 949 2565 ejus
977 2498 1033 2550 in
1062 2514 1150 2550 ore
1195 2514 1334 2562 meo,
1355 2504 1407 2551 et
1433 2506 1628 2551 cetera
1652 2499 1716 2551 ".
1748 2496 1903 2551 Nunc
1936 2508 2136 2561 autem,
2167 2499 2385 2568 cognito
2492 2502 2554 2571 μὲ

2334 2509 2385 2553 to
2492 2502 2588 2571 μὲν
2619 2495 2711 2554 οὖν
2740 2502 2887 2572 παρά
2930 2502 3005 2571 τῷ
3039 2502 3320 2572 Ἀὀιμέλεχ
3365 2503 3669 2572 γενόμενος,
3714 2502 3813 2575 τῆς
3856 2503 4053 2571 ἱερατι-

828 2588 1241 2642 calumniatoris
1286 2588 1426 2642 Doec
1476 2586 1735 2651 facinore,
1786 2604 1892 2659 quo
1940 2597 2098 2659 pacto
2155 2589 2381 2654 scilicet,

826 2676 1103 2733 diabolico
1145 2693 1277 2732 usus
1313 2678 1533 2743 scelere,
1576 2665 1653 2734 tot
1695 2680 2006 2734 sacerdotes
2052 2679 2381 2746 occidisset;

826 2777 1120 2837 praesentes
1164 2786 1440 2826 sermones
1474 2771 1542 2826 ad
1575 2772 1750 2841 ipsum
1780 2770 1963 2843 dirigit
1990 2772 2216 2827 dicens:

2485 2590 2586 2659 κῆς
2614 2592 2951 2658 ἀπεγεύσατο
2982 2592 3203 2661 τροφῆς,
3238 2591 3533 2653 ἀλλοιώσας
3554 2591 3652 2662 τὴν
3676 2589 3861 2659 γεῦσιν
3886 2588 4051 2641 αὑτοῦ

2484 2683 2515 2752 ἢ
2551 2682 2640 2735 τὸν
2668 2684 2861 2754 τρόπον
2894 2682 3056 2736 αὐτοῦ
3080 2682 3227 2736 κατὰ.
3249 2682 3344 2753 τὴν
3372 2682 3479 2735 τῶν
3504 2681 3703 2734 λοιπῶν
3736 2681 4051 2751 ἑρμηνείαν·

2482 2774 2729 2843 εὐλογίας
2757 2776 2847 2828 καὶ
2870 2776 3219 2847 εὐχαριστίας
3251 2775 3559 2844 ἀνέπεμπεν
3590 2772 3668 2843 τῷ
3696 2773 3814 2843 Θεῷ
3845 2772 4015 2839 λέγων
4036 2788 4051 2802 ·

824 2862 1154 2933 Εὐλοτήσω
1170 2862 1273 2915 τὸν
1301 2863 1518 2933 Κύριον
1540 2863 1609 2915 ἐν
1633 2862 1806 2915 παντὶ
1823 2862 2024 2932 καιρῷ,
2049 2863 2370 2932 διαπαντὸς
2390 2868 2426 2935 ἡ
2446 2869 2677 2934 αἵνεσις
2696 2866 2879 2922 αὐτοῦ
2905 2867 3066 2932 ἐντῷ
3091 2867 3338 2935 στόματί
3360 2885 3499 2935 μου,
3533 2866 3626 2919 καὶ
3654 2864 3721 2918 τὰ
3739 2864 3883 2936 ἑξῆς.
3918 2864 4053 2917 Νυνὶ

824 2954 902 3020 δὲ,
940 2956 1025 3009 ὅτε
1059 2953 1150 3008 τοῦ
1188 2953 1432 3007 διαϐόλου
1473 2953 1629 3024 Δωὴκ
1658 2956 1755 3025 τὴν
1803 2955 1997 3025 πρᾶξιν
2041 2956 2211 3025 ἔγνω,
2251 2962 2344 3013 καὶ
2384 2960 2458 3023 ὡς
2494 2960 2776 3024 τοσούτους
2820 2961 3024 3014 ἀνεῖλεν
3072 2961 3269 3029 ἱερεῖς,
3296 2959 3439 3031 ἔργῳ
3472 2958 3750 3028 διαδολικῷ
3778 2958 4053 3028 χρησάμε-

826 3062 947 3109 νος,
994 3046 1070 3109 ὼς
1119 3044 1254 3115 πρὸς
1304 3044 1461 3096 αὐτὸν
1510 3044 1788 3098 συντάττει
1830 3047 1955 3109 τοὺς
2002 3049 2389 3125 προκειμένους
2425 3052 2613 3123 λόγους
2636 3055 2883 3123 φάσκων·

898 3153 1063 3211 Vens.
1106 3156 1160 3211 5.
1198 3154 1336 3223 Quid
1358 3154 1603 3227 gloriaris
1629 3157 1683 3210 in
1706 3156 1935 3222 malitia,
1962 3160 2051 3230 qui
2077 3170 2257 3230 potens
2282 3165 2377 3218 es?

2559 3167 2618 3219 Tl
2680 3161 2946 3245 ἐγκαυχᾷ
2998 3162 3068 3216 ἐν
3123 3162 3317 3231 κακίᾳ,
3378 3166 3409 3216 ό
3462 3162 3747 3228 δυνατός;
3800 3162 4053 3232 ἀνομίαν

826 3249 1154 3319 iniquitatem
1206 3256 1314 3301 tota
1364 3247 1449 3300 die
1482 3255 1529 3301 et
1561 3246 1871 3315 injustitiam
1892 3252 2141 3319 cogitauit
2195 3253 2374 3323 lingua
2400 3250 2442 3306 C
2476 3257 2545 3310 ὄλ

2321 3250 2442 3307 taC
2476 3257 2631 3324 ὃλην
2679 3256 2792 3334 τὴν
2837 3252 3098 3322 ἡμέραν,
3172 3252 3271 3305 καὶ
3331 3251 3570 3305 ἀδικίαν
3640 3252 3956 3321 ἐλογίσατο
4003 3255 4040 3321 ἡ

828 3351 940 3394 tua.
982 3340 1047 3392 Et
1095 3339 1205 3392 [nec
1241 3339 1455 3407 quidem
1496 3340 1666 3394 multo
1696 3350 1821 3396 ante
1848 3343 1990 3396 dicta
2031 3352 2179 3407 sunt,
2214 3360 2377 3415 quam

829 3429 1055 3484 historia
1101 3429 1538 3499 quinquagesimi
1586 3430 1778 3499 psalmi
1831 3432 2186 3503 contingeret.
2244 3433 2375 3489 Nam

828 3523 1005 3577 adhuc
1061 3524 1351 3593 superstite
1394 3521 1557 3576 Saule
1600 3535 1653 3577 et
1704 3524 1855 3595 prius
1885 3540 2047 3594 quam
2092 3524 2261 3579 David
2297 3543 2379 3583 re—

826 3619 1036 3683 gnaret,
1073 3620 1125 3666 et
1152 3627 1237 3675 res
1267 3617 1437 3680 gesta,
1471 3618 1523 3664 et
1548 3612 1790 3679 psalmus
1825 3613 2001 3668 dictus
2034 3622 2137 3669 est.
2166 3613 2243 3668 Ac
2267 3615 2381 3669 diu-

830 3704 1006 3757 turnis
1055 3714 1239 3774 postea
1298 3701 1657 3771 temporibus.
1718 3712 1841 3773 post
1896 3704 2074 3761 Saulis
2145 3705 2376 3772 obitum,

828 3795 1225 3866 postremisque
1276 3793 1427 3862 regni
1478 3794 1565 3847 sui
1617 3796 1796 3857 annis,
1864 3797 2267 3852 confessionem
2324 3798 2378 3851 in

829 3885 1279 3953 quinquagesimo
1328 3884 1539 3952 psalmo
1570 3899 1884 3956 expressam
1935 3884 2102 3941 David
2132 3889 2376 3959 protulit,

829 3989 992 4044 quam
1044 3982 1220 4027 tamen
1266 3974 1391 4027 huic
1441 3975 1649 4043 psalmo
1684 3976 1962 4045 praemisit,
1996 3988 2214 4048 pr0pter
2259 3980 2380 4048 ejus

829 4080 953 4119 cum
985 4062 1401 4133 quadragesimo
1447 4080 1590 4118 nono
1642 4068 1853 4135 psalmo
1909 4068 2250 4133 aﬂinitatem,
2300 4070 2380 4123 uti

825 4157 938 4226 jam
987 4163 1471 4229 commonstratum
1523 4163 1626 4209 est.
1692 4155 1890 4211 Psalmi
1948 4174 2076 4213 vero
2135 4173 2163 4212 a
2196 4174 2247 4212 LI
2312 4157 2380 4211 ad

829 4263 956 4311 ιιι,
993 4247 1185 4318 viginti
1236 4264 1485 4311 numero,
1555 4247 1772 4303 Davidis
1840 4238 2131 4322 inscripti)
2165 4252 2233 4306 ab
2274 4252 2383 4305 alio

832 4339 1099 4409 principio
1128 4332 1519 4408 argumentum
1554 4342 1784 4393 mutuati
1806 4351 1987 4407 sunt,
2024 4344 2380 4416 videnturque

832 4430 1045 4484 vivcnte
1075 4430 1251 4487 adhuc
1286 4428 1448 4493 Saule
1482 4431 1818 4499 pronuntiati
1866 4431 2055 4498 fuisse,
2090 4444 2377 4505 antequam

830 4519 999 4576 David
1038 4531 1305 4593 regnaret.
1391 4521 1523 4575 Nam
1574 4526 1641 4584 is,
1688 4540 1845 4591 quem
1894 4526 2005 4593 jam
2062 4533 2377 4588 tractamus,

2484 3345 2730 3416 γλῶσσά
2774 3360 2905 3398 σου.
2955 3344 3065 3397 Kal.
3104 3343 3344 3396 λέλεκται
3398 3345 3494 3413 μὲν
3546 3342 3615 3395 τὰ
3684 3341 3818 3413 μετὰ
3865 3344 4051 3419 χεῖρας

2485 3435 2618 3489 πολὺ
2661 3436 2921 3505 πρότερον
2982 3439 3092 3498 τοῖς
3142 3436 3349 3506 χρόνοις
3410 3433 3509 3504 τῆς
3571 3433 3810 3504 ἱστορίας
3858 3433 3951 3486 τοῦ
4006 3422 4050 3486 ν’

2484 3524 2719 3595 ψαλμοῦ.
2772 3526 2889 3577 Ἔτι
2924 3524 3029 3595 γὰρ
3057 3524 3254 3588 ζῶντος
3285 3524 3379 3577 τοῦ
3415 3523 3605 3587 Σαοὺλ,
3671 3525 3765 3577 καὶ
3816 3523 3921 3595 πρὸ
3951 3523 4045 3577 τοῦ

2488 3606 2796 3687 βασιλεῦσαι
2824 3618 2912 3671 τὸν
2938 3616 3116 3681 Δαυῖδ,
3150 3618 3244 3669 καὶ
3270 3618 3553 3687 πέπρακτο
3586 3616 3676 3669 καὶ
3708 3616 3911 3686 εἴρητο.
3937 3618 4050 3670 Μα-

2486 3712 2636 3781 κροῖς
2672 3709 2727 3761 δὲ
2762 3709 2983 3779 ὕστερον
3026 3708 3253 3778 χρόνοις,
3291 3706 3426 3777 μετὰ
3468 3706 3556 3759 τὸν
3589 3706 3816 3759 θάνατον
3854 3706 4047 3768 Σαοὺλ,

2486 3801 2577 3855 καὶ¹
2628 3802 2762 3873 πρὸς
2798 3803 2908 3862 τοῖς
2955 3798 3277 3861 τελευταίοις
3327 3798 3426 3867 τῆς
3478 3796 3640 3850 αὐτοῦ
3683 3796 3973 3865 βασιλείας,
4020 3802 4051 3852 ὁ

2485 3890 2645 3943 Δαυῖδ
2675 3889 2773 3959 τὴν
2817 3890 2873 3940 ὲν
2905 3887 2981 3956 τῷ
3010 3894 3049 3939 ν’
3089 3889 3317 3939 ποιετται
3366 3885 3769 3957 ἐξομολόγησιν,
3796 3888 3862 3957 ῆν
3883 3887 4050 3958 προῦ-

2486 3981 2615 4047 ταξε
2689 3980 2777 4034 διὰ
2835 3978 2932 4048 τὴν
2972 3978 3105 4045 πρὸς
3149 3978 3241 4030 τὸν
3295 3976 3381 4047 μθ’
3434 3976 3645 4047 ψαλμὸν
3700 3976 4045 4043 ἀκολουθίαν,

2486 4070 2668 4139 ὥσπερ
2708 4065 2799 4121 οὖν
2836 4068 2928 4120 καὶ
2971 4065 3358 4120 ἀποδέδεικται.
3401 4067 3463 4119 Ol
3509 4065 3553 4118 δ’
3592 4065 3701 4119 ἀπὸ
3744 4064 3839 4118 τοῦ
3872 4073 3918 4118 α’
3954 4067 4048 4121 καὶ

2486 4166 2527 4214 ν’
2566 4160 2655 4212 τὸν
2704 4159 2933 4229 ἀριθμὸν
2975 4158 3166 4221 εἴκοσι,
3216 4156 3309 4210 τοῦ
3356 4154 3517 4210 Δαυῖδ
3560 4158 4041 4227 ἐπιγεγραμμένοι,

2489 4251 2649 4321 μέχρι
2679 4250 2775 4303 τοῦ
2810 4256 2849 4301 o'
2891 4248 2949 4313 ἐξ
2991 4248 3177 4319 ἑτέρας
3210 4248 3382 4319 ἀρχῆς
3412 4248 3506 4318 τὴν
3539 4247 3792 4301 ὑπόθεσιν
3824 4250 4046 4322 εἰλήφα-

2488 4355 2601 4391 σιν⁹
2646 4338 2853 4391 ἐοίκασι
2889 4338 3018 4419 γοῦν
3052 4338 3130 4391 ἔτι
3172 4338 3370 4402 ζῶντος
3411 4336 3581 4390 Σαοὺλ
3618 4337 3885 4409 εἰρῆσθαι,
3916 4341 4045 4411 πρὶν

2486 4429 2518 4499 ἦ
2556 4427 2861 4498 βασιλεῦσαι
2888 4428 2975 4481 τὸν
3018 4428 3195 4481 Δαυϊδ.
3230 4429 3296 4480 Ὅ
3335 4445 3395 4480 τε
3422 4426 3531 4499 γὰρ
3562 4428 3699 4497 μετὰ
3746 4432 3932 4501 χεῖρας
3962 4432 4042 4482 ἔτι

2487 4518 2681 4582 ζῶντος
2726 4519 2893 4572 Σαοὺλ
2936 4518 3125 4589 ἐλέχθη
3150 4558 3165 4582 ,
3192 4520 3294 4581 ,Ἐν
3344 4518 3424 4583 τῷ
3467 4519 3665 4573 ἐλθεῖν
3719 4521 3885 4589 Δωὴκ
3935 4522 4044 4575 τὸν

831 4614 1049 4668 vivente
1087 4612 1248 4686 Saule
1276 4614 1454 4670 dictus
1484 4624 1586 4675 est,
1621 4613 1753 4669 Cum
1780 4616 1913 4669 venit
1945 4615 2077 4669 Doec
2110 4615 2377 4671 Idumaeas
2411 4611 2454 4666 D
2492 4611 2550 4663 Ἰἐ

2320 4636 2377 4670 us
2411 4611 2454 4666 D
2492 4609 2817 4679 Ἰδουμαῗον
2860 4611 2955 4663 καὶ
2989 4609 3331 4679 ἀναγγεῖλαι
3379 4608 3458 4675 τῷ
3504 4611 3721 4676 Σαοὺλ,
3760 4613 3849 4665 ὅτι
3894 4606 4039 4682 ἦλθε

830 4712 879 4757 et
909 4704 1165 4756 nuntiavit
1212 4703 1383 4767 Sauli,
1411 4723 1471 4759 ac
1499 4707 1633 4759 dixit
1680 4709 1765 4760 ei:
1810 4706 1956 4765 Venit
1992 4706 2161 4760 David
2204 4709 2258 4761 in
2286 4708 2380 4761 do-

834 4810 975 4847 mum
1005 4793 1299 4848 Abimelech
1318 4796 1379 4846 ⁸³.
1424 4794 1527 4849 Sed
1555 4798 1717 4851 etiam
1744 4814 1859 4861 uti,
1896 4808 2027 4853 tunc
2056 4802 2378 4868 pronuntia-

834 4896 921 4940 tus
945 4894 1049 4949 est,
1079 4883 1210 4938 Cum
1238 4887 1489 4939 venissent
1520 4886 1739 4954 Ziphazi,
1771 4900 1819 4941 et
1845 4890 2101 4944 dia-issent
2123 4890 2191 4943 ad
2215 4890 2377 4945 Saul:

838 4975 1021 5029 Nonne
1060 4975 1229 5029 David
1258 4975 1589 5030 absconditus
1618 4989 1695 5031 est
1720 4979 1858 5046 apud
1880 4998 1971 5034 nos
1989 4981 2069 5035 ⁸⁸⁸2
2106 4980 2381 5051 Quinqua-

834 5068 1072 5135 gesimus
1096 5083 1222 5121 vero
1252 5069 1472 5136 quintus
1515 5070 1595 5125 sic
1648 5071 1944 5139 inscriptus
1971 5080 2090 5127 est:
2140 5072 2273 5127 Cum
2305 5082 2381 5125 te-

752 5166 801 5233 "
835 5166 1053 5211 nuerunt
1081 5158 1230 5211 illum
1262 5159 1525 5229 Allophyli
1558 5164 1612 5215 in
1648 5160 1775 5216 Getlt
1796 5179 1813 5214 :
1843 5178 1951 5231 quo
1983 5172 2223 5234 tempore
2242 5180 2378 5219 non-

834 5248 961 5301 dum
987 5250 1243 5317 regnabat
1281 5250 1471 5314 David,
1504 5250 1665 5307 Saule
1683 5252 1991 5323 superstite.
2034 5253 2379 5325 Quinquage-

836 5339 1007 5393 simus
1034 5346 1211 5393 autem
1244 5349 1427 5395 sextus
1450 5341 1529 5395 sic
1556 5341 1768 5395 titulum
1805 5342 1984 5403 habet,
2023 5341 2211 5409 David,
2257 5359 2375 5397 cum

836 5433 1029 5500 fugeret
1050 5446 1082 5482 a
1107 5429 1240 5497 [acie
1261 5428 1391 5486 Saul
1411 5435 1463 5486 in
1494 5434 1807 5500 speluncam.
1839 5431 2100 5487 Similiter
2129 5443 2181 5487 et
2219 5448 2370 5494 Lvut.

837 5519 1059 5585 Quando
1092 5522 1231 5573 misit
1266 5519 1414 5583 Saul,
1448 5523 1543 5585 ait,
1590 5531 1637 5575 et
1679 5520 2193 5574 custodiuit'domum
2239 5522 2372 5590 ejus,

837 5622 893 5664 ut
938 5629 1052 5665 eum
1082 5614 1411 5681 interficeret.
1464 5612 1961 5681 Quinquagesimus
2003 5627 2127 5665 vero
2175 5629 2374 5675 nonus,

836 5701 1046 5757 etiamsi
1080 5714 1201 5770 post.
1253 5712 1480 5757 mortem
1524 5703 1703 5782 Saulis
1762 5704 2146 5769 pronuntiatus
2188 5704 2373 5764 fuerit,

2483 4702 2660 4755 Δαυῖδ
2698 4706 2783 4769 εὶς
2809 4703 2915 4755 τὸν
2956 4698 3121 4754 οἷκον
3162 4701 3482 4772 Ἀϐιμέλεχ.
3530 4702 3686 4755 Ἀλλὰ
3730 4703 3824 4756 καὶ
3864 4704 3893 4755 ὁ
3927 4708 4036 4771 νγ⁹’

2496 4794 2588 4847 Ἑν
2632 4792 2711 4857 τῷ
2758 4791 2954 4847 ἐλθεῖν
3010 4790 3147 4855 τοὺς
3196 4793 3510 4859 Ζιφαίους,
3578 4791 3674 4845 καὶ
3726 4790 3914 4843 ειπεῒν
3957 4788 4038 4857 τῷ

2484 4885 2707 4939 Σαούλ·
2758 4883 2901 4950 Οὐχὶ
2939 4880 3064 4933 ιδοὺ
3094 4882 3270 4934 Δαυῒδ
3317 4881 3640 4950 κέκρυπται
3688 4879 3823 4946 παρ’
3862 4879 4041 4949 fusi»;

2483 4976 2688 5047 εἴρητο.
2720 4974 2831 5026 Kal.
2866 4976 2895 5025 ό
2935 4980 2973 5024 ε’
3006 4973 3062 5029 δὲ
3101 4974 3194 5027 xal.
3219 4981 3261 5027 ν’
3278 4990 3291 5003 α
3322 4975 3459 5025 Ὀτε
3488 4970 3825 5039 ἐκράτησαν
3854 4972 4039 5025 αὐτὸν

2484 5068 2539 5119 ol
2574 5067 2919 5133 Ἁλλόφυλοι
2967 5066 3036 5118 ἐν
3074 5066 3211 5129 Γὲθ,
3250 5064 3680 5134 ἐπιγέγραπται·
3730 5059 3797 5135 ἦν
3837 5064 3894 5117 δὲ
3942 5064 4039 5120 καὶ

2483 5153 2631 5220 οὗτος
2664 5166 2692 5217 ό
2727 5157 2913 5228 χρόνος
2956 5158 2985 5208 ὁ
3026 5158 3129 5228 πρὸ
3174 5157 3274 5227 τῆς
3314 5154 3581 5225 βασιλείας
3611 5153 3703 5208 τοῦ
3744 5155 3922 5220 Δαυῒδ,
3952 5155 4035 5209 ἔτι

2482 5247 2573 5299 τοῦ
2608 5247 2775 5302 Σαοὺλ
2814 5247 3091 5320 περιόντος
3119 5246 3197 5317 τῷ
3233 5245 3349 5315 βίῳ,
3388 5245 3481 5297 καὶ
3515 5248 3543 5297 ὁ
3585 5251 3668 5309 νς⁸
3712 5246 4034 5318 ἐπιγράφειο

2490 5339 2572 5405 Τῷ
2603 5340 2798 5404 Δαυτδ,
2825 5342 2895 5394 ὲν
2916 5338 2994 5403 τῷ
3028 5338 3211 5391 αὐτὸν
3237 5334 3692 5403 ἀποδιδράσκειν
3712 5338 3827 5391 ἀπὸ
3848 5351 4035 5405 προσ*-

2479 5430 2639 5485 ὠπου
2693 5431 2889 5489 Σαοὺλ
2939 5432 3026 5495 εις
3066 5428 3131 5481 τὸ
3178 5426 3495 5493 σπήλαιον.
3520 5428 3811 5489 ςὨσαύτως
3856 5427 3951 5479 καὶ
4004 5425 4036 5476 6

2482 5529 2559 5591 νη¹
2623 5524 2849 5585 Ὁπότε,
2892 5521 3077 5588 φησὶν,
3119 5519 3434 5574 ἀπέστειλε
3471 5520 3700 5581 Σαοὺλ,
3739 5518 3844 5573 καὶ
3893 5516 4033 5583 ἐφύ-

2484 5614 2629 5675 λαξε
2657 5614 2761 5666 τὸν
2792 5610 2957 5665 οἷκον
2983 5611 3185 5674 αὑτοῦ,
3224 5612 3329 5665 τοῦ
3366 5609 3697 5690 θανατῶσαι
3731 5608 3936 5662 αὐτόν.
3966 5605 4034 5657 Ὃ

2485 5719 2546 5769 γε
2588 5702 2690 5772 μὴν
2737 5704 2831 5767 νθ⁹,
2854 5704 2901 5753 εί
2935 5702 3027 5753 καὶ
3079 5700 3215 5769 μετὰ
3257 5701 3346 5753 τὸν
3390 5700 3612 5773 θάνατον
3638 5695 3806 5752 Σαοὺλ
3829 5694 4031 5765 εἴρητο,

907 5856 951 5888 ⁶⁶
990 5856 1006 5909 1
1043 5854 1163 5925 Reg.
1201 5872 1329 5923 χχιι,
1363 5858 1509 5912 9-H.
1588 5859 1627 5888 “
1669 5857 1798 5913 ibid.
1840 5858 1923 5921 l8,
1954 5858 2035 5912 l9.
2113 5860 2155 5887 "
2192 5856 2333 5913 Psal.
2374 5872 2577 5921 xum,
2610 5858 2662 5910 2.
2741 5858 2782 5884 ⁸³
2824 5854 3000 5923 lane.
3039 5869 3149 5907 ut.
3188 5855 3235 5907 l.
3314 5856 3355 5886 “
3395 5853 3525 5909 ibid.
3563 5852 3643 5904 ll.
