4354 6456
330 505 440 561 M5

1442 503 1936 561 COMMENTARIA
1975 504 2041 560 IN
2082 504 2419 560 PSALMOS.

3434 509 3536 566 “6

328 624 429 694 ἤδη
463 622 828 693 βασιλευοντος
857 620 948 677 τοῦ
979 620 1158 687 Δαυϊδ,
1181 620 1321 676 Ἀλλὰ
1358 622 1449 676 καὶ
1477 624 1635 688 αὐτὸς
1663 625 1766 694 πρὸ
1789 626 1884 696 τῆς
1912 635 1957 690 Α
1982 625 2047 694 jal

1820 626 1884 696 ἧς
1912 635 1957 690 Α
1982 625 2094 694 jam
2125 630 2388 694 regnante
2429 622 2628 678 Davide
2666 643 2680 690 ;
2713 633 2767 677 at
2792 624 2905 693 ipse
2942 638 3157 694 quoque
3183 634 3307 680 ante
3339 627 3539 681 admis-

329 716 469 771 κατὰ
495 716 585 769 τὸν
617 716 815 786 Οὐρίαν
846 714 1091 786 πράξεως
1110 732 1123 744 ·
1154 713 1183 766 ὃ
1214 715 1276 786 δὴ
1298 715 1626 786 σημαίνεται
1648 717 1753 769 ἀπὸ
1779 717 1878 784 τῆς
1926 710 1933 718 “

328 806 671 882 προγραφῆς,
694 806 811 874 ἥτις
836 805 982 876 δηλοῖ
1005 805 1093 858 τὸν
1123 805 1308 876 χρόνον
1328 804 1608 879 φάσκουσα
1627 822 1639 834 ·
1680 806 1882 858 Ὁπότε

324 898 642 965 ἐνεπύρισε
684 895 798 963 τὴν
838 895 1293 964 Μεσοποταμίαν
1337 895 1582 962 Συρίας,
1627 895 1723 947 καὶ
1769 894 1881 960 τὴν

327 989 549 1055 Συρίαν
591 986 755 1042 Σωσᾶ
775 1028 789 1051 ,
838 987 933 1041 καὶ
978 986 1355 1054 ἀπέστρεψεν
1398 987 1553 1039 Ἰωὰϐ
1599 988 1694 1039 καὶ
1742 986 1883 1039 ἑπά-

327 1081 469 1144 ταξε
512 1080 626 1147 τὴν·
655 1079 922 1149 φάραγγα
964 1078 1295 1143 τῶν-Ἁλῶν,
1327 1079 1550 1132 δώδεκα
1582 1079 1877 1147 χιλιάδας.

324 1170 509 1223 Ταῦτα
555 1170 611 1222 δὲ
649 1171 759 1232 τοῖς
794 1169 1001 1241 χρόνοις
1046 1169 1270 1239 προάγει
1309 1170 1405 1239 τὴν
1434 1170 1490 1220 ὲν
1512 1167 1587 1237 τῷ
1613 1174 1652 1219 ν’
1683 1166 1878 1238 ψαλμῷ

324 1260 723 1332 ἐξομολόγησιν.
755 1263 873 1314 Ἔτι
907 1262 1009 1331 μὴν
1040 1262 1131 1314 καὶ
1162 1262 1189 1313 ὁ
1216 1261 1293 1327 ξ6¹
1331 1261 1538 1331 ψαλμὸς
1580 1260 1768 1331 ἐλέχθη
1803 1259 1879 1330 τῷ

325 1350 483 1404 Δαυῒδ
505 1353 574 1404 ἐν
606 1350 684 1415 τῷ
708 1347 860 1404 εἶναι
900 1351 1084 1404 αὑτὸν
1123 1353 1191 1404 ἐν
1227 1350 1299 1419 τῇ
1340 1350 1532 1419 ἐρήμῳ
1563 1350 1670 1417 τῆς
1708 1351 1879 1404 Ἰδου-

324 1441 518 1508 μαίας,
549 1438 747 1503 ζῶντος
787 1440 864 1491 ἔτι
905 1440 996 1493 τοῦ
1033 1440 1215 1494 Σαούλ.
1246 1442 1354 1493 Καὶ
1383 1441 1479 1493 θέα
1520 1441 1666 1503 ὅπως
1698 1441 1878 1509 σχεδὸν

323 1535 371 1585 oi
404 1532 641 1584 πλεῖστοι
670 1530 762 1584 τοῦ
790 1530 1033 1603 δευτέρου
1070 1532 1264 1603 μέρους
1288 1532 1387 1601 τῆς
1415 1528 1590 1602 βίϐλου
1610 1531 1721 1584 τῶν
1743 1531 1876 1600 ψαλ-

326 1623 441 1693 μῶν
464 1622 557 1675 τοῦ
574 1623 752 1685 Δαυῖδ,
777 1624 1041 1694 παρεκτὸς
1060 1624 1151 1676 τοῦ
1186 1630 1248 1687 ν’,
1277 1624 1403 1695 τοὺς
1433 1622 1706 1693 πρόπαλαι
1730 1624 1879 1695 είρη-

327 1714 518 1783 μένους
548 1715 695 1786 αὐτῷ
722 1715 824 1786 πρὸ
860 1714 965 1767 τῶν
998 1715 1201 1786 χρόνων
1231 1714 1329 1785 τῆς
1367 1713 1509 1768 κατά
1547 1714 1635 1768 τὸν
1680 1714 1878 1786 Οὐρίαν

323 1806 573 1878 πράξεως
604 1806 998 1877 περιειλήφασι.
1034 1807 1104 1858 Τό
1124 1823 1187 1872 γε
1221 1806 1324 1876 μὴν
1353 1806 1563 1877 πρῶτον
1595 1806 1753 1877 μέρος
1781 1808 1877 1877 τῆς

255 1934 258 1937 τ
322 1897 491 1967 αὐτῆς
523 1896 706 1965 βίϐλου
740 1897 805 1951 ro
843 1898 951 1951 ἀπὸ
994 1897 1208 1969 πρώτου
1254 1897 1345 1951 καὶ
1382 1898 1539 1969 μέχρι
1576 1906 1627 1968 μ’
1669 1898 1768 1969 τὴν
1796 1899 1879 1950 ὲν-

320 1987 507 2045 αντίαν
538 1984 651 2057 εἷχε
685 1987 867 2052 τάξιν·
901 1990 1025 2052 τοὺς
1062 1988 1168 2060 γὰρ
1200 1989 1338 2059 μετὰ
1375 1990 1471 2059 τὴν
1500 1990 1878 2061 ἐξομολόγησιν
1908 2009 1950 2063 Β

319 2076 414 2130 τοῦ
448 2084 489 2131 ν’
522 2079 693 2130 ἐκεῖνο
722 2081 959 2150 περιεῖχε
988 2080 1048 2131 τὸ
1082 2081 1262 2151 μέρος.
1311 2080 1367 2133 '0
1391 2081 1520 2148 γοῦν
1550 2081 1727 2151 τρίτος
1748 2081 1878 2149 ψαλ-

323 2168 421 2245 μὸς
464 2166 679 2220 λέλεκτο
732 2167 808 2237 τῷ
847 2168 1037 2232 Δαυϊδ,
1074 2169 1252 2222 ὁπότε
1290 2168 1723 2236 ἀπεδίδρασκεν
1760 2169 1877 2223 ἀπὸ

320 2261 641 2329 προσώπου
678 2263 1050 2326 Ἀϐεσσαλὼιι
1094 2262 1199 2316 τοῦ
1240 2262 1371 2316 υἱοῦ
1404 2262 1605 2317 αὺτοῦ.
1643 2264 1877 2331 Ἐφευγε

318 2352 374 2404 δὲ
406 2352 496 2405 τὸν
519 2354 631 2406 υἱὸν
663 2353 801 2423 μετὰ
825 2353 919 2424 τὴν
936 2353 1167 2424 ἱστορίαν
1179 2352 1274 2406 τοῦ
1300 2354 1513 2424 Οὐρίου.
1534 2353 1689 2407 Ἀλλὰ
1704 2354 1795 2407 καὶ
1820 2356 1876 2406 ἐν

318 2442 396 2513 τῷ
422 2450 472 2507 ς’
502 2445 598 2515 τῆς
620 2420 786 2513 αυτῆς
816 2420 973 2497 ἕνεκα
993 2420 1239 2515 πράξεως
1265 2420 1658 2517 ἀπέκλόιετοῖμ)
1676 2446 1844 2514 λέγων
1860 2463 1872 2475 ·

333 2536 651 2589 Ἑκοπίασα
674 2536 743 2588 ἐν
768 2534 848 2599 τῷ
872 2533 1179 2603 στεναγμῷ
1197 2553 1313 2605 μου
1331 2575 1345 2599 ,
1376 2536 1575 2589 λούσω
1610 2536 1733 2589 καθ’
1752 2533 1880 2590 ἐκά-

318 2641 477 2695 στην
501 2629 688 2681 νύκτα
711 2627 825 2694 τὴν
849 2628 1063 2695 κλίνην
1084 2644 1222 2697 μου,
1246 2627 1315 2679 ἐν
1345 2625 1597 2694 δάκρυσί
1620 2643 1738 2694 μου
1765 2626 1877 2692 τὴν

319 2718 636 2787 στρωμνήν
655 2736 773 2787 μου
794 2718 1009 2785 βρέξω.
1045 2720 1153 2771 Καὶ
1172 2720 1201 2769 ό
1226 2718 1268 2781 ζ’
1293 2717 1349 2771 δέ
1370 2734 1383 2748 ·
1431 2717 1593 2784 Ὑπὲρ
1634 2715 1751 2769 τῶν
1777 2717 1876 2770 λό-

318 2826 439 2879 γων
491 2809 677 2863 Χουσὶ
723 2809 854 2862 υἱοῦ
893 2809 1117 2878 Ἶεμινεὶ
1162 2807 1475 2877 λελεγμένος
1498 2849 1513 2872 ,
1551 2806 1658 2859 τῶν
1698 2805 1875 2860 αὐτῶν

319 2898 406 2969 εἴη
438 2898 503 2953 ἂν
536 2900 757 2970 χρόνων.
792 2901 958 2953 Χουσὶ
993 2899 1101 2971 γὰρ
1132 2900 1471 2970 ἀρχιεταῖρος
1507 2896 1743 2966 γεγονὼς
1780 2897 1873 2950 τοῦ

319 2992 499 3054 Δαυῒδ,
543 2991 620 3062 τῷ
664 2992 1010 3061 Ἀὃεσσαλὼμ
1056 2990 1383 3059 συνεγένετο.
1430 2991 1549 3043 Ἔτι.
1584 2990 1686 3060 μὴν
1728 2990 1819 3043 καὶ
1846 2992 1875 3041 ό

323 3080 388 3146 ιζ’
424 3082 789 3136 ἀποδέδεικται
835 3083 960 3154 περὶ
991 3082 1058 3135 τὰ
1090 3080 1369 3135 τελευταῖα
1404 3081 1502 3151 τῆς
1550 3080 1691 3150 ζωῆς
1718 3079 1874 3132 Δαυῒδ

318 3172 657 3244 λελεγμένος.
702 3174 858 3227 Ἀλλὰ
909 3174 1003 3227 καὶ
1048 3175 1077 3227 6
1126 3172 1221 3237 λζ’,
1276 3172 1743 3242 ἐπιγεγραμμένος
1790 3173 1875 3236 είς

318 3263 675 3334 ἀνάμνησιν,
703 3263 797 3335 τὴν
822 3264 987 3334 αὐτὴν
1020 3263 1155 3335 ἔχων
1178 3263 1413 3322 διάνοιαν
1439 3262 1515 3332 τῷ
1545 3264 1620 3327 ς’,
1653 3262 1873 3333 ἄρχεται

1986 732 2105 770 sum
2132 717 2187 770 in
2229 716 2413 771 Uriam
2448 714 2660 771 facinus
2693 716 2872 771 editus
2903 726 3013 770 est:
3046 715 3190 784 quod
3220 731 3284 769 ex
3334 717 3536 772 inscri-

1982 808 2164 876 ptione
2210 806 2567 876 signiﬁcatur,
2625 808 2888 876 temporis
2958 813 3140 859 notam
3199 805 3403 859 ferente
3452 806 3538 861 his

1982 895 2194 949 verbis:
2245 892 2377 949 Cum
2419 896 2687 947 succendit
2734 894 3175 965 Mesopotamiam
3237 892 3426 962 Syria,
3485 904 3536 947 et

1982 985 2192 1054 Syriam
2240 983 2379 1038 Soba
2426 1000 2443 1037 :
2477 996 2526 1038 et
2564 1001 2837 1039 conversus
2874 984 3009 1039 στοαί)
3057 986 3307 1052 percussit
3349 984 3535 1037 vallem

1982 1075 2313 1140 Salinarum,
2344 1077 2619 1149 duodecim
2664 1076 2855 1131 millia.
2902 1077 3029 1131 Haec
3084 1091 3248 1145 porro
3292 1083 3533 1143 tempore

1979 1173 2303 1234 praevertunt
2330 1166 2723 1220 confessionem
2768 1166 2823 1219 in
2864 1181 2894 1217 ι.
2948 1165 3155 1234 psalmo
3188 1163 3519 1231 factam.lv.-

1979 1270 2145 1323 super
2180 1270 2290 1307 Lxu
2324 1269 2354 1306 a
2410 1252 2610 1307 Davide
2632 1253 2810 1307 dictus
2836 1260 2939 1316 est,
2957 1268 3073 1303 cum
3099 1259 3230 1304 esset
3260 1251 3312 1319 in
3336 1248 3533 1301 deserto

1980 1345 2252 1409 Idumaeas,
2291 1348 2504 1401 vivente
2559 1345 2737 1398 adhuc
2782 1344 2962 1399 Saule.
3018 1344 3096 1398 Ac
3126 1342 3261 1396 mihi
3304 1355 3534 1411 perpen-

1979 1438 2077 1491 das
2111 1438 2291 1500 velim,
2330 1454 2439 1507 quo
2484 1444 2641 1506 pacto
2682 1437 2925 1506 plerique
2975 1437 3029 1489 in
3088 1433 3325 1489 secunda
3382 1439 3533 1502 parte

1977 1528 2120 1589 libri,
2153 1530 2484 1597 psalmorum
2546 1527 2768 1583 Davidis
2818 1526 2980 1597 positi
3034 1525 3249 1596 psalmi,
3304 1529 3535 1591 excepto
3586 1576 3589 1579 ,

1977 1620 2455 1691 quinquagesimo,
2483 1636 2580 1676 eos
2625 1620 2718 1689 qui
2764 1620 2833 1674 ab
2880 1619 3001 1687 ipso
3035 1617 3129 1671 diu
3158 1624 3284 1670 ante
3323 1623 3535 1685 tempus

1976 1711 2113 1781 gesti
2143 1711 2199 1765 in
2232 1708 2412 1763 Uriam
2448 1707 2707 1764 facinoris
2752 1706 3087 1777 pronuntiati
3118 1705 3361 1784 fuerant,
3394 1718 3535 1772 pra:-

1978 1802 2383 1871 occupaverint.
2459 1799 2641 1854 Prima
2697 1812 2828 1853 sane
2876 1812 3002 1867 pars
3048 1797 3291 1864 ejusdem
3343 1795 3465 1848 libri
3502 1809 3533 1847 a

1980 1894 2153 1962 primo
2200 1893 2265 1946 ad
2301 1891 2803 1962 quadragesimum,
2834 1888 3169 1943 contrarium
3194 1886 3353 1939 habet
3380 1882 3532 1937 ordi-

1978 1998 2134 2037 nem:
2171 1997 2403 2052 namque
2426 1996 2553 2052 pars
2588 1982 2678 2035 illa
2706 1995 2822 2042 eos,
2847 1978 2940 2048 qui
2971 1984 3093 2048 post
3132 1972 3532 2029 confessionem

1976 2074 2406 2144 quinquagesimi
2462 2072 2653 2142 psalmi
2716 2072 2847 2126 dicti
2903 2078 3051 2133 sunt,
3128 2065 3529 2135 complectitur.

1978 2164 2193 2220 Tertius
2223 2165 2405 2233 itaque
2435 2164 2679 2232 psalmus
2717 2176 2748 2214 a
2770 2160 2968 2216 Davide
3009 2158 3394 2228 pronuntiatus
3422 2161 3528 2215 est.

1978 2273 2093 2310 cum
2134 2257 2330 2327 fugeret
2362 2273 2391 2309 a
2415 2256 2551 2323 [acie
2590 2253 2872 2306 Absalonis
2910 2252 3011 2319 ﬁlii
3041 2252 3144 2305 sui.
3179 2248 3336 2319 Fugit
3354 2254 3532 2327 autem

1977 2362 2006 2399 a
2042 2348 2153 2401 filio
2188 2324 2309 2417 post
2357 2342 2647 2401 historiam
2702 2342 2863 2397 Uriae.
2914 2339 3026 2396 lmo
3059 2341 3224 2395 etiam
3271 2340 3323 2391 in
3380 2324 3533 2393 sexto

1977 2457 2075 2511 pro
2112 2442 2299 2496 eodem
2358 2440 2604 2494 facinore
2652 2438 2813 2493 ﬂebat
2884 2435 3110 2489 dicens:
3163 2432 3423 2485 Laboraoi
3476 2432 3533 2484 in

1976 2535 2167 2605 gemitu
2219 2550 2371 2588 meo:
2431 2517 2616 2587 lavabo
2676 2546 2767 2599 per
2834 2527 3067 2596 singulas
3117 2535 3289 2578 noctes
3344 2523 3532 2575 lectum

1976 2641 2180 2688 meum;
2248 2624 2494 2693 lacrymis
2566 2622 2691 2674 meis
2760 2628 2985 2673 stratum
3039 2632 3207 2669 meum
3263 2611 3440 2682 rigabo
3463 2611 3530 2665 ⁸⁸.

1978 2716 2251 2787 Septimus
2308 2715 2476 2775 item,
2523 2728 2618 2779 pro
2688 2711 2856 2764 verbis
2932 2708 3094 2763 Chusi
3154 2707 3253 2774 ﬁlii
3338 2702 3533 2756 Jemini
3588 2708 3591 2709 '

1975 2805 2172 2868 dictus,
2208 2800 2451 2873 ejusdem
2501 2799 2762 2867 temporis
2796 2796 2976 2850 fuerit.
3029 2794 3197 2849 Cbusi
3248 2790 3396 2846 enim
3440 2788 3535 2857 qui

1974 2894 2223 2964 princeps
2266 2892 2567 2946 amicorum
2617 2886 2784 2940 David
2829 2883 3039 2944 fuerat,
3093 2897 3217 2935 cum
3264 2879 3537 2933 Absalone

1969 2984 2195 3053 junctus
2227 2989 2328 3036 est.
2361 2980 2557 3049 Etjam
2588 2978 2805 3048 quidem
2836 2981 3316 3030 commonstratum
3340 2978 3423 3025 est
3439 2964 3533 3023 de-

1973 3076 2171 3128 cimum
2203 3074 2493 3143 septimum
2527 3071 2674 3124 circa
2698 3068 2856 3123 ﬁnem
2884 3068 3005 3121 vita:
3026 3065 3193 3119 David
3216 3064 3419 3119 dictum
3449 3061 3533 3115 fu-

1973 3164 2101 3219 isse.
2156 3160 2525 3230 Similiterque
2557 3158 2865 3213 tricesimus
2910 3155 3201 3225 scptimus,
3236 3152 3532 3221 inscriptus

1974 3254 2027 3306 in
2059 3252 2561 3312 rememorationem,
2593 3247 2835 3304 eamdem
2877 3244 3167 3316 praeferens
3208 3258 3369 3313 quam
3411 3256 3532 3297 sex—

321 3330 557 3427 pévvarto
593 3355 699 3410 τῶν
724 3330 897 3409 αυτῶν
938 3330 1191 3427 ρημότων
1223 3354 1424 3423 λέγων·
1460 3330 1651 3431 Κύριε,
1797 3351 1875 3415 τῷ
1901 3386 1942 3442 C
1977 3352 2040 3442 lat

1812 3351 1875 3415 τῷ
1901 3386 1942 3442 C
1977 3352 2063 3397 tus
2090 3342 2435 3403 sententiam,
2470 3340 2662 3393 iisdem
2704 3336 2885 3391 verbis
2939 3334 3127 3403 incipit
3161 3334 3347 3387 dicens
3375 3351 3387 3385 :
3422 3330 3531 3384 Do-

320 3445 482 3516 θυμῷ
508 3444 624 3501 σου
648 3446 897 3517 ἐλέγξῃς
918 3464 1013 3515 με,
1047 3445 1200 3515 μηδὲ
1230 3442 1303 3513 τῇ
1329 3446 1420 3514 om
1436 3444 1474 3511 ᾔ
1506 3462 1621 3498 σου
1647 3442 1873 3498 παιδεύ-

316 3551 437 3605 σῃς
459 3554 552 3605 με.
586 3538 795 3607 Προϊὼν
845 3538 903 3589 δὲ
950 3537 1048 3607 τὴν
1089 3536 1255 3607 αὐτὴν
1304 3536 1683 3606 ἐξομολόγησιν
1716 3540 1781 3606 τῇ
1817 3538 1873 3587 ὲν

314 3628 397 3699 τῷ
416 3635 456 3681 ν’
485 3628 754 3699 φερομένῃ
788 3631 1015 3680 ποιεῖται
1050 3626 1106 3679 ἐν
1136 3644 1195 3678 τε
1226 3628 1339 3688 τοῖς
1370 3626 1547 3688 ἄλλοις
1578 3628 1669 3677 καὶ
1701 3627 1766 3677 δι’
1800 3620 1873 3679 ὧν

316 3735 514 3790 φησιν·
548 3719 671 3770 Ὅτι
700 3722 756 3771 al
797 3718 1030 3786 ἀνομίαι
1057 3734 1175 3786 μου
1208 3713 1521 3785 ὑπενρῆσαύ
1550 3715 1663 3782 τὴν
1693 3732 1873 3783 κεφα-

313 3809 437 3877 λὴν
464 3824 607 3879 μου.
636 3806 1022 3877 Προσώζὶισαν
1047 3806 1145 3860 καὶ
1171 3804 1489 3873 ἐσάπησαν
1514 3808 1565 3859 ol
1591 3802 1873 3873 μώλωπες

310 3921 431 3973 μου
472 3902 590 3956 dm)
619 3901 935 3971 προσώπου
970 3898 1077 3967 τῆς
1113 3900 1457 3971 ἀφροσύνης
1480 3915 1614 3965 μου.
1656 3898 1762 3948 Καὶ
1811 3899 1872 3950 σὺ

315 3992 360 4046 δ’
394 3994 460 4047 ἂν
490 3993 627 4047 κατά
661 3994 854 4047 σαυτὸν
890 3991 1208 4060 συναγαγὼν
1240 3990 1417 4061 εὖροις
1450 3988 1515 4043 ἂν
1552 3988 1620 4041 τὰ
1654 3988 1873 4047 πλεῖστα

315 4085 424 4138 τῶν
450 4086 506 4137 ὲν
528 4084 605 4155 τῷ
637 4084 834 4156 πρώτῳ
865 4084 1016 4153 μέρει
1057 4082 1165 4138 τῶν
1196 4080 1421 4153 ψαλμῶν
1448 4079 1581 4150 μετὰ
1606 4080 1730 4142 τοὺς
1753 4080 1875 4149 χρό-

316 4193 439 4239 νους
479 4177 575 4246 τῆς
608 4176 743 4230 κατὰ
767 4175 858 4228 τὸν
889 4174 1087 4245 Οὐρίαν
1127 4173 1364 4242 ἱστορίας
1404 4171 1682 4241 εἰρημένα,
1716 4172 1784 4224 τὰ
1820 4171 1874 4222 δὲ

320 4265 458 4337 μετὰ
480 4265 572 4317 τὸν
597 4272 640 4318 ν’
668 4268 778 4328 τοῖς
806 4266 1013 4336 χρόνοις
1037 4263 1342 4334 προάγοντα
1364 4260 1460 4331 τὴν
1492 4261 1632 4314 κατὰ
1659 4262 1748 4327 τὸν
1773 4262 1875 4314 Οὑ-

320 4356 439 4426 ρίαν
466 4353 680 4425 πρᾶξιν.
710 4355 773 4406 Τί
798 4354 995 4426 δήποτε
1016 4349 1109 4410 οὖν
1141 4354 1202 4405 οὐ
1240 4350 1380 4405 κατὰ
1412 4352 1509 4420 τὴν
1536 4351 1643 4406 τῶν
1672 4352 1873 4423 χρόνων

316 4443 635 4500 ἀκολουθίαν
660 4445 708 4496 οἱ
732 4444 934 4515 πρῶτοι
964 4445 1075 4507 τοῖς
1109 4444 1316 4513 χρόνοις
1347 4440 1550 4513 πρῶτοι
1579 4442 1875 4509 κατετὰγη-

319 4552 418 4590 σαν
434 4551 446 4564 ·
472 4534 586 4588 ἀλλ’
607 4533 661 4585 ὀἱ
696 4533 793 4604 τὴν
809 4533 1021 4605 πρῶτοι
1044 4532 1354 4602 λελεγμένοι
1380 4532 1457 4583 ἔτι
1490 4530 1685 4603 ζῶντος
1708 4529 1874 4588 Σαοὺλ

315 4627 376 4679 ὲν
400 4623 478 4694 τῷ
496 4622 728 4693 δευτέρῳ
751 4621 905 4696 μέρει
927 4623 1035 4675 τῶν
1054 4620 1282 4691 ψαλμῶν
1297 4638 1309 4650 ·
1336 4622 1393 4674 ἐν
1416 4620 1471 4673 δὲ
1496 4619 1575 4691 τῷ
1602 4618 1800 4690 πρώτῳ
1825 4619 1873 4669 ot

1974 3435 2111 3487 mine
2130 3474 2143 3495 ,
2190 3449 2253 3486 ne
2281 3432 2336 3485 in
2360 3431 2537 3499 furore
2569 3439 2654 3480 tuo
2686 3442 2880 3496 arguas
2910 3440 2991 3479 me
3010 3464 3024 3487 ,
3058 3440 3216 3493 neque
3245 3424 3300 3475 in
3328 3424 3411 3475 ira
3440 3430 3531 3475 tua

1974 3524 2229 3591 Corripiat;
2260 3539 2359 3577 me.
2390 3520 2447 3574 in
2468 3516 2820 3588 sequentibus
2843 3529 2972 3569 vero
2995 3514 3261 3574 eamdem,
3292 3526 3452 3579 quam
3477 3512 3531 3563 in

1978 3614 2181 3682 psalmo
2209 3609 2662 3680 quinquagesimo
2682 3646 2697 3669 ,
2728 3603 3124 3660 confessionem
3153 3601 3298 3663 edit,
3333 3602 3445 3654 sive
3476 3601 3533 3652 in
3597 3648 3601 3652 .

1976 3704 2127 3766 aliis,
2179 3702 2291 3755 sive
2320 3700 2374 3754 in
2410 3700 2512 3753 hoc
2550 3700 2692 3752 dicto
2728 3716 2741 3750 :
2778 3696 3040 3761 Quoniam
3072 3694 3372 3763 iniquitates
3406 3706 3533 3742 mea:

1973 3806 2318 3859 supergressa:
2363 3797 2485 3843 sunt
2531 3797 2685 3857 caput
2736 3803 2924 3840 meum.
2980 3784 3300 3837 Putruerunt
3332 3790 3381 3834 et
3415 3796 3532 3832 cor-

1974 3890 2140 3950 ruptae
2171 3893 2289 3934 sunt
2317 3881 2587 3935 cicatrices
2609 3896 2734 3933 mea?
2764 3896 2796 3931 a
2818 3877 2953 3945 facie
2981 3873 3294 3941 insipientia:
3314 3889 3440 3926 mea:
3466 3872 3527 3926 “.

1971 3974 2049 4027 Ac
2080 3973 2125 4027 si
2156 3972 2341 4027 eadem
2375 3987 2472 4042 per
2499 3980 2550 4025 te
2576 3969 2800 4036 colligas
2823 4004 2837 4029 ,
2881 3964 3049 4018 multa
3094 3964 3149 4016 in
3184 3962 3357 4034 prima
3382 3971 3536 4032 parte

1974 4063 2097 4117 libri
2126 4063 2458 4133 psalmorum
2483 4056 2881 4128 deprehendas,
2915 4070 3035 4126 qua:
3058 4061 3179 4123 post
3207 4060 3419 4121 tempus
3449 4052 3533 4105 hi-

1974 4155 2153 4209 storia:
2198 4153 2264 4205 de
2318 4151 2447 4208 Uria
2489 4151 2703 4219 prolata
2754 4152 2921 4213 sunt,
2973 4153 3137 4213 atque
3174 4158 3235 4198 ea
3260 4158 3380 4213 quae
3410 4151 3532 4211 post

1973 4242 2475 4315 quinquagesimum
2509 4240 2682 4310 posita
2716 4244 2881 4301 sunt,
2923 4242 3131 4305 gestum
3162 4233 3215 4284 in
3243 4229 3425 4283 Uriam
3450 4229 3531 4283 fa-

1972 4334 2127 4389 cinus
2176 4342 2414 4403 tempore
2456 4342 2780 4402 praevertere
2823 4324 3147 4395 comperies.
3199 4320 3339 4387 Quid
3366 4320 3532 4390 igitur

1973 4440 2148 4478 causa:
2177 4432 2279 4488 est,
2321 4423 2467 4495 quod
2508 4438 2617 4477 non
2649 4417 2947 4485 secundum
2979 4423 3281 4484 temporum
3309 4410 3526 4473 seriem,

1973 4516 2063 4585 qui
2096 4515 2255 4586 primi
2287 4521 2528 4585 tempore
2556 4520 2684 4568 sunt
2706 4552 2722 4576 ,
2752 4506 2911 4579 primi
2940 4506 3101 4576 positi
3136 4505 3275 4565 sint,
3307 4503 3401 4557 sed
3436 4505 3529 4572 qui

1974 4607 2155 4675 primi,
2190 4606 2484 4675 superstite
2510 4602 2672 4657 Saule
2698 4599 2829 4655 dicti
2860 4604 3005 4659 sunt,
3040 4596 3097 4649 in
3123 4593 3359 4650 secunda
3386 4595 3531 4664 psal-

316 4716 427 4776 τοῖς
449 4686 663 4784 άράνοιέ
700 4686 955 4774 ὖᾶτοὶτοη
1003 4686 1242 4783 ἠγοῦμαι
1268 4710 1325 4764 δὲ.
1364 4686 1565 4778 ταύτην
1600 4686 1870 4779 εἰληφέναι
1902 4714 1945 4767 1)
1976 4715 2035 4751 un

1811 4725 1870 4763 ‘at
1902 4714 1945 4767 1)
1976 4714 2186 4763 morum
2219 4705 2373 4768 parte
2402 4696 2516 4750 ’sint
2547 4691 2859 4756 constituti;
2885 4698 2939 4745 et
2967 4689 3021 4743 in
3051 4688 3245 4758 prima,
3275 4686 3365 4757 qui
3395 4694 3530 4740 tem-

315 4802 414 4875 τὴν
457 4801 630 4867 τάξιν,
668 4800 741 4863 ὼς
782 4799 848 4854 ἂν
891 4799 964 4870 μὴ
1002 4800 1109 4852 ἀπὸ
1156 4799 1265 4853 τῶν
1316 4799 1635 4871 κρειττόνων
1677 4797 1767 4849 ὲπῖ¹
1808 4795 1876 4848 τὰ

316 4895 485 4965 χείρω
509 4894 722 4964 φέροιτο
752 4893 779 4945 ὁ
815 4890 969 4959 λόγος
986 4900 999 4919 ⁸
1029 4890 1088 4942 τὸ
1108 4889 1235 4963 γὰρ,
1262 4894 1347 4957 εις
1373 4890 1437 4943 τὸ
1464 4888 1635 4953 τέλος
1654 4878 1741 4959 μὴ
1754 4886 1878 4939 δια-

316 4983 584 5055 φθείρῃς,
621 4984 711 5037 καὶ
756 4981 847 5035 ἐπὶ
884 4979 982 5051 τῆς
1007 4978 1114 5032 τῶν
1145 4978 1371 5049 ψαλμῶν
1400 4978 1603 5043 τάξεως
1644 4974 1878 5043 πεφυλά-

316 5072 443 5143 χθαι
464 5072 655 5128 ἔοικεν.
690 5074 779 5127 Διὸ
820 5072 911 5127 καὶ
941 5070 1008 5126 τὰ
1040 5069 1457 5141 σκυθρωπότερα
1492 5069 1682 5141 πρῶτα
1709 5065 1877 5119 τέθει-

315 5142 432 5215 ται’
470 5160 556 5213 ἵνα
586 5162 809 5232 δεύτερα
840 5161 908 5213 τὰ
930 5159 1263 5232 χρηστότερα
1305 5157 1566 5227 φυλαχθῇ,
1607 5142 1873 5211 καλυπτο-

319 5251 495 5321 μένων
528 5252 620 5303 καὶ
638 5250 1099 5323 ὲξαφανιζομένων
1125 5247 1232 5302 τῶν
1262 5248 1537 5320 χειρόνων,
1566 5246 1653 5307 διὰ
1673 5245 1779 5301 τῶν
1816 5244 1875 5298 ὲν

313 5342 429 5403 τοῖς
474 5339 743 5409 δευτέροις
793 5342 1131 5409 κρειττόνων.
1189 5339 1349 5403 Εἰκὸς
1394 5337 1449 5392 δλὲ
1491 5334 1584 5388 τὸν
1616 5332 1776 5407 Δαυτδ
1814 5335 1875 5387 τὸ

314 5429 703 5507 πλημμεληθὲν
728 5429 874 5499 αὐτῷ
906 5430 1128 5506 ὕστερον
1157 5431 1244 5485 διὰ
1268 5428 1381 5483 τῶν.
1407 5426 1681 5501 προτέρων
1712 5425 1873 5479 αὑτοῦ

312 5509 977 5596 κατορθωμάτωνὲθέλειν
1006 5521 1317 5575 καλύπτειν.
1338 5519 1491 5574 Εἴποι
1508 5518 1552 5576 δ’
1573 5516 1638 5571 ἄν
1663 5533 1768 5583 τις,
1792 5516 1876 5570 ὅτι

391 5681 437 5712 ⁸⁵
471 5679 614 5737 Psal.
648 5693 741 5739 vr,
775 5674 825 5726 7.
901 5673 944 5703 “
983 5672 1125 5727 Psal.
1159 5690 1376 5739 xxxvu,
1413 5675 1465 5739 5,
1506 5672 1557 5726 6.

1975 4802 2107 4857 pore
2134 4787 2459 4858 posteriores
2479 4792 2633 4837 erant
2643 4782 2673 4852 ?r
2696 4780 2809 4851 Ego
2833 4795 2961 4836 vero
2990 4780 3224 4837 arbitror
3247 4778 3366 4831 ideo
3387 4776 3530 4830 hunc

1976 4878 2219 4933 ordinem
2250 4884 2522 4947 sumptum
2553 4886 2697 4937 esse,
2727 4882 2788 4925 ut
2820 4885 2887 4925 ne
2918 4885 2947 4923 a
2977 4867 3439 4939 praestantioribus
3461 4866 3527 4919 ad

1978 4968 2165 5037 pejora
2218 4977 2396 5019 sermo
2426 4961 2748 5017 declinaret.
2797 4957 2932 5013 Illud
2963 4956 3106 5011 enim
3142 4974 3154 5009 :
3186 4953 3253 5007 In
3280 4954 3434 5021 ﬁnem
3466 4968 3531 5006 ne

1979 5054 2274 5132 disperdas,
2295 5053 2458 5108 etiam
2488 5068 2588 5123 pro
2612 5051 2941 5122 psalmorum
2973 5045 3164 5099 ordine
3184 5043 3525 5097 observatum

1982 5151 2215 5207 videtur.
2276 5144 2455 5212 Quare
2483 5146 2723 5202 tristiora
2752 5140 2927 5213 primo
2955 5138 3128 5208 posita
3151 5143 3309 5199 sunt,
3342 5142 3398 5189 ut
3426 5135 3527 5189 mi-

1979 5244 2121 5299 tiora
2147 5254 2245 5311 pro
2286 5237 2543 5295 secundis
2569 5240 2933 5311 servarentur,
2973 5227 3258 5285 occultatis
3282 5232 3336 5282 et
3367 5225 3527 5281 oblit-

1978 5308 2171 5391 teratis
2199 5330 2475 5401 pejoribus
2502 5342 2599 5400 per
2625 5308 2846 5380 meliora
2883 5323 2973 5376 illa
3017 5319 3256 5389 secundo
3283 5320 3537 5395 tocopo-

1978 5428 2105 5483 sita.
2148 5420 2455 5481 Verisimile
2484 5427 2661 5476 autem
2685 5424 2770 5473 est
2796 5413 3048 5468 Davidem
3079 5412 3145 5466 ab
3174 5427 3231 5467 se
3256 5407 3506 5495 patratum

1980 5522 2166 5592 postea
2188 5512 2404 5574 facinus
2431 5526 2527 5585 per
2553 5510 2733 5580 priora
2756 5506 2847 5561 illa
2876 5503 3014 5559 bona
3039 5517 3200 5574 opera
3224 5499 3411 5569 tegere
3429 5508 3502 5559 νο

398 5830 468 5899 (1)
508 5831 585 5884 Ita
623 5829 931 5899 frequenter
970 5828 1024 5882 in
1056 5836 1155 5883 hoc
1201 5830 1590 5885 commentario
1633 5828 1994 5899 ἁποκλάομαι.
2035 5841 2117 5898 prt

1804 5831 1994 5899 άομαι.
2035 5841 2133 5898 pro
2164 5824 2528 5896 ἀποκλαίομαι
2578 5823 2799 5892 legitur,
2826 5826 2878 5877 et
2922 5815 3147 5885 quidem
3184 5815 3236 5865 in
3268 5808 3523 5869 omnibus

326 5901 745 5966 manuscriptis.
1498 5927 1502 5931 -
