4354 6394
2068 298 2090 331 δ

873 485 977 539 4n

1540 488 1803 545 EUSEBII
1841 488 2311 545 CESARIENSIS
2347 488 2494 546 OPP.
2528 490 2703 547 PARS
2742 489 2828 547 Ill.
2867 519 2939 535 -
2975 491 3380 553 EXEGETICA.

3940 494 4051 559 MD

888 606 1069 656 luisse.
1120 609 1299 658 Potest
1331 604 1491 659 etiam
1532 606 1659 669 dici,
1691 622 1755 661 ex
1796 606 2011 661 sublimi
2045 607 2239 675 pietate
2265 606 2419 661 Davi-
2450 614 2491 668 Λ
2524 609 2607 659 καί

2344 609 2419 661 vi-
2450 614 2491 668 Λ
2524 609 2641 660 καθ’
2669 607 2964 677 ὑπερϐολὴν
2988 606 3262 667 εὐλαϐείας
3288 603 3501 675 πρώτας
3532 610 3716 661 εταττε
3747 607 3844 671 τὰς
3873 606 4063 675 ἐξομο-

888 695 1000 747 dem
1033 696 1400 749 confessiones
1431 711 1559 752 suas
1586 698 1790 765 primas
1810 699 2083 761 statuisse,
2104 699 2229 766 quia
2244 698 2420 765 justus

2520 697 2760 766 λογήσεις
2792 695 2979 747 ἑαυτοῦ
2998 712 3010 725 ·
3048 692 3274 758 Ἐπειδὴ
3304 693 3525 759 δίκαιος
3560 695 3772 751 ἑαυτοῦ
3812 699 4063 766 κατήγο-

887 785 933 836 in
966 786 1217 853 principio
1246 788 1499 839 sermonis
1530 796 1805 840 accusator
1831 797 1907 841 est
1934 789 2094 841 sui".
2119 788 2253 842 Cum
2275 797 2422 842 tanta
2510 805 2606 855 ρος

2345 798 2422 842 uta
2510 805 2618 855 ρος
2639 789 2706 840 ἐν
2728 786 3106 856 πρωτολογίᾳ.
3133 787 3288 839 Ἀλλὰ
3306 786 3569 839 τοσούτων
3589 787 3717 855 ἡμῖν
3736 790 3811 852 είς
3830 789 3927 861 τὴν
3942 793 4064 845 ἁπο-

886 890 1043 943 porro
1074 878 1140 930 de
1164 876 1353 931 ordine
1400 876 1725 944 psalmorum
1759 894 1789 930 a
1812 880 1968 932 nobis
2000 880 2266 948 exquisita
2309 880 2423 933 fue-

885 967 1015 1026 rint,
1062 966 1174 1033 jam
1198 976 1408 1034 tempus
1434 976 1517 1023 est
1540 968 1605 1022 ad
1628 970 1931 1040 propositas
1962 984 2012 1024 LI
2048 970 2239 1037 psalmi
2264 985 2424 1024 voces

885 1058 1157 1112 accedere.
1970 1116 1976 1121 .

949 1146 1075 1201 Haec
1124 1150 1303 1220 itaque
1350 1152 1579 1215 scribit,
1617 1167 1739 1206 cum
1775 1137 2086 1223 edidicisset
2126 1169 2246 1222 qua:
2284 1153 2425 1208 Doce

883 1236 1072 1307 Syrus,
1092 1240 1313 1293 structis
1327 1250 1514 1294 contra
1535 1246 1593 1295 se
1612 1242 1921 1303 calumniis,
1936 1251 2191 1311 gesserat.
2226 1242 2423 1308 Quam-

884 1329 1062 1383 obrem
1103 1345 1200 1384 ceu
1246 1331 1420 1401 ipsum
1470 1332 1753 1400 alloquens
1781 1333 1893 1387 ait:
1929 1333 2067 1401 Quid
2098 1334 2341 1404 gloriaris
2369 1339 2422 1388 in

884 1420 1115 1483 malitia,
1157 1424 1246 1490 qui
1276 1432 1454 1487 potens
1502 1410 1596 1475 es?
1646 1426 1757 1477 sive
1787 1425 1945 1475 etiam
1974 1425 2243 1479 diabolum
2278 1441 2422 1479 com-

882 1512 1060 1579 pellat.
1092 1514 1184 1579 qui
1216 1514 1268 1565 in
1298 1514 1415 1581 ipso
1448 1514 1792 1581 operabatur.
1841 1514 1958 1571 Non
1986 1517 2261 1571 nesciebat
2280 1518 2422 1571 enim

882 1601 1026 1652 illum
1066 1601 1167 1654 sibi
1204 1617 1416 1670 semper
1447 1604 1811 1658 adversarium
1842 1621 1996 1667 esse,
2024 1616 2076 1661 et
2107 1607 2325 1662 assidue
2366 1622 2425 1661 se

883 1704 1209 1757 nupugnare,
1255 1694 1413 1745 modo
1440 1709 1534 1763 per
1560 1693 1799 1754 Saulem,
1849 1700 2009 1749 modo
2046 1712 2140 1765 per
2167 1696 2421 1760 Doecum,

883 1792 940 1830 ac
973 1781 1283 1849 plerumque
1302 1783 1529 1835 aliorum
1564 1786 1885 1841 ministerio.
1938 1786 2038 1854 Qui
2069 1804 2196 1857 ergo
2231 1789 2285 1842 in
2311 1804 2425 1843 ma-

882 1868 991 1921 litia
1027 1869 1293 1933 inﬁrmus,
1329 1872 1595 1928 invalidus
1626 1889 1689 1928 ac
1718 1876 1908 1932 debilis
1941 1888 2057 1942 est,
2083 1894 2203 1932 cum
2240 1881 2425 1933 melio—

2516 878 2753 931 δοθεῖσαν
2793 876 2943 939 τάξιν
2984 876 3466 946 γεγυμνασμένων,
3512 876 3696 946 καιρὸς
3721 877 3821 948 ἤδη
3854 880 3947 937 καὶ
3973 879 4065 936 ἐπὶ
4116 954 4120 963 λ

2518 968 2613 1031 τὰς
2643 966 3005 1039 προκειμένας
3034 965 3219 1033 φωνὰς
3242 964 3333 1017 τοῦ
3370 972 3449 1023 να⁹
3480 963 3785 1040 παρελθεῖν.

2587 1147 2787 1219 Γράφει
2828 1146 3001 1202 τοίνυν
3034 1148 3158 1215 τοὺς
3202 1148 3586 1220 προκειμένους
3634 1149 3840 1218 λόγους,
3882 1148 4080 1221 μαθὼν

2520 1242 2675 1293 ὁποϊα
2706 1242 3022 1312 διεπράξατο
3061 1242 3216 1313 Δωὴκ
3244 1246 3273 1296 6
3314 1244 3479 1313 Σύρος
3515 1244 3572 1296 ἐν
3609 1246 3725 1307 ταῖς
3753 1247 3871 1306 κατ’
3902 1244 4066 1303 αὑτοῦ

2519 1332 2805 1395 διαϐολαῖς.
2855 1332 2945 1385 Διὸ
2989 1332 3063 1396 ὡς
3106 1333 3241 1403 πρὸς
3278 1334 3437 1387 αὐτὸν
3482 1336 3813 1394 ἀποτείνεται
3858 1335 4064 1404 λόγων·

2528 1423 2587 1473 Τί
2628 1420 2887 1490 ἐγκαυχᾷ
2924 1423 3209 1487 ἐνκακίᾳ,
3247 1426 3279 1477 ὀ
3314 1423 3597 1489 δυνατός;
3806 1426 3943 1497 πρὸς
3980 1427 4067 1482 τὸν

2522 1516 2882 1585 ἐνεργήσαντα
2926 1516 2982 1567 ὲν
3029 1514 3177 1586 αὑτῷ
3220 1514 3476 1570 διάϐολον.
3513 1520 3585 1571 Οὐ
3626 1518 3732 1587 γάρ
3761 1520 3939 1588 ἠγνόει
3980 1520 4067 1572 τὸν

2522 1606 2745 1658 πάντοτε
2793 1605 2937 1675 αὑτῷ
2974 1605 3357 1676 ἀντικείμενον,
3405 1609 3497 1662 καὶ
3539 1610 3625 1663 διὰ
3668 1611 3862 1673 παντὸς
3908 1611 4068 1664 αὑτὸν

2521 1694 2872 1765 πολεμοῦντα,
2902 1695 3031 1747 ποτὲ
3063 1695 3158 1764 μὲν
3188 1695 3274 1750 διὰ
3304 1695 3396 1749 τοῦ
3422 1698 3607 1762 Σαοὺλ,
3633 1700 3747 1752 νυνὶ¹
3772 1699 3827 1752 δὲ
3857 1700 3944 1753 διὰ
3974 1698 4067 1754 τοῦ

2522 1787 2695 1856 Δωὴκ,
2728 1787 2817 1839 καὶ
2841 1786 3021 1839 ἄλλοτε
3052 1785 3219 1849 άλλως
3251 1786 3316 1838 δι’
3347 1788 3565 1859 ἑτέρων.
3600 1790 3657 1844 '0
3691 1790 3786 1860 μὲν
3822 1785 3915 1843 οῦν
3942 1791 4055 1842 άδῦ-

2523 1892 2676 1937 νατος
2710 1875 2799 1928 καί
2822 1875 3002 1936 ἄτονος
3036 1874 3126 1926 καὶ
3162 1874 3335 1941 ὀλίγος
3376 1877 3433 1929 ὲν
3474 1876 3657 1947 κακίᾳ,
3692 1876 4068 1941 πλεονάζοντος

882 1972 963 2011 res
993 1960 1044 2010 in
1073 1962 1189 2027 Ipso
1220 1976 1397 2013 mores
1433 1966 1776 2031 pnevaleant,
1827 1975 2013 2034 utpote
2044 1971 2138 2037 qui
2179 1968 2233 2021 in
2278 1969 2425 2022 mali—
2451 1955 2496 2013 Β
2523 1967 2579 2017 ἐν

2347 1969 2425 2022 tli-
2451 1955 2496 2013 Β
2523 1967 2579 2017 ὲν
2608 1965 2753 2032 αὑτῷ
2786 1966 2877 2017 τοῦ
2912 1965 3211 2034 κρείττονος
3236 1966 3453 2035 τρόπου,
3490 1967 3563 2030 ὡς
3592 1966 3657 2023 ἂν
3690 1968 4066 2040 ἀσθενέστερος

880 2049 951 2101 tia
994 2048 1255 2103 inﬁrmior
1285 2052 1388 2115 sit,
1431 2053 1556 2111 dum
1604 2065 1791 2122 peccat
1845 2053 1967 2112 sese
2014 2059 2340 2125 occultabit,
2370 2068 2422 2113 et

881 2148 1146 2208 pungente
1169 2144 1499 2197 conscientia
1530 2144 1758 2202 fortasse
1788 2149 2088 2219 resipiscet,
2117 2159 2277 2219 atque
2309 2166 2423 2205 ma-

881 2226 1005 2287 litiae
1043 2250 1155 2288 suae
1194 2238 1486 2292 remedium
1521 2225 1614 2309 per
1641 2242 2037 2297 confessionem
2071 2238 2133 2296 ac
2158 2244 2421 2298 sinceram

883 2329 1241 2395 paenitentiam
1272 2332 1615 2399 excogitabit.
1652 2332 1756 2386 Sed
1788 2335 1878 2402 qui
1911 2342 2104 2402 potens
2136 2342 2219 2405 est
2245 2336 2296 2386 in
2322 2334 2423 2387 ini—

883 2416 1079 2483 quitate
1098 2456 1112 2478 ,
1145 2417 1197 2469 in
1236 2418 1352 2486 ipsa
1382 2421 1625 2487 superbit
1655 2429 1709 2475 et
1741 2422 2035 2491 gloriatur,
2060 2430 2115 2477 et
2141 2424 2295 2492 quasi
2317 2438 2425 2476 ma-

883 2520 984 2575 gno
1018 2508 1163 2559 edito
1190 2506 1429 2562 facinore
1448 2524 1569 2563 sese
1609 2518 1863 2564 ostentat.
1914 2510 1991 2567 Ae
2032 2512 2242 2565 videtur
2270 2511 2421 2574 mibi,

883 2611 933 2648 in
963 2598 1210 2664 praesenti
1235 2613 1482 2652 sermone
1509 2600 1839 2656 contrarium
1866 2601 2096 2656 describi
2124 2616 2345 2665 morem,
2375 2600 2424 2655 ei

883 2686 967 2752 qui
1001 2686 1054 2738 in
1084 2688 1290 2755 psalmo
1318 2704 1347 2740 ι.
1376 2688 1444 2743 de
1490 2691 1778 2747 conﬁtente
1827 2691 2164 2773 designatur.
2228 2690 2285 2747 In
2334 2692 2425 2746 illo

882 2792 1109 2847 namque
1155 2780 1246 2847 qui
1294 2780 1460 2835 semel
1507 2780 1563 2835 in
1611 2783 1873 2837 malitiam
1916 2769 2101 2856 lapsus
2150 2769 2288 2851 erat,
2322 2785 2425 2841 ali-

882 2867 1092 2936 quando
1127 2868 1510 2937 resipiscebat,
1542 2884 1605 2924 ac
1635 2886 1755 2925 sese
1801 2874 2107 2927 macerabat
2134 2873 2187 2926 in
2214 2873 2425 2928 confes-

882 2958 1052 3019 sione,
1104 2972 1309 3025 suaque
1352 2957 1501 3011 mala
1554 2958 1805 3016 deﬂebat.
1861 2962 1931 3015 At
1959 2963 2007 3015 ei
2035 2962 2100 3015 de
2129 2976 2235 3031 quo
2284 2980 2427 3019 nunc

882 3064 1078 3110 sermo,
1109 3051 1163 3102 in
1190 3051 1392 3104 malitia
1417 3051 1629 3122 degenti
1650 3052 1854 3107 dicitur
1883 3072 1897 3107 :

951 3139 1109 3193 Vsus.
1177 3141 1286 3195 7-9.
1348 3141 1418 3194 Et
1479 3144 1655 3200 eradet
1709 3152 1756 3197 te
1804 3142 1887 3208 de,
1923 3144 2253 3199 tabernaculo
2316 3155 2425 3209 tuo,

2525 2058 2581 2109 ὲν
2614 2056 2795 2127 κακίᾳ,
2823 2054 3179 2124 ὲγκαλύψεται
3206 2057 3546 2124 ἁμαρτάνων,
3577 2060 3668 2111 καὶ
3694 2060 3797 2111 ὑπὸ
3825 2060 3924 2129 τῆς
3953 2077 4061 2113 συν-

2524 2147 2777 2217 ειδήσεως
2829 2147 3211 2216 κεντούμενος,
3268 2149 3642 2217 μετανοήσειεν
3691 2149 3788 2212 ἂν,
3834 2152 3929 2203 καὶ¹
3973 2150 4065 2219 τῆς

2524 2235 2712 2290 ἑαυτοῦ
2750 2236 2942 2298 κακίας
2973 2238 3336 2307 περινοήσειεν
3368 2237 3542 2307 ἑαυτῷ
3573 2238 3854 2308 φάρμακον
3885 2239 3949 2291 δι’
3982 2237 4060 2303 ὲξ-

2525 2326 2889 2396 ομολογήσεως
2922 2327 3013 2401 καί
3041 2326 3355 2396 εἰλικρινοῦς
3379 2325 3660 2396 μετανοίας
3678 2344 3691 2357 ·
3715 2330 3745 2379 6
3765 2328 3822 2380 δὲ
3853 2328 4066 2382 δυνατὸς

2526 2418 2583 2469 ἐν
2610 2417 2776 2485 κακία
2796 2415 3051 2483 τυφοῦται
3083 2417 3167 2467 ἐπ’
3192 2417 3350 2486 αὐτῇ,
3380 2416 3470 2469 καὶ
3502 2417 3850 2486 ἑγκαυχᾶται,
3880 2417 3955 2480 ὡς
3981 2420 4065 2470 ἐπὶ

2528 2508 2746 2577 μεγάλῳ
2776 2507 3151 2578 κατορθώματι
3198 2509 3605 2577 σεμνυνόμενος.
3653 2508 3760 2561 Καί
3801 2526 3889 2579 μοι
3929 2508 4079 2563 δοκεῖ

2526 2597 2616 2649 τὸν
2663 2597 2899 2651 ἐναντίον
2938 2598 3134 2667 τρόπον
3175 2598 3487 2668 διαγράφειν
3524 2600 3551 2649 ὁ
3584 2598 3771 2671 παρὼν
3810 2599 3963 2667 λόγος
3992 2602 4067 2671 τᾷ

2528 2685 3137 2759 προεξομολογησαμένῳ
3169 2690 3227 2741 ὲν
3250 2687 3327 2758 τῷ
3357 2696 3397 2743 v
3429 2688 3641 2759 ψαλμῷ.
3659 2689 3745 2742 Ἐν
3771 2689 3959 2760 ἐκείνῳ
3976 2692 4063 2761 μὲι

2526 2778 2632 2849 γάρ
2673 2777 2956 2847 ὀλισθήσας
3004 2782 3061 2834 ὲν
3110 2780 3277 2854 κακία
3317 2779 3480 2847 ἅπαξ,
3520 2779 3649 2833 ποτὲ
3691 2778 4053 2849 μετεγίνωσκε

2527 2872 2619 2923 καὶ
2645 2872 2830 2923 ἑαυτὸν
2860 2871 3085 2925 ἔκοπτεν
3115 2870 3610 2942 ἐξομολογούμενος,
3652 2872 3743 2925 καὶ
3784 2872 3853 2925 τὰ
3885 2873 4065 2926 ἑαυτοῖ

2528 2962 2670 3012 κακὰ
2702 2959 3099 3029 άποκλαόμενος
3130 2959 3245 3031 (sic)
3265 2976 3279 2990 ·
3309 2962 3338 3013 6
3376 2960 3435 3016 δὲ
3470 2958 3656 3031 παρὼν
3684 2962 3756 3013 ἐν
3805 2962 3970 3033 κακία
3996 2964 4085 3020 ὼνι

2528 3065 2658 3119 φησι
2679 3065 2693 3079 '

2596 3140 2705 3193 Kal
2772 3139 3062 3207 ἀποξύσει
3111 3154 3185 3193 σε
3249 3141 3368 3201 ἀπὸ
3404 3141 3513 3209 τῆς
3565 3142 3820 3213 σκηνῆς,
3857 3144 3953 3197 καί
3979 3144 4049 3201 ἐκ

882 3240 925 3284 et
954 3230 1238 3284 eradicabit
1294 3243 1341 3285 te
1372 3234 1434 3285 de
1473 3242 1612 3289 terra
1654 3235 1924 3288 viventium
1971 3237 2026 3289 in
2056 3246 2334 3299 azternum;
2372 3245 2428 3289 ut
2460 3294 2493 3305 Α
2520 3230 2601 3299 pii

2372 3245 2428 3289 ut
2460 3294 2493 3305 Α
2520 3230 2747 3299 ριζώσει
2772 3242 2846 3285 σε
2884 3232 2951 3285 ἐκ
2986 3229 3095 3299 γῆς
3137 3230 3359 3291 ζώντων
3385 3233 3595 3285 είοναείή
3618 3234 3704 3287 ἴνα
3732 3233 3925 3295 δίκαιοι
3954 3234 4062 3305 pte

882 3321 1123 3378 videntes
1168 3325 1302 3392 justi
1384 3341 1596 3395 semper
1642 3327 1899 3391 timeant,
1952 3329 2233 3399 ipsumque
2284 3328 2426 3382 deri-

882 3411 1069 3475 deant,
1106 3427 1167 3466 ac
1201 3415 1382 3468 dicant
1414 3435 1427 3469 :
1465 3416 1596 3470 Ecce
1624 3418 1796 3480 homo,
1819 3418 1907 3487 qui
1933 3435 2033 3471 non
2061 3419 2232 3485 posuit
2264 3417 2425 3469 Deum

882 3508 1115 3560 virtutem
1144 3525 1326 3573 suam,
1375 3510 1477 3563 sed
1509 3516 1731 3578 speravit
1782 3512 1834 3563 in
1861 3510 2189 3564 multitudine
2214 3510 2427 3565 divitia-

881 3613 997 3648 rum
1043 3614 1280 3660 suarum,
1328 3601 1679 3667 et'prwvaluit
1728 3602 1783 3655 in
1829 3602 2129 3656 calamitate
2156 3617 2271 3655 sua.
2306 3600 2427 3655 Haec

881 3703 1040 3760 porro
1066 3690 1221 3757 quasi
1252 3690 1318 3743 de
1348 3689 1488 3744 Doec
1518 3690 1659 3745 dicta
1687 3702 1832 3754 sunt,
1864 3694 1954 3761 qui
1987 3708 2179 3763 genere
2211 3693 2426 3762 quidem

882 3777 1052 3846 Syrus
1094 3785 1231 3842 erat,
1262 3778 1355 3833 sed
1399 3780 1451 3833 in
1487 3780 1666 3833 medio
1693 3781 2281 3847 lsraelisrversabatur;
2320 3784 2427 3835 imo

882 3868 1109 3922 fortasse
1135 3871 1275 3938 piam
1301 3870 1610 3940 religionem
1646 3872 1927 3933 simulans,
1960 3886 2065 3924 una
2096 3886 2215 3925 cum
2248 3872 2427 3925 multi-

882 3957 1067 4011 tudine
1116 3961 1169 4012 in
1215 3961 1617 4014 tabernaculum
1649 3961 1739 4017 Dei
1773 3970 2133 4015 concesserat.
2196 3962 2258 4015 Et
2298 3978 2427 4017 sane

882 4049 1022 4104 dicta
1048 4059 1173 4105 sunt
1204 4052 1387 4104 isthmc
1419 4052 1480 4105 ad
1526 4069 1790 4125 quemque
1816 4056 1868 4106 in
1902 4054 2105 4105 malitia
2135 4061 2422 4121 potentem,

882 4142 969 4209 qui
999 4141 1176 4208 lingua
1209 4155 1305 4210 pro
1342 4140 1519 4209 gladio
1565 4151 1743 4195 utatur
1795 4141 1857 4195 ad
1902 4142 2201 4195 animarum
2248 4142 2427 4210 perni-

880 4232 1037 4295 ciem,
1061 4215 1217 4300 quem
1248 4246 1344 4284 ceu
1371 4232 1654 4300 quamdam
1691 4248 1925 4285 amaram
1955 4243 2008 4286 et
2033 4233 2309 4286 exitiosam
2335 4248 2423 4285 ra-

881 4320 1075 4386 dicem,
1103 4324 1404 4381 animarum
1440 4320 1673 4389 agricola
1702 4320 1921 4384 evellet,
1948 4322 2154 4375 etiamsi
2184 4320 2427 4375 videatur

881 4412 945 4465 ad
985 4411 1143 4464 breve
1179 4421 1385 4480 tempus
1428 4412 1481 4463 in
1524 4411 1872 4463 tabernaculo
1904 4409 1992 4463 Dei
2018 4417 2069 4463 et
2105 4414 2157 4464 in
2189 4410 2423 4464 Ecclesia

881 4504 1049 4573 ipsius
1080 4490 1361 4570 plantatus‘
1388 4499 1571 4554 fuiSse.
1641 4499 1871 4555 Evulsus
1906 4508 2080 4553 autem
2116 4502 2236 4554 talis
2265 4502 2424 4555 homo

2528 3338 2717 3384 ποντες
2752 3322 2838 3375 ἀεὶ
2871 3322 3155 3391 φοὸὦνται,
3187 3323 3279 3377 καὶ
3315 3323 3680 3391 καταγελῶσιν
3703 3324 3864 3378 αὐτοῦ
3897 3324 4065 3393 λέγον.

2526 3430 2639 3476 τες·
2679 3412 2819 3469 Ἰδοὺ
2870 3414 3172 3482 ἄνθρωπος
3194 3453 3209 3478 ,
3266 3414 3332 3481 ὃς
3369 3416 3440 3468 οὐ
3485 3414 3757 3482 προέθετο
3791 3416 3898 3469 τὸν
3932 3417 4064 3470 Θεὸν

2529 3505 2708 3573 ἰσχὺν
2746 3505 2961 3559 αὐτοῦ’
3011 3507 3145 3560 ἀλλ’
3192 3506 3549 3572 ἐπεποίθησε
3592 3505 3672 3571 τῷ
3718 3506 3932 3574 πλήθει
3969 3510 4076 3563 τοῦ

2525 3597 2786 3649 πλούτου
2826 3595 3029 3657 αὐτοῦ,
3064 3597 3160 3649 καί
3197 3597 3660 3666 ἐνισχυρεύοάτο
3689 3592 3765 3666 τῇ
3802 3591 4082 3664 συμφροᾷ

2525 3670 2755 3738 ἑαυτοῦ.
2779 3684 3034 3737 Λέλεκται
3062 3685 3116 3737 δὲ
3145 3684 3313 3739 ταῦτα
3356 3686 3430 3747 ὡς
3456 3684 3589 3756 πρὸς
3620 3685 3709 3743 τὸν
3747 3686 3924 3755 Δωὴκ,
3948 3687 4082 3739 ὅντα

2529 3776 2625 3844 μὲν
2652 3775 2818 3846 Σύρον
2848 3776 2908 3825 τὸ
2932 3776 3102 3841 γένος,
3134 3775 3600 3845 ἀναστρεφόμενον
3631 3774 3692 3833 δὲ,
3714 3775 3771 3825 ὲν
3804 3774 3953 3844 μέσῳ
3979 3774 4059 3827 τοί

2538 3845 2780 3937 Ἰσραήλ’
2812 3866 2902 3918 καί
2936 3882 3037 3918 που
3066 3866 3205 3935 τάχα
3252 3866 3343 3918 καὶ
3376 3864 3783 3933 παραὸάλλοντα
3822 3866 3958 3934 μετὰ
3983 3866 4059 3919 τοῖ

2526 3958 2758 4028 πλήθους
2778 3959 2854 4019 είς
2882 3957 2979 4026 τὴν
3006 3957 3205 4027 σκηνὴν
3229 3956 3320 4010 τοῦ
3352 3956 3505 4019 Θεοῦ,
3538 3955 3802 4011 θεοσεὸεἰν
3825 3974 3883 4011 τε
3912 3974 4051 4028 προσ

2525 4050 2855 4119 ποιούμενον.
2884 4048 3144 4102 Λέλεκται
3177 4047 3231 4099 δὲ
3281 4048 3372 4100 καὶ
3406 4048 3537 4118 πρὸς
3575 4047 3747 4099 πάντα
3774 4046 3863 4098 τὸν
3884 4049 3942 4100 ὲν
3972 4065 4073 4102 κα·-

2525 4141 2619 4211 κίᾳ.
2654 4141 2892 4203 δυνατὸν,
2926 4142 2991 4209 τῇ
3034 4138 3251 4210 γλώσσῃ
3289 4136 3563 4211 χρώμενον
3605 4138 3723 4192 ἀντὶ
3762 4137 3946 4208 ξίφους
3982 4139 4064 4193 ὲτὶ

2523 4232 2706 4300 ψυχῶν
2734 4232 2992 4303 ἀπωλείᾳ,
3022 4231 3206 4300 ὥσπερ
3238 4231 3358 4283 τινὰ
3398 4230 3596 4300 πικρὰν
3624 4231 3719 4285 καὶ
3745 4229 4073 4303 λυμαντικὴν

2526 4324 2697 4398 ῥίζαν,
2726 4326 2753 4376 6
2784 4325 2890 4377 τῶν
2915 4324 3099 4393 ψυχῶν
3125 4322 3361 4391 γεωργὸς
3402 4321 3625 4383 suum,
3650 4323 3752 4376 κᾶν
3782 4323 3909 4395 δοκῇ
3941 4325 4073 4395 πρὸς

2528 4415 2727 4489 βραχύν
2755 4432 2871 4467 τινα
2901 4416 3086 4486 χρόνον
3127 4416 3183 4467 ὲν
3222 4413 3297 4482 τῷ
3328 4410 3773 4482 σκηνώματι¹τοῦ
3812 4413 3946 4472 Θεοῦ
3982 4411 4073 4469 καὶ

2524 4512 2582 4561 ὲν
2610 4511 2675 4579 τῇ
2716 4508 3002 4580 Ἐκκλησία
3027 4506 3187 4561 αὑτοῦ
3229 4503 3609 4573 πεφυτεῦσθαι.
3650 4503 3924 4566 Έκταλεὶς
4023 4504 4060 4558 ε’

882 4609 943 4647 ac
974 4594 1160 4663 procul
1192 4593 1535 4647 tabernaculo
1585 4599 1893 4645 sanctorum
1926 4591 2148 4657 ejectus,
2181 4592 2235 4644 in
2261 4592 2424 4645 mise-
2455 4613 2497 4667 ι)
2522 4596 2576 4647 δὲ

2339 4606 2424 4645 se-
2455 4613 2497 4667 ι)
2522 4596 2576 4647 δὲ
2602 4598 2630 4647 ὁ
2659 4594 2891 4658 τοιοῦτος
2920 4598 3010 4647 καὶ
3046 4593 3256 4665 μακρὰν
3288 4594 3607 4665 ἀπορριφεὶς
3632 4592 3727 4646 τοῦ
3763 4593 3871 4644 τῶν
3903 4593 4056 4660 ἁγίω·

882 4685 1051 4744 rabile
1075 4686 1431 4753 spectatrulum
1462 4692 1690 4754 ponetur
1711 4684 1777 4739 ad
1808 4684 2087 4736 utilitatem
2117 4693 2168 4736 et
2195 4686 2422 4752 castiga—

882 4780 1084 4836 tionem
1111 4777 1401 4830 videntium
1451 4793 1464 4829 :
1520 4777 1610 4844 qui
1649 4776 1883 4829 terribile
1912 4774 2000 4833 Dei
2031 4774 2288 4829 adversus
2316 4775 2417 4826 bu.-

882 4868 1113 4941 jusmodi
1158 4868 1427 4921 hominem
1454 4866 1716 4936 judicium
1742 4867 1913 4921 oculis
1949 4865 2337 4935 percipientes,
2368 4866 2419 4918 id

883 4961 1171 5019 curabunt.
1208 4961 1259 5012 id
1309 4958 1595 5019 carebunt,
1634 4964 1693 5009 ut
1732 4971 1797 5009 ne
1846 4957 1899 5010 in
1952 4956 2101 5025 paria
2156 4957 2415 5010 incidant.

884 5046 1082 5103 Deinde
1117 5048 1391 5115 pristinam
1426 5048 1655 5115 potentis
1694 5046 1744 5099 in
1788 5049 1984 5102 malitia
2016 5053 2408 5120 arrogantiam,

886 5139 1259 5194 sublimitatem
1306 5146 1357 5190 et
1412 5139 1712 5205 superbiam
1773 5142 2026 5193 memoria
2080 5152 2408 5210 repetentes,

882 5240 1042 5299 atque
1086 5230 1416 5283 adverteritis
1447 5245 1586 5291 eam,
1621 5246 1737 5301 quae
1777 5242 1955 5299 postea
1998 5234 2165 5301 ipsum
2196 5234 2427 5293 invasit,-

822 5338 825 5339 '
883 5320 1233 5389 abjectionem
1263 5334 1323 5370 ac
1348 5321 1656 5386 perniciem,
1676 5320 1779 5371 risu
1805 5320 2021 5388 dignum
2049 5323 2407 5384 aestimabunt,

882 5414 1285 5465 considerantes
1308 5424 1369 5462 ex
1397 5409 1645 5479 qualibus
1675 5408 1727 5461 in
1752 5410 1930 5478 qualia
1958 5411 2246 5479 deciderit;
2274 5414 2421 5481 judi-

883 5504 1023 5555 cium
1061 5503 1151 5555 Dei
1197 5502 1529 5570 probabunt,
1567 5501 1879 5571 justumque
1928 5518 2046 5557 esse
2090 5504 2417 5559 fatebuntur.

886 5593 996 5645 Sub
1020 5592 1131 5644 haec
1159 5590 1522 5644 calamitatum
1547 5591 1695 5661 impii
1740 5609 1933 5649 causas
1972 5595 2302 5663 expendent,
2340 5610 2420 5648 re-

882 5692 1026 5737 ctum
1080 5698 1199 5739 esse
1237 5683 1498 5751 judicium
1554 5682 1647 5753 Dei
1688 5686 2056 5753 prredicantes.
2100 5686 2419 5757 Oportuerat

953 5855 995 5885 "
1036 5854 1190 5910 Prov.
1235 5873 1400 5922 svnt,
1438 5857 1524 5911 i7.

2525 4686 2905 4757 σκηνώματος,
2954 4686 3128 4755 θέαμα
3178 4684 3413 4738 κείσεται
3459 4683 3671 4755 οἰκτρὸν
3721 4682 3805 4736 ἐπ’
3844 4683 4074 4750 ὠφελείᾳ

2523 4780 2615 4831 καὶ
2646 4775 2999 4847 σωφρονισμῷ
3025 4775 3129 4843 τῶν
3162 4774 3425 4844 ὁρώντων,
3450 4776 3520 4836 οἳ,
3554 4774 3651 4843 τὴν
3679 4762 3948 4843 άπόέομον
3978 4776 4054 4826 τοι

2520 4868 2653 4921 Θεοῦ
2681 4867 2817 4922 κατὰ
2847 4866 2939 4919 τοῦ
2966 4866 3200 4918 τοιούτου
3228 4866 3404 4936 κρίσιν
3430 4862 3720 4933 ὀφθαλμοῖς
3745 4863 4077 4933 παραλαϐόν-

2520 4977 2608 5023 τες
2628 5000 2642 5025 ,
2681 4959 3035 5026 ἀγωνιάσηυσι
3088 4958 3179 5010 καὶ
3222 4957 3537 5025 φυλάξονται
3583 4954 3657 5024 μὴ
3709 4956 3820 5016 τοῖς
3867 4955 4058 5024 ὁμοίοις

2521 5053 2849 5121 περιπεσεῖν.
2893 5046 3023 5101 Εἶτα
3060 5049 3414 5119 ἀναφέροντες
3439 5047 3502 5114 τῇ
3536 5046 3720 5115 μνήμῃ
3750 5045 3847 5115 τὴν
3875 5045 4067 5115 προτὲη

2523 5160 2619 5212 ραν
2667 5141 2758 5194 τοῦ
2798 5140 3017 5193 δυνατοῦ
3057 5144 3121 5209 ὲν
3145 5139 3308 5209 κακία
3340 5137 3723 5217 μεγαλαυχίαν,
3749 5138 3807 5189 τό
3845 5154 3907 5190 τε
3938 5137 4059 5206 ὕψος

2522 5235 2614 5288 καὶ
2643 5235 2738 5304 τὴν
2767 5232 3134 5302 ὑπερηφανίαν
3160 5228 3342 5289 αὑτοῦ,
3368 5228 3593 5297 ὁρῶντες
3614 5227 3670 5280 δὲ
3700 5228 3792 5281 καὶ
3811 5228 3909 5298 τὴν
3933 5229 4076 5298 μετὰ

2521 5324 2690 5376 ταῦτα
2730 5319 3083 5392 μετελθοῦσαν
3123 5320 3281 5373 αὐτὸν
3318 5317 3636 5370 ταπείνωσίν
3677 5335 3735 5369 τε
3783 5320 3875 5371 καὶ
3918 5316 4055 5369 diab-

2519 5416 2683 5478 λειαν,
2728 5411 3121 5478 καταγέλαστον
3163 5411 3319 5462 αὐτὸν
3368 5405 3677 5479 ἡγήσονται,
3712 5409 3768 5473 ἐξ
3815 5409 3940 5460 οἴων
3987 5408 4082 5467 είς

2516 5500 2601 5556 οἶα
2637 5502 3020 5572 μεταπέπτωκε
3045 5500 3329 5568 θεωμενοι·
3357 5496 3696 5561 ἁποδέξονται
3729 5496 3786 5547 δὲ
3814 5492 3906 5544 τοῦ
3932 5492 4086 5544 Θεοὼ

2517 5596 2611 5663 τὴν
2641 5594 2835 5665 κρίσιν,
2866 5591 3076 5643 δικαίαν
3122 5590 3290 5659 αὐτὴν
3327 5582 3460 5639 εἶναι
3502 5585 3897 5657 ὁμολογοῦντες.
3933 5578 4078 5640 Εἷτῦ

2519 5687 2607 5739 καὶ
2637 5686 2733 5748 τὰς
2766 5684 2940 5745 αἰτίας
2975 5680 3348 5743 διελεύσονται,
3381 5679 3445 5731 δι’
3488 5680 3552 5741 ἃς
3587 5678 3757 5731 ταῦτα
3802 5674 4051 5728 πέπονθε·
