4354 6430
304 506 408 560 μθ

1401 503 1895 562 COMMENTARIA
1932 508 1995 561 IN
2041 500 2374 562 PSALMOS.

3384 503 3483 558 £50

300 621 327 671 ὁ
358 611 575 689 ἀσεϐὴς,
602 615 927 681 δικαιοῦντες
956 616 1052 687 τὴν
1078 619 1185 673 τοῦ¹
1204 618 1337 675 Θεοῦ
1368 620 1562 689 κρίσιν.
1590 620 1715 673 Δέον
1739 620 1845 691 γὰρ
1873 631 1919 684 Α
1945 622 2019 672 en

1767 620 1845 691 ’ὰρ
1873 631 1919 684 Α
1945 620 2086 672 enim
2128 635 2238 672 non
2281 627 2388 673 tam
2430 619 2604 674 efferri
2650 621 2715 674 de
2742 620 2973 682 divitiis,
3008 635 3105 673 nec
3152 617 3219 672 de
3254 627 3486 671 vanitate

304 707 377 777 μὴ
404 709 494 759 ἐπὶ
524 706 733 777 πλούτῳ
760 708 897 777 μέγα
918 710 1148 777 φρονεῖν,
1177 706 1294 777 μηδ’
1318 709 1407 760 ἐπὶ
1431 711 1496 777 τῇ
1534 709 1848 777 ματαιότητι

298 797 389 850 τοῦ
423 797 683 868 παρόντος
718 796 831 866 βίου
877 797 1188 867 ἐπαίρεσθαι
1213 837 1227 860 ,
1284 797 1443 868 μόνον
1484 798 1538 850 δὲ
1586 798 1674 850 τὸν
1718 798 1849 850 Θεὸν

298 887 484 939 ἐλπίδα
516 890 607 940 καὶ
633 887 822 959 βοηθὸν
851 888 1013 942 αὐτοϋ
1049 888 1308 949 τίθεσθαι,
1340 890 1433 941 καὶ
1455 888 1545 940 ἐπὶ
1576 888 1743 960 ταύτῃ
1775 889 1846 958 μὴ

298 978 540 1031 σαλεύειν
574 982 638 1049 τῇ
672 979 878 1031 ἐλπίδι·
923 981 950 1030 ό
993 978 1048 1030 δὲ
1096 979 1193 1047 τὴν
1228 978 1323 1048 μὲν
1360 978 1563 1049 ἀγαθὴν
1610 979 1847 1050 ἄγκυραν

297 1067 395 1135 τῆς
447 1066 637 1120 ἑαυτοῦ
692 1068 866 1138 ψυχῆς
915 1069 1328 1131 καταλέλοιπεν,
1385 1069 1477 1120 ἐπὶ
1534 1069 1739 1138 ματαίῳ
1792 1069 1847 1120 δὲ

298 1156 508 1227 πλούτῳ
566 1158 665 1220 τὰς
722 1157 937 1221 ἐλπίδας
1000 1158 1305 1229 ἀναρτήσας
1328 1200 1340 1222 ,
1391 1155 1577 1208 ἑαυτὸν
1629 1155 1811 1219 ἔπαιξε
1832 1193 1845 1220 ,

298 1249 456 1303 πλέον
499 1249 649 1302 οὐδὲν
679 1251 712 1318 ἢ
756 1250 965 1317 γέλωτα
1012 1249 1250 1317 ὀφλήσας
1292 1248 1384 1301 ἐπὶ
1422 1250 1488 1318 τῇ
1541 1246 1702 1300 αὑτοῦ
1747 1264 1847 1317 μα-

298 1339 428 1411 ταία
452 1341 544 1392 καὶ
569 1339 761 1411 ἄφρονι
795 1339 1148 1410 μεγαλαυχίᾳ.

381 1430 520 1501 Ἐγὼ
556 1430 642 1493 δὲ,
683 1431 825 1486 ὡσεί
868 1430 1041 1484 ἐλαία
1080 1430 1453 1499 κατάκαρπος
1489 1430 1559 1484 ἐν
1591 1428 1670 1495 τῷ
1710 1429 1851 1493 οίκφ

300 1521 407 1576 τοῦ
436 1521 601 1586 Θεοῦ,
631 1520 862 1590 ἤλπισα
887 1520 985 1574 ἐπὶ
1014 1521 1082 1574 τὸ
1114 1522 1282 1587 ἕλεος
1316 1520 1419 1575 τοῦ
1457 1519 1603 1574 Θεοῦ
1640 1523 1725 1585 είς
1745 1519 1851 1573 τὸν

298 1608 497 1673 αίῶνα,
536 1610 631 1664 καὶ
666 1612 753 1676 είς
793 1609 899 1664 τὸν
950 1608 1132 1664 αἰῶνα
1175 1609 1279 1663 τοῦ
1312 1608 1541 1675 αἰῶνος.
1577 1610 1635 1662 'O
1668 1610 1764 1679 μὲν
1792 1611 1850 1662 ὲν

300 1700 466 1771 κακίᾳ
498 1700 715 1762 δυνατὸς
756 1698 939 1753 ὁποίου
986 1700 1172 1763 τέλους
1206 1699 1469 1764 τεύξεται,
1508 1698 1594 1752 διὰ
1625 1700 1731 1753 τῶν
1770 1702 1849 1753 εί-

301 1792 547 1862 ρημένων
607 1790 1012 1862 μεμαθήκαμεν.
1074 1790 1211 1858 Ἐγὼ
1258 1790 1334 1852 δὲ,
1383 1790 1543 1861 φησὶν
1588 1793 1617 1843 ὁ
1670 1790 1845 1855 Δαυῒδ,

298 1881 469 1934 ταῦτα
511 1880 812 1944 παιδευθεὶς
848 1882 981 1954 πρὸς
1025 1880 1116 1934 τοῦ
1158 1882 1312 1949 ἁγίου
1357 1880 1683 1951 Πνεύματος,
1725 1881 1846 1935 οὕτε

1949 711 2071 764 vita:
2100 710 2374 778 praesentis
2406 711 2620 775 extolli;
2647 710 2739 765 sed
2772 726 2934 764 unum
2963 708 3126 763 Deum
3170 709 3223 761 in
3258 723 3403 776 spem
3434 717 3492 762 et

1948 802 2203 855 auxilium
2257 802 2359 855 sibi
2400 816 2626 871 ponere,
2685 810 2843 870 atque
2883 802 2938 853 in
2960 800 3076 852 stati
3122 814 3217 866 spe
3245 814 3353 851 non
3383 798 3489 851 ilus

1947 902 2153 948 ctnare.
2194 893 2285 947 Ille
2312 907 2438 948 vero
2466 893 2604 946 bona
2628 894 2817 949 anima:
2847 906 2956 945 suae
2976 890 3211 943 anchora
3238 887 3486 951 dimissa,

1946 991 2104 1052 atque
2148 984 2202 1036 in
2242 984 2442 1037 divitiis
2470 982 2720 1035 inanibus
2749 996 2841 1050 spe
2876 981 3132 1048 reposita,
3164 978 3267 1031 sibi
3294 976 3396 1045 ipsi
3422 976 3488 1027 il-

1946 1074 2100 1138 lusit;
2146 1074 2385 1143 nihilque
2430 1072 2575 1125 aliud
2621 1073 2689 1125 de
2729 1087 2865 1125 vana
2905 1072 2994 1123 illa
3031 1078 3084 1122 et
3120 1069 3306 1122 insana
3336 1076 3487 1119 ιιι-ἴσα-

1942 1166 2124 1234 gantia
2156 1165 2356 1231 retulit,
2385 1180 2543 1234 quam
2572 1162 2714 1233 quod
2742 1178 2801 1217 se
2830 1161 3110 1215 ridiculum
3136 1158 3414 1228 praeberet.
3451 1179 3454 1183 ’

2013 1432 2177 1489 Vens.
2222 1433 2310 1489 10.
2366 1430 2477 1501 Ego
2530 1440 2703 1484 autem
2748 1432 2880 1483 sicut
2927 1427 3061 1480 oliva
3109 1426 3383 1495 fructifera
3434 1425 3491 1479 in

1946 1526 2096 1579 domo
2127 1524 2252 1587 Dei,
2303 1523 2504 1593 speravi
2548 1524 2599 1575 in
2647 1519 3004 1574 misericordia
3034 1518 3128 1571 Dei
3158 1519 3209 1571 in
3242 1527 3491 1570 azternum
3588 1568 3589 1571 η

1946 1628 1992 1671 et
2020 1619 2072 1670 in
2101 1616 2347 1670 sarculum
2377 1612 2573 1667 swculi.
2627 1610 2729 1676 Qui
2757 1612 2877 1664 linis
2916 1610 3128 1663 futurus
3152 1609 3223 1660 sit
3254 1609 3371 1675 ejus
3393 1607 3489 1677 qui

1947 1715 2136 1775 potens
2168 1711 2250 1759 est
2286 1704 2339 1757 in
2383 1702 2685 1770 iniquitate,
2728 1714 2789 1751 ex
2819 1699 2928 1764 jam
2954 1690 3113 1749 dictis
3146 1696 3487 1750 edidicimus.

1947 1773 2057 1867 Ego
2080 1794 2368 1858 autem,ait
2397 1791 2581 1853 David,
2606 1790 2690 1844 his
2712 1789 2957 1842 eruditus
2992 1802 3020 1838 a
3045 1784 3246 1854 Spiritu
3280 1794 3488 1846 sancto.

1947 1903 2120 1962 neque
2165 1886 2233 1941 de
2276 1883 2615 1941 multitudine
2655 1889 3118 1948 temporanearum
3158 1876 3489 1940 divitiarum,

300 1972 390 2024 ἐπὶ
438 1970 626 2041 πλήθει
673 1970 897 2023 πλούτου
958 1971 1288 2042 προσκαίρου
1346 1971 1638 2041 ὲπαρθείην
1688 1972 1847 2035 ποτὲ,
1881 1980 1921 2033 Β
1952 1994 2018 2032 ne

1773 1972 1847 2035 τὲ,
1881 1980 1921 2033 Β
1952 1993 2123 2047 neque
2167 1977 2233 2031 de
2278 1976 2514 2030 vanitate
2561 1971 2800 2025 mortalis
2846 1970 2969 2023 vita:
3022 1982 3255 2036 unquam
3319 1968 3492 2020 extol-

297 2061 418 2114 οὔτε
466 2063 559 2114 ἐπὶ
607 2062 919 2132 ματαιότητι
962 2061 1054 2114 τοῦ
1102 2060 1293 2131 θνητοῦ
1342 2060 1487 2131 βίου·
1524 2064 1849 2128 Ματαιότης

298 2154 407 2225 γὰρ
456 2152 855 2222 ματαιοτήτων
876 2191 891 2215 ,
925 2145 1009 2207 ’τὰ
1055 2153 1248 2207 πάντα
1299 2155 1635 2223 ματαιότης.
1696 2153 1851 2206 Ἀλλά

299 2245 393 2296 καὶ
450 2244 662 2313 φεύγων
711 2246 809 2317 τὴν
842 2246 960 2300 ὁδὸν
999 2244 1091 2299 τοῦ
1147 2245 1369 2299 δυνατοῦ
1424 2247 1481 2298 ὲν
1510 2245 1694 2316 κακία,
1752 2247 1850 2315 τὴν

299 2333 533 2401 ἐμαυτοῦ
584 2333 824 2403 γλῶτταν
877 2338 972 2389 καὶ
1030 2335 1115 2388 τὰ·
1150 2336 1368 2406 ῥήματα
1428 2336 1526 2389 οὐκ
1579 2337 1657 2398 εἰς
1704 2335 1852 2387 ἀπώ-

297 2425 445 2479 λειαν
470 2426 683 2497 ἑτέρων.
718 2428 1063 2497 ἀκονήσαιμι,
1087 2426 1201 2479 ἀλλ’
1250 2426 1336 2478 ἐπ’
1362 2427 1595 2497 ὠφελείᾳ
1645 2426 1849 2496 ψυχῶν,

299 2518 392 2569 καὶ
422 2520 499 2581 είς
520 2519 790 2573 διακονίαν
816 2518 1094 2588 σωτηρίων
1129 2516 1317 2584 λόγων.
1369 2518 1478 2570 Καὶ
1496 2522 1612 2579 ταῖς
1642 2519 1852 2589 λοιπαῖς

296 2608 352 2661 δὲ
382 2608 639 2679 πράξεσιν
670 2608 841 2672 οὓτως
872 2609 938 2662 ἂν
964 2608 1217 2679 γενοίμην
1254 2608 1482 2678 εὐθαλὴς
1534 2609 1625 2660 καὶ
1651 2608 1849 2678 εῠκαρο

298 2716 419 2763 mc,
466 2700 542 2762 ὡς
588 2699 1022 2771 παραϐάλλεσθαί
1082 2706 1181 2771 μου
1241 2700 1336 2770 τὴν
1388 2698 1560 2769 ψυχὴν
1618 2698 1854 2751 ἀειθαλεῖ

314 2790 395 2843 ιαὶ
430 2790 760 2861 πολυκάρπῳ
790 2790 939 2860 φυτῷ
993 2792 1051 2844 ὲν
1088 2791 1218 2860 οίκῳ
1264 2790 1397 2844 Θεοῦ
1442 2790 1846 2860 πεφυτευμένῳ.

239 2924 249 2935 .
299 2881 390 2933 Διό
422 2896 580 2951 φημι·
622 2879 767 2950 Ἐγὼ
792 2880 1220 2955 caecatum
1265 2880 1635 2948 κατάκαρπος
1662 2881 1731 2933 ἐν
1771 2882 1849 2947 τῷ

298 2974 442 3036 οῑκῳ
466 2973 573 3026 τοῦ
598 2964 764 3025 Θεοῦ·
795 2973 829 3043 ἢ
856 2973 991 3026 κατά
1011 2972 1099 3025 τὸν
1124 2973 1430 3043 Σύμμαχον·
1457 2972 1603 3041 Ἐγὼ
1622 2972 1690 3025 δὲ
1709 2972 1851 3026 ὡσεὶ

299 3062 472 3117 ἐλαία
491 3060 751 3129 εὐθαλὴς
787 3061 856 3115 ἐν
880 3058 961 3125 τῷ
992 3063 1133 3126 οίκῳ
1192 3063 1300 3117 τοῦ
1349 3061 1514 3115 Θεοῦ.
1568 3063 1701 3116 Οὐδὲ
1743 3064 1849 3135 γὰρ

300 3151 557 3206 ἀπένευον
586 3150 678 3205 τοῦ
704 3150 853 3205 οίκου
902 3150 997 3205 τοῦ
1054 3151 1208 3206 Θεοῦ·
1268 3152 1382 3207 ἀλλ’
1427 3153 1574 3206 ἔνδον
1614 3156 1671 3207 ὲν
1703 3153 1851 3224 αὑτῷ

298 3244 487 3317 ῶσπερ
508 3249 566 3301 ὲν
593 3245 842 3317 γεωργίῳ
867 3244 999 3311 Θεοῦ
1036 3244 1456 3313 πεφυτευμένης,
1487 3245 1580 3297 καὶ
1624 3243 1732 3297 τῶν
1759 3262 1853 3298 να-

1949 2069 2024 2120 lar
2081 2085 2095 2120 τ
2150 2080 2273 2120 nam
2327 2066 2531 2118 vanitas
2579 2063 2903 2123 sanitatum,
2956 2060 3127 2111 omnia
3171 2059 3374 2111 vanitas
3422 2057 3487 2107 ⁸⁸.

1949 2156 2059 2210 lmo
2086 2172 2214 2211 vero
2264 2158 2403 2209 viam
2439 2154 2670 2225 potentis
2718 2154 2769 2205 in
2819 2152 3094 2220 iniquitate
3126 2150 3354 2219 fugiens,
3389 2148 3492 2201 lin-

1949 2264 2105 2320 gnam
2129 2256 2182 2303 et
2207 2250 2367 2303 verba
2398 2264 2514 2301 mea
2545 2262 2651 2301 non
2702 2248 2753 2298 in
2800 2245 3089 2313 perniciem
3142 2243 3365 2294 aliorum
3397 2256 3493 2294 exc

1951 2355 2172 2404 acuam;
2207 2338 2300 2394 sed
2333 2340 2397 2393 ad
2426 2340 2705 2392 utilitatem
2741 2337 3039 2389 animarum
3068 2342 3119 2386 et
3149 2334 3215 2387 ad
3251 2333 3494 2386 ministe-

1950 2431 2088 2482 rium
2117 2429 2367 2483 salutaris
2394 2427 2682 2481 sermonis.
2707 2423 2771 2477 Et
2803 2424 2856 2477 in
2882 2425 3104 2491 reliquis
3136 2421 3386 2492 operibus
3416 2421 3496 2475 sic

1950 2520 2149 2577 virens.
2201 2520 2281 2571 sic
2312 2516 2555 2571 fructifer
2586 2515 2827 2575 evadam,
2873 2520 2930 2565 ut
2955 2513 3132 2565 anima
3166 2522 3281 2564 mea
3317 2509 3496 2563 arbori

1948 2624 2156 2677 semper
2196 2609 2389 2685 virenti
2430 2622 2492 2661 ac
2536 2605 2828 2659 fructifera!
2853 2605 2904 2656 in
2938 2604 3099 2657 domo
3129 2602 3219 2655 Dei
3251 2603 3495 2669 plantam

1947 2708 2308 2769 comparetur.
2374 2698 2731 2763 Quamobrem
2782 2696 2903 2749 dico
2952 2712 2965 2747 :
3015 2693 3125 2763 Ego
3161 2703 3334 2746 autem
3365 2696 3496 2746 sicut

1946 2791 2083 2845 oliva
2113 2790 2389 2859 fructifera
2425 2790 2475 2843 in
2503 2788 2656 2840 domo
2684 2785 2815 2848 Dei;
2849 2785 2982 2846 sive,
3010 2784 3303 2837 secundum
3338 2782 3497 2853 Sym‘

1946 2882 2221 2947 machum,
2248 2880 2361 2952 Ego
2394 2890 2567 2933 autem
2590 2881 2725 2931 sicut
2752 2876 2889 2931 oliva
2915 2876 3081 2927 virens
3108 2876 3163 2926 in
3196 2875 3348 2927 domo
3383 2874 3494 2930 Dei.

1946 2974 2128 3045 Neque
2159 2973 2301 3027 enim
2343 2971 2558 3024 domum
2599 2968 2693 3023 Dei
2738 2966 3075 3031 abnuebam;
3122 2964 3214 3018 sed
3262 2964 3409 3019 intus
3442 2968 3494 3019 in

1948 3067 2064 3136 ipsa
2092 3064 2249 3135 quasi
2284 3063 2340 3116 in
2371 3077 2498 3132 agro
2523 3059 2617 3115 Dei
2643 3060 2933 3129 plantatus,
2985 3063 3039 3111 et
3082 3056 3216 3111 rivis
3246 3054 3413 3111 fontis
3442 3058 3495 3110 in

1948 3156 2108 3211 domo
2130 3154 2225 3209 Dei
2262 3150 2611 3208 scaturientis
2660 3149 2868 3213 fruens,
2911 3146 3154 3203 fruetifer
3194 3162 3256 3201 ac
3289 3163 3495 3215 semper

1948 3243 2324 3306 virens-evasi,
2348 3241 2596 3311 exemplo
2626 3239 2835 3294 arboris
2862 3239 3035 3302 olivae,
3061 3252 3180 3308 qua:
3206 3238 3345 3293 inter
3363 3253 3498 3311 scim

302 3310 486 3403 μάτων
507 3310 617 3407 ’τῆς
644 3310 975 3406 ὲν-τῷνοῐκῳ
1022 3310 1129 3387 τοῦ-
1158 3310 1291 3388 Θεοῦ
1319 3335 1500 3405 πηγῆς
1544 3335 1847 3401 ἀπολαύων,
1876 3328 1918 3387 C
1952 3352 2016 3407 pe

1779 3354 1847 3401 sv,
1876 3328 1918 3387 C
1952 3351 2047 3407 per
2064 3337 2297 3390 virentes
2324 3339 2733 3391 annumeratur.
2761 3330 3027 3401 Observes
3058 3331 3215 3385 velim
3244 3310 3498 3384 Davidem

302 3416 646 3497 πολύκαρπος
673 3425 929 3496 ἐγινόμην
963 3424 1055 3478 καὶ
1105 3424 1377 3495 ἀειθαλὴς,
1412 3428 1552 3480 κατὰ
1577 3425 1639 3480 τὸ
1677 3428 1850 3495 παρά-

296 3517 496 3587 δειγμα
510 3517 604 3570 τοῦ
629 3518 727 3587 τῆς
749 3517 934 3579 ὲλαίας
964 3516 1153 3585 φυτοῦ,
1183 3517 1317 3587 ὅπερ
1356 3519 1412 3570 ὲν
1442 3520 1553 3582 τοῖς
1580 3520 1848 3573 ἀειθαλέσι
1889 3569 1893 3573 .

302 3606 680 3678 παρείληπται.
726 3605 891 3677 Τήρει
922 3605 997 3671 δὲ,
1055 3606 1134 3658 ὃτι
1183 3606 1353 3659 ταῦτα
1398 3606 1566 3674 λέγων
1606 3609 1634 3659 ὁ
1665 3607 1845 3671 Δαυῒδ,

300 3696 423 3751 οὕτε
467 3697 560 3749 ἐπὶ
608 3696 706 3767 τῆς
746 3694 1095 3768 Ἰερουσαλὴμ
1124 3694 1443 3765 ἐτύγχανεν,
1499 3696 1565 3766 ἣν
1606 3695 1848 3767 ἐνόμιζον

302 3784 441 3844 εἶναι
480 3788 744 3842 Ἰουδαίων
793 3787 975 3852 παῖδες
1026 3784 1170 3841 οἷκον
1232 3787 1321 3841 τοῦ
1367 3786 1519 3841 Θεοῦ·
1570 3786 1692 3840 οὔτε
1741 3790 1847 3857 γὰρ

299 3880 626 3953 ᾠκοδόμητο·
661 3880 773 3933 ἀλλ’
806 3879 924 3932 οὐδὲ
968 3881 1026 3933 ὲν
1057 3881 1122 3950 τῇ
1151 3881 1318 3949 σκηνῇ
1346 3881 1410 3950 τῇ
1445 3878 1548 3931 ὑπὸ
1576 3878 1849 3941 Μωῦσέως

303 3970 793 4044 κατεσκευασμένῃ,
832 3970 997 4023 είσέτι
1034 3968 1153 4023 τότε
1202 3968 1355 4039 παρὰ
1402 3968 1665 4032 Ἰουδαίοις
1690 3967 1842 4040 οὔσῃ.

300 4064 520 4133 1Ιοεύγων
544 4062 650 4132 γὰρ
682 4063 771 4115 τὸν
806 4060 974 4115 Σαοὺλ
1013 4061 1139 4132 παρ’
1183 4060 1383 4130 ἑτέροις
1424 4058 1521 4121 τὰς
1569 4058 1847 4129 διατριϐὰς

306 4158 557 4208 ἐποιεῖτο·
580 4155 727 4224 ὅμως
751 4153 793 4206 δ’
814 4148 906 4206 οὖν
936 4152 1035 4204 οὐκ
1065 4150 1246 4219 ἠγνόει
1290 4149 1476 4203 ἑαυτὸν
1508 4151 1565 4203 ὲν
1612 4149 1688 4220 τῷ
1716 4148 1848 4219 οἴκῳ

302 4244 395 4297 τοῦ
421 4243 555 4297 Θεοῦ
582 4242 1003 4321 πεφυτευμένον·
1038 4236 1183 4293 οἷκον
1205 4239 1339 4294 Θεοῦ
1362 4239 1496 4294 νοῶν
1520 4240 1581 4293 τὸ
1604 4238 1847 4304 θεοσεϐὲς

306 4334 621 4406 πολίτευμα.
637 4336 746 4389 Καὶ
772 4332 1062 4403 ἐπειδήπερ
1088 4332 1457 4403 κατάκαρπος,
1481 4332 1600 4385 οὐδὲ
1624 4332 1848 4403 πικροὺς

304 4426 484 4494 φέρων
504 4423 764 4498 καρποὺς,
800 4425 1010 4495 γλυκεῖς
1043 4421 1101 4475 δὲ
1130 4422 1225 4476 καὶ
1254 4423 1455 4497 πολλῆς
1473 4424 1737 4494 γέμοντας
1764 4441 1848 4492 φι-

304 4514 666 4590 λανθρωπίας,
701 4518 920 4580 εἰκότως
940 4514 1119 4578 ἐλαίας
1143 4515 1293 4587 φυτῷ
1317 4516 1655 4588 κατακάρπῳ
1704 4533 1848 4587 παρ-

305 4607 577 4673 εϐάλλετο,
605 4609 696 4663 τὸν
726 4611 805 4672 είς
833 4607 958 4669 τοὺς
989 4604 1154 4668 πέλας
1189 4605 1333 4659 ἔλεον
1357 4608 1725 4677 σημαίνοντος,
1757 4608 1850 4661 καί

1954 3428 2067 3481 haec
2104 3424 2371 3481 dicentem
2401 3440 2519 3479 non
2543 3421 2713 3477 fuisse
2760 3422 2815 3476 in
2855 3420 3174 3485 Jerusalem,
3212 3436 3373 3491 quam
3402 3420 3501 3476 do-

1953 3534 2098 3571 mum
2124 3516 2217 3570 Dei
2246 3531 2367 3570 esse
2404 3513 2807 3570 arbitrabantur
2850 3508 3055 3575 Judaei;
3086 3514 3325 3565 nondum
3355 3512 3498 3565 enim

1951 3607 2212 3663 aediﬁcata
2241 3606 2441 3669 fuerat;
2459 3604 2571 3662 sed
2604 3618 2777 3673 neque
2807 3603 2860 3657 in
2892 3598 3241 3671 tabernaculo
3259 3616 3289 3654 a
3317 3592 3498 3671 Moyse

1953 3702 2181 3756 structo,
2211 3692 2353 3762 quod
2384 3691 2560 3745 adhuc
2588 3706 2755 3761 penes
2781 3690 2994 3746 Judteos
3023 3697 3159 3745 erat.
3187 3687 3321 3744 Cum
3354 3691 3498 3744 enim

1954 3788 2160 3856 fugeret
2207 3802 2237 3839 a
2263 3786 2445 3849 Saule,
2495 3785 2635 3856 apud
2678 3785 2815 3841 alios
2850 3786 3201 3839 morabatur:
3236 3792 3289 3839 et
3318 3785 3499 3839 tamen

1954 3894 2058 3932 non
2095 3878 2369 3947 ignorabat
2394 3892 2452 3931 se
2489 3878 2543 3930 in
2586 3876 2746 3930 domo
2772 3876 2864 3931 Dei
2896 3878 3192 3947 plantatum
3221 3891 3379 3943 esse;
3415 3879 3500 3931 in-

1952 3968 2197 4036 telligens
2237 3965 2454 4029 domum
2496 3965 2591 4021 Dei
2634 3967 2943 4037 religiosum
2993 3982 3113 4029 esse
3168 3968 3495 4023 institutum.

1952 4059 2016 4113 Et
2044 4058 2295 4129 quoniam
2324 4057 2569 4113 frnctifer
2604 4069 2738 4123 erat,
2780 4076 2953 4131 neque
2983 4060 3219 4126 amares,
3250 4060 3344 4116 sed
3372 4063 3496 4114 dul-

1952 4166 2044 4207 ces
2065 4160 2118 4206 et
2146 4151 2477 4207 humanitate
2504 4153 2690 4222 plenos
2733 4152 2941 4211 fructus
2970 4153 3190 4219 ferebat,
3237 4154 3359 4223 jure
3382 4152 3499 4206 fru-

1952 4251 2155 4299 ctuosa!
2198 4244 2379 4298 arbori
2417 4244 2571 4299 olivas
2600 4248 3033 4318 comparabatur,
3067 4248 3310 4315 exemplo
3333 4246 3498 4302 mise-

1952 4336 2241 4415 ricordiam
2268 4336 2322 4389 in
2352 4338 2646 4406 proximos,
2698 4346 2753 4392 et
2795 4338 3179 4392 humanitatem
3226 4338 3281 4391 in
3306 4351 3513 4407 omnes

1954 4426 2307 4498 significante.
2364 4426 2558 4497 Utpote
2586 4428 2747 4498 igitur
2782 4430 2873 4497 qui
2904 4433 2983 4481 tot
3008 4427 3164 4482 bonis
3194 4418 3495 4483 instructus

1953 4526 2120 4581 esset,
2156 4509 2563 4589 consequenter
2584 4518 2744 4573 infert
2774 4538 2787 4573 :
2815 4518 3029 4587 Speraui
3061 4520 3113 4573 in
3136 4520 3495 4577 misericordia

1956 4608 2051 4662 Dei
2079 4610 2133 4661 δη
2162 4597 2411 4664 (etei-num
2437 4618 2484 4663 et
2518 4609 2571 4661 in
2597 4596 2844 4662 saxulum
2867 4610 3073 4665 sazculi.

306 4698 402 4770 τὴν
438 4701 518 4763 είς
573 4700 812 4762 ἅπαντας
862 4696 1260 4767 φιλανθρωπίαν
1286 4696 1378 4749 τοῦ
1412 4696 1858 4769 παραδείγματος.
1909 4698 1994 4762 Ὦς
2026 4694 2116 4753 οὖν
2144 4692 2410 4761 τοσούτοις
2464 4697 2662 4767 βρίθων
2719 4698 2959 4767 ἀγαθοῖς,
2989 4699 3291 4769 ἀκολούθως
3318 4702 3496 4781 bttu-

242 4804 410 4865 ηηγει·
440 4794 705 4846 Ἦλπισα
724 4791 822 4845 ἐπὶ
851 4790 916 4844 τὸ
944 4788 1112 4854 ἕλεος
1132 4786 1238 4842 τοῦ
1260 4786 1404 4841 Θεοῦ
1431 4788 1648 4853 είς-τὸν
1665 4788 1847 4844 αἰῶνα
1882 4790 1979 4845 καί
2000 4794 2086 4857 είς
2115 4790 2220 4844 τὸν
2244 4789 2423 4843 αἰῶνα
2452 4788 2557 4842 τοῦ
2577 4788 2807 4856 αιῶνος.
2904 4814 2909 4819 ι
3312 4804 3317 4807 ⁷
3508 4784 3522 4790 “

378 4884 483 4938 Τοῦ
512 4885 609 4956 μὲν
627 4885 733 4958 γὰρ
758 4886 815 4939 ἄν
846 4883 1011 4955 κακίᾳ
1058 4879 1280 4937 δυνατοῦ
1303 4880 1362 4934 τὸ
1385 4881 1537 4944 τέλος
1568 4880 1853 4951 ὲκρίζωσιν
1884 4908 1930 4966 ο
2024 4883 2097 4937 Na

1767 4899 1853 4936 σιν
1884 4908 1930 4966 ο
2024 4883 2153 4937 Nam
2176 4883 2321 4937 illius
2344 4881 2582 4952 quidem,
2632 4882 2726 4953 qui
2776 4890 2967 4953 potens
2994 4890 3078 4940 est
3107 4884 3161 4938 in
3186 4884 3486 4954 iniquitate,

304 4974 454 5044 αὐτῷ
502 4976 596 5028 καὶ
642 4974 941 5044 ἀφανισμὸν
972 4970 1171 5044 ἐδήλου.
1223 4969 1417 5041 Ἐχρῆν
1468 4970 1573 5040 γὰρ
1612 4968 1709 5039 τὴν
1744 4970 1851 5022 τῶν

306 5063 518 5134 πικρῶν
544 5065 784 5137 οίστικὴν
819 5063 970 5136 ῥίζαν
998 5062 1222 5135 καρπῶν
1266 5062 1402 5133 πρὸς
1431 5058 1525 5114 τοῦ
1565 5059 1671 5114 τῶν
1716 5061 1851 5115 ὅλων

307 5155 471 5224 σοφοῦ
496 5155 740 5228 γεωργοῦ
762 5156 1129 5225 ἀποκταλῆναι
1145 5155 1239 5227 (1).
1268 5154 1394 5209 Ὀδὲ
1422 5152 1551 5205 ὡσεὶ
1571 5152 1722 5207 ἐλαία
1754 5168 1851 5208 xa-

304 5252 584 5320 τάκαρπος
609 5249 667 5302 ὲν
697 5247 775 5317 τῷ
796 5250 928 5320 οἴκῳ
954 5248 1045 5301 τοῦ
1072 5248 1227 5312 Θεοῦ,
1251 5247 1472 5319 ηλπισεν
1498 5244 1588 5296 ἐπὶ
1618 5243 1679 5295 τὸ
1705 5243 1849 5309 ἔλεος

235 5328 239 5332 ’
304 5340 401 5396 τοῦ
425 5338 559 5393 Θεοῦ
590 5341 669 5401 είς
689 5338 777 5391 τὸν
808 5339 977 5392 αίῶνα
1002 5338 1094 5392 καὶ
1120 5340 1197 5401 εἰς
1224 5339 1314 5391 τὸν
1333 5335 1498 5389 αίῶνα
1516 5332 1606 5386 τοῦ
1638 5333 1847 5397 αἰῶνος,

304 5430 601 5503 φθανασίαν
642 5428 738 5482 καὶ
765 5427 907 5499 ζωὴν
948 5430 1161 5483 αίώνιον
1219 5426 1563 5497 ποριζόμενος
1595 5423 1702 5476 ἀπὸ
1752 5424 1850 5495 τῆς

306 5522 518 5593 ἀγαθῆς
564 5518 773 5581 ἐλπίδος
796 5557 811 5582 ,
866 5512 935 5589 ἦς
992 5516 1184 5571 οὔποτε
1228 5518 1549 5570 ἐκπεσεῖται·
1622 5512 1687 5569 Ἦ
1741 5515 1850 5587 γὰρ

305 5614 505 5680 cium,
545 5612 683 5667 κατὰ
714 5610 804 5662 τὸν
847 5607 1182 5669 Ἀπόστολον,
1209 5609 1280 5661 οὺ
1318 5604 1712 5673 καταισχύνει.
1734 5601 1847 5658 Εἶθ’

272 5752 275 5755 .
305 5708 386 5770 ὡς
406 5706 492 5758 ἐπ’
516 5703 736 5773 ἀγαθοῖς
767 5702 1013 5773 καρποῖς,
1048 5695 1253 5767 ἀγαθὰς
1271 5699 1485 5760 ἐλπίδας
1517 5696 1690 5767 ἐαυτῷ
1716 5698 1846 5751 ὑπο-

383 5825 429 5856 ⁶⁸
465 5823 640 5878 Eccle.
676 5840 726 5885 ι,
755 5821 809 5874 2.
883 5820 927 5851 "
964 5819 1118 5873 Rom.
1152 5833 1208 5881 ν,
1238 5818 1291 5872 5.

382 5913 459 5995 μ)
503 5911 942 5982 ’Δποκταλῆναι.
984 5911 1136 5967 Anne
1167 5906 1564 5977 ἀποκαθῆσθαιῖ
1586 5903 1741 5961 Ent'r.

1959 4977 2113 5031 linem
2134 4974 2469 5045 signiﬁcabat
2499 4989 2621 5030 esse
2647 4973 3062 5031 eradicationem
3091 4983 3145 5030 et
3169 4973 3491 5031 destructio-

1956 5082 2113 5132 nem;
2156 5064 2389 5120 radicem
2421 5066 2565 5119 enim
2599 5082 2903 5122 amararum
2936 5056 3204 5121 fructuum
3235 5065 3493 5134 feracem,

1956 5173 1987 5211 a
2015 5158 2256 5226 sapiente
2309 5155 2552 5210 omnium
2607 5157 2842 5227 agricola
2893 5154 3159 5211 eradicari
3188 5155 3484 5223 oportebat.
3532 5180 3535 5183 -

1954 5249 2055 5316 Qui
2088 5263 2216 5319 yero
2238 5248 2379 5319 sicut
2404 5248 2543 5304 oliva
2572 5248 2851 5303 fructifera
2881 5250 2935 5302 in
2964 5247 3123 5302 domo
3158 5244 3269 5307 Dei,
3298 5261 3488 5314 spera-

1951 5342 2027 5394 vit
2051 5341 2103 5394 in
2137 5338 2505 5394 misericordia
2540 5339 2632 5395 Dei
2684 5340 2738 5394 in
2787 5349 3041 5395 aeternum
3066 5344 3118 5390 et
3146 5336 3198 5388 in
3230 5338 3484 5389 saeculum

1953 5431 2153 5495 saeculi,
2177 5428 2631 5485 immortalitatem
2677 5440 2731 5485 et
2764 5431 2926 5484 vitam
2945 5436 3198 5489 aeternam
3226 5427 3389 5481 refert
3414 5426 3487 5481 ob

1951 5524 2146 5577 bonam
2178 5536 2349 5591 spem,
2382 5538 2489 5593 qua
2522 5536 2794 5592 nunquam
2826 5519 3070 5583 excidet;
3101 5532 3225 5570 nam
3246 5556 3259 5579 ,
3280 5532 3487 5581 psecun-
3514 5582 3519 5588 _

1939 5611 2079 5675 ,dum
2110 5611 2446 5681 Apostolum,
2501 5630 2615 5683 spes
2658 5629 2759 5665 non
2810 5608 3077 5677 confundit
3133 5608 3216 5669 “’;
3268 5600 3484 5667 deinde.

1952 5712 2136 5773 utpote
2169 5701 2238 5758 de
2262 5702 2419 5761 bonis
2456 5702 2740 5771 fructibus,
2791 5702 2984 5757 bonam
3031 5699 3132 5754 sibi
3164 5713 3313 5769 spem
3351 5714 3489 5752 eon-
