4354 6418
838 485 934 539 liii

1494 472 1760 529 EUSEBII
1798 468 2273 527 CESARIENSIS
2319 466 2468 524 OPP.
2514 465 2696 522 PARS
2756 466 2845 522 Ill.
2886 496 2954 506 —-
2995 465 3398 523 EXEGETICA.

3954 468 4065 529 452

839 602 1085 669 signans,
1124 609 1315 651 norum
1360 607 1581 649 causam
1616 592 1881 647 bonorum
1916 591 2159 643 omnium
2194 588 2400 644 submi-
2430 601 2472 655 Α
2500 603 2558 637 τυ

2345 588 2400 641 ιί-
2430 601 2472 655 Α
2500 586 2906 654 τυπωσάμενος,
2953 584 3049 654 τὴν
3110 584 3287 637 αίτίαν
3340 584 3558 648 ἐξάπτει
3590 584 3667 655 τῷ
3708 584 3921 638 πάντων
3956 584 4064 640 τῶν

841 684 1121 741 nistratori
1165 682 1388 753 ascribit
1419 681 1653 736 dicens:
1697 678 1999 749 Conﬁtebor
2030 678 2126 733 tibi
2154 680 2207 731 in
2233 694 2402 731 sarcu—

842 777 971 836 lum,
1000 775 1125 843 quia
1158 772 1348 841 fecisti.
1379 769 1564 839 Neque
1586 769 1728 822 enim
1757 782 1883 837 ego,-
1912 768 2108 836 inquit,
2147 781 2233 820 me
2263 766 2404 821 sicut

841 862 1393 921 olivam-fructiferam
1423 860 1726 931 composui,
1762 859 1853 913 sed
1876 866 1933 912 tu
1964 857 2139 912 fecisti
2182 874 2193 909 :
2226 856 2321 911 abs
2350 866 2403 909 te

839 958 983 1012 enim
1008 957 1182 1026 gratia
1209 973 1223 1020 ;
1248 970 1416 1025 quare
1455 967 1731 1022 nunquam
1763 953 1923 1004 tinem
1947 950 2138 1003 faciam
2164 948 2263 1003 tibi
2282 964 2403 1017 gra-

834 1051 945 1105 tias
977 1049 1209 1103 habendi
1271 1062 1333 1100 ac
1376 1044 1668 1101 conﬁtendi
1702 1062 1718 1095 -;
1766 1044 1857 1098 sed
1916 1052 2203 1112 postquam
2237 1042 2401 1095 semel

839 1138 1053 1213 speravi
1079 1143 1131 1193 in
1155 1138 1528 1193 misericordia
1573 1137 1687 1202 Dei,
1718 1136 2023 1201 exspectabo
2052 1152 2234 1189 nomen
2266 1135 2395 1203 ejus.

777 1279 781 1284 .
839 1233 974 1287 Nam
1006 1247 1129 1286 cum
1157 1232 1299 1285 bona
1326 1246 1449 1300 spes
1492 1229 1689 1291 subsit,
1728 1229 1989 1298 patientia
2041 1228 2196 1282 nobis
2241 1242 2396 1297 opus.

838 1323 1180 1392 Quapropter
1209 1322 1514 1390 exspectabo
1567 1337 1751 1374 nomen
1808 1330 1975 1382 tuum,
2028 1319 2121 1381 ait,
2151 1321 2398 1389 quoniam

834 1418 1030 1469 bonum
1046 1425 1123 1469 est
1152 1418 1205 1468 in
1237 1424 1507 1482 conspecta
1532 1423 1834 1467 sanctorum
1887 1422 2132 1475 tuorum;
2166 1412 2279 1467 sive
2303 1426 2398 1466 se-

839 1508 1079 1562 cundum
1122 1505 1532 1577 Symmachum,
1568 1506 1831 1571 Quoniam
1848 1504 2043 1557 bonum
2085 1512 2162 1557 est
2208 1519 2401 1557 nomen

842 1598 1067 1666 tuumin
1085 1608 1355 1665 conspectu
1371 1605 1670 1649 sanctorum
1696 1605 1921 1647 tuorum.
1946 1593 2161 1648 Gnarus
2217 1594 2400 1662 itaque

842 1689 1018 1757 ipsum
1046 1688 1248 1742 bonum
1290 1666 1412 1741 esse
1457 1695 1510 1739 et
1537 1686 1801 1739 bonorum
1822 1694 2118 1747 auctorem,
2161 1692 2270 1737 non
2304 1698 2398 1752 po-

835 1780 1075 1835 tentibus
1114 1780 1170 1831 in
1202 1779 1427 1840 malitia,
1479 1793 1588 1831 non
1637 1776 1865 1845 abiectis
1919 1774 2253 1838 hominibus,
2306 1774 2400 1827 sed

837 1873 1078 1937 sanctis;
1119 1871 1242 1940 jure
1282 1870 1586 1938 exspectabo
1631 1886 1816 1922 nomen
1875 1876 2051 1930 tuum,
2109 1867 2249 1921 bona
2307 1882 2402 1937 spe

836 1963 1024 2018 fruens
1055 1979 1139 2017 me
1179 1978 1455 2029 nunquam
1504 1962 1782 2029 lapsurum
1822 1975 1851 2012 a
1878 1959 2253 2014 misericordia
2282 1966 2393 2012 tua.

831 2057 929 2113 Sic
959 2059 1142 2127 itaque
1172 2058 1229 2110 in
1256 2056 1378 2125 ipso
1412 2055 1625 2123 speravi
1670 2054 1724 2107 in
1756 2061 2018 2107 aeternum
2046 2052 2187 2107 etin
2220 2068 2391 2108 siccu-

835 2150 945 2203 lum
974 2150 1180 2205 saeculi.

835 2260 887 2313 i.
929 2258 995 2313 ΙΝ
1046 2255 1291 2321 FINEM,
1329 2255 1469 2311 PRO
1507 2253 1915 2321 MAHELETH,
1956 2254 2395 2310 lNTELLIGEN-

1352 2326 1487 2382 TUE
1528 2324 1733 2379 DAVID
1772 2326 1879 2380 ιιι.

907 2421 1069 2477 Vens.
1096 2420 1215 2475 2-6.
1251 2420 1401 2475 Dixit
1430 2422 1676 2487 insipiens
1725 2421 1779 2473 in
1826 2420 1979 2473 corde
2002 2437 2097 2474 suo
2127 2436 2143 2473 :
2176 2419 2297 2474 Non
2316 2430 2392 2474 est

832 2516 993 2569 Deus.
1024 2512 1270 2582 Corrupti
1295 2524 1413 2567 sunt
1450 2523 1498 2566 et
1524 2511 1899 2565 abominabiles
1921 2496 2050 2579 facti
2069 2521 2190 2565 sunt
2212 2513 2267 2565 in
2293 2514 2395 2565 ini-

830 2608 1263 2679 quitatibus,non
1310 2615 1387 2660 est
1426 2607 1514 2675 qui
1555 2604 1721 2674 faciat
1750 2604 1960 2658 bonum.
1995 2604 2394 2675 Quinquagesi~

828 2714 953 2753 mus
983 2699 1224 2766 psalmus
1257 2696 1613 2751 confessionis
1640 2699 1859 2751 modum
1904 2698 2045 2767 ejus,
2103 2714 2264 2769 quem
2298 2698 2394 2752 ad-

827 2790 980 2843 missi
1020 2787 1226 2858 peccati
1267 2789 1509 2857 prenitet,
1542 2788 1960 2857 complectitur;
2009 2803 2244 2859 sequens
2264 2788 2392 2844 vero

827 2883 885 2935 in
910 2882 1113 2934 malitia
1131 2882 1362 2950 potentis
1390 2888 1443 2936 et
1475 2880 1624 2949 impii
1659 2882 1826 2936 moris
1889 2881 2159 2936 insaniam
2192 2882 2393 2937 descri-

826 2974 907 3028 bit
931 2992 945 3039 ;
976 2988 1039 3027 ac
1059 2974 1255 3043 qualis,
1284 2988 1407 3026 cum
1436 2973 1621 3037 istum,
1654 2981 1769 3027 tum
1796 2974 2057 3043 priorem,
2085 2972 2208 3029 ﬁnis
2234 2989 2393 3028 exc.»-

824 3068 987 3136 perit.
1021 3065 1154 3120 Nam
1184 3068 1232 3119 ei
1252 3068 1343 3135 qui
1370 3069 1423 3121 in
1460 3067 1617 3122 malis
1648 3068 1762 3121 suis
1798 3069 2133 3137 gloriabatur
2186 3070 2392 3124 dictum

822 3168 909 3211 est
941 3174 951 3209 :
991 3155 1276 3224 Propterea
1310 3156 1446 3210 Deus
1471 3156 1703 3211 destruet
1743 3167 1789 3211 te
1818 3159 1873 3211 in
1907 3148 2086 3227 ﬁnem,
2118 3160 2299 3214 evellet
2323 3172 2388 3226 te,

823 3259 876 3304 et
898 3249 1170 3318 emigrabit
1203 3259 1250 3303 te
1267 3249 1329 3303 de
1374 3249 1812 3315 tabernaculo";
1842 3268 1908 3307 ex
1940 3268 2172 3323 persona
2211 3265 2390 3311 autem

2504 672 2719 739 ἀγαθῶν
2756 671 2973 743 χορηγῷ
3004 672 3199 740 λέγων·
3256 672 3798 743 Ἐξομολοτήσομαι
3851 690 3950 729 σοι
3978 678 4069 741 εἰς

2502 765 2607 817 τὸν
2637 764 2841 826 αἰῶνα,
2880 764 2970 817 ὅτι
3030 765 3342 832 ἐποίησας.
3400 767 3472 820 Οὐ
3532 766 3640 837 γὰρ
3697 764 3827 834 ἐγὼ,
3880 766 4066 837 φησιν,

2502 859 2731 929 ἐποίησα
2765 859 2997 927 ἐμαυτὸν
3028 859 3159 911 ὡσεὶ
3192 858 3373 911 ἐλαίαν
3409 859 3780 929 κατάκαρπον,
3834 860 3969 913 ἀλλὰ
4001 861 4068 914 σὺ

2500 949 2777 1019 ἐποίησας·
2809 948 2957 1019 ’παρὰ
2996 947 3089 1001 σοῦ
3110 949 3216 1019 γὰρ
3241 952 3274 1018 ἡ
3308 950 3481 1019 χάρις·
3515 949 3595 1002 διὸ
3646 950 3899 1003 οὐδέποτε
3926 950 4068 1003 παύ-

2502 1042 2663 1110 σομαί
2688 1058 2771 1092 σοι
2804 1040 2900 1110 τὴν
2929 1040 3085 1111 χάριν
3116 1040 3286 1103 εἰδὼς,
3316 1041 3405 1093 καί
3454 1058 3533 1092 σοι
3558 1040 4065 1111 ἐξομολογούμενος·

2501 1133 2645 1197 ἆπαξ
2676 1134 2731 1186 δέ
2756 1133 2978 1195 ἐλπίσας
3002 1132 3093 1184 ἐπὶ
3122 1132 3182 1184 τὸ
3211 1131 3356 1194 ἔλεος
3377 1130 3470 1183 τοῦ
3495 1130 3652 1195 Θεοῦ,
3688 1129 3965 1200 ὑπομενῶ
4002 1129 4070 1185 τὸ

2500 1224 2687 1293 ὄνομα
2718 1224 2923 1278 αὑτοῦ.
2942 1224 3054 1293 Τῆς
3078 1223 3184 1295 γὰρ
3210 1222 3419 1293 ἀγαθῆς
3448 1222 3656 1287 ἐλπίδος
3682 1224 4069 1295 ὑποκειμένης,

2499 1318 2773 1387 ὑπομονῆς
2802 1319 2934 1387 ἡμῖν
2966 1317 3139 1387 χρεία.
3167 1316 3260 1373 Διὸ
3282 1313 3558 1383 ὑπομενῶ
3598 1316 3665 1369 τὸ
3712 1315 3897 1386 ὄνομα
3928 1331 4069 1380 σου,

2500 1412 2681 1480 φησὶν,
2701 1409 2789 1462 ὅτι
2816 1409 3083 1478 χρηστόν
3100 1408 3269 1461 ἐστιν
3286 1407 3562 1460 ἐναντιον
3581 1405 3701 1459 τῶν
3728 1408 3912 1461 ὁσίων
3930 1424 4071 1462 σου·

2497 1502 2530 1573 ἢ
2561 1501 2700 1554 κατὰ
2724 1500 2812 1553 τὸν
2846 1498 3159 1568 Σύμμαχον,
3187 1498 3307 1549 Ὀτι
3343 1496 3568 1566 ἀγαθὸν
3593 1497 3659 1551 τὸ
3710 1497 3903 1567 ὄνομά
3950 1514 4069 1551 σου

2498 1594 2779 1660 ἄντικρυς
2837 1591 2953 1646 τῶν
2988 1592 3174 1645 ὁσίων
3220 1605 3357 1643 σου.
3414 1589 3580 1653 Εἰδὼς
3610 1586 3724 1652 οὖν,
3750 1592 3829 1643 ὅτι
3860 1590 4069 1659 ἀγαθόν

2499 1687 2634 1746 ἐστι,
2666 1685 2756 1735 καὶ
2784 1682 3008 1751 ἀγαθῶν
3032 1680 3332 1753 ποιητικὸν,
3368 1681 3429 1733 οὐ
3459 1684 3570 1744 τοῖς
3610 1677 3851 1746 δυνατοῖς
3882 1683 3940 1735 ἐν
3969 1700 4071 1736 κα-

2499 1777 2610 1846 κίᾳ,
2640 1775 2758 1827 οὐδὲ
2809 1778 2920 1837 τοῖς
2969 1774 3295 1845 ἀποόλήτοις
3345 1774 3454 1827 τῶν
3513 1773 3749 1839 ζώντων,
3800 1775 3937 1829 ἀλλὰ
3957 1778 4071 1838 τοῖς

2498 1867 2683 1927 ὁσίοις,
2712 1866 2934 1928 εἰκότως
2962 1865 3237 1934 ὑπομενῶ
3272 1866 3337 1919 τὸ
3362 1864 3548 1935 ὄνομα
3571 1882 3709 1931 σου,
3747 1865 3966 1931 εὔελπις
3993 1866 4069 1920 ὣν

2432 1979 2471 2033 Β
2504 1958 2710 2027 μήποτε
2766 1958 3016 2008 ἐκπεσεῖν
3071 1956 3163 2009 τοῦ
3201 1956 3293 2009 σοῦ
3357 1956 3559 2020 ἐλέους.
3603 1956 3765 2011 Οὕτω
3808 1957 3938 2027 γοῦν
3968 1958 4065 2029 ἧλ-

2496 2066 2630 2101 πισα
2663 2050 2749 2101 ἐπ’
2773 2048 2920 2119 αὐτῷ
2952 2050 3029 2113 εἰς
3084 2049 3174 2101 τὸν
3222 2049 3391 2102 αἰῶνα
3422 2050 3513 2101 καὶ
3544 2052 3624 2113 εἰς
3663 2050 3751 2103 τὸν
3778 2051 3946 2106 αὶῶνα
3972 2051 4068 2105 τοῦ

2496 2138 2709 2201 αἰῶνος.

2498 2250 2605 2303 ΕΙΣ
2644 2251 2731 2303 ΤΟ
2771 2251 3017 2319 ΤΕΛῡε,
3056 2250 3941 2376 ΥΙᾸΞΞΙΥΑΝΕΙῼΕΘΣΥΝΕΣΕΩΣ
3980 2255 4070 2309 ΤΩ
4101 2259 4112 2271 '

2563 2432 2746 2490 Εἶπεν·
2784 2437 2987 2506 ἄφρων
3004 2439 3073 2490 ἐν
3105 2438 3312 2507 καρδίᾳ
3339 2441 3543 2495 αὐτοῦ·
3580 2442 3699 2494 Οὐκ
3725 2441 3858 2494 ἐστι
3899 2442 4063 2509 Θεός.

2494 2525 2906 2594 Διερθάρηοαν
2932 2528 3026 2579 καὶ
3054 2528 3507 2596 ἐϐδελύχϐησαν
3538 2532 3605 2583 ἐν
3632 2532 3922 2599 ἀνομίαις,
3954 2534 4070 2586 οὐκ

2493 2618 2625 2671 ἔστι
2653 2616 2837 2670 ποιῶν
2865 2619 3109 2707 ἀγαθόν.
3151 2620 3207 2671 Ὁ
3244 2621 3341 2690 μὲν
3380 2628 3422 2673 ν’
3448 2621 3832 2693 ἐξομολόγησιν
3862 2622 4067 2695 τρόπον

2497 2710 2988 2781 μεταγινώσκοντος
3043 2714 3127 2782 ἐφ’
3161 2709 3241 2777 οἷς
3297 2716 3566 2786 ἥμαρτεν,
3627 2719 3920 2789 περιεῖχεν·
3956 2716 4068 2771 ὁδὶ

2494 2802 2621 2870 ἑξῆς
2649 2801 2815 2873 αὐτῷ,
2848 2802 3103 2857 ἀπόνοιαν
3129 2805 3223 2858 τοῦ
3256 2808 3312 2859 ἐν
3342 2807 3508 2877 κακίᾳ
3530 2808 3752 2862 δυνατοῦ
3782 2809 3876 2863 καὶ
3903 2808 4068 2863 ἀθέου

2492 2896 2711 2966 τρόπου·
2759 2895 2940 2948 ὁποῖόν
3001 2913 3058 2948 τε
3108 2896 3293 2952 τοῦτον
3338 2898 3601 2969 διεδέχετο
3656 2900 3717 2953 τὸ
3768 2900 3939 2966 τέλος,
3976 2902 4071 2955 καὶ

2493 2987 2677 3040 ὁποῖον
2694 2986 2784 3039 τὸν
2829 2988 3110 3059 πρότερον.
3144 2989 3233 3058 Τῷ
3270 2990 3365 3060 μὲν
3388 2990 3495 3062 γὰρ
3536 2992 3935 3065 καυχησαμένῳ
3976 2994 4070 3047 ἐπὶ

2493 3079 2604 3138 τοῖς
2627 3076 2821 3129 ἑαυτοῦ
2847 3070 3034 3139 κακοῖς
3060 3078 3290 3147 ἐλέγετο·
3320 3080 3627 3134 Διὰ·τοῦτο
3671 3086 3705 3135 ὁ
3752 3083 3895 3149 Θεὸς
3925 3087 4067 3138 καθ-

2503 3167 2634 3221 ελεῖ
2652 3183 2727 3220 σε
2754 3171 2840 3233 εἰς
2869 3168 3061 3233 τέλος,
3082 3168 3305 3223 suum
3334 3188 3408 3224 σε
3436 3171 3535 3224 καὶ
3582 3174 4069 3242 μετανασιεῦσαι

2492 3273 2568 3309 σε
2595 3255 2712 3310 ἀπὸ
2739 3256 3150 3326 σκηνώματος·
3184 3261 3248 3312 ἐκ
3300 3261 3589 3332 προσώπου
3617 3264 3674 3317 δὲ
3702 3264 3794 3318 τοῦ
3818 3265 4067 3336 ἐξομολο-

822 3340 1139 3395 conﬁtentis
1157 3341 1520 3411 subjungitur,
1542 3342 1653 3414 Ego
1682 3353 1854 3398 autem
1881 3346 2015 3398 sicut
2034 3348 2169 3401 oliva
2200 3347 2388 3413 fructi-
2417 3358 2459 3416 ο
2493 3366 2541 3417 γη

2347 3350 2388 3403 i-
2417 3358 2459 3416 ο
2493 3349 2804 3420 γησαμένου
2836 3351 3073 3421 ἐπήγετο
3100 3350 3227 3422 ἑξῆς
3282 3354 3363 3417 τὸ,
3428 3355 3567 3424 Ἐγὼ
3603 3355 3671 3409 δὲ
3717 3358 3859 3411 ὡσεὶ
3892 3360 4066 3413 ἐλαία

826 3437 942 3502 fera
959 3438 1011 3489 in
1030 3435 1183 3489 domo
1215 3432 1328 3501 Dei,
1361 3435 1562 3503 speravi
1582 3436 1638 3488 in
1672 3436 2036 3491 misericordia
2055 3439 2168 3507 ejus
2192 3442 2246 3494 in
2285 3460 2387 3496 sa:-

820 3526 1093 3583 culum“.
1132 3524 1229 3579 Hic
1264 3540 1387 3581 vero
1454 3527 1547 3597 qui
1598 3527 1841 3597 psalmus
1894 3545 2003 3585 non
2057 3540 2161 3595 est,
2212 3548 2388 3603 neque

818 3623 966 3677 enim
997 3620 1072 3675 ita
1105 3620 1455 3687 inscribitur;
1504 3620 1599 3675 sed
1648 3636 1825 3691 neque
1857 3624 2127 3679 canticum
2152 3666 2168 3689 ,
2213 3643 2386 3697 neque

819 3716 951 3787 quid
987 3715 1196 3780 simile,
1258 3714 1517 3769 salutaris
1568 3712 1664 3770 Dei
1720 3717 1988 3773 adventus
2044 3721 2385 3789 prophetiam

818 3805 1064 3863 continet
1096 3844 1112 3863 .
1162 3820 1323 3874 quem
1359 3804 1515 3859 multi
1545 3806 1820 3874 pmphcta:
1855 3813 1907 3861 et
1932 3808 2065 3876 justi
2099 3811 2387 3865 voluerunt

819 3896 1019 3952 videre.
1051 3896 1299 3950 Praesens
1317 3896 1519 3965 itaque,
1546 3899 1703 3966 quasi
1736 3899 1791 3951 in
1831 3902 2074 3954 omnium
2104 3901 2382 3957 hominum

822 3985 1004 4050 ruina,
1032 3994 1086 4039 et
1110 3986 1264 4055 quasi
1323 3986 1379 4039 in
1410 3989 1683 4041 communi
1715 3988 1999 4061 naufragio
2046 3992 2161 4047 haec
2192 4008 2383 4062 preca-

821 4086 951 4133 tur:
982 4076 1114 4143 Quis
1135 4076 1281 4129 dabit
1306 4093 1376 4145 ea:
1407 4078 1535 4132 Sion
1564 4078 1813 4135 Salutare
1854 4080 2072 4137 Israel?
2111 4102 2229 4138 cum
2261 4102 2383 4139 con-

819 4172 1027 4225 verterit
1058 4169 1312 4223 Dominus
1359 4170 1711 4236 captivitatem
1732 4173 1896 4250 plebis
1932 4192 2063 4240 sure,
2094 4177 2384 4253 exsultabit

819 4263 986 4317 Jacob
1017 4270 1065 4317 et
1095 4260 1363 4315 lwtabitur
1386 4259 1595 4314 Israel:
1629 4265 1846 4332 quando
1896 4266 2161 4323 conﬁtens
2203 4269 2383 4324 decla-

2491 3440 2869 3509 κατάκαρπος
2900 3441 2971 3495 ἐν
3000 3441 3080 3508 τῷ
3107 3444 3250 3509 οἴκῳ
3272 3445 3377 3499 τοῦ
3418 3445 3587 3511 Θεοῦ,
3614 3447 3850 3517 ἤλπισα
3870 3449 3970 3503 ἐπὶ
3997 3449 4065 3504 τὸ

2486 3531 2657 3598 ἕλεος
2687 3533 2873 3587 αὑτοῦ
2896 3536 2981 3600 εἰς
3010 3534 3117 3587 τὸν
3167 3536 3365 3590 αἰῶναρ
3416 3536 3473 3591 '0
3520 3540 3577 3592 δὲ
3634 3540 3823 3613 παρὼν
3865 3543 4067 3598 οὐκῶν

2485 3624 2716 3695 ψαλμὸς,
2748 3627 2808 3679 οὐ
2855 3626 2964 3699 γὰρ
2998 3626 3171 3693 οὕτως
3202 3632 3623 3703 ἐπιγέγραπται,
3655 3635 3771 3688 ἀλλ’
3792 3636 3911 3688 οὐδὲ
3930 3636 4063 3709 ᾠδὴ,

2484 3718 2605 3771 οὐδέ
2629 3737 2679 3772 τι
2710 3719 2817 3772 τῶν
2842 3719 3117 3786 τοιούτων,
3165 3726 3498 3794 προφητείαν
3528 3728 3771 3799 περιέχει
3816 3718 3921 3799 τῆς
3960 3742 4068 3783 σω-

2484 3811 2672 3883 τηρίου
2701 3812 3033 3879 θεοφανείας,
3092 3816 3158 3886 ἦν
3196 3816 3377 3869 πολλοὶ
3424 3819 3696 3888 προφῆται
3754 3820 3847 3872 καὶ
3867 3820 4066 3876 δίκαιοι

2485 3902 2839 3974 ἐπεθύμησαν
2870 3906 3015 3959 ἰδεῖν.
3055 3908 3262 3980 ’Ὠσπερ
3290 3906 3380 3963 οὖν
3410 3912 3504 3963 καὶ
3532 3912 3560 3962 ὁ
3582 3911 3731 3980 ,μετὰ
3756 3914 3944 3983 χεῖρας
3974 3916 4067 3967 ἐπὶ

2484 3999 2550 4067 τῇ
2580 3997 2795 4051 πάντων
2847 3999 3145 4073 ἀνθρώπων
3205 4003 3531 4067 διαπτώσει,
3580 4005 3672 4057 καὶ
3728 4004 3917 4077 ὥσπερ
3969 4006 4064 4059 ἐπὶ

2485 4088 2649 4160 κοινῷ
2682 4093 2923 4163 ναυαγίῳ
2956 4095 3248 4165 εὐχόμενος
3281 4096 3373 4149 καὶ
3419 4096 3609 4166 λέγων·
3638 4098 3748 4164 Τίς
3782 4098 3960 4154 δώσει
3992 4100 4063 4155 ἐκ

2484 4183 2639 4237 Σιὼν
2668 4184 2736 4237 τὸ
2769 4184 3069 4254 Σωτήρων
3092 4188 3199 4243 τοῦ
3242 4188 3517 4257 Ἰσραήλς
3565 4190 3635 4243 ἐν
3681 4189 3762 4257 τῷ
3791 4192 4065 4263 ἐπιστρέ-

2482 4278 2594 4343 ψαι
2624 4278 2840 4344 Κύριον
2886 4280 3002 4347 τὴν
3046 4283 3465 4350 αἰχμαλωσίαν
3523 4283 3628 4337 τοῦ
3666 4286 3820 4340 λαοῦ
3852 4288 4061 4354 αὐτοῦ,

823 4368 1058 4423 ransque
1083 4337 1305 4423 peccata
1329 4366 1446 4416 sua,
1480 4367 1576 4421 per
1602 4356 1896 4411 salutarem
1942 4355 2040 4412 Dei
2088 4357 2380 4413 adventum

2339 4375 2380 4413 tn
2491 4337 2921 4438 αταλλιασεται
2945 4337 3163 4437 ἦακὼδῖ
3182 4374 3277 4429 καί
3292 4337 3769 4444 εὐφρανθήσεται

817 4447 1193 4519 purgationem
1219 4452 1617 4500 consecuturus
1649 4454 1804 4513 erat;
1833 4447 2053 4517 quando
2075 4448 2225 4519 impii
2248 4461 2301 4505 et
2325 4451 2381 4505 in
2491 4460 2536 4513 ὄπ

2347 4468 2381 4505 n
2491 4460 2579 4513 ὅτε
2624 4461 2752 4533 γὰρ,
2797 4464 3285 4545 ἐξομολογούμενος
3330 4470 3425 4523 καὶ
3471 4470 3809 4546 ἐξαγορεύων
3838 4447 3908 4527 τὰ
3936 4447 4062 4528 ἐαυ-

816 4536 1022 4591 malitia
1053 4542 1300 4607 potentes
1347 4536 1627 4590 hominum
1685 4551 1886 4603 mores,
1936 4553 2047 4593 non
2092 4554 2188 4608 per
2214 4542 2379 4597 alium
2482 4569 2535 4605 τε

2341 4559 2379 4597 Ἦ
2482 4552 2574 4605 τοῦ
2604 4554 2976 4626 ἁμαρτήματα
3021 4556 3107 4612 διὰ
3130 4536 3239 4627 τῆς
3268 4562 3537 4633 σωτηρίου
3582 4536 3925 4635 τθεοφανείας,
3958 4585 4060 4635 xa-

815 4646 980 4701 quam
1030 4646 1128 4700 per
1182 4644 1349 4685 unum
1403 4628 1763 4694 Salvator-em,
1826 4631 1918 4701 qui
1983 4630 2379 4690 insanabilibus

2484 4642 2726 4716 θάρσεως
2758 4647 2947 4717 ἔμελλε
2996 4650 3295 4716 τεύξεσθαι·
3335 4654 3421 4707 ὅτε
3468 4656 3622 4721 ἄθεος
3652 4660 3710 4711 ἐν
3754 4658 4061 4731 ἀνθρώποις

814 4710 1032 4775 animae
1064 4722 1269 4776 morbis
1324 4722 1527 4799 mederi
1571 4721 1733 4789 valet,
1784 4722 1965 4778 curari
2000 4734 2271 4795 poterant.
2312 4728 2378 4783 Et
2412 4726 2453 4781 D
2484 4754 2533 4789 κε

2340 4728 2378 4782 Et
2412 4726 2453 4781 Ῑ)
2484 4710 2575 4789 καί
2597 4739 2653 4790 ἐν
2677 4710 2844 4812 κακίᾳ
2895 4710 3121 4823 δυνατὸς
3147 4746 3346 4816 τρόπος
3383 4748 3489 4801 οὐδ’
3532 4710 3707 4812 ἄλλως
3748 4710 3880 4812 οἷόςΓ

816 4813 931 4868 haec
956 4813 1023 4867 de
1049 4813 1189 4867 serie
1215 4812 1361 4867 dicta
1375 4802 1502 4869 sint.

884 5076 1123 5135 Observa
1186 5096 1347 5160 porro
1404 5082 1543 5139 hanc
1598 5088 1937 5158 prophetiam
1999 5095 2095 5152 his'
2140 5112 2197 5151 m
2236 5096 2376 5153 libro

814 5166 1154 5228 Psalmorum
1192 5174 1340 5239 ferri,
1399 5175 1452 5229 in
1508 5177 1681 5246 prima
1716 5191 1886 5249 parte,
1944 5189 2154 5256 psalmo
2216 5192 2376 5250 tertio

794 5263 1061 5339 'decimo;
1098 5266 1153 5320 in
1184 5267 1445 5355 secunda,
1468 5284 1533 5324 eo
1564 5286 1723 5341 quem
1742 5272 1854 5341 jam
1883 5284 2203 5339 tractamus.
2232 5281 2369 5338 Nam

813 5370 845 5409 a
879 5355 1147 5429 principio
1176 5359 1244 5419 ad
1276 5361 1457 5426 linem,
1488 5361 1691 5419 iisdem
1708 5364 1820 5421 fere
1847 5370 2025 5426 verbis
2056 5373 2203 5443 jacet
2226 5375 2376 5431 deci-

811 5464 935 5504 mus
970 5450 1166 5503 tertius
1196 5465 1260 5505 ac
1313 5467 1548 5523 praesens
1579 5458 1856 5528 psalmus;
1894 5462 1981 5521 his,
2016 5467 2196 5525 verbis
2243 5469 2377 5524 inci-

812 5544 989 5611 piens,
1022 5540 1169 5595 Dixit
1200 5544 1451 5616 insipiens
1478 5548 1532 5602 in
1571 5552 1726 5607 corde
1757 5570 1851 5609 suo
1876 5573 1893 5609 :
1920 5555 2045 5613 Non
2086 5571 2165 5617 est
2195 5562 2372 5629 Deus;

812 5633 897 5689 his
914 5650 1042 5690 vero
1057 5633 1333 5703 desinens,
1354 5640 1484 5706 Quis
1505 5641 1658 5697 dabit
1670 5661 1729 5699 οητ
1750 5646 1878 5703 Sion
1890 5648 2137 5709 Salutare
2158 5654 2331 5711 Israel
2352 5658 2376 5711 2’

805 5738 929 5776 cum
952 5728 1258 5781 conuerterit
1286 5728 1541 5788 Dominus
1565 5739 1926 5812 captivitatem
1940 5744 2104 5812 plebis
2119 5763 2249 5817 sum,
2280 5765 2373 5805 ex-

877 5881 925 5913 νο
970 5880 1115 5940 Psal.
1151 5902 1237 5955 ιι,
1274 5887 1323 5943 7.
1400 5892 1443 5925 ἰ
1482 5891 1612 5950 ibid.
1638 5848 1738 5953 io.

2484 4828 2518 4899 ἢ
2552 4829 2637 4885 διὰ
2674 4833 2831 4903 μόνου
2859 4817 2951 4888 τοῦ
2991 4836 3240 4909 Σωτῆρος
3266 4838 3563 4911 θεραπείας
3591 4843 3795 4910 τυχεῖν,
3833 4841 3929 4895 τοῦ
3967 4817 4063 4901 καὶ

2481 4923 2549 4977 τὰ
2578 4924 2771 4981 ἀνίατα
2791 4928 2890 5000 τῆς
2918 4929 3093 5001 ψυχῆς
3126 4932 3270 5003 πάθη
3310 4927 3563 4986 ἰάσασθαι
3588 4932 3903 5003 δυναμένου.
3950 4938 4063 4991 Καὶ

2477 5018 2650 5071 ταῦτα
2685 5022 2781 5091 μὲν
2802 5023 2880 5085 εἰς
2901 5016 2997 5095 τὴν
3022 5027 3338 5081 ἀκολουθίαν
3372 5028 3628 5099 εἰρήσθω.

2552 5111 2839 5185 Σημειώσῃ
2862 5115 2939 5180 δὲ,
2978 5118 3058 5169 ὃτι
3092 5119 3340 5190 δεύτερον
3366 5118 3465 5189 ἤδη
3490 5118 3523 5189 ἡ
3549 5122 3885 5193 προκειμένη
3922 5142 4057 5196 προ-

2482 5202 2678 5271 φητεία
2712 5203 2953 5272 ἔγκειται
2975 5209 3039 5276 τῇ
3073 5206 3243 5279 ﬁlms};
3271 5209 3380 5262 τῶν
3431 5210 3694 5281 Ψαλμῶν·
3733 5214 3789 5265 ἐν
3823 5215 3921 5285 μὲν
3980 5214 4057 5284 τῷ

2482 5297 2680 5369 πρώτῳ
2706 5298 2861 5369 μέρει
2913 5298 3053 5351 κατὰ
3089 5299 3180 5352 τὸν
3214 5307 3303 5369 ιγῒ
3346 5302 3403 5355 ἐν
3443 5303 3499 5356 δὲ
3525 5303 3603 5375 τῷ
3629 5304 3867 5377 δευτέρῳ
3913 5310 4055 5361 κατὰ

2482 5388 2548 5443 τὰ
2569 5390 2919 5460 προκείμενα.
2971 5390 3164 5459 Σχεδὸν
3191 5394 3299 5465 γὰρ
3337 5395 3517 5459 αὐτοῖς
3545 5398 3909 5469 ῥήμασινηὰή
3956 5402 4055 5471 ἀρ·-

2483 5482 2582 5551 χῆς
2610 5484 2768 5553 μέχρι
2809 5482 2995 5545 τέλους
3027 5484 3119 5537 καὶ
3155 5487 3183 5538 ὁ
3219 5494 3283 5555 ιγ’
3318 5486 3518 5559 ὁμοίως
3545 5490 3657 5561 ἔχει
3689 5490 3767 5562 τῷ
3796 5491 4047 5561 παρόντι·

2479 5573 2777 5643 ἀρχόμενος
2817 5574 2914 5645 μὲν
2939 5576 3045 5628 ἀπὸ
3085 5577 3199 5630 τοῦ·
3256 5577 3442 5634 Εἶπεν
3489 5581 3693 5650 ἄφρων
3733 5582 3805 5634 ἐν
3838 5581 4050 5650 καρδίᾳ

2478 5665 2682 5719 αὐτοῦ·
2719 5668 2842 5719 Οὐκ
2894 5666 3026 5723 ἐστι
3064 5672 3235 5739 ,Θεόςο
3298 5672 3565 5726 τελευτῶν
3616 5673 3785 5736 δὲέκ
3818 5672 3909 5726 τό·
3955 5674 4049 5741 Τίς

2480 5752 2656 5810 δώσει
2687 5756 2754 5810 ἐκ
2788 5756 2940 5813 Σιὼν
2962 5760 3028 5813 τὸ
3062 5762 3363 5836 Σωτήρων
3384 5764 3491 5819 τοῦ
3544 5765 3941 5832 Ἰσραήλ-ενα*-
3966 5766 4046 5832 τῷ
4082 5768 4087 5776 ’
