4354 6396
319 481 422 537 453

1438 470 1943 528 CUMMENTARIA
1976 469 2041 522 IN
2082 469 2417 526 PSALMOS.

3434 477 3538 532 εει

318 595 668 664 ἐπιστρέψαι
729 595 945 662 Κύριον
977 589 1088 658 τὴν
1137 593 1548 661 αἰχμαλωσίαν
1588 590 1694 642 τοῦ
1724 590 1875 642 λαοῦ
1906 597 1951 650 Α
1978 603 2037 641 su

1816 590 1875 642 οῦ
1906 597 1951 650 Α
1978 585 2196 641 saltabit
2230 586 2394 641 Jacob
2453 596 2502 640 et
2561 588 2827 654 lwtabitur
2858 584 3048 642 Israel.
3102 587 3326 644 Modicis
3355 597 3535 644 autem

315 687 521 748 αὐτοῦ,
547 685 975 754 ἀγαλλιάσεται
1038 685 1243 748 Ιακὼό,
1284 683 1382 735 καὶ
1408 682 1876 751 εὐφρανθήσεται

326 776 591 842 Ἰσραήλ.
645 776 902 846 Βραχεῖαι
965 775 1021 827 δὲ
1070 775 1240 840 λέξεις
1281 773 1378 844 τὴν
1438 775 1495 826 ἐν
1551 773 1875 842 ἀμφοτέροις

312 866 571 936 διαφορὰν
604 865 944 937 ἐργάζονται.
991 865 1077 917 Ἐν
1112 865 1207 934 μὲν
1260 863 1367 933 γὰρ
1417 866 1483 934 τῇ
1537 866 1822 934 προγραφῇ
1851 865 1878 914 ό

315 957 415 1026 μὲν
447 963 513 1025 ιγ’
538 959 623 1022 εἰς
647 956 711 1008 τὸ
741 959 914 1022 τέλος
956 954 1034 1020 τῷ
1071 956 1248 1010 Δαυῖδ
1276 956 1508 1022 ἐλέγετο’
1548 957 1574 1007 6
1606 956 1660 1008 δέ
1690 954 1876 1024 παρὼν

312 1047 426 1118 ἔχει
450 1049 546 1118 μὲν
568 1049 665 1119 τὴν
690 1049 858 1120 αὐτὴν
893 1050 1068 1119 ῥῆσιν,
1106 1049 1386 1111 πλεονάζει
1407 1045 1463 1099 δὲ
1495 1049 1550 1099 ἐν
1580 1047 1655 1116 τῷ
1674 1046 1874 1113 λέγειν,

309 1140 465 1206 ὑπὲρ
490 1141 746 1204 Μαελὲθ,
778 1140 1099 1206 συνέσεως.
1142 1141 1200 1193 '0
1228 1141 1326 1210 μὲν
1373 1139 1622 1202 Ἀκύλας,
1657 1139 1752 1191 ἐπὶ
1781 1158 1878 1207 χο-

306 1234 462 1300 ρείᾳ,
498 1235 854 1305 ἡρμήνευσεψ
893 1236 919 1286 6
950 1235 1004 1287 δὲ
1046 1233 1359 1304 Σύμμαχος,
1396 1233 1492 1286 διὰ
1539 1232 1741 1302 χοροῦ
1774 1233 1879 1284 όδέ

313 1325 620 1390 Θεοδοτίων,
654 1326 801 1395 ὑπὲρ
830 1326 941 1394 τῆς
959 1328 1212 1396 χορείας,
1242 1328 1334 1378 καὶ
1363 1329 1395 1396 ἡ
1423 1326 1643 1396 πεμπτὴ
1674 1325 1879 1389 ἕκδοσις

314 1416 594 1481 ὡσαύτως.
644 1419 976 1486 Ἀναγκαίως
1016 1419 1071 1472 δὲ
1124 1420 1406 1489 πρόκειται
1448 1419 1528 1481 τὸ,
1553 1421 1876 1482 συνέσεως·

312 1509 608 1580 ἐπειδήπερ
634 1512 893 1574 συνέσεως
915 1513 1043 1581 ἡμῖν
1069 1510 1146 1562 δεῖ
1165 1510 1297 1580 πρὸς
1326 1512 1382 1562 τὸ
1409 1508 1596 1579 νοῆσαι
1625 1511 1706 1571 τίς
1736 1513 1879 1562 ἐστιν

315 1601 348 1670 ἡ
383 1603 565 1673 χορεία
597 1604 628 1672 ή
658 1602 742 1654 διὰ
784 1604 880 1673 τῆς
923 1602 1246 1673 προγραφῆς
1311 1601 1630 1671 δηλουμένη,
1672 1603 1762 1654 καὶ
1799 1602 1881 1664 τίς

313 1695 342 1745 6
373 1695 546 1762 λόγος,
568 1695 688 1749 καθ’
719 1695 775 1747 ὃν
805 1694 947 1756 ἅπαξ
1005 1692 1385 1764 προλεχθείσης
1411 1694 1508 1762 τῆς
1549 1685 1882 1763 προφητείας

312 1787 454 1840 κατά
487 1788 575 1839 τὸν
613 1786 680 1856 ιγ’
711 1787 960 1856 δεύτερον
1005 1783 1238 1837 ἐνταῦθα
1284 1785 1667 1855 παρείληπται.
1703 1785 1774 1836 Τὸ
1803 1785 1880 1848 δὲ,

314 1881 400 1943 είς
419 1879 612 1942 τέλος,
639 1881 695 1939 ἐν
712 1878 1036 1948 ἀμφοτέροις
1054 1876 1319 1946 κείμενον,
1347 1877 1674 1945 σημαντικὸν
1701 1877 1765 1929 ἂν
1795 1876 1876 1947 εἴη

1983 679 2165 733 verbis
2198 679 2355 734 ambo
2387 678 2663 741 differunt.
2713 678 2843 733 Nam
2879 681 2929 733 in
2963 681 3119 734 titulo
3159 681 3404 737 decimus
3431 690 3543 735 ter-

1985 771 2093 824 tius
2139 771 2191 823 in
2227 771 2382 839 ﬁnem
2424 769 2588 824 David
2635 771 2818 834 habet,
2869 772 2956 825 hic
2983 787 3113 826 vero
3134 772 3377 827 eamdem
3421 774 3543 842 qui-

1981 863 2102 915 dem
2150 863 2468 916 sententiam
2501 862 2750 931 prafert;
2799 863 2892 918 sed
2943 863 3054 918 htec
3095 865 3316 932 insuper
3368 863 3540 928 addit,

1979 969 2072 1020 pro
2091 952 2142 1005 Μ
2151 954 2374 1018 αΙιείειΙι,
2394 955 2772 1024 intelligentia.
2807 956 3019 1024 Aquila,
3051 971 3202 1022 super
3220 956 3428 1019 chorea,
3457 954 3539 1008 in-

1981 1054 2309 1116 terpretatus
2332 1054 2414 1100 est
2441 1064 2453 1112 ;
2489 1046 2868 1116 Symmachus,
2901 1062 2990 1113 per
3023 1047 3268 1109 chorum;
3294 1045 3540 1100 Theodo-

1980 1141 2077 1202 tio,
2115 1154 2208 1207 pro
2227 1139 2413 1192 chorea
2435 1180 2448 1201 ,
2472 1149 2524 1193 et
2548 1141 2735 1209 quinta
2773 1140 2940 1195 editio
2973 1141 3238 1196 similiter.
3275 1141 3540 1198 Necessa-

1983 1230 2063 1282 rio
2096 1240 2277 1284 autem
2328 1231 2686 1308 intelligentia:
2749 1231 2980 1297 dicitur;
3015 1233 3140 1301 quia
3190 1233 3541 1302 intelligentia

1983 1321 2140 1376 nobis
2163 1337 2322 1391 Opus,
2351 1332 2410 1378 ut
2436 1325 2714 1393 capiamus
2735 1339 2855 1393 qua:
2886 1324 2956 1377 sit
3005 1324 3093 1377 illa
3125 1323 3341 1389 chorea,
3383 1325 3437 1377 in
3466 1325 3540 1376 ti-

1983 1418 2094 1470 tulo
2128 1417 2402 1483 indicata;
2438 1429 2490 1472 et
2520 1406 2624 1488 qua
2654 1417 2721 1472 de
2755 1433 2940 1484 causa,
2991 1418 3154 1473 semel
3187 1419 3393 1486 prolata
3418 1433 3542 1488 pro-

1986 1511 2163 1580 phetia
2211 1513 2263 1564 in
2289 1512 2501 1580 psalmo
2532 1512 2745 1565 decimo
2780 1512 2961 1575 tertio,
2993 1510 3233 1565 secundo
3273 1511 3360 1564 hic
3391 1525 3544 1578 repe-

1984 1612 2145 1657 tatur.
2179 1601 2312 1656 Illud
2347 1614 2548 1663 autem,
2589 1604 2643 1654 in
2678 1604 2854 1670 ﬁnem,
2887 1603 3031 1671 quod
3065 1603 3118 1655 in
3142 1609 3369 1668 utroque
3412 1600 3545 1670 legi-

1984 1702 2091 1760 tur,
2125 1703 2333 1762 tempus
2368 1707 2476 1761 quo
2523 1692 2729 1758 impleri
2769 1690 2967 1744 debent
3025 1706 3144 1759 qua:
3187 1691 3239 1743 in
3264 1690 3544 1759 prophetia

1985 1783 2230 1838 feruntur
2260 1782 2666 1853 significaverit.
2723 1781 2860 1847 Quia
2912 1781 3055 1836 enim
3110 1783 3164 1835 in
3198 1797 3545 1836 consumma-

1985 1879 2132 1931 tione
2158 1877 2363 1939 saeculi,
2397 1875 2645 1929 Salutare
2667 1874 2761 1929 Dei
2787 1874 2928 1945 quod
2959 1875 3013 1928 in
3037 1883 3180 1948 terra
3234 1873 3545 1928 hominibus

311 1968 408 2022 ξτοῦ
434 1971 624 2039 χρόνου
652 1969 772 2023 καθ’
792 1970 849 2020 ὃν
876 1968 1104 2041 quam
1152 1967 1526 2020 ἀποτελεῖσθαι
1570 1967 1639 2020 τὰ
1673 1986 1880 2039 προφη-
1914 1948 1951 2000 Β
1982 1968 2030 2020 ill

1824 1986 1880 2038 η-
1914 1948 1951 2000 Β
1982 1968 2180 2030 illuxit,
2211 1968 2466 2020 choream
2498 1966 2782 2020 constituit
2833 1980 2898 2019 ex
2926 1964 3177 2019 omnibus
3207 1964 3457 2034 gentibus
3487 1965 3543 2016 in

310 2061 598 2134 τευόμενα.
662 2061 877 2133 Ἐπειδὴ
921 2060 1030 2132 γὰρ
1079 2060 1220 2114 κατά
1265 2062 1363 2134 τὴν
1420 2061 1728 2114 συντέλειαν
1784 2061 1877 2114 τοῦ

312 2152 528 2216 αἰῶνος,
550 2153 609 2204 τὸ
634 2154 905 2222 Σωτήρων
935 2150 1028 2206 τοῦ
1056 2152 1211 2214 Θεοῦ,
1241 2151 1501 2220 ἐπιφανὲν
1529 2153 1640 2214 τοῖς
1670 2151 1759 2204 ἐπὶ
1779 2150 1880 2220 γῆς

314 2243 643 2315 ἀνθρώποις,
697 2244 910 2316 χορείαν
971 2245 1333 2315 συνεστήσατο
1380 2245 1476 2316 τὴν
1527 2243 1585 2308 ἐξ
1630 2245 1880 2298 ἁπάντων

313 2334 422 2387 τῶν
451 2335 617 2388 ἐθνῶν
649 2337 704 2388 ἐν
737 2339 800 2406 τῇ
850 2336 1141 2408 Ἐκκλησία
1167 2336 1331 2392 αὑτοῦ
1385 2336 1878 2406 συγκροτουμένην,

311 2428 394 2490 είς
416 2426 616 2498 ὕμνους
641 2429 734 2480 καὶ
775 2427 1076 2498 δοξολογίας
1103 2429 1196 2483 τοῦ
1224 2429 1384 2482 αὐτοῦ
1415 2430 1644 2500 ΙΙατρόςο
1663 2431 1884 2492 εἰκότως

313 2518 408 2571 ἐπὶ
431 2519 641 2572 σύνεσιν
670 2521 814 2591 ἡμᾶς
836 2520 1038 2590 ταύτης
1067 2523 1163 2592 τῆς
1202 2523 1419 2592 χορείας
1439 2524 1466 2574 6
1493 2520 1646 2589 λόγος
1678 2537 1882 2591 παρορ-

310 2611 414 2680 μᾷ.
439 2611 547 2664 Καὶ
568 2612 670 2682 ὅρα
696 2613 755 2664 τὸ
786 2613 1110 2683 παράδοξον·
1135 2613 1441 2684 προγράφει
1480 2612 1576 2681 μὲν
1606 2612 1713 2682 γὰρ
1732 2612 1883 2680 ὑπὲρ

312 2699 425 2768 τῆς
452 2703 769 2774 χορείας-,ἢ
807 2703 957 2772 ὑπὲρ
998 2703 1102 2757 τοῦ
1140 2704 1344 2772 χοροῦ,
1373 2704 1577 2772 είσάγει
1601 2704 1656 2755 δέ
1693 2703 1881 2756 οὐδένα

315 2792 406 2844 ἐπῒ⁵
440 2793 540 2864 γῆς
569 2794 850 2864 ἄνθρωπον
884 2795 1241 2862 ἀγαθὸν,οὑδὲ
1270 2795 1522 2848 ποιοῦντα
1543 2795 1879 2866 χρηστότητα

309 2882 418 2946 ἕως
467 2885 602 2949 ἑνὸς,
653 2885 823 2954 λέγων
869 2884 1012 2957 ἑξῆς
1064 2889 1274 2954 Κύριος
1333 2887 1400 2938 ἐκ
1452 2885 1556 2938 τοῦ
1620 2884 1879 2952 οὐρανοῦ

306 2972 602 3044 ὄιέκυψεν
624 2977 721 3030 ἐπὶ
749 2977 886 3043 τοὺς
908 2968 1074 3044 ύίοὺς
1103 2979 1218 3033 τῶν
1242 2963 1581 3047 ἀνθρώπων,
1606 2979 1709 3033 τοῦ
1733 2977 1878 3031 ἰδεῖν

1978 2059 2220 2114 Ecclesia
2249 2059 2419 2132 ipsius
2449 2067 2852 2128 congregatam,
2883 2056 2950 2111 ad
2978 2057 3207 2129 hymnos
3235 2066 3286 2111 et
3314 2057 3543 2127 gloriam

1976 2152 2124 2206 Patri
2155 2153 2326 2221 ipsius
2348 2150 2688 2206 referendam
2712 2168 2724 2217 ;
2751 2151 2875 2220 jure
2903 2150 2968 2204 ad
2995 2151 3120 2204 talis
3147 2150 3355 2204 choreae
3385 2149 3546 2202 intel-

1977 2245 2254 2316 ligentiam
2282 2260 2381 2300 nos
2409 2260 2586 2299 sermo
2633 2245 2888 2298 concitat.
2915 2242 2978 2296 Et
3008 2243 3129 2297 viue
3162 2243 3313 2305 mibi,
3339 2257 3544 2314 quaaso,

1979 2353 2093 2392 rem
2130 2338 2416 2407 permiram
2445 2357 2458 2390 :
2491 2337 2617 2390 dum
2647 2337 2791 2390 enim
2821 2337 2966 2390 hunc
2993 2337 3208 2390 titulum
3260 2335 3410 2400 edit,
3452 2349 3548 2403 pro

1987 2431 2172 2484 chorea
2192 2415 2274 2484 vel
2297 2447 2390 2499 pro
2435 2430 2622 2497 choro,
2674 2429 2883 2483 nullum
2934 2444 3056 2484 esse
3103 2429 3157 2482 in
3185 2439 3325 2483 terra
3349 2430 3548 2484 bonum

1986 2520 2282 2587 hominem,
2345 2537 2409 2576 ac
2446 2538 2512 2576 ne
2543 2523 2625 2576 vel
2661 2537 2826 2575 unum
2880 2522 2971 2592 qui
3031 2522 3190 2577 faciat
3255 2522 3549 2576 bonitatem

1984 2616 2253 2678 enuntiat,
2278 2615 2464 2670 dicens
2513 2617 2568 2670 in
2615 2617 2969 2686 sequentibus
2997 2633 3010 2667 :
3048 2615 3308 2670 Dominus
3331 2616 3393 2669 de
3424 2617 3551 2669 caelo

1983 2707 2248 2774 prospexit
2267 2723 2423 2776 super
2452 2709 2594 2775 filios
2627 2709 2916 2768 hominum,
2972 2719 3030 2760 at
3079 2708 3248 2761 vident
3287 2708 3334 2760 si
3363 2716 3439 2760 est
3470 2707 3548 2759 in-

1983 2797 2218 2868 telligens
2253 2809 2346 2851 aut
2377 2802 2646 2870 requirens
2701 2800 2885 2854 Deum.
2916 2800 3108 2854 Omnes
3137 2800 3548 2860 declinaverunt,

1981 2890 2142 2943 simul
2170 2891 2379 2944 inutiles
2407 2891 2536 2959 facti
2564 2901 2723 2953 sunt;
2759 2907 2859 2944 non
2889 2899 2966 2944 est
3000 2892 3088 2960 qui
3137 2891 3302 2959 faciat
3334 2891 3546 2952 bonum,

1982 2996 2084 3033 non
2123 2990 2200 3033 est
2239 2997 2397 3050 usque
2425 2981 2491 3034 ad
2521 2998 2700 3036 unum.

305 3070 366 3122 el
396 3068 526 3122 ἐστι
567 3069 794 3123 συνιὼν
854 3071 950 3128 καὶ
1003 3069 1259 3138 ἐκζητῶν
1311 3071 1415 3125 τὸν
1465 3072 1628 3125 Θεόν.
1698 3070 1924 3136 Πάντες
1961 3070 2314 3139 ἐξέκλιναν,
2369 3072 2489 3142 ἅμα
2537 3073 2984 3142 ὴχρειώθησαν,
3032 3073 3141 3126 οὐκ
3190 3071 3320 3125 ἐστι
3364 3069 3544 3126 ποιῶν

303 3164 559 3248 ἀγαθὸν,
608 3165 717 3218 οὐκ
743 3163 914 3219 ἐστιν
939 3165 1049 3231 ἕως
1066 3165 1222 3230 ἑνός.

384 3279 447 3332 El
473 3277 531 3330 δὲ
559 3272 652 3331 06v
670 3278 891 3331 τοιαῦτα
907 3266 973 3349 ἦν
998 3277 1065 3331 τὰ
1117 3280 1172 3330 ἐν
1213 3277 1537 3351 ἀνθρώποις,
1573 3279 1646 3342 ὡς
1681 3279 1882 3351 μηδένα
1908 3289 1950 3341 (1

310 3369 518 3438 ἀγαθὸν
544 3369 890 3440 εὑρίσκεσθαι
917 3372 973 3422 ἐν
995 3374 1104 3434 τοῖς
1134 3372 1264 3434 υἱοῖς
1294 3370 1735 3442 τῶνάνθρώπων,
1767 3372 1881 3436 πῶς

314 3461 454 3533 ὑπὲρ
485 3461 582 3531 τῆς
607 3461 823 3532 χορείας
859 3462 930 3513 τὰ
978 3462 1078 3530 τῆς
1128 3462 1449 3532 προγραφῆς
1508 3462 1757 3530 λέγεσθαι
1789 3479 1882 3533 ση-

315 3552 524 3623 μαίνει;
585 3551 722 3604 Ἀλλ’
780 3555 942 3620 ἐρεῖς,
985 3553 1086 3616 ὅτι,
1130 3552 1315 3623 ἐπειδὴ
1363 3554 1562 3616 πάντες
1611 3553 1881 3618 ἐξέκλιναν

311 3647 416 3711 ἕως
438 3648 576 3710 ἐνὸς,
606 3646 969 3719 διεφθάρησαν
992 3664 1050 3699 τε
1082 3649 1131 3700 0i
1182 3649 1274 3701 ἐπὶ
1299 3649 1401 3719 γῆς
1429 3650 1521 3703 καὶ
1559 3649 1880 3720 ἐϐδελύχθη-

314 3756 414 3793 σαν
438 3740 496 3791 ἐν
527 3737 796 3809 ἀνομίαις,
844 3722 1070 3801 εἰκότως.
1119 3740 1148 3792 6
1197 3741 1478 3810 προφήτης
1531 3739 1800 3810 ἐπηύξατο
1826 3743 1881 3794 ἐν

311 3833 422 3895 τοῖς
445 3830 586 3900 μετά
625 3829 793 3883 ταῦτα
839 3829 1026 3883 εἰπών·
1059 3831 1154 3896 Τίς
1176 3811 1352 3885 δώσει
1395 3832 1462 3885 ἐκ
1491 3830 1643 3885 Σιὼν
1669 3831 1734 3885 τὸ
1761 3835 1878 3884 Σω-

311 3922 516 3992 τήριον
559 3924 662 3978 τοῦ
706 3923 978 3992 Ἰσραήλ;
1020 3924 1090 3977 ἐν
1135 3922 1231 3990 τῷ-
1253 3924 1605 3993 ἐπιστρέψω
1665 3925 1882 3992 Κύριον

300 4016 427 4084 (ἣν
451 4017 863 4086 αἰχμαλωσίαν
885 4016 990 4070 τοῦ
1017 4015 1170 4070 λαοῦ
1202 4016 1406 4079 αὑτοῦ,
1456 4014 1881 4084 ἀγαλλιάσεται

324 4106 542 4172 Ἰακὼϐ,
577 4106 676 4175 καὶ
713 4099 1187 4176 εὐφρανθήσεται
1223 4104 1473 4173 Ἰσραήλ.
1533 4106 1742 4158 Συνεῖδε
1773 4107 1879 4175 γὰρ

311 4202 378 4270 τῇ
435 4198 741 4271 προγνώσει
793 4198 886 4252 τοῦ
921 4199 1226 4270 πνεύματος
1281 4198 1374 4251 τοῦ
1419 4197 1776 4269 προφητικοῷ
1804 4199 1877 4262 ὡς

303 4292 419 4362 ἄρα
453 4290 542 4344 διά
592 4293 686 4344 τοῦ
716 4291 989 4361 Σωτηρίου
1040 4289 1269 4360 ἤμελλεν
1312 4293 1345 4361 ὴ
1397 4290 1738 4362 αίχμαλωσία
1783 4292 1878 4345 τοῦ

313 4378 440 4436 λαοῦ
471 4382 816 4454 ἐπιστρέφειν
871 4382 962 4434 καὶ
989 4379 1400 4452 ἐλευθεροῦσθαι
1437 4383 1535 4454 τῆς
1573 4383 1682 4437 τῶν
1720 4383 1878 4449 πολε-

303 4475 452 4545 ,μίων
503 4475 832 4537 δυναστείας·
868 4469 942 4530 ὧν
964 4475 1413 4546 ἐπιτελουμένων,
1443 4477 1476 4547 ἡ
1505 4477 1597 4530 τοῦ
1626 4475 1759 4530 Θεοῦ
1793 4494 1882 4548 χο-

307 4566 434 4639 ρεία
464 4565 742 4620 συνίστατο
761 4568 820 4632 ἐξ
846 4568 1023 4622 αὐτῶν
1044 4567 1266 4622 ἐκείνων
1290 4568 1396 4621 τῶν
1417 4569 1879 4640 ἐλευθερουμένων

309 4659 411 4730 τῆς
460 4659 852 4731 αἰχμαλωσίας.
907 4661 1144 4723 Εἰκότως
1194 4656 1286 4714 οὖν
1335 4662 1414 4725 εἰς
1445 4661 1506 4714 τὸ
1555 4661 1704 4725 τέλος
1752 4662 1880 4714 ἀνα-

311 4752 588 4822 πέμπεται
634 4752 701 4806 τά
750 4752 1034 4823 λεγόμενα,
1083 4755 1177 4807 καὶ
1212 4753 1364 4821 ὑπὲρ
1403 4753 1665 4816 Μαελὲθ,
1726 4771 1878 4807 τουτ-

308 4844 461 4898 έστιν
493 4844 644 4914 ὑπὲρ
682 4844 790 4911 τῆς
816 4847 1074 4914 χορείας,
1098 4846 1361 4902 λέλεκται·
1390 4847 1520 4901 ὡσεὶ
1549 4847 1876 4919 σαφέστερον

309 4936 639 5006 ἡρμήνευτο,
658 4939 795 5009 ὑπὲρ
812 4937 918 4991 τῶν
945 4938 1527 5013 ἐλευθερωθησομένων
1554 4944 1650 5013 τῆς
1680 4942 1876 5012 αἰχμα-

308 5025 527 5092 λωσίας·
562 5029 745 5102 διόπερ
806 5031 898 5083 καὶ
951 5033 1028 5094 εἰς
1076 5031 1285 5086 σύνεσιν
1349 5033 1494 5105 ἡμᾶς
1544 5033 1875 5104 ἀναπέμπει.

311 5117 542 5189 Εἴρηται
589 5122 677 5187 δὲ,
727 5123 807 5188 τῷ
856 5125 1053 5187 Δαυῒδ,
1117 5128 1149 5196 ἡ
1199 5127 1528 5199 προφητεία,
1571 5127 1659 5180 ὑπ’
1712 5126 1877 5180 αὑτοῦ

310 5211 580 5281 λεχθεῖσα.
609 5215 700 5266 Διὸ
730 5216 882 5287 παρά
936 5222 1046 5282 τοῖς
1103 5219 1302 5284 λοιποῖς
1359 5221 1736 5291 ὲρμηνευταῖς,
1773 5219 1879 5274 τοῦ

308 5301 512 5366 Δαυῒδ,
539 5304 960 5376 ἐπιγέγραπται.
999 5313 1107 5366 Καὶ
1156 5312 1302 5376 ἐστιν
1325 5305 1499 5366 εἰπεῖν
1542 5312 1616 5374 ὡς
1642 5312 1748 5382 ἀρα
1780 5313 1878 5364 αὺ-

307 5395 398 5458 τδς
427 5395 457 5447 6
502 5393 683 5458 Δαυῗδ,
735 5402 1019 5471 προφήσας
1073 5403 1153 5455 τό·
1193 5402 1338 5471 Ἐγὼ
1387 5402 1455 5454 δὲ
1504 5401 1646 5454 ὡσεί
1703 5402 1878 5455 ἐλαία

307 5484 687 5554 κατάκαρπος
712 5488 782 5542 ἐν
805 5489 884 5556 τῷ
910 5493 1054 5558 οἴκῳ
1082 5494 1188 5548 τοῦ
1221 5495 1390 5559 Θεοῦ,
1423 5493 1656 5564 ἤλπισα
1686 5494 1785 5548 ἐπὶ
1810 5494 1876 5549 τὸ

307 5581 483 5648 ἕλεος
510 5580 615 5636 τοῦ
644 5583 828 5648 Θεοῦ,
859 5585 960 5638 οὐκ
1006 5586 1180 5651 ἄλλως
1211 5588 1495 5652 τεύξεσθαι
1554 5587 1648 5640 τοῦ
1693 5587 1876 5653 ἐλέους

307 5672 576 5744 ⁴Ιιπίιτέιςατο
605 5672 638 5744 ἢ
670 5673 760 5728 διὰ
787 5675 881 5730 τοῦ
922 5681 1394 5750 προφητευομένου
1443 5679 1728 5750 σωτηρίου.
1787 5682 1877 5735 Διὸ

309 5769 366 5837 ἐν
393 5767 496 5838 μὲν
521 5767 599 5841 τῷ
625 5776 667 5825 ν’
691 5768 892 5840 ἔλεγεν*
939 5772 1188 5839 Ἀπόδος
1229 5791 1330 5843 μοι
1371 5771 1485 5841 τὴν
1515 5773 1877 5843 ἁγαλλίασιν

382 5926 428 5954 ⁷⁸
468 5923 612 5978 Psal.
649 5941 711 5992 ι,
751 5927 834 5982 Η.

2056 3279 2115 3335 Si
2143 3282 2323 3350 itaque
2353 3281 2432 3334 sic
2465 3295 2524 3335 se
2552 3295 2640 3335 res
2679 3279 2950 3335 habebant
2993 3281 3129 3350 apud
3169 3281 3451 3344 homines,
3492 3294 3547 3339 ut

1987 3373 2169 3427 nullus
2199 3371 2254 3425 in
2289 3369 2414 3426 ﬁliis
2452 3369 2732 3424 hominum
2760 3368 2938 3424 bonus
2980 3372 3344 3440 reperiretur,
3382 3389 3547 3442 quare

1987 3480 2084 3536 pro
2115 3465 2312 3519 chorea
2344 3463 2610 3534 psalmum
2647 3461 2755 3514 dici
2787 3461 3068 3530 inscriptio
3102 3465 3402 3532 signiﬁcat?
3447 3464 3547 3519 Ve-

1986 3573 2106 3612 rum
2156 3557 2346 3621 dicas,
2393 3555 2520 3625 quia
2571 3569 2759 3610 omnes
2807 3553 3210 3609 declinaverant
3253 3571 3426 3624 usque
3477 3557 3545 3610 ad

1987 3663 2175 3714 unum,
2210 3662 2275 3701 ac
2299 3645 2537 3715 corrupti
2578 3653 2731 3699 erant
2761 3627 2855 3714 qui
2886 3646 2941 3710 in
2971 3652 3115 3699 terra
3148 3648 3506 3701 versabantur
3527 3689 3543 3710 ,

1982 3749 2037 3796 et
2065 3737 2453 3794 abominabiles
2485 3735 2611 3789 lacti
2633 3742 2788 3790 erant
2821 3736 2875 3789 in
2908 3737 3320 3806 iniquitatibus;
3351 3740 3544 3794 merito

1983 3832 2298 3904 prophetam
2327 3831 2382 3883 in
2402 3827 2752 3897 sequentibus
2783 3837 3058 3898 precatum
3094 3829 3178 3885 his
3202 3831 3383 3885 verbis
3400 3847 3542 3897 esse,

1984 3925 2111 3990 Quis
2131 3921 2276 3974 dabit
2315 3935 2378 3973 ea:
2409 3918 2536 3972 Sion
2563 3917 2812 3973 Salutare
2844 3917 3058 3974 Israel?
3083 3936 3201 3974 cum
3242 3925 3545 3978 converterit

1981 4017 2236 4070 Dominus
2261 4011 2614 4082 captivitatem
2663 4011 2823 4082 plebis
2850 4028 2980 4076 suae,
3022 4016 3306 4069 exsultabit
3345 4013 3543 4080 Iacob,

1981 4117 2028 4160 et
2066 4106 2331 4162 Ιωιοὺίιιιτ
2371 4105 2563 4160 Israel.
2596 4104 2729 4159 Nam
2766 4106 3062 4176 prophetici
3095 4110 3320 4178 spiritus
3363 4111 3544 4165 albata

1981 4208 2227 4264 noverat,
2259 4215 2354 4270 per
2391 4198 2640 4252 Salutare
2671 4199 2803 4252 illud
2824 4239 2838 4262 ,
2867 4201 3227 4269 captivitatem
3258 4203 3428 4271 plebis
3458 4219 3545 4257 re-

1981 4307 2259 4349 versuram
2292 4300 2345 4347 et
2373 4291 2711 4348 liberandam
2739 4308 2860 4347 esse
2886 4309 2950 4347 ex
2999 4294 3338 4353 inimicorum
3368 4294 3542 4348 domi-

1981 4393 2134 4442 natu.
2166 4384 2374 4452 Quibus
2405 4380 2709 4452 absolutis,
2760 4383 2854 4439 Dei
2888 4384 3143 4438 choream
3189 4399 3251 4438 ex
3287 4386 3474 4438 iisdem
3509 4401 3540 4440 a

1982 4480 2294 4551 captivitate
2323 4479 2564 4534 liberatis
2587 4474 3019 4533 constituendam
3046 4491 3186 4532 esse.
3220 4475 3350 4548 Jure
3378 4479 3540 4548 igitur

1981 4572 2094 4626 haec
2110 4571 2254 4626 dicta
2270 4571 2335 4626 ad
2364 4570 2524 4625 linem
2547 4570 2911 4631 remittuntur,
2935 4581 3028 4634 pro
3050 4567 3328 4633 Maheleth,
3349 4570 3400 4624 id
3431 4578 3536 4634 est,

1982 4681 2075 4733 pro
2105 4664 2291 4717 chorea
2343 4661 2486 4716 dicta
2534 4669 2660 4715 sunt
2691 4679 2703 4714 :
2745 4675 2808 4714 ac
2837 4660 2881 4714 si
2913 4661 3113 4716 clarius
3149 4662 3538 4731 explicaretur,

1982 4771 2080 4828 pro
2112 4757 2179 4812 iis
2211 4756 2301 4825 qui
2335 4754 2594 4808 liberandi
2624 4759 2750 4806 sunt
2798 4769 2827 4806 a
2869 4753 3208 4823 captivitate;
3239 4770 3408 4824 quare
3437 4772 3540 4810 nos

1984 4850 2051 4904 ad
2081 4845 2487 4917 intelligentiam
2519 4845 2764 4898 remittit.
2800 4844 2948 4899 Dicta
2986 4855 3162 4901 autem
3186 4856 3270 4901 est
3303 4848 3536 4917 prophe-

1982 4943 2078 5006 tia,
2108 4940 2315 5001 Davidi,
2364 4939 2487 5008 quia
2523 4938 2591 4992 ab
2641 4938 2756 5008 ipso
2790 4936 2990 4995 Davidc
3020 4934 3266 5009 prolata;
3301 4955 3539 5010 quapro-

1985 5045 2102 5106 pter
2134 5031 2275 5103 apud
2328 5032 2650 5100 interpretes
2674 5072 2688 5094 ,
2732 5031 2949 5086 Davidis
2971 5074 2986 5098 ,
3021 5032 3279 5102 inscripta
3318 5042 3416 5086 est.
3458 5032 3536 5091 Ac

1985 5127 2091 5182 dici
2120 5132 2297 5196 potest
2327 5122 2584 5178 Davidem
2609 5163 2624 5188 ,
2657 5124 2745 5194 qui
2780 5131 2904 5178 ante
2930 5123 3173 5189 dixerat,
3222 5121 3332 5193 Ego
3362 5133 3536 5176 autem

1984 5201 2119 5274 sicut
2147 5217 2284 5270 oliva
2333 5216 2612 5286 fructifera
2643 5218 2696 5270 in
2728 5215 2881 5270 domo
2915 5216 3034 5282 Dei,
3068 5217 3265 5285 speravi
3293 5216 3347 5267 in
3377 5216 3535 5269 mise-

1983 5310 2216 5366 ricordia
2247 5309 2364 5374 Dei,
2400 5310 2537 5365 bene
2566 5311 2781 5366 novisse
2819 5325 2877 5365 se
2909 5324 3016 5364 non
3040 5310 3151 5363 alio
3179 5306 3338 5360 modo
3368 5307 3535 5362 mise-

1981 5405 2272 5461 ricordiam
2318 5411 2740 5459 consecuturum
2770 5417 2923 5465 esse,
2979 5415 3138 5470 quam
3173 5414 3268 5469 per
3299 5387 3535 5456 salutare

1980 5493 2113 5550 illud
2141 5493 2283 5564 quod
2331 5493 2385 5547 in
2431 5493 2688 5548 vaticinio
2733 5491 3024 5547 ferebatur.
3070 5489 3430 5555 Quamobrem
3481 5491 3534 5544 in

1981 5586 2430 5658 quinquagesimo
2458 5585 2670 5640 dicebat
2693 5603 2704 5637 :
2741 5582 2913 5637 Redde
2940 5582 3066 5635 mihi
3117 5582 3353 5635 lwtztirn
3375 5577 3532 5634 Salu-

1984 5680 2112 5735 taris
2145 5680 2220 5733 tui
2246 5677 2325 5744 ";
2369 5678 2423 5732 in
2453 5677 2555 5733 hoc
2583 5686 2784 5739 autem,
2813 5675 2940 5741 Quis
2956 5672 3100 5726 dabit
3128 5688 3192 5726 ea:
3220 5672 3345 5726 Sion
3375 5670 3533 5726 Salu-

1984 5782 2094 5826 tare
2127 5768 2341 5826 Israel?
2367 5767 2610 5841 Rogabat
2649 5766 2846 5838 quippe
2873 5777 3158 5820 commune
3190 5763 3388 5818 bonum
3432 5763 3535 5818 sibi
