4354 6418
379 481 485 536 ιδτ

1496 489 1986 546 COMMENTARIA
2023 491 2087 546 ΙΝ
2129 489 2456 548 PSALMOS.

3453 487 3556 543 658

372 602 562 654 δευόαν
605 598 713 668 γὰρ
757 598 854 668 τὴν
902 598 1198 670 βδελυρίαν,
1240 601 1304 652 τά
1333 602 1408 672 μὴ
1438 601 1560 654 ὅντα
1593 603 1666 666 ὡς
1698 603 1823 656 ὄντα
1854 604 1919 657 ἂν
1957 612 1990 667 Α
2023 606 2091 658 du

1854 604 1919 657 ἂν
1957 612 1990 667 Α
2023 606 2273 667 duerunt,
2306 605 2370 658 iis
2392 619 2509 674 qua:
2540 619 2642 657 non
2676 609 2848 666 erant,
2873 616 2934 656 ac
2956 602 2997 656 si
3027 601 3367 663 exsisterent,
3387 601 3554 655 simu-

373 694 873 764 είδωλοποιήσαντες
900 696 1036 765 μετά
1059 697 1154 767 τῆς
1170 685 1423 750 ἀνωτάτω
1459 698 1683 761 ἀδικίας.
1702 700 1796 762 Τίς
1818 701 1923 772 γάρ

372 782 436 836 ἂν
463 783 669 852 γένοιτο
701 785 906 856 ταύτης
928 787 1085 856 ἑτέρα
1116 789 1310 859 χείρων
1345 791 1542 852 ἀδικία.
1572 793 1690 846 καθ’
1731 795 1796 864 ἣν
1821 795 1922 863 φά-

373 891 589 937 σκοντες
613 871 749 927 εἶναι
769 877 938 944 σοφοὶ,
960 878 1398 947 ἐμωράνθησαν,
1417 883 1512 934 καὶ
1531 883 1802 951 ἤλλαξαν
1816 885 1926 952 τὴν

372 966 555 1030 δόξαν
575 964 680 1020 τοῦ
706 967 1006 1034 ἀφθάρτου
1037 969 1182 1022 Θεοῦ
1227 969 1296 1022 ἐν
1325 971 1634 1040 ὁμοιώματι
1695 976 1925 1041 εἰκόνος

372 1058 632 1128 φθαρτοῦ
691 1059 1022 1126 ἀνθρώπου,
1083 1060 1179 1114 καὶ
1243 1062 1541 1126 πετεινῶν,
1577 1065 1673 1117 καί
1725 1082 1922 1134 τετρα-

371 1149 587 1214 πόδων,
641 1151 736 1203 καί
787 1152 1074 1218 ἑρπετῶν,
1130 1153 1269 1206 κατά
1313 1153 1401 1207 τὸν
1470 1155 1610 1224 ἱερὸν
1672 1158 1922 1211 Ἀπόστο-

371 1241 458 1294 λον
478 1258 492 1302 ;
1219 1250 1224 1255 '
1879 1277 1882 1279 λ

400 1331 405 1336 ’
439 1327 557 1384 Εἶτ’
581 1333 881 1396 ᾀκόλουθα
902 1331 1153 1401 δρῶντες
1173 1333 1291 1398 τοῖς
1315 1334 1508 1400 ἀθέοις
1528 1336 1624 1388 καὶ
1648 1335 1920 1404 διαστρό-

371 1421 1217 1492 φοιςέαυτῶνέπιτηδεύμασιν,
1235 1427 1318 1489 εις
1337 1422 1458 1479 πᾶν
1491 1421 1647 1490 εἶδος
1667 1425 1808 1488 βίου
1825 1445 1924 1498 μο-

371 1513 614 1580 χθηρίας
644 1513 1136 1581 περιπεπτώκασι.
1167 1516 1254 1568 Διὸ
1271 1516 1572 1584 ὲπιλέγεται
1603 1517 1755 1585 ἐξῆςο
1803 1520 1922 1570 Οὐκ

372 1602 496 1654 ἔστι
511 1601 696 1655 ποιῶν
704 1605 942 1673 ἀγαθόν.
959 1606 1012 1656 Ὀ
1027 1607 1167 1670 Θεὸς
1181 1604 1247 1657 ἐκ
1263 1604 1364 1658 τοῦ
1379 1605 1630 1672 οὐρανοῦ
1643 1605 1924 1673 διέκυψεν

2026 695 2168 750 lacra
2197 695 2465 765 erigentes
2503 710 2624 749 cum
2673 710 2920 764 suprema
2970 694 3210 748 omnium
3256 683 3555 761 iniquitate.

2025 784 2204 855 Ecqua
2243 785 2382 840 enim
2417 784 2505 838 illa
2529 785 2761 840 deterior
2791 785 3064 853 iniquitas,
3096 798 3199 854 qua
3231 783 3474 837 dicentes
3501 797 3557 836 se

2023 877 2292 947 sapientes
2313 891 2452 940 esse,
2476 877 2624 931 stulti
2653 877 2783 946 facti
2810 885 2947 940 sunt,
2975 887 3022 928 et
3069 883 3392 928 mutaverunt
3439 873 3555 944 glo-

2023 967 2157 1019 riam
2213 966 2619 1034 incorruptibilis
2676 966 2770 1019 Dei
2810 967 2864 1018 in
2897 963 3283 1018 similitudinem
3311 961 3556 1031 imaginis

2024 1058 2249 1124 corrupti
2267 1058 2507 1120 hominis,
2528 1066 2577 1110 et
2594 1057 2878 1122 volucrum,
2895 1065 2942 1108 et
2959 1053 3364 1125 quadrupedum,
3379 1063 3426 1106 et
3445 1069 3556 1106 ser-

2020 1151 2266 1216 pentium,
2291 1150 2582 1204 secundum
2628 1156 2873 1204 sanctum
2900 1146 3210 1217 Apostolum
3239 1145 3315 1197 τί

2093 1323 2293 1378 Deinde
2340 1333 2704 1393 consequenter
2758 1328 2960 1391 agentes
3019 1317 3087 1372 ad
3142 1319 3298 1387 impia
3346 1325 3394 1390 et
3439 1331 3556 1385 per-

2022 1431 2170 1468 versa
2215 1415 2391 1469 studia
2439 1432 2556 1481 sua,
2604 1415 2658 1468 in
2709 1429 2906 1468 omnem
2953 1410 3556 1480 improbitatisispeciem

2020 1506 2159 1573 lapsi
2195 1517 2337 1560 sunt.
2377 1505 2555 1572 Quare
2580 1506 2774 1560 dehinc
2807 1505 3147 1574 subiungitur
3179 1521 3190 1556 :
3230 1500 3348 1554 Non
3372 1500 3557 1568 estqui

2021 1595 2185 1664 faciat
2228 1594 2437 1650 bonum.
2490 1595 2626 1649 Deus
2662 1597 2726 1649 de
2761 1596 2886 1650 caelo
2926 1595 3186 1662 prospexit
3222 1607 3374 1660 super
3419 1590 3555 1658 ﬁlios

371 1691 464 1744 ἐπὶ
492 1695 631 1758 τοὺς
650 1695 818 1760 υἱοὺς
846 1693 962 1747 τῶν
993 1694 1331 1762 ἀνθρώπων,
1366 1695 1470 1749 τοῦ
1506 1695 1651 1749 ίδεῖν
1689 1699 1740 1749 ει
1790 1695 1922 1749 ἔστι
2022 1686 2086 1740 Iw

1836 1713 1922 1749 γτι
2022 1686 2287 1740 hominum
2307 1727 2321 1750 ,
2349 1697 2406 1740 ut
2435 1686 2600 1741 rideat
2623 1688 2669 1740 si
2694 1696 2770 1758 est
2798 1687 3108 1755 intelligens,
3163 1695 3254 1766 aut
3294 1683 3555 1752 requirens

369 1784 596 1836 συνιὼν
626 1785 941 1852 ἣέκζητῶν
983 1785 1086 1838 τὸν
1133 1787 1294 1840 Θεόν.
1341 1786 1562 1852 Πάντες
1588 1786 1920 1850 ἐξέκλιναν,
2023 1780 2088 1833 Di

1836 1802 1920 1846 αν,
2023 1780 2207 1835 Deum.
2262 1779 2450 1835 Omnes
2503 1779 2907 1839 declinaverunt,
2963 1776 3119 1829 simul
3165 1776 3372 1827 inutiles
3425 1773 3555 1840 facti

370 1873 487 1942 ἅμα
513 1874 939 1944 ἠχρειώθησαν,
993 1880 1102 1930 οὐκ
1162 1877 1292 1931 ἐστι
1337 1876 1518 1930 ποιῶν
1556 1878 1925 1946 χρηστότητα
1961 1935 1996 1946 _
2025 1886 2083 1923 su

1832 1892 1925 1942 ητα
1961 1935 1996 1946 _
2025 1882 2165 1933 sunt,
2196 1887 2293 1924 non
2323 1881 2401 1924 est
2441 1871 2527 1940 qui
2564 1871 2726 1938 faciat
2771 1868 3048 1922 bonitatem
3089 1882 3245 1935 usque
3273 1867 3340 1918 ad
3373 1879 3551 1920 unum.

370 1935 478 2030 ἕως
707 1966 765 2018 ’0
785 1935 898 2035 ’μὲν
919 1935 1105 2036 ἀφρων
1129 1967 1314 2036 ἠπάτα
1350 1935 1757 2033 ὲαυτδνίλένων
1779 1935 1922 2039 ὲνΙτῇ
1959 1935 1999 1990 Β
2025 1960 2089 2014 in:

1859 1970 1922 2039 τῇ
1959 1935 1999 1990 Β
2025 1960 2288 2031 insipiens
2334 1976 2465 2016 sane
2512 1976 2631 2015 sese
2675 1960 2901 2028 decepit,
2946 1959 3128 2013 dicens
3171 1957 3225 2010 in
3269 1954 3428 2010 corde
3455 1969 3553 2009 suo

371 2055 563 2126 καρδίᾳ
598 2055 786 2109 ἑαυτοῦ
819 2055 894 2127 μὴ
925 2054 1060 2109 εἶναι
1087 2057 1238 2110 Θεόνο
1295 2059 1388 2110 καὶ¹
1441 2059 1489 2111 oi
1519 2059 1690 2111 λοιποὶ
1711 2059 1766 2111 δὲ
1795 2060 1927 2112 πάν-
2024 2067 2090 2106 110

1833 2060 1927 2112 κάν-
2024 2067 2131 2106 non
2165 2067 2286 2107 esse
2331 2051 2497 2107 Deum
2534 2069 2547 2106 :
2589 2065 2653 2105 ac
2700 2051 2894 2120 reliqui
2941 2064 3128 2104 omnes
3168 2046 3552 2102 abominabiles

369 2162 456 2210 τες
480 2147 875 2220 ὲὸδελύχθησαν
925 2149 1202 2220 βδελυρίαν
1259 2149 1717 2220 ἐπιτηδεύσαντες.
1766 2151 1821 2204 '0
1869 2150 1926 2203 δὲ
2024 2146 2088 2200 ἴοι

1869 2150 1926 2203 δὲ
2024 2146 2150 2201 facti
2174 2156 2318 2214 sunt,
2355 2146 2740 2202 abominationi
2771 2144 3067 2200 studentes.
3101 2144 3166 2196 At
3189 2157 3363 2197 sermo
3394 2157 3552 2202 verus

369 2237 570 2310 ἀληθὴς
601 2237 757 2306 λόγος
792 2239 881 2293 τὸν
911 2243 1006 2294 ἐπὶ
1047 2233 1261 2295 πάντων
1290 2237 1421 2293 Θεὸν
1464 2240 1556 2293 καὶ
1586 2239 1786 2310 Κύριον
1828 2241 1924 2310 οὐχ
2024 2239 2088 2292 (10

1834 2241 1924 2310 οὐχ
2024 2239 2181 2293 docet
2209 2252 2354 2302 eum,
2388 2237 2479 2307 qui
2515 2252 2676 2307 supra
2717 2237 2898 2290 omnia
2926 2246 3027 2301 est,
3067 2234 3232 2290 Deum
3272 2249 3334 2287 ac
3376 2231 3553 2286 Domi-

369 2327 664 2396 ὓςρεστάναι
698 2329 856 2398 μόνον
884 2329 979 2399 καῖ
1004 2330 1071 2383 τὰ
1120 2331 1291 2383 πάντα
1349 2331 1640 2400 περιέχειν,
1671 2330 1802 2384 ἀλλά
1830 2331 1921 2384 καὶ
2021 2346 2088 2384 nu

1833 2331 1921 2384 καὶ
2021 2345 2172 2393 num,
2203 2345 2311 2384 non
2345 2329 2607 2385 exsistere
2634 2329 2794 2384 modo
2821 2337 2874 2385 et
2914 2328 3090 2383 omnia
3119 2325 3396 2396 complecti
3421 2342 3434 2390 ;
3459 2323 3552 2378 sed

369 2420 568 2490 ἐγιρᾷν
593 2421 685 2472 καὶ
708 2420 1146 2486 ἐπισκέπτεσθαι,
1180 2423 1238 2473 οὑ
1296 2421 1363 2474 τὰ
1389 2421 1612 2474 καθόλου
1637 2420 1774 2492 μέρη
1829 2420 1919 2474 τοῦ

369 2509 569 2585 παντὸς
602 2511 778 2580 μόνον,
809 2509 941 2564 ἀλλά
973 2512 1064 2564 καὶ
1092 2510 1158 2564 τὰ
1184 2510 1325 2564 κατά
1347 2511 1529 2582 μέρος,
1565 2511 1658 2564 καὶ
1683 2513 1805 2573 τοὺς
1826 2505 1921 2564 ’ἐπὶ

368 2600 465 2671 τῆς
491 2601 593 2671 γῆς
613 2601 712 2664 τάς
738 2601 1014 2674 διατρισάς
1042 2603 1390 2672 ποιουμένους
1409 2605 1557 2666 υἱοὺς
1585 2603 1692 2656 τῶν
1719 2602 1922 2674 ἀνθρώ-

369 2705 504 2751 πων,
534 2689 791 2743 διδάσκει.
838 2690 949 2742 Εἶτ’
981 2690 1272 2760 ιπειδήπερ
1307 2691 1558 2760 πρόνοιαν
1607 2692 1921 2760 ποιούμενος

368 2776 473 2830 τῶν
497 2776 626 2832 υἱῶν
666 2777 778 2831 τῶν
833 2777 1152 2849 ἀνθρώπων,
1180 2778 1271 2831 τοῦ
1315 2779 1442 2831 ἰδίου
1499 2779 1754 2848 μεγέθους
1787 2781 1919 2832 ὑπο-

367 2864 586 2930 σαίνων,
637 2868 733 2920 καὶ
785 2866 970 2944 ὥσπερ
998 2866 1054 2932 ὲξ
1100 2867 1434 2939 ὑψηλατάτης
1476 2869 1777 2939 ἀκρωρείας
1823 2868 1920 2938 τῆς

367 2955 623 3010 ἀνωτάτω
655 2958 749 3010 καὶ⁵
770 2957 908 3029 ὑπὲρ
941 2958 1115 3010 πάντα
1141 2957 1418 3029 δυνάμεως
1438 2958 1651 3022 ἑαυτοῦ,
1672 2959 1921 3029 καθίησιν

366 3049 463 3101 ἰπὶ
480 3047 578 3119 τὴν
608 3048 872 3120 διάκρισιν
901 3048 1009 3102 τῶν
1037 3050 1128 3102 ἐπὶ
1152 3049 1256 3119 τῆς
1277 3049 1595 3120 ἀνθρώπων,
1613 3049 1920 3104 ἐπισκοπῶν

367 3137 420 3191 ει
447 3136 549 3191 πού
590 3137 673 3202 τίς
714 3141 829 3193 ἔπι
853 3140 952 3210 τῆς
982 3139 1145 3194 αὐτοῦ
1195 3141 1448 3212 προνοίας
1501 3141 1599 3212 τὴν
1659 3141 1919 3212 διοίκησιν

369 3227 585 3293 συνιὼν,
638 3231 732 3284 καὶ
761 3229 814 3284 εί
837 3230 936 3285 πού
967 3248 1068 3296 τις,
1105 3231 1281 3285 πάντα
1329 3232 1553 3303 δεύτερα
1587 3231 1808 3304 θέμενος
1853 3232 1922 3287 τά

365 3319 463 3392 τῆς
493 3318 586 3373 τοῦ
610 3319 723 3390 βίου
749 3321 982 3393 ἀπάτης,
1005 3322 1102 3393 τὴν
1134 3324 1260 3392 περὶ
1288 3322 1450 3377 αὐτοῦ
1471 3321 1693 3395 ζήτησιν
1720 3323 1922 3394 ἀνείλη-

368 3425 435 3477 φε
456 3452 470 3465 .
509 3411 621 3466 Καὶ
648 3411 856 3483 ιπειδὴ,
888 3411 1083 3482 ζητῶν,
1111 3413 1301 3467 οὐδένα
1331 3413 1564 3468 τοιοῦτον
1610 3405 1784 3488 εὗρεν,
1843 3413 1922 3484 τῷ

367 3500 574 3563 πάντας
595 3501 858 3564 ὶκκλῖναι,
884 3501 1019 3572 ὁμοῦ
1044 3517 1103 3553 τε
1154 3503 1249 3556 καὶ
1275 3504 1414 3557 κατά
1451 3505 1514 3557 τὸ
1540 3504 1672 3558 αὐτὸ
1695 3506 1922 3576 expetu-

367 3588 548 3661 θῆναι,
580 3590 656 3655 ὡς
679 3593 751 3662 μὴ
782 3591 1034 3646 ποιοῦντα
1055 3591 1257 3660 ἀγαθὸν
1281 3593 1385 3656 ἕως
1408 3594 1524 3656 ἑνὸς
1550 3595 1744 3666 εὑρεῖν·
1778 3594 1920 3648 stud-

259 3736 266 3741 _
365 3698 474 3745 τως
497 3682 779 3736 ἀπατεειλιῖ
803 3686 912 3747 τοῖς
940 3682 1303 3752 διαφθείρασιν
1334 3685 1546 3749 αὐτοὺς,
1579 3684 1647 3738 τά
1686 3684 1807 3756 ἑξῆς
1834 3685 1922 3742 λιι-

364 3788 495 3840 γων’
533 3773 676 3843 Οὐχὶ
708 3771 1034 3842 γνώσονται
1081 3771 1299 3839 πάντες
1324 3777 1376 3828 οὶ
1411 3772 1775 3845 ἐργαζόμενοι
1797 3775 1912 3843 τὴν

365 3863 642 3935 ἀνομίαν,
668 3867 720 3918 οἱ
751 3865 1055 3931 ἐσθίοντες
1096 3865 1201 3920 τὸν
1244 3866 1396 3920 λαόν
1413 3883 1529 3933 μου
1567 3858 1918 3936 ,ϐρώσειᾶρ-

365 3973 508 4022 too;
555 3957 899 4024 ΊᾋνΚύριον
934 3958 1043 4010 οὐκ
1091 3956 1552 4013 ἐπεκαλέσαντοο
1586 3957 1710 4010 ἐκεῖ
1742 3960 1920 4026 φοϐη-

365 4045 654 4115 θήσονται
681 4046 841 4114 ςρόόφ
871 4041 942 4100 οὗ
971 4047 1080 4106 οὐκ
1106 4041 1186 4116 ἦν
1219 4046 1423 4114 φόϐος.
1471 4045 1706 4116 Ἐπειδὴ,
1731 4045 1917 4100 διακύ-

364 4134 472 4204 ψας
505 4136 570 4188 εκ
597 4131 692 4187 τοῦ
715 4134 846 4187 ιδίου
872 4135 1286 4206 κατοικητηρίου
1309 4137 1336 4187 ὁ
1383 4135 1532 4199 Θεὸς,
1564 4135 1830 4189 τουτέστιν
1857 4140 1920 4192 ὲκ

364 4223 460 4279 τοῦ
487 4223 736 4296 οὐρανοῦ,
769 4223 895 4277 ινθα
927 4215 1194 4292 κατοικεῖν
1222 4225 1434 4294 λέγεται
1477 4225 1564 4278 διά
1589 4228 1711 4289 τοὺς
1738 4227 1919 4280 αὐτόθι

363 4315 674 4388 χωροῦντας
724 4314 886 4369 αὐτοῦ
936 4315 1033 4386 τὴν
1067 4315 1357 4385 βασιλείαν,
1408 4317 1612 4380 πάντας
1652 4313 1755 4370 εῐδε
1799 4319 1921 4382 τοὺς

363 4409 514 4472 υἱοὺς
537 4406 644 4472 τῶν
680 4404 978 4477 ἀνθρώπιον
1023 4405 1416 4476 ἀχρειωθέντας
1473 4404 1565 4461 καὶ
1590 4409 1686 4479 τῆς
1712 4409 1922 4474 εὐθείας

363 4501 459 4556 καὶ
484 4499 650 4572 ὀρθῆς
672 4497 1065 4560 ἀποκλίναντας
1083 4496 1222 4550 ὁδοῦ·
1251 4498 1471 4563 εἰκότως
1495 4494 1584 4554 οἷά
1603 4516 1687 4563 τις
1719 4501 1919 4572 ποιμὴν

2020 2421 2182 2473 etiam
2215 2419 2523 2490 prospicere
2541 2428 2594 2476 et
2630 2419 2996 2480 considerare.
3024 2434 3130 2473 non
3164 2418 3335 2473 solum
3367 2413 3555 2485 praeci-

2021 2525 2156 2578 puas
2185 2509 2423 2564 universi
2456 2516 2657 2577 partes,
2680 2508 2776 2564 sed
2821 2509 3029 2579 singula
3077 2522 3308 2577 quoque,
3335 2514 3388 2560 et
3418 2505 3553 2558 lilios

2017 2603 2294 2657 hominum
2319 2603 2540 2659 interra
2571 2609 2867 2658 versantes.
2897 2599 3096 2656 Deinde
3121 2598 3243 2668 quia
3285 2598 3407 2652 ﬁliis
3454 2597 3553 2651 ho-

2020 2696 2223 2748 minum
2249 2695 2610 2765 prospiciens,
2630 2708 2693 2748 es
2710 2693 2925 2762 propria
2945 2691 3310 2761 magnitudine
3329 2689 3554 2744 descen—

2017 2784 2174 2848 dens,
2201 2784 2356 2853 quasi
2383 2799 2446 2839 ex
2469 2783 2733 2839 altissimo
2761 2781 3040 2836 cacumine
3065 2781 3279 2835 virtutis
3306 2795 3418 2835 sua
3437 2795 3553 2833 om-

2019 2875 2180 2930 nibus
2209 2874 2618 2946 praeminente,
2649 2872 2927 2928 descendit
2970 2871 3036 2926 ad
3065 2886 3179 2934 eos,
3213 2872 3303 2938 qui
3326 2871 3378 2924 in
3409 2881 3552 2926 terra

2017 2973 2210 3032 erant,
2266 2966 2510 3022 homines
2556 2962 3035 3027 internoscendos,
3081 2963 3368 3032 explorans
3421 2977 3550 3016 num

2017 3057 2141 3127 quis
2183 3063 2326 3112 esset
2368 3056 2458 3127 qui
2489 3055 2836 3127 providentia
2879 3067 2991 3109 sua:
3033 3051 3545 3106 administrationem

2019 3149 2375 3219 intelligeret,
2403 3156 2456 3203 et
2483 3163 2609 3202 num
2641 3147 2796 3217 quis,
2827 3143 3140 3214 postpositis
3168 3142 3418 3197 omnibus
3449 3141 3551 3194 liu-

1947 3267 1988 3327 α
2017 3241 2107 3311 jus
2137 3242 2260 3327 vita
2288 3237 2535 3302 fallaciis,
2560 3236 2646 3327 _ad
2684 3250 2764 3327 se
2785 3231 3198 3327 perquirendum
3231 3229 3550 3327 attenderet.

2022 3323 2265 3399 Cumque
2291 3325 2596 3397 huiusmodi
2627 3323 2892 3380 neminem
2923 3321 3202 3379 lustrando
3236 3321 3548 3381 invenisset,

2019 3420 2164 3490 quod
2205 3433 2392 3474 omnes
2431 3416 2793 3472 declinassent
2842 3420 2896 3467 et
2951 3413 3110 3466 simul
3150 3412 3366 3466 inutiles
3424 3409 3550 3466 facti

2019 3510 2269 3574 fuissent,
2297 3511 2370 3564 ita
2404 3514 2464 3563 ut
2492 3498 2561 3563 ne
2588 3507 2672 3561 vel
2697 3520 2863 3560 unum
2898 3504 2988 3576 qui
3014 3503 3215 3557 faceret
3237 3502 3435 3568 bonum
3467 3517 3554 3556 ce-

1976 3608 1979 3612 '
2017 3601 2253 3671 periret;
2281 3599 2403 3668 iure
2430 3597 2791 3652 comminatur
2819 3595 2884 3650 iis
2911 3593 3002 3664 qui
3027 3596 3147 3648 sese
3175 3600 3550 3660 corruperant,

2016 3705 2135 3760 quae
2157 3696 2459 3758 sequuntur
2487 3685 2766 3756 proferens
2799 3703 2814 3738 :
2851 3683 3035 3739 Nonne
3069 3685 3229 3738 scient
3265 3689 3445 3739 omnes
3464 3683 3554 3751 qui

2017 3788 2296 3847 operantur
2341 3779 2700 3849 iniquitatem,
2735 3777 2824 3846 qui
2856 3776 3103 3830 devorant
3145 3773 3341 3843 plebem
3385 3788 3551 3827 meam

2016 3872 2325 3926 comestione
2353 3857 2547 3940 panis?
2576 3869 2858 3923 Dominum
2890 3885 2993 3923 non
3024 3869 3384 3921 invocaverunt
3407 3880 3424 3918 :
3444 3864 3556 3918 illic

2017 3963 2401 4031 trepidauerunt
2445 3962 2632 4015 timore
2684 3959 2774 4014 ubi
2817 3977 2918 4014 non
2963 3968 3075 4014 erat
3115 3961 3290 4015 timor.
3315 3960 3452 4026 Quia
3485 3975 3550 4012 ex

2017 4052 2236 4123 proprio
2255 4051 2528 4107 domicilio
2550 4053 2884 4122 prospiciens
2911 4049 3071 4115 Deus,
3097 4050 3148 4106 id
3171 4060 3280 4115 est,
3301 4066 3367 4106 ex
3393 4050 3554 4110 ctelo.

2019 4142 2107 4196 ubi
2126 4141 2377 4219 habitare
2399 4142 2597 4198 dicitur
2626 4149 2844 4212 propter
2865 4156 2960 4197 eos
2974 4142 3064 4212 qui
3093 4141 3166 4197 ibi
3194 4155 3414 4210 regnum
3436 4140 3554 4208 ejus

2017 4231 2335 4302 possident,
2394 4247 2584 4289 omnes
2629 4233 2768 4287 lilios
2821 4231 3096 4287 hominum
3155 4231 3293 4286 vidit-
3335 4229 3554 4285 inutiles

2018 4321 2210 4386 factos,
2265 4338 2293 4375 a
2343 4331 2488 4378 recta
2521 4324 2609 4378 via
2652 4322 3134 4390 declinasse;jure
3179 4335 3276 4374 ceu
3333 4308 3553 4388 quidam

2019 4408 2205 4484 pastas
2236 4415 2409 4470 bonus
2441 4431 2654 4486 gregem
2683 4430 2840 4470 suum
2868 4415 2920 4467 in
2949 4411 3551 4482 hominibus.ex_sisten—

2018 4515 2124 4562 tem
2172 4523 2392 4573 curans,
2441 4499 2801 4578 perversionis
2843 4503 3152 4558 auctoribus
3198 4503 3554 4558 comminatur

363 4597 565 4666 ἀγαθὸς
590 4599 884 4670 κηδόμενος
925 4598 1020 4668 τῆς
1075 4599 1132 4650 ἰν
1163 4595 1464 4666 ἀνθρώποις
1484 4599 1646 4653 αὑτοῦ
1697 4600 1916 4671 ἀγέλης,
1951 4610 1996 4665 ι)
2020 4599 2082 4654 dii

1837 4618 1916 4671 qq,
1951 4610 1996 4665 ι)
2020 4599 2243 4655 dicens:
2284 4597 2472 4652 Nonne
2516 4588 2816 4667 cognoscent
2853 4595 2940 4663 qui
2979 4603 3258 4663 operantur
3302 4593 3556 4665 iniquita-‘

362 4689 645 4757 insistite!
686 4693 797 4754 τοῖς
825 4689 1015 4752 αἰτίοις
1042 4689 1140 4758 τῆς
1165 4687 1508 4760 διαστροφῆς,
1547 4690 1736 4758 λέγων·
1771 4693 1917 4763 Οὐχὶ

363 4779 692 4848 γνώσονται
720 4785 772 4835 ol
792 4779 1157 4851 ἐργαζόμενοι
1178 4779 1291 4847 τὴν
1313 4779 1590 4847 ἀνομίαν,
1609 4785 1663 4835 οι
1687 4783 1917 4838 ἐσθίον-

311 4888 318 4894 ·
348 4886 463 4939 τες
489 4872 599 4928 τόν
629 4875 781 4929 λαόν
823 4892 941 4944 μου
979 4872 1200 4942 ,ϐρώσει
1264 4870 1478 4939 ἆρτου;
1523 4873 1631 4926 Καί
1659 4891 1747 4943 μοι
1771 4873 1918 4928 δοκεῖ

361 4959 535 5016 ταῦτα
563 4964 689 5035 περὶ
747 4964 1023 5036 δυνάμεων
1080 4961 1462 5032 ἀντικειμένων
1514 4961 1765 5030 λέγεσθαι
1808 4964 1915 5019 τῶν

360 5047 610 5120 ἀοράτων
669 5054 878 5126 ἐχθρῶν
929 5055 1024 5109 καὶ
1068 5051 1338 5124 πολεμίων
1364 5049 1457 5104 τοῦ
1481 5051 1669 5118 γένους
1691 5052 1782 5106 τοῦ
1816 5054 1915 5107 ἀν-

362 5135 651 5209 θρωπείου.
679 5137 837 5198 οὗτοι
874 5145 980 5215 γὰρ
1005 5143 1067 5197 τὸ
1101 5142 1207 5197 τῶν
1230 5139 1524 5214 ἀνθρώπων
1564 5141 1720 5208 γένος
1746 5144 1915 5197 κατά-

363 5228 560 5300 σρωμα
588 5233 799 5300 ἑαυτοῖς
819 5238 1156 5307 ιποιήσαντο,
1182 5233 1268 5291 οἷα
1289 5237 1448 5291 δεινοὶ⁸
1475 5234 1635 5307 θῆρες
1676 5235 1774 5300 τὰς
1808 5237 1913 5307 ψυ-

2018 4699 2141 4754 tem,
2173 4689 2262 4758 qui
2309 4686 2556 4741 devorant
2597 4684 2790 4754 plebem
2823 4701 2990 4738 meam
3030 4686 3338 4740 comestione
3363 4685 3555 4754 panis!

2018 4778 2084 4832 Et
2126 4779 2242 4832 haec
2273 4777 2523 4832 videntur
2555 4777 2686 4830 mihi
2725 4776 2791 4830 de
2828 4776 3156 4833 adversariis
3199 4779 3553 4848 potestatibus

2020 4867 2370 4924 invisibilium
2389 4867 2726 4920 inimicorum
2755 4873 2809 4921 et
2832 4865 3066 4922 hostium
3095 4869 3307 4937 generis
3336 4870 3553 4922 humani

2023 4959 2169 5015 dicta
2198 4972 2337 5013 esse.
2375 4954 2440 5010 Hi
2461 4957 2602 5011 enim
2627 4947 2904 5012 hominum
2923 4975 3092 5029 genus
3121 4960 3299 5014 cibum
3339 4959 3440 5014 sibi
3476 4958 3556 5012 fc-

2017 5057 2234 5114 cerunt,
2274 5063 2372 5104 ceu
2420 5049 2683 5106 immanes
2722 5051 2848 5108 ferte
2905 5054 3113 5107 animas
3155 5065 3340 5106 eorum
3385 5047 3554 5103 devo-

2017 5150 2218 5206 rantes,
2261 5150 2321 5194 ut
2362 5143 2416 5195 in
2453 5144 2750 5213 prophetiis
2787 5145 2989 5200 dictum
3025 5151 3106 5200 est
3137 5164 3150 5199 :
3177 5143 3279 5209 Qui
3305 5141 3554 5196 devorant

2018 5234 2263 5306 populum
2288 5250 2455 5288 meum
2484 5244 2590 5290 toto
2619 5252 2706 5291 ore
2725 5237 2794 5293 ".

361 5279 463 5393 κάς
482 5279 710 5378 Γαὐτῶν
770 5279 1158 5397 κατεσθίοντες,
1197 5327 1337 5383 κατά
1371 5328 1431 5381 τὸ
1482 5279 1771 5399 ei;th
1794 5279 1852 5380 si:
1879 5279 2250 5400 ~«imminit.torte
2299 5329 2362 5380 Ol
2405 5279 2813 5394 κατεσθίοντες
2838 5328 2943 5383 τὸν
2967 5328 3119 5382 λαόν
3151 5343 3269 5396 μου
3317 5279 3436 5390 ὅλῳ
3476 5326 3554 5394 τῷ

360 5415 630 5482 στόματι.

432 5500 709 5564 Οὖτοιόὗν
747 5510 901 5583 αὐτοὶ
937 5512 1034 5563 νῦν
1068 5511 1185 5582 μὶν,
1233 5513 1426 5585 φησὶν,
1472 5511 1545 5576 ὡς
1574 5510 1673 5565 οὐκ
1701 5511 1768 5565 ἂν
1821 5513 1912 5566 τὸν

360 5598 495 5654 Θεὸν
535 5598 638 5670 πρὸ
655 5597 945 5670 ὀφθαλμῶν
972 5598 1207 5670 θέμενοι,
1260 5603 1430 5657 ταῦτα
1461 5601 1599 5657 κατά
1643 5600 1735 5654 τοῦ
1781 5601 1908 5658 λαοῦ

361 5693 456 5746 καὶ
478 5689 619 5747 κατά
643 5689 741 5761 τῆς
770 5690 906 5762 ὶμῆς
947 5691 1004 5743 ἑν
1030 5689 1334 5763 ἀνθρώποις
1359 5691 1577 5762 λογικῆς
1609 5692 1805 5765 ἀγυιης
1832 5694 1910 5750 δι-

436 5845 481 5876 "
523 5842 680 5899 Rom.
722 5866 771 5910 ι,
803 5842 896 5898 22.
969 5843 1015 5875 ⁷⁸
1053 5842 1158 5898 lsa.
1193 5861 1278 5907 ιι,
1313 5847 1395 5902 ii.

634 5974 637 5977 -
675 5939 946 6002 ΡΑτιιοι..
970 5937 1354 6018 (ἱμΧΧΙΠ.

2085 5509 2153 5565 iii
2184 5510 2370 5581 igitur,
2404 5512 2596 5583 inquit,
2632 5520 2815 5585 utpote
2843 5513 2934 5583 qui
2964 5511 3127 5574 Deum
3150 5511 3420 5566 oboeulos
3443 5527 3552 5567 non

2013 5612 2233 5674 ponant,
2264 5602 2378 5674 jam
2419 5615 2612 5678 contra
2665 5606 2916 5677 populum
2968 5613 3022 5660 et
3056 5613 3241 5660 contra
3279 5619 3458 5660 meum
3495 5607 3549 5660 in

2013 5696 2318 5754 hominibus
2355 5699 2725 5758 rationabilem
2746 5713 2956 5772 gregem
2997 5696 3110 5754 hac
3136 5705 3378 5771 egerunt.
3409 5697 3548 5755 Num

3283 5957 3357 6017 15
