4354 6400
829 469 929 524 459

1529 452 1793 515 EUSEBII
1828 450 2299 511 cassmmsns
2322 449 2479 508 ore;
2504 421 2682 505 ms
2719 450 2803 506 ιιι.
2841 478 2907 492 -
2942 450 3248 508 EXEGETlt

2322 449 2479 508 ore;
2504 421 2682 505 ms
2719 450 2803 506 ιιι.
2841 478 2907 492 -
2942 450 3343 508 EXEGETICA.
3934 455 4031 510 to;

824 601 953 656 ergo
990 600 1203 655 semper
1241 585 1318 638 sic
1352 590 1569 653 agentes
1611 576 2069 650 perseverabunt?
2099 575 2230 629 Esto
2270 574 2379 642 jam
2412 571 2457 626 Δ
2486 585 2543 619 επ

2314 587 2379 624 ιη]
2412 571 2457 626 Α
2486 567 2802 637 επράξαντο.
2833 570 2976 638 Μήτι
3000 566 3091 623 οὖν
3121 572 3212 623 καὶ
3230 573 3306 632 εἰς
3328 571 3388 622 τὸ
3410 572 3663 633 παντελὲς
3679 571 3845 623 ταῦτα
3866 573 4033 641 πράτ-

826 677 995 733 Deum
1030 692 1138 730 non
1171 676 1593 738 invocaverunt,
1629 669 1737 725 Deo
1768 668 2036 723 contraria
2076 673 2129 720 et
2165 666 2379 719 inimica

2481 680 2661 725 τοντες
2682 662 3112 727 διατελέσουσινς
3170 663 3347 715 Ἔστω
3387 662 3443 713 δὲ
3489 660 3611 725 νῦν,
3654 662 3743 714 τὸν
3775 662 3905 713 Θεὸν
3941 662 4038 713 οὐκ

822 772 1052 837 Operati,
1088 781 1269 830 annon
1298 765 1534 836 quodam
1571 771 1810 831 tempore
1856 766 2186 829 cognoscent
2223 757 2381 809 ultio-
2483 755 2541 805 ἐπ

2322 770 2381 808 ο-
2483 754 2901 817 ἐπεκαλέσαντο,
2933 754 3190 808 τάναντία
3215 753 3293 823 τῷ
3330 752 3447 823 Θεῷ
3480 754 3571 805 καὶ
3602 753 3669 804 τὰ
3697 752 3863 823 ἐχθρά
3891 754 4037 822 αὐτῴ

821 876 944 916 nem
993 860 1127 930 ipsis
1178 856 1546 913 inferendam?
1589 854 1732 908 Sane
1776 862 1989 922 tempus
2031 852 2133 906 erit
2170 852 2223 904 in
2272 862 2379 919 quo

819 951 1168 1020 trepidabunt
1216 952 1433 1003 timore.
1488 946 1773 1012 Quodnam
1805 944 1972 1007 illud,
2015 942 2120 998 nisi
2162 940 2376 1011 quando

818 1041 1169 1095 illucescente
1208 1037 1469 1100 Salutari,
1500 1036 1685 1089 nullus
1715 1035 1857 1087 ultra
1891 1040 2065 1087 metus
2089 1031 2375 1100 pecoribus

819 1132 950 1186 meis
986 1130 1197 1194 aderit,
1230 1130 1350 1183 illas
1394 1136 1574 1181 autem
1618 1128 1884 1197 immanes
1924 1126 2085 1186 feras,
2130 1123 2373 1177 occultos

816 1229 869 1274 et
888 1220 1186 1274 invisibiles
1205 1220 1477 1273 daemones
1505 1219 1666 1271 timor
1691 1206 1982 1285 corripiet,
2014 1215 2103 1269 ubi
2138 1230 2243 1268 non
2272 1214 2374 1268 erit

817 1312 1040 1367 timendi
1072 1311 1258 1366 locus?
1298 1308 1452 1364 Tunc
1498 1310 1639 1363 enim
1692 1309 1760 1363 iis
1800 1308 2017 1378 quidem
2073 1310 2165 1378 qui
2216 1307 2373 1361 bonis

816 1413 976 1457 erunt
1020 1404 1166 1473 digni
1209 1404 1392 1458 nullus
1440 1402 1543 1456 erit
1575 1411 1783 1466 metus;
1814 1402 1882 1457 iis
1918 1414 2069 1467 vero,
2123 1400 2216 1471 qui
2258 1401 2371 1469 jam

816 1504 1004 1549 contra
1032 1496 1286 1564 pupulum
1309 1511 1485 1549 meum
1516 1496 1821 1560 eriguntur,
1846 1494 2057 1562 iugruet
2088 1492 2247 1545 timor
2278 1492 2371 1545 ira:

815 1589 962 1656 ipsos
994 1587 1279 1647 invasurre,
1312 1602 1431 1655 qua:
1461 1590 1692 1645 instans.
1728 1584 2008 1653 dissipabit
2033 1599 2152 1637 ossa
2190 1597 2368 1635 eorum

811 1678 900 1747 qui
952 1676 1245 1730 hominibus
1285 1675 1527 1743 placent;
1577 1690 1682 1744 qua
1752 1670 2185 1729 confundentur;
2239 1667 2366 1736 quia

811 1781 941 1825 tunc
972 1770 1213 1824 omnium
1245 1769 1408 1837 judex
1440 1768 1586 1838 ipsOs
1618 1766 1771 1821 nihili
1805 1764 1987 1818 faciet.
2010 1762 2113 1816 Pro
2149 1762 2241 1815 illo
2267 1774 2365 1812 au-

2479 845 2845 917 ἐνεργοῦντες,
2874 846 2947 915 μὴ
2974 846 3093 915 οὐχὶ
3126 844 3418 913 γνώσονται
3443 843 3617 913 καιρῷ
3643 861 3746 896 τινι
3796 844 3891 915 τὴν
3941 846 4040 896 ἐπ-

2477 937 2837 1007 ελευσομένην
2861 937 3039 1000 αὐτοῖς
3064 937 3246 1006 δίκην;
3280 936 3389 988 Καὶ
3423 936 3528 1005 μὴν
3558 935 3716 991 ἔσται.
3740 936 3947 1005 καιρὸς,
3981 938 4039 989 ἐν

2474 1023 2518 1097 ᾧ
2548 1030 2941 1099 φοϐηθήσονται
2993 1028 3175 1097 φόϐον.
3230 1028 3387 1091 Ποῖος
3448 1029 3493 1080 δ’
3556 1027 3620 1080 ἂν
3666 1027 3749 1097 εἴη
3802 1021 4036 1097 οὖτοςῆ

2475 1122 2678 1183 ἐκεῖνος
2717 1119 2839 1172 καθ’
2863 1121 2921 1172 ὃν
2965 1118 3367 1190 ἐπιλάμψαντος
3397 1116 3489 1170 τοῦ
3530 1118 3822 1188 Σωτηρίου,
3857 1116 4036 1169 οὐκέτι

2474 1216 2585 1275 τοῖς
2610 1214 2763 1282 ἐμοῖς
2806 1212 3085 1283 θρέμμασι
3125 1210 3285 1279 φόϐος
3326 1211 3694 1279 ἐπιστήσεται·
3742 1209 3935 1269 αὐτοὺς
3979 1209 4037 1259 δὲ

2472 1304 2597 1366 τοὺς
2624 1304 2826 1366 δεινοὺς
2860 1303 3032 1374 θῆρεῄ·
3079 1305 3175 1356 καὶ
3209 1304 3331 1366 τοὺς
3380 1302 3602 1370 ἀφανεῖς
3643 1300 3736 1353 καὶ
3777 1300 4038 1370 ἀοράτους

2470 1392 2727 1461 δαίμονας
2760 1392 2919 1459 φόϐος
2951 1393 3173 1461 λήψεται
3224 1392 3337 1443 ἐκεῖ
3394 1384 3454 1443 οὗ
3506 1390 3605 1443 οὐκ
3646 1389 3794 1442 ἔσται
3838 1388 4036 1456 φόϐοςς

2471 1483 2603 1534 Τότε
2628 1480 2736 1554 γὰρ
2764 1484 2875 1544 τοῖς
2908 1482 3004 1551 μὲν
3025 1480 3131 1533 τῶν
3182 1480 3398 1548 ἀγαθῶν
3428 1478 3597 1542 ἀξίοις
3622 1479 3721 1530 ούκ
3760 1478 3907 1529 ἔσται
3944 1477 4037 1545 φό-

2470 1572 2582 1635 ϐος,
2607 1577 2716 1636 τοῖς
2746 1573 2801 1626 δὲ
2832 1572 2925 1625 νῦν
2946 1572 3323 1642 ἐπαιρομένοις
3346 1570 3485 1623 κατά
3517 1569 3609 1623 τοῦ
3631 1568 3758 1623 λαοῦ
3793 1586 3893 1639 μου
3919 1571 4037 1620 ἐπι-

2469 1668 2711 1718 πεσεῖται
2751 1665 2912 1733 φόϐος
2949 1668 2977 1717 6
3004 1665 3103 1733 τῆς
3140 1662 3599 1734 μετελευσομένης
3631 1661 3824 1725 αὐτοὺς
3842 1660 4034 1731 ὀργῆς,

2468 1759 2588 1828 ἥτις
2654 1758 2925 1809 ἐπιστᾶσα
2998 1756 3416 1824 διασκορπισει
3492 1754 3645 1808 ὀστᾶ
3720 1755 4033 1823 ἀνθρωπα-

810 1868 935 1925 tem,
966 1860 1226 1928 Quoniam
1258 1859 1391 1913 Deus
1421 1858 1697 1925 dissipavit
1747 1872 1868 1910 ossa
1905 1870 2108 1915 eorum,
2147 1852 2236 1921 qui
2274 1849 2366 1902 ho-
2398 1916 2437 1928 __
2464 1847 2529 1915 ρέ

2312 1865 2366 1902 ο-
2398 1916 2437 1928 __
2464 1847 2721 1915 ρέσκωνο
2779 1849 2838 1899 ἐν
2925 1847 3016 1900 καὶ
3048 1846 3619 1917 καταισχυνθήσονται,
3669 1844 3855 1917 ἐπειδὴ
3910 1845 4031 1898 τότε

807 1916 1033 2006 minibus
1064 1952 1289 2019 placent,
1327 1947 1686 2019 Symmachus
1720 1945 1793 1999 ita
1832 1948 2217 2011 interpretatus
2242 1948 2358 1994 est:
2396 1916 2441 1972 Β
2469 1940 2526 1991 αξ

2313 1948 2358 1992 t:
2396 1916 2441 1972 Β
2469 1939 2667 2000 αὐτοὺς
2696 1940 2725 1990 6
2764 1916 3141 1990 cavamime
3186 1916 3528 2003 ἐξουδενώσει
3556 1938 3766 2007 κριτής.
3808 1916 3950 1989 Ἀντὶ
3976 1936 4032 1988 δὲ

810 2038 951 2093 Nam
987 2040 1123 2092 Deus
1149 2037 1427 2105 dissipabit
1456 2051 1578 2088 ossa
1623 2049 1803 2087 eorum
1848 2032 1937 2102 qui
1974 2036 2363 2083 castrametan-

806 2142 892 2185 tur
921 2134 1063 2185 circa
1093 2141 1139 2183 te
1166 2146 1181 2183 :
1205 2126 1545 2197 confunderis
1573 2125 1696 2194 quia
1734 2122 1871 2176 Deus
1922 2120 2215 2188 reprobavit
2252 2135 2358 2174 eos.

804 2223 997 2291 Aquila
1048 2228 1242 2273 autem
1300 2218 1475 2273 eidem
1564 2213 1849 2291 sententia:
1893 2213 2061 2267 haaret
2124 2211 2357 2265 dicens:

805 2284 1068 2378 Quoniam
1117 2310 1254 2363 Deus
1304 2309 1576 2376 dissipavit
1628 2284 1775 2361 oss}
1794 2322 1973 2359 eorum
2012 2306 2102 2373 qui
2129 2306 2362 2358 'eastra-

802 2404 985 2456 metati
1007 2411 1126 2455 sunt
1149 2404 1289 2454 circa
1313 2412 1359 2454 te
1382 2418 1399 2453 :
1422 2402 1669 2469 confusus
1690 2416 1764 2464 es,
1787 2384 2031 2468 quoniam
2048 2396 2186 2451 Deus
2218 2388 2361 2464 abje—

805 2496 873 2546 cit
905 2510 1014 2549 eos.
1042 2491 1319 2547 Sermonis
1345 2500 1522 2547 autem
1567 2492 1835 2547 sententia
1877 2490 2137 2552 declarat,
2164 2488 2359 2559 praedi-

803 2590 1013 2635 ctorum
1048 2580 1227 2651 populi
1276 2580 1679 2646 insidiatorum,
1702 2580 1957 2635 videlicet
2003 2578 2355 2631 invisibilium

800 2673 1142 2728 inimicorum
1194 2683 1248 2726 et
1295 2674 1631 2727 occultorum
1685 2672 1946 2735 hostium,
1986 2671 2217 2725 virtutes
2262 2667 2357 2722 de-

798 2765 987 2820 lendas
1010 2780 1151 2819 esse.
1186 2764 1316 2818 Nam
1354 2780 1479 2821 ossa
1510 2763 1854 2819 inimicorum
1894 2762 2177 2833 dissipata,
2201 2759 2356 2812 mali-

793 2857 881 2913 tia
924 2872 1113 2911 eorum
1155 2858 1383 2911 virtutes
1421 2857 1652 2920 fuerint,
1704 2870 1841 2926 quas
1878 2862 2066 2908 notato
2113 2860 2355 2921 tempore

792 2949 959 3004 Deum
990 2948 1376 3018 dissipaturum
1412 2949 1795 3002 comminatur.
1820 2944 1973 2999 Tunc
2000 2958 2165 3014 porro
2190 2942 2354 2997 etiam

791 3039 1213 3099 confundentur,
1242 3053 1365 3092 cum
1410 3036 1549 3093 Deus
1591 3054 1686 3093 eos
1745 3036 2141 3107 reprobaverit,
2166 3050 2230 3089 ac
2259 3034 2353 3089 de-

790 3130 1046 3200 spexerit,
1093 3130 1227 3183 nihil
1264 3143 1359 3183 eos
1396 3143 1519 3183 esse
1560 3128 1941 3197 comprobans.
1985 3125 2109 3179 Haec
2158 3125 2351 3178 merito

791 3223 1175 3279 Interminatus
1220 3229 1302 3276 est
1349 3220 1628 3274 hominum
1674 3228 1896 3273 curator
1939 3216 2034 3272 Dei
2084 3218 2345 3283 verbum;

790 3313 1045 3385 quoniam
1094 3313 1432 3384 prospiciens
1478 3312 1545 3366 de
1584 3310 1723 3365 casio
1772 3324 1937 3379 super
1988 3307 2128 3361 ﬁlios
2173 3308 2349 3362 homi-

789 3420 939 3467 num,
965 3419 1029 3459 ac
1068 3404 1404 3475 perlustrans
1442 3416 1573 3455 num
1612 3401 1735 3471 quis
1775 3407 1920 3455 esset
1967 3400 2109 3454 inter
2138 3414 2231 3455 eos
2267 3398 2349 3453 in-

787 3497 1034 3571 telligens
1069 3505 1161 3551 aut
1188 3496 1471 3565 requirens
1504 3493 1695 3558 Deum,
1735 3494 1943 3548 nullum
1978 3492 2216 3558 invenit;
2253 3492 2346 3547 sed

786 3587 1141 3663 deprehendit
1171 3603 1363 3643 omnes
1405 3587 1623 3642 insidiis
1662 3586 2007 3641 inimicorum
2040 3584 2347 3641 declinasse

784 3690 847 3728 ac
888 3675 1106 3730 inutiles
1150 3676 1321 3731 factos
1364 3691 1505 3739 esse,
1548 3683 1607 3730 ut
1653 3691 1722 3730 ne
1765 3675 1851 3730 vel
1902 3690 2045 3731 unus.
2092 3674 2345 3731 residuus

782 3774 927 3821 esset
954 3766 1111 3822 bonis
1142 3768 1400 3837 aperibus
1426 3766 1665 3822 deditus.
1706 3766 1897 3823 Priora
1931 3767 2115 3838 itaque
2150 3768 2345 3822 tertius

781 3859 1026 3913 decimus
1068 3858 1230 3912 etiam
1265 3859 1645 3929 complectitur
1676 3879 1688 3913 :
1714 3874 1835 3930 quae
1876 3866 2183 3929 sequuntur
2217 3873 2344 3913 vero

781 3949 923 4001 inter
950 3964 1008 4002 se
1033 3947 1307 4004 diﬂeruut.
1331 3948 1467 4005 Nam
1491 3950 1545 4004 in
1576 3950 1790 4005 decimo
1810 3952 1971 4005 tertio
2000 3950 2086 4005 bis
2115 3949 2343 4019 subiun-

778 4039 924 4109 gitur
946 4038 1109 4092 illud:
1142 4038 1401 4105 Quoniam
1430 4040 1573 4094 Deus
1604 4043 1659 4095 in
1681 4043 2016 4111 generatione
2055 4042 2209 4107 justo
2238 4051 2338 4105 est,

778 4130 1055 4184 consilium
1094 4131 1263 4200 inopis
1294 4131 1629 4199 confudistis,
1659 4122 1909 4202 quoniam
1943 4133 2200 4187 Dominus
2223 4148 2339 4202 spes

775 4223 890 4292 ejus
917 4223 1085 4287 est";
1134 4223 1221 4278 hic
1251 4238 1401 4287 vero,
1436 4223 1699 4289 Quoniam
1732 4223 1871 4278 Deus
1906 4223 2181 4293 dissipavit
2216 4242 2339 4278 ossa

774 4327 953 4365 eorum
979 4313 1069 4382 qui
1104 4312 1399 4367 hominibus
1423 4294 1650 4381 plac'ent,
1682 4314 1889 4381 confusi
1922 4324 2042 4368 sunt
2086 4316 2339 4386 quoniam

774 4398 915 4455 Deus
968 4403 1157 4469 sprevit
1196 4419 1303 4457 eos.
1338 4400 1444 4457 Sed
1474 4419 1595 4473 qua:
1636 4404 1855 4459 tertium
1895 4404 2166 4460 decimum
2215 4420 2338 4475 spe-

772 4498 924 4548 ctant
952 4493 1067 4548 suis
1095 4494 1227 4547 locis
1250 4496 1467 4565 propria
1487 4495 1933 4564 interpretatione
1962 4497 2163 4553 donata
2184 4506 2333 4553 sunt.

2463 2030 2577 2083 τοῦ·
2613 2032 2740 2083 Ὅτι
2783 2032 2816 2082 ὀ
2864 2029 3008 2095 Θεὸς
3061 2029 3482 2097 διεσκόρπισεν
3537 2027 3686 2084 ὀστᾶ
3721 2030 4031 2098 ἀνθρωπᾶ

2455 2123 2714 2188 ρέσκων,
2745 2120 2772 2170 ὁ
2804 2121 3095 2189 Σύμμαχος
3123 2118 3311 2173 τοῦτον
3338 2121 3646 2192 ἡρμήνευσε
3674 2121 3765 2173 τὸν
3805 2121 4026 2189 τρόπον’

2473 2213 2525 2265 '0
2558 2211 2667 2280 γὰρ
2706 2210 2848 2277 Θεὸς
2887 2210 3301 2279 διασκορπίσει
3343 2208 3494 2265 ὀστᾶ
3531 2210 3649 2265 τῶν
3692 2214 4027 2281 παρεμϐαλ-

2458 2306 2691 2358 λόντων
2733 2303 2865 2370 περὶ
2922 2286 3013 2356 σέ·
3078 2301 3593 2371 καταισχυνθήσῃ,
3643 2301 3731 2354 ὅτι
3792 2304 3826 2355 ὀ
3884 2301 4028 2367 Θεὸς

2458 2393 2903 2462 ἀπεδοκίμασεν
2926 2393 3164 2459 αὐτούς.
3224 2393 3332 2445 Καὶ
3392 2394 3420 2446 6
3461 2391 3686 2455 ’Δκύλας
3714 2392 3770 2445 δὲ
3804 2393 3900 2463 τῆς
3931 2394 4027 2467 αὺ-

2456 2488 2553 2557 τῆς
2588 2487 2767 2557 ἔχεται
2799 2486 3035 2549 διανοίας
3062 2476 3254 2555 λέγων·
3290 2487 3408 2539 ’Ότι
3431 2489 3462 2539 ὀ
3496 2485 3639 2549 Θεὸς
3663 2485 4025 2553 ἐσκόρπισεν

2456 2576 2607 2633 ὀστᾶ
2634 2580 3200 2649 παρεμϐεϐληκότων
3221 2596 3356 2633 σου·
3389 2580 3687 2646 ᾔσχυνας,
3716 2576 3805 2630 ὅτι
3826 2581 3858 2631 ὀ
3882 2578 4025 2645 Θεὸς

2454 2671 2782 2740 ἀπέῤῥιψεν
2810 2672 3049 2737 αὐτούς.
3092 2671 3157 2724 Ἦ
3209 2670 3266 2723 δέ
3309 2669 3402 2723 τοῦ
3449 2669 3606 2739 λόγου
3649 2668 3854 2723 διάνοια
3892 2688 4023 2743 παρ-

2458 2759 2636 2831 ίστησι
2659 2760 2766 2812 τῶν
2799 2759 3197 2832 προλεχθέντων
3231 2758 3525 2813 ἐπιϐούλων
3546 2758 3639 2812 τοῦ
3657 2759 3807 2824 λαοῦ,
3827 2758 4024 2832 δηλαδὴ

2454 2849 2560 2902 τῶν
2576 2850 2830 2920 ἀοράτων
2876 2848 3085 2921 ἐχθρῶν
3108 2850 3201 2902 καὶ
3233 2848 3342 2901 τῶν
3356 2849 3575 2918 ἀφανῶν
3606 2849 3898 2920 πολεμίων,
3925 2850 4023 2912 τὰς

2452 2941 2705 3011 δυνάμεις
2730 2940 3237 3011 καθαιρεθήσεσθαι.
3306 2942 3466 2994 Ὀστᾶ
3503 2941 3611 3011 γὰρ
3648 2939 4022 3012 διασκορπιζό-

2456 3050 2589 3102 μενα
2613 3033 2720 3085 τῶν
2750 3032 2957 3103 ἐχθρῶν
2983 3030 3090 3086 εἷεν
3116 3032 3183 3087 ἂν
3207 3034 3264 3087 αἱ
3286 3035 3384 3105 τῆς
3413 3034 3609 3098 κακίας
3652 3034 3828 3087 αὐτῶν
3858 3035 4020 3089 δυνά-

2456 3142 2594 3195 μεις,
2617 3125 2683 3188 ἀς
2708 3124 3111 3195 διασκορπίζειν
3139 3124 3278 3177 κατά
3325 3126 3416 3178 τὸν
3464 3126 3858 3196 σημαινόμενον
3905 3144 4001 3181 και

2455 3217 2545 3286 ρὸν
2574 3218 2603 3267 6
2624 3215 2777 3283 λόγος
2808 3216 3040 3269 ἀπειλεῖ.
3064 3215 3194 3269 Τότε
3226 3216 3281 3268 δὲ
3313 3218 3406 3269 καὶ
3450 3217 4021 3287 καταισχυνθήσονται,

2450 3306 2669 3361 ἐπειδὰν
2689 3308 3063 3380 ἀποδοκιμάσῃ
3091 3311 3286 3374 αὐτοὺς
3311 3312 3338 3362 6
3357 3310 3541 3381 Θεὸςῆ
3571 3309 3919 3383 ἐξουθενήσῃ,
3953 3310 4015 3364 τὸ

2452 3400 2619 3471 μηθὲν
2649 3402 2848 3465 αὐτοὺς
2884 3397 3022 3456 εῖναι
3051 3402 3352 3467 ἀποδείξας.
3389 3402 3571 3455 Ταῦτα
3614 3402 3839 3465 εἰκότως
3864 3402 4016 3472 ἠπεί-

2447 3495 2607 3566 λησεν
2631 3496 2658 3547 6
2682 3493 2790 3549 τῶν
2837 3494 3135 3566 ἀνθρώπων
3193 3494 3442 3566 κηδεμὼν
3492 3494 3584 3547 τοῦ
3640 3494 3774 3548 Θεοῦ
3835 3495 4013 3564 λόγος’

2446 3585 2631 3655 ἐπειδὴ
2654 3585 2918 3655 διακύψας
2954 3589 3019 3640 ἐκ
3070 3586 3163 3640 τοῦ
3192 3586 3420 3655 ούρανοῦ
3447 3587 3539 3639 ἐπὶ
3572 3589 3696 3652 τοὺς
3734 3587 3883 3651 υἱοὺς
3908 3586 4016 3642 τῶν

2445 3675 2765 3747 ἀνθρώπων,
2799 3677 3035 3747 ζητήσας
3079 3695 3138 3731 τε
3188 3680 3247 3731 ἐν
3285 3679 3465 3742 αὐτοῖς
3491 3680 3539 3731 εί
3585 3678 3697 3731 ἐστι
3730 3679 3924 3731 συνιὼν
3976 3679 4012 3749 ἢ

2444 3768 2620 3838 ζητῶν
2650 3768 2740 3821 τὸν
2766 3769 2918 3833 Θεὸν,
2948 3769 3137 3824 οὐδένα
3168 3762 3313 3841 εὗρε·
3346 3768 3610 3823 κατέλαϐε
3647 3769 3703 3822 δὲ
3728 3771 3852 3832 τοὺς
3873 3770 4011 3823 πάν-

2440 3878 2540 3925 τας
2558 3864 2615 3928 ἐξ
2641 3862 2932 3932 ἐπιϐουλῆς
2959 3861 3168 3934 ἐχθρῶν
3190 3860 3531 3924 ἐκκλίνοντας
3568 3861 3660 3914 καὶ
3686 3860 4011 3931 ἀχρειωθέν-

2443 3970 2558 4015 τας,
2590 3954 2664 4017 ὡς
2702 3954 2836 4025 μηδέ
2870 3954 2973 4017 ἕως
3008 3952 3124 4016 ἐνὸς
3147 3952 3554 4024 περιλείπεσθαι
3586 3950 3806 4018 ἀγαθῶν
3832 3951 4008 4024 ἔργων

2444 4047 2690 4116 ποιητήν.
2725 4032 2803 4098 Τά
2837 4040 3048 4117 μὲνόὗν
3071 4042 3259 4115 πριῖιτα
3289 4042 3487 4112 ὁμοίως
3529 4043 3623 4095 καὶ
3671 4043 3699 4095 6
3745 4050 3812 4111 ιγ’
3853 4061 4008 4115 περι-

2443 4135 2575 4205 έχεν
2604 4135 2975 4207 παρήλλακται
2993 4135 3049 4189 δὲ
3071 4134 3138 4188 τὰ
3166 4134 3413 4206 ἐξῆς.Ἐν
3434 4134 3530 4204 μὲν
3557 4134 3664 4204 γὰρ
3682 4133 3759 4205 τῷ
3788 4142 3853 4203 ιγ’
3883 4152 4007 4188 συν-

2438 4220 2607 4289 ῆπται
2654 4224 2862 4287 τούτοις
2917 4226 2997 4289 τὸ,
3039 4224 3164 4279 Ὅτι
3208 4227 3241 4279 ὀ
3271 4223 3413 4289 Θεὸς
3439 4223 3509 4276 ἐν
3562 4218 3735 4291 γενεᾷ
3784 4221 4001 4290 δικαίᾳ,

2432 4311 2679 4380 βουλὴν
2708 4315 2945 4384 πτωχοῦ
2993 4316 3429 4382 κατῃσχύνατε,
3460 4313 3549 4367 ὅτι
3589 4314 3801 4380 Κύριος
3827 4314 4002 4380 ἐλπὶς

2438 4404 2625 4458 αὐτοῦ
2664 4405 2852 4459 ἐστιν·
2890 4405 3123 4460 ἐνταῦθα
3147 4406 3226 4470 δέ,
3263 4407 3382 4459 Ὀτι
3411 4409 3444 4459 ὀ
3493 4404 3636 4469 Θεὸς
3667 4403 4003 4473 διεσκόρπι-

2437 4506 2550 4545 σεν
2578 4493 2726 4549 ὀστᾶ
2759 4496 3290 4565 ἀνθρωπαρέσκων,
3325 4496 3836 4564 κατῃσχύνθησαν
3851 4537 3867 4561 ,
3913 4498 4001 4552 ὅτι

773 4580 904 4645 Quae
930 4596 1059 4635 vero
1084 4582 1195 4651 jam
1230 4591 1554 4647 tractantur,
1588 4601 1695 4655 qua
1731 4587 1943 4643 ratione
1972 4589 2329 4659 cxplicaveri-
2361 4589 2410 4651 υ
2438 4586 2470 4637 ὁ

2285 4589 2329 4642 i-
2361 4589 2410 4651 υ
2438 4586 2470 4637 ὀ
2509 4583 2652 4650 Θεὸς
2671 4585 3079 4650 ἐξουδένωσεν
3099 4589 3335 4652 αὐτούς.
3377 4584 3536 4639 Ἀλλὰ
3565 4585 3661 4655 μὲν
3698 4587 3776 4649 είς
3794 4586 3884 4642 τὸν
3935 4594 4000 4656 ιγ’

773 4689 917 4736 mus,
950 4674 1144 4742 cuique
1171 4675 1361 4744 legenti
1392 4679 1567 4747 palam
1593 4688 1694 4735 est.

840 4932 1005 4988 Vsus.
1043 4933 1091 4989 7.
1113 4932 1244 5001 Quis
1270 4932 1416 4987 dabit
1443 4952 1507 4989 ex
1539 4936 1667 4992 Sion
1695 4937 1945 4994 Salutare
1974 4939 2188 4997 Israel?
2215 4958 2333 4995 cum

768 5027 1074 5080 converterit
1109 5026 1250 5080 Deus
1280 5008 1635 5091 captivitatem
1667 5032 1829 5097 plebis
1865 5050 1976 5088 sua:
1996 5075 2011 5099 ,
2045 5034 2331 5091 exsultabit

766 5116 933 5171 Iacob
966 5129 1017 5172 et
1049 5119 1319 5173 lwtabitur
1353 5118 1548 5175 Israel.
1583 5122 1720 5175 Cum
1763 5121 2033 5197 Propheta
2072 5145 2137 5183 ex
2177 5143 2330 5183 reve-

767 5212 965 5266 latione
1010 5210 1247 5282 Spiritus
1294 5215 1472 5269 sancti
1524 5228 1718 5285 magna
1762 5221 2099 5287 concepisset
2141 5220 2326 5274 animo

766 5300 834 5356 de
881 5304 1122 5372 pernicie
1160 5304 1507 5359 inimicorum
1554 5303 1778 5359 humani
1831 5312 2083 5375 generis,
2132 5308 2329 5366 deinde

764 5394 968 5450 addidit
1012 5396 1177 5460 illud,
1212 5397 1344 5462 Quis
1386 5398 1534 5449 dabit
1577 5414 1641 5451 ex
1686 5398 1814 5454 Sion
1842 5403 2138 5457 Salutare?
2182 5419 2245 5456 ac
2276 5402 2321 5457 si

761 5484 1001 5549 diceret,
1031 5488 1156 5557 quis
1194 5488 1346 5543 dabit
1376 5489 1491 5543 haec
1516 5490 1627 5559 jam
1660 5505 1822 5560 opere
1863 5496 2168 5564 compleri?
2208 5493 2325 5547 Non

762 5582 904 5635 enim
938 5582 1044 5635 alia
1079 5580 1292 5639 ratione
1323 5584 1575 5640 liberatio
1626 5601 1654 5639 a
1700 5587 1856 5641 malis
1898 5600 2016 5642 rata
2058 5590 2162 5644 erit
2198 5588 2325 5643 ﬁliis

764 5672 1040 5727 hominum
1064 5716 1078 5742 ,
1108 5678 1211 5731 nisi
1240 5692 1337 5747 per
1361 5678 1535 5732 solum
1561 5678 1852 5733 adventum
1886 5681 2156 5738 Salutaris
2187 5679 2281 5735 Dei
2304 5720 2319 5742 ν

826 5851 869 5879 ⁷⁸
913 5850 1054 5906 Psal.
1094 5868 1228 5918 xm,
1263 5851 1315 5909 6.

2437 4676 2642 4739 οἰκείας
2670 4676 2857 4749 ἔτυχεν
2882 4681 3175 4751 ἐρμηνείας
3204 4678 3345 4733 κατὰ
3370 4678 3495 4739 τοὺς
3524 4676 3754 4740 οἰκείους
3779 4677 3997 4743 τόπους·

2438 4765 2507 4818 τὰ
2562 4766 2618 4820 δέ
2674 4771 3032 4840 προκείμενα,
3064 4772 3211 4833 ὅπως
3244 4771 3375 4841 ἡμῖν
3417 4765 3682 4839 παρέστη,
3717 4769 3997 4840 πρόκειται

2434 4862 2547 4922 τοῖς
2574 4861 3015 4932 ἐντυγχάνουσιν.

2508 4951 2603 5017 Τίς
2630 4949 2805 5006 δώσει
2825 4952 2893 5005 ἐκ
2922 4951 3075 5006 Σιὼν
3094 4951 3157 5004 τὸ
3182 4948 3478 5018 Σωτήρων
3494 4950 3600 5005 τοῦ
3643 4952 3878 5021 Ἰσραήλ
3890 4970 3910 5019 ;
3928 4955 3998 5008 ἐν

2431 5035 2510 5102 τῷ
2544 5038 2901 5109 ἐπιστρέψαι
2934 5040 3041 5094 τὸν
3072 5039 3220 5093 Θεὸν
3264 5038 3378 5108 τὴν
3420 5042 3836 5110 αἰχμαλωσίαν
3890 5044 3997 5098 τοῦ

2430 5131 2582 5185 λαοῦ
2604 5133 2809 5197 αὑτοῦ,
2831 5132 3254 5201 ἀτηλλιάσεται
3284 5131 3509 5196 Ἰακὼϐ,
3544 5134 3639 5186 καὶ
3664 5136 3996 5203 εὐφρανθή-

2432 5238 2599 5276 σεται
2638 5224 2905 5292 Ἰσραήλ.
2948 5222 3173 5290 Μεγὰλα
3198 5223 3521 5291 φαντασθεὶς
3556 5226 3584 5276 6
3613 5226 3903 5297 Προφήτης
3930 5229 3994 5279 ἐκ

2427 5315 2525 5385 τῆς
2562 5315 2655 5368 τοῦ
2682 5317 2837 5385 ἁγίου
2860 5313 3172 5384 Πνεύματος
3208 5316 3594 5386 ἀποκαλύψεως
3625 5320 3751 5389 περὶ
3775 5318 3874 5389 τῆς
3898 5321 3993 5371 ἀπ-

2428 5406 2621 5470 ωλείας
2646 5406 2755 5459 τῶν
2781 5404 2993 5476 ,ἐχθρῶν
3022 5404 3113 5457 τοῦ
3152 5406 3258 5465 τῶν
3298 5406 3597 5478 ἀνθρώπων
3626 5410 3835 5477 γένους,
3869 5408 3992 5478 ἑξῆς

2429 5498 2677 5569 ἐπήγαγε
2702 5499 2784 5562 τὸ,
2821 5498 2916 5564 Τίς
2938 5495 3114 5551 δώσει
3142 5497 3210 5551 ἐκ
3238 5498 3385 5552 Σιὼν
3406 5500 3470 5553 τὸ
3496 5500 3822 5568 Σωτήριον;
3859 5500 3991 5552 ὡσεὶ

2427 5586 2610 5657 ἔλεγε·
2644 5590 2739 5653 Τίς
2780 5587 2939 5642 δώσει
2980 5587 3078 5659 ήδη
3124 5588 3253 5641 ποτὲ
3292 5580 3569 5663 ταύταδϋ
3611 5589 3786 5660 ἔργων
3812 5588 3989 5659 χωρῆ-

2428 5698 2545 5745 σαι;
2581 5682 2656 5736 Οὐ
2684 5681 2792 5752 γὰρ
2820 5680 2994 5744 ἄλλως
3033 5681 3303 5737 σεσῶσθαι
3326 5681 3513 5737 κακῶν
3538 5678 3849 5749 ἐλευθερίαν
3879 5681 3989 5743 τοῖς
