4354 6414
825 481 931 535 465

1526 478 1791 536 EUSEBll
1829 471 2302 537 CESARIENSIS
2339 483 2489 540 OPP.
2528 482 2706 537 PARS
2735 482 2820 538 lll.
2859 514 2926 522 —
2965 481 3363 537 EXEGETICA.

3924 488 4025 543 σοι

825 607 942 660 rat,
975 595 1135 648 alium
1164 609 1351 650 eorum
1383 596 1471 664 qui
1507 596 1559 648 in
1603 597 1970 665 captivitatem
2011 597 2226 652 abducti
2268 615 2372 653 non
2402 619 2445 670 Α
2478 592 2544 651 Οὐ

2306 615 2372 653 on
2402 619 2445 670 Α
2478 591 2634 651 Οὗτοι
2668 598 2775 668 γὰρ
2817 597 3277 669 εὐφρανθήσονται
3319 598 3377 650 ἐν
3421 596 3497 666 τῷ
3537 599 3880 670 ἐπιστρέφειν
3915 602 4025 655 Κύ-

825 695 981 752 sunt;
1014 687 1172 739 alium
1203 701 1389 740 eorum
1406 687 1497 755 qui
1519 686 1734 741 abducti
1761 687 1976 755 quidem
1997 699 2142 751 sunt,
2163 690 2258 744 sed
2279 706 2374 761 per

825 779 1068 834 Salutare
1094 777 1395 833 libertatem
1425 784 1550 833 sunt
1567 777 1864 833 consecuti.
1889 776 2044 834 Dicas
2068 779 2233 849 igitur
2252 781 2373 837 illos

821 870 946 922 olim
983 869 1310 939 prophetas,
1348 870 1528 938 justos
1553 908 1568 931 ,
1607 870 1980 938 patriarchas,
2013 880 2065 926 et
2109 880 2373 942 quotquot

820 962 887 1015 ab
930 976 1112 1016 errore
1141 961 1458 1015 idololatria:
1489 961 1612 1030 puri
1643 960 1892 1022 fuerunt,
1925 960 2073 1031 ipsos
2118 977 2239 1017 esse
2280 964 2370 1033 qui

819 1052 873 1106 in
923 1054 1290 1121 captivitatem
1343 1066 1374 1106 a
1432 1051 1808 1121 spiritualibus
1867 1053 2102 1109 inimicis
2153 1054 2368 1108 abducti

820 1160 925 1198 non
957 1154 1084 1200 sunt
1111 1163 1124 1198 :
1160 1160 1255 1200 eos
1287 1159 1417 1200 vero
1446 1159 1510 1197 ex
1546 1144 1796 1214 gentibus
1824 1146 1915 1214 qui
1951 1145 2005 1198 in
2044 1146 2247 1201 nullius
2276 1145 2368 1201 Dei

818 1237 1025 1292 cultum
1072 1250 1195 1291 sese
1240 1243 1563 1320 verterunt;
1609 1249 1704 1289 eos
1755 1235 1882 1289 item
1932 1236 2026 1304 qui
2076 1236 2367 1289 multorum
2408 1293 2410 1297 ν

816 1327 1100 1381 numinum
1143 1326 1316 1381 errori
1355 1341 1414 1382 se
1454 1326 1787 1393 subdidere;
1833 1327 1947 1381 sive
1983 1328 2143 1382 etiam
2177 1328 2269 1398 qui
2299 1344 2363 1383 ex

815 1418 1229 1475 circumcisione
1259 1417 1499 1488 peccatis
1530 1416 1645 1472 suis
1676 1417 1877 1472 venditi
1915 1427 2079 1481 sunt;
2115 1427 2277 1489 atque
2312 1420 2366 1472 in

815 1524 1026 1562 summa
1053 1523 1272 1574 omnes,
1307 1508 1374 1563 de
1401 1509 1599 1578 quibus
1626 1509 1877 1577 superius
1906 1509 2107 1564 dictum
2134 1520 2247 1575 est,
2281 1510 2367 1565 Di-

815 1601 897 1653 κίε
928 1600 1175 1668 insipiens
1210 1601 1264 1653 in
1293 1599 1446 1654 corde
1479 1616 1574 1654 suo
1599 1617 1617 1653 :
1660 1599 1784 1654 Non
1815 1610 1892 1654 est
1927 1600 2101 1665 Deus;
2137 1602 2368 1670 corrupti

813 1700 936 1746 sunt
971 1702 1019 1745 et
1063 1691 1437 1746 abominabiles
1476 1692 1608 1761 facti
1641 1703 1762 1747 sunt
1803 1694 1857 1746 in
1891 1695 2202 1763 iniquitate,
2233 1709 2363 1758 eos,

811 1783 1033 1852 inquam
1055 1823 1070 1847 ,
1100 1798 1222 1838 esse
1245 1783 1337 1852 qui
1381 1783 1743 1852 captivitatem
1786 1784 1936 1854 passi
1977 1791 2125 1840 sunt.
2158 1783 2365 1848 Quibus

811 1891 907 1944 per
937 1875 1228 1931 salutarem
1260 1874 1554 1930 adventum
1583 1876 1831 1932 liberatis
1851 1916 1867 1942 ,
1898 1875 2102 1931 chorus
2131 1875 2365 1946 prophe-

2476 708 2587 761 ριον
2610 689 2706 760 τὴν
2733 688 3102 760 αἰχμαλωσίαν
3131 688 3221 742 τοῦ
3255 688 3380 742 λαοῦ
3411 689 3592 744 αὐτοῦ.
3625 691 3729 745 Δύο
3746 693 3922 747 τοίνυν
3941 693 4028 748 διά

2472 781 2672 835 τούτων
2715 781 3038 853 παρίσταται
3067 781 3340 850 τάγματα,
3375 781 3435 834 τὸ
3463 782 3560 852 μὲν
3590 782 3696 836 τῶν
3728 783 3802 854 μὴ
3827 785 4028 839 ὑποπε-

2474 874 2761 926 πτωκότων
2791 875 2859 944 τῇ
2884 872 3247 943 αἰχμαλωσίᾳ,
3275 873 3336 924 τὸ
3361 872 3415 924 δὲ
3436 874 3543 925 τῶν
3561 875 4026 934 ὑποπεπτωκότων

2476 963 2594 1032 μὲν,
2622 961 2932 1032 ἐλευθερίας
2967 961 3024 1016 δὲ
3059 963 3432 1032 τετυχηκότων
3477 963 3562 1016 διὰ
3603 964 3694 1017 τοῦ
3728 965 4023 1036 Σωτήρίου.

2485 1055 2658 1124 Ἐρεῖς
2701 1049 2792 1107 οὖν
2832 1055 2956 1116 τοὺς
2993 1054 3088 1123 μὲν
3126 1053 3291 1106 πάλαι
3326 1057 3605 1125 προφήτας
3633 1056 3726 1108 καὶ
3762 1055 4022 1120 δικαίους,

2471 1145 2563 1197 καὶ
2590 1145 2948 1216 πατριάρχας,
2969 1146 3060 1197 καὶ
3089 1145 3293 1208 πάντας
3307 1147 3430 1209 τοὺς
3461 1145 3727 1217 καθαροὺς
3758 1146 3854 1216 τῆς
3877 1145 4027 1200 εἰδω-

2473 1236 2733 1308 λολάτρου
2769 1237 2975 1306 πλάνης
3003 1237 3346 1308 γενομένους,
3379 1237 3574 1301 αὐτοὺς
3612 1233 3747 1292 εἶναι
3793 1239 3915 1301 τοὺς
3950 1239 4024 1310 μὴ

2468 1329 2928 1390 ὑποπεπτωκότας
2970 1331 3034 1400 τῇ
3079 1328 3185 1381 τῶν
3231 1328 3435 1398 νοητῶν
3486 1329 3754 1400 πολεμίων
3798 1320 4023 1403 ἁλώσει·

2467 1419 2592 1482 τοὺς
2616 1419 2672 1471 δὲ
2702 1415 2761 1482 ἐξ
2803 1418 2970 1471 ἐθνῶν
3009 1421 3088 1482 είς
3120 1418 3384 1488 ἀθεότητα
3427 1420 3876 1492 περιτραπέντας,
3901 1419 4027 1485 τούς

2465 1523 2526 1558 τε
2564 1509 2628 1578 τῇ
2661 1506 2901 1578 πολυθέῳ
2930 1507 3102 1578 πλάνῃ
3132 1507 3648 1573 καταδουλωθέντας,
3681 1509 3714 1579 ἢ
3766 1512 3858 1572 καὶ
3901 1511 4027 1574 τοὺς

2467 1599 2530 1650 ἐκ
2557 1600 2855 1670 περιτομῆς
2878 1600 3003 1662 τοὺς
3046 1601 3165 1662 ταῖς
3202 1598 3408 1651 ἑαυτῶν
3456 1601 3747 1672 ἁμαρτίαις
3791 1601 4025 1672 πραθένο

2464 1709 2583 1755 τας,
2609 1692 2699 1744 καὶ
2727 1691 3058 1758 ἁπαξαπλῶς
3079 1693 3338 1763 ἅπαντας,
3374 1695 3501 1763 περὶ
3526 1687 3616 1746 ὦν
3635 1694 3886 1766 ἀνωτέρω
3910 1694 4027 1749 ἐλέ-

2466 1798 2589 1849 γετο
2609 1799 2622 1811 ·
2669 1778 2854 1835 Εἶπεν
2881 1781 3083 1849 ἄφρων
3109 1782 3178 1836 ἐν
3209 1782 3421 1850 καρδίᾳ
3457 1784 3642 1845 αὐτοῦ
3663 1801 3675 1814 ο
3729 1787 3849 1838 Οὐκ
3893 1784 4027 1840 ἐστι

2467 1872 2632 1938 Θεὸς,
2686 1871 3020 1940 διέφθειραν
3046 1873 3140 1926 καὶ
3197 1874 3646 1943 ἐϐδελύχθησαν
3686 1877 3754 1929 ἐν
3778 1877 4024 1944 ἀνομίᾳ,

809 1967 951 2043 ticus
980 1966 1073 2037 qui
1104 1967 1215 2035 jam
1252 1966 1381 2021 olim
1415 1965 1470 2019 in
1511 1963 1620 2020 Deo
1651 1965 1954 2034 requievit,
1986 1965 2188 2035 quippe
2236 1979 2362 2034 pro-
2395 1956 2434 2009 Β
2463 1980 2528 2015 το

2303 1979 2362 2019 o—
2395 1956 2434 2009 Β
2463 1963 2680 2027 τούτους
2707 1965 2992 2034 τυγχάνειν
3019 1967 3142 2027 τοὺς
3163 1966 3258 2035 τὴν
3280 1965 3648 2036 αἰχμαλωσίαν
3669 1967 4022 2032 πεπονθότας.

807 2057 925 2126 prie
949 2058 1118 2113 Jacob
1145 2066 1198 2112 et
1230 2056 1395 2112 lsrael
1415 2095 1428 2118 ,
1461 2056 1531 2111 ob
1561 2071 1648 2112 res
1680 2071 1775 2126 per
1805 2056 2025 2111 nomina
2053 2056 2364 2126 bujusmodi

805 2149 1171 2218 signiﬁcatas,
1208 2149 1531 2218 appellatur,
1562 2147 1855 2203 exsultabit
1885 2155 1940 2202 et
1984 2147 2272 2210 laetabitur,
2307 2155 2364 2201 ut

805 2240 1043 2310 propriis
1088 2241 1346 2296 membris
1387 2239 1691 2311 gratulatus
1734 2239 1802 2296 iis
1845 2240 1938 2310 qui
1974 2255 2071 2310 per
2113 2239 2362 2294 Salutare

806 2331 1107 2386 libertatem
1137 2332 1284 2386 nacti
1316 2338 1464 2386 sunt.

2470 2050 2571 2108 Ὧν
2605 2057 3068 2127 ἐλευθερουμένων
3107 2058 3194 2112 διὰ
3221 2059 3318 2128 τῆς
3347 2058 3440 2110 τοῦ
3475 2059 3748 2132 Σωτηρίου
3792 2059 4026 2130 ἐπιλάμ-

2467 2147 2629 2216 ψεως,
2661 2150 2690 2200 ὁ
2720 2149 2883 2202 πάλαι
2922 2149 3071 2220 παρὰ
3108 2149 3224 2220 Θεῷ
3255 2151 3354 2222 ἠδη
3397 2151 3844 2222 ἀναπεπαυμένος
3889 2170 4026 2222 προ-

2469 2243 2692 2312 φητικὺς
2720 2242 2898 2314 χορὸς,
2944 2241 3135 2296 Ἰακὼϐ
3165 2245 3258 2297 καὶ
3296 2244 3508 2316 Ἰσραὴλ
3538 2245 3740 2315 κυρίως
3772 2246 4026 2316 ὀνομαζό-

2469 2350 2623 2404 μενος
2653 2333 2738 2387 διά
2769 2333 2836 2387 τά
2857 2336 2919 2386 ἐκ
2951 2334 3054 2386 τῶν
3071 2334 3344 2405 ὀνομάτων
3366 2335 3733 2406 σημαινόμενα
3766 2337 4025 2408 πράγμα-

805 2439 907 2486 τα,
953 2421 1338 2491 ἀγαλλιάσεται
1368 2424 1462 2477 καὶ
1487 2422 1948 2495 εὐφρανθήσεται,
1986 2423 2287 2496 συγχαίρων
2307 2424 2380 2489 ὼς
2418 2427 2630 2490 οἰκείοις
2661 2428 2843 2499 μέλεσι
2863 2431 2971 2491 τοῖς
3000 2428 3085 2481 διὰ
3111 2429 3202 2481 τοῦ
3235 2429 3504 2500 Σωτηρίου
3540 2429 4024 2501 ἐλευθερουμένοις.

806 2564 856 2618 1.
899 2563 966 2617 ΙΝ
1004 2563 1212 2618 FINEM
1248 2564 1316 2620 ΙΝ
1357 2565 1634 2630 HYMNIS,
1666 2565 2138 2622 INTELLECTUS
2176 2565 2366 2621 DAVI-

874 2634 959 2690 Dl.
1001 2635 1054 2691 Ξ.
1097 2635 1240 2690 CUM
1283 2636 1661 2691 VENISSENT
1702 2637 1984 2700 ΖΙΡΗΑΞΙ,
2028 2637 2113 2692 ΕΤ
2156 2638 2363 2692 DleS—

874 2704 1050 2759 SENT
1097 2706 1188 2760 AD
1243 2706 1420 2762 SAUL
1462 2727 1474 2762 :
1518 2707 1747 2762 NONNE
1803 2706 2008 2761 DAVID
2062 2708 2356 2765 ABSCON-

875 2774 1078 2830 DITUS
1115 2775 1245 2831 EST
1283 2777 1467 2833 APUD
1507 2777 1682 2834 NOS?
1714 2778 1845 2833 Llll.

871 2889 1037 2948 Vsus.
1068 2891 1122 2959 3,
1147 2893 1201 2948 ι.
1241 2892 1382 2948 Deus
1418 2894 1473 2948 in
1515 2897 1723 2949 nomine
1760 2903 1849 2950 tuo
1882 2896 2085 2950 salvum
2121 2912 2200 2950 me
2235 2897 2353 2965 fac,

2465 2571 2573 2624 ΕΙΣ
2627 2572 2714 2625 ΤΟ
2767 2573 2986 2625 ΤΕΛΟΣ
3036 2573 3127 2625 ΕΝ
3183 2573 3480 2635 ΥΜΝυΙΣ,
3534 2571 3881 2625 ΣΥΝΕΣΕΩΣ
3938 2570 4024 2624 το

2533 2643 2728 2694 ΔΑΥΙΔ
2753 2681 2766 2704 ,
2804 2644 2896 2696 ΕΝ
2935 2644 3020 2695 ΤΩ
3059 2643 3304 2696 ΕΛΘΕΙΝ
3346 2644 3521 2696 ΤΟΥΣ
3558 2643 3867 2696 ΖῘΦΑΙΟΥΣ
3905 2642 4022 2697 ΚΑΙ

2531 2713 2763 2765 ΕΙΠΕΙΝ
2817 2713 2902 2764 ΤΩ
2955 2714 3205 2767 ΣΑΟΥΛ·
3247 2713 3384 2767 υΥΚ
3437 2712 3590 2766 ιΔοΥ
3647 2713 3844 2766 ΔΔΥΙΔ
3899 2712 4023 2764 ΚΕ-

2532 2783 2839 2836 ΚΡΥΠΤΑΙ
2880 2785 3031 2837 HAP‘
3071 2785 3283 2850 BMIN;
3326 2785 3446 2837 NI".

2542 2893 2596 2943 Ὀ
2627 2892 2789 2958 Θεὸς,
2810 2893 2880 2947 ἐν
2907 2893 2986 2959 τῷ
3013 2895 3255 2964 ὀνόματί
3281 2911 3397 2949 σου
3439 2895 3643 2950 σῶσον
3678 2913 3774 2965 με,
3819 2897 3918 2950 καὶ
3952 2897 4022 2952 ἐν

797 2993 846 3037 et
879 2985 934 3038 in
973 2986 1163 3040 uirtute
1197 2995 1290 3040 tua
1321 2987 1509 3056 judica
1544 3003 1646 3043 me.
1693 2985 1864 3041 Sicuti
1908 2987 2149 3058 psalmos
2175 2988 2270 3058 qui
2300 2989 2357 3042 in
2463 2981 2516 3049 tt

2302 2989 2357 3042 in
2463 2981 2536 3050 τῇ
2568 2983 2892 3052 δυναστείᾳ
2916 3001 3032 3039 σου
3063 2987 3267 3054 κρῒνόν
3282 3005 3377 3056 με.
3402 2988 3610 3058 Ὥσπερ
3642 2988 4021 3042 ἀπεδείκνυντο

800 3076 976 3144 prima
1025 3086 1175 3146 parte
1225 3077 1349 3132 libri
1401 3085 1566 3144 sunt,
1611 3085 1733 3147 post
1772 3077 1988 3148 lapsum
2028 3079 2087 3132 in
2132 3093 2354 3134 uxorem
2461 3077 2509 3128 οἱ

2302 3094 2354 3132 m
2461 3077 2509 3128 oi
2567 3077 2707 3129 κατά
2753 3069 3049 3149 τὸπρῶτον
3095 3080 3256 3150 μέρος
3289 3080 3389 3149 τῆς
3420 3080 3598 3149 βίϐλου
3641 3082 3748 3136 τῶν
3773 3083 4019 3154 Ψαλμῶν

785 3166 950 3222 Uria:
977 3168 1360 3238 pronuntiatus
1391 3167 1563 3226 fuisse
1596 3186 1662 3224 ex
1695 3169 2034 3240 singulorum
2074 3170 2234 3227 titulo
2262 3169 2356 3225 (ιε-
2464 3185 2504 3237 μ

2300 3186 2356 3224 e-
2464 3169 2599 3237 μετά
2630 3169 2692 3221 τὸ
2723 3173 2966 3240 πταῖσμα
2995 3171 3056 3223 τὸ
3088 3174 3167 3236 είς
3191 3171 3286 3242 τὴν
3319 3171 3411 3225 τοῦ
3442 3173 3636 3244 Οὐρίου
3680 3174 3901 3242 γεγονὸς
3931 3175 4019 3228 λε-

800 3265 1160 3313 monstratum
1216 3269 1344 3326 est;
1407 3260 1482 3315 ita
1534 3277 1682 3316 nunc
1734 3274 1952 3331 quoque
2016 3261 2352 3333 singulorum
2460 3259 2518 3312 λε

2301 3277 2352 3315 m
2460 3259 2710 3329 λεγμένοι
2756 3262 2818 3314 ἐκ
2866 3262 2966 3332 τῆς
3010 3263 3094 3331 ἐφ’
3118 3263 3329 3334 ἑκάστῳ
3363 3265 3616 3334 κειμένης
3662 3265 4015 3335 προγραφῆςσ

794 3348 1133 3419 psalmorum
1201 3350 1618 3423 inscriptiones,
1681 3361 1866 3408 notam
1927 3354 2185 3424 temporis
2245 3356 2423 3424 quoC
2458 3352 2513 3405 οὐ

2295 3368 2356 3407 uo
2383 3356 2423 3413 C
2458 3352 2599 3407 οὕτω
2625 3355 2719 3407 καὶ
2747 3353 2840 3406 νῦν
2876 3356 2932 3408 al
2954 3354 3076 3407 καθ’
3100 3353 3325 3408 ἕκαστον
3348 3355 3558 3425 ψαλμὸν
3585 3357 3897 3426 προγραφαὶ
3919 3357 4014 3428 δη-

797 3440 1007 3496 recitati
1048 3449 1194 3508 sum,
1237 3444 1552 3514 praeferunt.
1603 3442 1852 3500 Praesens
1890 3443 2074 3514 itaque
2112 3444 2355 3514 psalmus
2457 3446 2516 3498 λιι

2291 3461 2355 3500 us
2457 3446 2683 3500 λωτικαὶ
2713 3447 3037 3517 τυγχάνουσι
3066 3447 3158 3500 τοῦ
3202 3448 3392 3519 χρόνου
3425 3446 3544 3501 καθ’
3596 3447 3654 3500 ὃν
3699 3447 4010 3518 ἐλέχθησαν.

796 3546 898 3589 nos
935 3534 1386 3606 statimremittit
1413 3535 1482 3592 ad
1511 3536 1745 3607 primum
1777 3533 2087 3606 Regnorum
2123 3536 2353 3602 librum,

795 3632 856 3682 ut
892 3626 1016 3682 inde
1057 3627 1370 3695 discamus,
1416 3628 1614 3700 quibus
1656 3628 1725 3685 de
1769 3630 1937 3686 rebus
1990 3628 2138 3684 hunc
2196 3629 2353 3702 hymr

794 3733 924 3773 nun
955 3716 1120 3773 David
1148 3718 1408 3775 emiserit.
1444 3718 1680 3776 Historia
1710 3735 1874 3790 porro
1907 3721 1988 3777 sic
2034 3720 2197 3778 habet
2232 3740 2244 3776 :
2287 3720 2354 3774 Et

793 3808 939 3863 sedes
961 3807 1180 3864 habebat
1213 3809 1381 3864 Dauid
1405 3811 1458 3865 in
1480 3810 1683 3865 deserto
1713 3810 1957 3866 llasedec
1987 3811 2043 3866 in
2068 3814 2305 3883 angustis
2333 3829 2350 3865 :

792 3909 843 3953 et
869 3899 1179 3955 morabatur
1195 3902 1249 3956 in
1275 3913 1468 3967 monte,
1502 3903 1557 3975 in
1582 3902 1785 3959 deserto
1817 3902 1950 3973 Ziplt
1976 3905 2042 3960 ⁸⁷.
2067 3904 2271 3961 Deinde
2295 3915 2354 3960 ut

795 3993 935 4068 venit
963 3990 1234 4047 Ionatban
1263 3993 1410 4069 ﬁlius
1454 3993 1587 4049 Saul
1634 3995 1704 4048 ad
1747 3996 1938 4064 ipsum,
1973 4004 2023 4051 et
2053 3996 2192 4050 dixit
2221 3996 2305 4051 illi
2334 4013 2352 4050 :

798 4083 882 4141 Ne
906 4083 1123 4149 timeas;
1144 4102 1304 4156 neque
1322 4087 1459 4140 enim
1487 4095 1534 4140 te
1562 4087 1784 4142 inveniet
1812 4106 2000 4145 manus
2030 4088 2162 4145 Saul
2185 4090 2352 4157 patris

793 4178 902 4231 mei
930 4193 948 4230 :
975 4187 1025 4232 et
1068 4187 1122 4231 tu
1148 4176 1388 4248 regnabis
1416 4192 1571 4245 super
1602 4167 1798 4243 Israel,
1819 4188 1869 4232 et
1893 4177 1985 4250 ego
2019 4196 2110 4234 ero
2140 4179 2238 4234 tibi
2269 4195 2353 4234 se-

788 4267 1072 4330 cundus.et
1094 4267 1227 4325 Saul
1252 4277 1401 4336 pater
1425 4285 1569 4323 meus
1591 4269 1689 4323 scit
1704 4271 1800 4323 hoc
1810 4269 1874 4321 ⁸⁸.
1895 4268 1962 4323 Et
1988 4278 2353 4339 percusserunt

787 4359 942 4440 arrabo
964 4360 1132 4429 [trdus
1161 4376 1339 4414 curam
1368 4358 1613 4423 Domino,
1638 4359 1931 4430 mansitque
1955 4358 2146 4426 David,
2175 4370 2224 4414 et
2252 4358 2352 4414 Jo-
2393 4349 2395 4351 ’

785 4451 987 4507 natltan
1022 4451 1151 4506 abiit
1196 4453 1250 4506 in
1280 4451 1491 4507 domum
1528 4468 1700 4507 suam.
1736 4450 1946 4518 Quibus
1978 4451 2172 4507 deinde
2216 4452 2350 4508 sub-

781 4544 962 4616 iungit
988 4564 1001 4599 :
1034 4542 1100 4598 Et
1131 4545 1476 4599 ascenderunt
1502 4543 1703 4613 Zipluei
1730 4559 1794 4598 ex
1813 4543 1966 4598 arido
1987 4544 2100 4598 loco
2125 4543 2192 4597 ad
2217 4543 2353 4599 Saul

783 4639 842 4690 in
867 4635 1052 4690 collem
1098 4635 1326 4691 dicentes
1357 4653 1374 4690 :
1408 4635 1596 4691 Nonne
1626 4653 1741 4692 ecce
1786 4636 1957 4691 David
1997 4637 2176 4690 latitat
2206 4635 2346 4704 apud

2455 3538 2662 3592 Αὐτίκα
2696 3535 2824 3607 γοῦν
2849 3540 2942 3592 καὶ
2973 3540 3002 3592 ὁ
3037 3540 3388 3610 προκείμενος
3441 3539 3750 3610 ἀνέπεμψεν
3793 3541 3885 3592 ἐπὶ
3915 3539 4014 3612 τὴν

2454 3630 2675 3702 πρώτην
2702 3631 2879 3702 βίϐλον
2901 3633 3006 3686 τῶν
3037 3632 3325 3687 Βασιλειῶν
3343 3651 3356 3664 ·
3386 3633 3461 3697 ὼς
3492 3633 3558 3686 ἂν
3592 3632 3796 3687 ἐκεῖθεν
3826 3633 4013 3704 μάθοι-

2456 3739 2576 3791 μεν,
2608 3724 2691 3791 ἐφ’
2738 3723 2870 3786 οἵοις
2917 3722 3201 3793 πράγμασι
3233 3723 3325 3777 τὸν
3380 3721 3734 3794 προκείμενον
3770 3722 3936 3794 ὕμνον
3985 3725 4014 3777 ό

2453 3812 2617 3867 Δαυῒδ
2638 3814 2970 3884 ἀνέπεμψεν.
2993 3815 3144 3884 Ἔχει
3175 3815 3232 3867 δὲ
3256 3817 3288 3886 ἡ
3322 3815 3528 3886 ἱστορία
3559 3816 3745 3870 τοῦτον
3772 3816 3863 3870 τὸν
3891 3817 4014 3888 τρόο

2453 3921 2550 3956 πον
2571 3921 2584 3934 ⁸
2615 3905 2724 3958 Kal
2753 3904 2998 3984 ἐκάθισε.
3017 3903 3195 3957 Δαυῒδ
3225 3905 3295 3958 ἐν
3317 3903 3390 3974 τῇ
3409 3904 3616 3985 ’ἐρήμῳ
3641 3904 3917 3960 Μασεδὲκ

2451 3993 2574 4059 τοῖς
2600 3993 2836 4060 στενοῖς
2854 4009 2867 4023 ο
2897 3992 2994 4046 καὶ
3018 3989 3270 4060 ἐκάθητο
3290 3993 3359 4046 ἐν
3381 3993 3460 4058 τῷ
3484 3993 3602 4062 ὄρει
3624 3993 3695 4046 ἐν
3717 3993 3792 4062 τῇ
3817 3993 4014 4064 ἐρήμῳ

2451 4085 2619 4154 Ζείφ.
2649 4082 2762 4138 Εἴθ’
2789 4085 2865 4147 ὡς
2883 4081 3071 4154 ἦλθεν
3107 4085 3379 4140 Ἱωνάθαν
3399 4088 3431 4139 ό
3461 4084 3592 4152 υίὸς
3625 4085 3823 4140 Σαοὺλ
3861 4085 4012 4154 πρὸς

2450 4177 2655 4240 αὑτὸν,
2678 4177 2775 4230 καὶ
2800 4177 2967 4230 εἶπεν
2987 4176 3145 4242 οὐτῷ
3161 4193 3176 4206 ο
3199 4177 3298 4245 Μὴ
3322 4176 3528 4246 φοϐοῦ,
3551 4176 3638 4231 ὅτι
3670 4179 3741 4232 οὺ
3755 4177 3842 4248 μὴ
3864 4177 4008 4246 εὕρῃ

2451 4283 2525 4321 σε
2556 4268 2594 4335 -ἠ
2622 4269 2750 4337 χεὶρ
2779 4268 2979 4322 Σαοὺλ
3014 4267 3119 4322 τοῦ
3148 4271 3369 4338 πατρός
3388 4275 3527 4338 μου,
3554 4271 3653 4324 καὶ
3699 4253 3780 4325 σὺ
3813 4271 4007 4334 βασι-

2449 4361 2693 4431 λεύσεις
2714 4359 2811 4413 ἐπὶ
2855 4360 3116 4428 Ἰσραὴλ,
3149 4361 3246 4415 καὶ
3271 4360 3385 4432 ἐγὼ
3410 4361 3624 4431 ἔσομαί
3656 4377 3756 4417 σοι
3775 4365 3860 4429 εὶς
3882 4362 4010 4417 δεύ-

2449 4468 2640 4518 τερον,
2677 4450 2776 4504 καὶ
2806 4450 3004 4505 Σαοὺλ
3034 4455 3067 4506 ό
3095 4451 3286 4520 πατήρ
3303 4469 3418 4521 μου
3459 4447 3622 4505 οἶδεν
3652 4451 3859 4517 οὕτως.
3897 4450 4007 4505 Kal

2449 4541 2775 4596 συνέθεντο
2806 4541 3120 4618 ἀμφότεροι
3149 4541 3441 4610 διαθήκην
3471 4540 3725 4596 ἐνώπιον
3764 4536 4023 4610 Κυρίου,-

2449 4632 2549 4686 zeal
2573 4630 2752 4686 Δαυῒδ
2772 4632 3046 4701 ἐκάθητο,
3075 4634 3173 4688 καὶ
3205 4632 3484 4688 Ἰωνάθην
3502 4631 3771 4700 ἀπῆλθεν
3791 4636 3877 4698 είς
3900 4633 4006 4688 τὸν

783 4745 880 4784 nos
925 4729 980 4784 in
1019 4727 1235 4784 Hesara
1270 4731 1326 4784 in
1353 4733 1612 4801 angustis,
1636 4733 1691 4786 in
1729 4748 1864 4786 nova
1893 4732 1982 4786 "1
2032 4730 2189 4799 Quod
2217 4746 2342 4786 cum
2377 4705 2421 4763 ί)
2445 4721 2502 4780 ol

2291 4747 2342 4786 ιη
2377 4705 2421 4763 D
2445 4721 2614 4781 οἷκον
2639 4726 2823 4780 αὐτοῦ
2844 4742 2857 4756 ·
2882 4721 2962 4794 οἷς
2991 4725 3119 4796 ἐξῆς
3149 4725 3416 4793 ἐπιλέγει·
3449 4724 3558 4778 Kal
3605 4723 3908 4792 ἀνέϐησαν
3947 4727 4002 4780 οί

783 4820 1066 4876 didicisset
1113 4817 1263 4884 Saul,
1300 4820 1388 4876 ad'
1413 4821 1667 4878 Davidem
1717 4823 2112 4893 insequendum
2141 4837 2344 4877 versus

781 4921 887 4969 est.
911 4912 1138 4983 Jamque
1159 4911 1464 4982 proximum
1494 4921 1611 4968 erat
1640 4921 1699 4968 ut
1741 4931 1863 4972 eum
1895 4923 2153 4986 caperet;
2207 4913 2344 4970 scri-

781 5012 932 5077 ptum
958 5006 1102 5075 enim
1133 5013 1216 5060 est
1242 5023 1257 5083 :1
1286 5004 1440 5072 Quod
1462 5021 1581 5059 cum
1603 5006 1836 5062 audisset
1867 5006 2020 5072 Saul,
2042 5015 2341 5075 persecutus

779 5109 859 5153 est
893 5098 1064 5154 Dauid
1106 5100 1159 5152 in
1208 5099 1412 5153 deserto
1463 5099 1646 5155 Maon.
1695 5100 1764 5154 Et
1811 5102 1959 5156 ibant
1993 5102 2124 5158 Saul
2165 5111 2214 5156 et
2243 5100 2343 5154 viri

778 5193 894 5262 ejus
927 5206 993 5245 e1:
1018 5201 1166 5261 parte
1191 5194 1382 5248 montis
1410 5193 1567 5264 hujus
1597 5211 1614 5248 :
1645 5203 1694 5248 et
1733 5204 1847 5249 erat
1881 5193 2051 5249 David
2085 5195 2339 5258 obtectus,

767 5289 837 5336 .ut
866 5280 1033 5336 abiret
1063 5299 1095 5335 α
1116 5283 1250 5352 facie
1281 5282 1444 5347 Saul;
1467 5282 1675 5353 etSaul
1703 5294 1752 5338 et
1788 5283 1886 5338 viri
1909 5285 2031 5354 ejus
2053 5293 2341 5339 castrame-

779 5369 1031 5444 tabantur
1053 5381 1238 5427 contra
1270 5373 1438 5429 David
1463 5384 1510 5428 et
1543 5375 1681 5428 viros
1710 5373 1847 5443 ejus,
1871 5383 1929 5427 ut
1960 5381 2199 5444 caperent
2226 5390 2335 5428 eos.

778 5462 850 5520 Et
881 5465 1097 5519 nuntius
1135 5468 1272 5522 venit
1308 5467 1378 5522 ad
1414 5467 1549 5524 Saul
1584 5466 1761 5522 dicens
1802 5480 1820 5520 :
1854 5465 2073 5522 Festina
2099 5477 2148 5523 et
2201 5467 2337 5534 ueni,

775 5561 903 5626 quia
957 5559 1257 5628 irruperunt
1312 5559 1568 5630 atlopbyti
1608 5560 1663 5614 in
1723 5560 1950 5613 terrent!
1997 5559 2066 5614 Et
2102 5577 2336 5616 reuersus

774 5659 851 5703 est
880 5639 1034 5718 Saul,
1060 5651 1315 5707 desistas
1338 5654 1575 5724 persequi
1602 5650 1773 5707 Dauid
1802 5665 1822 5705 :
1846 5659 1896 5707 et
1920 5655 2144 5721 pen-esu
2171 5653 2224 5707 in
2250 5669 2340 5706 oc-

774 5755 983 5795 cursum
1024 5743 1411 5816 attophylorum
1448 5745 1515 5800 ’°.
1553 5729 1679 5799 Haec
1710 5749 1839 5798 sunt
1887 5758 2009 5815 qua:
2052 5745 2336 5801 historiam

2445 4818 2675 4888 Ζιεραῖοι
2698 4820 2766 4873 ἐκ
2793 4817 2900 4889 τῆς
2931 4817 3282 4888 αὐχμώδους
3321 4815 3469 4884 πρὸς
3511 4817 3709 4870 Σαοὺλ
3750 4816 3848 4870 ἐπὶ
3872 4873 3874 4877 ,
3896 4821 4003 4872 τὸν

2436 4910 2688 4975 βουνὸν,
2705 4911 3010 4981 λέτυντεςο
3027 4912 3147 4963 Οὐκ
3171 4906 3298 4978 ίδοὺ
3319 4906 3497 4960 Δαυῖδ
3524 4906 3843 4978 κέκρυπται
3867 4908 4000 4978 παρ’

2442 5000 2586 5069 ἡμῖν
2615 5001 2686 5055 ἐν
2711 5001 2958 5070 Μεσαρᾱ
2975 5002 3045 5055 ἐν
3067 4997 3191 5064 τοῖς
3215 4997 3469 5063 στενοῖς.
3497 4998 3568 5050 ἐν
3592 4997 3666 5067 τῇ
3692 4999 3868 5068 καινῇ
3889 5021 3908 5064 ;
3937 5003 4001 5054 ’0

2442 5093 2504 5165 δὴ
2531 5094 2713 5165 μαθὼν
2737 5096 2911 5149 Σαοὺλ
2937 5096 3029 5147 ἐπὶ
3053 5090 3232 5156 δίωξιν
3279 5091 3491 5163 ἐτράπη
3523 5091 3614 5146 τοῦ
3650 5094 3829 5150 Δαυῖδ.
3859 5096 4001 5166 Ἤδη

2439 5202 2500 5240 τε
2531 5187 2712 5242 λοιπὸν
2745 5188 2909 5257 ἐγγὺς
2940 5183 3007 5258 ἦν
3036 5185 3130 5239 τοῦ
3163 5186 3343 5239 λαϐεῖν
3365 5186 3525 5239 αὐτὸν
3547 5185 3879 5259 ὑποχείριον·
3907 5188 4001 5256 γέ-

2440 5298 2679 5351 γραπται
2700 5282 2808 5353 γάρ
2830 5299 2844 5312 ι
2871 5280 2983 5336 Kal
3009 5278 3237 5348 ἤκουσε
3264 5279 3461 5335 Σαοὺλ
3500 5281 3598 5334 καί
3649 5281 4002 5347 κατεδίωξεν

2442 5371 2632 5424 ὀπίσω
2659 5370 2840 5426 Δαυῒδ
2873 5373 2960 5436 είς
2986 5369 3100 5438 τὴν
3119 5370 3342 5440 ἔρημον
3361 5370 3557 5426 Madv.
3588 5371 3698 5426 Kal
3725 5373 4000 5440 aron

2441 5479 2532 5517 ται
2557 5465 2756 5519 Σαοὺλ
2803 5463 2899 5518 καὶ
2930 5460 3231 5532 οίνᾶνδρες
3276 5463 3460 5520 αὑτοῦ
3506 5464 3574 5518 ἐκ
3615 5462 3836 5534 μέρους
3891 5461 3999 5516 τοῦ

2439 5555 2615 5626 ὄρους
2660 5559 2873 5612 τούτου
2894 5573 2906 5584 ·
2953 5555 3050 5609 καί
3081 5554 3312 5626 ἐγένετο
3348 5557 3526 5611 Δαυῒδ
3565 5554 4000 5623 σκεπαζόμενος

2438 5652 2795 5720 πορεύεσθαι
2820 5646 2938 5702 ἀπὸ
2963 5647 3282 5716 προσώπου
3303 5649 3502 5702 Σαούλ
3526 5662 3538 5676 '
3567 5636 3667 5700 seat
3686 5643 3882 5699 Σαοὺλ
3900 5642 3998 5697 καί

2437 5746 2490 5798 ot
2531 5741 2744 5812 ἄνδρες
2787 5738 2970 5795 αὐτοῦ
3023 5734 3472 5810 παρενέϐαλλον
3523 5737 3619 5792 ἐπὶ
3669 5733 3852 5791 Δαυῒδ
3896 5735 3992 5791 καὶ

845 5897 1398 5990 unumunum;
1447 5921 1503 5955 τε
1543 5921 1676 5980 ibid.
1707 5921 1892 5978 l6-l8.
1974 5922 2018 5957 σο
2057 5921 2189 5979 ibid.
2225 5921 2310 5977 19.
2385 5921 2431 5954 ὀ
2470 5921 2597 5978 ibid.
2629 5919 2819 5976 23-23.
