4354 6412
398 506 505 558 485
543 545 546 549 .

1517 507 1655 565 COM
1666 506 2016 564 MENTARIA
2057 507 2123 563 IN
2162 508 2498 565 PSALMOS.

3504 510 3607 566 486

396 630 538 695 τοὺς
561 628 1017 698 ἄνδραςαύτοῦ,
1039 629 1367 684 συλλαϐεῖν
1410 632 1650 697 αὐτούς.
1704 631 1816 684 Καὶ
1858 631 1956 700 ἆγ-
1987 639 2032 696 Α
2060 648 2115 702 sp

1886 631 1956 700 ῐγ-
1987 639 2032 696 Α
2060 640 2321 702 spectant.
2354 630 2563 698 Quibus
2594 630 2662 687 de
2685 630 2865 687 causis
2894 622 3109 701 ereptus
3140 628 3304 687 David
3337 647 3404 686 ex
3447 645 3605 687 manu

395 724 572 789 τελος
586 716 734 791 ἦλθε
752 720 901 789 πρὸς
921 720 1117 774 Σαοὺλ
1132 720 1325 788 λέγων
1341 738 1354 751 ·
1386 719 1614 774 Σπεῦδε
1636 720 1730 773 καί
1759 718 1955 787 δεῦρο,

395 811 484 865 ὅτι
513 809 792 865 ἐπέθεντο
838 812 1174 880 ἀλλόφυλοι
1205 810 1304 863 ἐπὶ
1353 809 1464 877 τὴν
1507 807 1639 879 γῆν.
1709 808 1817 862 Καί
1851 810 1957 863 άν-

393 902 649 972 έστρεψε
676 903 874 958 Σαοὺλ
892 902 977 973 μὴ
1007 900 1388 957 καταδιώκειν
1407 901 1597 954 ὀπίσω
1616 900 1792 955 Δαυῒδ
1812 940 1828 962 ,
1857 903 1954 956 καὶ

392 993 681 1062 ἐπορεύθη
701 998 787 1061 εἰς
817 994 1195 1061 συνάντησιν
1217 990 1347 1060 τῶνξ
1368 993 1750 1060 ἀλλοφύλων.
1771 992 1954 1047 Ταῦτα

398 1085 493 1155 μὲν
517 1084 586 1139 τὰ
618 1086 725 1139 ἀπὸ
758 1087 856 1155 τῆς
895 1084 1152 1157 ἱστορίας.
1201 1084 1312 1152 Ἐφ’
1348 1079 1430 1148 οἷς
1474 1084 1564 1137 τὸν
1593 1083 1952 1154 προκείμενον

395 1173 559 1248 ὕμνον
591 1177 873 1240 διασωθεὶς
898 1179 961 1229 ἐκ
988 1177 1168 1249 χειρὸς
1193 1176 1361 1251 ξαοὺλ
1388 1178 1416 1229 ό
1450 1175 1609 1229 Δαυῖδ
1640 1177 1823 1246 γραφῇ
1851 1192 1953 1228 πα-

398 1269 698 1340 ραδίδωσιν,
718 1268 1191 1339 ἐπισημηνάμενος
1212 1268 1301 1321 τὸν
1322 1267 1510 1338 καιρὸν
1536 1267 1629 1319 καὶ
1650 1266 1710 1319 τδ
1725 1268 1953 1337 πρᾶγμα

392 1360 636 1430 δηλώσας
687 1358 771 1412 διὰ
801 1358 1278 1432 τῆςηπρογραφῆς.
1338 1358 1428 1411 Διὸ
1459 1358 1551 1411 καὶ
1602 1358 1693 1410 ἐπὶ
1740 1356 1953 1410 σύνεσιν

394 1448 535 1518 ἡμᾶς
562 1448 817 1520 παρορμᾷ
838 1446 944 1500 τῶν
960 1447 1367 1518 ἐμφερομένων,
1393 1446 1564 1514 λέγων
1588 1465 1600 1477 ι
1635 1448 1735 1511 Εἰς
1752 1446 1818 1499 τὸ
1856 1445 1952 1499 τέ-

387 1541 495 1604 λος
517 1538 587 1593 ἐν
632 1540 839 1608 ὕμνοις
867 1538 1172 1603 συνέσεως
1204 1537 1282 1603 τῷ
1308 1538 1506 1592 Δαυΐδ.
1559 1538 1711 1591 Κατὰ
1751 1538 1810 1591 δὲ
1856 1537 1946 1591 τὸν

400 1630 659 1683 Ἀκύλανο
697 1630 779 1696 Τῷ
813 1630 1093 1695 νικοποιῷ
1138 1631 1209 1689 ἐν
1245 1630 1506 1700 ψαλμοῖς
1549 1630 1947 1699 ἐπιστήμονος

387 1719 493 1774 τοῦ
521 1720 725 1774 Δαυτδ·
754 1724 893 1773 κατὰ
916 1720 973 1774 δὲ
999 1721 1090 1773 τὸν
1120 1721 1410 1793 Σύμμαχον
1430 1738 1443 1752 ·
1502 1723 1826 1776 Ἔπινίκιον
1852 1720 1949 1801 διὰ

387 1815 730 1885 ψαλτηρίων
756 1816 886 1882 περὶ
920 1813 1223 1881 συνέσεως
1250 1815 1356 1872 τοῦ
1372 1814 1570 1869 Δαυΐδ.
1615 1814 1827 1885 Ἐπειδὴ
1855 1814 1949 1867 καί

2060 720 2239 777 Saulis
2286 723 2429 776 hunc
2469 721 2728 792 hymnum
2771 721 2973 791 scripto
3012 720 3256 783 tradidit,
3291 728 3489 795 natans
3515 736 3610 792 per

2056 814 2464 884 inscriptionem
2501 822 2715 884 tempus
2745 828 2809 869 ac
2844 828 2955 869 rem
2986 817 3177 884 ipsam.
3213 810 3392 878 Quare
3419 812 3503 869 ad.
3525 813 3610 867 in-

2052 903 2322 958 tellectum
2353 903 2430 957 rei
2466 917 2587 972 qua:
2614 910 2867 957 narratur
2897 917 2998 959 nos
3048 907 3323 971 provocat,
3358 901 3548 956 dicens
3584 920 3599 955 :

2053 994 2118 1049 In
2145 996 2321 1065 ﬁnem,
2352 995 2406 1048 in
2450 995 2678 1065 hymnis,
2710 995 3004 1050 intellectus
3040 994 3247 1050 Davidi.
3299 992 3605 1048 Secundum

2048 1087 2294 1157 Aquilam
2323 1101 2475 1150 vero,
2521 1083 2759 1162 Victorias
2788 1087 3013 1148 auctari,
3049 1087 3104 1140 in
3130 1086 3368 1155 psalmis,
3396 1084 3604 1140 scientis

2047 1175 2301 1239 Davidis;
2357 1174 2654 1231 secundum
2704 1173 3083 1245 Symmachum
3130 1182 3333 1239 autem,
3396 1173 3608 1227 Trium-

2045 1265 2219 1334 phale,
2256 1280 2347 1334 per
2375 1264 2647 1334 psalteria,
2696 1263 2760 1318 de
2806 1264 3149 1334 intelligentia
3186 1263 3429 1320 Davidis.
3469 1262 3606 1330 Quia

2048 1358 2285 1429 fugiens,
2333 1365 2391 1412 et
2438 1355 2712 1412 desertum
2771 1363 3174 1420 transcurrens,
3222 1370 3321 1424 pro
3352 1354 3606 1425 praesidio

2048 1448 2287 1519 psalterii
2349 1449 2771 1504 instrumentum
2808 1461 2992 1502 secum
3043 1445 3253 1514 agebat,
3301 1434 3427 1514 ipso
3448 1462 3601 1511 usus,

2048 1549 2211 1609 atque
2243 1539 2473 1609 hymnos
2503 1553 2598 1608 per
2644 1536 2776 1591 illud
2824 1536 2934 1591 Deo
2964 1537 3217 1591 emittens
3247 1553 3259 1587 :
3292 1536 3504 1591 cantica
3549 1543 3605 1591 et

2049 1631 2290 1701 psalmos
2323 1629 2633 1699 spirituales
2668 1642 2766 1697 pro
2809 1626 3078 1681 sacriﬁcio
3118 1626 3463 1696 persolvens;
3504 1639 3604 1694 pro

2048 1722 2397 1792 thymiamate
2429 1727 2608 1774 autem
2642 1718 2767 1772 boni
2793 1716 2999 1782 odoris,
3025 1732 3121 1787 per
3140 1718 3414 1773 orationes
3443 1715 3603 1786 spiri-

2050 1812 2196 1867 tuale
2223 1810 2587 1867 ministerium
2620 1808 2830 1865 obiens.

387 1900 601 1973 φεύγων
628 1907 720 1961 καὶ
755 1907 850 1977 τὴν
879 1907 1080 1978 ἔρημον
1114 1906 1476 1978 μεταδιώκων,
1511 1909 1629 1962 ἀντὶ
1667 1896 2037 1976 φυλακτηρίου
2092 1906 2325 1977 ἐπήγετο
2382 1903 2444 1956 τὸ
2501 1901 2594 1955 τοῦ
2657 1900 2949 1972 ψαλτηρίου
2970 1899 3219 1972 ὄργανον,
3260 1898 3406 1970 αὐτῷ
3457 1897 3603 1971 χρώ-

390 2012 542 2065 μενος
597 1997 689 2049 καὶ
728 2000 837 2059 τοῖς
871 1997 937 2050 δι’
999 1996 1163 2051 αὐτοῦ
1209 2000 1289 2060 είς
1329 1997 1460 2050 Θεὸν
1527 1994 1999 2065 ἀναπεμπομένας
2036 1993 2222 2064 ὖμνοις
2248 2008 2262 2023 ·
2316 1991 2412 2044 καὶ
2467 1989 2630 2062 ᾠδαῖς
2665 1989 2763 2059 μὲν
2816 1989 2909 2042 καὶ
2938 1987 3171 2058 ψαλμοῖς
3214 1989 3601 2059 πνευματικοῖς

370 2090 504 2145 ’ἀντὶ
536 2090 722 2153 θυσίας
748 2089 1044 2163 χρώμενος,
1077 2092 1196 2145 ἀντὶ
1232 2091 1289 2144 δέ
1324 2090 1562 2153 εὐώδους
1603 2089 1942 2159 θυμιάματος
1978 2088 2043 2141 δι’
2082 2085 2255 2157 εὐχῶν
2293 2085 2390 2157 τὴν
2420 2084 2792 2155 πνευματικὴν
2840 2082 3112 2138 ἀποτελῶν
3140 2083 3517 2155 λειτουργίαν..

467 2183 563 2235 Ἐν
592 2180 672 2251 τῷ
689 2180 889 2235 ἐλθεῖν
914 2182 1120 2236 τοίνυν
1138 2182 1279 2248 τοὺς
1305 2181 1587 2250 Ζιφαίους
1627 2179 1723 2233 καί
1760 2177 1948 2232 εἰπεῖν
1983 2184 2022 2241 Β
2120 2177 2186 2230 Ca

1881 2177 1948 2231 :i'r
1983 2184 2022 2241 Β
2120 2177 2252 2237 Cum
2275 2176 2527 2230 venissent
2556 2190 2680 2244 ergo
2708 2172 2927 2242 Zipluei,
2962 2190 3024 2228 ac
3050 2175 3303 2228 dixissent
3327 2171 3394 2226 ad
3422 2172 3552 2229 Sani
3578 2187 3600 2226 :

384 2274 465 2341 τῷ
500 2276 700 2330 Σαούλ
719 2289 737 2306 ·
761 2277 882 2329 Οὐκ
914 2274 1039 2329 ιδσὺ
1061 2274 1240 2329 Δαυῒδ
1273 2275 1595 2341 κέκρυπται
1621 2273 1756 2340 παρ’
1779 2270 1944 2339 ἠμῖν;

385 2365 555 2420 Τοῦτο
579 2366 764 2439 μαθὼν
786 2369 813 2421 ό
842 2368 1005 2437 Δαυῒδ
1033 2368 1150 2439 ἦτοι
1173 2367 1230 2431 ἐξ
1251 2364 1640 2435 ἀποκαλύψεως
1666 2364 1759 2418 τοῦ
1794 2363 1947 2417 msti-

386 2474 552 2529 ματος
581 2458 674 2511 τοῦ
705 2457 1039 2530 προφητικώ
1073 2457 1106 2527 ἢ
1140 2457 1204 2510 ἐκ
1233 2473 1374 2520 τινος
1405 2457 1511 2510 τῶν
1553 2455 1653 2518 τὰς
1693 2455 1945 2518 τοιαύτας

383 2547 723 2618 ἀπαγγελίας
744 2549 1011 2603 διακονεῖν
1038 2548 1303 2602 εἰωθότων
1321 2587 1335 2613 ,
1382 2547 1452 2601 τδ
1486 2548 1779 2621 ψαλτήριον
1808 2547 1945 2618 μετὰ

382 2642 461 2710 χεῖ
470 2657 569 2711 ρας
592 2658 664 2694 πα
675 2638 1151 2710 ραχρῆμαλαϐὼν,
1183 2640 1248 2693 δι’
1274 2638 1435 2692 αὑτοῦ
1450 2639 1527 2709 τῷ
1543 2638 1660 2708 Θεῷ
1678 2638 1774 2708 τὴν
1799 2638 1944 2706 λογι-

384 2733 483 2802 κὴν
506 2732 764 2802 ἀναφέρει
790 2731 977 2785 θυσίαν
991 2730 1160 2797 λέγων
1176 2731 1243 2783 τὰ
1261 2730 1694 2801 προκείμενα,νδι’
1713 2723 1787 2782 ὧν
1809 2728 1948 2794 ἀξιοῖ

386 2822 623 2891 σωθῆναι
648 2821 751 2874 ὑπὸ
775 2821 867 2875 τοῦ
898 2820 1053 2886 Θεοῦ,
1077 2821 1174 2874 οὐκ
1202 2820 1373 2883 άλλως
1406 2821 1437 2891 ἢ
1467 2820 1553 2874 διὰ
1578 2820 1670 2873 τοῦ
1685 2820 1944 2890 όνὸμάτος

383 2913 545 2968 αὑτοῦ
559 2931 572 2943 ·
596 2911 767 2982 διόφη
776 2927 874 2963 σιν·
911 2911 972 2964 '0
1001 2911 1243 2977 Θεός,ὲν
1258 2910 1338 2975 τῷ
1350 2911 1589 2978 ὀνόματί
1609 2927 1723 2963 σου
1741 2909 1945 2964 σῶσόν

356 3019 363 3025 ’
380 3020 453 3073 με
470 3021 483 3033 ο
512 3002 628 3073 ᾔδει
646 3001 754 3072 γὰρ
768 2996 902 3054 εἶναί
920 3018 972 3054 τι
991 3002 1159 3075 ὄνομα
1174 3001 1232 3054 τὸ
1254 3001 1390 3072 ὑπὲρ
1406 3003 1512 3054 πᾶν
1525 3000 1710 3071 ὄνομα.
1738 3001 1943 3071 ’Ὠσπερ

383 3096 489 3165 γάρ
508 3095 622 3149 ἐστί
645 3111 763 3147 τινα
781 3097 837 3148 ἐν
862 3096 983 3157 ταῖς
1007 3093 1240 3163 ἐπῳδαῖς
1257 3093 1395 3147 κατὰ
1412 3092 1518 3146 τῶν
1549 3092 1764 3145 ἰοϐόλων
1792 3094 1947 3164 ἐρπεο

383 3186 488 3239 τῶν
514 3186 729 3256 ῥήματα
749 3185 841 3238 καὶ
867 3184 1124 3254 ὀνόματα,
1148 3183 1412 3254 τοσαύτην
1438 3184 1764 3254 ἐμφαίνοντα
1792 3182 1945 3236 δυνάο

385 3290 531 3345 μεως
554 3274 727 3343 ἰσχὺν,
760 3273 834 3335 ὡς
854 3273 1258 3344 κατακοιμίζειν
1291 3273 1435 3343 ἦκα).
1458 3274 1681 3345 νεκροῦν
1704 3273 1772 3327 τὰ
1788 3273 1945 3341 φοϐε-

384 3361 599 3434 ρώτατα
620 3361 727 3415 τῶν
751 3361 992 3434 ἑρπετῶν
1009 3379 1026 3392 ο
1057 3362 1146 3418 τὸν
1175 3362 1336 3415 αὑτὸν
1355 3362 1553 3433 τρόπον
1591 3364 1760 3415 καὶτὸ
1778 3363 1943 3433 δνομα

380 3454 442 3506 τὸ
474 3453 613 3524 ὑπὲρ
645 3455 752 3507 πᾶν
786 3453 953 3523 ὄνομα
985 3453 1250 3521 ἠπίστατο
1282 3454 1545 3523 σωτήριον
1590 3455 1689 3523 μὲν
1737 3454 1941 3523 τυγχάε-
1978 3460 1981 3475 ‘

2048 2268 2235 2326 Nonne
2274 2283 2388 2321 ecce
2420 2265 2588 2319 David
2624 2265 2959 2319 absconditus
2998 2275 3076 2320 est
3126 2265 3262 2333 apud
3298 2266 3436 2321 nos?
3474 2263 3601 2321 Haec

2044 2375 2166 2413 cum
2200 2357 2388 2421 David,
2414 2357 2529 2412 sive
2552 2371 2618 2411 ex
2660 2356 2987 2412 revelatione
3020 2356 3245 2426 spiritus
3276 2356 3598 2425 prophetici,

2045 2453 2158 2507 sive
2199 2466 2263 2505 ex
2311 2450 2566 2520 quopiam
2605 2449 2732 2503 talia
2778 2447 3029 2503 nuntiare
3078 2447 3239 2501 solito
3265 2447 3596 2511 edidicisset,

2046 2553 2270 2615 accepto
2302 2543 2483 2598 statim
2524 2557 2634 2611 pra:
2683 2541 2933 2596 manibus
2984 2539 3260 2610 psalterio,
3318 2554 3412 2609 per
3464 2538 3598 2601 illud

2045 2636 2156 2690 Deo
2191 2634 2510 2689 rationabile
2565 2632 2891 2687 sacriﬁcium
2952 2626 3128 2693 oﬂ‘ert,
3181 2631 3294 2686 haec
3349 2632 3597 2699 loquens,

2044 2728 2240 2796 quibus
2263 2743 2293 2779 ιι
2322 2725 2431 2780 Deo
2457 2724 2683 2778 salutem
2707 2724 2969 2787 obtinere,
3002 2737 3110 2791 non
3142 2738 3235 2793 per
3254 2722 3398 2797 aliud
3427 2720 3599 2793 quod-

2043 2819 2208 2887 piam,
2244 2831 2406 2886 quam
2448 2829 2545 2885 per
2594 2828 2789 2869 nomen
2829 2813 2947 2882 ejus
2994 2815 3249 2882 postulat,
3280 2829 3449 2884 quare
3474 2815 3549 2868 ait
3580 2834 3595 2870 :

2044 2907 2202 2969 Deus,
2236 2908 2288 2961 in
2316 2906 2520 2960 nomine
2552 2914 2640 2958 tuo
2668 2904 2870 2959 salvum
2891 2918 2971 2958 me
2999 2903 3121 2972 fac;
3154 2918 3355 2974 gnarus
3388 2905 3597 2961 scilicet

2041 2997 2463 3066 essequoddam
2506 3010 2739 3060 nomen,
2782 2994 2925 3065 quod
2962 3002 3045 3050 est
3092 3010 3255 3065 super
3287 3009 3447 3050 omne
3500 3010 3599 3051 no-

2044 3104 2188 3143 men.
2227 3087 2693 3155 Quemadmodum
2722 3086 2866 3141 enim
2894 3086 2948 3140 in
2978 3084 3435 3141 incantationibus
3462 3101 3595 3140 con—

2042 3188 2124 3234 tra
2159 3179 2370 3249 reptilia
2406 3192 2697 3243 venenosa,
2729 3177 2972 3249 quaedam
3021 3175 3292 3245 assignata
3334 3174 3597 3229 vocabula
3688 3182 3695 3189 '

2041 3281 2097 3328 et
2147 3272 2364 3327 nomina
2423 3279 2571 3333 sunt,
2623 3276 2772 3323 tanta
2803 3268 2852 3322 vi
2888 3266 3168 3337 potestatis
3217 3266 3500 3327 instructa,
3540 3271 3597 3318 ut

2046 3364 2315 3434 reptilium
2340 3361 2737 3418 terribilissima
2762 3359 2844 3413 vel
2871 3357 3087 3428 sopiant
3110 3357 3192 3411 vel
3218 3357 3595 3426 exstinguant;

2044 3457 2123 3511 sic
2150 3463 2205 3510 et
2245 3454 2335 3509 ille
2374 3452 2540 3524 probe
2584 3451 2789 3505 sciebat
2831 3464 3024 3503 nomen
3060 3447 3190 3501 illud
3241 3462 3402 3515 super
3436 3461 3597 3521 omne

381 3562 491 3601 νειν
534 3544 642 3599 τῶν
686 3540 956 3616 σωτηρίας
983 3542 1164 3608 ἀξίων,
1189 3543 1295 3597 τῶν
1326 3544 1381 3596 δέ
1412 3545 1620 3616 ἐχθρῶν
1649 3546 1743 3599 καὶ
1791 3549 1940 3601 ἐναν-
1967 3535 2007 3591 C
2043 3561 2100 3600 ηε

1874 3564 1940 3599 ιν-
1967 3535 2007 3591 C
2043 3561 2259 3611 nomen,
2298 3546 2533 3601 salutare
2560 3541 2777 3613 quidem
2828 3541 2894 3595 iis
2924 3554 3047 3594 esse
3087 3538 3179 3607 qui
3226 3538 3399 3592 salute
3446 3536 3593 3606 digni

382 3638 510 3690 τίων
537 3632 813 3705 δυνάμεων
836 3632 1181 3688 άπελατικόν.
1220 3633 1499 3686 Ἐϐούλετο
1544 3634 1721 3687 τοίνυν
1766 3636 1939 3706 σωθῆ-

383 3744 468 3781 ναι
497 3728 554 3779 ἐν
584 3725 661 3796 τῷ
685 3725 904 3794 ὀνόματι
926 3722 1019 3777 τοῦ
1040 3718 1195 3785 Θεοῦ,
1222 3722 1314 3775 καὶ
1332 3723 1431 3775 οὐκ
1458 3722 1692 3793 ἀκρίτως
1713 3739 1771 3775 τε
1793 3723 1939 3776 ἐϐού-

382 3819 504 3872 λετο
520 3836 534 3850 ·
562 3817 674 3871 ἀλλ’
690 3819 746 3895 εί
767 3818 915 3884 άξιος
939 3817 1243 3889 εὑρίσκοιτο
1265 3816 1364 3887 τῆς
1386 3801 1673 3887 σωτηρίας.
1702 3816 1792 3869 Διὸ
1818 3818 1936 3869 ἐπι-

381 3911 554 3980 λέγει·
586 3910 695 3964 Καὶ
744 3910 812 3963 ἐν
859 3908 934 3978 τῇ
965 3909 1287 3976 δυναστείᾳ
1323 3926 1438 3963 σου
1493 3907 1709 3976 κρινεῖς
1748 3910 1933 3980 μοισῆ

383 3999 523 4053 κατὰ
546 4001 669 4062 τοὺς
701 3999 917 4063 λοιποὺς
943 3999 1296 4070 ἐρμηνευτάς,
1342 3998 1606 4065 δικάσεις
1638 4016 1756 4067 μοι.
1800 3998 1937 4068 Πρό-

380 4100 537 4163 τερον
564 4089 672 4161 γὰρ
709 4089 848 4155 ἀξιοῖ
874 4088 1147 4161 κρίνεσθαι
1177 4090 1269 4141 καὶ⁵
1292 4089 1604 4153 δικάζεσθαι
1648 4088 1781 4158 πρὸς
1812 4089 1937 4151 τοὺς

383 4180 702 4241 ἐλαύνοντας
733 4180 766 4249 ἢ
791 4179 883 4233 καὶ
910 4178 1329 4248 διαϐεϐληκότας
1351 4180 1511 4234 αὐτόν
1528 4197 1541 4210 ⁸
1572 4178 1669 4233 εἷθ’
1692 4178 1860 4242 οὕτως
1888 4181 1937 4232 εί

382 4271 567 4340 φάνειε
592 4269 939 4351 ἀδικούμενος
966 4267 1295 4338 ἐκδικήσεως
1317 4273 1498 4341 τυχεῖν
1520 4272 1617 4341 τῆς
1660 4270 1809 4342 παρὰ
1841 4270 1935 4324 τοῦ

382 4358 593 4431 κριτοῦ,
625 4362 1014 4431 μετερχομένου
1041 4363 1166 4423 τοὺς
1184 4361 1518 4425 ἀδικοῦντας.
1550 4362 1714 4417 Ταῦτ’
1745 4361 1933 4425 εἰπὼν,

383 4449 701 4521 προστίθησι
733 4450 903 4519 λέγων
925 4468 938 4482 ο
976 4452 1028 4503 '0
1059 4451 1220 4513 Θεὸς,
1239 4450 1603 4505 εἰσάκουσον
1625 4452 1734 4521 τῆς
1753 4468 1937 4519 προσ-

381 4541 568 4613 ευχῆς
608 4560 747 4610 μου,
792 4540 1064 4597 ἐνώτισαι
1110 4542 1181 4595 τὰ
1218 4542 1455 4611 ῥήματα
1497 4544 1602 4597 τοῦ
1644 4544 1936 4612 στόματός

352 4644 528 4702 ¹μου·
582 4633 769 4705 ὥσπερ
802 4632 1157 4702 δικαιολογίαν
1203 4632 1517 4702 ποιούμενος
1574 4633 1801 4686 ἐνώπιον
1842 4632 1935 4685 τοῦ

388 4724 658 4796 κρίνοντος
690 4722 925 4797 αὺτῷτε
958 4725 1049 4778 καὶ
1078 4710 1188 4788 τοῖς
1216 4723 1486 4779 ἀδικοῦσιν
1513 4726 1694 4779 αὐτόν.
1717 4724 1826 4778 Καὶ
1853 4725 1937 4776 ἵνα

385 4833 450 4885 γε
484 4816 554 4870 τὰ
577 4817 674 4887 τῆς
697 4816 1054 4885 δικαιολογίας
1079 4815 1409 4889 παραδεχθῇ,
1454 4816 1550 4888 τὴν
1590 4817 1755 4888 εὐχὴν
1803 4818 1935 4868 ἀνα.

2044 3647 2207 3703 sunt,
2242 3637 2488 3690 inimicos
2528 3648 2657 3689 vero
2696 3641 2748 3688 et
2794 3629 3133 3685 adversarius
3172 3634 3464 3698 potestates
3507 3625 3596 3680 fu-

2040 3743 2186 3799 gare.
2217 3724 2442 3779 Volebat
2478 3724 2663 3793 itaque
2689 3722 2916 3777 salutem
2943 3721 3000 3775 in
3030 3720 3247 3775 nomine
3279 3716 3370 3772 Dei
3399 3731 3593 3773 conse-

2041 3819 2156 3887 qui,
2204 3817 2362 3887 idque
2387 3831 2495 3870 non
2528 3816 2645 3871 sine
2676 3814 2964 3879 examine;
2997 3812 3089 3868 sed
3124 3812 3170 3867 si
3196 3811 3392 3887 dignus
3418 3808 3593 3863 salute

2041 3906 2545 3974 deprehenderetur.
2586 3902 2946 3971 Quamobrem
2990 3899 3157 3966 addit,
3196 3898 3262 3952 Et
3304 3900 3360 3953 in
3406 3899 3594 3952 virtute

2042 4007 2131 4050 tua
2161 3995 2416 4060 iudicabis
2448 3994 2612 4057 mihi;
2649 3995 2763 4050 sive
2797 3992 3096 4055 secundum
3140 3990 3380 4060 reliquos
3418 3990 3573 4044 inter-

2041 4094 2218 4155 pretes
2253 4104 2267 4140 :
2284 4068 2378 4153 jus
2419 4084 2558 4138 dices
2599 4084 2746 4154 mihi.
2782 4081 2915 4135 Nam
2968 4082 3119 4149 prius
3160 4084 3316 4147 rogat
3358 4074 3589 4145 judicari

2040 4195 2100 4235 se
2135 4187 2189 4232 et
2212 4178 2302 4245 jus
2341 4176 2449 4240 dici
2494 4175 2596 4230 sibi
2656 4174 2918 4228 adversus
2946 4169 3264 4239 impulsores
3291 4174 3344 4220 et
3384 4164 3591 4218 calum-

2040 4268 2279 4321 niatores
2342 4284 2357 4319 :
2410 4280 2473 4318 ac
2501 4263 2697 4319 deinde
2740 4262 2787 4317 si
2825 4260 3020 4329 injuria
3051 4256 3272 4311 aﬂ‘ectus
3294 4254 3587 4316 videretur,

2040 4371 2070 4411 a
2109 4356 2291 4426 judice
2326 4354 2612 4417 vindicari,
2647 4354 2740 4421 qui
2769 4351 2968 4419 injuria
2999 4363 3058 4403 se
3085 4344 3379 4400 allicientes
3404 4343 3587 4397 adori-

2040 4455 2210 4501 retur.
2255 4445 2351 4501 llis
2383 4446 2544 4500 dictis
2591 4442 2825 4511 adjicit:
2858 4440 3019 4501 Deus,
3064 4435 3256 4491 exaudi
3299 4435 3589 4488 orationem

2039 4553 2229 4599 meam,
2261 4536 2480 4589 auribus
2506 4536 2711 4603 percipe
2745 4530 2898 4585 verba
2919 4530 3025 4583 oris
3054 4528 3195 4589 mei;
3228 4525 3387 4595 quasi
3412 4524 3592 4579 disce—

2039 4629 2199 4699 pta'ns
2226 4644 2324 4700 pro
2352 4642 2517 4682 causa
2544 4641 2640 4681 sua
2690 4624 2743 4677 in
2791 4627 3099 4690 conspectu.
3121 4618 3208 4673 sui
3237 4625 3305 4671 .et
3339 4615 3591 4671 inimico-
3628 4606 3630 4609 ’

2040 4736 2160 4775 rum
2193 4735 2414 4775 suorum
2438 4717 2659 4788 judicia.
2694 4713 2763 4768 Ut
2790 4721 2967 4767 autem
2992 4709 3237 4766 defensio
3260 4723 3357 4764 sua
3391 4706 3590 4761 admit-

2042 4819 2206 4873 tatur,
2241 4811 2567 4874 orationem,
2607 4820 2773 4876 quam
2796 4802 3043 4859 exaudiri
3075 4808 3253 4871 rogat,
3281 4798 3479 4853 emittit
3500 4795 3588 4849 di-

382 4881 610 4976 πέμπει,
626 4881 691 4979 ἦν
721 4907 814 4960 καὶ
833 4881 1244 4978 ιίσακουσθῆναι
1275 4881 1416 4970 the}:
1432 4881 1603 4975 λέγων
1769 4907 1931 4971 Θεὸς,
1969 4881 2010 4935 D
2038 4916 2101 4955 ce

1869 4926 1931 4971 νς,
1969 4881 2010 4935 D
2038 4916 2169 4955 cens
2210 4918 2223 4954 :
2269 4898 2432 4960 Deus,
2483 4895 2850 4968 exaudi,'.~etc.
2904 4892 3043 4960 Quid
3070 4900 3230 4960 porro
3276 4888 3379 4943 sibi
3432 4886 3588 4939 vellet

379 4994 882 5059 εὶσάκουσον,“καὶ
910 4995 978 5048 τὰ
1008 4995 1154 5065 ἑξῆς.
1186 4980 1312 5049 Τίδ
1336 4994 1401 5049 ἂν
1430 4994 1679 5049 ἐϐούλετο
1700 4994 1737 5065 ΔἸι
1764 5011 1930 5065 προσ-

381 5082 533 5153 ευχὴ,
576 5084 668 5137 καὶ
701 5082 858 5136 ποίαν
896 5080 1257 5152 δικαιολογίαν
1282 5079 1427 5153 εἶχε,
1466 5082 1591 5153 ἐξῆς
1639 5080 1929 5153 παρίστησι

381 5173 553 5241 λέγων
567 5190 581 5204 ·
614 5186 617 5193 ‘

441 5264 569 5317 Ὅτι
594 5264 893 5333 ἀλλότριοι
923 5264 1344 5333 ἐπανέστησαν
1380 5264 1469 5317 ἐπ’
1500 5262 1625 5331 ἐμὲ,
1662 5264 1758 5315 καὶ
1788 5278 1929 5329 κραο
1975 5299 1978 5303 ε

377 5355 527 5411 ταιοὶ
583 5353 881 5423 ἐζήτησαν
946 5357 1060 5425 τὴν
1115 5356 1326 5424 ψυχήν
1365 5371 1505 5425 μου,
1539 5352 1637 5405 καὶ
1682 5353 1754 5406 οὐ
1786 5367 1931 5419 προ-

376 5448 582 5504 έθεντο
600 5445 708 5500 τόν
738 5445 1153 5513 Θεὸνὲνώπιον
1181 5445 1397 5499 αὐτῶν.
1426 5442 1587 5496 Ταῦτ’
1614 5436 1682 5512 ἦν
1710 5440 1777 5495 τὰ
1833 5444 1931 5513 τῆς

379 5539 760 5609 δικαιολογίας.
791 5541 902 5595 Καὶ
925 5541 1026 5612 ὅρα
1058 5537 1174 5601 πῶς
1201 5536 1263 5589 οὐ
1313 5537 1402 5591 διὰ
1440 5534 1661 5609 μακρῶν
1703 5535 1931 5589 ἐκτείνει
1960 5552 1963 5554 ·

381 5634 506 5695 τοὺς
519 5630 731 5701 λόγους,
756 5629 869 5685 ἀλλ’
888 5628 993 5701 ,ἅτε
1028 5627 1145 5698 Θεῷ
1175 5625 1254 5697 τῷ
1282 5626 1457 5679 πάντα
1492 5624 1651 5679 εἰδότι
1686 5622 1930 5693 διαλεγό-

386 5738 565 5792 μενος,
599 5720 747 5792 αὐτῷ
776 5721 931 5792 μόνον
958 5718 1259 5790 ὑπόμνησιν
1285 5719 1532 5780 ποιεῖται,
1579 5716 1670 5788 τὴν
1716 5714 1930 5786 μακρὰν

382 5810 490 5864 τῶν
512 5813 854 5883 πραγμάτων
886 5809 1209 5865 ἀποσιωπῶν
1228 5798 1589 5861 διδατκαλίακί.
1613 5807 1837 5876 Μήποτε
1869 5803 1928 5857 δὲ

389 5901 510 5959 τοὺς
537 5901 631 5955 μὲν
646 5900 952 5961 ἀλλοτρίους
969 5899 1213 5958 ὴνίσσετο
1233 5898 1357 5962 τοὺς
1376 5897 1627 5961 Ζιφαίους
1647 5898 1769 5960 τοὺς
1796 5894 1927 5958 ποὺς

2037 4992 2233 5052 oratio,
2263 4997 2317 5044 et
2342 5000 2505 5059 quam
2551 4988 2925 5055 defensionem
2968 4983 3296 5044 institueret,
3334 4977 3435 5031 sub
3473 4976 3588 5030 haec

2032 5083 2266 5153 explicat
2297 5080 2383 5136 his
2410 5079 2590 5137 verbis
2615 5098 2629 5134 :

2102 5256 2266 5312 Vsus.
2300 5256 2438 5311 5-7.
2476 5258 2737 5324 Quoniam
2760 5252 2940 5325 alieni
2971 5251 3371 5305 insurrexerunt
3402 5242 3586 5297 adver-

2035 5366 2151 5403 sum
2183 5364 2283 5411 me,
2315 5358 2365 5401 et
2395 5348 2556 5417 fortes
2576 5345 2891 5417 quasierunt
2918 5342 3149 5396 animum
3182 5351 3373 5400 meam,
3406 5343 3455 5389 et
3484 5350 3586 5387 non

2035 5439 2414 5510 proposuerunt
2458 5422 2625 5491 Deum
2675 5444 2797 5489 ante
2848 5438 3176 5501 conspectum
3233 5441 3399 5482 suum.
3465 5423 3587 5478 Haec

2035 5540 2152 5587 erat
2184 5531 2528 5606 disceptatio.
2564 5527 2643 5582 Ac
2678 5526 2801 5583 vide
2827 5525 2959 5580 mihi
2991 5537 3098 5593 quo
3125 5527 3284 5592 pacto
3304 5531 3435 5575 ,non
3465 5515 3586 5569 lon-

2041 5636 2165 5694 gum
2198 5621 2438 5691 proferat
2474 5633 2815 5685 sermonem;
2852 5616 3173 5695 sed_utpote
3199 5611 3367 5665 Deum
3410 5606 3583 5661 omni-

2039 5711 2211 5766 scium
2263 5709 2566 5779 alloquens,
2624 5722 2736 5763 rem
2799 5705 2913 5775 ipsi
2946 5705 3121 5759 solum
3173 5706 3581 5757 commemorat.

2038 5803 2363 5871 longamque
2413 5798 2614 5870 negotii
2656 5790 3065 5867 explicationem
3111 5780 3326 5846 silentio
3364 5786 3580 5858 premit.

2034 5871 2170 5947 Num
2220 5905 2346 5946 vero
2403 5904 2499 5958 per
2554 5888 2761 5943 alienos
2817 5884 3125 5941 subindicat
3173 5880 3442 5952 Ziphaeos,
3485 5875 3578 5947 qui
