4354 6396
824 486 917 541 I11

1497 482 1767 540 EUSEBII
1790 483 2272 563 CESARIENSIS
2307 483 2453 539 OPP.
2495 477 2675 541 PARS
2712 484 2798 541 Ill.
2836 516 2905 528 -—
2944 485 3344 543 EXEGETICA.

3890 492 3994 548 4⁸3

822 605 1001 659 storis:
1031 608 1289 658 rationem
1318 602 1434 658 haec
1457 604 1707 659 videntur
1736 620 1764 657 a
1799 603 2001 661 Davide
2024 604 2165 661 dicta
2197 605 2364 663 fuisse
2391 614 2431 667 Α
2464 608 2541 678 ρία

2277 623 2364 663 sse
2391 614 2431 667 Α
2464 608 2600 678 ρίαν,
2626 607 2823 672 δόξειεν
2856 607 2922 660 ἂν
2962 606 3027 661 τὰ
3071 608 3400 677 προκείμενα
3444 608 3687 678 εἰρῆσθαι
3724 609 3800 680 τῷ
3836 609 3996 664 Δαυτδ

820 709 929 763 quo
964 701 1205 764 tempore
1240 694 1451 765 fugiens
1478 709 1509 748 a
1547 695 1683 749 l‘acie
1719 693 1899 748 Saulis
1928 695 1982 748 in
2011 695 2227 750 deserto
2267 711 2354 751 se-

820 786 916 839 des
940 784 1185 838 habebat.
1216 786 1273 838 In
1305 783 1656 854 sequentibus
1693 785 1872 853 itaque
1908 786 1983 837 ait
2010 804 2022 839 :
2060 783 2192 838 Ecce
2216 785 2359 838 elon-

820 876 936 942 gasi
964 875 1185 944 fugiens,
1208 884 1255 929 et
1297 877 1467 928 mansi
1513 875 1565 927 in
1595 874 1890 928 solitudine.
1931 874 2192 939 Quoniam
2233 889 2361 929 vero

826 964 952 1018 Saul
987 980 1159 1033 usque
1182 965 1247 1018 ad
1282 972 1505 1019 mortem
1534 965 1637 1035 ipsi
1678 965 1962 1039 insidiatus
1988 974 2073 1021 est
2102 980 2224 1019 cum
2266 967 2361 1020 ad-

824 1048 1086 1109 ministris
1112 1056 1246 1117 suis,
1278 1054 1479 1109 dixisse
1502 1054 1711 1109 videtur
1738 1072 1803 1109 ex
1843 1071 2073 1130 persona
2105 1057 2315 1124 propria
2345 1074 2358 1110 :

823 1140 1174 1199 Contristatus
1203 1162 1314 1199 sum
1352 1148 1404 1199 in
1436 1148 1803 1208 exercitatione
1831 1163 1964 1209 mea,
2008 1155 2056 1199 et
2089 1145 2363 1199 conturba-

825 1244 908 1288 tus
943 1250 1058 1287 sum
1089 1252 1120 1287 a
1162 1252 1278 1290 voce
1309 1237 1509 1289 inimici
1538 1246 1650 1306 et‘a
1690 1236 2024 1289 tribulatione
2053 1236 2360 1305 peccatoris.

825 1321 1084 1387 Quoniam
1118 1323 1500 1378 declinaverunt
1533 1325 1587 1377 in
1627 1340 1706 1377 me
1750 1325 2093 1393 iniquitatem,
2119 1334 2167 1378 et
2192 1326 2252 1393 in
2281 1326 2363 1376 ira

823 1414 1027 1470 molesti
1056 1424 1205 1467 erant
1234 1414 1382 1467 mihi.
1419 1412 1541 1467 llzec
1584 1428 1714 1469 sane
1747 1413 1959 1483 quidem
1995 1413 2209 1469 Davidis
2244 1428 2365 1484 per-

824 1520 969 1560 sona:
1001 1511 1271 1572 coaptare,
1310 1518 1415 1557 non
1443 1504 1538 1558 abs
1572 1519 1629 1558 re
1676 1512 1848 1567 esset;
1903 1513 1955 1558 at
2000 1520 2104 1558 non
2148 1520 2211 1558 ea
2241 1520 2361 1574 quae

822 1602 946 1664 post
1016 1594 1293 1664 subjungit
1350 1606 1395 1647 :'
1437 1593 1697 1660 Quoniam
1764 1595 1870 1647 uidi
1941 1595 2265 1664 iniquitatem
2318 1602 2367 1647 et

824 1680 1293 1739 contradictionem
1368 1687 1424 1740 in
1494 1687 1703 1739 civitate
1759 1685 1842 1738 die
1919 1703 1981 1739 ac
2047 1686 2368 1739 nocte:cir—

769 1761 773 1764 ν
826 1778 1089 1832 cumdabit
1135 1795 1247 1831 eam
1282 1796 1436 1847 super
1464 1795 1639 1833 muros
1683 1779 1819 1844 ejus,
1853 1786 1901 1833 et
1931 1780 2177 1848 iniquitas
2207 1788 2256 1831 et
2276 1777 2370 1829 ’ία-

828 1867 920 1921 bar
962 1870 1018 1921 in
1060 1867 1227 1920 medio
1278 1868 1409 1939 ejus=
1477 1866 1545 1920 Et
1576 1885 1677 1921 non
1711 1867 1897 1935 defecit
1943 1868 2005 1920 de
2041 1866 2226 1934 plateis
2257 1868 2369 1935 ejus

828 1974 988 2011 usura
1029 1965 1077 2011 et
1109 1934 1309 2010 dolus;
1339 1934 1599 2021 Quoniam
1646 1957 1692 2009 si
1734 1934 1975 2009 inimicus
2022 1934 2371 2009 maledixisset
2403 1934 2441 1986 Β

826 2046 977 2110 mihi,
1033 2047 1396 2099 sustinuissent
1433 2047 1625 2113 utique,
1661 2053 1712 2099 et
1740 2053 1947 2099 caetera.
1995 2041 2164 2109 Quam
2193 2044 2375 2096 civita-

827 2146 931 2190 tem
964 2135 1267 2207 significare
1295 2136 1449 2201 velit,
1478 2134 1533 2188 iu
1556 2149 1660 2203 qua
1705 2136 1815 2189 hac
1835 2135 1949 2188 visa
1987 2135 2122 2200 sint,
2152 2148 2270 2204 quae
2284 2134 2369 2188 vi—

825 2227 973 2281 disse
993 2240 1071 2280 se
1108 2235 1518 2289 commemorat,
1573 2241 1680 2280 non
1721 2233 1895 2296 potest
1919 2226 2039 2296 quis
2062 2240 2126 2281 ex
2148 2226 2372 2280 historia

829 2314 1115 2385 expiscari.
1170 2315 1304 2383 Quis
1347 2330 1476 2370 vero
1514 2315 1603 2369 ille
1641 2330 1799 2384 quem
1839 2314 1919 2368 sic
1955 2314 2262 2383 alloquitur,
2296 2314 2372 2367 Tu

828 2420 947 2458 vero
984 2403 1135 2457 homo
1176 2405 1438 2457 unanimis
1459 2442 1475 2468 ,
1510 2403 1618 2455 dua:
1648 2418 1791 2456 meus
1830 2411 1879 2455 et
1908 2412 2060 2456 notus
2087 2419 2257 2465 meus,
2285 2402 2374 2471 qui

828 2496 989 2549 simul
1029 2512 1227 2548 mecum
1274 2494 1451 2549 dulces
1500 2494 1741 2564 cupiebas
1772 2494 1965 2550 cibos?
2005 2493 2063 2547 Si
2103 2493 2267 2556 enim,
2298 2493 2375 2546 in-

829 2588 969 2657 quit,
994 2587 1128 2652 hzc,
1162 2587 1380 2642 inimico
1402 2586 1683 2650 inierente,
1705 2587 1843 2640 mala
1859 2600 2146 2655 perpessus
2162 2599 2333 2639 essem
2355 2600 2370 2648 ;

832 2685 927 2731 aut
971 2677 1017 2732 si
1057 2677 1179 2746 quis
1219 2677 1344 2731 odio
1371 2692 1456 2732 me
1491 2677 1689 2732 habere
1715 2676 1992 2746 professus
2019 2675 2371 2745 designasset,

832 2767 909 2821 nil
937 2766 1130 2821 mirum
1151 2776 1314 2824 esset.
1346 2766 1500 2822 Nunc
1528 2776 1705 2822 autem
1733 2782 1905 2836 neque
1932 2768 2173 2823 infensus
2201 2780 2373 2836 neque

834 2856 1259 2923 inimicusmihi,
1275 2857 1369 2912 sed
1395 2872 1621 2913 consors
1644 2866 1697 2912 et
1721 2858 1945 2920 amicus,
1968 2858 2075 2911 imo
2098 2872 2223 2911 vero
2248 2871 2374 2911 una-

834 2945 1014 3007 nimis.
1048 2956 1101 3000 et
1140 2946 1247 3000 dux
1295 2961 1325 2999 a
1371 2962 1456 3001 me
1480 2948 1825 3008 constitutus,
1871 2946 2141 2999 communi
2188 2961 2372 3001 mensa

834 3034 1103 3103 dignatus,
1127 3044 1181 3088 et
1221 3034 1471 3096 fortasse,
1505 3036 1597 3104 qui
1626 3049 1730 3088 una
1777 3049 1985 3088 mecum
2013 3035 2283 3103 ingressus
2318 3036 2371 3088 in

836 3124 1053 3176 domum
1089 3122 1178 3177 Dei
1222 3132 1276 3178 et
1317 3126 1574 3179 orationis
1621 3138 1845 3178 consors
1884 3132 2032 3190 erat,
2064 3126 2258 3180 taliane
2286 3126 2377 3179 ad-

2455 697 2573 750 καθ⁸
2596 697 2687 762 οὓς
2708 699 3061 769 ἀπεδίδρασκε
3088 698 3326 769 χρόνους,
3350 697 3558 764 φεύγων
3586 698 3690 751 ἀπὸ
3711 702 3995 771 προσώπου

2459 788 2625 842 Σαοὺλ
2646 828 2661 851 ,
2711 792 2768 841 ὲν
2799 791 2914 852 ταῖς
2949 791 3185 859 ἐρήμοις
3212 788 3310 851 τὰς
3342 787 3619 858 διατριϐὰς
3665 789 3991 859 ποιούμενος.

2456 879 2615 946 Λέγει
2636 878 2679 932 δ’
2706 874 2797 931 οῦν
2830 877 2955 948 ἑξῆς
2989 878 3218 948 προϊών·
3274 876 3417 931 Ἰδοὺ
3461 878 3760 946 ὲμάκρυνα
3808 897 3995 949 φυγα-

2456 969 2662 1027 δεύωιν.
2717 969 2811 1021 καὶ
2852 970 3154 1035 ηὐλίσθην
3193 970 3263 1021 ἐν
3301 966 3376 1035 τῇ
3418 967 3627 1036 ἐρήμῳ.
3676 970 3781 1021 Καὶ
3812 970 3995 1041 ἐπειδὴ

2464 1062 2620 1131 μέχρι
2646 1060 2873 1113 θανάτου
2900 1058 3253 1113 ἐπεϐούλευεν
3291 1058 3436 1127 αὐτῷ
3458 1058 3629 1111 Σαοὺλ
3663 1059 3755 1112 καὶ
3784 1059 3834 1111 οἱ
3864 1076 3997 1129 συμ-

2461 1149 2783 1218 πράττοντες
2811 1147 2976 1218 αύτῷ,
3008 1144 3157 1200 εἶπεν
3182 1148 3247 1200 ἂν
3277 1147 3333 1212 ἐξ
3360 1147 3556 1199 οίκείου
3598 1147 3881 1218 προσώπου
3904 1150 3997 1203 καὶ

2458 1238 2539 1301 τὸ,
2581 1238 2918 1305 Ἐλυπήθην
2943 1236 3104 1304 ἐντῇ
3135 1236 3460 1305 ἀδολεσχίᾳ
3486 1255 3625 1305 μου,
3665 1239 3759 1291 καί
3790 1238 3997 1305 ἐπαρά-

2461 1333 2612 1398 χθην
2652 1329 2765 1383 ἀπὸ
2790 1329 2990 1398 φωνῆς
3014 1327 3228 1397 ἐχθροῦ
3260 1329 3356 1380 καί
3389 1329 3505 1382 ἀπὸ
3542 1330 3792 1397 θλίψεως
3819 1330 4000 1397 duap-

2460 1419 2681 1473 coUoﬁ.‘
2713 1421 2837 1472 Ὅτι
2876 1418 3188 1482 ἐξέκλιναν
3226 1419 3316 1471 ἐπ’
3348 1419 3450 1487 ἐμε
3488 1420 3755 1487 ἀνομίαν,
3798 1419 3891 1472 καί
3930 1420 4001 1472 ἐν

2461 1508 2607 1578 ὀργῇ
2620 1510 2933 1567 ἐνεκὰουν
2944 1525 3061 1576 μοι.
3092 1508 3275 1560 Ταῦτα
3311 1508 3408 1577 μὲν
3434 1505 3524 1561 οὖν
3554 1509 3785 1579 ἁρμόσαι
3805 1507 3881 1578 τῷ
3906 1508 3998 1562 τοῦ

2462 1598 2618 1651 Δαυϊδ
2649 1596 3003 1669 προσώπῳού
3025 1596 3274 1669 δυσχερές
3292 1615 3306 1629 ·
3338 1598 3397 1650 οὐ
3431 1597 3533 1668 μὴν
3557 1598 3735 1652 καὶτὰ
3762 1597 3906 1668 ἑξῆς,
3942 1601 4001 1651 ὲν

2462 1682 2540 1750 οἷς
2564 1686 2829 1754 ἐπιλέγει·
2869 1687 2994 1737 Ὅτι
3022 1681 3181 1738 εἶδον
3221 1686 3472 1754 ἀνομίαν
3517 1686 3614 1739 καὶ
3660 1688 4003 1757 ἀντιλογίαν

2461 1777 2531 1830 ἐν
2557 1775 2631 1844 τῇ
2661 1777 2830 1830 πόλει
2853 1774 3072 1843 ἡμέρας
3101 1775 3195 1828 καί
3214 1778 3429 1842 νυκτός
3447 1794 3459 1807 ·
3482 1777 3776 1835 κυκλώσει
3811 1779 4005 1844 αὐτὴν

2465 1865 2559 1919 ἐπὶ
2581 1865 2652 1918 τὰ
2677 1865 2841 1932 τείχη
2862 1863 3067 1930 αὐτῆς,
3094 1864 3189 1915 καί
3206 1865 3419 1932 ἀνομία
3440 1866 3533 1917 κιιὶ
3557 1867 3737 1931 κόπος
3753 1865 4004 1936 ἐνμέσῳ

2469 1955 2671 2024 αὐτῆς.
2697 1960 2804 2010 Kal
2830 1959 2936 2010 οὐκ
2957 1956 3231 2019 ἐξέλιπεν
3258 1956 3325 2008 ἐκ
3356 1955 3470 2009 τῶν
3496 1956 3787 2011 πλατειῶν
3815 1956 4005 2024 αὐτῆς

2468 2047 2640 2111 τόκος
2696 2046 2792 2098 καὶ
2847 2046 3041 2111 δόλος.
3084 2047 3220 2109 Ὅτι,
3277 2047 3328 2097 εἱ
3352 2045 3558 2113 ἐχθρὸς
3594 2046 3858 2101 ὠνείδισέ
3906 2065 4001 2117 με,

2470 2132 2771 2202 ὑπήνεγκα
2800 2133 2893 2197 ἂν,
2924 2136 3015 2185 καὶ
3042 2133 3108 2185 τὰ
3139 2133 3279 2202 ἑξῆς.
3316 2133 3477 2185 Ποίαν
3505 2134 3610 2204 γὰρ
3636 2135 3786 2187 πόλιν
3824 2134 4006 2205 βούλεο

2468 2240 2554 2277 ται
2580 2225 2875 2294 σημαίνειν,
2906 2224 2989 2292 ἐφ’
3008 2219 3074 2293 ἦς
3102 2223 3268 2275 ταῦτα
3292 2223 3557 2284 τεθέαται,
3584 2223 3617 2275 ἆ
3642 2212 3800 2292 φησιν
3830 2225 4004 2294 ἑωρα-

2470 2314 2641 2378 κέναι,
2662 2315 2757 2365 οὐκ
2789 2314 2852 2366 ἂν
2876 2313 2986 2385 ἔχοι
3018 2330 3100 2375 τις
3142 2314 3247 2365 ἀπὸ
3274 2313 3371 2382 τῆς
3420 2313 3651 2383 ἱστορίας
3686 2315 3875 2368 εἱπεῖν.
3910 2314 4005 2377 Τις

2468 2404 2523 2455 δὲ
2542 2398 2692 2466 οὗτος
2716 2399 2781 2474 ἦν
2812 2398 2856 2470 ᾧ
2886 2390 3217 2473 προσεφώνει
3244 2404 3414 2471 λέγων
3434 2421 3448 2437 ο
3480 2403 3563 2457 Σὺ
3594 2402 3656 2456 δὲ
3682 2445 3697 2468 ,
3741 2404 4004 2471 ἄνθρωπε

2473 2495 2745 2561 ὶσόψυχε,
2774 2494 3003 2562 ἡγεμών
3021 2512 3137 2563 μου
3164 2494 3262 2547 καὶ
3284 2494 3512 2563 τνωστέ
3536 2513 3672 2563 μου,
3714 2494 3781 2561 ὃς
3805 2495 3902 2548 ἐνπὶ
3938 2494 4005 2548 τὸ

2470 2585 2609 2636 αὐτὸ
2647 2584 2976 2652 ἐγλύκανάς
3014 2603 3112 2653 μοι
3141 2584 3470 2653 ἐόέσματα;
3503 2586 3565 2637 Εἱ
3618 2586 3713 2655 μὲν
3759 2587 3867 2657 γὰρ
3916 2585 4005 2639 ὑπ’

2469 2674 2658 2744 ἐχθροῦ
2696 2675 2845 2728 ταῦτ’
2878 2676 3141 2745 ¹ἔπασχον,
3194 2675 3435 2747 φησὶν,ἢ
3480 2677 3528 2728 εί
3560 2678 3711 2745 μίσος
3737 2674 4007 2745 ὁμολογῶν

2467 2780 2548 2829 τις
2578 2766 2717 2835 ἔχειν
2741 2767 2875 2837 πρός
2912 2784 2977 2836 με
3012 2766 3157 2819 ταῦτ’
3189 2768 3378 2831 ἐποίει,
3411 2766 3561 2819 οὑδὲν
3584 2761 3650 2835 ἦν
3679 2765 4003 2836 θαυμαστὸν

2469 2856 2583 2909 νυνὶ
2612 2856 2667 2908 δὲ
2703 2855 2823 2908 οὔτε
2858 2857 3024 2925 μισῶν
3046 2855 3165 2909 οὔτε
3189 2856 3406 2926 ἐχθρὸς,
3440 2857 3672 2926 συνήθης
3713 2856 3769 2908 δὲ
3809 2855 3883 2908 ὢν
3916 2857 4008 2909 καὶ

2470 2946 2636 3014 φίλος,
2675 2946 2919 3015 ἱσόψυχός
2942 2962 2999 2997 τε
3032 2947 3123 2999 καὶ
3151 2945 3367 3015 ἡγεμὼν
3395 2946 3483 2999 ὑπ’
3511 2946 3642 3015 ἐμοῦ
3675 2945 4007 3015 καθεσταμέ-

2469 3052 2577 3100 νος,
2607 3034 2789 3103 κοινῆς
2815 3052 2872 3087 τε
2910 3035 3183 3104 τραπέζης
3215 3035 3424 3105 ἀξίωμα
3448 3035 3605 3103 ἔχων,
3657 3035 3768 3086 ἴσον
3802 3035 3927 3103 μιᾶς
3950 3050 4007 3086 τε

2470 3126 2560 3178 καὶ
2588 3125 2681 3193 τῆς
2720 3125 2884 3193 αὐτῆς
2927 3125 2983 3174 ὲν
3012 3122 3087 3193 τῷ
3109 3122 3240 3192 οἴκῳ
3269 3123 3360 3197 τοῦ
3389 3121 3522 3174 Θεοῦ
3555 3122 3755 3174 εἱσόδου
3794 3139 3882 3189 μοι
3919 3124 4009 3175 καὶ

834 3226 1053 3273 versum
1086 3225 1170 3265 me
1210 3212 1423 3281 aggredi
1474 3227 1637 3268 ausus
1666 3213 1760 3267 es?
1788 3210 1911 3266 Haec
1931 3210 2117 3282 {autem
2159 3214 2372 3283 pr0pria
2399 3240 2441 3298 ο
2473 3216 2553 3284 εὑ)

2287 3214 2372 3266 tria
2399 3240 2441 3298 ο
2473 3214 2633 3284 εύχῆς
2669 3214 3068 3283 κεκοινωνηκὼς
3093 3254 3107 3278 ,
3157 3212 3375 3266 τοιαῦτα
3401 3215 3480 3276 εἱς
3510 3213 3608 3283 ἐμὲ
3638 3212 4006 3283 τετόλμηκαςς

836 3316 1065 3370 persona
1099 3300 1276 3378 dicere
1297 3301 1566 3368 Davldem,
1591 3319 1696 3357 non
1722 3303 1876 3357 video
1897 3317 2003 3372 qua
2026 3304 2231 3357 ratione
2253 3318 2377 3357 con-

836 3398 983 3444 stare
1029 3391 1219 3459 possit.
1268 3390 1451 3461 Neque
1495 3392 1637 3446 enim
1684 3390 1810 3446 Saul
1847 3392 2118 3469 unanimis
2148 3392 2249 3461 ipsi
2287 3398 2378 3446 aut

836 3479 1067 3551 amicus
1097 3487 1245 3547 erat;
1288 3482 1401 3535 sive
1438 3482 1751 3536 seetmdum.
1780 3481 2179 3553 Symmachum,
2225 3484 2375 3536 unius

839 3568 1023 3623 moris.
1055 3566 1308 3633 Quanam
1337 3582 1545 3622 morum
1569 3569 1863 3625 similitudo
1899 3570 2059 3625 fuerit
2084 3572 2220 3626 inter
2244 3572 2377 3626 duo-

839 3673 958 3712 rum
986 3659 1172 3721 vitam,
1199 3661 1291 3728 qui
1339 3666 1544 3711 tantum
1574 3659 1715 3713 inter
1736 3676 1794 3714 se
1817 3650 2108 3715 dill‘eru‘nt?
2152 3661 2255 3716 Sed
2284 3679 2378 3717 ne-

838 3763 944 3816 que
975 3748 1244 3803 unanimis
1292 3746 1477 3802 Davidi
1526 3764 1759 3819 unquam
1791 3749 2070 3823 fuitSaul,
2107 3766 2279 3819 neque
2305 3754 2380 3805 le-

839 3824 982 3905 gitur
1025 3837 1231 3905 uspiam
1281 3838 1336 3891 in
1381 3838 1626 3901 historia,
1663 3839 1808 3907 ipsos
1849 3854 1971 3892 cum
2015 3842 2281 3894 cbiisensu
2323 3841 2379 3893 in

840 3927 1003 3980 domo
1026 3924 1118 3980 Dei
1142 3927 1463 3983 ambulasse.
1499 3926 1603 3983 Sed
1627 3929 1788 3998 liquet
1808 3927 2021 3983 Saulem
2045 3944 2255 3997 semper
2275 3929 2378 3982 Da-

839 4014 947 4069 vid'i
978 4023 1159 4084 aperte
1203 4017 1479 4071 inimicum
1515 4017 1714 4085 fuisse;
1763 4018 1884 4087 jure
1907 4034 2035 4088 ergo
2069 4018 2305 4089 fugiebat
2328 4027 2382 4073 et

841 4107 1203 4161 abscondebat
1242 4122 1301 4161 se
1347 4108 1414 4161 ah
1452 4108 1578 4171 illo,
1622 4110 1775 4178 quasi
1806 4126 1835 4163 a
1862 4111 2144 4175 manifesto
2165 4112 2381 4169 inimico

841 4200 1039 4247 caVens
1082 4192 1204 4263 sibi.
1260 4190 1363 4247 Sed
1380 4193 1551 4246 etiam
1597 4209 1716 4263 quae
1743 4196 1808 4249 de
1837 4207 2125 4250 memorata
2153 4199 2283 4251 urbe
2312 4197 2384 4253 l‘e-

840 4289 1055 4346 runtur,
1086 4298 1421 4359 nequaquam
1447 4282 1663 4339 Davidis
1686 4286 1924 4360 historiae
1951 4289 2287 4342 conveniant.
2320 4290 2379 4343 ln

842 4385 947 4440 qua
978 4371 1121 4425 enim
1169 4373 1386 4428 civitate
1437 4373 1606 4439 illam,
1640 4388 1800 4444 quam
1850 4376 2001 4435 dicit,
2050 4377 2379 4445 iniquitatem

841 4459 976 4513 vidit
1001 4468 1056 4514 et
1082 4461 1582 4528 contradictionem,
1610 4478 1714 4517 non
1745 4464 1831 4518 die
1862 4465 2058 4533 solum,
2090 4466 2182 4519 sed
2221 4469 2380 4522 etiam

2474 3304 2654 3359 Ταῦτα
2677 3305 2733 3357 δὲ
2765 3305 2854 3359 τὸν
2886 3304 3043 3357 Δαυῒδ
3067 3300 3241 3372 λέγειν
3263 3302 3321 3369 ἐξ
3346 3303 3542 3356 οἰκείου
3571 3302 3875 3374 προσώπου,
3912 3303 4011 3354 οὐκ

2472 3387 2564 3444 οἷδ’
2580 3392 2637 3444 εἴ
2660 3410 2776 3445 τινα
2802 3392 2910 3461 ἔχοι
2942 3391 3114 3459 λόγον.
3145 3390 3279 3445 Οὔτε
3308 3390 3412 3463 γὰρ
3439 3392 3606 3445 Σαοὺλ
3633 3391 3892 3461 οἱσόιιινχος
3918 3392 4012 3444 αύ-

2472 3480 2564 3532 τοῦ
2598 3480 2630 3551 ἦ
2661 3481 2828 3549 φίλος,
2855 3483 2911 3550 ἢ,
2941 3481 3079 3534 κατὰ
3109 3483 3197 3533 τὸν
3224 3482 3534 3553 Σύμμαχον,
3569 3482 3890 3549 ὁμότροπος
3916 3476 4004 3553 ἦν.

2474 3572 2606 3631 Ποία
2647 3571 2753 3641 γὰρ
2788 3573 3131 3642 ὁμοιοτροπία
3161 3573 3351 3640 γένοιτ’
3404 3572 3471 3625 ἂν
3519 3574 3575 3623 ὲν
3608 3575 3716 3635 τοὶς
3745 3572 4012 3642 ἑκατέρων

2478 3658 2608 3727 βίοις
2656 3661 2908 3729 πάμπολυ
2943 3660 3370 3725 διαλλάττουσινς
3400 3652 3560 3712 θἈλλ*
3606 3662 3724 3713 οὐδὲ
3768 3663 4011 3731 ἱσόψυχος

2476 3748 2689 3801 πώποτε
2728 3750 2910 3816 γέγονε
2942 3750 3017 3818 τῷ
3046 3749 3204 3802 Δαυῒδ
3229 3752 3257 3802 ό
3287 3746 3487 3812 Σαοὺλ,
3517 3750 3634 3801 οὐδὲ
3672 3750 3728 3800 ὲν
3758 3749 3835 3818 τῷ
3882 3749 4014 3819 οίκῳ

2475 3838 2566 3891 τοῦ
2596 3838 2727 3891 Θεοῦ
2761 3839 3089 3909 ἱστοροῦνται
3120 3838 3335 3890 πώποτε
3368 3837 3759 3908 πεπορευμένοι
3797 3839 3855 3889 ὲν
3882 3839 4012 3906 ὁμο-

2464 3934 2609 4002 νοίᾳ.
2646 3931 2936 4003 Προφανῶς
2962 3931 3005 3983 δ’
3035 3929 3222 4000 ἐχθρὸς
3247 3933 3275 3983 ὁ
3297 3928 3465 3982 Σαοὺλ
3485 3930 3575 3981 τοῦ
3603 3928 3759 3981 Δαυῖδ
3789 3930 4013 3981 πάντοτε

2478 4021 2720 4088 φαίνεται
2753 4018 2983 4089 γεγονώς
3009 4036 3021 4049 ο
3052 4019 3244 4086 ἔφευγε
3269 4017 3313 4069 δ’
3330 4013 3422 4071 οὖν
3450 4017 3608 4069 αὐτὸν
3639 4016 3857 4078 εἰκότως
3876 4055 3890 4075 ,
3922 4015 4013 4067 καὶ

2477 4111 2791 4177 ἐκρύπτετο,
2834 4110 2905 4173 ὡς
2938 4110 3166 4179 φανερὸν
3197 4108 3384 4179 ἐχθρὸν
3414 4107 3822 4177 φυλαττόμενος.
3878 4107 4014 4158 Ἀλλ’

2477 4200 2595 4251 οὐδὲ
2618 4199 2685 4251 τὰ
2707 4200 2831 4269 περὶ
2856 4200 2954 4269 τῆς
2988 4201 3276 4271 εἰρημένης
3304 4200 3506 4262 πόλεως
3527 4199 3825 4269 ἐφαρμόσαι
3849 4197 3913 4250 ἄν
3933 4188 4018 4259 τις

2478 4292 2541 4359 τῇ
2566 4289 2703 4342 κατὰ
2735 4290 2825 4342 τὸν
2862 4288 3020 4342 Δαυῒδ
3055 4290 3278 4360 ἱστορίᾳ.
3322 4290 3409 4342 Ἐν
3434 4289 3560 4359 ποίᾳ
3590 4288 3696 4355 γὰρ
3730 4283 3833 4338 εἶδε
3867 4285 4015 4338 πόλει

2478 4379 2543 4447 ἦν
2570 4394 2731 4448 φησιν
2753 4378 2975 4447 ἀνομίαν
3005 4379 3096 4432 καὶ
3119 4378 3417 4446 ἀντιλογίαν
3435 4418 3450 4440 ,
3493 4378 3552 4429 οὐ
3596 4377 3751 4446 μόνον
3788 4375 4014 4446 ἡμέρας,

2480 4468 2613 4523 ἀλλὰ
2641 4469 2733 4520 καὶ
2753 4468 2961 4532 νυκτὸς,
2986 4470 3150 4523 κόπον
3182 4486 3240 4521 τε
3279 4471 3372 4521 καὶ
3405 4468 3584 4531 πόνον,
3609 4466 3814 4520 ἀδικίαν
3837 4482 3897 4518 τε
3926 4466 4017 4518 καὶ

842 4555 1033 4614 nocte;
1086 4550 1321 4616 laborem
1374 4553 1499 4627 item
1540 4561 1594 4608 et
1636 4554 1897 4616 dolorem,
1952 4555 2288 4627 iniquitatem
2330 4568 2383 4613 et
2416 4560 2561 4623 υτον

2330 4568 2383 4613 et
2416 4572 2455 4623 ι)
2477 4560 2630 4612 τόκον
2660 4560 2724 4609 ὲκ
2744 4557 2848 4610 τῶν
2872 4557 3136 4611 πλατειῶν
3159 4557 3325 4626 αὐτῆς
3354 4557 3426 4627 μὴ
3454 4557 3800 4620 ὲκλεὶποντα;
3828 4558 3890 4608 Ἡ
3920 4556 4014 4625 μὲν

844 4650 1063 4691 usuram
1091 4651 1156 4690 ex
1180 4639 1368 4706 plateis
1397 4616 1515 4709 ejus
1536 4655 1646 4694 non
1682 4639 2013 4697 deiicientem
2030 4616 2067 4696 ί
2094 4641 2225 4696 Nam
2252 4644 2382 4700 urbs

844 4725 1059 4794 quidem
1092 4723 1292 4789 Saulis,
1342 4727 1509 4781 Rama
1552 4730 1831 4785 dicebatur
1856 4748 2005 4796 esse;
2054 4735 2380 4788 domicilium

843 4816 981 4882 ejus,
1008 4813 1205 4880 Gabee,
1232 4832 1352 4870 cum
1385 4820 1621 4872 nondum
1643 4818 1937 4876 Jerusalem
1961 4822 2142 4879 lsraeli
2172 4824 2381 4878 subdita

845 4916 1007 4970 esset,
1039 4907 1129 4962 sed
1154 4907 1218 4960 ad
1241 4908 1536 4978 alloplnylos
1566 4910 1874 4978 pertineret.

854 5046 857 5049 Α
913 4992 1064 5059 Quod
1112 5006 1289 5049 autem
1327 4998 1571 5052 videatur
1612 4997 1779 5051 David
1810 4998 1957 5055 diras
1998 5001 2282 5072 imprecari
2308 5002 2383 5055 di-

846 5072 976 5139 ce'ns
1010 5102 1031 5138 :7
1066 5085 1251 5140 Veniat
1280 5102 1423 5159 mors
1451 5103 1605 5155 super
1637 5089 1779 5152 illos,
1810 5098 1859 5142 et
1890 5088 2197 5145 descendant
2233 5098 2286 5145 in
2310 5093 2385 5147 ina

847 5173 1048 5243 [eruum
1081 5177 1327 5241 virentes,
1356 5192 1515 5247 quam
1545 5178 1851 5234 aﬂinitatem
1885 5181 2075 5235 habeat
2092 5198 2219 5257 cum
2250 5198 2385 5251 pre-

847 5268 992 5319 clara
1009 5265 1099 5320 illa
1120 5265 1237 5333 ejus
1258 5268 1631 5337 celebrataque
1660 5271 1875 5331 virtute,
1901 5284 2008 5339 qua
2034 5272 2235 5327 dixisse
2258 5273 2386 5327 scri-

849 5351 993 5405 bitur
1024 5370 1037 5404 :
1068 5350 1127 5406 Si
1155 5353 1355 5406 reddidi
1379 5343 1777 5411 retribuentibus
1802 5360 1926 5413 mihi
1955 5360 2123 5424 mala,
2151 5361 2386 5414 decidant

820 5442 823 5443 ⁷
852 5447 913 5492 as
939 5441 1164 5495 inimicis
1201 5444 1324 5495 meis
1356 5444 1571 5501 inanis?
1629 5444 1763 5499 Nam
1793 5448 1927 5502 tales
1977 5449 2386 5516 imprecationes

852 5529 905 5582 in
930 5529 1113 5585 hostes
1138 5531 1328 5594 edere,
1366 5548 1471 5587 nou
1515 5534 1832 5609 iniuriarum
1885 5538 2212 5591 immemoris
2235 5537 2387 5591 Davi-

852 5619 937 5673 dis
963 5620 1141 5675 fuerit.
1168 5621 1289 5687 Qui,
1315 5631 1374 5676 ut
1396 5623 1449 5676 in
1474 5625 1697 5681 historia
1726 5637 1996 5693 narratur,
2026 5643 2235 5698 semper
2258 5628 2388 5683 Sau-

853 5708 958 5762 lem
986 5708 1039 5762 in
1058 5709 1267 5765 honore
1294 5716 1346 5766 et
1370 5715 1541 5782 pnetio
1584 5715 1788 5777 habuit,
1830 5725 1887 5769 ut
1918 5733 1985 5772 ne
2016 5718 2236 5773 auderet
2266 5721 2386 5788 qui-

854 5796 971 5851 dem
1022 5799 1123 5867 ipsi
1162 5814 1353 5859 manus
1382 5802 1600 5869 inferre,
1650 5808 1805 5860 etiam
1831 5821 1953 5861 cum
1986 5808 2131 5862 illum
2160 5810 2213 5864 in
2248 5818 2387 5879 pote-

2479 4651 2585 4719 γὰρ
2617 4649 2768 4711 πόλις
2812 4648 2903 4700 τοῦ
2954 4650 3122 4703 Σαοὺλ
3156 4650 3367 4716 ἐλέγετο
3398 4644 3533 4700 εἶναι
3562 4650 3594 4718 ή
3636 4647 3809 4718 Ῥαμὰ
3829 4686 3845 4711 ,
3874 4646 3933 4698 τὸ
3971 4647 4016 4699 δ’

2480 4741 2785 4810 οἱκητήριον
2827 4738 2984 4790 αὑτοῦ
3012 4742 3045 4809 ἡ
3088 4737 3288 4800 Γαϐεὲ,
3337 4736 3484 4790 cit-mo
3528 4739 3623 4806 τῆς
3676 4736 4017 4807 Ἰερουσαλὴμ

2481 4830 2584 4882 ὑπὸ
2633 4828 2709 4899 τῷ
2772 4829 2981 4899 Ἰσραὴλ
3044 4828 3372 4897 γενομένης,
3435 4827 3545 4880 ἀλλ’
3600 4828 3678 4879 ἔτι
3715 4826 4005 4892 ἀλλοφύλωι.

2480 4919 2660 4987 οὔσης.
3786 4982 3797 4989 ,λ

2549 5010 2621 5061 Τὸ
2643 5010 2687 5062 δ’
2713 5010 3016 5079 ἐπαρᾶσθαι
3037 5009 3209 5060 δοκεῖν
3235 5007 3322 5059 τὸν
3345 5006 3524 5069 Δαυῖδ,
3546 5006 3636 5058 καὶ
3663 5004 3858 5071 λέγειν·
3889 5006 4005 5061 Ἑλ»

2482 5102 2623 5154 θέτω
2654 5098 2905 5163 θάνατος
2931 5099 3019 5151 ἐπ’
3044 5096 3287 5161 αὐτοὺς,
3331 5098 3425 5150 καί
3471 5094 3889 5157 καταϐήτωσαν
3933 5097 4014 5160 είς

2483 5190 2626 5255 ᾅδου
2658 5189 2864 5253 ζῶντες
2888 5227 2903 5249 ,
2935 5187 3088 5239 ποίαν
3110 5184 3219 5254 ἔχοι
3257 5184 3566 5254 συμφωνίαν
3600 5183 3731 5254 πρὸς
3750 5185 3809 5236 τὸ
3838 5200 4016 5253 σεμνοο

2482 5276 2696 5345 λόγημα
2725 5276 2821 5345 τῆς
2847 5273 3183 5343 ὑμνουμένης
3209 5272 3370 5325 αὐτοῦ
3401 5271 3616 5341 ἀρετῆς,
3651 5270 3734 5336 ἐφ’
3758 5265 3825 5340 ἧς
3848 5269 4017 5336 λέγων

2484 5363 2884 5431 ἀναγέγραπται
2904 5378 2915 5389 ’
2940 5362 3007 5412 El
3024 5358 3401 5412 ἀνταπόδωκα
3417 5356 3536 5422 τοῖς
3559 5354 4017 5411 ἀνταλοὼδυῦσι

2478 5467 2577 5517 μοι
2596 5449 3161 5514 κακὼνάποπεσείην
3197 5448 3309 5515 ἀρα
3344 5444 3460 5499 ἀπὸ
3498 5445 3613 5499 τῶν
3646 5445 3875 5515 ἐχθρῶν
3901 5461 4017 5511 μου

2486 5542 2656 5606 κενός
2673 5556 2692 5604 ;
2722 5540 2781 5592 τὸ
2809 5534 2913 5609 γὰρ
2940 5538 3188 5601 τοιαύτας
3228 5536 3365 5607 api;
3402 5534 3753 5604 κατεύχεσθαι
3787 5533 3895 5585 τῶν
3927 5533 4016 5604 ἑχ-

2485 5631 2644 5702 ίιρῶν,
2674 5634 2770 5685 οὐκ
2798 5629 2863 5683 ἂν
2889 5630 2974 5698 εἴη
3000 5627 3089 5682 τοῦ
3117 5626 3429 5693 ἁνεξικάκου
3467 5624 3623 5679 Δαυῒδ
3647 5665 3661 5687 ,
3690 5624 3748 5686 ὃς
3794 5620 4016 5685 πάντοτε

2483 5722 2653 5791 τιμῶν
2696 5724 2789 5774 καὶ
2826 5719 2983 5782 σέϐας
3018 5718 3153 5789 ἔχων
3202 5716 3293 5769 τοῦ
3325 5716 3511 5775 Σαοὺλ,
3547 5714 3622 5777 ὡς
3668 5713 3799 5787 unde
3822 5712 4013 5784 τολμᾷν

2487 5812 2790 5867 ἐπιϐάλλειν
2818 5806 2962 5881 αὐτῷ
2984 5815 3183 5881 χεῖρας,
3206 5811 3292 5862 ὅτε
3318 5809 3409 5865 καί
3430 5824 3553 5862 ποτε
3594 5805 3891 5878 ὑποχείριον
3926 5806 4009 5858 αὑε
