4354 6408
348 498 453 561 ιπ

1460 498 1958 557 COMMENTARIA
1995 497 2060 552 IN
2098 494 2433 557 PSALMOS.

3446 497 3552 552 ιτι

352 618 442 671 τὸν
465 617 701 690 εἴληφεν,
748 620 806 687 ἐξ
836 620 1009 691 αὐτῆς
1031 621 1301 675 δείκνυται
1348 619 1448 690 τῆς
1475 620 1730 691 ίστορίας.
1785 617 1893 671 Καὶ
1921 626 1963 674 Α
1993 622 2071 667 sta

1837 617 1893 671 αὶ
1921 626 1963 674 Α
1993 620 2131 667 state
2157 613 2365 669 habuit.
2430 610 2495 667 Et
2522 610 2576 665 in
2599 611 2949 682 sequentibus
2979 610 3131 665 addit
3162 631 3175 665 :
3208 608 3405 664 Molliti
3431 620 3553 663 sunt

352 707 556 778 προῖὼν
585 709 642 762 δὲ
670 709 905 779 ἐπιλέγει
928 728 941 740 ’
979 711 1430 775 Ἡπαιιύνθησαν
1461 712 1514 763 οὶ
1530 710 1695 779 λόγοι
1717 706 1901 761 αὑτοῦ

353 795 505 865 ὑπὲρ
529 797 755 861 ἔλαιον,
779 799 877 854 καί
896 800 1067 854 αὐτοί
1097 802 1214 851 εἰσι
1255 797 1518 863 βολίόες.
1550 798 1681 851 Τίνα
1716 794 1808 851 οὖν
1835 797 1902 851 ἀν

351 903 435 950 τις
460 887 569 959 ἔχοι
607 888 773 957 δείξαι
798 891 887 942 τὸν
914 888 1083 943 ταῦτα
1109 887 1369 959 τῷ-Δαυῒδ
1390 888 1759 959 ’πεποιηκότα;
1814 884 1901 952 Ἐξ

352 972 427 1032 ὧν
451 978 703 1033 ἀπάντων
732 980 964 1051 ἡγοῦμαι
1008 980 1081 1051 μὴ
1133 979 1313 1051 χώραν
1348 978 1489 1050 ἔχειν
1533 978 1899 1051 ἀναφέρεσθαι

352 1070 421 1124 τὰ
456 1056 785 1142 προκείμενα
816 1073 909 1125 ἐπὶ
932 1072 992 1124 τὸ
1018 1072 1110 1125 τοῦ
1141 1072 1301 1127 Δαυῒδ
1328 1074 1612 1142 πρόσωπον
1635 1091 1651 1104 ο
1688 1091 1901 1145 προφη-

353 1150 489 1234 τικῇ
508 1164 565 1217 δὲ
592 1161 743 1237 οἶμαι
765 1156 985 1236 δυνάμει
1010 1164 1253 1235 λελέχθαι
1289 1165 1423 1218 αὐτά
1447 1203 1461 1226 ,
1491 1168 1582 1217 καὶ
1620 1167 1711 1218 ἐπὶ
1743 1167 1899 1237 μόνον

352 1252 444 1305 τὸν
474 1254 696 1327 Σωτῆρα
718 1256 812 1309 καὶ
841 1253 1040 1325 Κύριον
1064 1254 1216 1325 ἡμῶν
1238 1254 1581 1308 συνίστασθαι
1608 1256 1898 1325 πεπληρω-

356 1342 513 1412 μένα,
535 1346 644 1409 ὅτε,
674 1347 811 1400 κατά
828 1345 888 1399 τὸ
919 1345 1050 1398 αὐτὸ
1071 1346 1415 1415 συναχθέντες
1435 1348 1483 1399 οἱ
1510 1346 1601 1400 τοῦ
1637 1348 1898 1399 Ἰουδαίων

352 1432 535 1499 ἔθνους
567 1436 843 1506 ’ἄρχοντες
897 1437 987 1489 ἐπὶ
1034 1436 1133 1506 τῆς
1196 1436 1563 1507 Ἰερουσαλὴμ,
1628 1437 1898 1508 συνέδριον

352 1528 671 1596 ἐποιήσαντο
695 1527 789 1580 καὶ
820 1527 1028 1596 σκέψιν,
1071 1529 1215 1591 ὅπως
1248 1528 1407 1581 αὑτὸν
1436 1528 1765 1581 ἀπολέσωσιν
1788 1545 1800 1558 ’
1838 1531 1897 1581 ὲν

349 1610 395 1683 ᾧ
422 1619 471 1669 oi
505 1618 599 1686 μὲν
642 1616 865 1672 θάνατον
897 1619 1058 1672 αὐτοῦ
1107 1620 1570 1691 κατεψηφίσαντο·
1612 1620 1790 1691 ἕτεροι
1842 1620 1897 1672 δὲ

350 1710 651 1777 ἀντέλεγον,
706 1712 781 1774 ὡς
830 1713 859 1764 ὁ
905 1712 1205 1782 Νικόδημος
1260 1711 1458 1779 λέγων·
1506 1710 1602 1779 Μὴ
1644 1715 1676 1765 ό
1719 1712 1899 1779 νόμος

353 1797 519 1865 ἡμῶν
537 1800 871 1867 κατακρίνει
899 1800 1003 1852 τὸν
1040 1800 1367 1868 ἄνθρωπον,
1402 1803 1453 1854 εἰ
1468 1801 1552 1869 μή
1582 1818 1636 1854 τι
1666 1801 1897 1867 ἀκούσῃ

351 1888 483 1953 παρ’
512 1890 695 1942 αὑτοῦ
713 1906 731 1953 ;
765 1890 926 1944 Ταῦτ’
970 1888 1064 1944 οὖν
1096 1891 1444 1962 προφητικῶς
1474 1893 1535 1944 τὸ
1587 1892 1806 1962 Πνεῦμα
1837 1892 1897 1944 τὸ

352 1977 505 2043 ἆγιον
535 1977 884 2042 ἀποθεσπίζει
914 1978 1000 2031 διὰ
1031 1980 1138 2032 τῶν
1163 1981 1528 2051 προκειμένων
1554 1982 1737 2048 λέγον’
1770 1982 1897 2034 Ὅτι

348 2062 508 2119 εἶδον
530 2068 782 2135 ἀνομίαν
801 2070 896 2123 καὶ
917 2072 1262 2140 ἀντιλογίαν
1286 2072 1356 2124 ἐν
1382 2070 1455 2138 τῇ
1480 2074 1648 2124 πόλει
1678 2071 1897 2140 ἡμέρας

349 2158 445 2209 καὶ
469 2160 705 2224 νυκτός.
738 2161 925 2229 Σαφῶς
946 2163 1002 2215 δὲ
1043 2164 1135 2214 καὶ
1168 2152 1317 2231 ἢτοῦ
1355 2162 1681 2229 Εὑαγγελίου
1714 2163 1897 2234 γραφὴ

353 2252 614 2321 μαρτυρεῖ
657 2255 722 2322 τῇ
774 2254 1108 2324 προφητείᾳ,
1146 2256 1236 2306 ὲπὶ
1265 2254 1355 2305 τὸν
1400 2254 1659 2324 προδότην
1699 2253 1895 2306 Ἰούδαν

348 2340 649 2394 ἑκλαδοῦσα
670 2342 750 2405 es,
774 2344 841 2395 El
873 2347 905 2396 ό
936 2342 1145 2410 ἐχθρὸς
1173 2341 1443 2395 ὠνείδισέ
1459 2358 1535 2409 με
1553 2381 1566 2405 ,
1591 2341 1897 2409 ὑπήνεγκα

346 2430 452 2483 ἅν·
489 2431 583 2484 καί
617 2434 670 2485 εί
690 2434 724 2486 ό
746 2430 942 2499 μισῶν
970 2450 1067 2500 με,
1097 2432 1187 2483 ἐπ’
1217 2430 1320 2499 ἐμὲ
1355 2431 1897 2499 ἐμεγαλορρημόνη-

289 2585 295 2592 ¹
345 2537 477 2585 σεν,
504 2522 763 2590 ἐκρύὸην
795 2522 872 2575 ἂν
897 2523 997 2577 ἀπ’
1020 2521 1225 2575 αὐτοῦ.
1254 2522 1336 2574 Σὺ
1363 2520 1450 2584 δὲ,
1486 2521 1753 2588 ἄνθρωπε
1781 2523 1896 2574 ίσόσ

346 2616 527 2681 τέθυκε,
552 2614 645 2665 καὶ
673 2612 739 2665 τά
779 2611 921 2682 ἑξῆς.
970 2614 1120 2665 Ἐπεὶ
1149 2613 1325 2665 τοίνυν
1370 2612 1463 2665 καὶ¹
1502 2614 1533 2681 ἡ
1588 2612 1896 2681 σύμφρασις
1936 2614 1945 2671 ξ

346 2698 454 2752 τῶν
478 2699 648 2767 λόγων
683 2701 784 2752 οὐκ
827 2701 997 2762 ἄλλως
1040 2700 1425 2771 πεπληρῶσθαι
1462 2701 1891 2771 ἀποδείκνυταιῆ

345 2788 432 2841 διὰ
451 2788 557 2840 τῶν
582 2790 660 2851 είς
683 2789 771 2840 τὸν
796 2789 1021 2858 Σωτῆρα
1042 2790 1460 2860 πεπραγμένων,
1485 2791 1518 2860 ἥ
1538 2807 1597 2842 τε
1629 2793 1895 2863 μαρτυρία

346 2880 443 2948 τῆς
470 2878 824 2949 εὐαγγελικῆς
852 2882 1201 2950 παραθέσεως
1226 2883 1317 2934 ἐπὶ
1354 2883 1442 2935 τὸν
1467 2883 1726 2954 προδότην
1772 2885 1897 2937 ἀνα-

348 2969 499 3038 φέρει
520 2967 580 3019 τὸ
603 2966 889 3038 προλεχθὲν
929 2969 1092 3039 μέρος
1134 2967 1227 3021 τοῦ
1268 2968 1720 3038 ἀναγνώσματος’
1770 2969 1897 3022 ἀκό-

348 3055 533 3109 λουθον
558 3056 622 3109 ἂν
655 3057 737 3126 εῐη
763 3056 856 3109 καὶ
879 3057 1024 3126 ἡμᾶς
1052 3058 1143 3110 ἐπὶ
1167 3058 1257 3110 τὸν
1287 3058 1472 3129 καιρὸν
1503 3058 1594 3113 τοῦ
1621 3058 1894 3131 Σωτηρίου

348 3146 549 3208 πάθους
575 3147 672 3216 τὴν
698 3146 974 3217 παροῦσαν
999 3147 1242 3199 ἐκλαϐεῖν
1269 3148 1617 3217 προφητείαν,
1645 3149 1809 3212 δεῖξαί
1835 3167 1894 3202 τε

2001 721 2261 758 sermones
2276 704 2389 773 ejus
2406 718 2559 772 super
2580 702 2771 765 oleum,
2789 712 2836 757 et
2864 703 2961 770 ipsi
2977 712 3094 756 sunt
3111 701 3319 770 jacula.
3354 699 3554 766 Quem-

2000 808 2125 846 nam
2160 791 2401 861 proferre
2431 793 2556 862 quis
2585 792 2760 847 valeat
2789 793 2877 861 qui
2920 792 3033 845 haec
3065 791 3117 844 in
3155 776 3406 844 Davidem
3437 803 3556 859 ege-

2000 883 2104 937 rit?
2130 882 2204 936 Ex
2232 882 2431 951 quibus
2454 882 2706 936 omnibus
2737 888 2944 937 azstimo
2974 896 3081 934 non
3115 896 3273 950 posse
3302 878 3370 932 ad
3400 877 3555 931 Davi-

1998 974 2083 1030 dis
2110 989 2393 1041 personam
2439 974 2551 1029 hinc
2582 973 2807 1040 referri;
2848 974 2941 1028 sed
2994 973 3305 1043 prophetica
3334 971 3385 1024 vi
3413 971 3554 1025 arbi-

1998 1057 2113 1119 tror
2163 1066 2307 1120 dicta
2356 1068 2498 1127 esSe,
2549 1076 2602 1118 et
2651 1066 2703 1135 in
2758 1080 2865 1118 uno
2895 1064 3172 1118 Salvatore
3226 1072 3279 1117 et
3325 1060 3554 1115 Domino

1997 1164 2186 1211 nostro
2214 1157 2499 1225 completa,
2530 1155 2748 1226 quando
2780 1154 3017 1229 Iudaicae
3045 1153 3221 1224 gentis
3255 1153 3550 1223 principes.

1998 1240 2380 1321 Hierosolyma?
2402 1251 2455 1303 in
2474 1266 2637 1304 unum
2661 1250 2995 1319 congregati,
3012 1262 3328 1302 consessum
3351 1260 3414 1299 ac
3427 1261 3554 1299 con-

1997 1344 2177 1396 silium
2228 1344 2500 1404 inierunt,
2526 1341 2797 1410 quomodo
2832 1355 2952 1394 eum
2985 1340 3271 1409 perderent
3306 1356 3320 1390 :
3366 1338 3418 1392 in
3444 1351 3553 1405 quo

1997 1432 2086 1485 alii
2115 1431 2330 1501 quidem
2369 1433 2567 1502 capitis
2590 1432 2951 1494 damnabant;
2985 1430 3075 1483 alii
3105 1429 3460 1489 obsistebant,
3495 1436 3554 1481 ut

1996 1522 2321 1577 Nicodemus
2342 1522 2432 1589 qui
2463 1522 2677 1575 dicebat
2708 1540 2721 1575 :
2759 1519 3010 1589 Nunquid
3036 1520 3118 1573 tea:
3142 1529 3325 1573 nostra
3343 1517 3552 1587 judicat

1995 1616 2274 1677 hominem,
2308 1615 2412 1666 nisi
2439 1614 2585 1682 prius
2610 1614 2837 1665 audierit
2872 1613 2936 1664 ab
2960 1615 3069 1679 ipso
3092 1612 3179 1667 "7
3222 1610 3343 1665 Haec
3373 1612 3553 1678 itaque

1996 1707 2305 1777 prophetice
2337 1707 2572 1774 Spiritus
2616 1712 2839 1759 sanctus
2873 1704 3023 1757 hisce
3068 1703 3250 1757 verbis
3295 1702 3551 1756 vaticina-

2000 1811 2104 1858 tur.
2141 1791 2400 1866 Quoniam
2425 1798 2530 1852 vidi
2560 1798 2885 1867 iniquitatem
2911 1804 2959 1849 et
3001 1792 3463 1846 contradictionem
3496 1793 3553 1845 in

1961 1894 2205 1959 fcivitate
2241 1892 2324 1944 die
2366 1907 2428 1944 ac
2469 1899 2633 1959 nocte.
2680 1890 2874 1958 Aperte
2918 1899 3079 1955 porro
3111 1883 3382 1953 Evangelii
3420 1886 3554 1937 scri-

1930 1949 1967 2002 Β
1998 1991 2151 2052 ptura
2180 1950 2513 2049 prophetiam
2540 1949 2752 2038 asserit,
2776 1975 2887 2028 haec
2911 1949 2977 2027 de
2999 1949 3429 2043 proditoreanda
3460 1986 3554 2023 ac-

1995 2074 2236 2143 cipiens,
2285 2071 2347 2125 Si
2370 2070 2613 2122 inimicus
2637 2084 2778 2120 meus
2810 2064 3169 2119 maledixisset
3210 2062 3358 2125 mihi,
3396 2064 3555 2116 susti-

1996 2164 2221 2217 nuissem
2237 2162 2413 2229 utique
2438 2176 2454 2211 :
2485 2166 2533 2211 et
2558 2159 2604 2211 si
2628 2160 2672 2210 is
2694 2158 2782 2227 qui
2812 2157 2993 2209 oderat
3022 2170 3120 2219 me,
3153 2169 3306 2222 super
3331 2169 3411 2206 me
3436 2170 3552 2206 ma-

1994 2272 2098 2324 gna
2157 2255 2361 2307 locutus
2422 2251 2641 2319 fuisset,
2678 2248 3062 2301 abscondissem
3111 2263 3190 2300 me
3234 2247 3456 2315 forsitan
3487 2246 3551 2298 ab

1994 2362 2073 2397 eo.
2140 2344 2216 2397 Tu
2246 2359 2360 2397 vero
2390 2341 2541 2395 homo
2586 2338 2882 2400 unanimis,
2935 2346 2993 2390 et
3012 2344 3227 2389 caetera.
3284 2334 3549 2399 Quoniam

1994 2448 2124 2500 ergo
2151 2433 2438 2487 verborum
2476 2429 2669 2484 seriem
2702 2443 2806 2481 non
2836 2427 2945 2489 alio,
2971 2425 3150 2488 modo,
3185 2441 3345 2494 quam
3375 2428 3427 2477 in
3455 2426 3551 2479 ad-

1995 2522 2179 2577 missis
2221 2531 2411 2575 contra
2470 2519 2801 2575 Salvatorem
2853 2516 3223 2578 facinoribus,
3276 2516 3548 2587 impletain

1993 2626 2115 2665 esse
2142 2612 2558 2679 comprobatur;
2605 2617 2767 2679 atque
2794 2607 3118 2679 evangelicae
3160 2608 3437 2662 sententi-.2
3469 2614 3552 2659 te-

1995 2702 2306 2756 stimonium
2361 2710 2712 2755 memoratam
2766 2700 3012 2754 lectionis
3047 2708 3253 2769 partem
3287 2699 3351 2752 ad
3376 2698 3549 2767 prodi-

1995 2804 2162 2847 torem
2193 2792 2385 2856 refert;
2416 2800 2837 2846 consentaneum
2871 2806 3002 2844 sane
3026 2791 3187 2843 fuerit
3206 2805 3308 2843 nos
3333 2805 3551 2857 quoque

1994 2879 2060 2935 de
2083 2889 2324 2950 tempore
2347 2878 2611 2932 Salutaris
2639 2877 2910 2947 passionis
2931 2878 3069 2930 hanc
3092 2876 3425 2945 prophetiam
3458 2892 3552 2930 ac-

1995 2985 2195 3039 cupere,
2211 2980 2371 3038 atque
2399 2975 2828 3022 commonstrare
2854 2966 3062 3035 singula
3096 2965 3169 3019 ibi
3204 2966 3385 3049 atlata,
3413 2973 3552 3019 tem--

1996 3076 2124 3129 pore
2150 3060 2468 3135 insidiarum
2496 3065 2686 3112 contra
2716 3057 3048 3111 Salvatorem
3077 3062 3324 3109 nostrum
3342 3094 3356 3116 ,
3393 3054 3549 3108 linem

1996 3151 2289 3218 accepisse.
2324 3147 2698 3218 inscriptionis
2730 3148 2910 3215 itaque
2938 3145 3097 3200 verba
3119 3145 3229 3214 jam
3261 3146 3326 3199 ad
3352 3144 3553 3198 intelli-

346 3236 551 3288 ἕκαστα
581 3236 686 3288 τῶν
720 3238 778 3289 ὲν
807 3234 977 3308 ταύτῃ
998 3236 1304 3306 φερομένων
1333 3239 1402 3305 ὲν,
1431 3237 1603 3307 καιρῷ
1632 3238 1727 3307 τῆς
1757 3239 1893 3291 κατά
1920 3276 1962 3332 c
1996 3257 2065 3308 ac

1831 3239 1893 3291 τὰ
1920 3276 1962 3332 c
1996 3240 2227 3308 gentiam
2262 3242 2528 3294 dictorum
2576 3254 2676 3293 nos
2723 3246 3035 3308 provocant,
3072 3246 3232 3307 atque
3278 3236 3346 3291 ad
3392 3236 3550 3291 ﬁnem

346 3325 438 3378 τοῦ
468 3326 711 3397 Σωτῆρος
734 3326 886 3396 ἡμῶν
913 3325 1198 3395 ἐπιϐουλῆς
1226 3327 1408 3389 τέλους
1433 3328 1781 3398 τετυχηκότα.
1817 3330 1897 3382 Τά
1929 3325 1961 3332 ⁷
1998 3348 2065 3386 rei

1831 3330 1897 3382 Γά
1929 3325 1961 3332 ⁷
1998 3333 2293 3394 remittunt,
2328 3331 2454 3399 quia
2490 3329 2600 3382 haec
2634 3331 2685 3381 in
2713 3329 3179 3382 consummatione
3210 3327 3391 3383 saeculi
3433 3328 3550 3396 ipso

350 3414 447 3482 μὲν
492 3409 584 3465 οὖν
627 3414 723 3483 τῆς
753 3413 1069 3482 προγραφῆς
1114 3414 1206 3464 καὶ
1252 3413 1344 3465 νῦν
1384 3416 1529 3483 ἡμᾶς
1560 3416 1653 3467 ἐπὶ
1687 3416 1898 3469 σύνεσιν
1997 3436 2069 3491 op

1831 3433 1898 3469 rw
1997 3435 2162 3491 opere
2195 3419 2432 3490 perfecta
2467 3428 2612 3473 sunt.
2678 3416 2887 3469 Dictum
2922 3430 3049 3469 vero
3076 3414 3159 3471 est
3181 3456 3195 3479 ,
3228 3418 3283 3470 in
3306 3416 3550 3486 hymnis;

346 3502 595 3573 διεγείρει
622 3504 729 3556 τῶν
766 3502 1168 3574 ἐμφερομένων,
1209 3503 1301 3554 καὶ
1329 3506 1407 3565 είς
1440 3505 1499 3556 τὸ
1530 3506 1680 3569 τέλος
1701 3508 1758 3559 δὲ
1792 3524 1897 3559 πα-

350 3593 646 3664 ραπέμπει,
679 3593 766 3645 διὰ
790 3594 849 3645 τὸ
877 3594 966 3644 ἐπὶ
990 3593 1262 3663 συντελείᾳ
1290 3591 1383 3644 τοῦ
1412 3593 1603 3655 αἰῶνος
1628 3595 1695 3647 δι’
1723 3594 1899 3667 ἔργων

350 3682 489 3735 αὐτὰ
515 3681 920 3754 πεπληρῶσθαι.
947 3683 1172 3754 Είρηται
1226 3683 1283 3735 δὲ
1332 3683 1424 3735 καὶ
1462 3683 1531 3735 ἐν
1566 3683 1804 3751 ὕμνοις·
1837 3688 1890 3754 ἢ,

352 3773 607 3827 κατάτδν
648 3774 895 3841 Ἀκύλαν,
922 3778 991 3829 ἐν
1026 3776 1281 3845 ψαλμοῖς
1304 3795 1317 3808 -
1347 3778 1402 3848 ἢ,
1432 3777 1570 3830 κατὰ
1621 3780 1710 3831 τὸν
1748 3781 1892 3851 Σύμ-

352 3881 542 3935 μαχον,
575 3864 669 3919 διὰ
694 3867 1037 3934 ψαλτηρίων
1053 3883 1067 3896 ο
1104 3867 1288 3937 ἐπειδὴ
1314 3867 1374 3919 τὸ
1401 3866 1548 3929 τέλος
1574 3867 1664 3919 τοῦ
1696 3870 1896 3936 πάθους

1997 3515 2131 3575 sive,
2169 3511 2464 3567 secundum
2498 3509 2776 3577 Aquilam,
2813 3508 2866 3559 in
2894 3496 3147 3573 psalmis;
3183 3508 3330 3571 sive,
3356 3521 3553 3561 secun-

2000 3605 2127 3658 dum
2160 3601 2564 3672 Symmachum,
2597 3612 2687 3665 per
2713 3597 2967 3665 psalteria
2987 3636 3002 3660 ,
3041 3590 3166 3665 quia
3192 3597 3314 3649 linis
3341 3597 3552 3665 passio-

2000 3695 2085 3747 nis
2115 3691 2399 3748 Salutaris,
2429 3696 2645 3756 propter
2682 3687 3136 3741 resurrectionem
3169 3700 3232 3739 ac
3255 3686 3554 3754 redempto-

1980 3786 2119 3837 rum
2144 3782 2392 3842 salutem,
2426 3777 2660 3846 hymnis,
2685 3775 2955 3843 psalteriis
2976 3783 3028 3828 et
3061 3764 3287 3829 canticis
3312 3774 3554 3829 celebra-

2004 3880 2109 3926 tur.
2144 3869 2210 3922 Et
2244 3868 2355 3921 haec
2382 3866 2600 3937 quidem
2630 3866 2696 3951 de
2722 3865 3095 3940 inscriptione.

350 3956 444 4011 τοῦ
473 3959 744 4029 Σωτηρίου
769 3959 950 4031 ὓμνων
972 3961 1063 4013 καὶ
1085 3960 1415 4032 ψαλτηρίων,
1456 3960 1549 4013 καὶ⁵
1580 3960 1728 4030 ᾠδῶν
1776 3970 1986 4036 μετεῖχε
2046 3956 2151 4033 τῆς
2184 3972 2250 4014 ’τε
2314 3959 2657 4023 ἀναστάσεως
2697 3959 2861 4013 αὐτοῦ
2922 3959 3081 4013 ἕνεκα
3115 3961 3208 4013 καὶ
3242 3960 3344 4030 τῆς
3381 3976 3552 4033 σωτη-

354 4050 473 4121 ρίας
502 4052 607 4105 τῶν
634 4053 700 4105 δι’
728 4054 894 4123 αὐτῆς
920 4053 1351 4125 λελυτρωμένων.
1394 4055 1503 4106 Καὶ
1543 4056 1760 4114 τοιαῦτα
1801 4060 1897 4129 μὲν
1934 4061 1999 4112 τά
2026 4059 2120 4127 τῆς
2142 4054 2485 4127 προγραφῆς.

423 4143 506 4197 Τὰ
529 4146 585 4199 δὲ
610 4147 708 4216 τῆς
727 4147 1059 4215 προφητείας
1091 4146 1394 4219 παρακαλεῖ
1413 4146 1503 4199 τὸν
1544 4147 1676 4201 Θεὸν
1717 4151 1902 4204 ἐνωτί-

357 4235 549 4288 σασθαι
580 4236 673 4289 τοῦ
703 4236 967 4304 λέγοντος,
995 4238 1088 4290 καὶ
1120 4237 1261 4291 τοῦτ’
1287 4238 1433 4307 αὐτῷ
1470 4238 1682 4310 πρῶτον
1728 4260 1903 4313 παρα-

357 4327 502 4394 σχεῖν
523 4342 536 4356 ’
568 4322 682 4379 εἷτα
712 4326 975 4396 δεύτερον,
1005 4326 1204 4394 γνῶναι
1232 4328 1328 4399 τὴν
1355 4327 1441 4381 διὰ
1469 4329 1565 4400 τῆς
1597 4334 1899 4404 προσευχῆς

352 4416 809 4484 ἀναπεμπομένην
836 4413 1014 4482 δέησιν
1042 4415 1134 4466 καὶ
1166 4416 1441 4487 ἱκετηρίαν
1465 4453 1480 4479 ,
1518 4416 1590 4487 μὴ
1630 4418 1901 4488 ὑπεριδεῖν

354 4520 413 4557 τε
440 4505 606 4575 αὑτήν
628 4521 641 4534 -
673 4504 767 4557 καὶ
786 4504 983 4574 τρίτον,
1013 4506 1110 4575 τὴν
1138 4507 1466 4559 κατάστασιν
1494 4504 1784 4561 θεάσασθαι
1807 4509 1898 4562 τοῦ

353 4595 453 4663 τὴν
485 4593 784 4665 προσευχὴν
809 4594 1233 4663 ἀναπέμποντος,
1266 4598 1359 4651 καὶ
1383 4595 1551 4658 οὕτως
1578 4597 1735 4649 αὑτὸν
1771 4616 1899 4651 κατ-

356 4683 581 4748 αξιῶσαι
612 4680 710 4754 τῆς
747 4683 942 4737 ἑαυτοῦ
973 4686 1168 4756 ἀκοῆς·
1204 4688 1284 4740 διὸ
1325 4688 1561 4754 ἐπιλέγει
1586 4704 1600 4717 ο
1631 4690 1900 4756 Πρόσχες

352 4791 453 4842 μοι
482 4775 579 4828 καὶ
611 4774 973 4828 εὶσὰκουσόν
1002 4793 1139 4843 μου.
1175 4778 1381 4848 ’Ὠσπερ
1411 4779 1516 4849 γάρ
1550 4778 1785 4831 δυσωπεῖ
1810 4781 1900 4832 τὸν

356 4864 487 4918 Θεὸν
537 4866 723 4918 ἑαυτὸν
768 4865 973 4928 δεικνὺς
1004 4868 1031 4917 ὁ
1066 4866 1161 4935 τὴν
1197 4870 1499 4939 προσευχὴν
1546 4869 1899 4938 ἀναπέμπων,

357 4957 451 5008 καὶ
495 4957 664 5024 λέγων
705 4957 784 5027 τῷ
816 4957 963 5027 θεῷ·
1002 4958 1269 5025 Πρόσχες
1303 4977 1404 5027 μοι
1426 4976 1438 4988 ·
1488 4959 1583 5032 τὴν
1615 4959 1669 5011 δὲ
1713 4961 1900 5014 ἑαυτοῦ

360 5044 684 5098 κατάστασιν
708 5047 999 5118 παρίστησι
1026 5047 1116 5100 καὶ
1153 5048 1278 5115 ἑξῆς
1316 5048 1516 5116 λέγων’
1565 5050 1903 5118 Ἐλυπήθην

357 5135 429 5186 ἐν
458 5132 532 5201 τῇ
555 5134 879 5205 ἀδολεσχίᾳ
903 5155 1042 5206 μου,
1074 5137 1169 5190 καὶ
1194 5139 1522 5207 ἐταράχθην
1549 5140 1665 5193 ἀπὸ
1705 5139 1903 5209 φωνῆς

359 5225 592 5293 ἐχθροῦ,
619 5226 715 5278 καὶ
736 5226 853 5279 ἀπὸ
882 5230 1138 5297 θλίψεως
1160 5229 1521 5298 ἀμαρτωλοῦ.
1549 5228 1657 5300 Τὴν
1686 5230 1793 5303 γὰρ
1815 5231 1904 5285 λύ-

360 5330 468 5385 πην
486 5314 689 5370 ἑαυτοῦ
715 5315 950 5397 δείκνυσι
976 5318 1053 5388 τῷ
1078 5318 1195 5389 Θεῷ
1222 5320 1314 5372 καὶ
1359 5322 1456 5392 τὴν
1494 5325 1734 5393 ταραχὴν
1753 5363 1769 5388 ,
1811 5326 1905 5377 καὶ

359 5405 426 5476 ῆν
449 5421 609 5474 φησιν
629 5405 934 5476 ἀδολεσχίαν
958 5449 974 5475 ,
1007 5410 1098 5462 καὶ
1129 5411 1203 5473 ὡς
1233 5411 1356 5475 ἀξια
1404 5412 1502 5481 τῆς
1543 5413 1733 5466 ἑαυτοῦ
1774 5414 1907 5468 θεω-

362 5498 501 5567 ρίας.
531 5497 640 5561 Διὸ,
668 5496 894 5563 τούτοις,
933 5500 1113 5570 φησὶν,
1138 5503 1386 5572 πρόσχες,
1427 5504 1573 5565 ὅπως
1599 5502 1892 5575 ἐλυπήθην,

361 5589 507 5651 ὅπως
548 5587 873 5660 ἐταράχθην,
928 5590 1074 5652 ὅπως
1137 5591 1442 5662 ἀδολεσχίας
1507 5592 1865 5666 πεπλήρωμαι
1888 5612 1902 5625 ·

361 5677 756 5767 ἀποδεξάμενος
799 5697 857 5733 τε
900 5680 1087 5747 ταῦτα,
1129 5681 1426 5736 ἐπάκουσόν
1480 5700 1599 5753 μου.
1650 5684 1808 5752 Λέγει
1852 5685 1927 5759 δὲ.

433 5830 479 5864 ⁸³
516 5829 673 5901 Joan.
701 5847 778 5888 vn
798 5872 814 5899 ,
845 5835 932 5891 51.

2071 4142 2223 4214 Quod
2251 4147 2584 4217 prophetiam
2614 4162 2745 4202 vero
2772 4156 3012 4216 spectat,
3049 4154 3201 4216 rogat
3220 4136 3399 4199 "Deum
3420 4184 3436 4208 ,
3473 4145 3550 4200 uti

2005 4256 2062 4295 se
2092 4241 2395 4308 loquentem
2427 4236 2683 4292 exaudiat
2702 4276 2717 4298 ,
2749 4247 2803 4293 et
2832 4238 2934 4290 hoc
2959 4237 3189 4304 primum
3235 4234 3338 4288 sibi
3368 4233 3552 4288 confe~

2005 4341 2117 4398 rat;
2147 4329 2407 4391 secundo,
2435 4339 2493 4383 ut
2520 4326 3151 4383 attendat‘obsecratioui
3187 4339 3249 4381 ac
3278 4326 3549 4395 supplica-

1937 4402 1974 4454 υ
2005 4420 2137 4474 tioni
2166 4420 2235 4472 ah
2258 4434 2314 4472 se
2344 4433 2437 4486 per
2478 4418 2773 4471 orationem
2808 4413 3040 4476 emissa,
3077 4428 3175 4467 nec
3202 4427 3321 4466 eam
3368 4414 3550 4482 despi-

2001 4511 2137 4574 ciat;
2170 4510 2358 4571 tertio,
2392 4507 2599 4562 orantis
2641 4503 2903 4558 aﬂ‘ectumi
2927 4504 3265 4565 consideret,
3293 4506 3441 4559 et~ita
3465 4508 3551 4560 di-
3578 4574 3581 4577 _

2002 4610 2198 4669 gnetur
2233 4609 2414 4652 aurem
2448 4596 2681 4664 praebere
2702 4632 2716 4656 ,
2749 4608 2915 4662 quare
2944 4595 3022 4648 sic
3051 4595 3290 4659 'claudit,
3332 4594 3547 4660 Intende

2000 4691 2129 4743 mani
2173 4699 2221 4743 et
2266 4686 2457 4741 exaudi
2506 4701 2607 4740 me.
2655 4683 2788 4738 Nam
2831 4686 2922 4754 qui
2963 4688 3261 4739 orationem
3299 4686 3543 4751 effundit,

2001 4783 2153 4850 quasi
2181 4780 2290 4832 Deo
2314 4791 2433 4831 sese
2459 4775 2898 4850 conspiciendum
2922 4777 3186 4845 praebens,
3217 4778 3464 4832 obsecrat
3491 4789 3545 4831 et

2002 4869 2077 4922 ait
2105 4868 2229 4936 ipsi;
2266 4863 2482 4918 Intende
2511 4864 3025 4937 mihirstatumque
3054 4881 3210 4919 suum
3242 4874 3426 4935 postea
3447 4867 3543 4921 de-

2002 4960 2171 5014 clarat
2213 4958 2398 5012 dicens
2438 4976 2453 5012 :
2501 4946 2856 5011 Contristatus
2884 4974 3014 5009 rsum
3061 4959 3116 5009 in
3170 4958 3542 5014 exercitatione

2002 5066 2135 5109 mea,
2165 5057 2211 5102 et
2241 5048 2576 5103 conturbatus
2608 5065 2722 5101 sum
2751 5064 2782 5099 a
2815 5064 2931 5102 noce
2951 5048 3169 5109 inimici,
3195 5057 3243 5101 et
3272 5064 3305 5100 a
3330 5049 3551 5102 tributu-

2005 5143 2141 5193 tiune
2180 5141 2486 5208 peccatoris.
2547 5139 2679 5193 Nam
2724 5139 2964 5193 dolorem
2994 5153 3148 5194 suum
3176 5137 3285 5192 Deo
3317 5141 3537 5193 exhibet

2007 5245 2217 5285 necnon
2272 5230 2735 5285 conturbationem
2758 5269 2774 5292 ,
2804 5238 2858 5284 ct
2881 5245 2998 5284 eam
3023 5244 3183 5298 quam
3213 5237 3369 5284 vocat
3393 5247 3545 5284 εχει-ο

2004 5320 2350 5386 citationem,
2397 5329 2579 5391 utpote
2625 5336 2744 5388 quae
2786 5321 2948 5391 digna
3005 5321 3114 5373 sint
3166 5318 3549 5390 conspectibus

2004 5413 2143 5481 ejus.
2180 5413 2379 5482 Quare,
2414 5414 2522 5476 bis,
2554 5414 2750 5482 inquit,
2781 5411 3317 5481 intende,equomodo
3348 5413 3541 5471 contri-

2006 5512 2181 5558 status
2210 5505 2335 5567 sim,
2372 5503 2649 5574 quomodo
2678 5504 3051 5569 conturbatus,
3086 5512 3140 5558 et
3168 5502 3551 5563 exercitatione

2005 5593 2242 5661 repletus
2276 5611 2289 5647 :
2326 5602 2486 5664 atque
2537 5592 2622 5671 his
2672 5594 2985 5665 acceptatis,
3028 5591 3222 5648 exaudi
3264 5588 3367 5645 fne.
3428 5589 3553 5645 lianc

2012 5697 2174 5753 porro
2207 5679 2425 5756 Spiritu‘
2446 5672 2633 5740 divino
2659 5685 2867 5741 afﬂatus
2909 5682 3163 5754 propheta
3196 5684 3360 5751 dicit,
3408 5684 3553 5738 futu-
