4354 6394
836 480 932 536 875

1453 480 1715 535 EUSEBH
1750 479 2218 536 CESARIENSIS
2245 479 2402 536 OPP.
2441 479 2618 533 PARS
2651 478 2737 533 Ill;
2778 507 2846 519 ο·-
2885 476 3286 532 ΕΧΕΟΕΊἸΕΑ.

3912 481 4016 536 ιτς

828 611 919 650 ros
961 594 1264 650 Iudaeorum
1308 603 1495 650 contra
1525 595 1718 650 Filium
1750 595 1841 650 Dei
1875 611 2040 652 ausus
2066 598 2221 666 quasi
2255 597 2367 665 jam
2396 603 2440 658 Α
2467 613 2547 648 ται

2297 613 2367 650 ιω
2396 603 2440 658 Α
2467 597 2635 648 ταῦτα
2659 595 2927 662 Πνεύματι
2957 593 3086 664 θείῳ
3116 597 3144 646 ό
3164 595 3474 664 προφήτης,
3507 593 3574 647 τὰ
3607 595 3743 648 κατὰ
3766 597 3857 649 τοῦ
3889 598 4016 650 Υίοῦ

827 690 1116 753 pmsentes
1167 685 1500 754 prospiciens
1533 703 1548 737 :
1580 685 1781 754 quibus
1812 684 2073 739 confusus
2101 697 2154 738 et
2181 687 2370 738 turba-

826 786 913 828 tus
933 815 948 836 ,
983 776 1166 829 dolore
1193 783 1245 829 et
1276 777 1522 845 angustia
1542 815 1557 838 ,
1606 790 1766 844 quam
1809 775 2248 830 exercitationem
2279 791 2373 829 vo-

825 876 932 927 cat,
967 868 1200 936 repletur
1234 868 1480 936 degebat.
1515 866 1881 922 Contristatus
1909 882 2058 936 ergo,
2080 863 2372 921 conturba—

826 963 932 1018 tus,
979 957 1364 1011 exercitatione
1395 964 1448 1010 et
1477 957 1724 1024 angustia
1778 957 1967 1026 plenus
1993 963 2110 1010 erat
2140 957 2210 1011 ob
2240 956 2373 1009 faci-

826 1062 976 1112 nora,
1006 1063 1124 1116 qua
1151 1062 1273 1100 mox
1311 1058 1555 1101 recenset
1581 1046 1769 1102 dicens
1819 1065 1833 1101 :
1895 1047 2014 1100 Vidi
2046 1048 2370 1115 iniquitatem

821 1149 869 1191 et
902 1137 1362 1192 contradictionem
1392 1138 1446 1189 in
1467 1138 1693 1199 civitate,
1720 1145 2013 1197 etcatera,
2045 1151 2163 1205 quae
2189 1145 2369 1204 postea

821 1242 982 1297 opere
1016 1227 1277 1296 completa
1309 1236 1454 1283 sunt.
1510 1227 1843 1281 Prmvertens
1882 1228 2047 1295 igitur
2080 1227 2133 1280 in
2167 1226 2368 1294 Spiritu

819 1329 1006 1373 sancto
1023 1319 1295 1386 propheta,
1313 1318 2196 1382 contristabatur,conturbabatur,
2218 1331 2370 1370 exer-

818 1412 1104 1471 citabatur,
1133 1410 1318 1463 dolore
1343 1411 1535 1478 plenus
1565 1409 1618 1461 in
1650 1424 1744 1463 eos
1776 1410 1865 1476 qui
1896 1409 2022 1461 talia
2064 1409 2368 1478 aggressuri

817 1506 992 1551 erant.
1009 1496 1548 1564 Quamobremlbeum
1569 1505 1741 1550 status
1762 1499 1844 1549 sui
1869 1498 2224 1565 inspectorem
2247 1512 2368 1551 esse

820 1587 1170 1656 rogatdicens
1202 1605 1213 1638 :
1247 1585 1474 1648 Exaudi,
1505 1587 1661 1648 Deus,
1690 1588 1979 1640 orationem
2008 1604 2195 1650 meam,
2233 1599 2280 1640 et
2307 1605 2367 1641 ne

817 1677 1105 1741 despexeris
1132 1676 1540 1744 deprecationem
1563 1693 1726 1729 meam
1752 1693 1769 1728 :
1802 1677 2005 1729 intende
2047 1677 2172 1730 mihi
2198 1685 2246 1729 et
2276 1693 2367 1729 ex-

817 1766 941 1818 audi
975 1784 1070 1820 me.
1126 1766 1182 1820 ln
1216 1768 1315 1819 hac
1344 1767 1654 1820 conditione
1677 1782 1858 1821 rerum
1891 1767 2134 1837 positus,
2164 1768 2244 1822 sic
2268 1768 2365 1822 de-

817 1857 940 1911 inde
971 1859 1293 1926 precabatur
1329 1877 1340 1910 :
1386 1856 1665 1924 Prtecipita
1683 1896 1698 1919 ,
1725 1857 1962 1918 Domine.
1991 1869 2038 1911 et
2065 1859 2235 1911 divide
2263 1859 2367 1910 lin-

2471 685 2562 738 τοῦ
2587 684 2720 736 Θεοῦ
2758 683 3013 754 μέλλοντα
3035 685 3138 736 ύπὺ
3175 684 3439 739 Ἰουδαίων
3478 685 3792 754 τολμᾶσθαι,
3813 687 3886 750 ὠς
3917 688 4020 757 ήδη

2472 777 2712 844 παρόντα
2732 775 2940 845 βλέπων
2959 793 2971 804 ·
3007 776 3092 844 ἐφ’
3117 769 3199 838 οἷς
3243 775 3599 845 συγχεόμενος
3632 779 3726 830 καὶ
3754 778 4020 848 ταραττό-

2473 883 2648 936 μενος,
2675 865 2848 936 λύπης
2868 882 2926 917 τε
2947 863 3315 934 πληρούμενος
3342 865 3434 918 καὶ
3455 865 3778 935 ἀμηχανίας,
3815 867 3880 934 ἢν
3900 867 4026 920 a60-

2469 955 2684 1024 λεσχίαν
2705 955 2970 1024 ὠνόμασε,
3003 953 3245 1006 διετέλει.
3291 954 3564 1006 Ἐλυπεῖτο
3589 955 3718 1022 γοῦν
3756 956 3848 1008 καὶ
3893 956 4020 1009 ετα-

2472 1045 2714 1114 ράττετο,
2735 1046 2828 1096 καὶ
2851 1043 3124 1112 ήδολέσχει
3135 1045 3424 1113 ἀμηχανῶν
3438 1044 3530 1097 καὶ
3556 1045 3770 1114 ἀποριῖιν
3790 1045 3883 1100 ἐπὶ
3907 1049 4018 1108 τοῖς

2467 1134 2848 1204 τολμωμένοις,
2893 1134 2929 1188 ἃ
2981 1135 3169 1204 μικρὸν
3216 1135 3437 1205 ὕστερον
3487 1134 3704 1200 διέξεισι
3759 1136 4013 1202 φάσκων·

2469 1221 2647 1280 Εἶδον
2668 1225 2918 1292 ἀνομίαν
2945 1226 3041 1277 καί
3064 1227 3404 1294 ἀντιλογίαν
3421 1227 3490 1278 ὲν
3516 1225 3589 1291 τῇ
3617 1227 3805 1285 πόλει,
3836 1225 3929 1278 καὶ
3951 1227 4016 1280 τὰ

2468 1318 2621 1387 ἑξῆς·
2677 1318 2836 1388 ἅπερ,
2892 1317 3114 1387 ὕστερόν
3162 1335 3286 1370 ποτε
3335 1317 3397 1369 δι’
3438 1317 3608 1388 ἔργων
3641 1317 4014 1386 κεχωρηκότα,

2468 1408 2746 1477 προλαϐὼν
2795 1408 2870 1477 τῷ
2917 1408 3188 1477 Πνεύματι
3238 1407 3315 1476 τῷ
3348 1407 3483 1476 ἁγίῳ
3506 1409 3534 1460 ὁ
3563 1408 3860 1476 προφήτης,
3891 1405 4014 1458 ιλυ.

2467 1502 2616 1549 πείτο
2641 1499 2734 1550 καὶ
2761 1497 3082 1568 ἐταράττετο
3122 1499 3212 1551 καὶ
3232 1497 3503 1567 ήδολέσχει
3525 1537 3539 1559 ,
3584 1496 3817 1565 ἀθυμίας
3851 1499 4014 1566 ἐμπισ-

2467 1591 2732 1659 πλάμενος
2757 1594 2845 1644 ἐπὶ
2875 1594 2983 1654 τοίς
3036 1590 3102 1642 τὰ
3132 1592 3351 1642 τοιαῦτα
3371 1588 3622 1656 τολμῶσι.
3666 1588 3757 1639 Διὸ
3798 1589 3888 1639 καὶ
3923 1588 4012 1639 τὸν

2464 1680 2592 1732 Θεὸν
2611 1681 2847 1751 ὲπόπτην
2875 1682 2971 1750 τῆς
2994 1681 3182 1732 ἑαυτοῦ
3211 1675 3587 1740 καταστάσεως
3622 1677 3868 1745 γενέσθαι
3905 1694 4011 1731 πα-

2468 1771 2689 1841 ρακαλεῖ
2714 1771 2882 1838 λέγων
2901 1789 2914 1802 σ
2951 1771 3265 1833 Ἐνώτισιιι,
3289 1774 3319 1822 ό
3339 1769 3500 1834 Θεὸς,
3525 1768 3639 1836 τὴν
3664 1768 4012 1836 προσευχήν

2459 1878 2597 1928 μου,
2631 1862 2727 1913 καί
2750 1861 2833 1929 μὴ
2864 1861 3150 1929 ὑπερίδῃς
3181 1860 3292 1927 τὴν
3321 1859 3533 1926 δέησίν
3560 1877 3678 1927 μου
3697 1876 3710 1888 ·
3747 1860 4011 1927 πρόσχες

813 1962 943 2016 guas
971 1963 1170 2000 eorum.
1213 1946 1376 2011 Queis
1411 1954 1563 2014 rogat
1594 1961 1778 1999 eorum
1808 1955 1994 2000 contra
2028 1947 2358 2002 Salvatorem
2397 1926 2435 1980 Β

2290 1965 2358 2002 3m
2397 1926 2435 1980 Β
2459 1926 2557 2022 μοι
2584 1953 2681 2005 καί
2712 1926 3070 2006 είσάκουσόν
3287 1951 3372 2003 Ἐν
3417 1926 3636 2021 τοιαύτη
3679 1951 3736 2003 δὲ
3775 1926 4009 2016 γεγονὼς

814 2034 1160 2088 concordiam
1191 2032 1462 2100 dissipari,
1499 2034 1806 2102 superbiam
1833 2041 1888 2087 et
1927 2037 2244 2105 arrogantia
2274 2046 2354 2090 tu-

815 2138 1019 2177 morem
1033 2123 1290 2192 deprimi,
1325 2138 1388 2176 ne
1421 2124 1532 2192 ipse
1557 2132 1896 2189 atteret-etur,
1918 2137 1971 2178 et
2005 2128 2142 2179 mala
2172 2142 2359 2181 eorum

815 2221 1157 2281 augerentur.
1205 2212 1336 2266 Cum
1366 2228 1526 2283 porro
1562 2215 1755 2268 rationi
1781 2224 2139 2270 consentanea
2176 2226 2361 2286 postu-

815 2305 982 2368 laret,
1029 2305 1366 2375 supplicabat
1394 2320 1461 2358 ne
1489 2304 1893 2374 despiceretur;
1941 2307 2032 2360 sed
2076 2308 2238 2361 etiam
2263 2308 2360 2361 do-

814 2396 946 2459 lore,
995 2395 1432 2464 perturbatione,
1482 2394 1869 2449 exercitatione
1908 2397 2234 2464 repleliatur,
2278 2399 2360 2452 di-

812 2501 962 2552 cens,
997 2488 1038 2539 Α
1069 2501 1188 2542 voce
1211 2485 1408 2538 inimici
1433 2492 1484 2537 et
1511 2502 1544 2537 a
1562 2485 1897 2538 tribulatione
1919 2487 2225 2553 peccatoris,
2250 2489 2358 2542 ini-

813 2579 937 2632 mici
984 2577 1194 2631 scilicet
1238 2584 1291 2630 et
1338 2575 1637 2644 peccatoris
1685 2578 1867 2644 populi
1923 2596 1935 2629 :
1985 2593 2108 2630 nam
2144 2579 2358 2646 spiritui

813 2666 1127 2735 prophetico
1151 2666 1450 2718 molestiam
1474 2663 1772 2718 inferebant
1796 2668 1885 2734 qui
1918 2667 2043 2719 talia
2067 2668 2356 2722 audebant.

818 2756 1016 2811 Deinde
1063 2757 1338 2826 subjungit
1384 2776 1394 2808 :
1451 2756 1709 2822 Quoniam
1763 2758 2153 2811 declinaverunt
2199 2761 2251 2812 in
2281 2777 2360 2813 me

815 2849 1159 2916 iniquitatem,
1181 2858 1235 2900 et
1262 2848 1315 2899 in
1342 2849 1422 2899 ira
1450 2847 1650 2900 molesti
1669 2858 1815 2899 erant
1848 2849 1994 2910 mihi,
2026 2864 2144 2916 qua:
2171 2858 2358 2902 contra

817 2939 1148 2992 Salvatorem
1199 2947 1349 3006 gesta
1396 2947 1524 2992 sunt
1570 2948 1624 2992 ut
1675 2940 1890 3006 propria
1917 2940 2020 2993 sibi
2057 2942 2356 2998 ascrihens.

816 3030 984 3097 Atque
1012 3044 1076 3082 ex
1103 3025 1400 3081 Saluatoris
1432 3043 1657 3096 persona
1679 3037 1906 3097 possunt
1934 3042 2056 3082 cum
2090 3031 2191 3097 alia
2225 3031 2355 3096 dici,

837 3133 925 3172 um
958 3119 1085 3172 illud
1118 3137 1131 3171 :
1159 3118 1417 3182 Quoniam
1453 3118 1838 3172 declinaverunt
1887 3120 1937 3171 in
1991 3136 2068 3172 me
2111 3120 2360 3188 iniquita-

815 3219 913 3261 tsm
935 3249 950 3272 ,
992 3217 1042 3261 et
1071 3209 1127 3260 in
1159 3210 1244 3260 ira
1266 3208 1469 3261 molesti
1497 3219 1644 3262 erant
1674 3211 1826 3272 mihi;
1870 3210 1984 3263 sire
2004 3249 2018 3272 ,
2060 3209 2354 3265 secundum

816 3298 1215 3369 Symmachum,
1250 3299 1507 3364 Quoniam
1529 3301 1899 3368 inscripserunt
1929 3311 2112 3354 contra
2149 3319 2228 3356 me
2257 3305 2359 3355 inu-

812 3390 1072 3458 pietatevn,
1103 3399 1152 3441 et
1185 3406 1300 3442 cum
1327 3392 1408 3442 ira
1435 3392 1686 3444 contrarii
1717 3393 1862 3458 fuere
1891 3391 2036 3444 mihi.
2059 3393 2164 3445 Cor
2192 3410 2358 3446 meum

812 3478 1176 3533 conturbatum
1202 3490 1278 3533 est
1311 3481 1366 3532 in
1392 3492 1492 3544 me,
1522 3489 1571 3533 et
1600 3481 1824 3548 formido
1855 3483 2038 3535 mortis
2062 3482 2245 3537 cecidit
2269 3500 2360 3538 su-

813 3585 904 3638 per
929 3586 1026 3632 me,
1052 3578 1105 3624 et
1127 3578 1338 3623 caetera.
1383 3569 1506 3623 Haec
1534 3571 1711 3624 omnia
1734 3587 1951 3640 passum
1985 3589 2043 3627 se
2072 3575 2360 3649 conlitetur

814 3662 1094 3730 propheta,
1123 3661 1266 3730 quod
1295 3661 1486 3729 spiritu
1521 3662 1832 3730 prophetico
1861 3665 2210 3732 praevidisset,
2245 3680 2357 3720 me-

814 3760 1074 3806 moratam
1124 3761 1308 3821 postea
1370 3752 1640 3806 civitatem
1705 3753 2014 3822 iniquitate,
2081 3756 2356 3810 contradi-

813 3842 1013 3904 ctione,
1047 3843 1245 3904 labore,
1271 3842 1456 3897 dolore
1485 3851 1539 3896 et
1573 3843 1838 3910 iniustitia
1873 3846 2163 3914 repletam;
2193 3856 2355 3916 atque

813 3934 1120 3987 unanimem
1151 3933 1298 3987 illum
1322 3943 1376 3989 et
1397 3943 1582 3990 notum
1610 3935 1898 3998 Salvatori,
1920 3939 2033 4006 pari
2063 3945 2225 4006 atque
2254 3939 2356 3991 ini-

814 4023 936 4077 mici
971 4030 1024 4077 et
1051 4024 1235 4080 hostes
1265 4025 1443 4078 animo
1487 4027 1830 4081 instructum.
1893 4025 2054 4080 Suam
2093 4028 2235 4081 enim
2268 4028 2352 4081 his

817 4113 878 4166 1e
904 4114 1068 4167 rebus
1097 4113 1616 4167 commiserutionem
1651 4115 1758 4169 Deo
1779 4117 2047 4179 declarat,
2075 4125 2235 4185 atque
2264 4131 2351 4168 ra—

810 4203 1383 4260 tiouiconsentaneam
1413 4203 1864 4270 perturbationem
1908 4219 2067 4272 quam
2111 4205 2352 4273 patieba-

811 4302 917 4356 tur,
949 4294 1015 4349 de
1043 4309 1151 4364 qua
1183 4295 1432 4363 superius
1453 4295 1666 4348 dicebat
1709 4314 1722 4347 :
1759 4295 2112 4348 Contristatus
2152 4313 2268 4350 sum
2297 4298 2352 4351 in

806 4386 1170 4438 exercitatione
1210 4401 1355 4448 mea,
1383 4393 1433 4438 et
1471 4383 1809 4437 conturbatus
1838 4400 1982 4445 sum;
2008 4392 2060 4438 et
2083 4386 2194 4453 jam
2229 4402 2344 4440 rur-

806 4489 968 4528 sum:
1002 4473 1105 4527 Cor
1134 4489 1302 4527 meum
1320 4474 1683 4527 conturbatum
1710 4483 1785 4526 est
1815 4475 1866 4525 in
1899 4490 1942 4524 nt
1992 4494 2008 4534 ,-
2053 4477 2345 4529 secundum

2465 2045 2810 2107 καταστάσει,
2837 2044 2985 2112 ἠξίου
3017 2043 3187 2111 λέγων
3214 2041 3364 2112 ἑξῆς·
3401 2042 3865 2102 Καταπόντισον,
3895 2041 4011 2091 Κύ-

2456 2150 2568 2200 ριε,
2603 2135 2699 2187 καὶ
2738 2132 3044 2186 natabier
3092 2133 3197 2197 τὰς
3253 2129 3535 2200 γλώσσας
3586 2127 3807 2183 αὐτῶν·
3839 2127 3906 2179 δι’
3933 2120 4009 2180 ὧν

2466 2224 2670 2276 ἱκέτευε
2696 2224 2796 2294 τὴν
2834 2224 3143 2292 συμφωνίαν
3175 2222 3352 2276 αὐτῶν
3371 2222 3468 2291 τὴν
3488 2219 3624 2273 κατὰ
3645 2219 3738 2272 τοῦ
3762 2219 4006 2288 Σωτῆρος

2461 2311 2918 2380 διασκεδασθῆναι,
2954 2313 3051 2380 τήν
3087 2327 3147 2362 τε
3195 2307 3556 2380 μεγαλαυχίαν
3587 2307 3764 2359 αὐτῶν
3807 2307 3898 2358 καὶ
3945 2303 4007 2356 τὸ

2462 2402 2558 2470 τῆς
2597 2400 2905 2463 ἀλαζονείας
2941 2401 3160 2468 ἔπαρμα
3199 2397 3628 2466 ταπεινωθῆναι,
3671 2397 3806 2466 πρὸς
3839 2396 3899 2447 τὸ
3933 2396 4007 2465 μὴ

2463 2491 2848 2562 ὲπιτρὶϐεσθαι,
2883 2492 2970 2544 καὶ
2996 2492 3172 2554 αὔξειν
3203 2491 3375 2544 αὐτῶν
3391 2489 3457 2543 τὰ
3478 2489 3642 2542 κακά.
3673 2485 3879 2554 Εὖλογα
3899 2487 4007 2538 τοί-

2462 2597 2554 2632 νυν
2587 2581 2767 2641 αἰτῶν,
2797 2580 2882 2632 διὰ
2910 2581 3007 2649 τῆς
3033 2581 3263 2650 δεήσεως
3285 2578 3432 2648 ἠξίου
3466 2577 3539 2648 μὴ
3573 2575 4004 2647 ύπεροραθῆνει’

2462 2670 2595 2722 ἀλλὰ
2625 2671 2715 2722 καὶ
2760 2670 2931 2739 λύπης
2957 2670 3253 2740 ἐπληροῦτο
3281 2671 3371 2722 καὶ
3403 2669 3670 2739 ταραχῆς,
3707 2667 3799 2720 καὶ
3829 2665 4007 2718 ἀδολε-

2464 2760 2637 2828 σχίας,
2664 2761 2883 2827 φάσκων
2904 2777 2915 2789 ·
2966 2761 3096 2812 Ἀπὸ
3126 2758 3323 2827 φωνῆς
3361 2758 3576 2827 ἐχθροῦ
3609 2757 3703 2810 καί
3739 2757 3856 2809 ἀπο
3883 2756 4006 2809 θλί-

2461 2853 2619 2914 ψεως
2652 2847 2997 2916 ἀμαρτωλοῦ
3020 2887 3033 2910 ,
3074 2846 3262 2917 ἐχθροῦ
3315 2845 3509 2916 δηλαδὴ
3552 2845 3644 2898 καὶ
3688 2841 4008 2914 ἁμαρτωλοῦ

2462 2939 2616 2990 λαοῦ·
2657 2938 2830 3006 θλίψιν
2879 2938 2982 3007 γὰρ
3008 2941 3259 3007 παρεῖχον
3291 2936 3366 3005 τῷ
3397 2936 3658 3004 πνεύματι
3688 2933 3764 3003 τῷ
3794 2949 4005 3003 προφη-

2460 3027 2594 3096 τικῷ
2633 3029 2680 3080 oi
2704 3030 2770 3080 τὰ
2799 3026 3019 3079 τοιαῦτα
3049 3026 3368 3096 τολμῶντες.
3414 3019 3524 3077 Εἶτ’
3561 3024 3798 3090 ἐπιλέγει
3843 3022 3967 3092 ἑξῆς
3989 3036 4006 3054 ⁸

2466 3119 2588 3168 Ὀτι
2611 3116 2924 3180 ἐξέκλιναν
2947 3117 3035 3168 ἐπ’
3056 3115 3159 3182 ἐμὲ
3181 3115 3452 3183 ἀνομίαν,
3487 3113 3584 3166 καὶ
3633 3113 3717 3172 ἐν,
3736 3109 3880 3179 ὀργῇ
3908 3112 4005 3163 ἐν-

2461 3209 2710 3266 εκόεουν
2742 3225 2860 3274 μοι,
2889 3205 3300 3273 ἰδιοποιούμενον
3350 3205 3419 3258 τὰ
3456 3198 3720 3261 κατὰτοῦ
3757 3202 4005 3271 Σωτῆρος

2457 3297 2844 3366 τετολμημένα.
2881 3299 2986 3348 Καὶ
3009 3298 3072 3347 ὲκ
3091 3293 3376 3365 προσώπου
3399 3292 3455 3346 δι
3475 3293 3567 3346 τοῦ
3589 3291 3834 3362 Σωτῆρος
3851 3291 4003 3344 δύνα-

2456 3404 2542 3439 ται
2562 3387 2808 3452 λέγεσθαι
2840 3387 2908 3438 τά
2929 3402 2986 3438 τε
3011 3386 3142 3440 ἄλλα
3171 3385 3264 3437 καὶ
3293 3383 3352 3436 τό
3372 3401 3384 3412 ·
3423 3383 3542 3435 Ὅτι
3569 3380 3887 3444 ἐξέκλιναν
3911 3379 4002 3431 ἐπ’

2455 3474 2558 3543 ἐμὲ
2575 3475 2844 3542 ἀνομίαν,
2860 3475 2954 3526 καὶ
2972 3475 3041 3528 ὲν
3057 3472 3200 3542 ὀργῇ
3221 3473 3536 3525 ἐνεκότουν
3549 3484 3678 3539 μοι·
3701 3469 3734 3540 ἢ
3757 3468 3894 3521 κατὰ
3915 3467 4003 3522 τὸν

2456 3567 2769 3636 Σύμμαχον·
2815 3567 2939 3617 Ὅτι
2966 3565 3307 3632 ἐπέγραψαν
3350 3564 3474 3616 κατ’
3512 3560 3655 3628 ἐμοῦ
3702 3560 3998 3622 ἀσέϐειαν,

2456 3657 2552 3714 καὶ
2575 3657 2699 3723 μετ’
2735 3652 2912 3723 όρής
2928 3652 3378 3719 ἠναντιώθησαν
3399 3669 3516 3720 μοι.
3561 3651 3629 3705 Ἠ
3649 3649 3858 3718 καρδία
3880 3669 4000 3718 μου

2453 3744 2739 3812 ἐταράχθη
2765 3745 2834 3796 ἐν
2855 3744 3004 3811 ἐμοὶ,
3041 3743 3134 3794 καί
3185 3742 3375 3796 δειλία
3406 3741 3662 3796 θανάτου
3693 3740 4001 3794 ἐπέπεσεν

2453 3835 2684 3902 ἐπ’ἐμέ,
2727 3833 2914 3887 καὶτὰ
2971 3832 3149 3885 λοιπά.
3183 3833 3366 3886 Πάντα
3416 3830 3586 3884 ταῦτα
3624 3830 3942 3883 πεπονθέναι
3969 3832 3999 3882 ὁ

2453 3927 2732 3995 προφήτης
2775 3924 3039 3993 ὁμολογεῖ,
3081 3923 3169 3976 διὰ
3197 3923 3258 3975 τὸ
3295 3921 3698 3993 προεωρακέναι
3733 3921 3809 3989 τῷ
3839 3920 3998 3972 πνεύε

2455 4033 2579 4082 ματι
2604 4015 2679 4087 τῷ
2707 4013 3021 4083 προφητικῷ
3049 4012 3143 4084 τὴν
3183 4012 3308 4081 ἑξῆς
3338 4009 3665 4081 δηλουμένην
3691 4009 3840 4060 πόλιν
3869 4011 3995 4062 ἀνο-

2454 4106 2579 4173 μίας
2611 4105 2984 4176 πληρουμένην
3016 4104 3109 4156 καὶ
3141 4103 3472 4169 ἀντιλογίας,
3517 4101 3610 4152 καὶ
3641 4099 3808 4151 κόπου
3828 4137 3843 4162 ,
3901 4099 3994 4152 καὶ

2451 4195 2632 4258 πόνου,
2682 4196 2775 4250 καὶ
2822 4195 3058 4258 ἀδικίας·
3109 4195 3203 4247 καὶ
3233 4194 3322 4246 τὸν
3350 4192 3596 4262 ἰσόψυχον
3622 4190 3715 4243 καὶ
3758 4189 3992 4258 γνωστὸν

2447 4283 2540 4336 τοῦ
2571 4286 2814 4363 Σωτῆρος
2866 4285 3020 4355 ήμῶν
3046 4284 3115 4338 τὰ
3152 4283 3358 4354 ιχθρῶν
3396 4283 3556 4336 αὑτὸν
3587 4283 3680 4334 καὶ
3727 4281 3992 4350 πολεμίων

2447 4369 2743 4424 δατιθέντα.
2809 4372 2930 4422 Ἐπὶ⁸
2958 4371 3161 4432 τούτοις
3191 4371 3298 4440 γὰρ
3322 4371 3420 4440 τήν
3453 4369 3789 4439 συμπάθειαν
3826 4367 3990 4422 αὐτοῦ

2447 4461 2682 4514 δείκνυσι
2710 4460 2787 4530 τῷ
2807 4461 2944 4530 Θεῷ,
2974 4462 3066 4514 καὶ
3091 4464 3154 4530 ἢν
3181 4460 3466 4529 ὑπέμεινεν
3487 4459 3702 4528 εὔλογον
3729 4460 3986 4532 ταραχήν·

803 4564 1050 4633 Aquilam
1078 4565 1323 4628 veroult,
1358 4561 1463 4619 Cor
1489 4581 1657 4620 meum
1675 4564 1953 4633 parturivit
1982 4566 2035 4619 in
2065 4567 2344 4645 visceribus
2375 4570 2419 4624 D

2270 4582 2344 4620 ηη
2375 4570 2419 4624 ο
2448 4551 2572 4620 περὶ
2620 4545 2687 4620 ἧς
2735 4550 2827 4606 καὶ
2877 4549 3129 4620 ἀνωτέρω
3162 4548 3372 4615 [λεγενο
3438 4549 3774 4615 Ἐ’Ᾱυπήθην
3807 4550 3878 4602 ἐν
3915 4545 3989 4618 τῇ

803 4653 966 4714 meis;
995 4652 1290 4707 secundum
1319 4667 1446 4707 vero
1467 4654 1870 4723 Symmachum,
1922 4652 2027 4707 Cor
2061 4670 2228 4709 meum
2255 4670 2348 4709 ea:-

802 4741 1276 4813 agitabaturintra
1294 4757 1392 4795 me.
1431 4739 1536 4796 Sed
1565 4744 1723 4796 etiam
1739 4741 1969 4798 formido
1987 4745 2176 4799 mortis
2201 4745 2345 4800 ceci-

801 4832 880 4886 dit
907 4846 1071 4902 super
1112 4846 1270 4894 eum,
1319 4831 1373 4886 id
1401 4839 1506 4893 est.
1535 4829 1798 4886 Salutaris
1826 4835 2037 4898 mortis,
2063 4834 2133 4889 ob
2160 4848 2342 4903 quam,

799 4918 1064 4990 Propheta
1113 4920 1348 4977 humana
1391 4922 1717 4992 cogitatione
1761 4932 2096 4991 commotus,
2131 4926 2245 4980 sive
2273 4923 2346 4979 ob

799 5021 1021 5066 mortem
1072 5013 1396 5074 animarum,
1448 5028 1569 5082 quae
1619 5026 1717 5083 pro
1766 5011 1858 5064 tali
1918 5029 2055 5071 ausu
2094 5017 2344 5086 peritura

798 5107 972 5162 erant,
1022 5103 1216 5158 timore
1251 5095 1575 5172 replehatur.
1633 5101 1744 5156 lmo
1777 5117 1918 5158 vero
1962 5106 2124 5160 timor
2149 5113 2204 5160 et
2234 5115 2343 5159 tre-

800 5203 940 5255 mor,
971 5189 1040 5243 ob
1060 5191 1276 5258 pietatis
1303 5191 1669 5250 eminentiam.
1707 5189 1902 5245 cecidit
1927 5203 2089 5260 super
2111 5193 2342 5263 prophe-

798 5288 927 5342 tam,
957 5294 1082 5334 cum
1112 5278 1317 5335 videret
1342 5279 1600 5334 Dilectum
1635 5279 1726 5335 Dei
1762 5281 1889 5356 talia
1920 5281 1994 5336 ab
2030 5282 2210 5353 impiis
2242 5295 2342 5354 pa-

792 5370 1034 5426 tiutem.
1085 5367 1339 5435 Tenebrae
1386 5377 1565 5424 autem
1605 5377 1964 5434 cantaverunt
2001 5385 2160 5432 eum.
2203 5372 2338 5432 sive,

793 5458 1089 5513 secndum
1120 5453 1382 5524 Aquilam
1408 5496 1423 5522 ,
1466 5456 1803 5522 .convolutio;
1851 5467 1948 5513 aut
1970 5495 1986 5522 ,
2041 5457 2339 5514 secundum

795 5544 1198 5616 Symmachum,
1227 5546 1432 5614 horror,
1458 5558 1644 5622 utpote
1689 5549 1792 5617 qui
1807 5547 2083 5622 horrenda
2104 5563 2167 5603 ac
2188 5557 2340 5606 teneo

794 5637 906 5694 bris
932 5634 1091 5707 digus
1113 5647 1304 5694 contra
1348 5636 1678 5697 Salutarem
1706 5647 1858 5711 gesta
1884 5647 2148 5693 cerneret.
2213 5637 2338 5695 Hec

792 5740 956 5799 porro
981 5725 1122 5782 dicta
1163 5742 1350 5786 eorum
1378 5730 1643 5801 exemplo,
1677 5744 1799 5800 qua
1825 5728 1984 5783 nobis
2025 5727 2080 5781 in
2108 5729 2335 5784 somniis

789 5815 1126 5882 coniungunt,
1155 5816 1438 5888 iam
1485 5816 1620 5874 Nam
1641 5818 1955 5884 uterumque
1978 5815 2330 5880 muiaates.

2444 4639 2771 4709 ἀδολεσχίᾳ
2807 4656 2956 4708 μου.
3003 4638 3097 4690 καὶ
3129 4636 3489 4706 ἐταράχθην·
3540 4638 3648 4696 καὶ.
3677 4637 3770 4690 νῦν
3801 4636 3984 4690 πάλιν·

2456 4725 2523 4778 Ἠ
2546 4727 2756 4795 καρδία
2766 4744 2883 4795 μου
2902 4725 3190 4793 ἐταράχθη
3205 4726 3273 4778 ἐν
3291 4726 3420 4794 ἐμοί
3437 4742 3450 4754 ·
3480 4723 3620 4778 κατὰ
3644 4722 3701 4775 δὲ
3719 4722 3808 4774 τὸν
3835 4720 3989 4774 Ἀκύ-

2446 4819 2565 4879 λαν,
2609 4819 2676 4871 Ἠ
2703 4815 2912 4883 καρδία
2935 4832 3074 4883 μου,
3117 4817 3297 4884 φησὶν,
3326 4813 3618 4880 ὠδίνησεν
3660 4811 3730 4864 ἐν
3764 4811 3988 4880 ἐγκάτφ

2437 4925 2586 4976 μου·
2624 4907 2762 4961 κατὰ
2793 4906 2850 4960 δὲ
2883 4905 2973 4957 τὸν
3018 4905 3306 4974 Σύμμαχον
3335 4921 3347 4935 ·
3409 4903 3467 4958 Ἠ
3508 4902 3719 4969 καρδία
3755 4919 3872 4971 μου
3913 4901 3990 4954 δι-

2442 4996 2782 5065 εστρωφᾶτο
2807 4996 2982 5054 ἔνδον
2998 5015 3139 5068 μου.
3158 4993 3313 5048 Ἀλλὰ
3334 4993 3426 5046 καὶ
3450 4992 3618 5045 δειλία
3631 4993 3852 5047 θανάτου
3874 4998 3987 5048 εἰσ-

2443 5087 2636 5138 έπεσεν
2666 5089 2752 5140 ἐπ’
2784 5088 2943 5142 αὐτόν
2963 5103 2976 5117 ·
3010 5089 3128 5156 ήτοι
3171 5083 3262 5136 τοῦ
3297 5083 3568 5153 ἃιιτηρίου
3608 5082 3864 5147 θανάτου,
3902 5087 3988 5154 ἐφ’

2438 5170 2483 5242 ᾧ
2509 5176 2704 5239 δειλίας
2719 5178 2748 5229 ό
2769 5178 3048 5248 προφήτης
3072 5172 3386 5243 ἐπληροῦτο,
3405 5172 3721 5245 ἀνθρωπίνῳ
3746 5174 3988 5244 λογισμῷ

2440 5269 2777 5336 κινούμενος,
2823 5269 2855 5338 ἢ
2888 5267 2984 5319 τοῦ
3007 5265 3111 5317 τῶν
3142 5263 3324 5334 ψυχῶν
3361 5263 3584 5318 θανάτου
3623 5265 3730 5320 τῶν
3761 5265 3988 5320 ἀπόλλυ-

2441 5357 2561 5410 σθαι
2583 5358 2878 5428 μελλόντων
2903 5357 2987 5410 διὰ
3012 5356 3078 5409 τὰ
3101 5357 3318 5409 τοιαῦτα
3340 5356 3676 5426 τολμήματα.
3715 5355 3871 5410 Ἀλλὰ
3893 5356 3986 5411 καὶ

2440 5447 2600 5515 φόϐος
2631 5449 2724 5504 καὶ
2749 5451 2947 5519 τρόμος
2975 5447 3042 5500 δι’
3071 5446 3370 5518 ὑπερϐολὴν
3403 5444 3686 5512 εὐλαϐείας
3720 5447 3985 5501 ἐπέπιπτε

2437 5539 2514 5610 τῷ
2550 5543 2820 5613 προφήτῃ,
2842 5537 3034 5608 ὁρῶντι
3051 5538 3139 5591 τὸν
3166 5539 3470 5609 Ἀγαπητὺν
3495 5539 3589 5594 τοῦ
3613 5537 3746 5591 Θεοῦ
3764 5535 3986 5590 τοιαῦτα

2438 5633 2543 5686 ὑπὸ
2568 5631 2674 5693 Ιφῶν
2691 5629 2901 5686 ausit»
2933 5628 3223 5700 πάσχοντα.
3268 5626 3561 5683 Ἑκὰλυπτέ
3591 5642 3648 5679 τε
3680 5625 3841 5679 αὐτὸν
3862 5623 3985 5678 σκό-

2435 5741 2544 5787 τος,
2583 5722 2638 5792 ἢ,
2671 5720 2807 5776 κατὰ
2837 5720 2928 5772 τὸν
2962 5721 3218 5785 Ἀκύλαν,
3250 5715 3692 5785 ειλίνδησιςοῆ,
3719 5716 3857 5772 κατὰ
3893 5716 3984 5768 τὸν

2436 5813 2746 5885 Σύμμαχον,
2771 5815 2957 5881 φρίκη
2981 5826 2993 5842 ³
3022 5810 3220 5870 ὡσανεὶ
3243 5808 3446 5882 φρικτὰ
3466 5809 3567 5878 ,καὶ
3596 5808 3816 5870 σκότους
3853 5807 3983 5876 ἁλη-
