4354 6400
906 452 1033 547 ιτο

1564 487 1831 563 ευδεοιι
1866 486 2331 544 ςιεεΑῑιιεΝειε
2359 486 2507 543 ΟΡΡ.
2548 484 2728 541 PARS
2764 483 2852 539 Ill.
2893 513 2963 525 -—
3002 478 3408 537 EXEGETICA.

3998 472 4107 528 ιεο

903 627 1004 665 me.
1054 608 1375 676 Aperuerunt
1404 621 1556 673 super
1586 623 1664 659 me
1690 622 1747 660 os
1792 622 1945 659 suum
1972 606 2106 659 sicut
2138 605 2217 660 leo
2246 607 2453 675 rapiens
2482 617 2526 673 Α
2556 620 2622 673 tu:

2388 621 2453 659 ns
2482 617 2526 673 Α
2556 620 2692 673 μων,
2736 598 2902 663 λαϐάς
2952 598 3256 670 θηρώμενοι
3278 635 3295 658 ,
3339 594 3435 647 καὶ
3466 590 3756 653 ἐπιϐουλὰς
3799 590 3915 644 κατ’
3942 586 4107 643 αὑτοῦ

902 706 953 751 et
984 695 1189 766 rugiens
1207 699 1273 748 ’⁸.
1294 694 1425 748 Nam
1445 696 1513 748 ibi
1542 709 1755 763 quoque
1783 694 2052 763 principes
2068 695 2245 765 populi
2261 696 2453 759 adum-

904 786 1095 841 brabat
1139 804 1151 839 :
1204 786 1559 855 quamobrem
1598 796 1789 839 rursus
1832 798 1896 839 os
1940 799 2127 838 eorum
2171 792 2452 850 memorat,

904 875 977 930 ob
1016 876 1242 930 consilia
1289 882 1342 929 et
1390 874 1617 928 insidias
1663 887 1848 927 eorum
1897 871 2180 927 adversum
2210 888 2271 929 se
2310 882 2457 930 stru-

906 974 1043 1020 (ἕως.

2559 694 3030 761 συσκευαζόμινοι.
3066 691 3130 743 Ὃ
3176 688 3241 759 δὴ
3270 688 3365 740 καὶ
3401 687 3586 758 ἔτερος
3614 684 3861 754 ,ᾐνίττετο
3895 680 4111 752 mp»;

2556 783 2615 850 ἑξ
2633 783 2796 837 αὐτοῦ
2818 780 3104 853 προσώπου
3129 782 3305 851 φήσας
3322 796 3337 811 ο
3362 772 3851 847 Περιεκύκλωσάν
3874 790 3952 843 με
3973 772 4112 829 ταί-

2550 892 2644 943 ροι
2670 874 2907 937 πολλοὶ,
2930 874 3148 941 μόσχοι
3185 872 3391 935 πίονες
3429 868 3751 937 περιέσχον
3784 882 3879 933 με.
3916 866 4107 918 Ἡνοι-

2560 966 2675 1031 ξαν
2699 966 2790 1017 ἐπ’
2818 965 2921 1034 ἐμὲ
2951 964 3017 1018 τὸ
3059 965 3252 1032 στόμα
3282 960 3480 1015 αὐτῶν
3520 961 3599 1025 ὡς
3645 958 3801 1012 ,λέων
3840 952 4112 1023 ἁρπάζων

904 1060 999 1112 καί
1031 1059 1382 1127 ἀρυόμενος.
1408 1059 1583 1110 Κάκεῖ
1611 1058 1717 1131 γάρ
1752 1060 1876 1123 τοὺς
1912 1059 2176 1131 ἄρχοντας
2215 1058 2457 1130 ᾐνίττετο
2482 1060 2575 1113 τοῦ
2607 1060 2736 1116 λαοῦ
2763 1078 2774 1091 ·
2805 1061 2883 1115 διὸ
2938 1062 3096 1115 πάλιν
3151 1059 3244 1113 τοῦ
3273 1058 3538 1129 στόματος
3566 1055 3743 1110 αὐτῶν
3774 1051 4110 1125 ὲμνημόνιυι

902 1149 990 1204 διὰ
1018 1150 1114 1213 τὰς
1147 1151 1264 1202 κατ’
1289 1149 1451 1203 αὑτοῦ
1483 1150 1767 1213 ἐπιϐουλάς
1794 1167 1853 1202 τε
1882 1153 1973 1203 καὶ
2007 1150 2256 1219 σκέψεις.-

976 1239 1039 1294 Ει
1058 1255 1190 1295 sane
1216 1226 1519 1309 cujusmodi
1550 1257 1711 1297 voces
1735 1244 1798 1295 ad
1827 1240 2077 1296 Pontium
2110 1241 2341 1296 Pilatum
2365 1249 2453 1297 to-

902 1338 991 1384 tus
1023 1328 1329 1383 Judaeorum
1364 1333 1593 1401 populus
1632 1342 1821 1385 contra
1864 1348 1986 1387 eum
2031 1333 2281 1399 ediderit,
2324 1350 2450 1388 nar-

905 1429 1026 1487 rant
1083 1421 1395 1492 Evangelia.
1455 1422 1607 1489 Quod
1655 1424 1781 1477 item
1851 1424 1906 1477 in
1961 1425 2221 1480 vicesimo
2277 1427 2451 1496 primo

902 1512 1109 1581 psalmo
1136 1512 1445 1567 declarabat
1467 1513 1652 1568 dicens
1680 1533 1693 1567 :
1720 1513 1979 1579 Quoniam
1999 1516 2450 1571 circumdederunt

900 1620 981 1657 me
1030 1621 1181 1657 canes
1234 1604 1415 1666 multi,
1473 1606 1749 1659 concilium
1796 1608 2201 1677 malignantium
2252 1608 2451 1664 obsedit

808 1708 811 1711 '
902 1712 981 1749 me
1001 1695 1066 1749 ’³.
1097 1693 1161 1747 Et
1184 1694 1296 1749 haec
1315 1698 1492 1749 omnia
1521 1696 1573 1750 in
1606 1707 1897 1751 memorata
1927 1700 2059 1753 urbe
2090 1700 2444 1770 gerebantur:

899 1803 1067 1857 quare
1109 1788 1162 1841 in
1209 1790 1457 1857 praesenti
1496 1790 1717 1853 dicitur,
1767 1789 2070 1859 Prwcipita,
2113 1791 2353 1854 Domine,
2397 1801 2447 1847 et

902 1880 1073 1933 divide
1106 1880 1308 1950 linguas
1352 1896 1551 1934 eorum.
1600 1880 1801 1935 Deinde
1832 1883 2111 1952 subjungit
2141 1902 2153 1937 :
2180 1883 2443 1948 Quoniam

901 1973 1005 2028 vidi
1044 1974 1369 2041 iniquitatem
1410 1982 1459 2024 et
1502 1972 1967 2026 contradictionem
1996 1974 2051 2026 in
2092 1975 2339 2028 civitate:
2365 1975 2448 2039 die

900 2079 964 2116 ac
1015 2072 1163 2116 nocte
1200 2062 1546 2115 circumdabit
1578 2080 1714 2129 eam,
1758 2071 1812 2119 et
1850 2072 2069 2130 extera;
2116 2080 2213 2135 pro
2249 2066 2449 2135 quibus

903 2152 1260 2225 Symmachus
1282 2154 1360 2208 sic
1384 2155 1781 2223 interpretatus
1796 2164 1878 2210 est
1901 2176 1914 2210 :
1940 2154 2200 2221 Quoniam
2222 2158 2327 2211 vidi
2344 2159 2451 2212 vio-

902 2245 1095 2298 lentam
1126 2244 1450 2314 iniquitatem
1481 2253 1528 2298 et
1564 2245 1878 2312 injustitiam
1920 2247 1974 2299 in
2020 2247 2246 2311 civitate,
2268 2247 2352 2301 die
2389 2266 2450 2302 ac

900 2345 1046 2390 nocte
1065 2336 1469 2391 circumdantem
1497 2353 1671 2392 muros
1692 2338 1825 2406 ejus,
1848 2337 2082 2391 dolorem
2115 2348 2162 2392 et
2186 2340 2449 2393 miseriam

901 2435 1041 2487 intra
1072 2435 1259 2501 ipsam,
1292 2435 1651 2502 improbitates
1692 2434 1835 2485 intra
1873 2434 2062 2500 ipsa‘m,
2102 2434 2451 2501 inseparabile

901 2542 935 2578 α
962 2524 1150 2593 plateis
1176 2524 1288 2591 ejus
1322 2523 1575 2576 damnum
1625 2533 1672 2576 et
1702 2523 1979 2576 insultum.
2020 2524 2327 2591 lniquitatis
2355 2541 2450 2578 au-

902 2621 1009 2668 tem
1057 2626 1218 2680 opera
1256 2618 1433 2673 erant.
1471 2610 1709 2686 admissa
1748 2611 1804 2665 in
1854 2610 2188 2666 Salvatorem
2222 2615 2446 2679 scelera,

900 2711 954 2756 et
982 2702 1217 2756 violenta
1264 2716 1389 2756 vere
1422 2701 1696 2771 iniquitas.
1728 2700 1871 2762 Nam
1899 2718 1992 2772 pro
2016 2719 2074 2756 eo
2124 2714 2178 2756 ut
2216 2721 2294 2759 me
2326 2705 2452 2758 diti.

901 2802 1095 2863 gerent,
1124 2792 1315 2861 inquit,
1336 2790 1673 2845 detrahebant
1702 2793 1828 2863 mihi
1845 2789 1863 2856 ξ
1897 2803 1945 2847 et
1970 2774 2251 2862 posuErunt
2278 2795 2450 2849 adrer-

902 2862 1018 2939 sum
1063 2901 1141 2938 me
1190 2884 1331 2937 mala
1390 2900 1482 2952 pro
1532 2882 1699 2947 bonis,
1742 2862 2004 2939 et‘odium
2043 2902 2137 2955 pro
2178 2886 2452 2940 dilectione

904 2993 1019 3031 mea
1038 2976 1105 3031 ".
1137 2974 1508 3029 Contradictio
1554 2984 1732 3027 autem
1774 2982 1827 3028 et
1860 2975 2126 3043 injustitia
2162 2976 2301 3044 apud
2332 2978 2451 3031 illos

901 3077 1039 3133 erat,
1068 3068 1255 3122 multis
1289 3066 1519 3121 testibus
1550 3074 1743 3121 contra
1777 3081 1898 3118 eum
1931 3065 2331 3132 accedentibus,
2370 3070 2452 3121 ni-

906 3159 1085 3228 hilque
1125 3172 1310 3211 verum
1361 3162 1452 3206 aut
1500 3162 1925 3209 consentaneum
1973 3156 2297 3213 dicentibus.
2328 3156 2451 3213 llaec

902 3261 1034 3301 vero
1072 3259 1177 3298 non
1210 3243 1297 3297 die
1340 3243 1533 3298 solum.
1590 3247 1682 3296 sed
1723 3254 1888 3316 noctu
1939 3260 2153 3315 quoque
2191 3248 2450 3317 gereban-
2478 3272 2518 3325 ε

903 3349 1013 3389 tur.
1047 3334 1138 3389 Sic
1161 3335 1303 3388 enim
1326 3342 1485 3387 noctu
1512 3348 1725 3399 quoque
1745 3332 1939 3388 Petrus
1964 3336 2211 3406 abnegat,
2238 3337 2453 3406 quando

903 3424 1071 3479 ludas
1118 3438 1239 3478 cum
1285 3423 1505 3477 latcrms
1554 3432 1606 3475 et
1652 3423 1990 3492 lampadibus
2034 3424 2284 3479 accessit.
2337 3424 2453 3479 Nox

907 3518 1032 3570 item
1065 3523 1181 3570 crat
1214 3531 1334 3569 cum
1373 3516 1533 3569 modo
1554 3518 1619 3567 ad
1648 3515 1879 3575 Annam,
1912 3514 2072 3569 modo
2102 3514 2167 3569 ad
2196 3501 2451 3586 Gaipham

907 3607 1246 3661 adducebant
1268 3622 1412 3667 eum,
1442 3606 1607 3661 nullis
1636 3621 1743 3659 non
1766 3606 2111 3659 contumeliis
2139 3606 2449 3660 allicientes.

912 3692 1064 3746 Mane
1093 3703 1264 3746 autem
1293 3696 1454 3761 facto,
1488 3694 1704 3762 ligantes
1729 3695 2056 3746 adduxerunt
2080 3710 2195 3747 eum
2212 3703 2259 3746 et
2286 3693 2454 3746 tradi-

910 3783 1093 3839 derunt
1127 3784 1301 3836 Pilato
1321 3786 1386 3846 ",
1406 3794 1457 3838 et
1490 3792 1682 3838 caetera
1704 3799 1821 3852 quae
1848 3786 2149 3852 passionem
2181 3791 2453 3854 spectant,

833 3903 837 3907 -
911 3883 1160 3944 egerunt.
1192 3873 1321 3939 Quae
1366 3876 1545 3928 omnia
1595 3876 1786 3943 spiritu
1817 3876 2157 3944 prospiciens
2197 3875 2455 3944 propheta

912 3967 992 4021 sic
1022 3963 1415 4019 vociferabatur
1442 3984 1455 4018 :
1490 3967 1744 4031 Quoniam
1774 3967 1877 4021 vidi
1904 3967 2229 4037 iniquitatem
2258 3977 2305 4020 et
2332 3984 2456 4019 con-

913 4054 1272 4109 tradictionem
1324 4056 1375 4107 in
1410 4056 1636 4119 civitate,
1680 4057 1761 4110 die
1802 4074 1863 4110 ac
1898 4066 2043 4111 nocte
2071 4046 2454 4110 circumdantos

868 4151 889 4169 °
913 4151 1101 4217 ipsam,
1136 4147 1433 4203 secundum
1466 4146 1867 4219 Symmachum.
1900 4149 1963 4202 Et
2003 4151 2116 4203 haec
2146 4149 2362 4219 quidem
2399 4150 2453 4202 in

912 4243 1146 4296 civitate.
1190 4241 1348 4296 Circa
1391 4255 1575 4294 muros
1607 4240 1727 4308 ejus
1775 4249 1949 4293 autem
1991 4241 2249 4309 iniquitas
2296 4251 2348 4296 et
2376 4243 2453 4295 la-

915 4333 1040 4396 bor;
1071 4332 1183 4385 sive
1213 4331 1509 4387 secundum
1532 4329 1935 4405 Symmachum,
1961 4331 2111 4387 dolor
2135 4341 2183 4384 et
2206 4322 2455 4405 miseria:

914 4421 1289 4491 signiﬁcatque
1312 4436 1374 4475 ea
1401 4435 1521 4489 qua
1557 4427 1708 4474 extra
1740 4404 1925 4473 urbem
1956 4430 2107 4489 gesta
2152 4430 2302 4483 sunt,
2334 4404 2455 4476 cum

912 4514 1200 4569 eilucenles
1254 4514 1431 4582 ipsum
1455 4512 1794 4568 adduxerunt
1820 4513 1872 4565 in
1908 4512 2085 4566 locum
2112 4512 2311 4567 dictum
2334 4512 2456 4568 Gol—

2622 1241 2730 1295 Kal
2744 1244 2772 1294 ὀ
2793 1243 2898 1305 πᾶς
2913 1241 2971 1294 δὲ
2985 1240 3091 1293 τῶν
3118 1239 3379 1300 Ἰουδαίων
3391 1236 3518 1300 λαὸς
3538 1234 3727 1296 ὁποίας
3746 1234 3835 1286 ἐπὶ
3862 1231 3955 1285 τοῦ
3974 1232 4103 1285 Πον-

2553 1334 2665 1385 τίου
2692 1333 2920 1385 Πιλάτου
2950 1335 3067 1386 κατ’
3084 1329 3246 1383 αὑτοῦ
3268 1331 3579 1399 προσήκατο
3598 1326 3801 1397 φωνὰς.
3821 1326 4021 1395 ἱστορεῖ
4041 1324 4111 1378 τὰ

2553 1426 2873 1495 Εὐαγγέλια.
2915 1428 2979 1479 Ὃ
3014 1424 3077 1493 δὴ
3110 1422 3201 1476 καὶ
3230 1421 3361 1474 αὐτὸ
3392 1421 3625 1491 παρίστη
3652 1420 3708 1471 ὲν
3735 1421 3833 1471 καθ
3854 1414 4054 1486 ψαλμῷ
4081 1416 4112 1469 6

2552 1498 2747 1571 εἰπών·
2793 1519 2919 1570 Ὀτι
2962 1512 3310 1569 ἐκύκλωσάν
3346 1530 3422 1581 με
3450 1513 3629 1577 κύνες
3658 1509 3872 1565 πολλοὶ
3898 1548 3913 1572 ,
3959 1524 4108 1562 συν-

2554 1608 2749 1677 αγωγὴ
2792 1604 3283 1673 πονηρευομένων
3332 1602 3651 1673 περιέσχον
3675 1618 3769 1671 με.
3800 1601 3909 1653 Καὶ
3937 1598 4109 1651 ταῦτα

2553 1702 2726 1755 πάντα
2750 1702 2807 1754 ὲν
2824 1702 2889 1770 τῇ
2910 1698 3205 1769 δηλουμένῃ
3229 1697 3523 1767 ἐπράττετο
3546 1694 3730 1748 πόλει-
3758 1692 3837 1745 διὸ
3862 1691 4109 1744 λέλεκται

2550 1794 2607 1847 ὲν
2635 1797 2743 1857 τοῖς
2773 1792 3179 1863 προκειμένοις⁶
3229 1792 3708 1849 Καταπόντισον.
3757 1788 3961 1855 Κύριε,
4013 1783 4111 1837 καί

2549 1886 2856 1939 καταδίελε
2886 1883 2990 1951 τὰς
3013 1882 3293 1953 γλώσσας
3313 1880 3525 1935 αὐτῶν.
3558 1876 3665 1934 Εἶτ’
3690 1878 3925 1945 ἐπιλέγει
3948 1893 3963 1907 ·
3992 1877 4109 1928 Ὀτι

2546 1974 2707 2031 εἶδον
2735 1977 2989 2045 ἀνομίαν
3014 1974 3109 2027 καί
3148 1972 3493 2041 ἀντιλογίαν
3528 1972 3599 2023 ἐν
3623 1969 3696 2039 τῇ
3727 1972 3929 2023 πόλει·
3966 1966 4109 2037 ἡμέ-

2539 2086 2652 2135 ρας
2673 2069 2769 2122 καί
2796 2066 3015 2133 νυκτὸς
3040 2063 3337 2119 κυκλώσει
3359 2060 3551 2128 αὐτὴν
3566 2101 3581 2125 ,
3608 2060 3787 2113 καὶτὰ
3810 2059 3935 2131 ἑξῆς
3953 2075 3966 2089 ⁸
3992 2056 4108 2111 ἀνθ’

2546 2153 2620 2214 ὧν
2647 2161 2675 2212 ὁ
2714 2159 3003 2231 Σύμμαχος
3037 2155 3223 2210 τοῦτον
3257 2154 3564 2225 ἡρμήνευσε
3598 2150 3689 2204 τὸν
3710 2150 3910 2221 τρόπον
3930 2165 3944 2179 ”
3981 2149 4109 2202 ὀτι

2548 2250 2845 2319 ἐθεώρησα
2882 2250 3088 2314 ,ϐίαιον
3139 2246 3379 2301 ἀδικίαν
3431 2242 3532 2297 καὶ
3583 2240 3903 2296 ἀδίκασίαν
3930 2240 4001 2294 ἐν
4036 2237 4110 2307 τῇ

2548 2343 2753 2404 πόλει,
2812 2339 3035 2408 ἡμέρας
3064 2338 3160 2392 καὶ
3194 2335 3413 2401 νυκτὸς
3447 2333 3787 2387 κυκλοῦντο
3812 2328 4002 2398 αὐτῆς
4041 2333 4112 2385 τὰ

2547 2433 2733 2502 τείχη,
2761 2431 2983 2498 ὀδύνην
3000 2430 3095 2483 καὶ
3124 2424 3517 2495 ταλαιπωρίαν
3537 2423 3716 2479 ἔνδον
3736 2420 3942 2489 αὐτῆς,
3965 2423 4110 2489 ἐπη-

2540 2523 2707 2591 ρείας
2730 2520 2907 2575 ἔνδον
2930 2517 3119 2587 αὐτῆς
3144 2558 3158 2581 ,
3180 2514 3513 2586 ἀχώριστον
3535 2512 3652 2567 ἀπὸ
3679 2510 3797 2565 τῶν
3819 2508 4115 2564 πλατειῶν

2548 2614 2735 2682 αὐτῆς
2781 2612 2990 2683 ὥρμίαν
3019 2609 3123 2663 καί.
3144 2609 3434 2661 ἐπίθεσιν.
3510 2604 3763 2675 Ἀνομίας
3792 2601 3849 2656 δὲ
3880 2603 4014 2673 ἔργα
4043 2598 4111 2673 ἦν

2546 2707 2614 2760 τὰ
2643 2707 2780 2758 κατὰ
2806 2702 2897 2755 τοῦ
2927 2701 3173 2771 Σωτῆρος
3200 2696 3542 2767 τολμώμενα.
3570 2694 3662 2748 καὶ
3694 2694 3867 2765 βίαιος
3889 2693 3963 2757 ὡς
3988 2693 4113 2764 ἀλη-

2550 2798 2655 2861 θῶς
2682 2796 2877 2849 ἀδικία.
2920 2794 3067 2846 Ἀντὶ
3085 2792 3189 2863 γὰρ
3213 2789 3318 2845 τοῦ
3349 2775 3603 2858 ἀγαπᾷν,
3619 2788 3800 2859 φησὶν,
3820 2784 4115 2840 ἐνδιέϐαλ-

2547 2891 2660 2942 Mr
2687 2902 2787 2955 με·
2825 2886 2919 2938 καὶ
2952 2884 3153 2938 ἔθεντο
3187 2884 3314 2935 κατ’
3344 2879 3485 2950 ἐμοῦ
3513 2879 3664 2932 κακὰ
3694 2877 3828 2932 ἀντι
3856 2878 4111 2948 ἀγαθῶν,

2549 2977 2643 3031 καί
2662 2977 2838 3046 μῖσος
2856 2974 2987 3028 ἀντὶ
3008 2973 3115 3040 τῆς
3134 2970 3634 3056 ἀγαπήσεώςρμου.
3666 2970 3961 3038 ’Δντιλογία
3975 2970 4031 3023 δὲ
4044 2966 4113 3040 ἦν

2550 3068 2606 3119 ὲν
2624 3067 2803 3128 αὑτοῖς
2832 3065 2923 3117 καὶ
2946 3062 3195 3116 άδικασία
3221 3100 3235 3123 ,
3266 3060 3472 3113 πολλῶν
3501 3058 3789 3129 μαρτύρων
3808 3059 4113 3130 παριόντων

2551 3156 2669 3207 κατ’
2685 3152 2867 3216 αὑτοῦ,
2890 3153 2981 3205 καὶ
3003 3150 3168 3222 μηδὲν
3188 3149 3381 3220 ἀληθὲς
3394 3148 3679 3219 σύμφωνον
3694 3148 3977 3217 λεγόντων.
4003 3149 4113 3201 Καὶ

2550 3244 2722 3297 ταῦτα
2755 3242 3049 3314 ἐπράττετο
3091 3241 3150 3293 οὐ
3184 3239 3249 3292 δι’
3282 3238 3491 3309 ἡμέρας
3524 3238 3706 3307 μόνον,
3743 3237 3877 3291 ἀλλὰ
3903 3237 3997 3290 καὶ
4028 3236 4116 3290 διὰ

2558 3334 2771 3396 νυκτός.
2807 3331 2961 3385 Οὕτω
2981 3331 3086 3401 γὰρ
3109 3330 3165 3382 ὲν
3184 3329 3335 3382 νυκτὶ
3352 3328 3552 3398 Πέτρος
3577 3329 3814 3398 ἀρνεῖται
3834 3367 3849 3391 ,
3874 3327 3961 3379 ὅτε
3993 3327 4116 3392 Ἰού,

2551 3425 2643 3488 δας
2673 3411 2805 3493 μετὰ
2838 3419 3016 3491 φανῶν
3040 3422 3131 3474 καὶ
3160 3420 3457 3490 λαμπάδων
3482 3418 3659 3489 ἐπῄει.
3707 3416 3865 3489 Ἀλλὰ
3893 3419 3987 3471 καὶ
4019 3415 4114 3483 νὺξ

2550 3511 2616 3585 ἦν
2660 3515 2744 3566 ὅτε
2772 3514 2979 3582 ἀπῆγον
3007 3513 3165 3566 αὒτὸν
3193 3511 3319 3570 ποτὲ
3354 3512 3450 3583 μὲν
3478 3510 3613 3581 πρὸς
3640 3511 3867 3573 Ἀνναν,
3898 3510 4027 3563 ποτὲ
4055 3509 4113 3563 δὲ

2553 3606 2645 3657 καὶ
2686 3605 2819 3675 πρὸς
2850 3604 3134 3671 Καϊάφαν,
3184 3602 3370 3673 ὕϐρεσι
3415 3603 3687 3666 παντοίαις
3737 3600 4109 3672 ἀτιμάζοντες.

2554 3699 2777 3763 Πρωτας
2794 3714 2854 3749 τε
2882 3695 3222 3765 γενομένης,
3241 3693 3535 3759 δήσαντες
3558 3694 3743 3747 αὐτὸν
3764 3694 3991 3763 mitra?
4014 3696 4107 3747 καὶ

2554 3787 2899 3856 παρέδωκαν
2917 3786 3168 3849 Πιλὰτῳ,
3192 3786 3259 3837 τά
3284 3800 3337 3835 τε
3371 3784 3509 3836 κατά
3539 3784 3600 3836 τὸ
3630 3784 3796 3847 πάθος
3830 3785 4106 3855 ἐνήργουν.

2560 3880 2625 3931 "A
2654 3878 2716 3949 δὴ
2746 3879 2921 3932 πάντα
2948 3875 3025 3947 τῷ
3071 3874 3335 3944 πνεύματι
3367 3872 3595 3944 προϊδὼν
3628 3875 3657 3926 ὁ
3684 3875 3962 3945 προφήτης
3982 3913 3995 3933 .
4021 3875 4102 3926 ἀνι

2554 3970 2745 4038 εφώνει
2775 3970 2963 4037 λέγων·
3018 3968 3145 4020 Ὀτι
3186 3962 3346 4019 εἶδον
3370 3966 3620 4035 ἀνομίαν
3644 3966 3741 4018 καί
3766 3966 4113 4035 ἀντιλογίαν

2553 4060 2621 4112 ἐν
2647 4058 2717 4126 τῇ
2734 4062 2903 4113 πόλει
2920 4058 3138 4128 ἡμέρας
3161 4058 3257 4111 καὶ
3286 4056 3500 4121 νυκτὸς
3525 4056 3865 4111 κυκλοῦντο
3893 4057 4107 4125 aurbus

2556 4149 2693 4202 κατὰ
2712 4151 2801 4203 τὸν
2819 4150 3128 4220 Σύμμαχον.
3156 4150 3264 4201 Καὶ
3282 4147 3449 4201 ταῦτα
3479 4149 3573 4218 μὲν
3602 4151 3657 4201 ἐν
3679 4150 3743 4219 τῇ
3773 4149 3953 4201 πόλει·
3981 4151 4107 4222 περὶ

2555 4238 2612 4291 δὲ
2643 4238 2708 4290 τὰ
2727 4238 2876 4308 τείχη
2906 4239 3075 4307 αὐτῆς
3102 4238 3296 4308 ἀνομία
3317 4240 3408 4290 καὶ
3426 4240 3607 4303 κόπος,
3631 4238 3686 4309 ἢ,
3704 4238 3843 4292 κατὰ
3864 4238 3951 4291 τὸν
3972 4239 4109 4309 Σύμ-

2558 4345 2726 4399 μαχον
2750 4369 2763 4393 ,
2812 4328 2995 4396 ὀδύνη
3026 4329 3123 4382 καί
3154 4330 3530 4395 ταλαιπωρία.
3557 4328 3815 4399 Σημαίνει
3847 4328 3903 4382 δὲ
3926 4330 3992 4382 τά
4026 4332 4112 4382 ὲκ-

2554 4420 2644 4484 τὸς
2673 4420 2769 4488 τῆς
2798 4419 3001 4483 πόλεως
3030 4417 3385 4489 πεπραγμένα
3405 4456 3419 4480 ,
3458 4418 3688 4488 ὁπηνίκα
3715 4418 4110 4488 κατεξαγαγόν-

2554 4528 2643 4575 τες
2688 4511 2844 4565 αὑτὸν
2876 4512 3075 4581 ἦγαγον
3107 4510 3186 4572 είς
3214 4509 3303 4562 τὸν
3352 4509 3635 4578 λεγόμενον
3666 4510 3828 4565 τόπον
3852 4508 4105 4578 Γολγοθά.

914 4604 1093 4673 gotha.
1137 4600 1202 4654 Et
1234 4616 1353 4671 quae
1394 4602 1529 4657 loris
1578 4612 1695 4655 acta
1739 4610 1866 4659 sunt
1919 4602 2047 4656 talia
2086 4605 2271 4669 erant,
2300 4606 2451 4673 plena
2487 4610 2527 4663 ι)
2555 4606 2633 4659 Κα

2389 4620 2451 4658 na
2487 4610 2527 4663 ι)
2555 4606 2663 4659 Kal
2680 4606 2745 4658 τὰ
2776 4605 2871 4675 μὲν
2896 4603 3000 4671 ἔξω
3019 4602 3240 4656 τοιαῦτα
3258 4597 3346 4671 ἦν,
3376 4600 3547 4672 μεστὰ
3571 4600 3781 4671 ἀληθῶς
3806 4600 3996 4670 ὀδύνης
4016 4602 4108 4653 καὶ

915 4704 1045 4744 sane
1078 4689 1266 4743 dolore
1305 4704 1369 4742 ac
1403 4691 1617 4761 miseria
1646 4707 1801 4761 :qua:
1830 4708 1956 4745 vero
1989 4693 2155 4753 intus.
2197 4694 2455 4761 improbi-

917 4788 1048 4842 tate,
1083 4779 1278 4847 inquit,
1305 4778 1503 4832 damno
1530 4786 1584 4832 et
1614 4780 1816 4834 insullu
1844 4783 2037 4851 repleta
2067 4783 2207 4847 vidi;
2238 4783 2459 4851 injustia

918 4868 989 4921 tia
1013 4868 1137 4921 item
1168 4869 1222 4921 in
1254 4867 1430 4921 medio
1452 4868 1591 4937 ejus,
1620 4881 1669 4922 et
1699 4885 1799 4921 non
1836 4870 2018 4937 defecit
2048 4887 2111 4925 ea:
2132 4872 2317 4939 plateis
2344 4872 2456 4941 ejus

919 4973 1080 5011 usura
1094 4968 1142 5011 et
1173 4958 1360 5020 dolus;
1384 4973 1480 5027 pro
1506 4976 1614 5029 quo
1636 4960 1849 5029 Aquila,
1882 4960 2105 5013 debitum
2131 4972 2180 5015 et
2209 4962 2458 5015 insultum

920 5047 1302 5118 interpretatus
1324 5058 1443 5113 est;
1475 5049 1830 5121 Symmachus
1854 5065 2004 5111 vero,
2026 5050 2275 5105 damnum
2303 5066 2353 5106 et
2376 5055 2457 5106 in-

920 5136 1137 5193 sultum.
1169 5138 1324 5195 Omni
1357 5142 1555 5211 quippe
1585 5143 1847 5195 malorum
1881 5156 2074 5210 genere
2104 5144 2457 5211 implebantur

924 5229 1015 5299 qui
1044 5228 1270 5286 insidias
1294 5232 1351 5287 in
1375 5230 1709 5285 Salvatorem
1737 5239 1980 5286 nostrum
2009 5242 2341 5290 struxerunt.

992 5402 1156 5462 Vnus.
1187 5407 1372 5483 1345.
1434 5410 1694 5475 Quoniam
1726 5409 1785 5461 si
1824 5410 2066 5463 inimicus
2113 5425 2254 5463 meus
2299 5411 2462 5465 male-

922 5496 1141 5553 dizisset
1179 5499 1327 5564 mihi,
1365 5501 1724 5574 sustinuissent
1751 5499 1957 5568 utique;
1982 5508 2030 5554 et
2057 5500 2103 5553 si
2130 5500 2197 5561 is,
2230 5501 2315 5569 qui
2346 5501 2461 5555 ode-

925 5597 1010 5641 rat
1044 5604 1141 5651 me,
1174 5605 1325 5657 super
1353 5604 1429 5641 me
1469 5604 1656 5653 magna
1689 5588 1890 5643 locutus
1923 5591 2125 5658 luisset,
2156 5590 2457 5645 abscondis-

927 5696 1034 5735 sem
1054 5695 1134 5733 nte
1148 5681 1370 5749 forsitan
1398 5678 1462 5733 ab
1485 5695 1565 5734 eo.
1590 5679 1669 5733 Tu
1696 5696 1833 5744 vero,
1860 5664 2009 5743 homo
2044 5681 2324 5747 unanimis,
2352 5682 2459 5735 dua:

2548 4694 2913 4763 ταλαιπωρίας
2938 4710 2950 4722 ·
2972 4693 3130 4745 πάλιν
3144 4690 3199 4743 δὲ
3214 4692 3280 4742 τά
3296 4688 3437 4742 ἔνδον
3451 4691 3619 4760 αὐτῆς
3638 4730 3651 4751 ,
3674 4690 3949 4759 ἐπηρείας.
3975 4689 4107 4758 φησι

2550 4787 2643 4839 καὶ
2693 4784 2889 4856 ζημίας
2920 4766 3013 4837 καὶ
3057 4781 3347 4845 ἐπιθέσεως
3393 4778 3530 4833 εἶδον
3577 4770 3779 4851 μεστά·
3818 4779 3998 4831 ἀδικία
4046 4795 4107 4830 τε

2550 4868 2616 4942 ἦν
2641 4872 2697 4923 ἑν
2723 4873 2868 4941 μέσῳ
2893 4870 3064 4938 αὐτῆς
3083 4908 3099 4931 ,
3139 4869 3234 4922 καὶ
3264 4871 3373 4923 οὐκ
3404 4867 3679 4931 ἐξέλιπεν
3713 4866 3780 4918 ἐκ
3814 4864 3935 4939 τῶν,
3953 4869 4105 4920 πλα-

2553 4959 2721 5015 τειῶν
2732 4960 2915 5028 αὐτῆς
2940 4961 3114 5025 τόκος
3130 4958 3420 5025 καίδόλος
3438 4976 3451 4989 ’
3472 4952 3588 5011 ἀνθ’
3603 4950 3664 5009 οὗ
3683 4958 3711 5008 ὁ
3732 4957 3829 5027 μὲν
3857 4955 4105 5020 Ἀκύλας,

2555 5049 2789 5119 ὄφλημα
2818 5051 2913 5103 καί
2943 5040 3227 5112 ἐπίθεσιν,
3261 5049 3628 5119 ήρμήνευσενο
3664 5049 3692 5099 ὁ
3718 5044 3773 5099 δὲ
3797 5044 4104 5117 Σύμμαχος,

2558 5138 2761 5207 ζημίαν
2775 5142 2870 5194 καὶ
2891 5142 3175 5194 ἐπίθεσιν.
3203 5139 3422 5192 Πάντων
3440 5136 3547 5206 γὰρ
3564 5135 3736 5205 πεπλή
3745 5152 3910 5207 ρωντο
3923 5138 4107 5190 κακῶν
4134 5188 4139 5191 ,

2557 5230 2605 5281 οἱ
2638 5229 2733 5299 τὴν
2773 5231 2913 5284 κατὰ
2947 5231 3037 5284 τοῦ
3068 5230 3311 5300 Σωτῆρος
3349 5227 3500 5299 ἡμῶν
3528 5226 3809 5300 ἐπιϐουλὴν
3842 5245 4105 5284 συσκευα-

2562 5320 2797 5390 σάμενοι.
3056 5327 3059 5329 “

2634 5413 2778 5475 Ὅτι,
2810 5416 2858 5465 εί
2882 5412 3090 5481 ἐχθρὸς
3116 5409 3383 5464 ὠνείδισέ
3414 5427 3518 5483 με,
3547 5409 3850 5480 ὑπήνεγκα
3880 5410 3976 5473 ἂν,
4009 5410 4105 5470 καὶ

2560 5505 2611 5555 sl
2638 5506 2669 5555 ό
2694 5503 2886 5572 μισῶν
2907 5522 2984 5573 με
3010 5505 3101 5556 ἐπ’
3133 5501 3235 5571 ἐμὲ
3259 5490 4104 5571 ἐμεγαιορῤτυιόνησεν,ὲκρύ-

2565 5595 2676 5659 θην
2700 5592 2777 5646 ἂν
2805 5592 3125 5648 ἀπἀὐτοῦ.
3148 5591 3230 5644 Σὺ
3260 5591 3346 5658 δὲ,
3374 5592 3641 5659 ἄνθρωπε
3672 5592 3944 5659 imm-oga.
3974 5591 4102 5657 ἠγε-

2558 5682 2686 5754 μών
2878 5683 2973 5738 καὶ
3005 5682 3228 5751 τνωστέ
3245 5700 3384 5751 μου,
3418 5682 3485 5746 ὃς
3511 5682 3607 5735 ἐπὶ
3633 5680 3696 5737 τὸ
3733 5680 3878 5735 αὐτὸ
3897 5680 4099 5736 ἐλίπο-

970 5857 1041 5917 ,⁹⁸
1079 5855 1222 5913 Psal.
1254 5873 1378 5922 ιιι,
1412 5859 1496 5920 l3,
1528 5862 1608 5914 14.
1684 5860 1728 5891 ’³
1767 5860 1895 5925 ibid.
1937 5861 2015 5916 Π.
2092 5863 2136 5895 ³⁸
2175 5861 2317 5918 Psal.
2351 5880 2511 5930 cvm,
2544 5864 2598 5930 ι,
2622 5864 2672 5918 5.

1693 5860 1728 5891 ’³
1767 5860 1895 5925 ibid.
1937 5861 2015 5916 Π.
2092 5863 2136 5895 ³⁸
2175 5861 2317 5918 Psal.
2351 5880 2511 5930 cvm,
2544 5864 2672 5930 1,5.
2749 5866 2789 5896 ⁸⁷
2835 5862 3021 5920 Matth.
3059 5876 3228 5924 um,
3276 5861 3325 5927 l,
3360 5859 3412 5912 2.
