4354 6460
266 480 372 537 485

1379 476 1878 538 COMMENTARIA
1917 476 1980 531 IN
2008 481 2346 539 PSALMOS.

3363 500 3468 555 680

269 607 554 676 θαυμαστὰ
585 607 679 661 καὶ
703 605 994 676 παράδοξα.
1048 605 1334 676 Διό-φημι·
1397 607 1680 674 Ἐσπέρας
1716 598 1811 658 καί
1844 607 1889 660 Λ
1916 603 1988 656 ἀί(

1748 598 1811 658 az
1844 607 1889 660 Λ
1916 603 2039 656 dico
2066 625 2078 657 :
2109 605 2323 674 Vespere
2350 617 2399 661 et
2429 615 2577 674 mane
2603 619 2651 664 et
2676 611 2904 678 meridie,
2937 617 3165 672 narrabo
3192 628 3242 672 et
3264 637 3467 676 annun-

268 700 414 767 πρωὶ
447 699 548 753 καὶ
572 700 939 768 μεσημϐρίας
961 681 1323 766 ¹διηγήσομαι
1356 699 1451 753 καί
1485 699 1816 766 ἀπαγγελῶ.

280 793 444 863 Ἐμοῦ
471 792 526 846 δέ
556 792 732 847 ταῦτα,
752 791 976 860 βοῶντος
1004 794 1081 854 είς
1107 792 1310 852 πάντας
1335 791 1478 856 ἐξότε
1508 793 1601 846 καὶ
1634 792 1822 862 μέχρις

269 884 504 953 ἑσπέρας
526 923 541 945 ,
575 885 633 936 ὲν
673 886 818 956 αὑτῷ
856 904 915 938 τε
947 884 1022 953 τῷ
1059 884 1405 952 ἀκμαιοτάτῳ
1436 884 1572 950 φωτὶ
1601 884 1698 953 τῆς
1736 901 1823 952 με-

270 972 572 1043 σημϐρινῆς
627 974 837 1045 ἡμέρας
867 974 934 1026 τά
987 973 1226 1042 σωτήρια
1276 972 1402 1040 τέλη
1434 972 1819 1042 κηρύττοντος,

267 1065 679 1117 είσακούσεται
698 1065 806 1132 τῆς
832 1065 1032 1132 φωνῆς
1050 1082 1166 1132 μου
1185 1066 1212 1116 6
1236 1051 1434 1133 ταύτης
1455 1063 1554 1130 τῆς
1573 1063 1824 1130 γνώσεως

269 1153 630 1218 καταξιώσας·
652 1154 745 1206 καὶ
765 1154 942 1206 οὐκέτι
968 1154 1064 1222 μὲν
1079 1152 1431 1221 ταράττεσθαι
1454 1154 1508 1206 ἐν
1532 1153 1652 1222 ἐμοὶ
1675 1152 1821 1204 ἐάσει

266 1241 365 1309 τὴν
394 1241 618 1312 καρδίαν
653 1260 754 1312 μου
774 1281 788 1306 ,
831 1243 950 1294 οὐδὲ
981 1242 1078 1312 τὴν
1105 1240 1298 1293 δειλίαν
1323 1241 1415 1293 τοῦ
1449 1240 1672 1293 θανάτου
1702 1243 1822 1292 ἐπι-

268 1333 478 1385 κεῖσθαί
511 1351 620 1403 μοι.
650 1333 831 1387 Ταῦτα
849 1333 903 1386 δὲ
920 1334 1093 1386 πάντα
1111 1331 1441 1402 παραγαγὼν
1464 1373 1476 1394 ,
1497 1335 1590 1385 καὶ
1610 1333 1823 1386 διασκε-
1840 1357 1854 1370 ο

265 1425 432 1487 δάσας
453 1426 551 1495 τῆς
587 1427 723 1496 ἐμῆς
761 1425 965 1496 ψυχῆς,
1001 1424 1325 1495 λυτρὼσεται
1352 1425 1517 1495 αὐτὴν
1544 1426 1600 1475 ἐν
1633 1426 1820 1497 εἰρήνῃ

265 1519 372 1570 ἀπὸ
389 1518 496 1570 τῶν
513 1517 755 1588 θορυϐεῖν
773 1518 940 1587 αὐτὴν
958 1517 1259 1570 ἐθελόντων.
1284 1499 1374 1568 Διό
1406 1533 1562 1586 φημι·
1593 1517 1820 1584 Λυτρώ-

265 1623 432 1663 σεται
455 1608 568 1675 τὴν
587 1607 795 1676 ψυχήν
814 1625 934 1676 μου
958 1607 1026 1660 ἐν
1055 1609 1257 1675 εἰρήνῃ
1284 1606 1400 1660 ἀπὸ
1430 1607 1544 1658 τῶν
1570 1607 1820 1675 ἐγγιζόν-

264 1717 381 1752 των
405 1716 508 1768 μοι
527 1715 541 1728 ·
574 1697 662 1750 ὅτι
685 1699 754 1751 ἐν
798 1697 1049 1763 πολλοῖς
1076 1695 1237 1766 ἦσαν
1281 1697 1399 1750 σὺν
1428 1696 1585 1764 ἐμοί’
1617 1695 1730 1747 ἀνθ’
1760 1692 1819 1749 οὗ

264 1789 520 1856 ἐξέδωκεν
532 1791 559 1842 ὁ
573 1788 862 1859 Σύμμαχος
879 1805 892 1818 ⁸
913 1789 1246 1842 Πο.1λοστοὶ
1261 1788 1369 1856 γὰρ
1383 1787 1654 1856 ἐγένοντο
1674 1785 1820 1853 πρὸς

263 1881 384 1950 ἐμέ.
446 1883 510 1934 Οἱ
534 1881 643 1951 γὰρ
689 1881 957 1948 θορυϐεῖν
989 1862 1296 1944 ἐθέλοκτές
1319 1898 1434 1946 μου
1463 1879 1576 1945 τὴν
1613 1877 1820 1946 ψυχήν

255 1989 376 2040 μου
400 1969 649 2040 βραχεῖς
691 1987 849 2036 τινες
878 1966 1071 2039 ἦσαν,
1105 1970 1210 2034 οὓς
1241 1973 1273 2022 ὁ
1303 1971 1445 2036 Θεὸς
1475 1975 1507 2024 ὁ
1537 1970 1648 2037 πρὸ
1701 1969 1817 2022 τῶν

261 2055 800 2130 αιάγνω’ὑπὰρχων
827 2060 1172 2116 ταπεινώσει
1194 2099 1208 2125 ,
1241 2057 1351 2129 τῆς
1379 2060 1527 2130 ἐμῆς
1556 2060 1814 2131 κραυγῆς

261 2154 625 2218 ἐπακούσας.

331 2243 516 2296 Ταῦτα
546 2243 646 2314 μὲν
669 2238 772 2297 οὖν
792 2242 867 2307 ὡς
898 2241 990 2296 τοῦ
1021 2244 1300 2314 Προφήτου
1333 2241 1391 2308 ἐξ
1421 2243 1618 2296 οἰκείου
1650 2257 1819 2313 προσ-

260 2331 410 2390 ὠπου
440 2335 538 2399 τὰς
571 2335 931 2408 προκειμένας
966 2335 1144 2403 φωνὰς
1171 2334 1652 2405 προενηνεγμένου.
1681 2336 1742 2400 El
1764 2335 1820 2387 δὲ

261 2426 321 2492 ἐξ
351 2426 514 2481 αὑτοῦ
539 2426 633 2480 τοῦ
662 2426 910 2497 Σωτῆρος
931 2424 1100 2480 ταῦτα
1131 2426 1338 2493 λέγοιτο
1368 2425 1454 2478 διὰ
1483 2410 1577 2484 τοῦ
1608 2442 1819 2496 προφη-

257 2515 413 2571 τικοῦ
441 2516 764 2586 πνεύματος,
794 2515 1089 2586 ἐπειδήπερ
1117 2513 1177 2578 ἐξ
1207 2513 1371 2567 αὐτοῦ
1401 2514 1612 2581 ἐλέγετο
1641 2515 1720 2575 τὸ,
1753 2515 1822 2567 Ei

257 2607 472 2677 ἐχθρὸς
514 2604 785 2660 ὠνείδισέ
807 2623 884 2674 με
906 2645 921 2669 ,
953 2604 1263 2673 ὑπήνεγκα
1293 2604 1369 2658 ἂν
1391 2646 1406 2668 ,
1453 2605 1546 2657 καὶ
1576 2605 1644 2658 τὰ
1674 2605 1816 2674 ἑξῆς,

258 2698 564 2759 ἀκολούθως
596 2698 689 2750 καὶ
725 2693 894 2748 ταῦτα
934 2696 1155 2766 φήσειεν
1201 2693 1267 2747 ἂν
1305 2691 1335 2744 6
1363 2694 1582 2768 Σωτήρο
1643 2694 1762 2744 Ὀτι
1789 2694 1817 2743 6

261 2789 358 2860 μὲν
382 2789 480 2840 οὐκ
505 2786 695 2858 ἐχθρδς
713 2826 728 2850 ,
760 2785 894 2839 ἀλλὰ
924 2784 1075 2853 φίλος
1093 2801 1108 2815 ·
1140 2785 1232 2838 καὶ
1258 2783 1354 2854 οὐχ
1382 2784 1412 2834 6
1445 2781 1615 2852 μισῶν
1639 2821 1654 2844 ,
1702 2781 1816 2834 ἀλλ’

256 2881 285 2932 6
319 2876 498 2948 μικρῷ
531 2876 762 2949 πρόσθεν
798 2866 1053 2944 ἀγαπῶν,
1079 2873 1305 2927 τοιαῦτα
1328 2873 1446 2945 κατ’
1475 2871 1606 2942 ἐμοῦ
1638 2871 1816 2923 τετόλ-

261 2986 453 3041 μηκεν.
522 2949 663 3039 Ἐγὼ
703 2967 760 3021 δὲ
792 2968 949 3020 πλέον
991 2966 1145 3018 οὐδὲν.
1168 2965 1436 3037 ἔπραττον
1457 3007 1471 3031 ,
1507 2964 1620 3017 ἀλλ’
1649 2963 1815 3016 ἐὸόων

257 3061 394 3133 πρὸς
425 3061 518 3113 τὸν
544 3059 674 3113 Θεόν
693 3077 706 3090 ο
735 3053 876 3129 εἶχόν
909 3075 966 3111 τε
996 3058 1155 3111 αὐτὸν
1182 3054 1269 3110 οἷα
1311 3056 1528 3127 Πατέρα
1556 3056 1809 3125 ἐπήκοον.

269 3149 428 3224 Ἀλλά
455 3150 548 3204 καὶ
576 3151 624 3203 οί
652 3150 749 3220 μὲν
771 3147 1120 3216 ἐπεϐούλευον
1142 3147 1286 3217 ἐμοὶ,
1303 3152 1331 3200 6
1355 3145 1412 3199 δέ
1434 3144 1600 3209 ἐσωξέ
1628 3159 1714 3212 με·
1738 3144 1817 3197 διὸ

1921 692 2082 745 tiabo.
2131 693 2211 748 Me
2259 705 2438 750 autem
2485 699 2611 752 talia
2660 703 2910 757 omnibus
2951 705 3216 760 clamante
3259 724 3322 763 ex
3369 713 3468 764 hac

1920 777 2050 830 hora
2074 778 2253 850 usque
2293 783 2358 836 ad
2392 800 2692 854 vesperam,
2735 798 2894 859 atque
2929 792 2981 844 in
3029 795 3467 861 splendidissima

1919 866 2044 922 luce
2094 879 2146 923 et
2202 874 2253 924 in
2302 875 2528 929 meridie
2565 877 2854 932 salutarem
2905 879 3061 934 finem
3117 887 3463 951 praedicante,

1918 961 2160 1013 exaudiet
2199 978 2366 1015 vocem
2398 980 2587 1030 meam,
2631 970 2722 1036 qui
2754 971 2848 1022 tali
2877 985 2959 1025 me
2989 975 3177 1027 notitia
3209 976 3466 1046 dignatus

1921 1058 2239 1120 est'neque
2290 1055 2430 1108 sinet
2462 1058 2600 1110 ultra
2632 1060 2836 1112 turbari
2886 1062 2940 1116 in
2989 1079 3074 1116 me
3123 1080 3218 1118 cor
3263 1083 3461 1131 meum,

1921 1155 2096 1209 neque
2148 1142 2488 1199 formidinem
2529 1150 2718 1204 mortis
2759 1152 2961 1208 instare
2993 1157 3140 1212 mihi.
3183 1156 3277 1212 llis
3303 1173 3470 1227 porro

1920 1231 2173 1285 omnibus
2201 1233 2446 1288 abductis
2464 1245 2515 1289 et
2534 1237 2811 1308 dissipatis
2849 1257 2914 1296 ex
2951 1246 3128 1299 anima
3155 1262 3290 1311 mea,
3319 1249 3468 1304 redi-

1919 1327 2027 1372 met
2059 1335 2176 1374 eam
2217 1323 2268 1374 in
2314 1339 2444 1401 pace
2508 1327 2575 1379 ab
2609 1328 2678 1382 iis
2721 1332 2812 1399 qui
2855 1347 2970 1385 eam
3016 1338 3336 1394 conturbare
3377 1355 3484 1393 vo--

1922 1410 2135 1466 luerint.
2170 1412 2349 1478 Quare
2370 1418 2492 1471 dico
2520 1437 2530 1470 :
2560 1418 2786 1474 Redimet
2821 1425 2873 1476 in
2893 1440 3018 1491 pace
3047 1430 3275 1481 animam
3300 1448 3466 1484 meum

1921 1498 1984 1549 ab
2016 1499 2101 1561 iis,
2141 1503 2230 1568 qui
2272 1507 2691 1576 appropinquant
2715 1511 2875 1575 mihi;
2904 1519 3148 1581 quoniam
3179 1517 3310 1572 inter
3329 1521 3466 1572 mul-

1920 1597 1997 1641 tos
2027 1600 2177 1642 erant
2201 1595 2529 1649 meeum.Pro
2554 1614 2661 1665 quo
2693 1598 3046 1669 Symmachus
3075 1607 3243 1660 edidit
3267 1605 3466 1665 {Multi

1917 1678 2055 1748 enim
2103 1681 2412 1736 accedebant
2445 1684 2513 1737 ad
2549 1702 2647 1741 me.
2679 1687 2821 1741 Nam
2860 1693 2949 1760 qui
2979 1695 3188 1749 turbare
3228 1699 3464 1753 uolebant

1920 1770 2150 1822 animam
2181 1775 2389 1835 'meam,
2431 1777 2632 1828 minimi
2663 1779 2875 1847 quidam
2923 1795 3092 1848 erant,
3131 1803 3258 1856 quos
3297 1787 3459 1854 Deus,

1918 1861 2007 1929 qui
2059 1872 2178 1916 ante
2217 1866 2411 1919 saecula
2455 1877 2554 1932 est,
2601 1868 2916 1938 bumiliabit,
2961 1877 3241 1937 clamorem
3291 1896 3461 1934 meum

1917 1949 2222 2006 exaudiens.
2312 1970 2316 1974 ·
2901 1960 2906 1962 “

1990 2234 2114 2291 Haec
2146 2237 2329 2308 itaque
2366 2242 2523 2310 quasi
2555 2258 2585 2296 a
2618 2241 2884 2312 Propheta
2922 2248 3062 2305 dicta
3105 2250 3323 2320 fuerint,
3362 2271 3467 2313 ceu"

1919 2338 1984 2378 ex
2037 2327 2252 2406 propria
2297 2343 2526 2396 persona
2575 2347 2736 2388 voces
2784 2339 3085 2405 propositas
3137 2341 3459 2410 proferente.

1921 2413 2076 2479 Quod
2113 2417 2156 2469 si
2189 2416 2257 2470 ab
2290 2418 2408 2488 ipso
2451 2418 2732 2478 Salvatore
2761 2440 2856 2492 per
2886 2428 3256 2497 propheticum
3302 2433 3465 2502 spiri-

1922 2518 2034 2560 tum
2068 2507 2180 2559 htec
2203 2507 2346 2562 dicta
2377 2511 2611 2574 fuerint;
2645 2515 2908 2583 siquidem
2943 2533 3008 2572 ex
3039 2520 3208 2589 ipsius
3234 2538 3463 2591 persona

1920 2595 2199 2649 dicebatur
2231 2599 2383 2663 illud,
2409 2599 2468 2654 Si
2503 2602 2744 2658 inimicus
2783 2608 3137 2664 maledixisset
3165 2613 3314 2682 mihi,
3346 2631 3465 2669 sus-

1921 2684 2188 2739 tinuissem
2242 2691 2437 2759 utique,
2500 2701 2554 2749 et
2601 2703 2825 2764 caetera;
2892 2715 3286 2771 consequenter
3333 2721 3464 2762 sane

1920 2775 2032 2829 haec
2068 2775 2315 2834 Salvator
2347 2783 2544 2838 dixerit
2577 2785 2880 2851 :Quoniam
2912 2805 3020 2844 non
3052 2794 3328 2861 inimicus,
3363 2794 3463 2852 sed

1918 2867 2157 2934 amicus;
2192 2884 2298 2924 non
2330 2873 2420 2940 qui
2454 2874 2578 2928 odio
2619 2876 2859 2930 haberet.
2895 2880 2986 2932 séd
3020 2882 3111 2941 qui
3140 2884 3301 2949 paulo
3336 2892 3464 2942 ante

1917 2957 2185 3028 diligeret,
2217 2963 2345 3015 talia
2372 2976 2558 3018 contra
2595 2981 2679 3021 me
2704 2982 2870 3023 ausus
2901 2978 3002 3023 est.
3035 2969 3142 3040 Ego
3171 2981 3349 3028 autem
3374 2977 3463 3030 ni-

1915 3047 1993 3102 hil
2031 3050 2152 3117 plus
2195 3053 2437 3121 agebam,
2468 3070 2626 3122 quam
2654 3057 2796 3126 quod
2839 3058 3133 3132 clamabam
3164 3060 3231 3114 ad
3264 3061 3464 3132 Deum;

1916 3151 2149 3208 eumque
2188 3149 2374 3210 utpote
2407 3140 2641 3208 Patrem,
2684 3129 2972 3215 propitium
3026 3147 3306 3203 habebam.
3358 3129 3464 3206 Sed

253 3243 316 3296 οὐ
347 3241 624 3310 παύσομαι
656 3239 892 3311 ἑσπέρας
919 3237 1012 3291 καὶ
1042 3238 1185 3307 πρωὶ
1223 3234 1316 3289 καὶ
1349 3235 1688 3306 μεσημῦρίας
1719 3232 1816 3295 τὰς
1841 3268 1885 3326 c
1919 3229 1972 3326 ill

1742 3232 1816 3295 ςὰς
1841 3268 1885 3326 c
1919 3229 2256 3326 illi-quidem
2305 3233 2702 3290 insidiabantur
2750 3237 2910 3303 mihi;
2959 3237 3046 3294 hic
3071 3255 3202 3294 vero
3253 3242 3461 3297 salvum

252 3332 349 3387 τοῦ
371 3330 582 3403 Πατρὸς
603 3329 801 3401 ἀρετάς
825 3329 1177 3399 διηγούμενος
1203 3329 1282 3390 είς
1312 3327 1547 3390 πάντας,
1575 3328 1814 3378 εἰσακου-

254 3424 380 3475 στόν
426 3439 486 3474 τε
543 3421 705 3474 πᾶσιν
752 3419 1053 3489 ἀνθρώποις
1101 3418 1380 3490 κηρύττων
1437 3417 1498 3471 τὸ
1553 3419 1812 3488 σωτήριον

252 3513 579 3580 Εὐαγγέλιον
597 3526 621 3542 ·“
645 3513 737 3564 καὶ
766 3510 968 3580 ταύτης
1003 3527 1102 3579 μου
1132 3511 1229 3580 τῆς
1254 3511 1434 3580 φωνῆς
1455 3509 1760 3571 ἐπακούσας
1784 3510 1812 3560 6
1839 3525 1842 3528 ί

252 3603 404 3673 Πατὴ
411 3619 442 3673 ρ
461 3644 476 3667 ,
505 3592 866 3668 λυτρώσηαι
887 3600 956 3652 ἐν
971 3597 1176 3666 εἰρήνῃ
1199 3597 1311 3665 τὴν
1330 3584 1540 3665 ψυχήν·
1553 3615 1670 3664 μου
1693 3595 1811 3650 ἀπὸ

248 3694 370 3748 τῶν
391 3692 732 3763 ἐγγιζόντων
752 3707 872 3761 μοι,
909 3689 1184 3742 τουτέστιν
1205 3688 1313 3740 ἀπὸ
1332 3688 1438 3740 τῶν
1461 3686 1687 3755 ἐγγύθεν
1717 3686 1811 3740 καὶ

249 3790 309 3843 οὐ
325 3784 604 3857 πόρρωθέν
630 3801 695 3854 με
733 3781 1104 3852 πολεμούντων
1120 3795 1134 3810 ο
1151 3773 1484 3848 οἵτινεςῆσαν
1503 3777 1778 3830 πολλοστοί
1790 3792 1806 3809 ο

248 3883 346 3946 οὓς
389 3882 484 3935 καὶ
530 3875 850 3932 ταπεινώσει
879 3878 908 3929 6
940 3873 1303 3947 προῦπάρχων
1331 3872 1436 3943 πρὸ
1462 3872 1568 3924 τῶν
1600 3859 1808 3926 αἰώνων
1838 3891 1844 3902 ·

249 3975 402 4037 Θεὸς.
434 3971 566 4025 Οὐδὲ
591 3970 698 4040 γὰρ
725 3971 759 4040 ή
783 3969 916 4040 πρὸς
939 3968 1114 4035 ὀλίγον
1134 3966 1313 4027 αὐτοῖς
1340 3964 1598 4034 γενομένη
1623 3965 1808 4018 εὐκαι-

249 4072 379 4143 ρία,
433 4066 552 4131 καθ’
581 4067 648 4137 ἢν
700 4063 1147 4134 ἐμεγαλαύχησαν
1170 4101 1186 4124 ,
1238 4059 1328 4113 καὶ
1361 4058 1677 4130 ἐπλήρωσαν
1709 4058 1808 4129 τὴν

249 4163 460 4216 ἑαυτῶν
514 4160 667 4213 πόλιν
702 4157 928 4228 ἀνομίας
977 4157 1069 4208 καὶ
1117 4153 1453 4220 ἀντιλογίας,
1508 4153 1809 4221 παραμενεῖ

249 4257 436 4316 αὐτοῖς
454 4271 469 4283 ·
509 4255 630 4305 ὅσον
658 4250 714 4303 δὲ
738 4248 889 4302 οὕπω
916 4244 1436 4317 ταπεινωθήσονται,
1470 4243 1568 4314 τῆς
1591 4245 1654 4295 ἐκ
1673 4240 1805 4293 Θεοῦ

249 4346 422 4419 ὀργῆς
454 4341 911 4414 μετελευσομένης
945 4339 1140 4400 αὐτοὺς
1166 4337 1259 4389 καὶ
1287 4337 1385 4406 τὴν
1411 4334 1559 4401 πόλιν
1597 4333 1803 4397 αὐτῶν,

246 4440 323 4501 ὡς
353 4439 447 4490 καὶ
471 4436 560 4487 τὸν
585 4436 640 4486 ἐν
671 4433 807 4502 αὐτῇ
850 4429 1128 4498 διαϐόητον
1156 4427 1287 4481 νεὼν
1332 4425 1685 4495 ἀφανισθῆναι
1715 4425 1808 4476 καὶ¹

249 4533 428 4586 πᾶσαν
461 4528 557 4598 τὴν
594 4529 651 4579 ἐν
691 4521 836 4592 αύτῷ
866 4521 1281 4591 ἐπιτελουμένην
1310 4518 1558 4590 λατρείαν
1587 4516 1808 4570 καταλυ-

1919 3319 2150 3376 faciebat
2183 3337 2268 3376 me
2303 3342 2313 3376 :
2341 3339 2510 3394 quare
2539 3341 2783 3395 vespere,
2815 3341 2973 3382 mane
3001 3337 3056 3382 et
3099 3330 3322 3385 meridie
3354 3347 3463 3386 non

1918 3411 2077 3467 flnem
2126 3412 2320 3467 faciam
2370 3412 2547 3469 Patris
2587 3416 2815 3470 virtutes
2862 3417 3148 3472 enarrandi
3177 3421 3460 3486 omnibus;

1917 3511 2078 3572 atque
2118 3505 2355 3560 salutare
2395 3504 2740 3576 Evangelium
2787 3506 2854 3560 ad
2897 3512 3056 3564 aures
3088 3511 3460 3564 universorum

1914 3591 2194 3650 hominum
2241 3595 2564 3665 praedicandi
2607 3616 2620 3650 :
2659 3611 2887 3665 eamque
2931 3613 3118 3652 vocem
3167 3601 3462 3656 exaudiens

1914 3686 2097 3753 Pater,
2143 3687 2359 3740 redimet
2386 3689 2441 3740 in
2486 3702 2613 3755 pace
2655 3689 2888 3741 animam
2935 3705 3103 3743 meam
3149 3690 3212 3742 ab
3252 3693 3336 3753 iis,
3370 3695 3458 3761 qui

1914 3781 2330 3849 appropinquant
2358 3779 2505 3844 mihi,
2537 3781 2587 3833 id
2622 3788 2705 3833 est
2741 3779 2810 3832 ab
2841 3779 2908 3834 iis
2931 3767 3026 3849 qui
3062 3784 3330 3850 proxime,
3348 3799 3459 3839 non

1913 3869 2124 3938 procul,
2164 3871 2480 3939 impugnant
2525 3883 2646 3935 me;
2678 3869 2828 3922 multi
2870 3885 3000 3924 sane
3037 3887 3285 3939 numero,
3318 3890 3458 3944 quos

1913 3959 2218 4013 bumiliabit
2256 3961 2346 4029 qui
2372 3967 2463 4014 est
2487 3966 2630 4014 ante
2659 3960 2856 4015 mula
2902 3959 3064 4018 Deus.
3096 3961 3280 4033 Neque
3311 3979 3458 4021 enim

1913 4049 2002 4103 illa
2025 4035 2099 4102 add
2116 4049 2278 4104 breve
2299 4055 2510 4118 tempus
2541 4049 2675 4118 ipsis
2700 4050 2822 4102 data
2843 4052 3242 4119 opportunitas,
3273 4053 3327 4107 in
3349 4053 3456 4123 qua

1912 4141 2123 4210 gloriati
2155 4147 2302 4200 sunt,
2340 4146 2395 4193 et
2417 4140 2688 4195 civitatem
2725 4155 2877 4195 suam
2918 4140 3202 4211 iniquitate
3232 4153 3287 4197 et
3322 4158 3456 4196 con-

1910 4234 2230 4290 tradictione
2251 4233 2613 4303 repleverunt,
2637 4233 2732 4288 diu
2756 4235 3116 4304 permanebit;
3136 4234 3235 4290 sed
3259 4249 3457 4306 prope-

1911 4325 2052 4382 diem
2079 4324 2528 4388 bumiliabuntur,
2563 4326 2643 4378 ira
2675 4323 2770 4378 Dei
2800 4325 2949 4393 ipsos
2977 4332 3031 4378 et
3058 4325 3330 4378 civitatem
3358 4341 3456 4382 eo-

1911 4434 2030 4472 rum
2060 4417 2366 4480 invadente,
2397 4406 2470 4469 ita
2506 4423 2566 4470 ut
2595 4415 2852 4484 templum
2883 4415 3014 4469 illud
3053 4415 3262 4484 insigne
3300 4415 3353 4469 in
3388 4433 3452 4471 ea

1910 4506 2144 4577 positum
2173 4506 2440 4567 diruatur,
2481 4513 2534 4559 et
2557 4506 2733 4560 cultus
2771 4504 2966 4558 ibidem
2998 4505 3224 4574 persolvi
3258 4507 3454 4562 solitus

250 4623 427 4693 θῆναι.
457 4591 639 4680 Ούτως
670 4611 782 4677 οὖν,
944 4611 1079 4681 ἐμῆς
1111 4610 1420 4672 ἐπακούσας
1445 4612 1473 4661 6
1495 4602 1626 4671 Θεὸς
1656 4605 1804 4677 βοῆς,
1838 4611 1884 4671 ι)
1908 4595 1969 4693 de

1731 4605 1804 4676 ἧς,
1838 4611 1884 4671 ι)
1909 4595 1976 4650 de
2023 4595 2201 4649 medio
2233 4595 2471 4648 tollatur.
2506 4592 2597 4647 Sic
2628 4593 2812 4662 itaque
2859 4591 3002 4649 Deus
3039 4609 3125 4649 me
3156 4594 3450 4652 exaudiens

246 4710 570 4768 ταπεινώσει
594 4705 803 4767 αὐτούς.

323 4805 407 4856 οὐ
458 4799 568 4868 γάρ
618 4797 787 4850 ἐστιν
827 4790 1026 4854 αὐτοιζ·
1069 4785 1476 4852 ἀντάλλαγμα,
1542 4784 1639 4837 καί
1696 4786 1806 4838 οὐκ

247 4896 638 4967 ἐφοϐήθησαν
685 4889 789 4943 τόν
830 4887 994 4948 Θεὸν,
1031 4882 1122 4937 καὶ
1167 4880 1233 4933 τὰ
1281 4880 1424 4949 ἑξῆς.
1471 4877 1805 4931 Ταπεινὼσει

245 4991 373 5051 τοὺς
404 4983 794 5057 προλεχοέντας
838 4977 1048 5038 ἀσεϐεῖς
1082 4977 1111 5026 6
1142 4970 1505 5044 προῦπάρχων
1551 4969 1656 5039 πρὸ
1697 4969 1805 5022 τῶν

246 5078 458 5134 αἰώνων
490 5076 620 5137 Θεός
641 5091 653 5104 ·
705 5070 913 5125 ἔσονταί
948 5085 1008 5121 τε
1054 5064 1296 5117 ταπεινοὶ
1339 5063 1431 5114 καὶ
1467 5059 1803 5129 διαμενοῦσιν

247 5170 342 5224 ἐπὶ
362 5171 639 5238 ’μήκιστον
659 5163 887 5217 τοιοῦτοι
912 5178 924 5190 ·
955 5159 1073 5212 ἐπεὶ
1102 5156 1281 5227 μηδεὶς
1306 5151 1456 5205 ἐσται
1482 5154 1510 5204 6
1541 5152 1679 5222 ὑπὲρ
1707 5152 1803 5204 αύ-

245 5260 356 5315 τῶν
379 5259 551 5322 διδοὺς
579 5255 948 5323 ἀντάλλαγμα.
987 5249 1167 5314 Ἃπαξ
1194 5248 1302 5317 γὰρ
1327 5245 1356 5295 6
1388 5243 1515 5306 Υἱὸς
1548 5242 1642 5328 τοῦ
1667 5243 1801 5297 Θεοῦ

244 5352 441 5422 λύτρον
463 5347 653 5401 ἐαυτὸν
672 5346 841 5410 διδοὺς
864 5346 954 5400 καὶ
975 5341 1320 5410 ἀντάλλαγμα
1346 5336 1482 5406 ὑπὲρ
1505 5335 1611 5388 τῶν
1635 5336 1804 5409 ἁμαρ-

245 5441 453 5511 τωλῶν,
475 5440 601 5501 τοὺς
631 5438 728 5508 μέν
755 5438 832 5501 είς
856 5435 1013 5489 αὑτὸν
1041 5428 1461 5491 πεπιστευκότας
1483 5427 1799 5498 ἐξηγόρασε,

246 5533 465 5590 πάντων
489 5547 548 5583 τε
571 5528 765 5590 αὐτοὺς
785 5524 893 5577 τῶν
924 5519 1199 5595 προτέρων
1226 5519 1631 5591 ἁμαρτημάτων
1659 5518 1804 5588 ηλευ.

247 5626 518 5698 θέρωσενσ
555 5622 680 5682 τοὺς
714 5617 772 5671 δὲ
804 5616 953 5669 εἴασε
984 5615 1292 5675 ταπεινοὺς,
1347 5609 1468 5662 ἐπεὶ
1516 5610 1588 5678 μὴ
1630 5626 1801 5678 προσ-

246 5723 448 5794 ήκαντο
494 5717 593 5788 τὴν
623 5703 759 5782 ὑπὲρ
808 5707 983 5761 αὐτῶν
1013 5706 1252 5759 δοθεῖσαν
1288 5703 1469 5773 τιμὴν,
1506 5700 1800 5794 μηδὲ-ἐπί-

252 5789 482 5863 στευσαν
521 5809 600 5869 εἰς
643 5803 703 5856 τὸ
739 5800 914 5868 τίμιον
947 5793 1085 5866 αἷμα
1120 5795 1213 5847 τοῦ
1260 5795 1472 5847 πάντων
1503 5789 1798 5861 ἀνθρώπων

251 5900 538 5967 Λυτρωτοῦ
569 5898 661 5949 καὶ
693 5894 955 5958 Σωτῆρος.
992 5889 1078 5940 Διό
1121 5904 1249 5956 φησι
1286 5887 1409 5952 περὶ
1453 5882 1626 5936 αὐτῶν
1653 5883 1679 5934 6
1713 5882 1796 5933 λό-

1908 4685 2211 4740 humlliabit
2237 4698 2350 4738 eos.

1980 4773 2140 4829 Vens.
2172 4773 2261 4834 2i,
2287 4771 2376 4825 22.
2417 4769 2539 4825 Non
2574 4772 2711 4825 enim
2739 4781 2815 4827 est
2847 4773 2954 4827 illis
2985 4776 3320 4830 commutatio
3340 4815 3354 4837 ,
3400 4784 3452 4828 et

1905 4884 2008 4921 non
2037 4868 2313 4918 timuerunt
2370 4861 2553 4926 Deum,
2585 4871 2638 4918 et
2665 4871 2879 4919 caetera.
2909 4864 3229 4920 Memoratos
3259 4867 3455 4936 impios

1904 4954 2207 5013 bumiliabit
2234 4954 2324 5022 qui
2353 4961 2437 5008 est
2479 4962 2602 5008 ante
2631 4957 2826 5009 saacula
2863 4954 3024 5021 Deus,
3055 4965 3319 5026 eruntque
3350 4958 3451 5012 hu-

1903 5050 2076 5110 miles,
2103 5062 2166 5100 ac
2194 5047 2330 5098 tales
2381 5044 2474 5098 diu
2530 5046 2943 5114 permanebunt,
2984 5047 3108 5116 quia
3139 5047 3318 5102 nullus
3344 5047 3450 5102 erit

1903 5141 1995 5210 qui
2026 5139 2114 5192 det
2153 5152 2250 5206 pro
2288 5136 2394 5190 illis
2421 5137 2919 5190 commutationem.
2961 5135 3093 5190 Nam
3127 5151 3249 5190 cum
3282 5141 3447 5193 semel

1903 5233 1996 5287 Dei
2028 5228 2196 5284 Filius
2221 5243 2339 5283 sese
2369 5227 2576 5288 dederit
2598 5226 2650 5279 in
2680 5227 3100 5297 redemptionem
3132 5234 3185 5281 et
3205 5241 3450 5282 commu-

1901 5326 2155 5379 tationem
2181 5319 2303 5390 ‘pro
2353 5320 2760 5391 peccatoribus;
2815 5332 2909 5372 eos
2935 5319 3149 5386 quidem
3178 5319 3268 5388 qui
3303 5318 3357 5372 in
3387 5335 3448 5375 se

1902 5415 2244 5473 crediderunt
2274 5414 2490 5476 exemit,
2517 5423 2675 5482 atque
2706 5426 2737 5464 a
2771 5408 3009 5478 pristinis
3038 5408 3251 5465 delictis
3279 5411 3448 5464 omni-

1901 5511 2003 5563 bus
2054 5507 2343 5572 liberavit;
2390 5507 2525 5559 alios
2581 5518 2709 5558 vero
2765 5500 2980 5568 reliquit
3026 5501 3288 5570 abiectos,
3320 5502 3447 5570 quia

1902 5603 2129 5672 pretium
2165 5615 2262 5669 pro
2293 5616 2352 5654 se
2377 5598 2561 5652 datum
2589 5613 2696 5650 non
2737 5592 3090 5657 admiserunt,
3118 5607 3289 5660 neque
3320 5606 3446 5646 cre-

1901 5695 2154 5747 diderunt
2196 5693 2249 5744 in
2281 5692 2573 5760 pretiosum
2619 5687 2933 5756 sanguinem
2968 5681 3339 5752 Redemptoris
3389 5695 3446 5738 et

1904 5782 2197 5836 Salvatoris
2231 5784 2469 5836 omnium
2506 5780 2800 5834 hominum.
2850 5773 3203 5839 Quamobrem
3240 5773 3306 5827 de
3339 5771 3446 5828 illis

1903 5875 2128 5928 dicitur:
2167 5871 2285 5927 Non
2310 5874 2442 5927 enim
2471 5882 2544 5926 est
2571 5870 2675 5923 illis
2693 5865 3044 5921 commutatio.
3063 5861 3240 5929 Quare
3262 5869 3442 5916 autem
