4354 6428
813 474 918 529 ⁸87

1546 480 1811 536 susssn
1844 448 2313 540 C£SARIENSlS
2351 485 2498 541 opp.
2533 485 2709 541 psus
2741 485 2826 540 nt.
2865 518 2930 527 -
2951 485 3348 542 assumes.

3908 489 4008 542 488

813 608 921 647 non
946 591 1015 646 sit
1044 591 1148 646 illis
1170 590 1516 650 commutatio
1535 634 1547 653 ,
1586 603 1773 663 postea
1822 596 1980 651 docet
2031 599 2116 654 his
2141 601 2324 654 verbis
2350 653 2364 677 ν
2399 613 2441 667 Α
2468 618 2532 668 γο

2288 616 2324 653 ιε
2350 653 2364 677 ν
2399 613 2441 667 Α
2468 617 2586 668 γος·
2630 601 2710 653 Οὐ
2736 599 2848 668 γάρ
2877 601 3044 654 ἐστιν
3067 603 3270 666 αὐτοῖς
3297 599 3700 669 ἀντάλλαγμα.
3735 602 3832 653 Διὰ
3874 604 3924 654 τί
3953 604 4007 654 δὴ

811 684 936 752 quia
973 699 1072 735 non
1101 683 1379 735 timuerunt
1420 681 1602 739 Deum.
1637 683 1730 738 Ille
1753 687 1919 749 enim,
1953 694 2138 756 utpote
2165 690 2360 750 bonus,

813 790 934 828 cum
971 775 1123 828 vellet
1148 787 1335 827 omnes
1359 773 1604 828 homines
1634 776 1814 830 salvos
1851 776 1986 840 lteri,
2013 787 2066 831 et
2094 780 2146 832 in
2175 782 2363 849 cogni-

813 866 1009 918 tionem
1044 864 1286 918 veritatis
1316 865 1502 919 venire
1526 866 1545 895 ³
1564 905 1578 926 ,
1607 866 1835 918 extendit
1856 882 2068 920 manum
2097 886 2246 922 suam
2276 884 2366 924 sa-

813 955 1055 1017 lutarem,
1080 960 1137 1007 ut
1167 953 1231 1008 iis
1263 954 1398 1007 bona
1437 969 1534 1008 sua
1568 955 1914 1011 retribueret.
1954 956 2033 1010 Illi
2089 975 2218 1011 vero
2244 975 2304 1013 ea
2333 974 2364 1012 a

811 1046 1028 1099 dextera
1058 1044 1149 1099 Dei
1176 1045 1354 1099 oblata
1392 1060 1500 1098 non
1529 1053 1881 1114 acceperunt;
1911 1048 2004 1101 sed
2035 1052 2366 1103 contamina-

810 1147 988 1192 verunt
1019 1147 1383 1191 testamentum
1415 1138 1550 1205 ejus,
1583 1153 1775 1191 novam
1803 1148 1858 1194 et
1885 1143 2248 1210 evangelicam
2291 1145 2367 1198 le-

811 1247 926 1300 gem
952 1237 1284 1299 respuentes.
1314 1229 1492 1294 Quare
1521 1230 1817 1285 secundum
1851 1231 2236 1301 Symmachum
2281 1234 2364 1288 di—

811 1330 955 1375 ctum
983 1330 1066 1388 est
1091 1337 1104 1372 :
1134 1319 1384 1374 Extendit
1424 1337 1632 1374 manum
1673 1337 1825 1374 suam
1855 1322 1928 1374 ad
1957 1339 2041 1376 eos
2066 1325 2154 1392 qui
2187 1339 2364 1390 pacem

810 1413 1066 1466 habebant
1091 1429 1263 1466 secum
1287 1427 1306 1464 :
1337 1413 1650 1481 transgressi
1679 1422 1800 1465 sunt
1831 1413 2032 1480 finitus;
2069 1415 2362 1469 secundum

809 1503 1057 1571 Aquilam
1079 1517 1206 1556 vero
1231 1518 1243 1552 :
1270 1501 1420 1555 llisit
1447 1519 1656 1555 manum
1685 1521 1833 1556 suam
1865 1505 1917 1557 in
1948 1506 2194 1574 paciﬁcos
2219 1523 2359 1561 suos.

812 1591 932 1661 Ipse
998 1607 1228 1664 namque
1261 1593 1536 1662 paciﬁcam
1594 1594 1864 1648 dexteram
1919 1598 2156 1665 porrexit
2210 1611 2364 1651 acce-

811 1684 1065 1739 dentibus
1097 1684 1159 1736 ad
1215 1699 1397 1754 pacem
1434 1684 1606 1754 ipsius
1661 1686 2066 1755 accipiendam;
2126 1688 2202 1741 illi
2235 1703 2364 1742 vero

809 1775 1133 1844 transgressi
1178 1781 1304 1827 sunt
1349 1780 1729 1827 testamentum
1759 1775 1916 1842 ejus,
1973 1775 2210 1829 oblatam
2260 1775 2360 1830 sibi

809 1879 992 1932 pacem
1048 1879 1154 1920 non
1209 1863 1548 1931 accipientes.
1615 1862 1814 1927 Quare,
1871 1879 2001 1932 pace
2049 1879 2172 1917 cum
2225 1864 2364 1917 bello

2463 691 2561 742 οὐκ
2588 690 2730 742 ἔστιν
2757 691 2936 754 αὐτοῖς
2963 690 3326 761 ἀντάλλαγμα,
3371 691 3498 759 ιξῆς
3525 693 3756 746 διδάσκει
3800 693 3968 761 λέγων
3990 711 4004 727 ο

2464 782 2583 833 ἐπεὶ
2623 782 2708 850 μὴ
2748 782 3128 850 ἐφοϐήθησαν
3165 783 3270 836 τὸν
3312 784 3476 837 Θεόν.
3521 785 3577 837 '0
3611 785 3711 856 μὲν
3750 785 3876 854 γὰρ,
3913 788 4010 839 an:

2461 871 2682 937 ἀγαθὸς,
2719 872 2920 934 πάντας
2953 871 3265 943 ἀνθρώπους
3297 873 3462 927 θέλων
3509 874 3763 943 σωθῆναι,
3798 875 3893 928 καὶ
3932 878 4010 939 εἰς

2464 961 2751 1029 ἐπίγνωσιν
2783 962 3034 1033 ἀληθείας
3061 963 3252 1027 ἐλθεῖν,
3291 963 3542 1027 ἐξέτεινε
3571 965 3683 1032 τὴν
3714 965 3878 1033 χεῷα
3905 968 4010 1019 αὐ-

2463 1049 2566 1103 τοῦ
2581 1051 2679 1121 τὴν
2697 1052 2956 1120 σωτήριον
2976 1052 3134 1121 εἰςιτὺ
3149 1053 3241 1105 καὶ
3258 1053 3451 1114 αὐτοὺς
3470 1053 3543 1120 (Ι)
3560 1052 3874 1122 μεταδοῦναι
3899 1053 4008 1107 τῶν

2463 1141 2654 1194 ἑαυτοῦ
2683 1140 2926 1208 ἀγαθῶν·
2958 1143 3008 1194 οἰ
3029 1142 3086 1195 δὲ
3114 1143 3213 1194 οὐκ
3241 1143 3484 1208 ἐδέξαντο
3528 1145 3674 1214 παρά
3711 1144 3808 1212 τῆς
3834 1143 4013 1208 δεξιᾶ-ς

2463 1232 2554 1285 τοῦ
2570 1232 2701 1285 Θεοῦ
2723 1233 3130 1303 προτεινόμενα,
3155 1234 3267 1288 ἀλλ’
3289 1234 3666 1298 ἐόεόήλωσαν
3686 1235 3798 1302 τὴν
3811 1233 4012 1304 διαθή-

2463 1341 2578 1390 κην
2593 1324 2798 1386 αὑτοῦ,
2819 1324 2908 1377 τὸν
2940 1325 3119 1378 καινὸν
3149 1325 3312 1395 νόμον
3346 1325 3435 1377 τὸν
3459 1325 3806 1393 εύαγγελικδν
3830 1341 4009 1396 παρα-

2462 1416 2836 1486 κρουσάμενοι.
2881 1416 2970 1469 Διὸ
3011 1416 3150 1469 κατά
3177 1416 3268 1468 τὸν
3297 1416 3586 1486 Σύμμαχον
3615 1415 3826 1486 εἴρηται
3845 1432 3858 1445 ’
3894 1415 4016 1478 Ἐξ-

2461 1509 2644 1561 έτεινε
2687 1509 2798 1574 τὴν
2834 1508 2999 1577 χεζοα
3042 1507 3226 1561 αὐτοῦ
3277 1510 3362 1572 εις
3409 1506 3550 1572 τοὺς
3601 1508 4014 1574 εὶρηνεύυντας

2461 1599 2607 1665 πρὸς
2633 1601 2816 1652 αὐτόν
2834 1615 2847 1628 ·
2883 1599 3226 1665 παρέϐησαν
3256 1595 3570 1662 συνθήκην
3591 1613 3604 1625 ·
3643 1597 3735 1649 καί
3759 1595 3898 1649 κατά
3921 1596 4010 1650 τὸν

2475 1689 2700 1742 ’Δκύλαν
2721 1707 2735 1721 ο
2777 1688 3106 1743 Ἀπέστειλε
3149 1689 3312 1757 χεῖρα
3355 1686 3538 1740 αὐτοῦ
3577 1687 3647 1739 ἐν
3692 1684 4011 1753 εἰρηνικοῖς

2462 1779 2665 1834 αὑτοῦ.
2705 1780 2872 1842 Αὐτὸς
2921 1780 3018 1849 μὲν
3052 1777 3156 1848 γὰρ
3202 1779 3478 1849 εἰρηνικὴν
3520 1777 3695 1842 δεξιὰν
3729 1775 4012 1848 προύτεινε

2464 1870 2598 1939 πρὸς
2631 1869 2882 1930 ἐλθόντας
2925 1867 3317 1938 παραδέχεσθαι
3358 1869 3456 1939 τὴν
3506 1870 3633 1940 παρ’
3663 1867 3826 1922 αὑτοῦ
3862 1869 4014 1940 εἰρή-

808 1962 1157 2016 conunntata,
1181 1955 1332 2007 divisi
1360 1963 1479 2006 sunt
1509 1952 1570 2006 ab
1598 1954 1678 2005 ira
1701 1954 1871 2005 vultus
1895 1953 2028 2021 ejus.
2051 1952 2186 2018 Quia
2215 1954 2356 2007 enim
2392 1957 2434 2015 Β
2462 1980 2524 2032 νη

2294 1955 2356 2006 im
2392 1957 2434 2015 Β
2462 1980 2557 2032 νην
2576 1978 2587 1990 ·
2619 1962 2665 2013 οἰ
2691 1961 2745 2012 δὲ
2786 1959 3099 2030 παρέϐησαν
3123 1961 3220 2029 τὴν
3241 1959 3499 2029 διαθήκην
3531 1961 3713 2023 αὐτοῦ,
3747 1962 3821 2031 μὴ
3851 1978 4013 2014 κατα-

807 2045 1031 2113 gratiam
1061 2059 1166 2098 non
1203 2043 1562 2102 admiserunt,
1592 2045 1784 2093 merito
1816 2042 1908 2094 ira
1937 2040 2142 2101 traditi,
2175 2041 2360 2108 procul

807 2135 1055 2204 dispersi,
1084 2142 1137 2188 et
1161 2135 1214 2187 in
1242 2148 1430 2186 omnes
1459 2140 1644 2201 gentes
1686 2131 1933 2198 dissipati
1965 2139 2109 2185 sunt.
2144 2129 2246 2184 Pro
2271 2131 2361 2184 illo

807 2237 1006 2293 autem,
1042 2227 1107 2280 I't
1169 2226 1596 2295 appropinquavit
1645 2240 1734 2277 cor
1781 2224 1944 2278 illius.
1987 2221 2181 2276 Molliti
2239 2234 2361 2276 sunt

806 2335 1067 2373 sermones
1093 2317 1205 2386 ejus
1235 2332 1386 2384 super
1423 2315 1612 2369 oleum.
1644 2323 1694 2368 et
1723 2315 1819 2381 ipsi
1853 2326 1972 2367 sunt
1997 2315 2183 2382 jacuta
2204 2355 2216 2375 ,
2250 2315 2362 2367 cla-

807 2424 922 2464 rius
946 2406 1302 2478 Symmachus
1330 2407 1712 2479 interpretatus
1733 2415 1813 2459 est
1843 2423 1856 2458 :
1895 2403 2143 2457 Dulciora
2177 2403 2360 2474 butyro

807 2516 902 2552 ora
934 2513 1113 2552 eorum
1138 2514 1155 2551 :
1193 2506 1390 2567 pugnat
1422 2511 1538 2549 vero
1561 2512 1649 2548 cor
1676 2495 2079 2564 uniuscujusque
2106 2496 2357 2563 ipsorum.

807 2585 1076 2642 HoUiores
1109 2595 1226 2639 sunt
1277 2601 1538 2638 sermones
1567 2585 1678 2653 ejus
1707 2585 1839 2648 oleo,
1872 2599 1990 2636 tum
2017 2586 2120 2638 sint
2166 2584 2360 2638 discin-

805 2677 1003 2730 dentes.
1048 2673 1181 2730 Vide
1210 2674 1339 2728 mihi
1376 2689 1483 2743 quo
1515 2681 1669 2742 pacto
1703 2673 1790 2727 hic
1820 2673 1983 2727 etiam
2009 2673 2116 2728 duo
2141 2673 2360 2728 ordines

805 2768 1180 2833 declarentur;
1217 2767 1356 2821 alius
1403 2764 1694 2820 multorum
1732 2745 2040 2828 confertim,
2067 2766 2131 2820 de
2163 2767 2360 2838 quibus

807 2860 860 2912 in
886 2859 1076 2930 plurali
1109 2859 1273 2912 dicit:
1301 2857 1550 2911 Dutciora
1580 2856 1767 2926 butyro
1795 2873 1890 2910 ora
1915 2872 2093 2910 eorum
2118 2873 2136 2910 :
2167 2867 2360 2927 pugnat

806 2967 920 3007 vero
981 2967 1071 3006 cor
1109 2947 1511 3021 uniuscujusque
1562 2965 1776 3012 eorum;
1833 2949 1973 3005 alius
2023 2964 2150 3003 vero
2205 2949 2360 3019 quasi

806 3049 966 3102 unius
994 3055 1200 3100 tantum
1218 3084 1234 3109 ,
1268 3046 1335 3101 de
1367 3060 1477 3114 quo
1506 3045 1816 3115 singulatim
1841 3046 2063 3108 claudit,
2088 3044 2360 3100 Rolliores

805 3149 927 3192 sunt
961 3152 1217 3192 sermones
1252 3135 1364 3204 ejus
1394 3135 1539 3198 oleo,
1587 3150 1712 3188 cum
1752 3135 1855 3188 sint
1883 3133 2248 3190 discindentes.
2299 3136 2364 3191 Et

809 3229 864 3285 bi
896 3231 1005 3283 duo
1034 3227 1254 3282 ordines
1281 3233 1436 3281 erant
1462 3226 1714 3294 superius
1741 3225 1964 3280 indicati
1984 3265 1998 3287 ,
2031 3227 2237 3282 scilicet
2269 3243 2363 3282 eo.

2463 2052 2739 2122 δεξάμενοι
2783 2051 2879 2121 τὴν
2921 2050 3337 2121 προτεινομένην
3385 2053 3567 2114 αὐτοῖς
3615 2053 3855 2123 εἰρήνην.
3901 2053 4012 2114 Διὸ,

2466 2142 2695 2212 πόλεμον
2746 2140 3320 2210 ἀντικαταλλαξάμενοι
3365 2143 3604 2212 εἰρήνης,
3653 2141 4016 2210 διεμερίσθη-

2463 2249 2582 2286 σαν
2621 2232 2736 2287 ἀπὸ
2791 2230 2968 2300 ὀργῆς
3003 2231 3107 2284 τοῦ
3148 2230 3463 2298 προσώπου
3490 2231 3692 2286 αὐτοῦ.
3730 2233 3881 2285 Ἐπεὶ
3906 2231 4016 2303 γὰρ

2468 2321 2540 2392 μὴ
2579 2319 2962 2391 προσεδέξαπο
2999 2320 3096 2391 τὴν
3136 2322 3311 2392 χάριν,
3340 2319 3580 2383 εἰκότως,
3612 2322 3746 2392 ὀργῇ
3782 2321 4016 2393 παραδο-

2465 2409 2666 2474 θέντες,
2703 2411 2914 2482 μακρὰν
2949 2409 3456 2481 διεσκορπίσθησαν,
3491 2410 3583 2463 καὶ
3619 2412 3700 2472 εἰς
3735 2410 3910 2464 πάντα
3944 2411 4014 2464 τὰ

2465 2503 2588 2572 ἔθνη
2639 2502 3109 2565 διασκεδασθέντες
3160 2501 3546 2572 διεσπάρησαν.
3598 2501 3740 2555 ’ἀντὶ
3791 2501 3847 2554 δι
3896 2502 4012 2564 τοῦ.

2463 2596 2570 2650 Καὶ
2615 2595 2860 2664 ἤγγισεν
2899 2597 2936 2662 ἡ
2972 2593 3180 2663 καρδία
3225 2594 3427 2649 αὐτοῦ.
3475 2594 3928 2659 Ἠπαλύνθησαν
3959 2595 4016 2649 οι

2461 2688 2626 2755 λόγοι
2654 2686 2838 2740 αὑτοῦ
2865 2686 3014 2753 ὑπὲρ
3044 2686 3267 2749 ἔλαιον,
3287 2686 3380 2738 καὶ
3406 2686 3576 2740 αὐτοί
3601 2687 3718 2738 εισι
3745 2683 4016 2750 βολίδας.

2465 2778 2794 2847 σαφέστερον
2837 2778 3177 2848 ήρμήνευσεν
3209 2778 3237 2831 ὁ
3280 2776 3571 2846 Σύμμαχος
3617 2777 3816 2828 εἰπών·
3854 2777 4018 2830 Asid-

2464 2885 2601 2937 τερα
2623 2869 2924 2936 βουτύρου
2952 2868 3024 2921 τὰ
3053 2869 3316 2936 στόματα
3343 2865 3569 2922 αὐτῶν·
3596 2866 3844 2936 πολεμεῖ
3871 2865 3939 2920 δὲ
3975 2868 4014 2935 ἡ

2465 2957 2676 3026 καρδία
2701 2957 2956 3012 ἑκάστου
2980 2957 3194 3011 αὐτῶν.
3238 2956 3612 3026 Ὰπαλώτεροι
3635 2960 3688 3011 οι
3717 2957 3884 3026 λόγοι
3913 2959 4018 3016 αὑ-

2465 3044 2570 3102 τοῦ
2593 3046 2822 3106 ἐλαίου,
2851 3045 3020 3110 ὄντες
3047 3046 3431 3114 ἀνατμητικοί
3460 3045 3562 3114 (2).
3627 3045 3773 3113 Ὅρα
3801 3044 3860 3097 δὲ
3895 3046 4019 3100 τίνα

2465 3134 2667 3209 τρόπον
2681 3135 2958 3190 κάνταῦθα
2971 3136 3064 3188 δύο
3090 3137 3344 3212 τάγματα
3374 3133 3734 3205 παρίστησινδ
3749 3132 3902 3201 λόγος
3924 3149 3939 3163 ο
3958 3132 4019 3185 ιν

2426 3271 2428 3273 ›
2471 3229 2573 3300 μὶν·
2598 3226 2806 3281 πολλῶν
2839 3226 3048 3298 ἀθρόως
3083 3226 3224 3280 κατά
3250 3225 3311 3278 τὸ
3341 3222 3490 3289 αὐτὸ,
3525 3225 3653 3294 περὶ
3679 3216 3753 3279 ὧν
3781 3221 4016 3293 πληθυν-

809 3335 928 3374 rum
957 3319 1050 3390 qui
1091 3319 1146 3372 in
1185 3317 1404 3372 civitate
1434 3316 1768 3380 habitabant,
1791 3318 1859 3372 de
1909 3317 2108 3387 quibus
2151 3318 2365 3374 diceba-
2393 3307 2438 3369 C
2466 3338 2528 3374 et:

2296 3334 2365 3372 μοι
2393 3307 2438 3369 C
2466 3319 2632 3383 τικῶς
2680 3336 2811 3389 φησι
2829 3335 2842 3350 ’
2879 3319 3153 3386 Λειότερα
3188 3318 3488 3385 βουτύρου
3520 3315 3593 3370 τὰ
3623 3316 3887 3384 στόματα
3912 3315 4015 3370 αὐ-

812 3422 942 3466 tnr:
987 3411 1248 3478 Quoniam
1304 3408 1410 3462 nidi
1460 3409 1785 3480 iniquitatem
1815 3417 1865 3462 et
1903 3410 2363 3462 contradictionem

809 3506 862 3556 in
897 3503 1133 3565 civitate;
1172 3508 1226 3556 et
1257 3501 1549 3570 proditoris
1577 3539 1593 3563 ,
1645 3516 1805 3571 quem
1851 3508 2096 3570 spectant
2131 3500 2315 3554 istbtec
2347 3520 2360 3554 :

811 3595 1070 3662 Quoniam
1099 3595 1145 3648 si
1181 3593 1422 3646 inimicus
1471 3592 1825 3648 maledixisset
1871 3592 2027 3655 mihi,
2081 3590 2365 3646 sustinuis—

808 3704 915 3742 sem
937 3687 1128 3756 utique.
1171 3683 1269 3739 Hic
1313 3685 1494 3754 itaque
1524 3685 1777 3754 quoniam
1827 3683 2100 3753 principes
2156 3684 2363 3740 Judaici

810 3778 990 3848 populi
1031 3792 1152 3830 cum
1188 3776 1528 3831 simulatione
1555 3774 1970 3844 adulationeque
2001 3775 2070 3829 ad
2117 3774 2363 3831 Salvatoo

812 3883 925 3924 rem
960 3877 1339 3933 accesserunt;
1376 3867 1535 3922 modo
1565 3867 1882 3936 magistrum
1933 3881 2032 3921 nec
2053 3881 2176 3922 cum
2228 3882 2364 3937 puro

816 3959 985 4014 corde
1015 3958 1430 4029 eqmpellantes;
1483 3958 1641 4013 modo
1687 3957 1930 4012 dicentes
1976 3957 2116 4028 ipsi:
2159 3955 2364 4012 Scimus

810 4054 935 4123 quia
966 4066 1121 4105 verax
1144 4067 1220 4113 es,
1244 4060 1292 4102 et
1315 4051 1524 4124 uerbum
1565 4049 1662 4104 Dei
1708 4051 1762 4103 in
1789 4050 2003 4104 ueritate
2038 4049 2218 4113 doces,
2274 4067 2364 4104 nec

810 4154 888 4200 est
928 4145 1022 4198 tibi
1051 4159 1177 4196 cura
1202 4141 1264 4197 de
1291 4142 1466 4212 aliqua
1487 4159 1505 4196 :
1530 4159 1633 4197 non
1663 4144 1800 4197 enim
1829 4145 2041 4212 respicis
2088 4159 2363 4212 personam

809 4237 1030 4292 hominis
1060 4237 1120 4303 ‘;
1157 4235 1280 4305 jure
1311 4236 1378 4291 de
1414 4236 1480 4290 iis
1519 4235 1607 4289 hic
1646 4235 1868 4297 dicitur,
1903 4236 2150 4289 Dutciora
2179 4235 2364 4304 butyro

809 4347 905 4385 ora
929 4346 1108 4386 eorum
1132 4347 1149 4382 :
1189 4337 1387 4399 pugnat
1411 4344 1527 4383 oero
1559 4344 1648 4381 cor
1673 4328 2078 4396 uniuscujusque
2114 4328 2363 4390 illorum;

811 4422 1153 4498 peculiariter
1184 4435 1394 4475 rursum
1425 4418 1493 4474 de
1521 4404 1815 4488 proditore,
1841 4417 1967 4486 quia
1993 4415 2162 4471 Rabbi
2189 4419 2363 4487 ipsum

811 4522 868 4568 et
895 4513 1210 4582 magistrum
1241 4511 1486 4576 vocabat,
1514 4520 1568 4565 et
1616 4525 1738 4566 cum
1771 4507 2130 4579 proditionem
2163 4506 2365 4561 machi-

2463 3410 2582 3464 τῶν
2603 3428 2616 3441 ·
2665 3410 2913 3479 πολεμεῖ
2933 3410 3000 3462 δὲ
3029 3413 3066 3478 ἡ
3099 3409 3310 3477 καρδία
3340 3405 3599 3461 ἑκάστου
3641 3404 3867 3460 αὐτῶν
3902 3405 4017 3461 ιτε-

2465 3519 2556 3573 ρον
2585 3502 2640 3556 δὲ
2673 3502 2859 3574 ὥσπερ
2885 3503 3002 3566 ἑνὸς
3039 3501 3440 3573 μεμονωμένου,
3466 3498 3594 3571 περὶ
3631 3490 3691 3552 οὗ
3733 3497 3875 3562 ἰδίως
3896 3499 4018 3552 ἀπι-

2462 3595 2636 3661 λέγειο
2678 3594 3054 3662 Ἀπαλώτεροι
3095 3596 3148 3648 oi
3182 3594 3346 3662 λόγοι
3377 3591 3562 3646 αὐτοῦ
3588 3591 3814 3655 ἐλαίου,
3845 3589 4014 3655 ὄντες

2461 3686 2861 3756 ἀνατμητικοί.
2892 3687 2999 3739 Καὶ
3029 3684 3175 3738 ταῦτ’
3203 3680 3269 3755 ἦν
3312 3685 3379 3736 τὰ
3414 3683 3507 3736 δύο
3534 3683 3807 3752 τάγματα.
3828 3680 3900 3735 τὰ
3927 3680 4013 3734 διά

2460 3779 2567 3831 τῶν
2591 3779 2894 3851 ἔμπροσθεν
2936 3777 3255 3848 δηλούμενα,
3287 3777 3347 3829 τό
3367 3793 3425 3829 τε
3455 3775 3562 3830 τῶν
3603 3775 3702 3846 τὴν
3746 3773 3900 3828 πόλιν
3935 3775 4014 3828 οἰ-

2463 3869 2715 3933 κούντων,
2743 3869 2872 3940 περὶ
2913 3861 2989 3922 ὧν
3018 3867 3234 3936 δλέγετο
3255 3883 3268 3896 ·
3303 3867 3419 3919 Ὅτι
3449 3862 3614 3919 εἶδον
3638 3865 3891 3933 ἀνομίαν
3916 3865 4012 3920 καὶ

2460 3960 2803 4029 ἀντιλογίαν
2836 3959 2906 4012 ὲν
2947 3956 3020 4026 τῇ
3062 3958 3264 4013 πόλει·
3301 3956 3396 4010 καὶ
3426 3955 3486 4007 τὺ
3516 3955 3653 4032 περί
3683 3953 3778 4007 τοῦ
3820 3953 4012 4024 προδόο

2460 4067 2573 4114 του,
2605 4051 2729 4122 περὶ
2756 4043 2816 4102 οὗ
2843 4049 3076 4119 ἔφασκεν
3101 4048 3130 4101 ὁ
3157 4046 3311 4114 λόγος
3329 4063 3342 4076 ·
3378 4037 3514 4108 Ὅτι,
3548 4047 3600 4098 ει
3629 4043 3840 4113 ἐχθρὸς
3858 4043 4016 4100 ὠνεί-

2461 4139 2592 4193 δισέ
2612 4157 2706 4208 με,
2746 4139 3054 4208 ὑπήνεγκα
3084 4139 3177 4192 ἄν.
3212 4139 3320 4190 Καὶ
3346 4135 3576 4190 ἐνταῦθα
3608 4134 3802 4196 τοίνυν,
3829 4132 4015 4205 ἐπειδὴ

2463 4231 2769 4303 προσῄεσαν
2799 4231 2875 4302 τῷ
2922 4229 3133 4302 Σωτῆρι
3181 4228 3296 4300 μεθ’
3335 4227 3670 4299 ὑποκρίσεως
3719 4225 3812 4280 καὶ
3858 4225 4014 4279 κολα-

2463 4324 2615 4385 κείας
2644 4325 2694 4375 οἰ
2745 4323 3001 4394 ἄρχοντες
3045 4321 3137 4375 τοῦ
3182 4320 3445 4374 Ἰουδαίων
3491 4317 3695 4381 ἔθνους,
3731 4314 3860 4369 ποτὲ
3914 4314 4014 4384 μὲν

2461 4412 2771 4467 διδάσκαλον
2817 4412 3210 4472 ἀποκαλοῦντες
3260 4412 3320 4465 ob
3376 4394 3472 4464 σὺν
3522 4409 3736 4479 καθαρᾷ
3793 4405 4010 4477 καρδίᾳ,

2465 4489 2678 4571 ποτὲέᾶ
2722 4502 2966 4571 λέγοντες
3011 4501 3190 4573 αὐτῷ’
3230 4502 3502 4571 Οἴδαμεν,
3549 4501 3638 4554 ὅτι
3675 4497 3906 4565 ἀληθὴς
3939 4491 4014 4558 εῖν

814 4612 1094 4664 narentur,
1118 4604 1342 4659 aﬂ'ectus
1362 4610 1417 4658 et
1437 4603 1684 4658 amicitia
1700 4601 1940 4673 symbola
1969 4598 2152 4660 dabat,
2171 4597 2364 4652 merito
2393 4641 2438 4697 Β
2464 4612 2533 4648 κα

2289 4597 2364 4651 ito
2393 4641 2438 4697 Β
2588 4593 2695 4697 τάν
2726 4595 2910 4697 λόγον
2953 4594 3067 4648 τοῦ·
3100 4595 3348 4697 Θεοῦξν
3388 4594 3640 4697 ἀληθείᾳ,
3679 4589 4008 4697 διδάσκεις·

811 4693 1017 4748 dictum
1034 4703 1153 4754 est,
1185 4692 1452 4746 Molliores
1480 4702 1601 4746 sunt
1630 4707 1887 4745 sermones
1925 4689 2036 4758 ejus
2069 4689 2178 4741 oleo
2198 4727 2215 4752 ,
2243 4703 2362 4740 cum
2393 4679 2437 4697 ν
2463 4702 2530 4739 κα

2298 4703 2362 4740 nn
2393 4679 2437 4697 ν
2463 4685 2559 4739 καί
2599 4687 2670 4739 οὐ
2695 4687 2863 4754 μέλει
2906 4702 3001 4740 σοι
3034 4685 3165 4754 περὶ
3205 4685 3482 4748 οὐδενός·
3533 4684 3603 4736 οὐ
3633 4681 3742 4750 γὰρ
3764 4679 4017 4744 ,ϐλέπεις

811 4785 916 4838 sint
957 4782 1337 4845 discindentes;
1394 4782 1508 4837 sive
1563 4781 1858 4842 secundum
1903 4777 2042 4833 LXX
2097 4779 2366 4847 Interpre-

812 4883 913 4936 tes.
939 4873 1135 4930 lottiti
1162 4882 1284 4928 sunt
1313 4884 1572 4927 sermones
1615 4873 1728 4942 ejus
1757 4886 1910 4940 super
1938 4871 2139 4935 oleum,
2188 4878 2238 4924 et
2264 4868 2364 4937 ipsi

812 4975 932 5020 sunt
950 4965 1157 5035 jacula.

2460 4778 2545 4840 εἰς
2573 4776 2888 4843 πρόσωπον
2917 4776 3225 4844 ἀνθρώπου
3247 4791 3260 4804 ·
3293 4772 3515 4833 εἰκότως
3545 4769 3669 4840 περὶ
3706 4766 3884 4821 αὐτῶν
3909 4783 4014 4837 φη-

2464 4882 2546 4919 σιν
2574 4865 2801 4920 ἐνταῦθα
2840 4869 2869 4919 δ
2909 4867 3062 4934 λόγος
3083 4882 3096 4895 ·
3132 4865 3403 4930 Λειότερα
3440 4860 3742 4926 βουτυρου
3770 4855 3842 4910 τὰ
3872 4856 4014 4909 στόσ

2459 4973 2615 5025 ματα
2660 4956 2885 5012 αὐτῶν·
2926 4957 3171 5027 πολεμεῖ
3198 4954 3266 5008 δὲ
3295 4955 3332 5022 ἡ
3374 4951 3584 5019 καρδία
3617 4949 3876 5004 ἑκάστου
3911 4949 4016 5002 αὑ-

815 5057 952 5112 τῶν.
1006 5057 1168 5121 Ίδίως
1193 5055 1255 5110 δὲ
1287 5054 1446 5109 πάλιν
1473 5051 1603 5122 περὶ
1635 5051 1725 5104 τοῦ
1755 5052 2031 5123 προδότου,
2058 5049 2241 5121 ἐπειδὴ
2265 5049 2356 5104 καί
2401 5048 2648 5104 Ῥαδδεὶν
2681 5052 2842 5105 αὑτὸν
2879 5051 2973 5104 καὶ
3004 5043 3318 5102 διδάσκαλον
3350 5045 3630 5108 ἀποκαλεῖ,
3659 5041 3901 5113 σύμϐολά
3953 5059 4013 5094 τε

809 5149 1094 5214 διαθέσεως
1133 5151 1226 5201 καὶ
1287 5146 1465 5216 φιλίας
1533 5145 1779 5215 παρεῖχε,
1831 5144 1928 5215 τὴν
1986 5142 2268 5216 προδοσίαν
2300 5142 2634 5212 ποιούμενος,
2676 5145 2896 5208 εἰκότως
2941 5142 3068 5214 περὶ
3110 5137 3270 5194 αὑτοῦ
3310 5137 3590 5191 λέλεκται’
3633 5133 4015 5202 Ἀπιελώτεροι

808 5243 862 5294 ot
911 5240 1078 5307 λόγοι
1135 5237 1319 5292 αὐτοῦ
1360 5234 1563 5290 ἐλαίου
1590 5271 1606 5295 ,
1657 5233 1823 5297 ὄντες
1846 5233 2224 5302 ὰνατμητικοι
2242 5251 2255 5265 ο
2316 5233 2348 5304 ἢ
2389 5233 2526 5287 κατὰ
2564 5237 2688 5299 τοὺς
2749 5234 3164 5306 Ἐδδομήκονταο
3241 5231 3705 5297 Ἠπαλύνθησαν
3750 5231 3806 5282 οἰ
3845 5227 4016 5297 λόγοι

809 5328 993 5387 αὑτοῦ
1033 5326 1182 5393 ὑπὲρ
1213 5327 1437 5391 ἔλαιον,
1471 5324 1567 5379 καί
1601 5323 1768 5376 αὐτοί
1792 5325 1910 5377 εἰσι
1942 5323 2209 5391 βολιδες.
3048 5347 3054 5355 ι
3113 5328 3122 5333 ·

883 5420 1043 5476 Vsus.
1070 5416 1260 5478 εδει.
1277 5415 1434 5472 lucta
1457 5431 1604 5485 super
1630 5413 1907 5468 Dominum
1922 5431 2098 5470 curam
2127 5427 2292 5480 tuam,
2311 5426 2360 5470 et
2546 5417 2602 5469 Ἐκ

2311 5426 2360 5470 et
2546 5417 2881 5487 Ἐπίῤῥιψον
2911 5415 3006 5470 ὲπί
3035 5414 3250 5483 Κύριον
3284 5410 3398 5479 τὴν
3427 5408 3719 5481 μέριμνάν
3746 5424 3884 5476 σου,
3911 5409 4011 5464 nat

811 5515 920 5584 ipse
947 5524 993 5568 te
1022 5511 1281 5566 enutriet:
1313 5525 1414 5563 non
1443 5509 1589 5564 dabit
1616 5509 1670 5562 in
1692 5519 1938 5561 aeternum
1969 5508 2361 5576 ﬂuctuationem
2463 5510 2530 5562 ai

2297 5523 2361 5562 tm
2463 5510 2642 5576 αὑτός
2670 5523 2746 5563 σε
2781 5506 3080 5578 διαθρέψνει
3101 5522 3115 5537 ’
3149 5506 3220 5560 οὐ
3250 5502 3424 5584 δώσει
3449 5506 3535 5570 εἰς
3567 5502 3673 5557 τὸν
3696 5499 3880 5556 αἰῶνα
3904 5497 4016 5555 σά-

817 5609 983 5669 iusto,
1021 5615 1076 5660 et
1098 5612 1312 5659 cetera.
1344 5601 1676 5675 Illiquidem
1728 5614 1852 5656 cum
1887 5599 2012 5655 dolo
2046 5608 2102 5656 et
2134 5603 2360 5658 simulae
2461 5604 2536 5654 λο

2294 5618 2360 5655 γε·
2461 5604 2576 5654 λον
2617 5601 2694 5668 τῷ
2731 5601 2954 5667 δικαίῳ,
2985 5599 3082 5654 καὶ
3118 5597 3189 5654 τά
3236 5595 3382 5668 ἑξῆς.
3427 5596 3490 5650 υἱ
3547 5595 3645 5667 μὲν
3693 5594 3790 5650 σὺν
3826 5586 4013 5673 ἀπάτη

885 5723 905 5754 ³
941 5719 962 5773 l
993 5719 1132 5775 Tim.
1171 5735 1245 5783 ιι,
1272 5719 1326 5774 ι.
1400 5718 1424 5752 ⁸
1459 5717 1645 5775 Itatth.
1675 5731 1821 5782 nu,
1858 5714 1944 5773 16.

912 5813 960 5882 t)
989 5813 1229 5880 Αὺτούς.
1252 5812 1317 5866 Et
1341 5813 1602 5866 sententia
1625 5818 1676 5864 et
1701 5820 1992 5882 syntaxcos
2019 5817 2157 5866 ratio
2179 5807 2414 5882 postulat
2441 5808 2642 5875 αὐτοῖς,
2678 5808 2837 5866 Eutr.

890 5881 964 5956 (2)
994 5882 1147 5938 Colb.
1179 5884 1337 5940 habet
1362 5883 1735 5953 ἁπονμῃτικοί.

4045 158 4305 240 ,ππ-η
