4354 6394
335 448 437 545 us

1448 489 1949 548 COMMENTARIA
1986 492 2053 548 ῐΝ
2092 492 2426 549 PSAIMOS.

3431 506 3534 561 690

333 603 427 658 καὶ¹
460 601 740 673 ὑποκρίσει
784 602 1146 667 άπαλύνοντες
1193 603 1402 657 ἑαυτῶν
1444 607 1569 670 τοὺς
1609 605 1799 675 λόγους
1829 608 1892 660 ἐκ
1920 612 1965 668 Α
1992 609 2052 664 tit

1829 608 1892 660 ὲκ
1920 612 1965 668 Α
1992 609 2137 665 tione
2168 610 2471 666 mollientes
2504 612 2675 681 palam
2730 630 3009 672 sermones
3040 632 3194 683 suos,
3234 618 3361 676 dum
3393 621 3533 678 intus

333 694 425 748 τοῦ
467 693 723 763 φανεροῦ,
757 694 954 748 ἔσωθεν
992 694 1050 749 δὲ
1093 690 1288 760 αὐτοὺς
1333 698 1709 763 ἀκοντίσαντες
1753 700 1893 771 ὑπὲρ

335 785 570 857 βολίδας,
619 784 754 838 ἀλλὰ
800 786 893 840 καὶ
931 787 1089 851 αὐτὸς
1131 790 1159 841 6
1197 787 1460 859 προδότης
1505 789 1741 858 γεγονὼς
1792 791 1891 863 τοῦ

282 888 283 891 ‘
332 877 605 949 Σωτῆρος,
638 877 825 959 ὁποίου
851 878 1035 943 τέλους
1071 878 1348 944 τεύξονται
1379 879 1701 951 δεδήλωταιο
1732 882 1795 934 σὺ
1834 881 1892 935 δὲ

329 970 359 1023 6
408 969 612 1022 τούτων
656 968 1021 1041 ἀκροώμενος,
1074 970 1456 1041 σωφρονισθεὶς
1495 970 1603 1024 ἀπὸ
1644 970 1737 1026 τοῦ
1784 971 1893 1025 τῶν

331 1057 777 1129 προλελεγμένων
828 1059 1037 1122 τέλους,
1090 1060 1182 1113 καὶ
1225 1061 1254 1113 6
1306 1059 1383 1130 τῷ
1439 1063 1892 1131 προφητευομένῳ

329 1149 450 1202 ὅλον
483 1148 677 1203 σαυτδν
717 1150 1006 1215 ἐπιδιδοὺς,
1039 1151 1247 1224 Θάρσει,
1276 1151 1375 1221 τὴν
1410 1151 1606 1205 σαυτοῦ
1640 1152 1895 1224 φροντίδα

332 1240 627 1312 ὲπιρῤίψας
662 1243 748 1294 ἐπ’
795 1242 977 1307 αὐτὸν,
1010 1225 1099 1295 οἷα
1140 1243 1315 1313 Καινῇ
1343 1242 1584 1315 Διαθήκῃ
1628 1243 1895 1314 μαθητευ-

331 1330 466 1397 θεὶς,
502 1333 567 1385 δι’
596 1327 663 1405 ἧς
692 1334 851 1398 αὐτὸς
886 1336 915 1388 6
938 1334 1126 1407 Σωτὴρ
1154 1334 1396 1388 παιδεύει
1418 1333 1621 1403 λέγων’
1656 1334 1753 1402 Μὴ
1798 1352 1896 1405 με·

328 1422 658 1494 ριμνήσητε
706 1425 764 1478 τι
812 1422 1054 1494 φάγητε,
1094 1424 1249 1495 μηδὲ
1294 1426 1350 1479 τί
1400 1425 1599 1493 πίητε·
1642 1416 1893 1495 καὶνΜὴ

331 1513 639 1582 κτήσησθε
677 1515 910 1583 χρυσὸν
948 1515 1102 1584 μηδὲ
1134 1516 1427 1587 γάργυρον,
1470 1516 1623 1587 μηδὲ
1667 1518 1896 1587 χαλκὸν

332 1609 422 1673 είς
477 1605 792 1673 τὰς-ζώνας
836 1605 1018 1676 ὑμῶν.
1056 1606 1217 1661 Ταῦτ’
1251 1605 1342 1662 οῦν
1388 1608 1643 1677 φυλάξας,
1676 1609 1895 1681 ἐπιρρι-

331 1690 456 1768 φον
482 1696 579 1751 ἐπὶ
612 1696 829 1764 Κύριον
852 1696 968 1765 τὴν
1001 1698 1292 1767 μέριμνάν
1323 1713 1460 1763 σου,
1486 1697 1581 1751 καὶ
1620 1699 1800 1765 αὐτός
1822 1714 1897 1752 σε

332 1788 653 1857 διαθρέψει,
684 1788 772 1841 τὸν
804 1787 966 1860 ἄρτον
1011 1807 1093 1843 σοι
1125 1790 1299 1854 διδοὺς
1341 1790 1432 1843 τὸν
1474 1790 1765 1854 ἐπιούσιον,
1802 1790 1896 1845 καὶ

333 1880 432 1949 τὴν
476 1878 694 1948 λογικὴν
745 1877 838 1930 καὶ
880 1880 1198 1950 ἐπουράνιον
1253 1878 1491 1951 τροφήν·
1540 1878 1795 1951 ἐπαρκῶν
1839 1878 1893 1931 δὲ

334 1939 424 2029 καὶ
442 1973 510 2027 τὰ
526 1939 665 2045 πρὸς
675 1974 766 2027 τὸν
788 1974 899 2045 βίον
914 1939 1167 2045 χρειώδη.
1186 1939 1378 2043 Τούιτω
1480 1972 1589 2043 γάρ
1627 1939 1893 2043 ἐπήγγελ-
1905 2023 1913 2034 ,
1926 1939 1969 1995 Β

331 2082 419 2119 ται
460 2066 665 2135 φήσας·
713 2061 849 2120 Οἵδε
890 2066 1000 2135 γὰρ
1039 2067 1073 2119 ὁ
1112 2062 1313 2132 Πατὴρ
1345 2064 1510 2132 ὑμῶν
1551 2066 1584 2118 d
1617 2062 1891 2131 οὐράνιος

331 2151 417 2211 ὧν
440 2157 650 2226 χρείαν
674 2157 844 2226 ἔχετε
872 2156 985 2224 πρὸ
1016 2154 1123 2209 τοῦ
1153 2172 1207 2209 τι
1233 2155 1417 2209 αὐτὸν
1446 2153 1683 2222 αἰτῆσαι
1715 2153 1889 2223 ὑμᾶς.

331 2250 521 2315 Αὐτός
559 2262 633 2302 σε
675 2248 742 2301 δὲ
781 2246 1101 2316 διαθρέψει,
1149 2246 1224 2309 ὼς
1283 2245 1377 2299 καὶ
1428 2245 1603 2299 πάντα
1648 2245 1851 2300 δίκαιον
1875 2262 1889 2276 ·

332 2338 518 2393 ούδένα
557 2338 665 2412 γὰρ
709 2339 925 2392 πώποτε
973 2337 1080 2390 τῶν
1112 2335 1332 2388 δικαίων
1365 2335 1770 2400 καταλέλοιπεν,
1819 2335 1895 2398 ὡς

332 2432 622 2505 ὑπομεῖναι
654 2434 814 2489 αὑτὸν
849 2432 1008 2486 σάλον
1046 2429 1181 2501 πρὸς
1222 2428 1282 2482 τὸ
1328 2428 1651 2501 σαλευθῆναι
1686 2428 1780 2482 καὶ
1812 2428 1897 2481 ὲκ-

332 2528 537 2580 πεσεῖν.
569 2525 660 2581 Διὸ
692 2524 934 2579 λέλεκται
965 2521 1092 2590 ὲξῆς
1114 2537 1128 2551 ·
1163 2522 1245 2574 Οὑ
1269 2518 1447 2573 δώσει
1476 2522 1563 2586 εὶς
1584 2518 1689 2573 τὸν
1713 2518 1897 2573 αἰῶνα

333 2615 529 2669 σάλον
569 2615 649 2682 τῷ
695 2614 930 2680 δικαίφσ
978 2611 1012 2681 ἥ
1058 2610 1199 2664 κατά
1248 2610 1339 2665 τὸν
1384 2610 1713 2681 Σύμμαχον·
1772 2612 1895 2664 Οὐκ

334 2703 583 2760 ἐκδώσει
625 2706 712 2771 εὶς
738 2704 921 2757 αἰῶνα
963 2700 1316 2769 κλεισθῆναι
1365 2698 1614 2754 δίκαιον.
1671 2699 1761 2753 Διὸ
1810 2700 1899 2752 λέ-

335 2794 520 2850 λεκται
566 2797 623 2848 ὲν
665 2795 866 2864 ἑτέροις
891 2811 902 2821 ·
953 2791 1244 2859 Νεὼτερος
1286 2790 1596 2859 ἐγενόμην,
1644 2789 1741 2843 καὶ
1788 2788 1896 2858 γὰρ

333 2888 620 2957 ἐγήρασα,
659 2886 758 2941 καὶ
787 2887 900 2949 οὐκ,
936 2880 1097 2949 εἶδον
1122 2883 1353 2937 δίκαιον
1375 2880 1897 2953 ἐγκαταλελειμμέ-

334 2995 465 3041 νον,
501 2977 643 3031 οὺδὲ
668 2977 735 3030 τὸ
762 2966 999 3045 σπέρμᾶ
1019 2974 1202 3031 αὑτοῦ
1233 2974 1444 3043 ζητοῦν
1467 2974 1702 3041 ἄρτους.
1731 2971 1894 3026 Ταῦτ’

335 3067 526 3132 είπὼν,
557 3067 682 3137 ἑξῆς
722 3067 916 3136 ἐπάγει
947 3066 1075 3137 περὶ
1120 3066 1225 3119 τῶν
1272 3065 1569 3119 ἐπιϐούλων
1597 3064 1692 3119 τοῦ
1719 3065 1897 3135 Σωτῆ-

339 3177 431 3230 ρος
453 3160 537 3225 τὸ,
568 3159 652 3213 Σὺ
684 3159 753 3213 δὲ
794 3162 826 3213 ό
870 3158 1012 3224 Θεὸς
1051 3156 1323 3224 κατάξεις
1353 3157 1572 3225 αὐτοὺς
1597 3159 1683 3225 είς
1717 3156 1899 3227 φρέαρ

1993 710 2315 756 exacuerent
2348 702 2469 771 plus
2493 718 2652 772 quam
2683 706 2818 771 tela,
2849 706 2957 760 imo
2989 708 3151 762 etiam
3202 709 3317 780 ipse
3351 713 3535 767 Salva-

1993 790 2127 845 toris
2155 792 2419 861 proditor,
2454 808 2613 863 quem
2647 794 2806 849 ﬁnem
2847 800 3057 853 nacturi
3084 799 3193 854 sint
3231 801 3337 866 iam
3368 804 3540 858 decla-

1991 887 2166 934 ratum
2196 888 2315 948 est;
2351 892 2407 937 tu
2437 898 2567 938 vero
2591 885 2682 954 qui
2724 885 2836 939 haec
2865 888 3159 952 auscultas,
3183 904 3371 944 eorum
3401 908 3541 961 quos

1991 972 2329 1027 narravimus
2357 974 2503 1028 exitu
2538 974 2776 1044 prudens
2799 975 3023 1033 eﬂ‘ectus
3046 1018 3061 1043 ,
3104 986 3158 1032 et
3191 980 3438 1050 quisquis
3486 981 3535 1037 ei

1991 1061 2083 1127 qui
2125 1061 2181 1113 in
2211 1061 2464 1117 vaticinio
2500 1062 2666 1117 fertur
2718 1070 2771 1117 te
2827 1070 2997 1118 totum
3028 1064 3259 1131 dedisti,
3305 1068 3536 1134 conﬁde,

1990 1148 2213 1204 edoctus
2230 1164 2258 1203 a
2273 1148 2423 1205 Novo
2450 1150 2794 1207 Testamento
2822 1168 3007 1208 curam
3025 1161 3171 1208 tuam
3205 1171 3364 1225 super
3384 1156 3539 1211 illum

1987 1237 2215 1307 jactare,
2250 1240 2339 1293 ubi
2373 1241 2488 1310 ipse
2523 1239 2769 1296 Salvator
2817 1243 2959 1299 hanc
2994 1244 3294 1299 doctrinam
3335 1245 3536 1301 tradit:

1996 1327 2174 1382 Nolite
2205 1330 2421 1383 solliciti
2450 1347 2561 1385 esse
2586 1333 2707 1402 quid
2741 1333 3083 1400 manducetis,
3120 1346 3212 1389 aut
3243 1335 3365 1407 quid
3394 1336 3540 1389 biba-

1994 1419 2062 1472 tis
2093 1420 2155 1483 ’ς
2210 1427 2263 1473 et
2306 1438 2319 1473 :
2362 1419 2541 1475 Nolite
2564 1424 2827 1492 possidere
2864 1441 3083 1491 aurum,
3116 1443 3205 1480 nec
3241 1430 3539 1497 argentum,

1994 1527 2152 1581 neque
2183 1528 2252 1565 ws
2280 1513 2335 1565 in
2383 1514 2527 1566 zonis
2556 1524 2739 1569 vestris
2773 1517 2812 1570 ⁸.
2846 1515 2969 1572 Haec
3000 1518 3180 1589 itaque
3207 1533 3329 1573 cum
3359 1533 3542 1575 serva-

1993 1604 2155 1667 veris,
2183 1603 2335 1672 jacta
2369 1620 2521 1671 super
2546 1604 2825 1659 Dominum
2852 1624 3030 1662 curam
3058 1618 3222 1673 tuam,
3263 1620 3312 1664 et
3351 1612 3457 1680 ipse
3494 1619 3543 1665 te

1994 1695 2219 1749 enutriet
2248 1734 2262 1759 ,
2311 1695 2447 1751 dans
2477 1696 2573 1749 tibi
2619 1711 2809 1766 panem
2847 1700 3417 1768 supersubstantialem
3442 1742 3456 1765 ,
3490 1712 3545 1757 et

1996 1786 2309 1840 rationalem
2372 1786 2756 1857 coelestemque
2826 1788 3055 1856 cibum;
3120 1790 3544 1847 subtninistrans

1997 1892 2212 1948 quoque
2244 1892 2305 1933 ea
2347 1893 2466 1947 quae
2503 1889 2629 1934 sunt
2653 1880 2720 1934 ad
2748 1881 2909 1934 vitam
2940 1882 3245 1937 necessaria
3271 1901 3283 1935 :
3321 1882 3372 1938 id
3398 1884 3541 1937 enim

1994 1966 2266 2036 pollicitus
2287 1967 2371 2023 his
2403 1969 2582 2025 verbis
2614 1977 2697 2023 est
2724 1988 2736 2023 :
2765 1968 2874 2023 Scit
2912 1973 3047 2025 enim
3084 1972 3244 2027 Pater
3267 1982 3431 2028 vester
3452 1990 3546 2029 cae-

1992 2057 2136 2111 lestis
2159 2073 2379 2127 quorum
2409 2073 2535 2127 opus
2572 2058 2792 2125 habetis,
2818 2071 3089 2132 antequam
3111 2064 3231 2133 quid
3250 2080 3334 2118 vos
3356 2066 3543 2132 petatis

1994 2148 2059 2201 ab
2088 2149 2198 2217 ipso
2227 2151 2269 2203 ⁷.
2302 2148 2421 2219 Ipse
2457 2159 2503 2205 te
2521 2152 2764 2215 enutriet,
2799 2162 2858 2207 ut
2900 2163 2953 2208 et
2986 2156 3279 2225 quemlibet
3311 2156 3541 2227 justum;

1992 2241 2262 2298 neminem
2292 2244 2434 2297 enim
2473 2243 2747 2313 justorum
2790 2260 3027 2316 unquam
3081 2248 3155 2301 ita
3201 2248 3446 2319 reliquit,
3485 2258 3546 2303 ut

1994 2332 2397 2391 ﬂuctuationem
2441 2344 2735 2406 pateretur,
2773 2351 2835 2391 ac
2885 2339 3163 2394 vacillaret
3215 2348 3268 2395 et
3310 2339 3543 2395 caderet.

1995 2426 2174 2493 Quare
2198 2427 2299 2481 sub
2327 2427 2441 2483 haec
2467 2427 2669 2483 dictum
2705 2436 2825 2483 est:
2869 2428 2988 2484 Non
3030 2430 3175 2483 dabit
3207 2432 3261 2485 in
3299 2440 3548 2485 teternum

1996 2501 2387 2583 ﬂuctuationem
2408 2518 2581 2581 iusto;
2605 2518 2718 2573 sive
2744 2527 2799 2571 ut
2828 2517 3218 2590 Symmachus:
3252 2520 3371 2575 Non
3403 2522 3548 2575 dabit

1996 2608 2051 2659 in
2079 2598 2326 2661 (etei-num
2346 2608 2523 2661 claudi
2532 2608 2762 2676 justum.
2790 2608 2914 2664 Ideo
2942 2610 3068 2664 alibi
3092 2610 3290 2665 dicitur
3315 2628 3329 2665 :
3357 2609 3547 2664 Iunior

1995 2693 2095 2762 fui,
2120 2695 2307 2747 etenim
2335 2698 2511 2761 senui,
2556 2706 2605 2748 et
2647 2712 2748 2748 non
2801 2698 2905 2750 vidi
2944 2698 3156 2765 justum
3208 2698 3545 2766 derelictum,

1996 2798 2087 2835 nec
2114 2798 2284 2837 semen
2311 2783 2424 2852 ejus
2453 2800 2683 2854 quterens
2730 2801 2889 2851 panes
2936 2786 2977 2838 ⁸.
3037 2783 3131 2841 His
3162 2787 3383 2856 prolatis
3407 2828 3423 2853 ,
3478 2786 3548 2844 de

1995 2870 2402 2929 insidiatoribus
2428 2872 2724 2930 Salvatoris
2744 2876 2846 2930 hoc
2868 2875 3053 2945 adjicit
3077 2895 3090 2930 :
3127 2876 3203 2929 Tu
3224 2892 3357 2943 vero,
3388 2875 3545 2944 Deus,

1996 2964 2214 3019 deduces
2255 2982 2341 3019 eos
2386 2967 2441 3020 in
2479 2976 2689 3034 puteum
2736 2968 3012 3030 interitus;
3051 2968 3192 3032 sive,
3249 2968 3547 3023 secundum

2000 3053 2401 3126 Symmachum,
2435 3054 2513 3110 Tu
2543 3073 2680 3121 vero,
2712 3046 2886 3121 Dens,
2927 3056 3135 3126 dejicies
3164 3073 3249 3111 eos
3276 3059 3329 3111 in
3371 3057 3548 3111 lacum

1997 3146 2238 3201 interitus
2269 3149 2331 3201 ἐ
2384 3147 2452 3203 de
2497 3163 2606 3218 quo
2642 3149 2764 3203 lacu
2816 3157 3066 3206 sexcenta
3119 3147 3365 3218 superius
3405 3148 3549 3202 dicta

335 3249 657 3335 διαφθορᾶς
680 3268 692 3281 ·
728 3249 936 3323 ἦηκατὰ
962 3250 1051 3303 τὸν
1095 3250 1413 3335 Σύμμαχονέ
1446 3250 1531 3305 Σὺ
1570 3251 1638 3305 δὲ
1680 3254 1713 3305 ὀ
1756 3252 1896 3319 Θεὸς
1925 3270 1966 3328 C
2002 3256 2054 3296 ευ

1832 3252 1896 3319 ὸς
1925 3270 1966 3328 C
2002 3247 2129 3296 sunt
2138 3278 2161 3327 3
2197 3240 2425 3310 exempli
2456 3239 2628 3312 gratia
2654 3259 2666 3294 :
2702 3239 3020 3309 Exspectans
3052 3240 3337 3313 exspectavi
3367 3238 3550 3293 Domi-

336 3328 710 3410 κατενέγκεις
744 3341 968 3406 αὐτοὺς
998 3343 1081 3405 είς
1108 3340 1339 3394 λάκκον
1379 3334 1729 3410 διαφθορᾶς·
1778 3343 1905 3412 περὶ
1997 3348 2055 3385 ηδ

1829 3343 1905 3412 ερὶ
1997 3348 2140 3394 num,
2167 3341 2216 3385 et
2239 3332 2464 3386 intendit
2490 3332 2637 3396 mihi,
2653 3342 2701 3386 et
2729 3333 2906 3387 eduxit
2936 3348 3014 3386 me
3038 3332 3101 3385 de
3122 3332 3236 3385 lacu
3261 3328 3479 3414 miseria:
3499 3341 3548 3386 et

334 3425 396 3486 οῦ
423 3431 625 3485 λάκκου
659 3432 826 3502 μυρία
854 3431 944 3485 διὰ
969 3429 1074 3484 τῶν
1108 3430 1411 3502 ἔμπροσθεν
1444 3431 1654 3505 εἴρηται
1674 3448 1688 3463 ο
1712 3430 1900 3504 ὥσπερ
2002 3420 2053 3473 di

1827 3449 1900 3504 τερ
2002 3420 2065 3473 de
2091 3424 2199 3473 luto
2221 3420 2367 3489 {teris
2403 3420 2476 3487 ¹⁰;
2499 3435 2563 3474 ac
2592 3436 2807 3501 rursum
2841 3437 2854 3470 :
2887 3418 3175 3490 Nequando
3201 3430 3372 3473 taceas
3395 3434 3546 3482 ante,

340 3525 399 3575 ὲν
444 3522 549 3593 τῷ⁹
610 3516 937 3592 Ὑπομένων
986 3522 1272 3591 ὑπέμεινα
1326 3522 1433 3576 τόν
1489 3524 1744 3591 Κύριον,
1805 3523 1901 3578 καὶ
1999 3519 2049 3565 ει

1830 3523 1901 3578 ταὶ
1999 3519 2049 3565 et
2075 3510 2408 3565 assimilabor
2430 3510 2854 3585 descendentibus
2883 3511 2937 3564 in
2975 3510 3146 3587 laeum
3190 3509 3264 3571 “;
3324 3509 3549 3563 iterum-

338 3615 645 3685 προσέσχε
674 3632 794 3683 μοι,
839 3616 938 3669 καὶ
974 3614 1233 3684 ἀνήγαγέ
1260 3631 1335 3683 με
1358 3614 1427 3667 ἐκ
1447 3614 1676 3669 λάκκου
1705 3620 1903 3670 ταλαι-
1948 3604 1951 3609 ’
2000 3619 2057 3674 αι

1824 3633 1903 3670 αι-
1948 3604 1951 3609 ’
2000 3604 2141 3674 que:
2175 3602 2411 3667 Domine,
2445 3602 2671 3656 eduxisti
2707 3602 2770 3655 ab
2814 3602 3015 3670 inferno
3056 3602 3286 3659 animam
3342 3602 3543 3682 meam,

338 3708 580 3774 πωρίας,
629 3706 728 3760 καὶ
760 3706 878 3761 ἀπὸ
911 3705 1106 3775 πηλοῦ
1153 3707 1352 3773 ίλύος·
1406 3706 1497 3759 καὶ
1534 3706 1729 3760 πάλιν
1780 3709 1903 3777 Μή·
2002 3711 2057 3747 δα

1828 3709 1903 3777 ῖή..
2002 3694 2219 3747 salvasti
2250 3708 2330 3745 me
2361 3709 2393 3745 α
2421 3690 2842 3746 descendentibus
2884 3691 2939 3743 in
2988 3690 3179 3743 lacum.
3204 3686 3333 3743 'Sed
3367 3688 3547 3759 justus

340 3815 486 3852 ποτε
507 3784 997 3867 ,παρασιωπήσῃς
1021 3797 1120 3870 ἀπ’
1147 3796 1311 3866 ἐμοῦ,
1342 3797 1439 3852 καὶ
1469 3798 1904 3868 ὀμοιωθήσομαι
2003 3801 2059 3856 Ψ

1831 3816 1904 3853 [αι
2003 3785 2215 3856 quidem
2240 3785 2469 3859 eruitur,
2498 3790 2559 3838 ut
2585 3798 2651 3837 ne
2699 3782 2755 3836 in
2801 3790 3154 3837 memoratum
3188 3781 3362 3836 lacum
3400 3779 3550 3837 defe-

337 3891 464 3958 τοῖς
505 3892 965 3945 καταϐαίνουσιν
1005 3892 1092 3956 εἰς
1123 3889 1378 3944 λάκκον
1418 3890 1511 3943 καὶ
1560 3884 1743 3953 αὖθις’
1782 3891 1901 3946 Κύ-
2000 3894 2056 3932 1⁵³

1833 3891 1901 3943 ἰ)-
2000 3885 2185 3944 ratur;
2214 3874 2362 3945 impii
2393 3889 2519 3929 vero
2565 3872 2618 3927 in
2643 3873 2817 3943 ipsum
2848 3872 3196 3942 dejiciuntur,
3224 3888 3255 3926 a
3279 3871 3387 3928 Deo
3420 3888 3552 3944 prae-

337 3996 446 4047 ριεν
474 3980 769 4050 ἀνήγαγες
804 3980 873 4045 ἑξ
903 3979 1050 4047 ᾅδου
1088 3980 1205 4049 τὴν
1240 3979 1450 4049 ψυχήν
1490 3997 1628 4049 μου,
1663 3978 1904 4045 ἐσωσάς
2003 3971 2050 4024 ci

1829 3978 1904 4045 νάς
2003 3968 2210 4041 cipitati
2237 3965 2393 4038 quasi
2440 3965 2497 4020 in
2540 3974 2921 4037 congruentem
2954 3965 3056 4021 sibi
3088 3964 3287 4020 locum.
3348 3962 3548 4018 Lacum

336 4070 559 4139 μεάπὸ
597 4070 715 4125 τῶν
760 4072 1234 4125 καταϐαινόντων
1267 4072 1352 4134 εἰς
1395 4067 1644 4122 λάκκον.
1707 4068 1842 4122 Ἀλλ’
1875 4071 1903 4122 6
2004 4077 2055 4116 at

1829 4069 1842 4086 ‘
1875 4071 1903 4122 ὁ
2004 4069 2179 4116 autem
2210 4058 2471 4122 miserim,
2502 4060 2670 4112 lutum
2706 4057 2853 4112 faecis
2904 4063 2959 4111 et
3005 4065 3229 4127 puteum
3257 4056 3508 4111 interitus
3529 4094 3547 4117 .

341 4162 443 4231 μὲν
473 4160 679 4225 δίκαιος
705 4159 1024 4223 διασώζεται
1057 4160 1190 4232 πρὸς
1218 4160 1280 4213 τὸ
1313 4159 1386 4229 μὴ
1420 4158 1805 4231 κατενεχθῆναι
1825 4161 1905 4224 είς
2004 4170 2054 4208 m

1834 4161 1905 4224 είς
2004 4154 2192 4208 mortis
2233 4151 2409 4206 locutn
2439 4165 2635 4205 vocare
2689 4151 2822 4205 solet
2858 4147 3153 4219 Scriptura,
3188 4149 3242 4202 in
3272 4162 3429 4218 quem
3459 4145 3553 4200 de-

337 4252 431 4305 τδν
458 4251 783 4323 δηλούμενον
806 4251 1005 4304 λάκκον
1023 4267 1036 4280 ·
1066 4252 1116 4303 oi
1142 4247 1197 4303 δὲ
1226 4250 1442 4314 ἀσεϐεῖς
1474 4250 1623 4305 κάτω
1652 4251 1904 4323 φέρονται
1999 4246 2056 4315 ,ἱίε

1831 4268 1904 4305 παι
1999 4244 2261 4315 jiciuntur
2308 4242 2502 4297 anima:
2534 4241 2850 4312 impiorum,
2895 4242 3066 4296 instar
3101 4252 3287 4293 eorum
3340 4235 3433 4305 qui
3479 4234 3550 4289 ab

338 4345 421 4407 είς
445 4343 626 4407 αὐτὸν,
653 4342 757 4396 ὑπὸ
780 4341 874 4396 τοῦ
898 4340 1032 4395 Θεοῦ
1056 4342 1634 4414 καταρασσόμενοι.ίὼς
1662 4345 1742 4409 είς
1775 4362 1904 4398 κατ·
2004 4336 2057 4391 al

1829 4362 1904 4397 ιτ-
2004 4336 2113 4391 alto
2132 4335 2265 4411 loco
2316 4333 2373 4388 in
2417 4334 2901 4403 lacumaquarum
2949 4328 3375 4400 praecipitantur.
3412 4326 3548 4391 Quia

339 4434 785 4507 άλληλονλαύτοῖς
819 4432 1040 4504 χωρίον.
1074 4432 1288 4505 Λάκκον
1327 4433 1384 4487 δὲ
1407 4435 1780 4507 ταλαιπωρίας
1814 4435 1903 4488 καὶ
2004 4443 2058 4482 νε

1828 4435 1903 4488 cal
2004 4442 2130 4482 vero
2162 4425 2411 4497 superius
2435 4425 2732 4496 Salvatoris
2755 4422 2929 4479 nostri
2954 4419 3328 4475 interfectores
3352 4433 3547 4474 memo-

339 4528 512 4598 πηλὸν
558 4526 720 4590 ίλύος,
764 4527 856 4603 καὶ
890 4526 1066 4599 φρέαρ
1091 4526 1385 4599 διαφθορᾶς
1421 4528 1512 4581 τὸν
1536 4528 1628 4582 τοῦ
1673 4527 1901 4582 θανάτου
2002 4535 2058 4573 ra

1832 4544 1901 4581 που
2002 4519 2165 4584 τεινίῑ,
2189 4524 2583 4588 consequenter
2606 4516 2719 4584 jam
2747 4512 2812 4568 de
2838 4510 3028 4567 iisdem
3054 4510 3127 4565 ait
3152 4527 3165 4561 :
3206 4508 3318 4561 Viri
3346 4510 3551 4595 sangui-

338 4615 507 4673 τόπον
538 4618 720 4673 καλεῖν
770 4618 954 4673 εἴωθεν
983 4619 1011 4670 6
1055 4619 1240 4687 λόγος·
1269 4621 1347 4691 είς
1387 4620 1446 4674 ὃν
1479 4620 1902 4674 καταδάλλονται

338 4710 499 4779 δίκην
536 4709 646 4765 τῶν
694 4708 897 4763 ἄνωθεν
939 4710 1392 4782 καταφερομένων
1433 4712 1490 4765 ὲν
1530 4712 1642 4774 τοῖς
1683 4710 1903 4773 λάκκοις

339 4799 551 4853 ὑδάτων
595 4800 651 4852 αἱ
696 4797 803 4852 τῶν
848 4799 1055 4853 ἀσεϐῶν
1085 4799 1272 4869 ψυχαί.
1325 4802 1436 4854 Καὶ
1475 4801 1769 4871 ἐπειδήπερ
1817 4799 1904 4852 διὰ

337 4887 450 4946 τῶν
491 4887 797 4959 ἔμπροσθεν
838 4887 965 4951 τοὺς
1006 4886 1266 4956 φονευτάς
1310 4888 1403 4942 τοῦ
1453 4889 1700 4960 Σωτῆρος
1746 4888 1902 4959 ἡμῶν

341 4977 550 5049 ἐδήλου,
583 4978 890 5042 ἀκολούθως
923 4978 1015 5032 καὶ
1045 4978 1140 5035 νῦν
1168 4979 1297 5051 περὶ¹
1340 4979 1448 5034 τῶν
1480 4978 1656 5035 αὐτῶν
1703 4990 1896 5049 φησιν·

343 5067 583 5136 Ἄνδρες
612 5068 870 5149 αἱμάτων
897 5070 991 5123 καὶ
1020 5070 1359 5139 δολιότητος
1382 5088 1394 5100 ·
1425 5073 1498 5126 οὐ
1523 5070 1609 5141 μὴ
1654 5070 1901 5138 ἠμεισεύ-

339 5173 496 5214 σωσι
536 5158 643 5224 τὰς
673 5159 894 5228 ἡμέρας
930 5162 1158 5217 αὐτῶνθ
1202 5163 1235 5237 ἢ
1270 5162 1410 5216 κατά
1441 5163 1528 5217 τὸν
1569 5160 1859 5233 Σύμμαχον
1883 5178 1896 5191 ·

342 5251 660 5318 Μιαιφόνοι
706 5247 805 5303 καὶ
834 5249 1024 5304 δόλιοι
1052 5254 1165 5321 οὐχ
1200 5254 1574 5322 ἡμισεύσωσι
1620 5252 1725 5318 τὰς
1765 5254 1905 5321 ἡμέ-

336 5360 453 5412 ρας
480 5337 678 5395 αὐτῶν
695 5354 710 5369 ⁶
737 5339 938 5410 ἢ-κατά
961 5340 1052 5393 τὸν
1086 5341 1311 5395 ’Δκύλαν
1332 5361 1344 5373 ·
1382 5342 1621 5418 Ἄνδρες
1645 5338 1905 5412 αίμάτων

345 5431 443 5486 καὶ
484 5427 802 5496 ἐπιθέσεως
843 5431 955 5497 οὐχ
992 5430 1402 5497 ἠμισεύσωσιν
1430 5431 1650 5502 ἡμέρας
1686 5432 1901 5490 αὐτῶν.

345 5524 579 5595 Νοήσεις
608 5521 665 5575 δὲ
692 5521 839 5584 ὅπως
880 5508 1211 5593 ἐπληροῦντο
1237 5523 1332 5577 καὶ
1366 5510 1538 5578 ταῦτα
1583 5524 1904 5595 ἐπιστήσας,

346 5614 425 5678 ὡς
455 5614 793 5687 παραχρῆμα
824 5612 920 5667 καὶ
947 5614 1062 5683 μετ’
1090 5613 1151 5667 οὐ
1184 5613 1349 5669 πολὺν
1376 5615 1581 5686 ’χρόνον
1621 5621 1719 5687 τῆς
1764 5618 1907 5682 κατὰ

418 5729 441 5760 ⁸
481 5725 672 5782 Matth.
706 5741 762 5779 vr
796 5724 885 5780 25.
971 5724 992 5792 ξ
1030 5723 1224 5779 Matth.
1258 5723 1379 5793 x,9.
1487 5726 1507 5758 '
1546 5724 1676 5783 Luc.
1712 5691 1922 5792 xu,30:

348 5811 536 5861 “xu,
594 5798 646 5851 1.
723 5796 766 5827 ¹⁸
802 5794 942 5869 Psal.
980 5787 1142 5861 ius,
1175 5795 1231 5849 ι.

424 5888 503 5959 (1)
539 5886 749 5949 Τούτῳ.
790 5886 1060 5957 Inter-pres
1084 5885 1282 5957 legisse
1309 5884 1525 5943 videtur
1558 5900 1732 5939 τουτο.
1776 5879 1935 5940 Enn.

679 5980 953 6045 Ριτιιοι..
987 5981 1103 6044 Gn.
1137 5978 1375 6043 XXIII.

1930 4661 1979 4721 ι)

2005 4627 2130 4665 num
2159 4620 2207 4665 et
2232 4610 2403 4667 dolosi
2434 4625 2536 4662 non
2558 4602 2908 4659 dimidiabunt
2936 4601 3044 4656 dies
3074 4615 3228 4666 suos;
3272 4601 3417 4663 sive,
3468 4615 3555 4654 se-

2006 4701 2243 4757 cundum
2278 4700 2689 4772 Symmacaum,
2728 4693 3069 4765 Sanguinarii
3093 4703 3140 4748 et
3164 4692 3334 4747 dolosi
3356 4708 3458 4746 non
3482 4691 3557 4742 di-

2004 4794 2300 4849 midiabunt
2328 4791 2437 4844 dies
2460 4803 2613 4851 suos;
2651 4786 2736 4842 vel
2780 4784 3079 4841 secundum
3130 4783 3409 4855 Aquilam,
3442 4781 3557 4835 Vin

2007 4885 2314 4955 sanguinum
2340 4889 2388 4935 et
2405 4878 2628 4932 insultas
2649 4893 2751 4931 non
2767 4876 3115 4931 dimidiabunt
3134 4875 3242 4929 dies
3265 4889 3408 4929 suos.
3430 4870 3556 4925 Haec

2008 4986 2067 5031 ut
2096 4975 2312 5047 impleta
2342 4959 2564 5035 fuerint,
2598 4970 2886 5041 intelliges,
2917 4969 2960 5024 si
2993 4966 3319 5038 perpendas,
3349 4962 3551 5025 statim,

2008 5081 2107 5121 nec
2134 5064 2314 5133 elapso
2340 5060 2509 5113 multo
2527 5068 2768 5129 tempore
2796 5057 2865 5112 ab
2888 5055 3096 5111 insidiis
3115 5061 3300 5108 contra
3314 5049 3544 5104 Salvato-

2007 5171 2121 5212 rem
2142 5160 2409 5219 nostrum,
2431 5158 2603 5207 totum
2626 5164 2794 5221 genus
2833 5152 3251 5203 memoratorum
3276 5140 3553 5195 hominum.

2008 5244 2263 5323 perniciei
2294 5243 2541 5299 funditus
2569 5242 2828 5298 traditum
2848 5254 2999 5303 esse,
3034 5233 3315 5323 invadente
3354 5243 3449 5323 eos
3476 5230 3560 5285 ira

2010 5318 2064 5394 in
2113 5334 2393 5392 obsidione
2446 5334 2709 5392 Romanis
2752 5332 2949 5387 bellum
3010 5320 3359 5382 inferentibus
3391 5318 3554 5374 facta.

2010 5430 2122 5486 Imo
2161 5428 2327 5484 etiam
2367 5427 2423 5483 in
2483 5425 2737 5499 praesenti
2762 5412 3285 5493 tempore'mortalis
3332 5408 3560 5478 hujusce

2012 5526 2153 5585 vitae,
2182 5526 2394 5575 eumne
2427 5518 2708 5576 dimidium
2742 5515 2958 5587 quidem
2988 5507 3196 5563 dierum
3229 5508 3559 5571 exegissent,

2011 5610 2319 5683 hujusmodi
2353 5611 2613 5682 perniciei
2644 5607 2741 5665 viri
2796 5605 2873 5661 illi
2908 5597 3228 5671 sanguinem
3280 5599 3336 5649 et
3371 5590 3567 5665 dolosi

2033 5724 2056 5755 ⁸
2093 5721 2239 5780 Psal.
2272 5721 2562 5790 xxxvxﬂb.
2640 5720 2681 5767 μ’
2718 5714 2861 5775 Psal.
2896 5720 3135 5775 Lxxxvn,
3167 5705 3224 5762 7.
3328 5703 3371 5735 “
3408 5702 3565 5764 Psal.

3205 5963 3283 6023 16
