4354 6400
837 463 948 518 491
1523 460 1793 517 EUSEBH
1832 459 2307 515 CESARIENSIS
2345 460 2493 514 ΟΡΡ.
2537 461 2556 513 Ι

2345 460 2493 514 ΟΡΡ.
2537 461 2714 515 PARS
2751 459 2834 516 lli.
2877 492 2944 502 —-
2983 461 3386 519 EXEGETICA.
3935 468 4041 527 491

855 576 1037 630 traditi
1061 584 1206 631 sunt.
1239 574 1364 630 Post
1394 585 1619 631 mortem
1669 592 1798 631 vero
1825 592 2071 646 quamam
2114 577 2260 646 ipsos
2289 592 2402 630 ma-
2432 588 2474 642 Α
2502 576 2574 630 toi

2322 592 2402 630 ia-
2432 588 2474 642 Α
2502 576 2593 630 τοῦ
2641 578 2885 648 Σωτῆρος
2928 579 3080 648 ἡμῶν
3124 578 3407 650 ἐπιϐουλῆς
3443 581 3607 652 ἄρδην
3649 581 3707 634 τὸ
3738 583 3844 636 πᾶν
3888 583 4041 650 γένος

852 673 1032 731 neant,
1051 677 1172 722 ante
1194 668 1526 723 declaratum
1549 675 1633 721 est
1652 667 1738 721 his
1755 667 1961 721 verbis:
1989 666 2064 720 Tu
2087 683 2226 729 vero,
2242 667 2400 728 Deus,

851 762 1065 817 deduces
1112 780 1200 818 eos
1242 765 1293 817 in
1340 772 1548 832 puteum
1598 764 1856 815 interitus.
1899 760 2022 816 Hac
2063 762 2278 830 quidem
2326 760 2400 814 illi
2501 760 2567 810 αὑ

2326 760 2400 814 illi
2501 757 2693 820 αὐτοὺς
2720 757 2818 826 τῆς
2839 758 3003 827 ὀργῆς
3026 759 3082 809 ὲν
3114 760 3178 827 τῇ
3207 757 3581 831 καταλαϐούσῃ
3610 759 3801 822 αὐτοὺς
3833 762 4042 832 πολιορ-

847 855 1161 924 patientur:
1203 854 1313 924 Ego
1376 864 1550 907 autem
1606 855 1822 922 sperabo
1860 854 1913 906 in
1946 862 2026 915 te;
2065 853 2178 908 sive
2211 853 2256 906 is
2312 851 2398 918 qui
2500 847 2566 901 κίε

2322 851 2398 918 ηιιί
2500 847 2590 918 uia
2633 847 2773 900 κατὰ
2822 849 2910 899 τὸν
2951 847 3250 916 Ῥωμαϊκὸν
3295 847 3545 918 πόλεμον.
3603 850 3711 902 Καὶ
3757 850 3894 912 τέως
3942 851 4041 919 μὲν

848 934 1193 1000 vaticinatur
1235 944 1539 1016 Propheta,
1608 945 1722 1000 sive
1771 945 1818 998 is
1882 943 1975 1012 qui
2032 944 2089 998 in
2145 934 2398 996 vaticinia
2498 956 2567 991 κα

2321 934 2398 993 uio
2498 939 2636 991 κατὰ
2671 937 2761 991 τὸν
2787 937 3024 1008 παρόντα
3052 937 3257 1007 καιρὸν,
3291 938 3383 990 καὶ
3406 939 3496 991 τὸν
3532 940 3720 1010 θνητὸν
3748 943 3806 992 ὲν
3833 938 4040 1010 ἀνθρώ-

850 1033 1044 1090 fertur.
2496 1046 2618 1092 ποις
2646 1028 2776 1098 βίον,
2810 1028 2940 1098 μηδὲ
2961 1029 3345 1098 ήμισεύσαντες
3365 1028 3460 1090 τὰς
3492 1029 3698 1101 ἡμέρας
3730 1030 3901 1082 αὐτῶν
3928 1046 4040 1081 τοι-

806 1141 809 1146 ’
850 1125 985 1195 αὕτη
1055 1126 1422 1198 παρεδόθησαν
1465 1126 1705 1194 ἀπωλείᾳ
1735 1127 1784 1178 οἱ
1827 1125 2016 1196 ἄνδρες
2051 1124 2293 1194 αἱμάτων
2345 1123 2437 1176 καὶ
2473 1121 2802 1190 δολιότητος·
2852 1120 2988 1190 μετὰ
3058 1120 3113 1172 δὲ
3162 1120 3258 1191 τὴν
3310 1120 3538 1174 ἐνταῦθα
3578 1121 3848 1192 τελευτὴν,
3887 1123 4041 1173 ὁποῖα

847 1216 1042 1279 αὐτοὺς
1087 1216 1402 1281 διαδέξεται,
1440 1216 1830 1287 προδεδήλωται
1879 1215 1965 1268 διὰ
2001 1215 2114 1277 τοῦ,
2147 1213 2229 1268 Σὺ
2267 1212 2336 1265 δὲ
2365 1216 2397 1265 ό
2436 1212 2580 1277 Θεὸς
2598 1211 2870 1276 κατάξεις
2887 1210 3105 1276 αὐτοὺς
3126 1213 3210 1277 εἰς
3233 1211 3410 1280 φρέαρ
3471 1209 3801 1279 διαφθορᾶς.
3860 1209 4041 1263 Ταῦτα

853 1311 949 1376 μὲν
977 1304 1068 1362 οὖν
1101 1311 1294 1363 ἐκεῖνοι
1329 1312 1602 1365 πείσονται
1623 1327 1636 1341 ο
1687 1310 1825 1380 Ἐγὼ
1852 1309 1919 1362 δὲ
1945 1307 2126 1364 tanta;
2161 1307 2257 1360 ἐπὶ
2295 1306 2392 1360 σέ·
2434 1307 2550 1376 ἤτοι
2573 1307 2600 1359 ὁ
2624 1305 2792 1359 ταῦτα
2824 1304 3088 1369 θεσπίζων
3108 1304 3460 1375 προφήτης,ἥ
3489 1305 3580 1357 καὶ
3605 1303 3762 1364 αὐτὸς
3823 1303 3852 1354 ὁ
3909 1317 4042 1371 προ-

849 1403 1229 1472 φητευόμενος.

848 1517 1277 1590 ιηιιξῑηιῑιμξιι,
1314 1521 1468 1590 pno
1523 1521 1812 1584 POPULO,
1862 1521 1977 1590 QUI
2017 1522 2060 1575 Α
2099 1518 2384 1590 smmis

916 1586 1140 1642 LONGE
1175 1589 1445 1646 FACTUS
1491 1592 1642 1652 EST.
1685 1586 1902 1646 DAVID'
1929 1593 1993 1645 IN
2033 1590 2260 1648 TITULI
2293 1589 2386 1641 IN-

917 1656 1386 1719 SCRIPTIONEM,
1449 1662 1592 1717 CUM
1631 1661 2049 1719 TENUERUNT
2087 1661 2230 1716 EUM
2267 1657 2385 1712 AL-

895 1725 1205 1781 LOPHYLI
1229 1729 1294 1783 1N
1326 1730 1529 1786 GETH.
1559 1731 1666 1787 LV.

909 1836 1074 1894 Vsus.
1115 1838 1236 1896 2-4.
1280 1840 1525 1898 Miserere
1551 1847 1671 1908 mei,
1703 1845 1840 1900 Deus
1866 1888 1882 1912 ,
1908 1849 2152 1916 quoniam
2181 1866 2391 1903 concut-

2492 1511 2600 1565 ΕΙΣ
2625 1510 2709 1560 ΤΟ
2738 1508 2954 1560 ΤΕΛΟΣ
2980 1507 3160 1559 ΥΠΕΡ
3190 1506 3323 1560 ΤΟΥ
3346 1507 3547 1569 ΛΑΟΥ.
3579 1509 3712 1562 ΤΟΥ
3737 1508 3872 1563 ΑΠΟ
3903 1512 4039 1566 ΤΩΝ

2558 1578 2757 1631 APION
2803 1575 3461 1638 ΜΕΜΑΚΡΥΜΜΕΝΟΥ,
3509 1577 3642 1631 ΤΟΥ
3685 1579 3880 1632 ΔΛΥΙΔ
3934 1580 4040 1634 ΕΙΣ

2563 1645 3102 1708 ΣΤΗΛΟΓΡΑΦΙΑΝ,
3128 1645 3348 1697 ΟΠΟΤΕ
3369 1647 3776 1701 ΕΚΡΛΊἮΣΑΝ
3808 1650 4039 1705 ΔΥΤΟΝ

2565 1719 2628 1770 Ol
2662 1716 3046 1768 ΑΛΛΟΦΥΛΟΙ
3085 1715 3175 1766 EN
3200 1714 3348 1768 ΓΕΘ.
3376 1715 3499 1768 NE'.

2578 1855 2864 1924 Ἐλέησόν
2885 1870 2979 1923 με,
3019 1856 3051 1906 ό
3101 1854 3260 1920 Θεὸς,
3301 1853 3389 1927 ὅτι
3422 1852 3792 1920 κατεπάτησέ
3824 1869 3902 1921 με
3936 1853 4038 1906 ἄν·

841 1930 974 1981 cavit
1003 1946 1082 1983 me
1120 1930 1273 1986 homo
1297 1972 1312 1997 ,
1345 1942 1456 1987 tota
1505 1934 1589 1989 die
1631 1940 1939 2006 impugnans
1993 1940 2259 1996 tribulaoit
2291 1961 2388 2000 me.
2494 1951 2560 2015 θρ

2312 1961 2388 2000 ne.
2494 1951 2738 2015 θρωπος,
2774 1948 2924 2022 ᾇλην
2969 1943 3080 2011 τὴν
3124 1944 3346 2012 ἡμέραν
3389 1945 3660 2013 πολεμῶν
3688 1943 3897 2012 ἕθλιψέ
3937 1961 4031 2012 με.

838 2018 1078 2090 Populus
1112 2025 1261 2091 quia
1308 2027 1511 2080 sanctis
1545 2027 1699 2098 longe
1753 2029 1928 2085 factus
1972 2041 2086 2097 est,
2130 2042 2391 2104 quantum

839 2111 909 2164 ad
942 2111 1247 2178 historiam,
1276 2116 1492 2170 videtur
1535 2118 1582 2173 is
1624 2134 1745 2174 esse
1773 2122 1865 2192 qui
1894 2137 2015 2176 cum
2075 2123 2273 2180 Davide
2303 2125 2389 2180 fu-

838 2202 1014 2272 giebat
1045 2217 1076 2256 a
1098 2201 1236 2258 facie
1265 2203 1477 2271 Saulis;
1513 2217 1860 2266 erantautem
1891 2213 1992 2266 viri
2023 2230 2246 2269 numero
2269 2232 2391 2271 sex-

839 2292 1003 2355 centi,
1037 2301 1095 2346 ut
1150 2301 1378 2349 testatur
1429 2296 1733 2367 Regnorum
1790 2303 2075 2371 scriptura.
2126 2304 2390 2370 Quoniam

837 2395 968 2435 vero
997 2383 1080 2437 bis
1109 2385 1251 2454 apud
1271 2382 1516 2444 Getharos
1552 2390 1849 2462 allophylos
1877 2392 2010 2459 fuit;
2048 2397 2240 2466 primo,
2263 2412 2388 2450 cum

838 2472 988 2526 solus
1016 2473 1380 2544 deprehensus
1408 2471 1544 2532 intra
1568 2489 1772 2550 portas,
1801 2483 2062 2537 insaniam
2095 2487 2386 2554 simulavit,

837 2563 1054 2631 quando
1084 2581 1179 2620 ceu
1215 2577 1466 2637 tympano
1499 2571 1747 2640 pulsabat
1794 2574 1848 2627 in
1898 2575 2068 2644 portis
2116 2576 2266 2630 urbis
2290 2616 2305 2640 ,
2334 2584 2388 2632 et

835 2654 1137 2710 deﬂuebant
1191 2659 1372 2714 salivae
1421 2661 1540 2729 ejus
1598 2663 1653 2716 in
1697 2664 1918 2718 barbam
1953 2667 2031 2733 ¹²;
2077 2667 2212 2722 alias
2258 2683 2387 2722 vero

834 2750 1050 2820 quando
1076 2766 1197 2805 cum
1224 2755 1492 2809 sexcentis
1512 2756 1642 2810 viris
1666 2755 1732 2810 ad
1777 2771 1955 2827 regem
2006 2755 2141 2812 Geth
2192 2758 2385 2814 conlu-

835 2839 912 2910 git
933 2839 995 2903 ",
1038 2841 1128 2909 qui
1148 2844 1442 2914 assignavit
1462 2846 1538 2901 illi
1566 2847 1619 2900 in
1641 2847 2008 2902 habitaculum
2034 2847 2387 2905 Sicela.Vide~

835 2940 925 2984 tur
949 2946 1188 3000 praesens
1228 2934 1512 3004 inscriptio
1535 2935 1646 2990 haec
1662 2933 1842 2990 Davidi
1859 2939 2150 3003 ascribere,
2171 2938 2386 3007 quando

834 3036 958 3076 cum
984 3023 1253 3078 sexcentis
1272 3026 1405 3080 viris
1430 3041 1613 3100 secum
1633 3012 1962 3098 fugientibus
1978 3028 2116 3098 apud
2139 3028 2384 3084 Gethazos

837 3114 1280 3185 peregrinabatur
1306 3154 1322 3180 ,
1353 3116 1446 3186 qui
1477 3116 1652 3185 ipsum
1687 3127 2012 3188 exceperunt
2051 3127 2104 3174 et
2144 3119 2284 3189 apud
2327 3136 2385 3176 se

837 3212 894 3257 ut
924 3205 1156 3259 amicum
1181 3206 1530 3263 detinuerunt
1552 3248 1566 3271 ,
1610 3224 1718 3278 quo
1769 3217 2008 3279 tempore
2038 3224 2068 3264 a
2096 3221 2220 3277 rege
2249 3209 2383 3266 Geth

833 3293 891 3348 in
925 3295 1094 3363 pretio
1137 3295 1355 3350 habitus
1385 3303 1486 3351 est.
1529 3295 1707 3361 Quare
1740 3297 2021 3363 inscriptio
2053 3299 2132 3352 sic
2177 3297 2376 3352 habet:
2408 3287 2448 3344 C

833 3384 900 3442 In
929 3387 1104 3455 ﬁnem,
1129 3404 1222 3455 pro
1253 3389 1464 3458 populo,
1495 3389 1584 3457 qui
1618 3404 1650 3442 a
1682 3390 1876 3444 sanctis
1904 3389 2054 3459 longe
2081 3387 2252 3457 factus
2284 3398 2379 3455 est,

831 3475 1022 3531 Davidi
1061 3479 1114 3530 in
1151 3478 1291 3531 tituli
1319 3479 1734 3548 inscriptionem,
1783 3496 1900 3532 cum
1952 3488 2221 3533 tenuerunt
2266 3495 2383 3532 eum

831 3569 1081 3639 allophyli
1104 3572 1160 3623 in
1193 3568 1342 3624 ϐαιὴ.
1373 3567 1676 3625 Secundum
1708 3569 1953 3640 Aquilam
1996 3585 2124 3625 vero
2144 3571 2378 3625 dicitur:

841 3659 1083 3714 Victoria?
1109 3661 1311 3713 auctori
1341 3675 1434 3729 pro
1455 3659 1692 3714 columba
1717 3670 1881 3722 muta,
1911 3661 2381 3731 peregrinationum

830 3735 1048 3807 Davidis
1079 3753 1291 3807 humilis
1324 3754 1566 3822 perfecti,
1612 3771 1727 3808 cum
1771 3763 2042 3810 tenuerunt
2080 3771 2195 3809 eum
2241 3755 2382 3825 Phy-

833 3846 987 3900 listwi
1014 3848 1067 3900 in
1089 3845 1214 3899 Geth
1231 3861 1257 3909 ;'
1272 3849 1567 3924 secundum
1588 3846 1967 3919 Symmachum
1988 3864 2147 3904 vero:
2179 3849 2383 3903 Trium-

829 3939 983 4008 phale
1014 3954 1106 4005 pro
1140 3937 1408 4000 columba,-
1430 3954 1523 4006 pro
1551 3948 1696 4009 gente
1717 3941 1924 4010 repulsa
1948 3939 2186 4004 Daoidis,
2216 3939 2382 3994 Immi-

832 4030 898 4083 lis
931 4039 978 4082 et
1012 4028 1296 4095 inculpati:
1327 4028 1534 4098 quando
1581 4029 1907 4083 detinuerunt
1939 4047 2054 4085 cum
2105 4031 2381 4100 Phylistwi

830 4121 884 4173 in
914 4118 1291 4185 Cet/LQuinta
1323 4126 1501 4174 autem
1533 4119 1698 4174 editio
1726 4139 1740 4174 :
1776 4120 2020 4176 Victoria:
2048 4125 2255 4178 auctori
2286 4140 2380 4194 pro

830 4212 1068 4266 columba
1101 4211 1356 4280 impedin
1388 4211 1596 4281 linguw,
1625 4211 2045 4266 absconditorum
2083 4213 2294 4278 Davidi,
2325 4217 2381 4267 in

831 4303 970 4357 tituli
1001 4304 1410 4372 inscriptionem,
1433 4302 1641 4373 quando
1667 4311 1938 4357 tenuerunt
1964 4320 2080 4356 eum
2122 4303 2381 4373 allophyli

827 4396 883 4449 in
920 4394 1046 4450 ϐαιὴ
1074 4411 1092 4457 ;
1125 4394 1422 4450 Theodotio
1452 4396 1571 4450 loco
1605 4394 1780 4461 illius,
1822 4393 1927 4448 Pro
1958 4395 2175 4462 populo,
2227 4397 2316 4465 qui
2347 4413 2380 4449 a

827 4488 1023 4540 sanctis
1057 4485 1206 4556 longe
1234 4485 1406 4555 factus
1434 4500 1533 4546 est,
1559 4487 1760 4556 pariter
1804 4500 1926 4539 cum
1959 4485 2103 4550 aliis,
2148 4500 2242 4554 pro
2287 4503 2376 4542 co-

827 4576 1006 4629 lumba
1051 4576 1432 4645 interpretatus
1464 4585 1566 4633 est.
1599 4574 1852 4634 Fortasse
1881 4592 2010 4632 vero
2038 4579 2130 4648 qui
2167 4579 2377 4633 colum-

827 4666 952 4725 ham
987 4675 1210 4731 mutam,
1239 4676 1329 4720 aut
1359 4667 1550 4738 linguae
1575 4669 1842 4739 impedita:
1867 4670 2172 4735 ediderunt,
2201 4671 2375 4743 ipsum

828 4754 1083 4812 Davidem
1112 4757 1253 4826 apud
1301 4756 1596 4826 allophylos
1643 4768 1943 4813 versantem
2000 4759 2378 4834 subindicant;

829 4846 919 4904 ubi
954 4855 1218 4904 consueto
1265 4862 1413 4901 more
1455 4862 1562 4900 non
1619 4856 1826 4917 poterat
1860 4849 1914 4904 in
1956 4851 2158 4921 Spiritu
2192 4859 2379 4907 sancto

825 4941 1136 5013 prophetias
1153 4955 1326 5008 neque
1341 4937 1669 4993 conﬁdenter
1684 4939 1908 5009 hymnos
1924 4941 2183 5011 proferte.
2203 4941 2379 5008 Quare

827 5034 1131 5093 columbam
1149 5034 1345 5104 linguae
1363 5031 1628 5100 impedita:
1644 5033 1756 5088 sive
1772 5040 1975 5087 mutam
1993 5049 2208 5104 quoque
2225 5049 2375 5087 voca-

785 5169 787 5171 .
828 5126 964 5179 bant
985 5124 1184 5193 ipsum.
1206 5121 1262 5176 In
1283 5121 1604 5192 praecedenti
1626 5138 1755 5177 sane
1769 5123 1977 5193 psalmo
2004 5125 2210 5178 dictum
2243 5132 2326 5178 est
2357 5143 2368 5176 :

830 5215 962 5282 Quis
1010 5213 1156 5267 dabit
1184 5214 1311 5266 mihi
1341 5229 1535 5281 pennas
1592 5215 1728 5268 sicut
1763 5215 2055 5271 columbas?
2087 5215 2154 5270 Et
2192 5214 2372 5270 volabo

821 5312 872 5356 et
917 5303 1254 5371 requiescam.
1307 5301 1475 5374 Longe
1516 5302 1746 5371 fecissem
1794 5306 2129 5360 secessionem
2174 5321 2371 5369 meam,

826 5392 1142 5446 habitasset»
1181 5392 1235 5445 in
1280 5391 1477 5446 deserto
1511 5393 1588 5456 ιδ,
1622 5395 1916 5449 secundum
1968 5394 2369 5466 Symmachum.

830 5482 1094 5547 Quoniam
1144 5483 1309 5552 igitur
1338 5482 1572 5555 Spiritus
1601 5496 1841 5552 sanctus,
1872 5475 1965 5557 qui
2005 5487 2059 5541 in
2104 5486 2372 5558 Propheta

825 5572 1184 5640 operabatur,
1231 5572 1429 5642 quique
1475 5576 1528 5628 in
1561 5573 1822 5629 columba
1877 5576 2055 5644 specie
2086 5576 2140 5629 in
2177 5573 2370 5629 Serva-

2491 2041 2630 2103 Λαὸς
2660 2041 2765 2093 ἀπὸ
2809 2040 2914 2092 τῶν
2951 2040 3120 2106 ἁγίων
3151 2039 3624 2109 μεμακρυμμένιος,
3653 2040 3772 2091 ὅσον
3813 2039 3905 2090 ἐπὶ
3939 2038 4038 2106 τῆς

2503 668 2606 720 τῶν
2655 668 3054 738 προλεχθέντων
3095 666 3295 740 ὀλέθρῳ
3352 670 3637 740 παρεδόθη,
3689 671 4042 744 μετελθούσης
4123 716 4130 731 ,

2493 2132 2745 2204 ἱστορίας,
2776 2132 2948 2184 ἔοικεν
2993 2129 3127 2182 εἶναι
3174 2133 3202 2182 ό
3231 2131 3325 2182 σὺν
3369 2128 3446 2198 τῷ
3492 2129 3648 2181 Δαυῒδ
3689 2127 3899 2197 φεὺγών
3930 2127 4037 2181 ἀπὸ
4131 2159 4141 2165 -

2491 2221 2776 2294 προσώπου
2817 2222 2986 2274 Σαούλ
3007 2239 3019 2251 ’
3055 2217 3192 2291 ἦσαν
3225 2219 3280 2272 δὲ
3309 2219 3398 2271 τὸν
3428 2218 3653 2288 ἀριθμὸν
3691 2217 3880 2289 ἄνδρες
3912 2217 4034 2284 ἑξα-

2490 2314 2678 2374 κόσιοι,
2700 2312 2782 2374 ὼξ
2803 2313 2836 2382 ἡ
2873 2311 3059 2380 Γραφὴ
3101 2311 3364 2381 μαρτυρεῖ
3393 2309 3498 2360 τῶν
3539 2306 3844 2361 Βασιλειῶν.
3888 2308 4036 2388 Ἐπεὶ

2487 2402 2544 2456 δὲ
2575 2403 2658 2466 δίς
2689 2403 2906 2470 γέγονεν
2940 2400 3089 2472 παρὰ
3119 2403 3229 2463 τοῖς
3257 2401 3313 2451 ὲν
3344 2399 3382 2451 Γ
3386 2398 3442 2451 ὲθ
3483 2397 3824 2466 ἀλλοφύλοις
3866 2398 4031 2460 ἅπαξ,

2487 2490 2574 2543 ὅτε
2616 2490 2775 2560 μόνος
2815 2487 3144 2558 ἀποληφθεὶς
3185 2486 3313 2538 εἵσω
3369 2486 3579 2551 πυλῶν,
3627 2486 3818 2556 μανίαν
3871 2501 4034 2556 προσ-

2487 2580 2833 2652 εποιήθη,ὂτε
2861 2580 2954 2633 καὶ
2983 2577 3344 2650 ὲτυμπάνιζεν
3371 2579 3428 2631 ὲν
3454 2581 3572 2641 ταῖς
3600 2577 3791 2641 πύλαις
3819 2576 3916 2646 τῆς
3943 2577 4035 2629 πό-

2485 2673 2639 2735 λεως,
2667 2673 2759 2725 καὶ
2797 2672 3050 2742 κατέρρει
3089 2670 3156 2724 τὰ
3189 2671 3344 2743 σίελα
3372 2670 3531 2723 αὐτοϋ
3563 2671 3652 2722 ἐπὶ
3682 2669 3770 2722 τὸν
3802 2667 4034 2736 πώγωνα

2485 2761 2673 2816 αὐτοῦ·
2699 2763 2884 2816 ἄλλοτε
2913 2762 2988 2828 δὲ,
3022 2764 3108 2815 ὅτε
3141 2763 3235 2815 σὺν
3267 2761 3517 2831 ἀνδράσιν
3545 2767 3590 2830 χ’
3625 2759 3930 2830 προσέφυγε
3959 2757 4036 2827 τῷ

2488 2849 2831 2921 βασιλεῖ,τῆς
2871 2851 2994 2916 Γὲθ,
3025 2850 3265 2921 ἀφώρισε
3307 2868 3364 2904 τε
3404 2850 3550 2919 αὑτῷ
3579 2851 3892 2920 οἰκητήριον
3935 2849 4037 2917 τὴν

2485 2938 2696 2991 Σίκελα.
2737 2940 2898 2991 Ταῦτ’
2925 2939 3095 2992 ἔοικεν
3121 2942 3156 3007 ἠ
3188 2939 3514 3009 προκειμένη
3549 2937 3917 3008 στηλογραφια
3955 2939 4035 2989 sl-

2487 3030 2681 3099 ρῆσθαι
2705 3029 2781 3098 τῷ
2815 3029 2992 3095 Δαυῖδ,
3018 3029 3138 3082 καθ’
3164 3031 3222 3082 δν
3255 3029 3439 3099 καιρὸν
3457 3029 3572 3095 ἅμα
3600 3032 3710 3091 τοῖς
3740 3035 3784 3097 χ’
3805 3031 3918 3089 τοῖς
3940 3028 4036 3080 σὺν

2484 3122 2629 3192 αὐτῷ
2675 3123 2962 3192 φεύγουσιν
3002 3124 3260 3193 ἐπεδήμει
3303 3127 3412 3185 τοῖς
3457 3125 3512 3174 ὲν
3544 3123 3642 3176 Γέθ
3667 3141 3680 3152 ·
3717 3123 4036 3189 ὑπεδέξαντό

2484 3230 2542 3266 τε
2586 3214 2746 3267 αὑτὸν
2794 3215 2883 3267 καὶ
2933 3214 3194 3283 κατέσχον
3238 3215 3366 3284 παρ’
3397 3214 3603 3274 ἑαυτοῖς
3633 3212 3707 3276 ὡς
3738 3212 3908 3281 φίλον,
3947 3213 4035 3266 ὅτι

2481 3304 2573 3357 καὶ
2594 3305 2758 3374 τιμῆς
2783 3302 3024 3367 ἀξιοῦται
3051 3304 3200 3373 παρὰ
3229 3302 3307 3372 τῷ
3333 3297 3538 3372 βασιλέϊ
3568 3302 3688 3355 Γέθ.
3719 3303 3810 3355 Διὸ
3841 3303 3908 3356 τὰ
3938 3304 4036 3374 τῆς

2482 3395 2800 3465 προγραφῆς
2828 3393 3064 3464 περιέχει
3082 3411 3094 3424 ο
3124 3396 3228 3460 Εἰς
3249 3392 3316 3446 τὸ
3343 3394 3527 3459 τέλος,
3546 3393 3696 3462 ὑπὲρ
3727 3393 3832 3448 τοῦ
3861 3395 4035 3461 λαοῦ,

2480 3484 2585 3540 τοῦ
2629 3483 2748 3538 ἀπὸ
2798 3482 2907 3536 τῶν
2950 3483 3129 3551 ἁγίων·
3169 3481 3681 3552 μεμακρυμμένου,
3732 3482 3808 3554 τῷ
3853 3484 4031 3548 Δαυῒδ,

2482 3576 2867 3647 στηλογραφία,
2896 3575 2983 3628 ὅτε
3023 3575 3329 3645 ἐκράτησαν
3375 3574 3534 3627 αὑτὸν
3581 3575 3628 3627 oi
3660 3573 3940 3643 ἀλλόφυλοι
3977 3577 4035 3631 ὲν

2482 3666 2605 3728 Γέθ,
2651 3665 2808 3719 Κατὰ
2854 3665 2909 3718 δὲ
2958 3666 3049 3718 τὸν
3087 3667 3314 3720 Ἀκύλαν
3355 3667 3601 3737 εἴρηται·
3634 3654 3726 3733 Τῷ
3757 3668 4034 3733 νικοποιῷ

2478 3737 2629 3823 ὑπὲρ
2655 3751 3008 3821 περιστερᾶς
3033 3754 3284 3818 ἀλάλου,
3312 3755 3830 3824 μακρυσμῶντοῦ
3858 3758 4034 3811 Δαυτδ

2480 3845 2780 3910 ταπεινοῦ,
2803 3846 3053 3910 τελείου,
3094 3847 3163 3899 ἐν
3192 3845 3270 3910 τῷ
3314 3833 3605 3913 κρατῆσαι
3645 3846 3829 3900 αὑτὸν
3855 3849 4035 3902 Φυλι-

2478 3937 2723 4002 σταιους
2751 3937 2822 3991 ἐν
2846 3936 2962 3992 Γέο
2985 3954 2998 3967 ·
3034 3937 3173 3991 κατὰ
3212 3937 3268 3989 δὲ
3318 3936 3408 3988 τὸν
3445 3935 3736 4006 Σύμμαχον
3755 3954 3790 4002 '_
3817 3937 4032 3990 Ἐπιγί-

2478 4045 2611 4083 κιοπ
2631 4029 2782 4099 ὑπὲρ
2809 4028 2921 4098 τῆς
2960 4028 3327 4097 περιστερᾶς,
3356 4027 3505 4096 ὑπὲρ
3528 4028 3633 4081 τοῦ
3666 4029 3861 4096 φύλου
3885 4029 4034 4082 ἀπω-

2477 4119 2704 4188 σμένου
2746 4121 2850 4176 τοῦ
2885 4121 3083 4185 Δαυῒδ,
3131 4121 3236 4174 τοῦ
3291 4121 3750 4188 ταπεινόφρονος
3792 4121 3888 4174 καὶ
3935 4123 4032 4191 ἀμ-

2476 4210 2654 4278 ώμου,
2683 4210 2779 4265 ὅτε
2808 4213 3103 4281 κατέσχον
3118 4211 3301 4265 αὑτὸν
3328 4214 3381 4263 ol
3420 4210 3756 4263 Φυλισταῖοι
3784 4211 3854 4264 ἐν
3880 4212 4026 4266 Γέθο

2476 4303 2510 4369 ή
2542 4299 2598 4352 δὲ
2623 4300 2843 4373 πέμπτη
2879 4303 3084 4366 ἔκδοσις
3101 4319 3113 4332 ³
3157 4301 3238 4366 Τῷ
3262 4300 3542 4366 νικοποιῷ
3572 4301 3720 4369 ὑπὲρ
3743 4299 3850 4368 τῆς
3877 4318 4031 4369 περιρ

2477 4389 2694 4458 στερᾶς
2737 4390 2844 4459 τῆς
2874 4393 3224 4462 μογιλάλον,
3246 4393 3661 4462 κεκρυμμένων
3709 4393 3788 4458 τῷ
3831 4395 4027 4458 Δαυῖδ,

2476 4483 2563 4546 εἷς
2608 4485 3074 4552 στηλογφαφίαν,
3126 4488 3302 4538 ὁπότε
3352 4483 3690 4552 ἐκράτησαν
3743 4485 3928 4541 αὐτὸν
3978 4490 4030 4540 οἱ

2477 4570 2811 4639 ἀλλόφυλοι
2846 4573 2916 4625 ἐν
2950 4573 3092 4626 Γέθ·
3141 4575 3233 4627 καὶ
3270 4576 3298 4626 ό
3341 4572 3628 4626 Θεοδοτίων
3669 4572 3725 4626 δὲ
3770 4574 3889 4626 ἀντὶ
3914 4574 4029 4638 τοῦ,
4059 4621 4066 4625 .

2409 4635 2451 4691 θ
2492 4635 2654 4730 Ὑπὲρ
2691 4663 2796 4717 τοῦ
2833 4663 2987 4718 λαοῦ
3017 4665 3132 4718 ἀπὸ
3170 4667 3287 4720 τῶν
3315 4667 3496 4735 ἁγίων
3516 4635 4027 4734 μεμακρυμμένου,

2477 4754 2627 4822 ὑπὲρ
2656 4754 2762 4824 τῆς
2789 4755 3152 4824 περιστερᾶς,
3185 4757 3381 4826 ὁμοίως
3410 4759 3519 4819 τοῖς
3551 4756 3751 4820 λοιποῖς
3780 4757 4026 4820 ἐξέδωκε.

2479 4845 2628 4915 Τάχα
2676 4846 2733 4898 δέ
2781 4863 2882 4898 που
2926 4847 3250 4900 αἰνίττονται
3300 4847 3349 4899 οἱ
3406 4847 3727 4918 περιστερὰν
3775 4848 4026 4918 ἄλαλονῆ

2482 4935 2763 5004 μογιλάλον
2794 4937 3071 5006 εἰρηκότες
3098 4936 3258 4988 αὑτὸν
3289 4935 3379 4987 τὸν
3407 4935 3564 4988 Δαυῖδ
3606 4937 3754 5006 παρὰ
3795 4941 3905 5002 τοῖς
3931 4938 4027 4991 ἁλ-

2479 5026 2723 5096 λοφύλοις
2749 5027 2896 5090 ὄντα,
2926 5026 3018 5079 καὶ
3051 5025 3123 5095 μὴ
3148 5026 3437 5096 δυνάμενον
3462 5026 3636 5081 λαλεῖν
3671 5030 3910 5100 συνήθως
3929 5029 4027 5094 τὰς

2479 5121 2535 5171 ὲν
2569 5120 2709 5188 ἁγίῳ
2745 5117 3022 5187 Πνεύματι
3055 5117 3402 5188 προφητείας,
3449 5119 3579 5191 μηδὲ
3617 5121 3712 5175 σὺν
3751 5121 4026 5192 παρρησίᾳ

2478 5210 2598 5273 τοὺς
2621 5209 2818 5280 ὕμνους
2830 5209 3228 5278 προσφέρεσθαι
3247 5209 3290 5278 (1
3363 5212 3453 5263 Διὸ
3472 5211 4027 5283 μογιλάλονπεριστι-

2481 5300 2578 5370 ρὰν
2605 5302 2641 5372 ἢ
2679 5301 2770 5353 καὶ
2815 5299 3007 5353 ἄλαλον
3041 5300 3199 5352 αὐτὸν
3241 5302 3689 5373 ὠνόμαζον..Καὶ
3729 5306 3788 5357 ὲν
3811 5303 3888 5373 τῷ
3920 5302 4026 5372 πρὸ

2455 5392 2661 5444 -τούτου
2689 5392 2745 5444 δὲ
2776 5389 2974 5460 ψαλμῷ
2996 5390 3239 5445 λέλεκτο·
3277 5395 3370 5458 Τίς
3401 5393 3575 5448 δώσει
3607 5410 3708 5463 μοι
3732 5393 4025 5458 πτέρυγας

2476 5483 2616 5536 ὡσεὶ
2645 5481 3027 5554 περιστερᾶς;
3055 5485 3159 5537 Καὶ
3187 5464 3632 5555 πετασθήσομαι
3665 5485 3705 5552 ἢ
3730 5483 3828 5538 καὶ
3858 5481 4025 5550 ἕδραν

2476 5574 2792 5644 σθήσομαι.
2844 5574 3040 5641 Πόρῤω
3083 5574 3158 5628 ἂν
3201 5577 3454 5646 ἐποίησα
3503 5577 3617 5644 τὴν
3647 5569 4024 5642 ἀναχώρησιν

827 5670 995 5716 torem
1050 5663 1393 5721 descendisse
1444 5676 1732 5730 narratur,
1800 5681 1926 5720 cum
1972 5666 2236 5721 delicatus
2289 5668 2372 5720 in-
2469 5685 2546 5736 μο

2310 5683 2372 5718 n-
2469 5685 2605 5736 μου,
2635 5664 2956 5736 ηὐλιζόμην
2985 5664 3061 5721 ἂν
3084 5668 3154 5721 ἐν
3179 5668 3251 5740 τῇ
3274 5655 3658 5738 ὲρήμφ,“κατὰ
3798 5662 4022 5736 Σύμμα-

901 5775 942 5806 ¹¹
980 5773 997 5828 l
1035 5773 1165 5848 Reg.
1203 5793 1329 5841 ut,
1369 5778 1454 5832 13.
1533 5780 1574 5810 ⁸³
1613 5762 1794 5847 ῐῐὶεε.
1833 5793 2011 5842 xxv",
2048 5778 2101 5830 2.
2180 5779 2223 5808 “
2262 5777 2402 5834 Psal.
2442 5795 2528 5834 Liv
2548 5818 2579 5846 ,.
2601 5781 2653 5842 7,
2687 5780 2739 5834 8.

895 5871 972 5934 (ll
1004 5871 1465 5938 Προσφὲρεσθαι.
1503 5871 1662 5928 Forte
1692 5870 2070 5938 προφέρεσθαι,
2106 5879 2164 5927 ut
2199 5880 2251 5929 ct
2289 5873 2552 5929 inlerores
2577 5872 2614 5927 ιε

1503 5871 1662 5928 Forte
1692 5870 2070 5938 προφέρεσθαι,
2106 5879 2164 5927 ut
2199 5880 2251 5929 ct
2289 5873 2552 5929 inlerores
2577 5870 2770 5935 legisse
2798 5868 3024 5928 videtur.
3055 5871 3207 5929 ἱοιτ.
