4354 6406
268 519 370 575 893

1374 518 1878 581 COIHESTABIA
1915 520 1981 574 IN
2021 520 2353 577 PSALMOS.

3370 525 3474 580 498

267 652 376 706 χον.
417 635 568 688 σεται
603 635 780 689 τοίνυν
802 635 864 686 τὸ
887 633 1106 704 Πνεῦμα
1131 633 1193 688 τὸ
1231 598 1384 703 δγιον
1412 637 1472 689 τὸ
1503 638 1562 688 ὲν
1591 636 1668 706 τῷ
1692 638 1830 707 Προ-
1857 655 1901 708 Α
1928 654 1986 692 nc

1760 654 1830 691 lo-
1857 655 1901 708 Α
1928 654 2240 710 nocensque
2267 640 2357 702 sit,
2394 653 2422 691 a
2460 636 2620 693 Saule
2650 636 2905 692 Davideni
2952 636 3273 706 insequente
3314 641 3479 708 pelle-

266 728 409 797 φήτῃ
435 723 707 795 ινεργοῦν,
735 723 764 777 ὃ
787 725 881 778 καὶ
903 726 961 777 έν
985 724 1112 777 εῖδει
1138 727 1463 796 περιστερᾶς
1491 726 1583 778 ἐπὶ
1603 728 1826 781 ebriu-

263 819 401 888 τῆρα
442 816 863 888 κατεληλυθέναι
896 819 1272 888 μαρτυρεῖται,
1317 819 1584 891 τρυφερὸν
1626 819 1686 872 ὃν
1731 821 1826 873 καὶ

263 911 488 973 ἄκακον,
540 908 803 979 ἠλαύνετο
853 910 958 962 ὑπὸ
1004 909 1098 963 τοῦ
1148 909 1319 963 Σαοὺλ
1353 911 1685 981 διωκομένου
1730 911 1823 964 τοῦ

263 999 441 1063 Δαυῖδ,
473 997 823 1069 ὲλαυνόμενόν
843 1015 903 1051 τε
936 999 1035 1052 οὐκ
1060 998 1314 1069 ἠμύνετο,
1341 999 1452 1051 ἀλλ’
1477 998 1636 1069 ἐῴκει
1667 1017 1826 1070 περι-

263 1093 426 1161 στερᾷ
450 1089 630 1160 ἀλάλιρ
671 1089 1054 1163 μακρυνομένῃ
1087 1091 1181 1143 καὶ
1201 1089 1560 1163 ἀπωθουμένῃ
1590 1093 1695 1145 ὑπὸ
1716 1092 1822 1147 τῶν

263 1183 564 1236 διωκόντων
585 1199 597 1212 ·
633 1181 823 1234 τούτου
858 1183 1014 1251 χάριν
1045 1177 1186 1236 κατὰ
1237 1183 1360 1246 τοὺς
1399 1181 1618 1245 λοιποὺς
1651 1184 1824 1254 ἑρμη-

269 1275 473 1338 νευτὰς,
495 1274 646 1341 ὑπὲρ
672 1271 777 1341 τῆς
797 1257 1165 1342 περιστερᾶς,
1189 1274 1417 1346 εἴρηται.
1453 1275 1596 1327 Ἀντὶ
1621 1275 1678 1328 δὲ
1706 1275 1821 1340 τοῦ,

246 1368 348 1432 sic
383 1367 852 1436 στηλοῃοαρίαγ,
896 1366 924 1416 ὁ
972 1366 1069 1436 μὲν
1116 1366 1364 1430 Ἀκύλας,
1414 1367 1693 1420 ταπεινοῦ
1728 1384 1820 1420 τε-

264 1459 465 1512 λείου’
523 1458 552 1509 ὁ
578 1458 653 1535 ,δὲ
699 1457 1008 1528 Σύμμαχος,
1059 1458 1165 1512 τοῦ
1209 1459 1666 1526 ταπεινόφρονα·
1724 1459 1822 1512 καί

265 1552 524 1620 ἀμώμου,
554 1551 914 1622 ἡρμήνευσεν,
953 1550 1049 1603 ’τὸν
1092 1550 1289 1620 τρόπον
1333 1550 1611 1621 δηλοῦντες
1655 1551 1720 1604 δι’
1761 1551 1819 1604 ὃν

263 1641 452 1714 ὥσπερ
477 1642 674 1712 στήλης
704 1641 797 1694 καὶ
821 1641 1044 1704 αίωνίας
1079 1642 1298 1713 μνήμης
1323 1641 1536 1712 ἠξιοῦτο
1571 1640 1718 1712 παρὰ
1742 1641 1821 1711 τῷ

263 1734 381 1805 Θεῷ
425 1736 457 1805 ἡ
491 1734 583 1787 τοῦ
629 1735 916 1804 Προφήτου
945 1733 1130 1804 ἀρετή.
1175 1733 1250 1786 Τὸ
1290 1733 1398 1804 γάρ
1439 1733 1689 1804 μέγιστον
1725 1733 1819 1785 τοῦ

261 1823 424 1877 Δαυϊδ
452 1824 779 1895 κατόρθωμα
804 1827 837 1895 ὴ
865 1825 1186 1895 ταπεινότης
1205 1820 1274 1896 ἦν
1296 1823 1388 1878 καὶ
1415 1826 1448 1895 ἠ
1470 1841 1821 1894 ταπεινοφρο-

1926 731 2102 793 batur,
2131 732 2430 799 pulsusque
2473 744 2584 783 non
2630 728 2964 790 obsistebat,
3013 726 3108 782 sed
3141 729 3333 784 similis
3363 738 3480 785 erat

1924 820 2186 875 columbae
2214 827 2376 873 mutae
2405 819 2594 888 procul
2624 819 2847 882 abactae,
2874 823 2929 872 et
2954 817 3022 872 ab
3063 817 3480 888 insequentibus

1925 911 2162 980 depqu
2185 927 2200 976 ;
2225 910 2346 965 ideo
2375 925 2405 963 a
2431 909 2657 980 reliquis
2680 909 3062 980 interpretibus
3098 924 3191 977 pro
3239 909 3483 965 columba

1926 1002 2130 1058 dictum
2161 1012 2264 1060 est.
2291 1001 2396 1056 Pro
2429 1003 2522 1057 illo
2546 1007 2722 1056 autem
2741 1041 2755 1062 .
2782 1003 2836 1056 in
2868 1001 3008 1055 tituli
3053 1002 3444 1070 inscriptionem
3463 1041 3480 1064 ,

1926 1093 2139 1163 Aquila,
2175 1094 2386 1148 liumilis
2419 1094 2671 1162 perfecti;
2707 1092 3063 1164 Symmachus
3091 1107 3240 1157 vero,
3269 1092 3482 1147 humilis

1923 1195 1972 1240 et
2007 1186 2278 1253 inculpati,
2305 1186 2641 1255 interpretati
2672 1195 2830 1251 sunt;
2863 1185 3229 1256 signiﬁcantes
3260 1199 3366 1254 qua
3395 1200 3484 1238 ra-

1921 1278 2069 1331 tione
2087 1275 2368 1346 Propheta:
2396 1279 2588 1342 virtus.
2610 1278 2764 1348 quasi
2785 1275 2962 1346 cippo,
2995 1278 3063 1332 ad
3091 1285 3343 1332 aeternam
3369 1293 3484 1332 me-

1924 1370 2151 1423 moriam
2176 1369 2317 1438 apud
2350 1368 2517 1424 Deum
2549 1370 2744 1426 donata
2778 1371 2867 1424 sit.
2895 1368 3184 1425 Enimvero
3212 1368 3483 1439 ιιι-πρίοσι

1925 1459 2141 1515 Davidis
2181 1461 2440 1530 perfectio
2491 1469 2608 1516 erat
2663 1462 2936 1516 humilitas
2993 1467 3047 1514 et
3093 1460 3343 1529 abjectio,
3378 1473 3484 1530 qua

1926 1553 2226 1608 absolutam
2263 1554 2517 1608 virtutem
2563 1553 2698 1608 nulli
2743 1552 3149 1621 reprehensioni
3195 1552 3484 1607 obnoxiam

1924 1643 2231 1698 exhibebat.
2274 1642 2453 1708 Quare
2479 1643 2578 1697 hos
2621 1659 2918 1706 sermones,
2945 1643 3236 1697 eminentis
3263 1657 3326 1696 ac
3362 1655 3485 1711 pero

1926 1734 2077 1790 lecta:
2142 1735 2464 1790 humilitatis
2520 1736 2784 1788 rationem
2855 1733 3316 1801 complectentcs,
3376 1732 3484 1788 Deo

1923 1828 2146 1887 emittit.

263 1915 417 1988 σύνη,
453 1916 572 1970 καθ’
640 1918 704 1987 ἣν
738 1915 948 1969 τελείαν
1014 1916 1356 1970 ἐπεδείκνυτο
1401 1914 1620 1987 ἀρετήν,
1666 1914 1852 1968 οὐδένα
1892 1917 2079 1987 μῶμον
2133 1918 2620 1990 ἐπαγομένην-Διὸ
2653 1919 2776 1981 τοὺς
2837 1917 3221 1989 προκειμένους
3269 1915 3480 1984 λόγους,

259 2005 704 2076 ὑπερδαλλούσης
761 2005 854 2058 καὶ
903 2004 1114 2068 τελείας
1165 2003 1662 2076 ταπεινοφροσύνης
1715 2004 1982 2076 δείγματα
2011 2008 2379 2080 περιέχοντας,
2418 2010 2698 2080 ἀνέπεμπε
2741 2009 2818 2080 τῷ
2851 2009 2967 2080 Θεῷ
3003 2010 3173 2078 λέγων
3198 2027 3210 2039 ο

344 2101 631 2170 Ἐλέησόν
665 2116 761 2170 με,
810 2103 843 2154 ό
882 2099 1044 2166 Θεὸς,
1081 2099 1170 2153 ὅτι
1213 2098 1586 2169 natantis-nae
1611 2116 1686 2168 με
1722 2099 1827 2153 ἆν-
1859 2111 1900 2165 B
1999 2103 2063 2156 M1

1760 2116 1827 2153 ν·-
1859 2111 1900 2165 Β
1999 2103 2247 2158 Miserere
2273 2105 2395 2166 mei,
2415 2104 2575 2166 Deus,
2593 2105 2838 2172 quoniam
2865 2105 3186 2158 conculcavit
3204 2120 3282 2158 me
3304 2103 3479 2157 homov

263 2188 513 2264 θρωπος,
551 2193 627 2257 ὡς
665 2193 799 2264 πρὸς
842 2191 940 2263 τὴν
983 2192 1128 2256 λέξιν
1173 2193 1262 2244 τὸν
1306 2192 1476 2244 Σαοὺλ
1525 2191 1826 2262 σημαίνων,

261 2285 611 2339 ὲπαναδάντα
653 2284 820 2354 αύτῷ,
873 2285 967 2338 καὶ
997 2283 1058 2337 ού
1111 2284 1238 2354 μίαν
1279 2283 1512 2355 ἡμέραν,
1559 2283 1697 2336 ἀλλὰ
1740 2283 1832 2356 καὶ

265 2376 465 2440 πολλὰς
492 2376 811 2446 ἐπιθέμενον
835 2374 913 2445 τῷ
954 2376 1070 2428 κατ’
1107 2373 1273 2427 αὐτοῦ
1306 2374 1525 2444 πολέμῳ
1547 2392 1560 2406 ο
1597 2375 1675 2428 διὸ
1715 2377 1832 2428 ἐπι-

263 2469 438 2536 λέγει’
488 2470 671 2537 Ὅλην
717 2467 830 2536 τὴν
877 2466 1105 2536 ἡμέραν
1155 2465 1446 2544 πορθμῶν.
1479 2467 1691 2536 ἕθλιψέ
1731 2486 1826 2536 με.

263 2560 376 2617 Εἶτ’
412 2561 708 2633 ἐπειδήπερ
742 2561 819 2632 τῷ
866 2561 993 2630 θείῳ
1027 2559 1303 2630 Πνεύματι
1332 2558 1578 2630 συνεώρα
1607 2561 1705 2628 οὐχ
1743 2559 1832 2611 οὖ-

261 2669 371 2717 τως
396 2653 486 2706 τὸν
520 2653 690 2706 Σαοὺλ
721 2651 892 2706 αίτιον
923 2651 1051 2704 ὅντα
1074 2651 1175 2720 τῆς
1210 2652 1482 2721 τοσαύτης
1520 2652 1637 2703 κατ’
1667 2648 1828 2702 αὑτοῦ

265 2746 519 2815 σπουδῆς,
569 2746 692 2797 ὅσον
732 2744 955 2812 ἀφανεῖς
1001 2758 1153 2804 τινας
1202 2741 1295 2794 καὶ
1345 2742 1566 2810 νοητοὺς
1605 2739 1830 2810 ἐχθροὺς

263 2839 550 2909 ἀοράτους,
583 2836 781 2906 δηλαδὴ
819 2836 1077 2906 δυνάμεις
1127 2836 1220 2888 καὶ
1257 2832 1543 2902 πνεύματα
1597 2829 1825 2902 πονηρὰ,

261 2928 354 2982 τὸν
386 2927 556 2980 Σαοὺλ
601 2925 925 2998 ἐνεργοῦντα
961 2927 1055 2980 καὶ
1088 2925 1418 2996 διεγείροντα
1450 2924 1542 2977 ἐπὶ
1580 2922 1670 2976 τὸν
1708 2925 1828 2976 κατ’

264 3021 429 3076 αὐτοῦ
489 3021 751 3092 πόλεμον,
801 3019 1026 3084 εἰκότως
1069 3018 1336 3088 ἐπιλέγεισ
1396 3013 1832 3083 Κατεπάτησάν

261 3131 340 3185 με
369 3119 423 3170 οἱ
463 3114 662 3182 ἐχθροί
696 3129 814 3182 μου
856 3111 1008 3179 ὅλην
1037 3111 1152 3179 τὴν
1195 3109 1447 3179 ἡμέραν-ο
1484 3107 1517 3177 ἢ
1564 3105 1705 3160 κατὰ
1743 3105 1832 3159 τὸν

265 3206 592 3277 Σύμμαχον·
640 3203 970 3277 Ἐπέτριόον
1000 3206 1053 3257 οί
1082 3201 1386 3268 θλίϐοι-τές
1425 3218 1502 3271 με
1543 3201 1690 3253 κατὰ
1718 3197 1830 3253 πᾶ-

262 3311 388 3351 σαν
419 3296 667 3369 ἡμέραν.
696 3297 852 3360 Τίνες
877 3295 933 3349 δὲ
961 3297 1006 3348 οἱ
1042 3294 1223 3368 ιχθροὶ
1255 3294 1350 3348 καὶ
1371 3294 1418 3345 oi
1444 3292 1714 3355 θλίδοντες
1737 3291 1833 3343 αύ-

263 3388 377 3454 τδν,
407 3388 459 3441 oi
486 3388 576 3441 τὸν
602 3387 775 3441 Σαοὺλ
799 3385 1164 3458 ἐνεργοῦντες,
1198 3384 1450 3451 διασαφεῖ
1481 3381 1609 3453 ἑξῆς
1629 3382 1828 3450 λέγων·

267 3482 389 3532 Ὀτι
426 3479 639 3538 πολλοὶ
683 3483 737 3533 ol
781 3475 1182 3547 ωλεμοῦηές
1216 3492 1292 3543 με
1335 3473 1453 3528 ἀπὸ
1485 3474 1700 3541 ὕψους.
1755 3474 1829 3526 Ob

265 3570 376 3642 γάρ
411 3571 614 3640 ἠγνόει,
639 3569 716 3633 ὡς
752 3569 852 3622 οὐκ
879 3564 946 3638 ἦν
979 3566 1125 3637 αύτῷ
1152 3568 1184 3636 ἠ
1219 3565 1362 3636 πάλη
1399 3563 1532 3635 πρὸς
1566 3559 1704 3633 αἷμα
1737 3565 1853 3633 καὶ.

268 3665 469 3734 σάρκα,
491 3661 624 3720 ἀλλὰ
646 3661 782 3732 πρὸς
807 3658 906 3722 τὰς
932 3658 1104 3730 ἀρχὰς
1133 3658 1227 3710 καὶ
1255 3655 1520 3722 ἐξουσίας,
1549 3657 1683 3727 πρὸς
1706 3655 1832 3717 τοὺς

265 3755 711 3827 κοσμοκράτορας
740 3752 834 3806 τοῦ
875 3751 1096 3813 σκότους
1139 3745 1350 3811 τούτου,
1385 3747 1522 3817 πρὸς
1571 3744 1638 3797 τά
1671 3761 1832 3796 πνευ-

240 3842 245 3846 ’
270 3847 474 3919 ματικὰ
503 3846 604 3917 τῆς
644 3844 925 3917 πονηρίας,
956 3843 1045 3910 ὑφ’
1072 3835 1146 3894 ὧν
1176 3843 1204 3894 ὁ
1255 3839 1426 3894 Σαοὺλ
1464 3836 1828 3908 ἀκονὼμενος,

266 3940 359 3992 τὸν
389 3938 553 4011 μηδὲν
592 3935 740 4007 αύτῷ
777 3933 1113 4006 λελυπηκὸτα
1154 3931 1370 3984 πώποτε
1414 3931 1587 4001 μάτην
1637 3929 1830 3999 ἡλαυνε

268 4031 364 4086 καὶ
398 4029 669 4100 ἐπολέμει.
705 4024 819 4081 Εἶθ’
845 4025 970 4097 ἑξῆς
994 4021 1185 4096 φησιν·
1229 4022 1469 4093 Ἡμέρας
1501 4019 1833 4090 φοϐηθήσο-

264 4140 390 4193 μαι,
417 4121 532 4191 ἐγὼ
554 4121 622 4174 δὲ
647 4119 832 4174 ἐλπιῶ
858 4118 957 4172 ἐπὶ
985 4118 1077 4171 σέ.
1122 4119 1186 4168 Ὀ
1215 4115 1279 4185 δὴ
1304 4113 1627 4182 διεσάφησεν
1651 4113 1679 4164 ὁ
1699 4111 1769 4163 Σύ
1779 4130 1835 4181 μ-

273 4233 442 4287 μαχος
486 4212 688 4266 εἰπών·
734 4205 890 4282 Ἐνῇ
933 4211 1010 4263 ἂν
1048 4209 1237 4278 ἡμέρᾳ
1280 4205 1534 4274 φοϐηθῶ,
1584 4203 1682 4256 σοὶ
1731 4203 1834 4257 πέ-

268 4311 465 4362 ποιθα.
508 4306 569 4358 Εί
611 4303 720 4375 γὰρ
750 4304 844 4357 καὶ
873 4302 941 4356 τὰ
988 4301 1215 4372 μάλιστα
1257 4298 1401 4351 δοκεῖ
1444 4296 1728 4368 ἄνθρωπός
1769 4312 1836 4367 με

269 4382 807 4466 καταπεπατηκέναι,
867 4392 1031 4454 πολὺς
1093 4391 1379 4461 γενόμενος
1439 4389 1559 4442 κατ’
1615 4387 1748 4462 ἐμοῦ
1807 4390 1836 4442 ὁ

271 4488 467 4554 Σαοὺλ,
513 4487 626 4541 ἀλλ’
674 4487 721 4537 οί
767 4482 951 4555 ἐχθροί
999 4499 1099 4555 μου
1144 4483 1237 4536 καὶ
1278 4482 1327 4534 οἱ
1370 4479 1729 4552 πλεμοῦντὲς
1770 4497 1837 4551 με

271 4580 498 4643 ἄνωθεν,
534 4577 641 4630 ἀπὸ
686 4575 853 4644 ὕψους
883 4573 955 4626 τὰ
998 4572 1203 4626 ἑαυτῶν
1240 4571 1366 4642 βέλη
1399 4571 1542 4648 κατὰ
1573 4573 1672 4642 τῆς
1701 4571 1838 4642 ἐμῆς

275 4673 562 4746 βάλλοντες
611 4667 786 4740 ψυχῆς
839 4665 1076 4718 πλεῖστοι
1122 4665 1464 4734 τυγχάνουσι.
1512 4663 1728 4717 Τούτων
1784 4664 1844 4717 δὲ

1930 2193 2132 2263 diserte
2161 2198 2318 2267 quasi
2347 2195 2563 2251 Saulem
2603 2197 2875 2259 indicans.
2907 2197 3000 2267 qui
3049 2197 3101 2251 in
3137 2211 3195 2251 se
3225 2195 3481 2264 impetum

1931 2288 2180 2350 faciebat,
2211 2304 2388 2358 neque
2426 2305 2535 2343 uno
2564 2297 2796 2353 tantum,
2828 2289 2924 2345 sed
2958 2289 3141 2344 multis
3187 2288 3377 2342 diebus
3415 2285 3482 2342 ad

1931 2380 2130 2434 bellum
2179 2380 2283 2435 sibi
2335 2381 2675 2437 inferendum
2723 2382 3106 2445 incumbebat;
3155 2395 3325 2452 quare
3357 2379 3487 2436 sub-

1926 2472 2128 2542 jungit,
2161 2472 2385 2528 dicens:
2437 2473 2571 2528 Tota
2613 2474 2700 2528 die
2733 2475 3044 2548 impugnans
3083 2472 3354 2526 tribalavil
3383 2486 3494 2551 me;

1931 2563 2134 2618 Deinde
2188 2566 2316 2633 quia
2364 2563 2572 2634 Spiritu
2633 2574 2824 2621 sancto
2859 2573 3200 2620 monstrante
3247 2562 3483 2622 videbat.

1929 2670 2038 2709 non
2061 2662 2168 2708 tam
2200 2654 2419 2709 Saulem
2467 2656 2602 2708 tanti
2636 2655 2925 2710 adversum
2968 2670 3027 2710 se
3057 2653 3353 2708 moliminis
3387 2666 3483 2705 au-

1929 2752 2136 2799 ctorem
2167 2760 2311 2809 esse,
2341 2760 2502 2814 quam
2528 2745 2774 2797 occultos
2803 2743 3065 2812 quosdam
3094 2750 3148 2797 et
3177 2741 3484 2811 spirituales

1930 2837 2342 2906 invisibilesque
2406 2835 2678 2899 inimicos,
2748 2833 3000 2887 videlicet
3061 2840 3359 2901 potestates
3419 2844 3484 2884 ac

1930 2928 2154 2998 spiritus
2196 2927 2462 2998 malignos
2489 2924 2706 2980 Saulem
2736 2923 3072 2994 exagitantes
3099 2929 3154 2976 et
3182 2921 3484 2977 excitantes

1931 3021 1997 3075 ad
2028 3019 2230 3075 bellum
2278 3017 2380 3075 sibi
2420 3017 2780 3080 movendum,
2821 3015 2944 3085 jure
2993 3014 3074 3069 sic
3113 3012 3320 3084 pergit:
3354 3011 3487 3066 Con-

1930 3112 2268 3165 culcaverunt
2289 3125 2370 3164 me
2389 3109 2589 3162 inimici
2619 3108 2718 3161 mei
2739 3115 2852 3161 lola
2877 3106 2997 3174 diei;
3031 3107 3164 3171 sive,
3187 3104 3485 3160 secundum

1934 3204 2340 3275 Symmachum,
2374 3201 2684 3255 Atlerebant
2723 3217 2805 3254 me
2830 3199 2920 3270 qui
2950 3196 3272 3252 lribulabanl
3303 3209 3490 3262 meper

1933 3312 2135 3349 omnem
2179 3296 2336 3348 diem.
2395 3291 2629 3358 Quinam
2662 3305 2791 3346 vero
2829 3289 3035 3344 inimici
3087 3295 3271 3344 essent
3309 3287 3488 3341 tribu-

1934 3389 2109 3444 iantes
2165 3388 2365 3458 ipsum,
2422 3386 2515 3456 qui
2572 3383 2790 3438 Saulem
2853 3381 3186 3446 excitabant,
3235 3379 3490 3448 deinceps

1933 3478 2195 3541 declarat,
2224 3478 2412 3531 dicens
2439 3494 2452 3530 :
2487 3474 2748 3539 Quoniam
2772 3472 2924 3525 multi
2939 3469 3190 3526 bellantes
3215 3470 3488 3524 adversum

1933 3585 2015 3624 me
2061 3569 2125 3622 ab
2184 3567 2485 3621 altitudine.
2527 3564 2644 3620 Non
2678 3565 2822 3619 enim
2860 3555 3146 3634 ignorabat
3195 3578 3305 3616 non
3359 3577 3487 3624 esse

1935 3660 2038 3714 sibi
2072 3659 2273 3713 luctam
2322 3658 2586 3712 adversus
2617 3661 2834 3711 carnem
2878 3661 2932 3709 et
2978 3652 3329 3724 sanguinem;
3391 3651 3488 3708 sed

1934 3753 2196 3806 adversus
2239 3749 2576 3819 principatus
2603 3755 2658 3802 et
2680 3753 2997 3816 potestates.
3035 3753 3278 3799 rectores
3300 3742 3489 3797 mundi

1934 3843 2284 3898 tenebrarum
2317 3840 2531 3900 harum,
2563 3846 2754 3893 contra
2801 3836 3102 3908 spiritualia
3143 3833 3421 3904 nequitia,
3457 3851 3488 3887 α

1936 3931 2136 4003 quibus
2179 3929 2309 3984 Saul
2341 3928 2663 3990 concitatus,
2714 3941 2836 3981 eum
2867 3925 2960 3996 qui
3001 3927 3105 3982 sibi
3133 3926 3273 3981 nihil
3301 3925 3490 3981 damni

1935 4023 2230 4086 intulisset,
2255 4021 2373 4076 sine
2387 4033 2550 4074 causa
2566 4017 2799 4088 pellebat
2817 4024 2870 4072 et
2899 4017 3266 4088 impugnabat.
3293 4015 3494 4071 Deinde

1937 4116 2013 4169 ait
2051 4133 2064 4167 :
2110 4111 2207 4166 Die
2231 4111 2440 4176 timebo,
2468 4128 2559 4182 ego
2590 4126 2707 4165 vero
2734 4113 2789 4164 in
2833 4118 2880 4163 te
2908 4110 3146 4179 sperabo.
3195 4107 3350 4175 Quod
3380 4109 3493 4163 cla-

1937 4209 2054 4261 rius
2078 4204 2440 4277 Symmachus
2473 4201 2764 4273 explicavit
2787 4201 2875 4256 his
2903 4200 3084 4256 verbis
3120 4215 3135 4251 :
3173 4197 3239 4252 In
3265 4214 3493 4269 quacun-

1937 4317 2034 4370 que
2057 4299 2139 4353 die
2169 4296 2374 4360 timebo,
2423 4298 2478 4349 in
2524 4303 2571 4349 te
2597 4293 2818 4362 sporaei.
2870 4289 3096 4346 Etiamsi
3133 4289 3276 4344 enim
3305 4288 3479 4343 homo

1938 4407 2024 4447 me
2055 4392 2395 4461 impugnare,
2450 4387 2689 4456 Saulque
2733 4383 2901 4438 multa
2955 4388 3147 4437 contra
3179 4395 3268 4436 me
3295 4380 3488 4435 moliri

1939 4483 2229 4549 videatur;
2270 4481 2366 4537 sed
2415 4471 2623 4534 inimici
2663 4474 2790 4538 mei,
2824 4481 2878 4528 et
2917 4473 3010 4543 qui
3045 4473 3112 4528 ab
3139 4473 3250 4526 alto
3275 4487 3362 4528 me
3386 4472 3491 4526 im-

1940 4581 2205 4647 pugnant,
2248 4574 2351 4629 tela
2397 4586 2496 4627 sua
2527 4567 2786 4622 adversus
2817 4565 3050 4619 animam
3083 4579 3256 4620 meam
3289 4564 3494 4617 immit—

1940 4666 2141 4732 tentes,
2171 4666 2324 4721 multi
2360 4674 2586 4717 numero
2633 4667 2782 4715 sunt.
2817 4655 2928 4712 Hos
2955 4670 3121 4727 porro
3152 4670 3344 4710 omnes
3368 4668 3498 4725 pro-
3555 4713 3560 4718 ,

273 4742 491 4819 πάντων
519 4757 874 4829 καταφρονεῖν
904 4752 1195 4825 μεμάθηκα
1223 4752 1310 4808 διὰ
1341 4753 1400 4806 σὲ
1425 4751 1516 4805 τὸν
1549 4751 1681 4823 έμδν
1706 4753 1840 4825 πρό-
1870 4777 1914 4832 D
1944 4766 1992 4830 ρι

1773 4753 1840 4805 ’ό-
1870 4777 1914 4832 D
1944 4747 2065 4830 pter
2105 4767 2157 4812 te
2184 4758 2643 4826 propugnatorem
2693 4755 2748 4803 et
2787 4755 3149 4817 protectorem
3179 4757 3360 4799 meum
3395 4742 3492 4796 de-

277 4871 451 4925 μαχον
482 4852 577 4906 καὶ
613 4847 1042 4924 ὕπε-ρασπιστήν.
1073 4844 1163 4897 Eoi
1193 4842 1300 4916 γὰρ
1333 4842 1627 4906 πεποιθὼς,
1653 4841 1838 4898 etme

273 4944 506 5016 ἐμπέσοι
541 4941 701 5012 φόϐος
727 4943 795 5012 τῇ
828 4941 934 5011 ἐμῇ
962 4934 1495 5010 ψυχῇ,διακρούομαι
1516 4935 1724 5001 τοῦτον,
1757 4939 1840 4992 σοὶ

257 5035 335 5108 τῷ
386 5035 766 5107 ὑπερασπιστῇ
808 5051 907 5105 μου
936 5031 1172 5105 θαρρῶν.

302 5124 334 5154 ”
358 5133 455 5184 Ἑν
483 5125 566 5191 τῷ
605 5129 802 5196 Κυρίῳ
831 5125 1125 5180 ἐπαινέσω
1153 5122 1295 5190 τοὺς
1324 5122 1542 5193 λόγους
1578 5138 1719 5190 μου,
1741 5121 1842 5175 ἐπὶ

257 5223 340 5290 τῷ
388 5219 510 5288 Θεῷ
551 5221 813 5290 ἤλπισα·
849 5220 920 5273 οὐ
952 5216 1362 5288 φοϐηθήσομαι
1395 5215 1453 5268 τι
1479 5212 1717 5280 ποιήσει
1740 5217 1864 5284 μοι’

261 5332 304 5372 σ
323 5314 458 5384 αρε.
496 5310 639 5366 ’Δντὶ
686 5311 803 5376 τοῦ,
845 5311 914 5365 ἐν
952 5309 1032 5377 τῷ
1065 5310 1186 5377 Θεῷ
1220 5307 1514 5364 ἐπαινέσω
1552 5305 1693 5371 τοὺς
1739 5307 1842 5360 J6-

277 5424 425 5476 τους
451 5420 591 5474 μου,
618 5403 647 5455 δ
678 5403 777 5473 μὲν
806 5402 1118 5473 Σύμμαχος,
1150 5401 1246 5455 διὰ
1271 5401 1376 5456 τοῦ
1411 5395 1556 5453 Θεοῦ
1593 5396 1843 5466 ὑμνήσω

277 5499 388 5553 τὸν
435 5496 620 5565 λόγον
668 5493 886 5549 αὐτοῦ·
941 5495 972 5548 ὁ
1023 5492 1080 5547 δὲ
1150 5492 1419 5556 ’Δκύλας-
1471 5489 1540 5543 ἐν·
1594 5488 1676 5553 τῷ
1723 5488 1846 5555 οεῷ

277 5586 532 5659 ὑμνήσω
579 5584 817 5655 ῥήματα
847 5579 1065 5639 αὐτοῦ’
1114 5583 1287 5655 uti;
1325 5582 1548 5652 πέμπτη
1595 5577 1839 5642 lubeat;-

283 5680 356 5734 ἂν
397 5677 478 5745 τῷ
520 5675 645 5744 Θεῷ
671 5675 972 5731 ἐπαινέσω
1018 5676 1127 5730 τὸν
1162 5677 1347 5743 λόγον
1373 5689 1509 5744 μου,
1539 5669 1839 5725 ὲκδιδώκα-

282 5787 391 5826 σιν.
420 5769 489 5827 ει
521 5785 671 5832 ποτε,
718 5769 872 5840 φησι,
906 5759 1068 5837 φόϐος
1091 5768 1156 5820 tn
1197 5766 1300 5836 τῆς
1331 5763 1438 5818 τῶν
1467 5759 1843 5830 πολεμούντων

286 5877 354 5932 με
381 5860 624 5932 ταραχῆς
664 5853 919 5914 ἐνέπιπτέ
956 5874 1065 5929 μοι,
1106 5856 1458 5929 διεκρουόμην
1493 5843 1653 5908 αὑτὸν
1695 5854 1845 5908 ἑλπί-

285 5947 398 6012 ζων
444 5949 539 6003 ἰπὶ
585 5950 644 6004 σέ
667 5967 681 5982 ο
727 5950 820 6005 καὶ
871 5948 1252 6020 άνιὶλδπῳδῆς
1293 5947 1388 6003 καὶ
1442 5945 1841 6016 φυλακττιρίων,

1940 4849 2151 4920 spicere
2178 4843 2360 4919 didici.
2396 4841 2531 4896 Nam
2562 4841 2618 4895 in
2645 4847 2700 4896 te
2725 4839 2984 4902 conlisus,
3010 4838 3055 4894 si
3078 4835 3296 4908 quando
3315 4841 3495 4888 metus

1940 4941 1996 4995 in
2019 4937 2252 4991 animam
2286 4931 2492 4987 incidat
2530 4945 2729 4993 meam,
2781 4928 2925 4983 hunc
2972 4925 3201 4997 depello,
3235 4922 3335 4976 tibi
3365 4936 3494 4992 pro-

1945 5026 2230 5102 pugnatori
2258 5038 2379 5080 meo
2407 5023 2648 5078 innixus.

2013 5118 2174 5173 Vsus.
2209 5116 2262 5178 5,
2293 5113 2347 5171 6.
2386 5113 2451 5170 In
2504 5113 2720 5169 Domino
2751 5109 2977 5166 laudabo
3016 5119 3280 5162 sermones
3325 5119 3490 5164 meos,

1943 5213 1997 5266 in
2023 5209 2131 5264 Deo
2167 5209 2390 5278 speravi,
2422 5223 2524 5260 non
2553 5205 2737 5259 timebo
2790 5199 2913 5273 quid
2952 5197 3116 5268 faciat
3170 5194 3298 5250 mihi
3345 5210 3490 5248 caro.

1944 5302 2054 5358 Pro
2080 5301 2193 5363 illo,
2227 5300 2284 5354 in
2329 5298 2440 5353 Deo
2470 5297 2697 5352 laudabo
2726 5307 2984 5349 mones
3013 5305 3154 5348 neos
3179 5303 3198 5354 ;
3242 5284 3492 5358 Symae-

1943 5394 2098 5456 chus,
2123 5407 2215 5461 per
2240 5389 2408 5444 Deum
2460 5387 2730 5443 celebrabo
2770 5399 3055 5439 sermonem
3095 5381 3249 5450 ejus;
3300 5373 3494 5444 Aquila

1941 5497 2090 5543 vero,
2126 5479 2179 5533 in
2227 5477 2338 5534 Deo
2387 5477 2654 5533 celebrabo
2684 5475 2837 5530 verba
2891 5473 3045 5542 ejus;
3087 5471 3276 5542 quinta
3301 5464 3492 5528 editio,

1942 5576 1997 5628 in
2049 5571 2157 5637 Deo
2205 5569 2435 5625 laudabo
2496 5583 2778 5625 sermonem
2814 5581 2984 5621 meum
3011 5581 3030 5629 ;
3062 5562 3372 5620 ediderunt.
3434 5555 3495 5613 Si
3571 5576 3587 5592 ο

1943 5665 2183 5739 quando,
2236 5664 2431 5735 inquit,
2460 5680 2526 5719 ex
2559 5661 2901 5716 inimicorum
2934 5669 3174 5715 meorum
3211 5651 3496 5723 perturba-
3525 5689 3527 5694 ι

1951 5760 2096 5814 tione
2125 5763 2302 5811 metus
2342 5756 2571 5810 instaret
2620 5749 2772 5813 mihi,
2834 5750 3013 5820 ipsum
3051 5747 3110 5802 in
3133 5753 3187 5800 te
3227 5740 3497 5813 sperando

1955 5848 2366 5921 propulsabant.
2426 5859 2490 5899 ac
2541 5857 2640 5914 pro
2694 5841 3066 5896 incantatione
3111 5843 3166 5893 et
3225 5831 3494 5914 smiiletis,

1949 5943 2181 6015 hymnos
2206 5936 2617 6011 persolvebam;
2658 5947 2782 5991 nam
2828 5947 2952 5989 cum
3005 5929 3333 5990 celebrarent
3367 5932 3496 5996 ἐει-εξ
