4354 6410
849 502 952 555 495

1542 495 1806 552 EL'SEBII
1842 494 2309 551 CESARIENSIS
2348 495 2492 549 OPP.
2537 493 2711 548 PARS
2750 493 2834 549 ill.
2876 526 2944 536 —
2984 494 3381 552 EXEGETICA.

3927 507 4026 561 696

847 606 1253 674 monem'tuum',
1284 610 1511 679 juvabar
1543 621 1603 665 ut
1643 629 1672 667 a
1701 618 2139 682 persequentium
2173 614 2385 669 nemine
2416 621 2456 676 Α
2487 612 2566 683 hy;

2304 614 2385 668 ine
2416 621 2456 676 Α
2487 612 2684 683 ὕμνους
2718 613 2974 683 διεξῄειν·
3014 614 3191 683 ὑμνῶν
3222 615 3327 684 γὰρ
3353 613 3440 668 τὸν
3472 617 3624 683 λόγον
3660 633 3750 671 σου
3780 618 4023 692 ἐδοηθούο

847 712 1138 757 averterem
1191 716 1291 755 me.
1336 698 1412 753 Ita
1465 716 1697 771 sperans
1748 701 1803 754 in
1830 700 1956 767 Deo,
2004 713 2058 755 et
2106 715 2385 757 sermones
2490 722 2562 773 μη

2295 716 2385 755 nes
2490 698 2615 773 μην,
2660 706 2734 767 ὡς
2770 706 2966 776 μηδένα
2999 706 3104 758 τῶν
3133 706 3430 761 διωκόντων
3461 708 3891 778 ἐπιστρέφεσθαι.
3928 713 4014 767 Οὕ-

825 794 962 861 ,ιιῖιιε
996 794 1049 846 in
1080 808 1172 847 ore
1202 807 1321 847 meo
1354 791 1552 855 ferens,
1602 805 1789 847 omnes
1828 792 2111 846 hominum
2153 792 2383 847 insidias
2483 813 2544 848 τα

2305 792 2383 846 ias
2483 813 2587 859 τως
2618 796 2708 848 ἐπὶ
2737 796 2814 864 τῷ
2840 795 2956 865 Θεῷ
2982 796 3231 860 ἐλπίζων,
3262 797 3352 849 καὶ
3378 799 3501 861 τοὺς
3526 798 3710 864 λόγους
3740 800 3900 854 αὑτοῦ
3933 804 4024 871 φέ-

844 884 1229 955 deSpiciebam,
1272 899 1379 939 non
1425 884 1621 938 timens
1671 882 1795 953 quid
1840 884 2005 952 faciat
2058 884 2185 937 mihi
2238 902 2380 944 caro.

843 977 980 1042 Quid
1027 978 1169 1032 enim
1204 977 1377 1047 possit
1404 991 1531 1031 caro
1570 984 1625 1030 et
1678 977 1899 1047 sanguis
1953 985 2143 1031 contra
2212 976 2379 1031 Deum

841 1068 1233 1137 opitulantem?
1267 1067 1401 1121 Nam
1440 1069 1484 1121 si
1532 1066 1669 1121 Deus
1707 1083 1799 1135 pro
1839 1067 2007 1131 nobis,
2057 1068 2170 1138 quis
2199 1075 2381 1120 contra

820 1160 1050 1212 nos”?
1094 1160 1267 1229 inquit
1316 1160 1625 1230 Apostolus.
1676 1160 1815 1215 Caro
1866 1168 2045 1215 autem
2086 1171 2200 1215 erat
2228 1160 2375 1227 Saul,

836 1252 926 1317 qui
972 1265 1032 1304 ea
1057 1266 1176 1319 qua:
1204 1252 1384 1305 carnis
1413 1259 1539 1304 sunt
1569 1250 1842 1321 sapiebat:
1874 1252 2016 1321 quod
2040 1266 2170 1306 sane
2200 1252 2378 1307 decla-

836 1349 921 1394 rat
948 1340 1241 1411 Apostolus
1272 1328 1339 1397 ad
1368 1344 1679 1398 Corinthios
1728 1345 2004 1400 scribens:
2062 1343 2191 1399 Cum
2240 1346 2375 1399 enim

834 1432 902 1484 sit
939 1433 1070 1485 inter
1099 1449 1183 1485 vos
1219 1433 1359 1486 zelus
1387 1443 1432 1486 et
1457 1436 1737 1499 contentio,
1769 1452 1935 1488 nonne
1966 1436 2204 1490 carnales
2226 1438 2371 1500 estis,

832 1532 881 1575 et
916 1523 1202 1591 secundum
1239 1524 1497 1577 hominem
1532 1526 1811 1580 ambulatis
1835 1528 1913 1579 “?
1965 1526 2064 1582 Hic
2091 1543 2217 1583 vero
2240 1527 2375 1582 Sau-

833 1616 937 1669 lem
975 1631 1187 1685 quoque
1218 1618 1332 1671 zelo
1371 1626 1424 1671 et
1454 1614 1799 1673 contentione
1829 1620 2068 1689 plenum,
2120 1622 2215 1691 qui
2250 1620 2371 1675 ideo

832 1704 1083 1759 Davidem
1124 1707 1370 1775 pellebat,
1419 1722 1631 1763 carnem
1670 1711 1899 1773 vocavit,
1938 1710 2123 1765 dicens
2176 1728 2189 1763 :
2250 1708 2371 1763 Non

831 1793 1016 1845 timebo
1042 1793 1165 1863 quid
1202 1794 1364 1863 faciat
1400 1796 1526 1849 mihi
1556 1813 1698 1851 caro.
1739 1796 1941 1853 Deinde
1966 1799 2073 1851 ait:
2112 1798 2247 1851 Tota
2288 1798 2371 1851 die

827 1884 978 1937 verba
1003 1902 1119 1939 mea
1145 1887 1569 1952 exsecrabantur,
1613 1886 1885 1941 adversum
1920 1904 1999 1941 me
2030 1905 2203 1943 omnes
2231 1891 2371 1959 cogi-

2485 904 2589 956 ρων
2622 889 2678 938 ἐν
2720 886 2795 956 τῷ
2842 888 3066 957 στόματί
3116 905 3234 957 μου,
3280 889 3457 958 πάσης
3502 890 3598 959 τῆς
3644 889 3701 957 ἐξ
3731 892 4027 962 ἀνθρώπιον

2480 978 2765 1049 ἐπιϐουλῆς
2809 979 3187 1049 κατεφρόνουν,
3232 981 3291 1031 οὐ
3327 979 3650 1050 φοϐούμενος
3697 983 3752 1034 τί
3790 983 4025 1049 ποιήσει

2472 1087 2571 1137 μοι
2605 1070 2777 1137 σάρξ.
2828 1071 2891 1122 Τί
2944 1070 3050 1140 γὰρ
3096 1071 3161 1123 ἂν
3211 1070 3298 1123 καὶ
3338 1070 3547 1123 δύναιτο
3595 1071 3726 1141 σὰρξ
3760 1072 3852 1125 καὶ
3888 1068 4025 1142 αἷμα

2479 1160 2613 1229 πρὸς
2644 1160 2772 1212 Θεὸν
2805 1160 3029 1231 βοηθόν;
3063 1162 3130 1213 Et
3162 1159 3267 1230 γὰρ
3309 1162 3339 1213 ό
3371 1158 3511 1225 Θεὸς
3538 1160 3685 1228 ὑπὲρ
3720 1160 3901 1230 ἡμῶν,
3935 1164 4026 1228 τίς

2476 1251 2602 1303 καθ’
2624 1249 2817 1318 main“;
2844 1250 3002 1319 φησιν
3023 1250 3050 1301 6
3082 1247 3417 1310 Ἀπόστολος.
3448 1246 3589 1317 Σὰρξ
3612 1248 3668 1299 δὲ
3693 1243 3759 1318 ἦν
3780 1250 3808 1300 6
3831 1249 4021 1312 Σαοὺλ,

2474 1341 2540 1393 τὰ
2570 1342 2666 1409 τῆς
2702 1341 2900 1412 σαρκὸς
2929 1338 3135 1409 φρονῶν
3155 1356 3166 1368 υ
3196 1338 3224 1390 ὃ
3259 1338 3319 1390 6i
3354 1338 3673 1409 παρίστησιν
3706 1341 3733 1391 ὁ
3774 1338 4026 1392 Ἀπόστο-

2474 1430 2561 1493 λος
2593 1431 2815 1502 γράφων
2844 1431 3142 1502 Κορινθίοις
3165 1447 3178 1460 ·
3215 1430 3400 1484 Ὅπου
3432 1428 3541 1498 γὰρ
3567 1430 3636 1481 ἐν
3669 1429 3807 1498 ὑμῖν
3843 1429 4023 1497 ζῆλος

2473 1518 2569 1572 καὶ
2596 1519 2736 1586 ἔρις,
2761 1520 2895 1588 οὐχὶ
2933 1518 3203 1586 σάρκινοί
3227 1520 3383 1582 ἐστε,
3418 1518 3513 1572 καὶ
3545 1521 3693 1572 κατὰ
3714 1520 4027 1587 ἄνθρωπον

2472 1610 2874 1678 περιπατεῖτε;
2910 1610 2968 1662 '0
3000 1611 3053 1663 δέ
3088 1610 3177 1663 καὶ
3208 1610 3296 1662 τὸν
3330 1610 3497 1663 Σαοὺλ
3532 1609 3693 1680 ζήλου
3731 1611 4022 1680 πεπληρω-

2476 1702 2631 1770 μένον
2669 1703 2762 1755 καὶ
2811 1702 2999 1772 ἔριδος,
3042 1702 3135 1755 καὶ
3184 1701 3270 1754 διὰ
3310 1702 3481 1755 ταῦτα
3527 1701 3615 1755 τὸν
3661 1700 3821 1755 Δαυῒδ
3864 1701 4025 1756 ἐλαύ-ν

2470 1809 2655 1855 νοντα,
2704 1792 2879 1863 σάρκα
2923 1793 3197 1862 ὠνόμασεν
3245 1793 3443 1845 εἰπών’
3489 1796 3570 1848 Οὐ
3613 1792 4019 1862 φοϐηθήσομαι

2471 1880 2527 1932 τί
2558 1880 2789 1944 ποιήσει
2815 1898 2911 1949 μοι
2944 1879 3120 1948 σάρξ.
3152 1877 3283 1934 Εἶτά
3314 1899 3472 1950 φησιν
3491 1900 3503 1912 ·
3538 1884 3718 1950 Ὅλην
3743 1884 3855 1950 τὴν
3879 1883 4023 1952 ήμέε»

829 1976 1047 2029 tationes
1076 1993 1255 2029 eorum
1280 1978 1335 2029 in
1365 1977 1584 2031 malum.
1624 1976 1778 2041 Quod
1804 1992 1935 2033 sane
1973 1979 2176 2034 clarius
2202 1981 2371 2034 inter-
2403 1974 2548 2038 Βραῖ

2297 1996 2371 2034 3r—
2403 1974 2580 2038 Βραν
2611 1971 2749 2037 τοὺς
2785 1972 3003 2040 λόγους
3046 1990 3164 2040 μου
3211 1971 3663 2039 ὲόδελύσσοντο,
3710 1974 3835 2027 κατ’
3870 1974 4016 2042 ἐμοῦ

825 2075 1069 2138 pretetus
1096 2075 1180 2122 est
1212 2066 1590 2137 Symmachus,
1618 2067 1839 2123 dicens:
1874 2067 1977 2122 Per
2000 2086 2199 2124 omnem
2232 2070 2369 2125 diem

824 2174 1083 2212 sermones
1112 2156 1175 2211 de
1204 2174 1281 2212 me
1310 2157 1562 2211 curabant
1590 2174 1606 2210 :
1646 2168 1828 2212 contra
1858 2176 1937 2213 me
1966 2162 2131 2214 omnis
2158 2163 2368 2231 cogita-

826 2251 900 2303 tio
928 2267 1108 2304 eorum
1140 2251 1191 2303 in
1222 2251 1439 2305 malum.
1492 2251 1568 2303 Ac
1604 2251 1650 2307 si
1686 2252 1830 2305 enim
1864 2251 2002 2306 nihil
2035 2253 2183 2307 aliud
2206 2249 2367 2323 'ipsis

822 2338 1091 2410 agendum
1126 2347 1459 2410 suppeteret,
1496 2356 1671 2412 neque
1728 2341 1796 2396 de
1842 2341 1966 2397 aliis
2016 2357 2198 2398 sermo
2251 2358 2368 2397 mo-

823 2428 1029 2484 vendus
1071 2437 1246 2495 esset;
1301 2430 1471 2484 otium
1500 2446 1659 2486 suum
1701 2437 1872 2487 totum
1914 2432 1969 2486 in
2016 2432 2283 2502 loquendo
2313 2441 2367 2488 et

807 2519 1111 2590 ‘cogitando
1148 2519 1214 2575 de
1245 2536 1330 2575 me
1354 2522 1717 2587 insumebant,
1746 2522 1877 2577 nihil
1908 2522 2033 2578 boni
2060 2525 2116 2578 in
2146 2539 2230 2579 me
2254 2540 2366 2580 mo-

821 2609 1043 2677 lientes;
1072 2611 1165 2666 sed
1193 2611 1247 2665 in
1279 2611 1479 2667 malum
1528 2622 1581 2668 et
1622 2629 1726 2685 pro
1769 2614 1911 2669 malo
1968 2624 2133 2669 totam
2174 2631 2361 2671 curam

822 2702 1197 2770 impendebant
1231 2686 1382 2758 suam
1400 2748 1410 2761 .

886 2874 1052 2933 Vens.
1088 2879 1138 2944 7,
1168 2878 1221 2933 8.
1256 2878 1633 2936 Inhabitabunt
1664 2891 1716 2937 et
1747 2884 2087 2951 abscondent,
2120 2885 2223 2955 ipsi
2249 2886 2361 2939 cal-

814 2983 1031 3022 caneum
1061 2986 1230 3023 meum
1272 2971 1632 3027 observabunt.
1668 2972 1815 3027 Sicut
1843 2977 2201 3029 sustinuerunt
2245 2976 2361 3029 ani-

814 3075 956 3111 mam
984 3076 1148 3113 meam
1181 3076 1275 3128 pro
1298 3061 1461 3116 nihilo
1490 3063 1660 3116 salvos
1692 3063 1854 3130 [acies
1883 3065 2037 3130 illos;
2069 3068 2124 3119 in
2164 3066 2245 3119 ira
2274 3080 2361 3133 po-

809 3150 1307 3221 pulosrconfringes,
1342 3150 1503 3217 Deus,
1554 3150 1678 3207 Haec
1712 3153 1944 3211 obscure
1961 3155 2107 3225 apud
2134 3154 2359 3226 Septua-

812 3240 963 3310 ginta
1004 3239 1327 3323 lnterpretes
1360 3243 1523 3311 dicta,
1555 3245 1799 3315 apertius
1834 3247 2223 3317 interpretatus
2274 3252 2357 3302 est

2468 2060 2686 2127 πάντες
2705 2064 2758 2114 οἱ
2783 2060 3150 2131 διαλογισμοί
3190 2060 3385 2115 αὐτῶν
3411 2065 3493 2127 εις
3524 2063 3738 2115 κακόν·
3768 2063 3798 2116 ὃ
3828 2063 3890 2134 δὴ
3920 2081 4017 2117 σα-

2467 2152 2721 2222 φέστερον
2750 2153 3089 2223 ήρμήνευσεν
3111 2153 3139 2203 6
3164 2152 3451 2222 Σύμμαχος
3475 2153 3665 2207 εἰπών·
3693 2154 3793 2207 Διὰ
3814 2154 4021 2221 πάσης

2465 2243 2687 2311 ἡμέρας
2714 2245 2932 2311 λόγους
2972 2242 3101 2311 περὶ
3143 2243 3285 2312 ἐμοῦ
3314 2243 3671 2312 ἐφρόντιζον·
3716 2246 3841 2299 κατ’
3870 2244 4015 2315 ἐμοῦ

2465 2331 2580 2397 πᾶς
2606 2332 2987 2403 διαλογισμὸς
3014 2334 3208 2389 αὐτῶν
3232 2337 3318 2401 είς
3344 2337 3545 2389 κακόν.
3589 2336 3673 2399 Ὠς
3706 2336 3814 2408 γάρ
3852 2338 4019 2408 μηδὲν

2464 2422 2674 2492 ἔχοντες
2705 2422 2888 2493 ἓτερον
2928 2425 3203 2494 πράττειν,
3242 2424 3372 2494 μηδὲ
3415 2424 3541 2495 περὶ
3580 2425 3779 2495 ἐτέρων
3825 2426 4015 2494 λόγους

2464 2518 2648 2578 κινεῖν,
2678 2514 2774 2585 τὴν
2806 2516 2980 2569 πᾶσαν
3010 2514 3214 2567 ἑαυτῶν
3242 2516 3432 2585 σχολὴν
3461 2518 3573 2578 τοῖς
3604 2515 3729 2587 περὶ
3760 2516 3894 2586 ἐμοῦ
3927 2517 4015 2571 λό-

2462 2624 2575 2675 γοις
2606 2607 2698 2660 καὶ
2734 2610 2842 2671 τοῖς
2883 2608 3001 2660 κατ’
3040 2607 3171 2677 ἐμοῦ
3203 2607 3475 2678 λογισμοῖς
3506 2608 3831 2671 ἀνετίθεσαν,
3863 2608 4012 2665 ουδέν

2460 2698 2659 2766 ἀγαθὸν
2713 2700 2838 2769 περὶ
2885 2697 3017 2769 ἐμοῦ
3071 2698 3460 2770 βουλευόμενοι.
3522 2699 3663 2752 Ἀλλ’
3718 2702 3798 2763 είς
3843 2699 4011 2755 κακὸν

2460 2790 2553 2843 καὶ¹
2588 2791 2676 2843 ἐπὶ
2704 2789 2856 2861 κακῷ
2885 2791 2981 2863 τὴν
3008 2790 3214 2844 ἑαυτῶν
3249 2790 3624 2855 ἀναλίσκοντες
3651 2791 3901 2863 σπουδήν.

2527 2880 2970 2949 Παροικήσουσι
3011 2882 3107 2934 καὶ
3150 2882 3652 2950 κατακρύψουσιν,
3689 2882 3856 2936 αὐτοὶ
3896 2882 4011 2951 τὴν

2458 2970 2717 3037 πτέρναν
2771 2988 2887 3040 μου
2946 2970 3299 3040 φυλάξουσι.
3362 2972 3636 3040 Καθάπερ
3687 2972 4010 3041 ὑπέμειναν

2457 3058 2570 3126 τὴν
2606 3059 2814 3128 ψυχήν
2851 3077 2988 3129 μου,
3035 3061 3184 3129 ὑπὲρ
3213 3060 3316 3114 τοῦ
3356 3060 3612 3131 μηδενὸς
3652 3060 3869 3129 σώσεις
3906 3065 4010 3117 αὑ-

2458 3150 2597 3217 τούς
2617 3167 2629 3180 ’
2656 3150 2726 3204 ἐν
2749 3149 2894 3219 ὀργῇ
2921 3151 3105 3217 λαοὺς
3137 3151 3427 3219 κατάξεις,
3452 3155 3485 3207 ὀ
3512 3153 3673 3218 Θεός.
3705 3154 3814 3206 Καὶ
3836 3152 4011 3207 ταῦτα

2410 3250 2417 3263 ’
2457 3243 2679 3313 ἀσαφῶς
2710 3244 2967 3315 είρημένα
2996 3245 3142 3316 παρὰ
3160 3248 3269 3310 τοῖς
3304 3246 3714 3317 Ἑϐδομηκοντα,
3756 3246 4005 3299 λευκότεο

809 3331 1172 3405 Symmachus
1219 3326 1309 3390 his
1332 3336 1511 3391 verbis
1545 3354 1561 3393 :
1592 3335 1972 3393 Conveniebant
2011 3338 2168 3399 clam,
2201 3347 2250 3393 et
2276 3354 2359 3393 ve-
2385 3326 2426 3385 C
2461 3350 2528 3403 po

2287 3354 2359 3393 υε-
2385 3326 2426 3385 C
2461 3350 2551 3403 ρον
2590 3333 2980 3404 διηρμήνευσεν
3020 3338 3045 3387 6
3084 3336 3389 3407 Σύμμαχος,
3428 3335 3626 3389 εἰπών’
3668 3334 4006 3405 Συνήγτοντο

808 3426 969 3495 stigia
1000 3442 1112 3480 mea
1146 3425 1508 3495 observabant,
1535 3440 1886 3498 exspectantes
1916 3430 2147 3484 animam
2190 3447 2357 3486 meam

807 3526 1021 3586 propter
1053 3518 1406 3588 iniquitatem.
1459 3520 1646 3576 Libera
1669 3521 1732 3575 ab
1776 3522 1907 3588 illis,
1946 3524 1999 3577 in
2031 3524 2112 3577 ira
2140 3524 2356 3593 populos

806 3610 1061 3678 deprime,
1121 3610 1285 3669 Deus.
1332 3614 1411 3668 lta
1452 3615 1616 3680 enim,
1660 3615 1855 3685 inquit,
1910 3622 2023 3671 tota
2085 3616 2172 3672 die
2224 3616 2355 3670 mihi

805 3690 1196 3778 {observando}
1238 3706 1522 3771 vacabant,
1546 3722 1823 3762 sermones
1844 3706 1908 3763 de
1938 3723 2023 3773 me
2052 3717 2353 3773 moventes,

810 3802 867 3848 et
897 3803 1009 3850 tota
1034 3798 1289 3868 cogitatio
1318 3814 1509 3854 eorum
1552 3806 1741 3854 contra
1789 3815 1875 3855 me
1899 3808 2049 3867 erat;
2085 3807 2146 3856 ut
2166 3800 2355 3855 stude-

809 3890 931 3935 rent
973 3899 1081 3938 una
1114 3886 1276 3940 simul
1314 3886 1601 3943 adversum
1622 3903 1707 3941 me
1735 3888 2196 3959 conspirationem
2230 3904 2356 3944 con-

800 3973 976 4029 ﬂare:
1014 3989 1188 4044 neque
1216 3990 1281 4031 eo
1313 3977 1575 4033 sisterent
1614 3979 1878 4049 gradum;
1913 3979 2008 4037 sed
2046 3982 2207 4036 etiam
2241 3982 2354 4037 cal—

806 4079 1038 4121 caneum
1081 4066 1196 4123 sive
1225 4067 1350 4120 vita:
1380 4082 1626 4137 gressum
1660 4070 2031 4139 observarent,
2060 4088 2189 4127 num
2222 4088 2353 4144 sup-

806 4156 1102 4228 plantando
1150 4155 1386 4227 dejicere
1438 4172 1525 4212 me
1565 4167 1805 4228 possent.
1862 4158 2101 4232 Vestigia
2132 4178 2353 4234 quoque,

806 4262 947 4312 mea,
977 4255 1032 4302 et
1083 4263 1191 4318 quo
1240 4261 1539 4318 pergerem,
1598 4249 1979 4318 observabant,
2030 4261 2089 4307 ut
2134 4269 2351 4327 quoquo

804 4337 966 4392 modo
1013 4354 1099 4393 me
1130 4336 1668 4409 comprehenderent.
1715 4338 1843 4395 Hac
1877 4340 1954 4395 illi
1992 4343 2085 4413 qui
2117 4359 2204 4400 me
2234 4346 2352 4401 sine

800 4441 971 4484 causa
996 4430 1461 4501 persequebantur
1486 4438 1675 4485 contra
1720 4446 1807 4487 me
1840 4431 2211 4503 designabant.
2268 4434 2350 4492 Tu

802 4526 1009 4585 autem,
1041 4517 1286 4585 Domine,
1316 4536 1440 4591 spes
1494 4536 1634 4587 mea,
1665 4536 1757 4577 me
1809 4521 1878 4576 ab
1927 4521 2135 4592 injuste
2161 4540 2349 4581 eorum

799 4610 1203 4681 conspiratione
1239 4612 1480 4680 liberes;
1534 4613 1683 4682 ipsos
1724 4621 1902 4669 autem
1950 4614 2033 4668 ira
2063 4621 2156 4669 tua
2197 4617 2350 4671 inva—

2458 3424 2665 3492 λάθρα,
2700 3424 2797 3478 καὶ
2824 3428 2894 3480 τὰ
2926 3427 3062 3497 ἴχνη
3081 3445 3199 3497 μου
3241 3425 3609 3496 παρετήρουν
3634 3425 4007 3494 προσδοκῶν-

2457 3531 2553 3591 τες
2588 3514 2700 3584 τὴν
2738 3516 2946 3586 ψυχήν
2974 3536 3090 3588 μου
3123 3518 3219 3573 διὰ
3249 3519 3364 3586 τὴν
3386 3518 3640 3572 ἀδικίαν.
3681 3517 3878 3572 Ῥῦσαι
3904 3518 4003 3573 ἀπ’

2446 3606 2670 3672 ἀὐτῶν,
2710 3608 2779 3662 ἐν
2820 3608 2965 3679 ὀργῇ
3004 3611 3191 3676 λαοὺς
3222 3610 3531 3679 κατάταγε,
3578 3612 3611 3664 ό
3640 3611 3797 3676 Θεός.
3824 3610 4005 3673 Οὕτως

2448 3698 2583 3770 γὰρ,
2620 3700 2771 3771 φησὶ,
2806 3700 2893 3753 διὰ
2938 3702 3113 3772 πάσης
3143 3702 3352 3773 ἡμέρας
3391 3702 3511 3771 ἐμοὶ
3543 3690 3847 3770 ἐσχόλαζον,
3881 3702 4005 3764 τοὺς

2456 3790 2581 3862 περὶ
2606 3789 2734 3861 ἐμοῦ
2764 3791 2951 3859 λόγους
2980 3790 3269 3855 κινοῦντες,
3298 3790 3391 3844 καὶ
3413 3792 3519 3853 πᾶς
3546 3790 3887 3859 διαλογισμὸς
3909 3790 4005 3843 αύ-

2451 3880 2558 3931 τῶν
2587 3880 2705 3932 κατ’
2748 3878 2881 3949 ἐμοῦ
2915 3879 3184 3947 ἐγίγνετο·
3218 3879 3291 3941 ὡς
3325 3878 3639 3943 σπουδάζειν
3681 3878 4001 3947 συνάγεσθαι

2442 3971 2648 4034 αὐτοὺς
2671 3970 2804 4040 ὁμοῦ
2833 3971 3097 4033 συσκευάς
3120 3986 3133 3999 ·
3159 3969 3356 4040 καὶμὴ
3394 3969 3551 4042 μέχρι
3572 3970 3757 4023 τούτου
3785 3972 4000 4041 χωρεῖν,
4068 3974 4075 3981 “

2451 4060 2585 4114 ἀλλὰ
2618 4062 2709 4114 καὶ
2742 4048 3191 4134 περιεργάζεσθαί
3222 4077 3320 4131 μου
3347 4059 3444 4131 τὴν
3475 4061 3727 4132 πτέρναν,
3758 4060 4001 4113 τουτέστι

2450 4151 2547 4221 τὴν
2571 4149 2663 4203 τοῦ
2699 4151 2827 4222 βίου,
2854 4153 3098 4224 πορείαν,
3135 4151 3188 4204 sl
3217 4169 3331 4215 πως
3359 4150 3697 4214 σκελίσαντες
3733 4150 4001 4222 δυνηθεῖεν

2451 4230 2770 4320 καταϐαλεῖν
2800 4262 2887 4315 με.
2918 4247 3027 4298 Καὶ
3050 4244 3119 4299 τὰ
3150 4244 3268 4315 ἴχνη
3292 4244 3473 4315 δέμου
3499 4245 3857 4317 παρετήρουν,
3877 4245 3999 4298 ὅποι

2452 4336 2516 4391 ἂν
2557 4334 2849 4405 βαδίζοιμι,
2878 4339 2969 4391 καί
3010 4338 3075 4390 ἵν’
3104 4320 3261 4400 ὅπως
3290 4335 3623 4390 ἐπιλάϐοιντό
3664 4353 3784 4407 μου.
3817 4336 3999 4391 Ταῦτα

2450 4428 2549 4499 μὲν
2577 4421 2667 4479 οὖν
2688 4427 2744 4478 ot
2775 4426 2948 4498 μάτην
2979 4428 3259 4494 διώκοντες
3286 4433 3406 4484 κατ’
3434 4430 3569 4503 ἐμοῦ
3608 4430 3888 4502 ἔπραττον.
3924 4430 3996 4483 Σὺ

2448 4518 2525 4583 δέ,
2575 4516 2765 4588 Κύριε,
2797 4519 2830 4587 ἡ
2861 4518 2966 4589 ἐμὴ
2997 4520 3166 4587 ἐλπὶς,
3197 4521 3295 4593 ἐμὲ
3328 4523 3425 4593 μὲν
3463 4522 3563 4593 τῆς
3603 4522 3787 4576 ἀδίκου
3819 4520 3999 4575 αὐτῶν

2453 4608 2717 4679 συσκευῆς
2772 4608 2951 4679 ῥῦσαι,
2999 4611 3191 4677 αὐτοὺς
3238 4613 3295 4667 δὲ
3346 4612 3613 4685 μετελθὼν
3659 4614 3723 4684 τῇ
3771 4612 3997 4667 σεαυτοῦ

800 4667 958 4767 dens:
987 4717 1051 4757 ex
1075 4718 1139 4758 ea
1166 4667 1839 4779 arrogantiam-superbia
1876 4706 2050 4778 dejice
2077 4667 2171 4763 :ﬁid
2197 4667 2348 4763 enim
2379 4667 2429 4729 υ
2450 4699 2519 4769 ὀρ

2280 4667 2348 4762 iin
2379 4667 2429 4729 υ
2450 4699 2606 4770 ὁργῇι
2640 4667 2907 4751 κέτέδαλε
2935 4667 3033 4770 ’ἧς
3066 4667 3429 4773 μεγαλαυχίας
3454 4703 3544 4756 καὶ
3568 4701 3668 4773 τῆς
3696 4667 3999 4773 ύψηλοφρο-

799 4795 935 4865 ipsis
970 4794 1099 4850 utile
1119 4795 1243 4850 erit.
1296 4795 1572 4867 Siquidem
1602 4785 1731 4856 elati
1757 4814 1821 4855 ac
1858 4806 2152 4864 tumentes,
2192 4798 2248 4853 id
2288 4799 2344 4854 in

797 4901 955 4941 suam
997 4886 1293 4958 perniciem
1336 4888 1601 4958 agebant:
1661 4891 1861 4945 etenim
1916 4891 2059 4949 Deus
2110 4889 2346 4959 superbis

798 4979 1018 5047 resistit,
1048 4978 1333 5032 humilibus
1358 4988 1530 5033 autem
1553 4978 1646 5033 dat
1673 4982 1899 5051 gratiam
1916 4981 1993 5038 “z
2025 4997 2192 5051 quare
2213 4995 2347 5051 rogo

797 5078 990 5123 omnes
1037 5070 1379 5140 insurgentes
1421 5070 1479 5124 in
1520 5085 1607 5126 me
1646 5070 2111 5140 deprimas;sive,
2149 5087 2346 5129 secun-

799 5160 928 5214 dum
961 5159 1231 5241 Aquilam,
1282 5160 1537 5232 dejicias;
1561 5170 1623 5217 ut
1649 5161 1947 5220 modestius
1973 5172 2134 5236 atque
2164 5165 2347 5219 humi-

800 5252 906 5309 lius
938 5254 1257 5323 sentientes,
1289 5260 1549 5328 m‘agnam
1578 5256 1867 5312 utilitatem
1903 5258 2229 5330 percipiant.

842 5446 1031 5505 “Vsus.
1064 5446 1123 5519 9,
1169 5448 1253 5504 ιο.
1300 5449 1471 5505 Vitam
1519 5465 1689 5503 meam
1732 5442 2036 5503 annuntians"
2092 5449 2207 5514 tibi,
2251 5464 2345 5518 po-

796 5540 949 5595 suisti
979 5540 1240 5610 lacrymas
1278 5556 1417 5595 meas
1462 5542 1517 5596 in
1564 5548 1836 5608 conspectu
1868 5548 1990 5603 tuo;
2013 5540 2145 5593 sicut
2187 5548 2238 5595 et
2285 5540 2340 5593 in

793 5632 1272 5699 promissionetua,
1302 5641 1653 5687 convertentur
1686 5631 1884 5685 inimici
1910 5632 2007 5685 mei
2032 5642 2336 5696 retrorsum,

792 5723 849 5779 tn
875 5739 1175 5795 quacunque
1195 5724 1279 5779 die
1298 5724 1596 5780 invocarem
1621 5734 1689 5779 te.
1713 5722 1837 5801 Haec
1863 5723 2063 5782 clarius
2096 5724 2341 5797 Symma-

865 5877 914 5918 ³⁵
952 5877 1113 5936 ηοω.
1143 5895 1257 5945 un,
1287 5880 1376 5937 51.

2452 4789 2642 4860 σύνης·
2689 4790 2844 4843 τοῦτο
2875 4788 2981 4859 γὰρ
3020 4792 3198 4857 αὐτοῖς
3251 4792 3499 4845 συνοίσει.
3535 4791 3849 4863 ’Υψούμενοι
3886 4793 3998 4865 γὰρ

2450 4880 2543 4933 καὶ
2575 4881 2940 4953 ἐπαιρόμενοι,
2973 4882 3056 4933 ἐπ’
3080 4882 3381 4952 όλέθρῳτῷ
3401 4881 3607 4945 ἑαυτῶν
3631 4881 3779 4935 ταῦτ’
3805 4882 3997 4953 ἐπρατ-

2447 4986 2537 5022 τον
2555 4987 2567 4999 ·
2583 4970 2734 5042 ὁγὰρ
2765 4968 2907 5035 Θεὸς
2920 4970 3319 5039 ὑπερηφάνοις
3332 4968 3768 5034 ἀντιτάσσεται,
3797 4986 3996 5026 ταπει-

2446 5060 2574 5127 νοῖς
2588 5061 2654 5115 δὲ
2668 5061 2875 5116 δίδωσι
2897 5061 3100 5130 χάριν
3154 5061 3254 5126 διὸ,
3309 5061 3554 5126 ἱκετεύω,
3606 5062 3812 5127 πάντας
3869 5065 3996 5128 τοὺς

2448 5154 2900 5225 ἐπανισταμένους
2931 5171 3018 5224 μοι
3035 5153 3305 5222 κατάγαγε
3328 5169 3344 5184 ο
3374 5152 3428 5225 ἢ,
3459 5153 3599 5209 κατὰ
3623 5152 3714 5209 τὸν
3749 5155 3993 5220 Ἀκύλαν,

2448 5246 2840 5300 καταϐίϐασον
2857 5262 2870 5275 ·
2917 5246 3003 5307 ὡς,
3038 5244 3122 5310 ἂν,
3174 5244 3387 5317 μέτριον
3437 5246 3687 5318 φρόνημα
3743 5246 3993 5309 λαϐόντες

2446 5338 2537 5391 καί
2563 5340 2792 5394 ταπεινά
2824 5336 3163 5411 φρονοῦντες,
3202 5338 3271 5391 τὰ
3304 5338 3513 5409 μεγάλα
3543 5337 3888 5409 ὡφεληθεῑεν.
4000 5391 4007 5397 ,

2519 5452 2636 5522 Τὴν
2659 5454 2808 5521 ζωήν
2831 5471 2949 5524 μου
2978 5452 3292 5525 ἐξήγγειλά
3321 5470 3437 5517 σοι,
3486 5455 3623 5509 ἔθου
3661 5455 3734 5508 τὰ
3767 5452 4007 5520 δάκρυά¹

2438 5561 2556 5615 μου
2585 5545 2837 5601 ἐνώπιόν
2872 5562 3006 5601 σουσ
3054 5548 3134 5613 ὡς
3170 5545 3270 5600 καί
3313 5546 3382 5600 ὲν
3408 5544 3483 5614 τῇ
3515 5544 3833 5615 ἐπαγγελίᾳ
3854 5559 3990 5607 σου,

2442 5635 2911 5705 ἐπιστρέφουσιν
2932 5641 2992 5713 οἱ
3020 5638 3219 5708 ἐχθροί
3252 5655 3371 5709 μου
3399 5641 3485 5706 εις
3508 5637 3579 5691 τὰ
3605 5638 3813 5703 ὀπίσω,
3849 5635 3920 5688 ἐν
3952 5629 3993 5707 ᾖ

2444 5727 2522 5781 ἂν
2558 5726 2741 5798 ἡμέρα
2763 5728 3196 5800 ἐπικαλέσωμαι
3211 5740 3302 5786 σε.
3324 5731 3433 5786 Καὶ
3450 5729 3621 5789 ταῦτα
3645 5731 3673 5782 6
3703 5726 3993 5799 Σύμμαχος

1468 5880 1509 5912 ³⁸
1543 5878 1711 5937 lCor.
1746 5890 1828 5947 ni,
1866 5880 1917 5937 3.
1998 5883 2014 5917 ⁸
2055 5881 2075 5937 l
2107 5880 2255 5939 Petr.
2294 5898 2348 5950 ν,
2385 5883 2434 5939 5.
