4354 6396
383 492 488 547 497

1495 496 1990 557 COMMENTABIA
2034 505 2099 559 lN
2140 505 2473 562 PSALMOS.

3470 516 3577 573 £98

382 604 706 677 σαφέστερον
729 607 1084 679 ἡρμήνευσεν,
1114 611 1282 675 οὕτως
1321 610 1593 667 εἰπώνοΐὰ
1617 615 1799 705 ἕνδοη
1806 635 1923 683 μου
1952 627 1996 683 Α
2025 624 2101 676 clr

1855 636 1923 671 ου
1952 627 1996 683 Α
2025 624 2161 677 chus
2218 625 2600 693 interpretatus
2643 631 2725 678 est
2770 624 2854 681 liis
2884 627 3062 680 verbis
3099 645 3112 681 :
3154 626 3415 686 Interiora
3463 650 3574 687 mea

380 697 785 767 ὲξηρίθμησας
808 716 821 729 ·
883 700 963 754 σὺ
1020 701 1158 757 ἔθου
1192 703 1261 756 τὰ
1287 703 1511 770 δάκρυὰ
1534 723 1651 773 μου
1682 697 1934 763 ἐνώπιόν

378 801 515 840 σου.
544 786 639 855 Μὴ
667 788 802 857 οὐχί
854 788 999 842 ὅταν
1035 789 1370 859 ἐξαριθμῇς,
1401 794 1531 845 τότε
1554 795 1934 865 ἀποστραφῆ-

379 895 585 933 cor-tat
616 884 670 934 οι
705 882 904 949 ἐχθροί
932 942 938 964 ι
947 900 1064 950 μου
1110 883 1316 948 ὀπίσω,
1345 878 1386 955 ᾖ
1416 884 1492 937 ἂν
1522 886 1709 958 ᾑμέρᾳ
1730 889 1930 942 ἐπικα-

377 969 640 1039 λέσωμαι
666 987 737 1025 σε
759 988 779 1035 ;
827 973 887 1024 Ol
914 973 1009 1042 μὲν
1056 973 1235 1043 ἐχθροί
1266 991 1385 1044 μου,
1411 977 1560 1045 φησὶ,
1612 978 1698 1030 διὰ
1755 979 1932 1049 πάσης

377 1063 587 1131 ημέρας
610 1059 795 1128 λόγους
820 1062 947 1133 περὶ
994 1063 1127 1133 ἐμοῦ
1160 1065 1454 1129 ἁνεκίνουν,
1503 1068 1596 1119 καὶ
1654 1070 1769 1121 κατ’
1798 1068 1930 1139 ἐμοῦ

378 1148 575 1214 πάντες
598 1152 644 1203 οἰ
671 1151 1000 1222 διαλογισμοὶ
1058 1154 1232 1207 αὐτῶν
1276 1150 1434 1226 ἦσαν·
1484 1157 1591 1225 ἐγὼ
1637 1160 1690 1211 δὲ
1718 1161 1931 1224 ὁποίους

376 1238 434 1289 ἐν
461 1240 676 1310 ἐμαυτῷ
706 1239 932 1309 συνῆγον
959 1242 1246 1313 λογισμοὺς
1279 1247 1369 1297 καὶ
1394 1247 1581 1309 ὁποίας
1610 1249 1931 1321 ἐνθυμήσεις

373 1323 542 1400 εἶχον,
570 1331 631 1382 σὺ
686 1331 864 1394 αὐτὸς,
904 1332 978 1395 ώς
1012 1333 1443 1406 καρδιογνώστης
1482 1336 1630 1401 Θεὸς,
1660 1336 1823 1403 οἶδας.
1852 1340 1932 1393 Τά

375 1420 481 1491 γὰρ
505 1421 648 1474 ἔνδον
684 1438 782 1490 μου
808 1422 1171 1494 ἐξηρίθμησας
1194 1426 1386 1490 πάντα,
1409 1429 1584 1481 καὶτὰ
1609 1432 1811 1500 κρύφιά
1830 1451 1928 1503 μου

374 1512 468 1564 καὶ
492 1513 589 1574 τὰς
613 1511 927 1582 ἐνθυμήσεις
951 1514 1048 1583 τῆς
1073 1514 1245 1587 ψυχῆς
1283 1534 1380 1588 μου
1407 1518 1687 1585 γινώσκεις
1704 1538 1716 1550 ·
1741 1522 1930 1594 διόπερ

370 1600 493 1653 ἔθου
514 1602 583 1653 τὰ
606 1601 813 1671 δάκρυά
847 1618 947 1672 μου
974 1602 1198 1660 ἐνώπιόν
1234 1624 1348 1669 σου,
1389 1608 1478 1660 καὶ
1521 1608 1617 1661 οὐκ
1662 1610 1931 1680 ἀπεστρά-

370 1708 477 1761 φης
506 1692 658 1745 αύτά·
692 1692 802 1744 ἀλλ’
829 1691 1027 1761 ὥσπερ
1059 1696 1115 1749 ἐν
1138 1699 1200 1766 τῇ
1225 1697 1521 1768 ἐπαγγελίᾳ
1554 1716 1643 1751 σου
1669 1701 1927 1771 ὑπισχνοῦ

368 1775 557 1843 λέγων·
585 1777 703 1827 Ἔτι
751 1779 1083 1845 λαλοῦντός
1124 1796 1236 1835 σου
1274 1783 1402 1851 ἐρῶ·
1476 1785 1625 1840 Ἰδοὺ
1676 1788 1926 1858 πάρειμι,

368 1863 536 1927 οὕτως
563 1865 825 1918 ἀκόλουθα
849 1870 1099 1938 πράττων
1124 1874 1241 1935 ταῖς
1266 1877 1381 1937 σαῖς
1405 1877 1773 1943 ἐπαγγελίαις,
1789 1880 1927 1933 ἔθου

2030 715 2343 766 enumerasti
2376 728 2393 765 :
2434 721 2487 765 tu
2527 713 2747 780 posuisti
2793 714 3052 784 lacrymas
3097 733 3237 772 meas
3296 736 3470 773 coram
3506 730 3571 773 te-

2030 805 2217 857 Annon
2246 820 2362 857 cum
2408 806 2801 869 enumeraveris,
2831 815 2949 860 tunc
2991 817 3342 863 convertentur
3379 813 3574 867 inimici

2031 896 2130 948 mei
2161 906 2465 959 retrorsum,
2500 897 2557 949 in
2594 913 2895 967 quacunque
2919 898 3009 952 die
3034 902 3332 955 invocavera
3358 912 3404 956 te
3420 906 3453 959 γ’
3486 903 3573 959 ln-

2031 984 2175 1039 imici
2204 984 2419 1054 quidem
2453 988 2579 1050 mei,
2612 988 2808 1057 inquit,
2832 996 2951 1043 .tota
2982 991 3068 1046 die
3090 1007 3366 1049 sermones
3397 994 3465 1049 de
3490 1012 3573 1050 me

2030 1078 2339 1141 movebant,
2364 1086 2418 1134 et
2434 1087 2631 1132 contra
2670 1095 2752 1134 me
2779 1082 3138 1150 cogitationes
3174 1099 3357 1139 eorum
3382 1096 3570 1153 erant;

2028 1184 2126 1239 ego
2149 1184 2276 1224 vero
2302 1170 2479 1238 qualia
2502 1172 2553 1225 in
2586 1188 2671 1227 me
2702 1175 2984 1228 ratiocinia
3013 1178 3342 1247 collegerim,
3366 1189 3418 1233 et
3439 1195 3575 1250 qua-

2029 1259 2106 1315 les
2144 1260 2497 1329 cogitationes
2528 1262 2825 1327 habuerim,
2861 1271 2940 1329 tu,
2963 1250 3161 1337 utpote
3194 1270 3437 1324 cordium
3482 1286 3583 1349 σου,

2030 1352 2209 1419 gnitor
2253 1351 2416 1416 Deus,
2450 1354 2614 1407 nosti.
2644 1352 2775 1407 Nam
2822 1371 2941 1424 quae
2996 1358 3132 1410 intra
3164 1374 3248 1413 me
3282 1369 3409 1414 sunt
3439 1376 3572 1416 enu-

2027 1441 2249 1493 merasti
2280 1442 2479 1505 omnia,
2512 1449 2564 1496 et
2590 1444 2799 1497 occulta
2823 1459 2940 1499 mea
2970 1447 3429 1518 cogitationesque
3454 1452 3570 1504 ani-

2028 1544 2126 1583 mae
2154 1545 2284 1584 mea:
2312 1535 2593 1601 cognoscis
2627 1553 2639 1588 :
2665 1534 3020 1604 quamobrem,
3050 1538 3277 1606 posuisti
3306 1540 3569 1610 lacrymas

2027 1633 2174 1672 meas
2206 1619 2259 1672 in
2286 1630 2581 1689 conspectu
2610 1629 2722 1685 tuo,
2758 1639 2859 1678 nec
2905 1633 3185 1680 aversatus
3226 1642 3317 1683 eas
3345 1645 3437 1694 es;
3474 1629 3568 1684 sed

2028 1712 2161 1765 sicut
2202 1718 2255 1766 et
2305 1711 2361 1765 in
2408 1712 2769 1781 promissione
2796 1725 2887 1769 tua
2928 1718 3206 1785 professus
3226 1735 3305 1785 es,
3337 1721 3564 1776 dicens:

2027 1800 2208 1854 Adhuc
2240 1812 2285 1856 te
2318 1803 2550 1872 loquente
2582 1804 2755 1857 dicam
2790 1821 2807 1858 :
2850 1805 2981 1859 Ecce
3024 1808 3210 1861 adsum
3236 1811 3307 1876 ‘7;
3338 1811 3417 1865 sic
3440 1825 3568 1865 con-

2028 1898 2313 1957 sequenter
2342 1891 2407 1944 ad
2435 1892 2701 1960 promissa
2736 1901 2845 1959 tua,
2873 1897 3091 1963 posuisti
3134 1896 3395 1967 lacrymas
3426 1917 3566 1957 meas

365 1956 438 2008 τὰ
458 1954 685 2023 δάκρυά
727 1976 845 2026 μου
894 1959 1148 2014 ἐνώπιόν
1200 1979 1333 2018 σου.
1368 1967 1474 2019 Καὶ
1526 1968 1663 2021 κατὰ
1690 1972 1787 2041 τὴν
1814 1972 1920 2023 τῶν
1950 1975 1995 2034 Β
2023 1978 2078 2030 in

1847 1972 1920 2023 ὧν
1950 1975 1995 2034 Β
2023 1978 2078 2030 in
2112 1988 2385 2047 conspectu
2446 1989 2550 2037 tuo.
2609 1981 2686 2036 Ac
2735 1984 3029 2037 secundum
3074 1986 3563 2056 interpretationem

378 2043 773 2114 Ἐΰδομήκοντα
819 2046 875 2099 δέ
906 2049 1215 2118 ἑρμηνείαν,
1249 2050 1365 2118 Τὴν
1390 2053 1539 2119 ζωήν
1558 2072 1695 2123 μου,
1735 2059 1917 2127 φησιν,

362 2131 678 2201 ὲξήγτειλά
729 2151 845 2201 σοι,
901 2139 976 2201 ὡς
1021 2139 1084 2194 ἂν
1149 2142 1448 2211 παρρησίαν
1505 2142 1649 2211 ἄγων
1708 2148 1797 2199 καὶ
1846 2148 1918 2219 μὴ

365 2225 814 2296 ἐπαισχυνόμενος
837 2228 927 2280 ἐπὶ
950 2232 1014 2299 τῇ
1040 2230 1271 2300 ἐμαυτοῦ
1302 2231 1431 2301 ζωῇ.
1467 2232 1537 2284 Σύ
1580 2251 1637 2286 τε
1658 2236 1915 2306 ἀποδεχό-

365 2315 522 2383 μενός
546 2313 645 2385 μου
676 2318 773 2389 τὴν
799 2319 960 2389 ζωὴν,
1012 2320 1078 2373 τὰ
1111 2321 1318 2391 δάκρυά
1350 2340 1447 2392 μου
1479 2325 1577 2377 οὐκ
1625 2325 1916 2393 ἀπεσείσω,

364 2404 496 2457 ἀλλὰ
520 2406 625 2477 πρὸ
650 2406 757 2461 τῶν
785 2410 890 2463 σῶν
913 2409 1198 2478 ὀφθαλμῶν
1232 2412 1351 2467 ἔθου
1379 2416 1534 2479 αὐτὰ,
1568 2417 1917 2486 πιστούμενος

361 2495 459 2559 τὰς
482 2496 579 2559 σὰς
601 2498 942 2567 ἐπαγγελίας.
962 2500 1049 2552 Διὸ
1072 2500 1396 2567 συνέϐαινεν,
1424 2504 1553 2575 ἐμοῦ
1576 2508 1917 2574 εἰσακουομέ-

362 2601 475 2649 νου,
510 2587 634 2649 τοὺς
680 2587 901 2658 ἐχθρούς
966 2605 1063 2657 μου
1099 2592 1176 2653 είς
1202 2592 1271 2643 τά
1321 2592 1492 2646 ὀπίσω
1542 2598 1752 2663 χωρεῖν·
1796 2595 1916 2649 ὅθεν

362 2672 520 2742 φημί·
561 2675 655 2727 Ἐν
674 2669 713 2743 ᾖ
743 2674 819 2727 ἂν
855 2673 1039 2741 ἡμέρᾳ
1066 2676 1502 2747 ἐπικαλέσωμαί
1524 2697 1616 2743 σε,
1650 2682 1916 2751 ἐπιστρέ-

360 2763 586 2827 φουσιν
608 2766 658 2815 οἱ
680 2763 877 2830 ἐχθροί
898 2780 1014 2830 μου
1064 2766 1149 2829 είς
1174 2766 1251 2841 τὰ
1281 2768 1487 2821 ὀπίσω·
1524 2770 1663 2822 κατὰ
1710 2771 1765 2824 δέ
1821 2774 1921 2826 τὸν.

358 2849 669 2920 Σύμμαχον·
705 2851 801 2919 Μὴ
840 2851 974 2920 οὐχὶ
1008 2852 1171 2916 ὅταν,
1202 2857 1383 2925 φησὶν,
1404 2857 1754 2928 esitabam,
1786 2863 1915 2916 τότε

357 2937 923 3007 ἁποστραφήσοίνται
948 2944 999 2993 οἱ
1024 2943 1222 3009 εγθοοί
1256 2960 1373 3011 μου
1408 2946 1630 3009 ὀπίσω;
1668 2949 1913 3003 Ἐπειδὰν

356 3026 688 3097 φυλοκρινῶν
706 3028 1034 3102 διακαθάρῃς
1049 3032 1315 3101 ἀφορίζων
1327 3035 1451 3097 τοὺς
1474 3037 1695 3089 σεαυτοῦ
1713 3038 1921 3105 ἀξίους,

358 3116 451 3169 καὶ
483 3118 832 3190 ἐξαρίθμησιν
873 3120 1186 3190 ποιούμενος
1236 3122 1343 3177 τῶν
1382 3125 1677 3194 μελλόντων
1729 3132 1807 3193 εἰς
1847 3130 1915 3184 τὰ

352 3202 501 3268 δεξιὰ
557 3207 819 3271 ἵστασθαι,
878 3208 1104 3261 καὶτῶν
1158 3211 1235 3274 είς
1279 3213 1538 3283 ἀριστερά
1581 3217 1912 3286 χωρούντων,

354 3295 519 3365 τότε,
581 3298 637 3349 ἐν
691 3298 768 3368 τῷ
824 3298 883 3350 σὲ
934 3300 1031 3368 τὴν
1072 3298 1422 3372 ἐξαρίθμησιν
1480 3305 1677 3376 ταύτην
1748 3312 1915 3361 ποιεῖ-

355 3385 513 3453 σθαι,
564 3387 1125 3456 ἀποστριιφήσσνται
1178 3394 1231 3442 ol
1288 3393 1487 3460 ἐχθροί
1535 3413 1651 3464 μου
1704 3399 1789 3463 είς
1836 3400 1906 3453 τὰ

354 3472 567 3528 ὀπίσω.

435 3565 579 3639 Ἰδοὺ
606 3578 814 3655 ἔγνων,
843 3588 930 3641 ὅτι
956 3592 1097 3654 Θεός
1120 3593 1225 3658 μοί
1254 3591 1439 3647 ἐστιν.
1502 3596 1629 3649 Ἐπὶ
1680 3596 1759 3663 τῷ
1787 3599 1906 3665 Θεῷ

350 3676 569 3729 αἰνέσω
590 3676 772 3745 ῥῆμα,
796 3679 893 3731 ἐπὶ
929 3680 1008 3745 τῷ
1050 3683 1241 3747 Κυρίῳ
1279 3684 1493 3739 αίνέσω
1550 3689 1749 3757 λόγον·
1806 3692 1904 3745 ἐπὶ

352 3765 431 3831 τῷ
455 3766 645 3839 Κυρίῳ
680 3758 927 3835 ἠλέησα,
947 3773 1017 3825 οὐ
1043 3772 1449 3844 φοϐηθήσομαι
1471 3777 1528 3830 τί
1549 3777 1784 3846 ποιήσει
1804 3800 1906 3850 μοι

351 3857 676 3925 ἄνθρωπος.
724 3861 876 3915 Κατά
937 3862 993 3915 δὲ
1025 3863 1114 3915 τὸν
1164 3864 1454 3936 Σύμμαχον
1507 3867 1664 3922 τοῦτό
1721 3856 1900 3941 φησιν·

354 3944 516 4014 οἴδα,
544 3950 632 4003 ὅτι
656 3952 785 4004 ἐστι
812 3953 952 4018 Θεός
977 3972 1096 4021 μοι.
1138 3955 1247 4008 Τὸν
1293 3958 1439 4011 Θεὸν
1491 3962 1908 4031 ὐμνολογήσω,

349 4038 448 4093 διὰ
506 4040 611 4094 τοῦ
679 4042 823 4095 Θεοῦ
880 4044 1352 4113 ὑμνοποιήσομαι
1398 4050 1600 4117 λόγον·
1641 4051 1719 4117 τῷ
1786 4054 1905 4121 Θεῷ

352 4131 623 4191 πέποιθα,
656 4133 726 4183 οὐ
753 4133 1159 4201 φοϐηθήσομαι
1192 4138 1248 4188 τί
1290 4137 1525 4204 ποιήσει
1552 4158 1651 4207 μοι
1688 4142 1904 4212 ἂνθρω-

351 4233 482 4283 πος.
510 4219 698 4279 Ᾱύτοῖς
722 4217 919 4287 ἔργοις,
945 4222 1094 4290 φησὶ,
1116 4224 1441 4296 παρείληφα,
1462 4229 1553 4281 καὶ
1583 4229 1751 4297 ἔγνων
1781 4232 1915 4304 ἄλη--

352 4309 479 4373 θῶς,
500 4310 580 4361 ὅτι
607 4310 705 4362 οὐκ
728 4310 817 4363 ἐπὶ
852 4313 1059 4382 ματαίῳ
1111 4313 1329 4382 ἤλπισα·
1377 4317 1511 4370 ἀλλὰ
1556 4320 1685 4373 Θεὸν
1716 4321 1903 4393 βοηθὸν

349 4400 681 4475 ἐκτησάμην.
707 4401 904 4455 Τούτου
926 4403 979 4455 δὲ
1006 4402 1240 4473 ἔλεγχος,
1273 4402 1392 4459 ἐπεὶ
1416 4409 1553 4463 ἔθου
1586 4410 1657 4464 τὰ
1678 4411 1905 4479 δάκρυά

346 4508 462 4561 μου
495 4490 747 4546 ἐνώπιόν
776 4510 909 4547 σου.
942 4489 1070 4545 Εἶτα
1117 4495 1249 4563 ἐμοῦ
1282 4498 1377 4565 μὲν
1408 4499 1638 4569 ἐπήκοος
1660 4501 1896 4569 ἐγίγνου,

348 4583 397 4633 οἱ
423 4578 479 4633 δέ
505 4582 683 4652 ἐχθροί
734 4601 832 4653 μου
860 4582 1093 4655 ἐχώρουν
1136 4586 1214 4647 εἰς
1263 4586 1332 4639 τά
1355 4588 1544 4641 ὀπίσω·
1578 4590 1655 4642 διὸ
1692 4591 1790 4643 ἐπὶ
1822 4591 1900 4656 τῷ

2024 2067 2161 2121 LXX
2186 2109 2199 2132 ,
2247 2069 2419 2123 Vitam
2448 2087 2633 2137 meam,
2670 2074 2865 2142 inquit,
2893 2078 3196 2130 annuntiavi
3238 2077 3346 2141 tibi,
3383 2087 3567 2149 utpote

2023 2159 2113 2229 qui
2144 2175 2265 2212 cum
2302 2159 2492 2214 ﬁducia
2512 2177 2745 2231 agerem,
2782 2180 2881 2219 nec
2915 2166 2986 2221 de
3001 2168 3110 2221 vita
3146 2182 3263 2222 mea
3284 2170 3566 2225 erubesce-

2024 2263 2158 2302 rem.
2193 2247 2273 2301 Tu
2304 2264 2430 2303 vero
2458 2265 2581 2303 cum
2613 2251 2777 2305 vitam
2809 2257 3140 2323 approbares
3167 2276 3362 2326 meam,
3394 2263 3566 2334 lacry-

2022 2352 2139 2392 mas
2194 2353 2342 2393 meas
2392 2355 2499 2393 non
2547 2343 2813 2421 repulisti,
2847 2344 2941 2398 sed
2991 2347 3062 2401 ob
3105 2350 3292 2404 oculos
3336 2354 3563 2421 posuisti

2021 2434 2163 2489 tuos,
2198 2427 2277 2482 sic
2310 2430 2593 2498 promissis
2642 2416 2760 2486 tuis.
2800 2435 2957 2489 [idem
3009 2438 3324 2495 concilians.
3388 2440 3567 2507 Quare

2021 2518 2265 2586 contigit,
2298 2534 2421 2573 cum
2453 2523 2735 2579 exauditus
2781 2540 2976 2593 essem,
3006 2527 3255 2585 inimicos
3304 2547 3451 2588 meos
3477 2549 3564 2589 re-

2021 2612 2105 2656 tro
2136 2606 2325 2660 cedere
2352 2625 2367 2674 ;
2400 2603 2669 2664 ideo‘dico
2702 2631 2715 2666 :
2744 2612 2808 2666 In
2828 2631 3128 2685 quacunque
3156 2618 3237 2672 die
3264 2621 3561 2677 invocavero

2022 2702 2086 2756 te,
2144 2706 2499 2751 convertentur
2534 2701 2732 2755 inimici
2776 2708 2875 2758 mei
2910 2719 3224 2774 retrorsum;
3265 2715 3561 2769 secundum

2022 2783 2398 2855 Symmachum
2417 2805 2542 2844 vero
2571 2811 2583 2845 :
2607 2793 2793 2846 Annon
2813 2811 2928 2848 cum
2947 2804 3344 2862 enumeraveris.
3364 2804 3558 2873 inquit,

2019 2886 2373 2932 convertentur
2392 2882 2592 2935 inimici
2618 2885 2717 2937 mei
2744 2890 3069 2942 retrorsum?
3096 2888 3228 2943 Cum
3252 2906 3345 2959 per
3374 2893 3560 2963 singu-

2019 2966 2098 3021 las
2130 2968 2303 3024 tribus
2331 2985 2641 3037 secernens,
2666 2988 2760 3028 eos
2789 2975 2881 3044 qui
2910 2983 2963 3030 te
2992 2976 3138 3047 digni
3187 2988 3313 3033 sunt
3358 2981 3560 3055 selege-

2018 3057 2116 3121 ris,
2136 3065 2191 3114 et
2213 3063 2621 3116 ermmeraveris
2647 3078 2741 3118 eos
2769 3064 2857 3133 qui
2878 3066 2943 3120 ad
2968 3066 3243 3123 dexteram
3263 3063 3556 3135 statuendi,

2018 3156 2072 3203 et
2098 3163 2192 3204 eos
2226 3151 2317 3220 qui
2346 3152 2420 3206 ad
2444 3152 2721 3209 sinistram
2768 3158 3040 3211 recessuri
3090 3169 3237 3224 sunt,
3262 3170 3402 3226 tunc,
3434 3178 3556 3216 cum

2019 3240 2181 3295 talem
2223 3244 2686 3301 enumerationem
2727 3246 2925 3312 facies,
2971 3260 3328 3306 convertentur
3363 3253 3559 3307 inimici

1942 3321 1981 3377 C
2014 3332 2115 3384 mei
2148 3341 2454 3387 retrorsum.

2081 3618 2242 3675 Vens.
2269 3622 2354 3678 Η.
2380 3622 2513 3679 Ecce
2543 3641 2754 3696 cognovi
2773 3631 3015 3699 quoniam
3047 3628 3186 3683 Deus
3211 3629 3336 3683 mihi
3356 3638 3451 3683 est.
3486 3627 3554 3684 In
3602 3636 3605 3637 ⁷

2007 3718 2118 3775 Deo
2146 3721 2373 3776 laudabo
2403 3727 2631 3792 verbum,
2658 3728 2710 3780 in
2736 3726 2958 3784 Domino
2980 3729 3204 3783 laudabo
3227 3744 3508 3789 sermonem
3532 3745 3550 3782 :

2008 3820 2073 3882 in
2089 3819 2310 3876 Domino
2326 3826 2543 3892 speravi,
2568 3843 2669 3880 non
2686 3827 2867 3880 timebo
2895 3827 3018 3896 quid
3041 3810 3355 3896 [aciatxmihi
3377 3827 3549 3883 homo.

2011 3916 2319 3975 Secundum
2354 3920 2729 3993 Symmachum
2774 3931 2949 3987 autem
2984 3927 3062 3980 sic
3104 3926 3177 3980 ait
3208 3946 3222 3981 ε
3248 3926 3383 3982 Novi
3415 3929 3552 3997 quod

2007 4015 2077 4068 sit
2107 4007 2245 4069 Deus
2275 4016 2421 4070 mihi.
2461 4016 2620 4070 Deum
2644 4019 2928 4085 celebrabo,
2958 4038 3047 4091 per
3074 4021 3239 4076 Deum
3267 4040 3551 4077 sermonem

2009 4106 2062 4159 in
2092 4106 2340 4175 hymnum
2374 4117 2705 4174 convertam;
2735 4114 2788 4164 in
2814 4111 2920 4165 Deo
2955 4115 3173 4181 speravi,
3225 4131 3336 4167 non
3365 4115 3550 4167 timebo

2007 4196 2128 4266 quid
2158 4193 2315 4262 faciet
2346 4197 2472 4251 mihi
2495 4199 2663 4255 homo.
2690 4202 2826 4271 Ipsis
2852 4205 3124 4273 operibus,
3150 4204 3341 4272 inquit,
3367 4206 3555 4274 accepi.

2007 4297 2059 4343 et
2087 4303 2210 4343 vere
2244 4290 2366 4343 novi
2412 4307 2500 4347 me
2546 4308 2657 4348 non
2694 4294 2895 4349 frustra
2946 4312 3194 4365 sperasse
3220 4338 3233 4361 ,
3265 4296 3355 4350 sed
3380 4295 3548 4350 Deum

2007 4374 2306 4443 adjutorem
2358 4381 2680 4436 obtinuisse.
2707 4380 2991 4450 Cujus-rei
3041 4392 3411 4452 argumentum
3442 4392 3546 4450 est,

2007 4468 2149 4536 quod
2179 4472 2399 4538 posuisti
2425 4474 2684 4544 lacrymas
2706 4490 2843 4527 meas
2868 4475 2920 4527 in
2946 4484 3219 4544 conspectu
3256 4484 3364 4529 tuo.
3387 4475 3547 4530 Dein-

2006 4554 2073 4609 de
2104 4557 2236 4613 mihi
2266 4559 2484 4629 quidem
2534 4563 2801 4631 propitius
2838 4562 3022 4629 fuisti;
3052 4564 3256 4618 inimici
3296 4581 3421 4620 vero
3443 4570 3549 4621 mei

351 4671 471 4736 θεῷ
495 4652 921 4741 αὶνέσωρῆμαί
964 4652 1019 4745 ἦ,
1056 4676 1191 4739 κατά
1220 4677 1310 4729 τὸν
1349 4680 1612 4733 Ἀκύλαν·
1656 4681 1754 4733 Ἐν
1935 4658 1978 4712 D
2006 4658 2070 4747 Ψ

1827 4652 1905 4747 ἐξ)
1935 4658 1978 4712 D
2006 4653 2153 4747 retro
2207 4659 2532 4747 cesserunt:
2582 4668 2749 4747 quare
2788 4653 2851 4747 in
2869 4652 3000 4747 ‘Deo
3025 4654 3258 4747 laudabo
3308 4656 3546 4747 verbum;

349 4761 723 4830 καυχήσομαι
770 4763 949 4831 ῥῆμα·
1012 4766 1149 4818 κατὰ
1205 4766 1260 4818 δὲ
1296 4756 1395 4821 τὸν
1436 4770 1756 4840 Σύμμαχον·
1793 4770 1903 4823 Τὸν

351 4851 498 4904 Θεὸν
521 4851 928 4920 ὑμνολογήσω·
942 4856 1076 4909 ἁ).λά
1099 4858 1187 4909 καὶ
1208 4858 1303 4910 ἐπὶ
1333 4859 1437 4911 τὸν
1451 4862 1663 4927 Κύριον
1686 4860 1900 4915 αἰνέσω

348 4939 547 5005 λόγον·
583 4937 641 5007 ἢ,
676 4938 825 4991 ’κατά
868 4940 957 4994 τὸν
1017 4944 1261 5009 Ἀκύλαν,
1311 4946 1379 4998 ἐν
1419 4949 1610 5014 Κυρίῳ
1652 4948 1898 5015 ὑμνήσω

347 5029 547 5097 λόγον·
577 5030 631 5100 ἢ,
658 5030 797 5082 κατὰ
818 5031 1224 5106 τὸνοΣύμμαχον,
1248 5037 1343 5090 διὰ
1365 5038 1469 5091 τοῦ
1492 5041 1707 5107 Κυρίου
1728 5042 1897 5107 ὐμνο·

350 5120 668 5188 ποιήσομαι
693 5122 892 5190 λόγον·
938 5125 1030 5176 καὶ
1053 5127 1229 5193 πάλιν,
1255 5128 1329 5191 ὡς
1361 5130 1611 5201 ἀνωτέρω
1636 5148 1721 5200 μοι
1746 5131 1892 5202 εἴρη-

347 5223 455 5259 ται·
504 5210 626 5261 Ἐπὶ
669 5210 748 5276 τῷ
806 5210 923 5277 Θεῷ
982 5213 1230 5283 ἤλπισα,
1279 5222 1351 5271 οὐ
1383 5221 1787 5289 φοϐηθήσομαι
1835 5224 1892 5275 τί

350 5296 582 5360 ποιήσει
602 5315 701 5365 μοι
749 5300 922 5368 σάρξ·
982 5304 1071 5355 καὶ
1123 5306 1216 5358 νῦν
1268 5326 1425 5379 φημι,
1482 5312 1603 5363 Ἐπὶ
1653 5310 1731 5375 τῷ
1775 5312 1894 5377 Θεῷ

348 5383 600 5453 ἤλπισα,
639 5388 710 5439 οὐ
742 5391 1148 5461 φοϐηθήσομαι
1180 5397 1235 5448 τί
1261 5399 1495 5465 ποιήσει
1550 5417 1645 5468 μοι
1678 5399 1896 5467 ἄνθρω-

347 5489 477 5538 πος.
515 5469 658 5543 Σάρξ
677 5476 784 5547 γὰρ
833 5480 923 5532 καὶ
972 5482 1251 5554 ἄνθρωπος
1283 5487 1463 5542 ἓνκαὶ
1513 5489 1702 5541 ταυτόν
1729 5491 1893 5554 ἐστιν,

347 5562 529 5632 ἐπειδὴ
563 5562 824 5617 λέλεκται·
869 5568 1061 5639 Ὑμεῖς
1099 5573 1166 5625 δὲ
1211 5576 1290 5639 ὡς
1320 5578 1608 5645 ἅνθρωποι
1639 5579 1895 5645 ἀποθνή-

347 5666 542 5707 σκετε·
587 5654 698 5717 καὶ,
741 5657 912 5711 Ὅταν
942 5663 1049 5731 γὰρ
1077 5658 1118 5734 ᾖ
1143 5664 1380 5741 ἐνχύμῖν
1416 5667 1588 5736 ζῆλος
1626 5669 1717 5723 καὶ
1752 5670 1890 5737 ἔρις,

419 5810 459 5839 ³⁷
495 5808 617 5867 lsai.
655 5828 814 5883 tvm,
846 5818 896 5873 θ.
977 5820 1036 5851 ¹⁷⁴
1066 5818 1205 5877 Ρειιι.
1236 5837 1411 5889 nm,
1442 5824 1489 5881 7.
1560 5820 1568 5827 ’

2008 4735 2142 4801 sive,
2160 4741 2455 4794 secundum
2474 4741 2720 4810 Aquilam
2739 4761 2752 4796 :
2778 4741 2844 4796 In
2860 4742 3283 4814 Deo‘gloriﬁcabo
3306 4745 3507 4799 verbum
3529 4763 3545 4807 ,-

2006 4828 2301 4883 secundum
2354 4827 2731 4899 Symmachum
2785 4841 3007 4887 autem:
3051 4833 3215 4886 Deum
3244 4832 3546 4885 celebrabo:

2002 4915 2096 4968 sed
2139 4919 2311 4970 etiam-
2331 4917 2386 4969 in
2432 4917 2655 4974 Domino
2695 4921 2918 4974 laudabo
2951 4936 3267 4982 sermonem;
3298 4927 3410 4983 aut,
3460 4935 3549 4975 se-

2001 5010 2236 5057 cundum
2266 5005 2538 5074 Aquilam,
2566 5011 2619 5063 in
2653 5009 2876 5062 Domino
2919 5009 3182 5062 celebrabo
3236 5025 3543 5071 sermonem,

1997 5094 2129 5160 sive,
2148 5098 2438 5152 secundum
2459 5100 2851 5171 Symmachum.
2865 5118 2953 5171 per
2969 5101 3245 5154 Dominum
3262 5118 3543 5156 sermonem

1995 5185 2047 5233 in
2100 5183 2343 5251 hymnum
2402 5198 2743 5242 convertam:
2804 5205 2864 5243 ac
2908 5205 3142 5253 rursum,
3202 5196 3261 5242 ut
3296 5192 3543 5259 superius

1996 5270 2104 5324 dixi
2140 5292 2153 5325 ε
2188 5272 2254 5326 In
2300 5275 2409 5330 Deo
2443 5279 2663 5347 speravi,
2700 5295 2801 5331 non
2832 5280 3015 5333 timebo
3058 5278 3180 5348 quid
3216 5279 3380 5347 faciat
3416 5280 3542 5332 mihi

1998 5376 2155 5413 caro:
2197 5362 2276 5417 sic
2313 5365 2425 5433 jam
2467 5366 2588 5419 dico
2629 5385 2639 5418 :
2680 5366 2745 5420 In
2801 5367 2907 5421 Deo
2956 5369 3176 5435 speravi,
3207 5385 3307 5421 non
3358 5368 3540 5421 timebo

1999 5461 2122 5531 quid
2144 5463 2299 5530 faciet
2334 5466 2459 5520 mihi
2483 5467 2656 5525 homo.
2687 5469 2828 5523 Caro
2871 5470 3012 5524 enim
3035 5479 3086 5523 et
3124 5469 3280 5522 homo
3307 5468 3537 5537 idipsum

2001 5573 2145 5631 sunt,
2170 5570 2602 5638 quandoquidem
2633 5571 2838 5625 dictum
2875 5580 2957 5626 est
2986 5591 2997 5625 :
3048 5572 3147 5626 Vos
3187 5580 3379 5649 autem
3405 5571 3537 5623 sicut

2000 5669 2225 5726 homines
2248 5675 2541 5729 moriemini
2575 5677 2679 5741 ἓν,
2730 5682 2800 5742 et,
2849 5674 2979 5731 Cum
3029 5678 3160 5731 enim
3199 5677 3265 5730 sit
3309 5675 3447 5729 zelus
3486 5690 3537 5734 et
