4402 6474
245 570 248 572 -
276 531 374 586 501

1395 526 1815 586 COMMENTAB
1828 534 1895 588 lA
1936 528 2004 592 ΙΝ
2040 534 2376 593 PSALMOS.

3367 529 3476 592 tea

273 631 382 706 ἇοὴ
403 635 480 708 ἦν
527 637 591 691 τὸ
623 637 745 705 φῶς
796 637 913 689 τῶν
959 638 1297 704 ἀνθρώπων·
1334 639 1452 692 ,καὶ
1506 640 1682 693 πάλιν·
1731 644 1827 697 Ἠν
1853 654 1894 707 Α
1924 665 2006 701 om

1741 644 1827 697 Ην
1853 654 1894 707 Α
1924 665 2124 702 omnem
2181 639 2451 700 hominem
2493 643 2768 697 venientem
2817 644 2872 695 in
2911 643 3045 718 hunc
3099 635 3378 699 mundum.
3413 644 3479 699 lu

271 728 338 782 τὸ
365 726 489 796 φῶς
514 725 580 779 τὸ
609 727 915 793 ἀληθινὸν,
951 727 1015 780 τὸ
1042 727 1285 795 φωτίζον
1312 725 1504 778 πάντα
1519 728 1832 797 ἄνθρωπον

271 821 591 888 ἐρχόμενον
627 823 711 884 είς
737 820 842 873 τὸν
856 822 1102 888 κόσμον.
1140 821 1232 872 Ἐν
1260 820 1339 884 τῷ
1371 821 1574 888 κόσμῳ
1598 819 1694 892 ἦν,
1731 826 1830 879 καί

274 915 305 965 ό
338 913 563 980 κόσμος
586 911 660 963 δι’
680 911 866 964 αὐτοῦ
889 911 1140 980 ἐγένετο,
1172 912 1271 965 καὶ
1315 916 1348 966 ό
1401 915 1625 982 κόσμος
1645 916 1829 970 αὑτὸν

273 1003 381 1056 οὐκ
406 1003 574 1071 ἔγνω.
599 1002 802 1054 Οὐκοῦν
827 998 892 1071 ἦν
915 1003 971 1054 ὲν
998 1002 1074 1071 τῷ
1099 1003 1301 1074 κόσμῳ·
1322 1004 1554 1074 κάκείνῳ
1584 1004 1660 1075 τῷ
1691 1007 1827 1073 φωτὶ

272 1093 322 1145 οἱ
347 1093 444 1161 τῆς
474 1094 620 1164 παρὰ
648 1093 724 1162 τῷ
748 1093 864 1163 Θεῷ
889 1092 1030 1163 ζωῆς
1057 1093 1462 1164 καταξιούμενοι
1485 1095 1822 1164 ὲφωτίζοντο.

277 1181 537 1251 Ὕστερον
561 1182 735 1234 δὲκαὶ
765 1186 851 1260 εὶς
889 1183 960 1236 τὰ
1018 1172 1138 1236 ἴδια
1185 1181 1386 1253 ἦλθεν·
1430 1184 1561 1238 ὅσοι
1605 1203 1670 1239 τε
1706 1185 1829 1240 ἐδέ-

276 1271 454 1335 ξαντο
489 1272 674 1325 αὐτὸν
701 1272 923 1326 ἔδωκεν
941 1275 1142 1339 αὐτοῖς
1160 1274 1448 1338 ἐξουσίαν
1473 1276 1653 1332 τέκνα
1684 1277 1828 1334 Θεοῦ

278 1358 564 1429 γενέσθαι.
619 1361 859 1431 Τοσαύτη
913 1361 1138 1431 δύναμις
1191 1365 1369 1434 παρῆν
1408 1363 1484 1433 τῷ
1537 1366 1672 1433 φωτὶ
1721 1367 1828 1420 τῶν

276 1445 508 1510 ζώντων,
541 1448 615 1512 ὡς
638 1448 800 1501 τέκνα
831 1448 961 1502 Θεοῦ
1022 1451 1425 1520 ἀπεργάζεσθαι
1450 1453 1572 1515 τοὺς
1609 1453 1831 1506 καταδε-

1930 740 2120 793 mundo
2167 746 2302 801 erat,
2342 744 2392 789 et
2441 736 2663 788 mundus
2723 749 2812 801 per
2863 719 3030 800 ipsum
3085 734 3255 801 factus
3300 743 3399 802 est,
3429 744 3478 790 et

1927 828 2151 883 mundus
2182 844 2295 882 eum
2317 843 2416 879 non
2442 825 2675 895 cognovit
2695 825 2760 878 ”.
2793 825 2922 878 Erat
2960 823 3124 892 igitur
3160 823 3216 876 in
3241 826 3477 880 mundo:

1925 926 1979 975 et
2032 920 2134 974 hoc
2178 919 2399 979 lumine.
2442 918 2536 988 qui
2585 916 2696 970 vita
2747 915 2836 969 illa
2883 914 3022 984 apud
3076 912 3245 968 Deum
3292 914 3479 970 donati

1924 1017 2098 1072 erant,
2129 1007 2585 1062 illuminabantur.
2621 1004 2820 1060 Deinde
2865 1005 2916 1057 in
2958 1004 3168 1072 propria
3210 988 3381 1065 venit;
3429 1011 3480 1069 et

1925 1106 2186 1169 quotquot
2215 1106 2510 1169 receperunt
2559 1113 2696 1161 eum,
2716 1081 2856 1149 dedit
2886 1095 2959 1148 eis
3002 1101 3306 1161 potestatem
3339 1091 3478 1160 filios

1925 1185 2024 1244 Dei
2045 1191 2180 1256 fieri.
2206 1187 2378 1264 Tanta
2408 1189 2582 1242 virtus
2615 1187 2807 1241 lumini
2850 1186 3136 1241 viventium
3191 1185 3386 1244 inerat,
3422 1189 3487 1236 ut-

1928 1292 2022 1333 eos
2051 1280 2142 1348 qui
2175 1294 2234 1333 se
2259 1278 2564 1347 reciperent
2595 1276 2734 1330 ﬁlios
2759 1275 2854 1329 Dei
2883 1274 3112 1329 ediceret
3149 1292 3161 1326 :
3188 1271 3330 1342 quod
3356 1285 3479 1324 cum

1925 1368 2090 1422 sciret
2121 1368 2310 1431 Dav—id,
2349 1370 2402 1422 in
2431 1376 2556 1423 voto
2585 1367 2795 1432 habuit,
2817 1375 2879 1422 ut
2909 1368 3146 1435 placeret
3178 1379 3351 1418 coram
3371 1359 3478 1417 Deo

1927 1457 1982 1509 in
2010 1458 2205 1512 lumine
2229 1460 2524 1514 viventium.

275 1540 532 1609 χομίνους
579 1541 727 1594 αὐτό·
779 1543 914 1614 ὅπερ
975 1543 1128 1606 είδὼς
1169 1546 1198 1596 6
1243 1543 1404 1598 Δαύίδ
1457 1545 1522 1598 δι’
1556 1545 1720 1616 εὐχῆς
1778 1542 1900 1617 εἷχε
1927 1549 2019 1604 τοῦ
2071 1551 2427 1622 εὐαρεστῆσαι
2501 1549 2751 1604 ἐνώπιον
2832 1547 2940 1603 τοῦ
2989 1548 3136 1604 Θεοῦ
3200 1547 3270 1602 ἐν
3331 1532 3478 1618 φωτί

277 1629 517 1691 ζώντων.

276 1769 756 1844 Ειξ-[ιῖοτξᾼυξ.
789 1773 896 1844 Mn
945 1775 1360 1844 AtAveEtrnx,
1387 1781 1471 1833 To
1502 1783 1694 1834 una
1724 1784 1828 1835 ΕιΣ

344 1840 428 1891 ΣΤ
436 1840 862 1894 ΗΛυΓΡΑΦῐΑΝ
904 1845 992 1896 ΕΝ
1024 1845 1108 1897 ΤΩ
1144 1840 1373 1902 ΔΥΤΟΝ
1423 1852 1828 1904 ΑΠΟΔΙΔΡΑΣη

343 1908 508 1960 ΚΕΙΝ
543 1910 676 1962 ΑΠΟ
718 1911 1076 1966 ΠΡΟΣΩΤΟΥ
1125 1915 1348 1972 ΣΑΟΥΛ

344 1978 736 2048 ΛΑιοΝφΝς-ν.

1406 1920 1510 1976 ΕΙΣ
1555 1919 1638 1974 ΤΟ
1669 1921 1827 1974 ΣΤΗο

1936 1781 2096 1835 1.⁴1Ν
2132 1779 2360 1842 FINEM,
2401 1778 2491 1832 NE
2526 1777 2964 1839 DISPERDAS,_
2991 1776 3198 1832 DAVID
3257 1779 3325 1832 IN
3383 1779 3477 1834 Tl-

2005 1850 2164 1905 TULl
2222 1848 2786 1909 lNSCRlPTlONEM,
2843 1847 2988 1903 CUM
3059 1848 3379 1906 FUGERET
3433 1853 3482 1905 Α

1999 1920 2201 1976 FACIE
2241 1919 2417 1975 SAUL
2454 1918 2521 1972 1N
2564 1916 2994 1974 SPELUNCAM.
3035 1916 3166 1972 LVI.

355 2067 639 2136 Ἐλέησόν
665 2087 760 2138 με,
795 2074 826 2123 ὁ
850 2072 1012 2137 Θεὸς,
1056 2074 1312 2142 ἐλέησόν
1341 2095 1438 2146 με,
1471 2079 1556 2132 ὅτι
1601 2080 1697 2132 ἐπὶ
1733 2081 1829 2135 σοὶ
1860 2071 1902 2124 Β
2000 2075 2093 2130 VEI

1740 2081 1829 2135 σοὶ
1860 2071 1902 2124 Β
2000 2075 2168 2132 Vens.
2193 2076 2247 2131 2.
2279 2075 2529 2131 Miserere
2571 2077 2693 2140 mei,
2721 2078 2878 2141 Deus,
2926 2075 3166 2128 miserere
3196 2074 3318 2136 mei,
3351 2090 3478 2143 quo-

273 2156 552 2211 πέποιθεν
580 2161 618 2226 ἡ
666 2161 833 2230 ψυχή
883 2180 1021 2231 μου.
1068 2166 1274 2237 ’Ὥσπερ
1328 2167 1433 2220 ἀπὸ
1471 2170 1569 2238 τῆς
1595 2171 1831 2241 ἱστορίας

273 2247 539 2302 ἐδείκνυτο
566 2250 812 2322 δεύτερον
853 2256 1132 2326 γινόμενος
1176 2260 1204 2310 6
1246 2259 1406 2310 Δαυῖδ
1444 2259 1593 2330 παρὰ
1619 2266 1729 2326 τοῖς
1775 2266 1831 2316 ὲν

273 2339 372 2393 FEB
401 2340 731 2409 ἀλλοφύλοις,
763 2347 890 2415 παρ’
917 2341 996 2409 οἷς
1020 2348 1304 2418 διατρίϐων
1330 2351 1416 2404 τὸν
1439 2359 1508 2405 νε’
1530 2354 1832 2425 ἀναγέγρα-

273 2442 401 2484 πται
443 2430 653 2502 ψαλμὸν
680 2434 932 2504 είρηκὼςο
952 2437 1092 2490 οὕτω
1119 2439 1199 2501 δὶς
1223 2440 1470 2508 φαίνεται
1501 2444 1556 2496 ὲν
1588 2443 1664 2513 τῷ
1690 2461 1830 2515 σπη-

273 2517 404 2592 λαίῳ
426 2521 714 2593 ἐληλυθώς·
744 2525 886 2591 ἅπαξ
913 2527 1030 2594 μὲν,
1048 2530 1166 2592 ὅτε,
1188 2530 1379 2599 μανίαν
1426 2533 1828 2603 προσποιηθεὶς,

272 2612 369 2675 τὰς
403 2615 588 2684 χεῖρας
641 2613 733 2666 τοῦ
793 2615 1018 2685 ’Δγχοῦς
1065 2617 1183 2689 (sic)
1222 2621 1318 2674 καὶ
1369 2620 1476 2674 τῶν
1520 2624 1576 2675 ὲν
1611 2623 1709 2675 rte
1738 2622 1831 2675 άλ-

271 2701 514 2772 λοφύλων
541 2703 839 2773 διαφεύγει·
874 2707 1125 2760 κάκεῖθεν
1147 2709 1464 2786 διασώζεται
1491 2714 1568 2775 είς
1589 2711 1649 2764 τὸ
1701 2711 1832 2781 σπή-

281 2792 431 2848 λαιον
459 2794 521 2847 τὸ
564 2794 842 2866 Ὀδολλὰμ,
863 2795 989 2850 ἔνθα
1021 2798 1242 2871 πάντες
1263 2803 1318 2854 οὶ
1349 2801 1597 2869 ἀδελφοί
1622 2800 1826 2866 αὑτοῦ,

272 2881 370 2934 καὶ
395 2879 514 2946 πᾶς
543 2885 576 2934 ό
601 2882 764 2948 οἶκος
790 2883 896 2937 τοῦ
922 2884 1142 2952 πατρὸς
1187 2886 1374 2940 αὐτοῦ
1404 2885 1829 2938 καταϐαίνουσι

271 2971 420 3039 πρὸς
455 2974 658 3027 αὐτόν.
714 2974 1055 3044 Συνήνοντό
1102 2992 1166 3029 τε
1208 2977 1340 3044 παρ’
1394 2976 1552 3042 αὐτῷ
1614 2974 1730 3042 πᾶς
1761 2976 1831 3027 ὲν

270 3061 500 3131 ἀνάγκη
530 3062 635 3127 ὢν,
677 3064 775 3117 καὶ
810 3063 929 3131 πᾶς
974 3067 1302 3136 ὑπόχρεως,
1348 3068 1445 3122 καί
1485 3067 1652 3123 πᾶσα
1693 3083 1831 3122 κατ-

268 3153 490 3216 ὠδυνος
517 3155 705 3223 ψυχή·
724 3158 818 3209 καὶ
841 3154 920 3228 ἦν
935 3159 1027 3211 ἐπ’
1055 3159 1249 3214 αὐτῶν
1267 3162 1611 3230 ἡγούμενος.
1630 3156 1830 3214 Ἦσαν

269 3244 339 3300 δὲ
371 3245 452 3311 ὡς
474 3243 836 3314 τετρακόσιοι
865 3248 1076 3319 ἄνδρες
1098 3268 1112 3281 ’
1146 3251 1393 3323 δεύτερον
1425 3252 1504 3317 δὲ,
1574 3253 1674 3306 ὅτε
1717 3252 1827 3305 ἀν-

267 3334 562 3406 έστρεψεν
591 3341 624 3391 ό
651 3339 846 3393 Σαοὺλ
870 3340 987 3393 ἀπὸ
1021 3341 1267 3396 ὄπισθεν
1290 3341 1408 3396 τῶν
1443 3343 1824 3411 ἀλλοφύλων,

269 3429 366 3482 καὶ
396 3428 702 3499 ἀπηγγέλη
730 3423 910 3496 αὐτῷ,
936 3431 1024 3483 ὅτι
1057 3432 1202 3486 Ἰδοὺ
1243 3434 1423 3488 Δαυτδ
1439 3434 1509 3486 ἐν
1535 3408 1612 3501 τῆ
1627 3430 1823 3499 ἐρήμρ
1849 3408 1892 3464 C

269 3518 346 3586 τῇ
371 3522 402 3572 1
409 3521 575 3574 ἀδδί-
611 3521 707 3575 καί
759 3523 936 3576 ἔλαϐε
969 3524 1096 3590 μεθ’
1115 3524 1336 3578 ἑαυτοῦ
1366 3525 1519 3592 τρεῖς
1555 3528 1826 3595 χιλιάδας

268 3603 501 3676 ἀνδρῶν
529 3608 826 3669 ἐκλεκτῶν
866 3613 933 3666 ἐκ
973 3613 1079 3667 τοῦ
1115 3614 1370 3682 Ἰσραὴλ,
1413 3616 1510 3668 καὶ
1539 3618 1824 3690 ἐπορεύθη

269 3694 456 3766 ζητῶν
504 3700 612 3754 τὸν
660 3701 840 3757 Δαυῒδ
911 3704 1007 3756 καὶ
1053 3705 1206 3770 τοὺς
1245 3704 1468 3774 ἄνδρας
1504 3709 1686 3763 αὐτοῦ
1727 3711 1824 3764 ἐπὶ

268 3792 590 3859 πρόσωπον
616 3794 838 3847 Αὶλείν.
875 3795 980 3848 Καὶ
1015 3792 1199 3866 ἦλθεν
1225 3800 1311 3863 είς
1337 3798 1444 3864 τὰς
1467 3799 1684 3868 ἀγέλας
1709 3801 1827 3856 τῶν

268 3883 555 3950 ποιμνίων
578 3882 684 3949 τὰς
716 3883 815 3936 ἐπὶ
861 3883 971 3953 τῆς
1003 3885 1184 3940 ὀδοῦ.Δ
1228 3887 1338 3942 Kal
1375 3883 1454 3958 ἦν
1499 3887 1627 3941 ἐκεῖ
1664 3889 1824 3957 σπή-

267 3974 462 4040 ⁸ιιιιον,
496 3974 591 4027 καὶ
622 3974 868 4042 εισῆλθε
888 3977 1085 4032 Σαοὺλ
1114 3979 1704 4046 παρασκευάσασθαι·
1728 3983 1824 4036 καὶ

268 4063 447 4118 Δαυῒδ
485 4065 582 4120 καὶ
612 4069 665 4119 at
696 4065 898 4135 ἄνδρε(
967 4068 1148 4123 αὑτοῦ
1191 4067 1476 4136 ’ἐσώτεροι
1531 4069 1637 4124 τοῦ
1672 4088 1827 4140 σπη-

268 4155 444 4207 λαίου
467 4154 776 4224 ἐκάθηντο.
824 4157 936 4212 Καὶ
959 4155 1135 4212 εἶπαν
1156 4161 1212 4212 ot
1237 4150 1455 4227 ἄνδρες
1476 4159 1656 4214 Δαυΐὸ
1677 4163 1826 4229 πρὸς

269 4247 472 4299 αὐτόν’
521 4247 674 4309 ’16οὺ
697 4251 735 4317 ἠ
761 4249 948 4318 ἡμέρα
970 4247 1140 4316 αὕτη,
1165 4248 1248 4316 ἢν
1281 4247 1409 4304 εἶπε
1442 4247 1653 4320 Κύριος
1677 4253 1826 4322 πρὸς

269 4335 365 4404 σὲ,
400 4333 761 4406 παραδοῦναι
802 4341 908 4393 τὸν
955 4340 1314 4418 ἐχθρόννσου
1359 4342 1454 4408 ἐἰς
1491 4343 1599 4409 τὰς
1625 4341 1826 4413 χεῖράς

270 4442 406 4506 σου,
439 4429 536 4485 καὶ
567 4429 836 4496 ποιήσεις
863 4425 1019 4497 αὐτῷ
1044 4431 1123 4497 ὡς
1162 4431 1383 4500 ἀγαθὸν
1408 4435 1478 4486 ὲν
1499 4434 1825 4502 ὀφθαλμοῖς

269 4531 404 4572 σου.
442 4518 552 4571 Καὶ
582 4519 803 4586 ἀνέστη
834 4518 1011 4573 Δαυτδ
1038 4519 1136 4574 καὶ
1163 4522 1368 4590 ἀφεῖλε
1397 4523 1463 4576 τὸ
1516 4525 1827 4593 πτερύγιον

268 4607 378 4674 τῆς
421 4606 727 4676 διπλοωος
785 4595 997 4664 Σαοὺλ
1038 4613 1348 4680 λαθραίως.
1405 4615 1516 4668 Kal
1572 4612 1823 4683 ἐγενήθη

1930 2170 2072 2222 niam
2123 2169 2175 2220 in
2228 2176 2276 2221 te
2303 2169 2518 2236 conﬁdit
2553 2169 2734 2220 anima
2779 2183 2913 2220 mea.
2947 2165 3103 2238 Sicut
3144 2180 3210 2219 ex
3252 2165 3479 2218 historia

1928 2265 2387 2314 commonstratnr
2434 2257 2689 2323 Davidem
2731 2259 2816 2313 his
2875 2254 3018 2327 apud
3070 2255 3367 2326 allophylos
3423 2257 3478 2309 in

1928 2348 2064 2402 Geth
2102 2347 2291 2411 fuisse,
2325 2348 2508 2418 ibique
2534 2347 2814 2416 degentem
2858 2347 3129 2416 psalmum
3154 2361 3220 2400 LV
3255 2347 3481 2401 recitas-

1928 2455 1986 2494 se
2015 2441 2276 2508 scriptum
2313 2446 2434 2494 est:
2465 2439 2566 2495 sic"
2588 2438 2673 2494 his
2705 2438 2758 2492 in
2815 2439 3128 2507 speluncam
3158 2438 3484 2494 venisse-VL

1928 2529 2115 2594 detur;
2148 2528 2326 2598 primo
2354 2543 2476 2582 cum
2498 2567 2512 2591 ,
2541 2527 2756 2582 insania
2811 2525 3088 2587 simulata,
3119 2538 3311 2578 manus
3369 2525 3481 2577 Λιι-

1928 2617 2065 2670 chus
2107 2623 2160 2671 et
2215 2615 2557 2672 Gethaaorum
2613 2615 3010 2686 allophylorum
3064 2611 3270 2683 effugit,
3318 2619 3480 2682 atque

1927 2706 2052 2760 inde
2080 2708 2134 2760 in
2164 2708 2476 2776 speluncam
2509 2703 2753 2759 Odollam
2791 2720 2850 2760 se
2873 2704 3152 2768 subduxit,
3185 2702 3277 2758 ubi
3304 2716 3480 2757 omaso

1929 2799 2121 2866 fratres
2158 2797 2271 2866 ejus
2313 2806 2361 2851 et
2409 2797 2651 2850 universa
2691 2795 2876 2848 domus
2902 2795 3071 2862 patris
3100 2793 3212 2861 ejus
3237 2807 3355 2846 eum
3383 2805 3480 2845 ..ι-

1926 2890 2117 2943 ierunt.
2148 2886 2219 2940 Et
2238 2894 2583 2942 convenerunt
2631 2884 2699 2938 ad
2749 2900 2866 2957 eum
2899 2895 3080 2937 omnes
3105 2883 3193 2953 qui
3233 2890 3386 2936 erant
3422 2880 3480 2938 iu

1928 2979 2175 3050 angustia
2197 2977 2490 3041 constituti,
2518 2986 2567 3031 et
2590 2976 2821 3046 oppressi
2859 2972 3185 3036 wre'alie'uo,
3216 2980 3266 3025 et
3293 2986 3477 3025 amaro

1928 3066 2102 3119 animo
2132 3081 2149 3118 :
2172 3074 2222 3119 et
2249 3073 2364 3120 erat
2384 3081 2562 3120 eorum
2587 3051 2716 3120 dux.
2744 3063 3114 3118 Erant'autem
3155 3062 3305 3131 quasi
3348 3074 3482 3131 qua-

1926 3158 2187 3228 dringenti
2230 3158 2337 3211 viri
2365 3157 2432 3212 ’⁸.
2466 3149 2720 3212 Secundo
2746 3164 2946 3218 autem,
2995 3169 3112 3207 cum
3139 3167 3372 3207 reversus
3399 3160 3476 3206 es?

1928 3247 2062 3302 Saut
2089 3247 2283 3316 fugatis
2325 3245 2626 3315 allophytis,
2655 3255 2704 3298 et
2751 3244 3172 3298 nuntiatumest
3219 3244 3310 3297 ei:
3346 3241 3470 3296 Em

1928 3338 2100 3392 David
2149 3341 2202 3392 in
2255 3337 2458 3392 deserto
2507 3335 2715 3399 Gaddi;
2744 3343 2795 3388 et
2822 3335 3109 3403 assumpsit
3155 3347 3328 3387 secum
3377 3334 3473 3386 tria

1926 3431 2097 3484 millia
2127 3430 2409 3483 electorum
2441 3442 2506 3480 ea:
2538 3425 2732 3487 Israel,
2761 3425 3090 3493 perrexitque
3136 3422 3204 3474 ad
3245 3435 3477 3490 quaeren-

1927 3521 2053 3574 dum
2082 3519 2251 3573 David
2281 3527 2330 3572 et
2374 3518 2510 3570 viros
2541 3516 2675 3585 ejus,
2699 3514 2766 3567 ad
2797 3515 2983 3583 faciem
3025 3511 3196 3565 Elin.
3229 3509 3300 3563 Et
3339 3512 3476 3565 venit

1927 3611 1995 3663 ad
2027 3627 2201 3681 greges
2225 3609 2457 3672 ovilium,
2500 3624 2616 3677 qua:
2652 3615 2801 3660 erant
2848 3606 2902 3658 in
2936 3613 3076 3657 terra
3106 3603 3216 3656 vite.
3247 3599 3476 3671 Eratque

1925 3703 1998 3756 ibi
2032 3703 2297 3770 spelunca,
2328 3706 2377 3752 et
2430 3699 2696 3767 ingressus
2731 3705 2809 3750 est
2837 3692 2970 3750 Saul
3013 3693 3081 3747 ad
3124 3709 3178 3748 se
3216 3707 3477 3762 apparan-

1925 3793 2049 3846 dum
2073 3791 2147 3864 (l)
2227 3799 2274 3844 et
2314 3788 2484 3843 David
2514 3799 2560 3842 et
2586 3790 2682 3843 viri
2709 3791 2823 3857 ejus
2851 3785 3178 3839 in'interiore
3195 3792 3342 3852 parte
3364 3797 3480 3850 spe-

1927 3885 2092 3938 lunca:
2109 3879 2460 3935 sedebantaEt
2477 3879 2722 3932 dixerunt
2751 3878 2849 3930 viri
2872 3873 3034 3929 David
3064 3872 3132 3926 ad
3155 3888 3270 3927 eum
3296 3887 3313 3926 :
3347 3870 3479 3925 Ecce

1926 3974 2065 4036 dies,
2088 3975 2151 4030 de
2179 3988 2284 4038 qua
2307 3973 2514 4026 locutus
2547 3969 2804 4022 Dominus
2828 3965 2894 4019 ad
2920 3972 2986 4027 te,
3021 3963 3156 4033 quod
3178 3963 3354 4017 tradat
3376 3964 3478 4016 ini-

1925 4069 2114 4120 micum
2146 4075 2291 4120 tuum
2320 4067 2376 4118 in
2397 4076 2581 4117 manus
2596 4063 2744 4124 tuas,
2766 4069 2826 4112 ut
2852 4058 3022 4128 facias
3050 4060 3098 4112 ei
3117 4059 3251 4132 sicut
3268 4057 3480 4125 placue-

1927 4159 1997 4212 rit
2029 4159 2098 4211 in~
2127 4158 2292 4211 oculis
2339 4156 2465 4207 tuis.
2498 4153 2745 4208 Surrexit
2774 4156 2895 4220 ergo
2927 4137 3098 4204 David
3139 4160 3193 4203 et
3237 4147 3483 4218 praecidit

1925 4261 2073 4337 orm,
2101 4242 2559 4337 diploidierautis
2597 4244 2754 4337 clam.
2801 4239 3090 4337 Et’fa‘ctum
3120 4245 3196 4291 est
3222 4240 3476 4337 postea?

1923 4324 2178 4410 perc-ussit
2200 4336 2453 4392 Davidem
2483 4353 2573 4391 cor
2601 4335 2882 4404 ejus,guia
2906 4330 3193 4384 abstulerat
3222 4342 3368 4381 oram
3393 4324 3478 4376 di-

1922 4429 2113 4498 ploidis
2155 4428 2344 4496 ipsius.
2394 4426 2644 4496 Dixitque
2666 4423 2834 4477 David
2867 4422 2934 4493 ad
2963 4421 3098 4473 viros
3131 4435 3252 4473 suos
3279 4433 3295 4471 :
3330 4417 3478 4470 Absit

1924 4519 2053 4574 mihi
2083 4535 2116 4572 a
2164 4518 2412 4581 Domino,
2441 4517 2488 4568 si
2529 4515 2727 4584 faciam
2769 4511 2905 4569 hanc
2941 4525 3048 4562 rem
3103 4509 3312 4562 domino
3338 4520 3473 4569 meo,
3563 4550 3566 4553 .

1926 4611 2124 4665 christo
2161 4608 2399 4671 Domini,
2434 4616 2492 4659 ut
2526 4605 2753 4672 inferam
2796 4617 3009 4678 manum
3043 4613 3213 4653 meam
3241 4599 3295 4652 in
3319 4612 3476 4659 eum;

265 4699 414 4767 μετὰ
441 4699 658 4764 ταῦτα,
702 4700 801 4752 καὶ
849 4700 1105 4766 ἐπάταξε
1133 4703 1345 4771 καρδία
1390 4703 1570 4758 Δαυτδ
1617 4703 1821 4770 αὐτὸν,
1856 4733 1899 4788 D
1924 4700 2003 4769 qui

1738 4703 1821 4770 ὢν,
1856 4733 1899 4788 D
1924 4699 2047 4769 quia
2076 4698 2315 4753 Christus
2339 4693 2552 4748 Domini
2572 4699 2648 4745 est
2677 4691 2781 4744 hic.
2814 4688 2883 4741 Et
2922 4690 3180 4759 persuasit
3203 4687 3373 4742 David
3398 4688 3476 4788 vi-

270 4790 356 4843 ὅτι
388 4790 593 4858 ἀφεῖλε
647 4788 712 4843 τὸ
768 4793 1081 4860 πτερύγιον
1131 4791 1240 4859 τῆς
1285 4793 1588 4858 auuoch
1615 4793 1819 4848 αὑτοῦ.

268 4881 378 4934 Καὶ
403 4877 532 4951 εἷπε
558 4881 736 4936 Δαυῒδ
756 4883 902 4952 πρὸς
928 4884 1067 4950 τοὺς
1107 4883 1330 4952 ἄνδρας
1380 4885 1585 4941 αὐτοῦ’
1632 4885 1823 4952 Μηδα-

263 4969 389 5038 μῶς
411 4991 511 5042 μοι
542 4976 700 5042 παρὰ
729 4977 968 5044 Κυρίου,
983 4979 1048 5041 ,εί
1075 4977 1302 5043 ποιήσω
1334 4977 1400 5031 τὸ
1451 4976 1610 5046 ῥῆμα
1646 4975 1820 5029 τοῦτο

267 5060 352 5146 τῷ,
376 5065 557 5131 κυρίῳ
604 5082 721 5133 μου
766 5059 846 5132 τῷ
901 5059 1122 5134 κριστῷ
1175 5067 1392 5134 Κυρίου
1413 5109 1427 5132 ,
1480 5065 1819 5134 ἐπενεγκεῖν

268 5147 433 5219 χεόοά
452 5171 569 5220 μου
598 5154 690 5206 ἐπ’
727 5159 928 5211 αὐτόν’
981 5158 1069 5211 ὅτι
1101 5157 1350 5226 Χριστὸς
1385 5155 1602 5226 Κυρίου
1647 5155 1819 5208 ἐστὶν

268 5237 464 5306 οὗτος.
500 5245 626 5298 Kal
657 5246 865 5302 ἔπεισε·
898 5251 1075 5304 Δαυῒδ
1099 5249 1237 5315 τοὺς
1277 5249 1498 5317 ἄνδρας
1545 5244 1722 5302 αὐτοῦ
1750 5247 1819 5298 ἐν

269 5334 467 5403 λόγοις
481 5375 495 5399 ,
555 5340 652 5392 καὶ
703 5344 812 5394 οὐκ
873 5341 1092 5395 ἔδωκεν
1155 5342 1372 5407 αὐτοὺς
1444 5337 1818 5405 ἀναστάντας

271 5422 601 5476 θανατῶσαι
627 5424 732 5477 τὸν
757 5430 978 5482 Σαούλ.
1021 5429 1285 5499 Ζητητέον
1345 5423 1437 5481 οὖν
1471 5426 1609 5480 κατά
1633 5427 1820 5489 ποίους

271 5511 490 5580 χρρνους
515 5512 612 5582 τὴν
635 5515 994 5587 προκειμένην
1019 5517 1413 5587 στηλογραφίαν
1440 5517 1468 5567 6
1518 5514 1677 5570 Auum
1722 5517 1816 5568 ἀν-

271 5600 494 5673 ύγραψε,
515 5604 609 5656 καὶ
633 5605 690 5656 ὲν
721 5602 856 5676 ποίῳ
882 5607 1128 5675 σπηλαίῳ
1165 5605 1469 5675 διατρίϐων·
1508 5605 1729 5674 πότερον
1759 5607 1816 5658 ὲν

1928 4789 2003 4849 ris
2023 4791 2133 4842 suis
2156 4785 2500 4849 sermonibus,
2524 4791 2571 4835 et
2596 4798 2699 4835 non
2724 4780 2959 4849 permisit
2988 4789 3045 4833 ut
3069 4782 3389 4849 insurgerent
3418 4776 3473 4828 in

1928 4879 2061 4934 Saul
2091 4880 2160 4939 ad
2185 4875 2523 4932 occidendum
2554 4891 2672 4928 eum
2699 4875 2765 4929 ’⁸.
2793 4872 3153 4939 Quaerendum
3183 4862 3348 4938 igitur
3367 4883 3475 4935 quo

1924 4980 2185 5041 tempore,
2217 4976 2269 5022 et
2299 4968 2354 5020 in
2384 4981 2491 5036 qua
2520 4967 2778 5035 spelunca
2799 4964 3020 5033 degens,
3054 4963 3192 5014 hanc
3226 4957 3370 5011 tituli
3399 4958 3476 5010 in-

1924 5063 2273 5131 scriptionem
2291 5057 2460 5113 David
2488 5057 2804 5123 scripserit;
2846 5070 2913 5107 an
2943 5055 2998 5106 in
3025 5052 3284 5122 spelunca
3313 5046 3476 5103 Odoi-

1923 5155 2051 5215 lam,
2082 5167 2150 5204 an
2175 5151 2230 5203 in
2260 5151 2522 5220 spelunca
2547 5146 2808 5217 Engaddi.
2830 5143 3028 5198 Verum
3055 5143 3180 5210 quia
3201 5140 3307 5192 duo
3332 5139 3476 5208 psal-

1859 5254 1862 5257 ‘
1922 5243 1997 5297 mi
2026 5243 2094 5296 ab
2121 5256 2184 5296 eo
2205 5241 2258 5294 in
2283 5241 2542 5310 spelunca
2582 5237 2713 5292 dicti
2751 5243 2912 5300 sunt;
2935 5233 3023 5286 hic
3054 5231 3262 5286 scilicet
3284 5229 3376 5299 qui
3403 5228 3474 5281 ti—

1921 5332 2019 5386 tuli
2051 5331 2335 5400 inscriptio
2365 5338 2470 5394 est,
2518 5337 2572 5384 et
2608 5341 2756 5392 cum,
2795 5325 3130 5392 inscriptus:
3168 5318 3506 5373 Intellectus‘

1923 5419 2114 5473 Davidi
2158 5420 2212 5472 in
2249 5422 2512 5487 spelunca,
2551 5418 2758 5478 oratio;
2808 5419 3226 5469 consentaneum
3246 5416 3327 5463 est
3356 5409 3470 5462 dis-

1921 5513 2144 5582 quirere
2167 5551 2182 5576 ,
2222 5527 2292 5565 an
2328 5512 2368 5565 ii
2399 5511 2588 5566 eodem
2627 5516 2868 5582 tempore
2894 5501 3226 5576 pronuntiati
3247 5500 3468 5564 fuerint,

1923 5614 1977 5659 et
1996 5619 2127 5658 num
2150 5605 2205 5661 in
2228 5606 2500 5675 spelunca.
2516 5617 2742 5660 versans
2767 5600 3056 5671 utrumque
3084 5594 3466 5659 composuerit.

304 5740 306 5743 .
344 5737 393 5768 .1
426 5737 559 5793 ibid.
590 5737 746 5806 9,10.
820 5741 864 5772 “
903 5744 924 5796 1
958 5740 1267 5810 Βεείιιιι,
1301 5743 1423 5807 1,2.
1503 5747 1547 5776 ’⁸
1584 5743 1605 5798 ι
1636 5743 1768 5799 Rea.
1806 5713 2112 5808 ιιινξΞ-Β.

342 5848 419 5918 (1)
458 5849 513 5907 ω
546 5862 650 5918 cat,
679 5857 747 5909 ad
777 5857 950 5914 alvum
977 5866 1386 5914 exonerandam.
