4402 6412
852 509 958 566 503

1543 520 1813 579 EUSEBII
1848 513 2312 575 CESARIENSIS
2343 512 2490 571 OPP.
2524 512 2704 569 PARS
2738 512 2825 571 ιιι.
2856 543 2927 555 -
2964 512 3366 577 EXEGETICA.

3942 509 4047 565 504

853 606 1082 693 Videtur
1109 650 1237 708 ergo
1275 636 1429 702 mihi,
1481 638 1827 694 moventibus
1866 636 2151 705 utriusque
2204 631 2399 705 psalmi
2426 647 2473 703 Α
2496 631 2579 704 τῷ

2307 631 2399 686 lmi
2426 631 2579 704 Ατῷ
2607 631 2852 703 σπηλαίῳ
2910 631 2992 702 τῷ
3054 630 3343 701 ·Ὀδολλὰμ,
3385 630 3418 701 ἢ
3476 629 3533 683 ἐν
3574 630 3650 699 τῷ
3696 629 3939 701 σπηλαίῳ
3966 629 4045 700 τῷ

851 728 1052 795 verbis,
1080 729 1219 784 banc
1247 728 1387 782 tituli
1421 728 1830 798 inscriptionem
1860 728 1917 781 in
1943 726 2202 796 spelunca
2238 722 2403 779 Odol-

849 821 955 873 lam
984 820 1179 875 dictam
1212 818 1419 884 fuisse;
1455 821 1755 874 orationem
1800 833 1926 873 vero
1946 818 2002 872 in
2040 831 2160 871 cxu
2188 816 2395 885 psalmo

846 911 1098 978 positam,
1123 906 1180 963 in
1210 909 1467 978 Spelunca
1491 907 1753 978 Engaddi,
1775 923 1921 971 cum,
1955 906 2121 961 Saule
2143 920 2266 960 sese
2299 919 2395 973 ap-

835 1008 1091 1068 parante,
1125 1000 1179 1053 in
1220 1000 1476 1068 spelunca
1527 1001 1699 1055 latens
1732 999 2104 1079 deprehensus
2134 1008 2237 1053 est.
2280 995 2395 1050 Sic-

830 1110 863 1162 q
883 1108 948 1146 ue
977 1092 1107 1145 mihi
1140 1105 1453 1160 persuasum
1484 1098 1656 1147 estex
1678 1092 1837 1145 dictis
1864 1091 2147 1169 utriusque
2178 1088 2387 1159 psalmi,

835 1182 896 1235 Et
949 1182 1168 1251 quidem
1216 1195 1338 1235 cht
1372 1181 1584 1236 videtur
1625 1182 1758 1235 mihi
1807 1189 1939 1234 tunc
1976 1180 2240 1249 prolatus,
2270 1193 2392 1232 cum

833 1272 1012 1326 David
1035 1273 1091 1327 in
1124 1273 1372 1343 angustia
1406 1288 1598 1343 magna
1628 1280 1683 1327 et
1711 1272 2114 1326 concertatione
2142 1269 2390 1339 degeret;

836 1364 917 1418 sic
951 1363 1094 1417 enim
1119 1363 1192 1417 ibi
1223 1364 1508 1433 loquitur“:
1547 1361 1680 1415 Voce
1713 1378 1827 1415 mea
1865 1359 1934 1414 ad
1964 1359 2243 1414 Dominum
2282 1359 2395 1411 cla-

806 1438 809 1441 ’
835 1454 999 1520 mavi,
1028 1468 1146 1507 voce
1164 1470 1276 1506 mea
1302 1454 1370 1505 ad
1401 1452 1685 1505 Dominum
1707 1451 2011 1520 deprecatus
2040 1466 2175 1504 sum.
2206 1448 2395 1517 Eﬂ'un-

834 1541 901 1595 do
950 1542 1005 1595 in
1053 1550 1326 1609 conspectu
1370 1540 1481 1607 ejus
1514 1540 1801 1599 orationem
1844 1556 2012 1593 meum
2042 1554 2059 1590 :
2090 1538 2389 1591 tribulatio—

836 1647 954 1683 nem
1014 1646 1185 1683 meam
1229 1638 1347 1683 ante
1378 1631 1547 1697 ipsum
1577 1626 1948 1698 pronuntiabo.
2005 1626 2071 1681 In
2108 1626 2390 1695 deﬁcienth

838 1733 901 1770 ετ
932 1734 1009 1770 me
1030 1718 1273 1785 spiritum
1302 1733 1489 1782 meum,
1509 1726 1557 1771 et
1580 1726 1635 1769 tu
1672 1718 1954 1788 cognovisti
1984 1718 2196 1771 semitas
2226 1734 2386 1771 meas.

843 1806 908 1860 1n
936 1809 1023 1861 via
1067 1807 1185 1871 hac,
1211 1824 1314 1878 qua
1343 1808 1699 1874 ambulabam,
1729 1808 2113 1863 absconderant
2150 1809 2390 1878 laqueum

838 1896 967 1951 mihi
991 1899 1056 1953 ’³.
1096 1897 1193 1954 liis
1228 1896 1427 1968 quippe
1456 1900 1764 1969 angustiam
1786 1914 1894 1968 qua
1923 1900 2269 1968 premebatur
2296 1899 2388 1952 de-

839 1987 1040 2053 clarat;
1062 1987 1290 2042 maxime
1313 1995 1492 2042 autem
1515 1988 1571 2040 in
1605 1988 1957 2057 sequentibus
1989 1987 2137 2042 hisce
2161 1987 2339 2042 verbis
2370 2005 2383 2039 :

838 2076 1005 2131 Periit
1032 2077 1159 2148 fuga
1182 2095 1215 2130 a
1236 2094 1334 2131 me.
1360 2075 1656 2134 Obsidente
1673 2092 1906 2148 namque
1931 2076 2091 2132 Saule
2118 2078 2387 2147 spelunca

837 2169 1059 2231 ostium,
1094 2168 1241 2223 intus
1276 2169 1450 2224 latens
1485 2169 1620 2240 ipse,
1659 2168 1895 2240 ellugcre
1923 2184 1981 2223 se
2011 2184 2171 2237 posse
2200 2168 2391 2237 despe-

837 2256 1012 2310 rabat.
1043 2255 1308 2311 Caeterum
1331 2272 1452 2313 cum
1474 2258 1540 2313 de
1572 2259 1699 2329 fuga
1720 2259 2055 2329 desperaret,
2088 2259 2154 2312 ad
2184 2258 2388 2313 saluta-

836 2360 951 2400 rem
980 2354 1198 2415 portum
1247 2348 1521 2419 confugit;
1557 2364 1726 2419 quare
1768 2349 2055 2420 subjungit
2088 2368 2100 2402 :
2148 2348 2389 2403 διαπιαυὶ

836 2436 907 2490 σά
956 2445 1023 2502 te,
1069 2438 1310 2504 Domine,
1355 2439 1469 2493 dixi
1512 2457 1529 2493 :
1581 2440 1661 2493 Tu
1708 2456 1761 2494 es
1795 2455 1908 2507 spes
1962 2455 2112 2502 mea;
2167 2451 2220 2494 et
2274 2440 2388 2494 haec

836 2525 1023 2597 adjicit
1056 2545 1070 2582 ε
1104 2526 1252 2581 Educ
1281 2527 1343 2583 de
1384 2528 1627 2583 custodia
1682 2530 1916 2582 animum
1976 2544 2165 2585 meam.
2196 2528 2385 2583 Viden’

835 2618 1107 2686 quomodo
1161 2633 1317 2672 suam
1367 2618 1423 2672 in
1484 2620 1741 2689 spelunca
1795 2620 2199 2675 conclusionem
2248 2620 2389 2674 indi-

835 2707 961 2760 cat?
992 2705 1122 2763 lure
1173 2709 1355 2780 itaque
1407 2710 1520 2766 huic
1564 2711 1708 2765 dicta
1761 2712 2062 2775 orationem
2116 2713 2385 2777 inscribit,

834 2805 1049 2869 tempus
1078 2800 1428 2871 inscriptione
1466 2802 1557 2857 illa
1586 2802 1885 2860 declarans.
1911 2804 2001 2860 Ait
2052 2805 2217 2878 igitur
2246 2824 2259 2859 :
2294 2805 2387 2859 In-

835 2888 1067 2945 tellectus
1097 2889 1309 2958 Davidi,
1356 2908 1475 2946 cum
1502 2904 1635 2947 esset
1685 2894 1740 2947 in
1786 2894 2053 2963 spelunca,
2099 2898 2288 2950 oratio.
2321 2894 2387 2949 Et

833 2979 950 3035 haec
983 2982 1199 3051 quidem
1232 2990 1419 3038 notato
1465 2991 1707 3053 tempore
1743 2996 1992 3055 precatus
2037 2994 2140 3050 est,
2190 2976 2386 3058 magno

834 3071 890 3123 in
926 3072 1167 3140 periculo
1212 3074 1566 3129 constitutus.
1607 3074 1732 3130 Haec
1764 3090 1894 3131 vero
1932 3077 2073 3131 tituli
2103 3078 2387 3148 inscriptio

834 3161 906 3215 ab
932 3176 997 3216 eo
1021 3163 1245 3217 recitata
1270 3170 1373 3227 est,
1402 3173 1459 3217 ut
1486 3165 1714 3231 aestimo,
1738 3180 1859 3220 cum
1881 3174 2027 3223 esset
2053 3167 2108 3221 in
2130 3167 2386 3239 spelunca

836 3249 1102 3315 Odollam,
1138 3268 1200 3308 ac
1225 3255 1514 3325 recepisset
1545 3270 1733 3312 omnes
1760 3256 1954 3314 fratres
1997 3273 2148 3323 suos,
2179 3272 2383 3329 cogna-

2483 723 2761 792 .Ἐνγαδδί.
2834 722 2991 775 ’Λλλά
3036 722 3130 776 καί⁵
3178 721 3359 792 ἐπειδὴ
3412 719 3503 775 δύο
3551 720 3790 791 εἴρηνται
3842 721 4046 792 ψαλμοὶ

2468 880 2473 883 _
2495 813 2638 883 αὐτῷ
2660 816 2716 867 ἐν
2741 812 2816 883 τῷ
2841 812 3107 883 σπηλαίῳ,
3128 813 3157 865 ό
3182 812 3280 882 μὲν
3307 810 3661 881 προκείμενος
3678 810 4045 883 στηλογραφία

2492 903 2791 971 τυγχάνων,
2839 904 2868 955 ό
2913 903 2969 955 δὲ
3003 909 3129 973 ρμα¹
3177 896 3645 975 ἐπιγεγραμμένος
3665 941 3681 963 ,
3735 901 4044 967 Συνέσεως

2492 991 2571 1063 τῷ
2607 995 2784 1050 Δαυϊδ
2823 996 2892 1049 ἐν
2939 990 3018 1062 τῷ
3061 995 3338 1062 σπηλαίῳ
3369 992 3693 1063 προσευχήο
3716 992 3945 1065 (ζητήσαι
3976 992 4042 1047 ἄν

2490 1103 2575 1150 τις
2621 1085 2851 1154 εὐλόγως
2876 1088 2923 1137 εἰ
2955 1084 3093 1139 κατὰ
3126 1085 3214 1137 τὸν
3244 1085 3402 1138 αὑτὸν
3444 1086 3684 1155 εἴρηνται
3715 1082 3922 1155 χρόνον,
3948 1080 4044 1137 καὶ

2492 1179 2539 1230 εἰ
2558 1180 2613 1229 ἐν
2638 1177 2715 1246 τῷ
2738 1156 2983 1248 σπηλαίῳ
3013 1177 3292 1246 τυγχάνων
3344 1178 3680 1247 ἀμφοτέρους
3734 1173 4038 1240 συνέταξεν.

2492 1266 2645 1318 Δοκεῖ
2667 1266 2842 1319 τοίνυν
2868 1266 3010 1337 ἐμοὶ,
3046 1266 3342 1336 κινουμένῳ
3369 1266 3432 1317 ἐκ
3454 1266 3561 1320 τῶν
3588 1266 3644 1319 ἐν
3672 1265 3914 1336 ἐκατέρῳ
3944 1282 4041 1333 φε-

2495 1360 2730 1429 ρομένων
2750 1360 2941 1425 λόγων,
2981 1360 3014 1428 ἡ
3049 1358 3145 1427 μέν
3180 1357 3317 1427 μετὰ
3362 1359 3549 1427 χεῖρας
3587 1354 3955 1427 στηλογραφία
3983 1358 4043 1408 ἐν

2488 1450 2565 1519 τῷ
2597 1449 2840 1519 σπηλαίῳ
2860 1448 2937 1518 τῷ
2968 1446 3228 1517 Ὀδολλὰμ
3254 1446 3521 1517 εἰρῆσθαι,
3553 1448 3585 1517 ἡ
3612 1447 3669 1499 δὲ
3708 1447 3764 1499 ἐν
3791 1444 3868 1515 τῷ
3894 1452 4040 1515 ρμα’,

2490 1539 2781 1610 προσευχὴ,
2809 1541 2866 1592 ἐν
2892 1539 2969 1609 τῷ
2993 1539 3235 1610 σπηλαίῳ
3259 1539 3334 1610 τῷ
3348 1538 3608 1606 Ἐνγαδδί,
3624 1539 3730 1602 ὅτε,
3759 1536 3849 1590 τοῦ
3874 1536 4042 1591 Σαοὺλ

2489 1630 3056 1701 παρασκευαζομένου,
3084 1632 3141 1683 ἐν
3164 1630 3241 1700 τῷ
3285 1630 3528 1701 σπηλαίῳ
3558 1630 3701 1682 ἔνδον
3731 1627 4040 1699 κρυπτόμε-

2488 1738 2575 1783 νος
2599 1721 2842 1792 εὖρηται.
2870 1721 3021 1775 Οὕτω
3042 1721 3103 1773 δέ
3131 1740 3218 1792 μοι
3246 1723 3487 1793 παρέστη
3538 1720 3803 1790 κινηθέντι
3833 1722 3899 1773 ἐκ
3933 1719 4042 1774 τῶν

2487 1813 2614 1882 παρ’
2649 1812 2889 1881 ἐκατέρῳ
2918 1812 3227 1881 φερομένων
3259 1812 3450 1880 λόγων.
3493 1813 3550 1865 Ὀ
3579 1811 3675 1881 μὲν
3704 1817 3825 1881 ρμα¹
3858 1811 4043 1878 φαίνε-

2486 1915 2573 1951 ται
2596 1900 2878 1969 εἰρημένος
2909 1902 2964 1951 ἐν
2991 1897 3152 1969 πολλῇ
3176 1902 3369 1969 συνοχῇ
3394 1899 3486 1952 καὶ
3535 1900 3701 1967 ἀγῶνι
3728 1899 4041 1975 τυγχάνοντι

2486 1987 2562 2058 τῷ
2584 1990 2761 2042 Δαυῒδ·
2796 1991 2929 2061 φησὶ
2955 1988 3083 2057 γοῦν
3108 1992 3165 2042 ἐν
3192 1990 3354 2060 αύτῷ·
3396 1990 3567 2058 Φωνῇ
3599 2008 3715 2060 μου
3751 1990 3897 2058 πρὸς
3923 1992 4040 2044 Ηύ-

2477 2094 2612 2145 ριον
2654 2080 2961 2148 ἐκέκραξα·
3006 2078 3173 2149 φωνῇ
3219 2096 3337 2148 μου
3387 2080 3533 2148 πρὸς
3566 2083 3669 2135 τόν
3709 2081 3854 2135 Θεὸν
3878 2080 4042 2147 ἐδεή-

2485 2173 2614 2238 θην.
2660 2171 2871 2240 Ὲκχεῶ
2894 2171 3145 2225 ἐνώπιον
3187 2171 3368 2226 αὐτοῦ
3388 2172 3499 2238 τὴν
3524 2171 3736 2239 δέησιν
3766 2189 3901 2241 ,κου’
3928 2171 4044 2240 τὴν

2484 2262 2692 2328 θλίψιν
2738 2280 2856 2331 μου
2904 2262 3157 2317 ἐνώπιον
3206 2263 3389 2317 αὐτοῦ
3452 2263 3780 2331 ἀπαγγελῶ.
3833 2265 3934 2318 Ἐν
3960 2263 4045 2329 τῷ

2483 2356 2782 2409 ἐκλείπειν
2820 2355 2887 2419 ἐξ
2911 2356 3158 2425 ἐμοῠκτὸ
3193 2355 3427 2424 πνεῦμά
3468 2373 3607 2425 μου,
3653 2356 3751 2409 καὶ
3800 2357 3878 2409 σὺ
3925 2357 4045 2424 ἐτί-

2482 2460 2712 2512 νωσκες
2762 2445 2868 2512 τὰς
2926 2436 3161 2515 τρίϐους
3206 2466 3342 2517 μου.
3412 2450 3512 2503 Ἐν
3578 2440 3695 2513 ὀδῷ
3746 2448 3948 2515 ταύτην
4002 2442 4044 2517 ᾖ

2481 2540 2871 2611 ἐπορευόμην,
2898 2542 3171 2611 ἔκρυψαν
3193 2539 3411 2609 παγίδα
3431 2556 3551 2609 μοι.
3586 2538 3683 2593 Διὰ
3705 2538 3907 2592 τούτων
3934 2539 4044 2609 γὰρ

2483 2631 2578 2703 τὴν
2608 2631 2832 2703 συνοχὴν
2861 2634 2919 2685 ἐν
3035 2630 3320 2702 ἐξητάζετο
3348 2630 3657 2702 παρίστησιυ
3687 2630 3779 2683 καὶ
3802 2630 3880 2682 ἔτι
3909 2630 4045 2700 μᾶλ-

2482 2725 2570 2778 λον
2599 2726 2664 2778 δι’
2692 2718 2765 2779 ὧν
2793 2714 2984 2792 ἐπάγει
3008 2724 3179 2794 λέγων
3228 2723 3372 2792 ἑξῆς·
3412 2721 3692 2787 Ἀπώλετο
3754 2720 3911 2791 φυγὴ
3940 2720 4042 2775 ἀπ’

2481 2815 2643 2885 ἐμοῦ·
2661 2816 2765 2887 πρὸ
2786 2816 2893 2869 τῶν
2917 2814 3094 2888 θυρῶν
3122 2814 3229 2886 γὰρ
3251 2814 3345 2867 τοῦ
3379 2813 3641 2885 σπηλαίου
3675 2812 4041 2882 καθεζομένου

2482 2907 2574 2960 τοῦ
2599 2908 2786 2965 Σαοὺλ,
2812 2906 2956 2961 ἔνδον
3013 2905 3403 2976 κρυπτόμενος,
3438 2903 3745 2971 ἀπεγνώκει
3785 2904 3880 2972 τὴν
3913 2903 4040 2955 ἐαυ-

2482 2997 2574 3053 τοῦ
2605 2998 2798 3068 φυγήν.
2820 2997 2967 3065 Πλὴν
2986 2997 3084 3065 τὴν
3113 2996 3285 3065 φυγὴν
3307 2996 3596 3063 ἀπογνοὺς,
3628 2994 3719 3046 ἐπὶ⁵
3748 2993 3835 3046 τὸν
3867 2994 4041 3061 σωτή-

2486 3105 2597 3160 ριον
2630 3088 2819 3158 λιμένα
2863 3072 3227 3155 καταφεύγει·
3274 3086 3354 3137 διὸ
3402 3084 3659 3152 ἐπιλέγει·
3722 3082 4045 3151 Ἐκέκραξα

2485 3177 2632 3246 πρὸς
2662 3178 2755 3241 σὲ,
2816 3179 3027 3245 Κύριε,
3085 3172 3248 3229 εἶπα·
3314 3175 3397 3227 Σὺ
3437 3174 3493 3226 el
3543 3173 3720 3237 ἐλπίς
3766 3189 3916 3241 μου·
3947 3172 4040 3223 καὶ

2484 3267 2804 3349 προστίθησι
2876 3266 3070 3334 λέγων’
3152 3264 3428 3334 Ἐξάγαγε
3481 3263 3550 3315 ὲκ
3608 3259 3884 3330 φυλακῆς
3927 3259 4042 3327 τὴν

835 3348 922 3398 tos
967 3343 1094 3398 item
1147 3360 1213 3400 ac
1256 3347 1495 3421 reliquos
1547 3348 1840 3420 fugitivos;
1888 3350 1981 3422 qui
2034 3348 2266 3406 fortasse
2296 3351 2449 3433 suic
2482 3363 2573 3429 ψιυ

2301 3351 2449 3433 Βυίς
2482 3343 2691 3429 ψυχήν
2732 3376 2871 3428 μου.
2928 3357 3089 3428 Ὁρᾷς
3130 3358 3275 3419 ὅπως
3307 3356 3398 3411 τὸν
3453 3353 3582 3408 εῐσω
3632 3351 3725 3407 τοῦ
3779 3352 4039 3421 σπηλαίου

834 3450 999 3491 causa
1028 3437 1241 3493 insidiis
1273 3439 1453 3495 Saulis
1479 3442 1907 3511 appetebantur;
1939 3442 2384 3513 quinetiam-qui-

833 3525 920 3581 vis
949 3525 1179 3582 afflictus
1205 3528 1383 3582 animo
1407 3536 1461 3584 et
1486 3530 1739 3599 inju'riam
1764 3546 1977 3602 passus,
2011 3530 2147 3603 fuge
2166 3530 2382 3588 Davidis

741 3683 745 3686 ν
835 3631 1061 3672 consors
1092 3626 1227 3672 erat.
1268 3618 1401 3672 Nam
1431 3634 1551 3675 eum
1612 3621 1787 3675 virum
1811 3624 2042 3693 justum,
2073 3639 2118 3677 'a
2148 3622 2257 3680 Deo
2286 3624 2393 3679 lto--

837 3713 1108 3769 noratum,
1163 3705 1362 3785 injuria
1412 3722 1443 3761 a
1490 3707 1652 3764 Saule
1683 3712 1897 3779 pulsum
1940 3700 2269 3779 videntibus,
2318 3728 2389 3768 ea.

794 3862 799 3868 ν
836 3795 972 3864 ipsis
996 3798 1297 3853 consolatio
1319 3798 1373 3854 in
1402 3800 1560 3856 malis
1583 3808 1720 3856 erat.
1754 3800 1890 3856 Tum
1917 3798 2019 3872 ipsi
2047 3820 2261 3874 quoque
2290 3807 2380 3876 qui

837 3903 869 3940 a
902 3887 1223 3944 laedentibus
1250 3906 1308 3945 se
1332 3882 1629 3962 fugiebant,
1669 3890 1858 3946 Davidi
1898 3892 2205 3957 studebant,
2237 3896 2384 3965 ejus-

835 3991 941 4047 que
966 3986 1147 4047 partes
1178 3980 1677 4049 amplectebantur;
1705 3982 2080 4053 malebantque
2105 3984 2228 4053 pelli
2259 4000 2382 4039 cum

832 4066 976 4136 ipso,
1021 4080 1184 4135 quam
1228 4068 1535 4138 insequenti
1593 4072 1814 4127 haerere.
1866 4071 2002 4128 Cum
2038 4089 2168 4145 ergo
2211 4074 2383 4131 otium

834 4165 1017 4227 ageret
1051 4157 1108 4212 in
1145 4157 1403 4228 spelunca
1447 4158 1710 4228 Odollam,
1760 4173 2077 4232 praesentem
2126 4166 2270 4221 tituli
2302 4167 2385 4221 in-

834 4246 1193 4321 scriptionem,
1215 4252 1473 4307 exaravit;
1498 4252 1653 4318 Quod
1676 4270 1806 4311 sane
1833 4256 2109 4314 declarant
2136 4267 2247 4314 tum
2274 4262 2383 4315 'alia

834 4356 955 4410 qua:
989 4342 1194 4412 adjicit.
1225 4350 1340 4398 tum
1370 4344 1557 4400 isthaac
1586 4364 1599 4398 :
1626 4343 1776 4399 Misit
1806 4345 2043 4416 decteto,
2068 4359 2117 4404 et
2146 4348 2383 4405 liberavit

833 4447 955 4490 me:
981 4448 1044 4489 ac
1069 4449 1285 4493 rursum
1318 4455 1330 4491 :
1362 4435 1511 4490 Misit
1536 4436 1675 4491 Deus
1704 4438 2116 4494 misericordiam
2158 4459 2307 4497 suam
2334 4454 2385 4497 et

837 4522 1103 4579 ceritatem
1131 4540 1304 4589 suam,
1350 4534 1398 4578 et
1423 4528 1615 4594 eripuit
1648 4527 1880 4595 animum
1917 4545 2088 4593 meam
2126 4531 2189 4585 de
2218 4533 2383 4586 medio

838 4612 1131 4667 catulorum
1161 4613 1386 4671 leonum.
1428 4614 1590 4673 Vides
1616 4633 1762 4684 eum,
1809 4635 1932 4674 cum
1964 4618 2213 4678 Gethaeos
2252 4624 2385 4677 allo-

2481 3451 2844 3521 ἀποκλεισμὸν
2870 3449 3155 3521 σημαίνει;
3204 3447 3441 3511 Εἰκότως
3462 3440 3551 3499 οὖν
3585 3444 3676 3498 καὶ
3739 3442 4040 3514 προσευχὴν

2480 3543 2770 3613 ἐπιγράφει
2817 3542 2942 3605 τοὺς
2983 3540 3193 3609 λόγους,
3220 3538 3393 3609 δηλῶν
3442 3536 3531 3590 διὰ
3587 3535 3685 3604 τῆς
3720 3533 4042 3607 προγραφῆς

2480 3634 2570 3687 τὸν
2610 3631 2820 3703 καιρόν.
2879 3632 3039 3699 Λέγει
3071 3630 3218 3698 γοῦν
3254 3626 3561 3692 Συνέσεως
3614 3620 3692 3692 τῷ
3730 3623 3927 3685 Δαυῒδ,
3972 3624 4044 3676 ἐν

2480 3718 2558 3791 τῷ
2583 3719 2732 3776 εἶναι
2760 3720 2943 3776 αὑτὸν
2977 3720 3045 3773 ὲν
3072 3711 3152 3785 τῷ
3180 3717 3457 3786 σπηλαίῳ
3474 3756 3489 3779 ,
3518 3714 3843 3783 προσευχὴ.
3882 3713 4042 3765 Ἀλλά

2480 3813 2649 3867 ταῦτα
2677 3813 2773 3881 μέν
2829 3808 3169 3882 προσηύξατο
3229 3810 3286 3860 ἐν
3341 3806 3557 3877 μεγάλῳ
3579 3804 3836 3877 περιστὰς
3869 3803 4040 3871 ἀγῶνι

2483 3904 2623 3960 κατά
2652 3904 2741 3957 τὸν
2764 3901 3067 3973 δηλωθέντα
3113 3898 3319 3969 χρόνον·
3365 3899 3397 3966 ή
3454 3898 3509 3949 δέ
3541 3897 3675 3966 μετὰ
3703 3898 3887 3965 χεῖρας
3916 3912 4041 3965 στη-

2482 3994 2748 4066 λογραφία
2774 3991 2991 4046 λέλεκτο
3037 3986 3215 4057 αὐτῷ,
3247 3987 3321 4049 ὡς
3363 3980 3536 4056 οἶμαι,
3562 3984 3674 4037 ὄντι
3700 3986 3759 4036 ἐν
3790 3982 3865 4052 τῷ
3901 3999 4042 4050 σπη-

2483 4086 2617 4155 λαίῳ
2660 4083 2739 4155 τῷ
2780 4082 3057 4152 Ὀδολλὰμ,
3087 4080 3291 4142 πάντας
3331 4095 3387 4133 τε
3416 4074 3787 4145 ύποδεχομένῳ
3824 4072 3948 4135 τούς
3979 4089 4040 4124 τε

2484 4173 2741 4243 ἀδελφοὺς
2768 4172 2930 4228 αὐτοῦ
2978 4174 3071 4225 καὶ
3113 4172 3236 4234 τοὺς
3265 4170 3537 4237 συγγενεῖς
3565 4166 3655 4219 καὶ
3680 4165 3802 4228 τοὺς
3823 4163 4041 4225 λοιποὺς

2486 4263 2745 4332 φυγάδας,
2776 4264 2914 4332 τάχα
2942 4279 3042 4315 που
3092 4261 3158 4313 δι’
3188 4260 3347 4312 αὐτὸν
3392 4254 3899 4323 ἐπιϐουλευομένους
3935 4250 4044 4304 ὑπὸ
4074 4262 4079 4265 ’

2484 4354 2577 4408 τοῦ
2602 4352 2793 4407 Σαούλο
2835 4351 2972 4405 ἀλλὰ
3006 4351 3099 4404 καὶ
3144 4352 3248 4413 πᾶς
3290 4347 3589 4409 κατώδυνος
3620 4344 3763 4414 ψυχὴ
3792 4343 3885 4396 καὶ
3933 4341 4049 4402 πᾶς

2485 4442 2829 4513 ἀδικούμενος
2851 4426 3101 4504 κοινωνὸς
3121 4440 3362 4507 ἐγίγνετο
3398 4439 3495 4506 τῆς
3524 4435 3617 4487 τοῦ
3654 4432 3812 4486 Δαυῒδ
3842 4432 4045 4501 φυγῆς..

2486 4532 2699 4586 Δίκαιον
2726 4528 2833 4600 γὰρ
2855 4529 3021 4599 ἄνδρα
3071 4530 3163 4585 καὶ
3214 4530 3366 4600 παρά
3387 4527 3464 4595 τῷ
3496 4525 3613 4593 Θεῷ
3658 4524 4049 4594 τετιμημένον,

2488 4623 2835 4692 ἐλαυνόμενον
2866 4621 2969 4673 ὑπὸ
2997 4620 3087 4673 τοῦ
3119 4621 3288 4674 Σαοὺλ
3317 4619 3513 4679 ἀδίκως
3548 4614 3799 4686 ὁρῶντες,
3828 4614 3895 4666 τὰ
3915 4615 4039 4665 ἐαυ-

839 4701 1029 4772 pbylos
1057 4701 1356 4773 eﬂ‘ugisset,
1389 4714 1573 4777 utpote
1596 4708 1649 4761 in
1684 4716 1800 4764 tuto
1832 4712 2089 4781 positum,
2121 4728 2186 4767 ac
2213 4712 2381 4767 otium
2415 4739 2457 4793 ι)
2487 4714 2577 4767 τῶι

2299 4729 2381 4767 um
2415 4739 2457 4793 ι)
2487 4714 2593 4767 τῶν
2627 4712 3034 4785 παρεμυθοῦντο
3075 4710 3235 4767 κακά.
3281 4705 3410 4763 Εἶτα
3438 4709 3531 4760 καὶ
3582 4705 3734 4759 αὐτοὶ
3771 4705 3899 4793 τούς
3923 4704 4037 4756 ἁδι-

752 4848 755 4851 ,
837 4801 1103 4863 agentem,
1152 4793 1464 4863 hujusmodi
1516 4812 1679 4853 voces
1718 4799 1987 4867 emisisse,
2036 4817 2101 4857 ac
2146 4803 2379 4859 maxime
2434 4792 2439 4793 ί
2484 4823 2490 4855 ε

2308 4818 2379 4858 :ue
2434 4792 2439 4793 ν
2484 4804 2709 4869 κοῦντας
2772 4802 2963 4864 αὐτοὺς
3014 4800 3301 4870 φεύγοντές
3334 4815 3413 4860 τε,
3469 4797 3559 4849 τὸν
3604 4794 3763 4849 Δαυῒδ
3794 4792 4046 4861 ἐζήλουν,

814 4880 1074 4940 "omnium
1100 4899 1195 4940 eas
1220 4900 1345 4955 quae
1378 4895 1699 4956 sequuntur,
1734 4895 1787 4943 et
1827 4891 1905 4945 sic
1933 4892 2169 4949 habent:
2206 4893 2379 4947 Para-

836 4985 943 5032 tum
978 4992 1066 5035 cor
1095 4992 1287 5041 meum,
1326 4976 1488 5043 Deus,
1522 4978 1742 5033 cantabo
1789 4989 1839 5033 et
1880 4983 2138 5050 psalmum
2182 4984 2376 5039 dicam.

837 5062 1092 5134 Exsurge,
1123 5068 1295 5137 gloria
1320 5083 1452 5131 mea,
1477 5085 1715 5139 exsurge,
1742 5070 2051 5139 psalterium
2078 5085 2127 5128 et
2151 5074 2375 5137 cithara,

836 5168 1112 5225 exsurgant
1141 5144 1397 5211 di.uculo.
1426 5157 1724 5227 Conﬁtebor
1754 5162 1807 5215 in
1853 5164 2086 5231 populis,
2134 5164 2376 5234 Domine,

836 5245 1094 5304 psalmum
1120 5246 1293 5304 dicam
1329 5250 1423 5304 tibi
1454 5250 1511 5303 in
1535 5252 1788 5321 gentibus.
1823 5253 1947 5310 Haec
1973 5255 2117 5310 enim
2150 5257 2375 5311 multum

828 5335 1027 5399 otium,
1077 5336 1186 5390 imo
1231 5340 1392 5393 etiam
1440 5340 1606 5407 animi
1656 5345 2004 5415 voluptatem,
2053 5347 2376 5417 signiﬁcant.

840 5425 925 5479 Ait
950 5425 1114 5497 igitur
1147 5441 1298 5483 sacer
1326 5431 1602 5501 apostolus
1628 5450 1640 5485 :
1672 5432 2031 5491 Contristatur
2056 5438 2173 5505 quis
2205 5438 2258 5490 in
2288 5452 2379 5489 vo-

839 5514 915 5568 bis
938 5516 965 5572 1
996 5527 1135 5573 oret.
1168 5515 1342 5587 Equo
1384 5522 1557 5577 animo
1600 5527 1721 5578 est?
1748 5526 1943 5583 osalla:
1965 5526 2011 5557 “
2069 5524 2173 5580 Sed
2207 5541 2383 5595 neque

839 5611 1057 5674 poterat
1078 5608 1191 5678 hac
1216 5609 1414 5679 dicere,
1442 5628 1564 5668 cum
1591 5615 1647 5670 in
1681 5618 1934 5686 spelunca
1964 5616 2205 5687 Engaddi
2244 5616 2381 5671 deti-

837 5706 1056 5752 neretur
1091 5713 1121 5752 a
1171 5698 1333 5757 Saule
1380 5711 1502 5760 ante
1548 5708 1745 5761 ostium
1793 5707 2029 5764 sedente.
2062 5707 2191 5774 Quae
2238 5707 2380 5768 enim

910 5877 955 5911 ¹⁸
992 5874 1135 5934 Psal.
1171 5895 1287 5957 cxtt
1311 5922 1325 5950 ,
1356 5883 1468 5941 2—4.
1581 5886 1624 5925 ι·
1662 5885 1774 5944 lac.
1813 5898 1861 5957 ι’,
1900 5889 1983 5946 l5.

2481 4892 2780 4977 ἠσπάζοντό
2806 4908 2865 4944 τε
2889 4891 2985 4962 τὴν
3011 4893 3104 4945 σὺν
3137 4889 3284 4959 αὐτῷ
3318 4888 3526 4977 μερίδα,
3571 4886 3765 4957 μᾶλλον
3785 4882 4036 4952 ἀγαπῶν-

2481 4998 2571 5045 τες
2598 4972 2911 5035 ἐλαύνεσθαι
2942 4982 3034 5034 sitv
3057 4978 3224 5047 αὐτῷ,
3269 4977 3302 5045 ἢ
3346 4972 3422 5046 τῷ
3474 4975 3745 5028 ἐλαύνοντι
3775 4976 4042 5029 συνεῖναι..

2497 5070 2616 5122 Ἐπὶ
2655 5068 2844 5140 σχολῆς
2868 5068 3043 5122 τοίνυν
3072 5067 3270 5135 διάγων
3302 5067 3359 5117 ἐν
3378 5064 3454 5133 τῷ
3476 5062 3719 5135 σπηλαίῳ
3741 5063 3818 5131 τῷ
3861 5062 4035 5126 Ὀδολ-

2481 5162 2592 5232 λὰμ
2614 5164 2711 5233 τὴν
2733 5161 3009 5233 παροῦσαν
3042 5160 3245 5230 ἔγραφε
3280 5155 3698 5227 στηλογραφὶαν.
3740 5153 4041 5223 Παρίστησε

2482 5253 2538 5305 δέ
2563 5252 2720 5306 τοῦτο
2748 5253 2816 5307 τὰ
2848 5252 3225 5320 ἐπιλεγόμενα,
3261 5249 3330 5302 τά
3354 5264 3414 5301 τε
3455 5246 3587 5299 ἄλλα
3623 5245 3716 5298 καὶ
3740 5244 3806 5297 δι’
3830 5238 3903 5298 ὧν
3931 5261 4035 5316 φη-

2486 5360 2586 5397 σιν·
2627 5343 3073 5408 Ἐεαπέστειλεν
3116 5340 3182 5405 ἐξ
3226 5338 3504 5406 οὐρανοῦ,
3552 5336 3649 5389 καὶ
3698 5335 3892 5408 ξσωσέ
3937 5349 4039 5404 με·

2485 5435 2577 5487 καὶ
2606 5433 2782 5487 πάλιν·
2831 5432 3284 5497 Ἐξαπέστειλεν
3324 5433 3357 5483 ό
3398 5427 3538 5493 Θεὸς
3564 5426 3628 5480 τὸ
3652 5426 3819 5493 ἕλεος
3847 5423 4036 5481 αὑτοῦ

2487 5524 2582 5578 καὶ
2611 5522 2723 5591 τὴν
2763 5525 3044 5591 ἀλήθειαν
3076 5522 3281 5586 αὑτοῦ,
3310 5517 3409 5572 καὶ
3442 5517 3729 5586 ἐρρύσατο
3763 5517 3879 5583 τὴν
3921 5518 4037 5582 ψυ-

2486 5614 2604 5687 χήν
2636 5634 2770 5685 ’μου
2794 5618 2861 5670 ἐκ
2893 5616 3079 5680 μέσου
3123 5615 3423 5681 σκύμνων,
3461 5612 3639 5682 Ὁρᾷς,
3690 5610 3758 5673 ὡς
3806 5608 3930 5669 τοὺς
3976 5606 4036 5659 ἐν

2487 5706 2591 5761 Γὲθ
2639 5706 2961 5777 ἀλλοφύλους
3014 5704 3315 5778 διαφυγὼν,
3387 5701 3479 5757 ἅτε
3538 5700 3601 5771 δὴ
3661 5703 3719 5755 ἐν
3770 5695 4038 5769 ἀσφαλείᾳ
