4402 6408
900 489 1001 547 5H

1574 486 1837 545 EUSEBII
1872 486 2341 543 CESARIENSIS
2377 485 2523 541 OPP.
2564 486 2740 543 PARS
2769 484 2857 541 111.
2892 507 2960 529 -ι-
2996 485 3397 559 EXEGETICA.

971 604 1139 660 Vens.
1173 604 1225 671 6,
1253 605 1302 659 7.
1341 582 1594 658 Exaltare
1632 619 1785 673 super
1811 603 1987 665 caelos,
2021 601 2181 665 Deus,
2212 610 2260 654 et
2290 617 2442 671 super
2471 612 2516 666 Α

908 712 1103 750 omnem
1131 704 1338 760 terram,
1371 696 1543 765 gloria
1587 706 1696 759 tua,
1727 702 1781 748 et
1819 700 2031 748 caetera.
2062 692 2304 755 .Missum
2337 693 2440 747 sibi

903 787 970 841 ab
1000 787 1277 841 Altissimo
1314 787 1615 855 adjutorem
1644 792 1697 839 et
1727 774 2089 849 Servatorem,
2125 789 2311 851 utpote
2348 783 2441 851 qui

901 893 961 934 se
997 877 1359 933 humiliaverit
1388 894 1481 947 per
1513 891 1670 932 suum
1702 876 1764 929 ad
1808 875 2053 930 homines
2096 874 2440 939 descensum,

898 977 955 1023 et
1005 968 1239 1021 animam
1292 982 1445 1022 suam
1492 966 1748 1035 eripuerit
1794 965 1861 1019 de
1914 962 2090 1019 medio
2140 963 2442 1019 catulorum

898 1061 1141 1123 leonum,
1176 1060 1259 1115 his
1298 1060 1476 1113 verbis
1498 1056 1770 1128 Propheta
1819 1058 2104 1127 compellat
2135 1076 2147 1111 :
2180 1056 2443 1123 Quoniam

898 1166 964 1205 ex
995 1153 1209 1220 propria
1253 1151 1618 1220 magnitudine
1665 1149 2017 1211 descendens,
2057 1146 2213 1217 teque
2267 1149 2442 1219 ipsum

899 1257 1123 1312 parvum
1171 1240 1423 1305 elﬁciens,
1475 1241 1790 1294 humilitatis
1846 1242 1978 1293 meae
2018 1254 2203 1292 curam
2261 1254 2445 1294 susce-

898 1331 1051 1398 pisti,
1079 1340 1132 1386 et
1165 1332 1409 1401 eripuisti
1442 1332 1675 1384 animam
1723 1345 1894 1384 meam
1948 1331 2013 1385 de
2045 1331 2217 1385 medio
2248 1332 2442 1400 praedi-

899 1429 1133 1486 ctorum,
1189 1424 1423 1477 exaltare
1472 1421 1708 1486 demum,
1765 1422 2039 1489 proprium
2076 1422 2327 1476 thronum
2380 1437 2442 1477 ac

897 1512 994 1565 tibi
1040 1522 1351 1581 competens
1378 1516 1630 1582 "regnum
1689 1513 1949 1565 cmlorum
2008 1524 2206 1585 repete.
2260 1515 2441 1586 Neque

896 1603 1040 1657 enim
1088 1612 1228 1656 terra
1267 1604 1435 1671 gloria
1492 1611 1578 1655 tua
1612 1603 1931 1671 privabitur,
1962 1605 2174 1661 etiamsi
2223 1609 2276 1661 in
2307 1609 2441 1663 coelo

897 1691 1081 1760 degas.
1115 1690 1572 1755 Quemadmodum
1602 1693 1745 1746 enim
1762 1694 1881 1747 esol
1913 1697 2189 1764 proprium
2220 1712 2441 1753 cursum

896 1784 1214 1847 conﬁciens,
1247 1798 1340 1837 eos
1367 1784 1459 1852 qui
1494 1784 1549 1837 in
1594 1791 1739 1838 terra
1765 1795 2053 1841 versantur
2088 1790 2296 1859 fulgore
2344 1804 2442 1844 suo

898 1893 1007 1931 non
1036 1877 1266 1942 fraudat,
1300 1879 1486 1932 eodem
1531 1878 1691 1932 modo
1735 1885 1788 1932 et
1824 1887 1901 1943 tu,
1944 1879 2186 1944 Domine,
2233 1882 2441 1937 etiamsi

897 1969 969 2023 ob
998 1983 1241 2037 magnam
1273 1969 1540 2021 mittentis
1572 1974 1625 2021 te
1668 1965 1847 2021 Patris
1899 1982 2025 2037 erga
2056 1967 2301 2024 homines
2332 1970 2442 2024 cle-

872 2058 1174 2123 ,mentiam,
1194 2072 1367 2126 usque
1391 2057 1458 2111 ad
1481 2058 1798 2126 parvitatem
1823 2072 1995 2111 meam
2020 2065 2073 2113 te
2100 2060 2439 2127 extenderis;

897 2160 950 2203 at
980 2151 1217 2204 exaltare
1240 2148 1453 2201 demum
1482 2162 1643 2215 super
1674 2148 1862 2210 caelos,
1894 2156 1947 2201 et
1976 2148 2027 2200 in
2058 2150 2178 2202 sinu
2202 2152 2445 2205 Paterna:

899 2240 1119 2295 deitatis
1155 2237 1419 2301 residens,
1455 2252 1668 2290 omnem
1703 2246 1897 2291 terram
1946 2238 2117 2307 gloria
2152 2247 2241 2291 tua
2276 2241 2440 2307 reple.

900 2330 1021 2384 llaec
1066 2343 1226 2398 porro
1271 2328 1393 2396 jure
1433 2325 1669 2397 profero,
1726 2326 1781 2379 in
1834 2334 1949 2380 tuto
2000 2336 2191 2381 contra
2246 2328 2444 2382 malum

896 2421 1175 2491 quodlibet
1200 2421 1429 2492 positus,
1458 2428 1511 2473 et
1540 2433 1570 2470 a
1599 2418 1870 2488 praedictis
1890 2419 2084 2473 catulis
2118 2425 2170 2472 et
2200 2419 2443 2474 leonibus

896 2520 993 2565 tua
1029 2509 1342 2565 visitatione
1372 2515 1609 2577 ereptus,
1643 2508 1735 2576 qui
1771 2507 1978 2575 laqueos
2015 2518 2327 2575 paraverunt
2356 2525 2444 2577 pe-

897 2601 1047 2654 dibus
1080 2599 1229 2659 meis,
1261 2605 1334 2662 et,
1363 2604 1625 2666 quantum
1658 2597 1711 2649 in
1738 2596 1870 2665 ipsis
1891 2604 2026 2659 erat,
2050 2599 2442 2652 incursaverant

898 2693 1128 2745 animam
1182 2703 1394 2749 meam;
1449 2687 1542 2742 sed
1590 2688 1751 2742 etiam
1800 2687 2040 2756 [oderunt
2092 2699 2210 2742 ante
2257 2689 2442 2757 faciem

899 2795 1068 2834 meam
1106 2779 1325 2848 foveam.
1361 2775 1467 2832 Sed
1495 2778 1605 2832 haec
1630 2779 1684 2832 in
1709 2793 1859 2833 suam
1891 2779 2208 2848 perniciem,
2240 2795 2348 2833 non
2388 2780 2442 2832 in

896 2887 1094 2933 meam,
1125 2880 1215 2928 tua
1245 2871 1600 2942 protectione,
1655 2869 2025 2939 designarunt.
2074 2868 2183 2939 Ipsi
2210 2884 2442 2937 namque

898 2967 953 3019 in
984 2965 1123 3018 hanc
1148 2963 1355 3017 foveam
1385 2977 1536 3017 suam
1566 2961 1723 3030 primi
1749 2960 2078 3015 ceciderunt.
2104 2961 2443 3029 Quapropter

894 3057 1022 3127 quia
1055 3063 1111 3110 tu
1142 3070 1169 3107 a
1196 3054 1355 3110 Patre
1387 3054 1587 3107 missus
1637 3053 1764 3105 talia
1794 3051 2029 3117 edidisti,
2077 3051 2314 3105 exaltare
2345 3048 2439 3101 de-

880 3162 1065 3211 mum,
1101 3160 1163 3200 ac
1186 3146 1435 3199 cmlestes
1461 3143 1580 3196 illas
1611 3142 1942 3207 mansiones,
1977 3148 2036 3195 ut
2065 3140 2165 3195 tibi
2196 3139 2441 3209 proprias

894 3245 950 3294 et
975 3236 1158 3294 deitati
1190 3244 1293 3286 ιιιαρ
1317 3241 1604 3287 mnsuetas
1635 3232 1833 3302 recipe.

967 3545 1128 3601 Vens.
1145 3544 1297 3619 8-12.
1324 3543 1577 3598 Paratum
1599 3556 1689 3599 cor
1704 3556 1893 3606 meum,
1913 3540 2073 3606 Deus,
2090 3550 2333 3609 paratum
2349 3558 2438 3595 cor

894 3654 1086 3701 meum,
1110 3638 1329 3689 cantabo
1367 3644 1416 3689 et
1443 3636 1704 3704 psalmum
1734 3633 1927 3696 dicam,
1961 3639 2066 3687 etc.
2100 3631 2344 3685 Salvator
2381 3632 2436 3685 in

896 3741 995 3782 sua
1029 3725 1093 3779 ad
1129 3725 1425 3794 discipulos
1448 3723 1693 3778 doctrina
1738 3723 1851 3776 haec
1898 3721 1964 3775 de
2006 3719 2208 3791 Spiritu
2250 3728 2438 3776 sancto

892 3816 1065 3870 dixit:
1095 3814 1153 3869 Si
1182 3813 1401 3883 diligitis
1439 3829 1517 3866 me
1536 3852 1551 3876 ,
1579 3812 1831 3865 mandata
1866 3828 1979 3864 mea
2015 3818 2232 3878 servate,
2262 3820 2311 3865 et
2346 3828 2437 3881 ego

894 3906 1087 3976 rogabo
1126 3904 1358 3967 Patrem,
1407 3912 1455 3956 el
1497 3903 1657 3956 alium
1694 3902 2028 3955 Paraclelum
2068 3900 2216 3954 dabit
2273 3902 2434 3965 vobis,

897 4006 956 4049 ut
993 3998 1061 4049 sit
1099 3998 1362 4049 vobiscum
1387 3997 1442 4048 in
1472 3992 1753 4055 internum,
1796 3994 2051 4061 Spiritum
2092 3995 2385 4048 ueritatis"
2420 4014 2434 4049 :

894 4095 951 4143 et
979 4101 1232 4141 rursum:
1274 4085 1399 4140 Hcce
1445 4087 1646 4139 locutus
1685 4102 1798 4139 sum
1834 4084 1973 4138 vobis
2020 4084 2159 4152 apud
2202 4102 2287 4142 vos
2331 4102 2439 4138 ma—

896 4192 1067 4241 nens;
1108 4176 1412 4230 Paracletus
1453 4186 1660 4239 autem,
1718 4175 1945 4243 Spiritus
2018 4185 2230 4230 sanctus
2290 4194 2437 4247 quem

892 4270 1062 4322 mittet
1103 4267 1263 4335 Pater
1290 4268 1345 4321 in
1375 4267 1579 4320 nomine
1607 4282 1736 4327 meo,
1768 4266 1858 4319 ille
1887 4284 1973 4321 vos
2014 4266 2212 4319 docebit
2238 4268 2432 4331 omnia,

890 4371 941 4414 et
965 4369 1197 4430 suggeret
1216 4361 1297 4424 3‘;
1333 4374 1396 4420 ac
1419 4358 1645 4412 iterum:
1688 4356 1867 4409 Adhuc
1897 4358 2061 4410 multa
2094 4358 2252 4412 habeo
2295 4358 2433 4414 vobis

892 4452 1081 4509 dicere.
1112 4449 1199 4517 sed
1240 4466 1341 4502 non
1378 4448 1593 4518 potestis
1621 4456 1833 4514 portare
1864 4436 2036 4502 modo.
2091 4446 2222 4501 Cum
2260 4460 2434 4503 autem

890 4542 1083 4596 uenerit
1113 4540 1201 4593 ille
1237 4539 1465 4606 Spiritus
1486 4538 1720 4591 ueritatis
1743 4577 1758 4600 ,
1800 4537 2039 4589 narrabit
2071 4537 2210 4615 vobis
2241 4540 2432 4593 verita-

2474 1938 2513 1991 Β

3987 488 4091 545 ΜΞ

2625 602 2901 671 Ὺψὼθητι
2928 602 3023 656 ἐπὶ
3080 603 3220 669 τοὺς
3274 604 3581 672 οίψανοὺς,
3615 607 3647 659 ὁ
3674 606 3833 673 Θεὸς,
3866 608 3964 661 καί
3992 607 4091 661 ἐπὶ

2541 693 2743 748 πᾶσαν
2765 694 2877 761 τὴν
2912 693 3027 763 γῆν
3072 697 3110 761 ἡ
3167 694 3314 757 δόξα
3368 710 3503 758 σου,
3537 696 3628 748 καὶ
3685 698 3753 750 τὰ
3810 698 3959 769 ἑξῆς.
4002 698 4092 769 Τῷ

2540 786 3076 850 ἐξαποπαλέντιὺπὸ
3124 786 3217 838 τοῦ
3252 784 3500 854 Ὑψίστου
3547 786 3722 856 βοηθῷ
3776 789 3969 841 ἑαυτοῦ
3996 788 4092 843 καὶ

2540 878 2765 958 Σωτῆρι,
2792 877 2866 939 ὠς
2892 876 2957 930 ἂν
3002 877 3185 930 ἑαυτὸν
3215 877 3620 931 ταπεινώσαντα
3663 879 3750 931 διὰ
3773 880 3872 949 τῆς
3903 882 4092 952 μέχρις

2539 964 2834 1035 ἀνθρώπων
2866 964 3109 1031 καθόδου,
3136 966 3419 1036 ῥυσαμένῳ
3473 984 3532 1019 τε
3572 968 3671 1037 τὴν
3713 968 3889 1038 ψυχὴν
3924 970 4089 1024 αὐτοῦ

2540 1057 2603 1107 ὲκ
2632 1057 2792 1125 μέσου
2839 1055 3107 1125 σκύμνων,
3136 1057 3420 1125 ίὲπιφωνεῖ
3473 1057 3644 1124 λέγων
3698 1060 3726 1111 ό
3779 1060 4089 1132 Προφήτης·

2554 1147 2793 1217 Ἐπειδὴ,
2816 1146 2907 1199 τοῦ
2931 1148 3125 1200 οἰκείου
3155 1148 3410 1217 μεγέθους
3423 1149 3786 1214 ὑποκαταϐὰς,
3814 1152 3907 1203 καὶ
3937 1168 4093 1204 σεαυ-

2540 1237 2629 1289 τὸν
2659 1234 2973 1307 σμικρύνας,
3024 1238 3118 1306 τῆς
3171 1238 3309 1307 ὲμῆς
3340 1240 3714 1311 ταπεινότητος
3752 1240 4090 1310 ἐφρόντισας,

2543 1326 2754 1395 ἐρῤύσω
2778 1344 2836 1379 τε
2861 1326 2958 1396 τὴν
2977 1325 3153 1396 ψυχήν
3188 1344 3286 1395 μου
3316 1329 3377 1379 ὲκ
3414 1330 3574 1399 μέσου
3611 1330 3717 1383 τῶν
3770 1326 4092 1401 προλεχθέν-

2541 1433 2664 1480 των,
2697 1416 2936 1486 ὑψώθητι
2977 1417 3174 1481 λοιπὸν,
3235 1417 3326 1470 καὶ
3375 1420 3719 1490 ἀπολάμϐανε
3768 1421 3859 1473 τὸν
3892 1422 4091 1476 σαυτοῦ

2542 1506 2723 1575 θρόνον
2752 1508 2844 1559 καὶ
2875 1507 2967 1578 τὴν
2995 1508 3301 1577 πρέπουσάν
3328 1526 3408 1562 σοι
3443 1511 3499 1563 ἐν
3551 1511 3760 1582 οὐρανῷ
3793 1511 4090 1581 βασιλείαν.

2542 1600 2673 1652 Οὐδὲ
2711 1599 2879 1661 οὕτως
2904 1599 3009 1669 γὰρ
3061 1600 3550 1671 ἀποστερηθήσεται
3575 1604 3607 1673 ή
3636 1604 3703 1672 γῆ
3730 1602 3827 1671 τῆς
3857 1603 3959 1672 σῆς
4004 1603 4091 1657 δό⁹

2543 1687 2656 1758 ξης,
2686 1688 2784 1743 κᾶν
2810 1692 2865 1742 ὲν
2899 1690 3104 1761 οὐρανῷ
3125 1692 3415 1763 διατρίϐῃς.
3447 1691 3649 1764 Ὥσπερ
3676 1692 3782 1763 γάρ
3808 1693 3977 1761 ἥλιος,
4002 1688 4092 1747 τὸν

2542 1785 2735 1835 οίκεῖον
2768 1781 3038 1835 ἀποτελῶν
3090 1782 3301 1851 δρόμον,
3357 1784 3457 1835 οὑκ
3489 1783 3780 1855 ἀποστερεῖ
3815 1786 3940 1847 τοὺς
3999 1783 4091 1837 ἐπὶ
4160 1794 4163 1799 ‘

2540 1874 2645 1943 γῆς
2663 1875 2758 1944 τῆς
2818 1873 3007 1927 ἑαυτοῦ
3041 1873 3392 1943 λαμπηδόνος·
3456 1875 3546 1929 τὸν
3576 1875 3735 1930 αὑτὸν
3765 1877 3964 1947 τρόπον
4000 1878 4090 1930 καὶ

2545 1966 2628 2026 σὺ,
2647 1958 2690 2017 ὦ
2723 1964 2913 2035 Κύριε,
2949 1966 2994 2017 εί
3021 1965 3111 2017 καὶ
3134 1964 3201 2016 τὰ
3231 1964 3457 2033 μάλιστα
3484 1966 3549 2018 δι’
3584 1966 3881 2038 ὑπερδολὴν
3913 1968 4091 2036 φιλαψ

2543 2054 2785 2125 θρωπίας
2814 2056 2907 2108 τοῦ
2936 2056 3385 2126 καταπέμψαντός
3414 2074 3470 2109 σε
3532 2059 3740 2130 Πατρὸς
3789 2061 3947 2131 μέχρι
3992 2060 4088 2129 τῆς

2542 2146 2679 2215 ὲμῆς
2704 2147 3055 2217 σμικρότητος
3108 2146 3424 2216 ἐξητάσθης,
3479 2146 3590 2199 ἀλλ’
3636 2149 3875 2219 ὑψώθητι
3904 2150 4089 2205 λοιπὸν

2542 2237 2632 2287 ἐπὶ
2674 2237 2797 2298 τοὺς
2816 2238 3089 2307 οὐρανοὺς,
3135 2238 3227 2289 καὶ
3263 2238 3374 2298 τοῖς
3420 2235 3635 2298 κόλποις
3658 2239 3754 2306 τῆς
3812 2240 4088 2311 Πατρικῆς

2544 2325 2787 2394 θεότητος
2810 2327 3047 2387 ὲνοικῶν,
3085 2326 3287 2396 πλήρου
3344 2326 3440 2395 τῆς
3468 2326 3657 2379 σαυτοῦ
3708 2328 3862 2397 δόξης
3914 2332 4087 2384 πᾶσαν

2540 2416 2638 2485 τὴν
2663 2417 2782 2485 γῆν.
2806 2417 2961 2484 Λέγω
2989 2417 3043 2468 δὲ
3070 2418 3238 2483 rubra
3272 2418 3508 2480 εἰκότως,
3538 2418 3595 2469 ὲν
3627 2419 3922 2488 ἀμεριμνία
3951 2437 4085 2475 παν-

2542 2507 2629 2569 τὸς
2653 2507 2817 2559 κακοῦ
2860 2506 3113 2574 γεγονὼς,
3136 2507 3229 2558 καὶ
3264 2507 3369 2559 τῶν
3410 2506 3804 2578 προλεχθὲντων
3837 2509 4087 2578 σκύμνων

2543 2599 2636 2650 καὶ
2654 2597 2878 2651 λεόντων
2903 2597 2988 2654 διὰ
3017 2597 3115 2666 τῆς
3141 2598 3236 2668 σῆς
3289 2588 3586 2667 ἐπισκοπῆς
3630 2599 3861 2669 ῥυσθείς·
3899 2601 4087 2663 οἵτινες

2542 2685 2790 2755 παγίδας
2828 2687 3157 2754 ἡτοίμασαν
3186 2686 3306 2753 τοῖς
3357 2690 3501 2741 ποσί
3525 2706 3662 2758 μου,
3720 2691 3830 2755 καὶ,
3876 2690 3938 2744 τὸ
3969 2692 4085 2745 ὅσον

2540 2782 2623 2831 ἐπ’
2650 2780 2844 2842 αὐτοῖς,
2872 2780 3252 2847 κατέκαμψαν
3282 2779 3394 2847 τὴν
3429 2779 3635 2848 ψυχήν
3658 2798 3794 2849 μου·
3836 2780 3970 2835 ἀλλὰ
3994 2782 4086 2837 καὶ

2539 2870 2773 2938 ὤρυξαν
2800 2872 2912 2939 πρὸ
2944 2870 3261 2940 προσώπου
3288 2890 3402 2941 μου
3416 2872 3661 2940 βόθρον.
3680 2872 3862 2927 Ταῦτα
3887 2874 3943 2928 δὲ
3966 2873 4086 2929 καθ’

2541 2961 2765 3025 ἑαυτῶν,
2792 2963 2902 3015 ἀλλ’
2922 2964 2981 3014 οὐ
3013 2962 3129 3015 κατ’
3148 2963 3278 3032 ἐμοῦ
3308 2961 3394 3014 διὰ
3428 2964 3526 3033 τὴν
3549 2964 3644 3032 σὴν
3674 2964 3879 3037 σόιέπην
3903 2966 4085 3039 εἰργά-

2541 3067 2718 3103 σαντο.
2758 3051 3035 3119 Ἔφθασαν
3058 3051 3163 3122 γὰρ
3209 3054 3358 3105 αὐτοὶ
3385 3053 3578 3123 μᾶλλον
3610 3046 3690 3117 εἰς
3743 3054 3831 3107 τὸν
3880 3056 4085 3110 ἑαυτῶν

2539 3144 2930 3207 καταπεσόντες
2963 3144 3167 3213 βόθρον.
3216 3144 3410 3215 Διόπερ
3432 3145 3617 3215 ἐπειδὴ
3651 3146 3819 3201 ταῦτα
3851 3147 4085 3217 εἰργάσω

2464 3256 2508 3314 C
2541 3234 2603 3289 σὺ
2636 3239 2664 3290 ὁ
2693 3236 3092 3305 ἀπεσταλμένος
3114 3235 3216 3287 ὑπὸ
3241 3235 3332 3288 τοῦ
3355 3235 3584 3304 Πατρὸς,
3614 3235 3861 3306 ὑψώθητι
3882 3237 4084 3304 λοιπὸν,

2537 3328 2629 3381 καὶ
2661 3327 3006 3397 ἀπολάμϐανε
3031 3326 3129 3388 τὰς
3150 3325 3446 3396 οὐρανίους,
3472 3325 3546 3387 ὡς
3576 3326 3776 3390 οἰκείας
3819 3327 3913 3381 καὶ
3964 3345 4084 3381 συν-

2536 3419 2682 3490 ήθεις
2708 3422 2771 3490 τῇ
2804 3422 2867 3490 σῇ
2904 3418 3111 3487 θεότητι
3140 3417 3429 3488 διατριϐάς.

2617 3528 2841 3597 Ἐτοίμη
2878 3531 2917 3597 ἡ
2956 3528 3164 3602 καρδία
3189 3546 3326 3597 μου,
3372 3531 3403 3581 ό
3434 3527 3608 3593 Θεὸς,
3656 3528 3853 3598 ἑτοίμη
3883 3530 3921 3597 ἠ
3953 3546 4085 3597 καρ-

2534 3620 2632 3674 δία
2648 3637 2785 3688 μου,
2813 3618 3028 3688 ᾄσομαι
3053 3619 3148 3672 καὶ
3186 3618 3381 3687 ψαλῶ,
3412 3618 3503 3671 καὶ
3542 3618 3606 3671 τὰ
3631 3618 3771 3688 ἑξῆς.
3817 3619 3873 3671 '0
3900 3619 4084 3691 Σωτὴρ

2537 3712 2593 3764 ὲν
2612 3713 2727 3772 ταῖς
2750 3708 2881 3779 πρὸς
2910 3712 3031 3773 τοὺς
3073 3710 3315 3780 μαθητὰς
3368 3710 3732 3773 διδασκαλίαις
3762 3709 3909 3763 ταῦτ’
3942 3712 4083 3781 εἰρη-

2536 3796 2645 3861 κὼς
2678 3798 2915 3868 περὶτοῦ
2946 3797 3097 3864 ἁγίου
3124 3798 3454 3867 Πνεύματος·
3504 3798 3637 3851 Ἐὰν
3672 3798 3933 3867 ἀγαπᾶτε
3960 3800 4083 3868 ἐμὲ,

2535 3888 2639 3953 τὰς
2668 3886 2916 3952 ἐντολὰς
2943 3887 3046 3952 τὰς
3073 3886 3217 3954 ἐμὰς
3236 3886 3548 3953 τηρήσατε·
3568 3887 3663 3939 καί
3680 3886 3791 3955 ἐῄυ
3816 3887 4085 3954 ἐρωτήσω

2534 3980 2639 4033 τόν
2662 3978 2906 4047 Πατέρα,
2952 3978 3047 4032 καὶ
3092 3978 3282 4032 ἄλλον
3307 3976 3692 4045 Παράκλητον
3733 3977 3905 4051 δώσει
3924 3978 4083 4047 ὑμῖν,

2535 4066 2633 4123 ἵνα
2658 4066 2698 4141 ᾖ
2725 4071 2851 4138 μεθ’
2888 4068 3051 4137 ὑμῶν
3071 4072 3156 4134 εἰς
3210 4067 3315 4120 τὸν
3347 4066 3549 4130 αἰῶνα,
3582 4067 3646 4119 τὸ
3694 4068 3934 4137 Πνεῦμα
3975 4068 4084 4136 τῆς

2534 4161 2831 4227 ἀληθείας·
2878 4162 2970 4213 καὶ
3002 4158 3178 4212 πάλιν·
3239 4158 3425 4212 Ταῦτα
3448 4156 3755 4224 λελάληκα
3786 4157 3926 4225 ὑμῖν
3948 4158 4082 4224 παρ’

2533 4251 2673 4319 ὑμῖν
2696 4251 2928 4320 μένων·
2985 4254 3016 4304 ὀ
3065 4250 3130 4302 δὲ
3176 4250 3583 4316 Παράλιλητος,
3631 4248 3696 4301 τὸ
3726 4247 3969 4315 Πνεῦμα
4014 4246 4082 4300 τὸ

2534 4350 2700 4417 ἅγιον
2736 4348 2765 4401 ὃ
2787 4348 3002 4416 πέμψει
3032 4351 3063 4400 ὁ
3092 4344 3287 4413 Πατήρ
3316 4363 3431 4414 μου
3462 4344 3530 4397 ἐν
3561 4342 3638 4408 τῷ
3673 4343 3915 4411 ὀνόματί
3939 4360 4081 4412 μου,

2532 4439 2756 4504 ἐκεῖνος
2785 4436 2940 4506 ὑμᾶς
2963 4436 3184 4499 διδάξει
3214 4434 3406 4488 πάντα
3432 4432 3532 4486 καὶ
3585 4433 3935 4501 ὑπομνήσει·
3990 4434 4084 4486 καὶ

2533 4526 2704 4592 αὖθις·
2740 4530 2859 4580 Ἔτι
2894 4527 3090 4581 πολλὰ
3116 4525 3232 4594 ἔχω
3283 4523 3480 4591 λέγειν
3510 4522 3669 4591 ὑμῖν,
3713 4522 3847 4575 ἀλλ’
3875 4525 3946 4576 οὐ
3982 4521 4082 4576 δύρ
4127 4554 4133 4559 -

892 4643 1015 4696 tem,
1045 4632 1167 4699 quia
1198 4630 1259 4682 tle
1297 4646 1408 4683 meo
1457 4630 1692 4697 accipiet,
1738 4636 1787 4680 et
1842 4612 2175 4679 annuntiabit
2208 4629 2428 4681 vobis”.
2462 4638 2504 4692 ι)
2533 4641 2630 4677 ναί

2342 4630 2428 4681 τεο.
2462 4638 2504 4692 ι)
2533 4625 2717 4677 νασθε
2741 4618 3062 4685 βαστάζειν
3098 4617 3246 4686 ἄρτι.
3285 4616 3460 4667 Ὅταν
3486 4612 3552 4665 δὲ
3588 4612 3733 4679 ἔλθῃ
3762 4611 3988 4677 ἐκεῖνος
4015 4594 4080 4666 τὸ

893 4722 1103 4788 Quibus
1133 4720 1370 4773 declarat
1402 4719 1606 4786 majora
1641 4718 1729 4771 illa
1764 4734 1860 4772 sua
1892 4734 2032 4782 esse,
2069 4732 2230 4787 quam
2265 4726 2323 4770 ut
2365 4719 2431 4772 ab

892 4808 1153 4879 apostolis
1197 4813 1550 4875 caperentur:
1587 4804 1704 4859 Non
1738 4806 1879 4859 enim
1920 4808 2181 4876 potestis,
2220 4806 2427 4875 inquit,

890 4909 1106 4973 portare
1141 4920 1153 4954 :
1186 4900 1278 4955 sed
1331 4900 1592 4970 Spiritum
1648 4901 1891 4955 veritatis
1938 4916 2004 4955 ex
2057 4917 2115 4957 se
2149 4902 2332 4955 datum
2378 4906 2432 4953 et

893 4990 1152 5059 apostolis
1198 4988 1266 5042 ab
1303 5004 1361 5043 se
1401 4988 1647 5049 missum,
1695 4988 2141 5041 annuntiaturum
2182 4989 2258 5041 ait
2298 4987 2431 5058 ipsis

892 5095 1105 5153 omnem
1131 5080 1429 5133 veritatem.
1470 5076 1623 5143 Quod
1661 5078 1707 5133 si
1755 5078 1869 5132 haec
1910 5079 1990 5132 sic
2025 5079 2426 5150 intelligantur,

890 5170 1010 5240 iure
1042 5168 1230 5229 David,
1270 5177 1554 5237 postquam
1579 5168 1687 5223 Deo
1731 5168 1785 5221 in
1835 5168 1920 5223 sui
1964 5170 2220 5222 auxilium
2262 5170 2430 5223 misso

892 5260 1125 5320 dixerat,
1158 5258 1410 5311 Exaltare
1448 5273 1599 5324 super
1624 5259 1805 5321 caelos,
1840 5258 1999 5320 Deus,
2032 5268 2081 5311 et
2119 5274 2270 5326 super
2319 5276 2430 5312 om-

862 5368 1006 5404 nem
1058 5361 1249 5402 terram
1277 5350 1447 5419 gloria
1491 5359 1615 5411 tua;
1646 5356 1799 5418 rogat
1846 5348 2039 5403 exinde
2078 5351 2322 5404 eumdem
2370 5356 2429 5403 ut

889 5442 995 5497 sibi
1026 5440 1479 5509 mittatSpirilum
1509 5424 1866 5502 Paracletum,
1902 5440 2308 5509 propheticum;
2333 5455 2428 5510 pa-

890 5542 1067 5588 ratum
1100 5547 1221 5587 sese
1246 5531 1429 5587 dicens
1458 5530 1523 5583 ad
1544 5530 1915 5598 excipiendum
1941 5544 2061 5584 eum
2094 5548 2107 5583 :
2142 5537 2424 5599 purgatum

892 5626 1097 5683 scilicet
1115 5638 1238 5677 esse
1270 5622 1525 5690 templum
1550 5621 1603 5674 in
1632 5636 1689 5675 se
1724 5622 1980 5693 positum,
2008 5627 2061 5673 et
2097 5620 2289 5674 anima:
2314 5637 2425 5675 sum

888 5708 1321 5779 receptaculum;
1352 5708 1606 5762 nimirum
1642 5708 1811 5777 ipsam
1844 5715 2096 5773 mentem,
2133 5722 2292 5777 quam
2320 5715 2423 5759 tro-

2535 4716 2773 4783 Πνεῦμα
2798 4711 2904 4781 τῆς
2934 4710 3234 4779 ἀληθείας,
3263 4705 3603 4775 διηγήσεται
3629 4702 3771 4772 ὑμῖν
3792 4701 3905 4770 τὴν
3936 4703 4081 4772 ἀλήι.

2536 4810 2717 4870 θειαν,
2752 4804 2840 4858 ὅτι
2884 4804 2952 4856 ἐκ
2996 4803 3102 4855 τοῦ
3150 4798 3295 4869 ἐμοῦ
3358 4795 3561 4863 λήψει,
3617 4794 3713 4847 καὶ
3771 4793 4084 4862 ἀναγγελεῖ

2534 4896 2690 4965 ὑμῖν.
2725 4898 2800 4948 Δι’
2836 4890 2910 4948 ὧν
2940 4882 3231 4965 παρίστησι
3285 4888 3498 4959 μείζονα
3544 4886 3639 4955 μὲν
3661 4880 3798 4938 εἶναι
3853 4883 3919 4936 τὰ
3952 4886 4079 4954 παρ’

2534 4988 2691 5040 αὑτοῦ
2740 4987 2832 5039 κειιὶ¹
2868 4986 2940 5055 μὴ
3003 4982 3319 5054 χωρούμενα
3345 4979 3447 5030 ὑπὸ
3488 4976 3593 5029 τῶν
3646 4974 3968 5029 ἀποστόλων·
4004 4975 4078 5028 Οὐ

2534 5079 2639 5150 γὰρ
2687 5079 2929 5140 δύνασθε,
2984 5078 3133 5147 φησι,
3197 5071 3498 5142 βαστάζειν·
3545 5069 3606 5121 τὸ
3632 5068 3687 5118 δὲ
3719 5065 3942 5135 Πνεῦμα
3978 5065 4078 5134 τῆς

2533 5169 2782 5239 ἀληθείας
2806 5169 2864 5221 τὸ
2888 5168 2946 5231 ἐξ
2972 5165 3129 5219 αὑτοῦ
3173 5162 3564 5233 χορηγούμενον
3603 5158 3695 5211 καὶ
3716 5160 3825 5219 τοῖς
3856 5157 4079 5210 ἀποστό-

2531 5256 2640 5320 λοις
2663 5257 2925 5310 ὑπἀὐτοῦ
2952 5255 3292 5324 πεμπόμενον
3325 5248 3671 5317 ἀναγγέλλειν
3700 5247 3879 5308 αὐτοῖς
3901 5249 4076 5300 πᾶσαν

2532 5341 2626 5411 τὴν
2654 5342 2920 5411 ἀλήθειαν.
2955 5343 3016 5395 Εἰ
3041 5340 3102 5409 δὴ
3130 5336 3219 5392 οὖν
3248 5339 3414 5391 ταῦτα
3446 5334 3702 5403 νενόηται,
3744 5334 3963 5397 εἰκότως
3985 5338 4077 5388 καὶ

2532 5432 2559 5482 ό
2584 5431 2741 5484 Δαυῒδ
2762 5432 2839 5502 τῷ
2870 5429 3252 5499 ἀπεσταλμένη)
3284 5425 3400 5495 Θεῷ
3422 5426 3496 5485 εἰς
3516 5423 3611 5492 τὴν
3637 5421 3796 5475 αὐτοῦ
3835 5422 4077 5493 ϐοήθειαν

2532 5528 2832 5595 προφήσας,
2870 5522 3158 5590 Ὑψώθητι
3196 5519 3292 5573 ἐπὶ
3345 5516 3484 5580 τοὺς
3512 5512 3819 5580 οὐρανοὺς,
3847 5517 3879 5566 ὀ
3913 5512 4075 5577 Θεὸς,

2531 5614 2781 5670 καὶ,ἐπὶ
2833 5610 3035 5667 πᾶσαν
3089 5610 3199 5677 τὴν
3232 5608 3345 5677 γῆν
3381 5608 3417 5674 ἡ
3477 5602 3623 5666 δόξα
3676 5616 3812 5664 σου,
3850 5600 4079 5653 ἱκετεύει

2532 5706 2654 5775 ἑξῆς
2686 5705 2774 5759 τὸν
2830 5704 2988 5757 αὐτὸν
3038 5701 3382 5773 καταπέμψαι
3433 5694 3576 5766 αὐτῷ
3628 5695 3686 5749 τὸ
3736 5690 3954 5762 Πνεῦμα
3988 5691 4077 5744 si»

989 5862 1201 5917 "-Joan.
1241 5877 1349 5928 XIV,
1389 5862 1567 5917 13-17.
1645 5862 1687 5896 ³⁸
1727 5863 1852 5917 ibid.
1886 5862 2078 5925 23,20.
2157 5859 2373 5915 3’Joan.
2413 5875 2521 5924 va,
2551 5858 2632 5924 12,
2662 5857 2743 5911 l5.
