4402 6406
386 499 486 554 Si?)

1496 494 1990 552 COMMENTARIA
2030 496 2094 551 lN
2134 496 2467 554 P5ALM05.

3485 514 3587 569 5N.

390 611 755 685 ίῖαράκλητον,
803 612 862 665 τὸ
913 611 1277 682 προφητικὸν,
1308 612 1518 682 ἕτοιμον
1570 610 1704 666 εἶναι
1754 614 1942 667 ἑαυτὸν
1972 619 2013 672 Λ
2046 614 2128 681 pic

1854 614 1942 666 τὸν
1972 619 2013 672 Λ
2046 614 2163 681 pice
2201 630 2294 667 cor
2322 614 2601 685 Scriptura
2633 618 2769 673 solet
2790 619 3059 689 appellare
3087 640 3100 676 :
3131 623 3273 692 quod
3302 626 3388 682 his
3420 629 3589 699 signi-

386 703 605 772 φάσκων
636 703 715 764 είς
736 701 999 773 ’ὑποδοχὴν
1020 699 1200 753 αὑτοῦ·
1239 700 1570 777 κεκαθαρθαι
1598 702 1705 773 γὰρ
1730 702 1819 755 τὸν
1878 702 1935 755 ὲν

381 792 525 863 αύτῷ
550 792 673 847 ναὸν
702 794 793 847 καὶ
844 794 903 846 τὸ
934 794 1134 863 δοχεῖον
1182 793 1277 862 τῆς
1319 793 1479 845 αὑτοῦ
1511 793 1705 863 ψυχῆςο
1737 793 1933 864 δηλαδὴ

379 887 473 956 τήν
500 884 666 956 αὐτὴν
690 885 944 950 διάνοιαν,
974 887 1038 955 ἢν
1059 883 1325 955 τροπικῶς
1352 884 1572 955 καρδίαν
1614 882 1797 936 εἴωθεν
1822 884 1935 936 ὀνο-

376 974 568 1045 μάζειν
623 979 651 1029 ὁ
712 976 883 1045 λόγος·
927 976 955 1028 ὃ
1001 976 1063 1047 δὴ
1117 976 1405 1047 παρίστησι
1454 974 1642 1041 λέγων·
1701 975 1931 1042 Ἑτοίμη

377 1071 414 1137 ἠ
442 1068 657 1137 καρδιά
698 1087 838 1137 μου,
875 1072 906 1122 ὀ
946 1069 1107 1135 Θεὸς,
1143 1069 1343 1137 ἑτοίμη
1371 1070 1408 1135 ἡ
1437 1067 1645 1135 καρδιά
1684 1084 1819 1136 μου.
1870 1068 1933 1119 Ἠ

376 1162 474 1230 μὲν
531 1156 623 1213 οὖν
670 1160 776 1231 ὲμὴ
835 1161 1029 1230 καρδία
1085 1161 1177 1213 καὶ
1234 1162 1293 1211 τὸ
1341 1160 1671 1230 διανοητικὸν
1721 1161 1932 1228 ἕτοιμον

376 1251 648 1320 τυγχάνει,
698 1250 847 1320 φησί.
914 1252 984 1303 Σὺ
1034 1251 1089 1303 δὲ
1134 1251 1314 1303 λοιπὸν
1360 1251 1683 1320 κατάπεμπέ
1732 1268 1823 1303 σου
1876 1252 1934 1303 τὸ

375 1342 616 1412 Πνεῦμα.
680 1341 1024 1403 Ἐπιστάντος
1067 1342 1174 1412 γάρ
1206 1342 1367 1396 αὑτοῦ
1422 1343 1512 1395 καὶ
1576 1342 1931 1412 ὲποχουμένου

374 1436 440 1505 τῇ
476 1436 581 1505 ἐμῇ
603 1434 767 1505 ψυχῇ,
802 1433 1043 1504 συνήθως
1063 1434 1280 1501 ᾄσομαι
1304 1435 1399 1487 καὶ
1424 1435 1619 1503 ψαλῶ,
1650 1436 1745 1504 τὴν
1768 1436 1935 1503 ἐμαυ-

373 1522 467 1577 τοῦ
488 1524 755 1578 διακονίαν
779 1525 870 1576 καὶ
910 1524 1204 1595 ὑπηρεσίαν
1232 1524 1477 1594 παρέχων
1504 1528 1569 1594 τῇ
1590 1524 1811 1592 δυνάμει
1840 1524 1932 1575 τοῦ

374 1612 710 1685 προφητικοῦ
737 1612 1065 1683 Πνεύματος.
1081 1614 1188 1667 Καὶ.
1218 1615 1367 1667 ταῦτ’
1386 1613 1572 1676 εἰπὼν,
1596 1613 1933 1684 παραχρῆμά

373 1719 435 1756 τε
496 1704 863 1768 εἰσακουσθεὶς
916 1705 1054 1757 κατὰ
1102 1706 1194 1769 τὸ,
1249 1707 1376 1758 Ἔτι
1421 1704 1756 1771 λαλοῦντός
1817 1723 1930 1759 σου

372 1792 501 1864 ἐρῶ·
552 1796 691 1849 Ἰδοὺ
719 1796 973 1867 πάρειμι,
999 1797 1288 1867 συνήσθετο
1331 1798 1429 1867 τῆς
1468 1796 1559 1849 τοῦ
1586 1798 1736 1865 ἁγίου
1767 1797 1934 1848 Πνεύ-

375 1900 545 1955 ματος
575 1885 890 1954 παρουσίας.
926 1881 1036 1937 Εἶθ’
1088 1885 1271 1954 ὥσπερ
1312 1884 1402 1937 ἐπὶ
1454 1883 1642 1955 θύραις
1682 1883 1930 1946 ἑστῶτος,

2040 706 2184 772 ﬁcat,
2219 705 2472 761 Paratum
2500 700 2593 763 cor
2613 727 2803 773 meum,
2823 711 2982 777 Deus,
3012 726 3259 782 paratum
3284 734 3373 771 cor
3398 736 3587 778 meum.

2040 797 2146 852 Cor
2210 800 2372 869 igitur
2416 817 2614 866 meum,
2649 817 2711 857 ac
2759 803 2841 856 vis
2890 806 3221 876 intelligendi
3258 821 3444 878 parata
3484 824 3587 869 est.

2040 889 2120 942 Tu
2161 906 2289 945 vero
2340 893 2556 947 tandem
2605 896 2791 949 emitte
2827 880 3085 963 Spiritum
3140 906 3315 954 tuum.
3360 899 3587 960 Astante

2039 983 2239 1052 quippe
2272 984 2382 1049 illo,
2404 992 2457 1038 et
2486 985 2679 1039 anima:
2708 1002 2838 1042 meae
2870 989 3154 1052 insidente,
3192 1007 3291 1059 pro
3325 1003 3589 1047 consueto

2038 1091 2189 1129 more
2211 1078 2431 1130 cantabo
2462 1088 2509 1131 et
2549 1080 2810 1147 psalmum
2839 1082 3035 1146 dicam,
3057 1098 3318 1152 opemque
3341 1100 3512 1139 meam
3535 1094 3589 1140 et

2038 1168 2401 1243 ministerium
2456 1171 2643 1223 virtuti
2694 1173 2994 1242 prophetici
3033 1175 3254 1243 Spiritus
3300 1177 3583 1243 przestabo.

2039 1239 2243 1328 Hisque
2276 1261 2457 1321 dictis.
2501 1267 2682 1317 statim
2732 1264 3040 1329 exauditus,
3091 1268 3384 1321 secundum
3432 1268 3583 1333 illud,

2038 1351 2219 1403 Adhuc
2256 1360 2303 1403 te
2343 1352 2601 1422 loquente,
2626 1354 2843 1408 dicam:
2876 1355 3007 1410 Ecce
3047 1355 3312 1419 adsum”,
3352 1355 3588 1426 Spiritus

2039 1442 2211 1493 sancti
2242 1431 2585 1509 praesentiam
2620 1446 3018 1501 animadvertit.
3050 1446 3252 1501 Deinde
3282 1428 3433 1516 quasi
3470 1449 3587 1517 ipso
3643 1471 3653 1482 -

2039 1533 2091 1585 in
2116 1533 2300 1599 januis
2333 1544 2533 1597 stante,
2567 1538 2903 1591 convertitur
2936 1537 3228 1605 Propheta,
3258 1553 3481 1606 seseque
3516 1539 3584 1592 ad
3656 1589 3663 1595 .

2038 1625 2399 1679 ministerium
2436 1626 2729 1694 prophetiae
2757 1629 2957 1681 excitat
2990 1647 3000 1681 :
3038 1644 3207 1697 quare
3255 1628 3532 1698 subiungit
3566 1647 3582 1683 :

2040 1710 2296 1789 @xsurge,
2341 1715 2509 1784 gloria
2555 1733 2688 1770 mea.
2725 1714 2906 1770 Gloria
2955 1733 3072 1769 mea
3119 1727 3201 1772 est
3242 1720 3585 1789 prophetare.

2037 1804 2197 1859 Addit
2230 1815 2435 1875 postea,
2471 1806 2728 1876 Exsurge,
2759 1808 3067 1877 psalterium
3095 1822 3142 1863 et
3167 1812 3373 1864 cithara
3393 1829 3411 1865 :
3437 1814 3587 1882 psal-

2036 1897 2176 1949 terio
2241 1898 2499 1959 animam,
2542 1898 2749 1950 cithara
2804 1912 3001 1966 corpus
3056 1900 3587 1967 subiudicans;sive

372 1978 756 2049 ἐπιστρέφεται
788 1980 816 2030 ὁ
846 1978 1156 2049 Προφήτης,
1174 1977 1264 2029 καὶ
1283 1975 1530 2047 διεγείρει
1558 1977 1719 2038 αὐτὸς
1746 1975 1932 2029 ἑαυτὸν
1969 1965 2008 2025 Β
2040 1988 2110 2040 δε

1845 1975 1932 2029 τδν
1969 1965 2008 2025 Β
2040 1988 2152 2040 haec
2188 1987 2299 2056 ipsa
2323 1989 2483 2042 solita
2509 1988 2867 2041 instrumenta
2902 1965 3151 2043 manibus
3195 1965 3482 2061 arripiens,
3516 1994 3583 2049 ad

370 2068 467 2120 ἐπὶ
515 2067 612 2139 τὴν
666 2067 937 2121 διακονίαν
980 2069 1077 2138 τῆς
1132 2067 1483 2138 προφητείας*
1530 2067 1609 2121 διὸ
1665 2067 1931 2138 ἐπιφέρει·

386 2158 772 2234 Ἐξξεγέρθητι,
804 2158 1017 2234 ἠὶδόξα
1029 2175 1167 2227 μου.
1200 2158 1334 2222 Δόξα
1367 2174 1463 2229 μου
1494 2160 1606 2211 ἐστὶ
1639 2156 1698 2210 τὸ
1727 2174 1937 2228 προφη-

370 2251 571 2305 τεύειν.
604 2248 714 2305 Εἶτ’
739 2250 996 2319 ὲπιλέγει’
1038 2250 1419 2319 Ἐξετέρθητι,
1465 2249 1798 2318 ψαλτήριον
1837 2249 1934 2301 καὶ

371 2342 599 2412 κιθάρα⁸
640 2345 736 2416 τὴν
770 2344 866 2414 μὲν
895 2343 1070 2413 ψυχὴν
1102 2343 1190 2396 διὰ
1240 2342 1331 2395 τοῦ
1384 2342 1701 2413 ψαλτηρίου,
1732 2342 1828 2413 τὴν
1879 2342 1935 2394 δὲ

370 2436 603 2507 κιθάραν
629 2436 717 2490 διὰ
768 2435 860 2489 τοῦ
892 2435 1140 2506 σώματος
1190 2434 1571 2504 αἰνιττόμενος
1609 2434 1641 2504 ἢ
1671 2434 1762 2487 καὶ
1800 2431 1937 2485 αὐτά

371 2528 440 2582 τά
474 2528 676 2598 συνήθη
702 2528 903 2599 ὃργανα
932 2530 1051 2590 ταῖς
1078 2526 1265 2597 χερσὶν
1294 2525 1708 2596 ἀναλαμϐάνων,
1737 2526 1828 2577 ἐπὶ
1858 2523 1935 2594 τῷ

370 2616 806 2689 ἀνακρούσασθαι
824 2617 892 2669 τὰ
917 2618 1019 2669 ὑπὸ
1046 2615 1138 2668 τοῦ
1167 2615 1477 2685 Πνεύματος
1507 2615 1929 2684 ύποὸαλλόμενα.

372 2710 480 2763 Καὶ
503 2709 711 2771 τούτοις
744 2706 1061 2779 προστίθησι
1084 2706 1273 2773 λέγων’
1319 2706 1801 2775 Ἐξεγερθήσομαι
1840 2691 1933 2774 ὄρ-

372 2805 533 2870 θρου.
566 2802 723 2873 ’Ἄρτι
754 2800 861 2871 γάρ
911 2799 1197 2866 φωτισθεὶς
1225 2798 1311 2851 διὰ
1352 2798 1450 2869 τῆς
1476 2798 1570 2851 τοῦ
1619 2797 1931 2867 Πνεύματος

372 2894 693 2963 παρουσίας.
748 2894 803 2944 ὲν
849 2890 1027 2968 ἡμέρᾳ
1080 2908 1140 2942 τε
1192 2890 1335 2943 θείου
1390 2890 1563 2959 φωτὸς
1623 2890 1929 2957 γενόμενος,

370 2984 583 3055 ἕτοιμός
612 2985 725 3055 είμι
749 2970 1127 3055 προφητεύειν.
1161 2984 1268 3035 Καὶ
1292 2981 1441 3035 ταῦτ’
1466 2980 1656 3047 εἰπὼν,
1680 2980 1932 3051 ἀνατίθη-

374 3095 457 3131 σιν
482 3078 600 3130 ὅλον
628 3076 816 3130 ὲαυτὸν
848 3076 924 3146 τῷ
967 3074 1259 3144 Πνεύματι·
1305 3075 1366 3127 τὸ
1395 3074 1450 3127 δὲ
1487 3074 1561 3138 ὡς
1615 3074 1680 3127 δι’
1702 3075 1929 3145 ὀργάνου

370 3169 460 3223 διὰ
490 3169 581 3224 τοῦ
613 3170 887 3241 προφήτου
938 3165 1153 3235 ἀγαθῶν
1204 3166 1552 3235 ἀπαγγέλλει,
1606 3164 1710 3219 ἀνά
1768 3167 1931 3219 πᾶσιν

371 3260 777 3330 εὐαγγελίζεται
818 3261 927 3322 τοῖς
981 3257 1155 3312 ἔθνεσι
1190 3257 1417 3325 φάσκον·
1462 3254 1930 3325 Ἐξομολογήσο-

365 3355 475 3423 μαι
498 3340 597 3407 σοι
632 3354 704 3406 ἐν
743 3352 931 3418 λαοῖς,
984 3352 1177 3419 Κύριε,
1220 3350 1395 3416 ψαλῶ
1449 3366 1545 3404 σοι
1571 3349 1640 3401 ἐν
1668 3348 1925 3403 ἔθνεσιν.

385 3442 601 3514 Ἐπειδὴ
627 3442 734 3513 γάρ
771 3442 864 3494 ἐπὶ
922 3439 1012 3493 τοῦ
1071 3438 1334 3511 παρόντος
1374 3439 1434 3491 τὸ
1493 3438 1753 3491 Ἰουδαίων
1782 3437 1929 3497 έθνος

370 3537 463 3589 καὶ
499 3536 527 3587 ὁ
557 3534 759 3587 τούτων
810 3532 936 3594 λαὸς
954 3532 1078 3594 τοὺς
1103 3531 1227 3593 σοὺς
1252 3529 1461 3582 ἐλαύνει
1495 3532 1796 3599 προφήτας,
1856 3529 1930 3592 ὡς
1957 3585 1960 3589 ,

373 3627 600 3697 μηδενὸς
623 3625 789 3677 τόπου
839 3624 1180 3694 παραχωρεῖν
1226 3622 1422 3684 αὐτοῖς’
1454 3619 1602 3673 ἔσται
1646 3620 1702 3672 δὲ
1742 3621 1930 3691 καιρὸς

370 3717 493 3772 καθ’
521 3718 577 3771 ὃν
610 3717 787 3770 πάντα
814 3714 879 3768 τὰ
906 3716 997 3767 ἐπὶ
1029 3717 1132 3784 γῆς
1161 3712 1286 3784 ἔθνη
1314 3713 1405 3765 καὶ
1438 3712 1635 3774 πάντες
1660 3713 1706 3763 oi
1750 3713 1807 3766 ὲν
1838 3712 1930 3764 άν-

370 3808 608 3882 θρὼποις
637 3808 754 3861 λαοὶ
785 3806 877 3873 τοῦ
914 3805 1006 3858 σοῦ
1053 3805 1199 3857 ἐλέου
1258 3804 1587 3875 μεθέξουσιν,
1622 3802 1696 3865 ὡς
1723 3803 1821 3873 ἐμὲ
1869 3803 1929 3856 τὸ

369 3900 705 3974 προφητικὸν
732 3897 951 3969 Πνεῦμα
976 3898 1183 3959 πάντας
1202 3896 1408 3967 ἀθρόως
1447 3894 1606 3957 λαοὺς
1648 3891 1927 3963 πληρῶσαι

368 3993 547 4066 καιρῷ
576 3993 654 4064 τῷ
705 3991 1094 4062 θεσπιζομένῳ,
1154 3991 1438 4060 γενόμενον
1488 3991 1545 4041 έν
1599 3988 1799 4051 αὐτοῖς,
1836 3989 1928 4040 καὶ

366 4082 864 4156 ἐξομολογήσασθαι
897 4100 977 4136 σοι
997 4084 1089 4135 καὶ
1104 4080 1508 4152 εὐχαριστῆσαι,
1532 4080 1638 4159 ’ὅτε
1663 4079 1755 4132 καὶ
1774 4078 1928 4147 ψαλῶ

368 4191 474 4239 σοι,
507 4174 607 4228 οὐκ
634 4176 692 4229 ὲν
722 4173 801 4244 τῷ
838 4172 1102 4227 Ἰουδαίων
1130 4171 1262 4241 λαῷ,
1286 4170 1398 4223 ἀλλ’
1423 4172 1480 4222 ὲν
1508 4164 1640 4223 πᾶσι
1668 4172 1777 4232 τοῖς
1806 4169 1925 4223 καθ’

365 4266 495 4338 ὅλης
547 4267 644 4337 τῆς
690 4264 1008 4336 οἰκουμένης
1073 4262 1280 4317 ἔθνεσι·
1339 4261 1543 4315 ’τούτου⁸
1582 4262 1739 4333 χάριν
1763 4260 1924 4332 φημῦ

379 4356 914 4427 Ἐξομολογήσομαι
956 4371 1053 4410 σοι
1092 4355 1162 4407 ἐν
1186 4354 1375 4421 λαοῖς,
1409 4355 1603 4422 Κύριε,
1634 4354 1809 4423 ψαλῶ
1832 4370 1929 4408 σοι

363 4450 435 4505 ἐν
462 4451 687 4506 ἔθνεσι.
722 4450 795 4503 Τὸ
820 4450 876 4503 δὲ
902 4447 1093 4501 τούτου
1117 4449 1308 4510 αἴτιον,
1338 4448 1481 4518 λέγω
1538 4447 1596 4501 δὲ
1619 4448 1678 4501 τὸ
1713 4450 1769 4500 ὲν
1794 4449 1926 4500 πᾶσι

362 4542 485 4603 τοῖς.
512 4538 632 4593 καθ’
661 4537 787 4610 ὅλης
811 4538 908 4609 τῆς
932 4537 1251 4609 οἰκουμένης
1298 4537 1443 4601 λαοῖς
1487 4536 1581 4591 καὶ
1616 4538 1767 4609 παρά
1793 4538 1927 4590 πᾶσι

2037 2090 2099 2130 ea
2120 2076 2383 2145 pulsanda
2417 2093 2537 2148 qua:
2571 2076 2803 2147 Spiritus
2850 2082 3193 2149 suggesserit.
3237 2080 3332 2137 His
3375 2083 3580 2153 adjicit,

2037 2166 2335 2239 Exsurgam
2358 2170 2612 2225 diluculo.
2652 2171 2808 2224 Modo
2830 2172 2974 2225 enim
3024 2170 3255 2241 Spiritus
3297 2177 3583 2244 presentia

2034 2258 2392 2320 illuminaths,
2420 2269 2475 2314 et
2503 2261 2556 2313 in
2581 2259 2669 2315 die
2710 2258 2907 2315 divinae
2931 2260 3068 2313 lucis
3096 2262 3326 2329 positus,
3360 2269 3581 2330 paratus

2034 2364 2151 2403 sum
2184 2350 2247 2403 ad
2306 2351 2761 2420 prophetandum.
2797 2350 2999 2421 Hisque
3026 2350 3208 2418 dictis,
3263 2367 3382 2407 sese
3407 2359 3582 2405 totum

2036 2436 2257 2506 Spiritui
2285 2439 2486 2493 addicit
2526 2459 2539 2494 :
2577 2441 2666 2495 ille
2696 2456 2823 2496 vero
2850 2456 2943 2511 per
2986 2440 3308 2510 Prophetam
3352 2456 3450 2496 ceu
3488 2456 3585 2511 per

2032 2529 2477 2593 instrumentum,
2516 2531 2656 2585 bona
2684 2532 2990 2593 annuntiat,
3015 2531 3381 2601 omnibusque
3416 2532 3587 2602 genti-

2032 2619 2133 2673 bus
2164 2621 2499 2690 evangclizat
2532 2621 2721 2676 dicens
2755 2641 2767 2676 :
2799 2608 3097 2690 Con/itabor
3135 2622 3231 2676 tibi
3269 2625 3324 2676 in
3355 2623 3583 2692 populis,

2029 2708 2269 2772 Domine,
2299 2710 2525 2777 psallam
2553 2710 2644 2763 tibi
2674 2712 2725 2763 in
2750 2710 3008 2779 gentibus.
3041 2711 3176 2775 Quia
3207 2712 3349 2765 enim
3376 2714 3587 2782 inprae-

2030 2800 2169 2855 senti
2201 2798 2424 2854 Iudaica
2455 2816 2588 2871 gens
2617 2809 2669 2855 et
2689 2800 2922 2870 populus
2949 2800 3240 2869 prophetas
3266 2802 3412 2871 pellit
3435 2810 3581 2867 tuos,
3622 2848 3623 2851 η

2029 2900 2089 2944 ιιι
2152 2891 2334 2946 nullus
2386 2892 2453 2945 iis
2499 2892 2651 2946 locus
2695 2891 2922 2962 perfugii
2975 2892 3582 2963 relinquatur;eritque

2030 2989 2239 3052 tempus
2268 2998 2377 3054 quo
2408 2999 2596 3039 omnes
2627 2985 2892 3039 universae
2910 2992 3065 3040 teme
3093 2993 3281 3055 gentes
3306 2993 3360 3039 et
3391 3001 3581 3041 omnes

2029 3075 2086 3129 in
2130 3076 2441 3131 hominibus
2471 3076 2677 3145 populi,
2706 3076 3093 3132 misericordiae
3136 3084 3242 3132 tuae
3290 3078 3582 3146 participes

2027 3176 2209 3232 erunt,
2245 3168 2319 3222 ita
2351 3176 2409 3222 ut
2436 3184 2535 3239 ego
2564 3169 2911 3239 propheticus
2958 3169 3183 3239 spiritus
3225 3177 3582 3237 praenuntiata

2032 3246 2272 3330 tempore
2296 3272 2485 3315 omnes
2520 3275 2624 3313 una
2648 3262 2877 3330 populos
2907 3261 3095 3317 adiens
3128 3261 3384 3331 repleam,
3412 3261 3584 3316 conli-

2032 3358 2255 3420 tcarque
2282 3366 2347 3406 ac
2381 3352 2583 3421 gratias
2613 3352 2919 3420 agamtibi.
2951 3352 3169 3421 quando
3202 3352 3427 3422 psallam
3462 3352 3581 3418 tibi,

2030 3456 2140 3494 non
2162 3442 2215 3494 in
2240 3442 2437 3510 populo
2459 3439 2709 3505 Judaico,
2748 3441 2841 3495 sed
2870 3443 2923 3495 in
2953 3442 3206 3496 omnibus
3237 3459 3331 3512 per
3362 3444 3583 3499 univer-

2030 3548 2149 3589 sum
2187 3534 2373 3587 orbem
2417 3533 2702 3603 gentibus;
2730 3531 2850 3586 ideo
2873 3533 3018 3597 dico,
3067 3533 3365 3603 Conﬁtebar
3390 3535 3484 3589 tibi
3523 3537 3581 3590 in

2028 3626 2255 3696 populis,
2288 3623 2525 3688 Domine,
2555 3623 2781 3692 psallam
2808 3622 2902 3676 tibi
2934 3625 2987 3677 in
3020 3624 3581 3696 gentibus.Hujusque

2028 3719 2107 3774 rei
2142 3733 2365 3773 causam
2398 3732 2519 3772 esse
2549 3717 2691 3779 dico,
2726 3715 2867 3785 quod
2923 3716 2977 3771 in
3010 3716 3259 3772 omnibus
3282 3731 3377 3786 per
3394 3717 3579 3773 orbem

2027 3808 2243 3877 populis
2274 3816 2327 3862 et
2363 3806 2502 3876 apud
2538 3821 2728 3862 omnes
2757 3814 2947 3876 gentes
2981 3807 3330 3877 propheticus
3352 3808 3578 3878 spiritus

2028 3907 2294 3954 versetur.
2329 3898 2682 3969 Propheticos
2726 3906 2905 3953 autem
2939 3899 3067 3953 olim
3099 3900 3339 3970 prolatos
3368 3915 3577 3956 sermo-

2026 4008 2125 4047 nes
2170 4006 2333 4060 opere
2383 3992 2733 4060 complendos
2762 4006 2880 4046 esse
2921 3999 3042 4061 post
3074 3992 3312 4047 declarat
3341 3993 3526 4049 dicens
3558 4013 3573 4050 :

2028 4085 2289 4151 Quoniam
2325 4082 2663 4152 magniﬁcata
2695 4092 2956 4154 estusque
2979 4084 3046 4138 ad
3086 4083 3238 4140 caelos
3278 4089 3578 4143 misericor-

2026 4175 2118 4229 dia
2146 4184 2256 4239 tua,
2281 4184 2504 4245 etusque
2526 4174 2594 4228 ad
2622 4176 2780 4230 nubes
2807 4180 2995 4232 veritas
3020 4186 3128 4231 tua.
3160 4175 3291 4231 Nam
3320 4180 3464 4247 quod
3489 4179 3577 4233 in-

2027 4266 2287 4322 credibile
2330 4266 2611 4332 videatur,
2656 4269 2895 4324 coelestia
2944 4267 3314 4325 misericordia
3354 4269 3574 4339 dignata

2029 4357 2196 4413 fuisse
2218 4355 2364 4422 dixi;
2391 4364 2631 4421 terrena,
2658 4359 2900 4413 veritate.
2934 4357 3045 4413 Etsi
3076 4359 3217 4412 enim
3254 4373 3317 4412 ea
3347 4374 3573 4428 praeser-

2027 4451 2147 4515 tim,
2183 4465 2303 4521 qua:
2337 4450 2394 4504 in
2424 4451 2563 4505 coelo
2585 4458 2733 4515 sunt,
2768 4457 2993 4520 purgata
3018 4447 3326 4513 videantur,
3363 4450 3573 4519 omnia-

2027 4559 2133 4613 que
2157 4542 2414 4612 perfecta,
2442 4550 2495 4600 et
2519 4541 2586 4607 ad
2622 4528 2839 4595 virtutis
2856 4554 3125 4595 summum
3144 4555 3466 4611 progressa;
3496 4552 3574 4596 at-

364 4636 479 4696 τοῖς
498 4632 703 4686 ἔθνεσιν
736 4630 1179 4697 ἐμπολιτεύεσθαι
1207 4630 1268 4683 τὸ
1303 4629 1635 4702 προφητικὸν
1689 4627 1919 4699 πνεῦμα.
1953 4652 1997 4708 D
2029 4640 2102 4686 tat

1834 4644 1919 4699 μα.
1953 4652 1997 4708 D
2029 4640 2207 4688 tamen
2238 4633 2355 4702 ipsa
2388 4648 2483 4703 per
2512 4629 2937 4688 misericordiam
2965 4636 3113 4683 tuam
3148 4630 3243 4684 tali
3286 4634 3341 4695 in
3381 4632 3572 4691 condi-

365 4722 477 4779 Καὶ
502 4724 628 4787 τοὺς
668 4722 834 4777 πάλαι
875 4721 1320 4793 ἀναφωνηθέντας
1345 4722 1713 4793 προφητικοὺς
1736 4719 1924 4787 λόγους

365 4815 446 4878 είς
466 4813 601 4885 ἔργα
628 4814 895 4885 χωρήσειν
923 4812 1048 4878 ἑξῆς
1086 4812 1337 4881 διασαφεῖ
1380 4812 1607 4880 φάσκονο
1640 4810 1767 4861 Ὀτι
1794 4808 1924 4876 ἐμε-

351 4908 631 4976 ⁸ἰἀ-ὶύνθη
683 4906 792 4971 ἕως
838 4904 955 4959 τῶν
990 4905 1258 4974 οὐρανῶν
1310 4902 1375 4956 τὸ
1431 4902 1602 4968 ἔλεός
1647 4917 1781 4967 σου,
1825 4900 1921 4954 καὶ

362 4996 476 5063 ἕως
512 4996 630 5051 τῶν
652 4996 924 5067 νεφελῶν
954 4998 992 5065 ἡ
1037 4994 1284 5062 ἀλήθειά
1320 5010 1457 5050 σου.
1507 4993 1579 5046 Τὸ
1615 4991 1720 5063 γὰρ
1746 4991 1923 5063 παρά-

360 5087 514 5155 ὼξον
579 5088 721 5141 τοῦτ’
764 5085 851 5160 ἦν,
895 5090 977 5142 ὅτι
1031 5088 1099 5141 τὰ
1151 5087 1249 5157 μὲν
1276 5086 1499 5157 οὐράνια
1550 5084 1731 5146 ἐλέους
1780 5084 1922 5155 φημὶ

364 5181 664 5251 ἀξιοῦσθαι,
688 5181 756 5235 τά
786 5183 840 5235 δὲ
862 5182 1073 5251 ἐπίγεια
1121 5181 1220 5251 τῆς
1251 5178 1523 5251 ἀληθείας.
1559 5177 1621 5230 Ei
1662 5176 1769 5248 γὰρ
1826 5177 1921 5229 καὶ

362 5275 432 5329 τὰ
473 5273 704 5345 μάλιστα
767 5275 913 5328 δοκεί
984 5274 1052 5327 τὰ
1117 5275 1174 5327 ὲν
1230 5274 1475 5344 οὐρανοῖς
1538 5268 1919 5340 κεκαθαρμένα

362 5365 669 5437 τυγχάνειν,
719 5364 815 5418 καὶ
851 5363 1025 5418 πάντα
1062 5364 1242 5417 τέλεια
1276 5365 1369 5418 καὶ
1410 5365 1488 5427 είς
1529 5363 1692 5433 ἀκρον
1719 5360 1919 5432 ἀρετῆς

363 5458 681 5530 ὲληλακότα·
716 5458 865 5528 ὅμως
886 5456 930 5509 δ’
960 5451 1050 5509 οὖν
1092 5458 1185 5510 καὶ
1210 5456 1350 5510 αὐτὰ
1382 5457 1471 5510 διά
1527 5455 1617 5508 τὸν
1657 5453 1746 5507 σὸν
1773 5448 1919 5507 ἔλεον

363 5550 585 5606 τοιαῦτα
619 5548 746 5603 ὄντα
799 5545 1147 5615 καθέστηκεν.
1178 5547 1250 5600 Οὐ
1300 5547 1408 5619 γὰρ
1456 5546 1517 5612 ἐξ
1564 5544 1761 5610 αὐτῶν,
1795 5545 1917 5621 οὐδὲ

360 5645 493 5717 παρ’
528 5640 733 5697 ἑαυτῶν
773 5642 872 5711 τῆς
920 5626 1172 5709 τοιαύτης
1230 5638 1444 5711 μετέχει
1496 5640 1913 5711 μακαριότητος,

336 5734 499 5792 sua
526 5734 677 5806 παρά
704 5729 821 5787 σοῦ
848 5728 941 5785 τοῦ
992 5729 1207 5784 πάντων
1268 5729 1485 5798 ἀγαθῶν
1543 5729 1795 5803 χορηγοῦ.
1845 5731 1916 5787 ’Ἡ

432 5914 479 5948 ⁵⁸
516 5914 618 5972 ιιι.
659 5929 821 5981 tvm,
855 5914 909 5971 9.

2028 4726 2173 4779 tione
2204 4727 2378 4795 posita
2417 4733 2563 4781 sunt.
2585 4720 2770 4791 Neque
2792 4721 2934 4775 enim
2966 4736 3032 4779 ex
3062 4736 3121 4777 se
3156 4729 3211 4777 et
3245 4738 3345 4778 sua
3378 4724 3430 4781 vi
3477 4726 3571 4780 tali

2008 4814 2260 4885 gaudent
2289 4814 2561 4879 felicitate,
2589 4811 2680 4867 sed
2699 4813 2795 4866 abs
2817 4819 2870 4867 te
2897 4813 3136 4867 omnium
3160 4812 3422 4869 bonorum
3441 4808 3597 4869 sub;
3625 4846 3630 4851 -

2025 4907 2409 4962 ministratore.
2446 4902 2569 4959 Sive
2599 4904 2703 4958 alio
2737 4904 2916 4969 modo,
2940 4903 3202 4971 Quoniam
3230 4908 3569 4976 magniﬁcam

2022 5008 2281 5066 estusque
2311 4995 2378 5049 ad
2408 4995 2559 5051 caelos
2593 4996 2953 5051 misericordia
2982 5004 3092 5059 tua,
3118 4995 3283 5051 eﬂ‘usa
3312 4997 3365 5050 in
3396 4996 3570 5050 homi-
3654 5044 3657 5047 .

2022 5105 2119 5145 nes
2154 5102 2362 5142 omnes.
2400 5085 2571 5151 Quam
2595 5087 2721 5141 item
2753 5086 3002 5157 superius
3036 5087 3254 5141 missam
3278 5101 3399 5140 esse
3422 5086 3570 5141 dice-

2022 5180 2180 5234 batur
2212 5178 2296 5233 his
2323 5178 2523 5242 verbis,
2552 5177 2701 5233 Misit
2729 5178 2867 5233 Deus
2900 5177 3312 5233 misericordiam
3343 5193 3491 5231 suam
3516 5190 3567 5233 et

2021 5271 2287 5324 ceritatem
2320 5284 2490 5321 suam.
2523 5267 2696 5324 Tanta
2723 5270 2867 5323 enim
2920 5268 2977 5323 in
3010 5267 3318 5321 hominibus
3353 5267 3569 5321 miseri.

2021 5362 2205 5419 cordia
2236 5360 2324 5414 illa
2356 5362 2521 5416 missa
2558 5361 2749 5425 edidit,
2784 5368 2842 5416 ut
2872 5362 2927 5415 in
2957 5359 3207 5421 omnibus
3229 5358 3442 5427 populis
3465 5374 3568 5429 ego

2022 5452 2258 5524 Spiritus
2280 5458 2506 5506 sanctus
2525 5450 2796 5530 [conﬁtear
2828 5451 2947 5513 tibi,
2976 5458 3029 5504 et
3067 5448 3120 5502 in
3150 5447 3403 5502 omnibus
3428 5462 3563 5517 gen-

2019 5550 2163 5603 tibus
2192 5546 2417 5617 psallam
2446 5545 2542 5601 tibi
2572 5562 2589 5599 :
2614 5544 2759 5600 unde
2783 5544 2980 5599 factum
3014 5549 3073 5596 ut
3096 5541 3437 5611 magniﬁcam
3474 5540 3565 5595 illa

2008 5640 2090 5703 sit
2123 5651 2294 5709 usque
2327 5635 2397 5691 ad
2435 5636 2638 5701 oculos;
2663 5634 2788 5705 quia
2820 5646 2990 5703 usque
3012 5630 3081 5685 ad
3105 5630 3273 5684 caelos
3300 5626 3566 5699 pertraxit

2018 5731 2265 5789 homines
2291 5733 2382 5801 qui
2407 5726 2779 5801 proficiebant;
2802 5725 2876 5780 ita
2895 5731 2953 5779 ut
2976 5723 3108 5797 ipsis
3131 5721 3281 5795 regni
3301 5720 3567 5778 calorum
