4402 6408
845 501 957 563 διε

1511 503 1780 562 EUSEBII
1820 501 2295 558 ausumausus
2336 502 2484 558 opp.
2539 503 2719 560 mas
2759 481 2844 559 ιιι.
2874 536 2943 547 -
2974 505 3380 564 EXEGETICA.

3960 511 4066 568 διο

841 623 1135 696 promissio
1186 623 1330 678 data
1364 624 1454 679 sit.
1491 623 1597 678 Sed
1639 625 1828 687 etiam,
1868 625 2064 694 inquit,
2110 639 2282 693 usque
2335 623 2400 677 ad
2432 630 2472 685 Α
2503 624 2579 678 ἄλ]

2335 623 2400 677 ad
2432 630 2472 685 Α
2503 624 2697 688 ἄλλως,
2731 626 2868 706 Ὅτι.
2921 626 3291 695 spei-aliian
3348 627 3459 695 ἓως
3511 645 3629 683 των
3683 627 3955 699 οὐρανῶν
3999 630 4067 685 τὸ

841 714 1014 768 nubes
1046 715 1244 769 veritas
1277 713 1599 770 tua.‘Nubes
1634 727 1832 781 autem,
1873 716 2068 769 divina:
2115 714 2409 770 Providen-

838 809 926 859 tlte
943 804 1201 859 voluntati
1219 821 1436 876 operam
1454 807 1859 875 dantes,pluvia:
1877 805 2194 859 inserviunt.
2219 803 2297 859 Eo
2318 820 2408 858 au-

837 904 942 951 tem
961 900 1417 970 commonst/ratur
1441 898 1582 952 Deus
1606 898 1910 952 hominibus
1929 897 2230 968 providere,
2265 899 2405 968 quod

838 987 1195 1056 dispensatio,
1235 975 1288 1043 et
1319 990 1519 1043 veritas
1571 989 1921 1058 inspectionis
1969 991 2087 1059 ejus
2129 1008 2300 1061 usque
2342 994 2406 1046 ad

838 1079 1061 1156 nubium
1108 1079 1464 1133 ministerium
1501 1081 1786 1148 pertingat.
1827 1081 1973 1135 Alias
2003 1098 2238 1152 quoque,
2283 1100 2406 1155 per-

841 1170 1008 1224 fectas
1040 1172 1092 1224 in
1137 1171 1450 1235 hominibus
1505 1173 1740 1233 animas,
1791 1174 2138 1242 prapheticas
2174 1176 2403 1253 scilicet,

840 1277 959 1330 quae
985 1261 1078 1315 Dei
1113 1262 1414 1314 doctrinam
1448 1277 1544 1316 ceu
1595 1264 1828 1332 pluviam
1871 1265 2156 1333 egentibus
2192 1267 2401 1320 anima-

841 1353 942 1408 bus
990 1354 1434 1414 subministrant,
1473 1355 1642 1408 nubes
1692 1357 1828 1408 solet
1889 1355 2174 1426 Scriptura
2215 1360 2400 1428 appel-

789 1447 794 1452 ’
840 1447 972 1501 lare.
1042 1445 1176 1498 Cum
1228 1459 1356 1514 ergo
1399 1445 1566 1498 Isaias
1624 1446 1882 1514 propheta
1954 1449 2260 1501 vastitatem
2304 1449 2400 1503 Ju-

840 1535 996 1589 daico
1044 1536 1240 1603 populo
1275 1536 1604 1595 minabatur,
1640 1535 1804 1593 Deum
1860 1537 1930 1589 ita
1977 1531 2282 1606 loquentem
2317 1541 2400 1592 in-

840 1627 1026 1680 duxit.
1070 1627 1344 1679 Destruam
1372 1643 1540 1695 sepem
1566 1628 1700 1695 ejus,
1736 1639 1784 1681 et
1813 1631 1911 1681 erit
1935 1631 1988 1682 in
2022 1630 2395 1697 direptionem;

839 1726 889 1770 et
917 1718 1183 1769 destruant
1223 1733 1428 1769 murum
1461 1718 1596 1785 ejus,
1623 1727 1671 1770 et
1703 1721 1800 1770 erit
1835 1720 1886 1771 in
1926 1720 2393 1774 conculcationens.

2510 716 2682 780 ἔλεός
2718 729 2854 778 σου,
2876 715 2934 768 τὸ
2961 716 3119 785 χυθὲν
3148 708 3226 780 είς
3285 718 3491 781 πάντας
3515 715 3850 792 ἀνθρώπους.
3896 722 3964 774 ’0
4002 720 4066 793 δὴ

2510 803 2602 856 καὶ
2626 805 2880 876 ἀνωτέρω
2902 806 3232 860 ἀπεστάλθαί
3258 807 3472 876 ἐλέγετο
3491 809 3545 860 ἐν
3569 809 3664 879 τῷ,
3712 809 4070 873 Ἐξαπέστει-

2506 898 2616 947 λεν
2639 897 2672 948 ό
2701 896 2844 960 Θεὸς
2874 895 2939 948 τὸ
2965 896 3137 962 ἕλεος
3167 896 3352 950 αὑτοῦ
3383 896 3483 950 καί
3515 897 3629 964 τὴν
3651 897 3936 962 ἀλήθειαν
3963 900 4069 952 αὑ-

2508 985 2632 1040 τοῦ.
2665 985 2898 1038 Τοιαῦτα
2929 986 3036 1056 γὰρ
3065 987 3122 1038 ἐν
3163 986 3470 1057 ἀνθρώποις
3492 987 3821 1058 κατώρθωσε
3848 989 3908 1041 τὸ
3937 990 4071 1043 ἀπο-

2508 1077 2694 1129 σταλέν
2715 1077 2878 1141 ἔλεος,
2907 1077 2981 1140 ῶς
3008 1079 3064 1129 ἐν
3122 1081 3252 1131 πᾶσι
3284 1081 3397 1141 τοῖς
3443 1079 3589 1142 λαοῖς
3639 1081 3737 1148 ἐμὲ
3768 1080 3827 1133 τὸ
3852 1079 4073 1150 Πνεῦμα

2505 1167 2564 1221 τὸ
2603 1169 2754 1235 ἅγιον
2777 1167 3267 1240 ἐξομολογήσασθαι
3289 1186 3390 1235 σοι,
3406 1172 3498 1224 καὶ
3524 1173 3580 1224 ἐν
3605 1143 3737 1224 πάσι
3763 1175 3875 1234 τοῖς
3896 1143 4094 1225 ἔθνεσιι

2503 1258 2668 1326 ψάλαι
2691 1275 2791 1312 σοι·
2829 1260 2948 1312 ὅθεν
2976 1260 3314 1332 ἐμεγαλύνθη
3365 1262 3468 1324 ἕως
3501 1262 3607 1316 τῶν
3653 1263 3914 1333 οὐρανῶν·
3950 1262 4072 1317 ἐπεὶ

2507 1350 2664 1424 μέχρι
2697 1349 2802 1403 τῶν
2829 1351 3071 1423 οὐρανῶν
3102 1353 3227 1415 τοὺς
3260 1355 3316 1406 ἐν
3341 1352 3645 1426 ἀνθρώποις
3695 1355 4070 1427 προκόψαντας

2503 1442 2764 1505 εἵλκυσεν,
2792 1443 2868 1506 ὡς
2893 1444 2985 1496 κα)⁸
3040 1444 3368 1512 ἐπαγγελίαν
3415 1447 3595 1509 αὐτοῖς
3651 1445 3891 1499 δεδόσθαι
3920 1446 4071 1518 βασι-

2501 1535 2646 1598 λείας
2685 1534 2947 1606 οὐρανῶν.
2985 1535 3146 1587 Ἀλλὰ
3168 1535 3260 1587 καὶ
3283 1536 3385 1598 ἕως
3420 1536 3525 1588 τῶν
3553 1537 3809 1606 νεφελῶν,
3836 1538 4070 1609 (patrimi;
4181 1551 4185 1556 ‘

2498 1623 2724 1693 ἀλήθειά
2743 1639 2854 1677 σου.
2875 1623 3111 1690 Νεφέλαι
3127 1622 3182 1674 δέ
3201 1625 3524 1694 ὑπηρετικαὶ
3539 1623 3894 1693 τυγχάνουσιν
3911 1622 4070 1694 ὑετῷ,

2497 1713 2573 1784 τῷ
2588 1715 2684 1784 τῆς
2701 1714 2846 1777 θείας
2872 1713 3129 1784 Προνοίας
3158 1714 3454 1786 βουλήματι
3469 1716 3897 1786 διακονούμεναι.
3917 1714 4073 1770 Οῦτω

839 1804 908 1858 Et
935 1807 1200 1860 dimittam
1224 1809 1425 1860 vineam
1463 1825 1651 1871 meam,
1688 1819 1736 1862 et
1771 1827 1871 1862 non
1910 1810 2202 1878 putabitur,
2237 1828 2398 1880 neque
2495 1806 2577 1858 δὶί

2336 1828 2398 1865 κε
2495 1806 2552 1858 δὲ
2574 1806 2902 1875 παρίστησιν
2923 1807 3115 1874 ὀλόγος
3145 1811 3391 1878 προνοεῖν
3413 1808 3708 1878 ἀνθρώπων
3723 1808 3812 1860 τὸν
3833 1808 3983 1873 Θεὸν,
4009 1809 4072 1863 ἐκ

838 1899 1097 1967 fodietur:
1130 1908 1179 1952 et
1227 1899 1467 1952 ascendet
1512 1901 1567 1952 in
1602 1901 1714 1964 ipsa
1753 1901 1906 1968 quasi
1951 1901 2176 1973 inculta,
2218 1903 2392 1970 spina.

2496 1895 2586 1948 τοῦ
2609 1895 2767 1966 μέχρι
2779 1896 2885 1949 τῶν
2903 1895 3136 1964 νεφελῶν
3150 1898 3476 1952 ἐκτείνεσθαι
3497 1899 3660 1952 αὐτοῦ
3675 1899 3770 1969 τὴν
3789 1899 4070 1971 διοίκησιν,

840 1989 906 2045 Et
936 1991 1157 2044 nubibus
1189 1990 1450 2043 mandabo
1492 2006 1553 2042 ne
1574 1991 1759 2056 pluant
1783 2006 1934 2057 super
1963 2007 2079 2043 eam
2101 1992 2314 2046 imbrem
2331 1994 2394 2049 δ’.
2433 1983 2474 2040 Β
2504 1990 2578 2041 κα

2333 1994 2394 2049 δι,
2433 1983 2474 2040 Β
2504 1990 2596 2041 καὶ
2621 1988 2718 2060 τὴν
2750 1989 3005 2059 ἀλήθειαν
3054 1989 3154 2059 τῆς
3206 1991 3511 2061 ἐπισκοπῆς
3567 1990 3730 2045 αὐτοῦ
3776 1992 3934 2063 μέχρι
3972 1991 4071 2062 τῆς

839 2080 1021 2135 Palam
1050 2083 1200 2136 hisce
1233 2081 1416 2134 verbis
1453 2079 1623 2132 divini
1656 2081 1934 2148 prophetae
1980 2081 2151 2135 nubes
2201 2098 2400 2136 vocan-

838 2182 969 2227 tur:
1007 2174 1122 2241 qui,
1163 2173 1359 2240 spiritu
1391 2171 1604 2226 ccelesti
1638 2171 1843 2241 repleti,
1893 2172 2178 2227 animabus
2230 2174 2402 2226 homi-

836 2279 965 2320 num
999 2265 1353 2318 rationabiles
1384 2264 1594 2332 pluvias
1639 2264 2080 2333 suppeditabant.
2131 2265 2398 2331 Quoniam

836 2357 1001 2432 igitur
1038 2355 1240 2409 veritas
1271 2353 1362 2408 Dei
1397 2363 1451 2408 et
1483 2352 1859 2408 misericordia
1909 2355 2050 2423 ejus,
2101 2354 2167 2411 de
2198 2358 2399 2427 quibus

837 2447 1002 2517 paulo
1034 2455 1158 2501 ante
1186 2445 1422 2510 dicebat,
1452 2445 1602 2499 Misit
1630 2445 1770 2500 Deus
1806 2447 2221 2500 misericordiam
2246 2464 2399 2502 suam

832 2547 886 2591 et
917 2537 1186 2591 veritatem
1210 2553 1385 2597 suam,
1424 2547 1471 2590 et
1498 2539 1692 2604 eripuit
1727 2539 1962 2590 animam
1997 2545 2164 2590 meam
2202 2538 2263 2592 de
2287 2520 2398 2594 me:

835 2629 925 2682 dio
954 2619 1251 2681 catulorum
1283 2629 1513 2693 leonum,
1554 2629 1682 2684 olim
1713 2630 1930 2699 quidem
1972 2632 2208 2683 animam
2245 2630 2401 2683 Davi-

837 2717 924 2771 dis
963 2699 1192 2786 eripui't,
1245 2718 1600 2787 futurumque
1634 2731 1752 2774 erat
1801 2728 1858 2772 ut
1918 2727 2105 2789 postea
2155 2721 2399 2775 visitaret

834 2824 1039 2864 omnes.
1061 2818 1284 2880 gentes;
1318 2811 1441 2880 iure
1475 2810 1716 2880 Spiritus
1766 2821 1995 2866 sanctus
2027 2813 2119 2881 qui
2151 2812 2270 2868 haec
2303 2828 2399 2866 an-

836 2903 1072 2967 nuntiat,
1132 2909 1185 2956 et
1229 2903 1304 2956 ait
1361 2902 1476 2956 fore
1511 2910 1567 2956 ut
1603 2905 1656 2956 in
1691 2905 1907 2972 populis
1951 2903 2303 2969 conﬁteatur,
2347 2908 2402 2958 et

837 2997 1031 3066 psallat
1068 2994 1174 3050 Deo
1225 2995 1278 3049 in
1335 2996 1589 3049 omnibus
1635 2997 1921 3064 gentibus;
1958 2995 2124 3063 hujus
2151 2996 2232 3050 rei
2266 3010 2400 3048 cau-

832 3103 951 3142 sam
985 3089 1210 3157 apponit
1260 3087 1481 3140 dicens:
1532 3085 1795 3151 Quoniam
1831 3087 2176 3156 magniﬁcam
2206 3095 2281 3138 est
2313 3101 2404 3139 us-

836 3192 933 3247 que
961 3176 1027 3229 ad
1075 3175 1229 3229 ctelos
1259 3173 1625 3228 misericordia
1672 3183 1784 3238 tua,
1815 3181 1869 3228 et
1916 3185 2134 3228 caetera.
2196 3173 2403 3239 Dcinde

839 3267 924 3322 his
950 3284 1050 3322 ceu
1085 3268 1322 3336 sigillum
1355 3266 1541 3335 adjicit
1571 3267 1657 3321 his
1689 3266 1870 3322 verbis
1896 3285 1908 3321 :
1959 3267 2216 3320 Exaltare
2248 3281 2403 3336 super

2499 2079 2605 2130 τῶν
2638 2079 2878 2149 νεφελῶν
2910 2080 3212 2150 ὑπηρεσίας
3255 2081 3494 2150 φθάνειν.
3531 2081 3640 2134 Kal.
3673 2079 3847 2145 ἄλλως
3880 2081 3936 2133 δὲ
3976 2079 4074 2144 τὰς

2501 2172 2557 2222 ἐν
2581 2169 2884 2242 ἀνθρώποις
2917 2170 3127 2233 τελείας
3157 2171 3353 2241 ψυχὰς,
3390 2173 3486 2232 τὰς
3519 2173 3860 2242 προφητικὰς
3888 2172 4075 2241 ὥσπερ

2502 2259 2688 2322 ὑετοὺς
2741 2259 2839 2320 τὰς
2898 2262 2961 2312 ἐκ
3007 2260 3142 2313 Θεοῦ
3185 2261 3530 2324 διδασκαλίας
3577 2263 3915 2333 χορηγούσας
3955 2267 4075 2326 ταῖς

2499 2349 2702 2402 τούτων
2733 2350 2998 2421 δεομένων
3029 2351 3245 2420 ψυχαῖς,
3291 2353 3514 2420 νεφέλας
3546 2353 3734 2406 εἴωθεν
3787 2351 4074 2424 ὀνομάζειν

2500 2443 2530 2510 ὴ
2570 2441 2777 2513 Γραφή.
2807 2443 2933 2496 Ὅτε
2967 2441 3096 2510 γοῦν
3123 2443 3333 2512 ἠπείλει
3360 2443 3438 2515 τῷ
3482 2446 3748 2498 Ἰουδαίων
3778 2445 3917 2498 ἓθνει
3940 2448 4070 2517 ἐρηο

2503 2531 2628 2602 μίαν
2656 2534 2683 2585 ό
2718 2535 2999 2604 προφήτης
3041 2534 3286 2598 Ἡσαΐας,
3313 2535 3568 2595 τὸν,Θεδν
3602 2535 3788 2606 εἰσῆγε
3816 2536 4071 2604 λέγονταο

2501 2621 2740 2676 Καθελῶ
2790 2624 2896 2676 τὸν
2934 2625 3206 2694 φραγμὸν
3238 2626 3443 2690 αὐτοῦ,
3477 2626 3570 2679 καὶ
3603 2627 3773 2680 ἔσται
3798 2629 3886 2692 εἰς
3913 2626 4076 2695 διαρ-

2500 2716 2726 2784 παγήν·
2766 2715 2862 2768 καί
2907 2716 3138 2771 καθελῶ
3170 2718 3278 2771 τὸν
3309 2719 3510 2788 τοῖχον
3534 2719 3740 2783 αὑτοῦ,
3774 2719 3871 2773 καὶ
3905 2719 4078 2774 ἔσται

2498 2809 2585 2872 εις
2629 2807 3044 2878 καταπὰτημα.
3077 2809 3186 2863 Καὶ
3217 2809 3422 2876 ἀνήσω
3446 2810 3553 2864 τὸν
3579 2809 3901 2878 ἀμπελῶνά
3933 2828 4073 2879 μου,

2501 2895 2598 2949 καὶ
2629 2898 2701 2950 οὐ
2725 2897 2814 2966 μὴ
2849 2896 3064 2966 τμηθῇ,
3093 2897 3235 2952 οὐδὲ
3266 2900 3351 2968 μὴ
3382 2898 3589 2968 σκαφῇ
3609 2917 3623 2931 ο
3655 2900 3752 2953 καί
3783 2901 4076 2966 ἀναϐήσεσ-

2499 3003 2594 3039 ται
2636 2989 2722 3052 εἰς
2768 2987 2954 3040 αὐτὸν
3012 2989 3156 3042 ὠσεί
3214 2989 3436 3058 χέρσον
3489 2991 3735 3044 ἄκανθα.
3792 2990 3901 3044 Kal
3949 2989 4078 3055 ταῖς

2499 3074 2782 3142 νεφέλαις
2838 3076 3192 3146 ἐντελοῦμαι
3245 3079 3351 3133 τοῦ
3402 3080 3486 3149 μὴ
3528 3080 3741 3148 βρέξαι
3769 3080 3860 3134 ἐπ’
3893 3082 4078 3139 αὑτὸν

2501 3164 2696 3219 ὑετόν.
2734 3166 3027 3238 ’Δντικρυς
3057 3167 3146 3221 διὰ
3191 3168 3395 3222 τούτων
3418 3169 3526 3222 τῶν
3561 3169 3719 3222 θείων
3760 3167 4073 3239 προφητῶν,

2503 3256 2738 3325 νεφελῶν
2771 3257 3192 3330 ὠνομασμένων,
3217 3261 3267 3312 οἰ
3304 3261 3612 3331 πνεύματος
3649 3262 3899 3332 οὐρανίου
3938 3259 4076 3334 πλη-

837 3359 1016 3421 οιείοε,
1070 3357 1230 3425 Deus,
1276 3366 1323 3412 et
1368 3375 1520 3427 super
1571 3375 1775 3413 omnem
1817 3367 2015 3413 terram
2065 3359 2238 3430 gloria
2282 3370 2392 3426 tua,
2424 3341 2466 3398 ε
2502 3365 2575 3419 ροι

2333 3378 2392 3426 ια,
2424 3341 2466 3398 C
2502 3347 2750 3419 ρούμενοι
2778 3349 3026 3418 λογικοὺς
3050 3350 3236 3416 ὑετοὺς
3261 3355 3379 3417 ταῖς
3406 3353 3518 3430 τῶν
3541 3351 3840 3424 ἀνθρώπιον
3873 3353 4071 3424 ἐχορή-

837 3451 1084 3505 cumdem
1142 3451 1210 3505 de
1271 3451 1380 3505 Deo
1437 3468 1743 3506 sermonem
1818 3452 2060 3508 secundo
2125 3461 2393 3523 repetens.

838 3539 979 3604 Tibi,
1017 3543 1212 3613 inquit,
1262 3545 1519 3598 convenit
1556 3545 1808 3610 exaltari,
1853 3547 2071 3600 tametsi
2111 3546 2394 3599 hominum

836 3649 1003 3687 causa
1063 3641 1114 3688 te
1178 3642 1379 3688 nostra:
1423 3633 1711 3702 abjectioni
1766 3645 2113 3704 attemperas,
2171 3637 2397 3705 populos

839 3739 1002 3796 atque
1057 3736 1244 3796 gentes
1271 3727 1444 3795 gratia
1495 3733 1586 3779 tua
1621 3742 1844 3781 vocans.
1889 3724 2090 3781 Verum
2138 3731 2394 3789 exaltare,

840 3818 1095 3871 thronum
1153 3825 1334 3886 repete
1373 3826 1546 3872 tuum.
1624 3817 1712 3872 Sic
1752 3820 1896 3872 enim
1949 3819 2003 3872 in
2039 3820 2195 3875 ecelis
2244 3834 2396 3872 man-

843 3908 1047 3961 sionem
1105 3907 1331 3969 habens,
1393 3910 1445 3962 in
1507 3917 1706 3979 tuaque
1739 3909 1963 3974 deitate,
2007 3910 2061 3963 in
2106 3917 2200 3962 tuo
2232 3925 2400 3980 regno

843 3998 1171 4058 consistens,
1213 3999 1382 4067 gloria
1412 3999 1507 4053 tua
1571 4002 1884 4054 universam
1936 4008 2136 4053 terram
2192 4001 2400 4069 replere

843 4088 1064 4143 valebis.
1103 4087 1256 4153 Quod
1288 4089 1412 4143 item
1461 4089 1672 4160 Moyses
1706 4091 1988 4156 describit,
2034 4089 2200 4144 Deum
2232 4092 2395 4146 indu-

841 4197 971 4238 cens
999 4183 1063 4238 de
1100 4181 1300 4236 .ludaeis
1347 4183 1559 4252 quidem
1600 4183 1669 4237 ob
1695 4183 1983 4236 conﬂatum
2010 4185 2237 4239 vitulum
2287 4185 2399 4239 huic

840 4274 1135 4329 dicentem:
1197 4273 1417 4327 Dimitte
1452 4290 1553 4336 me,
1606 4283 1654 4326 et
1696 4275 1937 4326 incensus
1997 4277 2078 4327 ira
2133 4286 2397 4330 conteram

839 4368 1068 4436 ipsos”;
1101 4367 1167 4420 de
1205 4367 1489 4421 Vocationc
1547 4373 1728 4419 autem
1755 4366 1995 4434 gentium
2055 4366 2398 4434 adjicientem

841 4459 994 4521 illud,
1036 4457 1158 4511 Vivo
1187 4473 1279 4528 ego
1304 4467 1354 4512 et
1377 4458 1500 4512 vivit
1537 4473 1722 4510 nomen
1759 4472 1950 4518 meum,
1994 4457 2119 4525 quia
2163 4457 2402 4526 implebi-

841 4557 928 4604 ιιι·
977 4528 1146 4618 gloria
1198 4564 1313 4600 mea
1354 4549 1596 4601 universa
1646 4556 1804 4599 terra.
1848 4543 2004 4615 Apud
2047 4543 2240 4599 Isaiam
2275 4561 2402 4600 vero

835 4644 1132 4710 seraphim,
1188 4657 1307 4712 quae
1362 4641 1647 4695 Dominum
1711 4639 1952 4694 Sabaoth
2036 4639 2398 4701 circumdant,

2501 3457 2629 3510 γουν
2655 3440 2870 3512 ψυχαῖς.
2921 3443 3135 3512 Ἐπειδὴ
3161 3445 3337 3497 τοίνυν
3372 3447 3404 3514 ἡ
3432 3429 3658 3516 ἀλήθεια
3685 3444 3780 3498 τοῦ
3813 3443 3947 3498 Θεοῦ
3975 3443 4073 3498 καὶ

2501 3535 2561 3586 τὸ
2595 3535 2740 3598 ἔλεος
2772 3535 2956 3600 αὐτοῦ,
2977 3536 3104 3607 περὶ
3129 3529 3203 3589 ὧν
3229 3538 3422 3610 μικρὸν
3451 3537 3683 3610 πρόσθεν
3710 3537 3911 3605 ἔλεγεν,
3950 3535 4080 3601 Ἐξ·

2502 3627 2859 3682 απέστειλεν
2881 3632 2914 3683 ό
2945 3631 3089 3696 Θεὸς
3135 3629 3201 3682 τὸ
3233 3631 3405 3697 ἕλεος
3431 3631 3617 3685 αὑτοῦ
3649 3630 3747 3685 καί
3771 3631 3886 3700 τὴν
3925 3629 4077 3697 ἁλή-

2503 3722 2666 3773 θειαν
2720 3720 2930 3784 αὐτοῦ,
2966 3721 3064 3774 καὶ
3115 3721 3410 3789 ἐρῤύσατο
3451 3723 3566 3790 τὴν
3605 3723 3817 3792 ψυχήν
3851 3740 3971 3792 μου
4008 3722 4078 3775 ἐκ

2499 3812 2692 3882 μέσου
2739 3815 3060 3880 σκύμνων*
3111 3814 3278 3866 πάλαι
3315 3813 3413 3882 μέν
3461 3815 3561 3882 τὴν
3592 3814 3770 3885 ψυχὴν
3812 3813 4079 3886 ἐρρύσατο

2503 3903 2596 3956 τοῦ
2624 3902 2806 3967 Δαυῒδ,
2831 3903 3031 3974 ἢμελλε
3062 3903 3117 3955 δέ
3146 3895 3241 3957 καὶ
3277 3905 3412 3972 μετὰ
3436 3903 3605 3958 ταῦτα
3632 3906 3726 3958 καὶ
3757 3906 3931 3958 πάντα
3959 3905 4080 3958 ἐπι-

2507 3997 2726 4049 σκοπεῖν
2752 3994 2822 4048 ea:
2850 3994 3006 4066 ἐθνηο
3033 3996 3256 4057 εἰκότως
3277 3995 3337 4048 τὸ
3366 3996 3587 4067 Πνεῦμα
3618 3997 3677 4050 τὺ
3702 3996 3876 4065 ἅγιον,
3906 3997 4076 4052 ταῦτα

2504 4087 3004 4159 εὐαγγελιζόμενον,
3037 4087 3130 4166 καὶ
3180 4088 3262 4140 ὅτι
3319 4091 3378 4142 ἐν
3426 4089 3574 4153 λαοῖς
3602 4088 4074 4161 ἐξομολογήσεται,

2505 4181 2596 4232 καὶ
2640 4181 2697 4232 ἐν
2745 4180 2877 4232 πᾶσι
2926 4181 3037 4241 τοῖς
3075 4177 3250 4231 ἔθνεσι
3288 4178 3447 4254 ψαλεῖ
3479 4177 3554 4255 τῷ
3579 4178 3717 4250 Θεῷ,
3762 4178 3858 4250 τὴν
3897 4180 4076 4233 αἰτίαν

2506 4271 2824 4344 προστίθησι
2863 4271 3044 4340 λέγον·
3086 4272 3212 4326 Ὀτι
3257 4272 3629 4342 ἐμεγαλύνθη
3660 4272 3770 4338 ἓως
3807 4271 3934 4326 τῶν
3972 4273 4076 4327 οὐ·

2497 4365 2702 4434 ρανῶν
2751 4364 2817 4418 τὸ
2862 4365 3032 4430 ἔλεός
3063 4378 3202 4427 σου,
3255 4367 3350 4418 καὶ
3397 4364 3466 4418 τὰ
3508 4363 3653 4435 ἑξῆς.
3687 4360 3823 4417 Εἶτα
3865 4363 4076 4427 τούτοις

2507 4459 2676 4512 ἆπασι
2719 4456 2781 4509 τὸ
2821 4456 3236 4528 ἐπισφράγισμα
3287 4456 3482 4525 ἐπάγει
3536 4457 3722 4525 λέγον·
3783 4456 4077 4525 ’Υψώθητι

2505 4550 2600 4602 ἐπὶ
2641 4548 2782 4614 τοὺς
2814 4549 3128 4615 οὐρανοὺς,
3162 4553 3194 4602 ό
3236 4549 3399 4616 Θεὸς,
3446 4548 3544 4603 καὶ
3575 4548 3674 4602 ἐπὶ
3713 4547 3919 4604 πᾶσαν
3960 4547 4078 4616 τὴν

2509 4639 2623 4708 γῆν
2668 4641 2706 4708 ἠ
2756 4638 2904 4703 δόξα
2952 4655 3088 4703 σου,
3119 4639 3368 4712 δεύτερον
3393 4637 3747 4694 ἐπαναλασὼν
3778 4638 3878 4709 τὴν
3907 4637 4076 4710 αὐτὴν

835 4735 1174 4792 clamabant:
1203 4733 1450 4796 Sanctus,
1479 4743 1714 4796 sanctus,
1745 4742 1957 4786 sanctus
1983 4731 2233 4786 Dominus
2260 4729 2399 4782 Deus
2433 4703 2475 4756 Β
2505 4732 2573 4784 θει

2338 4745 2399 4782 us
2433 4703 2475 4756 Β
2505 4703 2798 4798 θεολογίαν.
2835 4733 2924 4785 Σοὶ
2962 4733 3090 4802 γὰρ,
3135 4703 3290 4805 φησὶ,
3321 4733 3516 4804 πρέπει
3569 4703 3854 4798 ὑψοῦσθαι,
3890 4731 3949 4783 -εἰ
3979 4703 4075 4784 καὶ

840 4823 1095 4884 Sabaoth,
1127 4823 1281 4892 plena
1316 4832 1392 4874 est
1440 4823 1608 4875 omnis
1644 4833 1786 4876 terra
1823 4824 1996 4893 gforia
2041 4823 2153 4891 ejus
2169 4820 2234 4875 “.
2269 4819 2404 4885 Qui-

842 4922 947 4976 bus
974 4915 1149 4973 aﬂlnia
1186 4920 1238 4971 in
1263 4933 1385 4970 un
1443 4918 1670 4986 psalmo,
1710 4917 1777 4972 de
1822 4917 2042 4974 Christo
2080 4919 2226 4983 clare
2267 4930 2396 4968 nar-

843 5023 1016 5073 rante,
1035 5011 1175 5065 dicta
1203 5002 1394 5066 sunt“
1411 5028 1422 5062 :
1442 5007 1749 5061 Benedictus
1771 5007 2021 5061 Dominus
2042 5005 2182 5060 Deus
2208 5004 2398 5068 Israel,

843 5115 893 5162 et
926 5104 1244 5158 benedictum
1280 5119 1463 5157 nomen
1494 5102 1678 5173 gloriae
1715 5101 1854 5170 ejus,
1881 5110 1934 5154 et
1973 5100 2256 5168 replebitur
2287 5113 2400 5150 om—

845 5175 926 5250 nis
950 5204 1087 5249 terra
1112 5193 1280 5267 gloria
1330 5195 1462 5265 ejus.
1511 5193 1634 5248 Haec
1679 5194 1846 5263 igitur
1877 5193 2127 5260 obsignat
2163 5200 2401 5259 praesens

846 5287 1125 5361 prophetia
1153 5287 1378 5344 dicens:
1417 5285 1671 5339 Ezaltare
1713 5299 1868 5351 super
1899 5281 2079 5346 celos,
2130 5279 2294 5342 Deus,
2348 5285 2402 5332 et

848 5395 998 5448 super
1025 5394 1224 5434 omnem
1255 5389 1447 5433 terram
1469 5377 1640 5448 gloria
1681 5385 1792 5430 tua.

2503 4822 2571 4876 τὰ
2603 4825 2832 4894 μάλιστα
2851 4825 2917 4878 δι’
2943 4823 3259 4897 ἀνθρώπους
3276 4823 3724 4893 συγκαταϐαίνεις
3745 4825 3809 4893 τῇ
3835 4823 4075 4896 ἡμετέρα

2503 4915 3026 4988 ταπεινώσει,λαοὺς
3053 4916 3150 4970 καὶ
3180 4916 3307 4988 ἔθνη
3337 4913 3810 4985 προσκαλούμενος
3847 4916 3916 4985 τῇ
3943 4930 4076 4968 σαυ-

2502 5007 2594 5060 τοῦ
2617 4979 2816 5081 χάριτι.
2835 4979 2842 4981 ν
2859 4979 3306 5078 Ἀλλίύιμῦθητιξ
3329 4979 3422 5060 καὶ
3449 4979 3801 5076 απολάμόανε
3829 4979 3918 5059 τὸν
3945 5023 4076 5060 σαυ-

2503 5099 2596 5152 τοῦ
2633 5100 2837 5172 θρόνον.
2872 5101 2979 5153 Καὶ
3022 5099 3192 5162 οὕτως
3226 5099 3332 5169 γὰρ
3379 5099 3436 5152 ἐν
3464 5097 3711 5169 οὐρανοῖς
3741 5097 3840 5161 τὰς
3871 5098 4076 5169 διατρι-

2507 5190 2605 5255 σὰς
2635 5191 2972 5262 ποιούμενος,
3003 5192 3099 5244 καὶ
3135 5192 3193 5244 ἐν
3214 5193 3283 5261 τῇ
3316 5178 3511 5242 σᾶυτοῦ
3546 5189 3826 5259 τυγχάνων
3861 5187 4076 5258 θεότητί

2503 5296 2560 5334 τε
2617 5286 2710 5335 καὶ
2763 5282 3041 5354 βασιλείᾳ,
3091 5283 3272 5338 πᾶσαν
3316 5282 3414 5351 τὴν
3456 5282 3558 5352 γῆν
3593 5282 3833 5353 πληροῦν
3873 5280 4076 5350 δυνήσῃ

2503 5374 2600 5444 τῆς
2646 5373 2842 5428 σαυτοῦ
2897 5374 3070 5443 δόξης.
3108 5374 3175 5428 Ὃ
3213 5373 3278 5445 δὴ
3309 5373 3402 5425 καὶ
3425 5372 3633 5443 Μωσῆς
3654 5373 3957 5446 ἀναγράφει
3985 5369 4076 5422 τὸν

850 5475 977 5529 Θεὸν
1020 5474 1249 5538 εἰσάγων
1300 5472 1424 5545 περὶ
1464 5472 1558 5542 μὲν
1599 5470 1864 5524 Ἰουδαίων
1929 5466 2151 5533 λέγοντα
2206 5465 2273 5518 δι’
2329 5463 2395 5536 ἢν
2442 5466 2763 5536 εἰργάσαντο
2816 5466 3206 5540 μοσχοποιίαν⁶
3245 5467 3468 5520 Ἕασόν
3515 5483 3606 5535 με,
3643 5467 3737 5520 καί
3789 5463 4076 5535 θυμωθεὶς

870 5568 992 5638 ἰηοῇ
1023 5567 1275 5635 ἐκτρίψω
1308 5568 1525 5631 αὐτούς
1546 5583 1558 5596 ’
1590 5565 1716 5634 περὶ
1739 5564 1793 5616 δέ
1824 5563 1923 5632 τῆς
1944 5560 2050 5614 τῶν
2071 5560 2238 5614 ἐθνῶν
2279 5560 2520 5631 κλήσεως
2565 5564 2833 5631 ἐπάγοντα
2855 5562 2934 5626 τὸ,
2983 5561 3073 5615 Ζῶ
3112 5562 3246 5632 ἐγὼ,
3287 5563 3386 5616 καὶ
3449 5560 3521 5629 ζῇ
3580 5561 3647 5615 τὸ
3681 5559 3866 5632 ὄνομά
3928 5575 4068 5628 μου,

867 5660 940 5715 in
963 5658 1404 5728 πληρωθήσεται
1432 5658 1541 5728 τῆς
1571 5656 1752 5723 δόξης
1783 5675 1900 5726 μου
1927 5654 2092 5710 πᾶσα
2113 5657 2151 5724 ἦ
2178 5655 2403 5726 τῆ.Καὶ
2440 5657 2588 5728 παρὰ
2621 5657 2698 5728 τῷ
2741 5660 2934 5727 Ἡσαΐᾳ
2965 5658 3021 5710 δὲ
3049 5658 3118 5711 τὰ
3154 5658 3412 5728 σεραφὶμ,
3449 5656 3750 5710 κυκλοῦντα
3809 5654 3899 5708 τὸν
3960 5653 4072 5707 Κύ-

855 5774 968 5828 ριοι
997 5753 1238 5821 Σαϐαὼθ,
1276 5753 1432 5809 ἐϐόα·
1460 5755 1674 5822 Ἀγιος,
1699 5753 1882 5822 ἅγιος,
1908 5752 2070 5822 ἅγιος
2108 5752 2320 5820 Κύριος
2357 5750 2499 5817 Θεὸς
2536 5754 2795 5819 Σαϐαὼθ,
2837 5752 3071 5822 πλήρης
3110 5753 3276 5809 πᾶσα
3307 5754 3345 5821 ἡ
3388 5751 3462 5821 τιῆ
3495 5752 3614 5822 τῆς
3650 5751 3834 5819 δόξης
3861 5748 4067 5807 αὑτοῦ.

927 5914 969 5945 δι
1010 5908 1109 5967 Iss.
1144 5925 1196 5974 ν,
1229 5910 1351 5976 5,6.
1427 5909 1469 5944 η
1510 5907 1673 5965 Exod.
1712 5924 1884 5972 χχχιι,
1927 5907 2010 5963 16.
2095 5909 2138 5940 ⁵³
2178 5906 2278 5964 lsa.
2317 5923 2396 5975 vx,
2431 5907 2484 5961 3.
2560 5909 2603 5944 ⁵⁵
2643 5904 2665 5962 i

1510 5907 1673 5965 Exod.
1712 5924 1884 5972 χχχιι,
1927 5907 2010 5963 16.
2095 5909 2138 5940 ⁵³
2178 5906 2278 5964 lsa.
2317 5923 2396 5975 vx,
2431 5907 2484 5961 3.
2560 5909 2603 5944 ⁵⁵
2643 5904 2786 5965 Psal.
2822 5924 2979 5973 usi,
3027 5905 3111 5969 18.
3142 5905 3226 5960 i9.
