4402 6422
308 519 412 575 ειν

1408 512 1898 569 ΕΟΜΜΕΝΤΑΒΙΑ
1937 513 2000 568 ιιι
2023 513 2363 571 PSALMOS.

3383 514 3485 571 5i!

308 627 401 694 Οἷς
472 629 769 701 συμφώνως
806 629 896 682 καὶ
960 630 1017 681 ὲν
1076 629 1152 681 οα⁰
1181 629 1376 700 ψαλμῷ
1416 632 1485 684 τὰ
1522 632 1648 700 περὶ
1675 631 1766 683 τοῦ
1807 633 2039 702 Χριστοῦ
2075 632 2256 700 σαφῶς
2316 630 2968 702 διαγορεύοντῃλέλεκται·
2999 631 3334 700 Εὐλογητὸς
3368 634 3479 686 Κύ-

299 743 428 792 ριος
447 728 483 780 ό
507 726 650 790 Θεὸς
679 724 939 792 Ἰσραὴλ,
957 723 1054 777 καὶ
1076 724 1400 794 εὐλογητὸν
1431 725 1495 776 τό
1522 725 1703 792 ὄνομα
1729 725 1832 791 τῆς
1863 726 2044 793 δόξης
2069 725 2271 789 αὐτοῦ,
2327 727 2424 778 καὶ
2484 725 2927 792 πληρωθήσεται
2955 725 3063 793 τῆς
3087 726 3270 793 δόξης
3301 727 3482 780 αὐτοῦ

305 815 470 870 πᾶσα
505 817 545 886 ἠ
588 816 683 886 γῆ.
720 817 878 869 Ταῦτ’
922 812 1012 870 οὖν
1063 818 1155 870 καὶ
1197 820 1230 887 ή
1275 818 1520 888 παροῦσα
1550 820 1849 889 προφητεία
1885 821 2329 892 ὲπισφραγίζεται
2358 820 2617 887 λέγουσα⁶
2661 819 2949 887 Ὑψώθητι
2981 820 3076 872 ἐπὶ
3130 821 3267 886 τοὺς
3312 823 3482 890 οὐρα-

300 909 406 962 νοὺ
419 930 472 976 ς,
493 912 526 964 ό
553 909 714 975 Θεὸς,
732 911 826 962 καί
845 909 942 962 ἐπὶ
970 909 1171 964 πᾶσαν
1197 910 1309 978 τὴν
1335 911 1448 980 γῆν
1476 913 1512 979 ή
1535 911 1681 975 δόξα
1707 929 1843 966 σου.

303 1022 404 1076 El}:
450 1025 536 1077 ΤΟ
573 1019 807 1085 ΤΕΛΟΣ,
833 1025 933 1076 ΜΗ
959 1025 1348 1078 ΔΙΔΦΘΕῙΡΗΣ
1385 1027 1468 1078 ΤΩ
1496 1027 1707 1091 ΔΑΥΙΔ,
1741 1028 1846 1079 ΕΙΣ
1875 1030 1916 1086 Α
1946 1025 1996 1078 Ι.
2036 1024 2041 1076 1

1741 1028 1846 1079 ΕΙΣ
1875 1030 1916 1086 Α
1946 1025 1996 1078 Ι.
2036 1023 2101 1078 ΙΝ
2141 1022 2382 1085 FINEM,
2408 1021 2496 1073 NE
2536 1019 2941 1091 DlSPEBDAS,
2995 1021 3056 1073 IN
3096 1020 3325 1078 TITULI
3378 1023 3477 1080 IN.

734 1093 1263 1165 ΣΤΗΑυΓΡΑφιΑΝ.
1302 1095 1424 1147 NZ'.
1846 1123 1850 1126 -

374 1203 445 1254 El
471 1201 704 1270 ἃληθῶς
732 1203 843 1271 ἄρα
857 1203 1241 1273 δικαιοσύνην
1257 1206 1509 1271 λαλεῖτε,
1536 1210 1708 1263 εὐθέα
1727 1211 1850 1277 κρί-

304 1307 454 1357 νετε,
471 1293 587 1346 υιοὶ
614 1293 729 1347 τῶν
754 1294 1088 1362 ἀνθρώπων.
1114 1297 1206 1358 Εἰς
1230 1297 1289 1348 τὸ
1326 1297 1474 1358 τέλος
1509 1299 1581 1370 μὴ
1608 1299 1846 1368 διαφθεί-

307 1397 440 1450 ρειν,
495 1383 775 1451 φυλάττειν
817 1383 872 1435 δὲ
916 1385 1139 1438 ἕκαστον
1169 1387 1234 1440 τὰ
1283 1387 1470 1439 ἑαυτοῦ
1513 1387 1659 1459 τέλη,
1691 1390 1780 1441 καὶ
1819 1391 1847 1442 ὁ

306 1470 492 1543 παρὼν
519 1477 769 1544 παραινεῖ
797 1474 969 1543 λόγος.
1006 1478 1201 1546 Ἀμφω
1232 1478 1306 1540 δὲ,
1341 1479 1367 1531 ὃ
1399 1487 1456 1530 τε
1497 1479 1629 1550 μετὰ
1665 1483 1846 1550 χεῖρας

305 1565 398 1618 καὶ
425 1567 453 1615 ό
480 1567 583 1636 πρὸ
613 1567 773 1619 αὐτοῦ
805 1569 902 1639 τὴν
933 1569 1050 1640 ἴσην
1082 1571 1258 1640 έχουσι
1290 1576 1622 1646 προγραφὴν,
1651 1577 1846 1645 ὁμοίως

300 1652 380 1718 τὸ,
404 1657 508 1719 Εἰς
538 1654 602 1707 τὸ
628 1656 815 1721 τέλος,
829 1656 912 1724 μὴ
941 1657 1281 1728 διαφθείρῃς
1308 1661 1384 1726 τῷ
1413 1663 1607 1727 Δαυῒδ,
1640 1666 1731 1715 καὶ
1761 1663 1840 1726 τὸ,

299 1743 384 1807 εις
417 1745 876 1811 στηλογραφίαν,
923 1749 1276 1816 περιέχοντες.
1308 1750 1374 1801 ’Ὁ
1402 1767 1462 1818 γε
1495 1750 1596 1821 μὴν
1635 1752 1838 1820 χρόνος,

299 1833 346 1882 εἰ
373 1831 465 1883 καὶ
496 1831 569 1901 μὴ
593 1832 649 1884 ὲν
674 1832 749 1903 τῷ
770 1835 1010 1904 παρόντι,
1029 1836 1137 1899 ἀλλ’
1165 1839 1220 1888 ὲν
1248 1837 1323 1908 τῷ
1351 1840 1452 1910 πρὸ
1481 1840 1662 1894 τούτου
1692 1842 1842 1912 δεδή-

297 1919 459 1973 λωται
496 1921 634 1975 κατὰ
659 1922 755 1992 τὴν
784 1924 1092 1995 προσθήκην
1191 1945 1370 1998 φησιν,
1421 1929 1519 1983 Ἐν
1548 1930 1626 1994 τῷ
1661 1931 1842 1984 αὑτὸν

297 2009 751 2078 ἀποδιδράσκειν
780 2015 894 2068 ἀπὸ
926 2015 1241 2083 προσώπου
1277 2020 1470 2073 Σαοὺλ
1498 2024 1581 2087 εἰς
1605 2022 1667 2074 τὸ
1688 2022 1842 2091 σπή-

294 2103 483 2178 λαιον.
518 2101 672 2156 Κατὰ
723 2103 813 2157 τὸν
857 2098 1012 2158 αὑτὸν
1057 2102 1147 2159 οὖν
1191 2109 1434 2178 εἰρῆσθαι
1470 2111 1655 2181 χρόνον
1685 2113 1777 2164 καὶ
1807 2114 1836 2165 ὁ

297 2191 666 2260 προκείμενος,
701 2193 760 2246 οὑ
810 2195 967 2264 μόνον
997 2197 1058 2248 ἐκ
1081 2197 1185 2249 τῶν
1217 2200 1513 2270 εἰρημένων
1545 2202 1689 2253 δοκεῖ
1730 2220 1840 2272 μοι,

293 2279 425 2334 ἀλλὰ
455 2283 546 2335 καὶ
574 2285 635 2336 ἐκ
656 2284 760 2338 τῶν
791 2284 913 2355 ἑξῆς
944 2287 1364 2358 ἐπιφερομένων.
1413 2291 1621 2362 Ἐπειδὴ
1647 2294 1757 2364 γὰρ
1804 2295 1837 2365 ἡ

2333 1159 2336 1162 λ
2380 1090 2856 1146 seuiprionuu.
2901 1091 3051 1146 LVII.

2017 1203 2180 1260 VERS.
2223 1204 2278 1266 Ξ,
2325 1205 2376 1258 5.
2427 1202 2487 1257 Si
2516 1220 2628 1257 uere
2678 1206 2852 1274 utique
2885 1204 3148 1271 justitiam
3180 1205 3474 1275 loquimini,

1947 1303 2087 1348 recta
2125 1295 2380 1362 judicate,
2437 1293 2536 1361 ﬁlii
2602 1294 2884 1347 hominum.
2942 1293 3194 1348 Hortatur
3244 1312 3479 1365 pra-sena

1946 1399 2124 1437 sermo
2148 1385 2409 1452 singulos,
2440 1384 2499 1436 ul
2532 1399 2600 1435 ne
2630 1383 2683 1435 in
2710 1383 2864 1436 finem
2895 1383 3228 1452 disperdant,
3257 1386 3349 1440 sed
3388 1389 3480 1441 ob.

1945 1482 2118 1527 servet
2141 1476 2368 1542 quisque
2387 1473 2517 1528 fines
2531 1468 2677 1528 suos.
2696 1475 3092 1544 Amhoquippe,
3109 1485 3220 1528 tum
3239 1477 3344 1540 hic,
3367 1489 3478 1532 tum

1943 1561 2271 1629 praecedens.
2308 1563 2534 1615 similem
2575 1564 2863 1630 praeferunt
2896 1566 3318 1632 inscriptionem,
3371 1566 3480 1618 sci-

1944 1650 2088 1711 licet,
2123 1649 2188 1703 In
2219 1653 2394 1720 ﬁnem,
2420 1668 2482 1704 ne
2505 1653 2775 1718 disperdas
2807 1652 2992 1719 David,
3033 1663 3215 1722 atque,
3251 1657 3304 1708 in
3333 1656 3476 1708 tituli

1942 1726 2349 1810 inscriptionem.
2405 1741 2637 1812 Tempus
2677 1753 2875 1805 autem,
2931 1746 3031 1798 etsi
3077 1761 3182 1798 non
3232 1747 3286 1799 in
3340 1761 3476 1816 pra-

1944 1835 2103 1897 senti,
2133 1843 2185 1887 at
2213 1835 2267 1888 in
2298 1835 2615 1903 praecedenti
2641 1835 2964 1899 declaratur,
2998 1824 3126 1888 d'um
3160 1837 3271 1890 hac
3301 1824 3471 1901 addit,

1941 1926 2073 1980 Cum
2103 1927 2299 1997 fugeret
2357 1945 2388 1980 a
2443 1929 2576 1996 facie
2612 1928 2788 1982 Saulis
2813 1930 2866 1981 in
2904 1913 3219 1997 speluncam.
3270 1929 3472 1985 Eodem

1941 2017 2123 2085 itaque
2185 2024 2424 2086 tempore
2485 2017 2888 2085 pronuntiatum
2945 2018 3106 2070 etiam
3156 2027 3472 2087 praesentem

1939 2105 2127 2173 fuisse,
2163 2123 2269 2161 non
2337 2109 2510 2161 solum
2569 2122 2634 2162 ex
2682 2108 2793 2175 jam
2848 2108 3026 2172 dictis,
3082 2123 3263 2161 verum
3309 2109 3471 2162 etiam

1937 2211 2003 2251 ex
2033 2212 2156 2251 mox
2182 2196 2465 2251 alferendis
2493 2199 2707 2267 planum
2735 2199 2865 2253 milii
2888 2199 3122 2253 videtur.
3163 2198 3300 2264 Quia
3325 2199 3472 2253 enim

1937 2286 1991 2338 in
2022 2286 2342 2355 praecedenti
2373 2288 2512 2340 tituli
2564 2287 2843 2356 inscriptio
2888 2287 2954 2342 de
3015 2289 3136 2342 liliis
3188 2288 3470 2341 hominum

247 2359 252 2361 i
294 2372 396 2443 πρὸ
450 2373 632 2426 τούτου
681 2376 1041 2446 στηλογραφία
1069 2379 1193 2448 περὶ
1218 2379 1324 2432 τῶν
1349 2379 1475 2434 υἱῶν
1497 2359 1837 2457 τῷν-ἀνθρὼί
1867 2359 1908 2412 Β
1937 2377 1985 2430 di

1733 2359 1837 2454 ῥὼξ
1867 2359 1908 2412 Β
1937 2377 2166 2438 dicebat,
2211 2375 2340 2429 Filii
2377 2377 2663 2443 hominum,
2709 2378 2885 2432 dentes
2920 2395 3098 2432 eorum
3125 2395 3274 2431 arma
3307 2388 3355 2432 et
3387 2395 3471 2432 sa-

293 2479 404 2515 πων
419 2462 616 2532 ἔλεγεν,
632 2466 744 2518 Υίοί
761 2464 1098 2534 ἀνθρώπων,
1118 2472 1168 2522 ot
1187 2469 1424 2536 ὀδόντες
1441 2472 1634 2525 αὐτῶν
1649 2473 1837 2528 ὅπλον

291 2553 386 2605 καὶ
404 2552 559 2620 ,ϐέλη
579 2571 590 2583 ·
618 2555 834 2618 είκάτως
857 2558 948 2610 καὶ
968 2559 1000 2628 ή
1031 2559 1166 2627 μετὰ
1185 2562 1368 2630 χεῖρας
1383 2565 1491 2625 τοῖς
1513 2564 1689 2628 αὐτοῖς
1705 2569 1837 2629 υίοῐς

289 2642 395 2694 τῶν
421 2643 715 2713 ἀνθρώπων
737 2645 893 2710 εὐθὺς
928 2650 983 2700 έν
1005 2650 1139 2720 ἀρχῆ
1159 2655 1462 2720 προσφωνεί
1475 2654 1703 2720 λέγουσα
1721 2674 1733 2685 ·
1765 2659 1835 2710 El

290 2730 521 2797 ἀληθῶς
542 2732 655 2799 ἆρα
681 2732 1066 2802 δικαιοσύνην
1085 2737 1339 2801 λαλεῖτε,
1373 2741 1545 2794 εὐθέα
1585 2743 1830 2808 κρίνετε,

289 2823 340 2872 οὶ
367 2821 478 2875 υἱοὶ
507 2821 623 2874 τῶν
653 2823 985 2892 ἀνθρώπων.
1011 2825 1115 2879 Καὶ
1162 2828 1450 2900 ἐπειδήπερ
1495 2834 1551 2883 ὲν
1606 2833 1682 2903 τῷ
1727 2835 1832 2904 πρὸ

289 2909 472 2962 τούτου
493 2910 722 2980 ἐλέγετο·
741 2907 1051 2982 Ἐρῤύσατο
1079 2915 1189 2982 τὴν
1204 2919 1412 2987 ψυχήν
1420 2926 1535 2989 μου
1554 2921 1621 2976 ἐκ
1641 2921 1832 2991 μέσου

288 3003 585 3071 σκύμνων,
612 3002 667 3074 ἢ,
686 3005 753 3058 ἐκ
773 3005 962 3075 μέσου
988 3009 1265 3074 λεόντων,
1294 3014 1432 3065 κατὰ
1450 3015 1572 3078 τοὶς
1596 3014 1834 3083 λοιποὺς,

287 3095 508 3159 εἰκότως
540 3098 596 3148 έν
624 3096 698 3167 τῷ
730 3097 861 3167 μετὰ
890 3102 1077 3170 χεῖρας
1120 3102 1448 3174 ἐπιφέρεται,
1499 3109 1606 3172 Τὰς
1634 3109 1832 3177 μύλας

287 3185 406 3238 τῶν
435 3187 696 3241 λεόντων
725 3188 1070 3245 συνέθλασε
1099 3194 1327 3260 Κύριος.
1363 3196 1506 3249 Ἔδει
1546 3198 1651 3269 γὰρ
1685 3180 1830 3269 ἡμᾶς

289 3276 478 3346 μαθεῖν
504 3279 649 3342 ὅπως
676 3279 939 3351 ἐρρύσατο
963 3282 1057 3353 τὴν
1084 3283 1254 3355 ψυχὴν
1285 3285 1375 3338 τοῦ
1402 3285 1561 3340 Δαυῒδ
1585 3289 1647 3340 ὲκ
1667 3289 1826 3359 μέσου

288 3367 558 3437 σκύμνων.
583 3369 690 3421 Καὶ
716 3371 871 3424 πάλιν
892 3373 1016 3442 περὶ
1037 3373 1144 3426 τῶν
1173 3375 1394 3429 ὀδόντων
1423 3378 1528 3430 τῶν
1558 3379 1828 3434 ἐνδιαϐαλ-

285 3455 478 3510 λόντων
510 3459 666 3513 αὑτὸν
691 3461 747 3512 ὲν
772 3462 866 3529 μὲν
895 3461 968 3530 τῷ
993 3463 1096 3533 πρὸ
1125 3465 1328 3528 τούτου,
1356 3469 1468 3518 Υίοὶ
1487 3469 1824 3536 ἀνθρώπων,

284 3549 336 3598 οἱ
367 3544 602 3611 ὀδόντες
649 3547 842 3601 αὐτῶν
868 3548 1059 3603 ὅπλον
1101 3553 1194 3610 καὶ
1218 3553 1395 3622 βέλη,
1427 3556 1656 3624 ἐλέγετο,
1688 3562 1744 3611 ὲν
1769 3559 1825 3611 δὲ

283 3638 362 3710 τῷ
391 3638 528 3709 μετὰ
555 3642 739 3712 χεῖρας
762 3657 775 3671 σ
818 3641 870 3692 Ὀ
904 3641 1045 3707 Θεὸς
1062 3645 1374 3712 συντρίψει
1410 3632 1824 3714 τοὺςόδόντας

283 3727 477 3783 αὐτῶν
511 3729 580 3782 ἐν
607 3729 686 3796 τῷ
715 3730 958 3799 στόματι
987 3731 1200 3786 αὐτῶν.
1234 3735 1346 3804 Ἀφ’
1386 3730 1459 3789 ὦν
1495 3737 1760 3791 δείκνυται
1793 3743 1827 3811 ἡ

282 3821 342 3876 ὲν
383 3821 712 3892 ἀμφοτέραις
741 3825 884 3887 ⁴ταῖς
923 3825 1338 3897 στηλογραφίαις
1388 3831 1687 3898 συμφωνία.
1721 3833 1827 3884 Καὶ

282 3914 454 3979 ἄλλως
483 3915 526 3968 δ’
555 3912 646 3970 οὖν
677 3933 758 3980 τις
803 3917 963 3985 εῐποι,
1013 3921 1195 3991 ἐπειδὴ
1237 3925 1270 3993 ή
1313 3923 1414 3995 πρὸ
1443 3923 1628 3977 τούτου
1681 3943 1829 3996 περι-

284 4007 398 4078 έχει
424 4007 522 4080 τὴν
545 4007 729 4080 κλῆσιν
749 4010 856 4076 τῶν¹
884 4011 1068 4077 ἐθνῶν,
1095 4012 1312 4075 εἰκότως
1338 4016 1403 4084 τῇ
1431 4014 1648 4086 τοιαύτῃ
1697 4032 1829 4085 προ-

282 4098 478 4171 φητεία
525 4102 558 4170 ὴ
600 4101 845 4171 παροῦσα
892 4102 1259 4173 στηλογραφία
1315 4104 1599 4170 συνῆπται,
1643 4105 1825 4172 διαγο-

285 4189 512 4259 ρεύουσα
537 4195 647 4256 τοῖς
680 4193 813 4254 υἱοῖς
840 4191 946 4244 τῶν
987 4191 1289 4264 ἀνθρώπων,
1313 4192 1402 4244 τὸν
1433 4194 1556 4263 περὶ
1602 4195 1700 4264 τῆς
1746 4196 1826 4248 δι-

284 4279 618 4348 καιοκρισίας
650 4280 741 4333 τοῦ
769 4280 902 4333 Θεοῦ
934 4279 1106 4348 λόγον,
1143 4281 1547 4354 διαστελλομένη
1595 4301 1654 4336 τε
1696 4286 1826 4342 πᾶσι

281 4373 392 4434 τοῖς
413 4370 556 4433 λαοῖς
580 4371 674 4424 σὺν
697 4370 918 4443 ἀληθινῇ
954 4373 1261 4444 προαιρέσει
1283 4375 1375 4426 καὶ
1401 4375 1696 4446 συνειδήσει
1730 4393 1826 4429 κασ

282 4462 420 4534 θαφᾷ
448 4463 528 4532 ¹τῇ
565 4460 662 4513 τοῦ
707 4461 860 4529 λόγου
911 4462 1186 4534 προσιέναι
1228 4462 1559 4536 διδασκαλίᾳ,
1601 4467 1693 4518 καὶ
1750 4467 1823 4537 μὴ

282 4553 766 4625 καθυποκρίνεσθαι
802 4553 898 4624 τὴν
945 4554 1269 4610 θεοσέὸειαν.
1314 4556 1403 4610 Διὸ
1440 4557 1572 4629 πρὸς
1621 4556 1827 4621 πάντας

278 4650 401 4711 τοὺς
429 4646 683 4720 ἀνωτέρω
710 4647 867 4711 λαοὺς
898 4646 1309 4720 ὠνομασμένους
1344 4649 1436 4702 καὶ
1465 4649 1600 4719 πρὸς
1651 4649 1826 4702 πάντα

277 4738 344 4793 τὰ
382 4738 527 4811 ἔθνη,
583 4739 710 4811 περὶ
756 4733 830 4793 ὧν
879 4739 1110 4808 ἐλέγετο,
1157 4741 1697 4810 Ἐξομολοτήσομαί
1728 4757 1826 4793 σοι

275 4831 345 4886 ἐν
387 4831 574 4900 λαοῖς,
607 4833 802 4900 Κύριε,
825 4817 1006 4900 ’ψαλῶ
1047 4847 1145 4885 σοι
1171 4833 1241 4886 ἐν
1269 4833 1486 4894 ἔθνεσι,
1525 4831 1621 4902 τὴν
1662 4847 1826 4901 προσ-

1932 2468 2076 2534 gina:
2095 2467 2170 2530 “;
2207 2467 2320 2520 haec
2361 2468 2486 2522 item
2519 2469 2656 2522 tituli
2694 2469 2976 2538 inscriptio
3006 2473 3185 2523 statim
3218 2471 3285 2523 ab
3311 2485 3473 2524 exor-

1932 2557 2020 2610 dio
2066 2557 2283 2611 eosdem
2325 2557 2461 2612 ﬁlios
2504 2559 2780 2613 hominum
2821 2561 3104 2629 compellat
3154 2560 3376 2616 dicens:
3408 2559 3470 2615 Si

1930 2663 2041 2700 uere
2067 2649 2242 2717 utique
2277 2649 2534 2711 iustitiam
2567 2651 2855 2719 loquimini,
2910 2663 3047 2705 recta
3073 2653 3332 2719 judicatc,
3369 2651 3476 2720 ﬁlii

1929 2739 2214 2792 hominum.
2257 2738 2323 2792 Et
2369 2742 2622 2809 quoniam
2678 2742 2732 2795 in
2780 2742 3098 2810 pra-cedenti
3151 2743 3465 2807 dicebatur,

1931 2830 2137 2898 Eripuit
2192 2833 2419 2884 animam
2478 2849 2644 2885 meam
2692 2833 2755 2885 de
2801 2833 2966 2885 medio
3024 2834 3317 2887 catulorum
3360 2836 3466 2889 leo-

1929 2935 2050 2972 num
2087 2918 2154 2981 ‘°,
2215 2921 2360 2989 sive},
2412 2919 2474 2973 de
2519 2919 2687 2974 medio
2723 2920 2957 2981 leonum,
3019 2922 3312 2975 secundum
3375 2939 3461 2979 re—

1929 3009 2125 3079 liquos,
2166 3021 2553 3079 consequenter
2595 3011 2650 3063 in
2705 3010 2953 3078 praesenti
2997 3010 3246 3074 infertur,
3291 3010 3466 3067 Malas

1931 3101 2134 3155 leonum
2162 3102 2411 3171 confregit
2437 3102 2684 3155 Dominus
2761 3099 3007 3170 Oportuit
3035 3103 3176 3156 enim
3223 3105 3464 3159 ediscere

1929 3209 2050 3257 nos,
2082 3209 2190 3263 quo
2238 3205 2394 3264 pacto
2425 3193 2681 3262 eripuerit
2710 3195 2936 3246 animam
2963 3193 3176 3249 Davidis
3202 3195 3468 3252 demedio

1934 3284 2240 3337 catulorum
2273 3284 2504 3336 leonum.
2557 3282 2629 3335 Ac
2671 3297 2884 3336 rursum
2920 3282 2985 3335 de
3022 3283 3468 3338 calumniatorum

1951 3389 2172 3428 suorum
2207 3373 2454 3426 dentibus
2489 3373 2541 3425 in
2565 3372 2881 3440 prmi-edenti
2920 3373 3113 3436 aiebat,
3150 3372 3276 3426 Filii
3301 3373 3469 3427 homi-

1921 3477 2072 3524 num,
2119 3452 2298 3514 dentes
2327 3476 2500 3513 eorum
2537 3460 2694 3511 telum
2743 3462 3069 3528 etsagittae;
3115 3462 3168 3515 in
3210 3466 3463 3534 praesenti

1928 3565 2077 3613 vero,
2114 3549 2251 3602 Deus
2287 3559 2509 3602 conteret
2538 3548 2712 3604 dentes
2751 3565 2926 3602 eorum
2979 3551 3032 3603 in
3075 3568 3164 3619 ore
3209 3555 3458 3620 ipsorum.

1929 3639 2134 3704 Quibus
2187 3640 2463 3692 ambarum
2516 3640 2651 3693 tituli
2706 3639 3117 3709 inscriptionum
3163 3658 3465 3700 consensus

1930 3735 2086 3802 plane
2133 3731 2530 3801 comprobatur.
2597 3730 2662 3785 Et
2708 3733 2811 3785 alia
2855 3747 3066 3802 quoque
3124 3737 3328 3789 ratione
3381 3719 3466 3790 di-

1929 3823 2066 3877 xerit
2117 3823 2405 3890 quispiam,
2441 3821 2565 3889 quia
2606 3820 2911 3890 priecedeus
2942 3824 3180 3891 gentium
3234 3827 3467 3880 vocatio-

1927 3928 2049 3969 nem
2095 3913 2488 3982 complectitur,
2509 3912 2631 3980 jure
2659 3911 2966 3979 hujusmodi
3006 3915 3294 3982 prophetia:
3325 3931 3461 3985 prie-

1928 4009 2132 4056 sentem
2156 4001 2295 4053 tituli
2337 3998 2748 4068 inscriptionem
2779 3998 3086 4067 adiunctam
3121 4000 3307 4063 fuisse,
3342 4017 3464 4071 qua:

1927 4090 2048 4145 ﬁliis
2080 4091 2353 4143 hominum
2377 4088 2508 4156 justi
2548 4089 2734 4158 judicii
2777 4087 2869 4143 Dei
2911 4088 3172 4142 rationem
3219 4098 3455 4152 enarret,

1927 4183 2283 4252 omnibusque
2328 4181 2543 4251 populis
2572 4181 2869 4251 praicipiat,
2917 4189 2975 4234 ut
3020 4181 3225 4238 sincera
3265 4181 3460 4234 voluno

1927 4282 2034 4329 tate
2059 4283 2110 4329 et
2147 4288 2283 4343 pura
2327 4273 2662 4334 conscientia
2691 4273 2757 4326 ad
2796 4271 2946 4326 verbi
2974 4270 3462 4325 doctrinamacce-

1924 4367 2073 4431 dant,
2099 4381 2272 4435 neque
2302 4366 2553 4435 pietatem
2597 4379 2721 4434 erga
2751 4361 2913 4416 Deum
2965 4360 3230 4415 simulent.
3281 4359 3460 4423 Quare

1925 4473 2112 4513 omnes
2164 4471 2330 4526 supra
2375 4447 2699 4510 memoratos
2755 4451 2999 4521 populos,
3064 4450 3458 4518 universasque

1923 4538 2110 4620 gentes
2135 4547 2199 4601 de
2229 4547 2426 4617 quibus
2455 4544 2750 4606 dicebatur,
2780 4539 3075 4610 Conﬁtebor
3103 4540 3193 4592 tibi
3221 4541 3273 4592 in
3303 4554 3461 4609 popu-

1926 4643 2013 4704 lis,
2045 4640 2285 4701 Domine,
2318 4635 2540 4706 psallam
2566 4634 2658 4686 tibi
2687 4633 2740 4685 in
2765 4633 2997 4702 gentibus
3014 4632 3080 4696 "’,
3130 4632 3460 4700 compellans

1925 4718 2102 4788 sermo
2129 4744 2385 4800 presens,
2417 4727 2718 4779 obtestatur
2769 4725 2991 4777 dicens:
3045 4722 3105 4777 Si
3142 4737 3252 4775 vere
3282 4722 3462 4789 utique

1917 4824 2181 4893 justitiam
2229 4817 2514 4888 loquimini,
2549 4825 2690 4869 recta
2726 4814 2985 4885 judicate,
3038 4815 3137 4883 ﬁlii
3170 4813 3452 4864 hominum.

280 4921 514 4994 φώνησιν
552 4923 919 4993 πιούμενοςὸ
948 4920 1134 4992 παρὼν
1183 4922 1338 4992 λόγος
1399 4900 1822 4993 διαμαρτύρεται
1922 4916 2018 4970 Nai

1721 4938 1822 4974 εται
1922 4916 2053 4970 Nam
2090 4916 2133 4969 si
2169 4926 2292 4965 vere
2315 4909 2580 4978 justitiam
2606 4909 2731 4978 quis
2750 4901 3082 4978 proﬁteatur,
3108 4920 3212 4959 non
3242 4900 3459 4979 aliunde

278 4993 447 5082 λέγων
466 5031 478 5044 -
503 5015 571 5068 Et
591 5011 826 5082 άληθῶς
844 5013 957 5082 ἄρα
975 5013 1363 5082 δικαιοσύνην
1379 5011 1825 5073 λαλεῖτε,,εὺθέα
1854 5040 1897 5094 D
1925 5023 2016 5062 con

1717 5011 1825 5065 θέα
1854 5040 1897 5094 D
1925 4993 2379 5075 comprObabitur.
2433 5015 2591 5070 quam
2643 5016 2709 5054 ex
2746 5015 2810 5054 eo
2841 4997 3002 5094 quod-
3031 5006 3176 5094 recta
3230 4993 3455 5094 iudicet.

277 5106 522 5175 κρίνετε,
561 5103 679 5158 υἱοὶ
715 5103 832 5158 τῶν
868 5103 1204 5172 ἀνθρώπων.
1244 5107 1304 5160 El
1349 5105 1456 5175 γὰρ
1498 5102 1710 5173 ἀληθῶς
1738 5120 1822 5168 τις

276 5180 613 5267 δικαιοσύνην
644 5195 1059 5272 ἐπαγγέλλοιτο,
1087 5197 1195 5250 οὐδ’
1219 5196 1436 5250 ἄλλοθεν
1465 5193 1818 5266 δειχθήσεται,

276 5291 310 5361 ἢ
345 5288 453 5344 ἀπὸ
506 5287 600 5339 τοῦ
641 5288 844 5358 κρίνειν
877 5287 1056 5340 εὐθέα.
1091 5287 1276 5357 Κρινει
1307 5287 1363 5340 δὲ
1384 5285 1541 5339 εὐθέα
1569 5287 1597 5338 δ
1630 5287 1818 5356 κρίνας

278 5382 404 5452 παρ’
439 5375 611 5447 ἑαυτῷ
635 5377 730 5448 τὴν
759 5377 898 5430 κατὰ
922 5377 1013 5431 τδν
1045 5378 1198 5448 ὀρθὸν
1229 5377 1402 5444 λόγον,
1434 5377 1526 5429 καὶ
1546 5375 1678 5447 μηδὲ
1704 5393 1820 5431 σκο-

275 5472 386 5529 λιὸν
439 5467 574 5541 μηδὲ
623 5467 937 5537 διάστροφον
977 5467 1250 5538 πράττειν.
1283 5454 1396 5523 Εῐθ’
1445 5466 1520 5528 ὡς
1551 5461 1656 5518 τῶν
1687 5466 1816 5521 υίῶν

274 5563 381 5619 τῶν
422 5559 720 5634 ἀνθρώταον
739 5556 879 5629 ’ὀρθὰ
901 5557 999 5630 μὶν
1016 5555 1312 5611 λαλούντων
1340 5559 1448 5618 τοῖς
1479 5555 1700 5625 χείλεσι,
1728 5558 1819 5611 καὶ

274 5657 352 5728 τῷ
382 5656 606 5727 στόματι
631 5651 967 5724 δικαιοσύνην
997 5640 1490 5722 ἐπαγγελλομένων,
1524 5648 1815 5720 ἐλεγχομέ.

273 5770 405 5808 νωνε
425 5751 485 5805 ἃ
523 5750 643 5813 ἀπὸ
670 5748 990 5828 τῶνρργων,
1019 5746 1101 5799 ὅτι
1132 5735 1388 5798 τάναντία
1412 5738 1551 5794 κατὰ
1581 5739 1816 5796 διάνοιαν

334 5908 380 5940 ιι
416 5906 558 5965 Ρηι.
591 5923 709 5973 ui,
740 5906 792 5963 3.
867 5905 911 5939 δ’
949 5903 1078 5960 ibid.
1154 5900 1195 5933 ιτ
1236 5857 1366 5955 ibid.
1407 5897 1493 5954 io.

1925 5099 2088 5155 Recta
2115 5109 2242 5149 vero
2262 5092 2493 5164 judicat,
2518 5092 2611 5164 qui
2643 5091 2782 5160 apud
2810 5106 2868 5146 se
2889 5089 3150 5160 judicavit
3174 5099 3239 5138 ac
3271 5085 3458 5139 decre-

1923 5191 2018 5254 vit,
2046 5183 2313 5258 justitiam
2358 5200 2424 5239 ex
2453 5191 2601 5240 recta
2632 5185 2862 5246 ratione,
2904 5194 3004 5236 nec
3033 5176 3306 5248 quidpiam
3334 5182 3449 5228 tor-

1923 5292 2140 5338 tuosum
2172 5286 2266 5332 aut
2311 5292 2625 5347 perversum
2677 5274 2857 5330 edere.
2913 5267 3115 5326 Deinde
3141 5282 3290 5331 vero,
3331 5281 3453 5321 cum

1923 5374 2015 5430 lilii
2046 5369 2324 5426 hominum
2356 5368 2516 5423 labiis
2554 5365 2772 5436 quidem
2811 5369 2956 5417 recta
2992 5361 3364 5430 loquerentur,
3399 5363 3455 5410 et

1920 5481 2013 5522 ore
2039 5462 2302 5533 justitiam
2333 5460 2732 5532 proﬁterentur,
2767 5453 2860 5510 sed
2890 5452 3027 5524 ipsis
3063 5451 3316 5523 operibus
3360 5449 3455 5504 de-

1924 5554 2383 5630 prehenderentur
2413 5551 2646 5608 adversa
2683 5548 2938 5639 cogitare,
2961 5544 3260 5639 subiungit
3300 5560 3314 5596 :
3350 5538 3452 5639 lit-

1921 5648 2055 5703 enim
2081 5648 2136 5698 in
2173 5642 2328 5698 corde
2366 5641 2663 5712 iniquitates
2687 5635 2973 5706 operamini
3001 5636 3056 5688 in
3085 5641 3260 5711 terra:
3298 5635 3461 5695 cujus

1919 5737 2028 5803 rei,
2057 5735 2265 5808 inquit,
2295 5708 2666 5805 argumentum
2696 5735 2822 5783 sunt
2850 5737 3014 5796 opera
3060 5708 3261 5788 vestra,
3301 5717 3458 5790 Iniu-
