4402 6420
886 526 992 584 5t9
1535 512 1801 570 susse"
1840 494 2316 569 cmssnm‘nsns
2352 505 2502 563 ore.
2535 503 2653 561 PA!

2407 505 2502 560 PP.
2535 503 2717 561 PARS
2751 502 2843 559 ιιι.
2884 534 2952 545 -—
2988 498 3395 562 EXEGETICA.
3992 508 4094 563 520

889 644 1092 699 stitiam
1127 653 1312 692 manus
1345 641 1524 690 vestrm
1570 630 1901 700 complicant.
1950 626 2119 683 Recta
2170 641 2303 696 ergo
2341 625 2433 694 ju-
2461 638 2506 694 Α
2531 622 2653 691 λογί‹

2407 654 2433 665 -
2461 638 2506 694 Α
2531 622 2847 691 λογίζονται,
2877 621 3141 691 ἐπιλέγει·
3175 623 3282 677 Καὶ
3327 621 3436 691 γὰρ
3478 620 3546 676 ἐν
3584 619 3796 690 καρδίᾳ
3845 622 4095 691 ἀνομίας

886 733 1097 793 dicate,
1131 728 1227 782 ﬁlii
1258 726 1562 785 hominum,
1608 730 1662 776 et
1704 720 1982 774 vobiscum
2014 723 2281 787 reputate,
2308 728 2439 768 num
2530 715 2653 784 ἐργι

2407 728 2439 767 n
2530 712 2836 784 ἐργάζεσθε
2874 713 2943 766 ἐν
2976 712 3053 781 τῇ
3101 712 3178 784 τῇ
3196 731 3209 744 ·
3237 713 3425 767 τούτου
3451 712 3529 779 δὲ,
3562 714 3745 783 φησὶν,
3788 712 4006 783 ἐλεγχος
4039 716 4093 767 ut

885 837 1165 897 sermones
1211 820 1377 874 vestri
1420 832 1542 871 cum
1590 814 1845 884 operibus
1892 815 2214 863 consonent.
2291 804 2429 859 Nam
2532 805 2653 875 ὑμέίι

2407 820 2429 857 n
2532 805 2789 875 ὑμέτεραι
2842 803 3094 877 πράξεις·
3144 804 3407 859 Ἀδικίαν
3436 806 3495 857 αι
3524 803 3717 871 χεῖρες
3740 801 3907 872 ὑμῶν
3943 815 4097 871 συμ-

884 892 930 972 si
962 912 1226 983 justitiam
1265 909 1567 979 loquimini,
1604 921 1703 959 cur
1743 919 1935 958 manus
1976 908 2172 957 vestrae
2215 892 2435 967 injuSti-
2536 894 2649 946 πλέ

2410 924 2435 936 -
2536 894 2845 946 πλέκουσι.
2891 892 3124 962 Κρίνατε
3167 888 3259 946 οὖν
3281 891 3461 954 εὐθέα,
3492 890 3595 944 uioi.
3625 891 3732 943 τῶν
3774 888 4094 960 ἀνθρώπων,

882 980 1011 1060 tiam
1043 1002 1405 1071 complicant?
1457 999 1530 1051 Ex
1576 1011 1684 1066 quo
1713 1010 1841 1049 sane
1865 993 2040 1063 palam
2086 1000 2169 1045 est
2199 1003 2297 1043 vos
2332 987 2435 1040 ini-
2540 986 2634 1038 xui

2409 1016 2435 1026 -
2540 986 2634 1038 xui
2678 984 2961 1054 λογίσασθε
2995 984 3121 1053 παρ’
3144 984 3373 1047 ἑαυτοῖς,
3413 984 3460 1035 εί
3484 984 3592 1045 τοίς
3619 980 3902 1051 ὑμετέροις
3921 980 4112 1049 λόγοις·

880 1099 1114 1169 quitates
1160 1067 1212 1147 in
1263 1091 1428 1146 corde
1479 1089 1735 1157 cogitare.
1767 1092 1819 1138 et
1856 1083 1959 1136 alia
1990 1080 2205 1152 quidem
2253 1086 2431 1130 mente
2539 1091 2651 1145 συμ

2407 1091 2431 1128 c
2539 1076 2819 1145 συμφωνεῖ
2861 1074 2929 1127 τά
2971 1073 3125 1143 ἔργα.
3154 1073 3216 1126 Ei
3246 1073 3352 1144 γὰρ
3378 1070 3713 1139 δικαιοσύνην
3734 1068 3960 1132 λαλεῖτε,
3979 1067 4093 1133 πῶς

880 1201 1084 1254 tenere,
1129 1188 1233 1242 alia
1272 1200 1366 1240 ore
1397 1182 1663 1254 proloqui.
1700 1178 1784 1231 iSi
1834 1190 1962 1244 ergo
2012 1188 2124 1226 vere
2156 1170 2428 1239 justitiam
2535 1165 2591 1219 αί
2623 1184 2653 1235 χ

2407 1182 2428 1218 ι
2535 1165 2591 1219 ui
2623 1167 2795 1235 χεῖρες
2846 1162 2995 1233 ὑμῶν
3031 1162 3240 1216 ἀδικίαν
3282 1161 3709 1233 συμπλέκουσιν;
3740 1154 3945 1230 ’Δφ’.οῦ
3983 1159 4092 1213 δεί-

880 1282 1171 1353 loquimini.
1205 1281 1337 1334 heus
1364 1277 1489 1331 vos!
1537 1281 1675 1328 recta
1699 1269 1955 1339 judicate,
2008 1273 2061 1319 et
2105 1276 2223 1331 qua:
2256 1258 2429 1327 loqui-
2537 1271 2653 1308 κνυε

2407 1286 2429 1298 -
2537 1254 2733 1308 κνυσθε
2757 1254 2983 1323 ἀνομίας
3014 1255 3071 1307 ἐν
3100 1256 3163 1324 τῇ
3197 1252 3392 1323 καρδίᾳ.
3419 1250 3767 1330 λογιζόμενοι,
3804 1251 3896 1302 xui.
3928 1250 4095 1320 ἔτερα

879 1378 1009 1431 mini
1041 1376 1516 1446 peragite,~.neque
1563 1367 1619 1419 in
1674 1365 1836 1418 corde
1880 1360 2189 1429 iniquitates
2244 1366 2431 1421 opere.
2547 1345 2653 1446 μὲν

2410 1376 2431 1390 ο
2547 1345 2645 1405 μὲν
2675 1343 3057 1413 διανοούμενοι,
3088 1343 3250 1414 ἕτερα
3292 1341 3349 1394 δὲ
3394 1339 3470 1411 τῷ
3521 1340 3743 1410 στόματι
3788 1336 4091 1400 λαλοῦντες.
4126 1398 4131 1399 ν

878 1430 1061 1531 mini,‘
1101 1430 1225 1520 ηεξ·
1263 1475 1456 1515 manus
1488 1462 1675 1511 vestra:
1733 1450 2049 1522 injustitiain
2081 1442 2425 1512 complicent.
2535 1438 2604 1489 Et
2637 1435 2653 1488 ὲ

2412 1476 2425 1487 .
2535 1438 2604 1489 Et
2637 1434 2711 1503 δὴ
2744 1431 2836 1489 οῦν
2861 1434 3097 1501 ἀληθῶς
3124 1433 3255 1486 διὲίξ,
3286 1434 3513 1499 Major-nr
3550 1431 3817 1495 λαλεῖτε,
3854 1430 4096 1498 κρίνατε

1255 1548 1298 1608 ὧ
1350 1546 1512 1613 οῦτοι,
1549 1547 1643 1601 xui.
1681 1518 1822 1614 άπερ
1864 1541 2091 1601 λαλεῖτε,
2124 1533 2296 1589 ταῦτα
2339 1530 2431 1584 καὶ
2470 1530 2757 1599 πράττετε,
2804 1526 2937 1599 μηδὲ
2973 1518 3030 1580 ἐν
3080 1525 3274 1597 καρδίᾳ.
3304 1524 3528 1595 ἀνομίας
3581 1520 3894 1594 ἐργάζεσθε,
3960 1518 4093 1590 μηδὲ

872 1655 931 1707 αἱ
970 1656 1149 1723 χεῖρες
1180 1646 1333 1718 ὑμῶν
1366 1643 1589 1711 ἀνομίαν
1628 1636 2101 1708 συμπλεκέτωσαν.

942 1703 1108 1799 Vnus.
1281 1738 1511 1793 Alienati
1543 1743 1662 1789 sunt
1691 1740 1983 1801 peccatores
2017 1744 2049 1781 tt
2084 1723 2255 1785 vulva,
2282 1734 2431 1775 erra-
2538 1798 2550 1801 _

2407 1745 2431 1755 -
2616 1708 3206 1776 Ἀπηλλοτριώθησαν
3242 1709 3296 1761 οἱ
3327 1705 3653 1775 ἁμαρτωλοὶ
3684 1703 3799 1759 -.πὸ
3821 1703 4087 1774 μήτρας,

796 1832 799 1837 ’
870 1846 1055 1895 verunt
1085 1838 1147 1890 ab
1172 1844 1338 1897 utero,
1364 1830 1529 1884 locuti
1560 1834 1683 1882 sunt
1713 1826 1875 1894 falsa.
1922 1821 2046 1877 Haec
2067 1829 2281 1888 quoque
2306 1812 2429 1866 (iliis

2407 1827 2429 1866 ε
2526 1796 2959 1863 ἐπλανήθησαν
3006 1796 3123 1851 ἀπὸ
3167 1797 3424 1866 ’γαστρὸς
3445 1794 3480 1861 ,ἡ
3512 1795 3820 1859 ἐλάλησαν
3866 1794 4087 1864 ψευδῆ.

868 1931 1150 1986 hominum
1174 1885 1428 1996 applicat,
1457 1920 1551 1991 qui
1593 1933 1652 1974 se
1701 1885 1867 1970 beum
1893 1885 2100 1975 colere,
2124 1914 2179 1963 et
2202 1902 2429 1975 justitia:
2458 1983 2499 1996 ﬁ
2527 1892 2635 1943 Καὶ

2407 1918 2429 1956 ε
2527 1892 2635 1943 Καὶ
2673 1887 2844 1943 ταῦτα
2889 1888 3025 1960 πρὸς
3058 1888 3359 1952 τοὺςυὶοὺς
3404 1887 3513 1940 τῶν
3541 1886 3839 1959 ἀνθρώπιον
3872 1885 4092 1941 ἀποτεί-

2458 1983 2499 1996 ..
2771 1982 2784 1996 .
2865 1981 2877 1996 .
3071 1978 3151 1996 ..πί
3214 1977 3283 1996 ιη
3342 1976 3649 1996 -.-___.,._
3770 1976 4089 1996 --.μμ

868 2023 1016 2092 leges
1036 2019 1185 2075 adire
1209 1976 1555 2087 pioliteutur,
1587 2022 1764 2078 neque
1782 2015 1961 2059 tamen
1985 2009 2132 2056 recte
2153 1997 2420 2068 judicant.
2458 1983 2500 2058 Β
2527 1996 2653 2092 re“

2409 2036 2420 2047 ,
2532 1996 2679 2035 νεται
2706 1982 2831 2043 τοὺς
2862 1977 3355 2047 ἐπαγγελλομένους
3382 1976 3681 2040 θεοσεδεῖν,
3724 1978 3817 2030 καὶ
3840 1977 3967 2040 τοὺς
3990 1976 4093 2047 τῆς

2408 2087 2420 2092 -
2527 2070 2828 2092 δεμ-.--Ᾰημ
2847 2087 2866 2092 ρ
2916 2069 3041 2092 ----.ι
3057 2066 3264 2092 -_-_.n._.
3311 2066 3507 2092 “1..-..-
3582 2067 3653 2092 ...\.
3703 2068 3988 2092 -.4!..--._..-
4032 2065 4088 2092 RL

2407 2087 2423 2140 ί
2523 2070 2867 2141 δικαιοσύνης
2914 2066 3270 2140 μετέρχεσθαι
3311 2066 3546 2137 νόμους,
3582 2067 3655 2138 μὴ
3703 2068 3988 2140 κρίνοντας
4030 2065 4090 2119 δέ

867 2090 974 2170 Eos
1006 2114 1168 2184 igitur
1224 2110 1304 2165 sic
1345 2104 1632 2177 compellat
1665 2120 1678 2155 :
1713 2098 1857 2153 Heus
1903 2096 2032 2150 vos!
2094 2090 2297 2151 audite,
2330 2090 2423 2157 qui
2523 2090 2653 2184 etalt:

2522 2160 2713 2234 ὀρθῶς.
2744 2161 2910 2232 Φησὶν
2935 2156 3027 2213 οὖν
3058 2159 3192 2230 πρὸς
3219 2156 3415 2220 αὐτούς
3432 2174 3446 2188 ·
3486 2158 3775 2211 ’Δκούσατε
3795 2200 3810 2227 ,
3833 2152 3879 2212 ὦ
3906 2152 4052 2213 οὗτοι
4069 2196 4087 2224 ,

862 2177 1133 2276 justitiam
1156 2219 1249 2258 ore
1278 2210 1438 2256 tenus
1488 2192 1794 2265 loquimini,
1822 2188 2072 2243 manibus
2105 2196 2235 2238 vero
2283 2177 2426 2245 inju-

866 2300 1071 2356 stitiam
1094 2292 1418 2367 cperamini,
1480 2289 1757 2356 multaque
1807 2281 1969 2337 simul
2018 2286 2237 2349 peccata
2274 2287 2424 2327 com-

865 2393 1081 2466 plicatis
1102 2364 1521 2459 ;inagnojudici
1546 2385 1673 2437 latet
1702 2378 1835 2434 nihil
1860 2389 2048 2466 eorum
2082 2384 2201 2466 quae
2223 2364 2421 2466 singuli

865 2449 921 2537 in
940 2488 1119 2536 mente
1146 2483 1386 2533 versant.
1418 2472 1644 2541 Etiamsi
1694 2468 1838 2523 enim
1884 2464 2006 2535 quis
2050 2460 2222 2515 oculis
2254 2449 2423 2510 homi-

864 2586 997 2625 num
1052 2569 1219 2624 latere
1271 2566 1555 2629 videatur;
1605 2568 1659 2615 at
1712 2560 1851 2615 sciat
1903 2553 2422 2609 immaniseerrore

794 2662 797 2663 ⁷
866 2662 991 2717 duci
1010 2674 1234 2730 seseque
1284 2657 1552 2726 decipere.
1583 2653 1767 2723 Neque
1788 2650 1931 2705 enim
1963 2659 2156 2715 magno
2209 2640 2423 2697 univer-

862 2768 1047 2809 sorum
1071 2751 1241 2823 judtci
1279 2751 1524 2805 occultus
1547 2748 1671 2810 erit,
1702 2743 1770 2800 ad
1788 2743 1946 2813 cujus
1966 2736 2203 2795 tribunal
2230 2747 2420 2789 omnes

860 2848 1139 2901 sistemur.
1166 2841 1449 2910 Quomodo
1477 2846 1655 2893 autem
1684 2835 1793 2891 Deo
1821 2835 1991 2890 latere
2028 2828 2261 2901 possint,
2293 2838 2419 2880 cum

859 2940 1176 3010 priusquam
1202 2937 1255 2988 in
1303 2934 1476 2988 lucem
1506 2930 1805 3001 prodirent,
1832 2926 1904 2988 ei,
1939 2923 2032 2995 qui
2061 2920 2245 2977 omnia
2268 2916 2422 2992 novit

859 3040 1150 3101 antequam
1193 3030 1350 3089 ﬁant,
1410 3025 1612 3097 cogniti
1655 3019 1879 3078 essent?
1931 3016 2110 3083 Quare
2130 3020 2419 3080 antequam

858 3124 1070 3184 ﬁerent,
1098 3136 1217 3183 eos,
1245 3118 1400 3189 quasi
1421 3116 1531 3184 jam
1562 3113 1903 3171 exsisterent.
1928 3107 2059 3162 tales
2084 3102 2200 3158 fore
2232 3101 2421 3171 quales

854 3217 966 3286 jam
983 3220 1109 3267 sunt
1139 3207 1530 3281 prospiciebat:
1562 3204 1756 3259 exinde
1792 3198 2052 3267 verojam
2074 3194 2225 3267 apud
2237 3195 2419 3264 ipsum

858 3304 1130 3375 reprobati
1179 3308 1357 3358 erant.
1401 3296 1631 3352 Alienati
1684 3300 1805 3347 sunt
1850 3290 2014 3361 igitur
2055 3294 2347 3357 peccatores
2386 3299 2419 3335 a

857 3396 1027 3447 vulva.
1060 3378 1137 3445 Ac
1152 3388 1365 3446 etiamsi
1395 3386 1557 3442 hodie
1583 3382 1848 3455 justitiam
1902 3377 2154 3433 simulate
2187 3376 2418 3445 loquan-

859 3496 967 3549 tur,
1001 3483 1254 3554 operibus
1288 3478 1569 3535 contraria
1616 3473 2033 3546 aggredientes;
2057 3478 2112 3523 at
2160 3482 2267 3523 non
2304 3466 2415 3535 jam

857 3579 1098 3651 prinum
1127 3576 1266 3645 apud
1289 3573 1455 3629 Deum
1484 3572 1624 3626 tales
1656 3584 1778 3625 esse
1802 3566 2052 3622 videntur
2076 3583 2088 3618 :
2114 3562 2207 3618 sed
2238 3561 2416 3631 prius-

855 3685 1017 3739 quam
1077 3684 1153 3731 ειη
1192 3658 1351 3724 utero
1405 3666 1719 3736 prodirent;
1750 3664 1884 3732 quin
1918 3668 1972 3714 et
2015 3665 2304 3725 antequam
2360 3651 2415 3705 in

853 3750 1041 3817 vulvas
1056 3759 1397 3831 receptaculo
1417 3758 1837 3828 conciperentur
1852 3795 1867 3817 ,
1893 3770 1956 3809 ex
1980 3764 2206 3807 numero
2227 3762 2417 3804 erran-

858 3855 991 3907 tium
1017 3855 1084 3908 ab
1103 3868 1168 3908 eo
1217 3853 1627 3922 reputabantur,
1660 3856 1713 3904 et
1741 3848 1887 3918 quod
1926 3847 2061 3911 tales
2112 3843 2280 3899 futuri
2329 3857 2416 3898 es-

857 3950 980 3998 sent
1031 3959 1139 3998 non
1178 3943 1458 4012 ignorabat
1512 3942 1645 4011 ipse.
1690 3938 1795 3993 Sed
1829 3938 1899 3991 ab
1938 3952 2003 3992 eo
2032 3937 2144 4005 jam
2175 3943 2416 4003 tempore

855 4043 1082 4091 noverat
1101 4049 1195 4088 eos
1219 4033 1354 4087 falsa
1373 4034 1671 4095 locuturos,
1711 4039 1765 4085 et
1803 4028 2040 4085 furorem
2072 4030 2205 4097 ipsis
2232 4041 2416 4081 secun-

852 4129 979 4183 dum
1002 4125 1397 4183 similitudinem
1411 4125 1659 4192 serpentis
1684 4123 1817 4177 fore.
1846 4121 2025 4191 Θυμὸν
2039 4130 2216 4176 autem
2243 4117 2416 4174 Graeci

854 4220 1220 4277 solentetiam
1247 4218 1485 4273 animam
1516 4214 1807 4285 appellare.
1836 4212 2292 4283 Quoniam'igitur
2314 4225 2415 4264 an-

852 4317 1040 4387 tiquus
1054 4327 1280 4383 serpens
1328 4310 1423 4381 qui
1452 4308 1620 4363 Evam
1652 4308 1894 4377 decepit,
1918 4308 2073 4363 suavi
2104 4306 2325 4376 quidem
2359 4312 2413 4360 et

854 4408 1029 4463 amica
1058 4408 1306 4462 oratione
1356 4403 1609 4459 simulate
1633 4400 1907 4464 utebatur,
1941 4399 2033 4453 hei
2083 4401 2411 4453 mentionem

853 4484 1107 4561 faciebat,
1172 4504 1227 4552 et
1268 4509 1393 4550 cum
1457 4492 1693 4565 quadam
1752 4490 1967 4560 pietatis
1999 4490 2177 4558 specie
2200 4489 2413 4543 mulieri

854 4590 1106 4644 dicebat:
1139 4588 1315 4655 Quare
1337 4587 1473 4641 dixit
1510 4584 1689 4640 Deus:
1726 4581 1807 4637 Ne
1834 4580 2120 4635 comedatis
2160 4594 2226 4633 ea:
2271 4581 2414 4634 omni

850 4681 1016 4752 ligno,
1037 4679 1171 4750 quod
1203 4682 1356 4735 estin
1389 4678 1640 4750 paradiso
1669 4677 1750 4731 "i
1784 4690 1849 4731 ac
1905 4687 2124 4728 rursum
2153 4690 2166 4726 :
2201 4669 2407 4726 Sciebat
2440 4667 2487 4726 ι)

851 4775 991 4830 enim
1006 4773 1167 4838 Deus,
1188 4772 1324 4843 quod
1338 4788 1639 4843 quacunque
1658 4771 1741 4839 die
1757 4767 2082 4823 comederitis
2107 4780 2172 4819 ex
2192 4780 2271 4830 eo,
2291 4779 2413 4832 ape-

853 4871 1057 4924 rientur
1073 4867 1210 4920 oculi
1238 4866 1413 4929 vestri,
1439 4867 1651 4920 et‘eritis
1668 4865 1802 4919 sicut
1839 4862 1937 4927 dii,
1963 4861 2179 4916 scientes
2222 4858 2413 4913 bonum

854 4970 904 5017 et
934 4960 1209 5015 malum".
1250 4961 1316 5013 Et
1367 4958 1564 5013 talibus
1596 4960 1812 5029 quidem
1843 4958 2004 5015 dictis
2031 4957 2316 5019 simulans,
2360 4963 2413 5011 et

851 5054 1021 5110 Deum
1043 5069 1100 5109 se
1116 5067 1281 5109 nosse
1328 5049 1642 5123 praeferens,
1683 5052 1961 5107 mulierem
1998 5052 2411 5123 alloquebatur;

851 5147 909 5203 in
926 5146 1092 5201 corde
1112 5153 1299 5201 autem
1318 5143 1637 5214 iniquitates
1677 5145 2025 5214 operabatur,
2068 5161 2131 5200 ac
2154 5147 2410 5215 operibus

851 5237 1175 5308 iniustitiam
1204 5237 1583 5309 complieabat.
1618 5234 1809 5292 Merito
1828 5237 1881 5290 hi
1913 5254 2129 5309 quoque
2157 5240 2414 5294 dicuntur

852 5331 1097 5385 furorem
1114 5337 1169 5383 et
1198 5331 1433 5385 animam
1465 5329 1669 5392 habere,
1721 5339 2021 5387 memorato
2066 5335 2303 5405 serpenti
2338 5334 2413 5389 si-

851 5422 1055 5477 milem.
1077 5417 1229 5487 Quod
1259 5420 1435 5490 ipsum
1466 5420 1608 5478 Deus
1634 5408 1972 5492 pmcientia
2003 5440 2097 5481 sua
2132 5442 2410 5499 praeoccu-

852 5508 1019 5580 pavit.
1034 5511 1171 5567 Nam
1192 5511 1272 5587 hi,
1294 5513 1495 5571 auditis
1518 5514 1717 5571 divinis
1746 5516 2109 5583 sermonibus,
2131 5521 2412 5590 sacrisque

851 5604 1033 5667 verbis
1085 5600 1309 5689 eruditi,
1346 5605 1483 5666 nihil
1542 5606 1610 5663 ad
1666 5606 1953 5662 utilitatem
2009 5614 2239 5679 parient,
2281 5614 2411 5684 quia

854 5711 1015 5755 aures
1059 5698 1391 5763 occludunt,
1414 5705 1591 5771 neque
1630 5698 1941 5780 divinarum
1980 5702 2407 5765 incantationum

851 5787 1084 5848 virtutes
1114 5791 1412 5864 recipiunt,
1440 5790 1537 5850 sed
1555 5794 1763 5852 similes
1792 5800 1920 5851 sunt
1950 5796 2125 5868 aspidi
2151 5800 2410 5858 surdae-et

924 5912 1138 6004 “Gen.
1176 5965 1274 6018 tu,
1309 5950 1360 6007 1.
1432 5951 1478 5984 δ’
1517 5951 1649 6011 ibid.
1684 5954 1741 6011 5.

2522 2254 2571 2306 οἱ
2611 2251 2898 2315 λαλοῦντες
2936 2250 3034 2322 μὲν
3062 2247 3404 2318 δικαιοσύνην
3431 2246 3508 2317 τῷ
3550 2248 3813 2317 στόματι,
3860 2248 4088 2321 ἐργαζό-

2528 2361 2677 2416 μενοι
2717 2343 2772 2397 δὲ
2798 2345 2916 2406 ταῖς
2956 2342 3140 2413 χερσὶν
3181 2338 3421 2403 ἀδικίαν,
3477 2338 3570 2391 xui.
3613 2338 3808 2403 πολλὰς
3848 2340 3988 2393 κατὰ
4023 2339 4086 2394 τὸ

2521 2436 2649 2489 αὐτὸ
2685 2434 3082 2505 συμπλέκοντες
3111 2431 3383 2503 ἁμαρτίας
3405 2447 3417 2459 ·
3443 2430 3533 2483 τὸν
3567 2428 3740 2500 μέγαν
3769 2430 3962 2500 κριτὴν
3992 2430 4084 2483 οὐ·

2519 2527 2606 2583 δέν
2633 2526 2881 2581 λανθάνει
2902 2524 3007 2579 τῶν
3028 2522 3168 2577 κατά
3198 2523 3431 2577 διάνοιαν
3456 2520 3668 2591 ἑκάστῳ
3695 2518 4081 2591 λογιζομένων.

2520 2618 2637 2673 Κᾶν
2665 2618 2773 2690 γὰρ
2801 2619 2928 2689 δοκῇ
2968 2634 3053 2679 τις
3097 2600 3398 2687 ἀνθρώπων
3437 2598 3747 2684 ὀφθαλμοὺς
3786 2612 4083 2685 κρύπτειν,

2520 2712 2632 2766 ἀλλ’
2687 2711 2817 2764 ίστω
2837 2750 2851 2776 ,
2906 2712 2985 2764 ὅτι
3030 2709 3208 2781 δεινὴν
3253 2709 3461 2781 πλάνην
3506 2707 3841 2778 πεπλάνηται
3893 2705 4086 2761 ἐαυτὸν

2518 2803 2760 2856 ἀπατῶν.
2800 2801 2874 2855 Οὐ
2905 2800 3013 2873 γὰρ
3057 2800 3147 2854 τὸν
3180 2800 3351 2871 μέγαν
3388 2799 3497 2853 τῶν
3526 2798 3661 2854 ὅλων
3693 2796 3883 2872 κριτὴν
3905 2796 4085 2870 ,λήσε-

2517 2912 2639 2957 ται,
2687 2888 2747 2948 οὗ
2790 2894 2986 2955 πάντες
3033 2891 3139 2963 πρὸ
3174 2891 3265 2944 τοῦ
3311 2890 3550 2962 βήματος
3595 2887 4078 2961 παραστησόμεθα.

2520 2986 2642 3048 Πῶς
2663 2985 2706 3038 δ’
2731 2985 2795 3039 ἂν
2824 2985 2915 3039 καὶ
2952 2983 3161 3038 λάθοιεν
3182 2983 3271 3037 τὸν
3301 2983 3431 3035 Θεὸν
3457 2979 3618 3046 οῦτοι,
3652 2983 3811 3036 ὁπότε
3835 2982 3928 3037 xui.
3952 2982 4081 3053 πρὶν

2466 3082 2473 3090 ’
2520 3077 2597 3139 είς
2623 3075 2735 3144 φῶς
2759 3075 3035 3146 προελθεῖν
3056 3074 3268 3139 αὐτοὺς,
3297 3074 3475 3127 πάντα
3500 3074 3661 3127 εἰδότι
3692 3073 3795 3145 πρὸ
3815 3072 4081 3141 γενέσεως

2519 3166 2696 3221 αὐτῶν
2737 3166 3127 3237 ἐγνωρίζοντο;
3166 3166 3256 3217 Διὸ
3304 3166 3432 3237 πρὶν
3476 3162 3799 3233 γεννηθῆναι
3847 3163 4081 3227 αὐτοὺς,

2519 3257 2593 3321 ὡς
2620 3258 2718 3329 ἠδη
2747 3257 3057 3327 ὑφεστῶτας
3076 3297 3090 3322 ,
3121 3257 3214 3310 xui.
3238 3255 3507 3318 τοιούτους
3544 3254 3699 3317 ὄντας
3730 3248 3831 3308 οἷοι
3854 3252 3949 3305 νῦν
3975 3254 4080 3306 είσι

2445 3320 2487 3379 C'
2520 3320 2805 3420 προεώραί
2843 3348 2941 3419 ἥδη
2982 3364 3042 3401 τε
3078 3320 3148 3411 ἐξ
3189 3349 3396 3402 ἐκείνου
3439 3346 3730 3416 ἀπόϐλητοι
3771 3338 3909 3414 ἦσαν
3946 3346 4078 3415 παρ’

2517 3438 2683 3510 αὐτῷ.
2720 3437 3305 3507 Ἀπηλλοτριώθησαν
3330 3437 3459 3507 γοῦν
3490 3440 3543 3491 oi
3581 3433 3912 3506 ἁμαρτωλοί
3958 3432 4076 3487 ἀπὸ

2511 3533 2760 3603 μήτρας.
2784 3533 2893 3585 Καὶ
2919 3533 2966 3585 εί
2988 3532 3081 3585 xui.
3110 3531 3178 3584 τὰ
3211 3530 3443 3601 μάλιστα
3472 3530 3708 3601 σήμερον
3735 3523 4077 3597 δικαιοσύνην

2516 3623 2693 3677 λαλεῖν
2719 3623 3157 3696 προσποιοῦνται,
3185 3627 3296 3687 τοῖς
3320 3622 3502 3695 ἔργοις
3530 3620 3597 3673 τά
3636 3620 3854 3673 ἐναντία
3886 3633 4079 3689 μετερ-

2515 3717 2753 3788 χόμενοι,
2789 3717 2901 3769 ἀλλ’
2929 3717 2989 3769 ού
3026 3716 3120 3769 καὶ
3153 3716 3301 3787 παρά
3328 3713 3444 3783 Θεῷ
3477 3712 3571 3766 νῦν
3602 3712 3878 3784 ἐφάνησαν
3900 3710 4077 3764 τοιοῦ-

2515 3827 2594 3862 τοι
2620 3825 2632 3840 ο
2661 3810 2788 3880 πρὶν
2814 3809 2870 3862 δὲ
2908 3808 3016 3861 ἀπὸ
3048 3807 3284 3877 γαστρὸς
3312 3804 3589 3875 προελθεῖν
3624 3804 3839 3867 αὐτοὺς,
3878 3801 4077 3872 μᾶλλον

2514 3900 2570 3954 δὲ
2599 3902 2693 3954 καὶ
2720 3901 2826 3973 πρὸ
2864 3899 2957 3953 τοῦ
2998 3897 3363 3968 συλληφθῆναι
3397 3900 3454 3950 ἐν
3497 3894 3577 3965 τῷ
3612 3895 3711 3965 τῆς
3748 3894 3959 3964 μήτρας
3988 3892 4078 3946 δον

2514 3992 2675 4063 χείῳ,
2703 3994 2760 4046 ἐν
2792 3989 3223 4061 πεπλανημένοις
3253 3974 3605 4056 ἐλογίσθησαν
3636 3984 3762 4054 παρ’
3786 3981 3954 4053 αὐτῷ,
3980 3982 4075 4036 καὶ

2517 4083 2795 4153 μέλλοντες
2827 4082 3042 4137 ἔσεσθαι
3075 4078 3301 4133 τοιοῦτοι
3327 4078 3427 4131 οὐκ
3458 4073 3911 4147 ὴγνοοῦντο.Ἤδη
3932 4072 3989 4126 δέ
4014 4073 4087 4142 ἐξ¹

2513 4174 2718 4229 ἐκείνου
2767 4174 2840 4238 ὡς
2883 4174 2949 4228 ἂν
2995 4172 3278 4245 μέλλοντες
3325 4170 3392 4223 τὰ
3446 4167 3613 4240 ψευδῆ
3664 4164 3843 4221 λαλεῖν
3888 4163 4076 4234 ἐγινώ-

2516 4281 2735 4328 σκοντο,
2771 4265 2864 4318 καὶ
2887 4264 2962 4328 ὡς
2992 4253 3162 4335 θυμὸς
3192 4263 3375 4326 αὐτοῖς
3408 4263 3523 4315 ἐστι
3556 4258 3705 4313 κατὰ
3730 4256 3843 4327 τὴν
3870 4255 4075 4327 δμοίω-

2512 4368 2616 4410 σιν
2640 4356 2745 4410 τοῦ
2783 4356 2989 4425 ὄφεως.
3018 4356 3199 4426 Θυμὺν
3228 4356 3284 4408 οὲ
3309 4355 3403 4408 xui.
3430 4352 3529 4423 τὴν
3564 4350 3738 4423 ψυχὴν
3769 4349 3861 4405 xui.
3888 4338 4074 4412 παῖδες

2524 4446 2785 4519 Ἐλλήνων
2821 4445 3003 4500 καλεῖν
3046 4446 3320 4501 εἰώθασιν.
3371 4445 3522 4498 Ἐπεὶ
3559 4443 3738 4496 τοίνυν
3769 4442 3863 4496 xui.
3906 4442 3936 4493 ὸ
3969 4456 4074 4492 πα-

2511 4539 2659 4602 λαιὸς
2695 4536 2846 4607 ὄφις,
2891 4536 2990 4607 τὴν
3022 4525 3165 4590 Εὔαν
3196 4538 3511 4607 ἀπατήσας,
3560 4534 3935 4604 προσεποιεῖτο
3972 4530 4073 4603 μὲν

2512 4619 2736 4701 γλυκείᾳ.
2786 4629 2878 4682 xui.
2930 4627 3117 4705 φιλικῇ
3167 4625 3463 4696 κεχρῆσθαι
3506 4624 3720 4695 ὁμιλία,
3757 4626 3975 4697 μνήμην
4009 4640 4070 4678 τε

2514 4719 2649 4774 Θεοῦ
2698 4717 2995 4781 ποιεῖσθαι,
3029 4718 3120 4770 καί
3164 4732 3284 4770 τινα
3306 4714 3705 4768 ἐπιδείκνυσθαι
3747 4715 4066 4781 εὐλάϐειαν,

2513 4811 2683 4881 λέγων
2730 4814 2796 4883 τῇ
2842 4810 3091 4879 γυναικί·
3143 4809 3203 4863 Τί
3234 4808 3323 4862 ὅτι
3357 4802 3526 4861 εἶπεν
3560 4808 3591 4858 ό
3636 4808 3813 4873 Θεός*
3856 4812 3939 4863 Οὐ
3980 4808 4068 4879 μὴ

2514 4902 2735 4970 φάγητε
2759 4900 2877 4956 ἀπὸ
2902 4899 3128 4967 παντὸς
3153 4898 3340 4963 ξύλου
3375 4897 3481 4951 τοῦ
3496 4896 3565 4950 ἐν
3584 4894 3681 4961 τῷ,
3699 4896 4073 4966 παραδείσῳς

2512 4994 2605 5047 καὶ
2636 4977 2827 5047 πάλιν·
2854 4992 3028 5065 ,νῌδει
3071 4990 3181 5060 γὰρ
3218 4995 3249 5045 ό
3275 4989 3419 5069 Θεὸς
3438 5028 3453 5053 ,
3483 4987 3572 5041 ὅτι
3602 4981 3643 5059 ᾖ
3670 4986 3730 5069 δ’
3765 4988 3843 5042 ἂν
3881 4990 4074 5060 ἡμέρᾳ

2511 5082 2734 5152 φάγητε
2781 5061 2914 5138 ἀπ’-
2944 5079 3162 5146 αὑτοῦ,
3223 5061 3739 5146 δωκοιχθήσονίαι
3794 5076 3960 5146 ὑμῶν
4017 5081 4073 5133 οι

2512 5174 2801 5244 ὀφθαλμοί
2820 5212 2837 5237 ,
2879 5172 3220 5247 καίὲσεσθε
3252 5167 3331 5234 ὡς
3352 5168 3503 5233 θεοὶ,
3534 5166 3925 5239 γινώσκοντες
3968 5186 4074 5225 κα-

2510 5264 2624 5317 λὸν
2646 5262 2745 5320 καί
2769 5263 3061 5331 πονηρόν*
3091 5261 3185 5315 xui.
3222 5258 3444 5313 τοιαῦτα
3479 5260 3575 5329 μὲν
3612 5260 4068 5333 ὑποκρινόμενος,

2512 5356 2604 5406 xui
2632 5354 2722 5409 τὸν
2749 5354 2882 5408 Θεὸν
2914 5351 3110 5407 εἰδέναι
3137 5348 3598 5422 προσποιούμενος
3617 5391 3631 5415 ,
3662 5350 3854 5422 ὡμίλει
3874 5353 3948 5422 τῇ
3974 5366 4073 5419 γυ-

2512 5447 2687 5510 ναικὶ,
2736 5449 2792 5501 ἐν
2836 5443 3032 5517 καρδία
3075 5442 3133 5496 δὲ
3186 5442 3413 5515 ἀνομίας
3456 5442 3767 5516 εἰργάζετο,
3815 5444 3909 5499 καὶ
3952 5444 4075 5504 τοῖς

2511 5538 2688 5610 ἔργοις
2708 5538 2919 5594 ἀδικίαν
2943 5535 3271 5591 συνέπλεκεν
3291 5552 3304 5567 ’
3318 5534 3542 5599 είκότως
3565 5536 3660 5589 xu‘t
3687 5536 3795 5590 οἶδε
3823 5536 4070 5604 λέγοντας

2510 5629 2679 5701 θυμὸν
2704 5630 2851 5703 ἔχειν
2879 5632 2971 5684 καὶ
2997 5627 3173 5700 ψυχὴν
3202 5628 3393 5699 ὁμοίαν
3421 5628 3499 5701 τῷ
3527 5612 3876 5702 προλεχθέντι
3908 5625 4028 5695 ὕφει
4048 5641 4064 5657 ·

2508 5719 2538 5774 δ
2568 5720 2630 5793 δὴ
2656 5723 2750 5775 καὶ
2776 5718 2911 5776 αὐτὸ
2934 5719 3259 5791 προείληφεν
3278 5720 3308 5772 δ
3337 5720 3469 5784 Θιδς
3498 5722 3564 5791 τῇ
3600 5712 3921 5791 προγνώσει.
3946 5716 4068 5771 Τῶν

2437 5872 2453 5877 _
2510 5812 2618 5886 γάρ
2640 5812 2798 5871 θείων
2832 5810 3204 5877 είσακούοντες
3242 5813 3413 5883 λόγων
3441 5813 3536 5887 xui
3562 5815 3672 5880 τοῖς
3703 5812 3869 5886 {spots
3895 5810 4068 5899 μαθηε
