4402 6406
864 478 974 549 5‘25

1561 482 1824 541 EUSEBII
1860 481 2339 541 CESARIENSIS
2377 479 2528 538 OPP.
2564 479 2744 543 PARS
2780 476 2867 538 111.
2914 510 2982 522 --
3027 470 3421 539 ΕΧΕΕΕΤΙΕᾸ

3972 483 4076 543 δυ

864 605 1057 664 structi
1100 604 1191 659 ﬁlii
1223 604 1518 671 hominum,
1550 604 1692 675 quod
1716 604 1925 661 scilicet
1967 620 1997 658 a
2040 603 2150 660 Deo
2214 619 2412 675 praeno-

2517 602 2699 665 θόντες
2732 600 2859 672 περὶ
2884 602 2991 655 τῶν
3033 601 3365 673 ἁμαρτωλῶν
3402 601 3450 654 oi
3480 600 3585 654 υἱοὶ
3611 598 3719 654 τῶν
3745 599 4075 674 emam,

864 704 1113 755 scantur.
1134 702 1189 750 et
1215 694 1358 766 quod
1400 702 1684 766 antequam
1718 696 1783 749 ad
1817 696 2065 755 homines
2097 696 2413 758 transirent,

864 786 1147 843 notumilli
1176 797 1321 843 esset
1377 787 1509 842 tales
1549 786 1969 856 ipsos’futuros,
2003 787 2184 842 audite
2229 788 2415 855 cujus-

863 876 1009 931 modi
1033 876 1136 931 ﬁne
1166 877 1330 947 iidem
1384 877 1688 947 excipiendi
1710 879 1837 934 sint.
1860 878 2128 946 Quoniam
2177 879 2318 933 enim
2359 879 2416 931 li-

861 958 988 1013 bera
1009 967 1063 1014 et
1092 938 1411 1015 suiarbitrii
1443 938 1635 1017 natura
1666 938 1907 1035 praediti:
1933 963 1982 1016 vi
2010 963 2413 1019 internoscendi

860 1050 988 1105 boni
1014 1060 1067 1107 et
1104 1054 1657 1129 contrariilinstructi,
1682 1066 1841 1129 atque
1861 1058 2082 1113 liberam
2116 1058 2181 1112 ad
2208 1067 2417 1115 utrum-

860 1144 990 1199 libet
1022 1146 1421 1201 inclinationem
1450 1150 1614 1215 nacti,
1640 1166 1745 1206 non
1764 1159 1907 1205 recte
1928 1149 2135 1218 judicio
2156 1164 2257 1205 suo
2286 1160 2414 1206 ειν-ιι

860 1238 967 1303 usi,
1000 1253 1172 1308 neque
1189 1247 1390 1293 rectam
1417 1242 1579 1307 viam,
1611 1243 1713 1296 etsi
1736 1249 1915 1296 notam
1934 1240 2058 1306 sibi,
2086 1240 2410 1307 dilexerunt,

838 1346 1034 1401 neque
1084 1333 1340 1402 operibus
1385 1334 1652 1403 justitiam
1712 1336 1983 1396 adierunt,
2044 1348 2205 1402 quam
2234 1334 2412 1390 verbis

856 1424 1121 1478 duntaxat
1152 1434 1207 1479 et
1234 1426 1390 1480 labiis
1422 1434 1548 1481 sunt
1585 1424 1836 1495 professi,
1870 1425 2148 1493 veterique
2175 1428 2411 1497 serpenti

740 1596 743 1597 ν
854 1517 1082 1581 similes,
1118 1518 1305 1588 aspide
1341 1519 1505 1574 surda
1540 1519 1836 1573 deteriores
1862 1532 2120 1581 evasere;
2144 1516 2264 1572 ideo
2292 1518 2412 1599 quae

852 1610 989 1680 ipsis
1040 1621 1295 1665 eventura
1342 1612 1449 1665 sint
1478 1612 1679 1672 audite,
1727 1610 2051 1678 disciteque,
2084 1609 2156 1677 ab
2193 1611 2411 1664 univer—

856 1712 1038 1753 sorum
1058 1698 1241 1768 judice
1263 1699 1369 1754 Deo
1398 1686 1755 1753 conterendos
1774 1714 1895 1753 esse
1925 1699 2166 1767 ipsorum
2199 1698 2407 1763 dentes,

854 1790 945 1857 qui
986 1790 1117 1842 nihil
1153 1804 1375 1858 prorsus
1412 1804 1441 1842 a
1488 1789 1734 1845 leonibus
1783 1790 2114 1860 discrepant,
2167 1801 2221 1846 et
2266 1794 2408 1862 quod

853 1877 1107 1946 posthaec
1145 1878 1326 1931 omnia
1360 1880 1533 1933 instar
1580 1895 1732 1949 aqua:
1778 1880 2044 1937 emuentis
2074 1882 2409 1938 dissolvendi

2525 696 2618 748 καὶ
2645 695 2719 758 ὡς
2738 734 2753 758 ,
2786 695 3224 766 προγνωσθέντες
3249 695 3353 748 ὑπὸ
3382 693 3476 746 τοῦ
3507 692 3671 756 Θεοῦ,
3709 694 3803 748 καὶ
3842 695 3970 765 πρὶν
3996 696 4076 761 εις

2522 788 2839 861 ἀνθρώπους
2890 788 3175 859 παρελθεῖν
3200 828 3215 850 ,
3256 786 3607 857 ὲγνωρίζοντο
3646 786 3793 855 αὐτῷ
3832 786 4076 855 ἐσόμενοι

2520 880 2784 943 τοιοῦτοι,
2828 881 3050 934 ἀκούετε
3098 883 3275 936 ὁποῖον
3313 880 3464 943 τέλος
3508 881 3702 959 αὐτούς
3743 879 4072 949 διαλήψεται.

2535 962 2747 1040 Ἐπειδὴ
2799 971 2939 1039 γὰρ,
2993 968 3203 1037 φύσεως
3249 971 3533 1039 ἐλευθέρας
3591 970 3683 1022 καὶ
3732 968 4075 1033 αύτεξουσίου

2520 1066 2817 1137 γενόμενοι,
2835 1065 3152 1134 διακριτικοί
3176 1082 3233 1117 τε
3257 1066 3351 1118 τοῦ
3382 1063 3542 1118 καλοῦ
3569 1064 3660 1116 καὶ
3689 1061 3781 1114 τοῦ
3813 1061 4074 1122 ἐναντίου,

2520 1156 2617 1224 τήν
2643 1170 2701 1205 τε
2734 1153 2812 1214 είς
2838 1152 3073 1222 ἑκάτερα
3104 1152 3273 1221 ῥοπὴν
3297 1153 3393 1224 τὴν
3412 1156 3468 1206 ὲν
3488 1152 3694 1213 ἑαυτοῖς
3725 1149 4073 1220 κεκτημένοι,

2518 1248 2617 1300 οὑκ
2661 1244 2831 1315 ὀρθῶς
2860 1246 3157 1315 ἐχρήσαντο
3192 1245 3267 1313 τῷ
3297 1246 3565 1315 κριτηρίῳ
3587 1283 3601 1306 ,
3628 1242 3745 1296 οὐδὲ
3782 1243 4074 1311 ἠγάπησαν

2516 1340 2613 1410 τὴν
2640 1338 2877 1399 εὐθεῖαν,
2914 1336 3113 1403 καίπερ
3146 1334 3351 1404 εἰδότης
3381 1335 3566 1405 αὐτὴν,
3590 1334 3699 1387 οὐδ’
3730 1332 3909 1403 ἔργοις
3943 1347 4072 1403 μετ-

2518 1430 2677 1501 ῆλθον
2726 1430 2824 1498 τὴν
2871 1426 3233 1496 δικαιοσύνην,
3268 1426 3335 1494 ἢν
3365 1425 3503 1494 λόγῳ
3538 1426 3686 1505 μόνῳ
3712 1424 3806 1478 καὶ
3842 1422 4073 1494 χείλεσιν

2518 1520 2926 1591 ἐπηγγέλλοντο,
2949 1517 3027 1587 τῷ
3053 1516 3263 1585 παλαιῷ
3287 1515 3343 1567 δὲ
3375 1515 3493 1583 ὁφει
3517 1516 3888 1586 ὁμοιωθέντες,
3906 1514 4070 1567 ἀσπί-

2517 1611 2603 1673 δος
2637 1612 2824 1678 κωςῆς
2844 1608 3053 1677 χείρους
3075 1606 3347 1674 ἐγένοντο·
3374 1606 3560 1659 τούτου
3586 1608 3739 1678 χάριν
3768 1605 4080 1665 ἐπακούσω,

2516 1718 2574 1752 τε
2606 1701 2725 1754 τίνα
2762 1702 2853 1753 καὶ
2887 1700 3081 1760 αὐτοὺς
3119 1697 3430 1768 περιμένει,
3481 1700 3767 1767 μαθόντες,
3795 1700 3869 1761 ὡς
3902 1699 3930 1750 ὁ
3960 1696 4069 1748 τῶν

2516 1795 2649 1846 ὅλων
2677 1792 2867 1863 κριτὴς
2900 1790 3030 1853 Θεὸς
3058 1788 3335 1858 συντρίψει
3362 1790 3490 1851 τοὺς
3511 1788 3729 1852 ὀδόντας
3752 1789 3928 1841 αὐτῶν
3950 1787 4071 1842 κατ’

2516 1886 2666 1937 οὐδὲν
2689 1886 3050 1955 διαφερόντων
3078 1882 3337 1943 λεόντων,
3368 1879 3461 1932 καὶ
3486 1879 3564 1942 ὡς
3592 1880 3728 1949 μετὰ
3756 1880 3928 1933 πάντα
3959 1880 4073 1932 δια-

853 1967 983 2020 sint.
1013 1965 1145 2019 Nam
1174 1968 1316 2022 illius
1339 1968 1476 2034 loco,
1512 1971 1594 2022 Ad
1614 1971 1837 2025 nihilum
1868 1972 2135 2027 devenient
2165 1985 2412 2046 tanquam

2515 1980 2838 2050 λυθήσονται
2884 1981 3037 2049 δίκην
3081 1978 3266 2039 ὕδατος
3298 1975 3594 2046 ἐκρέοντος.
3636 1973 3778 2025 Ἀντί
3810 1973 3916 2046 γὰρ
3941 1974 4071 2037 τοῦ,

853 2072 991 2127 aqua
1024 2058 1324 2121 decurrens,
1356 2060 1715 2131 Symmachus
1746 2064 1825 2118 sic
1856 2063 2260 2134 interpretatur,
2289 2068 2413 2122 Dis-

852 2149 1123 2204 solvantur
1167 2152 1303 2205 sicut
1341 2170 1477 2222 aqua
1530 2158 1883 2223 pertransiens
1931 2160 2052 2213 sibi.
2089 2158 2222 2225 Quia
2265 2162 2412 2215 enim

850 2255 947 2297 ore
977 2237 1136 2298 tenus
1178 2243 1444 2312 justitiam
1468 2246 1746 2313 simulant,
1774 2248 1896 2319 jure
1926 2250 2069 2307 Deus
2098 2252 2289 2310 dentes
2314 2269 2411 2309 eo-

851 2349 972 2389 rum
1012 2335 1068 2390 in
1096 2350 1191 2393 ore
1210 2338 1452 2407 ipsorum
1480 2350 1742 2395 conteret.
1781 2342 1847 2397 Et
1870 2344 1995 2414 quia
2022 2360 2129 2399 non
2151 2354 2235 2400 sat
2277 2346 2412 2416 ipsis

848 2423 975 2491 fuit,
1012 2427 1157 2497 quod
1177 2430 1414 2498 serpenti
1439 2437 1492 2483 et
1516 2442 1825 2503 memoratae
1844 2435 2016 2504 aspidi
2032 2437 2211 2491 surda:
2226 2438 2408 2492 collati

842 2526 1070 2585 essent;
1104 2534 1226 2573 cum
1254 2520 1365 2589 jam
1394 2522 1624 2577 aliorum
1652 2525 1943 2593 perniciem
1966 2528 2269 2592 molientes,
2305 2528 2411 2583 leo-

841 2610 1012 2665 nibus
1042 2619 1095 2666 et
1117 2612 1312 2667 catulis
1328 2613 1541 2690 leonum
1566 2623 1974 2686 componatur;
2006 2632 2036 2671 a
2064 2618 2263 2687 quibus
2292 2619 2401 2673 ani-

850 2718 992 2756 mam
1024 2705 1137 2758 erui
1173 2720 1328 2759 suam
1392 2705 1556 2759 David
1585 2707 1657 2759 ita
1712 2716 1967 2775 precatur
1993 2708 2047 2762 in
2085 2710 2407 2777 praecedenti

850 2796 1081 2863 psalmo,
1102 2794 1169 2847 Et
1183 2796 1371 2863 eripuit
1389 2798 1617 2849 animam
1640 2813 1807 2850 meam
1832 2797 1895 2851 de
1918 2798 2086 2852 media
2110 2801 2408 2855 catulorum

851 2885 1057 2939 leonum
1114 2885 1192 2950 ⁸¹;
1234 2893 1347 2949 aut,
1395 2885 1459 2941 de
1505 2887 1673 2941 medio
1733 2887 1970 2951 leonum;
2004 2891 2177 2945 molas
2218 2905 2406 2947 eorum

849 2976 1256 3031 confracturum
1281 2993 1402 3053 esse
1446 2978 1614 3034 Deum
1650 2980 1872 3045 dicitur,
1890 2982 2145 3037 videlicet
2167 2988 2407 3054 potesta-

851 3077 933 3122 tes
990 3069 1207 3123 malitiae
1238 3085 1449 3135 eorum,
1491 3074 1645 3141 queis
1685 3072 1740 3127 in
1795 3074 2086 3127 multorum
2111 3074 2407 3143 perniciem

849 3160 1162 3214 utebantur.
1198 3161 1334 3217 Cum
1360 3172 1539 3218 autem
1571 3163 1758 3220 dentes
1782 3171 1835 3220 et
1856 3166 2025 3221 molas
2060 3182 2245 3221 eorum
2279 3181 2409 3225 con-

848 3249 1065 3303 triverit
1096 3250 1257 3316 Deus,
1292 3260 1422 3307 tunc
1477 3251 1693 3307 demum
1726 3264 1824 3307 ceu
1856 3255 2053 3309 mortui
2086 3254 2153 3309 ad
2178 3254 2406 3308 nihilum

2527 2071 3131 2136 Ἐξουδενωθήσονται
3175 2070 3255 2133 ὡς
3300 2067 3453 2133 ὕδωρ
3495 2065 4073 2133 παραπορευόμενον,

2512 2163 2540 2215 6
2588 2161 2877 2232 Σύμμαχος
2909 2162 3253 2232 ἡρμήνευσε,
3310 2154 3769 2221 Διαλυθήτωσαν
3794 2154 3875 2219 ὡς
3915 2154 4074 2222 ὕδωρ

2512 2256 2951 2323 παρερχόμενον
2977 2251 3184 2316 ἐαυτῷ.
3202 2249 3413 2320 Ἐπειδὴ
3446 2247 3552 2318 γὰρ
3582 2246 3661 2317 τῷ
3688 2244 3911 2316 στόματι
3942 2246 4075 2299 καθ-

2511 2334 2886 2415 υποκρίνονται
2927 2342 3025 2411 τὴν
3066 2340 3427 2411 δικαιοσύνην,
3451 2338 3674 2401 είιότως
3701 2336 3826 2401 τοὺς
3855 2335 4073 2398 ὀδόντας

2510 2435 2687 2491 αὐτῶν
2725 2436 2754 2487 ὁ
2785 2434 2918 2497 Θεὸς
2960 2435 3016 2486 ὲν
3054 2433 3133 2503 τῷ
3165 2433 3391 2503 στόματι
3425 2429 3603 2485 αὐτῶν
3636 2426 3931 2501 συντρίψει.
3963 2427 4074 2481 Καὶ
4183 2467 4198 2478 .

2510 2528 2633 2580 ἐπεὶ
2670 2526 2743 2595 μὴ
2778 2526 3091 2596 άπήρκεσεν
3130 2523 3311 2586 αὐτοῖς
3338 2520 3670 2591 ὁμοιωθῆναι
3698 2517 3777 2590 τῷ
3814 2517 3935 2587 ὀφει
3977 2518 4073 2572 καὶ

2508 2621 2576 2688 τῇ
2611 2615 2967 2687 προλεχθείσῃ
2993 2613 3176 2689 ὰσβίδι
3203 2615 3380 2683 κωφῇ,
3402 2611 3503 2682 ήδη
3530 2612 3590 2665 δι
3612 2610 3707 2665 καὶ
3728 2609 3950 2681 ἑτάρους
3980 2608 4074 2662 λυ-

2514 2708 2846 2778 μαινόμενοι,
2882 2706 3061 2759 λέουσι
3093 2702 3511 2773 παρεδλήθησαν
3540 2701 3634 2755 καὶ
3661 2702 3940 2771 σκύμνοις,
3977 2699 4074 2769 ἀφ’

2508 2791 2584 2851 ὧν
2614 2780 2710 2866 τὴν
2739 2794 2927 2848 ἑαυτοῦ
2947 2795 3124 2864 ψυχὴν
3145 2792 3405 2865 ἑρρὖθαι
3430 2792 3642 2862 εὔχεται
3668 2791 3699 2844 ὁ
3718 2790 3880 2845 Aw”
3899 2790 4077 2859 λέγων

2509 2888 2567 2940 ὲν
2597 2885 2675 2955 τῷ
2704 2886 2808 2955 πρὸ
2838 2885 3026 2938 τούτου
3050 2901 3064 2915 ·
3096 2884 3205 2937 Καὶ
3237 2884 3529 2952 ἐρῤύσατο
3566 2881 3681 2959 τὴν·
3707 2880 3917 2952 ψυχήν·
3953 2898 4074 2950 μου

2507 2978 2576 3031 ἐκ
2600 2976 2791 3047 μέσου
2816 2975 3121 3043 σκύμνων,
3155 2972 3209 3043 ἢ,
3231 2972 3299 3026 ἐκ
3326 2972 3519 3041 μέσου
3548 2972 3807 3025 λεόντοιν
3846 2970 3946 3034 τὰς
3974 2970 4073 3040 μύ-

2508 3070 2603 3134 λας
2648 3070 2826 3123 αὐτῶν
2861 3067 3177 3121 συνθλάσειν
3218 3065 3429 3133 λέγεται
3473 3065 3500 3116 ὁ
3532 3061 3662 3126 Θεὸς
3685 3101 3700 3125 ,
3735 3060 3932 3133 δηλαδὴ
3972 3058 4071 3124 τὰς

2508 3163 2607 3234 τῆς
2641 3162 2838 3225 κακίας
2866 3159 3045 3213 αὐτῶν
3089 3156 3341 3227 δυνάμεις
3363 3194 3376 3219 ,
3406 3149 3492 3218 αἴης
3520 3155 3604 3208 ἐπ’
3631 3153 3833 3224 ὀλέθρῳ
3866 3150 4072 3205 πολλῶν

2510 3258 2829 3329 ἐχρήσαντο.
2864 3252 3113 3309 Ἐπειδὰν
3142 3252 3198 3305 δὲ
3230 3252 3355 3313 τοὺς
3388 3249 3600 3312 ὀδόντας
3630 3246 3806 3301 αὐτῶν
3844 3248 3936 3300 καὶ
3973 3245 4071 3308 τὰς

850 3341 1155 3410 devenient,
1198 3353 1252 3399 et
1291 3345 1433 3401 sicut
1458 3360 1597 3416 aqua
1651 3346 1754 3401 sibi
1801 3348 2169 3417 pertransiens
2211 3348 2407 3404 dissol-

2513 3315 2683 3419 μηύλας
2704 3345 2966 3417 συντρίψῃ
2986 3346 3014 3397 6
3034 3343 3184 3407 Θεὸς,
3208 3343 3325 3395 τότε
3352 3341 3534 3395 λοιπὸν
3564 3338 4074 3409 ὲξουδενωθήσονται

850 3444 1066 3490 ventur.
1094 3435 1159 3490 Et
1207 3437 1254 3492 is
1288 3438 1506 3507 quidem
1565 3437 1781 3495 futurus
1826 3438 2114 3509 impiorum
2165 3441 2407 3495 omnium

849 3524 995 3582 ﬁnis.
1034 3526 1187 3593 Quod
1218 3543 1349 3583 sane
1369 3543 1467 3583 vos
1498 3529 1637 3583 scire
1659 3543 1881 3584 necesse
1918 3537 2022 3591 est.
2051 3545 2085 3584 ο
2118 3529 2209 3585 ﬁlii
2233 3530 2402 3585 homi-

850 3632 1014 3681 num,
1045 3625 1125 3679 ut,
1178 3619 1225 3671 si
1286 3636 1406 3671 vere
1451 3619 1904 3688 utiquejustitiam
1937 3621 2229 3692 loquimini,
2268 3630 2409 3676 recta

846 3709 1125 3781 iudicetis,
1151 3726 1325 3780 neque
1349 3711 1729 3780 praedictorum
1777 3713 2056 3769 hominum
2081 3715 2223 3769 viam
2260 3716 2410 3770 inea-

849 3805 943 3867 tis,
988 3818 1159 3872 neque
1194 3803 1247 3857 in
1282 3802 1446 3859 corde
1493 3804 1811 3873 iniquitates
1872 3806 2193 3876 operemini,
2233 3822 2410 3878 neque

848 3892 1172 3962 injustitiam
1204 3900 1398 3949 manus
1453 3906 1647 3949 vestra:
1676 3896 2020 3965 complieent,
2067 3912 2167 3969 nec
2210 3913 2308 3953 vos
2330 3900 2408 3952 si-
2442 3959 2452 3971 γ

2084 3970 2202 4060 Ἰερὶε
2220 3993 2405 4055 surda,
2432 3982 2447 3991 ’
2515 3990 2642 4061 μίας
2668 3985 2970 4060 ὲργάζησθε
2990 4026 3003 4049 ,
3048 3982 3181 4053 μηδὲ
3226 3979 3436 4034 ἀδικίαν
3467 3980 3521 4029 αἱ
3546 3979 3721 4049 χεῖρες
3749 3974 3902 4045 ὑμῶν
3934 3989 4074 4051 συμ-

848 3987 1007 4041 miles
1027 3987 1261 4057 serpenti
1288 3988 1609 4052 exhibeatis,
1632 4004 1730 4043 nec
1754 3989 1874 4045 sitis
1894 3990 2032 4045 sicut
2056 3991 2202 4060 aspis
2220 3993 2405 4055 surda,

849 4075 1115 4129 nbtumns
1135 4090 1293 4131 aures
1339 4093 1485 4135 suas.
1521 4094 1621 4132 nec
1651 4094 1773 4133 cum
1821 4082 2131 4136 memoratis
2157 4082 2337 4151 impiis
2358 4094 2411 4138 et

854 4169 1231 4237 peccatoribus
1284 4184 1389 4223 una
1444 4171 1826 4225 atulucamini:
1881 4188 2018 4241 quos
2073 4174 2409 4242 prazscientia

852 4275 949 4313 sua
972 4269 1303 4328 praevertens
1325 4260 1485 4324 Deus,
1506 4270 1791 4331 antequam
1816 4264 1869 4316 in
1901 4264 2073 4321 lucem
2109 4264 2408 4333 prodirent,

853 4353 989 4407 tales
1021 4354 1230 4407 futuros
1258 4369 1378 4409 esse
1409 4363 1663 4421 noverat;
1695 4355 1790 4411 sed
1818 4365 1997 4412 tamen
2045 4360 2318 4413 concessit
2353 4366 2411 4413 ut

853 4450 1213 4496 noscerentur
1241 4458 1305 4496 ac
1340 4444 1393 4497 in
1422 4444 1593 4498 lucem
1644 4445 1909 4508 venirent,
1960 4448 2130 4517 gratia
2153 4464 2252 4502 sua
2280 4449 2413 4518 ipsis

851 4546 1067 4600 quoque
1100 4545 1362 4585 concessa
1382 4570 1396 4594 ,
1427 4541 1483 4585 ut
1505 4532 1684 4601 palam
1735 4548 1921 4588 eorum
1960 4530 2294 4605 propositum
2319 4538 2414 4592 ile-

850 4630 953 4676 ret.
983 4620 1261 4690 Siquidem
1284 4630 1337 4675 et
1372 4620 1615 4674 ordinem
1638 4622 1910 4691 justorum
1957 4632 2161 4680 rectam
2196 4640 2260 4680 ac
2309 4626 2412 4680 mi-

2508 3442 2585 3505 ὡς
2612 3440 2677 3493 ἂν
2708 3437 3086 3508 νεκρωθέντες,
3114 3435 3203 3488 καὶ
3228 3433 3635 3505 διαλυθήσονται
3658 3432 3733 3495 ὡς
3756 3431 3901 3500 ὕδωρ
3933 3448 4070 3501 παρ-

2510 3530 2801 3601 ερχόμενον
2845 3526 3039 3596 ἑαυτῷ.
3094 3526 3203 3579 Καὶ
3233 3522 3468 3577 τοιοῦτον
3505 3520 3773 3592 μενέσται
3806 3519 3915 3573 τῶν
3947 3521 4072 3573 ἀσε-

2509 3624 2617 3677 ϐῶν
2649 3622 2863 3675 πάντων
2895 3619 2955 3672 τὸ
2974 3619 3145 3680 τέλος.
3181 3619 3245 3668 Ὃ
3275 3615 3339 3685 δὴ
3364 3615 3654 3681 ἀναγκαῖον
3680 3613 3820 3681 ὑμᾶς
3846 3612 4070 3680 γνῶναι,

2509 3709 2553 3769 ὦ
2581 3716 2687 3769 υἱοὶ
2723 3713 2830 3765 τῶν
2861 3708 3191 3784 ἀνθρώπων,
3230 3707 3295 3759 ἵν’
3316 3745 3331 3769 ,
3378 3707 3429 3758 εί
3456 3702 3689 3770 ἀληθῶς
3718 3703 3829 3770 ἄρα
3863 3702 4074 3756 δικαιο-

2510 3807 2708 3872 σύνην
2739 3801 2997 3868 λαλεῖτε,
3023 3797 3197 3853 εὐθέα
3230 3797 3473 3867 κρίνητε,
3508 3794 3602 3847 καὶ
3633 3793 3705 3863 μὴ
3736 3790 4073 3863 μετέρχησθε

2510 3898 2606 3968 τὴν
2625 3898 2732 3950 τῶν
2758 3894 3059 3966 εἰρημένων
3082 3889 3287 3961 ἀνδρῶν
3312 3887 3447 3951 ὁδὸν,
3476 3885 3611 3957 μηδὲ
3644 3886 3700 3936 ὲν
3728 3883 3923 3954 καρδίᾳ
3956 3881 4076 3935 ἀνο-

2511 4082 2749 4135 πλέκωσι
2772 4121 2787 4145 ,
2833 4078 2962 4150 μηδὲ
3000 4077 3222 4139 ἑαυτοὺς
3268 4068 3711 4139 κατασκευάζητε
3745 4067 3962 4138 ὁμοίους
3996 4063 4073 4135 τῷ

2511 4173 2652 4241 δφει,
2691 4171 2823 4241 μηδὲ
2856 4167 3087 4238 γένησθε
3115 4167 3190 4228 ὼς
3221 4164 3385 4227 ἀσπὶς
3412 4161 3567 4231 κωφὴ
3609 4159 3809 4229 βύουσα
3850 4157 3919 4211 τὰ
3960 4150 4075 4210 ὦτα

2514 4265 2683 4333 αὐτῆς
2703 4303 2717 4327 ,
2748 4260 2879 4332 μηδὲ
2907 4262 3017 4321 τοῖς
3045 4256 3416 4328 προλεχθεῖσιν
3439 4252 3658 4307 ἀσεϐέσι
3700 4251 3795 4304 καὶ
3820 4251 4080 4321 ἁμαρτω-

2514 4358 2625 4419 λοῖς
2650 4349 3045 4420 συναπάγοισθε
3068 4365 3082 4378 ⁶
3114 4346 3204 4410 οὓς
3228 4342 3510 4415 προλαϐὼν
3532 4345 3559 4395 6
3582 4341 3713 4404 Θεὸς
3736 4344 3800 4411 τῇ
3832 4336 4078 4411 προγνώ-

2516 4467 2620 4513 σει,
2645 4447 2773 4517 πρὶν
2806 4446 2884 4507 εἰς
2914 4441 3029 4511 φῶς
3056 4432 3355 4510 προελθεῖν,
3380 4435 3519 4503 ἔγνω
3551 4432 3648 4503 μὲν
3668 4430 3941 4494 τοιούτους
3958 4431 4081 4484 ισο-

2518 4540 2711 4611 μένους
2734 4575 2749 4599 ,
2781 4536 2927 4605 ὅμως
2950 4532 2994 4585 δ’
3021 4527 3113 4584 οὖν
3146 4526 3487 4598 συνεχώρησε
3516 4523 3838 4594 γεννηθῆναι
3876 4522 3970 4577 καὶ
3992 4522 4079 4611 εις

2517 4629 2633 4697 φῶς
2666 4625 2967 4699 προελθεῖν,
2993 4621 3247 4690 τὴνπαρ⁹
3274 4615 3436 4670 αὐτοῦ
3462 4615 3621 4686 χάριν
3648 4613 3742 4667 καὶ
3778 4613 3959 4675 αὐτοῖς
3982 4610 4082 4664 δω-

850 4718 998 4770 nime
1026 4714 1286 4769 deﬂexam
1316 4715 1456 4768 viam
1484 4725 1677 4785 suapte
1703 4716 1977 4773 voluntate
1999 4719 2255 4774 initurum
2274 4719 2410 4790 prae-

2518 4695 2842 4793 ρησάμενος,
2864 4717 2941 4779 εἰς
2972 4714 3032 4767 τὸ
3063 4711 3324 4781 φανεροὺς
3350 4707 3595 4777 γενέσθαι
3615 4706 3712 4777 τὴν
3738 4705 4075 4775 προαίρεσιν.

848 4814 1068 4862 vertens
1102 4806 1245 4860 Deus
1297 4815 1541 4861 noverat.
1575 4806 1779 4871 Deinde
1823 4810 2043 4878 utrique
2072 4811 2250 4867 ordini
2278 4812 2409 4867 libe-

849 4915 972 4955 rum
998 4898 1205 4954 arbitrii
1230 4906 1436 4953 motum
1470 4899 1694 4963 dimisit,
1732 4898 2038 4955 concedens
2061 4908 2117 4954 ut
2144 4902 2199 4955 in
2233 4903 2411 4977 stadio

848 4999 1075 5049 cursum
1101 4990 1450 5047 conﬁcerent.
1502 4991 1581 5045 Ae
1626 5006 1749 5045 cum
1786 4992 2071 5049 universos
2107 5003 2302 5049 natura
2335 4996 2411 5050 si-

849 5085 1008 5141 miles
1072 5081 1451 5137 constituisset
1482 5120 1497 5145 ,
1526 5082 1821 5149 voluntate
1872 5082 2092 5151 propria
2141 5097 2411 5153 quemque

849 5176 1075 5231 meliora
1100 5173 1335 5244 deligere
1354 5175 1561 5243 pariter
1604 5171 1871 5241 permisit.
1905 5171 1986 5227 llli
2038 5188 2189 5239 vero,
2227 5182 2412 5245 utpote

851 5270 945 5337 qui
966 5269 1050 5322 sui
1074 5268 1315 5336 ipsorum
1368 5266 1595 5335 dpmini,
1633 5267 1717 5321 sui
1759 5266 1900 5335 juris
1929 5282 1993 5322 ac
2041 5266 2197 5322 ιιι)εή
2234 5267 2411 5338 quoad

853 5368 1058 5413 motum
1080 5366 1284 5422 essent,
1336 5358 1598 5412 arbitratu
1634 5373 1734 5413 suo
1785 5358 2045 5429 disjuncti
2091 5368 2244 5423 sunt,
2290 5359 2411 5415 aliis

2524 4809 2676 4861 Ἐπεὶ
2702 4806 2793 4859 καὶ
2820 4804 2884 4857 τὸ
2927 4801 3035 4854 τῶν
3061 4800 3281 4854 δικαίων
3308 4799 3491 4867 τάγμα
3512 4836 3526 4859 ,
3566 4794 3627 4859 ἐξ
3652 4796 3858 4857 οἰκείας
3882 4810 4075 4863 προαι-

2500 4898 2715 4977 ρέσεως
2747 4893 2845 4965 τὴν
2872 4893 3038 4964 ὀρθὴν
3071 4892 3164 4944 καὶ
3210 4889 3562 4977 ἀδιάστροφον
3586 4976 3589 4977 ν
3611 4884 3804 4977 μέλλον
3851 4885 4073 4951 ὁδεύειν,

2513 4985 2798 5061 προλαϐὼν
2828 4986 2857 5037 6
2879 4985 3011 5047 Θεὸς
3041 4982 3199 5051 ἔγνω.
3241 4976 3351 5033 Εἶτ’
3387 4976 3709 5057 ἀμφοτέρων
3738 4975 3845 5029 τῶν
3866 4978 4080 5047 ταγμά-

2511 5098 2620 5134 των
2641 5080 2741 5150 τὴν
2771 5076 3112 5143 αὐτεξούσιον
3149 5071 3321 5145 ὁρμήν
3351 5070 3639 5141 ἐλευθέραν
3666 5068 3886 5139 ἀνῆκεν,
3919 5068 3992 5130 ὡς
4018 5069 4077 5121 ὸν

2518 5169 2716 5243 σταδίῳ
2749 5169 3015 5225 ποιεῖσθαι
3046 5169 3137 5220 τὸν
3167 5166 3362 5235 δρόμον
3390 5160 3685 5232 ἐπιτρέψας
3718 5160 3920 5223 αὐτοῖς.
3967 5158 4079 5211 Καὶ

2516 5264 2679 5325 αὐτὸς
2712 5262 2808 5333 μὲν
2834 5260 3050 5331 ὁμοίους
3072 5257 3173 5327 τὴν
3206 5254 3365 5325 φύσιν
3392 5254 3519 5316 τοὺς
3546 5252 3754 5313 πάντας
3777 5250 4079 5320 ὑποστησάρ

2519 5370 2716 5426 μενος,
2756 5349 3069 5423 προαιρέσει
3116 5346 3291 5417 οἰκείᾳ
3352 5341 3585 5413 χρῆσθαι
3631 5341 3766 5411 πρὸς
3810 5340 3907 5410 τὴν
3968 5339 4076 5393 τῶν

854 5458 1079 5515 rectam,
1128 5448 1403 5518 obliquam
1462 5449 1586 5505 aliis
1642 5450 1783 5503 viam
1832 5449 2232 5519 cooptantibus.
2284 5449 2412 5504 Ideo

2518 5444 2837 5516 κρειττόνων
2866 5430 3075 5513 αἵρεσιν
3099 5442 3210 5500 τοῖς
3240 5439 3402 5491 πᾶσιν
3416 5434 3612 5504 ὁμοίως
3636 5430 4073 5502 συγκεχώρηκεν·

849 5541 1033 5609 justus
1063 5540 1154 5593 ille
1177 5539 1364 5608 juder,
1392 5539 1609 5608 utrique
1648 5539 1827 5595 ordini
1856 5554 1956 5593 ceu
1981 5540 2297 5594 certaminis
2318 5554 2415 5593 ar.-

853 5628 1015 5691 biter,
1048 5628 1367 5698 congruenti
1395 5642 1457 5681 ac
1480 5628 1662 5683 debito
1696 5628 1801 5682 line
1832 5628 2024 5699 dignos
2068 5637 2410 5682 remunerat:

854 5736 964 5795 non
993 5720 1271 5773 hominum
1307 5720 1412 5772 ritu
1435 5735 1503 5774 ex
1536 5729 1755 5777 actuum
1782 5726 1978 5775 eventu
2001 5719 2268 5790 cujusque
2293 5733 2412 5773 mo-

928 5875 970 5906 “
1010 5873 1151 5931 I‘sal.
1191 5879 1299 5938 tivr,
1340 5874 1393 5927 ’5.

2514 5538 2566 5590 οί
2594 5536 2649 5588 δὲ
2670 5576 2685 5597 ,
2714 5536 2807 5589 is:
2834 5533 3010 5605 κύριοι
3044 5529 3250 5585 ἑαυτῶν
3279 5526 3647 5587 καθεστῶτες,
3690 5523 3875 5593 ἄφετοι
3897 5539 3954 5576 τε
3983 5522 4088 5578 καὶ·

2518 5622 2790 5694 ἐλεύθεροι
2818 5621 2916 5691 τὴν
2948 5619 3145 5690 ὁρμὴν,
3184 5615 3623 5686 αύτοπροαιρέτῳ
3649 5610 3851 5682 γνώμῃ·
3868 5611 4076 5681 διέστη-

2518 5732 2639 5781 σαν,
2670 5716 2719 5767 ot
2750 5714 2848 5784 μὲν
2878 5710 2973 5781 τὴν
2998 5708 3210 5764 εὐθεῖαν
3237 5706 3461 5770 ὁδεύειν,
3485 5707 3532 5758 oi
3561 5704 3617 5761 δὲ
3639 5703 3733 5774 τὴν
3758 5701 4078 5773 διάστροφον
