4402 6406
1451 460 1953 521 ΒΟΜΠΕΝΤΔΒΙΔ
1988 458 2057 517 ιιι
2092 457 2429 516 PSALNOS.

3447 455 3545 514 550

312 590 452 657 ,τοῖς
486 583 723 639 διάνοιαν
765 583 1015 637 συνιδεῖν.
1049 581 1214 654 Φησὶν
1246 576 1369 636 οὖν·
1419 582 1677 637 Ἐντεγεῖ
1701 581 1780 636 ’τὸ
1809 581 1904 636 τό-
1928 594 1975 648 Α
2003 580 2050 634 ul

1811 581 1904 636 τό-
1928 594 1975 648 Α
2003 580 2385 650 ulciscensque
2439 576 2592 642 illos,
2644 575 2818 632 donec
2879 574 3239 631 intlrmentur.
3291 572 3374 627 llli
3424 588 3549 628 vero

340 677 452 742 ξον
479 673 665 730 αὑτοῦ
693 673 804 740 ἕως
828 672 1296 741 ἀσθενήσωσιν.
1334 674 1391 728 '0
1416 673 1482 744 δὴ
1529 674 1735 745 μέλλων
1774 690 1899 728 συν-

337 763 542 837 τρίϐειν
566 764 691 828 τοὺς
718 763 931 828 ὀδόντας
954 764 1130 819 αὐτῶν
1158 766 1215 817 έν
1235 763 1312 835 τῷ
1338 765 1561 834 στόματι
1585 764 1781 830 αὐτῶν,
1805 765 1899 818 καὶ

333 855 436 917 τὰς
474 853 645 924 μύλας
684 854 792 906 τῶν
834 853 1061 908 λεόντων
1106 853 1332 925 συνθλᾷν
1372 853 1599 924 Κύριος,
1641 854 1801 917 αὐτὸς
1839 855 1901 907 τὸ

337 945 532 999 ἑαυτοῦ
562 945 714 1012 τόξον
740 946 831 999 ἐπὶ
871 947 1121 999 τοσοῦτον
1160 949 1279 1001 κατ’
1313 948 1490 1001 αὐτῶν
1521 950 1719 1001 ὲντενεί
1772 946 1900 1018 βάλ-

339 1037 446 1091 λων
477 1038 672 1102 αύτοὺς
704 1038 798 1091 καὶ
837 1036 1257 1109 τιμωρούμενος,
1291 1038 1393 1102 ἕως
1429 1038 1815 1110 ἀσθενήσωσιν.
1841 1040 1902 1093 Οί

336 1125 397 1181 δὲ
428 1125 753 1200 βαλλόμενοι
787 1128 865 1198 τῷ
907 1127 1281 1201 πεπυρωμένῳ
1326 1128 1487 1198 βέλει,
1537 1128 1707 1201 κηροῦ
1748 1127 1902 1199 δίκην

341 1217 446 1271 ὑπό
486 1221 655 1292 πυρὸς
695 1220 995 1291 τηκομένου
1040 1218 1471 1289 διαλυθήσονται·
1504 1220 1593 1274 Διὸ
1618 1220 1899 1274 λέλεκται·

355 1309 511 1365 Ὠσει
555 1310 738 1379 κηρὸς
792 1309 989 1374 τακεὶς
1038 1309 1639 1379 ἀνταναιρεθήσονται
1657 1350 1672 1374 ,
1723 1311 1904 1366 ἔπεσε

342 1400 482 1471 πῦρ.
514 1402 721 1471 Ὠσπερ
764 1400 872 1471 γὰρ
918 1400 1170 1463 πεσόντος
1212 1400 1380 1474 πυρὸς
1422 1401 1688 1465 διαλυθεὶς
1736 1400 1904 1472 κηρός

2000 675 2172 745 ignita
2196 673 2306 729 telo
2327 669 2593 738 confossi,
2623 684 2759 725 cera:
2789 670 2964 725 instar
2990 669 3060 723 ab
3101 668 3225 738 igne
3249 664 3555 747 liquefacta

2003 768 2387 821 dissolvantur.
2424 764 2608 831 Quare
2653 763 2853 819 dicitur
2886 779 2900 816 :
2933 760 3083 830 Sicut
3126 776 3249 813 cera
3268 775 3384 828 qua:
3411 758 3556 828 ﬂuit‘,

2005 859 2328 925 auferentur,
2355 854 2698 924 supercecidit
2726 854 2881 925 ignis.
2916 850 3069 906 Sicut
3101 851 3244 905 enim
3272 850 3558 905 decideute

2006 950 2148 1020 igne,
2178 949 2352 1004 soluta
2386 961 2510 1002 cera
2533 945 2803 1017 liquescit,
2836 943 3024 999 eodem
3067 940 3227 997 modo
3271 941 3349 995 illi
3373 940 3443 995 ab
3474 940 3558 996 in-

2004 1048 2233 1111 gruente
2279 1040 2360 1092 ira
2413 1037 2787 1103 destruentur,
2816 1037 2893 1090 ita
2946 1042 3007 1090 ut
3056 1050 3125 1090 ne
3161 1033 3377 1105 quidem
3408 1032 3556 1103 digni

2005 1130 2327 1199 habeantur,
2348 1129 2443 1198 qui
2475 1129 2643 1183 solem
2665 1128 2893 1197 justitite
2923 1126 3123 1181 mentis
3144 1125 3319 1181 oculis
3345 1125 3558 1195 perspi-

2005 1223 2173 1289 ciant.
2227 1216 2672 1290 Sedentequam
2723 1220 2893 1289 spinae
2933 1234 3121 1273 eorum
3164 1226 3477 1275 accrescant
3505 1221 3561 1270 et

2006 1314 2269 1367 rhamnus
2299 1312 2552 1377 evadant,
2576 1327 2749 1383 nuper
2770 1311 2913 1367 edita
2939 1326 3127 1368 eorum
3161 1311 3351 1381 spinea
3396 1322 3560 1379 opera

2008 1403 2089 1457 ira
2118 1402 2537 1472 comprehendet
2552 1411 2608 1459 et
2631 1403 2962 1459 absorbebit.

341 1494 678 1566 ἀφανίζεται,
704 1492 793 1545 τὸν
821 1492 977 1545 αὑτὸν
1008 1491 1207 1563 τρόπον
1236 1494 1327 1546 καὶ
1363 1495 1411 1545 οἱ
1446 1493 1769 1563 δηλωθέντες
1795 1493 1899 1547 ύπδ
1930 1495 2028 1565 τῆς
2054 1494 2498 1569 καταληψομένης
2518 1497 2713 1561 αὐτοὺς
2766 1497 2936 1569 ὀργῆς
3000 1496 3559 1568 ἀνταναιρεθήσονται,

338 1586 419 1650 ὡς
441 1586 513 1657 μὴ
538 1583 931 1654 καταξιωθῆναι
954 1584 1146 1648 αὐτοὺς
1164 1585 1253 1638 τὸν
1274 1586 1370 1656 τῆς
1389 1585 1729 1656 δικαιοσύνης
1782 1586 1928 1657 ἥλιον
1965 1588 2259 1659 ὀφθαλμοῖς
2299 1590 2472 1661 ψυχῆς
2509 1590 2836 1644 θεάσασθαι·
2872 1590 3007 1643 ἀλλά
3071 1591 3165 1643 καὶ
3198 1588 3305 1659 πρὸ
3336 1587 3427 1640 τοῦ
3469 1586 3564 1653 αύ-

338 1679 502 1750 ’ξῆσαι
539 1678 638 1741 τὰς
670 1676 907 1741 ἀκάνθας
962 1678 1138 1733 αὐτῶν
1180 1680 1389 1743 καὶ-είς
1434 1678 1931 1752 ρἀνονλχωρῆσαι,
1970 1682 2048 1736 ἔτι
2094 1682 2287 1752 νεαρὰς
2328 1682 2491 1746 οὔσας
2526 1683 2702 1737 αὐτῶν
2748 1683 2846 1746 τάς
2877 1682 3204 1745 ἀκανθώδεις
3270 1680 3493 1751 πράξεις
3526 1679 3561 1749 ἡ

336 1773 480 1847 ὀργὴ
508 1770 877 1841 καταλήψεται
911 1773 1006 1826 καὶ
1035 1773 1374 1828 καταπίεται.

414 1883 902 1956 Εὐφραγθήσεται
958 1884 1204 1952 δίκαιος,
1253 1885 1398 1940 ὅταν
1439 1886 1535 1955 ἴδῃ
1572 1853 1903 1955 ἐκδίκησιν,
1962 1956 1967 1959 τ

2082 1883 2245 1940 Vens.
2282 1884 2370 1949 ll,
2404 1883 2487 1938 η.
2515 1882 2807 1937 ιωιαὸἱιιιν
2824 1882 3002 1951 justus
3025 1897 3141 1935 cum
3176 1879 3359 1935 viderit
3394 1881 3564 1937 viridia

344 1978 449 2044 (ὰς
474 1975 674 2046 χεῖρας
713 1974 898 2029 αὐτοῦ
926 1976 1163 2045 rid-stat
1199 1977 1269 2029 ἐν
1286 1976 1365 2043 τῷ
1386 1978 1584 2047 αἵματι
1603 1978 1705 2032 τοῦ
1734 1980 1909 2047 ἁμαρ·
1938 1965 1979 2019 Β
2008 1986 2082 2029 cta

1825 1996 1909 2046 αρ-
1938 1965 1979 2019 Β
2008 1986 2145 2030 ctam
2167 1992 2189 2031 :
2216 1992 2405 2031 manus
2435 1992 2560 2030 suas
2585 1975 2780 2029 lavabit
2802 1974 2855 2029 in
2887 1975 3139 2043 sanguine
3157 1974 3467 2041 peccatoris.
3492 1971 3563 2028 Et

344 2063 555 2122 τωλοῦ.
599 2064 711 2121 Kal
735 2065 855 2134 ἐρεῖ
892 2065 1218 2135 ἄνθρωπος’
1254 2069 1323 2122 Et
1357 2067 1469 2136 ἄρα
1510 2068 1641 2121 ἐστὶ
1685 2070 1910 2137 καρπὸς

2008 2068 2140 2123 dicet
2172 2068 2325 2123 homo
2360 2082 2379 2120 :
2419 2064 2478 2121 Si
2507 2068 2684 2136 utique
2704 2075 2782 2121 est
2822 2066 3027 2135 {ructus
3066 2065 3248 2134 justo,
3272 2066 3447 2136 utique
3480 2074 3560 2119 est

344 2157 427 2225 τῷ
459 2157 687 2224 δικαίῳ,
714 2156 826 2225 ἄρα
870 2157 1041 2211 ἐστίν
1066 2161 1099 2212 ό
1134 2157 1279 2224 Θεὸς
1327 2159 1545 2227 κρίνων
1585 2160 1802 2225 αὐτοὺς
1839 2161 1911 2214 ἐν
2013 2158 2082 2213 De

1839 2161 1911 2214 ἐν
2013 2158 2149 2213 Deus
2170 2158 2421 2228 judicans
2452 2174 2541 2211 eos
2587 2158 2640 2211 in
2666 2166 2826 2211 terra.
2872 2156 3253 2227 Symmachus,
3305 2154 3560 2210 Caudebit

346 2248 421 2319 τῇ
442 2248 539 2320 τῇ.
571 2250 881 2321 Σύμμαχος·
913 2249 1242 2317 Χαρήσεται
1264 2249 1490 2316 δίκαιος
1517 2250 1655 2303 ἰδὼν
1674 2251 1909 2318 ἐκδίκη-

344 2337 643 2406 σινήτοὺς
691 2340 879 2406 πόδας
910 2338 1096 2393 αὐτοῦ
1128 2339 1363 2406 riga-stat
1400 2340 1593 2408 αἵματι
1631 2338 1905 2405 ἀσεϐοῦς.

351 2431 558 2501 Ὠσπερ
587 2434 635 2487 oi
677 2431 882 2500 ψευδῶς
929 2430 1267 2499 δικαιοσύνην
1298 2429 1598 2505 λαλοῦντες,
1634 2431 1811 2502 ἔργοις
1852 2432 1908 2485 δὲ

348 2521 557 2574 ἀδικίαν
589 2522 1009 2592 συμπλέκοντες,
1061 2514 1481 2593 προεγρᾶςρησαν
1513 2525 1691 2577 ὁποῖον
1732 2523 1909 2589 ἕξουσι

346 2609 518 2676 τέλος
548 2609 724 2675 οὕτως
756 2613 919 2682 ἐχρῆν
951 2613 1014 2664 ὲκ
1046 2610 1387 2683 παραλλήλου
1427 2614 1520 2667 τοῦ
1549 2612 1797 2683 ἀληθινοῦ
1830 2612 1909 2666 δι-

350 2709 525 2776 καίου,
553 2710 649 2764 τοῦ
676 2710 741 2764 δι’
766 2711 941 2781 ἔργων
967 2709 1370 2781 ἐνδεικνυμένου
1408 2708 1506 2779 τὴν
1545 2704 1906 2777 δικαιοσύνην,

347 2802 410 2855 τὸ
430 2801 665 2873 χρηστὸν
686 2801 837 2864 τέλος
866 2800 1192 2872 διδαχθῆναι.
1217 2802 1281 2853 Τί
1316 2800 1568 2855 συνέσται
1604 2797 1805 2866 ἀγαθὸν
1831 2796 1908 2868 τῷ

348 2892 599 2964 τοιούτῳ;
642 2892 753 2947 Νῦν
795 2894 912 2964 μὲν,
945 2894 1097 2963 φησὶ,
1131 2891 1272 2946 κατὰ
1300 2893 1390 2945 τὸν
1420 2908 1657 2964 παρόντα
1699 2891 1907 2961 καιρὸν,

348 2984 461 3055 οὐχ’
488 2983 630 3055 δρῶν
660 2983 756 3056 τὴν
778 2985 916 3037 κατὰ
940 2984 1049 3038 τῶν
1081 2982 1293 3038 ἀσεϐῶν
1320 2983 1614 3052 ἐκδίκησιν,
1651 2980 1909 3045 πολλάκις

352 3072 671 3146 σχετλιάζει,
705 3076 1123 3147 ἀποκλαιόμενος
1154 3075 1246 3130 καὶ
1281 3074 1478 3143 λέγων·
1513 3074 1645 3128 Ἵνα
1668 3075 1725 3127 τί
1765 3074 1905 3127 ἀσε-

354 3166 474 3234 ϐεῖς
507 3167 849 3237 εὐθηνοῦσι.
871 3167 1306 3221 «exanimat
1330 3164 1398 3217 δὲ
1428 3164 1525 3217 καὶ
1554 3165 1624 3217 ἐν
1647 3164 1903 3227 πλούτῳ·

350 3262 385 3314 ό
420 3260 646 3327 σπόρος
684 3258 876 3313 αὐτῶν
908 3258 1074 3312 κατὰ
1109 3258 1337 3326 ψυχὴν,
1374 3258 1446 3309 τὰ
1471 3254 1539 3308 δὲ
1570 3253 1771 3307 παιδία
1800 3256 1906 3306 αὺ-

1998 2250 2179 2317 justus
2201 2265 2318 2301 cum
2358 2247 2543 2302 viderit
2566 2248 2871 2310 vindictam,
2904 2246 3057 2315 pedes
3080 2263 3203 2302 suos
3221 2246 3417 2301 lavabit
3446 2263 3567 2301 san‘

2005 2339 2161 2410 guine
2182 2340 2347 2409 impii.
2384 2338 2539 2394 Sicut
2573 2340 2609 2393 ii
2631 2340 2725 2409 qui
2750 2338 2995 2394 mendaci
3038 2353 3133 2394 ore
3181 2338 3456 2408 justitiam
3482 2338 3565 2394 lo-

2008 2441 2270 2499 quuntur,
2300 2429 2428 2484 dum
2463 2426 2722 2499 operibus
2752 2430 3075 2498 injustitiam
3105 2430 3562 2500 complicant,qui

2008 2506 2167 2576 tinem
2215 2522 2452 2577 habituri
2504 2524 2613 2579 sint
2635 2521 2747 2592 jam
2781 2522 3115 2590 descriptum
3147 2528 3264 2588 est;
3296 2521 3377 2577 sic
3400 2536 3563 2591 opor-

2004 2614 2108 2666 tuit
2141 2629 2171 2667 e
2204 2628 2469 2669 converso
2518 2615 2627 2669 veri
2660 2615 2814 2684 justi,
2846 2616 2937 2682 qui
2988 2614 3245 2683 operibus
3289 2614 3567 2683 justitiam

2007 2705 2244 2769 exhibet,
2278 2705 2479 2760 bonum
2517 2705 2676 2765 tinem
2716 2704 3006 2760 declarari.
3056 2704 3196 2771 Quid
3228 2705 3322 2760 tali
3353 2705 3560 2761 homini

2008 2795 2136 2849 boni
2170 2796 2479 2864 continget?
2502 2793 2620 2848 Jam
2656 2792 2871 2863 quidem
2894 2794 2947 2847 in
2969 2794 3242 2863 prasenti,
3288 2795 3386 2857 ait,
3434 2809 3561 2850 cum

2010 2902 2116 2941 non
2139 2886 2318 2940 videat
2350 2885 2607 2940 ultionem
2630 2885 2697 2940 de
2730 2885 2910 2954 impiis
2940 2884 3278 2947 sumendam,
3310 2900 3559 2955 saepenu-

2010 2994 2160 3034 mero
2191 2978 2358 3044 dolet,
2382 2978 2690 3049 ingemiscit
2718 2984 2774 3033 et
2806 2979 2881 3032 ait
2910 2996 2923 3032 :
2954 2977 3129 3044 Quare
3148 2978 3295 3047 impii
3317 2993 3570 3047 prospere

2010 3080 2192 3141 agunt,
2240 3072 2295 3124 in
2344 3070 2541 3124 divitiis
2592 3082 3019 3125 consenuerunt:
3061 3086 3234 3125 semen
3281 3070 3461 3123 eorum
3494 3083 3559 3123 ex

2009 3172 2122 3216 voto
2143 3162 2394 3231 procedit,
2417 3161 2566 3231 pueri
2595 3176 2772 3216 eorum
2792 3161 3044 3217 (tutantur
3071 3170 3331 3217 sumentes
3365 3158 3561 3230 psalte-

2009 3255 2145 3307 rium
2185 3263 2235 3308 et
2261 3253 2617 3307 citharam"?
2643 3252 2799 3308 Nunc
2846 3263 3025 3310 autem
3081 3255 3197 3324 ipse
3244 3254 3575 3309 humiliatus.

350 3346 469 3401 τῶν
495 3322 867 3419 supputa-stat
905 3322 1396 3419 dradtyt6di'orta
1440 3343 1769 3413 ψαλτήριον
1806 3342 1903 3394 καί
1934 3322 1976 3381 c
2007 3345 2088 3399 dic

1818 3342 1903 3394 ml
1934 3322 1976 3381 ε
2007 3344 2139 3399 dicit
2172 3365 2183 3399 :
2226 3344 2332 3400 Mei
2368 3355 2540 3398 autem
2571 3360 2696 3413 pene
2726 3347 2853 3399 moti
2872 3356 2994 3400 sunt
3034 3322 3209 3414 pedes,
3240 3362 3366 3414 pene
3405 3346 3556 3415 effusi

348 3437 628 3507 κιθάραν;
666 3439 775 3493 Καὶ
799 3438 893 3491 νῦν
936 3441 963 3491 ό
1030 3437 1187 3501 αὐτὸς
1235 3434 1649 3505 ταπεινούμενός
1709 3447 1901 3503 φησιν·

361 3526 554 3600 Ὲμοῦ¹
583 3526 651 3580 δὲ
691 3527 850 3595 παρὰ
887 3525 1102 3595 μικρὸν
1140 3527 1562 3591 ἐσαλεύθησαν
1604 3527 1657 3577 οι
1704 3522 1902 3588 πόδες,

348 3616 482 3685 παρ’
511 3616 717 3686 ὀλίγον
746 3616 996 3683 ἐξεχύθη
1029 3616 1101 3669 τὰ
1134 3614 1457 3684 διασήματά
1486 3631 1625 3682 μου,
1665 3613 1753 3666 ὅτι
1780 3611 1908 3680 ἑξή-

346 3711 517 3764 λωσα
543 3708 641 3760 ἐπὶ
668 3707 789 3774 τοῖς
810 3708 1070 3776 ἀνόμοις,
1105 3706 1349 3778 εἰρήνην
1380 3705 1727 3776 ἁμαρτωλοῦ
1766 3708 1905 3759 θεω-

336 3796 484 3866 ρῶν.
527 3796 777 3857 ,Ἐπειδὰν
810 3798 866 3851 δὲ
900 3799 1069 3872 ίδῃςτὸ
1093 3798 1243 3864 τέλος
1286 3797 1393 3851 τῶν
1433 3796 1643 3851 ἀσεσῶν
1682 3796 1775 3849 καὶ
1808 3795 1906 3866 τὴν

348 3892 467 3944 κατ’
493 3890 672 3945 αὐτῶν
712 3890 1006 3963 ἐκδίκησιν,
1040 3890 1335 3963 τηνικαῦτα
1362 3892 1653 3963 χαρήσεται
1679 3888 1773 3943 καὶ
1815 3888 1906 3940 εὑ-

347 3981 730 4055 φρανθήσεται,
761 3983 822 4036 ού
855 3986 918 4055 τῇ
952 3983 1059 4037 τῶν
1079 3982 1287 4047 ἀσεϐῶν
1313 3981 1555 4053 ἀπωλείᾳ
1589 3979 1904 4051 ἐπικαίρων,

344 4074 458 4128 ἀλλ’
505 4074 597 4128 ἰπὶ
641 4077 706 4145 τῇ
748 4073 841 4127 τοῦ
881 4074 1013 4127 Θεοῦ
1058 4068 1417 4144 δικαιοκρισία
1467 4072 1901 4143 εὐφραινόμενος.

272 4174 275 4176 ’
344 4167 453 4221 Καὶ
469 4164 611 4230 τοὺς
629 4165 814 4231 πόδας
833 4164 887 4218 δὲ
907 4165 1091 4219 αὑτοῦ
1114 4165 1349 4232 νίψεται
1382 4164 1452 4217 ἐν
1482 4163 1559 4228 τῷ
1581 4164 1778 4231 αἵματι
1803 4160 1907 4215 τοῦ

344 4256 634 4321 ἀσεϐοῦς·
675 4252 771 4325 οὐχ
819 4255 1115 4325 αἱμοπότης
1146 4272 1227 4317 τις
1262 4254 1338 4306 ὣν
1385 4255 1479 4307 καὶ
1529 4250 1905 4325 φιλοπόλεμος,

345 4346 480 4401 ἀλλὰ
516 4343 903 4415 καθαιρόμενος
947 4343 1034 4397 διὰ
1078 4344 1179 4414 τῆς
1220 4344 1438 4397 ἐκείνων
1471 4344 1766 4416 τιμωρίας,
1815 4346 1908 4399 καὶ

346 4434 717 4507 βελτιούμενος
739 4434 825 4488 διὰ
851 4435 949 4503 τῆς
993 4418 1567 4509 ἑτέρωνὲπιστροφῆς.
1601 4438 1672 4490 Ἦ
1703 4438 1903 4500 ἄλλως·

344 4528 589 4597 Νίψεται
611 4526 715 4593 τὰς
741 4526 940 4595 χεῖρας
966 4527 1063 4579 ἐπὶ
1083 4527 1160 4595 τῷ
1188 4529 1385 4598 αἵματι
1412 4529 1516 4582 τοῦ
1537 4528 1905 4598 ἀμαρτωλοῦ,

2008 3445 2130 3491 sunt
2166 3452 2374 3506 gressus
2411 3436 2527 3501 mei,
2564 3437 2686 3507 quia
2737 3437 2901 3491 atavi
2936 3452 3091 3505 super
3130 3438 3334 3506 iniquos
3381 3452 3560 3506 pacem

2006 3526 2296 3596 peccatoris
2321 3524 2499 3580 videns
2517 3527 2583 3579 ⁸ο.
2616 3524 2751 3581 Cum
2789 3533 2969 3581 autem
3017 3524 3214 3581 viderit
3270 3524 3557 3593 impiorum

2006 3618 2166 3673 ﬁnem
2191 3624 2246 3673 et
2262 3617 2521 3672 ultionem
2555 3618 2623 3673 de
2654 3618 2720 3674 iis
2749 3626 3041 3689 sumptam,
3067 3626 3197 3673 tunc
3218 3616 3485 3671 laetabitur
3504 3622 3560 3670 et

2006 3709 2335 3774 exsultabit;
2372 3726 2482 3763 non
2526 3709 2592 3764 de.
2623 3710 2912 3779 impiorum
2953 3710 3119 3785 exitio
3167 3708 3426 3779 gaudens,
3461 3706 3572 3765 sed.

2006 3802 2242 3872 dejusto
2272 3802 2362 3858 Dei
2387 3802 2597 3873 judicio
2625 3804 2798 3858 Ianus.
2829 3802 2993 3857 Pedes
3022 3813 3201 3857 autem
3244 3818 3366 3857 suos
3410 3801 3558 3856 lava-

2008 3895 2081 3948 bit
2131 3895 2185 3948 in
2243 3896 2498 3964 sanguine
2538 3894 2847 3962 impi'mon
2896 3893 3039 3962 quod
3076 3891 3462 3962 sanguinarius
3494 3905 3573 3947 ac-

2007 3985 2131 4037 belli
2159 3981 2390 4052 cupidus
2425 3982 2514 4047 sit,
2544 3981 2638 4035 sed
2663 3982 2879 4050 quia‘ex
2905 3996 3093 4036 eorum
3123 3980 3391 4050 supplicio
3428 3994 3557 4050 pur-

2006 4081 2182 4142 gatur,
2219 4079 2272 4127 et
2296 4073 2524 4125 aliorum
2560 4072 2918 4149 castigatkme
2948 4072 3137 4127 melior
3164 4072 3412 4127 edicitur.
3432 4070 3561 4125 Sive

2007 4164 2112 4220 alio
2148 4161 2310 4217 modo
2341 4182 2354 4215 :
2392 4161 2583 4215 Manus
2634 4161 2832 4216 lavabit
2873 4164 2927 4216 in
2956 4163 3208 4231 sanguine
3245 4159 3553 4229 peccatoris,

2005 4256 2059 4309 id
2084 4263 2186 4317 est,
2216 4254 2556 4308 innocentem
2582 4267 2659 4319 se,
2701 4254 3035 4323 inculpatum
3066 4260 3120 4305 et
3156 4264 3350 4319 purum
3375 4264 3405 4301 a
3436 4263 3557 4317 per-

2008 4345 2147 4400 uicie
2192 4345 2313 4414 ejus
2370 4344 2641 4401 ostendet.
2674 4345 2811 4399 Cum
2860 4358 2991 4414 ergo
3042 4342 3194 4411 impii
3234 4340 3559 4411 promeritae

2007 4450 2195 4506 poenas
2227 4436 2507 4501 dederint,
2534 4432 2715 4507 justus
2757 4443 2935 4489 autem
2982 4432 3322 4495 vindicatus,
3359 4431 3559 4502 gaudio

2007 4544 2069 4585 ac
2099 4529 2285 4585 laetitia
2318 4530 2553 4598 repletus
2616 4528 2798 4592 fuerit,
2834 4540 3026 4581 manus
3082 4540 3148 4579 ac
3188 4525 3351 4593 pedes
3400 4539 3555 4595 suos.

343 4618 518 4673 ἀθῶον
556 4619 647 4673 καὶ
673 4608 927 4682 ἀναίτιον,
952 4619 1043 4671 καὶ
1079 4619 1312 4691 καθαρὸν
1347 4621 1534 4674 ἑαυτὸν
1572 4621 1783 4683 δεικνὺς
1811 4622 1907 4692 τῆς
1939 4675 1980 4692 λ
2008 4638 2081 4678 set

1819 4622 1907 4692 τῆς
1939 4675 1980 4692 λ
2008 4622 2301 4678 secundum
2332 4622 2569 4691 reliquos
2599 4621 2943 4689 interpretes,
2970 4617 3165 4672 laverit
3195 4617 3249 4670 in
3294 4616 3557 4685 sanguine

343 4709 837 4779 ἀπωλείαςαύττοῦ.
886 4708 1129 4763 Ἐπειδὰν
1161 4706 1252 4763 οῦν
1282 4714 1338 4765 οἱ
1376 4713 1471 4782 μὲν
1511 4702 1725 4774 ἀσεϐεῖς
1752 4711 1904 4777 δίκας
1938 4702 1982 4733 ν
2008 4731 2081 4785 pet

1818 4729 1904 4777 ιας
1938 4702 2330 4785 "peccatoris,
2378 4710 2675 4767 secundum
2732 4710 2984 4763 traditam
3042 4708 3556 4773 sententiam;tunc

341 4797 473 4851 δῶσι
500 4798 598 4863 τὰς
632 4798 1021 4870 προσηκούσας
1042 4816 1055 4828 ·
1086 4802 1112 4851 ό
1134 4799 1190 4852 δὲ
1226 4799 1431 4863 δίκαιος
1456 4801 1775 4871 ὲκδικηθεὶς.
1818 4802 1907 4853 εὐ·
2007 4824 2079 4862 me

1820 4802 1907 4853 εὖ·
2007 4808 2201 4862 merito
2232 4804 2411 4861 omnis
2444 4805 2627 4867 homo,
2658 4803 2836 4857 omnis
2864 4817 2966 4856 vox
3008 4808 3063 4873 et
3104 4801 3287 4870 lingua
3316 4814 3558 4868 pronun-

342 4890 730 4963 (ινιροσύνης-καλ⁵
774 4893 946 4963 χαρᾶς
978 4891 1283 4962 ἐμπλησθῇ.
1313 4894 1407 4949 καὶ
1451 4891 1548 4975 τᾲς
1588 4895 1771 4962 χεῖρας
1814 4894 1906 4946 καὶ
2007 4899 2079 4951 tia

1814 4894 1906 4946 ml
2007 4899 2183 4963 tiabit,
2222 4896 2283 4960 Si
2316 4897 2493 4966 utique
2538 4905 2612 4948 est
2646 4896 2848 4964 fructus
2872 4893 3043 4963 justo,
3079 4894 3252 4961 utique
3296 4901 3373 4944 est
3414 4890 3552 4944 Deus

341 4981 464 5043 τοὺς
502 4981 666 5045 ’πόδας
701 4981 885 5046 αὑτοῦ,
917 4982 1058 5035 κατὰ
1079 4983 1203 5044 τοὺς
1229 4981 1446 5043 λοιποὺς
1472 4974 1827 5054 ἑρμηνευτάς,
1848 4984 1906 5036 ὲν
1997 4989 2079 5058 jut

1817 4984 1906 5043 μὲν
1997 4976 2247 5058 judicans
2269 4986 2354 5042 eos
2378 4988 2431 5041 in
2459 4996 2616 5040 terra.
2655 4982 2787 5038 Nam
2821 4985 2867 5039 si
2913 4990 2996 5037 est
3042 4974 3249 5049 fructus
3285 4980 3455 5046 justo,
3488 4980 3555 5034 de

326 5068 419 5140 τῷ
448 5069 638 5153 αἵματι
677 5068 771 5124 τοῦ
796 5072 1115 5143 ἀμαρτωλοῦ
1140 5070 1378 5142 νίψηται.
1423 5072 1560 5124 κατὰ
1584 5070 1678 5142 τὴν
1709 5071 1898 5124 ἁποδο-
2001 5097 2064 5150 qu

1816 5071 1898 5124 δο-
2001 5095 2109 5150 quo
2139 5077 2316 5134 fructu
2368 5078 2421 5132 in
2452 5077 2623 5147 primo
2655 5076 2861 5145 psalmo
2893 5075 3093 5127 dictum
3127 5077 3211 5125 est
3232 5070 3275 5101 "
3308 5086 3321 5121 :
3350 5066 3417 5121 Et
3454 5072 3554 5122 erit

342 5157 526 5211 θεῖσαν
565 5159 825 5216 διάνοιαν·
859 5164 1091 5231 εὐλόγως
1132 5163 1250 5217 τότε
1297 5162 1403 5224 πᾶς
1454 5162 1765 5233 ἄνθρωπος,
1808 5162 1901 5215 καὶ
2001 5179 2080 5224 tam

1812 5162 1901 5215 καὶ
2001 5168 2251 5239 tanquam
2281 5168 2477 5239 lignum
2504 5164 2641 5235 quod
2680 5164 2976 5234 plantatum
3010 5172 3087 5216 est
3119 5176 3266 5215 secus
3305 5158 3550 5212 decursus

343 5252 490 5305 πᾶσα
524 5250 674 5320 φωνὴ
716 5255 809 5305 καὶ
840 5254 1054 5321 γλῶσσα
1083 5256 1466 5325 ἀποφανεῖται,
1510 5253 1626 5315 ὃτι,
1673 5255 1740 5305 Et
1788 5248 1901 5322 ἄρα
2003 5277 2081 5329 aqi

1808 5248 1901 5322 ἵρα
2003 5275 2278 5329 aquarum,
2310 5259 2447 5328 quod
2472 5259 2703 5328 fructum
2736 5273 2890 5317 suum
2916 5253 3063 5308 dabit
3098 5254 3151 5305 in
3188 5262 3413 5319 tempore
3432 5265 3546 5304 suo.

340 5341 472 5397 ἐστι
498 5339 724 5408 καρπὸς
756 5342 834 5407 τῷ
875 5343 1098 5416 δικαίῳ,
1132 5344 1248 5416 ἄρα
1278 5344 1447 5399 ἐστὶν
1489 5346 1521 5396 ό
1559 5342 1699 5409 Θεὸς
1723 5346 1755 5397 ό
1776 5346 1901 5412 κρί-
2004 5348 2069 5402 Et

1808 5346 1901 5412 ρί-
2004 5348 2069 5402 Et
2094 5347 2277 5418 folium
2304 5349 2417 5418 ejus
2438 5364 2539 5402 non
2553 5346 2762 5417 deﬂuet,
2787 5356 2837 5399 et
2859 5344 3031 5399 omnia
3044 5357 3358 5412 quaecunque
3372 5338 3546 5407 faciet,

339 5448 461 5487 νων
486 5430 705 5496 αὐτοὺς
742 5432 815 5485 ἐν
844 5432 919 5502 τῇ
948 5434 1044 5502 τῇ.
1075 5438 1138 5489 El
1176 5437 1284 5509 γάρ
1328 5438 1443 5489 ἐστι
1486 5435 1693 5504 καρπὸς
1718 5434 1794 5505 τῷ
1822 5436 1902 5489 δι⁴
1998 5456 2077 5509 pri

1822 5436 1902 5489 δι·
1998 5442 2467 5509 prosperabuntur.
2501 5437 2559 5493 Si
2610 5441 2793 5509 itaque
2849 5433 3402 5512 mercesacsfructus
3445 5428 3550 5482 erit

342 5522 499 5593 κιίῳ,
544 5521 670 5591 περὶ
711 5516 770 5575 οὗ
816 5524 1027 5591 καρποῦ
1074 5526 1283 5597 εἴρηται
1324 5529 1383 5581 ὲν
1439 5524 1636 5596 πρώτῳ
1667 5524 1899 5598 ψαλμῷ·
2000 5534 2080 5586 ho:

1811 5527 1865 5598 ιῷ
1885 5546 1899 5560 ·
2000 5534 2176 5587 bonus
2204 5532 2259 5587 ei
2284 5532 2377 5602 qui
2402 5529 2670 5602 justitiam
2705 5535 2960 5599 operatus
2989 5526 3080 5589 sit,
3116 5536 3275 5595 quem
3308 5528 3549 5587 tempore

338 5615 447 5666 Kal
491 5612 662 5667 ἔσται
685 5613 764 5679 ὡς
795 5614 859 5667 τὸ
900 5612 1096 5679 ξύλον
1143 5617 1211 5671 τὸ
1257 5617 1706 5688 πεφυτευμένον·
1746 5622 1905 5687 παρὰ
1996 5623 2076 5690 jus

1837 5622 1905 5685 ρὰ
1996 5623 2141 5690 justi’
2170 5622 2363 5691 judicii
2400 5621 2494 5675 Dei
2530 5620 2784 5689 recipiet;
2810 5619 2935 5672 hinc
2987 5622 3117 5670 Sane
3156 5611 3575 5683 consoquwlel"

341 5705 441 5769 τὰς
470 5703 775 5772 διεξόδους
819 5705 933 5761 τῶν
963 5707 1215 5775 ὑδάτων,
1244 5709 1276 5763 δ
1308 5712 1415 5764 τόν
1446 5709 1678 5787 καρπὸν
1721 5702 1903 5769 αἱ)τοῦ
2002 5713 2079 5767 int

1810 5712 1903 5769 τοῦ
2002 5711 2341 5785 intelligitur,
2360 5712 2519 5767 etiam
2544 5717 2667 5763 ante
2693 5707 2957 5778 judicium
2991 5717 3112 5759 esse
3140 5704 3308 5756 Deum
3339 5695 3433 5767 qui
3461 5694 3548 5749 inv

411 5875 454 5908 "
491 5875 595 5933 Job
624 5893 748 5946 ut,
782 5879 902 5947 7,8.
981 5884 1023 5915 ‘°
1062 5882 1204 5943 Psal.
1237 5901 1383 5943 usu
1405 5928 1420 5955 ,
1450 5884 1504 5953 ε,
1528 5886 1590 5941 ὅ.
1669 5885 1723 5918 ⁶¹’
1750 5884 1891 5941 l-‘sal.
1927 5900 1965 5939 ι.
1996 5887 2046 5939 5.
