4402 6486
292 720 497 790 Κύριος
537 720 627 774 τὸν
655 720 815 773 Δαυῒδ
847 722 903 773 ἐν
930 725 1092 773 πᾶσιν
1115 717 1194 784 οἷς
1222 723 1528 793 ἐσωρεύετο.
1580 744 1599 775 ι
1633 724 1850 789 Τούτοις

291 810 417 881 ἑξῆς
473 812 611 881 μετὰ
668 812 872 883 βραχέα
928 813 1269 879 ὲπιλέγεται·
1318 832 1336 864 ι
1378 814 1484 865 Kal
1534 816 1849 871 ἐϐασίλευσε

287 902 449 955 Δαυῒδ
493 905 584 956 ἐπὶ
626 904 873 976 Ἰσραήλ*
907 906 999 957 καὶ
1025 900 1091 974 ἦν
1130 903 1305 957 Δαυῒδ.
1334 905 1503 960 ποιῶν
1540 911 1713 979 κρῖμα
1757 912 1849 963 καί¹

285 992 629 1066 δικαιοσύνην
679 997 771 1050 ἐπὶ
807 996 981 1050 πάντα
1006 997 1095 1049 τὸν
1136 996 1260 1051 λαὸν
1309 998 1492 1053 αὐτοῦ.
1544 1002 1652 1053 Kal
1690 1002 1847 1055 Ἰωὰό

286 1085 397 1149 υίὸς
424 1087 690 1157 Σαρουῖας
722 1088 814 1139 ἐπὶ
859 1088 957 1156 τῆς
987 1088 1295 1159 στρατείας.
1337 1108 1354 1139 i
1389 1091 1499 1143 Kal
1543 1087 1697 1154 αὖθις
1728 1093 1845 1163 μεθ’

284 1176 448 1249 ἕτερα
483 1178 729 1250 εἴρηται·
780 1198 798 1230 ι
840 1180 946 1232 Καὶ
980 1180 1301 1234 ἀπέστειλαν
1344 1183 1392 1235 οί
1435 1184 1538 1236 υἱοὶ
1598 1184 1842 1255 Ἀμμὼν,

283 1272 374 1324 καὶ
426 1270 794 1342 ἐμισθώσαντο
837 1271 933 1340 τὴν
959 1272 1155 1344 Συρίαν
1197 1272 1364 1327 Ῥοὼό
1393 1274 1486 1327 καὶ
1522 1274 1619 1346 τὴν
1647 1278 1845 1348 Συρίαν

283 1362 452 1417 Σοσὰλ
482 1363 653 1416 εἴκοσι
685 1362 921 1432 χιλιάδας
956 1363 1134 1428 πεζῶν
1155 1405 1168 1427 ,
1215 1365 1307 1418 καὶ
1336 1366 1426 1418 τὸν
1465 1365 1682 1436 βασιλέα
1728 1371 1845 1423 Μα-

279 1453 389 1523 χαὰ
416 1454 615 1524 χιλίους
644 1454 859 1524 ἄνδρας,
892 1456 985 1508 καὶ
1021 1456 1226 1510 Είστὼὸ
1262 1458 1327 1511 ιδ’
1348 1458 1585 1529 χιλιάδας
1612 1462 1837 1533 ἀνδρῶν.

280 1548 390 1601 Καὶ
415 1549 612 1619 ἤκουσε
648 1546 824 1612 Δαυῒδ,
866 1551 959 1603 καὶ
988 1550 1270 1604 ἀπέστειλε
1298 1550 1393 1621 τὴν
1440 1551 1683 1622 δύναμιν,
1717 1556 1841 1617 τοὺς

276 1639 549 1702 δυνατούς.
570 1640 679 1693 Kal
704 1636 925 1710 ὲξῆλθόν
954 1642 1058 1696 υίοὶ
1090 1640 1330 1712 Ἀμμὼν,
1356 1644 1449 1696 καὶ
1472 1643 1841 1714 παρετάξαντο

278 1731 511 1801 πόλεμον
545 1730 695 1801 παρὰ
724 1734 787 1802 τῇ
819 1731 956 1803 θύρᾳ
984 1734 1079 1803 τῆς
1113 1734 1286 1803 πύλης
1311 1733 1510 1804 Συρίας
1544 1735 1703 1787 Σωσᾶ
1744 1738 1839 1789 καὶ

288 1820 454 1874 Ῥοὼϐ
470 1822 562 1875 καὶ
588 1821 815 1878 Είστώὸ.
847 1824 952 1878 Kal
972 1820 1109 1877 εἶδεν
1151 1824 1326 1889 Ἰωὰ6,
1354 1827 1436 1878 ὃτι
1459 1825 1686 1896 ἐγενήθη
1703 1827 1837 1898 πρὸς

273 1914 433 1968 αὐτὸν
457 1915 865 1986 ἀντιπρόσωπον
890 1915 982 1967 τοῦ
1009 1914 1248 1986 πολέμου
1275 1916 1339 1969 ὲκ
1370 1915 1464 1969 τοῦ
1495 1916 1635 1970 κατὰ
1671 1917 1838 1988 πρόσ-

1407 520 1906 580 COMMENTARIA
1950 536 2011 583 IN
2048 525 2381 583 PSALMOS.

296 645 389 701 ρος
420 628 497 699 τῷ
526 626 687 682 Δαυτδ
710 631 788 691 είς
816 627 1028 691 δούλους
1054 629 1316 699 φέροντας
1348 630 1512 695 ξένια.
1550 633 1657 685 Kal
1680 632 1847 686 ἔσωσε
1879 639 1925 695 Α
1951 636 2032 691 cis

949 645 1028 691 iu;
1054 629 1316 699 φέροντας
1348 630 1512 695 ξένια.
1550 633 1657 685 Kal
1680 632 1847 686 ἔσωσε
1879 639 1925 695 Α
1951 636 2032 691 cis
2080 636 2377 706 interjectis
2414 639 2629 695 additur
2676 662 2687 696 :

3398 549 3509 606 556

2759 666 2775 695 ‹
2816 645 2876 700 Et
2936 652 3182 719 regnavit
3236 654 3401 712 David
3454 660 3509 715 in

1954 720 2119 779 lsrael
2143 745 2156 779 :
2186 724 2416 782 faciebat
2443 743 2656 799 quoque
2681 731 2845 788 David
2870 735 3133 804 judicium
3164 750 3217 796 et
3240 744 3508 813 justitiam

1949 815 2097 869 omni
2120 818 2317 887 populo
2344 835 2464 875 suo.
2490 820 2627 877 Joab
2651 835 2828 880 autem
2867 827 3011 883 ﬁlius
3040 828 3245 888 Sarviae
3272 845 3393 891 erat
3419 854 3508 893 su-

1949 922 2046 976 per
2074 912 2396 966 exercitum.
2434 933 2454 966 ι
2494 914 2841 989 Rursumque
2886 930 3072 990 postea
3116 923 3357 982 dicitur:
3396 949 3415 979 ι
3447 928 3510 983 Et

1947 998 2215 1053 miserunt
2243 1001 2338 1059 ﬁlii
2362 1000 2613 1071 Ammon,
2638 1014 2691 1061 et
2721 1010 3097 1067 conduxerunt
3128 1016 3377 1073 mercede
3410 1016 3508 1089 Sy-

1946 1086 2081 1140 riam
2115 1086 2272 1143 Roob
2298 1097 2355 1169 et
2383 1088 2596 1162 Syriam
2628 1093 2811 1161 Sobal,
2837 1098 3026 1169 viginti
3055 1100 3219 1153 millia
3243 1086 3508 1170 peditum,

1945 1183 1998 1231 et
2051 1192 2083 1231 a
2133 1192 2259 1249 rege
2298 1179 2523 1236 Machaa
2574 1185 2720 1239 mille
2747 1186 2917 1250 viros,
2967 1196 3023 1242 et
3050 1188 3196 1244 lstob
3222 1189 3505 1245 duodecim

1944 1267 2113 1321 millia
2168 1269 2426 1335 virorum.
2470 1273 2639 1338 Quod
2672 1290 2795 1330 cum
2846 1278 3086 1335 audisset
3127 1279 3315 1343 David,
3358 1282 3505 1336 misit

1944 1359 2243 1413 exercitum
2274 1371 2327 1415 et
2357 1361 2525 1418 fortes
2551 1363 2763 1438 [viros].
2797 1367 2862 1422 Et
2888 1370 3089 1440 egressi
3114 1380 3238 1427 sunt
3266 1372 3355 1425 lilii
3376 1372 3521 1447 Alli--

1942 1462 2088 1513 mon,
2140 1456 2196 1504 et
2241 1450 2557 1508 direxerunt
2591 1456 2761 1511 aciem
2796 1460 2861 1513 ad
2886 1461 3106 1529 januam
3137 1472 3304 1532 porta:
3335 1461 3504 1533 Syriae

1943 1537 2086 1592 Soba
2136 1547 2191 1593 ct
2221 1540 2373 1599 Roob
2405 1552 2467 1599 et
2493 1547 2655 1603 lstob.
2726 1548 2930 1605 Videns
2969 1564 3146 1609 autem
3198 1552 3334 1609 Joab
3360 1554 3503 1623 quod

1938 1636 2083 1684 esset
2129 1630 2232 1686 sibi
2260 1635 2501 1702 praelium
2531 1652 2595 1690 ex
2629 1637 2854 1693 adverso
2882 1650 2935 1696 et
2967 1658 2995 1694 a
3022 1649 3195 1713 tergo,
3211 1645 3396 1714 velegit
3435 1660 3501 1697 ex

1908 1721 2192 1777 'omnibus
2221 1723 2514 1792 juvenibus
2569 1727 2755 1791 Israel,
2789 1738 2842 1784 et
2868 1730 3127 1786 instruxit
3161 1735 3332 1790 aciem
3366 1751 3501 1790 con-

1938 1820 2020 1867 tra
2052 1813 2263 1885 Syriam
2296 1817 2469 1880 "-°°,i
2508 1825 2561 1872 et
2589 1827 2802 1875 caztera.
2824 1820 3031 1887 Quibus
3055 1822 3249 1880 deinde
3274 1826 3501 1895 subjun-

1936 1905 2121 1973 gitur:
2162 1924 2181 1957 ι
2212 1905 2278 1960 Ει
2302 1907 2553 1963 viderunt
2587 1912 2729 1965 servi
2771 1911 3011 1967 Adrazar
3040 1915 3183 1984 quod
3212 1915 3501 1970 cecidisset
3589 1916 3593 1923 ”

272 2023 419 2058 ωπον
441 2020 455 2035 ο
485 2006 577 2057 καὶ
617 2005 864 2070 ἐπέλεξεν
895 2008 957 2059 ὲκ
987 2007 1200 2060 πάντων
1244 2007 1351 2061 τῶν
1384 2008 1680 2062 νεανίσκων
1733 2010 1833 2061 Ἰσ-
1862 1995 1902 2048 Β
1932 2009 1961 2046 ³
1990 1994 2010 2047 ί

1760 2010 1833 2061 [σ.
1862 1995 1902 2048 Β
1932 2009 1961 2046 a
1990 1994 2125 2069 facie
2163 1996 2329 2051 Israel
2356 2037 2371 2062 ,
2404 2007 2457 2052 et
2482 1999 2891 2071 transfugerunt
2913 2003 2977 2058 ad
3000 2004 3188 2071 Israel,
3217 2013 3271 2060 et
3300 1991 3498 2060 servie-

276 2097 428 2167 ραὴλ,
457 2096 550 2149 καὶ
578 2097 947 2167 παρετάξαντο
971 2096 1277 2162 ἐξεναντίας
1326 2099 1553 2170 Συρίας,
1596 2119 1613 2151 ι
1651 2099 1742 2152 καὶ
1766 2100 1834 2152 τά

270 2188 478 2250 τούτοις
527 2188 668 2258 ἑξῆς.
711 2183 805 2251 Οἷς
849 2190 976 2259 ἑξῆς
1017 2189 1370 2259 ἐπιφέρεται·
1421 2209 1439 2241 ι
1475 2191 1584 2243 Kal
1614 2185 1751 2243 εἶδον
1783 2193 1832 2244 οί

268 2278 440 2332 δοῦλοι
505 2279 801 2350 Ἀδραζὰρ,
836 2282 914 2333 ὅτι
968 2279 1221 2335 ἔπταισεν
1252 2280 1557 2351 ἔμπροσθεν
1596 2282 1830 2353 Ἰσραὴλ,

269 2370 362 2423 καὶ
394 2371 765 2441 ηὐτομόλησαν
802 2370 940 2441 μετὰ
984 2372 1219 2443 Ἰσραὴλ,
1254 2373 1347 2425 καὶ
1378 2371 1692 2426 ὲδούλευσαν
1734 2374 1831 2425 αὐ-

266 2458 396 2525 τοῖς.
438 2481 456 2514 ι
490 2463 586 2517 Διὰ
608 2463 809 2515 τούτων
837 2465 870 2533 ἡ
902 2464 1108 2534 ἱστορία
1152 2465 1247 2518 καὶ
1284 2446 1377 2517 τοῦ
1422 2464 1703 2536 Εὐφράτου
1739 2465 1832 2517 καὶ

264 2552 361 2622 τῆς
380 2552 568 2606 Σωσὰλ
604 2554 698 2607 καὶ
729 2554 827 2623 τῆς
857 2554 1055 2623 Συρίας
1088 2555 1181 2608 καὶ
1217 2552 1311 2607 τοῦ
1357 2554 1512 2606 Ἰωάϐ
1531 2594 1546 2617 ,
1592 2555 1685 2606 καὶ
1723 2554 1829 2605 τῶν

268 2643 331 2697 ιδ’
381 2642 634 2715 χιλιάδων
680 2645 1073 2716 ἐμνημόνευσε,
1134 2647 1227 2699 καί⁸
1278 2646 1354 2707 ὼς
1407 2646 1512 2699 τῶν
1559 2646 1829 2715 πολεμίων

262 2734 518 2787 ἁπάντων
568 2734 904 2804 περικρατὴς
957 2735 1175 2803 γέγονεν
1223 2737 1251 2787 ό
1283 2735 1443 2788 Δαυῖδ
1463 2753 1475 2765 ’
1519 2737 1666 2799 ὅπως
1708 2753 1768 2787 τε
1800 2736 1828 2788 ό

263 2814 705 2895 ἀρχιστράτηγος
753 2823 915 2876 αὐτού
979 2825 1163 2888 Ἰωάϐ,
1218 2826 1665 2896 παραταξάμενος
1716 2831 1827 2890 τοῖς

259 2912 594 2983 ἀλλοφύλοις,
629 2914 968 2986 ὑποχειρίους
999 2916 1195 2979 αὐτοὺς
1240 2916 1467 2986 εἰλήφει.
1510 2916 1716 2979 Αὐτοὺς
1761 2917 1825 2989 δὴ

260 2999 352 3056 οὖν
384 2989 643 3067 ἐκείνους,
672 3003 791 3057 καθ’
812 3004 905 3069 οὓς
929 3005 1097 3060 ταῦτα
1129 3008 1458 3077 ἐπράττετο,
1504 3008 1758 3079 σημαίνει
1790 3010 1821 3079 ή

262 3094 399 3166 μετὰ
416 3098 599 3167 χεῖρας
625 3096 1013 3169 στηλογραφία.
1042 3099 1197 3152 Κατὰ
1225 3101 1281 3153 δὲ
1307 3100 1397 3153 τον
1439 3100 1729 3173 Σύμμαχον
1757 3101 1826 3156 τὰ

257 3188 356 3259 τῆς
387 3190 714 3263 προγραφῆς
751 3191 921 3255 οὕτως
949 3190 1091 3261 ἕχει·
1129 3212 1148 3243 ι
1202 3193 1492 3267 Ἑπιινίκιον
1517 3193 1681 3267 ’ὒπὲρ
1716 3194 1824 3248 τῶν

254 3278 433 3331 ἀνθῶν
458 3279 550 3333 τοῦ
572 3280 990 3351 ταπεινόφρονος
1014 3284 1105 3333 καὶ
1153 3281 1384 3353 ἀμώμου
1417 3283 1510 3337 τοῦ
1533 3284 1715 3349 Δαυῖδ,
1743 3287 1824 3348 είς
1847 3329 1889 3385 C

260 3366 930 3385 .,7......
1119 3370 1628 3385 ....---

246 3366 518 3439 διαδοχὴν,
545 3369 727 3423 ὁπότε.
758 3371 1045 3441 ἐμπρήσας
1078 3370 1176 3439 τὴν
1203 3372 1399 3442 Συρίαν
1428 3373 1526 3443 τῆς
1574 3375 1821 3428 Μισοπο-

256 3461 473 3531 ταμίας,
503 3463 594 3514 καὶ
624 3461 719 3529 τὴν
749 3461 942 3531 Συρίαν
966 3462 1171 3523 mea),
1197 3463 1288 3516 καὶ
1316 3463 1610 3535 ἀνέστρεψε
1640 3462 1813 3526 Ἰωὰὸ,

256 3552 347 3605 καὶ
378 3549 613 3615 ἐπάταξε
666 3553 756 3605 τὸν
801 3550 976 3611 Ἐδὼμ
1009 3553 1067 3605 ὲν
1112 3556 1177 3621 τῇ
1234 3554 1477 3623 φάραγγι
1520 3552 1613 3605 τοῦ
1666 3553 1815 3615 Ἀλὸς

257 3640 322 3695 ιθ
351 3640 609 3712 χιλιάδας.
646 3659 665 3692 ι
717 3640 876 3710 Δηλοῖ
919 3641 975 3693 δὲ
1005 3643 1034 3693 ό
1066 3642 1256 3711 χρόνος
1298 3641 1545 3713 εἰρῆσθαι
1579 3641 1646 3694 τὰ
1680 3659 1812 3712 προ-

230 3732 498 3802 ·κείμενα,
535 3734 592 3785 ὲν
618 3729 697 3801 τῷ
725 3731 1049 3803 διαπρέπειν
1075 3730 1249 3785 καὶτὰ
1280 3731 1489 3801 μεγάλα
1518 3731 1812 3803 κατορθοῦν

255 3823 600 3894 βασιλεύοντα
630 3823 721 3877 τὸν
750 3821 1063 3893 Δαυῒδ,ιπρὸ
1096 3822 1194 3892 τῆς
1234 3822 1374 3876 κατὰ
1401 3822 1498 3894 τὴν
1540 3822 1813 3894 Βηθσαόεὲ

253 3916 510 3987 ἱστορίας,
538 3917 626 3970 ὅτε
653 3916 833 3980 καλῶς
861 3915 1007 3987 αὐτῷ
1049 3916 1115 3971 τὰ
1165 3917 1464 3987 πράγματα
1507 3915 1811 3987 προύχώρει

251 4007 619 4079 εὐδοκιμοῦντι
646 4008 796 4080 παρὰ
826 4009 905 4079 τῷ
922 4008 1040 4078 Θεῷ
1068 4010 1162 4064 καὶ
1186 4008 1333 4078 παρὰ
1362 4010 1474 4070 τοῖς
1509 4010 1671 4059 πᾶσιν
1690 4022 1703 4034 ·
1736 4007 1810 4071 ὡς

253 4099 644 4171 μαρτυρεῖσθαι
667 4138 682 4163 ,
710 4101 793 4153 ὅτι
833 4096 901 4171 ἦν
936 4101 1101 4155 ποιῶν
1130 4104 1300 4172 κρῖμα
1348 4101 1442 4153 καὶ
1468 4098 1810 4169 δικαιοσύνην

249 4192 306 4243 ὲν
335 4190 413 4258 τῷ
451 4190 683 4262 Ἰσραήλ.
729 4190 889 4244 Ἀλλά
921 4191 1029 4261 γὰρ
1061 4191 1208 4255 ἄξιον
1250 4191 1322 4242 ὲν·
1345 4189 1552 4253 τούτοις
1601 4192 1808 4263 άπορῆ-

250 4296 358 4342 σαι,
392 4279 537 4344 πῶς,
587 4283 645 4334 ὲν
677 4283 898 4353 τοιαύτῃ
941 4282 1221 4351 τυγχάνων
1250 4282 1610 4347 καταστάσει,
1645 4284 1809 4355 ἀρχό-

1935 2097 2063 2142 runt
2096 2087 2229 2158 ipsis
2255 2090 2339 2158 ⁹⁷.,
2360 2109 2378 2142 i
2412 2089 2507 2145 His
2531 2092 2781 2155 historia,
2815 2090 2996 2157 Sohal,
3027 2086 3260 2164 Syriam,
3290 2094 3425 2150 Joab
3446 2105 3499 2149 et

1932 2178 2216 2234 duodecim
2251 2181 2420 2235 millia
2464 2192 2759 2248 memorat,
2795 2192 3089 2254 narratque
3117 2186 3371 2242 Davidem
3403 2188 3498 2241 iiii-

1930 2271 2102 2324 micos
2144 2286 2333 2327 omnes
2362 2273 2662 2328 debellasse
2682 2315 2696 2339 ,
2747 2290 2811 2329 ac
2859 2276 3049 2331 ducem
3079 2279 3350 2333 exercitus
3376 2279 3496 2347 ejus

1928 2356 2062 2413 Joab
2090 2362 2357 2415 instructa
2391 2370 2579 2417 contra
2625 2364 2923 2437 allophyios
2955 2368 3087 2431 acie,
3133 2367 3279 2436 ipsos
3332 2372 3495 2439 capti-

1928 2464 2027 2504 vos
2057 2452 2252 2521 egisse.
2302 2452 2534 2509 Eosdem
2566 2458 2746 2528 itaque
2776 2458 2861 2513 his
2891 2460 3107 2515 attritos
3131 2460 3375 2515 cladibus
3411 2463 3496 2516 in-

1929 2540 2075 2594 dicat
2103 2558 2343 2612 praesens
2376 2546 2516 2601 tituli
2548 2548 2849 2618 inscriptio.
2907 2549 3213 2605 Secundum
3245 2549 3491 2622 Symma-

1927 2632 2088 2687 chum
2139 2646 2319 2692 autem
2371 2640 2452 2693 sic
2495 2640 2685 2696 titulus
2718 2642 2877 2696 habet
2908 2663 2920 2697 :
2963 2661 2981 2694 ι
3014 2643 3362 2713 Triumphale
3397 2660 3494 2716 pro

1925 2721 2149 2780 ﬂoribus
2181 2725 2403 2782 humilis
2432 2737 2484 2783 et
2510 2730 2770 2800 inculpati
2804 2731 3039 2795 Davidis,
3070 2734 3488 2797 ad'doctrinam,

1925 2828 2049 2868 cum
2086 2815 2309 2871 incensa
2341 2816 2493 2888 Syria
2525 2818 2957 2890 Mesopotamiae,
3003 2830 3057 2876 et
3105 2823 3259 2894 Syria
3303 2824 3485 2889 Sobal,

1925 2920 2177 2961 reversus
2219 2906 2357 2961 Joab
2403 2909 2677 2977 percussit
2704 2910 2869 2964 Edoni
2904 2913 2955 2964 in
2994 2913 3134 2967 valle
3166 2910 3307 2969 Salis
3354 2916 3489 2969 duo~

1924 2984 2098 3048 decim
2126 2995 2315 3048 millia.
2356 3016 2374 3048 ι
2445 2996 2520 3051 Ex
2552 3001 2810 3067 temporis
2840 3015 3000 3081 porro
3034 3009 3163 3054 nota
3193 3001 3489 3076 deprchen-

1924 3083 2073 3137 ditur
2098 3083 2211 3138 haec
2232 3085 2376 3139 dicta
2412 3085 2601 3153 fuisse,
2624 3102 2747 3141 cum
2778 3087 2942 3142 David
2973 3104 3206 3160 regnans
3231 3105 3489 3161 prospere

1924 3184 2130 3248 ageret,
2166 3178 2361 3248 resque
2400 3194 2623 3250 magnas
2658 3188 3011 3250 perpetraret,
3066 3190 3190 3237 ante
3226 3182 3498 3239 Bersabee-

1926 3267 2241 3334 historiam;
2278 3284 2401 3331 cum
2437 3269 2604 3339 probe
2626 3278 2677 3323 et
2708 3286 2769 3324 cx
2809 3280 2933 3325 volo
2962 3287 3050 3326 res
3081 3262 3181 3343 ipsi
3213 3272 3487 3338 cederent,

1920 3358 2147 3429 ipseque
2192 3358 2301 3413 Deo
2327 3369 2381 3413 et
2420 3362 2677 3415 omnibus
2713 3361 3026 3429 spectabilis
3068 3370 3245 3429 esset;
3295 3365 3369 3418 ita
3402 3372 3483 3427 ut,

1920 3448 2200 3518 Scriptura
2253 3460 2411 3513 teste,
2458 3451 2657 3507 faceret
2700 3452 2963 3520 judicium
3013 3464 3066 3511 et
3106 3456 3375 3525 justitiam
3427 3459 3481 3511 in

1916 3538 2103 3594 lsracl.
2160 3540 2359 3600 Verum
2407 3541 2495 3595 hic
2538 3545 2891 3612 quaestionem
2937 3562 3152 3601 movere
3197 3556 3484 3604 consenta-

1913 3646 2073 3685 neum
2102 3641 2207 3695 est,
2238 3622 2336 3687 cur
2368 3635 2424 3688 in
2451 3635 2545 3689 tali
2578 3637 2889 3693 conditione
2909 3640 3207 3702 rerum,sic
3234 3640 3374 3695 tituli
3399 3639 3483 3697 ln-

1914 3722 2265 3791 scriptionem
2291 3723 2537 3780 ordiatur
2580 3743 2594 3780 :
2642 3744 2661 3779 ι
2696 3722 2856 3792 Deus,
2891 3728 3135 3798 repulisti
3178 3744 3278 3785 nos
3306 3735 3362 3785 et
3385 3726 3433 3783 d'

1912 3814 2159 3871 struxisti
2188 3829 2308 3871 nos.
2343 3836 2363 3869 ι
2400 3818 2561 3889 Atqui
2597 3828 2720 3889 post
2754 3827 2957 3890 tropaea
2983 3823 3048 3874 de
3081 3815 3336 3878 hostibus
3360 3839 3479 3883 ere.

1911 3912 2019 3971 cta,
2056 3913 2110 3961 et
2144 3907 2427 3963 victoriam
2457 3910 2524 3964 de
2554 3911 2789 3965 inimicis
2825 3920 3055 3980 partam,
3103 3915 3343 3982 oportuit
3374 3915 3479 3970 bac

1910 4000 1978 4056 de
2008 4016 2067 4055 re
2097 4001 2446 4070 triumphalia
2480 4001 2689 4056 cantica
2721 3988 2987 4068 emittere,
3022 4003 3238 4076 Deoque
3269 4006 3322 4061 in
3355 4022 3470 4078 gra-

1911 4093 2109 4146 tiarum
2135 4092 2400 4152 actionem
2438 4092 2837 4149 imniolare.\At
2868 4096 2955 4150 ille
2977 4096 3108 4150 nihil
3133 4103 3351 4167 praestat
3382 4098 3476 4151 hu-

1904 4183 2179 4255 jusmodi;
2216 4183 2326 4237 imo
2355 4198 2483 4238 vero
2527 4199 2615 4239 res
2650 4184 2906 4242 adversas
2953 4188 3323 4259 deplorathis
3350 4206 3472 4243 ver-

1910 4275 1994 4330 bis
2020 4293 2033 4328 :
2075 4292 2096 4324 ι
2132 4271 2295 4339 Deus,
2316 4274 2561 4344 repulisti
2592 4292 2693 4331 nos
2721 4285 2774 4331 et
2803 4276 3119 4333 destruxisti
3152 4294 3273 4343 nos,
3301 4279 3472 4333 iratus

251 4382 407 4441 μενος
432 4372 530 4439 τῆς
576 4370 974 4439 στηλογραφίας
1010 4370 1205 4438 φάσκει
1224 4386 1247 4414 ἰ
1278 4388 1297 4420 ι
1345 4369 1402 4423 Ὀ
1426 4370 1575 4436 Θεὸς,
1602 4370 1807 4427 ἀπώσω
1906 4379 1989 4430 es,

1732 4389 1807 4424 σω
1906 4379 1993 4430 es,
2024 4372 2078 4419 et
2102 4364 2361 4420 misertus
2391 4380 2450 4421 es
2474 4366 2655 4421 nobis.
2695 4386 2713 4417 ι
2748 4366 2854 4421 Pro
2883 4368 2976 4422 illo
3001 4378 3202 4432 autem,
3239 4389 3259 4420 ‹
3285 4378 3339 4426 et
3372 4373 3470 4425 iiii-

247 4460 392 4531 ήμᾶς
423 4461 516 4513 καὶ
548 4459 794 4524 καθεῖλες
833 4460 998 4532 ἡμᾶς.
1032 4479 1059 4511 θ
1104 4461 1213 4513 Kal
1258 4460 1363 4533 μὴν
1408 4462 1641 4534 τρόπαια
1684 4463 1803 4516 κατ’

247 4546 452 4619 ἐχθρῶν
501 4548 727 4620 ἀνίστη,
770 4548 862 4602 καὶ
900 4549 1056 4612 νίκας
1102 4550 1243 4604 κατὰ
1297 4550 1567 4622 πολεμίων
1603 4552 1799 4622 ᾕρητοθ

244 4714 631 4801 εὐχαρίστήρια
654 4728 731 4799 τῷ
761 4729 897 4800 Θεῷ.
944 4730 1001 4784 ’0
1025 4731 1083 4785 δὲ
1107 4732 1311 4786 τούτων
1344 4732 1441 4803 μὲν
1469 4730 1617 4784 οὐδὲν
1642 4729 1806 4800 πράτ-

243 4839 345 4889 τει,
386 4821 643 4877 τάναντία
688 4822 744 4874 δὲ
785 4816 1180 4893 άπολοφύρεται
1230 4823 1431 4891 λέγων’
1482 4840 1500 4873 ι
1552 4822 1609 4873 ’0
1636 4820 1764 4884 Θεὸς
1786 4861 1801 4885 ,

244 4912 447 4967 ἀπώσω
475 4914 621 4983 ἡμᾶς
652 4912 744 4964 καὶ
767 4910 1011 4974 καθεῖλες
1032 4912 1198 4982 ἡμᾶς,
1222 4910 1495 4982 ὠργίσθης
1513 4950 1527 4974 ,
1569 4909 1661 4962 καὶ
1688 4907 1801 4978 ᾠκ-

244 5004 499 5075 τείρησας
529 5005 693 5075 ἡμᾶς.
753 5021 772 5053 ι
793 5003 958 5055 ’Ἀντί
987 5002 1044 5054 δὲ
1088 5001 1180 5055 τοῦ
1206 5041 1221 5066 ,
1280 5020 1299 5052 ι
1335 5003 1428 5056 καὶ
1463 4996 1799 5072 ᾠκτείρησας

243 5088 441 5166 ﬂeas»
474 5115 492 5147 ι
516 5098 607 5153 καὶ
638 5096 969 5167 περιήγαγες
990 5096 1155 5165 ἡμᾶς,
1190 5113 1208 5146 ι
1239 5096 1269 5148 ὁ
1300 5094 1592 5166 Σύμμαχος
1617 5093 1798 5164 ἡρμή-

247 5202 429 5238 νευσεν
452 5202 463 5212 ·
498 5189 530 5256 ἡ
553 5186 610 5239 δὲ
638 5187 857 5258 πέμπτη
881 5185 1089 5249 ἔκδοσις
1112 5225 1127 5249 ,
1169 5204 1187 5235 ι
1239 5187 1333 5240 καὶ
1352 5182 1798 5255 περιεκύκλωσαν

247 5280 388 5349 ἡμᾶς
408 5293 421 5307 ο
448 5295 467 5328 ι
490 5279 518 5328 ό
537 5277 594 5330 δὲ
614 5278 861 5345 Ἀκύλας,
889 5264 907 5332 ἆ
936 5277 1203 5351 θυμωθεὶς
1226 5275 1591 5348 μετέστρεψας
1612 5276 1760 5345 ἡμῖν.
1776 5294 1795 5326 ι

245 5365 374 5423 Εἶτα
398 5366 638 5435 ἐπιλέγει
685 5369 835 5441 ἑξῆς·
868 5391 887 5424 ι
925 5370 1169 5437 Ἔδειεας
1194 5366 1271 5440 τῷ
1300 5366 1411 5437 λαῷ
1444 5382 1537 5419 σου
1569 5364 1796 5436 σκληράο

245 5458 493 5520 ιπότισας
536 5458 680 5528 ἡμᾶς
717 5456 855 5514 οίνον
876 5458 1234 5525 κατανύξεως.
1268 5476 1287 5507 ι
1321 5454 1503 5510 Ταῦτα
1544 5455 1602 5509 δὲ
1633 5457 1799 5512 ἀκατ-

247 5548 442 5619 άλληλα
466 5548 558 5601 καὶ
581 5548 892 5620 ἀνάρμοστα
912 5549 1059 5615 δόξαι
1084 5550 1149 5602 ἂν
1180 5542 1319 5600 εἶναι
1357 5547 1467 5608 τοῖς
1492 5544 1549 5598 ιν
1579 5548 1643 5618 τῇ
1666 5562 1799 5620 προ-

245 5645 424 5715 γραφῇ
450 5639 809 5711 δηλουμένοις.
855 5640 1011 5695 Ἀλλὰ
1031 5639 1140 5710 γὰρ
1159 5638 1258 5691 οὐκ
1283 5636 1536 5700 ἀσκόπως
1557 5636 1795 5711 ἠγοῦμαι

246 5733 339 5803 τὴν
366 5729 686 5805 προγραφὴν
723 5735 802 5798 εἰς
833 5733 894 5787 τὸ
929 5730 1078 5796 τέλος
1120 5732 1265 5804 ἡμᾶς
1302 5729 1678 5800 ἀναπέμπειν,
1701 5734 1796 5787 καὶ

246 5944 249 5947 ·
309 5934 428 5974 ’⁸-οσ
464 5933 507 5988 ll
539 5933 771 6004 Βρεμι,
798 5934 916 5992 6-‘9.
953 5888 956 5892 ί
990 5936 1034 5969 ⁸⁷
1075 5936 1207 5991 ibid-
1242 5935 1327 5991 ¹9ο

553 6025 817 6090 Ριτιιοι..
849 6031 964 6123 Qa.
988 6029 1243 6111 XXIII.

1906 4463 2176 4513 sertus‘es
2212 4457 2407 4521 nobis,
2443 4477 2461 4509 ι
2497 4456 2884 4528 Symmachus,
2919 4476 2938 4508 ε
2971 4466 3023 4545 et
3057 4452 3468 4516 circumduxisti

1905 4564 2036 4611 nos,
2067 4567 2085 4601 ι
2122 4548 2514 4619 interpretatus
2555 4556 2672 4615 est,
2724 4548 2913 4617 quinta
2957 4565 3087 4606 vero
3124 4550 3323 4615 editio,
3353 4572 3376 4603 4
3415 4562 3469 4607 et

136 4662 139 4663 ν
244 4638 358 4694 δέον
378 4634 471 4692 οὖν
499 4638 592 4692 ἐπὶ
611 4638 820 4702 τούτοις
848 4636 987 4709 ᾠδὰς
1024 4640 1318 4705 ἐπινικίους
1351 4641 1497 4712 ᾅδειν
1515 4680 1531 4704 ,
1572 4639 1718 4693 θύειν
1743 4654 1801 4691 τε
1836 4659 1874 4711 D

1743 4654 1801 4691 τε
1836 4659 1878 4711 ι)
1906 4639 2377 4695 circumdederunt
2405 4654 2533 4705 nos;
2574 4658 2592 4690 ι
2624 4634 2816 4708 Aquila
2840 4677 2854 4701 ,
2890 4657 2909 4690 ι
2948 4638 3122 4696 iratus
3146 4645 3463 4715 convenisti

1911 4729 2088 4784 nobis.
2121 4718 2139 4780 ι
2179 4728 2374 4783 Subdit
2402 4737 2524 4798 post
2550 4727 2664 4781 haec
2695 4746 2709 4782 :
2756 4748 2774 4779 ι
2815 4727 3117 4787 Ostendisti
3150 4734 3350 4803 populo
3373 4744 3489 4789 ιιιυ-

1908 4820 2044 4874 dura
2083 4840 2096 4874 :
2133 4819 2332 4895 potasti
2360 4832 2459 4872 nos
2487 4818 2613 4872 vino
2637 4822 3126 4890 c'ompunctionis.»
3160 4822 3279 4877 Haec
3302 4839 3465 4893 porro

1890 4912 2078 4968 .videri
2113 4909 2325 4981 possint
2349 4906 2671 4969 inconCinne
2691 4913 2867 4979 edicta,
2887 4930 2986 4971 nec
3015 4931 3311 4987 congruere
3338 4931 3460 4969 cum

1907 5004 1976 5059 iis
2008 5015 2129 5072 quae
2156 5000 2210 5055 in
2234 5000 2392 5054 titulo
2420 4991 2697 5058 notantur.
2735 5006 2838 5063 Sed
2868 4996 3078 5061 estimo
3109 5006 3318 5061 titulum
3352 5021 3459 5061 nou

1906 5095 2022 5150 sine
2051 5090 2250 5162 prmio
2277 5104 2443 5160 scopo
2475 5108 2578 5149 nos
2606 5094 2672 5148 ad
2709 5095 2869 5151 linem
2899 5095 3197 5158 remittere,
3216 5108 3315 5150 nec
3342 5098 3459 5152 sine

1884 5198 2105 5250 causa,
2149 5201 2167 5233 ι
2202 5195 2302 5251 pro
2332 5181 2399 5237 iis
2424 5183 2518 5253 qui
2562 5184 2989 5241 immutabuntur
3011 5226 3028 5251 ,
3060 5201 3081 5237 ι
3134 5185 3455 5256 inscriptum
3516 5220 3520 5227 -

1904 5290 2045 5339 esse,
2097 5279 2258 5342 atque
2286 5288 2565 5329 sermones
2587 5276 2725 5331 istos
2754 5277 2895 5331 tituli
2925 5276 3332 5347 inscriptionem
3360 5293 3454 5328 vo-

1904 5374 2056 5422 catos
2086 5363 2273 5419 fuisse.
2299 5363 2434 5418 Nam
2468 5382 2487 5414 ι
2512 5365 2567 5419 in
2595 5363 2751 5420 ﬁnem
2771 5383 2791 5417 ι
2826 5360 3047 5429 dicitur,
3077 5368 3204 5436 quia
3226 5381 3309 5429 ea,
3335 5381 3452 5435 qua:
3534 5370 3535 5373 “

1903 5459 1957 5511 in
1983 5454 2239 5509 vaticinia
2262 5452 2533 5519 feruntur,
2571 5455 2626 5510 in
2651 5456 3449 5513 consummationesaculorum

1903 5545 2171 5617 implenda
2218 5554 2363 5602 sunt.
2432 5543 2752 5602 Necessario
2794 5546 3038 5610 additur,
3079 5566 3099 5599 ι
3135 5560 3233 5616 pro
3260 5546 3328 5600 iis
3354 5546 3471 5619 qui

1903 5639 2351 5703 immutabuntur,
2382 5659 2402 5692 ι
2438 5648 2655 5710 propter
2679 5639 3109 5694 immutationem
3140 5638 3288 5693 illius
3308 5646 3447 5695 tem-

1901 5728 2048 5801 poris
2090 5727 2253 5786 rebus
2284 5726 2647 5784 inferendam.
2674 5716 2980 5800 ASiquidelPﬂ
3007 5741 3130 5780 cum
3164 5726 3277 5783 ⁸³80
3300 5726 3445 5784 ἀδω-

3063 6017 3135 6077 18
