4402 6434
825 480 932 536 855
1525 480 1792 540 EUSEBII
1830 477 2308 538 CESXBIENSIS
2344 479 2495 537 OPP.
2526 480 2724 540 PARS.
2769 479 3373 540 [IL—EXEGETICA.
3975 489 4082 554 556

826 607 1036 663 rentur,
1081 600 1380 671 allophylos
1406 602 1658 658 vincebat
1701 603 1892 666 Israel,
1929 601 2272 670 inimicisque
2298 616 2391 655 su-
2420 607 2466 663 Α
2501 619 2518 652 ι
2553 619 2564 640 ε

2340 616 2391 654 ε·
2420 607 2466 663 Α
2501 619 2518 652 ι
2553 604 2664 665 τοῖς
2689 601 3208 674 ἀλλοιωθησομένοις
3237 623 3255 656 ι
3284 603 3635 676 ἐπιγράφειν,
3653 603 3747 658 καὶ
3775 605 4078 678 στηλογρα-

829 694 1008 766 perior
1038 702 1175 748 erat.
1226 692 1330 749 Sed
1373 694 1614 749 futurum
1659 706 1876 766 tempus
1910 702 2049 771 erat,
2080 709 2188 762 quo
2223 701 2402 747 muta-
2506 693 2567 761 φί

2343 707 2402 745 a-
2506 693 2634 761 φίαν
2649 693 2772 756 τοὺς
2791 693 2980 761 λόγους
2996 694 3337 771 ἀποκαλεῖν.ι
3361 695 3454 757 Et;
3478 713 3496 746 ι
3520 693 3619 765 μὲν
3636 696 3742 768 γὰρ
3764 714 3782 745 ι
3799 695 4076 766 τὺτέλος,ι

829 785 1029 839 tionem
1056 801 1232 840 rerum
1268 787 1498 846 subiret.
1537 789 1890 857 inimicisque
1935 769 2189 842 subditus
2233 794 2398 842 essu.
2505 783 2567 837 61.4

2340 794 2398 840 εἰς.
2505 783 2591 838 διὰ
2611 785 2670 838 τὺ
2703 786 2794 837 ἐπὶ
2823 785 3102 857 συντελείᾳ
3124 769 3234 838 τῶν
3265 785 3478 839 αἰώνων
3507 785 3719 856 μέλλειν
3741 785 4078 858 πληροῦσθαι

831 877 1010 945 Quare
1058 881 1138 933 sic
1190 881 1353 935 habet
1405 882 1600 937 titulus
1634 901 1647 935 :
1687 900 1707 934 ι
1738 883 1800 935 lu
1852 882 2032 945 linem,
2068 897 2166 951 pro
2201 882 2268 934 iis
2307 882 2400 949 qui
2503 879 2568 930 τὰ

2339 882 2400 949 ‘_ui
2503 879 2568 930 τὰ
2615 878 3092 948 προφητευόμενα,
3147 878 3391 949 εἴρηταιο
3435 878 3754 948 πρόσκειται
3780 879 3837 931 δέ
3862 919 3874 941 ,
3910 896 3928 928 ι
3964 880 4077 942 τοῖς

831 971 1288 1038 immutabuntur;
1324 992 1340 1022 ι
1366 970 1728 1042 Symmachus
1756 989 1908 1039 vero,
1929 993 1948 1026 ι
1970 989 2068 1043 pro
2089 974 2343 1038 ﬂoribus;
2376 993 2392 1025 ι
2499 968 2569 1021 ἀλ

2334 991 2392 1038 ;ι
2499 968 3047 1040 ἀλλοιωθησομένοις,
3091 989 3108 1020 ι
3149 970 3459 1038 ἀναγκαίως
3503 969 3590 1022 διὰ
3629 971 3726 1040 τὴν
3778 969 4072 1040 μέλλουσαν

827 1060 1040 1129 Aquila,
1076 1081 1094 1111 ι
1134 1077 1297 1130 super
1329 1063 1463 1117 lilia.
1506 1081 1525 1114 ι
1560 1061 1713 1116 Sicut
1744 1064 1890 1118 enim
1933 1065 2051 1117 lilia
2101 1064 2214 1133 agri
2249 1074 2301 1118 et
2326 1062 2402 1118 fe-
2498 1059 2565 1112 διε

2332 1062 2402 1118 [ε.
2498 1059 2846 1132 διαλήψεσθαι
2899 1063 3179 1115 ἀλλοίωσιν
3242 1061 3338 1131 τὴν
3397 1063 3728 1114 κατάστασιν
3785 1061 3892 1114 τῶν
3949 1061 4070 1113 τότε

827 1158 978 1216 num,
1012 1154 1076 1206 ad
1107 1153 1266 1208 breve
1297 1154 1515 1224 quidem
1546 1162 1761 1225 tempus
1784 1157 2030 1226 speciosa
2060 1171 2184 1210 esse
2213 1155 2398 1209 viden-
2499 1170 2565 1223 πρ

2331 1171 2398 1208 της
2499 1152 2852 1223 πραγμάτων.
2905 1152 3031 1207 Ὅτε
3087 1155 3182 1223 μὲν
3225 1154 3335 1225 γὰρ
3379 1154 3527 1208 ταῦτ’
3554 1155 3794 1222 ἐλέγετο,
3850 1153 4069 1223 ἐκράτει

827 1253 934 1309 tur,
963 1247 1054 1302 sed
1085 1255 1305 1317 repente
1355 1247 1716 1302 immutantur
1744 1257 1797 1304 et
1826 1258 2280 1320 corrumpuntur;
2316 1250 2395 1303 sic
2497 1247 2565 1298 τῶ

2330 1250 2395 1303 iic
2497 1247 2603 1300 τῶν
2631 1245 2940 1316 ἀλλοφύλων
2970 1248 2999 1298 6
3039 1246 3274 1316 Ἰσραὴλ,
3308 1247 3400 1299 καὶ
3437 1247 3544 1299 τῶν
3569 1246 3839 1317 πολεμίων
3881 1245 4068 1316 κρείτ-

825 1353 911 1393 res
946 1340 1125 1409 populi
1158 1347 1288 1394 tunc
1321 1338 1602 1402 ﬂorentes,
1657 1340 1808 1395 brevi
1843 1342 2187 1396 immutandae
2215 1350 2390 1396 erant.
2494 1354 2563 1389 ne

2330 1350 2390 1394 it.
2494 1354 2602 1389 των
2629 1337 2939 1407 ἐτύγχανεν.
2978 1337 3208 1408 Ἔμελλε
3238 1337 3293 1390 δὲ
3328 1340 3432 1408 ἄρα
3463 1338 3638 1410 καιρῷ
3659 1356 3760 1391 τινι
3785 1338 4068 1393 ἀλλοίωσιν

825 1426 1004 1494 Quare
1034 1431 1087 1483 in
1116 1430 1362 1484 doctrina
1415 1445 1511 1485 sua
1544 1431 1802 1486 Servatur
1836 1433 1911 1486 ait
1939 1453 1950 1487 :
1987 1450 2005 1483 ι
2043 1432 2394 1488 Considerate
2496 1430 2563 1482 ὑπ

2329 1441 2394 1487 ite
2496 1430 2804 1498 ὑπομένειν,
2833 1429 2927 1481 καὶ
2950 1428 3052 1482 ὑπὸ
3080 1418 3191 1492 τοῖς
3218 1431 3431 1501 ἐχθροῖς
3463 1431 3724 1500 γίνεσθαι.
3765 1431 3856 1483 Διό
3901 1445 4067 1501 φησιν

823 1517 934 1572 lilia
988 1519 1102 1589 agri
1125 1521 1205 1583 ἐς
1242 1538 1258 1570 ι
1299 1535 1362 1574 ac
1395 1535 1618 1574 rursum
1652 1540 1663 1574 :
1702 1540 1719 1572 ι
1748 1521 1907 1588 Quod
1952 1523 1998 1578 si
2040 1522 2222 1577 fenum
2254 1522 2390 1593 agri,
2492 1522 2523 1590 ὴ
2560 1543 2561 1550 η

2323 1522 2390 1584 ri,
2492 1522 2523 1590 ὴ
2560 1519 2847 1590 προγραφή
2869 1534 2880 1545 °
2919 1537 2936 1567 ι
2971 1519 3064 1582 Et;
3087 1519 3145 1570 τὸ
3177 1519 3325 1583 τέλος
3356 1525 3464 1585 τοῖς
3487 1521 4059 1591 ἀλλοιωθησομένοιςσι

821 1613 964 1681 quod
992 1594 1152 1668 hodie
1185 1621 1286 1676 est,
1319 1621 1372 1668 et
1413 1629 1537 1667 cras
1577 1614 1631 1667 in
1660 1613 1935 1668 clibanum
1983 1615 2217 1669 mittitur
2249 1616 2326 1680 ”-;
2367 1635 2385 1667 )
2491 1613 2559 1666 ὁὶ

2321 1635 2326 1677 ;
2367 1635 2385 1667 ›
2491 1615 2519 1666 6
2547 1612 2601 1664 δὲ
2630 1613 2942 1681 Σύμμαχος,
2975 1631 2992 1663 ι
3038 1613 3206 1683 ’Υπὲρ
3239 1613 3345 1665 τῶν
3373 1613 3578 1667 ἀνθῶν
3621 1635 3638 1664 ›
3667 1617 3695 1667 6
3724 1614 3779 1666 δὲ
3815 1612 4059 1675 Ἀκύλας.

821 1703 930 1758 imo
972 1705 1175 1759 etiam:
1215 1723 1232 1754 ‹
1270 1703 1456 1758 Omnis
1501 1719 1630 1757 caro
1672 1703 1876 1768 fenum,
1912 1711 1964 1758 et
1995 1705 2173 1758 omnis
2217 1703 2390 1774 gloria
2497 1721 2514 1752 ι
2557 1707 2559 1714 ‘

2497 1721 2514 1752 ι
2557 1704 2678 1757 Ἐπὶ
2712 1706 2929 1775 κρίνων.
2967 1723 2985 1754 ι
3033 1704 3117 1766 Ὡς
3137 1704 3244 1775 γάρ
3275 1703 3339 1756 τὰ
3375 1705 3532 1775 κρίνα
3574 1703 3666 1756 τοῦ
3711 1704 3880 1773 ἀγροῦ
3908 1704 4000 1757 καὶ
4033 1705 4064 1755 6
4175 1746 4185 1756 .

819 1796 938 1864 ejus
976 1797 1131 1866 quasi
1161 1795 1259 1851 flos
1291 1796 1418 1851 feni.
1467 1795 1816 1851 Exsiccatum
1861 1806 1944 1851 est
1968 1795 2174 1858 fenum,
2211 1805 2264 1850 et
2290 1795 2388 1851 llos
2491 1795 2553 1863 χὸ

2315 1798 2388 1851 los
2491 1795 2679 1863 χόρτος
2706 1795 2852 1848 δοκεῖ
2887 1795 2983 1865 μέν
3007 1813 3125 1848 τινα
3152 1795 3284 1866 πρὸς
3315 1796 3486 1866 βραχὺ
3536 1795 3817 1864 φαίνεσθαι
3861 1796 4053 1867 ὡραῖα,

817 1891 1067 1956 decidit;
1131 1889 1368 1946 Verbum
1413 1898 1594 1943 autem
1631 1890 1842 1944 Domini
1897 1896 2079 1943 manet
2125 1889 2178 1942 in
2230 1897 2386 1944 mter-
2489 1886 2555 1938 ὃσι

2321 1907 2386 1943 :r-
2489 1886 2610 1939 ὂσον
2638 1887 2694 1939 δὲ
2719 1885 2869 1939 οὔπω
2901 1887 3222 1955 μεταϐάλλει
3266 1890 3358 1941 καὶ
3409 1888 3717 1959 φθείρεται”
3765 1887 3936 1948 οὕτως
3968 1885 4059 1938 καὶ

816 1997 946 2036 num
984 1983 1034 2044 ¹;
1075 2000 1092 2033 ι
1129 1981 1325 2051 quibus
1381 1983 1644 2050 propheta
1689 1981 1987 2036 secundum
2030 1981 2269 2049 reliquos
2312 1985 2388 2036 in-
2418 1959 2459 2012 Β
2486 1977 2554 2030 τὰ

2319 1985 2388 2036 in-
2418 1959 2459 2012 Β
2486 1977 2556 2030 τὰ
2579 1978 2876 2048 πράγματα
2904 1979 2995 2031 τοῦ
3017 1979 3167 2037 λαοῦ,
3197 1979 3457 2042 ἀνθοῦντα
3495 1982 3634 2043 τότε,
3675 1978 3894 2050 ἔμελλεν
3937 1979 4057 2030 ὅσον

816 2081 1081 2142 terpretes
1114 2073 1228 2127 haec
1256 2073 1406 2127 addit
1439 2093 1450 2127 :
1493 2093 1509 2124 ι
1547 2071 1681 2127 Vere
1713 2072 1891 2127 fenum
1925 2073 2180 2142 populus,
2210 2075 2385 2129 exsic-
2486 2066 2554 2119 οὗ

2318 2076 2385 2129 ic.
2486 2066 2636 2119 οὔπω
2687 2067 3058 2138 μεταϐάλλειν.
3118 2067 3207 2120 Διὸ
3253 2071 3395 2122 καὶὸ
3428 2071 3616 2142 Σωτὴρ
3644 2074 3700 2125 ἐν
3750 2075 3870 2136 ταῖς
3910 2073 4056 2127 διδα-

814 2174 996 2219 catum
1023 2172 1107 2220 est
1141 2164 1344 2230 fenum,
1380 2165 1582 2220 decidit
1612 2164 1711 2220 llos
1740 2166 1780 2228 ',
1806 2187 1823 2216 ι
1853 2163 2134 2218 Iudaicam
2169 2173 2383 2235 gentem
2489 2170 2552 2210 σκ

2489 2156 2730 2221 σκαλίαις
2750 2158 2899 2225 ἔλεγε
2919 2175 2932 2189 ο
2975 2176 2993 2208 ι
3025 2157 3385 2228 Καταμάθετε
3413 2159 3478 2212 τά
3505 2160 3662 2231 κρίνα
3682 2161 3772 2214 τοῦ
3795 2161 3988 2233 ἀγροῦ·
4030 2180 4052 2215 ο
4162 2221 4169 2231 1

809 2272 911 2313 nec
953 2258 1183 2314 obscure
1236 2249 1574 2328 signiﬁcans.
1630 2256 1827 2312 Eadem
1860 2257 1975 2326 ipsa
2000 2257 2110 2325 jam
2146 2255 2384 2327 Spiritus
2485 2267 2547 2302 κα

2322 2274 2384 2312 us
2485 2251 2577 2302 καὶ
2601 2249 2798 2301 πάλιν·
2841 2268 2859 2300 ι
2915 2249 3058 2302 Είδέ
3099 2249 3188 2302 τὸν
3216 2250 3405 2322 χόρτον
3455 2250 3547 2303 τοῦ
3598 2251 3766 2322 ἀγροῦ
3819 2255 4056 2324 σήμερον

811 2357 1035 2405 sanctus
1056 2367 1154 2421 per
1192 2350 1446 2405 Davidem
1480 2350 1821 2410 testiﬁcatur,
1855 2349 2134 2419 prmmissa
2166 2349 2254 2403 illa
2286 2365 2384 2419 po-
2481 2341 2549 2393 ὖν¹

2312 2365 2384 2404 ιο-
2481 2341 2627 2402 ὖντα,
2655 2343 2747 2395 καὶ
2767 2341 2953 2422 αὔριον
2983 2345 3062 2405 είς
3083 2342 3327 2395 κλίϐανον
3351 2342 3674 2412 βαλλόμενον
3695 2361 3707 2374 ο
3742 2364 3759 2395 ι
3783 2346 3917 2399 ἀλλά
3938 2346 4050 2408 καὶ,

808 2441 922 2521 puli
964 2439 1144 2493 futura
1180 2441 1487 2495 inversione
1515 2448 1570 2493 et
1606 2438 1933 2490 mutatione.
1981 2434 2160 2501 Quare
2194 2452 2382 2492 secun-
2487 2450 2505 2480 σ
2537 2433 2546 2483 1

2314 2453 2382 2490 ιη-
2487 2450 2505 2480 ι
2537 2433 2691 2484 Πᾶσα
2727 2431 2864 2501 σὰρξ
2895 2433 3103 2502 χόρτος,
3138 2433 3233 2486 καὶ
3260 2435 3410 2486 πᾶσα
3433 2433 3555 2499 δόξα
3587 2434 3755 2504 αὐτῆς
3782 2435 3858 2498 ὡς
3895 2436 4052 2498 dves;

808 2533 938 2585 dum
969 2531 1222 2602 Aquilam
1255 2533 1458 2587 dictum
1493 2537 1598 2596 est,
1626 2548 1643 2580 ι
1669 2528 1842 2598 Super
1876 2529 1986 2582 lilia
2015 2529 2305 2583 testimonii
2327 2547 2373 2595 ς»
2480 2525 2541 2595 χό

2327 2547 2373 2595 ς»
2480 2525 2690 2596 χόρτου.
2743 2525 3042 2596 Ἐξηράνθη
3092 2529 3119 2579 6
3150 2527 3361 2598 χόρτος,
3387 2529 3482 2580 καὶ
3513 2527 3572 2580 τὸ
3600 2526 3758 2592 ἄνθος
3788 2527 4008 2592 ἐξέπεσε
4035 2545 4046 2558 ·

809 2625 1110 2679 secundum
1159 2623 1542 2695 Symmachum
1592 2631 1793 2686 autem,
1855 2639 1873 2670 ι
1908 2618 2011 2673 Pro
2045 2619 2268 2674 ﬂoribus
2299 2628 2379 2675 te-
2477 2617 2538 2667 τὸ

2309 2628 2379 2675 ιε-
2477 2617 2538 2667 τὸ
2569 2616 2623 2669 δὲ
2654 2617 2804 2688 ῥῆμα
2828 2619 3033 2688 Κυρίου
3062 2618 3210 2688 μένει
3244 2621 3320 2681 είς
3344 2620 3434 2673 τὸν
3460 2619 3629 2673 αἰῶνα
3651 2636 3664 2651 ·
3697 2638 3715 2669 ι
3737 2613 3818 2683 οἷς
3855 2621 3884 2672 6
3908 2621 4047 2691 Προ-

808 2718 1158 2782 stimonium;
1187 2737 1203 2769 ι
1237 2717 1534 2773 secundum
1552 2712 1691 2769 LXX
1706 2729 1834 2767 vero
1858 2711 2203 2782 lnterpretes,
2229 2733 2247 2765 ι
2272 2714 2378 2768 Pro
2479 2710 2546 2780 φή

2319 2728 2378 2768 ro
2479 2710 2653 2780 φήτης
2678 2708 2818 2762 κατὰ
2840 2711 2969 2772 τοὺς
3001 2711 3218 2773 λοιποὺς
3246 2709 3585 2781 ἐρμηνευτάς
3617 2710 3940 2782 προστίθησι
3965 2710 4050 2764 λέ-

805 2811 874 2866 iis
917 2810 1008 2880 qui
1045 2810 1514 2872 immutabuntur,
1563 2809 1618 2862 in
1669 2807 1810 2862 tituli
1860 2807 2315 2877 inscriptionem:
2352 2825 2370 2856 ι
2476 2817 2543 2867 γα

2309 2825 2315 2858 ;
2352 2825 2370 2856 ι
2476 2817 2618 2867 γων·
2666 2820 2683 2852 ι
2736 2801 2975 2871 Ἀληθῶς
2999 2802 3191 2873 χόρτος
3227 2803 3254 2855 6
3282 2802 3440 2866 λαός’
3475 2801 3744 2873 ἐξηράνθη
3781 2805 3810 2855 ὁ
3838 2801 4047 2872 χόρτοςο

803 2917 923 2971 qua:
980 2916 1227 2971 magnam
1281 2900 1515 2955 habeant
1555 2914 1681 2954 cum
1735 2898 1896 2952 dictis
1949 2898 2001 2951 in
2049 2898 2373 2967 praecedenti
2476 2893 2541 2959 ἐξι

2315 2898 2373 2950 iti
2476 2893 2698 2959 ἐξέπεσε
2722 2894 2782 2946 τὸ
2819 2894 3029 2957 ἄνθος,›
3062 2893 3384 2959 ἀκαλύπτως
3405 2894 3465 2946 τὸ
3504 2893 3770 2947 Ἰουδαίων
3793 2894 3941 2958 ἔθνος
3959 2895 4052 2963 δη-

802 2995 1012 3063 psalmo
1044 2993 1384 3047 allinitatem.‘
1405 2990 1539 3044 Nam
1581 2992 1669 3044 ille
1696 2989 1876 3058 populi
1901 2989 2263 3057 abjectionem
2293 2989 2375 3041 in-
2475 2983 2540 3034 λιὶ

2316 3005 2375 3040 η-
2475 2983 2668 3046 λώσας.
2710 2981 2857 3036 Αὐτὰ
2901 2986 2963 3055 δὴ
3014 2979 3105 3036 οὖν
3149 2983 3322 3038 ταῦτα
3363 2985 3456 3037 καὶ
3501 2983 3594 3037 νῦν
3641 2984 3701 3037 τὸ
3733 2985 3955 3056 Πνεῦμα
3987 2986 4046 3039 τὺ

800 3083 1003 3137 dicavit
1038 3083 1122 3136 bis
1168 3081 1348 3136 verbis
1377 3100 1390 3135 :
1431 3099 1448 3130 ι
1481 3081 1882 3135 Convertentur
1909 3077 1977 3130 ad
2009 3069 2289 3146 vesperam
2320 3085 2372 3131 et
2473 3074 2538 3142 ἀγ

2320 3085 2372 3131 et
2473 3074 2624 3142 ἅγιον
2665 3075 2751 3126 διὰ
2788 3075 2880 3127 τοῦ
2912 3074 3073 3128 Δαυῖδ
3104 3075 3455 3145 μαρτύρεται,
3497 3077 3914 3146 προαναφωνοῦν
3945 3077 4045 3148 τὴν

800 3172 998 3225 famem
1027 3171 1301 3238 patientur
1327 3178 1383 3222 ut
1408 3177 1653 3232 canes,et
1675 3169 1983 3222 circuibunt
2011 3167 2365 3230 civitatem‘,»
2476 3174 2538 3242 μέ

2303 3168 2365 3230 ⁸,»
2476 3161 2771 3242 μέλλουσαν
2795 3173 3009 3226 ἔσεσθαι
3053 3173 3146 3226 τοῦ
3179 3171 3309 3225 λαοῦ
3351 3170 3634 3223 ἀλλοίωσιν
3670 3172 3764 3225 κα’ί⁵
3815 3172 4041 3243 μεταϐο-

800 3271 856 3318 et
883 3272 1094 3317 caetera.
1122 3251 1330 3327 Quibus
1353 3261 1465 3314 haec
1491 3261 1558 3315 de
1579 3260 1865 3314 vocatione
1883 3259 2123 3330 gentium
2143 3257 2371 3327 subjun-
2399 3299 2442 3359 Ο
2473 3262 2537 3331 λή

2310 3275 2371 3311 n-
2399 3299 2442 3359 Ο
2473 3262 2594 3331 λήν.
2631 3262 2722 3314 Διὸ
2765 3261 2906 3314 κατά
2933 3262 3024 3314 τὸν
3067 3260 3296 3313 Ἀκύλαν
3337 3258 3570 3328 εἴρηται,
3612 3277 3630 3310 ι
3676 3259 3797 3312 Ἐπὶ
3843 3261 4041 3332 κρίνων

799 3355 877 3424 gi:
925 3373 936 3407 :
987 3371 1005 3404 ι
1037 3352 1101 3406 Et
1133 3361 1212 3416 tu,
1248 3352 1472 3407 Domine
1499 3351 1641 3407 Deus
1683 3353 1974 3416 virtutum,
2003 3349 2143 3405 Deus
2179 3350 2368 3413 Israel,
2405 3349 2442 3359 “’
2479 3371 2537 3423 με

2305 3350 2368 3413 el,
2405 3349 2442 3359 “’
2479 3354 2797 3424 μαρτυρίας·
2828 3373 2845 3404 ι
2873 3355 3013 3407 κατά
3033 3351 3089 3404 δὲ
3117 3353 3206 3404 τὸν
3241 3351 3552 3421 Σύμμαχον,
3589 3371 3606 3401 ι
3639 3352 3806 3421 Ὑπὲρ
3831 3352 3938 3407 τῶν
3958 3355 4043 3406 ἀν-

797 3446 1015 3502 intende
1045 3446 1114 3501 ad
1148 3447 1449 3501 visitandas
1481 3461 1673 3501 omnes
1723 3453 1934 3516 gentes.
1979 3462 1996 3494 »
2051 3439 2219 3494 Tituli
2241 3455 2371 3494 vero
2475 3446 2535 3498 θᾶ

2302 3455 2371 3494 :ro
2475 3446 2583 3499 θῶν
2611 3447 2884 3517 μαρτυρία
2907 3462 2919 3474 ·
2957 3463 2974 3495 ι
3000 3443 3139 3497 κατά
3166 3443 3222 3495 δὲ
3251 3446 3376 3508 τοὺς
3413 3443 3830 3513 Ἐϐδομήκοντα,
3876 3463 3894 3496 ι
3919 3445 4040 3509 Τοῖς

796 3538 1204 3608 inscriptionem
1242 3539 1295 3592 in
1326 3537 1577 3607 praesenti
1613 3546 1668 3591 ut
1699 3544 1752 3591 et
1781 3535 1917 3588 alias
1946 3524 2162 3603 Aquila,
2213 3549 2230 3580 ι
2265 3531 2368 3583 bu-
2471 3539 2534 3590 ἀλ

2306 3546 2368 3583 u-
2471 3536 2982 3606 ἀλλοιωθησομένοις
3003 3536 3080 3598 είς
3103 3533 3520 3605 στηλογραφίαν,
3558 3553 3577 3585 ι
3611 3533 3814 3603 Πολλὴν
3836 3534 3892 3587 δέ
3913 3536 4039 3588 ἀκο-

793 3631 962 3693 ιηίΙὶει
1012 3630 1240 3701 perfecti
1269 3629 1521 3703 Davidis;
1557 3649 1576 3680 ›
1629 3628 1991 3699 Symmachus
2039 3641 2189 3687 vero,
2220 3642 2238 3675 ι
2269 3624 2367 3678 hu-
2468 3629 2531 3682 λοι

2296 3641 2367 3678 iu-
2468 3610 2679 3682 λουθίαν
2700 3628 2810 3696 ἔχοι
2853 3626 2918 3680 ἂν
2949 3628 3083 3696 πρὸς
3104 3625 3172 3678 τὰ
3193 3629 3250 3679 ἐν
3274 3625 3351 3694 τῷ
3377 3625 3480 3696 πρὸ
3505 3625 3690 3678 τούτου
3721 3623 4034 3696 λελεγμένα.

793 3720 939 3775 milis
967 3719 1188 3776 Davidis
1218 3730 1271 3775 et
1308 3719 1589 3788 inculpati,
1631 3737 1649 3768 ι
1684 3716 2023 3787 interpretati
2051 3711 2361 3771 sunt.Nam
2480 3723 2531 3776 Ἐ

2298 3729 2361 3766 im
2480 3722 2631 3776 Ἐπεὶ⁵
2651 3722 2899 3782 κάκεῖνος
2920 3721 3018 3791 τὴν
3046 3720 3137 3774 τοῦ
3180 3719 3365 3783 ἔθνους
3409 3718 3679 3790 ἀποϐολὴν
3723 3718 3910 3790 ἐδήλου
3950 3718 4036 3771 λέ-

791 3799 952 3879 cippo
994 3810 1156 3881 digna
1195 3818 1312 3865 erat
1361 3811 1495 3862 tanti
1527 3809 1670 3879 regis
1706 3806 1989 3863 modestia.
2042 3804 2178 3860 Cum
2213 3803 2358 3857 enim
2466 3827 2529 3878 γυ

2297 3817 2358 3855 ιω
2466 3820 2604 3878 γων·
2649 3830 2667 3861 ι
2713 3811 3160 3881 Ἐπιστρέψουσιν
3204 3811 3282 3876 είς
3316 3811 3686 3882 ἐσπέραν,καὶ
3713 3808 4035 3881 λιμώξουσιν

786 3913 874 3957 tot
913 3905 1053 3958 bella
1087 3905 1314 3960 feliciter
1346 3908 1640 3974 gessisset,
1693 3910 1747 3959 et
1795 3902 2026 3974 populos
2070 3915 2242 3972 usque
2293 3898 2361 3952 ad
2463 3904 2524 3966 ὼς

2293 3898 2361 3952 ad
2463 3904 2537 3966 ὼς
2563 3902 2727 3965 κύων,
2762 3904 2854 3954 καὶ
2900 3901 3235 3968 κυκλώσουσι
3268 3902 3418 3955 πόλιν
3442 3942 3456 3966 ,
3500 3923 3518 3953 ι
3553 3893 3642 3954 καῖ
3669 3901 3739 3956 τὰ
3774 3902 4029 3973 ἐπιφερό-

793 3995 1236 4066 Mesopotamiam
1289 3999 1592 4067 subegisset
1654 3996 2055 4068 vectigalesque
2116 3995 2355 4062 fecisset,
2465 4013 2530 4065 με

2290 4007 2355 4062 et,
2465 4013 2620 4065 μενα.
2655 3990 2748 4057 Οἷς
2773 3995 2898 4064 ἑξῆς
2924 3996 3050 4066 περὶ
3083 3995 3177 4066 τῆς
3210 3996 3454 4066 κλήσεως
3475 3995 3581 4048 τῶν
3606 3993 3775 4047 ἐθνῶν
3804 3994 4028 4063 ἐφασκεο

791 4097 1112 4143 consuetum
1157 4070 1405 4142 servabat
1443 4085 1690 4153 'morem,
1742 4084 2198 4160 quoexornatus
2242 4099 2359 4143 erat
2468 4107 2485 4139 ι
2521 4089 2529 4140 l

2291 4099 2359 4143 'at
2468 4107 2485 4139 ι
2521 4089 2628 4142 Καὶ
2653 4089 2737 4152 σὺ,
2775 4086 2943 4158 Κύριε
2977 4089 3005 4140 6
3043 4087 3170 4150 Θεὸς
3202 4087 3308 4140 τῶν
3350 4086 3661 4156 δυνάμεων,
3691 4087 3719 4138 6
3747 4083 3876 4146 Θεὸς
3929 4085 4029 4137 Ἰσ-

790 4194 912 4232 cum
942 4193 970 4231 a
995 4175 1156 4232 Saule
1189 4178 1495 4247 pelleretur,
1530 4192 1592 4231 ac
1624 4177 1881 4247 perfugus
1903 4178 1959 4230 in
1981 4178 2213 4234 desertis
2237 4193 2358 4246 age-
2462 4197 2528 4250 ρα

2282 4193 2358 4246 ςε-
2462 4178 2618 4250 ραὴλ,
2641 4221 2644 4223 .
2670 4179 2903 4250 πρόσχες
2927 4178 3020 4233 τοῦ
3054 4179 3452 4250 ἐπισκέψασθαι
3495 4179 3670 4233 πάντα
3712 4179 3780 4232 τὰ
3820 4178 3966 4249 ἔθνη.
4001 4200 4020 4233 ι

789 4282 888 4326 ret.
941 4269 1074 4324 Nam
1099 4280 1235 4324 tunc
1264 4285 1500 4339 quoque,
1552 4277 1611 4321 ut
1642 4268 1892 4332 humilis,
1923 4267 2215 4338 perfectus,
2251 4269 2350 4322 bu-
2459 4271 2527 4324 Ti

2293 4286 2350 4322 u-
2459 4271 2569 4342 Τὴν
2598 4271 2652 4323 δέ
2681 4271 3079 4342 στηλογραφίαν
3107 4273 3200 4325 καὶ
3226 4273 3321 4325 νῦν
3353 4274 3428 4336 ὼς
3458 4271 3552 4325 καὶ
3587 4272 3644 4323 ἐν
3678 4273 3790 4335 τοῖς
3821 4270 4025 4344 ἔμπρο-

787 4364 986 4418 Iuiliter
1007 4364 1260 4418 sentiens
1290 4370 1343 4417 et
1372 4361 1704 4430 inculpatus,
1736 4360 1955 4414 aeternis
1997 4361 2171 4429 cippis
2202 4377 2232 4414 a
2270 4361 2353 4414 di-
2458 4361 2525 4415 σθ

2280 4361 2353 4414 di-
2458 4361 2582 4415 σθεν
2612 4364 2639 4414 6
2681 4362 2777 4431 μὲν
2825 4362 3073 4427 Ἀκύλας,
3111 4384 3128 4415 ι
3156 4363 3410 4418 ταπεινοῦ
3444 4362 3647 4416 τελείου
3675 4361 3764 4416 τοῦ
3789 4363 3950 4418 Δαυῖδ
3969 4380 4018 4415 ἰ

783 4459 910 4511 vina
950 4454 1231 4527 Scriptura
1261 4455 1516 4527 dignatus
1544 4465 1648 4510 est.
1701 4453 1857 4508 Nunc
1891 4463 2070 4508 autem
2108 4469 2229 4508 cum
2262 4472 2349 4510 re-
2453 4457 2480 4505 6
2512 4453 2521 4503 ὅ

2286 4473 2349 4510 'e-
2453 4457 2480 4505 6
2512 4452 2568 4505 δὲ
2595 4451 2907 4524 Σύμμαχος,
2949 4474 2966 4505 ι
3002 4456 3421 4527 ταπεινόφρονος
3452 4456 3546 4510 τοῦ
3564 4456 3725 4511 Δαυτδ
3752 4457 3846 4510 καὶ
3869 4452 4024 4526 ἀμώ-

786 4565 959 4618 gnans
1002 4557 1080 4604 tot
1113 4550 1362 4603 inimicos
1409 4546 1712 4612 invaderet,
1747 4546 2103 4615 omniumque
2131 4545 2352 4601 divitias
2456 4562 2524 4616 μο

2289 4560 2352 4601 as
2456 4562 2578 4616 μου,
2609 4563 2627 4596 ι
2660 4547 3032 4616 ήρμήνευσαν.
3058 4548 3266 4618 Dii]ch
3291 4547 3399 4619 γάρ
3426 4543 3493 4619 ἦν
3517 4549 3695 4619 ἀξίαὴ
3724 4547 3819 4601 τοῦ
3841 4546 4022 4600 τοσού-

785 4640 1096 4709 colligeret,
1142 4641 1196 4693 in
1236 4638 1422 4694 eodem
1468 4638 1662 4695 affectu
1713 4637 2126 4709 perseverabat;
2181 4651 2349 4705 quare
2380 4635 2422 4689 D
2449 4654 2523 4690 τοι

2282 4653 2349 4692 ire
2380 4635 2422 4689 Ι)
2449 4654 2542 4690 του
2570 4636 2830 4707 βασιλέως
2861 4640 3307 4711 μετριοφροσύνη.
3339 4640 3616 4692 Τοσούτων
3631 4639 3737 4711 γὰρ
3769 4638 4020 4708 πολέμων

784 4738 839 4784 et
866 4729 1002 4783 .ituli
1033 4731 1386 4798 inscriptione
1414 4738 1468 4786 et
1494 4731 1690 4800 spiritu
1734 4729 2053 4799 prophetico
2094 4725 2346 4798 dignatus
2454 4747 2522 4782 πε

2277 4743 2346 4782 ηυε
2454 4730 2886 4801 περιγενόμενος,
2917 4732 3011 4783 καὶ
3037 4733 3159 4795 τοὺς
3196 4733 3355 4802 μέχρι
3378 4732 3477 4802 τῆς
3498 4732 3686 4802 Μέσης
3706 4730 3814 4784 τῶν
3848 4747 4015 4783 ποτα-

780 4829 883 4878 est.
2458 4820 2572 4891 μῶν
2593 4821 2883 4887 ὑποτάξας,
2907 4822 3210 4893 ὑποφόρους
3232 4840 3290 4875 τε
3307 4823 3502 4886 αὐτοὺς
3519 4811 4014 4893 ηταπησάμενος,

781 4918 840 4970 ἐν
869 4916 943 4986 τῷ
970 4916 1152 4985 υίκείῳ
1175 4916 1411 4985 διέμενεν
1438 4917 1576 4985 seu,
1608 4917 1664 4968 ἐν
1678 4911 1722 4983 ᾧ
1750 4919 1844 4970 καὶ
1869 4918 1958 4969 ὅτε
1989 4915 2250 4986 ἠλαύνετο
2285 4914 2388 4966 ὑπὸ
2411 4913 2505 4967 τοῦ
2530 4916 2719 4980 Σαοὺλ,
2739 4915 2831 4968 καὶ
2845 4915 2944 4977 τὰς
2968 4915 3204 4985 ἐρήμους
3222 4917 3434 4984 φεύγων
3456 4904 3712 4984 κατῴκει,
3733 4911 4010 4984 διέπρεπε.

783 5015 889 5066 Καὶ
909 5014 1027 5067 τότε
1054 5013 1160 5084 γὰρ
1183 5013 1285 5066 ὑπὸ
1333 5013 1431 5082 τῆς
1486 5013 1638 5075 θείας
1671 5013 1912 5082 Γραφῆς,
1937 5013 2013 5074 ὼς
2074 5012 2324 5073 ταπεινὸς
2345 5009 2578 5078 τέλειος,
2615 5013 2647 5084 ἢ
2692 5012 3070 5080 ταπεινόφρων
3133 5012 3225 5064 καὶ
3272 5013 3498 5082 ἄμωμος
3540 5011 3746 5080 στηλῶν
3782 5010 4014 5064 αἰωνίων

781 5103 1022 5169 ἠξιοῦτοθ
1057 5105 1147 5157 καὶ
1177 5103 1269 5157 νῦν
1294 5105 1337 5157 δ’
1364 5107 1450 5158 ὅτε
1489 5105 1786 5174 βασιλεύων
1817 5105 2088 5169 τοσούτοις
2122 5106 2337 5177 ἐπεξῄει
2376 5105 2670 5175 πολεμίοις,
2721 5107 2816 5159 καὶ
2842 5105 2931 5158 τὸν
2963 5105 3214 5158 ἁπάντων
3248 5107 3444 5177 συνῆγε
3492 5103 3747 5168 πλοῦτον,
3789 5103 3884 5156 ἐπὶ¹
3912 5102 4014 5172 τῆς

780 5196 946 5266 αὐτῆς
983 5197 1192 5266 διέμενε
1238 5197 1629 5269 προαιρέσεως⁹
1680 5196 1762 5250 διὸ
1786 5197 2186 5268 στηλογραφίας
2216 5194 2448 5263 ἠξιοῦτο,
2489 5199 2580 5251 καὶ
2605 5196 2910 5266 πνεύματος
2941 5194 3156 5262 ἠξιοῦτο
3174 5193 3527 5268 προφητικοῦ.

850 5315 1116 5369 Observes
1165 5331 1328 5383 porro
1357 5315 1514 5369 velim
1563 5315 1664 5369 hoc
1699 5321 1968 5383 tempore,
2022 5329 2145 5367 cum
2179 5311 2348 5368 Israel
2475 5325 2481 5333 '
2527 5316 2588 5368 Ἐκ

2271 5313 2348 5366 ael
2475 5325 2481 5333 '
2527 5316 2803 5386 Ἐπιτήρει
2830 5313 2886 5366 δέ
2917 5315 3063 5375 ὅπως
3095 5313 3234 5365 κατά
3269 5316 3460 5366 τούτου
3492 5311 3584 5364 τοῦ
3622 5312 3809 5383 χρόνου
3841 5315 3870 5367 6
3910 5314 4009 5368 Ἰσ-

779 5411 1036 5473 regnante
1053 5401 1280 5465 Daride,
1313 5420 1484 5474 usque
1512 5403 1578 5457 ad
1610 5403 2345 5474 Mesopotamiamimperium
2447 5427 2517 5480 ραι

2266 5417 2345 5455 um
2447 5411 2598 5482 ραὴλ,
2631 5408 3002 5479 βασιλεύοντος
3029 5405 3210 5470 Δαυῒδ,
3249 5408 3408 5477 μέχρι
3440 5409 3537 5476 τῆς
3571 5406 3756 5475 Μέσης
3775 5405 3884 5460 τῶν
3911 5423 4004 5458 πο-

777 5495 1068 5560 obtineret,
1109 5510 1173 5549 ac
1201 5497 1482 5565 vectigalia
1514 5511 1543 5549 a
1573 5495 1816 5551 ﬁnitimis
1846 5496 2100 5565 gentibus
2132 5495 2347 5564 accipe-
2439 5517 2515 5566 τα

2267 5511 2347 5550 )e-
2439 5500 2628 5570 ταμῶν
2666 5500 2904 5569 ἐκράτει,
2934 5497 3026 5548 καὶ
3067 5497 3262 5568 φόρους
3291 5496 3438 5568 παρὰ
3473 5495 3578 5548 τῶν
3632 5494 3791 5567 πέριξ
3831 5493 4005 5547 ἐθνῶν

778 5598 884 5653 ret,
932 5589 1346 5658 promissionem
1379 5590 1469 5644 Dei
1518 5588 1583 5644 ad
1614 5587 1886 5643 Abraham
1935 5589 2132 5644 factam
2179 5603 2342 5659 opere
2438 5593 2516 5646 ἐλά

2263 5604 2342 5642 ere
2438 5593 2728 5662 ἐλάμϐανε,
2776 5592 2874 5661 τῆς
2915 5589 3006 5643 τοῦ
3041 5590 3172 5642 Θεοῦ
3221 5591 3550 5659 ἐπαγγελίας
3587 5590 3686 5660 τῆς
3735 5587 3871 5658 πρὸς
3911 5585 4001 5639 τὸν

777 5683 1099 5750 completam
1123 5694 1268 5745 esse,
1303 5696 1404 5750 qua
1428 5681 1704 5751 pollicitus
1732 5690 1851 5735 erat
1890 5699 1949 5736 se
1976 5685 2230 5737 daturum
2255 5697 2340 5737 se-
2447 5684 2515 5736 ‘Al

2263 5697 2340 5737 se-
2447 5683 2696 5753 Ἀϐραὰμ
2719 5685 2798 5746 είς
2828 5683 2961 5753 ἔργα
2984 5683 3294 5754 χωρούσης·
3322 5683 3389 5737 δι’
3413 5679 3479 5754 ἦς
3514 5679 3877 5750 ἐπηγγέλλετο
3897 5674 4001 5730 δὼ-

777 5772 910 5828 mini
938 5773 1058 5841 ejus
1089 5782 1255 5829 totam
1289 5782 1486 5829 terram
1520 5789 1547 5826 a
1574 5774 1790 5830 ﬂumine
1817 5772 2035 5846 Egypti
2071 5793 2241 5848 usque
2267 5778 2334 5832 ad
2436 5791 2515 5826 σει

2267 5778 2334 5832 ad
2436 5791 2547 5826 σειν
2569 5773 2646 5843 τῷ
2683 5772 2959 5842 σπέρματι
2985 5773 3148 5824 αὑτοῦ
3185 5774 3363 5826 πᾶσαν
3391 5774 3488 5842 τὴν
3521 5773 3622 5840 γῆν
3645 5769 3751 5821 ἀπὸ
3779 5763 3872 5818 τοῦ
3903 5780 4000 5818 τω-

835 5954 890 6032 ,οι
927 5953 1115 6009 Matth.
1154 5970 1239 6018 τι,
1276 5953 1364 6007 28.
1441 5955 1484 5985 υ
1525 5953 1654 6009 ibid.
1693 5955 1779 6009 50.
1861 5957 1875 5987 ι
1915 5941 2152 6027 πελέκει,
2188 5958 2304 6012 6-8.
2382 5958 2402 5987 ν
2442 5956 2572 6012 ibid.

1525 5953 1654 6009 ibid.
1693 5955 1779 6009 50.
1861 5957 1875 5987 ι
1915 5941 2152 6027 πελέκει,
2188 5958 2304 6012 6-8.
2382 5958 2402 5987 ν
2442 5956 2572 6012 ibid.
2615 5956 2662 6008 7.
2741 5955 2761 5987 ο
2800 5953 2940 6009 Psal.
2981 5971 3142 6021 Lvm,
3184 5955 3230 6009 τ.
