4402 6404
837 549 940 607 $39

1490 528 1755 588 EUSEBII
1793 521 2264 583 CAESARIENSIS
2312 519 2463 575 OPP.
2505 518 2683 575 PARS
2721 518 2806 573 ill.
2852 548 2919 557 —
2957 513 3363 572 EXEGETICA.

3927 485 4031 567 suo

904 653 1331 719 PostSalvatoris
1351 654 1528 721 itaque
1549 650 1720 704 nostri
1743 643 2280 714 adventum,quando
2303 642 2377 693 in-
2405 647 2449 700 Α
2548 643 2642 694 Μεσ

2303 642 2377 693 in-
2405 647 2449 700 Α
2548 640 2697 694 Μετὰ
2749 639 2875 707 γοῦν
2928 638 3022 704 τὴν
3079 636 3170 689 τοῦ
3232 604 3477 704 Σωτῆρος
3527 631 3683 702 ημῶν
3734 633 4032 701 παρουσίαν

834 751 973 807 usit
998 762 1092 802 eos
1122 746 1197 798 ira
1228 744 1282 798 in
1310 742 1490 805 linem,
1520 741 1630 793 hare
1650 739 1830 792 omnia
1855 736 2018 804 passi,
2043 733 2262 803 repulsi.
2294 732 2382 783 de-

834 839 1023 912 structi
1043 835 1304 903 etab’jecti
1334 839 1490 895 sunt;
1519 829 1744 884 abscissi
1775 829 1899 880 item
1924 834 1975 880 et
2003 822 2376 885 circumducti,

834 932 889 985 in
917 939 1207 993 omnesque
1255 932 1439 990 gentes
1471 917 1720 986 dispersi.
1753 913 1859 968 Sed
1891 914 2072 976 etiam,
2099 930 2117 962 ι
2138 925 2380 964 conmm-

835 1014 977 1076 visti,
1018 1011 1208 1078 inquit,
1235 1015 1433 1061 terram
1471 1016 1518 1060 et
1563 1002 1894 1056 conturbasti
1914 1015 2052 1061 eam,
2096 999 2224 1068 quia
2256 1012 2382 1050 sexo

833 1112 987 1173 cent_a
1013 1102 1082 1155 ibi
1110 1097 1504 1160 malainerant;
1530 1095 1582 1146 in
1616 1103 1757 1147 terra
1790 1093 1910 1146 dico
1935 1105 2143 1152 eorum,
2175 1088 2383 1142 scilicet

832 1193 1149 1255 Jerusalem,
1183 1190 1273 1243 ubi
1305 1188 1450 1256 regia
1484 1194 1534 1239 et
1565 1185 1958 1242 sanctuarium,
1993 1181 2082 1234 ubi
2117 1182 2295 1235 omnia
2326 1180 2381 1233 in

834 1287 947 1353 iege
972 1279 1276 1337 veneranda
1304 1276 1781 1346 persolvehantur:
1813 1273 1928 1328 sive
1971 1273 2132 1325 etiam
2186 1273 2238 1323 in
2270 1277 2380 1323 tota

833 1373 1047 1423 illorum
1091 1369 1342 1437 regione;
1385 1367 1497 1418 sive
1528 1366 1581 1417 in
1627 1363 1914 1415 animabus
1943 1375 2129 1414 eorum
2179 1360 2382 1427 tropice

835 1472 977 1516 terra
1001 1459 1345 1528 nuncupatis.
1377 1456 1506 1521 Quae
1533 1454 1713 1508 omnia
1742 1451 2029 1506 confertim
2055 1451 2122 1504 ob
2142 1449 2382 1517 improba

834 1568 1020 1606 eorum
1053 1550 1312 1614 facinora,
1340 1553 1607 1600 commota
1633 1553 1685 1598 et
1709 1544 2027 1598 conturbata
2058 1550 2204 1596 sunt.
2233 1541 2384 1593 Atta-

835 1659 956 1696 men
984 1648 1135 1710 rogat
1165 1639 1431 1707 Propheta
1475 1637 1528 1689 in
1566 1636 1919 1705 sequentibus
1950 1652 1961 1686 :
2001 1651 2018 1683 ι
2056 1632 2198 1685 Sana
2254 1646 2385 1683 con-

834 1731 1080 1783 tritiones
1103 1729 1239 1796 ejus,
1277 1727 1401 1796 quia
1430 1736 1699 1778 commota
1724 1730 1825 1777 est.
1863 1739 1882 1772 ι
1917 1722 1959 1772 Α
1984 1720 2202 1790 proprio
2232 1733 2386 1772 nam-

832 1838 938 1892 que
968 1823 1083 1875 loco
1114 1827 1168 1874 et
1213 1819 1321 1872 situ
1364 1825 1634 1870 commota
1697 1823 1752 1869 et
1805 1826 2072 1867 concussa
2131 1809 2384 1878 pnedicta

834 1924 1000 1973 terra,
1025 1908 1440 1965 contritionibus
1492 1915 1544 1959 et
1581 1905 1752 1958 ruinae
1782 1904 2022 1956 suberat.
2069 1900 2249 1965 Quare
2283 1900 2385 1954 sub

839 2007 952 2057 inec
979 2001 1196 2055 additur
1223 2017 1240 2052 :
1280 2017 1298 2049 ι
1348 1995 1642 2053 Ostendisti
1703 1993 1902 2064 p0pulo
1934 2000 2027 2045 tuo
2061 1993 2235 2044 dura:
2278 2010 2295 2042 ι
2334 2000 2386 2043 ct

835 2095 962 2146 vino
1015 2089 1450 2158 compunctiouis
1504 2093 1652 2155 potat
1709 2085 1865 2148 illos;
1915 2083 2028 2138 sive
2089 2080 2385 2136 secundum

833 2184 1106 2253 Aquilam,
1141 2200 1159 2232 ι
1197 2181 1318 2233 vino
1354 2179 1598 2247 soporis;
1637 2195 1655 2227 ι
1707 2177 1822 2230 sive
1879 2173 2177 2228 secundum
2233 2171 2390 2243 Symo

835 2275 1106 2337 machum,
1161 2290 1180 2323 ι
1216 2273 1343 2326 vino
1399 2267 1731 2338 jactationis.
1771 2284 1790 2317 ι
1847 2265 1923 2319 Ac
1983 2265 2164 2318 dicere
2221 2264 2386 2323 licet,

836 2365 1138 2428 divinarum
1201 2359 1601 2429 Scripturarum
1658 2354 1903 2419 verbum,
1957 2367 2064 2422 quo
2101 2367 2291 2407 eorum
2336 2352 2388 2404 iu

835 2455 1110 2512 Christum
1166 2450 1516 2505 incredulitas
1575 2447 1840 2515 arguitur,
1875 2445 2059 2499 vinum
2087 2459 2208 2498 esse
2241 2458 2388 2497 com-

837 2545 1164 2615 ptmctionis,
1198 2556 1382 2595 eorum
1430 2537 1761 2590 conscientia
1813 2550 1908 2604 per
1955 2535 2263 2604 prophetiae
2326 2535 2395 2588 de

837 2635 1075 2696 Christo,
1119 2647 1327 2686 necnon
1379 2647 1474 2700 per
1513 2635 1830 2698 praesentem
1883 2641 2064 2687 rerum
2125 2626 2393 2679 conditio-

839 2743 962 2782 nem
993 2763 1009 2789 ,
1064 2739 1125 2777 ac
1171 2739 1263 2793 per
1313 2722 1721 2775 conversionem
1779 2718 2012 2787 gentium
2069 2728 2392 2783 compuncta

839 2830 890 2875 et
915 2819 1216 2873 vulnerata.
1251 2814 1373 2868 Haec
1401 2815 1623 2883 quippe,
1685 2812 1897 2871 etiamsi
1943 2825 2050 2864 non
2111 2809 2278 2863 fucati
2311 2809 2416 2861 vi»

838 2911 1064 2965 deautur
1081 2922 1221 2972 esse,
1248 2920 1436 2961 eorum
1454 2904 1841 2960 conscientiam
1875 2908 2140 2971 puugttnt,
2167 2898 2389 2963 feriunt,

837 3009 891 3079 et
924 3002 988 3055 ad
1018 3014 1238 3055 sensum
1278 3012 1391 3052 sua:
1442 2983 1570 3066 erga
1623 2994 1956 3048 Saivatorem
1986 3001 2040 3047 et
2097 2991 2391 3046 Dominum

839 3102 1085 3146 nostrum
1117 3089 1450 3144 inﬁdelitatis
1505 3085 1801 3139 adducunt.
1856 3082 1962 3137 Sed
2012 3082 2121 3136 illis
2176 3082 2391 3150 quidem

843 3183 956 3236 haec
979 3187 1236 3234 eventura
1264 3191 1387 3231 esse
1431 3176 1780 3230 vaticinatur.
1829 3173 1899 3228 iis
1946 3180 2128 3227 autem
2179 3173 2272 3242 qui
2324 3169 2391 3231 ad

2482 733 2656 784 πάντα
2706 729 2872 782 ταῦτα
2905 726 3260 787 πεπόνθασιν,
3317 726 3401 776 ὅτε
3456 723 3685 792 ἔφθασεν
3729 724 3811 774 ἐπ’
3841 723 4034 784 αὐτοὺς

2480 821 2612 891 ὀργὴ
2641 821 2719 881 είς
2749 817 2916 879 τέλος,
2945 813 3272 882 ἀπώσθησάν
3301 831 3357 865 τε
3404 814 3494 865 καὶ
3527 810 3900 881 καθῃρέθησαν
3940 811 4035 862 xai.

2481 912 2891 980 ἀπεϐλήθησανο
2929 906 3251 976 διεκόπησάν
3285 919 3344 955 τε
3384 904 3475 956 καὶ
3517 901 3885 972 περιήχθησαν
3917 901 4033 952 δια-

2483 1002 2894 1074 σκορπισθέντες
2943 1001 3022 1060 εἰς
3056 998 3228 1050 πάντα
3260 996 3326 1048 τά
3359 995 3501 1064 ἔθνη.
3543 993 3700 1046 Ἀλλὰ
3732 993 3823 1046 xai.
3855 1011 3873 1043 ι
3913 1007 4034 1044 συν-

2483 1096 2716 1155 έσεισας,
2747 1093 2895 1160 φησι,
2926 1089 3024 1158 τὴν
3046 1090 3166 1158 γῆν,
3196 1088 3288 1139 καὶ
3311 1083 3672 1155 συνετάραξας
3696 1085 3881 1154 αὐτὴν,
3911 1102 3926 1132 ι
3949 1083 4036 1134 διά

2480 1187 2538 1238 τὸ
2571 1184 2741 1255 μυρία
2775 1180 2916 1234 κακὰ
2947 1182 3001 1232 ὲν
3024 1180 3159 1248 αὐτῇ
3181 1176 3486 1246 γίγνεσθαιο
3517 1176 3656 1243 λέγω
3684 1175 3740 1228 δὲ
3763 1178 3826 1245 τῇ
3859 1175 4035 1226 αὐτῶν

2481 1284 2572 1350 τῇ,
2610 1281 2724 1350 ῆτοι
2757 1281 2821 1348 τῇ
2860 1274 3222 1346 Ἰερουσαλὴμ,
3256 1276 3312 1326 ὲν
3407 1273 3499 1325 καὶ
3531 1271 3589 1323 τὸ
3623 1271 3906 1340 βασίλειον,
3943 1267 4037 1320 καὶ

2481 1370 2540 1422 τὸ
2570 1369 2834 1436 άγίασμα,
2860 1366 2951 1418 καὶ
2984 1365 3156 1416 πάντα
3185 1363 3250 1415 τά
3279 1360 3448 1431 σεμιὰ
3481 1359 3572 1413 τοῦ
3616 1361 3778 1430 νόμου
3821 1375 4036 1411 συνετε-

2481 1459 2707 1530 laico-ﬁ
2741 1460 2833 1512 καὶ
2875 1458 3023 1530 πάσῃ
3054 1455 3230 1508 αὐτῶν
3262 1457 3328 1524 τῇ
3355 1453 3526 1524 χώρᾳ,
3562 1453 3594 1521 ἢ
3636 1453 3727 1505 καὶ
3771 1453 3890 1512 ταῖς
3933 1451 4039 1519 ψυ-

2481 1557 2602 1624 χαῖς
2623 1553 2796 1604 αὐτῶν
2818 1551 3088 1621 τροπικῶς
3109 1549 3207 1618 γῆν
3224 1546 3648 1616 ὠνομασμέναις.
3683 1547 3748 1596 Ἀ
3779 1544 3840 1614 δὴ
3865 1545 4039 1597 πάντα

2483 1646 2689 1716 ἀθρόως
2716 1645 2804 1696 διὰ
2828 1643 2925 1705 τὰς
2951 1642 3297 1712 παρανόμους
3324 1639 3500 1691 αὐτῶν
3545 1637 3770 1707 πράξεις
3805 1635 4041 1689 συνεσεί-

2486 1737 2585 1804 σθη
2619 1737 2710 1788 καὶ
2740 1732 3132 1803 συνεταράχθη.
3173 1731 3358 1799 Ὅμως
3389 1728 3433 1780 δ’
3473 1723 3562 1781 οὖν
3605 1725 3834 1778 ἱκετεύει
3858 1727 3885 1777 ὁ
3912 1733 4042 1795 προ-

2486 1827 2657 1894 φήτης
2689 1824 2859 1890 λέγων
2893 1822 3036 1890 ἑξῆς·
3074 1841 3090 1870 σ
3133 1822 3306 1872 ἰασαι
3337 1816 3402 1869 τὰ
3439 1815 3815 1886 συντρίμματα
3853 1814 4038 1882 αὐτῆς,

2487 1918 2564 1968 ὅτι
2587 1913 2828 1983 ἐκινήθη.
2864 1931 2882 1961 ›
2915 1910 3204 1979 Κινηθεῖσα
3233 1908 3338 1978 γὰρ
3371 1908 3464 1961 καὶ
3500 1906 3816 1970 σαλευθεῖσα
3845 1907 3940 1975 τῆς
3967 1905 4044 1955 oi-

2489 2004 2638 2065 κείας
2672 2002 2833 2072 μονῆς
2856 1999 2947 2053 καὶ
2978 1998 3260 2066 στάσεωςὴ
3291 1995 3642 2066 προλεχθεῖσα
3672 1996 3761 2064 γῆ,
3785 1993 4042 2063 συντρίμ-

2492 2112 2634 2166 ματα
2665 2095 2757 2146 καὶ
2782 2092 3103 2162 κατάγματα
3132 2091 3413 2158 ἐκτήσατο.
3464 2088 3657 2158 Διόπερ
3699 2086 3825 2154 ἑξῆς
3861 2083 4042 2137 suae.

2489 2203 2641 2254 γεται
2661 2201 2672 2212 ·
2717 2204 2734 2235 ι
2765 2182 3008 2248 Ἐδειξας
3034 2181 3110 2250 τῷ
3137 2179 3249 2248 λαῷ
3271 2196 3361 2231 σου
3385 2177 3594 2250 σκληρά
3617 2195 3628 2209 ·
3669 2197 3689 2230 ι
3720 2178 3815 2251 καὶ
3840 2176 4045 2240 ποτίζει

2488 2277 2542 2328 δὲ
2575 2276 2766 2336 αὐτοὺς
2797 2271 2934 2328 οἶνον
2983 2271 3313 2336 κατανύξεως
3333 2287 3347 2303 ⁸
3399 2270 3457 2340 ἢ,
3488 2269 3625 2323 κατὰ
3651 2269 3740 2321 τὸν
3783 2267 4009 2322 ’Δκύλαν
4027 2304 4044 2328 ,

2497 2389 2513 2420 ι
2549 2364 2686 2421 οἶνον
2707 2365 3026 2437 καρώσεως·
3069 2383 3088 2415 ι
3118 2363 3173 2433 ἢ,
3207 2360 3345 2431 κατὰ
3371 2361 3461 2414 τὸν
3488 2360 3806 2430 Σύμμαχον,
3848 2380 3866 2412 ι
3907 2357 4043 2413 οἶνον

2493 2460 2671 2513 σάλου.
2708 2478 2725 2510 ι
2761 2459 2866 2510 Καὶ
2892 2455 3005 2508 ἐστι
3033 2472 3096 2522 γε
3121 2456 3290 2507 εἰπεῖν
3322 2454 3410 2506 τὸν
3436 2453 3541 2507 ἀπὸ
3570 2454 3676 2505 τῶν
3719 2454 3876 2505 θείων
3909 2453 4042 2522 rpr-

2490 2551 2604 2620 φῶν
2631 2550 2786 2618 λόγον
2812 2589 2826 2611 ,
2852 2547 3158 2616 ἐλεγκτικὸν
3191 2548 3315 2601 ὄντα
3337 2545 3510 2598 αὐτῶν
3536 2546 3632 2614 τῆς
3679 2544 3757 2605 είς
3788 2544 3877 2596 τὸν
3909 2545 4038 2614 Χριο

2493 2640 2613 2693 στὸν
2641 2639 2734 2691 τοῦ
2763 2636 2896 2692 Θεοῦ
2923 2637 3195 2701 ἀπιστίας,
3225 2633 3363 2690 οἶνον
3391 2636 3652 2706 ὑπάρχειν
3683 2633 4041 2700 κατανύξεως,

2490 2728 2816 2799 νυττομένης
2830 2728 3005 2781 αὐτῶν
3022 2727 3115 2780 καὶ
3130 2726 3563 2796 τιτρωσκομένης
3579 2725 3677 2794 τῆς
3695 2724 4047 2786 συνειδήσεως

2491 2819 2598 2873 ἀπὸ
2623 2819 2732 2872 τῶν
2778 2819 3026 2890 περὶτοῦ
3082 2819 3331 2888 Σωτῆρος
3369 2815 3739 2887 προφητειῶν·
3774 2814 3833 2879 ἐξ
3870 2815 4049 2869 αὐτῶν

2491 2926 2551 2969 τε
2577 2911 2685 2964 τῶν
2735 2911 3092 2980 περιεχόντων
3129 2909 3324 2971 αὐτοὺς
3365 2909 3699 2980 πραγμάτων
3731 2908 3822 2960 καὶ
3851 2909 3914 2959 ὲκ
3953 2906 4048 2977 τῆς

2492 3004 2598 3057 τῶν
2625 3003 2790 3056 ἐθνῶν
2806 3003 3157 3074 ἐπιστροφῆς.
3183 3003 3365 3055 Ταῦτα
3384 3001 3512 3072 γὰρ,
3539 3000 3639 3052 κᾶν
3661 2980 4047 3070 ἁπροσποίητο.

2495 3091 2630 3149 εἶναι
2653 3096 2900 3157 δοκῶσιν,
2929 3096 3076 3164 ὅμως
3091 3095 3188 3164 τὴν
3218 3093 3514 3163 συνείδησιν
3533 3091 3711 3144 αὐτῶν
3735 3090 4046 3164 τιτρώσκει,

2496 3188 2794 3259 πλήττοντα
2825 3187 2919 3240 καὶ
2952 3188 3028 3248 εἰς
3055 3186 3396 3256 συναίσθησιν
3416 3183 3610 3253 αὐτοὺς
3635 3182 3836 3251 ἄγοντα
3854 3183 3952 3252 τῆς
3972 3183 4051 3247 εἰς
4139 3207 4141 3210 ⁴

841 3271 1114 3347 Christum
1145 3267 1238 3322 Dei
1270 3268 1609 3329 conventuri,
1655 3267 1882 3336 ejusque
1917 3265 2146 3320 salutem
2204 3258 2394 3320 sus'ce-
2418 3303 2466 3366 C
2495 3281 2579 3333 τὸν

2313 3277 2394 3319 ἴθ’
2418 3303 2466 3366 C
2495 3258 2838 3350 τὸνΣωτῆρα
2867 3277 2960 3331 καὶ
2989 3275 3190 3349 Κύριον
3221 3275 3373 3346 ἡμῶν
3399 3273 3671 3336 ἀπιστίας.
3729 3270 3868 3325 Ἀλλ’
3911 3273 4051 3326 ὲκεί-

844 3362 986 3435 pturi
1011 3370 1154 3423 sunt,
1202 3360 1315 3413 haec
1365 3363 1556 3428 postea
1607 3358 1940 3412 annuntiat:
1975 3373 1993 3407 ι
2029 3355 2234 3410 Dedisti
2275 3370 2388 3435 me;-

845 3452 1119 3532 tuentibus
1150 3459 1200 3506 te
1225 3451 1692 3521 significationem,
1749 3457 1808 3502 ut
1835 3447 2042 3518 fugiant
2076 3462 2105 3499 a
2133 3445 2270 3500 facie
2311 3459 2397 3500 ar-

843 3559 974 3610 cus;
1010 3562 1028 3595 ι
1061 3535 1355 3598 abeundum
1386 3538 1634 3607 Aquilam
1667 3553 1812 3601 vero,
1865 3555 1884 3587 ι
1926 3536 2129 3590 Dedisti
2152 3538 2396 3589 metuen-

843 3636 989 3692 tibus
1013 3641 1066 3690 te
1094 3635 1327 3701 signum,
1357 3637 1419 3683 ut
1439 3627 1860 3698 significentura
1881 3627 2017 3680 facie
2045 3625 2316 3693 firmitatis
2334 3628 2389 3690 ;-i

844 3725 1142 3782 secundum
1170 3718 1553 3793 Symmachum
1581 3726 1783 3780 autem,
1823 3735 1843 3768 ι
1880 3716 2088 3772 Dedisti
2107 3715 2399 3772 metuenti-

838 3817 946 3871 bus
968 3823 1022 3868 te
1055 3815 1291 3882 signum,
1314 3819 1374 3865 ut
1418 3809 1624 3880 fugiant
1660 3822 1688 3863 a
1718 3806 1854 3862 facie
1900 3807 2239 3877 sagittarum.
2283 3825 2302 3858 ι
2341 3805 2398 3860 Si

846 3907 947 3969 iiii,
973 3905 1040 3958 de
1066 3905 1263 3972 quibus
1287 3902 1560 3972 superius,
1595 3903 1700 3956 hoc
1723 3902 1876 3970 signo
1911 3899 2082 3954 notati
2143 3899 2396 3959 fuissent,

849 4009 954 4048 non
985 3991 1297 4061 repellendi,
1333 4006 1433 4047 nec
1480 3991 1819 4052 destruendi,
1868 4005 1968 4045 nec
2021 3990 2114 4043 irae
2150 3987 2397 4043 tradendi

845 4092 1021 4138 erant.
1058 4081 1165 4135 Sed
1190 4082 1316 4151 quia
1351 4082 1564 4151 signum
1600 4082 1732 4138 illud
1767 4082 2005 4137 salutare
2036 4084 2276 4149 recipere
2302 4095 2401 4133 no-

848 4175 1084 4234 luerunt,
1109 4172 1234 4237 jure
1266 4171 1322 4225 in
1352 4170 1466 4226 hac
1490 4171 1814 4226 inciderunt.
1847 4171 1917 4226 At
1944 4172 2036 4242 qui
2069 4173 2261 4226 timent
2296 4169 2401 4226 Do-

770 4265 772 4268 ’
846 4263 1328 4332 ωἱηυωέβίεοοε
1355 4261 1447 4330 qui
1480 4261 1710 4316 credunt
1758 4277 1825 4316 ex
1873 4264 2144 4333 gentibus,
2181 4273 2239 4319 ut
2287 4265 2401 4336 ple-

848 4367 1076 4421 rumque
1101 4351 1615 4416 demonstravimus,
1675 4350 1956 4421 Scriptura
1987 4356 2127 4410 solet
2155 4358 2398 4426 appella-

849 4448 953 4513 re.)
977 4451 1197 4512 accepto
1214 4443 1389 4513 signo,
1415 4443 1618 4513 illoque
1636 4442 1743 4506 usi,
1770 4458 1832 4498 ac
1847 4443 1905 4498 in
1927 4445 2078 4499 vultu
2103 4446 2397 4518 obsignati,

849 4537 1026 4591 locum
1055 4535 1375 4589 invenerunt
1409 4533 1647 4604 fugiendi
1677 4549 1707 4587 a
1735 4532 1870 4589 facie
1899 4549 2080 4598 arcus,
2112 4538 2262 4593 nullo
2289 4542 2402 4610 spi-

2497 3388 2605 3433 νοις
2644 3370 2740 3438 μὲν
2789 3370 3011 3423 τοιαῦτα
3039 3367 3247 3438 μέλλειν
3277 3364 3490 3418 ἔσεσθαι
3517 3363 3778 3429 θεσπίζει.
3823 3363 3962 3426 Τοὺς
3994 3362 4051 3416 δὲ

2499 3458 2784 3529 μέλλοντας
2806 3457 3155 3530 προστρέχειν
3185 3456 3261 3527 τῷ
3288 3454 3506 3526 Χριστῷ
3529 3455 3621 3508 τοῦ
3651 3453 3806 3520 Θεοῦ,
3841 3455 3936 3508 καὶ
3958 3454 4053 3524 την

2496 3552 2563 3604 δι’
2582 3549 2743 3607 αὐτοῦ
2767 3550 3034 3620 σωτηρίαν
3064 3547 3478 3620 παραδέχεσθαι,
3497 3545 3906 3615 εὐαγγελίζεται
3929 3546 4054 3616 ἑξῆς

2497 3643 2699 3712 λέγων·
2747 3661 2765 3694 ι
2804 3641 3046 3706 Ἐδωκας
3085 3643 3194 3704 τοῖς
3241 3639 3592 3710 φοϐουμένοις
3645 3656 3704 3692 σε
3756 3640 4053 3710 σημείωσιν

2497 3733 2590 3786 τοῦ
2615 3735 2803 3810 φυγεῖν
2828 3731 2934 3785 ἀπὸ
2961 3733 3247 3804 προσώπου
3267 3730 3440 3796 τόξου.
3462 3749 3481 3782 ι
3517 3731 3670 3785 Κατὰ
3696 3730 3753 3784 δὲ
3780 3730 3873 3785 τὸν
3901 3731 4056 3784 ’Δκύ-

2498 3824 2621 3877 λαν·
2660 3840 2678 3872 ι
2722 3821 2966 3884 Ἔδωκας
2991 3860 3006 3884 ,
3041 3818 3173 3890 φησὶ
3194 3859 3209 3884 ,
3254 3822 3366 3884 τοῖς
3393 3817 3744 3890 φοϐουμένοις
3769 3833 3831 3871 σε
3859 3817 4056 3886 σύσση-

2504 3929 2620 3982 μον,
2646 3910 2738 3965 τοῦ
2766 3908 3115 3981 σημειοῦσθαι
3147 3909 3253 3964 άπὸ
3285 3907 3573 3978 προσώπου
3586 3908 3947 3980 ’βεϐαιότητος
3969 3925 3983 3940 ο
4030 3923 4051 3960 ο

2501 4005 2638 4057 κατὰ
2660 4003 2716 4056 δὲ
2743 4002 2832 4056 τὸν
2866 3999 3181 4071 Σύμμαχον·
3206 4019 3244 4053 .t
3281 4000 3526 4062 Ἔδωκας
3549 4002 3660 4062 τοῖς
3703 3999 4055 4070 φοϐουμένοις

2503 4111 2563 4149 σε
2587 4098 2827 4167 σημεῖον,
2859 4095 2938 4156 είς
2959 4093 3019 4145 τὸ
3043 4095 3297 4161 ἐκφυγεῖν
3322 4091 3430 4144 ἀπὸ
3468 4092 3758 4163 προσώπου
3788 4090 4054 4162 τοξεύμα-

2501 4204 2610 4250 τος.
2649 4205 2668 4240 ι
2700 4187 2762 4239 Ei
2790 4185 2887 4257 μὲν
2911 4181 3004 4240 οὖν
3027 4179 3166 4255 ἦσαν
3196 4183 3289 4237 καὶ
3305 4183 3353 4236 οι
3375 4181 3462 4237 διὰ
3487 4183 3597 4235 τῶν
3638 4181 3944 4256 ἔμπροσθεν
3970 4181 4059 4234 δε-

2500 4274 2794 4346 δηλωμένοι
2816 4274 2892 4344 τῷ
2927 4273 3133 4344 σημείῳ
3154 4271 3344 4341 τούτῳ,
3371 4267 3471 4323 οὐκ
3491 4269 3555 4323 ἂν
3572 4268 3923 4338 ἀπώσθησαν,
3948 4263 4056 4321 οὐδ’

2503 4370 2569 4425 ἂν
2597 4361 2997 4439 καθῃρέθησαν,
3023 4366 3135 4419 οὐδ’
3155 4363 3220 4419 ἂν
3246 4366 3311 4434 τῇ
3339 4361 3474 4435 ὀργῇ
3506 4363 3877 4434 παρεδόθησαν
3897 4378 3911 4394 ο
3940 4359 4057 4418 ἀλλ’

2502 4461 2622 4514 ἐπεὶ
2651 4459 2724 4530 μὴ
2749 4445 3122 4528 ἠϐουλήθησαν
3151 4453 3542 4521 καταδέξασθαι
3574 4453 3634 4507 τὸ
3665 4455 3926 4524 σωτήριον
3959 4468 4058 4523 ση-

2508 4554 2677 4624 μεῖον,
2723 4546 2942 4611 εἰκότως
2964 4546 3172 4608 τούτοις
3220 4532 3718 4617 περιπεπτώκασιν.
3768 4547 3835 4600 Οί
3891 4545 3950 4600 δέ
3994 4561 4060 4616 γε

852 4626 1130 4690 ritualium
1155 4633 1210 4680 et
1231 4625 1584 4686 invisibiiium
1635 4626 1977 4680 inimicorum
2021 4627 2190 4697 ipsos,
2226 4629 2296 4684 ob
2326 4630 2401 4685 si-
2428 4627 2478 4686 D
2505 4643 2590 4714 φοε

2326 4630 2401 4685 si-
2428 4627 2478 4686 Ι)
2505 4640 2822 4714 φοϐούμενοι
2842 4637 2934 4692 τὸν
2957 4636 3158 4706 Κύριον
3184 4633 3345 4706 (οὕτω
3369 4635 3426 4689 δι
3454 4635 3611 4689 εἴωθε
3639 4637 3822 4692 καλεῖν
3850 4639 3879 4692 ὁ
3905 4633 4059 4706 λόγος

854 4727 1017 4786 gnum
1038 4729 1163 4774 cum
1184 4714 1296 4771 illis
1309 4723 1423 4773 tum
1443 4714 1682 4784 antiquis
1699 4715 1950 4780 inditum,
1967 4716 2131 4774 ferire
2145 4719 2398 4777 audente.

854 4816 1066 4879 ssoyses
1117 4804 1386 4874 siquidem
1432 4805 1716 4862 domorum
1749 4805 1935 4861 limina
1988 4810 2251 4878 sanguine
2281 4811 2404 4882 agni

854 4896 1128 4968 paschalis
1154 4894 1430 4965 obsignari
1457 4893 1713 4951 lsraelitis
1737 4901 2008 4966 pmcepit,
2057 4909 2116 4956 ut
2143 4904 2414 4957 exterriti--

854 4995 1013 5046 nato:
1042 4992 1375 5040 averteretur
1400 4984 1443 5038 ,⁸.
1479 4982 1535 5038 In
1562 4982 1842 5041 Ezechiele
1881 4988 2087 5056 itidem,
2111 5006 2234 5046 cum
2254 5005 2404 5047 ever-

855 5077 1018 5132 tenda
1041 5079 1173 5134 urbs
1195 5082 1360 5152 esset,
1381 5071 1584 5131 dixisse
1604 5076 1862 5131 scribitur
1891 5076 2032 5134 Deus
2059 5080 2130 5144 ei,
2160 5084 2252 5152 qui
2278 5092 2412 5137 tunc

859 5170 1119 5240 temporis
1147 5169 1344 5240 podere
1371 5168 1696 5225 induebatur
1724 5188 1738 5224 :
1779 5187 1797 5220 ι
1827 5167 2020 5226 Transi
2055 5186 2151 5242 per
2173 5175 2407 5231 mediam

858 5257 1476 5325 civitatem'lerusalem,
1517 5266 1572 5314 et
1596 5258 1668 5314 da
1698 5261 1853 5332 signa
1876 5276 2040 5331 super
2073 5263 2281 5322 frontes
2328 5267 2409 5320 vi-

859 5364 1044 5427 rorum
1079 5350 1405 5420 gementium
1430 5358 1483 5406 et
1507 5349 1820 5406 dolentium
1845 5367 2012 5422 super
2059 5357 2272 5413 cunctis
2303 5359 2410 5412 ini-

860 5437 1306 5513 quitatibuslquw
1354 5441 1488 5504 ﬁunt
1517 5441 1573 5496 in
1603 5441 1782 5498 medio
1809 5443 2052 5513 ipsorum
2077 5445 2140 5499 τ..
2161 5465 2180 5498 ι
2211 5445 2412 5503 Deinde

861 5535 984 5605 aliis
1015 5533 1215 5588 dicitur
1239 5552 1253 5587 :
1278 5551 1296 5583 ι
1323 5530 1399 5588 ite
1429 5533 1483 5594 in
1509 5532 1786 5594 civitatem
1804 5542 1928 5603 post
1947 5549 2096 5601 eum,
2127 5548 2181 5593 et
2198 5552 2409 5608 ,μοι-ου-

838 5626 957 5679 tite
982 5644 995 5679 :
1029 5641 1096 5679 ne
1125 5625 1360 5695 parcatis
1387 5625 1561 5681 oculis
1582 5623 1800 5691 vestris,
1823 5639 2001 5697 neque
2049 5629 2411 5687 misereamini

864 5732 1046 5772 senem
1073 5727 1126 5772 et
1160 5719 1577 5784 adolescentem,
1621 5719 1899 5790 parvulos,
1951 5727 2002 5777 et
2040 5723 2324 5794 virginem,
2355 5738 2410 5782 et

936 5890 958 5923 ⁶
985 5894 1150 5949 Exod.
1192 5913 1284 5964 xu,
1334 5900 1385 5958 7,
1458 5899 1691 5957 'Ezech.
1733 5918 1810 5969 ts,
1847 5904 1931 5960 ιβ

2503 4737 2627 4798 τοὺς
2646 4734 2702 4801 ἐξ
2733 4729 2901 4786 ἐθνῶν
2927 4728 3294 4792 πιστεύοντας,
3314 4726 3390 4792 ὠς
3412 4728 3669 4794 πολλάκις
3691 4729 3781 4786 διὰ
3791 4722 4060 4785 πλειόνων

2507 4824 2827 4896 ἐδείξαμεν),
2849 4821 3101 4884 λαϐόντες
3127 4821 3187 4874 τὺ
3212 4823 3432 4891 σημεῖον
3451 4820 3784 4892 χρησάμενοί
3809 4839 3869 4876 τε
3891 4820 4060 4892 αὐτῷ,

2504 4920 2598 4972 καὶ
2625 4917 2766 4971 κατὰ
2790 4915 2882 4970 τοῦ
2918 4913 3205 4986 προσώπου
3236 4902 3675 4985 σφραγιζόμενοι,
3703 4911 3930 4983 εὕραντο
3959 4931 4061 4985 φυ-

2505 5009 2606 5080 γὴν
2629 5010 2735 5062 ἀπὸ
2752 5005 3040 5078 προσώπου
3063 5003 3239 5072 τόξου,
3262 5003 3487 5076 μηδενὸς
3501 5003 3690 5075 νοητοῦ
3711 5005 3806 5057 καὶ
3829 5004 4062 5075 ἀοράτου

2509 5099 2764 5170 πολεμίου
2795 5095 3008 5168 βάλλειν
3035 5095 3229 5159 αὐτοὺς
3253 5094 3554 5167 τολμῶντος
3576 5094 3666 5148 διὰ
3693 5093 3755 5146 τὸ
3781 5094 4064 5166 ἐπικείμε-

2507 5207 2597 5244 νον
2619 5191 2798 5252 αύτοῖς
2823 5189 3043 5259 σημεῖον
3066 5187 3286 5250 καὶτοῖς
3307 5184 3865 5256 παλαιοϊςιδεδομένον.
3899 5188 4065 5241 Maii»-

2512 5282 2610 5352 σῆς
2664 5281 2760 5365 μεν
2799 5281 2908 5352 τὰρ
2930 5278 3029 5342 τάς
3058 5274 3216 5365 φλιάς
3243 5277 3351 5332 τῶν
3368 5277 3530 5336 οῐκων
3557 5276 3667 5332 τῶν
3710 5279 4066 5351 Ἰσραηλιτῶν

2509 5362 3132 5442 αἵματιτοῦπροσάτου
3161 5362 3273 5422 ¹τοῦ
3322 5369 3514 5439 Πάσχα
3559 5369 4062 5442 κατασημαίνεσθαι

2509 5461 2783 5528 διετάξατο
2803 5461 2886 5525 εἰς
2914 5460 3226 5531 ἀποτροπὴν
3246 5459 3340 5514 τοῦ
3386 5459 3704 5531 ὀλοθρευτοῦ
3725 5478 3740 5492 ο
3779 5463 3874 5516 καὶ
3902 5462 3962 5515 ἐν
3987 5459 4064 5532 τῷ

2521 5549 2766 5626 Ἑζεκιῆλ
2818 5553 2915 5619 δι,
2974 5539 3270 5626 μελλούσης
3303 5553 3656 5622 ἀφανίζεσθαι
3692 5554 3792 5625 τῆς
3837 5553 4066 5624 πόλεως,

2507 5647 2963 5719 ἀναγέγραπταιδ
2985 5646 3118 5710 Θεδς
3158 5644 3393 5717 εἰρηκὼς
3423 5647 3556 5718 πρὸς
3593 5646 3686 5701 τὸν
3719 5645 4065 5716 ἐνδεδυμένον

2511 5739 2602 5791 τὸν
2633 5734 2859 5810 ποδήρη,
2884 5733 3034 5799 ὅστις
3062 5737 3177 5790 ποτ’
3203 5731 3297 5806 ῆνο
3334 5755 3354 5787 ε
3375 5734 3554 5790 amo.
3590 5734 3761 5808 μέσην
3781 5735 3882 5808 τῆν
3912 5722 4068 5790 πόλιν
