4402 6402
369 456 494 514 661

1514 458 2012 516 ΟΟΜΜΕΝΤΛΒΙΑ
2045 459 2111 512 ΙΝ
2147 457 2480 515 PSALMOS.

3505 465 3609 522 562

393 570 490 640 τὴν
534 537 903 640 Ἰερουσαλήμ,
935 573 1028 623 καὶ
1053 570 1139 633 δὸς
1171 570 1241 624 τά
1275 573 1470 641 σημεῖα
1500 572 1590 622 ἐπὶ
1621 564 1688 623 τὰ
1715 571 1945 640 μέτωπα
1978 577 2018 629 Α
2050 587 2131 624 mu

1864 589 1945 623 πα
1978 577 2018 629 Α
2050 567 2300 629 mulieres
2334 572 2567 628 occidite
2588 571 2653 626 ad
2689 574 3110 631 internecionem
3147 596 3162 633 :
3203 577 3270 634 ad
3299 553 3395 636 eos
3427 587 3602 632 autem

392 662 498 714 τῶν
519 659 727 730 ἀνδρῶν
768 659 876 713 τῶν
908 660 1405 724 καταστεναζόντων
1445 661 1535 713 καὶ
1581 661 1688 712 τῶν
1725 660 1944 712 κατοδυο

392 751 645 822 νωμένων
691 751 784 803 ἐπὶ
821 751 1019 814 πάσαις
1062 753 1180 812 ταῖς
1213 751 1458 819 ἀνομίαις
1491 753 1610 812 ταῖς
1636 749 1944 819 γινομέναις

392 847 447 897 ἐν
484 844 631 914 μέσῳ
662 843 860 896 αὐτῶν.
889 861 908 894 ι
941 838 1052 894 Εἴθ’
1081 843 1284 913 ἐτέροις
1321 841 1510 910 ἐλέχθη
1533 855 1545 868 ·
1584 860 1602 891 ι
1642 839 1943 910 Πορεύεσθε

389 937 467 997 εἰς
499 929 597 1003 τὴν
631 933 780 986 πόλιν
813 933 985 984 ὀπίσω
1013 927 1176 984 αὐτοῦ
1197 975 1209 996 ,
1252 932 1344 984 καὶ
1373 932 1596 984 κόπτετε
1619 947 1631 960 ’
1670 929 1742 1000 μὴ
1771 931 1944 999 φείδε-

391 1023 480 1076 σθε
507 1026 617 1086 τοῖς
636 1022 937 1094 ὀφθαλμοῖς
969 1021 1143 1093 ὑμῶν,
1170 1022 1262 1075 καὶ
1298 1021 1369 1091 μὴ
1415 1021 1666 1091 ἐλεήσητε
1703 1021 1941 1091 πρεσϐύ-

384 1129 542 1182 τερον
575 1112 668 1163 καὶ
708 1111 1007 1174 νεανίσκον,
1041 1113 1134 1165 καὶ
1162 1113 1327 1180 νήπια
1371 1113 1463 1166 καὶ
1502 1111 1804 1183 παρθένον,
1850 1115 1941 1165 καὶ

385 1205 643 1270 γυναῖκας
671 1203 1021 1256 ἀποκτείνατε
1050 1191 1148 1266 εἰς’
1166 1202 1433 1272 ἐξάλειψιν
1458 1221 1472 1234 ο
1501 1205 1591 1256 ἐπὶ
1644 1204 1701 1256 δὲ
1738 1205 1941 1267 πάντας

385 1292 468 1359 ἐφ’
498 1291 590 1355 οὓς
634 1293 748 1344 ἐστι
796 1292 855 1344 τὸ
884 1293 1104 1362 σημεῖον
1136 1292 1208 1362 μὴ
1237 1293 1512 1361 ἐγγίσητε,
1561 1293 1653 1345 καὶ
1697 1293 1802 1345 ἀπὸ
1835 1293 1940 1345 τῶν

385 1381 550 1448 ἁγίων
593 1398 690 1451 μου
724 1380 976 1450 ἀρξασθε.
1016 1399 1034 1431 ι
1080 1382 1242 1450 Ὁρᾷς
1263 1382 1408 1443 ὅπως
1437 1383 1482 1433 oi
1520 1383 1616 1450 μὲν
1644 1381 1936 1433 ἀπώλοντο·

383 1473 431 1524 οί
463 1472 518 1524 δὲ
553 1471 611 1524 τὸ
646 1475 866 1540 σημεῖον
911 1472 1002 1522 ἐπὶ
1028 1470 1120 1522 τού
1157 1471 1403 1539 μετώπου
1453 1471 1704 1541 φέροντες
1755 1469 1939 1523 διεσώ-

383 1562 566 1626 ζοντο;
601 1561 824 1614 τοιοῦτοί
857 1578 1000 1623 τινες
1019 1556 1154 1630 ἦσαν
1187 1561 1280 1612 καὶ
1301 1560 1392 1622 οὓς
1420 1563 1451 1631 ἡ
1482 1562 1730 1631 παροῦσα
1753 1561 1939 1630 στηλο-

381 1654 588 1724 γραφία
613 1652 905 1724 παρίστησι
946 1653 1206 1719 λέγουσαο
1242 1671 1260 1702 ι
1299 1652 1542 1714 Ἔδωκας
1591 1655 1704 1715 τοῖς
1750 1655 1938 1721 φοὸου-

383 1729 562 1814 μένοις
583 1761 641 1797 σε
666 1744 960 1813 σημείωσιν
978 1743 1069 1795 τοῦ
1089 1746 1274 1811 φυγεῖν
1297 1743 1403 1795 ἀπὸ
1421 1741 1710 1812 προσώπου
1728 1743 1899 1806 τόξου·
1913 1763 1929 1794 ι

378 1835 438 1886 οὐ
467 1835 574 1906 γάρ
595 1835 670 1905 τῷ
708 1834 919 1904 Ἰσραήλ
939 1876 954 1899 ,
977 1835 1159 1904 φησὶν,
1191 1835 1414 1895 ἔδωκας,
1443 1833 1578 1885 ἀλλά
1612 1836 1722 1896 τοῖς
1752 1834 1936 1900 φοϐου-

381 1923 559 1992 μένοις
601 1941 679 1977 σε.
713 1925 830 1975 ’Ότι
859 1924 915 1975 δὲ
947 1924 1064 1986 ἔθος
1090 1924 1204 1976 ἐστὶ
1229 1925 1293 1992 τῇ
1333 1923 1634 1990 προφητείᾳ
1678 1921 1941 1989 φοϐουμέ-

377 2032 497 2077 νους
521 2016 612 2067 τὸν
650 2015 850 2084 Κύριον
874 2015 1053 2067 καλεῖν
1081 2017 1206 2077 τοὺς
1238 2013 1296 2078 ἐξ
1335 2013 1500 2066 ἐθνῶν
1530 2013 1620 2064 ἐπὶ
1669 2012 1757 2063 τὸν
1800 2012 1928 2062 Θεὸν

2044 678 2209 731 super
2235 678 2373 732 quos
2394 672 2478 718 est
2529 667 2742 734 signum
2777 682 2844 720 ne
2876 667 3168 732 accedatis,
3221 681 3273 725 et
3317 687 3346 725 a
3394 670 3626 727 sanctis.

2043 755 2178 808 meis
2208 755 2425 824 incipite
2454 756 2493 807 ⁸.
2537 776 2554 806 ι
2592 754 2782 810 Viden’
2811 773 2919 826 quo
2948 767 3107 827 pacto
3138 760 3226 813 alii
3253 762 3473 830 quidem
3511 775 3606 815 oc-

2042 845 2179 908 cisi;
2213 846 2249 899 ii
2296 863 2425 902 vero
2454 849 2545 917 qui
2580 849 2793 918 signum
2840 851 2894 905 in
2939 850 3114 906 fronte
3160 851 3362 908 ferrent
3396 854 3597 914 servati

2043 930 2283 986 fuerint?
2311 932 2469 988 Tales
2527 935 2562 988 ii
2610 944 2787 1000 erant,
2828 953 2965 1007 quos
2995 939 3107 993 haec
3136 940 3277 992 tituli
3313 941 3597 1012 inscriptio

2042 1023 2243 1078 indicat
2265 1025 2350 1078 bis
2380 1027 2560 1101 verbis
2598 1047 2613 1081 :
2647 1045 2664 1076 ι
2698 1028 2898 1083 Dedisti
2929 1031 3293 1085 metuentibus
3315 1040 3364 1084 te
3389 1034 3594 1102 signiti-

2040 1115 2330 1186 cationem.
2359 1127 2416 1170 ut
2449 1116 2656 1186 fugiant
2683 1133 2712 1171 a
2739 1119 2875 1175 facie
2905 1137 3084 1176 arcus.
3127 1141 3144 1172 ι
3176 1121 3290 1176 Non
3320 1124 3462 1178 enim
3493 1127 3592 1188 ait,

2041 1205 2229 1259 lsraeli
2262 1200 2478 1272 dedisti,
2517 1210 2608 1263 sed
2643 1211 2954 1266 timentibus
2987 1219 3058 1266 te.
3089 1213 3241 1278 Quod
3264 1223 3439 1268 autem
3466 1230 3592 1283 pro-

2039 1294 2231 1362 pbetiaa
2252 1307 2570 1352 consuetum
2606 1300 2675 1354 sit
2696 1302 2946 1355 timentes
2971 1301 3252 1356 Dominum
3281 1317 3473 1358 vocare
3495 1319 3591 1361 eos

2038 1400 2101 1438 ex
2127 1388 2398 1456 gentibus,
2429 1390 2520 1458 qui
2551 1389 2617 1442 ad
2665 1389 2830 1444 Deum
2866 1391 3243 1461 confugerunt,
3276 1395 3589 1462 plerumque
3627 1404 3632 1407 ’

2037 1476 2546 1542 demonstravimus,
2582 1481 2658 1534 uti
2686 1496 2849 1550 supra
2873 1481 3073 1535 dictum
3092 1491 3194 1538 est.
3228 1485 3587 1549 Quemadmo-

2035 1564 2162 1618 dum
2197 1568 2363 1636 igitur
2395 1572 2837 1626 exterminatoris
2890 1573 3096 1642 plagas,
3135 1575 3287 1644 signo
3308 1579 3587 1647 sanguinis

2035 1656 2140 1719 usi,
2176 1655 2451 1726 fugiebant
2480 1661 2570 1728 qui
2609 1661 2661 1712 in
2696 1659 2928 1729 Egypto
2975 1673 3130 1717 erant
3175 1667 3216 1728 °,
3265 1667 3452 1721 eadem
3501 1684 3586 1721 ra-

2036 1746 2182 1798 tione
2205 1749 2268 1801 ad
2298 1750 2645 1802 avertendum
2667 1750 3021 1804 humanarum
3052 1755 3351 1809 animarum
3378 1757 3587 1814 hostem

2033 1846 2086 1890 et
2117 1837 2413 1904 inimicum,
2447 1841 2538 1911 qui
2573 1842 2709 1894 solet
2728 1856 2820 1895 eas
2849 1843 2965 1896 telis
2997 1844 3270 1916 impetere,
3306 1854 3360 1900 et
3388 1849 3438 1899 in
3473 1849 3588 1902 ido-

2035 1925 2262 1981 lolatriae
2295 1944 2532 1984 errorem
2557 1930 2844 1992 deducere,
2871 1931 3082 1998 signum
3117 1932 3201 1985 hic
3227 1945 3583 1989 memoratum

2036 2020 2398 2073 metuentibus
2425 2020 2705 2075 Dominum
2742 2021 2993 2074 collatum
3015 2031 3118 2077 est.
3199 2073 3202 2076 .

376 2104 836 2172 καταφεύγοντας,
868 2104 1121 2164 πολλάκις
1161 2102 1538 2171 ἀπεδείξαμεν,
1565 2100 1742 2164 καθὼς
1780 2101 2112 2171 προείρηται.
2143 2108 2346 2178 ’Ὠσπερ
2385 2107 2474 2161 οὗν
2513 2111 2618 2162 ἀπὸ
2662 2110 2949 2178 προσώπου
2996 2112 3088 2165 τού
3127 2113 3438 2184 ὀλοθρευτοῦ
3499 2115 3580 2170 δι-

375 2197 571 2264 έφυγόν
611 2212 738 2248 ποτε
775 2197 823 2246 οί
849 2196 905 2246 ἐν
933 2193 1186 2262 Αἰγύπτῳ
1215 2193 1312 2254 τάς
1343 2192 1550 2259 πληγὰς
1576 2230 1590 2252 ,
1635 2193 1931 2262 χρήσαντες
1967 2192 2042 2261 τῷ
2069 2198 2276 2264 σημείῳ
2341 2198 2432 2248 τοῦ
2470 2199 2712 2268 αἵματος,
2747 2204 2835 2256 τὸν
2873 2203 3032 2255 αὑτὸν
3070 2205 3264 2275 τρόπον
3308 2207 3384 2269 είς
3447 2207 3581 2261 ἀπο-

372 2285 704 2355 τροπιασμὸν
727 2284 818 2337 τού
843 2285 1097 2354 πολεμίου
1124 2285 1214 2334 καὶ
1235 2281 1424 2351 ἐχθροῦ
1450 2281 1557 2332 τῶν
1611 2280 1960 2349 ἀνθρωπίνων
1996 2281 2199 2349 ψυχῶν,
2230 2285 2321 2336 τοῦ
2354 2285 2587 2350 τοξεύειν
2617 2290 2709 2342 καὶ
2739 2292 3093 2344 καταὸἀλλειν
3133 2283 3300 2358 αὖτ’ἀς
3334 2295 3427 2346 ἐπὶ
3479 2296 3578 2368 τήν

373 2379 471 2450 τῆς
497 2380 930 2450 είδωλολατρείας
955 2378 1158 2449 πλάνην
1199 2377 1463 2446 εἰωθότος,
1525 2376 1726 2428 δέδοται
1755 2377 1815 2427 τὸ
1852 2375 2136 2444 λεγόμενον
2162 2381 2390 2434 ἐνταῦθα
2436 2388 2654 2454 σημεῖον
2695 2390 2804 2450 τοῖς
2849 2389 3200 2458 φοϐουμένοις
3227 2391 3317 2444 τὸν
3352 2392 3572 2464 Κύριον.

420 2495 467 2526 ,ι
510 2476 695 2538 Ὅπως
733 2477 798 2528 ἂν
834 2473 1099 2545 ρυσθῶσιν
1125 2473 1173 2525 οἱ
1202 2471 1469 2541 ἀγαπητοί
1506 2487 1619 2533 σου,
1665 2470 1832 2522 σῶσον
1862 2472 1924 2538 τῇ

372 2565 518 2636 δεξιᾷ
540 2584 654 2625 σου,
680 2567 772 2619 καὶ
799 2565 1096 2617 ἐπὰκουσόν
1121 2581 1242 2633 μου.
1273 2582 1292 2613 ι
1319 2563 1500 2615 Ταῦτα
1523 2562 1616 2639 καί
1637 2561 1701 2612 τά
1724 2559 1930 2621 τούτοις

371 2658 633 2711 ἀκόλουθα
668 2658 827 2727 μέχρι
852 2657 943 2708 τού
983 2655 1165 2717 τέλους
1205 2655 1297 2706 καὶ
1332 2657 1360 2706 6
1407 2652 1480 2723 ρξ’
1518 2653 1757 2721 περιέχει
1789 2650 1924 2719 ψαλ-

372 2749 488 2818 μός.
529 2746 665 2798 Ἀλλ’
703 2747 757 2797 ἐν
788 2745 883 2814 μὲν
910 2747 1021 2806 τοῖς
1048 2743 1424 2814 προκειμένοις
1462 2742 1529 2795 τά
1570 2741 1927 2812 προλεχθέντα

369 2836 637 2905 ἀποϐολήν
658 2835 843 2904 ἐδήλου
880 2834 974 2886 τοῦ
1017 2834 1265 2904 Ἰσραήλ·
1314 2831 1407 2885 τοῦ
1439 2833 1516 2902 ρξ’
1544 2831 1612 2885 τὰ
1655 2833 1761 2903 πρὸ
1805 2834 1925 2886 τού-

369 2944 484 2990 του,
515 2945 534 2976 ι
553 2927 697 2988 ὅπως
712 2924 776 2978 ἃν
795 2923 1057 2995 ῥυσθῶσιν
1069 2927 1115 2976 οἱ
1139 2923 1405 2994 ἀγαπητοί
1423 2941 1516 2976 σου
1541 2943 1558 2975 ι
1577 2923 1668 2976 καὶ
1683 2923 1789 2975 τῶν
1813 2926 1928 2976 ἐπι-

368 3020 709 3089 φερομένων,
747 3023 889 3090 σαφῆ
921 3020 1109 3090 κλῆσιν
1141 3019 1308 3073 ἐθνῶν
1351 3019 1613 3084 θεσπίζει.
1645 3020 1926 3092 Προειπὼν

2096 2472 2260 2530 Vens.
2290 2477 2342 2532 7.
2375 2496 2392 2528 ι
2421 2476 2488 2532 Ut
2532 2479 2826 2535 liberentur
2853 2482 3034 2535 dilecti
3089 2483 3188 2546 tui,
3245 2485 3451 2540 salvum
3489 2489 3572 2542 fac

2024 2565 2244 2620 dextera
2267 2574 2380 2629 tua,
2416 2579 2469 2621 et
2518 2570 2710 2624 exaudi
2742 2586 2848 2626 me.
2894 2591 2912 2623 ι
2947 2571 3069 2627 Haec
3107 2581 3160 2627 et
3189 2578 3468 2640 sequentia
3505 2580 3568 2632 ad

2026 2654 2183 2708 linem
2219 2671 2388 2725 usque
2409 2671 2513 2711 cvu
2541 2657 2662 2712 item
2695 2662 2935 2729 psalmus
2964 2664 3354 2730 complectitur.
3393 2664 3496 2720 Sed
3519 2669 3571 2721 in

2025 2749 2272 2814 praesenti
2296 2763 2413 2816 quae
2443 2752 2717 2817 praemissa
2741 2759 2887 2815 sunt,
2921 2753 3274 2820 abjectionem
3321 2755 3572 2824 lsraelis;

2023 2851 2141 2904 qua:
2163 2836 2348 2890 isthaec
2378 2838 2538 2890 verba
2570 2839 2762 2908 psalmi
2791 2854 2922 2904 cvn,
2960 2859 2978 2892 ι
3015 2852 3070 2896 ut
3118 2843 3416 2896 liberentur
3441 2847 3571 2899 dile-

2020 2927 2089 2981 cti
2125 2929 2225 2990 tui,
2265 2945 2282 2977 ι
2317 2935 2369 2981 et
2402 2929 2680 2997 sequentia
2721 2931 3046 2998 praecedunt,
3072 2934 3406 2986 vocationem
3445 2951 3568 3004 gen-

2020 3017 2152 3070 tium
2206 3019 2492 3074 manifeste
2523 3019 2908 3076 valicinantur.
2963 3021 3096 3075 Nam
3128 3039 3250 3076 cum
3279 3025 3334 3077 in
3362 3027 3572 3093 psalmo

3574 3087 3603 3110 /

365 3114 476 3182 γὰρ
499 3113 527 3163 6
563 3111 716 3179 λόγος
737 3114 794 3164 ἐν
827 3110 904 3181 τῷ
944 3111 1039 3182 ρξ’,
1077 3131 1095 3163 ι
1157 3110 1372 3182 Ἐτοίμη
1419 3113 1451 3182 ή
1489 3111 1682 3181 καρδία
1734 3128 1865 3181 μου,
1895 3113 1923 3163 ὀ
1949 3110 1989 3165 C
2022 3120 2103 3158 CVI

1829 3130 1865 3172 ι,
1895 3113 1923 3163 ὁ
1949 3110 1989 3165 c
2022 3120 2128 3158 cm
2155 3105 2404 3173 dixisset,
2439 3125 2458 3156 ι
2499 3107 2752 3162 Paratum
2774 3123 2869 3163 cor
2902 3126 3100 3172 meum,
3125 3110 3285 3179 Deus,
3317 3123 3567 3183 paratum

364 3203 519 3264 Θεὸς,
557 3202 808 3273 ἐτοίμηή
846 3203 1040 3274 καρδία
1075 3220 1172 3273 μου
1199 3221 1212 3234 ο
1247 3203 1444 3274 ᾄσομαι
1479 3203 1571 3258 καὶ
1605 3201 1775 3270 ψαλῶ.
1815 3200 1923 3266 Ἐξ-

365 3291 636 3362 εγέρθητι,
671 3294 702 3362 ή
732 3293 857 3358 δόξα
888 3311 1008 3363 μου,
1039 3293 1366 3363 ἐξεγέρθητι,
1396 3292 1684 3362 ψαλτήριον
1710 3292 1800 3344 καὶ
1841 3308 1922 3343 κι-

366 3381 527 3454 θάρα,
561 3383 984 3455 ἐξεγερθήσομαι
1015 3384 1230 3453 ὄρθρου,
1267 3404 1284 3434 ι
1318 3383 1563 3454 ἐπιφέρει
1585 3399 1598 3414 ²
1641 3402 1659 3433 ι
1707 3382 1920 3451 Ἐξομο-

365 3473 663 3543 λογήσομαί
688 3491 767 3525 σοι
801 3476 856 3526 ἐν
888 3474 1052 3537 λαοῖς,
1090 3473 1280 3543 Κύριε,
1308 3473 1460 3542 ψαλῶ
1484 3490 1559 3525 σοι
1589 3475 1646 3525 ἐν
1674 3473 1876 3526 ἔθνεσιν
1902 3490 1915 3502 ·

365 3567 446 3617 ὅτι
498 3564 639 3632 μέγα
696 3565 878 3616 ἐπάνω
916 3563 1022 3616 τῶν
1049 3564 1291 3632 οὐρανῶν
1333 3564 1394 3615 τὸ
1440 3563 1584 3626 ἔλεός
1611 3577 1724 3626 σου,
1759 3566 1850 3616 καὶ
1881 3567 1914 3635 ὴ

362 3654 588 3725 ἀλήθειά
638 3671 728 3706 σου
760 3654 864 3717 ἕως
901 3653 1008 3706 τῶν
1034 3654 1285 3722 νεφελῶν.
1346 3652 1616 3723 ’Υψώθητι
1669 3654 1762 3706 ἐπὶ
1793 3655 1918 3718 τοὺς

363 3747 641 3818 οὐρανοὺς,
690 3747 719 3799 6
756 3746 916 3808 Θεὸς,
952 3746 1045 3799 καὶ
1073 3746 1163 3799 ἐπὶ
1192 3747 1370 3800 πᾶσαν
1413 3747 1508 3818 τὴν
1552 3750 1654 3818 γῆν
1704 3750 1736 3816 ή
1794 3747 1917 3813 δόξα

364 3854 478 3890 σου.
515 3827 548 3889 ί
566 3833 676 3889 Εἶτ’
717 3836 953 3904 ἐπιλέγει
995 3836 1064 3890 τὰ
1095 3839 1151 3891 ἐν
1181 3836 1258 3907 τῷ
1303 3839 1438 3909 μετὰ
1471 3841 1656 3909 χεῖρας
1699 3839 1917 3907 προκεί-

365 3943 500 3998 iuva
532 3925 702 3998 λόγῳο
743 3947 761 3978 ι
800 3928 984 3991 Ὅπως
1010 3927 1076 3981 ἂν
1100 3927 1365 3998 ρυσθῶσιν
1401 3930 1450 3981 oi
1491 3929 1759 3996 ἀγαπητοί
1799 3946 1912 3992 σου,

362 4017 534 4072 σῶσον
569 4020 635 4089 τῇ
666 4018 816 4089 δεξιᾷ
839 4036 954 4080 σου,
985 4019 1078 4071 καὶ
1124 4019 1424 4073 ἐπάκουσόν
1467 4037 1568 4089 μου
1593 4059 1608 4082 ,
1652 4038 1668 4069 ι
1707 4019 1799 4072 καὶ
1848 4020 1915 4072 τά

359 4108 518 4162 λοιπὰ
552 4109 854 4179 συμφώνως
880 4111 988 4172 τοῖς
1010 4110 1401 4180 προκειμένοις.
1444 4110 1653 4180 Σφόδρα
1674 4110 1728 4162 δέ
1756 4109 1914 4163 ἐθαύ-

361 4214 507 4269 μασα
527 4197 620 4250 τοῦ
651 4197 804 4265 ἁγίου
838 4197 1152 4267 Πνεύματος
1178 4198 1274 4268 τήν
1304 4200 1611 4268 οίκονομίαν
1631 4218 1643 4230 ·
1673 4201 1778 4253 ἀπὸ
1805 4201 1912 4270 γὰρ

356 4289 448 4342 δύο
481 4287 884 4358 στηλογραφιῶν
913 4287 1007 4340 ἕνα
1029 4288 1239 4357 ψαλμὸν
1268 4288 1553 4358 πεποίηκε,
1585 4291 1672 4342 τὸν
1703 4291 1797 4362 ρξ’.
1834 4292 1912 4344 Td:

359 4380 455 4450 μὲν
483 4377 591 4448 γὰρ
619 4377 828 4450 πρῶτα,
862 4378 919 4431 ἐν
951 4373 1032 4441 οἷς
1063 4377 1308 4444 ἐλέγετο“
1348 4397 1366 4429 ι
1416 4380 1634 4451 Ἑτοίμη
1657 4383 1689 4452 ή
1716 4383 1909 4452 καρδία
1945 4429 1984 4482 D

358 4487 479 4540 μου,
492 4471 520 4521 6
535 4468 687 4535 Θεὸς,
709 4470 803 4522 καὶ
816 4469 882 4522 τά
900 4467 1044 4538 ἐξῆς,
1063 4468 1169 4521 ἀπὸ
1183 4469 1281 4537 τῆς
1298 4469 1392 4521 τοῦ
1411 4478 1494 4535 νς·’
1511 4472 1906 4542 στηλογραφίας

351 4560 446 4612 τοῦ
461 4559 621 4613 Δαυῒδ
643 4559 855 4624 ἐξελὼν,
873 4554 977 4634 ἐνῇ
999 4560 1106 4613 καὶι
1119 4560 1252 4630 αὐτῇ
1277 4560 1510 4614 λέλεκτο·
1530 4563 1760 4633 ἐτοίμηή
1781 4580 1908 4632 καρ-

351 4648 435 4702 δία
456 4665 573 4718 μου,
590 4649 618 4702 6
633 4647 783 4711 Θεὸς.
801 4646 986 4719 ἐτοίμή
1001 4651 1032 4719 ή
1048 4634 1237 4719 καρδία
1254 4662 1372 4717 μου·
1391 4650 1586 4720 ᾄσομαι
1599 4651 1688 4702 καὶ
1702 4650 1871 4718 ψαλῶ,
1887 4671 1904 4700 ι

355 4736 544 4806 χαζτά
568 4727 929 4806 ἐπιλεγόμενα
957 4737 999 4789 δ’
1022 4737 1148 4806 ἐξῆς
1181 4737 1479 4806 συμφώνως
1508 4742 1618 4800 τοῖς
1645 4742 1701 4790 ἐν
1725 4738 1801 4807 τῷ
1828 4739 1906 4808 ρξ’

357 4821 513 4890 μέχρι
537 4822 661 4874 τοῦ·
693 4840 712 4872 ι
756 4821 1024 4893 ’Υψώθητι
1063 4824 1154 4876 ἐπὶ
1202 4826 1324 4888 τοὺς
1351 4826 1608 4895 οὐρανοὺς
1632 4866 1646 4888 ,
1690 4827 1717 4877 6
1751 4825 1900 4891 Θεὸς,

353 4911 442 4962 καὶ
475 4911 566 4963 ἐπὶ
600 4912 780 4964 πᾶσαν
800 4911 896 4980 τὴν
917 4913 1022 4982 γῆν
1045 4915 1076 4983 ἡ
1102 4912 1225 4978 δόξα
1261 4931 1383 4966 σουο
1423 4936 1441 4966 ›
1486 4916 1551 4968 τά
1589 4915 1643 4967 δέ
1682 4915 1903 4995 δεύτερα

349 4998 417 5050 τὰ
450 5002 558 5052 ἀπὸ
584 4999 699 5062 τοῦ,
735 5019 754 5050 ι
797 5001 983 5064 ’ὐπως
1013 5003 1077 5055 ἂν
1113 5004 1376 5074 ρυσθῶσιν
1405 5008 1451 5057 οί
1482 5005 1750 5074 ἀγαπητοί
1786 5022 1898 5071 σου,

353 5086 524 5142 σῶσον
550 5092 615 5160 τῇ
632 5089 780 5158 δεξιᾷ
815 5106 905 5142 σου
925 5093 1017 5142 καὶ
1042 5093 1342 5147 ἐπάκουσόν
1375 5112 1529 5165 pou,»
1563 5097 1657 5147 σὺν
1683 5097 1793 5158 τοῖς
1819 5097 1906 5166 μέ-

352 5197 439 5251 χρι
471 5181 657 5243 τέλους
681 5184 1128 5251 ἐπενηνεγμένοις
1171 5185 1278 5239 ἀπὸ
1291 5187 1387 5256 τῆς
1413 5186 1546 5256 μετὰ
1567 5188 1750 5256 χεῖρας
1778 5203 1903 5257 cum-

351 5266 667 5340 λσγραφίας,
705 5269 1041 5332 διδάσκοντος
1073 5274 1218 5341 ἡμᾶς
1248 5275 1389 5327 θείου
1422 5274 1731 5342 Πνεύματος
1778 5275 1903 5343 μίαν

354 5358 443 5409 καὶ
489 5357 588 5427 τήν
618 5359 783 5430 αὐτὴν
810 5361 1042 5415 διάνοιαν
1085 5363 1413 5436 ἐμφέρεσθαι
1455 5367 1513 5418 ἐν
1553 5365 1896 5435 ἀμφοτέροις.

366 5447 450 5500 Ἐν
479 5447 575 5517 μὲν
611 5445 716 5517 γὰρ
742 5449 818 5518 τῷ
845 5458 930 5515 νς¹
973 5451 1457 5523 ἐξομολογήσασθαι
1495 5452 1572 5522 τῷ
1612 5453 1797 5523 Κυρίῳ
1843 5457 1900 5506 ἐν

354 5535 499 5598 λαοῖς
525 5535 617 5588 καὶ
641 5524 859 5606 ψάλλειν
888 5539 1033 5610 αὕτῷ
1061 5542 1118 5593 ἐν
1152 5541 1359 5593 ἔθνεσιν
1397 5542 1769 5612 εὐηγγελίζετο
1789 5560 1801 5570 ·
1841 5545 1899 5595 ἐν

353 5621 407 5673 δέ
439 5620 518 5698 τῷ
557 5623 690 5692 μετά
722 5625 906 5694 χεῖρας
934 5628 1201 5699 ἀποὸολήν
1235 5629 1486 5702 σημαίνει
1523 5629 1616 5682 τοῦ
1666 5631 1896 5702 Ἰσραήλ,

2021 3211 2115 3250 cor
2143 3211 2340 3261 meum,
2361 3200 2590 3253 cantabo
2616 3207 2667 3253 et
2691 3200 2937 3269 psallam.
2961 3199 3222 3272 Exsurge,
3241 3205 3407 3273 gloria
3426 3221 3566 3269 mea,

2019 3303 2271 3359 exsurge.
2333 3291 2642 3359 psalterium
2675 3301 2727 3344 et
2776 3292 3007 3352 cithara,
3041 3309 3326 3364 exsurgam
3364 3297 3566 3352 dilucu-

2021 3379 2073 3432 lo
2101 3381 2163 3443 ‘°,
2197 3399 2214 3430 ι
2242 3379 2428 3448 adjicit
2463 3396 2474 3429 :
2517 3399 2533 3430 ι
2571 3380 2878 3436 Conlitebor
2901 3382 2998 3436 tibi
3021 3385 3074 3436 in
3127 3387 3360 3454 populis,
3385 3385 3567 3442 Domi-

2019 3486 2104 3531 ne,
2132 3471 2354 3540 psallam
2385 3471 2477 3524 tibi
2530 3471 2585 3523 in
2614 3471 2862 3540 gentibus
2892 3487 2904 3522 :
2936 3474 3190 3541 quoniam
3248 3475 3439 3545 magna
3480 3489 3564 3532 est

2018 3576 2178 3630 super
2205 3561 2374 3615 cmlos
2406 3561 2776 3615 misericordia
2807 3574 2917 3627 tua,
2949 3571 3002 3618 et
3049 3565 3250 3620 veritas
3281 3577 3368 3620 tua
3392 3583 3564 3638 usque

2017 3649 2084 3702 ad
2117 3650 2306 3704 nubes.
2340 3649 2587 3704 Exaltare
2621 3665 2784 3721 super
2830 3653 3018 3718 caelos,
3083 3652 3246 3721 Deus,
3296 3666 3349 3711 et
3401 3672 3562 3727 super

2015 3753 2229 3792 omnem
2253 3750 2449 3793 terram
2502 3741 2671 3810 gloria
2705 3747 2796 3792 tua
2827 3741 2890 3792 η.
2939 3760 2957 3792 ι
3013 3742 3212 3810 Deinde
3272 3744 3458 3813 adjicit
3495 3762 3559 3801 ea

2016 3844 2134 3897 qua:
2156 3831 2212 3882 in
2241 3832 2491 3898 praesenti
2531 3831 2819 3885 feruntur:
2857 3848 2877 3880 ι
2927 3829 2997 3885 Ut
3046 3833 3344 3887 liberentur
3382 3835 3561 3890 dilecti

2015 3922 2112 3982 tui.
2144 3922 2349 3976 salvum
2384 3923 2468 3976 fac
2498 3924 2718 3978 dextera
2741 3933 2852 3989 tua,
2882 3931 2934 3977 et
2985 3924 3178 3978 exaudi
3226 3941 3311 3980 me
3338 3928 3401 3988 η,
3435 3946 3454 3976 ι
3507 3937 3560 3982 et

2013 3998 2205 4065 caetera
2238 4013 2594 4080 przesentibus
2624 4013 2840 4067 similia.
2887 4012 3201 4069 Admodum.
3229 4031 3353 4068 vero
3377 4016 3560 4071 mirari

2014 4101 2158 4156 subit
2201 4100 2434 4169 Spiritus
2489 4102 2664 4154 sancti
2708 4102 3163 4172 dispensationem
3206 4119 3311 4179 :ex
3347 4105 3559 4160 duabus

2014 4206 2243 4259 namque
2283 4192 2423 4244 tituli
2447 4192 2894 4260 inscriptionibus
2929 4210 3092 4246 unum
3138 4195 3404 4264 psalmum
3434 4211 3561 4252 con-

2009 4281 2267 4345 cinnavit,
2303 4281 2511 4336 scilicet
2539 4298 2664 4338 cvn.
2692 4284 2876 4338 Priora
2893 4287 3056 4346 enim,
3076 4301 3196 4354 qua:
3215 4286 3294 4340 sic
3326 4287 3553 4341 habent:

2017 4391 2035 4422 ι
2071 4372 2321 4426 Paratum
2351 4389 2448 4430 cor
2476 4391 2674 4438 meum,
2707 4376 2866 4439 Deus,
2901 4395 2918 4427 ι
2953 4387 3006 4430 et
3052 4387 3264 4443 caetera,
3315 4395 3380 4434 ex
3413 4382 3555 4434 tituli

2015 4463 2363 4532 inscriptione
2391 4464 2605 4520 Davidis
2632 4481 2719 4519 LVI
2764 4469 3084 4536 exsumpsit,
3111 4469 3165 4520 in
3193 4483 3298 4536 qua
3321 4470 3444 4523 item
3473 4471 3555 4524 di-

2014 4559 2157 4606 ctum
2194 4553 2408 4608 fuerat:
2443 4573 2461 4604 ι
2499 4553 2746 4607 Paratum
2780 4571 2873 4609 cor
2894 4572 3091 4620 meum,
3121 4557 3277 4621 Deus,
3309 4568 3553 4627 paratum

2014 4656 2109 4694 cor
2133 4656 2333 4706 meum,
2357 4641 2586 4695 cantabo
2613 4648 2666 4694 et
2699 4643 2962 4710 psalmum
2995 4643 3167 4695 dicam
3206 4644 3267 4709 ",
3310 4663 3327 4695 ι
3362 4652 3414 4697 et
3437 4660 3556 4712 qua:

2011 4739 2330 4801 sequuntur,
2362 4732 2428 4786 iis
2458 4745 2575 4799 qua
2613 4731 2668 4784 in
2698 4745 2804 4785 cvn
2859 4733 3106 4786 feruntur
3131 4734 3351 4798 similia,
3383 4749 3556 4804 usque

2011 4823 2078 4876 ad
2111 4823 2262 4882 illud,
2288 4839 2305 4872 ι
2332 4821 2578 4874 Exaltare
2606 4837 2767 4890 super
2788 4825 2976 4885 caelos,
3001 4823 3161 4886 Deus,
3181 4834 3233 4878 et
3264 4840 3425 4893 super
3445 4840 3554 4877 om-

2009 4927 2135 4966 nem
2171 4919 2368 4964 terram
2404 4910 2570 4979 gloria
2593 4913 2760 4977 tua“
2791 4930 2806 4966 :
2846 4931 2864 4962 ι
2923 4913 3220 4979 posteriora
3276 4921 3452 4965 autem
3485 4913 3554 4966 ab

2010 5003 2121 5064 illo,
2158 5017 2176 5049 ι
2219 4998 2287 5053 Ut
2318 5000 2615 5053 liberentur
2640 5000 2821 5054 dilecti
2844 5000 2942 5062 tui,
2976 5003 3180 5054 salvum
3216 5001 3298 5053 fac
3331 5001 3552 5056 dextera

2006 5099 2118 5153 tua,
2150 5097 2203 5142 et
2231 5090 2423 5143 exaudi
2446 5105 2550 5154 me,
2603 5109 2620 5140 ι
2649 5104 2770 5142 cum
2804 5089 2868 5142 iis
2924 5105 3042 5158 qua:
3095 5088 3158 5141 ad
3188 5089 3344 5142 linem
3383 5106 3553 5157 usque

2003 5184 2289 5245 habentur,
2319 5199 2382 5237 ex
2414 5184 2660 5252 praesenti
2701 5181 2842 5234 tituli
2892 5181 3244 5250 inscriptione
3273 5190 3562 5234 mutuatus-

2002 5272 2365 5335 est;docente
2388 5289 2487 5327 nos
2528 5271 2730 5340 Spiritu
2759 5273 2943 5325 divino
2994 5286 3152 5324 unam
3202 5271 3551 5338 eamdemque

2006 5363 2056 5414 in
2086 5369 2312 5431 utroque
2339 5362 2657 5416 sententiam
2682 5360 2838 5424 ferri;
2867 5377 2988 5414 nam
3012 5361 3065 5413 in
3100 5375 3184 5414 LVI
3215 5375 3273 5414 se
3304 5360 3549 5413 confiteri

2004 5450 2232 5504 Domino
2261 5452 2314 5504 in
2345 5452 2558 5521 populis
2582 5459 2635 5506 et
2678 5452 2906 5523 psallere
2937 5452 3036 5520 ipsi
3086 5450 3423 5519 ingentibus
3456 5463 3553 5500 an-

2007 5541 2288 5594 nuntiabat
2312 5561 2326 5607 ;
2350 5543 2402 5594 in
2433 5543 2682 5610 praesenti
2711 5549 2890 5596 autem
2934 5540 3238 5596 Judaeornm
3291 5539 3552 5608 abjectio-

2006 5646 2126 5688 nem
2160 5633 2445 5703 signiﬁcat,
2480 5640 2535 5685 ut
2573 5633 2625 5685 in
2659 5633 2953 5700 praemissis
2995 5635 3238 5685 docetur.
3299 5631 3374 5684 Ac
3428 5636 3551 5698 post.

424 5825 442 5855 '
481 5823 672 5877 Ezccli.
699 5839 770 5886 Ix,
799 5825 848 5887 5,
881 5825 932 5879 6.
981 5829 1369 5896 ’Exod.xu,7.
1411 5833 1451 5864 ¹⁶
1469 5831 1610 5888 Psal.
1636 5825 1769 5896 cvu‘,’
1798 5831 1916 5898 2,5.
1957 5799 1993 5862 ’ί
2017 5833 2143 5886 ibid.
2181 5832 2294 5886 1-6.
2331 5835 2370 5865 ¹¹
2408 5833 2537 5888 ibid.
2576 5833 2626 5888 7.
2666 5833 2707 5864 ”
2746 5831 2887 5888 Psal.
2924 5849 3047 5897 LVI,
3083 5834 3135 5888 8.
3215 5834 3258 5864 ί*
3290 5831 3418 5886 ibid.
3457 5829 3541 5884 10.
