4402 6414
837 461 942 516 163

1529 457 1799 519 EUSEBII
1838 463 2312 521 CESABIENSIS
2345 465 2494 522 OPP.
2537 466 2716 522 PARS
2877 497 2944 511 —
2974 466 3374 523 EXECETICA.

3927 467 4029 524 564

827 576 1000 645 prima
1031 576 1142 639 illa,
1173 577 1326 647 queis
1357 578 1697 634 indicabatur
1719 580 1951 649 abiectio
1984 582 2180 651 prioris
2211 597 2380 652 popu-
2407 599 2450 652 Α
2483 583 2562 636 ὥσ

2290 597 2380 652 pu-
2407 599 2450 652 Α
2483 583 2670 654 ὥσπερ
2693 579 2785 639 οῦν
2813 583 3053 637 ιδίδασκε
3079 583 3145 638 τά
3177 583 3556 654 προλεχοόντα.
3580 579 3690 636 Καὶ
3713 583 3777 653 δὴ
3805 583 3939 653 μετὰ
3961 585 4028 636 τά

829 668 890 729 li,
915 668 1232 738 signumque
1261 671 1626 726 metuentibus
1660 674 1837 742 ipsum
1871 673 2260 729 conferendum
2289 690 2379 731 es-

819 774 918 822 se;
947 759 1265 815 intermedlo
1286 761 1662 830 diapsalmate,
1715 763 2016 818 orationem
2056 763 2167 821 Deo
2210 763 2381 834 Spiri-

828 858 917 903 tus
939 858 1158 907 sanctus
1181 852 1379 906 emittit
1409 851 1597 907 dicens
1631 871 1643 906 :
1693 871 1711 903 ι
1747 852 1814 907 Ut
1844 854 2143 909 liberentur
2194 854 2380 910 dilecti

828 937 928 1000 tui,
952 938 1156 992 salvum
1190 940 1274 993 fac
1326 940 1547 994 dextera
1577 949 1691 1004 tua,
1748 950 1802 995 et
1852 943 2048 997 exaudi
2083 958 2187 998 me.
2225 963 2244 996 ι
2300 942 2378 997 Ita

826 1039 953 1082 vero
974 1030 1239 1098 supplicat
1269 1045 1490 1100 rogans,
1521 1039 1598 1096 ut,
1634 1047 1730 1086 sua
1773 1048 1902 1088 usus
1956 1032 2200 1099 dextera,
2233 1033 2374 1089 Deus

823 1117 1015 1185 eripiat
1031 1119 1319 1188 salvosque
1373 1118 1536 1174 faciat
1568 1119 1796 1178 dilectos
1827 1137 1988 1188 suos;
2021 1137 2196 1191 neque
2244 1124 2376 1177 sim-

821 1205 1031 1274 pliciter
1053 1207 1127 1260 ita
1155 1209 1442 1278 supplicat,
1483 1229 1502 1262 ‹
1538 1210 1755 1265 Salvum
1786 1211 1892 1275 lac,
1934 1230 1954 1262 a
2007 1212 2102 1266 sed
2155 1212 2368 1280 adjicit,

829 1314 848 1346 ‹
884 1297 1104 1352 dextera
1126 1305 1238 1365 tua,
1282 1319 1301 1351 ι
1344 1302 1516 1370 primo
1550 1310 1609 1356 ut
1662 1302 1880 1372 eripiat,
1919 1305 2160 1357 secundo
2189 1311 2246 1356 ut
2266 1305 2369 1358 sal-

820 1402 948 1443 vum
978 1387 1156 1443 faciat.
1181 1388 1415 1446 Dilectos
1439 1399 1617 1446 autem
1648 1391 1742 1447 Dei
1772 1394 1950 1447 nullos
1999 1402 2243 1455 noverat,
2270 1395 2376 1449 nisi

823 1479 1069 1534 nomines
1095 1480 1187 1552 qui
1214 1480 1281 1535 ad
1300 1482 1588 1551 imaginem
1613 1482 1732 1551 ejus
1767 1481 1894 1537 lacti
1949 1493 2094 1537 sunt.
2121 1483 2376 1555 Quamvis

819 1572 964 1624 enim
997 1571 1051 1626 in
1078 1581 1298 1642 peccata
1317 1573 1476 1642 lapsi,
1507 1581 1745 1630 attamen
1779 1574 1852 1629 ob
1879 1575 2238 1631 substantiam
2259 1576 2377 1631 ani-

821 1676 921 1714 mae
948 1662 1285 1730 spiritualem
1318 1672 1372 1717 et
1397 1663 1794 1728 rationabilem,
1834 1663 2018 1720 dilecti
2051 1663 2142 1718 Dei
2173 1680 2376 1720 vocan-

819 1760 927 1808 tur.
961 1749 1129 1806 Deum
1153 1753 1352 1823 itaque,
1384 1754 1659 1809 mentione
1695 1753 2016 1809 dilectarum
2038 1768 2262 1808 suorum
2294 1754 2370 1808 l'a-

819 1851 927 1904 cta,
950 1841 1162 1911 placare
1198 1851 1448 1907 conatur,
1496 1851 1761 1913 rogatque
1811 1852 1873 1899 ut
1926 1859 1958 1900 a
1997 1844 2373 1913 spiritualibus

2482 674 2691 743 πρῶτα,
2710 674 2776 726 δι’
2797 692 2873 727 ων
2895 673 3144 744 ἀδηλοῦτο
3164 677 3196 744 ἡ
3219 671 3453 742 ἀποϐολὴ
3478 671 3570 725 τοῦ
3594 673 3858 742 προτέρου
3878 673 4025 736 λαοῦ,

2479 763 2539 814 τό
2564 778 2624 814 τε
2670 765 2890 832 σημεῖον
2920 763 2980 816 τὸ
3003 765 3115 826 τοῖς
3157 761 3502 832 φοϐουμένοις
3534 761 3694 814 αὐτὸν
3736 760 4028 831 δοθησόμε-

2478 867 2566 901 νον
2594 891 2608 914 ,
2669 850 2793 918 ἑξῆς
2839 852 3002 919 μέσου
3043 851 3406 921 διαμάλματος
3460 849 3917 920 παρεντιθέντος,
3969 850 4030 902 τὸ

2480 940 2701 1008 Πνεῦμα
2722 943 2782 992 τὸ
2813 940 2966 1007 ἀγιον
2993 941 3154 1011 εὐχὴν
3177 942 3484 1011 ἀναπέμπει
3521 939 3597 1010 τῷ
3639 939 3757 1009 Θεῷ
3788 939 3992 1007 φάσκον
4012 963 4023 972 -
4137 969 4161 978 -

2483 1048 2501 1080 s
2534 1031 2720 1094 Ὅπως
2743 1030 2810 1084 ἂν
2833 1031 3102 1100 ρυσθῶσιν
3132 1033 3182 1085 oi
3205 1031 3473 1103 ἀγαπητοί
3501 1047 3616 1096 σου,
3654 1030 3822 1083 σῶσον
3858 1033 3924 1099 τῇ
3950 1030 4029 1082 δερ

2480 1119 2569 1190 ξιᾷ
2600 1136 2722 1185 σου,
2769 1123 2860 1174 καὶ
2912 1123 3211 1176 ἐπάκουσον
3246 1121 3367 1192 μου.
3413 1141 3431 1175 ι
3501 1122 3749 1175 Ἰκετεύει
3775 1120 3833 1173 δὲ
3859 1119 4027 1172 ταῦτα

2477 1211 2743 1279 δεόμενον,
2779 1213 2944 1274 ὅπως,
2977 1215 3042 1281 τῇ
3066 1212 3230 1266 αὑτοῦ
3261 1213 3599 1283 χρησάμενος
3643 1211 3789 1283 δεξιᾷ
3818 1212 3847 1263 ὁ
3873 1211 4026 1273 Θεὸς,

2481 1297 2707 1368 ρύσηται
2749 1299 2844 1352 καὶ
2881 1299 3028 1371 σώσῃ
3055 1301 3179 1361 τοὺς
3209 1302 3519 1369 ἀγαπητοὺς
3565 1300 3728 1352 αὐτοῦ
3751 1317 3763 1330 ο
3804 1302 3895 1352 καὶ
3931 1302 4028 1370 ούχ

2479 1386 2662 1450 ἁπλῶς
2697 1387 2924 1440 ἱκετεύει
2943 1427 2957 1449 ,
3000 1407 3018 1438 ‹
3043 1387 3240 1453 Σῶσον,
3267 1407 3287 1440 a
3319 1387 3453 1442 ἀλλά
3473 1409 3492 1442 s
3517 1392 3580 1461 τῇ
3616 1390 3764 1460 δεξιᾷ
3788 1391 3978 1442 ἑαυτοῦ
4003 1409 4022 1440 s

2477 1477 2692 1548 πρῶτον
2721 1477 2817 1547 μὲν
2850 1476 3133 1548 ῥύσασθαι,
3167 1475 3355 1530 ἔπειτα
3379 1477 3566 1532 σῶσαι,
3611 1479 3948 1548 ’Δγαπητοὺς
3970 1478 4027 1532 δι

2475 1570 2569 1624 τοῦ
2594 1569 2738 1643 Θεοῦ,
2769 1571 2877 1623 οὐδ’
2911 1571 3101 1632 ἀλλους
3140 1570 3401 1639 ἠπίστατο
3434 1570 3468 1641 ἢ
3507 1572 3632 1634 τοὺς
3683 1572 3803 1624 κατ’
3847 1571 4029 1624 εικόνι

2474 1661 2574 1731 τὴν
2597 1659 2761 1714 αὑτοῦ
2787 1661 3180 1730 πεποιημένους
3213 1659 3548 1732 ἀνθρώπους.
3586 1662 3648 1714 El
3691 1663 3798 1731 γὰρ
3837 1661 3931 1715 καὶ
3957 1661 4029 1714 τά

2477 1747 2710 1818 μάλιστα
2729 1749 3152 1803 ὑποπιπτῶκασι
3179 1753 3245 1820 τῇ
3279 1749 3552 1822 ἁμαρτίᾳ,
3586 1749 3697 1803 ἀλλ’
3746 1751 3895 1820 ὅμως
3940 1749 4029 1803 διά

2475 1839 2571 1908 τὴν
2586 1839 2660 1910 (1)
2677 1839 2852 1910 ψυχῆς
2865 1839 3048 1891 οὐσίαν
3070 1840 3260 1911 νοεράν
3272 1836 3435 1894 οὖσαν
3450 1841 3543 1894 καὶ
3562 1839 3802 1910 λογικὴν,
3815 1840 4028 1910 ἀγαπη-

818 1931 1053 1988 inimicis
1079 1943 1132 1988 et
1158 1934 1409 1988 hostibus
1434 1935 1756 2002 eripiantur,
1791 1943 1953 2003 atque
1975 1941 2212 2004 ereptos,
2233 1934 2366 1989 dex-
2403 1925 2443 1978 Β
2471 1929 2552 1982 τοὶ

2289 1950 2366 1989 ει-
2403 1925 2443 1978 Β
2471 1929 2552 1982 τοὶ
2576 1928 2818 1998 εἴρηνται
2856 1928 2948 1981 τοῦ
2981 1928 3136 1981 Θεοῦ.
3180 1932 3426 1982 Δυσωπεῐ
3468 1928 3706 1981 τοίνυνιό
3734 1929 3888 1996 λόγος
3920 1928 4027 1984 ⁴ιρὸν

816 2031 930 2078 tera
956 2040 1052 2079 sua
1078 2025 1251 2081 salute
1272 2027 1454 2080 donet.
1499 2024 1783 2080 Dexteram
1843 2034 2022 2081 autem
2053 2026 2146 2081 Dei
2199 2041 2366 2096 quam

818 2114 1022 2169 dixeris
1041 2129 1188 2177 esse,
1216 2113 1323 2168 nisi
1347 2110 1622 2167 Christum
1650 2115 1857 2184 tropice
1887 2115 1966 2168 sic
1990 2116 2276 2169 vocatum?
2298 2112 2368 2169 Ut

813 2203 959 2256 etiim
988 2201 1123 2256 alias
1143 2203 1314 2256 virtus
1333 2207 1386 2255 et
1429 2201 1718 2271 sapientia,
1745 2202 1960 2270 justitia
1985 2209 2039 2256 et
2064 2201 2367 2257 sanctiﬁca-

815 2293 893 2345 tio
913 2300 968 2346 et
995 2291 1292 2362 redemptio
1315 2291 1496 2347 dictus
1522 2303 1635 2358 est;
1660 2293 1739 2348 sic
1757 2292 1870 2361 jam
1898 2293 2119 2348 dextera
2141 2301 2366 2350 vocatus

819 2382 1001 2444 fuerit,
1031 2383 1155 2451 quia
1178 2383 1400 2439 dextera
1425 2393 1480 2439 et
1497 2383 1759 2440 salutaria
1780 2378 2032 2440 omtu'bus
2057 2383 2366 2441 hominibus

817 2480 1204 2538 procuraturus
1224 2479 1360 2526 erat.

2470 2018 2600 2072 Θεὸν
2627 2019 2714 2072 διά
2745 2019 2842 2088 τῆς
2874 2020 3088 2090 μνήμης
3107 2019 3212 2073 τῶν
3234 2019 3531 2090 ἀγαπητῶν
3560 2019 3742 2084 αὐτοῦ,
3771 2035 4027 2092 acapna-

2471 2111 2552 2163 λιῐ
2581 2127 2640 2162 τε
2666 2109 2928 2182 ῥύσασθαι
2972 2112 3165 2174 αὐτοὺς
3211 2111 3318 2164 ἀπὸ
3344 2111 3547 2181 νοητῶν
3577 2127 3636 2163 τε
3684 2109 3892 2182 ἐχθρῶν
3931 2111 4028 2164 καὶ

2473 2201 2746 2270 πολεμίων
2769 2217 2782 2232 ·
2821 2200 3120 2271 ῥυσάμενόν
3151 2218 3211 2253 τε
3240 2200 3408 2255 σῶσαι
3435 2202 3630 2264 αὐτοὺς
3655 2200 3742 2255 διά
3768 2200 3867 2271 τῆς
3899 2202 4026 2254 ἑαυ-

2469 2292 2564 2347 τοῦ
2607 2292 2804 2358 δεξιᾶς.
2838 2292 3029 2357 Διξιάν
3072 2293 3127 2346 δὶ
3156 2292 3248 2346 τοῦ
3281 2292 3414 2346 Θεοῦ
3442 2292 3562 2346 τίνα
3589 2292 3654 2344 ἂν
3685 2309 3767 2354 τις
3811 2294 3952 2346 εἴποι
3989 2292 4024 2364 ἢ

2471 2385 2560 2442 τὸν
2610 2383 2840 2456 Χριστὸν
2881 2384 3043 2438 αὑτοῦ
3081 2385 3356 2456 τροπικῶς
3397 2383 3566 2446 οὕτως
3607 2382 4024 2454 ὠνομασμένον,

2479 2475 2566 2539 Ὠς
2595 2476 2702 2546 γὰρ
2732 2474 2964 2546 ἀλλαχοῦ
2997 2475 3220 2544 δύναμις
3241 2475 3332 2528 καὶ
3360 2474 3519 2542 σοφία
3538 2473 3802 2540 λέλεκται,
3823 2473 4025 2529 δικαιο-

4119 237 4136 254 ο
4147 237 4150 242 “
4253 249 4259 258 ι

4119 237 4260 265 νιν-ι,

816 2565 947 2638 σύνη
977 2583 1036 2619 τι
1091 2567 1184 2618 καὶ
1214 2564 1504 2636 ἁγιασμὸς,
1558 2566 1651 2618 καὶ
1696 2565 2102 2636 ἀπολύτρωσις,
2146 2566 2286 2622 οῖ’τω
2324 2569 2416 2630 καὶ
2452 2569 2546 2628 νῦν
2598 2568 2746 2636 διξιά
2771 2570 3156 2641 χρηματίσειεν
3192 2570 3255 2623 ἀν
3277 2585 3290 2598 ·
3318 2569 3504 2640 ἐπειδὴ
3530 2568 3595 2622 τὰ
3621 2567 3770 2634 δεξιά
3801 2569 3890 2622 καὶ
3918 2585 4024 2622 σω-

813 2660 971 2728 τήρια
995 2657 1158 2710 πᾶσιν
1184 2655 1486 2726 ἀνθρώποις
1515 2655 1859 2729 προξενήσειν
1891 2657 2129 2729 ἔμελλεν.

888 2746 1047 2803 Vsas.
1080 2747 1132 2812 8,
1159 2745 1211 2799 9.
1258 2764 1276 2798 ι
1323 2744 1462 2814 Deus
1494 2747 1705 2802 locutus
1733 2756 1817 2802 est
1859 2747 1913 2800 in
1957 2754 2146 2801 sancto
2177 2760 2299 2808 suo,
2341 2765 2358 2796 ι
2546 2766 2565 2798 s
2616 2748 2626 2764 '

2286 2784 2299 2808 ,
2341 2765 2358 2796 ι
2546 2766 2565 2798 s
2616 2748 2671 2800 '0
2705 2746 2835 2808 Θεὸς
2873 2746 3128 2817 ἐλάλησεν
3164 2748 3220 2798 ὲν
3248 2747 3323 2815 τῷ
3364 2747 3502 2816 ἁγίῳ
3529 2744 3714 2808 αὑτοῦ,
3758 2763 3776 2796 ι
3814 2745 3908 2798 καὶ
3958 2745 4024 2800 τά

814 2845 870 2890 et
902 2844 1112 2892 caetera.
1141 2835 1276 2890 Cum
1316 2845 1568 2907 precatus
1597 2835 1833 2907 Spiritus
1879 2847 2099 2892 sanctus
2135 2843 2285 2894 esset
2308 2845 2369 2890 ut
2467 2838 2552 2903 ὲξί

2308 2845 2369 2890 ιιι
2467 2838 2612 2907 ἑξῆς.
2653 2837 2962 2907 Εὑξαμένου
2996 2837 3087 2892 τοῦ
3119 2837 3272 2905 ἁγίου
3306 2835 3617 2906 Πνεύματος
3646 2836 3791 2898 ὅπως
3823 2833 4025 2906 ῥυσθῶ-

815 2925 1172 2981 liberarentur
1202 2926 1383 2980 dilecti
1430 2925 1556 2992 Dei,
1602 2927 1738 2980 nihil
1786 2934 2073 2982 cunctatus
2113 2914 2256 2981 Deus
2282 2942 2368 2981 re-
2469 2945 2551 2980 σιν

2287 2942 2368 2981 re-
2469 2945 2551 2980 σιν
2607 2929 2656 2980 oi
2695 2929 2964 2998 ἀγαπητοὶ
3014 2927 3106 2980 τοῦ
3165 2928 3319 2993 Θεοῦ,
3368 2928 3532 2998 μηδὲν
3588 2927 3956 2998 ὑπερθέμενος
3995 2929 4025 2979 ό

815 3013 1042 3083 spondet
1073 3014 1157 3070 his
1185 3016 1396 3069 verbis:
1421 3033 1439 3066 s
1480 3014 1770 3069 Exaltahor
1816 3023 1871 3070 et
1921 3011 2156 3069 dividam
2192 3013 2369 3069 Sichi-
2469 3019 2553 3072 Osi

2286 3014 2369 3069 hi-
2469 3019 2598 3082 Θεὸς
2623 3019 2975 3088 ἀποκρίνεται
2999 3019 3169 3086 λέγων
3188 3036 3202 3049 ·
3242 3038 3260 3068 ι
3306 3018 3692 3088 ’Υιιωθήσομαι
3717 3018 3810 3070 καὶ
3831 3017 4021 3087 διαμε-

814 3119 922 3158 ma.
945 3123 962 3155 ι
996 3101 1229 3177 Bacper
1259 3101 1491 3159 Verbum
1515 3119 1695 3169 suum,
1728 3104 1880 3174 quasi
1905 3118 1998 3173 per
2020 3104 2367 3172 interpretem
2473 3108 2552 3181 ριῦ

2283 3117 2367 3159 em
2473 3108 2572 3181 ριῶ
2623 3109 2839 3179 Σίκιμα.
2880 3127 2898 3160 ι
2947 3109 3130 3162 Ταῦτα
3174 3109 3231 3164 δι
3276 3109 3367 3162 τοῦ
3412 3108 3546 3162 Θεοῦ
3590 3108 3678 3161 διά
3724 3106 3814 3160 τοῦ
3850 3108 4021 3175 Λόγου

819 3196 1059 3247 locutum
1087 3193 1254 3249 Deum
1296 3194 1522 3250 audiens
1555 3193 1790 3264 Spiritus
1837 3202 2080 3258 sanctus,
2108 3194 2223 3250 haec
2250 3193 2367 3263 ipsa
2394 3227 2435 3284 ϐ
2471 3193 2557 3284 αὐτ

2285 3208 2367 3263 psa
2394 3227 2435 3284 ϐ
2471 3191 2633 3284 αὑτοῦ
2677 3194 2752 3258 ὡς
2795 3194 2861 3247 δι’
2903 3195 3180 3266 ἑρμηνέως
3227 3195 3573 3265 λαλήσαντος,
3619 3195 3680 3248 τὸ
3718 3194 4023 3265 Πνεῦματὸ

817 3300 918 3339 nos
937 3283 1164 3341 «hcet:
1198 3300 1364 3355 quare
1387 3286 1478 3346 ait,
1512 3304 1530 3336 ι
1571 3284 1711 3340 Deus
1741 3285 1953 3340 locutus
1977 3295 2059 3340 est
2085 3285 2140 3339 in
2177 3294 2366 3341 sancto
2409 3282 2422 3284 ⁷
2467 3282 2555 3351 ἀγι

2281 3294 2366 3339 cto
2409 3282 2422 3284 ⁷
2467 3282 2621 3351 ἀγιον
2664 3285 2992 3349 ὸπακοῦσαν,
3030 3286 3264 3339 διδάσκει
3311 3286 3404 3338 καὶ
3439 3288 3583 3356 ἡμᾶς
3626 3285 3818 3338 ειδέναι
3863 3285 4019 3339 αύτά·

813 3389 934 3430 suo.
978 3392 998 3425 ι
1039 3373 1296 3433 Sanctum
1324 3390 1482 3445 porro
1508 3374 1622 3440 Dei,
1645 3377 1737 3445 qui
1766 3375 1994 3430 formam
2022 3375 2164 3433 servi
2212 3390 2367 3431 acce-
2466 3374 2546 3426 διό

2279 3390 2367 3431 ce-
2466 3374 2546 3426 διό
2585 3392 2747 3446 φησιν
2788 3392 2811 3429 ·,
2843 3393 2861 3426 ι
2899 3377 2958 3430 '0
2983 3377 3115 3439 Θεὸς
3141 3377 3394 3447 ἐλάλησεν
3424 3379 3480 3429 ὲν
3507 3376 3583 3446 τῷ
3608 3377 3746 3446 ἁγίῳ
3777 3374 3960 3430 αὑτοῦ.
3997 3395 4017 3430 s

815 3466 914 3534 pit,
961 3479 1069 3521 non
1109 3465 1429 3535 ignorabant
1465 3467 1590 3520 olim
1652 3466 1962 3537 daemones:
2016 3466 2366 3537 quamobrem
2467 3464 2553 3521 Τὸη

2285 3481 2366 3520 em
2467 3464 2569 3521 Τὸν
2607 3464 2664 3522 δὲ
2705 3465 2866 3534 ἅγιον
2889 3466 2980 3522 τοῦ
3022 3467 3155 3519 Θεοῦ
3195 3467 3404 3538 μορφὴν
3436 3467 3619 3520 δούλου
3657 3467 3886 3519 λαδόντα
3924 3467 4023 3520 οὐκ

815 3555 1139 3621 clamabant,
1169 3573 1188 3605 s
1231 3554 1445 3616 Scimus
1470 3562 1522 3618 te
1558 3558 1680 3626 quis
1706 3558 1802 3622 sis,
1837 3556 2070 3623 Sanctus
2103 3556 2197 3611 Dei
2236 3556 2306 3615 "..
2342 3575 2359 3606 ι
2466 3553 2553 3620 ὴγη

2285 3595 2306 3615 ._
2342 3575 2359 3606 ι
2466 3553 2736 3623 ἠγνόησαν
2786 3571 2913 3608 ποτε
2969 3557 3018 3608 οι
3075 3554 3350 3625 δαίμονες·
3395 3555 3474 3610 διὸ
3523 3556 3690 3613 ὲσόων
3735 3555 4020 3622 .λέγοντες⁶

780 3693 783 3696 .
815 3643 929 3700 lmo
963 3657 1091 3700 vero
1117 3648 1172 3699 in
1201 3660 1444 3703 sxxxvm
1474 3646 1680 3716 psalmo
1726 3647 1928 3701 dictum
1957 3655 2080 3702 est:
2119 3664 2139 3698 ι
2187 3645 2364 3702 Semel
2474 3661 2492 3692 ι

2285 3645 2364 3702 uel
2474 3661 2492 3692 ‹
2534 3644 2764 3714 Οἴδαμεν
2799 3661 2858 3698 σε
2891 3645 2977 3709 τίς
3019 3641 3088 3707 si,
3123 3649 3150 3699 ό
3173 3647 3323 3714 ἅγιος
3356 3647 3448 3700 τοῦ
3476 3647 3629 3700 Θεοῦ.
3668 3666 3687 3699 ι
3731 3647 3887 3700 Ἀλλά
3932 3647 4023 3700 καὶ

814 3733 991 3805 iuravi
1014 3735 1070 3790 in
1094 3743 1282 3790 sancto
1310 3750 1452 3799 meo,
1484 3734 1531 3790 si
1562 3733 1730 3790 David
1756 3738 1987 3791 mentiar
2020 3738 2084 3792 “.
2124 3719 2142 3790 ί
2168 3735 2368 3802 Quem-
2469 3733 2531 3785 ὲν

2282 3752 2368 3789 ςω-
2469 3733 2531 3785 ἑν
2563 3734 2867 3805 ’κη’ψαλμῷ
2900 3735 3176 3788 λέλεκται·
3209 3755 3225 3786 ι
3261 3735 3438 3804 ’Δπαξ
3474 3735 3660 3807 ῶμοσα
3687 3738 3744 3788 iv
3773 3735 3849 3804 τῷ
3882 3735 4020 3805 ἁγίῳ

819 3825 1106 3889 admodum
1135 3827 1279 3882 enim
1313 3835 1464 3897 pater
1494 3827 1550 3887 in
1580 3827 1690 3882 lilio
1719 3827 1938 3892 dilecto,
1971 3829 2052 3884 sic
2082 3830 2364 3886 universo-
2471 3839 2557 3891 μοι

2281 3845 2364 3886 50-
2471 3839 2603 3894 μου,
2633 3827 2681 3877 εί
2717 3824 2795 3896 τῷ
2836 3825 2996 3878 Δαυῒδ
3032 3825 3320 3899 ψεύσομαι.
3382 3845 3400 3877 ι
3448 3829 3536 3891 Ὠς
3561 3827 3666 3900 γὰρ
3710 3829 3890 3898 πατὴρ
3936 3829 4019 3896 ἐφ’

817 3929 938 3969 rum
973 3915 1112 3972 Deus
1159 3917 1213 3971 in
1259 3916 1396 3972 Filio
1428 3920 1596 3990 iurat.
1636 3918 1733 3988 Hic
1768 3919 1932 3989 igitur
1956 3922 2114 3976 etiam
2158 3939 2176 3971 ι
2226 3920 2368 3978 Deus
2469 3915 2555 3986 υίᾷ

2283 3938 2368 3978 ωε
2469 3915 2566 3986 υῐῷ
2598 3915 2883 3986 ἀγαπητῷ,
2925 3915 3096 3980 οὕτως
3126 3919 3154 3970 ό
3194 3917 3301 3974 τῶν
3346 3917 3480 3970 ὅλων
3508 3916 3636 3980 Θεὸς
3665 3917 3756 3971 ἐπὶ
3782 3917 3875 3986 ίτῷ
3909 3917 4021 3987 Υιῷ

817 4004 1034 4060 locutus
1064 4013 1147 4059 est
1183 4005 1235 4059 in
1255 4016 1440 4063 sancto
1470 4024 1609 4076 suo;
1648 4029 1666 4062 ι
1703 4009 1837 4074 sive,
1868 4010 2165 4072 secundum
2196 4012 2365 4081 Aqui-

819 4095 958 4158 lam,
1018 4114 1036 4147 ε
1094 4094 1235 4152 Deus
1292 4098 1502 4156 locutus
1545 4109 1631 4156 est
1682 4101 1737 4156 in
1789 4102 2127 4156 sanctiﬁcato
2171 4118 2288 4158 suo.
2343 4123 2362 4156 ι

818 4186 1172 4260 Quandonam
1197 4189 1251 4244 id
1280 4189 1556 4260 impletum
1576 4198 1679 4258 est,
1704 4193 1809 4247 nisi
1838 4193 1960 4246 cuni
1992 4193 2047 4248 in
2072 4193 2369 4255 novissimo

818 4277 1028 4334 dierum
1062 4267 1285 4334 locutus
1313 4286 1397 4334 est
1436 4273 1592 4334 nobis
1636 4280 1692 4336 in
1721 4279 1887 4346 Filio!
1917 4281 2056 4347 Quid
2081 4292 2260 4336 autem
2290 4283 2370 4337 lo-

819 4375 979 4423 cutus
1006 4367 1088 4423 est
1115 4369 1218 4426 nisi
1252 4368 1365 4424 htec
1409 4383 1528 4441 quae
1578 4379 1953 4442 sequuntur,.c
1995 4358 2288 4427 Exsultabo
2315 4383 2370 4429 et

819 4458 1051 4511 dividam
1105 4457 1420 4512 Sichimah
1500 4458 1559 4513 In
1614 4473 1718 4517 cvu
1781 4459 1958 4527 itaque
1991 4461 2191 4517 dictum
2248 4471 2366 4527 est,

825 4565 845 4597 s
886 4548 1192 4614 Exallabor,
1222 4559 1274 4604 et
1314 4549 1548 4604 dividam
1581 4548 1820 4609 Sichima
1857 4552 1932 4617 ¹⁷;

822 4638 1130 4702 admodum,
1154 4640 1281 4707 quia
1305 4640 1358 4694 in
1383 4641 1570 4695 eodem
1594 4641 1798 4696 dictum
1831 4650 1986 4698 antea
2010 4639 2130 4705 luit,
2164 4662 2181 4694 ι
2211 4643 2371 4697 Exal-

823 4737 937 4783 tare
993 4743 1155 4798 super
1187 4729 1375 4797 caelos,
1409 4729 1551 4786 Deus
1574 4771 1589 4797 ,
1613 4739 1666 4786 et
1699 4748 1862 4802 super
1907 4747 2120 4786 omnem
2170 4742 2368 4790 terram

821 4820 990 4888 gloria
1016 4818 1105 4874 tua
1136 4820 1197 4873 “.
1230 4838 1247 4870 ι
1287 4820 1368 4874 Ad
1397 4821 1525 4875 illud
1557 4820 1722 4884 enim,
1755 4843 1773 4874 ι
1812 4813 2068 4887 exaltare,
2101 4842 2118 4874 ι
2148 4823 2250 4878 hoc
2285 4840 2369 4879 re-

823 4909 1060 4976 ponitur,
1095 4925 1114 4960 s
1149 4908 1457 4975 exaltabor;
1500 4928 1517 4960 ι
1545 4909 1634 4963 hic
1661 4925 1789 4965 vero
1815 4912 1880 4966 ad
1906 4912 2057 4975 illud,
2092 4931 2110 4964 ‹
2147 4911 2364 4966 Salvum

821 4995 909 5048 {an
934 4997 1154 5054 dextera
1179 5006 1303 5059 tua,
1344 5015 1362 5048 ι
1398 5007 1450 5052 et
1475 4999 1541 5053 ad
1573 4999 1726 5065 illud,
1760 5017 1778 5050 ‹
1808 4997 1878 5056 Ut
1907 5001 2203 5061 liberentur
2232 5002 2365 5056 dile-

822 5088 897 5143 eti
927 5091 1027 5157 tul,
1064 5109 1082 5142 ι
1113 5090 1181 5146 de
1208 5090 1527 5146 dilectorum
1555 5109 1777 5150 suorum
1813 5095 1986 5149 salute
2021 5094 2262 5164 gaudens
2289 5094 2369 5150 sic

823 5180 1128 5248 respondet,
1160 5200 1178 5234 ι
1213 5173 1534 5249 Essultabo;
1570 5204 1590 5236 ι
1625 5187 1758 5250 sive,
1787 5184 2082 5243 secundum
2099 5184 2367 5256 Aquilam,

829 5289 848 5320 ι
884 5267 1200 5340 Gloriabor;
1239 5293 1257 5325 ι
1287 5274 1420 5340 sive,
1451 5277 1744 5331 secundum
1776 5275 2216 5346 Symmachumu
2250 5272 2371 5330 Glo-

823 5363 1002 5416 riabor
1030 5368 1085 5416 et
1117 5359 1433 5420 distribuam
1476 5365 1734 5422 Sichima.
1770 5384 1788 5417 ι
1824 5365 1948 5420 Haec
1979 5372 2156 5417 autem
2188 5364 2365 5436 portio

824 5453 951 5506 olim
969 5451 1204 5526 Josepbo
1224 5469 1289 5508 ex
1316 5457 1667 5529 pmogativa
1690 5457 1920 5525 quadam
1942 5455 2197 5526 deputata
2223 5453 2321 5510 fuit
2349 5473 2360 5508 :

825 5539 897 5596 ob
921 5558 1078 5612 quam
1110 5545 1236 5602 olim
1269 5546 1434 5600 altum
1487 5548 1768 5618 sapiebant
1819 5544 1990 5602 ιωιεί
2010 5584 2027 5610 ,
2057 5559 2199 5600 nunc
2242 5559 2369 5600 vero

825 5643 958 5699 80M
990 5622 1473 5692 Samaritanorum.
1524 5634 1598 5690 Ea
1643 5643 1821 5690 autem
1855 5637 1971 5705 ipsa
2013 5641 2098 5688 est
2137 5629 2371 5691 Sichima

2468 4004 2695 4078 ῶμνυσι.
2724 4009 2833 4061 Καὶ
2857 4006 3088 4063 ἐνταῦθα
3112 4007 3287 4064 τοίνυν
3314 4025 3333 4057 s
3364 4008 3394 4057 ό
3423 4007 3552 4072 Θεὸς
3583 4007 3839 4078 nam”
3865 4008 3922 4059 tv
3949 4007 4024 4078 τῷ

2470 4094 2605 4163 ἁγίῳ
2634 4095 2796 4148 αὐτοῦ
2819 4112 2832 4126 ο
2870 4115 2889 4147 ι
2922 4096 2977 4168 ἢ,
3013 4095 3154 4153 κατὰ
3183 4096 3274 4148 τὸν
3316 4096 3561 4159 ’Δκύλαν,
3593 4116 3612 4148 ι
3653 4098 3709 4150 '0
3737 4097 3866 4160 Θεὸς
3904 4097 4024 4152 ἑλό-

2468 4183 2628 4254 λησιν
2653 4187 2709 4238 ἐν
2739 4186 3053 4258 ήγιαςμόνῳ
3077 4186 3259 4243 αὐτοῦ.
3283 4205 3300 4238 ι
3328 4186 3460 4240 Πότε
3480 4187 3536 4240 δι
3568 4185 3662 4242 καὶ
3692 4185 3835 4244 τοῦτ’
3857 4186 4021 4257 ἐπλη-

2475 4275 2649 4346 ροῦτο,
2681 4275 2714 4346 ἢ
2743 4276 2830 4329 ὅτε
2862 4277 2946 4330 ἀπ’
2977 4277 3200 4347 ισχάτου
3233 4278 3336 4331 τῶν
3366 4278 3584 4352 ἡμερῶν
3613 4278 3871 4349 ὶλάλησεν
3893 4279 4022 4348 ἡμῖν
4099 4263 4102 4265 λ

2469 4371 2527 4420 ἐν
2566 4365 2711 4438 Υίῷ;
2746 4366 2813 4418 Τί
2844 4366 2901 4418 δι
2935 4366 3190 4438 ιλάλησεν
3233 4367 3266 4438 ἢ
3305 4367 3372 4422 τά
3411 4368 3774 4441 ἐπιφερόμενα
3815 4368 4018 4437 λέγων’

2476 4479 2492 4512 ι
2546 4459 2959 4529 ’Δγαλλιάσομαι
2997 4461 3089 4514 καὶ
3134 4461 3394 4532 διαμεριῶ
3443 4463 3672 4532 Σίκιμας
3707 4481 3729 4512 ι
3780 4463 3865 4518 Ἑν
3925 4464 4022 4533 μὶν

1975 4569 1994 4601 ι
2027 4552 2186 4622 idque
2217 4569 2283 4608 ex
2319 4570 2376 4610 re
2407 4559 2450 4612 Β
2476 4547 2567 4604 οῦν
2611 4550 2689 4621 τῷ
2735 4551 2812 4622 ρξ’
2841 4550 3081 4622 εἴρηται·
3127 4571 3145 4602 ί
3199 4551 3601 4621 ’Υψωθήσομαι,
3635 4551 3729 4605 καὶ
3763 4551 4023 4623 διαμεριιῖ)

2477 4643 2695 4712 Σίκιμα,
2727 4660 2744 4690 ι
2767 4641 2969 4713 σφόδρα
3013 4642 3385 4712 καταλλήλως·
3433 4641 3614 4712 ἐπειδὴ
3646 4641 3702 4694 ιν
3735 4643 3924 4708 ὲκείνῳ
3963 4642 4022 4692 ιν

2472 4735 2581 4794 τοῖς
2615 4731 2916 4802 ἔμπροσθεν
2956 4730 3184 4798 ἐλέγετοο
3223 4749 3240 4782 ι
3273 4731 3558 4800 ,Ὑψὼθητι
3586 4732 3678 4782 ἐπὶ
3704 4731 3828 4793 τοὺς
3857 4733 4022 4801 ούρα-

2474 4823 2616 4884 νοὺς,
2645 4825 2674 4874 ό
2712 4822 2870 4886 Θεὸς,
2906 4825 2998 4878 καὶ
3039 4824 3129 4875 ἐπὶ
3158 4825 3333 4877 πᾶσαν
3363 4823 3459 4894 τὴν
3488 4823 3590 4892 γῆν
3625 4826 3656 4892 η
3691 4822 3816 4887 δόξα
3845 4822 4022 4878 σου.4

2475 4910 2616 4979 Πρὸς
2645 4912 2748 4984 γὰρ
2773 4913 2853 4974 τὸ,
2885 4930 2905 4964 s
2949 4911 3206 4981 ύψώθητι,
3239 4932 3257 4964 ι
3287 4914 3634 4982 ἑπενήνεκται
3656 4913 3734 4973 τὸ,
3766 4930 3784 4962 ι
3817 4911 4024 4984 ὑψωθή-

2470 5016 2630 5070 σομαι
2647 5019 2661 5031 ο
2697 5019 2716 5053 s
2756 5000 2984 5060 ἐνταῦθα
3002 5001 3059 5053 δὲ
3081 5003 3213 5075 πρὸς
3234 5002 3312 5065 τὸ,
3351 5020 3370 5052 t
3401 5002 3568 5055 σῶσον
3596 5005 3661 5072 τῇ
3686 5001 3835 5073 δεξιᾷ
3859 5019 3972 5070 σου,
3995 5022 4016 5056 s

2472 5093 2565 5144 καὶ
2600 5091 2731 5162 πρὸς
2752 5092 2833 5156 τὸ,
2858 5110 2875 5142 ι
2896 5093 3044 5155 ὅπως
3077 5091 3143 5146 ἂν
3166 5093 3432 5162 ρυσθῶσιν
3482 5095 3528 5146 oi
3557 5095 3824 5164 ἀγαπητοί
3855 5111 3970 5160 σου,
3993 5115 4015 5148 s

2472 5180 2672 5252 χαίρων
2707 5183 2798 5234 ἐπὶ
2839 5184 2904 5251 τῇ
2954 5181 3063 5233 τῶν
3093 5181 3396 5250 ιάγαπητῶν
3434 5181 3596 5233 αὐτοῦ
3631 5183 3890 5254 σωτηρίᾳ,
3924 5184 4021 5254 τὴν

2474 5271 2757 5341 ἀπόκρισιν
2789 5274 3017 5324 ποιεῖται
3040 5269 3230 5337 λέγων,
3257 5286 3277 5322 s
3313 5269 3747 5339 ’Δγαλλιάσομαι·
3771 5293 3788 5321 ι
3805 5272 3860 5342 ἢ,
3880 5273 4019 5326 κατά

2471 5359 2559 5412 τὸν
2574 5360 2816 5424 Ἀκύλαν,
2847 5380 2865 5413 s
2899 5360 3260 5431 Γαυριάσομαι
3278 5377 3290 5390 ·
3321 5379 3339 5411 s
3363 5361 3417 5430 ἦ,
3441 5360 3578 5414 κατά
3605 5349 3692 5414 τὸν
3709 5361 4018 5432 Σύμμαχον,

2479 5466 2498 5499 ι
2535 5449 2818 5530 Γαυριάσω
2860 5453 2954 5506 καὶ
2980 5452 3285 5521 διανιμήσω
3313 5450 3527 5519 Σίκιμαο
3566 5471 3584 5503 s
3625 5452 3770 5524 Δῦτη
3801 5452 3858 5505 δὲ
3893 5448 3959 5522 ἦν
3980 5451 4021 5522 ἡ

2478 5541 2640 5596 πάλαι
2665 5543 3014 5615 ἀφωρισμένη
3044 5542 3119 5612 τῷ
3164 5540 3354 5608 Ἰωσὴφ
3390 5541 3541 5612 μερὶς
3576 5545 3693 5596 κατ’
3724 5543 4018 5614 δξαίρετον,

2478 5634 2560 5700 ἐφ’
2609 5627 2641 5705 ᾗ
2682 5635 2773 5687 καὶ
2811 5635 2951 5706 μέγα
2998 5633 3250 5705 ἀφρόνουν
3307 5631 3564 5703 πρότερον
3607 5633 3704 5706 μὶν
3753 5632 4018 5692 Ἰουδαίων

901 5721 942 5753 ⁸³
980 5721 1109 5801 Luc.
1148 5741 1219 5789 tv,
1255 5726 1342 5780 u.
1419 5727 1462 5757 “
1499 5722 1642 5778 Psal.
1679 5708 2068 5790 unum-56.
2148 5723 2188 5754 "
2229 5719 2369 5786 Psal.
2410 5739 2548 5790 cvn,
2585 5725 2636 5780 8.
2714 5723 2755 5758 "
2794 5723 3146 5788 Psal.cvu,6.

901 5812 975 5883 (l)
1016 5811 1171 5868 Forte
1200 5815 1350 5870 deest
1381 5815 1495 5887 τῆς.
1530 5812 1687 5870 Enn.
