4402 6416
346 505 452 564 505

1469 503 1971 561 COMMENTARIA
2011 502 2081 559 IN
2120 501 2456 559 PSALIOS.
2565 465 2569 468 ’

3469 497 3572 554 tuo

347 623 552 687 παῖδες,
607 622 702 677 νῦν
754 623 811 676 δὲ
860 625 919 676 τὸ
951 621 1304 695 Σαμαρειτῶν
1353 621 1533 686 φῦλον.
1576 624 1640 676 Ἡ
1691 625 1828 694 αὐτὴ
1864 625 1922 677 δέ
1950 631 1995 686 Α
2023 641 2085 692 qu

1864 625 1922 677 δέ
1950 631 1995 686 Α
2023 640 2142 692 qua
2171 623 2409 685 Sichem,
2439 636 2600 691 quam
2621 619 2856 691 Josepho
2886 621 3033 676 dedit
3058 619 3246 682 Iacob.
3265 620 3354 675 ubi
3381 629 3574 690 puteus

348 716 461 768 tari.
489 716 687 786 Σίκιμα
709 719 774 786 τῇ
797 717 997 786 Συχὲμ,
1023 717 1088 785 ἢν
1119 716 1314 770 ἔδωκεν
1343 715 1537 769 Ἰακὼϐ
1564 716 1640 786 τῷ
1680 718 1876 786 Ἰωσήφ
1897 732 1910 744 ·

345 805 474 858 ἕνθα
502 805 596 858 κα)⁸
620 806 680 858 τὸ
705 805 881 877 φρέαρ
908 808 999 859 καὶ
1029 808 1061 876 ὴ
1094 806 1242 877 πηγὴ
1272 805 1366 859 τοῦ
1409 805 1604 859 ἰακὼὸ
1635 806 1912 875 τυγχάνει,

347 889 423 949 ὧν
454 895 723 966 μέμνηται
753 895 812 949 τὸ
836 895 1183 963 Εὐαγγέλιον,
1209 896 1299 948 τὸν
1329 896 1556 966 Σωτῆρα
1578 896 1781 964 φάσκον
1800 898 1918 950 tm-

345 985 726 1057 δεδημηκέναι,
773 987 996 1050 πολλούς
1022 1003 1083 1039 τε
1114 986 1291 1039 αὐτῶν
1329 989 1407 1049 είς
1435 987 1597 1039 αὑτὸν
1627 1004 1918 1040 πεπιστευ-

347 1078 522 1132 κέναι.
557 1076 715 1130 Ἀλλὰ
742 1078 835 1131 καὶ
865 1077 1002 1147 μετὰ
1026 1075 1124 1149 τὴν
1142 1079 1407 1149 ἀνάληψιν
1425 1077 1588 1131 αὑτοῦ
1615 1079 1666 1131 οἰ
1688 1079 1918 1132 ἀπόστο-

347 1165 450 1230 λοι,
484 1168 541 1219 tv
581 1169 647 1236 τῇ
694 1166 975 1237 Σαμαρείᾳ
1005 1168 1304 1239 γενόμενοι,
1344 1171 1543 1238 σημεῖα
1586 1168 1680 1222 καὶ
1716 1168 1917 1238 τέρατα

347 1255 563 1309 έποίουν
609 1258 666 1308 tv
714 1257 872 1326 αὐτῇ,
924 1257 998 1320 ὡς
1040 1259 1364 1330 ἱστορεῖσθαι
1413 1261 1471 1312 tv
1521 1262 1642 1323 ταῖς
1683 1257 1918 1329 Πράξεσι

346 1346 455 1399 τῶν
485 1345 793 1399 ἀποστόλων
820 1347 881 1399 τὸ
913 1347 1136 1418 Πνεῦμα
1167 1349 1403 1418 τὸ-ἆγιον
1434 1350 1674 1403 δεδόσθαι
1696 1353 1807 1412 τοῖς
1829 1350 1919 1402 τὸν

347 1436 510 1490 τόπον
558 1434 786 1500 οἰκοῦσι,
835 1438 1008 1509 χαράν
1034 1455 1094 1492 τε
1138 1440 1378 1510 μεγάλην
1410 1440 1686 1508 γεγονέναι
1712 1440 1917 1494 αὐτόθι.

348 1527 658 1598 Γέγραπται
717 1528 866 1596 γοῦν,
913 1530 995 1582 ὅτι
1050 1529 1331 1593 Φίλιππος,
1388 1529 1664 1583 κατελθὼν
1709 1533 1787 1592 εἰς
1824 1531 1921 1600 τὴν

347 1615 498 1668 πόλιν
526 1616 625 1686 τῆς
652 1615 981 1688 Σαμαρείας,
1006 1619 1309 1689 ἐκήρυσσεν
1335 1619 1516 1682 αὐτοῖς
1548 1619 1639 1672 τὸν
1667 1619 1918 1689 Χριστόν.

347 1707 641 1777 Προσείχον
667 1707 725 1760 δὲ
769 1709 819 1759 οἰ
867 1707 1014 1778 δχλοι
1057 1711 1171 1772 τοῖς
1218 1709 1526 1780 λεγομένοις
1561 1710 1666 1763 ὑπὸ
1697 1709 1790 1762 τοῦ
1829 1711 1920 1762 Φι-

345 1797 545 1850 λίππου
593 1797 954 1869 ὁμοθυμαδὸν,
988 1801 1046 1851 tv
1098 1800 1176 1872 τῷ
1207 1801 1425 1854 ἀκούειν
1468 1803 1663 1866 αὐτοὺς
1690 1804 1780 1874 καὶ
1802 1802 1920 1872 βλέ-

348 1906 470 1944 πειν
522 1889 591 1945 τὰ
635 1894 836 1963 σημεῖα
883 1891 920 1946 ἀ
965 1891 1166 1946 ὲποίει’
1199 1893 1416 1962 ἐγένετο
1451 1895 1508 1947 δὲ
1553 1896 1704 1965 φωνὴ
1749 1896 1922 1966 χαρᾶς

349 1979 558 2050 μεγάλη
611 1960 798 2053 ὶνμτῇ
846 1983 997 2037 πόλει
1057 1960 1260 2058 ἑκείνῃι
1328 1985 1439 2040 Καὶ
1495 1960 1620 2056 ἑξῆς
1673 1960 1918 2057 εἴρηται·
1954 1960 1996 2014 Β

1976 2078 1979 2081 ’
2023 2071 2271 2138 Quicum
2301 2069 2599 2133 venissent,
2630 2074 2919 2121 oraverunt
2966 2063 3227 2134 pro-ipsis
3265 2072 3323 2116 ut
3375 2063 3582 2132 accipe-

353 2088 371 2119 ι
395 2069 751 2134 Ἀκούσαντες
778 2071 834 2126 δὲ
885 2076 935 2127 οί
972 2076 1029 2128 tv
1101 2075 1486 2147 Ἱεροσολύμοις
1521 2077 1924 2137 ἀπόστολοι.ὄτι

343 2157 587 2212 δέδεκται
608 2162 641 2230 ἡ
671 2161 950 2234 Σαμάρεια
978 2166 1071 2219 τὸν
1100 2167 1257 2235 λόγον
1293 2167 1386 2219 τοῦ
1411 2167 1578 2230 Θεοῦ,
1605 2169 1924 2223 ἀπέστειλαν

347 2246 486 2318 πρὸς
541 2249 738 2312 αὐτοὺς
792 2252 996 2320 Πέτρον
1057 2257 1150 2308 καὶ
1190 2255 1467 2326 Ἰωάννην·
1515 2257 1708 2321 οἵτινες
1755 2275 1923 2312 κατα-

347 2336 541 2402 ϐάντες
569 2341 941 2412 προσηύξαντο
974 2346 1102 2416 περὶ
1127 2345 1306 2400 αὐτῶν
1345 2348 1492 2411 ὅπως
1522 2346 1726 2411 λάϐωσι
1757 2347 1925 2401 Πνεῦ-

348 2446 426 2500 μα
468 2431 655 2499 ἀγιον·
699 2451 717 2484 ι
761 2435 867 2488 -καὶ
909 2435 1179 2504 ἐπιλέγειν
1208 2453 1247 2489 Ἱ
1279 2439 1411 2522 Τότε
1462 2438 1777 2492 ἐπετίθεσαν
1827 2439 1925 2504 τὰς

357 2522 548 2591 χεῖρας
576 2523 663 2574 ἐπ’
693 2524 908 2589 αὐτοὺς,
953 2525 1046 2580 καὶ
1090 2525 1392 2599 ἐλάμϐανον
1441 2529 1662 2599 Πνεῦμα
1695 2530 1863 2597 ἀγιον.
1899 2549 1919 2582 a

362 2608 527 2663 Ταῦτ’
559 2606 653 2665 οὖν
683 2613 894 2680 ἐγένετο
923 2616 980 2667 tv
1012 2617 1402 2688 τῇνΣαμαρεία,
1426 2616 1801 2687 πληρουμένης
1825 2618 1924 2688 τῆς

349 2703 486 2773 μιτά
522 2707 708 2774 χεῖρας
738 2706 1087 2773 ἐπαγγελίας,
1112 2707 1455 2777 φασκούσης·
1487 2726 1505 2758 ι
1539 2707 1923 2778 Ὑψωθήσομαι

345 2794 440 2847 καὶ
465 2793 728 2865 διαμεριῶ
777 2795 997 2865 Σίκιμα.
1047 2797 1171 2861 Τοῖς
1205 2798 1313 2869 γάρ
1360 2799 1452 2851 ἐπὶ
1486 2799 1583 2868 τῆς
1616 2798 1923 2871 Σαμαρείας

343 2885 616 2958 διεμέρισε
656 2887 717 2938 τὸ
757 2886 978 2957 Πνεῦμα
1019 2886 1080 2939 τὸ
1118 2888 1271 2955 ἆγιον
1319 2888 1454 2958 μετά
1499 2888 1598 2959 τὴν
1659 2889 1922 2961 ἀνάληψιν

345 2976 529 3044 αὐτοῦ,
555 2978 648 3030 καὶ
687 2977 912 3047 μετά.τδ
940 2976 1216 3048 ὑψωθῆναι
1257 2978 1437 3044 αὐτὸν,
1452 2979 1539 3032 ὅτε
1565 2998 1582 3029 ι
1613 2980 1817 3043 ἀναϐὰς
1843 2982 1923 3044 εἰς

348 3065 476 3134 ὕψος
515 3066 931 3136 ᾐχμαλώτευσεν
960 3067 1358 3136 αἰχμαλωσίαν,
1393 3069 1486 3122 καὶ
1516 3068 1682 3122 ἔδωκε
1713 3069 1920 3140 δόματα

345 3159 402 3212 tv
429 3157 751 3228 ἀνθρώποις.
793 3177 812 3209 ι
850 3159 960 3211 Καὶ
1001 3157 1174 3212 ταῦτα
1204 3159 1414 3228 ἐγίνετο
1436 3159 1577 3230 μετά
1597 3160 1658 3213 τὺ
1686 3161 1919 3231 διωχθῆ-

344 3265 432 3356 ναι
495 3250 637 3350 τοὺς.
666 3247 912 3356 μαθητάς
946 3251 1040 3303 τοῦ
1081 3251 1331 3324 Σωτῆρος
1366 3253 1474 3305 ἀπὸ
1513 3253 1914 3323 Ἱεροσολύμων.
1944 3293 1990 3356 c

345 3338 507 3407 Λέγει
543 3338 675 3407 γοῦν
714 3341 747 3410 ἡ
790 3339 977 3411 Γραφή
999 3357 1012 3370 ·
1051 3359 1069 3390 ι
1122 3341 1366 3410 Ἐγένετο
1392 3341 1448 3394 δὲ
1474 3340 1708 3411 διωγμὸς
1739 3343 1910 3412 μέγας

344 3429 437 3482 ἐπὶ
479 3429 578 3500 τὴν
627 3429 948 3500 Ἐκκλησίαν
987 3431 1085 3502 τὴν
1130 3434 1187 3484 tv
1247 3432 1661 3504 Ἱεροσολύμοις·
1714 3434 1912 3496 πάντες

342 3517 402 3572 δὲ
430 3519 797 3592 διεσπάρησαν
818 3539 831 3551 ·
873 3542 892 3573 ι
924 3522 1015 3574 καὶ
1044 3523 1204 3575 πάλιν
1227 3540 1240 3553 ο
1285 3540 1304 3573 ι
1343 3524 1406 3576 Οί
1434 3524 1532 3594 μὲν
1558 3519 1650 3578 οὖν
1683 3524 1913 3579 διασπα-

347 3598 532 3680 ρέντες
570 3609 784 3678 διῆλθον
823 3594 1318 3684 εὐαγγελιζόμενοι·
1351 3613 1444 3665 τὸν
1479 3612 1655 3680 λόγον.
1708 3633 1726 3665 ι
1794 3611 1910 3668 Εἴθ’

345 3699 472 3769 ἑξῆς
531 3698 744 3770 εῐρηται
785 3700 931 3763 ὅπως
970 3704 1080 3764 τοῖς
1114 3703 1171 3754 tv
1203 3704 1268 3773 τῇ
1318 3703 1600 3774 Σαμαρείᾳ
1626 3705 1909 3776 εὐηγγελί-

345 3789 518 3857 ζοντο,
553 3791 647 3844 καὶ
675 3791 751 3854 ὡς
775 3791 868 3845 τοῦ
901 3793 1217 3864 Πνεύματος
1247 3792 1342 3847 τοῦ
1383 3795 1533 3862 ἀγίου
1572 3797 1910 3867 μετεδίδοσαν

347 3882 528 3947 αὐτοῖς
559 3884 608 3934 οἰ
639 3883 943 3938 ἀπόστολοι.
999 3884 1274 3938 Δέδεικται
1319 3887 1496 3940 τοίνυν
1523 3888 1671 3951 ὅπως
1696 3889 1909 3959 εἴρηται

345 3972 425 4038 τὸ,
457 3993 477 4024 ι
502 3975 885 4046 ’Υψωθήσομαι
914 3977 1006 4030 καὶ
1027 3975 1288 4048 διαμεριῶ
1310 3977 1533 4046 Σίκιμα*
1568 3999 1587 4031 ι
1633 3957 1768 4049 μετά
1803 3957 1911 4054 γὰρ

344 4062 406 4115 τδ
452 4063 731 4135 ὑψωθῆναι
768 4067 860 4119 τὸν
898 4067 1123 4137 Σωτῆρα
1172 4068 1346 4120 πάντα
1377 4068 1547 4121 ταῦτα
1586 4070 1906 4142 ἐπληροῦτο.

348 4153 539 4217 ’Δλλος
583 4155 628 4208 δ’
661 4155 728 4209 ἂν
754 4157 918 4220 εἴποι,
959 4156 1047 4209 διὰ
1074 4157 1135 4209 τὸ
1168 4158 1333 4210 πάλαι
1363 4158 1460 4226 μὲν
1490 4159 1599 4212 τῶν
1645 4161 1910 4217 Ἰουδαίων

345 4239 479 4296 εἶναι
503 4244 802 4325 τὸντόπον,
833 4245 949 4297 νυνὶ
978 4246 1035 4297 δὲ
1065 4247 1201 4316 μετὰ
1238 4245 1333 4316 τὴν
1357 4246 1450 4299 τοῦ
1479 4245 1726 4320 Σωτῆρος
1756 4253 1910 4324 ἡμῶν

343 4335 608 4405 ἀνάληψιν
628 4333 850 4405 Ἕλλησι
881 4336 976 4388 καὶ
991 4335 1356 4407 Σαμαρείταις
1372 4338 1695 4404 ἐκδεδόσθαι,
1722 4344 1909 4397 τούτου

347 4423 506 4493 χάριν
540 4420 791 4493 εἰρῆσθαι
819 4420 900 4485 τὸ,
949 4439 967 4471 ι
1010 4408 1391 4494 ’Υψωθησομαι
1421 4427 1513 4478 καὶ⁵
1540 4425 1802 4499 διαμεριῶ
1827 4429 1912 4480 Σί-

343 4527 510 4581 κιμα·
541 4529 562 4562 ι
589 4509 722 4565 ἀλλὰ
760 4511 853 4564 καὶ
884 4528 902 4560 ι
949 4509 1046 4581 τὴν
1084 4510 1305 4566 κοιλάδα
1333 4512 1441 4567 τῶν
1482 4516 1697 4588 σκηνῶν
1723 4517 1910 4586 διαμε‹

2015 724 2068 768 et
2101 713 2220 767 fons
2249 710 2418 766 Jacob
2450 717 2554 764 est.
2619 707 2860 774 Quorum
2895 710 3140 763 meminit
3192 707 3539 779 Evangelium
3559 743 3575 766 ,

2016 803 2203 857 dicens
2237 801 2572 856 Salvatorem
2601 815 2667 853 eo
2699 797 2982 854 advenisse
3002 841 3016 866 ,
3057 814 3351 870 eorumque
3379 799 3579 854 multos

2017 892 2072 945 in
2106 893 2280 961 ipsum
2310 889 2632 946 credidisse.
2664 888 2806 955 Quin
2837 889 2998 943 etiam
3052 897 3175 958 post
3218 889 3338 959 ejus
3365 903 3580 944 assum-

2019 981 2287 1050 ptionem,
2353 979 2583 1050 apostoli
2638 979 2937 1033 Samariam
2997 988 3278 1050 petentes,
3330 980 3488 1049 signa
3525 987 3581 1033 et

2012 1072 2261 1142 prodigia
2291 1072 2654 1142 operabantur
2699 1073 2754 1125 in
2806 1073 2948 1140 ipsa,
3006 1071 3079 1125 ita
3134 1079 3203 1124 ut
3243 1071 3298 1124 in
3353 1070 3580 1125 Actibus

2021 1165 2387 1234 apostolorum
2414 1172 2662 1217 narretur
2698 1161 2959 1231 Spiritum
3002 1171 3250 1217 sanctum
3280 1161 3398 1229 ejus
3429 1161 3582 1214 inco-

2021 1243 2086 1310 lis
2125 1255 2310 1310 datum
2365 1253 2570 1319 fuisse,
2616 1254 2800 1324 ibique
2845 1267 3095 1323 magnum
3150 1252 3422 1307 exstitisse
3448 1265 3583 1320 gau-

2019 1344 2188 1398 dium.
2228 1343 2497 1398 Ssribitur
2523 1357 2744 1413 quoque
2773 1340 3083 1411 Philippum
3136 1339 3483 1395 descendisse
3525 1339 3580 1392 in

2019 1435 2208 1490 urbem
2237 1427 2536 1489 Samariam
2564 1472 2579 1497 ,
2638 1433 2880 1503 ipsisque
2926 1431 3251 1502 pmdicasse
3281 1429 3576 1485 Christum.

2020 1523 2217 1580 Turba:
2240 1540 2402 1601 porro
2444 1525 2607 1580 dictis
2634 1524 2867 1596 Philippi
2895 1524 3228 1579 unanimiter
3279 1522 3582 1585 haerebant,
3620 1514 3621 1517 “

2019 1631 2144 1671 cum
2171 1617 2421 1672 audirent
2451 1631 2516 1671 ac
2533 1616 2780 1671 viderent
2797 1616 2952 1685 signa
2979 1630 3100 1685 qua:
3125 1614 3352 1668 faciebat
3385 1633 3402 1667 ζ
3425 1625 3583 1668 εισι-«-

2021 1715 2184 1776 taque
2216 1720 2410 1776 magna
2440 1720 2541 1760 vox
2575 1705 2770 1759 laetitia:
2795 1711 2879 1758 est
2922 1704 2976 1756 in
3025 1705 3245 1757 civitate
3275 1705 3386 1758 illa.
3430 1702 3584 1758 Dein-

2022 1799 2196 1868 deque
2226 1798 2469 1851 dicitur:
2509 1815 2527 1848 ι
2581 1795 2714 1850 Cum
2774 1803 2952 1850 autem
3006 1795 3287 1874 audissent
3329 1797 3578 1863 apostoli,

2024 1887 2116 1959 qui
2157 1897 2311 1944 erant
2341 1887 2728 1958 Hierosolymis
2757 1925 2771 1949 ,
2804 1884 2948 1955 quod
2990 1883 3286 1952 recepisset
3335 1883 3580 1937 Samaria

2028 1980 2249 2035 verbum
2279 1979 2396 2042 Dei,
2425 1980 2692 2034 miserunt
2723 1976 2797 2031 ad
2833 1991 2928 2031 eos
2970 1973 3187 2030 Petrum
3215 1981 3269 2029 et
3297 1972 3574 2028 Joannem.

2022 2167 2143 2215 rent
2170 2158 2430 2228 Spiritum
2455 2166 2737 2220 sanctum;
2769 2173 2788 2206 ι
2827 2168 2890 2208 ac
2934 2154 3280 2223 subjungitur
3322 2170 3334 2204 :
3365 2168 3383 2202 ι
3424 2148 3578 2205 Tunc

2024 2253 2372 2322 imponebant
2402 2264 2596 2305 manus
2635 2262 2799 2318 super
2825 2248 2970 2312 illos,
3004 2255 3058 2303 et
3089 2247 3423 2316 accipiebant
3459 2242 3580 2315 Spi-

2021 2345 2186 2397 ritum
2214 2348 2462 2396 sanctum
2496 2341 2560 2393 ".
2600 2359 2618 2392 ›
2643 2337 2766 2394 Haec
2793 2340 2958 2410 igitur
2980 2335 3237 2391 Samaria;
3255 2334 3398 2389 facta
3430 2343 3576 2398 sunt,

2021 2435 2097 2488 ita
2128 2441 2186 2486 ut
2217 2433 2331 2487 hac
2358 2431 2648 2502 promissio
2672 2431 3014 2500 impleretur:
3038 2445 3058 2479 ι
3098 2426 3389 2481 Exaltabor
3419 2434 3474 2482 et
3496 2426 3580 2480 di-

2025 2526 2201 2580 vidam
2244 2524 2504 2581 Sichima.
2541 2544 2560 2576 »
2609 2521 2742 2577 Nam
2769 2520 3125 2578 Samaritanis
3160 2517 3422 2589 Spiritum
3461 2533 3581 2572 san-

2020 2625 2168 2672 ctum
2204 2616 2482 2672 distribuit
2518 2622 2642 2684 post
2685 2615 3108 2683 assumptionem
3161 2625 3315 2664 suam
3349 2616 3401 2664 et
3438 2618 3580 2678 post-

2021 2723 2183 2778 quam
2210 2708 2481 2762 exaltatus
2511 2713 2595 2760 est
2618 2745 2633 2770 ,
2687 2703 2904 2775 quando
2942 2722 2960 2754 ι
3000 2701 3298 2757 ascendens
3328 2701 3381 2754 in
3413 2701 3578 2753 altum

2021 2799 2286 2868 captivam
2329 2795 2486 2850 duxit
2512 2793 2905 2861 captivitatem,
2926 2799 2981 2848 et
3004 2792 3152 2847 dedit
3178 2790 3319 2845 dona
3347 2791 3578 2845 homini-

2020 2890 2122 2944 bus
2144 2888 2210 2942 “.
2249 2906 2267 2939 ι
2303 2885 2428 2940 Haec
2459 2899 2624 2954 porro
2664 2883 2802 2938 facta
2843 2889 2970 2938 sunt
2997 2890 3280 2952 postquam
3323 2881 3583 2949 discipuli

2021 2978 2320 3033 Salvatoris
2353 2975 2740 3046 Hierosolyma:
2761 2971 3193 3046 persecutionem
3239 2971 3386 3042 passi
3429 2979 3574 3026 sunt.

2018 3069 2108 3124 Ait
2136 3070 2316 3140 itaque
2343 3065 2624 3137 Scriptura
2652 3084 2668 3121 :
2701 3085 2719 3119 ι
2760 3065 2922 3120 Facta
2946 3073 3029 3120 est
3059 3063 3362 3134 persecutio
3385 3075 3596 3131 magna-

2019 3161 2074 3215 in
2093 3159 2332 3215 Ecclesia
2345 3175 2464 3230 quae
2485 3169 2602 3214 erat
2626 3156 3036 3228 Hierosolymis,
3058 3164 3113 3211 et
3136 3170 3326 3211 omnes
3346 3153 3576 3223 dispersi

2021 3260 2148 3309 sunt
2169 3251 2252 3317 '1;
2287 3271 2306 3303 ι
2334 3265 2397 3304 ac
2426 3262 2641 3305 rursum
2673 3267 2686 3303 :
2721 3267 2739 3300 ι
2776 3248 2943 3319 Igitur
2994 3247 3088 3318 qui
3136 3245 3376 3316 dispersi
3421 3252 3578 3299 erant

2021 3343 2450 3414 pertransibant,
2477 3340 2912 3411 evangelizantes
2943 3339 3166 3393 verbum
3202 3341 3270 3394 ".
3309 3356 3328 3389 ι
3377 3334 3577 3393 Deinde

2013 3435 2218 3489 dictum
2252 3440 2356 3497 est,
2377 3447 2484 3502 qua
2509 3431 2720 3485 ratione
2746 3428 3101 3484 Samaritanis
3122 3427 3573 3498 evangeliurent,

2012 3532 2065 3578 et
2097 3522 2372 3594 quomodo
2404 3520 2636 3592 apostoli
2672 3517 2935 3589 Spiritum
2984 3525 3249 3572 sanctum-
3287 3518 3421 3585 ipsis
3473 3517 3576 3570 im-

2013 3605 2296 3686 pertirent.
2331 3610 2773 3667 Demonstratum
2808 3623 2940 3678 ergo
2967 3617 3052 3663 est
3075 3622 3244 3678 quare
3271 3606 3476 3661 dictum
3501 3608 3574 3663 εἰ.

2013 3705 2167 3769 illud,
2201 3723 2220 3755 ι
2257 3701 2574 3767 Exaltabor,
2601 3709 2653 3756 et
2692 3700 2928 3756 dividam
2953 3699 3213 3754 Siohima.
3247 3718 3267 3750 ι
3299 3696 3433 3752 Nam
3461 3697 3575 3752 hac

2009 3795 2193 3851 omnia
2245 3791 2604 3862 implebantur
2646 3801 2931 3863 postquam
2990 3790 3238 3845 Salvator
3301 3787 3573 3842 exaltatus

2009 3894 2112 3942 est.
2137 3884 2345 3939 Dixerit
2375 3882 2561 3938 forsan
2587 3885 2748 3948 alius,
2773 3884 2900 3952 quia
2929 3882 3057 3936 olim
3087 3879 3396 3935 Judaeorum
3419 3880 3574 3935 locus

2009 3986 2148 4042 erat,
2188 3992 2335 4031 nunc
2390 3985 2570 4032 autem
2620 3982 2742 4045 post
2787 3973 3086 4029 Salvatoris
3135 3974 3306 4027 nostri
3359 3987 3575 4028 assum-

2010 4069 2273 4139 ptionem,
2331 4066 2534 4125 Graecis
2581 4075 2636 4121 et
2690 4065 3049 4121 Samaritanis
3088 4075 3401 4120 concessus
3453 4062 3575 4118 fue-

2011 4168 2116 4224 rat,
2150 4161 2276 4215 ideo
2292 4160 2516 4223 dictum,
2547 4175 2566 4208 t
2593 4158 2902 4222 Exaltabor,
2921 4166 2974 4213 et
2989 4157 3221 4212 dividam
3246 4154 3486 4210 Sicbima
3509 4172 3566 4221 ;a

2012 4252 2106 4307 sed
2125 4252 2320 4316 etiam,
2352 4268 2376 4301 ι
2418 4251 2717 4305 convallem
2751 4250 3221 4304 tabernaculorum
3247 4246 3511 4300 dimetiar.
3545 4263 3565 4296 ι

2008 4344 2318 4400 Convallem
2367 4343 2744 4398 universorum
2781 4342 3062 4396 hominum
3104 4337 3438 4394 domicilium
3476 4351 3572 4389 vo-

2011 4449 2137 4491 Care
2173 4434 2456 4487 consuevit
2496 4433 2842 4503 prOpheticus
2866 4444 3076 4484 sermo:
3114 4443 3281 4498 quare
3310 4426 3438 4480 alibi
3486 4424 3571 4480 di-

2011 4534 2165 4579 ctum.
2199 4533 2322 4578 est:
2362 4543 2380 4575 ι
2435 4522 2712 4593 Disposuit
2762 4522 2818 4575 in
2847 4521 3000 4576 .valle
3043 4517 3406 4589 lacrymarum
3428 4516 3563 4571 ".‘i

342 4603 548 4673 τρήσω.
587 4621 607 4653 ι
642 4601 877 4656 Κοιλάδα
907 4603 964 4655 δὲ
1005 4601 1192 4656 εἴωθεν
1221 4605 1503 4675 ὀνομάζειν
1528 4609 1556 4659 ό
1577 4607 1908 4678 προφητικὸς
1940 4634 1984 4688 ι)
2016 4613 2080 4668 Η(

1829 4607 1908 4672 ιδς
1940 4634 1984 4688 ι)
2016 4613 2126 4669 Hoc
2155 4615 2336 4685 itaque
2363 4615 2639 4677 hominum
2678 4612 2922 4666 omnium
2960 4610 3404 4674 domicilium.et
3432 4623 3567 4662 con-

342 4689 498 4760 λόγος
528 4690 588 4743 τὸ
616 4691 831 4746 πάντων
857 4690 1158 4761 ἀνθρώπων
1196 4695 1535 4764 οἰκητήριον·
1564 4695 1907 4753 διὸ,.λέλεκται

340 4781 606 4852 ἀλλαχοῦ·
652 4798 672 4833 ι
719 4780 930 4834 Διέθετο
975 4783 1056 4844 εἰς
1095 4785 1192 4854 τὴν
1235 4786 1455 4841 κοιλάδα
1493 4785 1598 4843 τοῦ.
1618 4786 1906 4857 κλαυθμῷ·
1963 4776 1967 4778 ’

341 4890 450 4938 νος.
481 4895 501 4926 ι
525 4874 703 4951 ,Τοῦτο
744 4872 809 4944 δὴ
854 4867 946 4926 οὖν
976 4873 1038 4925 τὺ
1080 4877 1296 4931 πάντων
1343 4874 1641 4948 ἀνθρώπων
1682 4881 1906 4950 οἰκητή-

343 4982 477 5036 ριον,
526 4967 619 5030 καὶ
675 4966 774 5038 τὴν
820 4966 1046 5022 κοιλάδα
1097 4968 1301 5038 ταύτην
1354 4969 1674 5041 ἐκκλησιῶν,
1721 4972 1907 5041 φησὶν,

339 5059 578 5129 ιμαυτοῦ
632 5059 932 5131 πληρώσω·
981 5059 1010 5114 δ
1053 5060 1118 5134 δὴ
1150 5061 1442 5120 αἰνίττεται
1469 5063 1660 5130 λέγων,
1694 5081 1713 5115 r
1763 5064 1906 5136 Σκη-

340 5146 448 5200 νῶν
476 5148 840 5222 διαμετρήσω.
881 5170 902 5203 ι
953 5151 1065 5209 Καὶ
1086 5154 1114 5205 ό
1151 5153 1384 5217 Ἀκύλας
1414 5154 1471 5207 δὲ
1519 5153 1705 5208 τοῦτον
1725 5157 1906 5228 ἡρμή-

341 5253 499 5293 νευσε
546 5239 640 5302 τὸν
687 5241 958 5313 τρόπονμ
1001 5244 1236 5301 Κοιλάδα
1284 5246 1632 5317 συσκιασμῶν
1669 5263 1908 5318 καταμε-

341 5329 547 5401 τρήσω.
577 5347 597 5382 ι
632 5327 746 5385 Εἶθ’
777 5331 963 5403 ὥσπερ
1002 5335 1151 5404 ἐμὸς,
1186 5337 1335 5406 φησὶ,
1369 5336 1588 5405 γέγονεν
1618 5338 1646 5389 ό
1674 5337 1906 5407 Γαλαὰδ,

345 5419 592 5490 aettula;
621 5419 812 5488 γέγονέ
842 5439 972 5476 ποτε
1003 5425 1032 5476 ό
1071 5425 1385 5496 Μανασσῆς,
1433 5427 1525 5479 καὶ
1563 5427 1801 5499 Ἐφραῒμ
1840 5427 1906 5501 ἦν

343 5526 495 5573 ms,
525 5507 614 5576 lu
653 5510 888 5582 ὑπῆρχε,
923 5531 944 5564 ι
978 5517 1311 5584 κραταίωσις
1332 5517 1432 5586 τῆς
1451 5516 1693 5586 κεφαλῆς
1722 5536 1845 5590 μου,
1881 5542 1900 5575 ι

341 5603 400 5674 ἢ,
441 5600 583 5656 κατά
632 5602 732 5656 τὸν
762 5601 1083 5685 Σύμμαχον,
1111 5626 1130 5658 ι
1169 5609 1320 5678 ἰσχὺς
1363 5607 1461 5678 τῆς
1506 5609 1679 5679 ἀρχῆς
1710 5628 1900 5682 μου-η»

344 5690 833 5768 όιηέωςτεῶσπιρ,
861 5689 1076 5766 ἦνποτε
1107 5716 1127 5750 ι
1159 5699 1189 5750 ό
1219 5697 1414 5762 Ἰούδας
1447 5696 1697 5768 βασιλεύς
1741 5720 1899 5774 pou,»

2014 4704 2204 4759 vallem
2235 4705 2415 4768 istam,
2446 4701 2712 4765 ecclesiis,
2741 4700 2950 4770 inquit,
2983 4700 3119 4755 meis
3147 4697 3384 4767 replebo.
3415 4695 3568 4762 Quod

2013 4795 2099 4852 his
2127 4796 2308 4851 verbis
2329 4793 2656 4856 subindicat,
2682 4809 2699 4843 ι
2731 4791 3222 4847 Tabernaculorum
3249 4789 3516 4845 dimetiar.
3542 4808 3560 4839 ο

2012 4886 2205 4955 Aquila
2231 4882 2459 4954 verosic
2494 4882 2884 4953 interpretatus
2913 4891 3016 4947 est,
3062 4880 3423 4935 c-Convallem
3449 4893 3570 4933 um-

2013 4973 2358 5029 braculorum
2388 4971 2599 5026 metiar.
2636 4991 2654 5024 ›
2690 4970 2985 5036 Deinde,ut
3014 4970 3161 5033 olim,
3187 4968 3380 5037 inquit,
3413 4981 3565 5022 meus

2011 5064 2114 5119 fuit
2163 5063 2360 5118 Galaad
2392 5102 2406 5127 ,
2461 5078 2614 5118 meus
2645 5065 2771 5117 item
2803 5061 3080 5116 Manasses
3106 5099 3120 5125 ,
3160 5067 3235 5114 et'
3267 5047 3522 5127 Ephralni
3546 5099 3582 5122 ,κ

2017 5175 2035 5207 ι
2075 5154 2330 5209 fortitudo
2353 5155 2543 5222 capitis
2570 5155 2676 5209 mei
2709 5173 2727 5206 ι
2757 5152 3029 5223 quondam
3047 5157 3194 5217 erat;
3227 5148 3359 5216 sive,
3377 5162 3568 5204 secun-

2010 5246 2135 5299 dum
2161 5243 2564 5314 Symmachum,
2593 5262 2612 5294 ι
2644 5243 2810 5297 robur
2838 5242 3171 5310 principatus
3200 5240 3327 5305 mei;
3360 5256 3377 5290 ι
3413 5239 3561 5302 item,

2012 5346 2069 5390 ut
2093 5335 2220 5388 olim
2249 5351 2267 5384 ι
2306 5333 2474 5389 Judas
2527 5349 2622 5388 rex
2651 5347 2821 5400 meus
2863 5351 2882 5383 ι
2928 5329 3064 5392 fuit;
3117 5339 3209 5384 aut
3265 5327 3561 5386 secundum

2009 5423 2279 5493 Aquilam,
2317 5441 2336 5475 ι
2373 5421 2543 5478 Judas
2573 5422 2800 5492 diligens
2850 5418 3137 5489 inquisitor
3170 5433 3353 5482 meus;
3398 5433 3418 5466 ι
3464 5429 3561 5468 ea-

2010 5516 2128 5571 dem
2158 5529 2386 5585 prorsus
2413 5515 2724 5594 conditione
2751 5513 2855 5567 erit
2877 5513 3297 5583 alienigenarum
3333 5507 3482 5578 regio
3507 5517 3562 5562 et

2010 5609 2160 5674 urbs,
2192 5623 2312 5679 qua
2341 5608 2543 5664 dicitur
2587 5603 2782 5666 Moab:
2831 5603 3093 5660 eﬂicietur
3141 5604 3285 5659 enim
3344 5618 3365 5652 ι
3412 5601 3566 5658 labes

2009 5700 2123 5771 spei
2153 5715 2318 5767 mea;
2359 5721 2378 5753 ι
2420 5701 2524 5766 vel,
2577 5699 2876 5753 secundum
2906 5695 3194 5766 Aquilam,
3238 5713 3258 5747 ι
3295 5693 3446 5751 lebea
3479 5696 3563 5750 la-

318 5902 329 5918 ,
420 5865 464 5899 ³
493 5865 747 5935 Act.vm,
783 5869 965 5928 μ-Π.
1040 5869 1246 5930 "Psal.
1274 5887 1449 5940 van,
1489 5876 1574 5934 l9.
1650 5879 1833 5937 "Act.
1867 5879 2056 5947 mni.

1331 5889 1449 5940 tvn.
1489 5876 1574 5934 l9.
1650 5879 1833 5937 "Act.
1867 5879 2062 5947 mni.
2129 5879 2173 5912 "
2248 5877 2379 5936 ibid.
2413 5865 2464 5935 ι.
2541 5875 2748 5932 "Psal.
2785 5887 2976 5943 txmt,
3012 5873 3069 5932 ο.
