4402 6398
877 492 983 548 567

1532 492 1800 550 EUSEBII
1836 491 2307 549 CESARlENSlS
2337 492 2485 548 OPP.
2523 490 2703 545 PARS
2736 490 2822 545 lll.
2843 523 2912 532 —
2947 489 3351 546 EXEGETICA.

3974 487 4080 544 568

875 607 1022 663 vacri
1052 607 1192 674 mei;
1230 626 1249 658 ι
1283 616 1372 662 aut
1402 626 1423 659 ι
1459 609 1603 663 lebes
1639 609 1945 667 securitatis
1976 625 2125 674 meae,
2165 630 2183 662 ι
2227 625 2421 665 secun-
2447 613 2493 669 Α
2520 607 2575 677 ἢ,
2603 626 2613 660 ι

2338 625 2421 663 tn-
2447 613 2493 669 Α
2520 607 2575 677 ἢ,
2603 608 2743 661 κατά
2770 607 2859 661 τὸν
2884 607 3129 669 Ἀκύλαν,
3164 610 3181 657 ι
3204 608 3399 670 Ἰούδας
3432 577 3760 679 ἀκριϐαστής
3784 625 3881 679 μου
3898 625 3911 638 ·
3942 628 3960 661 ι
3985 606 4076 662 τὸν

872 698 1000 752 dum
1038 697 1435 768 Symmachum,
1474 700 1727 771 Ephraim
1767 717 1894 756 vero
1921 700 2289 757 fortitudinem
2319 717 2412 756 ca-

869 790 997 858 pitis
1023 790 1127 847 sui.
1161 790 1274 845 sive
1304 791 1471 846 robur
1496 792 1829 861 principatus
1858 792 1969 854 sui,
1996 792 2205 847 vocavit
2230 810 2244 845 :
2277 806 2413 860 quo-

870 881 1009 934 niam
1033 882 1124 950 qui
1144 896 1209 936 ex
1236 881 1378 936 tribu
1407 882 1660 954 prraim
1685 883 1813 937 olim
1851 886 2179 951 'regnarunt,
2218 882 2270 935 in
2317 896 2415 935 no-

868 976 981 1025 Vem
1008 978 1060 1025 et
1082 971 1361 1026 dimidiam
1419 988 1484 1027 ex
1530 973 1777 1029 tribubus
1830 972 1991 1029 Israel
2028 973 2310 1043 imperium
2356 971 2409 1025 in

867 1059 1106 1113 Samaria
1139 1048 1511 1117 obtinuerunt.

2517 699 2680 751 αὑτὸν
2704 699 2899 769 τρόπον
2924 698 3073 750 ἔσται
3099 698 3191 750 καὶ
3218 699 3250 767 ἡ
3278 697 3385 750 τῶν
3407 698 3711 766 ἀλλοφύλων
3726 697 3871 770 χώρα
3898 714 3956 751 τε
3982 700 4075 751 καὶ

2518 788 2671 851 πόλις
2723 789 2756 857 ὴ
2802 788 3108 858 καλουμένη
3152 787 3355 841 Μωάϐ·
3391 790 3674 859 γενήσεται
3727 788 3834 858 γάρ
3864 808 3881 839 ι
3914 788 4075 860 λέϐης

2514 878 2609 946 τῆς
2666 878 2874 941 ἐλπίδος
2910 896 3031 948 μου,
3070 898 3089 930 ι
3122 879 3177 950 ἢ,
3211 878 3347 931 κατά
3401 879 3491 931 τὸν
3556 877 3811 931 Ἀκύλαν·
3858 898 3877 930 ι
3914 879 4075 951 λέϐης

2515 968 2738 1039 λουτροῦ
2780 986 2880 1039 μου
2904 986 2916 999 ·
2958 989 2976 1021 ›
3010 970 3065 1040 ἢ,
3092 965 3119 1019 ἰ
3154 969 3313 1039 λέϐης
3360 969 3683 1040 ἀμεριμνίας
3717 988 3837 1040 μου,
3877 990 3895 1021 ι
3935 972 4075 1025 κατά

2513 1058 2602 1110 τὸν
2651 1058 2959 1129 Σύμμαχον.
2993 1060 3096 1113 Τὸν
3123 1059 3179 1113 δὲ
3211 1059 3459 1130 -Ἐφραῒμ
3491 1061 3817 1129 κραταίωσιν
3853 1060 3951 1131 τῆς
3982 1080 4074 1114 κε·-

863 1157 1033 1227 φαλῆς
1068 1155 1257 1214 ἑαυτοῦ
1302 1156 1597 1227 ὠνόμασεν,
1634 1156 1667 1225 ἢ
1729 1157 1878 1227 ἰσχὺν
1906 1157 2005 1227 τῆς
2032 1157 2202 1231 ἀρχῆς
2234 1153 2447 1209 ἑαυτοῦ·
2488 1153 2779 1224 ἐπειδήπερ
2805 1155 2853 1205 οἱ
2876 1156 2939 1206 ὲκ
2965 1153 3135 1223 φυλῆς
3176 1154 3408 1224 Ἐφραῖμ
3434 1152 3843 1223 βασιλεύσαντες
3900 1150 4071 1225 ἦρξάν

862 1264 987 1303 ποτε
1026 1252 1083 1305 ἐν
1113 1254 1178 1322 τῇ
1214 1250 1494 1322 Σαμαρείᾳ
1536 1248 1643 1304 τῶν
1680 1250 1833 1303 ἐννέα
1877 1252 2046 1321 ἥμισυ
2092 1250 2270 1319 φυλῶν
2297 1250 2388 1303 τοῦ
2425 1248 2655 1319 Ἰσραήλ.

930 1338 1065 1391 Cum
1094 1349 1272 1393 autem
1301 1338 1409 1392 duo
1434 1336 1653 1408 Iosephi
1684 1338 1778 1391 ﬁlii
1809 1338 2029 1400 fuerint,
2067 1338 2317 1408 Epnraim
2362 1345 2415 1393 et

862 1426 1136 1485 Manasses
1168 1448 1181 1483 :
1224 1428 1569 1499 Ephraimitae
1597 1445 1718 1485 sese
1753 1431 1821 1484 ab
1876 1428 2173 1485 Jerusalem
2226 1446 2413 1500 segre-

858 1523 1069 1582 gantes,
1102 1516 1157 1569 in
1188 1514 1452 1579 Samaria,
1487 1516 1599 1571 sive
1646 1518 1699 1571 in
1741 1519 1989 1586 praedicta
2022 1518 2248 1589 Sycbem
2295 1534 2413 1588 quae

856 1612 911 1657 ct
976 1604 1251 1671 Sichima,
1321 1608 1520 1677 regiam
1575 1609 1993 1665 constituerunt.
2052 1610 2411 1677 Quamobrem

857 1695 1059 1751 dictum
1112 1707 1233 1752 est:
1275 1715 1294 1751 ι
1338 1697 1592 1768 Ephraim
1651 1699 1912 1756 fortitudo
1967 1704 2160 1771 capitis
2199 1702 2342 1764 mei,
2388 1722 2407 1755 ι

844 1788 992 1852 ‘sive,
1032 1806 1051 1839 ι
1107 1789 1273 1843 robur
1329 1790 1662 1860 principatus
1718 1794 1844 1847 mei.
1900 1811 1917 1844 ι
1960 1792 2059 1859 Qui
2119 1801 2295 1847 autem
2345 1807 2411 1847 ex

856 1879 998 1933 tribu
1025 1879 1270 1935 Manasse
1317 1882 1555 1945 luerunt,
1598 1882 1798 1938 Galaad
1834 1883 2168 1939 obtinebant.
2233 1883 2409 1949 Quare

852 1970 1055 2025 dictum
1082 1980 1165 2026 est
1190 1991 1202 2025 :
1244 1991 1262 2023 ι
1301 1972 1447 2027 Meus
1476 1980 1559 2028 est
1580 1973 1803 2037 Galaad,
1826 1981 1881 2028 et
1910 1990 2063 2029 meus
2094 1982 2178 2030 est
2204 1973 2410 2029 Manas-

851 2076 958 2115 ses.
1000 2080 1017 2112 ι
1054 2061 1186 2115 Nam
1221 2062 1371 2117 locus
1394 2063 1595 2117 Galaad
1617 2072 1840 2120 vocatus
1860 2073 1964 2129 est,
1999 2075 2052 2121 et
2079 2066 2407 2124 habitatores

847 2149 1123 2207 Manasses
1154 2154 1405 2222 appellati
1461 2162 1609 2209 sunt.
1651 2154 1719 2209 Ut
1772 2157 1934 2226 igitur
1976 2158 2093 2219 illi,
2133 2159 2241 2221 ait,
2302 2160 2406 2215 mei

849 2241 1017 2310 fuere,
1052 2244 1260 2298 scilicet
1312 2244 1404 2298 lilii
1438 2244 1706 2310 Manasse,
1732 2246 1933 2303 Galaad
1985 2250 2280 2307 incolentes
2304 2291 2319 2313 ,
2351 2261 2405 2308 et

846 2334 938 2402 qui
979 2335 1033 2388 in
1070 2334 1325 2390 Sichimis
1365 2337 1547 2407 pepuli
1607 2336 1969 2407 principatum
2005 2348 2224 2397 tenuere
2249 2382 2264 2405 ,
2308 2343 2402 2397 lilii

847 2422 1130 2493 Ephraim;
1161 2425 1292 2494 quin
1323 2427 1485 2479 etiam
1525 2433 1583 2479 ut
1638 2427 1675 2481 ii
1735 2428 1826 2497 qui
1876 2428 1929 2483 in
1962 2430 2073 2499 ipsa
2102 2428 2401 2485 Jerusalem

846 2514 1144 2583 regnabant
1194 2529 1259 2568 ex
1319 2516 1463 2569 tribu
1511 2513 1668 2581 Juda,
1705 2519 1809 2572 mei
1846 2527 1899 2574 et
1957 2536 2088 2575 meae
2137 2522 2399 2592 portionis

843 2607 1001 2654 erant
1046 2616 1227 2671 reges;
1267 2603 1346 2657 sic
1392 2604 1682 2673 aliquando
1730 2623 1860 2663 meae
1887 2619 2045 2664 erunt
2087 2612 2400 2683 alienigena:

846 2698 1051 2758 gentes.
1099 2691 1296 2748 Omnes
1323 2709 1485 2763 porro
1529 2696 1858 2767 alienigenas
1884 2716 1979 2770 per
2004 2702 2159 2756 Moab
2185 2715 2232 2758 el
2276 2702 2399 2757 ldu-

846 2794 1031 2834 inzeam
1062 2782 1296 2848 indicat,
1350 2785 1404 2838 in
1443 2785 1654 2843 duabus
1707 2788 1816 2844 illis
1852 2792 2102 2861 gentibus
2126 2833 2140 2857 ,
2198 2794 2396 2865 quibus

846 2871 1169 2939 prohibitum
1202 2884 1319 2929 erat
1350 2876 1556 2947 ingredi
1597 2878 1652 2951 in
1672 2878 1968 2936 Ecclesiam
2004 2882 2116 2947 Dei,
2154 2887 2395 2955 reliquas

842 2976 1028 3017 omnes
1078 2978 1181 3017 una
1240 2967 1573 3034 complexus.
1647 2966 1917 3037 Scriptum
1974 2986 2207 3041 namque
2266 2984 2389 3028 est:

847 3068 864 3099 ι
900 3051 1219 3109 Ammanitae
1248 3062 1301 3107 et
1327 3054 1572 3107 Moabitae
1601 3070 1709 3108 non
1732 3054 2102 3125 ingredienlur
2122 3059 2175 3113 in
2208 3060 2393 3114 Eccle-

843 3140 976 3193 siam
1004 3135 1233 3207 Domini,
1274 3160 1445 3213 usque
1465 3144 1531 3198 ad
1564 3146 1771 3200 tertiam
1808 3153 1860 3201 et
1891 3158 2136 3217 quartam
2164 3165 2403 3219 genera-.

2582 1337 2685 1389 Δύο
2710 1338 2765 1391 δὲ
2810 1338 3012 1391 παίδων
3038 1338 3338 1408 γενομένων
3356 1338 3433 1409 τῷ
3465 1339 3679 1411 Ἰωσὴφ,
3702 1339 3795 1394 τοῦ
3836 1340 4071 1413 Ἑφραῖμ

2512 1428 2604 1479 καί
2629 1426 2721 1479 τοῦ
2747 1428 3031 1497 Μανασσῆ,
3064 1432 3108 1481 οἰ
3143 1430 3239 1499 μὲν
3267 1428 3359 1481 τοῦ
3402 1430 3657 1500 Ἐφραῖμ,
3676 1432 4069 1499 ἀποσχίσαντες

2511 1517 2607 1587 τῆς
2649 1518 3014 1589 Ἰερουσαλὴμ,
3042 1522 3097 1571 ὲν
3119 1523 3185 1590 τῇ
3209 1520 3486 1590 Σαμαρείᾳ
3507 1522 3599 1573 καὶ
3622 1524 3688 1591 τῇ
3714 1521 4067 1595 προλεχθείσῃ

2510 1608 2693 1678 Συχὲμ
2725 1612 2790 1678 τῇ
2826 1611 2919 1663 καὶ
2947 1610 3141 1679 Σίκιμα
3190 1611 3522 1681 συνέστησαν
3559 1612 3620 1664 τὸ
3663 1612 3959 1682 βασίλειον·
3988 1613 4066 1665 διὸ

2508 1698 2781 1752 λέλεκται·
2806 1717 2824 1750 ι
2866 1700 3101 1770 Ἐφραῖμ
3129 1700 3456 1771 κραταίωσις
3484 1702 3585 1769 τῆς
3618 1702 3856 1771 κεφαλῆς
3886 1720 4007 1772 μου,
4041 1724 4059 1755 ι

2507 1789 2563 1859 ἢ,
2600 1806 2617 1838 ι
2663 1790 2813 1859 ίσχὺς
2838 1790 2935 1859 τῆς
2968 1789 3139 1859 ἀρχῆς
3172 1805 3302 1857 μου’
3340 1808 3359 1839 ι
3397 1790 3443 1839 οί
3475 1787 3531 1839 δὲ
3560 1792 3624 1840 ὲκ
3662 1788 3753 1841 τοῦ
3798 1789 4063 1858 Μανασσῆ

2508 1880 2786 1949 γενόμενοι
2842 1880 2995 1950 ἔσχον
3039 1882 3138 1949 τὴν
3178 1880 3414 1933 Γαλαάδ’
3455 1880 3534 1933 διὸ
3584 1880 3822 1951 εἴρηται·
3848 1900 3866 1930 ι
3904 1881 4062 1950 Ἐμός

2438 1933 2479 1988 Β
2510 1933 2874 2035 έστιΓαλαάδ,
2903 1933 2995 2027 καὶ
3029 1933 3157 2041 Epid;
3187 1974 3300 2024 ἐστι
3329 1933 3649 2041 Μανασσῆς..⁸
3675 1933 3702 2024 ι⁸
3825 1972 3920 2041 μὲν
3953 1933 4063 2043 γὰρ

2505 2063 2665 2127 τόπος
2695 2066 2759 2116 ὲκ
2791 2066 2883 2118 τοῦ
2921 2065 3130 2119 Γαλαάδ
3162 2064 3502 2136 ἐσημαίνετο,
3528 2067 3577 2117 οἰ
3611 2065 3667 2117 δὲ
3693 2067 3967 2137 οἰκήτορες
3997 2070 4061 2121 ὲκ

2504 2153 2596 2205 τοῦ
2649 2154 2930 2224 Μανασσῆ.
2991 2150 3196 2225 ’Ὠσπερ
3239 2150 3330 2206 οῦν
3383 2148 3545 2216 οὗτοι,
3587 2156 3749 2221 φησὶ,
3777 2158 4060 2224 γεγόνασιν

2504 2244 2646 2312 ἐμοὶ,
2673 2244 2727 2296 οἵ
2748 2260 2806 2295 τε
2840 2244 2935 2314 τὴν
2958 2244 3167 2297 Γαλαὰδ
3190 2247 3505 2313 οἰκήσαντες
3530 2246 3633 2297 υἱοὶ
3661 2246 3946 2316 Μανασσῆ,
3965 2248 4060 2300 καὶ

2501 2333 2549 2383 οἱ
2596 2336 2651 2384 ὲν
2697 2334 2939 2402 Σικίμοις
2988 2333 3247 2404 ἄρξαντες
3296 2334 3390 2387 τοῦ
3428 2334 3556 2386 λαοῦ
3614 2336 3718 2387 υἱοὶ
3786 2336 4054 2407 Ἐφραῖμ’

2501 2422 2635 2475 ἀλλά
2686 2426 2778 2476 καὶ
2826 2425 2900 2487 ὼς
2949 2425 3006 2477 ὲν
3054 2426 3187 2495 αὐτῇ
3235 2428 3299 2495 τῇ
3339 2425 3687 2495 Ἰερουσαλὴμ
3723 2427 3859 2478 οἱὲκ
3887 2426 4057 2495 φυλῆς

2512 2516 2678 2568 Ἰούδα
2702 2517 3113 2585 βασιλεύσαντες
3133 2512 3271 2588 ἦσαν
3296 2519 3435 2587 ἐμοὶ,
3453 2517 3655 2586 καὶτῆς
3679 2517 3817 2587 ἐμῆς
3844 2519 4057 2588 μερίδος

2499 2607 2733 2676 βασιλεῖς
2756 2624 2768 2637 ⁸
2798 2606 2966 2671 οὕτως
3005 2609 3155 2661 ἔσται
3194 2609 3322 2661 ποτὲ
3381 2608 3488 2679 ὲμά
3534 2610 3626 2660 καὶ
3670 2610 3737 2661 τὰ
3769 2609 3872 2661 τῶν
3900 2607 4055 2661 ἀλλο-

2511 2699 2690 2766 φύλων
2737 2699 2884 2771 ἔθνη.
2937 2700 3099 2771 Δηλοί
3139 2701 3194 2753 δὲ
3241 2703 3445 2764 πάντας
3476 2701 3799 2769 ἀλλοςςύλους
3836 2700 3921 2753 διὰ
3961 2700 4053 2754 τοῦ

2502 2792 2678 2844 Μωὰϐ
2738 2792 2829 2843 καὶ
2902 2792 2991 2845 διά
3066 2792 3163 2862 τῆς
3230 2792 3548 2862 Ἰδουμαίας,
3593 2794 3656 2844 ὲκ
3710 2792 3801 2844 δύο
3852 2791 4053 2843 τούτων

2499 2886 2671 2939 ὲθνῶν
2720 2886 2828 2940 τῶν
2866 2888 3321 2958 ἀπηγορευμένων
3370 2888 3589 2939 εἰσιέναι
3638 2888 3716 2948 εἰς
3771 2887 3867 2957 τὴν
3930 2886 4053 2939 Ἑκ-

2493 2974 2722 3046 κλησίαν
2776 2975 2867 3028 τοῦ
2927 2976 3061 3029 Θεοῦ
3114 2978 3207 3029 καὶ
3236 2976 3305 3029 τά
3329 2977 3486 3029 λοιπὰ
3526 2976 3699 3029 πάντα
3750 2975 4051 3046 παραδεξά-

2494 3084 2670 3139 μενος.
2703 3069 3012 3138 Γέγραπται
3040 3068 3198 3137 γοῦν·
3234 3088 3252 3119 ι
3299 3070 3622 3137 Ἀμμανῖται
3654 3068 3743 3119 καὶ
3770 3052 4052 3120 Μωαϐῖται

2489 3162 2587 3214 οὐκ
2620 3159 3010 3213 εἰσελεύσονται
3048 3161 3128 3221 εἰς
3162 3158 3483 3230 Ἐκκλησίαν
3509 3160 3711 3231 Κυρίου
3739 3159 3843 3223 ἕως
3867 3161 4054 3229 τρίτης

844 3232 1063 3301 tionem,
1086 3243 1139 3289 et
1170 3251 1341 3305 usque
1380 3237 1435 3290 in
1482 3239 1738 3292 sarculum
1783 3240 1848 3295 “.
1880 3260 1898 3292 ι
1936 3240 2090 3296 Moab
2122 3256 2299 3298 autem
2338 3253 2392 3299 et
2417 3257 2458 3314 (ζ
2492 3252 2582 3304 καὶ

2338 3253 2392 3299 et
2417 3257 2458 3314 (ζ
2492 3252 2585 3304 καὶ
2617 3251 2879 3320 τετάρτης
2919 3250 3128 3317 γενεᾶς,
3155 3248 3247 3301 κα)⁸
3271 3248 3374 3311 ἓως
3398 3250 3475 3311 είς
3500 3249 3587 3301 τὸν
3618 3248 3807 3303 αἰῶνα.
3837 3268 3855 3300 ι
3879 3249 4050 3303 Μωάϐ

844 3324 1069 3391 Ammon
1116 3325 1210 3379 ﬁlii
1253 3325 1351 3381 Lot
1390 3327 1568 3396 luere,
1599 3345 1663 3384 ex
1699 3331 1963 3386 scelerata
2013 3333 2103 3386 illa
2160 3325 2389 3391 ﬁliarum

840 3427 1059 3468 suarum
1082 3416 1477 3482 commistione,
1510 3427 1669 3490 atque
1692 3438 1757 3477 ex
1786 3419 2118 3478 Sodomitico
2147 3427 2386 3484 semine;

838 3510 1529 3581 quorunrsuccessionem,
1569 3510 1835 3569 Moabitas
1889 3516 2142 3570 nimirum
2176 3526 2229 3572 et
2257 3518 2388 3573 Am-

784 3650 793 3658 ,
838 3585 1207 3661 ιιιοηίιειεζὶθχ
1247 3598 1446 3671 Moysis
1476 3605 1743 3672 repudiat.
1776 3606 1844 3659 At
1890 3607 1973 3662 lex
2010 3624 2249 3677 praesens
2288 3611 2388 3681 ipsi

837 3688 993 3744 Moab
1020 3690 1386 3760 pulcherrima
1441 3699 1763 3762 annuntiat,
1796 3698 2023 3755 dicens:
2066 3720 2085 3754 ι
2125 3701 2280 3758 Moab
2309 3704 2387 3759 le-

838 3780 934 3835 bes
958 3782 1071 3852 spei
1105 3798 1275 3850 mere;
1322 3804 1341 3836 ι
1378 3786 1530 3841 alteri
1561 3804 1691 3844 vero
1717 3792 1861 3861 genti
1891 3791 2033 3849 Esau
2062 3804 2197 3850 ortae
2249 3796 2389 3851 bona

834 3873 1139 3937 denuntiat,
1163 3875 1277 3929 haec
1304 3876 1568 3945 adjiciens
1601 3900 1613 3935 :
1653 3899 1670 3932 ι
1702 3883 1761 3935 In
1784 3880 2067 3939 ldumaaam
2098 3887 2386 3942 extendam

837 3962 1261 4018 calceamentum
1310 3984 1507 4024 meum.
1560 3990 1579 4023 ι
1626 3972 1856 4027 Ιίίιιιηαξιι
1904 3990 2069 4043 porro
2103 3977 2171 4031 ab
2218 3976 2386 4032 Edom

832 4068 1030 4109 nomen
1063 4057 1274 4113 sortita.
1304 4057 1404 4113 Hic
1434 4070 1551 4116 crat
1595 4062 1735 4119 Esau
1780 4065 1847 4120 de
1878 4084 1986 4137 quo
2023 4069 2226 4125 dictum
2258 4078 2340 4125 est
2370 4091 2382 4125 :

842 4166 860 4196 ι
897 4145 971 4202 Ριίε
1020 4149 1143 4218 quis
1192 4152 1457 4216 moechus,
1496 4161 1589 4208 aut
1638 4155 1918 4225 profanus,
1956 4167 2013 4214 ut
2065 4160 2207 4216 Esau
2237 4162 2302 4216 ”.
2362 4180 2379 4213 ι

836 4237 1114 4297 δειοειιια»
1150 4257 1365 4312 quoque
1403 4244 1520 4299 aliae
1572 4240 1868 4317 prophetiae
1898 4256 2087 4306 contra
2122 4248 2385 4310 idumaeas

828 4339 883 4384 et
930 4330 1217 4390 ldumaaam‘
1278 4336 1543 4393 feruntur.
1598 4337 1703 4393 Sed
1758 4340 1824 4396 iis
1886 4358 2098 4413 quoque
2146 4354 2383 4414 praesens

828 4438 1007 4478 sermo
1049 4427 1412 4495 pulcherrima
1447 4430 1763 4495 annuntiat,
1804 4432 2016 4488 dicente
2066 4433 2209 4492 Deo:
2249 4458 2268 4489 ι
2322 4440 2383 4494 ln

830 4518 1111 4576 ldumaeam
1139 4524 1421 4579 extendam
1444 4526 1863 4582 calceamentum
1902 4544 2101 4585 meum.
2134 4550 2153 4583 ι
2180 4531 2383 4591 Deinde

2489 3341 2544 3394 δὲ
2577 3342 2668 3394 καὶ
2709 3341 2920 3411 Ἀμμάν
2979 3340 3263 3407 γεγόνασιν
3318 3342 3421 3393 υἱοὶ
3474 3338 3597 3393 Λὼτ
3634 3342 3698 3392 ὲκ
3738 3343 4051 3412 παρανόμου

2492 3433 2687 3503 μίξεως
2718 3433 2826 3484 τῶν
2860 3432 3022 3486 αὑτοῦ
3057 3431 3387 3503 θυγατέρων,
3420 3432 3558 3484 ἔκτε
3580 3431 3674 3483 τοῦ
3709 3430 4051 3501 Σοδομιτικοῦ

2490 3526 2798 3597 σπέρματος
2818 3544 2829 3556 ·
2865 3518 2939 3579 ὧν
2963 3525 3061 3595 τὴν
3091 3524 3358 3595 διαδοχὴν,
3387 3524 3678 3586 Μωαϐίτας
3708 3524 3799 3576 καὶ
3840 3525 4051 3594 Ἄμμα-

2486 3617 2655 3681 νίτας,
2689 3616 3024 3686 ἀποϐλήτους
3050 3619 3277 3668 ποιεῖται
3300 3618 3327 3668 ὁ
3350 3615 3621 3679 Μωῡσέως
3648 3616 3825 3687 νόμος.
3858 3617 3993 3668 Ἀλλ’
4020 3618 4050 3671 ὁ

2488 3707 2674 3777 παρὼν
2710 3709 2871 3779 νόμος
2901 3709 2977 3779 τῷ
3014 3710 3108 3779 μὲν
3129 3708 3301 3762 Μωάὅ
3335 3707 3740 3773 εὐαγγελίζεται
3791 3708 4047 3760 κάλλιστα

2485 3798 2680 3867 λέγων’
2715 3818 2733 3850 ι
2771 3799 2964 3863 Μωάϐ,
2983 3799 3147 3867 λέϐης
3170 3798 3269 3868 τῆς
3301 3798 3510 3859 ἐλπίδος
3556 3815 3653 3867 μου
3678 3814 3692 3829 ο
3733 3818 3751 3850 ι
3791 3799 3958 3869 ἑτέρῳ
3987 3798 4045 3851 δὲ

2486 3888 2623 3942 ἔθνει
2653 3890 2729 3961 τῷ
2756 3890 2862 3943 ἀπὸ
2886 3889 2978 3942 τοῦ
3019 3888 3185 3941 Ἠσαῦ
3216 3887 3482 3956 ὑφεστῶτι
3514 3888 3580 3938 τὰ
3608 3886 3817 3957 χρηστά
3846 3887 4044 3957 σημαί-

2484 3999 2583 4046 νει,
2630 3983 2904 4054 ἐπιφέρων
2953 3981 3108 4051 ἑξῆςο
3150 3998 3167 4029 ι
3216 3980 3334 4032 Ἐπὶ
3374 3979 3474 4049 τὴν
3516 3978 3816 4048 Ἰδουμαίαν
3846 3977 4045 4032 ἐκτενῶ

2483 4075 2541 4127 τὸ
2588 4074 2838 4146 ὑπόδημά
2872 4090 2991 4144 μου.
3026 4092 3043 4123 ι
3094 4072 3357 4142 Ἰδουμαία
3400 4070 3445 4123 δ’
3500 4064 3906 4139 ὲκέκλητοάπὸ
3950 4070 4042 4122 τοῦ

2495 4164 2673 4237 Ἐδώμ
2692 4182 2705 4194 ο
2740 4159 2891 4227 οὗτος
2920 4163 2977 4217 δὲ
3004 4158 3072 4233 ἦν
3101 4165 3128 4215 ὁ
3162 4161 3326 4215 Ἠσαῦ
3358 4161 3482 4233 περὶ
3513 4154 3573 4212 οῦ
3594 4160 3837 4213 λέλεκται
3857 4175 3869 4187 ·
3899 4177 3916 4208 ι
3950 4161 4038 4228 Μή

2482 4270 2562 4317 τις
2589 4254 2805 4325 πόρνος,
2837 4254 2869 4323 ἢ
2915 4252 3157 4323 βέϐηλος,
3191 4253 3265 4316 ὡς
3302 4251 3489 4305 Ἠσαῦ,
3524 4270 3541 4302 ι
3575 4251 3777 4323 Μυρίαι
3802 4267 3862 4302 τε
3890 4248 4041 4305 ἀλλαι

2483 4348 2805 4417 προφητεῖαι
2840 4345 2979 4398 κατὰ
2998 4344 3105 4398 τῶν
3147 4346 3455 4416 Ἰδουμαίων
3483 4347 3575 4397 καὶ
3598 4346 3737 4399 κατά
3760 4345 3857 4415 τῆς
3894 4345 4041 4397 Ἰδου-

2485 4436 2647 4507 μαίας
2685 4436 2943 4508 είρηνται.
2992 4435 3125 4490 Ἀλλ’
3165 4439 3193 4489 ὁ
3226 4436 3414 4507 παρὼν
3446 4437 3613 4505 ,λόγος
3657 4436 3725 4490 τὰ
3782 4436 4039 4490 κάλλιστα

2482 4526 2575 4581 καὶ
2602 4524 2806 4589 τούτοις
2834 4526 3258 4596 εὐαγγελίζεται,
3284 4527 3528 4596 λέγοντος
3554 4528 3644 4581 τοῦ
3676 4528 3831 4583 Θεοῦ’
3864 4546 3883 4577 ι
3919 4528 4039 4581 Ἐπὶ

826 4627 954 4667 vero
983 4613 1049 4668 de
1064 4608 1306 4684 ﬁeliquis
1344 4617 1593 4687 gentibus
1636 4618 2107 4676 indiscriminatim
2152 4626 2379 4694 subjun-
2409 4608 2455 4667 Ῑ)
2480 4621 2564 4689 τὴκ

2298 4642 2379 4680 ιη-
2409 4608 2455 4667 D
2480 4621 2577 4689 τὴν
2624 4618 2921 4690 Ἰδουμαίαν
2946 4620 3147 4675 ἐκτενῶ
3179 4620 3239 4674 τὸ
3275 4621 3523 4691 ὑπόδημα
3558 4639 3677 4692 μου.
3715 4642 3734 4673 ι
3766 4618 3877 4674 Εἶθ’
3913 4620 4036 4693 ἑξῆς

828 4707 941 4771 git:
980 4723 998 4755 ι
1032 4704 1161 4760 Mihi
1183 4708 1498 4779 alienigenae
1523 4712 1721 4768 subditi
1750 4725 1897 4779 sunt,
1933 4732 1954 4766 ι
1987 4716 2121 4779 sive,
2162 4735 2181 4768 ι
2219 4719 2379 4774 amici

829 4797 955 4851 tacti
985 4804 1130 4853 sunt.
1166 4817 1185 4850 ι
1222 4798 1378 4855 Moab
1396 4816 1525 4857 vero
1558 4804 1782 4863 lebetem
1812 4807 1926 4877 spei
1948 4823 2059 4863 suae
2087 4818 2264 4875 vocat,
2284 4826 2379 4867 seu

828 4891 1050 4945 lebetem
1076 4890 1277 4945 lavacri
1316 4894 1419 4955 sui,
1454 4900 1546 4947 aut
1586 4898 1895 4954 securitatis
1945 4915 2076 4965 suae,
2107 4901 2233 4972 quia
2272 4903 2379 4958 alio

826 4980 987 5034 modo
1019 4995 1126 5040 non
1158 4981 1365 5038 licitum
1393 4986 1493 5055 ipsi
1540 4986 1751 5055 fuisset,
1790 4998 1971 5061 utpote
2011 4995 2178 5051 semel
2209 5011 2375 5067 repu-

823 5070 991 5137 diato,
1033 5072 1088 5127 in
1138 5070 1434 5129 Ecclesiam
1462 5076 1553 5133 Dei
1584 5080 1900 5145 concedere,
1933 5083 2037 5138 nisi
2080 5098 2176 5154 per
2221 5085 2373 5140 lava-

822 5176 975 5216 crum
1008 5165 1455 5231 regenerationis.
1497 5168 1683 5239 Itaque
1715 5186 1815 5227 ceu
1855 5171 1911 5226 in
1943 5172 2119 5229 lebete
2155 5171 2375 5234 ablutus

820 5260 875 5307 et
908 5260 1168 5323 purgatus
1196 5270 1226 5309 a
1260 5257 1493 5325 pristina
1550 5260 1845 5331 impietate,
1891 5264 2063 5334 gratia
2101 5265 2337 5322 donatur
2358 5310 2373 5333 ,

820 5353 983 5414 ιιηιιο
1014 5346 1086 5397 ita
1136 5348 1485 5404 securitatem
1523 5345 1751 5407 obtinet.
1785 5352 1848 5410 Et
1882 5356 1995 5411 haec
2022 5370 2185 5427 opere
2227 5374 2375 5414 como

818 5432 963 5503 pleta
993 5435 1118 5490 licet
1151 5435 1283 5505 ipsis
1309 5440 1483 5496 oculis
1513 5442 1791 5513 percipere
1832 5445 1902 5502 iis
1926 5446 2019 5517 qui
2052 5447 2106 5502 in
2132 5446 2370 5504 Arabum

816 5526 1038 5595 regione
1092 5531 1532 5600 peregrinantur,
1591 5537 1983 5594 cum-videant
2031 5538 2292 5597 Moabitas
2321 5552 2374 5597 et

818 5616 1154 5674 Ammonitas
1180 5660 1195 5682 ,
1247 5622 1337 5691 qni
1371 5638 1535 5692 penes
1567 5625 1689 5680 illos
1722 5642 1915 5697 magno
1944 5646 2172 5684 numero
2204 5641 2369 5697 sunt,

818 5704 1091 5766 Ecclesias
1136 5712 1231 5768 Dei
1285 5714 1529 5784 implere.
1598 5716 2005 5791 Similiterque,
2060 5741 2080 5774 ι
2141 5723 2199 5778 In
2244 5725 2370 5780 ldu-

817 5815 868 5855 m
921 5817 1043 5869 am,
1080 5806 1286 5878 inquit,
1334 5810 1697 5867 conscendam
1746 5814 2113 5873 calceamento
2146 5833 2297 5884 meo,
2338 5838 2355 5873 ι

906 5914 949 5944 ³⁵
991 5914 1147 5969 Deut.
1186 5930 1355 5981 χχιιι,
1392 5916 1443 5971 5.
1522 5921 1566 5952 ’⁸
1606 5918 1771 5976 Hebr.
1810 5939 1916 5987 xu,
1943 5925 2040 5994 _l6.

2481 4714 2573 4767 καὶ
2639 4712 2765 4783 περὶ
2815 4710 2922 4764 τῶν
2967 4712 3165 4766 λοιπῶν
3214 4712 3380 4765 ὲθνῶν
3407 4714 3719 4785 ἀδιορίστως
3765 4712 4035 4780 ἐπιλέγει·
4080 4767 4085 4771 ,

2488 4823 2505 4854 ι
2554 4805 2705 4875 Ἐμοὶ
2759 4804 3045 4873 ἀλλόφυλοι
3097 4804 3465 4873 ὑπετάγησαν,
3493 4824 3510 4856 ι
3548 4805 3582 4875 ἢ
3614 4828 3631 4855 ι
3670 4804 3967 4874 ὲςριλίασαν.
4010 4821 4030 4855 ι

2478 4894 2694 4965 Λέϐητα
2737 4894 2795 4947 δὲ
2833 4896 2923 4949 τὸν
2966 4895 3139 4950 Μωάϐ
3167 4894 3495 4964 τῆςνὲαυτοῦ
3538 4895 3747 4957 ἐλπίδος
3801 4892 3973 4958 καλεῖ,
3997 4893 4032 4965 ἢ

2477 4985 2674 5060 λέϐητα
2705 4986 2797 5041 τοῦ
2831 4988 3054 5061 λουτροῦ
3103 4984 3316 5049 ἑαυτοῦ,
3346 4985 3379 5058 ἢ
3411 4986 3509 5056 τῆς
3542 4985 3867 5058 ἀμεριμνίας
3904 4985 4033 5039 ἐαυ-

2477 5078 2601 5133 τοῦ’
2637 5080 2821 5151 ἐπειδὴ
2847 5081 2949 5134 οὐκ
2980 5079 3152 5141 ἄλλως
3202 5077 3327 5149 ἐξῆν
3364 5078 3529 5149 αὐτῷ,
3563 5076 3708 5143 ἅπαξ
3750 5076 4068 5153 ἀποϐλήτῳη

2478 5172 2771 5243 γενομένῳ,
2815 5176 2894 5238 εἰς
2937 5174 3034 5243 τὴν
3094 5170 3415 5240 Ἐκκλησίαν
3444 5170 3540 5224 τοῦ
3571 5168 3705 5222 Θεοῦ
3758 5168 4035 5240 παραϐάλ-

2476 5262 2605 5328 λειν,
2638 5265 2711 5336 μὴ
2740 5266 2859 5336 οὐχὶ
2885 5264 2971 5319 διὰ
2995 5262 3217 5334 λουτροῦ
3248 5260 3679 5331 παλιγγενεσίας.
3710 5261 3915 5332 ’Ὥσπερ
3938 5257 4032 5316 οὖν

2476 5355 2658 5427 λέϐητι
2692 5358 3129 5428 ἀπολουσάμενος
3165 5357 3257 5410 καὶ
3295 5354 3696 5426 ἀποκαθαρθεὶς
3720 5354 3821 5425 τῆς
3839 5355 4033 5425 προτέ-

2479 5465 2577 5519 ρας
2600 5449 2937 5513 δυσσεϐείας,
2972 5441 3315 5513 καταξιοῦται
3341 5448 3439 5517 τῆς
3475 5447 3711 5517 χάριτος,
3741 5447 3835 5501 καὶ
3860 5444 4033 5510 οὕτως

2473 5541 2799 5612 ἀμεριμνίας
2820 5540 3094 5611 τυγχάνει.
3130 5541 3238 5592 Καὶ
3269 5538 3440 5593 ταῦτα
3476 5538 3541 5590 δι’
3566 5538 3739 5609 ἔργων
3780 5553 4029 5609 κεχωρη-

2474 5636 2603 5685 κότα
2623 5633 2883 5704 πάρεστιν
2901 5631 3191 5702 ὀφθαλμοῖς
3208 5629 3559 5701 παραλαϐεῖν,
3578 5634 3644 5703 τῇ
3664 5630 3770 5684 τῶν
3787 5627 4030 5699 Ἀράϐων

2474 5726 2909 5799 ἐπιδημήσαντας
2949 5725 3119 5797 χώρα,
3163 5723 3464 5794 θεωμένους
3504 5740 3563 5775 τε
3593 5724 3718 5785 τοὺς
3755 5719 3881 5790 παρ’
3925 5718 4027 5772 ab;

2470 5825 2581 5886 τοῖς
2614 5822 2978 5894 πληθύνοντας
3020 5818 3199 5883 λαοὺς,
3238 5817 3529 5882 Μωαϐίτας
3558 5820 3649 5873 καὶ
3690 5812 4029 5889 ’Δμμανίτας
