4402 6398
331 498 433 557 509

1449 499 1950 558 COMMENTARIA
1984 503 2049 559 IN
2081 504 2416 562 PSALMOS.

3422 484 3527 572 57o

331 610 660 689 πληροῦντας
680 617 779 680 τὰς
828 616 1145 687 Ἐκκλησίας
1166 618 1261 671 τοῦ
1310 618 1462 671 Θεοῦ.
1508 620 1775 683 Ὡσαύτως
1827 620 1881 673 δέ
1912 628 1955 682 Α
1984 638 2069 678 sec

1827 620 1881 673 δέ
1912 628 1955 682 Α
1984 622 2280 678 secundum
2315 623 2717 701 Symmacnum.
2767 624 2936 693 Quam
2967 631 3091 684 item
3125 632 3523 700 praedictionem

331 709 441 774 καὶ,
479 729 496 757 ι
553 709 675 761 Ἐπὶ
701 709 1004 779 Ἰδουμαίαν
1037 710 1383 780 ἐπιϐήσομαι,
1428 713 1595 781 φησὶ,
1642 712 1719 781 τῷ
1753 713 1881 763 ύπο-

327 798 524 870 δήματί
568 816 689 870 μου,
731 818 749 851 ι
780 799 921 853 κατὰ
965 800 1055 853 τὸν
1108 800 1415 873 Σύμμαχον.
1470 802 1579 854 Καὶ
1606 802 1880 872 ταύτηνδέ

326 891 421 961 τὴν
469 889 768 962 πρόρρησιν
807 890 957 944 οὐδὲν
1000 892 1063 944 ἂν
1098 892 1182 962 εἴη
1216 892 1472 962 δυσχερὲς
1510 893 1655 957 ἰδεῖν,
1686 896 1751 963 τῇ
1774 894 1881 945 τῶν

338 983 644 1054 Ἰδουμαίων
674 985 996 1046 ἐπιστάντας
1019 982 1169 1053 χώρᾳ
1212 984 1303 1035 καὶ
1334 983 1400 1035 τὰ
1439 983 1611 1054 πλήθη
1642 984 1745 1036 τῶν
1782 984 1878 1037 αύ-

322 1074 435 1127 τόθι
464 1073 797 1145 Ἐκκλησιῶν
825 1074 915 1127 τοῦ
943 1072 1075 1126 Θεοῦ
1102 1073 1221 1142 ὕψει
1238 1074 1645 1144 παραλαϐόντας
1665 1092 1679 1105 ο
1696 1074 1770 1137 ὡς
1800 1075 1879 1145 ’μὴ

321 1165 544 1236 ὀκνῆσαί
567 1182 686 1219 τινα
716 1164 929 1236 ἀληθῶς
961 1164 1212 1217 ἐπίϐασιν
1245 1165 1522 1232 γεγονέναι
1554 1168 1667 1227 τοῖς
1698 1155 1881 1227 τόποις

319 1256 544 1319 ἐκείνοις
568 1256 917 1327 ὁμολογῆσαι.
940 1255 1037 1308 Διά
1061 1256 1124 1326 δὴ
1150 1256 1320 1309 ταῦτα
1356 1257 1609 1326 ἀνωτέρω
1636 1255 1848 1323 ἐλέγετο
1863 1272 1876 1285 ο

324 1370 343 1397 ι
403 1348 460 1400 '0
500 1348 631 1411 Θεὸς
670 1347 928 1417 ἐλάλησεν
959 1350 1016 1399 ἐν
1042 1347 1119 1417 τῷ
1153 1348 1289 1417 ἁγίῳ
1314 1348 1498 1401 αὑτοῦ·
1537 1346 1880 1415 Ἀγαλλιάσο-

320 1457 433 1507 μαι.
484 1459 503 1490 ι
530 1438 737 1492 Μέλλον
774 1438 881 1509 γάρ
916 1440 1023 1492 πᾶν
1053 1439 1115 1491 τὸ
1147 1439 1251 1491 τῶν
1285 1439 1582 1511 ἀνθρώπων
1612 1438 1764 1507 γένος
1789 1438 1880 1491 ἐπὶ

319 1522 559 1599 σωτηρίᾳ
605 1527 1006 1594 ἀνακαλεῖσθαι,
1040 1530 1351 1600 πρεπόντως
1393 1530 1553 1583 αὐτοῦ
1583 1534 1645 1599 τῇ
1691 1530 1877 1599 φιλαν-

316 1620 550 1690 θρωπία,
578 1621 858 1691 συνέχαιρε
889 1625 957 1692 τῇ
984 1621 1090 1674 τῶν
1128 1620 1444 1691 σωζομένων
1475 1622 1733 1691 σωτηρίᾳ.
1770 1621 1876 1673 Καὶ

313 1712 484 1775 ἄλλως
510 1713 567 1766 δὲ
591 1715 840 1785 ὑπόδημα
866 1714 1029 1768 αὐτοῦ
1056 1716 1153 1767 οὐκ
1182 1714 1246 1768 ἂν
1279 1714 1539 1784 ἁμάρτοις
1562 1712 1731 1782 λέγων
1751 1717 1875 1777 τοὺς

312 1803 658 1867 ἀποστόλους,
694 1806 725 1875 ἢ
758 1808 883 1869 τοὺς
914 1807 991 1869 εἰς
1031 1805 1107 1857 ἔτι
1136 1803 1293 1872 δεῦρο
1320 1803 1396 1873 τῷ
1426 1805 1551 1873 περὶ
1585 1803 1747 1857 αὑτοῦ
1777 1822 1874 1875 κη-

315 1892 546 1964 ρύγματι
577 1894 1038 1963 διακονουμένους.
1071 1892 1252 1945 Ταῦτα
1281 1886 1345 1963 ’δὴ
1364 1889 1454 1945 οὖν
1484 1893 1660 1946 πάντα
1690 1895 1873 1964 εἰργά-

1984 716 2035 768 in
2058 722 2309 784 promptu
2336 723 2419 770 est
2435 717 2752 785 completam
2776 718 2957 773 videre
2982 718 3048 772 iis
3063 720 3154 788 qui
3174 720 3227 773 in
3245 717 3527 775 Idumaeam

1980 805 2305 870 concedunt,
2341 816 2395 862 et
2449 806 2843 862 multitudinem
2895 807 3259 874 Ecclesiarum
3317 809 3412 866 Dei
3454 809 3528 865 ibi

1981 898 2354 967 conspiciunt;
2387 905 2446 951 ut
2471 906 2755 954 cunctetur
2793 914 2949 953 nemo
2984 900 3229 954 conﬁteri
3253 941 3268 965 ,
3301 917 3426 957 vere
3472 903 3528 956 in

1980 988 2095 1040 loca
2122 988 2208 1040 illa
2235 1002 2593 1043 conscensum
2624 988 2823 1043 factum
2851 1004 2990 1044 esse.
3045 987 3334 1059 Propterea
3368 1006 3530 1060 supe-

1980 1077 2095 1130 rius
2129 1076 2333 1132 dictum
2362 1088 2443 1133 est
2469 1098 2481 1132 :
2508 1098 2527 1129 ι
2564 1078 2704 1135 Deus
2735 1080 2945 1144 locutus
2973 1087 3054 1135 est
3086 1082 3141 1134 in
3172 1089 3361 1134 saneto
3391 1097 3523 1138 suo:

1980 1167 2294 1223 Exsultabo.
2328 1189 2343 1220 ι
2372 1169 2504 1224 Nam
2526 1186 2647 1225 cum
2688 1171 2979 1226 humanum
3009 1186 3175 1242 genus
3216 1172 3525 1227 universan

1979 1259 2044 1312 ad
2074 1260 2302 1314 salutem
2336 1261 2693 1315 revocandum
2713 1269 2878 1325 esset,
2909 1269 2968 1314 ut
2987 1262 3105 1329 ejus
3129 1276 3253 1331 erga
3279 1261 3528 1316 homines

1978 1349 2506 1413 amorem‘decebat,
2560 1350 2788 1404 salutem
2824 1350 2999 1405 nactis
3034 1351 3351 1419 gratulatur.
3406 1349 3524 1404 Alia

1976 1451 2155 1495 autem
2182 1440 2393 1494 ratione
2406 1440 2550 1493 .nihil
2576 1441 2798 1495 aberres
2825 1442 2870 1494 si
2909 1439 3078 1503 dicas,
3103 1442 3523 1495 calceamentum

1973 1531 2093 1599 ejus
2124 1529 2293 1583 fuisse
2318 1529 2612 1597 apostolos,
2637 1530 2749 1584 sive
2777 1531 2936 1583 etiam
2967 1530 3085 1598 ejus
3106 1532 3171 1583 ad
3195 1530 3330 1583 hanc
3352 1544 3526 1598 usque

1974 1619 2113 1674 diem
2151 1620 2553 1688 praedicationis
2613 1621 2915 1676 ministros.
2954 1620 3077 1674 Hac
3118 1621 3297 1689 itaque
3336 1622 3525 1677 omnia

1971 1724 2221 1781 operatus
2253 1721 2336 1767 est
2370 1711 2506 1767 Deus
2533 1752 2547 1775 ,
2608 1713 2823 1781 quando
2877 1714 2931 1766 in
2986 1714 3280 1768 novissimo
3313 1713 3522 1767 dierum
3582 1784 3586 1788 ι

1932 1832 1941 1841 ~
1974 1804 2186 1857 locutus
2227 1811 2312 1858 est
2344 1804 2498 1857 nobis
2536 1803 2587 1856 in
2619 1801 2818 1857 Sancto
2853 1819 2972 1857 suo.
3010 1802 3317 1858 Secundum
3360 1805 3521 1858 aliam

1974 1910 2100 1949 vero
2131 1896 2561 1963 explicationem,
2609 1896 2820 1948 locutus
2858 1895 2995 1949 Deus
3043 1897 3095 1948 in
3151 1895 3351 1948 Sancto
3390 1911 3518 1959 suo,

312 2000 441 2036 σατο
488 1986 515 2037 6
547 1985 698 2047 Θεὸς,
740 1986 827 2037 ὅτε
872 1986 957 2037 ἐπ’
997 1985 1207 2054 ἐσχάτῳ
1235 1984 1341 2035 τῶν
1372 1986 1402 2054 ή
1413 1984 1590 2055 μερῶν
1616 1984 1872 2055 ἐλάλησεν
1906 1969 1944 2020 Β
1974 2002 2050 2038 om

1785 2001 1872 2038 σεν
1906 1969 1944 2020 Β
1974 2002 2162 2042 omnes
2208 1988 2429 2040 omnino
2478 1984 2692 2039 Iudaeos
2739 1996 2791 2040 et
2825 1985 3039 2041 Graecos
3071 2026 3084 2049 ,
3142 1987 3381 2055 aliasque
3429 2002 3523 2055 per

312 2076 438 2143 ἡμῖν
470 2076 527 2126 ἐν
553 2074 631 2145 τῷ
667 2075 803 2145 ἁγίῳ
832 2073 1015 2128 αὐτοῦ.
1055 2074 1190 2126 Καθ’
1221 2074 1409 2144 ἑτέραν
1431 2074 1485 2126 δὲ
1520 2073 1742 2144 ἐκδοχὴν
1777 2075 1872 2127 λα-

308 2164 476 2234 λήσας
505 2168 533 2218 6
573 2166 704 2228 Θεὸς
730 2168 786 2218 ἐν
815 2166 892 2235 τῷ
918 2166 1056 2235 ἁγίῳ
1082 2166 1268 2227 αὐτοῦ,
1302 2165 1508 2229 πάντας
1542 2166 1872 2230 ἁπαξαπλῶς

310 2239 603 2319 ιἸουδαίους
624 2275 683 2310 τε
709 2259 801 2315 καὶ
819 2258 1103 2328 Ἔιλληνας,
1127 2258 1197 2309 τά
1209 2274 1265 2309 τε
1289 2257 1408 2310 καθ’
1431 2256 1556 2327 ὅλης
1576 2257 1675 2327 τῆς
1698 2260 1872 2310 οἰκουο

310 2345 478 2417 μένης
520 2347 645 2418 ἐθνη
679 2351 759 2411 είς
800 2348 897 2419 τὴν
932 2348 1125 2401 ἑαυτοῦ
1174 2352 1331 2419 χάριν
1368 2350 1750 2404 ἀνεκαλέσατο⁸
1791 2351 1871 2406 διὸ

306 2439 398 2489 καὶ
419 2438 515 2510 τὴν
545 2440 744 2510 Σίκιμα
763 2442 853 2493 καὶ
887 2442 976 2494 τὸν
1000 2441 1211 2494 Γαλαὰδ
1234 2442 1330 2513 (1),
1350 2442 1440 2493 καὶ
1465 2442 1554 2493 τὸν
1577 2443 1870 2511 Μανασσῆν

308 2530 400 2584 καὶ
424 2529 514 2582 τὸν
552 2531 787 2603 Ἐφραῖμ
815 2534 909 2586 καὶΙ
939 2534 1028 2586 τὸν
1074 2532 1272 2585 Ἰούδαν
1314 2534 1407 2585 καὶ
1448 2534 1539 2587 τὸν
1570 2533 1743 2586 Μωάϐ
1776 2534 1868 2586 καὶ

304 2614 413 2692 τὴν
448 2622 745 2692 Ἰδουμαίαν
800 2626 891 2677 καὶ
928 2626 1053 2687 τοὺς
1100 2625 1426 2693 ἀλλοφύλους
1467 2627 1709 2688 ἅπαντας
1743 2643 1870 2679 κατ-

305 2708 665 2781 ηριθμήσατο,
697 2710 755 2774 ἐξ
786 2710 897 2763 ίσου
931 2712 1027 2782 τῆς
1057 2713 1245 2782 ὁμοίας
1270 2713 1509 2783 κλήσεως
1532 2712 1867 2779 καταξιώσας

303 2802 448 2855 ἆπαν
478 2802 539 2855 τὸ
572 2802 677 2853 τῶν
706 2801 1002 2873 ἀνθρώπων
1033 2801 1186 2869 γένος
1209 2818 1221 2831 ·
1255 2802 1391 2872 πλὴν
1438 2803 1571 2856 ἀλλά
1621 2804 1866 2874 πρώτους

299 2894 427 2956 τοὺς
446 2891 552 2944 ἀπὸ
582 2891 674 2944 τοῦ
714 2891 925 2962 Ἰσραὴλ
965 2892 1136 2945 καλεῖ.
1181 2891 1373 2962 Ἐχρῆν
1402 2892 1507 2963 γὰρ
1534 2891 1599 2945 τὰ
1624 2897 1863 2965 πρωτεῖα

301 2985 395 3039 καὶ
423 2983 521 3045 τὰς
532 2974 797 3055 ,ἀπαρχὰς
825 2982 918 3037 τ’ςῦ
952 2982 1303 3051 εύαγγελικοῦ
1329 2984 1680 3057 κηρύγματος
1714 2986 1863 3057 πρώ-

300 3090 413 3138 τοις
440 3074 619 3137 αὐτοῖς
644 3075 933 3145 ἀπονεῖμαι
957 3074 1042 3127 διὰ
1069 3073 1165 3136 τὰς
1188 3074 1322 3144 πρὸς
1346 3077 1470 3139 τοὺς
1496 3074 1672 3128 αὐτῶν
1699 3077 1865 3131 πατέ-

302 3183 411 3237 ρας
456 3166 807 3236 ἐπαγγελίας,
843 3167 908 3219 δι’
958 3165 1024 3230 ἃς
1057 3169 1150 3220 καὶ
1175 3168 1333 3230 αὐτὸς
1360 3168 1388 3219 6
1419 3167 1604 3239 Σωτὴρ
1630 3168 1865 3240 πρώτοις

1976 2073 2283 2126 universum
2307 2073 2493 2126 orbem
2526 2081 2711 2144 gentes
2750 2073 2815 2126 ad
2851 2075 3076 2143 gratiam
3110 2089 3260 2127 suam
3296 2088 3521 2129 revoca-

1972 2165 2067 2215 vit.
2108 2161 2289 2228 Quare
2320 2160 2579 2239 Sichima,
2610 2161 2831 2229 Galaad,
2864 2163 3145 2218 Manassen
3169 2204 3184 2229 ,
3230 2162 3519 2236 Ephraim,

1969 2257 2198 2320 Judam,
2237 2257 2429 2321 Moab,
2482 2258 2768 2311 ldumaaam
2796 2297 2812 2323 ,
2862 2265 2916 2311 et
2968 2258 3293 2327 alienigenas
3335 2272 3521 2311 omnes

1970 2348 2322 2410 enumeravit,
2339 2349 2504 2403 simili
2537 2348 2816 2403 vocatione
2845 2356 3013 2401 totum
3037 2363 3205 2417 genus
3228 2348 3519 2403 humanum

1969 2455 2117 2508 aeque
2139 2439 2391 2508 dignatus
2416 2458 2429 2507 ;
2468 2440 2561 2495 sed
2592 2441 2800 2509 priores
2828 2442 2916 2509 qui
2943 2456 3006 2494 ex
3030 2440 3194 2494 Israel
3227 2446 3380 2493 erant
3410 2453 3523 2500 me-

1968 2531 2216 2583 moravit.
2256 2530 2507 2601 Oportnit
2546 2533 2691 2585 enim
2727 2531 2994 2601 primitias
3019 2531 3338 2600 evangelicae
3386 2544 3522 2601 prae-

1966 2621 2254 2677 dicationis
2284 2623 2417 2691 ipsis
2445 2622 2720 2691 impertire
2744 2661 2758 2685 ,
2812 2622 2881 2677 ob
2938 2622 3324 2692 promissiones
3354 2621 3523 2690 patri-

1966 2712 2066 2765 bus
2096 2727 2282 2765 eorum
2320 2711 2525 2773 factas,
2589 2728 2818 2781 quarum
2877 2727 3039 2767 causa
3090 2711 3334 2765 Salvator
3388 2711 3523 2780 ipsis

1965 2802 2238 2872 prioribus
2282 2802 2627 2872 Evangelium
2658 2802 3001 2870 praedicabat.
3031 2802 3142 2855 haec
3169 2800 3517 2855 testiﬁcatus:

1970 2911 1986 2942 ι
2001 2890 2115 2945 Non
2131 2892 2250 2946 veni
2268 2892 2369 2945 nisi
2388 2892 2451 2944 ad
2467 2905 2593 2943 oves
2611 2906 2726 2958 qua:
2744 2890 3016 2958 perierunt
3032 2891 3224 2943 domus
3239 2889 3399 2944 Israel
3415 2890 3480 2941 “.
3494 2909 3514 2943 ι

1963 2982 2240 3052 Apostolis
2272 2997 2486 3051 quoque
2514 2982 2628 3037 suis
2650 2980 3012 3059 praecipiebat,
3034 2989 3090 3032 ut
3126 2979 3258 3047 ipsis
3287 2980 3519 3049 primum

1966 3073 2312 3143 Evangelium
2335 3065 2906 3141 prmdicarentdicens
2932 3088 2944 3123 :
2982 3088 2999 3121 ‹
3033 3068 3089 3122 1η
3111 3071 3252 3124 viam
3278 3072 3517 3140 gentium

1965 3180 2033 3218 ne
2065 3162 2329 3226 abieritis,
2365 3170 2417 3216 et
2456 3162 2511 3215 in
2542 3162 2813 3216 civitatem
2842 3159 3305 3214 Samaritanorum
3336 3178 3405 3215 ne
3437 3163 3519 3215 in-

296 3261 480 3323 αὑτοῖς
558 3258 934 3332 εὐηγγελίζετο
1004 3261 1408 3339 μαρτυρόμενος
1487 3262 1583 3314 καὶ
1653 3261 1857 3330 λέγων’
1889 3294 1934 3354 c
1966 3266 2034 3311 tr:

1782 3280 1857 3314 ›ν’
1889 3294 1934 3354 c
1966 3257 2274 3322 traveritis;
2306 3256 2399 3331 sed
2419 3254 2490 3309 ite
2518 3255 2699 3324 potius
2716 3253 2780 3308 ad
2801 3268 2949 3317 oves,
2968 3269 3087 3322 quae
3109 3255 3403 3323 perierunt,
3423 3252 3520 3306 do-

303 3370 322 3401 ι
363 3349 477 3406 Οὐκ
502 3349 663 3423 ῆλθον
699 3354 746 3405 εί
783 3351 856 3424 μὴ
904 3352 982 3415 είς
1030 3354 1099 3406 τά
1142 3354 1389 3425 πρόϐα-τα
1433 3352 1502 3406 τὰ
1550 3352 1861 3406 ἀπολωλότα
1895 3343 1933 3354 ν
1966 3366 2038 3403 nn

1830 3370 1861 3406 α
1895 3343 1933 3354 ν
1966 3347 2343 3404 niuslsrael".
2373 3366 2390 3398 ι
2411 3345 2715 3401 Secundum
2739 3343 3520 3413 illosautemjubetdiscipulos
3565 3348 3568 3353 '

295 3441 445 3496 οίκου
476 3443 709 3514 Ἰσραήλ.
725 3462 743 3493 ›
776 3444 885 3495 Καὶ
907 3446 1019 3505 τοῖς
1040 3444 1356 3517 ἀποστόλοις
1370 3444 1425 3496 δὲ
1449 3445 1609 3498 αὐτοῦ
1628 3442 1859 3515 πρώτοις

278 3534 479 3596 ἀὐτοῖς
522 3532 814 3603 κηρύσσειν
859 3532 919 3585 τὸ
976 3534 1301 3601 Εὑαγγέλιον
1343 3531 1570 3607 παρῄνει
1608 3537 1854 3605 φάσκων·

301 3643 318 3675 ι
354 3620 446 3687 Ei;
470 3624 587 3677 ὁδὸν
611 3624 779 3678 ἐθνῶν
805 3624 877 3695 μὴ
904 3623 1191 3694 ἀπέλθητε,
1227 3624 1319 3678 καὶ
1349 3628 1428 3689 είς
1473 3626 1622 3679 πόλιν
1677 3629 1859 3697 Σαμαι-

298 3715 493 3788 ρειτῶν
528 3716 601 3787 μὴ
655 3715 929 3786 εἰσέλθητε
952 3734 965 3747 ο
996 3716 1287 3788 πορεύεσθε
1320 3716 1376 3769 δὲ
1405 3718 1600 3786 μᾶλλον
1630 3718 1763 3788 πρὸς
1789 3718 1858 3772 τὰ

294 3806 538 3878 πρόϐατα
565 3808 634 3860 τὰ
665 3806 977 3860 ἀπολωλότα
1003 3807 1149 3860 οίκου
1211 3805 1446 3880 Ἰσραήλ.
1487 3829 1507 3861 ι
1550 3805 1681 3862 Είτα
1740 3811 1856 3881 μετ’
1908 3836 1911 3839 λ

293 3899 531 3962 ἐκείνους
573 3898 899 3969 προσέταττε
942 3902 1051 3963 τοῖς
1094 3898 1286 3952 ἐαυτοῦ
1332 3900 1598 3971 μαθηταῖς
1629 3902 1860 3971 εὐαγγε-

291 3991 534 4055 λίζεσθαι
566 3990 744 4043 πάντα
770 3988 837 4043 τὰ
863 3989 986 4062 ἔθνη
1016 3994 1072 4044 ὲν
1108 3990 1186 4060 τῷ
1215 3991 1437 4061 ὀνόματι
1459 3984 1640 4045 αὐτοῦ.
1672 3992 1858 4059 υῦτως

292 4079 390 4154 οὖν
409 4083 501 4137 καὶ
531 4083 624 4136 ἐπὶ
646 4082 739 4136 τοῦ
770 4084 1033 4154 παρόντος
1060 4085 1088 4135 6
1118 4083 1227 4137 τῶν
1253 4083 1385 4136 ὅλων
1410 4082 1539 4147 Θεὸς
1558 4086 1858 4156 ἐνοικήσειν

293 4179 353 4230 ἐν
381 4173 459 4246 τῷ
493 4174 630 4245 ἁγίῳ
658 4174 846 4238 αὑτοῦ,
879 4177 935 4228 ἐν
954 4174 1101 4245 αὑτῷ
1131 4192 1191 4227 τε
1218 4174 1311 4228 καὶ
1338 4174 1401 4228 δι’
1425 4176 1584 4230 αὑτοῦ
1608 4175 1856 4248 λαλήσειν

293 4265 605 4337 ἀνθρώποις
664 4264 1005 4327 θεσπίζεται’
1062 4268 1156 4319 καὶ
1199 4266 1273 4329 ὡς
1319 4266 1451 4337 ὁμοῦ
1487 4270 1580 4322 καὶ
1624 4270 1763 4323 κατά
1797 4270 1856 4322 τὸ

291 4357 422 4409 αὐτὸ
449 4356 539 4409 τὸν
582 4356 818 4427 Ἐφραῒμ
845 4356 937 4409 καὶ
966 4356 1057 4409 τὸν
1093 4358 1389 4429 Μανασσῆν
1414 4360 1507 4412 καὶ
1534 4360 1624 4413 τὸν
1661 4360 1855 4413 Ἰούδαν

289 4447 613 4513 είσδέξεται·
676 4448 725 4500 οἳ
785 4447 948 4500 πάλαι
1003 4448 1100 4518 μὲν
1145 4443 1283 4519 ἦσαν
1341 4450 1641 4514 διεστῶτες,
1691 4452 1777 4503 ὅτε
1826 4453 1854 4503 6

292 4540 394 4611 μὲν
427 4538 625 4603 Ἰούδας
654 4538 963 4593 ἐϐασίλευεν
986 4541 1043 4592 ἐν
1075 4531 1445 4612 Ἰερουσαλὴμ,
1463 4544 1490 4595 6
1512 4542 1566 4594 δὲ
1598 4540 1849 4611 Ἐφραῖμ,

1963 3455 2091 3495 suos
2126 3438 2473 3507 Evangelium
2517 3437 2810 3507 praedicare
2862 3436 3113 3490 omnibus
3172 3436 3422 3505 gentibus
3464 3436 3518 3489 in

1961 3528 2179 3582 nomine
2206 3542 2324 3580 suo.
2353 3524 2444 3579 Sic
2468 3540 2596 3595 ergo
2613 3526 2666 3578 in
2701 3526 2951 3595 prmsenti
2975 3516 3350 3580 universorum
3376 3525 3519 3581 Deus

1961 3617 2016 3671 in
2050 3617 2249 3671 Sancto
2270 3632 2368 3671 suo
2401 3616 2767 3670 habitaturum
2798 3631 2878 3682 se,
2911 3624 3071 3686 atque
3100 3617 3153 3669 in
3187 3616 3304 3685 ipso
3342 3627 3394 3669 et
3422 3631 3470 3684 pi
3492 3630 3519 3670 ι’

1960 3709 2138 3778 ipsum
2170 3708 2477 3763 locuturum
2505 3722 2625 3762 esse
2646 3708 2957 3762 hominibus
2975 3709 3329 3761 vaticinatur":
3360 3715 3412 3760 et
3441 3708 3518 3761 ait

1961 3812 2021 3853 se
2064 3795 2225 3852 simul
2257 3797 2566 3866 pariterque
2594 3794 2870 3866 Ephraim,
2901 3778 3183 3850 Manassen
3227 3802 3281 3848 et
3320 3793 3516 3848 Judam

1963 3896 2316 3958 excepturum
2353 3902 2513 3955 esse;
2548 3889 2640 3959 qui
2685 3889 2812 3941 olim
2842 3887 3055 3956 quidem
3106 3887 3285 3942 dissiti
3317 3897 3514 3949 erant,

1959 3980 2178 4052 quando
2203 3978 2341 4034 Juda
2362 3980 2621 4052 regnabat
2643 3981 2695 4034 in
2723 3972 3043 4043 Jerusalem,
3067 3977 3319 4048 Ephraim
3343 3980 3399 4033 in
3431 3977 3518 4035 Si-

1960 4072 2154 4127 ehimis
2186 4080 2239 4125 et
2262 4071 2529 4141 Samaria,
2552 4071 2827 4127 Manasses
2856 4084 2980 4125 vero
3011 4070 3287 4146 habitabat
3324 4072 3380 4125 in
3406 4069 3514 4125 Ga-

1960 4166 2098 4221 laad.
2136 4162 2208 4220 Ut
2236 4160 2389 4220 nullo
2430 4166 2597 4236 igitur
2626 4163 2850 4218 ulterius
2884 4162 3197 4218 discrimine
3253 4163 3516 4221 interces-

1959 4274 2109 4325 suro,
2138 4259 2396 4329 nullaque
2426 4260 2564 4312 inter
2592 4271 2685 4310 eos
2715 4255 3077 4325 discrepantia
3102 4242 3329 4320 futura,
3365 4257 3514 4325 ipsus
3613 4317 3620 4325 ι

1958 4351 2167 4419 priores
2232 4350 2496 4417 advocat;
2554 4347 2745 4402 deinde
2800 4345 3101 4412 Moabitas,
3153 4347 3513 4411 Ammonitas,

1958 4444 2246 4510 Idumaeos,
2278 4455 2612 4512 canet-osque
2645 4442 2891 4495 homines
2923 4454 3146 4512 omnes,
3199 4439 3512 4501 universum

1957 4536 2142 4591 orbem
2172 4536 2491 4590 incolentes.
2524 4532 2597 4584 Ex
2638 4531 2862 4586 historia
2900 4506 3511 4599 porMangeliorum

288 4634 347 4684 ἐν
378 4630 623 4701 Σικίμοις
656 4632 747 4685 καὶ
775 4630 1079 4702 Σαμαρείᾳ,
1113 4633 1142 4684 6
1185 4632 1241 4684 δὲ
1267 4632 1559 4702 Μανασσῆς
1588 4630 1719 4701 ᾤκει
1751 4633 1849 4702 τὴν
1882 4635 1922 4687 D
1952 4627 2026 4681 edi

1773 4633 1849 4702 τὴν
1882 4635 1922 4687 D
1952 4627 2184 4690 ediscas,
2224 4642 2330 4696 quo
2357 4628 2608 4693 tempore?
2634 4620 2865 4676 Sanctus
2899 4621 2985 4675 Dei
3034 4624 3089 4674 in
3134 4619 3387 4675 Sichimis
3418 4635 3511 4690 pe-

286 4723 516 4778 Γαλαὰδ.
566 4725 651 4786 Ὠς
683 4724 877 4793 μηκέτι
905 4723 1082 4775 τοίνυν
1106 4720 1429 4794 ἀφορισμοῦ,
1470 4725 1602 4792 μήτε
1629 4720 1847 4774 διαστά-

274 4800 427 4879 σεως
457 4812 622 4885 οὔσης
663 4815 720 4866 ἐν
751 4813 951 4876 αὐτοῖς,
979 4811 1225 4883 πρώτους
1261 4813 1454 4873 αὑτοῦς
1489 4809 1812 4863 εἰσκαλεῖται
1834 4827 1847 4842 ο

285 4902 405 4959 εἶτα
436 4904 731 4968 Μωαϐίτας
764 4904 859 4957 καὶ
899 4903 1252 4973 Ἀμμανίτας,
1296 4901 1619 4970 Ἰδουμαίους
1653 4918 1711 4953 τε
1757 4903 1851 4955 καὶ

285 4999 414 5060 τοὺς
443 4997 660 5061 λοιποὺς
690 4996 936 5059 ἅπαντας
966 4994 1283 5065 ἀνθρώπους
1312 4996 1435 5057 τοὺς
1461 4992 1727 5062 καθἠὅλης
1753 4997 1852 5067 τῆς

286 5087 609 5158 οἰκουμένης
632 5073 930 5148 οἰκοῦντας.
963 5083 1197 5147 Γνώσεις
1223 5085 1268 5137 δ’
1297 5084 1372 5137 ἂν.
1393 5086 1455 5136 ἐκ
1479 5083 1577 5152 τῆς
1614 5086 1852 5156 ἱστορίας

282 5176 395 5229 τῶν
422 5176 788 5248 Εὑαγγελίων,
821 5179 968 5240 ὅπως
1008 5174 1130 5229 καθ’
1154 5174 1245 5237 οὓς
1276 5176 1494 5247 χρόνους
1524 5178 1550 5228 6
1584 5174 1734 5244 ἆγιος
1755 5176 1848 5229 τοῦ

285 5266 420 5321 Θεοῦ
452 5268 547 5330 καὶ
580 5273 692 5334 τοῖς
724 5270 969 5340 Σικίμοις
1023 5268 1300 5340 ἐπεδήμει,
1333 5269 1424 5322 καὶ
1480 5267 1619 5339 αὑτῇ
1667 5269 1849 5340 Σαμα-

1955 4719 2355 4789 regrinabatur,
2389 4723 2441 4769 et
2461 4716 2517 4769 in
2539 4716 2653 4786 ipsa
2684 4714 2945 4775 Samaria,
2970 4728 3179 4768 necnon
3201 4712 3255 4766 in
3290 4710 3512 4767 Jerusa.

1956 4812 2082 4877 lem,
2112 4810 2360 4866 Israelem
2408 4817 2523 4861 tum
2574 4807 2920 4877 conjunctum
2951 4806 3154 4869 fuisse,
3202 4803 3511 4875 nullamque

1955 4901 2330 4967 intercessisse
2358 4898 2825 4965 divisionem;.sic
2847 4896 2900 4954 et
2932 4900 3204 4977 apostolos
3239 4888 3367 4953 snas
3399 4898 3511 4966 pri-

1957 5010 2044 5048 m0
2104 4995 2167 5047 ad
2217 5007 2345 5047 oves
2377 5006 2498 5061 qua:
2549 4992 2819 5062 perierant
2870 4991 3065 5057 domus
3112 4991 3275 5045 Israel
3320 4990 3507 5051 misit;

1959 5094 2142 5157 postea
2171 5092 2370 5149 autem,
2408 5083 2599 5139 iisdem
2636 5099 2766 5139 usus
2792 5098 2890 5137 ceu
2920 5082 3332 5157 calceamentis,
3382 5083 3506 5135 uni-

1954 5155 2172 5246 versum
2201 5173 2483 5230 hominum
2526 5190 2694 5247 genus
2746 5174 2969 5231 salutari
3026 5155 3225 5244 gratia.
3256 5172 3508 5244 dignatus

1952 5272 2055 5320 ρει.

290 5362 433 5432 ρείᾳ,
461 5363 527 5432 τῇ
555 5378 616 5413 τε
652 5362 1020 5435 Ἰερουσαλὴμ,
1048 5362 1322 5432 ήνωμένου
1376 5359 1496 5413 τότε
1528 5360 1621 5412 τοῦ
1656 5361 1890 5433 Ἰσραὴλ,
1948 5358 2055 5423 καὶ,
2092 5357 2359 5428 μηδεμιᾶς
2389 5356 2554 5428 οὔσης
2588 5358 2643 5409 ἐν
2676 5356 2823 5427 αὐτῷ
2853 5356 3214 5423 διαστάσεωςξ
3262 5353 3402 5407 οὕτω
3447 5355 3504 5408 δὲ

287 5454 541 5518 καὶτοὺς
590 5454 783 5507 ἑαυτοῦ
810 5454 1137 5518 ἀποστόλους
1162 5455 1297 5526 πρὸς
1327 5453 1395 5507 τὰ
1434 5451 1678 5524 πρόϐατα
1709 5452 2018 5506 ἀπολωλότα
2065 5450 2211 5503 οἴκου
2265 5449 2476 5522 Ἰσραὴλ
2529 5451 2586 5503 ὲν
2634 5447 2895 5520 πρώτοις·
2948 5448 3304 5518 διεπέμπετο·
3370 5450 3507 5518 μετὰ.

266 5545 343 5599 ,δὲ
363 5543 553 5607 ταῦτα,
568 5546 679 5606 τοῖς
694 5546 874 5609 αὐτοῖς
907 5545 1096 5618 ὥσπερ
1122 5548 1424 5617 ὑποδήμασι
1457 5544 1755 5617 χρώμενος,
1773 5546 1835 5599 τὸ
1849 5538 2061 5599 πάντων
2077 5542 2377 5617 ἀνθρώπων
2404 5544 2556 5613 γένος
2584 5544 2681 5615 τῆς
2710 5541 2972 5613 σωτηρίου
2990 5541 3242 5612 κατηξίου
3264 5539 3523 5612 χάριτοςι

368 5659 387 5691 ί
423 5639 517 5703 τίς
549 5637 744 5703 ἀπάξει
779 5657 846 5705 με
868 5643 947 5705 είς
973 5643 1124 5696 πόλιν
1152 5642 1441 5714 περιοχῆς;
1475 5641 1507 5713 ἢ
1543 5642 1627 5703 τίς
1657 5643 1853 5714 ὁδηγή-

290 5729 371 5787 σει
409 5749 475 5803 με
507 5730 609 5801 ἓως
642 5731 737 5800 τῆς
795 5731 1124 5807 Ἰδουμαίας;
1159 5735 1291 5805 Οὐχὶ
1336 5734 1399 5786 σὺ
1452 5733 1481 5785 6
1524 5731 1653 5795 Θεὸς
1684 5736 1711 5787 6
1745 5735 1850 5787 ἀτι-

364 5845 408 5875 ’⁸
446 5843 638 5897 Matth.
676 5860 767 5905 xv,
800 5844 891 5897 25.
967 5847 1008 5877 '7
1045 5844 1233 5900 Matth.
1270 5862 1325 5907 Χ,
1362 5844 1519 5931 5,6.\

2031 5637 2197 5695 Vens.
2234 5643 2320 5695 il.
2380 5660 2398 5691 ι
2431 5636 2562 5707 Quis
2590 5642 2816 5697 abducet
2845 5654 2930 5692 me
2955 5638 3007 5691 in
3031 5639 3309 5700 civitatem
3327 5637 3501 5689 muni-

1957 5732 2107 5787 tam?
2140 5741 2234 5787 aut
2270 5714 2402 5804 .quis
2441 5716 2668 5791 deducet
2728 5749 2811 5787 me
2859 5746 3031 5802 usque
3058 5718 3121 5783 ‘in
3180 5716 3493 5783 Idumam"

361 5957 438 6023 (ιι
472 5956 588 6025 τὴν
620 5944 835 6012 Σίνέυαα
856 5957 953 6012 καὶ
983 5960 1085 6014 τιῖν
1110 5959 1368 6035 Γαιίαιὲὂ.
1410 5959 1569 6019 Forte
1602 5961 1665 6017 τὰ
1691 5962 1748 6017 Σ.
1781 5979 1831 6015 κ.
1871 5962 1964 6034 τὴν
1990 5960 2046 6014 Γ.
2071 5958 2197 6014 En";
